4054 6152
479 257 588 314 850

1721 254 1781 308 S.
1822 251 1859 305 G
1872 252 2148 308 RECURII
2199 254 2494 309 NYSSENI

3618 257 3724 314 860

477 384 628 439 enim
656 383 747 452 qui
781 397 889 437 non
925 389 1009 437 cst
1043 380 1235 446 fortis,
1265 379 1492 434 timidus
1522 389 1645 442 est;
1683 378 1775 449 qui
1813 394 1922 433 non
1957 379 2048 448 ju-

2157 378 2228 448 μὴ
2274 380 2473 446 ἀγαθὸς
2514 380 2776 450 πρᾶδηλον
2833 380 2943 449 ἔχει
3003 380 3062 434 τὸ
3106 374 3569 449 ἁντιφωνούμενον
3599 378 3724 431 δνο-

482 484 631 535 stus,
676 476 953 543 injustas;
997 474 1089 543 qui
1129 488 1234 526 non
1268 474 1524 541 sapiens,
1561 488 1751 528 amens
1794 480 1919 527 est:
1969 473 2050 525 sic

479 570 571 639 qui
603 583 709 620 non
754 568 929 622 bonus
953 607 965 627 ,
1004 566 1355 636 perspicuum
1397 575 1481 620 est
1524 566 1667 635 quod
1706 580 1773 620 ex
1822 567 2051 619 adverso

480 656 818 725 respondens
849 656 1010 709 habet
1043 670 1240 708 nomen
1270 672 1285 709 :
1329 656 1395 708 ad
1445 658 1590 724 quod
1626 655 1904 726 Unigeniti
1951 671 2050 709 no-

478 746 682 799 tionem
718 745 1013 799 extrudere
1046 744 1249 799 Christi
1283 754 1627 814 oppugnator
1658 746 1927 798 violentus
1963 746 2046 797 ni-

481 838 616 890 titur
639 855 652 890 :
684 836 824 891 alius
848 836 1063 899 Manes,
1090 837 1171 891 vel
1204 834 1543 890 Barde'sanes
1564 836 1821 890 Ecclesiae
1847 836 2045 890 factus.

481 926 606 982 Haec
640 936 767 983 sunt
798 928 852 981 in
884 928 1081 997 quibus
1116 929 1252 981 nihil
1290 944 1414 982 esse
1449 936 1697 981 nostrum
1737 943 2044 983 sermonem

478 1019 713 1073 dicimus
739 1020 955 1074 silentio
981 1020 1362 1073 ellieaeiorem.
1396 1019 1610 1073 lntlnita
1637 1020 1760 1089 quis
1791 1021 2049 1089 prolocu-

479 1121 606 1177 tus,
656 1112 861 1181 quique
910 1126 1101 1165 omnes
1148 1110 1604 1166 ratiocinationes
1650 1111 2044 1175 commoverit,

480 1203 613 1256 nihil
643 1204 751 1257 tale
780 1203 847 1255 ad
875 1203 1286 1257 accusationem
1319 1203 1558 1265 dixerit,
1601 1204 1766 1272 quale
1817 1204 1886 1257 ab
1937 1203 2046 1258 illis

480 1294 615 1363 ipsis
640 1295 807 1347 libere
839 1292 1183 1361 prazdieatur.
1209 1290 1351 1357 Quid
1375 1292 1521 1346 enim
1548 1292 1613 1344 ad
1642 1292 2043 1361 improbitatem

479 1385 605 1453 quis
684 1384 950 1438 invenerit
1001 1384 1180 1436 acrius
1241 1397 1404 1452 quam
1457 1397 1658 1451 negare
1692 1383 1891 1436 bonum
1926 1397 2048 1437 esse

479 1488 603 1529 eum
627 1473 731 1542 .qui
763 1473 816 1526 in
851 1472 1023 1525 forma
1058 1470 1149 1525 Dei
1182 1478 1295 1535 est,
1325 1471 1531 1541 quique
1558 1486 1665 1525 non
1702 1478 1785 1526 est
1815 1471 2047 1524 arbitra-

480 1574 568 1620 tus
600 1565 846 1635 rapinam
876 1579 1000 1618 esse
1029 1563 1137 1618 Deo
1170 1564 1432 1631 aequalem
1460 1563 1481 1614 ?
1507 1562 1600 1616 sed
1632 1562 1724 1631 qui
1763 1563 1829 1615 ad
1869 1562 2050 1615 humi-

481 1658 690 1710 Iitatem
743 1651 953 1708 natura:
1006 1655 1256 1707 humanae
1304 1652 1682 1714 descenderit,
1735 1652 1900 1721 idque
1950 1666 2048 1721 pro

2161 488 2267 537 μα·
2328 472 2461 539 πρὸς
2512 472 2539 524 ὃ
2596 472 2693 541 τὴν
2738 472 2829 524 τοῦ
2883 472 3219 539 Μονογενοῦς
3268 470 3474 523 ἔννοιαν
3503 468 3725 535 ἐξωθεῖν

2152 563 2179 614 ὁ
2215 562 2578 630 χριστομάχος
2630 561 2903 630 βιάζεται·
2959 560 3115 623 ἄλλος
3158 562 3380 630 Μάνης,
3428 560 3460 629 ἢ
3513 560 3726 629 Βαρδη-

2146 649 2318 718 σάνης
2374 654 2440 719 τῇ
2499 648 2793 720 Ἐκκλησία
2844 650 3142 719 γινόμενος,
3201 649 3385 703 Ταῦτά
3450 648 3596 701 ἐστιν
3666 650 3727 700 ἐν

2152 737 2231 805 οἷς
2288 743 2439 795 οὐδὲν
2471 744 2564 796 τὸν
2620 742 2778 810 λόγον
2810 743 2967 812 ἡμῶν
3000 739 3137 794 εἷναί
3168 759 3343 811 φαμεν
3380 741 3477 809 τῆς
3510 741 3728 809 σιωπῆς

2152 835 2551 906 ἐνεργέστερον.
2580 835 2766 906 Μυρία
2791 852 2871 897 τις
2898 832 3063 886 εἰπὼν
3098 834 3189 885 καὶ
3212 834 3416 895 πάντας
3433 833 3727 900 λογισμοὺς

2150 928 2481 995 ἀνακινήσας
2531 926 2629 979 οὐκ
2668 927 2733 979 ἂν
2778 927 2920 978 εἴποι
2962 924 3200 977 τοιοῦτον
3258 926 3335 986 εἰς
3389 923 3727 993 κατηγορίαν

2149 1021 2319 1085 οὐδὲν,
2351 1015 2459 1071 οἷον
2496 1019 2623 1089 παρ’
2654 1018 2833 1070 αὐτῶν
2868 1019 3089 1071 ἐκείνων
3121 1020 3177 1069 ἐν
3210 1018 3486 1087 παρρησίᾳ
3518 1015 3728 1085 κηρύσ-

2152 1128 2325 1164 σεται.
2362 1111 2425 1162 Τί
2454 1112 2560 1182 γὰρ
2587 1113 2651 1166 άν
2689 1129 2767 1174 τις
2813 1110 2949 1178 πρὸς
2984 1109 3177 1162 κακίαν
3206 1108 3352 1179 εὖροι
3376 1109 3724 1178 πικρότερον,

2149 1202 2181 1273 ἢ
2202 1201 2263 1254 τὸ
2292 1202 2365 1271 μὴ
2387 1201 2563 1269 λέγειν
2586 1200 2787 1269 ἀγαθὸν
2803 1195 2940 1253 εἶναι
2962 1200 3051 1252 τὸν
3085 1201 3142 1251 ὲν
3171 1200 3348 1268 μορφῇ
3379 1198 3512 1250 Θεοῦ
3548 1199 3729 1268 ὑπάρ-

2148 1311 2331 1363 χοντα,
2368 1294 2460 1344 καὶ
2496 1293 2592 1362 οὐχ
2652 1292 2943 1363 ἁρπαγμὸν
2985 1292 3331 1361 ἡγησάιλενον
3370 1290 3430 1341 τὸ
3462 1286 3598 1342 εἶναι
3631 1286 3728 1344 ἶσα

2149 1384 2305 1454 Θεῷ,
2340 1385 2453 1437 ἀλλ’
2482 1385 2575 1438 ἐπὶ
2628 1384 2691 1436 τὸ
2738 1383 2993 1437 ταπεινὸν
3035 1384 3133 1451 τῆς
3167 1381 3508 1452 ἀνθρωπίνης
3557 1397 3729 1435 κατα-

2148 1474 2317 1529 ϐάντα
2355 1476 2597 1544 φύσεως,
2625 1474 2714 1528 διὰ
2745 1474 2912 1544 μόνην
2949 1472 3357 1544 φιλανθρωπίαν
3378 1471 3535 1525 τοῦτο
3562 1474 3727 1542 ποιή-

2153 1586 2319 1621 σαντα
2347 1584 2360 1631 ;
2404 1569 2548 1619 Ἀντὶ
2602 1566 2747 1630 τίνος
2794 1560 2907 1632 οὖν,
2953 1565 3074 1619 εἰπέ
3103 1583 3211 1634 μοι,
3242 1565 3411 1617 ταῦτα
3433 1565 3514 1635 τῷ
3536 1565 3729 1636 Κυρίῳ

2151 1660 2560 1726 ἀνταποδίδοτε;
2603 1662 2876 1731 χρήσομαι
2908 1660 3016 1728 γὰρ
3048 1662 3113 1730 τῇ
3140 1659 3419 1719 Μωῦσέως
3438 1658 3574 1728 πρὸς
3598 1660 3729 1721 τοὺς

479 1750 597 1823 sola
628 1763 725 1803 sua
758 1747 813 1800 in
847 1762 1018 1815 genus
1048 1746 1347 1798 humanum
1391 1743 1773 1799 benevolentia
1821 1743 1924 1795 hoc
1968 1742 2049 1797 fe-

2165 1751 2497 1822 Ἰσραηλίτας
2519 1729 2704 1823 φωνῇ..
2727 1729 3074 1819 Οὖκάγαθὺς,
3103 1729 3252 1815 ὅστις
3266 1768 3324 1804 σε
3346 1752 3491 1805 κόνιν
3518 1753 3729 1821 ἄψυχον

478 1841 616 1895 cerit
635 1840 657 1892 ?
675 1838 845 1907 Cujus
872 1837 1153 1906 causa,dic
1181 1832 1461 1899 mihi,h:ec
1484 1834 1714 1888 Domino
1742 1833 1969 1889 redditis
1997 1833 2051 1885 ’ξ’

480 1940 604 1984 utar
628 1930 772 1985 enim
804 1928 1017 1984 Moseos
1046 1928 1112 1981 ad
1141 1927 1421 1982 lsraelitas
1451 1940 1603 1981 voce.
1664 1926 1783 1980 Non
1834 1926 2011 1979 bonus
2032 1963 2047 1986 ,

479 2022 572 2091 qui
610 2031 661 2077 te
688 2036 815 2075 cum
857 2020 1033 2091 pulvis
1083 2019 1366 2074 inanimus
1406 2032 1595 2081 esses,
1639 2017 1827 2071 divina
1878 2016 2048 2070 forma

476 2122 854 2176 exornatum,
915 2111 1213 2165 animatam
1276 2110 1569 2178 imaginem
1631 2122 1745 2163 suae
1799 2108 2052 2176 potentiae

476 2206 694 2259 erexit?
747 2202 864 2256 Non
928 2203 1105 2256 bonus
1160 2201 1253 2270 qui
1304 2210 1532 2269 propter
1586 2208 1637 2254 te
1684 2199 1859 2253 [entia
1908 2199 2048 2254 servi

479 2303 698 2364 sumpta
722 2334 736 2358 ,
773 2302 825 2348 et
859 2309 957 2363 pro
988 2291 1192 2362 gaudio
1227 2299 1526 2360 praesente,
1563 2290 1641 2342 tui
1673 2291 1883 2358 peccati
1918 2289 2052 2343 aﬂli-

478 2389 693 2442 ctiones
721 2394 776 2440 et
811 2386 1093 2439 cruciatus
1124 2384 1419 2447 abstersit,
1457 2392 1511 2436 et
1541 2397 1637 2451 pro
1670 2392 1761 2435 tua
1792 2390 1966 2435 morte
1995 2396 2052 2437 se

477 2481 713 2550 pretium
744 2480 922 2542 dedit,
958 2485 1012 2533 et
1047 2492 1147 2548 pro
1179 2478 1337 2531 nobis
1372 2477 1719 2530 maledictum
1754 2475 1868 2529 sive
1894 2488 2051 2529 exse-

477 2573 657 2627 cratio
688 2579 743 2627 et
770 2578 1055 2640 peccatum
1094 2568 1272 2623 factus
1300 2566 1428 2622 est?

555 2663 735 2734 Neque
774 2662 1015 2717 Marcion
1062 2669 1371 2715 vestrorum
1416 2661 1760 2715 decretorum
1813 2673 2048 2727 praeses,

479 2770 578 2809 vos
611 2755 667 2807 in
698 2754 801 2806 hac
832 2761 990 2820 parte
1018 2749 1420 2812 emendaverit,
1453 2749 1543 2803 cui
1571 2764 1694 2802 cum
1727 2757 1906 2803 vestra
1934 2763 2053 2803 sen-

480 2847 651 2898 tentia
683 2842 993 2897 communis
1042 2849 1127 2896 est
1173 2840 1399 2894 deorum
1452 2839 1719 2904 dualitas,
1765 2854 2052 2895 commune

479 2939 645 2995 etiam
695 2938 924 2991 alterum
977 2937 1046 2990 ab
1100 2937 1273 2989 altero
1317 2934 1619 2988 secundum
1664 2943 1914 2987 naturam
1949 2932 2053 2986 dif-

480 3028 649 3091 ferre,
686 3036 897 3096 putare.
944 3025 1049 3081 Sed
1080 3028 1183 3080 hoc
1237 3027 1532 3080 humanius
1575 3034 1694 3085 est,
1746 3025 1889 3092 quod
1944 3023 2050 3078 Deo
2077 3061 2120 3120 α

485 3118 770 3188 Evangelii
806 3118 1103 3172 bonitatem
1134 3118 1427 3183 attribuit;
1462 3134 1557 3172 vos
1584 3125 1767 3171 autem
1800 3115 2053 3185 unigeni-

480 3217 596 3262 tum
656 3208 823 3263 Deum
874 3224 903 3261 a
955 3209 1083 3263 boni
1139 3219 1333 3263 natura
1386 3209 1709 3272 secernitis,
1769 3215 1831 3261 ut
1888 3208 2051 3261 etiam

482 3301 665 3369 ipsum
697 3300 1026 3355 Marcioncm
1058 3300 1332 3371 dogmatis
1380 3301 1550 3355 vestri
1606 3300 1870 3369 pravitate
1917 3313 2054 3368 prte-

479 3393 709 3448 cedatis.
747 3392 851 3447 Sed
887 3410 982 3446 sua
1016 3394 1220 3462 scripta
1248 3392 1590 3453 defendunt,
1640 3399 1693 3446 et
1746 3398 1947 3459 negant
1994 3406 2053 3445 se

480 3484 623 3553 justa
660 3486 865 3552 perpeti
888 3524 902 3548 ,
934 3483 1062 3536 dum
1101 3498 1197 3551 pro
1229 3483 1407 3536 verbis
1446 3482 1747 3550 Scriptum
1782 3496 2053 3535 accusan-

481 3584 592 3628 tur.
634 3574 813 3643 lp‘sum
845 3574 990 3626 enim
1024 3579 1281 3626 asserunt
1314 3571 1601 3625 Dominum
1626 3572 1835 3626 dixisse
1862 3589 1876 3626 :
1913 3571 2053 3625 Nut-

480 3664 565 3715 lus
591 3664 753 3715 bonus
780 3673 857 3715 est
881 3663 984 3715 nisi
1005 3678 1141 3715 unus
1166 3661 1357 3716 Deus’.
1386 3661 1524 3732 Ergo
1548 3677 1615 3717 ne
1636 3661 1900 3717 adversus
1916 3661 2056 3716 divi-

482 3767 554 3807 na
582 3752 748 3806 verba
776 3753 1049 3806 calumnia
1073 3753 1180 3806 vim
1208 3753 1404 3807 habeat
1422 3793 1437 3817 ,
1464 3754 1643 3824 ipsum
1680 3755 2053 3824 evangelicum

368 3836 371 3841 ’
482 3859 792 3899 sermonem
843 3844 1079 3899 breviter
1127 3845 1530 3916 dispeseamus.
1591 3844 1854 3901 Juvenem
1908 3846 2055 3900 hunc

483 3936 637 3989 novit
668 3935 896 3989 historia
931 3935 1156 3989 divitem
1177 3975 1191 4000 ,
1225 3936 1292 3991 ad
1320 3953 1479 4006 quem
1522 3938 1662 3992 hanc
1693 3952 1879 3992 vocem
1917 3936 2056 3991 dixit

484 4026 753 4080 Dominus
779 4044 789 4077 :
817 4026 1013 4094 opinor
1045 4026 1192 4080 hunc
1222 4026 1393 4081 fuisse
1420 4028 1659 4097 aliquem
1690 4028 1786 4096 qui
1815 4028 1902 4082 his
1930 4027 2058 4082 vitae

483 4116 791 4171 commodis
840 4117 1083 4185 jucunde
1141 4117 1437 4180 frueretur,
1497 4119 1700 4187 quique
1748 4133 1879 4173 suas
1922 4133 2055 4187 opes

484 4215 734 4274 amaret;
792 4208 973 4277 ipsum
1020 4207 1165 4263 enim
1232 4208 1479 4265 doluisse
1540 4208 1828 4279 Scriptura
1886 4217 2057 4265 testa-

484 4306 577 4356 tur
636 4299 703 4353 ad
757 4299 1052 4354 consilium
1098 4298 1474 4354 derelictionis
1530 4300 1883 4368 divitiarum,
1917 4317 2057 4372 quas

2151 1843 2279 1896 δντα
2306 1842 2529 1895 Θεοειδεῖ
2573 1842 2761 1896 κάλλει
2785 1843 3231 1914 κατακοσμήσεις,
3276 1844 3515 1914 ἔμψυχον
3540 1844 3728 1896 εἰκόνα

2150 1934 2248 2003 τῆς
2286 1933 2477 1987 ἑαυτοῦ
2532 1934 2811 2004 δυνάμεως
2851 1936 3226 2004 άνεστήσατο;
3273 1937 3385 1989 Οὐκ
3430 1935 3652 2003 ἀγαθὸς,
3698 1937 3729 1989 6

2150 2026 2239 2079 διὰ
2268 2027 2327 2079 σὲ
2364 2027 2574 2098 μορφὴν
2599 2027 2781 2081 δούλου
2799 2026 3001 2091 λαϐὼν,
3022 2029 3118 2082 καὶ
3150 2030 3271 2082 ἀντὶ
3303 2029 3400 2099 τῆς
3429 2028 3727 2099 προκειμέο

2152 2136 2248 2189 νης
2276 2117 2419 2188 αὐτῷ
2444 2121 2613 2190 χαρᾶς
2643 2118 2712 2171 τὰ
2745 2118 3043 2189 παθήματα
3072 2118 3169 2188 τῆς
3195 2120 3292 2188 σῆς
3308 2116 3583 2188 ἁμαρτίας
3595 2119 3729 2171 ἀνα-

2157 2209 2480 2287 μαξάμενος,
2536 2210 2631 2263 καὶ
2686 2210 2810 2272 δοὺς
2856 2210 3043 2262 ἑαυτὸν
3100 2209 3450 2277 ἀντάλλαγμα
3492 2207 3588 2261 τοῦ
3628 2208 3725 2260 moi}

2152 2302 2400 2365 Θανάτου,
2430 2303 2525 2356 καὶ
2562 2302 2699 2373 ὑπὲρ
2725 2304 2881 2374 ἡμῶν
2928 2303 3141 2374 κατάρα
3175 2300 3267 2355 καὶ
3302 2300 3543 2372 ἁμαρτία
3574 2300 3728 2369 γενό-

2157 2413 2312 2466 μενος
2328 2415 2341 2463 ;

2221 2662 2352 2716 Οὐδὲ
2386 2659 2648 2730 Μαρκίων
2709 2658 2850 2730 ὑμᾶς
2894 2661 2923 2713 ὁ
2966 2657 3076 2710 τῶν
3110 2656 3394 2727 ὑμετέρων
3437 2654 3727 2726 δογμάτων

2154 2755 2494 2825 προστάτης,
2552 2751 2692 2804 κατὰ
2749 2750 2906 2804 τοῦτο
2953 2749 3118 2821 μέρος
3166 2748 3633 2820 ὲπανορθὼσαιτο·
3680 2740 3726 2816 ᾧ

2152 2847 2328 2900 κοινὴν
2363 2845 2458 2915 μὲν
2505 2844 2638 2914 πρὸς
2683 2843 2743 2896 τὺ
2804 2842 3065 2912 ὑμέτερον
3102 2842 3353 2911 φρόνημα
3382 2839 3487 2892 τῶν
3508 2838 3663 2893 Θεῶν
3687 2842 3721 2909 ἡ

2151 2938 2297 2998 δυὰς.
2336 2939 2427 2990 καὶ⁴
2456 2938 2517 2989 τὸ
2549 2934 2923 3005 παρηλλάχθαι
2956 2933 3097 2985 κατὰ
3132 2934 3229 3001 τὴν
3263 2931 3425 3001 φύσιν
3467 2933 3725 3002 ἑκάτερον

2155 3031 2291 3101 πρὸς
2340 3030 2400 3081 τὸ
2427 3029 2612 3098 ἓτερον
2642 3025 2866 3079 οἴεσθαι.
2906 3023 3415 3094 Φιλανθρωπότερον
3461 3023 3515 3075 δὲ
3537 3019 3601 3072 τὸ
3628 3022 3727 3089 τὴν

2154 3124 2462 3191 ἀγαοὸτητα
2488 3120 2563 3191 τῷ
2606 3120 2723 3189 Θεῷ
2764 3117 2854 3172 τοῦ
2897 3116 3227 3185 Εὐαγγελίου
3263 3118 3724 3186 προσμαρτυρεῖν.

2167 3215 2354 3284 Ὑμεῖς
2382 3214 2436 3265 δὲ
2467 3212 2680 3280 καὶτῆς
2719 3210 2811 3262 τοῦ
2860 3208 3061 3276 ἀγαθοῦ
3096 3208 3308 3275 φύσεως
3339 3206 3428 3258 τὸν
3464 3206 3728 3275 μονογενῆ

2154 3307 2285 3360 Θεδν
2311 3304 2615 3374 ἀφορίζετε,
2670 3303 2745 3365 ὡς
2792 3302 2857 3355 ἂν
2896 3301 2988 3353 καὶ
3026 3300 3116 3352 τὸν
3141 3298 3521 3369 Μαρκίωνατῇ
3558 3297 3728 3366 κακίᾳ

2154 3380 2247 3453 τοῦ
2271 3400 2534 3468 δόγματος
2569 3395 2720 3467 ὑμῶν
2754 3393 3183 3465 παραδράμοιτε.
3222 3391 3361 3444 Ἀλλ’
3392 3390 3727 3460 ἀντιλαμϐά-

2154 3508 2332 3544 νονται
2363 3489 2470 3542 τῶν
2494 3484 3026 3557 γεγραμμένων,παὶ
3040 3482 3101 3536 οῦ
3128 3499 3258 3552 φασι
3278 3481 3458 3535 δίκαια
3475 3480 3724 3550 πάσχειν,

2155 3580 2295 3651 ὑπὲρ
2325 3578 2433 3631 τῶν
2457 3581 2553 3648 τῆς
2583 3576 2803 3647 Γραφῆς
2837 3572 3094 3643 ῥημάτων
3122 3568 3603 3643 κατηγορούμενα.
3629 3571 3728 3621 Αὐο

2155 3671 2245 3723 τὸν
2270 3669 2376 3741 γὰρ
2404 3669 2654 3736 λέγουσιν
2683 3664 2960 3736 ειρηκέναι
2993 3662 3083 3716 τὸν
3119 3661 3322 3731 Κύριον
3368 3659 3429 3713 τὸ
3454 3700 3470 3724 ,
3519 3658 3728 3723 Οὐδεὶς

2155 3761 2374 3830 ἀγαθὸς
2422 3762 2475 3813 sl
2526 3758 2611 3827 μὴ
2655 3756 2741 3821 εἷς
2783 3759 2814 3808 ό
2863 3756 3025 3821 Θεός.
3080 3752 3286 3809 Οὐκοῦν
3316 3752 3393 3814 ὼς
3430 3751 3495 3804 ἂν
3529 3752 3604 3821 μὴ
3635 3750 3725 3803 καὶ

2156 3850 2296 3905 κατὰ
2341 3849 2449 3902 τῶν
2482 3847 2641 3901 θείων
2686 3845 2942 3914 ῥημάτων
2994 3844 3027 3914 ἡ
3062 3842 3395 3911 συκοφαντία
3420 3840 3519 3911 τὴν
3577 3841 3727 3910 ἰσχὺν

2157 3943 2289 4013 ἔχοι,
2316 3940 2474 3995 αὐτὸν
2490 3940 2581 3992 τὸν
2612 3938 2974 4005 Εὑαγγελικὸν
3004 3937 3162 4003 λόγον
3184 3938 3240 3988 ὲν
3271 3935 3435 4004 ὀλίγῳ
3456 3933 3700 4004 διαληψὼ

2162 4035 2320 4103 μεθα.
2346 4034 2481 4086 Νέον
2515 4030 2620 4086 οἶδε
2648 4030 2830 4083 τοῦτον
2858 4031 2892 4099 ἡ
2924 4030 3130 4101 ἱστορία
3158 4027 3250 4081 τὸν
3291 4025 3566 4090 πλούσιον,
3596 4024 3728 4093 πρὸς

2157 4123 2216 4176 ὃν
2243 4138 2375 4192 φησι
2422 4121 2522 4189 τὴν
2562 4119 2744 4188 φωνὴν
2802 4118 3008 4188 ταύτην
3051 4116 3292 4187 Κύριοςο
3331 4113 3727 4169 ἀπολαυστικὸν

2158 4211 2310 4283 οἶμαί
2331 4229 2450 4265 τινα
2465 4210 2574 4264 τῶν
2592 4209 2732 4263 κατὰ
2759 4210 2849 4262 τὸν
2873 4208 2983 4278 βίον
3008 4207 3198 4277 ἡδέων,
3220 4207 3316 4261 καὶ
3338 4206 3562 4275 φιλοκτή
3572 4223 3727 4276 μοναο

2158 4302 2439 4356 λυπεῖσθαι
2493 4302 2600 4371 γάρ
2632 4301 2789 4354 αὐτόν
2814 4316 2946 4369 φησι
2986 4299 3122 4371 πρὸς
3162 4298 3262 4370 τὴν
3293 4298 3599 4368 συμϐουλὴν
3631 4298 3729 4366 τῆς

486 4390 604 4458 ipse
635 4388 980 4457 possidebat,
1014 4399 1068 4443 et
1108 4391 1353 4446 noluisse
1392 4400 1707 4460 permutare
1748 4408 1878 4447 suas
1923 4409 2054 4462 opes

2164 4395 2270 4448 τῶν
2301 4393 2609 4463 προσόντων
2648 4391 2795 4462 αὐτῷ
2827 4392 3203 4460 άποκτήσεως,
3226 4391 3320 4443 καὶ
3361 4389 3486 4460 μηθ’
3515 4389 3731 4442 ἑλέσθαι

484 4496 609 4535 cum
638 4481 748 4533 vita
772 4489 997 4535 aeterna.
1025 4480 1123 4535 Hic
1148 4484 1406 4550 quoniam
1431 4485 1556 4539 vitae
1581 4495 1796 4540 aeternae
1825 4487 2056 4555 aliquem

487 4573 809 4641 magistrum
853 4572 1145 4628 advenisse
1188 4574 1467 4639 audierat,
1502 4592 1599 4644 spe
1648 4587 1912 4647 perpetuo
1950 4578 2061 4632 fru-

486 4665 613 4727 endi
642 4664 856 4718 deliciis
880 4702 895 4728 ,
922 4666 969 4719 si
997 4665 1051 4719 in
1081 4666 1350 4720 inﬁnitum
1378 4668 1487 4720 vita
1510 4668 1613 4722 sibi
1642 4669 2062 4733 extenderetur,

488 4755 616 4809 boni
652 4757 1022 4825 appellatione
1060 4755 1349 4811 Dominum
1384 4757 1582 4811 blande
1615 4768 1845 4827 captans
1883 4762 2062 4814 nomi-

489 4849 675 4910 navit,
724 4849 833 4901 imo
872 4864 1004 4904 vero
1046 4863 1158 4903 non
1204 4864 1329 4904 eum
1374 4865 1537 4918 quem
1576 4849 1907 4921 intelligeret
1939 4868 2062 4907 esse

490 4938 780 4999 Dominum
800 4981 815 5005 ,
851 4941 945 4996 sed
976 4957 1101 4995 eum
1132 4957 1294 5009 quem
1332 4941 1389 4994 in
1427 4940 1602 4996 fortna
1630 4944 1773 4997 servi
1808 4944 2013 4998 videret
2045 4961 2059 4996 :

490 5044 601 5091 non
657 5029 802 5083 enim
837 5030 881 5083 is
912 5038 1067 5096 erat,
1100 5032 1190 5101 qni
1223 5032 1410 5087 carnis
1437 5032 1839 5100 operimentum
1874 5042 2063 5102 posset

488 5121 806 5186 ditiindere,
834 5130 891 5176 et
923 5122 1231 5179 divinitatis
1282 5124 1493 5177 aditum
1537 5125 1919 5193 introspicere.
1956 5126 2061 5191 Qui

491 5213 660 5285 igitur
700 5213 867 5269 corda
913 5214 1159 5268 intuetur
1205 5214 1501 5279 Dominus,
1555 5218 1765 5270 sciebat
1814 5217 1879 5271 ad
1929 5219 2061 5286 quid

491 5315 743 5375 spectans
769 5304 990 5373 juvenis
1027 5304 1118 5358 ille
1163 5303 1391 5374 supplex
1433 5313 1716 5368 oraverat,
1765 5306 1912 5374 quod
1954 5323 2060 5361 non

492 5398 681 5466 utique
702 5395 771 5450 ad
799 5395 1138 5450 divinitatem
1168 5395 1364 5449 mentis
1397 5396 1566 5449 aciem
1598 5396 1860 5451 intentam
1892 5398 2062 5454 habe-

492 5496 609 5552 ret,
639 5488 734 5545 sed
768 5488 1041 5545 hominem
1077 5495 1289 5542 tantum
1320 5487 1549 5558 rogabat
1616 5488 1940 5561 magistrum
1974 5491 2065 5548 bo-

574 5661 586 5699 !
627 5661 779 5716 Deut.
816 5669 1056 5732 um,6.
1097 5664 1324 5720 ’Matth.
1364 5681 1475 5730 ιιι,
1516 5664 1577 5718 l7
1620 5679 1742 5736 sqq‘

2158 4486 2267 4540 τῶν
2291 4485 2584 4555 κτημάτων
2600 4484 2697 4555 τὴν
2716 4483 2858 4554 ζωὴν
2874 4482 3323 4548 ἀνταλλάξασθαι.
3343 4476 3511 4544 Οὗτος
3548 4480 3728 4550 ἐπειδὴ

2160 4598 2281 4634 τινα
2314 4578 2456 4648 ζωῆς
2483 4578 2703 4640 αἱωνίας
2735 4576 3184 4646 ἐπιδεδημηκέναι
3224 4574 3540 4628 διδάσκαλον
3565 4574 3729 4643 ἢκου-

2162 4663 2274 4734 σεν,
2329 4670 2503 4723 ἐλπίδι
2547 4669 2641 4722 τοῦ
2674 4671 2754 4732 είς
2782 4669 2867 4722 ἀεὶ
2906 4669 3222 4738 τρυφήσειν,
3270 4664 3730 4736 παρατεινομένης

2161 4761 2310 4832 αὐτῷ
2341 4764 2439 4831 τῆς
2478 4760 2623 4829 ζωῆς
2652 4762 2730 4821 είς
2773 4759 3080 4821 ἀτέλευτον,
3116 4756 3343 4828 προσῄει
3376 4753 3639 4809 Θωπεύων
3666 4756 3730 4822 τῇ

2161 4853 2254 4905 τοῦ
2287 4851 2491 4919 ἀγαθοῦ
2523 4851 2864 4921 προσηγορίᾳ
2905 4850 2993 4903 τὸν
3036 4849 3260 4919 Κύριον,
3295 4847 3493 4919 μᾶλλον
3535 4847 3594 4899 δὲ
3615 4846 3733 4913 οὐχὶ

2161 4944 2251 4996 τὸν
2285 4942 2570 5011 νοούμενον
2606 4940 2829 5011 Κύριον,
2857 4940 2988 4993 ἀλλὰ
3018 4940 3107 4992 τὸν
3124 4938 3443 5007 φαινόμενον
3466 4937 3526 4990 ὲν
3550 4938 3617 5006 τῇ
3642 4934 3734 4989 τοῦ

2162 5035 2347 5087 δούλου
2376 5036 2573 5104 μορφῇ.
2595 5033 2670 5086 Οὐ
2701 5033 2807 5100 γὰρ
2821 5029 3079 5091 τοιοῦτος,
3108 5024 3217 5091 οἷος
3236 5028 3474 5097 διασχεῖν
3495 5026 3555 5079 τὸ
3579 5042 3738 5079 κατα-

2165 5126 2419 5194 πέτασμα
2480 5125 2576 5194 τῆς
2636 5121 2855 5191 σαρκὸς,
2916 5120 3011 5173 καὶ
3051 5120 3228 5173 διῖδεῖν
3269 5115 3486 5187 ἰσχύσαι
3524 5116 3587 5168 τὸ
3641 5117 3736 5184 τῆς

2166 5216 2417 5286 Θεότητος
2443 5216 2648 5269 ἄδυτον.
2690 5215 2747 5266 Ὀ
2776 5215 2952 5266 τοίνυν
2979 5212 3077 5274 τὰς
3106 5210 3330 5282 καρδίας
3358 5208 3501 5278 δρῶν
3513 5207 3734 5277 Κύριος,

2168 5305 2275 5361 εἶδε
2314 5310 2449 5379 πρὸς
2469 5308 2496 5359 ὅ
2517 5325 2567 5359 τι
2594 5307 2804 5375 βλέπων
2834 5307 2862 5358 ὁ
2895 5304 3011 5366 νέος
3047 5303 3307 5367 ἱκέτευεν,
3334 5301 3414 5353 ὅτι
3443 5299 3566 5369 οὐχὶ
3606 5296 3737 5367 πρὸς

2166 5400 2229 5453 τὸ
2266 5400 2408 5453 θεῖον
2446 5396 2557 5468 εἶχε
2593 5397 2691 5467 τὴν
2726 5396 2903 5465 ψυχὴν
2957 5393 3326 5458 ἁτενίξονσαν,
3356 5389 3492 5444 ἀλλὰ
3519 5390 3612 5441 τὸν
3650 5388 3739 5440 ἄν·

2169 5492 2387 5564 θρωπον
2436 5490 2684 5563 ἐλιπάρει
2722 5485 3040 5545 διδάσκαλον
3082 5484 3285 5555 ἀγαθὸν
3312 5481 3624 5552 ὀνομάζων
3654 5476 3742 5531 διὰ
