4046 6150
348 267 445 325 εδι

1477 258 1756 317 CONTRA
1795 254 2183 322 EUNOMIUM,
2219 256 2349 310 LIB.
2386 255 2473 310 XI.

3494 253 3600 308 803

352 376 453 445 τὴν
474 374 663 429 ἐλπίδα
698 372 791 427 τοῦ
821 371 1009 443 μαθεῖν
1035 371 1095 424 τὸ
1124 369 1333 425 τοιοῦτο
1350 370 1597 443 μάθημα,
1623 373 1690 425 δι’
1720 366 1780 427 οῦ
1820 387 1925 424 κω-

2030 384 2160 422 num
2192 368 2516 437 appellans:
2553 380 2650 435 spe
2675 364 2922 420 discendi
2961 365 3125 419 talem
3157 365 3462 420 doctrinam
3491 382 3596 434 qua

352 466 683 534 λυθήσεσθαι
718 465 1024 536 προσεδόκα
1051 464 1142 518 τὸν
1171 465 1420 529 θάνατον.
1461 465 1670 518 Οὐκοῦν
1704 465 1927 527 εἰκότως

352 561 381 612 δ
416 558 786 629 παρακληθεὶς
839 556 968 627 παρ’
998 556 1184 619 αὐτοῦ,
1225 551 1378 619 οὗτος
1420 558 1513 609 καὶ
1552 556 1923 626 ἀποκρίνεται.

354 651 464 718 Τῆς
487 649 594 719 γὰρ
620 647 909 713 ἐντεύξεως
942 649 1004 700 οὐ
1038 648 1173 717 πρὸς
1208 651 1300 701 τὸν
1333 650 1464 702 Θεὸν
1500 648 1668 715 Λόγον
1697 660 1927 715 γεγενηέ

356 741 543 813 μένης,
568 738 878 800 ἀκολούθως
904 739 999 792 καὶ
1018 740 1051 808 ἡ
1069 741 1356 810 ἀπόκρισις
1377 741 1444 791 ὲκ
1466 740 1561 790 τοῦ
1588 737 1927 809 ἀνθρωπίνου

357 832 492 903 πρὸς
522 832 612 883 τὸν
642 830 957 883 ἱκετεύοντα
974 830 1200 898 γίνεται,
1219 830 1411 900 διπλῆν
1428 831 1707 896 ἐπάγουσα
1730 830 1808 899 τῷ
1824 830 1928 899 νέῳ

349 924 448 992 τὴν
486 924 781 977 παίδευσιν.
834 923 1084 975 Διδάσκει
1110 923 1219 993 γὰρ
1247 923 1387 975 κατὰ
1414 924 1629 986 ταύτὸν,
1656 925 1737 976 ὅτι
1760 939 1819 975 τε
1849 922 1928 993 τῷ

355 1018 453 1087 βίῳ
475 1017 760 1087 προσήκει,
793 1016 887 1068 καὶ
913 1016 1037 1085 οὐχὶ
1062 1014 1318 1085 ῥημάτων
1334 1015 1577 1085 εὐφημίᾳ
1605 1013 1928 1085 θεραπεύειν

350 1107 414 1159 τὸ
438 1106 611 1170 Θείον,
670 1107 728 1158 ὲν
773 1105 852 1175 τῷ
883 1108 982 1169 τὰς
1010 1106 1225 1168 ὲντολάς
1256 1109 1449 1168 ποιεῖν,
1483 1106 1576 1159 καὶ
1616 1106 1926 1177 προσόντων

355 1198 572 1251 πάντων
597 1197 847 1251 ὠνεῖσθαι
875 1198 973 1269 τὴν
994 1197 1208 1251 αἰώνιον
1230 1198 1393 1268 ζωὴν,
1411 1200 1503 1252 καὶ
1529 1200 1609 1252 ὅτι
1633 1199 1694 1252 τὸ
1715 1199 1924 1269 ἀνθρώ·

356 1306 512 1343 πινον
537 1291 594 1342 ὲν
621 1290 851 1363 πονηρία
894 1289 979 1341 διὰ
1008 1289 1105 1359 τὴν
1144 1290 1415 1360 ἁμαρτίαν
1453 1291 1760 1361 γενόμενον,
1796 1292 1927 1344 ἁποι

355 1382 607 1450 κέκριται
633 1380 733 1451 τῆς
782 1381 975 1452 κυρίας
1011 1381 1105 1434 τοῦ
1158 1381 1365 1450 ἀγαθοῦ
1413 1383 1674 1453 κλήσεως.
1712 1383 1818 1435 Καὶ
1839 1382 1928 1436 διὰ

354 1472 515 1525 τοῦτό
543 1490 674 1542 φησι
699 1487 714 1503 ’
755 1473 815 1526 Τί
833 1490 909 1542 με
939 1472 1135 1542 λέγεις
1180 1475 1443 1542 ἁταθόν;
1474 1475 1571 1528 Διά
1607 1474 1703 1528 τοῦ
1731 1477 1924 1540 εἰπεῖν,

356 1564 482 1633 ἐμὲ,
531 1567 629 1636 τὴν
669 1565 1012 1637 ἀνθρωπίνην
1060 1568 1221 1637 φύσιν
1275 1570 1374 1637 τὴν
1418 1570 1547 1640 περὶ
1592 1569 1754 1623 αὐτὸν
1795 1572 1928 1623 ὕπο-

354 1654 611 1707 δεικνύων
641 1654 718 1724 τῷ
754 1656 920 1726 λόγῳ·
958 1660 1023 1728 τῇ
1069 1659 1127 1710 δὲ
1168 1658 1383 1729 θεότητι
1429 1662 1928 1730 προσμαρτυρήσας

352 1746 452 1815 τὴν
494 1745 823 1817 ἀγαθὸτητα,
860 1748 1049 1801 ἑαυτὸν
1078 1749 1331 1819 ἄντικρυς
1360 1750 1562 1818 ἀγαθὸν
1591 1752 1924 1822 ἀπεφήνατο,

352 1835 443 1889 τὸν
476 1835 691 1906 ἀληθῶς
726 1838 830 1890 ὑπὸ
855 1839 947 1891 τοῦ
974 1841 1301 1907 Εὑαγγελίου
1333 1842 1465 1894 Θεὸν
1495 1843 1926 1912 κηρυσσόμενον.

354 1928 417 1980 Et
448 1928 547 1998 μὲν
574 1927 683 2001 γὰρ
709 1930 1112 1999 ἀπεσχοινίζετο
1138 1935 1236 2002 τῆς
1268 1933 1360 1985 τοῦ
1394 1934 1528 1986 Θεοῦ
1558 1937 1928 2007 προσηγορίας

349 2021 381 2072 ὁ
409 2022 695 2091 μονογενὴς
748 2022 893 2085 Υἱὸς,
947 2024 1046 2076 οὑκ
1076 2020 1144 2094 ἦν
1184 2026 1379 2078 ἄτοπον
1411 2026 1541 2089 ἴσως
1572 2027 1631 2079 τὸ
1651 2027 1927 2099 ἀλλότριον

352 2113 514 2166 αὑτὸν
550 2114 640 2166 καὶ
666 2113 762 2183 τῆς
798 2112 891 2166 τοῦ
920 2114 1124 2183 ἀγαθοῦ
1146 2118 1517 2188 προσηγορίας
1542 2118 1770 2173 οἴεσθαι.

426 2291 488 2343 Εἰ
512 2290 568 2342 δὲ
597 2291 658 2360 δὴ
689 2292 781 2344 καὶ
799 2296 1095 2364 προφῆται,
1121 2297 1212 2347 καὶ
1263 2296 1659 2362 εὖαγγελισταὶ,
1680 2297 1771 2350 καὶ
1795 2297 1929 2350 ἀπό-

354 2381 529 2433 στολοι
546 2380 798 2434 διαϐοῶσι
814 2383 905 2435 τοῦ
919 2385 1252 2452 Μονογενοῦς
1266 2386 1364 2456 τὴν
1380 2386 1624 2457 θεότητα·
1643 2404 1815 2458 μαρτυ
1823 2391 1927 2459 ρεῖ-

349 2487 437 2525 ται
453 2473 508 2525 δὲ
524 2474 649 2542 παρ’
663 2474 827 2526 αὑτοῦ
848 2474 1050 2544 Κυρίου
1064 2476 1140 2547 τῷ
1156 2477 1273 2547 Θεῷ
1288 2480 1580 2548 προσήκειν
1600 2480 1660 2532 τὸ
1675 2480 1773 2549 τῆς
1791 2481 1928 2547 ἀγα-

350 2560 571 2631 θότητος
590 2564 759 2633 ὄνομα
778 2581 791 2594 ·
823 2565 938 2628 πῶς
958 2567 1017 2618 οὐ
1036 2571 1277 2620 κοινωνεῖ
1300 2569 1392 2637 τῆς
1413 2570 1741 2638 ἁγαθότητος
1769 2572 1795 2622 ὁ
1818 2586 1929 2622 κοι-

351 2652 536 2705 νωνῶν
551 2654 649 2722 τῆς
668 2654 914 2724 θεότητος
935 2673 949 2720 ;
971 2658 1091 2709 ’Ότι
1121 2658 1229 2728 γὰρ
1251 2661 1342 2712 καὶ
1361 2660 1632 2730 προφῆται
1648 2661 1777 2713 Θεὸν
1799 2663 1926 2730 δμο-

351 2743 567 2810 λογοῦσι
592 2747 681 2798 τὸν
698 2746 914 2815 Κύριον,
935 2749 1027 2800 καὶ
1053 2748 1450 2816 εὐαγγελισταὶ,
1470 2751 1563 2803 καὶ
1582 2751 1817 2820 μαθηταὶ
1834 2752 1926 2804 καὶ

356 2834 663 2897 ἀπόστολοι,
702 2836 873 2899 οὐδεὶς
899 2836 1043 2890 οὕτω
1078 2838 1187 2891 τῶν
1222 2840 1380 2892 θείων
1392 2840 1657 2909 ἀμύητος,
1686 2841 1760 2903 ὡς
1784 2841 1926 2910 λόγῳ

357 2924 564 2977 δεῖσθαι
594 2927 717 2995 περὶ
751 2927 948 2983 τούτων
983 2928 1194 2998 μαθεῖν.
1219 2930 1313 2992 Τίς
1342 2930 1448 3000 γάρ
1476 2932 1574 2982 οὐκ
1597 2927 1733 2982 οἶδεν
1766 2932 1823 2982 ὲν
1860 2934 1924 3001 τῇ

356 3015 590 3086 τετάρτῃ
619 3017 710 3068 καὶ
731 3022 1138 3090 τεσσαρακοστῇ
1165 3019 1471 3090 ψαλμῳδίᾳ,
1511 3023 1589 3074 ὅτι
1617 3020 1748 3073 Θεὸν
1777 3020 1927 3092 παρά
1953 3045 1995 3102 C

354 3105 492 3159 Θεοῦ
512 3109 821 3179 χριόμενον,
846 3110 937 3162 τὸν
956 3111 997 3162 Χ
1010 3112 1187 3181 ριστὸν
1212 3112 1240 3162 ὁ
1258 3112 1547 3182 Προφήτης
1575 3110 1926 3181 διακηρύσσει

353 3196 432 3267 τῷ
476 3198 654 3269 λόγῳ;
691 3202 783 3253 καὶ
828 3200 990 3254 πάλιν
1036 3202 1127 3254 τὸν
1184 3203 1407 3255 Ἡσαΐαν
1452 3202 1594 3255 οὕτω
1648 3203 1926 3272 προδήλως

356 3288 562 3357 βοῶντα
586 3291 677 3343 τοῦ
716 3292 847 3344 Υἱοῦ
876 3292 971 3363 τὴν
998 3294 1244 3364 θεότητα,
1272 3294 1355 3357 τίς
1391 3294 1576 3362 ἀγνοεῖ
1605 3293 1715 3346 τῶν
1747 3293 1929 3346 καθω-

358 3380 662 3449 μιληκότων
680 3385 746 3452 τῇ
768 3386 1070 3454 προφητείᾳ
1092 3401 1105 3449 ;
1139 3385 1233 3441 Ἑν,
1248 3381 1329 3447 οἷς
1351 3385 1487 3454 μετὰ
1505 3382 1610 3437 τῶν
1638 3383 1813 3437 ἄλλων
1834 3384 1926 3436 καὶ

354 3470 514 3523 τοῦτό
544 3489 705 3542 φησιν
728 3514 741 3536 ,
772 3475 851 3526 ὅτι
902 3476 1176 3545 Σαϐαεὶμ,
1206 3476 1426 3545 ἄνδρες
1456 3476 1683 3544 ὑψηλοί
1722 3477 1819 3528 ἐπὶ
1856 3475 1931 3529 σὲ

358 3560 766 3630 διαϐήσονται,
800 3564 898 3619 καὶ
926 3566 1021 3618 σοί
1066 3567 1307 3620 ἔσονται
1335 3567 1576 3631 δοῦλοι,
1607 3568 1705 3620 καὶ
1739 3569 1930 3620 ὀπίσω

356 3668 475 3708 σου
507 3655 996 3723 ἀκολουθήσουσι
1036 3656 1339 3726 δεδεμένοι
1384 3659 1790 3727 χειροπέδαις,
1833 3658 1930 3711 καὶ

358 3745 427 3799 ἐν
447 3746 548 3799 σοὶ
582 3748 1040 3813 προσεύξονται,
1072 3749 1161 3803 ὅτι
1184 3750 1253 3803 ἐν
1282 3751 1381 3804 σοὶ
1421 3755 1453 3804 ὁ
1494 3751 1657 3814 Θεὸς,
1691 3752 1789 3803 καὶ
1820 3753 1930 3805 οὐκ

361 3837 489 3890 ἐστι
526 3840 667 3904 Θεὸς
716 3839 882 3906 πλὴν
911 3839 1046 3894 σοῦ.
1077 3841 1158 3894 Σὺ
1188 3842 1297 3909 γὰρ
1326 3838 1385 3894 εἷ
1424 3844 1457 3894 ὁ
1493 3843 1654 3906 Θεός.
1697 3842 1930 3913 Τίςγὰρ

362 3925 517 3988 ἄλλος
538 3926 669 3988 Θεὸς
692 3928 719 3977 ὁ
753 3928 808 3978 ὲν
834 3926 1010 3995 ἑαυτῷ
1032 3927 1164 3980 Θεὸν
1193 3928 1350 3997 ἔχων,
1380 3929 1474 3981 καὶ
1495 3930 1654 3992 αὐτὸς
1672 3929 1745 3983 ὢν
1777 3932 1929 3993 Θεὸς,

364 4016 505 4087 πλὴν
536 4016 628 4069 τοῦ
666 4017 1004 4084 Μονογενοῦς
1022 4061 1035 4083 ,
1061 4018 1368 4071 εἰπάτωσαν
1397 4021 1443 4071 οἱ
1475 4020 1573 4090 τῆς
1597 4023 1931 4091 προφητείας

363 4110 603 4178 ἀνήκοοι·
639 4110 738 4180 τὴν
766 4109 823 4162 δὲ
854 4108 948 4162 τοῦ
986 4111 1331 4183 Ἐμμανουὴλ
1363 4111 1679 4183 ἑρμηνείαν,
1715 4116 1809 4166 καὶ
1833 4115 1930 4184 τὴν

362 4199 455 4252 τοῦ
487 4199 656 4271 Θωμᾶ
677 4200 812 4270 μετά
847 4201 941 4272 τὴν
967 4202 1260 4269 ἐπίγνωσιν
1288 4202 1481 4271 ὁμολογ
1493 4203 1597 4267 ίαν,
1627 4205 1729 4273 τήν
1753 4221 1811 4256 τε
1838 4205 1932 4257 τοῦ

375 4291 620 4345 Ἰωάννου
647 4292 1074 4362 μεγαλοφωνίαν,
1102 4294 1174 4356 ὡς
1203 4294 1469 4366 πρόδηλον
1503 4292 1665 4349 οὖσαν
1695 4295 1791 4349 καὶ⁹
1823 4301 1934 4360 τοῖς

2031 468 2266 513 mortem
2302 457 2555 529 impediri
2587 465 2643 511 et
2668 457 2845 510 arceri
2888 472 3050 525 posse
3098 458 3367 511 crederet.
3404 455 3598 509 Merito

2029 550 2197 620 igitur
2225 550 2318 620 qui
2348 558 2574 604 vocatus
2603 557 2720 603 erat
2753 549 2820 602 ab
2864 550 3014 616 ipso,
3048 548 3136 600 hic
3165 550 3327 601 etiam
3372 564 3598 615 respon-

2028 641 2152 697 det:
2174 642 2435 711 quoniam
2464 655 2572 695 non
2602 641 2670 694 ad
2702 638 2869 694 Deum
2899 639 3131 693 Verbum
3163 637 3305 693 facta
3337 646 3456 692 erat
3479 640 3597 693 col-

2029 732 2232 787 locutio
2250 772 2266 798 ,
2293 740 2697 801 consequenter
2726 730 2893 785 etiam
2920 730 2989 782 ab
3015 730 3354 784 humanitate
3376 730 3443 782 ad
3467 746 3596 799 sup-

2027 822 2319 892 plicantem
2338 822 2402 875 tlt
2437 821 2745 891 responsio,
2774 818 3047 888 duplicem
3069 820 3257 888 juveni
3290 822 3596 874 institutio-

2026 929 2151 968 nem
2174 914 2440 968 inducens
2469 932 2482 966 :
2508 927 2606 982 per
2622 911 2873 967 eumdem
2901 913 3047 964 enim
3072 926 3380 967 sermonem
3406 913 3593 979 docet,

2026 1004 2174 1075 quod
2201 1020 2311 1059 non
2338 1005 2497 1059 bonis
2526 1004 2708 1059 verbis
2728 1042 2743 1067 ,
2775 1002 2872 1058 sed
2904 1011 3052 1057 recta
3080 1004 3188 1057 vita
3216 1004 3383 1058 Deum
3413 1005 3598 1059 colere

2026 1105 2081 1152 et
2103 1097 2376 1151 honorare
2396 1096 2672 1157 convenit,
2692 1095 2747 1149 in
2773 1095 3139 1165 exsequendis
3159 1096 3279 1166 ejus
3303 1096 3594 1160 mandatis,

2025 1197 2081 1244 et
2109 1190 2163 1243 in
2193 1188 2496 1244 vendendis
2530 1188 2786 1243 omnibus
2816 1187 3202 1252 facultatibus,
3252 1196 3312 1242 ut
3347 1189 3475 1243 inde
3516 1189 3599 1243 vi-

1974 1280 1979 1285 ’
2026 1290 2137 1337 tam
2183 1293 2439 1335 aeternam
2471 1291 2659 1349 posset
2690 1295 2891 1335 emere.
2925 1280 3064 1334 Tum
3100 1281 3263 1334 etiam
3310 1281 3456 1349 quod
3499 1280 3601 1333 bu-

2027 1386 2189 1427 mana
2229 1380 2425 1427 natura
2469 1372 2537 1426 in»
2571 1373 2717 1427 malo
2761 1386 2860 1442 per
2904 1379 3193 1442 peccatum
3237 1372 3538 1427 constituta
3566 1387 3599 1425 a

2027 1480 2155 1520 vera
2206 1476 2260 1521 et
2308 1466 2529 1535 propria
2581 1465 2713 1520 boni
2767 1465 3131 1534 appellatione
3159 1464 3483 1518 secernitur.
3533 1462 3601 1516 Et

2026 1566 2288 1626 praeterea
2322 1556 2457 1611 dicit
2488 1575 2500 1610 :
2540 1556 2682 1621 Quid
2714 1573 2795 1609 me
2828 1556 2965 1610 dicis
2999 1556 3191 1609 bonum
3215 1558 3239 1610 ?
3260 1555 3394 1611 Cum
3424 1557 3598 1621 dixit,

2028 1663 2142 1711 me,
2177 1650 2471 1705 humanam
2523 1660 2775 1703 naturam
2825 1664 2949 1717 quae
2999 1650 3175 1718 ipsum
3225 1650 3601 1704 circumdabat

2029 1740 2308 1805 Ostendit;
2342 1747 2398 1793 at
2430 1754 2555 1792 cum
2586 1753 2845 1794 sermone
2874 1738 3149 1791 divinitati
3187 1738 3487 1792 bonitatem
3526 1747 3601 1792 at-

2028 1830 2259 1896 tribuit,
2290 1831 2530 1899 seipsum
2578 1846 2609 1885 e
2659 1830 2888 1900 vestigio
2936 1831 3140 1884 bonum
3187 1834 3597 1900 pronuntiavit,

2022 1924 2119 1993 qui
2150 1937 2277 1976 vere
2306 1923 2375 1975 ab
2416 1922 2710 1991 Evangelio
2755 1923 2897 1977 Deus
2946 1923 3293 1991 praedicatur.
3350 1925 3405 1978 Si
3454 1926 3596 1979 enim

2029 2021 2288 2082 tanquam
2322 2011 2575 2066 funiculo
2605 2012 2962 2066 divelleretur
3013 2028 3042 2065 a
3092 2012 3182 2067 Dei
3237 2015 3599 2082 appellatione

2026 2107 2348 2175 unigenitus
2379 2104 2591 2167 Filius,
2628 2118 2737 2157 non
2785 2112 2930 2158 esset
2977 2103 3277 2157 absurdum
3327 2105 3596 2169 fortasse,

2029 2199 2205 2268 ipsum
2235 2213 2263 2249 a
2296 2196 2423 2249 boni
2453 2195 2817 2264 appellatione
2839 2202 3030 2262 putare
3058 2194 3315 2248 alienum.

2096 2286 2252 2352 Quod
2296 2287 2344 2341 si
2388 2286 2703 2355 prophetae,
2742 2294 2799 2339 et
2840 2285 3220 2354 evangelista,
3264 2292 3319 2338 et
3360 2285 3597 2352 apostoli

2029 2378 2305 2449 Unigeniti
2338 2378 2678 2432 divinitatem
2711 2376 3010 2437 celebrant,
3052 2376 3169 2444 ipse
3194 2386 3373 2429 autem
3414 2375 3598 2431 Domi-

2034 2486 2140 2526 nus
2170 2476 2403 2525 testatur
2431 2467 2690 2523 bonitatis
2734 2481 2931 2521 nomen
2970 2465 3082 2519 Deo
3117 2468 3427 2529 convenire,
3463 2484 3598 2535 quo-

2028 2563 2200 2617 modo
2239 2576 2349 2616 non
2399 2560 2673 2630 particeps
2723 2566 2809 2612 est
2854 2559 3115 2612 bonitatis
3160 2559 3252 2627 qui
3295 2558 3596 2615 divinitatis

2029 2670 2259 2710 consors
2304 2661 2388 2709 est
2425 2658 2482 2706 et
2525 2651 2838 2722 particeps?
2883 2651 3038 2715 Quod
3083 2652 3225 2704 enim
3274 2652 3437 2705 etiam
3473 2667 3599 2721 pro-

2027 2747 2204 2815 pheta
2235 2744 2524 2799 Dominum
2554 2742 2722 2796 Deum
2759 2741 3109 2805 conﬁtentur,
3142 2750 3196 2796 et
3227 2744 3593 2813 evangelista,

2028 2839 2156 2894 item
2190 2836 2447 2907 discipuli
2476 2843 2531 2889 et
2558 2833 2815 2904 apostoli,
2859 2834 3042 2887 nullus
3075 2835 3413 2902 usque'adeo
3444 2835 3598 2890 rudis

2024 2938 2112 2985 est
2148 2938 2205 2984 et
2245 2930 2471 2999 ignarus
2519 2927 2827 2981 divinorum
2881 2931 2935 2979 et
2979 2940 3087 2977 non
3125 2925 3391 2987 initiatus,
3428 2934 3487 2979 ut
3529 2928 3596 2980 de

2029 3020 2114 3075 bis
2135 3017 2339 3073 erudiri
2376 3031 2632 3072 sermone
2664 3015 2923 3084 indigeat.
2952 3013 3088 3080 Quis
3127 3014 3270 3067 enim
3303 3014 3514 3082 ignorat
3542 3015 3594 3068 in

2029 3119 2224 3182 quarto
2261 3118 2315 3164 et
2343 3107 2764 3179 quadragesimo
2795 3110 3023 3174 psalmo,
3061 3105 3203 3173 quod
3240 3103 3407 3159 Deum
3433 3120 3462 3158 a
3490 3106 3597 3159 Deo

2029 3210 2251 3256 unctum
2283 3201 2563 3255 Christum
2607 3197 2876 3266 Propheta
2913 3196 3256 3265 pradicat'?
3300 3195 3365 3249 Et
3407 3212 3599 3251 rursus

2030 3295 2247 3359 lsaiam,
2286 3300 2394 3345 tam
2428 3297 2614 3361 aperte
2643 3296 2696 3342 et
2738 3288 2884 3342 clare
2929 3288 3257 3344 clamantem
3307 3286 3431 3343 Filii
3462 3290 3600 3344 divi-

2027 3388 2277 3448 nitatem,
2307 3384 2430 3454 quis
2459 3396 2646 3437 eorum
2679 3382 2772 3449 qui
2824 3381 2880 3434 in
2911 3381 3195 3450 prophetia
3219 3383 3419 3437 versati
3449 3391 3596 3450 sum,

2031 3478 2237 3533 nescit?
2286 3476 2340 3529 in
2389 3474 2592 3545 quibus
2649 3487 2775 3526 cum
2832 3473 2955 3526 aliis
3009 3473 3110 3527 hoc
3151 3473 3313 3526 etiam
3363 3474 3598 3531 effatur:

2030 3565 2385 3625 Sabaimmiri
2414 3564 2661 3617 sublimes
2694 3562 2764 3616 ad
2809 3571 2858 3616 te
2895 3561 3214 3624 transibunt,
3262 3573 3311 3616 et
3343 3567 3420 3617 tui
3449 3575 3600 3618 erunt

2028 3659 2183 3712 serui.
2229 3656 2359 3710 Post
2404 3666 2451 3709 te
2498 3654 2865 3715 ambulabunt,
2906 3655 3318 3727 vincti-manicis
3364 3668 3597 3725 pergeut,

2029 3761 2078 3806 et
2111 3762 2159 3804 te
2204 3748 2518 3811 adorabunt,
2554 3756 2700 3817 teque
2730 3746 3168 3814 deprecabuntur.
3203 3745 3431 3799 Tantum
3471 3748 3523 3799 in
3554 3742 3633 3801 ιε’

2030 3854 2106 3897 est
2148 3840 2309 3904 Deus,
2349 3849 2398 3893 et
2430 3855 2534 3891 non
2582 3847 2657 3892 est
2701 3838 2894 3906 absque
2927 3848 2974 3890 te
3020 3836 3177 3890 Deus.
3220 3835 3345 3891 Vere
3373 3839 3510 3891 enim
3546 3849 3601 3891 tu

2030 3951 2085 3988 es
2138 3933 2277 3986 Deus
2302 3931 2345 3986 ⁵.
2414 3929 2548 3995 Quis
2597 3929 2744 3983 enim
2800 3927 2942 3981 alius
2986 3926 3128 3981 Deus
3174 3928 3264 3995 qui
3317 3929 3371 3981 in
3422 3932 3602 3997 seipse

2028 4024 2203 4080 Deum
2232 4023 2414 4084 habet,
2448 4028 2503 4076 et
2536 4021 2653 4090 ipse
2684 4026 2767 4075 est
2802 4018 2970 4083 Deus,
3009 4028 3203 4088 praeter
3235 4019 3600 4089 Unigenitum,

2032 4120 2218 4173 dicunt
2248 4117 2341 4187 qui
2371 4116 2709 4186 prophetiam
2742 4128 2853 4171 non
2890 4114 3201 4168 audierunt.
3229 4114 3297 4165 At
3321 4130 3447 4167 vero
3479 4113 3606 4165 Em—

2035 4209 2253 4264 manuel
2284 4205 2809 4276 interpretationem,
2858 4212 2913 4259 et
2946 4203 3172 4257 Thomae
3203 4210 3325 4272 post
3372 4204 3608 4271 agnitio-

2039 4314 2161 4354 nem
2193 4296 2618 4359 eonfessionem,
2656 4300 2712 4349 et
2741 4292 2969 4347 Joannis
2999 4292 3146 4345 vocis
3191 4291 3604 4356 sublimitatem,

363 4381 470 4448 ἔξω
510 4382 610 4452 τῆς
641 4383 896 4447 πίστεως,
934 4386 1301 4454 σιωπήσομαι.
1352 4386 1489 4438 Ἀλλ’
1523 4388 1645 4441 οὐδὲ
1668 4388 1767 4450 τὰς
1792 4388 1931 4441 Παύ-

2041 4396 2099 4443 ut
2125 4396 2307 4441 notam
2348 4386 2514 4440 etiam
2548 4384 2634 4438 his
2663 4384 2757 4453 qui
2797 4388 2927 4436 sunt
2966 4389 3119 4435 extra
3149 4380 3307 4435 ﬁdem
3344 4381 3601 4439 reticebo.

363 4471 458 4524 λου
483 4472 665 4540 φωνὰς
685 4472 751 4525 δι’
776 4472 1061 4543 ἀκριϐείας
1084 4468 1235 4543 οἶμαι
1254 4474 1364 4528 δεῖν
1395 4477 1805 4547 παρατίθεσθαι,
1833 4480 1939 4531 πᾶ-

371 4582 454 4618 σιν
494 4563 662 4627 οὔσας
707 4565 890 4634 σχεδὸν
919 4565 1006 4619 διὰ
1054 4566 1348 4637 στόματος·
1386 4567 1443 4629 δς
1480 4570 1541 4621 οὐ
1578 4569 1735 4638 μόνον
1783 4570 1936 4635 Θεὸν,

366 4658 501 4710 ἀλλά
534 4658 629 4709 καὶ
665 4658 837 4727 μέγαν
862 4658 1017 4721 Θεὸν,
1055 4659 1148 4711 καὶ
1173 4658 1264 4710 ἐπὶ
1294 4658 1510 4712 πάντων
1530 4659 1660 4712 Θεὸν
1686 4662 1938 4731 ὀνομάζει

365 4745 458 4800 τὸν
491 4746 695 4817 Κύριον
716 4763 731 4779 ο
764 4748 900 4817 πρὸς
937 4747 1034 4817 μὲν
1079 4748 1383 4818 Ῥωμαίους
1414 4748 1604 4816 λέγων,
1633 4751 1713 4803 δτι
1735 4745 1850 4805 Ὦν
1883 4755 1938 4805 ol

370 4837 623 4906 πατέρες
647 4838 743 4891 καὶ
769 4838 838 4902 ἐξ
859 4833 944 4892 ὧν
972 4841 1004 4891 ό
1025 4839 1276 4906 Χριστὸς
1295 4842 1358 4893 τὸ
1378 4841 1526 4894 κατὰ
1551 4841 1765 4909 σάρκα,
1794 4846 1827 4896 ὁ
1855 4843 1940 4907 ὢν

368 4927 466 4981 ἐπὶ
524 4926 771 4980 πάντων(
816 4929 960 4994 Θεὸς
1009 4930 1337 4998 εὐλογητὸς
1376 4932 1463 4995 εἰς
1507 4930 1649 4996 τοὺς
1695 4931 1936 4998 αἰῶνας-

374 5017 512 5088 πρὸς
563 5018 620 5070 δὲ
659 5018 750 5071 τὸν
800 5018 1050 5091 μαθητὴν
1097 5019 1289 5072 ἑαυτοῦ
1334 5020 1489 5073 Τίτον
1520 5022 1743 5091 γράφει,
1779 5022 1939 5075 Κατὰ

369 5109 483 5176 τὴν
521 5111 875 5179 ἐπιφάνειαν
915 5112 1021 5167 τοῦ
1052 5113 1318 5182 μεγάλου
1360 5112 1508 5167 Θεοῦ
1538 5113 1637 5166 καὶ
1662 5112 1938 5180 Σωτῆρος

316 5214 319 5217 ‘
372 5199 541 5267 ἡμῶν
581 5201 784 5265 Ἰησοῦ
804 5202 1081 5268 Χριστοῦ.
1121 5201 1369 5273 Τιμοθέῳ
1400 5202 1455 5254 δὲ
1484 5201 1776 5273 διαρρήδην
1808 5204 1932 5273 βοᾷ,

370 5290 454 5343 ὅτι
500 5292 553 5343 Ὀ
585 5293 728 5358 Θεὸς
765 5292 1106 5361 ἐφανερώθη
1156 5294 1225 5345 ἐν
1265 5291 1443 5361 σαρκὶ
1467 5334 1481 5357 ,
1514 5292 1823 5360 ἐδικαιώθη
1871 5295 1940 5345 ἐν

374 5383 684 5449 πνεύματι.
749 5384 1091 5454 Πανταχόθεν
1149 5384 1326 5437 τοίνυν
1382 5384 1790 5454 ἀποδειχθέντος
1842 5383 1937 5437 τοῦ

369 5471 510 5531 Θεοῦ
540 5468 678 5526 εἶναι
713 5472 803 5527 τὸν
835 5475 1096 5545 μονογενῆ
1118 5474 1270 5540 Θεὸν,
1306 5475 1419 5538 πῶς
1450 5477 1478 5528 δ
1514 5474 1592 5546 τῷ
1628 5474 1746 5543 Θεῷ
1777 5491 1944 5546 προσ-

443 5652 463 5683 ³
498 5653 639 5725 l’sal.
686 5668 827 5719 xuv,
860 5653 911 5706 8.

1026 5653 1310 5723 ‘lsa.xt.v,
1346 5656 1425 5718 li,
1474 5656 1555 5711 153.
1623 5657 1640 5686 ⁸
1686 5655 1837 5709 Rom.
1888 5671 1961 5720 lx,

2047 4479 2155 4535 Sed
2187 4493 2365 4547 neque
2393 4476 2550 4530 Pauli
2579 4489 2745 4530 voces
2772 4482 2968 4529 exacta
3002 4472 3303 4526 subtilitate
3329 4460 3613 4542 apponenJ

2039 4574 2137 4628 das
2169 4586 2291 4627 esse
2316 4570 2574 4628 arbitror,
2618 4575 2678 4621 ut
2706 4581 2828 4634 quae
2856 4564 3250 4633 propemodum
3284 4565 3394 4616 sint
3427 4564 3479 4617 in
3510 4578 3608 4618 ore

2046 4665 2313 4723 omnium,
2380 4660 2472 4729 qui
2523 4672 2629 4711 non
2680 4656 2857 4711 solum
2903 4654 3094 4716 Deum,
3144 4654 3237 4707 sed
3285 4655 3446 4707 etiam
3499 4669 3608 4706 ma.

2040 4770 2205 4827 gnum
2248 4752 2434 4813 Deum,
2466 4759 2519 4805 et
2550 4750 2604 4803 in
2647 4748 2903 4803 omnibus
2941 4747 3110 4800 Deum
3147 4746 3386 4799 nominat
3420 4744 3611 4798 Domi-1

2044 4859 2212 4906 num;
2246 4843 2310 4896 ad
2335 4840 2610 4895 Romanos
2638 4837 2856 4906 quidem
2888 4836 3073 4889 dicens
3097 4853 3110 4889 :
3133 4834 3367 4900 Quorum
3402 4843 3606 4901 patres,

2044 4944 2091 4989 et
2121 4948 2186 4986 ex
2218 4931 2403 4999 quibus
2437 4937 2513 4981 est
2545 4926 2787 4980 Christus
2816 4920 3097 4977 secundum
3131 4938 3362 4987 carnem,
3407 4922 3496 4991 qui
3529 4931 3605 4975 est

2042 5024 2097 5074 in
2132 5019 2370 5071 munibus
2404 5015 2703 5070 benedictus
2758 5010 2893 5064 Deus
2929 5010 2983 5065 in
3025 5010 3276 5065 swcula’.
3322 5009 3400 5063 Ad
3442 5007 3607 5061 disci-

2045 5112 2229 5181 pulum
2260 5125 2417 5162 suum
2444 5105 2627 5159 Titum
2660 5101 2872 5164 scribit,
2896 5098 3195 5154 Secundum
3224 5098 3605 5181 apparitionem

2046 5180 2222 5270 magni
2254 5197 2342 5251 Dei
2368 5192 2728 5251 etSaloatoris
2763 5191 2929 5249 nostri
2963 5189 3091 5243 Iesu
3118 5186 3369 5243 Christi“.
3398 5184 3481 5235 Ad
3510 5180 3606 5234 Ti-q

2002 5282 2007 5285 ⁷
2045 5293 2320 5346 motheum
2345 5303 2473 5343 vero
2498 5294 2685 5355 aperte
2710 5284 2953 5341 clamitat
2982 5300 2995 5335 :
3023 5279 3167 5348 quod
3213 5277 3354 5328 Deus
3381 5273 3606 5339 manifew

2046 5393 2215 5438 status
2262 5392 2339 5436 est
2387 5382 2441 5434 in
2486 5396 2666 5442 carne,
2699 5377 3024 5447 justiﬁcatus
3070 5373 3124 5424 in
3168 5366 3417 5434 spiritu'.
3467 5365 3603 5420 Cum

2039 5475 2202 5546 igitur
2232 5474 2434 5543 ubique
2454 5473 2887 5529 demonstratum
2935 5468 3028 5531 sit,
3067 5463 3405 5534 unigenitum
3437 5463 3606 5527 Deum

2001 5652 2055 5707 5.
2133 5655 2151 5684 ε
2192 5652 2298 5706 Tit.
2326 5669 2384 5718 ιι,
2423 5652 2475 5713 4.
2567 5649 2584 5679 ⁷
2644 5646 2919 5707 lTimotli.
2970 5662 3051 5712 ιιι,
3098 5646 3180 5703 l6.
