4046 6150
537 251 644 305 863

1770 243 1827 298 S.
1864 240 2189 299 GREGOBII
2227 239 2514 297 NYSSENI

3652 245 3741 300 86b

538 383 663 423 esse
698 364 884 427 Deum,
911 362 1183 433 quomodo
1219 362 1267 416 is
1297 361 1391 432 qui
1431 361 1542 416 Deo
1578 364 1876 419 bonitatem
1909 380 2108 419 conve-

2211 363 2364 433 ήκειν
2412 362 2511 433 τὴν
2540 360 2853 434 ἀγαθότητα
2879 362 3075 432 λέγων,
3117 362 3214 433 τῆς
3243 362 3544 433 ἐπωνυμίας
3569 361 3740 432 ταύτης

542 459 660 512 nire
702 456 856 519 dicit,
916 455 985 509 ab
1034 454 1137 509 hac
1187 454 1550 522 appellatione
1598 453 1719 508 Filii
1769 456 2108 510 divinitatem

539 550 768 602 alienam
818 560 941 600 esse
981 545 1362 601 demonstrat?
1408 547 1708 615 praesertim
1746 561 1871 600 eum
1920 546 2108 601 Domi-

539 654 645 695 nus
678 638 778 693 sibi
818 639 1021 693 bonum
1062 637 1346 700 attribuat,
1398 638 1452 690 in
1499 638 1755 706 parabola
1795 652 1984 692 eorum
2015 638 2109 707 qui

539 730 791 785 mercede
818 727 1075 783 conducti
1111 736 1239 782 sunt
1282 729 1334 780 in
1365 728 1602 803 vineam.
1642 726 1780 782 Cum
1812 728 1958 782 enim
1998 728 2111 782 illic

538 821 631 890 qui
666 820 820 889 prius
853 817 1110 873 conducti
1154 817 1340 872 labore
1388 818 1589 872 defessi
1643 825 1819 879 erant,
1864 817 2112 889 indigna-

537 920 731 967 rentur
765 912 837 966 ob
874 909 1143 965 mercedis
1183 908 2008 987 aqualitatembmuletamque
2057 915 2113 964 et

537 1002 798 1056 damnum
828 1000 1110 1071 proprium
1150 999 1483 1069 iudicarent,
1518 988 1631 1054 rem
1679 1013 1710 1052 a
1739 1001 1950 1055 caeteris
1980 1015 2111 1069 ope-

538 1094 702 1147 rariis
742 1106 1000 1161 prospere
1049 1098 1280 1161 gestam,
1319 1105 1507 1144 eorum
1538 1091 1633 1159 qui
1677 1105 1822 1160 egre
1863 1090 2111 1146 ferebant

539 1184 634 1236 uni
674 1183 811 1236 dixit
833 1182 1018 1251 justus
1050 1181 1254 1250 judex:
1287 1181 1487 1241 Amice,
1529 1196 1632 1234 non
1664 1180 1803 1249 facio
1827 1182 1923 1235 tibi
1965 1182 2111 1251 inju-

541 1275 698 1335 riam,
750 1288 919 1325 nonne
962 1271 1181 1324 denario
1219 1270 1409 1324 diurno
1466 1278 1635 1322 tecum
1687 1272 1938 1325 conveni!
1986 1270 2114 1325 Ecce

541 1365 700 1418 habes
739 1364 876 1432 quod
932 1374 1077 1416 tuum
1119 1372 1197 1415 est
1236 1378 1253 1415 :
1287 1361 1401 1416 volo
1455 1371 1629 1414 autem
1675 1369 1724 1415 et
1767 1362 1887 1414 huic
1925 1362 2113 1415 ultimo

544 1466 745 1509 tantum
782 1455 910 1508 dare
953 1464 1211 1522 quantum
1263 1454 1377 1506 tibi.
1427 1452 1616 1506 Annon
1676 1452 1837 1506 habeo
1880 1463 2113 1521 potesta-

544 1557 644 1600 tem
674 1548 726 1599 in
758 1547 883 1598 meis
924 1544 1151 1614 faciendi
1182 1543 1318 1612 quod
1350 1543 1507 1598 volo?
1534 1542 1615 1594 An
1646 1542 1827 1595 oculus
1872 1552 1993 1597 tuus
2026 1560 2113 1597 nc-

540 1654 698 1708 quam
738 1645 839 1696 est.
898 1636 1025 1704 quia
1068 1651 1162 1704 ego
1204 1633 1367 1687 bonus
1411 1634 1611 1687 sum“?
1659 1632 1851 1687 Nullus
1887 1648 2112 1702 prorsus

540 1702 608 1784 de
648 1729 750 1782 hoc
772 1702 1062 1781 ambitiose
1090 1702 1404 1790 contendet,
1432 1724 1579 1794 quod
1608 1739 1669 1779 ea
1715 1739 1836 1794 quae
1858 1739 1958 1793 pro
2000 1740 2111 1779 me-
2146 1702 2184 1755 Β

542 1819 664 1874 litis
695 1825 751 1874 et
789 1817 1057 1887 dignitate
1107 1816 1164 1869 fit
1210 1816 1550 1881 distributio,
1600 1816 1880 1885 proprium
1909 1815 2112 1885 judicia

540 1926 741 1966 munus
764 1918 881 1975 est;
931 1909 1271 1978 unigenitum
1297 1915 1479 1963 autem
1512 1905 1679 1962 Deum
1711 1906 1952 1975 judicem
1991 1922 2113 1962 esse

540 2016 731 2055 omnes
761 2000 1037 2070 Evangelii
1069 1999 1321 2070 discipuli
1352 1998 1773 2067 adstipulan‘ur.
1810 1996 1993 2061 Pater,
2023 1999 2110 2054 in-

540 2096 680 2162 quit,
712 2111 812 2147 non
835 2094 1043 2162 judicat
1071 2108 1400 2162 quamquam,
1442 2093 1534 2144 sed
1560 2107 1709 2145 omne
1733 2090 1993 2158 judicium
2019 2090 2112 2143 dc-

540 2185 618 2238 dit
679 2184 887 2239 Filio'.
944 2185 1048 2239 Sed
1111 2200 1220 2237 non
1282 2182 1546 2237 resistunt
1600 2182 1823 2249 scriptis
1866 2200 1879 2234 :
1922 2181 2113 2235 dicunt

539 2278 684 2332 enim
729 2277 889 2332 unius
928 2277 1287 2345 adiectionem
1321 2275 1537 2344 proprie
1590 2275 1655 2328 ad
1690 2272 1902 2328 Patrem
1939 2276 2112 2343 respi-

541 2386 686 2425 cere.
721 2368 918 2423 Nullus
940 2369 1105 2433 enim,
1131 2368 1227 2432 ait,
1261 2367 1446 2437 bonus,
1476 2367 1578 2421 nisi
1606 2383 1739 2420 unus
1775 2366 1910 2421 Deus
1934 2368 1996 2421 ¹⁰.
2029 2366 2111 2420 An

541 2461 707 2530 igitur
739 2460 805 2515 ad
843 2459 927 2515 sui
977 2459 1338 2528 patrocinium
1390 2459 1706 2528 languescet
1756 2459 2000 2513 veritas?
2028 2458 2110 2511 An

542 2551 731 2604 multis
777 2550 909 2605 locis
950 2550 1175 2603 minimo
1207 2548 1424 2619 negotio
1458 2548 1599 2601 hanc
1636 2547 1881 2604 fallacem
1928 2558 1980 2604 at
2030 2564 2116 2603 ca-

545 2642 778 2710 ptiosam
837 2642 1307 2697 ratiocinationem
1372 2642 1577 2696 erroris
1643 2642 1766 2695 licet
1830 2642 2116 2696 refellere?

542 2733 644 2797 Qui
672 2732 817 2786 enim
854 2736 965 2787 haec
992 2733 1060 2786 de
1093 2732 1250 2786 Patre
1279 2731 1435 2798 dixit,
1472 2744 1524 2785 et
1561 2732 1650 2784 illa
1678 2731 1746 2785 ad
1778 2730 1990 2785 Patrem
2032 2734 2117 2786 tli-

542 2823 639 2887 cit,
671 2821 817 2891 quod
847 2822 1042 2876 Omnia
1078 2839 1191 2876 mea
1220 2832 1311 2875 tua
1346 2832 1489 2887 sunt,
1522 2824 1657 2878 etin
1687 2823 1818 2891 ipsis
1842 2822 2115 2892 gloriﬁca-

543 2923 628 2967 tus
663 2929 779 2967 sum
804 2913 867 2966 “.
908 2914 963 2967 Si
1000 2920 1177 2967 autem
1215 2914 1395 2968 omnia
1438 2929 1560 2985 quae
1591 2922 1719 2970 sunt
1759 2912 1937 2969 Patris
1983 2915 2115 2969 dicit

2209 455 2501 527 ἀλλοτρίαν
2541 454 2888 508 ἀποδείκνυσι
2925 454 3020 508 τοῦ
3073 454 3204 507 Υίοῦ
3244 454 3340 524 τὴν
3382 453 3624 521 θεότητα;
3650 455 3740 506 Καὶ

2209 546 2387 600 ταῦτα
2415 546 2580 600 αὑτοῦ
2608 546 2701 599 τοῦ
2728 546 2934 616 Κυρίου
2964 546 3025 599 τὸ
3055 546 3256 613 ἀγαθὸν
3290 544 3463 615 ἐαυτῷ
3494 561 3742 616 προσμαρ-

2209 636 2502 705 τυροῦντος
2547 637 2607 687 ὲν
2649 638 2715 705 τῇ
2754 635 2862 687 τῶν
2915 635 3342 706 μεμισθωμένων
3374 637 3451 697 είς
3483 634 3568 685 τὸν
3594 636 3743 698 ἀμπε-

2211 725 2358 779 λῶνα
2388 725 2689 795 παραδολῇ.
2709 726 2856 778 Ἐκεῖ
2883 724 2991 796 γὰρ
3021 725 3129 777 τῶν
3160 724 3608 794 προκεκμηκότων
3636 724 3745 777 δυσ-

2213 816 2653 886 ανασχετούντων
2698 818 2763 887 τῇ
2813 816 2925 868 τῶν
2958 814 3324 889 μισθωμάτων
3365 814 3636 885 ἰσομοιρίᾳ,
3671 815 3745 867 καὶ

2212 906 2413 977 ζημίαν
2447 907 2737 975 κρινόντων
2785 906 2922 960 ίδίαν
2958 907 3067 960 τῶν
3096 905 3420 960 τελευταίων
3447 905 3540 975 τὴν
3569 906 3746 974 εὐπραο

2212 996 2359 1064 γίαν,
2391 996 2524 1066 φησι
2569 996 2705 1065 πρός
2732 1012 2855 1049 τινα
2899 995 3008 1049 τῶν
3053 994 3484 1064 χαλεπαινόντων
3522 995 3548 1045 ό
3573 993 3747 1055 δίκαιος

2212 1093 2426 1161 κριτὴς,
2453 1086 2557 1149 ὅτι,
2593 1084 2834 1154 Ἑταζοε,
2868 1087 2981 1140 οὐκ
3014 1084 3198 1139 ἀδικῶ
3229 1099 3319 1137 σε.
3340 1082 3482 1152 Οὐχὶ
3501 1083 3747 1149 δηναρίου

2212 1173 2618 1245 συγεςιώνησά
2643 1191 2741 1229 σοι
2768 1176 2885 1244 τὴν
2909 1176 3170 1245 ἡμέραν;
3209 1174 3354 1228 Ἰδοὺ
3378 1174 3530 1242 ἔχεις
3550 1174 3609 1227 τὸ
3624 1175 3745 1227 σόν·

2212 1265 2364 1321 θέλω
2388 1266 2456 1319 δὲ
2491 1267 2588 1320 καί
2630 1266 2709 1331 τῷ
2751 1266 2987 1335 ἐσχάτῳ
3037 1267 3405 1335 χαρίσασθαι
3442 1265 3631 1331 ὥσπερ
3667 1265 3745 1317 καί

2210 1358 2332 1411 σοί.
2356 1357 2559 1412 Μόνον
2578 1360 2690 1412 οὐκ
2715 1358 2831 1425 ἔχω
2848 1358 3142 1421 ἐξουσίαν
3164 1358 3232 1411 ἐν
3259 1357 3383 1423 τοῖς
3413 1357 3568 1426 ἐμοῖς
3587 1354 3750 1409 ποιεῖν

2212 1448 2244 1502 ὃ
2277 1448 2469 1515 θέλω;
2515 1450 2581 1503 Ἠ
2613 1451 2646 1503 ὀ
2688 1449 2995 1518 ὀφθαλμός
3028 1464 3145 1503 σου
3183 1449 3450 1515 πονηρὸς
3475 1487 3489 1510 ,
3538 1447 3617 1499 ὅτι
3656 1444 3748 1515 ἐγὼ

2210 1541 2433 1610 ἀγαθός
2479 1542 2632 1610 clpa;
2680 1540 2904 1603 Πάντως
2950 1540 3007 1593 δὲ
3041 1539 3216 1603 οὐδεὶς
3255 1539 3385 1610 περὶ
3417 1538 3593 1592 τούτου
3625 1536 3747 1605 φιλο-

2212 1634 2470 1703 νεικήσει,
2500 1633 2580 1685 ὅτι
2605 1634 2638 1702 ἡ
2667 1631 2759 1686 τοῦ
2791 1631 2909 1685 κατ’
2945 1631 3103 1695 ἀξίαν
3124 1631 3377 1701 διανομὴ,
3410 1630 3530 1684 ἴδιον
3552 1628 3633 1681 τοῦ
3654 1645 3750 1697 κρι-

2213 1724 2305 1777 τοῦ
2340 1724 2499 1794 ἔργον
2539 1723 2690 1784 ἐστὶ,
2723 1721 2914 1793 κριτὴν
2946 1722 3001 1774 δὲ
3048 1721 3139 1774 τὸν
3175 1721 3438 1791 μονογενῆ
3477 1719 3600 1773 θεὸν
3635 1714 3750 1773 εἶναι

2213 1814 2414 1875 πάντες
2443 1814 2493 1865 οἱ
2530 1812 2769 1882 μαθηταὶ
2816 1811 2907 1864 τοῦ
2942 1810 3278 1878 Εὑαγγελίου
3327 1808 3661 1862 συντίθενται.
3705 1808 3750 1857 '0

2211 1860 2768 1976 mastgia;
2797 1860 3560 1972 casinam»
3585 1898 3753 1967 κρίσιν
3844 1942 3865 1981 νγ
3957 1950 3959 1981 ψ

2213 1996 2421 2051 πᾶσαν
2456 1994 2676 2049 δέδωκε
2713 1993 2795 2060 τῷ
2838 1993 2967 2060 Υιῷ.
3020 1994 3161 2047 Ἀλλ’
3202 1994 3268 2047 οὐ
3302 1992 3636 2047 καθίστανται
3663 1990 3752 2042 τῶν

2212 2086 2633 2159 γεγραμμένων.
2691 2085 2829 2139 Φασὶ
2880 2085 2989 2156 γὰρ
3032 2085 3132 2156 τὴν
3179 2084 3280 2138 τοῦ
3334 2085 3451 2148 ἑνὸς
3498 2083 3752 2154 πρόσθεσιν

2215 2178 2421 2249 κυρίως
2446 2178 2525 2239 εἰς
2558 2176 2647 2230 τὸν
2676 2176 2897 2246 Πατέρα
2923 2176 3160 2245 βλέπειν.
3200 2176 3415 2241 Οὐδεὶς
3447 2178 3569 2249 γὰρ.
3593 2174 3751 2243 φησὶν,

2214 2268 2454 2338 ἀγαθὸς,
2485 2270 2536 2322 εί
2571 2267 2651 2336 μὴ
2681 2263 2769 2332 εἷς
2796 2271 2830 2321 ό
2872 2269 3035 2333 Θεός.
3061 2264 3186 2340 Ἆρ’
3219 2264 3320 2322 οὖν
3366 2269 3600 2334 ἀτονὴσει
3640 2264 3751 2334 πρὸς

2217 2358 2541 2429 συνηγορίαν
2579 2358 2781 2428 ἑαυτῆς
2808 2360 2841 2428 ή
2874 2357 3100 2429 ἀλήθεια
3125 2376 3139 2421 ;
3187 2359 3265 2411 "H
3291 2357 3603 2425 πολλαχόθεν
3633 2356 3753 2409 ἔστιν

2216 2452 2273 2503 ὲν
2298 2448 2549 2519 εὐσχολίᾳ
2581 2448 2747 2518 πολλῇ
2780 2449 2872 2502 καὶ
2898 2447 3086 2501 τοῦτον
3124 2449 3406 2518 ἐξελέγξαι
3434 2449 3522 2502 τὸν
3547 2447 3751 2515 παραλοο

2217 2540 2409 2610 γισμδν
2446 2541 2543 2610 τῆς
2573 2541 2820 2611 ἀπάτης
2863 2539 2919 2593 '0
2959 2540 3068 2611 γὰρ
3101 2539 3284 2596 ταῦτα
3308 2541 3431 2612 περὶ
3462 2539 3547 2592 τοῦ
3575 2536 3753 2607 [ἰατρὸς

2214 2633 2403 2695 εἰπὼν,
2440 2633 2663 2685 κάκεῖνα
2697 2634 2831 2703 πρὸς
2859 2632 2950 2685 τὸν
2994 2632 3210 2702 Πατέρα
3250 2642 3454 2703 φησὶν,
3482 2633 3556 2684 ὅτι
3586 2629 3753 2683 Πάντα

2217 2724 2287 2777 τὰ
2321 2723 2430 2791 ἐμὰ
2472 2722 2555 2777 σά
2583 2723 2716 2777 ἐστι
2743 2740 2757 2755 ο
2788 2724 2881 2777 καὶ
2909 2723 3289 2791 Δεδόξασμαι
3313 2725 3381 2777 ἐν
3400 2724 3607 2788 αὐτοῖς.
3638 2721 3753 2775 Bibi

2214 2816 2394 2870 πάντα
2432 2815 2501 2868 τὰ
2546 2815 2637 2868 τοῦ
2681 2815 2892 2886 Πατρδς
2920 2815 3013 2869 τοῦ
3051 2816 3181 2869 Υίοῦ
3226 2834 3399 2887 φησιν
3436 2813 3595 2877 εἶναι,
3634 2814 3683 2866 ἐν
3707 2812 3752 2865 δὲ

2214 2906 2322 2960 τῶν
2352 2908 2409 2958 ὲν
2445 2906 2526 2978 τῷ
2553 2908 2728 2978 Πατρὶ
2757 2906 3146 2979 θεωρουμένων
3171 2911 3202 2977 ἡ
3234 2908 3576 2978 ἀγαθότης,ἥ
3608 2905 3755 2959 πάντα

544 3003 672 3057 Filii
706 3020 848 3066 esse,
892 3021 1057 3059 unum
1101 3014 1280 3059 autem
1320 3020 1508 3060 eorum
1538 3020 1660 3076 quae
1707 3006 1759 3059 in
1797 3004 1952 3061 Patre
1990 3022 2114 3074 spe-

2214 2997 2313 3050 οὐκ
2341 2997 2474 3067 ἔχει,
2519 2998 2675 3069 εῐπερ
2706 2997 2863 3052 τοῦτο
2908 2999 3010 3051 οὐκ
3055 2998 3196 3068 ἔχει,
3238 3001 3338 3052 καὶ
3377 2998 3644 3069 ψεύδεσθαι
3669 2998 3753 3065 φή-

549 3105 765 3149 rtantur
796 3107 880 3151 est
914 3096 1150 3161 bonitas,
1182 3096 1266 3151 vel
1308 3098 1491 3153 omnia
1543 3112 1653 3151 non
1686 3098 1870 3159 habet,
1915 3098 1960 3151 si
1997 3098 2115 3168 qui-

543 3186 666 3240 dem
708 3188 812 3242 hoc
863 3203 969 3242 non
1019 3188 1200 3253 habet,
1231 3198 1286 3243 et
1317 3190 1535 3244 mentiri
1573 3190 1759 3245 dicent
1793 3189 2112 3252 veritatem;

545 3279 629 3334 vel
658 3278 702 3333 si
734 3279 890 3335 nefas
927 3290 1009 3335 est
1038 3281 1320 3334 veritatem
1356 3281 1527 3350 ipsam
1570 3281 1840 3350 suspicari
1872 3281 1925 3334 in
1957 3295 2114 3335 men-

543 3373 761 3428 dacium
802 3373 952 3437 ferri,
985 3375 1075 3442 qui
1108 3374 1290 3427 omnia
1334 3388 1455 3442 quae
1484 3383 1611 3427 sunt
1643 3372 1820 3426 Patris
1860 3387 1957 3425 sua
1992 3387 2116 3428 esse

542 3465 693 3529 dit-it,
752 3480 925 3532 neque
969 3472 1121 3519 extra
1176 3463 1467 3519 bonitatem
1513 3478 1637 3519 esse
1674 3464 1914 3519 confessi
1961 3472 2111 3518 sunt.

542 3554 645 3620 Qui
673 3556 815 3609 enim
849 3555 1065 3609 Patrem
1102 3555 1155 3607 in
1197 3553 1492 3622 semetipso
1532 3553 1715 3618 habet,
1758 3563 1811 3608 et
1838 3569 1958 3623 quae
1988 3562 2117 3609 sunt

544 3644 722 3698 Patris
750 3645 1068 3713 complexus
1106 3652 1190 3700 est
1236 3644 1441 3708 omnia,
1474 3657 1598 3697 cum
1631 3644 1891 3700 omnibus
1925 3644 2117 3699 videli-

545 3743 631 3789 cet
662 3733 959 3787 bonitatem
991 3733 1154 3787 etiam
1196 3733 1398 3788 habet:
1442 3734 1618 3788 bonus
1660 3734 1823 3805 igitur
1849 3734 2042 3792 Filius.

470 3814 476 3821 ”
619 3821 722 3876 Sed
773 3820 974 3886 nullus,
1020 3822 1220 3892 inquit,
1260 3821 1423 3876 bonus
1465 3824 1568 3876 nisi
1605 3839 1742 3876 unus
1791 3822 1966 3878 Deus.
2008 3824 2118 3879 Hoc

552 3913 614 3967 ab
660 3911 989 3967 adversariis
1049 3912 1362 3983 profertur,
1417 3928 1594 3983 neque
1645 3915 1761 3983 ipse
1807 3931 2115 3970 sermonem

550 4000 758 4067 rejicio,
795 4016 903 4054 non
936 4008 1116 4054 tanien
1144 4008 1427 4070 propterea
1464 3999 1584 4055 Filii
1632 4001 1927 4055 bonitatem
1958 4016 2114 4071 nego.

547 4090 649 4156 Qui
681 4092 826 4145 enim
856 4089 1147 4145 Dominum
1182 4090 1349 4146 Deum
1383 4107 1506 4147 esse
1540 4090 1852 4157 confitetur,
1880 4100 1936 4145 et
1973 4090 2119 4162 quod

550 4185 751 4239 tonum
778 4192 885 4244 cst,
922 4184 970 4239 ei
1003 4184 1225 4237 omnino
1255 4184 1358 4237 bac
1393 4183 1737 4239 confessione
1756 4184 2025 4239 attribuit.
2060 4183 2117 4239 Si

546 4277 693 4329 cnim
757 4277 977 4331 bonitas
1026 4275 1246 4346 propria
1298 4282 1383 4330 est
1426 4272 1562 4340 Dei,
1614 4282 1669 4329 et
1717 4274 1983 4330 Dominus
2035 4283 2119 4331 est

2217 3105 2372 3142 σουσι
2402 3090 2502 3160 τὴν
2531 3088 2788 3160 ἀλήθειαν
2808 3104 2822 3119 ο
2857 3090 2890 3159 ἢ
2940 3090 3099 3160 εἴπερ
3130 3088 3399 3159 ἀθέμιτον
3446 3089 3752 3144 καθυπονοεί-

2214 3180 2338 3233 σθαι
2366 3181 2464 3251 τὴν
2485 3180 2652 3243 ὅντως
2680 3179 2936 3251 ἀλήθειαν
2967 3180 3042 3243 ὡς
3070 3182 3149 3242 είς
3170 3180 3375 3248 ψεῦδος
3402 3180 3753 3251 ἐκφερομένην,

2211 3276 2239 3328 ὁ
2273 3274 2451 3327 πάντα
2479 3273 2545 3326 τὰ
2573 3273 2667 3326 τοῦ
2698 3273 2913 3343 Πατρὸς
2938 3272 3134 3327 ἑαυτοῦ
3161 3273 3365 3343 λέγων,
3392 3276 3505 3328 οὐδὲ
3529 3275 3618 3342 τῆς
3642 3275 3751 3337 ἀγει-

2213 3365 2433 3436 θότητος
2463 3365 2618 3429 ἐκτὸς
2639 3360 2777 3420 εῖναι
2800 3364 3279 3435 συνωμολόγησεν.
3323 3368 3381 3421 '0
3405 3368 3508 3438 γὰρ
3528 3368 3580 3417 ὲν
3605 3360 3753 3424 ἐαυτῷ

2208 3448 2299 3499 τὸν
2332 3446 2547 3519 Πατέρα
2573 3446 2735 3518 ἔχων,
2766 3449 2861 3502 καὶ
2889 3449 2958 3502 τὰ
2980 3450 3071 3502 τοῦ
3106 3450 3328 3519 Πατρός
3352 3441 3749 3518 ἐμπεριειληφὼς

2212 3539 2386 3592 πάντα
2412 3577 2427 3601 ,
2461 3538 2598 3608 μετὰ
2640 3538 2858 3592 πάντων
2899 3538 3140 3609 δηλονότι
3186 3540 3288 3593 καὶ
3336 3542 3433 3609 τὴν
3479 3531 3745 3604 ἀγαθότητα

2209 3626 2351 3697 ἔχει·
2392 3627 2588 3680 οὐκοῦν
2622 3624 2824 3696 ἀγαθὸς
2851 3629 2879 3680 ὁ
2911 3627 3059 3689 Υἱός.

2293 3805 2427 3858 Ἀλλ’
2475 3804 2696 3871 οὐδεὶς,
2729 3802 2894 3874 φησὶν
2922 3841 2938 3863 ,
2982 3800 3220 3870 ἀγαθὸς,
3255 3804 3307 3855 εί
3334 3799 3418 3869 μὴ
3440 3792 3523 3863 εἷς
3553 3800 3581 3850 ὁ
3606 3794 3741 3855 Θεός.

2207 3898 2377 3952 Τοῦτο
2421 3898 2569 3969 παρά
2600 3897 2706 3951 τῶν
2750 3895 3009 3949 ἐναντίων
3043 3894 3416 3964 προφέρεται,
3463 3891 3577 3945 οὐδὲ
3610 3883 3744 3943 αὐτὸς

2207 3988 2496 4041 ἀποϐάλλω
2522 3988 2610 4042 τὸν
2640 3988 2816 4055 λόγον.
2849 3985 2922 4039 Οὐ
2958 3984 3064 4056 μὴν
3097 3985 3370 4055 ἀρνοῦμαι
3398 3982 3485 4036 διὰ
3512 3978 3650 4032 τοῦτο
3668 3970 3740 4023 τοῦ

2208 4078 2337 4132 Υἰοῦ
2367 4081 2463 4149 τὴν
2494 4078 2822 4147 ἀγαθότητα.
2862 4076 2918 4130 '0
2947 4074 3003 4128 δὲ
3040 4074 3321 4144 ὁμολογῶν
3361 4072 3489 4127 Θεὸν
3526 4064 3647 4123 εἶναι
3668 4061 3741 4113 τὸν

2206 4172 2428 4241 Κύριον,
2457 4172 2550 4225 καὶ
2581 4169 2784 4239 ἀγαθὸν
2819 4168 2968 4239 αὐτῷ
2996 4168 3210 4230 πάντως
3250 4166 3341 4219 διὰ
3366 4166 3464 4235 τῆς
3493 4154 3739 4232 ὁμολογίας

2206 4265 2409 4335 ταύτης
2436 4261 2939 4334 συνεμαρτύρησεν.
2973 4259 3034 4312 Ei
3070 4258 3179 4328 γὰρ
3201 4258 3335 4311 ίδιον
3366 4255 3496 4311 Θεοῦ
3526 4254 3558 4324 ἡ
3583 4241 3741 4317 ἁγαθό-

550 4367 712 4433 Deus,
750 4369 929 4423 bonus
977 4342 1163 4438 itaque
1194 4382 1290 4437 per
1320 4367 1437 4420 haec
1467 4380 1591 4436 quae
1635 4367 1816 4436 posita
1860 4375 1992 4421 sunt
2030 4365 2115 4422 Fi-

2211 4376 2335 4429 της⁴ν
2369 4357 2500 4420 Θεὸς
2521 4355 2578 4408 δὲ
2610 4358 2638 4408 ὁ
2660 4354 2887 4425 Κύριος,
2919 4351 3120 4421 ἀγαθὸς
3147 4351 3257 4423 ἄρα
3281 4350 3369 4404 διὰ
3394 4349 3499 4402 τῶν
3516 4342 3745 4441 τεθέντα*

520 4457 654 4516 ’lius
684 4462 1011 4515 ostenditur.
1055 4427 1183 4524 S-ed,
1215 4459 1312 4525 ait,
1353 4458 1519 4513 unius
1552 4458 1719 4513 dictio
1745 4456 1943 4513 Filium
1984 4458 2113 4513 boni

2211 4450 2237 4500 ὁ
2264 4427 2389 4510 Υἱὸς
2439 4444 2801 4513 ἀναπέφηνεν.
2852 4442 3041 4506 Ἀλλὰ,
3075 4440 3229 4511 φησι,
3277 4438 3370 4493 τοῦ
3401 4437 3515 4499 ἑνὸς
3557 4427 3740 4525 μίξις

546 4554 932 4608 communione
980 4553 1240 4615 secernit,
1276 4554 1373 4609 sed
1417 4560 1503 4609 est
1546 4553 1707 4608 facile
1738 4551 2118 4607 demonstrare

548 4640 691 4709 quod
726 4657 903 4711 neque
942 4640 1047 4694 hoc
1074 4656 1104 4693 a
1132 4639 1270 4693 Filio
1300 4638 1515 4696 Patrem
1538 4638 1787 4711 dissipat.
1817 4638 2027 4692 Etenim
2064 4638 2116 4691 in

550 4732 805 4797 omnibus
844 4733 967 4787 aliis
1004 4732 1149 4802 quod
1195 4748 1365 4785 unum
1409 4740 1511 4799 est,
1545 4731 1912 4801 ineopulatam
1955 4730 2118 4784 habet

553 4820 1044 4890 significationem;
1075 4824 1128 4877 in
1157 4822 1315 4878 Patre
1345 4839 1469 4878 vero
1497 4831 1551 4877 et
1583 4822 1743 4889 Filio,
1772 4822 1916 4892 quod
1947 4838 2116 4875 unum

549 4919 636 4966 est
670 4926 779 4965 non
813 4913 866 4965 in
897 4914 1192 4969 solitudine
1215 4916 1330 4969 sive
1351 4915 1732 4984 singularitate
1760 4913 2113 4983 conSpicitur.

550 5007 665 5073 Ego
687 5003 854 5068 enim,
883 5004 1079 5072 inquit,
1108 5014 1161 5058 et
1190 5005 1350 5059 Pater
1377 5022 1541 5059 unum
1561 5021 1740 5059 sumus
1765 5005 1832 5059 ¹².
1865 5002 1922 5058 Si
1953 5003 2114 5074 igitur

550 5111 695 5150 unus
721 5093 942 5165 quidem
964 5094 1179 5162 bonus;
1214 5097 1397 5152 unitas
1422 5106 1601 5151 autem
1622 5095 1868 5166 quaedam
1893 5096 1949 5149 in
1980 5093 2119 5147 Filio

549 5197 603 5244 et
624 5187 792 5243 Patre
820 5187 1175 5256 intelligitur;
1203 5202 1331 5257 ergo
1360 5187 1623 5243 Dominus
1648 5188 1742 5257 qui
1778 5187 1872 5240 uni
1906 5185 2122 5240 bonita-

550 5289 661 5335 tem
691 5279 961 5344 attribuit,
1000 5287 1055 5334 et
1082 5278 1187 5334 sibi
1217 5279 1318 5348 ipsi
1350 5294 1447 5348 per
1486 5279 1647 5333 unius
1683 5274 2137 5348 eognominatioR

552 5386 675 5427 nem
728 5370 1027 5443 assignavit
1078 5377 1263 5440 utpote
1318 5369 1411 5439 qui
1458 5368 1531 5423 sit
1590 5384 1731 5424 unus
1781 5382 1905 5421 cum
1939 5366 2118 5428 Patre,

552 5478 727 5533 neque
749 5480 781 5519 a
803 5464 982 5523 Patris
1009 5464 1219 5520 unitate
1249 5462 1550 5520 secundum
1576 5468 1826 5516 naturam
1850 5458 2118 5515 divulsus.

626 5640 647 5670 ⁸
690 5640 875 5694 Matth.
905 5658 991 5705 xx,
1022 5643 1083 5696 15
1111 5659 1228 5714 sqq.
1342 5645 1362 5673 ³
1400 5642 1551 5699 Jmll-
1577 5656 1628 5704 ν,
1651 5638 1738 5697 22-

1858 5638 1898 5669 ”
1935 5632 2127 5692 Matth.
2161 5648 2271 5695 XIX,
2323 5632 2407 5687 l7.

2207 4537 2491 4606 ἀποκρίνει
2519 4535 2612 4587 τὸν
2634 4535 2762 4588 Υίδν
2790 4534 2888 4603 τῆς
2920 4532 3014 4586 τοῦ
3046 4530 3253 4601 ἀγαθοῦ
3283 4528 3578 4589 κοινωνίας.
3610 4516 3741 4613 Ἀλλίῑ

2210 4624 2388 4697 ῥᾴδιον
2433 4623 2605 4690 δεῖξαι
2650 4623 2733 4676 ὅτι
2776 4622 2897 4676 οὐδὲ
2934 4622 2995 4674 τὸ
3042 4621 3099 4675 ἓν
3139 4620 3299 4674 τοῦτο
3332 4615 3627 4689 διαχωρίζει
3664 4622 3743 4660 του

2210 4713 2341 4769 Υἱοῦ
2362 4716 2453 4768 τὸν
2482 4715 2718 4785 Πατέρα.
2750 4716 2870 4767 Ἐπὶ
2905 4713 3003 4784 μὲν
3035 4711 3142 4782 γὰρ
3165 4711 3274 4764 τῶν
3304 4704 3742 4773 ἄλλωνᾶπάντωνν

2209 4808 2268 4861 τὸ
2296 4808 2354 4861 ἓν
2406 4807 2769 4862 ἀσυνδύαστον
2815 4805 2925 4875 ἔχει
2950 4804 3047 4875 τὴν
3085 4803 3380 4874 σημασίαν.
3424 4799 3543 4852 Ἐπὶ
3584 4794 3634 4845 δὲ
3666 4785 3744 4840 τοῦ

2209 4900 2421 4971 Πατρός
2456 4916 2513 4951 τε
2543 4898 2635 4951 καί
2667 4897 2757 4950 τοῦ
2782 4896 2932 4961 Υίοῦ,
2968 4898 3027 4948 τὸ
3056 4894 3114 4949 ἓν
3142 4895 3241 4948 οὐκ
3273 4896 3331 4946 ὲν
3362 4890 3601 4961 μονότητι
3636 4879 3747 4935 καθ·

2212 4992 2425 5061 ορᾶται·
2468 4988 2607 5057 Ἐγὼ
2648 4988 2779 5058 γὰρ,
2818 4986 2973 5055 φησὶ,
3023 4985 3124 5041 καὶ
3168 4987 3200 5039 ό
3226 4982 3428 5049 Πατὴρ
3464 4980 3532 5033 ἓν
3566 4977 3743 5061 caper:

2210 5058 2273 5135 Ei
2314 5078 2406 5135 οὖν
2438 5075 2515 5144 εἷς
2564 5080 2661 5150 μὲν
2700 5082 2728 5133 ὁ
2764 5079 2993 5147 ἀγαθὸς,
3032 5079 3215 5147 ἑνότης
3248 5075 3306 5131 δέ
3340 5090 3423 5135 τις
3460 5072 3514 5125 ἐν
3549 5067 3620 5136 τῷ
3649 5058 3747 5127 Υίῷ

2212 5175 2303 5228 καὶ
2327 5173 2403 5243 τῷ
2436 5172 2610 5242 [lupi
2632 5172 2944 5243 θεωρεῖται·
2977 5170 3085 5240 ἀρα
3108 5171 3137 5223 ὁ
3165 5166 3367 5238 Κύριος
3395 5164 3474 5223 ἐνὶ
3496 5153 3745 5243 μαρτυρῇ-

2214 5281 2313 5326 σας
2347 5242 2445 5334 τὴν
2494 5242 2840 5335 ἀγαθότητα,
2882 5261 2977 5316 καὶ
3022 5257 3197 5331 ἐαυτῷ
3245 5256 3335 5310 διὰ
3377 5252 3467 5307 τοῦ
3513 5249 3623 5310 ἐνὸς
3662 5242 3750 5311 τὴν

2210 5358 2527 5429 ἐπωνυμίαν
2547 5356 2747 5429 ταύτην
2780 5353 3266 5428 προσεμαρτύρησε
3287 5391 3301 5414 ,
3328 5348 3403 5419 τῷ
3430 5347 3485 5398 ἒν
3506 5345 3611 5397 ὄντι
3630 5335 3744 5406 πρὸς

2221 5456 2302 5509 τὸν
2330 5453 2567 5525 Πατέρα,
2597 5455 2689 5513 καί
2709 5454 2811 5507 οὐκ
2837 5448 3305 5525 ἀποῤῥηγνυμὲνῳ
3328 5447 3424 5516 τῆς
3450 5439 3582 5496 κατά
3606 5435 3744 5505 φύσιν

2500 5648 2537 5676 ¹¹
2578 5644 2731 5699 Joan.
2764 5659 2892 5707 xvii,
2934 5644 3015 5696 16.
3109 5643 3148 5673 ¹²
3184 5638 3334 5693 Joan.
3378 5655 3427 5699 χ,
3466 5636 3548 5688 30.
