4054 6152
340 275 446 331 865

1456 268 1734 324 CONTRA
1765 268 2155 335 ElJNOMtlTM,
2192 271 2316 326 LIB.
2355 275 2440 329 XI.

3478 273 3581 327 866

338 398 607 467 ἑνότητος.
665 394 800 447 Ἀλλ’
832 394 976 455 ἰπως
1006 392 1070 446 ἂν
1091 391 1179 445 διὰ
1208 391 1425 445 πάντων
1454 391 1675 462 ἔκδηλον
1701 390 1904 459 γένοιτο

2014 390 2119 449 Sed
2155 405 2210 449 ut
2237 412 2332 465 per
2360 399 2544 452 omnia
2576 396 2740 467 hujus
2768 396 2947 467 gravis
2974 394 3261 464 scriptoris
3289 394 3584 449 ineruditio

332 490 431 544 τοῦ
460 486 655 557 σεμνοῦ
684 486 1018 557 λογογράφου
1043 485 1104 538 τὸ
1124 484 1423 555 φιλαμαθὲς
1440 485 1533 537 καὶ
1560 484 1900 548 ἀπαίδευτον,

333 582 509 651 αὐτὴν
544 580 964 650 κατανοήσωμεν
1002 578 1095 630 ἐπὶ
1130 576 1325 643 λέξεως
1364 577 1472 629 τῶν
1506 574 1904 646 γεγραμμένων

331 673 433 743 τὴν
467 669 735 733 σύνταξιν.
767 669 881 722 Οὐκ
918 668 1211 723 οἰκειοῦται
1232 706 1247 730 ,
1282 667 1449 738 φησὶ,
1484 667 1582 737 τὴν
1629 667 1722 719 τοῦ
1755 666 1905 729 ὄντος

331 765 489 829 ἀξίαν
519 767 548 818 6
577 764 704 827 Υἱός
729 781 741 795 ·
782 762 941 828 ἀξίαν
979 761 1280 832 ὀνομάζων,
1326 760 1457 813 αὐτὸ
1483 760 1543 812 τὸ
1583 757 1742 812 εἶναι.
1779 758 1903 821 Πῶς

333 852 440 909 οἶδε
471 855 673 925 κυρίως
697 855 809 917 τοῖς
839 852 1156 924 πράγμασιν
1190 849 1521 935 ἐφαρμόζειν
1550 848 1617 900 τὰ
1646 848 1862 919 ῥήματα
1886 848 1899 900 l

332 949 427 1000 καὶ
457 947 645 1016 ἐπειδὴ
674 946 763 999 διὰ
794 946 885 999 τὸν
914 944 1131 1014 Πατέρα
1158 942 1324 1007 εστὶν,
1360 939 1769 1012 ἀλλοτριοῦσθαι
1806 938 1904 992 αὐο

332 1039 421 1092 τὸν
459 1036 655 1091 ἑαυτοῦ
698 1036 864 1105 λέγει.
913 1036 1002 1100 Ὡς
1034 1036 1130 1088 καὶ
1170 1034 1271 1105 τῆς
1303 1032 1495 1086 τούτου
1543 1029 1901 1102 κυριευούσης

331 1131 516 1192 οὐσίας
546 1128 682 1200 πρὸς
711 1127 904 1198 ἑαυτὴν
939 1125 1201 1196 ἑλκούσης
1242 1124 1339 1196 τὴν
1367 1123 1460 1176 τοῦ
1498 1123 1649 1185 ὄντος
1670 1121 1899 1174 ἔννοιαν.

333 1216 504 1270 Τοῦτο
544 1216 599 1269 δὲ
637 1214 879 1268 τοιοῦτόν
911 1218 1079 1279 ἐστιν,
1114 1215 1189 1277 ὡς
1223 1213 1289 1267 ἃν
1331 1212 1385 1265 εἴ
1425 1230 1508 1275 τις
1548 1211 1716 1277 λέγοι,
1761 1211 1842 1262 ὅτι
1870 1211 1903 1262 ό

332 1301 737 1372 ἀργυρώνητος,
776 1300 910 1354 καθό
944 1302 1083 1362 ἐστι,
1122 1300 1264 1354 κατὰ
1294 1300 1391 1370 τὴν
1419 1301 1554 1353 ἰδίαν
1580 1299 1897 1361 ὑπόστασιν,

330 1393 430 1445 οὐκ
457 1394 659 1456 ἐκεῖνος
685 1392 829 1446 ἐστὶν
856 1431 871 1456 ,
898 1392 1011 1445 ἀλλ’
1039 1392 1406 1463 όὲωνημένος,
1440 1392 1541 1461 τῆς
1564 1391 1687 1443 κατ’
1704 1388 1902 1441 οὐσίαν

328 1482 523 1539 ἑαυτοῦ
568 1483 914 1546 ὑποστάσεως
959 1485 1038 1547 τίς
1065 1482 1164 1554 τὴν
1193 1482 1286 1535 τοῦ
1319 1481 1708 1554 κυριεύσαντος
1740 1478 1901 1546 φύσιν

328 1573 745 1645 ἀναληφθείσης.
773 1574 960 1629 Ταῦτα
973 1574 1040 1627 τὰ
1059 1574 1237 1643 ὑψηλὰ
1252 1572 1346 1626 τοῦ
1364 1571 1614 1639 θεολόγου
1631 1571 1897 1639 νοήματα,

325 1667 359 1734 ή
387 1665 442 1718 δὲ
467 1665 576 1718 τῶν
618 1666 1027 1738 προειρημένων
1052 1665 1322 1729 ἀπόδειξις
1363 1666 1480 1730 οἴα;
1514 1662 1698 1726 αὑτοῦ,
1735 1659 1890 1730 φησὶν

326 1731 419 1810 τοῦ
450 1731 1134 1825 Μονογενοῦςῑάτοοδιδόντος
1157 1756 1236 1827 τῷ
1262 1757 1456 1827 Πατρὶ,
1479 1754 1577 1825 τὴν
1602 1754 1749 1823 μόνῳ
1770 1752 1889 1804 κατ’
1924 1731 1966 1786 Β

326 1849 483 1912 ἀξίαν
540 1848 896 1919 ὀφειλομένην
945 1848 1283 1917 ἐπωνυμίαν.
1347 1847 1455 1899 Καὶ
1501 1843 1675 1897 ταῦτα
1723 1840 1895 1895 εἰπὼν

326 1938 520 2005 ἐπάγει
549 1938 609 1991 τὸ
639 1938 797 2007 μόνον
820 1935 958 1991 εἶναι
984 1935 1188 2005 ἀγαθὸν
1218 1935 1459 2005 Πατέρα.
1491 1932 1601 1986 Ποῦ
1635 1931 1812 1984 τοίνυν
1837 1929 1895 1981 ἓν

327 2030 533 2093 τούτοις
578 2031 820 2100 ἀρνεῖται
862 2031 891 2082 6
918 2028 1044 2090 Υίὸς
1078 2028 1177 2097 τὴν
1214 2026 1532 2095 ἐπωνυμίαν
1578 2022 1671 2075 τοῦ
1706 2021 1893 2082 θντος;

325 2121 461 2190 ὅπερ
494 2116 894 2182 κατασκευάζει
937 2116 1200 2187 Εὑνόμιος
1224 2157 1238 2180 ,
1268 2115 1439 2169 ταῦτα
1468 2112 1778 2183 προστιθεὶς
1806 2109 1897 2159 ἐπὶ

326 2212 550 2276 λέξεως·
573 2210 634 2263 '0
659 2209 767 2279 γὰρ
805 2209 919 2277 τὴν
950 2208 1054 2261 τοῦ
1096 2206 1320 2275 ἀγαθοῦ
1361 2207 1701 2272 πρόσρησιν
1733 2203 1897 2271 μόνῳ

328 2302 656 2370 προσήκειν
670 2299 915 2366 διδάξας
929 2300 1139 2364 ἐκείνῳ
1157 2297 1234 2362 τῷ
1252 2297 1345 2350 καὶ
1364 2295 1474 2363 τῆς
1489 2295 1782 2364 σφετέρας
1801 2292 1899 2345 καὶ

329 2394 533 2460 πάσης
556 2392 919 2462 ἁγηθότητος
945 2392 1129 2454 αἰτίῳ,
1154 2388 1249 2443 καί
1271 2388 1528 2441 πάντοτε
1547 2387 1692 2448 ὄντι,
1715 2384 1810 2437 καὶ
1832 2384 1897 2436 τὸ

330 2484 642 2553 γινόμενον
666 2481 888 2552 ἀγαθὸν
909 2483 1000 2534 ἐπ’
1022 2480 1256 2535 ἐκεῖνον
1275 2480 1487 2549 φέρων·
1521 2477 1720 2547 σχολή
1743 2479 1796 2546 τ’
1821 2476 1899 2531 ἂν

329 2576 447 2628 τῶν
475 2592 617 2628 ποτε
647 2573 974 2643 γινομένων
994 2571 1330 2639 ᾠκειώσατο
1356 2570 1468 2637 τὴν
1490 2569 1779 2634 ἐξουσίαν
1799 2568 1899 2621 καὶ

327 2666 443 2739 τὴν
455 2665 559 2719 τοῦ
577 2666 748 2730 ὄντος
763 2665 1121 2733 ἐπωνυμίαν.
1130 2664 1194 2716 Τί
1209 2663 1454 2715 κοινωνεῖ
1466 2664 1576 2723 τοῖς
1590 2664 1636 2713 εί
1646 2678 1709 2731 ρη
1719 2659 1898 2728 μόνοις

327 2762 361 2830 η
386 2758 601 2824 ἐξουσία
621 2775 633 2821 ;
655 2757 777 2818 Πῶς
799 2757 853 2808 δὲ
880 2755 1014 2824 μετὰ
1034 2755 1234 2816 ταύτης
1251 2754 1344 2807 καὶ
1360 2753 1460 2822 τῆς
1479 2752 1572 2804 τοῦ
1587 2752 1740 2813 ὄντος
1754 2752 1898 2804 ἐπω-

328 2849 527 2918 νυμίας
569 2850 597 2901 6
644 2847 767 2908 Υὶδς
804 2846 1186 2914 quaepiam-at;
1242 2844 1379 2895 Ἀλλ’
1409 2844 1508 2894 οὐκ
1556 2839 1670 2894 οῖδα
1701 2841 1756 2893 τί
1793 2840 1898 2911 χρὴ

329 2939 491 2991 πλέον
521 2940 577 2989 ὲν
601 2936 808 2997 τούτοις
831 2939 1002 2987 ποιεῖν
1025 2952 1037 2964 ο
1065 2934 1227 3004 γελᾷν
1255 2934 1351 3004 τὴν
1374 2932 1635 3000 ἀμαθίαν,
1668 2933 1701 3001 ἢ
1732 2932 1900 2984 ἐλεεῖν

327 3030 430 3099 τὴν
456 3026 749 3081 ἀπώλειαν.
800 3026 876 3078 Ἦ
918 3043 975 3077 τε
1015 3024 1122 3093 γὰρ
1154 3026 1250 3093 τῆς
1286 3024 1549 3092 σφετέρας
1584 3023 1730 3087 λέξις
1753 3062 1767 3081 ,
1803 3023 1901 3091 οὐχ
1930 3063 1974 3122 C

328 3117 500 3180 οὕτως
526 3117 856 3185 ἑκληφθεῖσα
875 3115 949 3177 ὡς
978 3114 1186 3181 πέφυκέ
1211 3131 1267 3165 τε
1301 3114 1394 3166 καὶ
1413 3112 1601 3167 εἴωθεν
1624 3115 1680 3166 ὲν
1711 3114 1904 3183 χρήσει

328 3208 575 3277 γίνεσθαι
608 3207 760 3278 παρὰ
788 3210 899 3275 τοῖς
942 3206 1106 3259 εἰδόσι
1146 3204 1450 3275 κεχρῆσθαι
1486 3205 1629 3276 λόγῳ
1646 3196 1666 3267 ’,
1707 3206 1904 3276 πολλὴν

329 3299 478 3370 αύτῷ
504 3300 772 3369 μαρτυρεῖ
798 3298 896 3367 τῆς
940 3295 1403 3364 ἀντονομαστικῆς
1429 3294 1774 3364 τεχνολογίας
1804 3297 1905 3366 τὴν

330 3393 659 3461 ἐπιστήμην,
691 3391 759 3459 ἢν
790 3390 882 3443 καὶ
916 3387 986 3441 τὰ
1021 3387 1281 3458 παιδάρια
1321 3386 1468 3457 παρὰ
1491 3388 1604 3449 τοῖς
1641 3402 1905 3457 γραμμα-

329 3483 536 3543 τισταῖς
562 3480 797 3550 ἀμογητὶ
815 3477 1160 3548 διεξέρχεται.
1187 3478 1295 3529 Καὶ
1309 3478 1369 3530 τὸ
1392 3475 1785 3547 παρενεχθῆναι
1811 3475 1903 3529 τοῦ

330 3573 694 3644 προκειμένου
728 3571 952 3639 γελοίως
982 3570 1143 3622 αὑτὸν
1172 3569 1306 3637 πρὸς
1332 3570 1401 3622 τὰ
1436 3568 1597 3641 μηδὲν
1623 3570 1907 3621 bnatoth-

332 3664 528 3717 νοῦντα
557 3662 633 3733 τῷ
673 3663 817 3731 λόγῳ
857 3662 951 3714 καὶ
984 3660 1063 3731 τῷ
1095 3663 1331 3731 σχήματι
1363 3657 1809 3730 συμπεραστικῷ,
1842 3658 1904 3711 τὸ

335 3757 410 3826 μὴ
441 3757 712 3807 κοινωνεῖν
741 3754 831 3806 τὸν
860 3752 988 3806 Υίὺν
1015 3753 1115 3822 τῆς
1136 3755 1315 3805 ὲπωνυ
1323 3752 1453 3821 μίας
1474 3750 1567 3803 τοῦ
1589 3751 1760 3816 ὄντος,
1783 3751 1905 3813 ταῖς

333 3846 640 3908 ἀλλοκότοις
676 3845 1118 3917 ὲφαρμοζόμενον
1164 3844 1527 3905 κατασκευαῖς
1555 3859 1569 3873 °
1604 3844 1698 3895 καὶ
1725 3842 1903 3895 πάντα

330 3942 404 3994 τὰ
429 3938 651 3993 τοιαῦτα
667 3938 920 4007 καθάπερ
940 3935 1247 4006 ἐξεπίτηδες
1268 3935 1361 3987 ἐπὶ
1381 3935 1575 4003 γέλωτι
1599 3928 1900 4001 σύγκειται.

333 4031 499 4083 ’Ὥστε
540 4045 594 4082 τι
642 4029 736 4083 καὶ
789 4028 982 4081 παθεῖν
1013 4028 1172 4096 τυχὸν
1204 4026 1330 4089 τοὺς
1365 4026 1763 4096 ἁμελεστέρους
1810 4026 1904 4077 καὶ

331 4122 654 4191 ἐπιγελάσαι
687 4120 761 4190 τῷ
785 4122 1141 4190 ἁσυναρτήτῳ
1166 4120 1274 4171 τῶν
1312 4119 1501 4185 λόγων.
1556 4117 1716 4170 Ἀλλὰ
1742 4117 1800 4169 τὸ
1828 4117 1902 4186 μὴ

332 4209 473 4266 εἶναι
499 4213 591 4266 τὸν
631 4212 765 4266 Θεὸν
810 4212 1002 4280 Λόγον,
1037 4211 1069 4279 ἢ
1116 4209 1317 4277 ἀγαθὸν
1359 4210 1574 4272 πάντως
1606 4209 1679 4278 μὴ
1721 4202 1859 4260 εἶναι
1884 4222 1899 4239 ·

331 4304 508 4358 ταῦτα
536 4303 645 4373 γὰρ
687 4302 1083 4367 κατασκευάζει
1118 4303 1183 4356 δι’
1239 4296 1314 4356 ὧν
1359 4303 1459 4372 τήν
1506 4318 1565 4353 τε
1604 4300 1700 4353 τοῦ
1750 4300 1902 4362 ὄντος

2007 496 2058 543 et
2098 489 2317 544 inscitia
2356 492 2647 546 manifeste
2676 496 2879 561 pateat,
2909 489 3236 556 scriptorum
3269 488 3334 541 ad
3356 487 3581 542 verbum

2008 582 2263 651 syntaxin
2293 584 2706 639 consideremus
2740 600 2752 636 :
2781 581 2977 647 Filius,
3006 581 3202 649 inquit,
3233 581 3352 651 ejus
3386 581 3584 651 quiest

2005 669 2322 741 dignitatem
2360 686 2469 727 non
2502 671 2602 727 sibi
2637 670 2899 736 vindicat,
2926 669 3242 740 dignitatem
3295 671 3583 726 nominans

2005 760 2187 831 Ipsum
2232 777 2397 818 esse.~
2425 762 2709 827 Quomodo
2757 762 2909 815 novit
2955 761 3172 830 proprie
3217 762 3374 817 verba
3420 764 3584 818 rebus

2004 851 2422 907 accommodare
2453 854 2466 905 ι
2503 854 2568 905 Ει
2608 852 2866 922 quoniam
2908 866 3002 921 per
3029 850 3247 905 Patrem
3278 861 3380 918 est,
3423 852 3578 906 illum

2004 941 2075 995 ab
2109 943 2229 1011 ipso
2259 942 2557 995 alienatum
2600 956 2721 995 esse
2757 940 2911 1004 dicit,
2938 939 3068 1010 quia
3114 940 3372 994 nimirum
3418 940 3583 1010 hujus

2003 1031 2337 1086 dominatrix
2369 1031 2610 1087 essentia
2642 1033 2710 1085 ad
2740 1032 2976 1101 seipsam
3010 1031 3192 1085 trahat
3229 1033 3371 1087 entis
3406 1034 3580 1087 notio-

2003 1139 2125 1178 nem
2163 1144 2174 1177 :
2205 1124 2309 1178 hoc
2336 1131 2515 1177 autem
2546 1124 2652 1177 tale
2671 1131 2756 1178 est
2787 1138 2849 1177 ac
2874 1124 2917 1177 si
2956 1125 3081 1193 quis
3113 1124 3280 1189 dicat,
3316 1126 3458 1194 quod
3494 1139 3585 1179 ar-

2004 1222 2166 1283 gento
2195 1222 2435 1282 emptus,
2465 1227 2573 1282 qua
2607 1220 2711 1275 est,
2745 1214 3045 1266 secundum
3087 1228 3240 1268 suam
3273 1215 3582 1268 subsisten-

2003 1305 2133 1358 tiam
2178 1320 2286 1358 non
2320 1304 2411 1358 ille
2445 1302 2563 1367 est,’
2583 1303 2677 1358 sed
2709 1303 2803 1373 qui
2838 1311 3055 1372 emptus
3079 1315 3182 1366 est,
3226 1306 3579 1360 subsistentia

2004 1396 2302 1451 secundum
2349 1396 2434 1450 sui
2484 1394 2779 1450 essentiam
2824 1395 2890 1448 ad
2938 1394 3273 1449 dominantis
3329 1408 3580 1450 naturam

2004 1496 2303 1556 assumpta;
2338 1487 2421 1541 hae
2451 1496 2578 1541 sunt
2598 1488 2720 1541 alta:
2740 1487 2903 1555 hujus
2925 1487 3159 1556 theologi
3182 1489 3454 1554 notiones,
3486 1489 3582 1543 sed

2005 1586 2129 1631 ante
2160 1575 2431 1631 dictorum
2467 1576 2866 1630 demonstratio
2897 1575 3118 1645 qualis?
3148 1576 3284 1630 Cum
3321 1578 3459 1646 ipse,
3494 1579 3583 1632 in-

2005 1671 2144 1740 quit,
2170 1670 2495 1740 Unigenitus
2521 1668 2709 1725 reddat
2730 1669 2874 1723 Patri
2903 1668 3002 1725 soli
3029 1670 3327 1724 secundum
3346 1670 3582 1741 dignita.

2000 1774 2103 1816 tem
2153 1762 2392 1817 debitam
2447 1762 3016 1831 cognominationem:
3070 1771 3121 1816 et
3184 1762 3297 1816 bzec
3361 1766 3576 1819 locutus

1998 1854 2301 1923 subjunxit,
2337 1856 2512 1908 solum
2545 1857 2743 1909 bonum
2774 1870 2896 1910 esse
2930 1854 3166 1920 Patrem,
3201 1857 3290 1909 ubi
3316 1856 3485 1925 igitur
3518 1858 3573 1911 in

1996 1947 2083 2001 his
2122 1945 2290 2001 Filius
2328 1946 2431 2000 sibi
2469 1945 2698 2015 denegat
2733 1946 2877 2001 entis
2924 1946 3384 2014 appellationem?
3421 1948 3567 2017 quod

1997 2037 2215 2106 quidem
2248 2037 2446 2090 astruit
2467 2035 2766 2090 Ennomius
2798 2036 2911 2089 haec
2939 2035 3201 2103 adjiciens
3225 2036 3289 2088 ad
3314 2038 3571 2091 verbum:

2000 2128 2104 2194 Qui
2134 2130 2271 2183 enim
2318 2130 2438 2182 boni
2485 2128 2889 2196 appellationem
2927 2127 3027 2180 soli
3058 2128 3326 2180 convenire
3361 2128 3577 2192 docuit,

1998 2219 2080 2274 illi
2112 2236 2222 2274 sua:
2268 2222 2536 2288 omnisque
2589 2219 2839 2272 bonitatis
2875 2219 3079 2270 auctori
3122 2226 3169 2271 et
3213 2220 3422 2271 omnino
3466 2220 3573 2271 enti

1997 2320 2046 2363 et
2072 2309 2210 2379 quod
2245 2311 2306 2378 ﬁt
2331 2312 2519 2361 bonum
2543 2349 2558 2373 ,
2604 2309 2658 2360 in
2702 2307 2853 2361 illum
2892 2308 3089 2377 refert,
3137 2308 3223 2361 via:
3250 2325 3427 2362 eorum
3461 2325 3576 2377 qua:

2001 2405 2169 2471 ﬁunt,
2212 2410 2521 2470 potestatem
2571 2408 2620 2453 et
2686 2401 2819 2453 entia
2870 2415 3057 2452 nomen
3112 2400 3214 2452 sibi
3274 2400 3573 2467 applicavit.

2009 2492 2148 2558 Quid
2199 2493 2363 2546 habet
2407 2506 2693 2546 commune
2742 2506 2865 2544 eum
2912 2489 3075 2544 dictis
3118 2489 3398 2557 potestas?
3432 2486 3579 2553 Quo-

2002 2583 2169 2637 modo
2196 2597 2321 2635 cum
2359 2582 2458 2635 hac
2489 2591 2541 2637 et
2571 2582 2638 2635 ab
2671 2582 2811 2635 entis
2837 2581 3208 2634 nominatione
3240 2579 3409 2633 Filius
3441 2580 3575 2634 alie-

2004 2687 2165 2728 natus
2194 2674 2318 2727 est?
2349 2672 2453 2727 Sed
2493 2672 2621 2741 quid
2648 2673 2829 2741 potius
2863 2671 2916 2724 in
2949 2671 3033 2724 his
3064 2671 3328 2739 agendum
3385 2671 3453 2724 sit
3486 2685 3579 2724 ne-

2006 2770 2147 2832 scio,
2181 2783 2249 2821 an
2282 2766 2507 2820 ridenda
2541 2766 2609 2820 sit
2631 2765 2867 2827 inscitia,
2894 2780 2960 2817 an
2994 2763 3298 2817 miseranda
3323 2761 3575 2831 perditio.

2007 2858 2215 2912 Etenim
2251 2857 2371 2925 ejus
2398 2856 2564 2910 dictio
2600 2871 2705 2908 non
2739 2861 3018 2922 assumpta
3056 2863 3112 2905 ut
3150 2855 3203 2905 in
3249 2867 3347 2905 usu
3380 2860 3576 2904 natura

2006 2947 2144 3000 solet
2174 2941 2430 3012 usurpafi
2476 2944 2617 3013 apud
2664 2958 2760 2997 eos
2806 2946 2900 3011 qui
2945 2943 3193 2995 oratione
3242 2942 3317 2994 uti
3370 2942 3573 3007 sciunt,

2008 3036 2164 3089 valde
2208 3034 2441 3103 peritum
2481 3049 2601 3087 esse
2640 3041 2877 3087 testatur
2910 3033 2962 3085 in
2999 3048 3063 3086 eo
3106 3031 3406 3086 rhetorices
3441 3034 3575 3085 arti-

2009 3125 2133 3179 llcio
2162 3141 2273 3195 quo
2296 3124 2517 3177 nomina
2539 3125 2641 3177 alia
2672 3140 2767 3193 pro
2799 3125 2923 3177 aliis
2952 3135 3247 3194 ponuntur,
3275 3138 3437 3194 quam
3461 3126 3575 3197 glo-

2006 3216 2201 3270 riolam
2229 3215 2441 3285 parvuli
2475 3214 2615 3283 apud
2648 3215 3055 3282 grammatlstas
3089 3216 3208 3267 sine
3245 3216 3429 3267 labore
3486 3231 3573 3268 se-

2005 3317 2243 3363 ctantur.
2276 3306 2339 3359 Et
2362 3305 2505 3376 quod
2534 3305 2694 3375 ipsea
2718 3306 2994 3374 pr0posito
3018 3306 3246 3360 ridicule
3275 3306 3577 3359 transfera-

2005 3410 2094 3453 tur
2123 3398 2188 3452 ad
2217 3413 2280 3451 ea
2324 3410 2445 3466 qua).
2486 3396 2691 3449 nullam
2726 3395 2926 3449 habent
2965 3397 3403 3449 communionem
3447 3413 3574 3450 cum

2003 3491 2210 3545 ratione
2237 3496 2292 3544 et
2335 3489 2507 3556 ﬁgura
2544 3502 2649 3557 qua
2698 3486 2951 3540 concludi
2982 3486 3223 3551 deberet,
3279 3486 3417 3539 Filio
3462 3504 3569 3541 non

2003 3599 2126 3640 esse
2154 3598 2496 3637 communem
2524 3581 2667 3635 entis
2690 3580 3127 3649 appellationem,
3155 3581 3296 3648 quod
3318 3582 3573 3635 absurdis

2005 3683 2057 3731 et
2106 3674 2437 3745 portentosis
2462 3672 2660 3726 nititur
2689 3671 3102 3725 accommodare
3134 3672 3570 3740 probationibus.

2004 3763 2130 3821 Haec
2156 3779 2207 3822 et
2237 3768 2505 3837 ejusmodi
2541 3782 2660 3836 qua:
2691 3767 2856 3820 veluti
2895 3767 2961 3822 de
2996 3767 3269 3822 industria
3298 3769 3363 3822 ad
3397 3769 3570 3825 risum

2004 3859 2349 3915 excitandum
2411 3859 2643 3914 conﬂata
2690 3865 2839 3912 sunt.
2896 3857 2969 3910 Ita
3016 3867 3073 3912 ut
3124 3859 3238 3913 ﬁeri
3289 3860 3462 3929 possit
3513 3867 3573 3915 ut

2005 3949 2166 4002 etiam
2210 3948 2546 4019 stupidiores
2590 3947 2719 4018 quid
2752 3946 3128 4017 perpetiantur
3168 3954 3222 4002 et
3263 3947 3476 4002 rideant
3502 3949 3573 4005 ob

2004 4042 2488 4099 inconcinnitatem
2520 4044 2640 4115 ejus
2694 4060 3033 4101 sermonum.
3083 4045 3573 4101 Verumenimvero

2003 4132 2149 4202 quod
2177 4132 2317 4190 Deus
2339 4133 2576 4189 Verbum
2617 4152 2725 4190 non
2770 4138 2861 4202 sit,
2898 4138 2981 4192 vel
3022 4136 3167 4207 quod
3202 4138 3426 4191 omnino
3459 4153 3569 4190 non

2002 4223 2078 4279 sit
2105 4224 2305 4289 bonus,
2338 4225 2450 4280 haec
2473 4227 2616 4280 enim
2648 4228 2922 4296 praestruit
2947 4243 3042 4297 per
3071 4244 3191 4297 qua:
3213 4236 3267 4281 et
3299 4227 3443 4281 entis
3473 4242 3572 4279 no-

2004 4313 2360 4369 minationem
2405 4326 2456 4369 et
2492 4316 2618 4371 boni
2651 4318 3067 4387 appellationem
3112 4317 3246 4371 dicit
3290 4333 3398 4371 non
3430 4316 3570 4371 Filio

333 4396 650 4464 ἐπωνυμίαν
673 4395 766 4447 καὶ
794 4396 893 4464 τὴν
916 4392 1006 4447 τοῦ
1032 4393 1234 4462 ἀγαθοῦ
1270 4395 1344 4466 μὴ
1373 4392 1700 4446 οἰκειοῦσθαι
1732 4391 1898 4459 λέγει.

2008 4418 2168 4472 posse
2202 4405 2419 4474 proprie
2451 4409 2771 4473 convenire;
2802 4413 2855 4459 ct
2898 4407 3041 4474 quod
3072 4406 3349 4476 praastruit
3378 4421 3566 4485 eorum

335 4488 450 4541 Kal.
478 4488 537 4539 τὸ
564 4485 990 4548 κατασκευάζειν
1039 4485 1133 4555 τὴν
1178 4485 1286 4537 τῶν
1330 4487 1626 4555 γινομένων
1657 4485 1901 4550 ἐξουσίαν

338 4578 414 4649 μὴ
442 4580 732 4649 προσήκειν
764 4577 929 4648 αὐτῷ,
952 4576 1121 4630 ταῦτα
1140 4575 1389 4653 δακρύων
1422 4577 1546 4640 ἄξια
1576 4576 1668 4629 καὶ
1700 4576 1902 4647 θρηνηο

331 4666 491 4739 τικῆς
525 4669 829 4732 συναυλίας.

408 4759 541 4812 Οὐδὲ
585 4760 692 4831 γὰρ
735 4759 876 4813 κατά
920 4775 1040 4812 τινα
1077 4757 1323 4829 προπετῆ
1364 4759 1458 4810 καὶ
1503 4759 1903 4829 ἀπερίσκεπτον

333 4850 512 4918 ὁρμὴν
540 4848 687 4912 ἆπαξ
715 4865 816 4901 που
846 4848 906 4900 τὸ
938 4846 1174 4899 τοιοῦτον
1204 4847 1728 4918 παραφθεγξαμενος
1746 4890 1759 4913 ,
1789 4843 1905 4900 εἷτα

333 4939 851 5009 ἐπανορθοῦταιτοῖς
869 4939 1065 5008 ἐφεξῆς
1091 4938 1152 4991 τὸ
1182 4938 1575 5009 πλημμέλημα,
1607 4940 1908 5010 ἀλλ’ὲμφι-

333 5031 565 5100 λοχωρεῖ
581 5034 645 5101 τῇ
668 5031 855 5100 κακίᾳ,
885 5034 995 5092 τοῖς
1032 5030 1302 5100 δευτέροις
1334 5031 1645 5098 φιλονεικῶν
1670 5030 1907 5101 ὑπερϐα-

333 5122 522 5176 λέσθαι
542 5125 609 5175 τὰ
631 5124 911 5192 φθάσαντα
931 5141 944 5153 ·
963 5123 1107 5191 λέγει
1130 5123 1233 5194 γὰρ
1251 5123 1470 5193 προῖὼν,
1503 5123 1797 5177 Τοσοῦτον
1812 5126 1908 5177 αὑ-

332 5215 445 5268 τὸν
470 5213 621 5270 εῖναι
634 5217 790 5270 κάτω
813 5216 923 5285 τῆς
941 5218 1100 5282 θείας
1115 5218 1371 5285 φύσεως,
1387 5216 1535 5269 ὅσον
1556 5216 1656 5269 ἀπ’
1672 5217 1793 5269 ἐκεί
1799 5235 1908 5271 νου

333 5307 486 5373 πρὸς
518 5308 584 5360 τὸ
618 5308 1036 5375 ταπεινότερον
1057 5310 1094 5375 ἠ
1121 5307 1237 5360 τῶν
1272 5306 1543 5375 ἀγγέλων
1576 5306 1908 5373 ἀποϐέϐηκε

335 5399 553 5467 satiati,"
587 5399 646 5450 οὗ
667 5397 877 5460 τούτοις
902 5399 1129 5467 γράφων
1150 5399 1262 5459 τοῖς
1292 5399 1547 5466 ῥήμασιν,
1582 5396 1717 5449 ἀλλὰ
1751 5410 1908 5449 κατα-

338 5490 622 5552 σκευάζων
654 5490 721 5542 δι’
750 5481 824 5541 ὧν
852 5489 997 5557 λέγει
1029 5488 1126 5559 τὴν
1155 5488 1408 5558 τοιαύτην
1444 5486 1699 5541 διάνοιαν.
1748 5489 1904 5553 Ἐξε-

339 5596 425 5633 στι
454 5580 510 5633 δὲ
545 5581 726 5651 κρῖναι
752 5578 844 5630 τὸν
869 5578 1023 5645 λόγον
1052 5582 1162 5640 τοῖς
1191 5579 1623 5647 ἐντυγχάνουσιν,
1655 5578 1766 5650 ἔχει
1797 5580 1907 5651 γὰρ

335 5671 480 5726 οὕτω
508 5670 578 5725 τὰ
602 5670 991 5743 γεγραμμέναι
1022 5671 1123 5734 Ὃς
1151 5668 1231 5733 τῷ
1251 5669 1367 5737 μὲν
1395 5668 1647 5737 ἄγγελος
1681 5669 1909 5741 ὠνομά-

2007 4511 2127 4563 qua:
2188 4495 2321 4548 ﬁunt
2366 4503 2690 4563 potestatem
2740 4512 2848 4550 non
2901 4497 3001 4565 ipsi
3062 4505 3402 4566 competere:
3456 4498 3571 4551 haec

2006 4586 2263 4658 lacrymis
2296 4587 2457 4656 digna
2500 4596 2552 4641 et
2582 4586 2747 4641 ﬂebili
2782 4588 3135 4643 eontibicinio
3167 4589 3279 4643 sive
3312 4589 3568 4644 lamento.

2075 4758 2260 4829 Neque
2295 4760 2437 4814 enim
2467 4760 2730 4829 ρι’ωοίρὶιὶ
2765 4760 3000 4830 quodam
3047 4768 3211 4829 atque
3254 4763 3566 4817 inconside-

2007 4863 2124 4903 rato
2158 4853 2381 4920 impetu,
2418 4850 2585 4903 semel
2614 4851 2810 4903 alicubi
2855 4851 2962 4904 tale
3000 4852 3256 4920 quiddam
3289 4866 3568 4921 perperam

2009 4944 2241 5005 loeutus,
2275 4942 2328 4995 in
2373 4943 2730 5011 sequentibus
2775 4941 2973 4997 deinde
3005 4950 3246 4997 erratum
3286 4946 3570 5008 emendat;

2010 5031 2104 5086 sed
2156 5033 2210 5085 in
2251 5033 2515 5099 pravitate
2564 5031 2919 5096 immoratur,
2979 5047 3042 5087 ac
3104 5034 3358 5089 secundis
3399 5032 3573 5087 ambi-

2008 5124 2147 5177 tiose
2183 5122 2464 5176 contendit
2514 5123 2696 5191 priora
2737 5138 3037 5193 superare:
3070 5125 3205 5179 dicit
3243 5125 3386 5179 enim
3443 5138 3570 5191 pro—

2006 5212 2477 5285 grediens,lpsum
2510 5222 2655 5267 tanto
2694 5230 2806 5269 esse
2837 5214 3018 5270 divina
3045 5224 3237 5269 natura
3274 5212 3572 5279 inferiorem

2006 5316 2201 5375 quanto
2236 5307 2423 5360 abillo
2473 5305 2541 5359 ad
2590 5306 2844 5361 humilius
2909 5308 3213 5376 angelorum
3257 5312 3448 5356 natura
3485 5302 3575 5356 de-

2005 5397 2237 5464 scendit;
2266 5400 2410 5468 quod
2436 5400 2653 5468 quidem
2679 5415 2789 5453 non
2813 5399 3003 5453 iisdem
3034 5396 3210 5451 verbis
3245 5393 3453 5455 scribit,
3482 5395 3574 5449 sed

2013 5505 2107 5560 per
2129 5506 2189 5545 ea
2223 5506 2343 5561 quae
2382 5491 2511 5546 dicit
2536 5491 2698 5545 talem
2742 5488 3065 5544 sententiam
3092 5485 3321 5552 astruit;
3358 5485 3579 5540 lectori-

2014 5583 2116 5637 bus
2151 5590 2329 5637 autem
2381 5596 2689 5638 sermonem
2740 5580 2869 5633 licet
2908 5578 3213 5648 dijudicare
3253 5593 3267 5631 :
3310 5576 3392 5632 sic
3432 5578 3576 5632 enim

2015 5673 2220 5744 scripta
2248 5674 2411 5730 verba
2438 5672 2643 5728 habent
2675 5688 2688 5725 :
2723 5669 2827 5737 Qui
2857 5685 2922 5726 ea:
2958 5686 3018 5726 eo
3058 5670 3194 5740 quod
3238 5668 3453 5737 angelus
3487 5684 3582 5722 no—
