4046 6150
483 279 582 336 867

1744 272 1797 324 b'.
1837 265 2159 324 GllECORlI
2201 266 2492 324 NYSSENI

3627 281 3724 335 368

479 396 707 450 initiatus
732 402 832 456 est,
864 392 958 444 hoc
982 390 1189 459 quidem
1224 397 1401 457 aperte
1423 386 1625 451 docuit,
1650 401 1739 456 per
1761 403 1913 456 quem
1941 401 2044 439 ser-

2175 387 2308 449 νθαι,
2335 389 2542 455 σαφῶς
2560 390 2817 456 ἐδίδαξε,
2849 394 2926 446 δι’
2958 396 3103 449 ὅτου
3121 395 3425 464 διήγγειλε
3452 395 3591 461 τοὺς
3632 398 3733 449 ,ιδ-

480 501 655 539 mones
684 482 1034 545 annuntiavit,
1059 490 1107 534 et
1136 481 1251 551 quis
1273 489 1390 539 est;
1421 494 1485 533 ea:
1517 495 1574 532 eo
1600 495 1716 533 rero
1737 477 1872 547 quod
1906 476 2047 531 Deus

479 577 779 629 nominatus
823 581 924 637 est,
970 572 1195 629 ostendit
1240 586 1357 624 eam
1400 587 1516 640 qua:
1567 570 1666 637 ipsi
1712 569 1926 636 propria
1972 574 2049 621 est

479 684 633 738 super
674 665 853 721 omnia
902 666 1259 739 eminentiam.
1296 662 1399 730 Qui
1441 663 1579 725 enim
1608 676 1789 727 eorum
1816 674 1930 730 qua:
1960 673 2051 722 per

477 751 649 826 ipsum
668 758 813 826 facta
838 766 980 818 sunt,
1013 754 1154 811 Deus
1187 761 1285 816 est,
1320 752 1537 822 angelus
1567 752 1679 817 eius
1712 761 1810 814 est,
1848 750 1938 820 qui
1973 757 2051 803 est

479 867 533 904 ιιι
577 848 835 912 omnibus,
874 847 993 901 Dei.
1028 844 1263 900 Medium
1308 845 1589 899 intercidit
1622 856 1932 898 sermonem
1970 840 2052 894 ira

480 944 534 996 in
563 957 656 996 cor
679 942 890 1010 illapsa,
928 948 980 993 et
1005 940 1071 991 ad
1106 935 1569 1006 perturbationem
1605 935 1776 989 effusa
1802 941 1887 991 est
1912 932 2052 997 ratio

484 1035 549 1088 ad
578 1034 735 1095 iram,
773 1047 869 1101 per
902 1045 965 1085 ea
1008 1043 1131 1105 quae
1175 1028 1321 1082 dicta
1367 1026 1592 1082 fuerunt
1638 1033 1934 1095 commota.
1974 1025 2055 1078 Ac

482 1125 615 1183 mihi
668 1124 902 1177 fortasse
949 1121 1071 1176 talis
1121 1117 1288 1173 animi
1339 1117 1681 1188 perturbatio
1735 1129 1844 1169 non
1897 1114 2053 1169 venia

486 1216 707 1285 indigna
746 1214 980 1268 videtur.
1016 1211 1115 1267 Cui
1162 1211 1306 1265 enim
1354 1223 1419 1263 ex
1470 1207 1557 1262 his
1589 1207 1672 1261 ira
1716 1221 1828 1261 non
1859 1206 2054 1259 incan-

485 1304 1029 1375 duerit?pr:1-sertim
1077 1316 1200 1359 cum
1248 1300 1547 1377 Apostolus
1589 1311 1804 1351 omnem
1848 1293 2055 1365 angeli-

488 1414 609 1453 cam
644 1404 896 1451 naturam
933 1393 1163 1449 Domino
1193 1389 1558 1461 mancipatam
1602 1402 1726 1442 esse
1760 1385 1957 1440 clamet
1989 1383 2052 1450 ¹³,

487 1489 555 1542 ad
606 1485 976 1543 testimonium
1025 1482 1299 1553 dogmatis
1346 1492 1633 1535 assumens
1679 1474 2053 1546 propheticam

488 1578 939 1648 altiloquentiam.
972 1572 1105 1630 Cum
1143 1571 1421 1643 enim,ait,
1453 1568 1860 1639 primogenitum
1882 1565 1937 1618 in
1967 1579 2056 1617 or—

489 1676 601 1725 bem
637 1682 897 1724 terrarum
915 1664 1138 1728 inducit,
1162 1657 1702 1738 dicit,Etadorabunt
1728 1671 1845 1711 eum
1876 1668 2056 1707 omnes

489 1760 663 1834 angeli
695 1760 844 1827 ejus;
876 1765 929 1810 et
963 1755 1095 1813 illud
1131 1771 1143 1807 :
1179 1753 1418 1808 Thronus
1449 1760 1590 1814 tuus,
1617 1749 1775 1810 Deus,
1811 1748 1866 1801 in
1894 1762 2061 1799 stecu-
2094 1741 2135 1796 Β

490 1854 598 1905 lum
618 1850 828 1911 swculi;
856 1856 909 1902 et
942 1847 1063 1900 hoc:
1098 1844 1175 1898 Tu
1192 1853 1364 1896 autent
1387 1842 1520 1894 idem
1546 1841 1656 1907 ipse
1674 1855 1749 1901 es,
1771 1846 1822 1890 et
1838 1837 1963 1890 anni
1987 1835 2063 1887 tui

489 1961 594 1996 non
619 1942 883 2010 deﬁcient.
907 1936 1101 1992 Omnia
1132 1935 1199 1990 ad
1231 1931 1756 1988 demonstrationem
1786 1925 2062 1996 Unigeniti

490 2035 583 2090 Dei
614 2036 729 2088 haec
755 2047 877 2087 cum
918 2028 1215 2098 Apostolus
1258 2031 1525 2087 recenset,
1565 2021 1696 2091 quid
1732 2020 1910 2091 patior
1940 2033 2064 2071 cum

488 2144 553 2182 ex
583 2126 790 2181 Christi
826 2124 981 2177 hoste
1006 2120 1322 2189 angelorum
1356 2115 1644 2169 Dominum
1666 2111 1917 2181 angelum
1946 2124 2069 2165 esse

491 2219 675 2282 audio,
713 2216 805 2287 qui
845 2229 953 2267 non
987 2222 1192 2265 temere
1223 2218 1277 2263 et
1308 2207 1534 2262 (ortuito
1569 2206 1730 2259 talem
1759 2216 2067 2258 sermonem

496 2307 775 2379 projiciat,
817 2304 909 2359 sed
942 2303 1037 2372 qui
1074 2301 1127 2354 in
1150 2298 1490 2353 absurditate
1515 2295 1709 2349 anxius
1734 2293 1943 2346 laboret
1973 2311 1985 2343 :
2011 2301 2072 2344 ut

492 2402 627 2457 nihil
646 2394 1094 2468 ampliusJoanne
1111 2400 1165 2447 et
1179 2390 1324 2445 Mose
1339 2389 1515 2459 ipsum
1541 2387 1738 2441 habere
1756 2382 2073 2455 prmstruat?

494 2490 634 2544 Dicit
654 2488 801 2542 enim
827 2486 893 2539 de
910 2484 1001 2538 illo
1023 2496 1202 2538 sermo
1224 2498 1236 2532 :
1261 2477 1363 2532 Hic
1384 2486 1460 2532 est
1482 2476 1545 2530 de
1570 2492 1667 2546 quo
1691 2476 1941 2543 scriptum
1962 2482 2070 2527 est:

493 2585 627 2635 Ecce
644 2596 736 2650 ego
767 2579 916 2631 mitto
943 2575 1182 2646 angelum
1244 2588 1416 2625 meum
1451 2582 1572 2625 ante
1618 2569 1805 2638 [aciem
1837 2579 1982 2621 tuam
2012 2566 2070 2619 “*.

494 2671 733 2740 Angelus
770 2668 931 2737 igitur
972 2664 1229 2719 Joannes.
1260 2662 1497 2716 Tametsi
1527 2670 1706 2715 autem
1738 2661 1823 2715 bic
1865 2658 2074 2713 Domini

497 2763 773 2822 inimicus,
808 2757 1093 2811 Dominum
1145 2755 1311 2808 Deum
1359 2755 1625 2815 nominat,
1655 2753 1833 2820 ipsum
1895 2758 2074 2804 tamen

496 2850 847 2924 proportione
907 2846 1139 2915 quadam
1194 2843 1359 2896 Mosis
1415 2841 1685 2895 divinitati
1745 2838 2077 2909 respondere

498 2948 777 3007 autumat;
836 2938 1086 3008 (ueniam
1121 2944 1176 2989 et
1224 2934 1312 2988 ille
1346 2933 1466 3002 ejus
1496 2932 1585 3002 qui
1619 2940 1702 2986 est
1735 2931 1786 2984 in
1820 2930 2077 3005 omnibus

500 3033 591 3087 Dei
626 3030 886 3092 famulus,
921 3027 1298 3099 Aigyptiorum
1325 3039 1452 3080 vero
1475 3015 1760 3078 ordinatus
1790 3027 1873 3077 est
1908 3018 2066 3076 deus.
2095 3064 2125 3099 ι

500 3125 637 3191 Quin
661 3125 823 3178 etiam
848 3122 992 3192 quod
1019 3121 1071 3173 in
1092 3119 1343 3173 omnibus
1362 3118 1434 3173 sit
1454 3116 1596 3177 Deus
1621 3115 1781 3185 (sicut
1800 3122 1851 3169 et
1872 3115 1925 3167 in
1938 3126 2072 3183 pree-

499 3216 819 3272 cedentibus
878 3214 1087 3268 dictum
1140 3211 1243 3279 est)
1300 3224 1590 3265 commune
1618 3216 1703 3263 est
1754 3205 1891 3260 Filio
1951 3219 2076 3261 eum

500 3306 681 3366 Patre.
711 3305 764 3359 id
809 3320 935 3359 vero
963 3301 1206 3372 Apostoli
1265 3300 1577 3355 testimonio
1636 3294 1853 3365 probari
1880 3301 2075 3363 potest,

500 3400 590 3468 qui
626 3397 673 3451 ei
708 3397 867 3452 talem
892 3409 1079 3451 vocem
1109 3391 1383 3456 attribuit,
1414 3391 1540 3444 dum
1573 3387 1704 3441 dicit
1737 3405 1748 3440 :
1784 3384 1867 3443 Ex
1892 3384 2078 3454 quibus

501 3491 742 3546 Christus
810 3487 1095 3541 secundum
1158 3499 1365 3537 carnem
1424 3481 1512 3549 qui
1579 3488 1656 3532 est
1714 3480 1765 3529 in
1841 3476 2080 3529 omnibus

504 3581 642 3634 Deus
685 3579 750 3630 ”.
792 3577 897 3632 Sed
925 3576 1013 3629 hic
1048 3574 1101 3626 in
1131 3572 1305 3641 angeli
1339 3570 1584 3623 ordinem
1618 3566 1809 3638 redigit
1839 3582 1960 3621 eum
1988 3566 2079 3637 qui

503 3678 588 3722 est
618 3666 932 3734 angelorum
966 3661 1248 3725 Dominus,
1271 3658 1495 3729 perinde
1523 3672 1584 3709 ac
1607 3660 1652 3711 si
1691 3672 1800 3710 non
1820 3655 2082 3711 audiissct

505 3760 650 3829 quod
709 3756 880 3825 angeli
921 3756 1139 3823 spiritus
1184 3763 1301 3805 sunt
1344 3752 1823 3812 administratorii,
1867 3755 1920 3821 et
1948 3749 2082 3817 ignis

509 3854 738 3923 ﬂamma:
795 3848 859 3899 “.
912 3847 1016 3900 Per
1075 3845 1189 3898 hanc
1242 3843 1383 3915 enim
1451 3842 1745 3911 Apostolus
1798 3840 2085 3895 inconfuse

508 3952 671 4015 atque
701 3937 1041 3992 manifestam
1081 3935 1209 3989 facit
1248 3935 1616 4003 subjectorum
1654 3933 1737 3985 dis
1768 3932 2080 3986 iuctionent.

509 4032 767 4087 Naturam
799 4030 1017 4099 quidem
1047 4026 1321 4081 subditam
1372 4033 1532 4103 atque
1564 4024 1949 4093 mancipatam,
1978 4022 2088 4090 spi—

512 4130 649 4197 ritus
672 4138 793 4176 esse
818 4129 871 4174 et
903 4121 1080 4189 ignem
1105 4116 1373 4171 deﬁniens
1400 4132 1416 4182 ;
1451 4116 1818 4168 dominantem
1839 4129 1969 4167 vero
2002 4129 2087 4184 po-

510 4214 757 4277 tentiam,
785 4208 1088 4265 divinitatis
1128 4205 1443 4277 signiticans
1476 4205 1717 4259 nomine.
1755 4202 1819 4255 Et
1849 4218 1974 4257 cum
2011 4212 2087 4265 tot

511 4309 619 4360 sint
650 4304 741 4374 qui
786 4301 1012 4372 gloriam
1077 4297 1349 4368 Unigeniti
1415 4296 1761 4361 annuntient,
1803 4295 1954 4350 solus
2002 4294 2087 4350 his

2153 493 2316 543 γους,
2336 478 2432 531 καὶ
2458 479 2548 544 τις
2574 482 2608 533 ό
2628 480 2740 534 ὧν·
2773 483 2852 549 τῷ
2875 484 2943 537 δὲ
2965 486 3064 538 καὶ
3102 486 3247 552 Θεὸς
3275 484 3732 555 προσειρῆσθαι,

2155 565 2268 634 τὴν
2300 568 2456 623 ἰδίαν
2486 570 2677 637 ἔδειξε
2706 575 2855 628 κατὰ
2892 575 3137 630 πάντων
3161 576 3497 646 ὑπεροχήν.
3546 578 3601 629 Ὁ
3626 577 3737 646 γὰρ

2156 658 2273 710 τῶν
2301 659 2372 713 δι’
2395 662 2580 717 αὑτοῦ
2618 664 2952 733 πενομένων
2986 666 3150 731 Θεὸς,
3197 668 3455 735 ἄγγελος
3505 668 3614 720 τοῦ
3636 667 3740 720 ἐπὶ

2158 749 2401 804 πάντων
2447 753 2615 807 Θεοῦ.
2666 756 2953 821 Ἑγκόπτει
2982 759 3189 827 μεταξὺ
3230 758 3321 811 τὸν
3366 759 3525 826 λόγον
3568 758 3740 828 θυμὸς

2158 841 2415 909 ἐμπεσὼν
2443 847 2508 914 τῇ
2537 846 2755 917 καρδίᾳ,
2780 850 2875 901 καὶ
2908 850 3238 919 συγκέχυται
3264 852 3401 922 πρὸς
3428 852 3492 904 τὸ
3517 850 3692 913 πάθος
3711 853 3740 903 ὁ

2158 928 2418 1000 λογισμὸς
2454 936 2536 996 εἰς
2560 935 2733 1006 ὀργὴν
2767 938 2873 993 ὑπὸ
2913 939 3023 993 τῶν
3060 940 3365 1011 λεγομένων
3404 942 3740 1012 παρακινού-

2160 1038 2339 1091 μενος.
2366 1027 2476 1079 Καὶ
2502 1027 2642 1097 τάχα
2669 1046 2757 1097 μοι
2791 1030 2852 1082 τὸ
2880 1031 3089 1086 τοιοῦτο
3122 1032 3294 1096 πάθος
3314 1032 3414 1102 τῆς
3433 1032 3611 1103 ψυχῆς
3639 1032 3741 1085 οὐκ

2160 1115 2561 1182 ἀσύγγνωστον.
2608 1120 2726 1173 Τίνι
2753 1122 2863 1193 γὰρ
2902 1123 3004 1175 οὐκ
3034 1123 3100 1177 ἂν
3134 1125 3200 1177 ὲκ
3249 1125 3453 1179 τούτων
3487 1126 3517 1177 ὁ
3565 1112 3774 1193 θυμὸςί

2161 1205 2465 1274 ὲπιζέσειε;
2498 1208 2604 1263 Τοῦ
2627 1212 2727 1281 μὲν
2764 1214 3085 1267 ’Δποστόλου
3109 1216 3289 1268 πᾶσαν
3316 1213 3613 1283 ἀγγελικὴν
3639 1212 3741 1281 φύ-

2162 1316 2248 1354 σιν
2292 1300 2604 1373 ύποχείριον
2632 1299 2772 1359 εἶναι
2802 1305 2897 1359 τοῦ
2929 1308 3138 1377 Κυρίου
3165 1306 3417 1377 βοῶντος,
3445 1322 3742 1375 συμπαρα-

2160 1389 2526 1460 λαμϐάνοντος
2552 1393 2611 1445 δὲ
2649 1395 2729 1457 εἰς
2762 1397 3066 1468 μαρτυρίαν
3097 1397 3191 1451 τοῦ
3222 1398 3491 1467 δόγματος
3520 1398 3611 1450 καὶ
3643 1396 3742 1465 τὴν

2164 1484 2509 1553 προφητικὴν
2562 1483 2992 1552 μεγαλοφωνίαν.
3032 1486 3217 1540 ὀταν
3234 1486 3362 1557 γὰρ,
3398 1488 3584 1556 φησιν,
3616 1486 3743 1536 slo-

2162 1571 2355 1642 αγάγῃ
2418 1575 2524 1627 τὸν
2598 1578 2978 1643 ,πρωτότοκον
3042 1579 3131 1644 εις
3188 1576 3304 1645 τὴν
3350 1576 3741 1648 σιτουμένην,

2163 1663 2358 1731 λέγει,
2386 1665 2498 1719 Καὶ
2547 1666 3150 1734 προσκυνησάτωσαν
3190 1666 3351 1731 αὐτῷ
3390 1668 3614 1735 πάντες
3643 1670 3747 1734 ἄγε

2168 1756 2329 1821 γελοι
2356 1756 2573 1818 αὑτοῦ,
2632 1758 2727 1810 καὶ
2763 1758 2852 1820 τὸ,
2904 1758 2957 1811 Ὁ
2990 1760 3202 1825 θρόνος
3239 1774 3378 1824 σου,
3403 1763 3435 1813 ό
3463 1760 3629 1825 Θεὸς,
3659 1764 3749 1825 εις

2168 1846 2274 1896 τὸν
2320 1845 2504 1899 αἰῶνα
2533 1848 2641 1902 τοῦ
2688 1849 2906 1913 αἰῶνος
2928 1889 2942 1910 ,
2986 1849 3089 1900 καὶ
3123 1849 3183 1901 τὸ
3204 1889 3218 1913 ,
3265 1851 3349 1902 Σὺ
3383 1850 3451 1903 δὲ
3484 1854 3517 1904 ὁ
3561 1852 3748 1915 αὐτὸς

2167 1932 2227 1988 εἴ
2239 1977 2253 2000 ,
2278 1938 2377 1989 καὶ
2411 1936 2483 1989 τὰ
2522 1938 2629 2006 ἐτη
2657 1956 2774 2001 σου
2800 1942 2913 1993 οὐκ
2943 1940 3357 2008 ἐκλεθψιουσιν.
3394 1943 3583 1995 Πάντα
3608 1944 3747 2013 πρὸς

2169 2026 2394 2092 ἔνδειξιν
2418 2028 2511 2081 τοῦ
2552 2030 2871 2098 μονογενοῦς
2897 2031 3033 2086 Θεοῦ
3073 2032 3246 2085 ταῦτα
3274 2033 3368 2086 τοῦ
3419 2034 3748 2088 Ἀποστόλου

2169 2118 2457 2185 διεξιόντος
2475 2162 2488 2184 ,
2516 2121 2570 2173 τι
2614 2121 2770 2175 πάθω
2798 2123 2892 2176 τὸν
2924 2124 3033 2176 τῶν
3074 2124 3325 2192 ἀγγέλων
3348 2124 3553 2196 Κύριον
3578 2126 3749 2193 ἄγγε-

2171 2210 2260 2263 λον
2290 2207 2428 2263 εἶναι
2458 2212 2608 2281 παρὰ
2634 2214 2727 2266 τοῦ
2756 2216 3123 2285 χριστομάχου
3150 2215 3382 2276 ἀκούων,
3414 2216 3475 2268 οὐ
3508 2216 3653 2269 κατὰ
3687 2217 3749 2269 τὸ

2176 2304 2386 2373 συμϐὰν
2429 2305 2519 2357 τὸν
2556 2306 2799 2359 τοιοῦτον
2827 2308 3230 2378 ἀπορῤίψαντος
3262 2308 3438 2376 λόγον,
3480 2309 3594 2362 ἀλλ’
3623 2313 3751 2362 ὲνα·

2173 2395 2538 2465 γωνιζομένου
2574 2400 2639 2467 τῇ
2680 2399 2880 2468 ἀτοπίᾳ
2907 2438 2921 2462 ,
2954 2400 3031 2461 ὡς
3080 2400 3245 2470 μηδὲν
3283 2400 3443 2453 πλέον
3498 2400 3748 2454 Ἰωάννου

2174 2486 2267 2540 καὶ
2284 2488 2419 2541 Maii“:
2428 2488 2560 2550 τέως
2576 2489 2737 2541 αὐτὸν
2749 2488 2838 2559 ἔχε
2847 2507 2896 2542 ιν
2915 2490 3286 2553 κατασκευάζε
3296 2492 3417 2545 σθαι
3435 2509 3447 2556 ;
3468 2492 3602 2559 Λέγε
3612 2511 3629 2544 ι
3640 2492 3751 2561 γὰρ

2175 2578 2303 2646 περὶ
2320 2578 2526 2630 ἐκείνου
2554 2576 2771 2646 ὁλόγος,
2788 2576 2977 2643 Οὗτός
3002 2581 3131 2633 ἐστι
3157 2579 3289 2649 περὶ
3312 2576 3383 2635 οὗ
3411 2578 3747 2650 γέγραπται·

2168 2666 2333 2720 Ἰδοὺ
2359 2668 2471 2735 ἐγὼ
2489 2668 2843 2723 ἀποστέλλω
2865 2669 2972 2723 τὸν
2994 2670 3243 2739 ἄγγελόν
3276 2688 3393 2741 μου
3420 2671 3535 2739 πρὸ
3564 2685 3753 2738 προσ-

2176 2756 2342 2809 ώπου
2383 2772 2519 2811 σου.
2556 2758 2818 2825 Ἀγγελος
2861 2755 2953 2812 οὖν
2995 2760 3267 2830 Ἰωάννης.
3315 2759 3473 2811 Ἀλλὰ
3495 2758 3598 2811 κᾶν
3622 2759 3752 2810 Θεὸν

2176 2847 2416 2920 ὀνομάζῃ
2447 2848 2537 2900 τὸν
2570 2848 2774 2918 Κύριον
2804 2848 2836 2902 ὁ
2861 2850 3051 2919 ἐχθρὸς
3082 2851 3177 2903 τοῦ
3207 2850 3431 2920 Κυρίου,
3472 2850 3751 2915 ἀναλογεῖν

2174 2936 2340 2989 ,αὑτὸν
2368 2935 2767 2999 κατασκευάζει
2806 2939 2870 3007 τῇ
2902 2938 3179 3001 Μωῦσὲως
3217 2938 3460 3008 θεότητι,
3494 2938 3617 2990 ἐπεὶ
3656 2940 3755 2989 κὰ-

2181 3030 2354 3089 κείνος
2387 3028 2480 3079 τοῦ
2517 3026 2615 3095 μὲν
2660 3021 2752 3078 ἐπὶ
2790 3027 3006 3081 πάντων
3055 3028 3188 3080 Θεοῦ
3237 3027 3516 3099 θεράπων,
3557 3028 3669 3079 τῶν
3699 3029 3757 3081 δὲ

2180 3118 2488 3186 Αἰγυπτίων
2527 3117 2727 3186 ἐτάχθη
2766 3117 2909 3179 θεός.
2944 3117 3135 3171 Καίτοι
3170 3119 3262 3171 καὶ
3295 3117 3356 3170 τὸ
3381 3118 3474 3169 ἐπὶ
3514 3119 3753 3182 πάντων,

2180 3210 2360 3272 καθὼς
2403 3212 2497 3264 καὶ
2533 3213 2591 3263 ὲν
2635 3213 2746 3273 τοῖς
2775 3210 3003 3264 κατόπιν
3043 3209 3289 3280 εἴρηται,
3324 3210 3501 3264 κοινὸν
3532 3210 3612 3280 τῷ
3644 3211 3759 3280 Τἱῷ

2179 3301 2315 3371 πρὸς
2336 3302 2425 3354 τὸν
2447 3301 2684 3369 Πατέρα,
2714 3300 2807 3353 τοῦ
2844 3300 3164 3353 ’Δποστόλου
3192 3301 3290 3369 τὴν
3318 3301 3574 3370 τοιαύτην
3608 3302 3759 3371 αὐτῷ

2181 3391 2815 3461 προσμεμαρτυρηκότος
2842 3391 3045 3461 φωνὴν,
3083 3392 3141 3442 ὲν
3163 3384 3242 3452 οἷς
3268 3407 3455 3458 φησιν·
3488 3392 3584 3455 Ἐξ
3612 3386 3702 3443 ὧν
3724 3395 3759 3445 d

2179 3483 2435 3552 Χριστὸς
2477 3482 2544 3536 τὸ
2584 3483 2732 3536 κατὰ
2758 3482 2973 3550 σάρκα,
3007 3485 3041 3535 ό
3064 3482 3151 3535 ὢν
3174 3482 3273 3535 ἐπὶ
3302 3482 3544 3536 πάντων
3578 3485 3726 3550 Θεός
3745 3501 3759 3516 ·

2172 3578 2295 3632 ἀλλ’
2327 3573 2479 3639 οὗτος
2509 3577 2590 3640 εις
2616 3575 2846 3643 ἀγγέλου
2882 3573 3035 3638 τάξιν
3064 3572 3291 3641 κατάγει
3316 3573 3410 3626 τὸν
3439 3572 3549 3629 τῶν
3591 3574 3763 3643 ἀγγέ-

2178 3668 2290 3721 λων
2338 3668 2569 3739 Κύριονο
2604 3665 2793 3735 ὥσπερ
2839 3665 2939 3717 οὐκ
2984 3662 3269 3734 ἀκηκοικ,
3302 3665 3384 3717 ὅτι
3411 3666 3476 3719 Ol
3515 3663 3763 3733 ἀγγελοι

2182 3755 2936 3825 λειτουργικὰνπνεύματα,
2981 3753 3076 3805 καὶ
3121 3750 3313 3818 πυρὸς
3358 3750 3586 3818 φλόγες
3619 3751 3791 3804 εἰσί.Δ

2185 3849 2285 3901 Διὰ
2318 3846 2522 3901 τούτων
2550 3844 2657 3914 γὰρ
2682 3845 2713 3896 ὁ
2751 3841 3071 3904 ’Δπόστολος
3123 3838 3445 3909 ἁσυηύτως
3485 3840 3581 3893 καὶ
3615 3840 3763 3909 σαφῆ

2187 3941 2421 3994 ποιεῖται
2458 3938 2558 4005 τὴν
2601 3936 2708 3987 τῶν
2747 3930 3125 4001 ὑποκειμένων
3172 3930 3463 3999 διάκρισιν.
3502 3928 3612 3998 Τὴν
3667 3929 3766 3999 μὲν

2187 4027 2495 4097 ὑποχείριον
2538 4022 2717 4092 φύσιν,
2753 4020 3036 4091 πνεύματα
3073 4015 3211 4072 εἶναι
3245 4019 3338 4073 καὶ
3372 4017 3484 4088 πῦρ
3510 4017 3768 4088 ὁριζόμε-

2187 4135 2312 4180 νος·
2345 4116 2439 4186 τὴν
2482 4116 2538 4169 δὲ
2573 4112 2928 4185 κυριεύουσαν
2973 4111 3201 4180 δύναμιν
3243 4109 3324 4178 τῷ
3362 4110 3461 4179 τῆς
3507 4108 3769 4178 θεότητος

2184 4207 2553 4277 διασημαίνων
2582 4205 2822 4274 ὀνόματι.
2852 4203 2961 4257 Καὶ
2993 4201 3260 4255 τοσούτων
3288 4198 3454 4253 ὄντων
3481 4201 3581 4269 τὴν
3607 4199 3771 4264 δόξαν

2188 4299 2282 4353 τοῦ
2310 4297 2627 4368 μονογενοῦς
2653 4295 2786 4348 Θεοῦ
2807 4293 3253 4361 διαγγελλόντων,
3279 4291 3437 4361 μόνος
3459 4293 3573 4353 τοῖς
3596 4291 3769 4344 πᾶσιν

511 4397 765 4450 omnibus
793 4395 1048 4448 reclamat
1086 4389 1403 4455 Eunomius,
1429 4387 1556 4442 dum
1584 4388 1709 4441 dicit
1750 4387 1929 4456 ipsum
1963 4400 2074 4441 esse

2187 4391 2409 4460 ἀντιὸοᾷ
2443 4392 2470 4442 ὀ
2504 4389 2763 4456 Εὐνόμιος
2783 4427 2797 4449 ,
2840 4385 3067 4453 ἄγγελον
3102 4383 3265 4438 αὐτὸν
3294 4381 3390 4435 τοῦ
3421 4382 3513 4435 ἐπὶ
3548 4384 3770 4435 πάντων

513 4489 761 4555 angelum
818 4483 910 4538 Dei
942 4483 1035 4553 qui
1087 4489 1173 4535 est
1203 4494 1367 4550 super
1396 4478 1597 4543 omnia,
1650 4478 1749 4531 bac
1781 4476 2084 4533 diﬂ‘erentia

517 4596 622 4650 qua
643 4592 764 4631 eum
793 4579 860 4631 ab
888 4591 952 4631 eo
982 4575 1073 4645 qui
1097 4582 1181 4628 est
1211 4588 1374 4643 super
1397 4571 1578 4626 omnia
1602 4570 1884 4635 discernit,
1919 4586 2083 4624 unum

515 4678 757 4726 omnium
792 4683 913 4723 esse
959 4666 1329 4721 determinans
1365 4683 1375 4717 :
1439 4664 1566 4717 dum
1597 4678 1725 4716 vero
1772 4663 2083 4732 angelorum

516 4774 713 4813 nomen
745 4758 819 4809 illi
849 4754 1218 4809 communicat
1238 4794 1251 4818 ,
1290 4752 1424 4806 nihil
1453 4752 1521 4805 ab
1552 4751 1659 4805 illis
1694 4749 1964 4805 dissidere
1984 4765 2083 4802 na-

517 4860 637 4903 tura
664 4855 1010 4917 prmstruens.
1047 4845 1200 4914 Saepe
1225 4844 1369 4897 enim
1401 4842 1453 4895 in
1488 4841 1920 4910 praecedentibus
1981 4839 2087 4893 tale

516 4940 646 5009 quid
689 4941 903 5000 asserit,
939 4936 1083 5007 quod
1112 4948 1447 5004 quaecunque
1474 4932 1718 4988 eamdem
1772 4931 2088 5000 appellatio-

518 5048 639 5088 nem
684 5031 884 5083 habent
910 5044 1274 5089 communem,
1305 5041 1480 5095 neque
1507 5026 1805 5080 secundan
1837 5030 2085 5074 naturam

519 5131 647 5179 sunt
706 5121 941 5176 diversa.
998 5120 1080 5173 An
1116 5120 1281 5189 igitur
1337 5117 1573 5186 amplius
1630 5112 2088 5183 redarguentibus

518 5233 698 5279 sermo
728 5214 969 5285 indiget,
1004 5212 1056 5265 in
1088 5227 1153 5265 eo
1183 5210 1325 5279 quod
1362 5207 1647 5277 praefracte
1691 5206 1951 5281 clamitat,
1985 5218 2087 5256 an—

519 5315 698 5385 gelum
729 5325 852 5365 eum
881 5322 1004 5362 esse
1027 5305 1119 5377 qui
1146 5320 1252 5357 non
1285 5302 1588 5373 proprium,
1618 5300 1712 5354 sed
1737 5298 1853 5365 ejus
1887 5297 1979 5366 qui
2006 5303 2091 5351 est

519 5417 825 5461 sermonem
856 5397 1185 5453 annuntiat?
1212 5394 1316 5449 Per
1345 5396 1448 5447 hoc
1477 5391 1619 5446 enim
1654 5389 2090 5455 demonstratur,

522 5498 663 5566 quod
684 5496 774 5564 qui
794 5494 845 5547 in
865 5492 1133 5563 principio
1148 5496 1265 5547 erat
1284 5486 1542 5550 Verbum,
1562 5483 1700 5541 Deus
1715 5483 1968 5546 Verbum,
1982 5497 2091 5537 non

532 5658 572 5689 "
595 5607 849 5735 Ticlfﬁ‘i;
887 5606 991 5725 1.4.6
1042 5620 1195 5676 sqq"

2186 4485 2356 4550 λέγων
2378 4479 2512 4534 Θεοῦ
2536 4496 2547 4507 '
2576 4482 2642 4550 τῇ
2676 4479 2771 4548 μὲν
2799 4477 2934 4547 πρὸς
2959 4477 3048 4529 τὸν
3075 4479 3166 4528 ἐπὶ
3189 4476 3405 4537 πάντων
3432 4476 3771 4528 ἀντιδιαστο-

2185 4576 2273 4645 λῇ,
2309 4574 2404 4627 ἕνα
2438 4571 2546 4625 τῶν
2579 4571 2795 4624 πάντων
2838 4564 2976 4620 εἶναι
3015 4565 3411 4636 διοριζόμενοςο
3445 4569 3511 4635 τῇ
3548 4567 3604 4619 δὲ
3632 4567 3773 4636 πρὸς

2186 4650 2309 4729 τοὺς
2335 4664 2597 4732 ἀγγέλους
2620 4661 2709 4715 τοῦ
2741 4662 2997 4729 ὀνόματος
3031 4662 3301 4730 κοινωνίᾳ,
3332 4661 3393 4713 es
3425 4659 3593 4728 μηδὲν
3627 4658 3772 4711 ἐκεί-

2187 4774 2293 4812 νων
2332 4753 2708 4826 παρηλλάχθαι
2740 4755 2806 4822 τῇ
2838 4752 2995 4819 φύσει
3023 4752 3465 4814 κατασκευάζων.
3497 4752 3772 4812 Πολλάκις

2194 4850 2301 4920 γὰρ
2331 4849 2390 4900 τὸ
2420 4845 2660 4899 τοιοῦτον
2698 4846 2754 4896 ὲν
2776 4846 2887 4905 τοῖς
2927 4843 3153 4895 κατόπιν
3194 4842 3375 4910 φησὶν,
3406 4843 3487 4894 ὅτι
3523 4843 3625 4893 ὅσα
3670 4841 3773 4909 τῆς

2190 4941 2364 5009 αὐτῆς
2396 4938 2641 4991 κοινωνεῖ
2666 4934 3052 5005 προσηγορίας,
3082 4933 3189 4985 οὐδ’
3219 4934 3285 4985 ἂν
3312 4932 3451 4985 κατὰ
3478 4934 3579 5001 τὴν
3610 4934 3775 4999 φύσιν

2194 5033 2393 5102 ἑτέρως
2432 5030 2564 5097 ἔχοι.
2597 5023 2720 5095 τΑρ⁹
2757 5020 2849 5078 οὖν
2894 5023 2975 5076 ἔτι
3011 5024 3121 5078 τῶν
3161 5024 3489 5079 εὐθυνόντων
3540 5025 3570 5075 ὁ
3616 5024 3779 5090 λόγος

2196 5119 2543 5191 προσδέεται,
2578 5116 2706 5185 περὶ
2732 5113 2823 5167 τοῦ
2847 5114 3140 5183 διαρρήδην
3168 5112 3397 5181 βοῶντος
3428 5111 3521 5164 τὸν
3541 5112 3777 5179 ἄγγελον

2190 5210 2269 5279 ,μὴ
2301 5208 2388 5260 τὸν
2425 5206 2572 5267 ἴδιον,
2607 5204 2741 5256 ἀλλὰ
2769 5202 2859 5257 τὸν
2887 5201 2980 5254 τοῦ
3004 5202 3153 5264 ὄντος
3184 5200 3546 5269 ἀπαγγέλλειν
3576 5202 3776 5268 λόγονξ

2193 5300 2291 5356 Διὰ
2312 5299 2421 5369 γὰρ
2443 5296 2631 5350 τούτου
2648 5295 2919 5348 δείκνυται
2939 5294 3019 5347 ὅτι
3041 5294 3069 5345 ὁ
3094 5295 3152 5346 ἐν
3173 5293 3312 5362 ἀρχῇ
3333 5291 3409 5344 ὢν
3426 5292 3621 5359 Λόγος,
3646 5291 3783 5355 Θεὸς

2192 5395 2386 5461 Λόγος,
2418 5392 2516 5444 οὐκ
2550 5389 2709 5451 αὐτὸς
2740 5388 2908 5455 Λόγος
2944 5386 3111 5452 ἐστὶν,
3144 5386 3257 5438 ἀλλ’
3287 5386 3473 5453 ἑτέρου
3501 5385 3654 5448 τινὸς
3675 5383 3781 5439 Ad.

2196 5505 2292 5555 γου
2326 5485 2530 5552 γίνεται
2568 5481 2769 5548 Λόγος,
2807 5478 3050 5542 διάκονός
3082 5495 3141 5531 τε
3173 5478 3267 5532 καὶ
3295 5477 3528 5545 ἄγγελος
3560 5479 3779 5531 ὲκεξνου

1268 5603 1417 5660 Psal.
1462 5618 1606 5664 ιονι,
1671 5603 1746 5671 7;
1794 5617 1940 5666 κων,
1982 5601 2043 5667 7,

2195 5596 2286 5654 28.
2367 5593 2601 5648 "Marc.
2654 5608 2694 5658 ι,
2734 5594 2803 5656 2;
2871 5589 2973 5645 lsa.
3039 5605 3130 5651 IL,
3173 5589 3223 5643 ’5.
3305 5588 3348 5620 ⁸⁵
3395 5587 3557 5647 Rom.
3596 5608 3673 5655 ιτ,
3721 5591 3778 5643 5.
