4046 6150
339 301 451 359 869

1465 293 1744 352 CONTRA
1769 287 2156 373 EUNOMlUM,
2197 287 2322 343 LIB.
2371 289 2455 343 ΧΙ.

3505 289 3606 344 870

342 416 658 487 γενόμενος·
690 414 911 468 κάκεῖνο
933 413 989 466 δὲ
1017 415 1102 477 τίς
1129 415 1315 483 ἀγνοεῖ
1342 416 1452 475 τῶν
1479 415 1827 477 πάντων,,ὃτι
1852 410 1930 481 τῷ

2047 421 2213 476 ηυιυιιι
2246 406 2484 461 Verbum
2517 414 2634 471 est,
2665 406 2761 462 sed
2804 407 3032 463 alterius
3080 407 3316 477 alicujus
3352 405 3513 461 Verbi
3550 402 3607 459 lit

343 508 460 561 ὄντι
482 507 544 560 τὺ
575 505 649 577 μὴ
672 506 733 559 ὃν
757 506 1168 576 ἀντιδωρεῖται
1209 508 1368 578 μόνον
1390 527 1404 575 ;
1440 510 1603 562 Ὥστε
1628 508 1658 559 6
1683 506 1774 558 τδν
1800 503 1930 557 Υἱὸν

341 597 774 662 ἁντιδιαστείλας
808 598 892 669 τῷ
921 597 1067 661 ὖντι,
1109 599 1300 669 σαφῶς
1353 600 1665 664 Ἰουδαΐζει.
1704 596 1804 666 τὴν
1835 593 1930 648 τοῦ

343 690 682 766 Μονογενρῦς
710 691 1005 744 ὑπόστασιν
1024 690 1379 745 omnme
1407 691 1500 744 τοῦ
1517 690 1804 759 δόγματος.
1835 688 1931 740 Ὃν

342 785 455 854 γὰρ
476 784 580 851 ἔξω
603 784 704 854 τῆς
726 783 824 836 τοῦ
843 782 996 847 δντος
1019 782 1333 854 ἐπωνυμίας
1361 783 1528 852 λέγει,
1558 783 1652 834 καὶ
1674 779 1766 832 τοῦ
1794 773 1932 830 εἶναι

339 876 565 937 πάντως
593 873 895 946 ἐξῃρῆσθαι
921 873 1340 938 κατασκευάζει.
1376 875 1450 927 Οὐ
1479 874 1588 944 γὰρ
1616 871 1682 941 δὴ
1709 869 1772 922 τὸ
1793 863 1932 922 εἶναι

345 967 521 1029 διδοὺς
567 965 704 1037 πρὸς
747 966 842 1017 τὸν
888 962 984 1018 τοῦ
1031 965 1274 1035 ῥήματος
1325 960 1456 1035 ἦχον
1504 961 1928 1031 διενεχθήσεται.

359 1061 519 1113 Ἀλλὰ
541 1060 636 1112 καὶ
654 1061 721 1130 τῇ
745 1059 936 1130 Γραφῇ
959 1057 1247 1129 κρατύνειν
1268 1058 1536 1126 ἐπιχειρεί
1557 1055 1654 1125 τὴν
1680 1051 1930 1116 ἀτοπίαν,

343 1153 442 1205 καὶ
487 1149 848 1221 προϐάλλεται
901 1147 994 1203 τὸν
1039 1149 1247 1203 Μωσέα
1297 1145 1596 1218 συνήγορον
1643 1144 1785 1198 κατὰ
1831 1143 1934 1212 τῆς

349 1242 626 1314 ἀληθείας.

433 1494 522 1558 Ὠς
564 1494 673 1566 γὰρ
705 1483 910 1549 ἐκεῖθεν
941 1496 1072 1566 ἡμῖν
1112 1495 1495 1565 διαλεγόμενος
1537 1495 1663 1556 τοὺς
1700 1492 1935 1554 οἰκείως

354 1587 558 1658 μύθους
608 1587 730 1640 κατ’
778 1586 1027 1651 ἐξουσίαν
1071 1586 1291 1653 διέξεισι
1339 1585 1545 1654 λέγων,
1588 1586 1670 1638 ὅτι
1713 1585 1773 1636 Ὀ
1820 1583 1936 1652 μὲν

2038 497 2293 561 Verbum,
2326 499 2574 553 minister
2605 506 2660 553 et
2691 500 2938 569 angelus,
2961 499 3011 552 iul
3041 507 3147 562 est,
3181 499 3437 564 nuntius,
3463 497 3613 551 illius

2032 586 2232 644 laetus.
2268 588 2408 642 Illud
2429 599 2608 644 autem
2631 581 2758 660 quis
2789 592 3033 644 omnium
3069 591 3283 660 ignorat
3307 588 3454 658 quod
3497 587 3611 642 enti

2032 681 2212 736 solum
2244 682 2546 750 opponitur
2567 698 2680 735 non
2707 682 2840 738 ens?
2887 682 3067 747 Quare
3096 683 3189 752 qui
3219 681 3416 735 Filium
3452 680 3520 734 ab
3545 694 3612 734 eo

2034 771 2126 840 qui
2156 777 2262 833 est,
2297 770 2609 841 distinguit,
2649 769 2942 825 manifeste
3007 769 3284 840 judaizat,
3336 765 3613 835 Unigeniti

2035 876 2326 932 personam
2357 878 2386 916 a
2435 862 2687 933 dogmate
2719 861 3052 931 subripiens.
3087 860 3258 926 Quem
3288 860 3433 914 enim
3460 867 3615 913 extra

2035 954 2182 1008 entis
2222 954 2650 1008 nominationem
2673 952 2828 1020 dicit,
2849 969 2913 1007 ex
2944 967 3126 1008 rerum
3145 960 3338 1007 natura
3367 951 3616 1005 funditus

2037 1047 2350 1114 exemptum
2383 1059 2508 1099 esse
2553 1046 2770 1100 astruit.
2832 1044 2950 1099 Non
2975 1045 3119 1100 enim
3145 1045 3235 1114 qui
3261 1044 3354 1099 dat
3381 1057 3526 1104 esse,
3548 1040 3614 1095 de

2041 1134 2192 1190 nudo
2221 1136 2470 1191 vocabuli
2505 1151 2641 1192 sono
2671 1137 2924 1207 litigabit.
2955 1137 3438 1194 Verumenimvero
3471 1133 3619 1188 Scri-

2041 1232 2217 1296 plura:
2243 1227 2562 1283 testimonio
2590 1228 2988 1283 absurditatem
3019 1229 3352 1282 conﬁrmare
3374 1226 3618 1290 molitur,

2037 1332 2103 1373 ac
2132 1318 2336 1374 Mosam
2367 1319 2624 1390 proponit
2643 1327 2836 1375 contra
2865 1320 3154 1376 veritatem
3189 1327 3505 1388 patronum.

2113 1494 2184 1550 Ut
2231 1494 2378 1550 enim
2417 1495 2530 1550 illic
2559 1496 2836 1551 disserens
2865 1509 2996 1551 suas
3056 1493 3270 1548 fabulas
3321 1506 3419 1559 pro
3453 1490 3620 1544 animi

2031 1585 2268 1640 arbitrio
2322 1587 2480 1642 nobis
2537 1597 2780 1649 enarrat,
2818 1587 2946 1641 dum
3005 1586 3169 1648 dicit,
3208 1584 3352 1654 quod
3402 1582 3504 1637 Ille
3531 1583 3622 1652 qui

349 1678 748 1734 ἀξεοστέλλων
774 1677 1036 1746 Μωσῆν,
1071 1678 1256 1743 αὐτὸς
1283 1674 1360 1747 ἦν
1392 1680 1425 1731 ὁ
1451 1675 1536 1730 ὢν
1556 1715 1570 1738 ,
1603 1676 1676 1730 δι’
1715 1671 1790 1731 οὗ
1834 1675 1930 1728 καὶ

2047 1677 2240 1734 larem
2278 1681 2442 1743 misit,
2471 1681 2584 1747 ipse
2609 1689 2724 1734 erat
2754 1680 2844 1749 qui
2873 1689 2952 1732 est
2987 1695 3005 1742 ;
3081 1693 3172 1746 per
3217 1693 3367 1745 quem
3416 1684 3466 1729 et
3499 1676 3625 1727 mit-

348 1770 690 1825 ὼῑέστελλε
723 1771 820 1823 καὶ
863 1769 1068 1824 ἐλάλει
1086 1788 1099 1802 ·
1142 1769 1252 1824 τσῦ
1282 1769 1400 1844 μὲν
1448 1769 1622 1833 ὄντος
1657 1766 1931 1837 ἄγγελος,

351 1860 470 1915 τῶν
495 1861 564 1915 δὲ
595 1860 800 1914 ἄλλων
819 1859 1102 1916 ἁπάντων
1129 1860 1292 1926 Θεός.
1316 1841 1478 1913 ”Ᾱλλ’
1502 1861 1582 1913 ὅτι
1611 1860 1714 1927 ⁴μὲν
1740 1859 1839 1911 οὐκ
1871 1859 1936 1908 ἐκ

350 1951 457 2004 τῶν
493 1952 891 2022 γεγραμμένων
928 1952 1078 2005 ἐστὶν
1107 1953 1139 2023 ἡ
1173 1952 1352 2022 ῥῆσις,
1388 1952 1446 2018 ἐξ
1477 1951 1652 2020 αὐτῆς
1683 1949 1800 2002 ἐστι
1837 1951 1937 2018 τῆς

352 2043 574 2114 Γραφῆς
603 2042 822 2096 ειδέναι.
858 2042 920 2096 Εἰ
945 2043 1000 2095 δὲ
1025 2043 1116 2096 τὸν
1145 2043 1272 2117 νοῦν
1297 2060 1430 2112 φησι
1456 2041 1645 2095 τοῦτον
1675 2038 1815 2094 εῖναι
1841 2039 1936 2094 τοῦ

353 2132 700 2203 γράμματος,
732 2133 896 2196 αὐτὸς
915 2135 1046 2205 ἡμῖν
1067 2133 1378 2200 ἐξεταστέος
1402 2137 1430 2188 6
1458 2134 1812 2206 πρωτότυπος
1840 2133 1937 2203 τῆς

353 2226 575 2295 Γραφῆς
603 2224 778 2294 λόγος.
814 2226 924 2279 Καὶ
949 2227 1164 2298 πρῶτόν
1194 2245 1258 2295 γε
1291 2228 1710 2299 καταράσωμεν,
1738 2227 1822 2280 ὅτι
1847 2226 1938 2279 τὸν

355 2320 473 2389 μετ’
506 2317 668 2372 αὐτὸν
702 2319 834 2372 Θεὸν
902 2320 932 2372 6
976 2319 1240 2390 Εὐνόμιος
1262 2321 1534 2392 ὀνομάσας
1569 2319 1660 2372 τὸν
1697 2317 1935 2389 Κύριον,

352 2410 504 2462 οὐδὲν
536 2409 688 2478 αὐτῷ
703 2409 876 2463 πλέον
905 2412 1054 2482 παρὰ
1082 2412 1180 2483 τὴν
1211 2412 1507 2483 ἀγγελικὴν
1538 2412 1718 2464 δίδωσι
1754 2411 1935 2480 φύσιν.

353 2501 492 2554 osse
525 2503 631 2572 γὰρ
661 2503 690 2554 ὁ
727 2503 970 2570 Μωῦσῆς
994 2503 1234 2567 ἀκούσας
1276 2504 1398 2566 θεὸς
1426 2499 1563 2556 εἶναι
1593 2503 1688 2556 τοῦ
1713 2501 1936 2573 Φαραὼ,

352 2593 512 2665 ἐξέϐη
539 2595 636 2664 τὴν
665 2594 1059 2666 ἁνθρωπότητα
1081 2613 1096 2626 ο
1134 2597 1250 2651 ἀλλ’
1278 2598 1335 2648 ὲν
1362 2599 1428 2668 τῇ
1460 2595 1620 2665 φύσει
1653 2596 1714 2649 τὸ
1743 2597 1936 2666 ὁμότι-

357 2703 458 2756 μον
491 2685 663 2756 ἔχων,
701 2689 770 2757 τῇ
810 2687 912 2756 τῆς
949 2687 1194 2752 ἐξουσίας
1239 2688 1480 2758 ὑπεροχῇ
1517 2686 1626 2740 τῶν
1664 2687 1939 2758 ὁμογενῶν

355 2775 664 2847 ὑπερήρθη,
688 2778 781 2829 καὶ
805 2776 956 2831 οὐδὲν
983 2776 1252 2831 ἐκώλυσεν
1275 2777 1437 2829 αὑτὸν
1463 2778 1598 2847 πρὸς
1618 2778 1684 2830 τὸ
1703 2777 1777 2849 μὴ
1799 2773 1940 2831 εἶναι

359 2867 666 2937 ἄνθρωπον,
695 2869 756 2920 τὸ
782 2868 1046 2940 κληθῆναι
1083 2869 1229 2923 θεόν.
1276 2868 1434 2924 Οὕτω
1461 2871 1555 2922 καὶ
1589 2870 1820 2924 ἐνταῦθα
1845 2870 1940 2923 ἕνα

361 2959 470 3011 τῶν
504 2961 746 3027 ἀγγέλων
785 2961 814 3012 6
849 2961 1112 3032 Εὑνόμιος
1149 2962 1312 3014 αὑτὸν
1345 2957 1484 3014 εἶναι
1526 2962 1940 3024 κατασκευάσας

361 3049 652 3118 Θεραπεύει
699 3049 757 3103 τδ
807 3050 1016 3104 τοιοῦτο
1083 3050 1466 3122 πλημμέλημα
1530 3054 1630 3123 τῆς
1696 3052 1946 3123 Θεότητος

360 3139 550 3209 κλήσει
600 3140 744 3193 κατὰ
773 3141 864 3194 τὸν
907 3141 1234 3196 ἀποδοθέντα
1283 3143 1461 3210 λόγον,
1503 3143 1792 3214 ὁμωνυμίᾳ
1843 3143 1950 3197 τινὶ

357 3232 496 3298 πρὸς
519 3232 682 3285 αὑτὸν
704 3233 802 3303 τὴν
829 3231 925 3285 τοῦ
966 3233 1102 3288 Θεοῦ
1131 3236 1502 3306 προσηγορίαν
1543 3237 1947 3308 κοινοποιῆσας.

371 3323 744 3394 Ἐξετάσωμεν
773 3325 936 3379 πάλιν
960 3325 1101 3379 αὐτὰ
1127 3326 1197 3380 τὰ
1221 3329 1438 3398 ῥήματα
1467 3327 1569 3397 τῆς
1599 3327 1954 3400 βλασφημίας

357 3414 663 3485 ἐκθέμενοι.
700 3417 764 3470 '0
785 3417 1204 3479 ἀποστέλλων,
1227 3419 1382 3488 φησὶ,
1412 3419 1521 3473 τὸν
1549 3419 1822 3482 Μωῢσέα,
1846 3422 1954 3474 ae»

356 3505 462 3571 ις’πς
497 3503 578 3576 ἦν
619 3510 652 3560 ό
679 3505 785 3570 ὢν,
817 3507 890 3561 δι’
925 3505 996 3564 οὗ
1039 3509 1109 3562 δὲ
1139 3509 1529 3573 ἀπέστειλεν,
1576 3515 1608 3564 ὀ
1639 3511 1743 3564 τοῦ
1777 3511 1951 3578 ὄντος

358 3598 612 3667 ἅγγελος
632 3595 729 3668 ἦν,
753 3599 925 3664 οὕτως
951 3601 1231 3671 ὀνομάζων
1255 3603 1347 3655 τὸν
1373 3602 1598 3672 Κύριον.
1619 3602 1834 3656 Οὐκοῦν
1859 3605 1951 3657 ὑπ’

360 3691 532 3758 αὐτῆς
563 3691 847 3760 ἐλέγχεται
886 3695 984 3764 τῆς
1018 3693 1237 3764 Γραφῆς
1263 3696 1296 3764 ἡ
1328 3695 1526 3748 ἀτοπία
1558 3694 1652 3748 τοῦ
1684 3695 1953 3767 λογογράο

361 3797 484 3846 ερον,
513 3781 571 3832 ἐν
597 3775 677 3842 οἷς
709 3783 737 3833 6
765 3782 1004 3852 Μωῦσῆς
1046 3783 1273 3836 ἱκετεύει
1301 3784 1398 3836 ’τὸν
1431 3785 1638 3855 Κύριον
1673 3787 1746 3856 μὴ
1785 3787 1954 3856 ἅγγε-

362 3871 452 3922 λον
479 3874 544 3942 τῇ
581 3873 846 3943 ἡγεμονίᾳ
883 3873 977 3926 τοῦ
1012 3874 1140 3926 λαοῦ
1170 3876 1498 3946 ἐπιστῆσαι,
1525 3877 1640 3929 ἀλλ’
1664 3879 1824 3931 αὐτὸν
1856 3879 1954 3949 τῆς

365 3962 593 4032 πορείας
624 3962 803 4016 αὐτῶν
834 3964 1240 4035 ἀφηγήσασθαι.
1273 3967 1425 4036 Ἔχει
1453 3967 1508 4019 δὲ
1544 3967 1716 4032 οὕτως
1745 3971 1777 4038 ἡ
1811 3969 1955 4036 λέξις

365 4056 431 4107 ἔκ
452 4053 746 4124 προσώπου
776 4054 872 4107 τοῦ
902 4054 1060 4108 Θεοῦο
1093 4055 1317 4122 Βὰδιζε,
1347 4059 1648 4126 κατάϐηθι,
1683 4062 1780 4113 καὶ
1817 4058 1958 4123 ἀδή-

365 4162 564 4216 γησον
600 4145 709 4199 τὸν
736 4146 890 4199 ,λαὸν
927 4147 1145 4200 τοῦτον
1178 4150 1264 4212 εἰς
1306 4147 1416 4202 τὸν
1454 4151 1641 4203 τόπον
1682 4151 1752 4204 ὃν
1784 4147 1958 4204 εἶπόν

368 4252 472 4290 σοι
502 4251 515 4262 ·
549 4236 644 4288 καὶ
677 4234 807 4289 Ζδσὺ
853 4235 1107 4305 ἄγγελός
1133 4253 1252 4305 μου
1313 4239 1739 4306 προπορεύεται
1769 4254 1884 4292 σου
1917 4234 1958 4310 ᾖ

2035 1768 2175 1822 lebat
2199 1778 2250 1823 et
2282 1768 2632 1837 loquebatur;
2687 1768 2800 1837 eius
2837 1767 3045 1838 quidem
3077 1767 3167 1838 qui
3200 1775 3299 1830 est,
3362 1765 3622 1835 angelus;

2035 1859 2264 1912 aliorum
2303 1871 2478 1912 autem
2511 1859 2743 1912 omnium
2802 1859 2956 1914 Deus.
3024 1857 3130 1912 Sed
3184 1857 3330 1928 quod
3369 1857 3483 1910 haec
3511 1871 3624 1910 non

2033 1952 2148 2005 sint
2179 1951 2482 2019 Scriptum
2526 1953 2715 2016 verba,
2747 1951 2875 2005 licet
2925 1967 2987 2005 ex
3025 1949 3143 2019 ipsa
3171 1949 3456 2018 Scriptura
3495 1963 3625 2018 per-

2035 2042 2268 2111 spicere.
2321 2041 2474 2108 Quod
2510 2042 2555 2099 si
2623 2043 2764 2096 hanc
2792 2042 2928 2096 dicit
2961 2056 3086 2097 esse
3135 2049 3371 2095 mentem
3408 2039 3624 2104 litterae,

2037 2135 2156 2205 ipse
2186 2135 2349 2190 nobis
2378 2135 2738 2204 primigenius
2769 2135 3068 2206 Scriptores
3095 2148 3277 2189 sermo
3305 2133 3628 2188 examinan-

2037 2225 2142 2280 dus
2161 2237 2270 2281 est.
2321 2225 2388 2279 Et
2441 2227 2680 2296 primum
2730 2227 2950 2297 quidem
3003 2227 3132 2282 illud
3187 2225 3628 2281 abominabimur

2037 2318 2182 2388 quod
2216 2333 2340 2373 cum
2374 2321 2735 2388 posteriorem
2768 2319 2946 2374 Deum
2977 2319 3283 2374 nominavit
3323 2317 3626 2373 Eunomins

2041 2409 2355 2474 Dominum,
2391 2411 2528 2465 nihil
2557 2411 2606 2466 ei
2656 2412 2890 2481 amplius
2928 2425 3091 2481 quam
3144 2420 3394 2466 naturain
3425 2410 3632 2479 angeli-

2038 2516 2160 2556 cam
2208 2503 2480 2556 attribuit.
2518 2500 2707 2571 Neque
2738 2502 2883 2557 enim
2916 2500 3094 2556 Moses
3124 2517 3247 2556 cum
3286 2501 3460 2556 audiit
3487 2500 3630 2556 deus

2037 2607 2165 2648 esse
2191 2590 2527 2657 Pharaonis,
2551 2593 2946 2647 humanitatem
2968 2591 3121 2646 exuit
3153 2593 3229 2657 ";
3258 2590 3353 2646 sed
3381 2590 3627 2645 eamdem

2039 2695 2296 2742 naturam
2350 2689 2582 2752 habens,
2631 2687 2920 2758 potestatis
2981 2687 3341 2757 praerogativa
3396 2685 3482 2741 his
3535 2685 3632 2755 qui

2041 2779 2292 2850 ejusdem
2325 2782 2544 2848 generis
2569 2779 3008 2849 superexaltatus
3025 2787 3147 2846 est;
3181 2779 3428 2849 nihilque
3452 2778 3631 2832 vetuit

2042 2871 2223 2941 ipsum
2256 2885 2381 2926 esse
2403 2871 2701 2935 hominem,
2721 2871 2876 2940 quod
2900 2877 3124 2926 vocatus
3165 2871 3238 2926 sit
3275 2867 3434 2924 deus.
3465 2869 3559 2924 Sic
3577 2877 3634 2924 et

2049 2965 2140 3018 hic
2195 2978 2364 3018 unum
2427 2965 2746 3034 angelorum
2797 2965 2975 3034 ipsum
3029 2978 3151 3020 esse
3216 2978 3340 3017 cum
3394 2963 3635 3018 asseruit

2055 3055 2376 3118 Eunomius,
2409 3057 2519 3110 tale
2549 3064 2831 3125 peccatum
2867 3062 3045 3117 sanat,
3073 3053 3376 3109 divinitatis
3401 3055 3636 3124 appella-

1999 3131 2004 3137 ’
2051 3148 2202 3201 tione
2230 3147 2532 3201 secundum
2562 3148 2831 3202 rationem
2865 3146 3156 3214 redditam,
3203 3147 3331 3202 dum
3368 3147 3638 3220 homony-

2051 3237 2160 3289 mia
2206 3235 2443 3306 quadam
2494 3236 2597 3306 ipsi
2649 3237 2742 3291 Dei
2807 3237 3228 3306 appellationem
3288 3251 3636 3292 communem

2053 3326 2202 3383 facit.
2236 3327 2450 3383 Rursus
2497 3329 2609 3383 haec
2638 3327 2825 3383 eadem
2881 3329 3046 3383 verba
3081 3330 3458 3384 examinemus
3508 3345 3639 3385 cum

2051 3422 2388 3493 blasphemia
2421 3431 2779 3492 exponentes.
2809 3421 2916 3488 Qui
2945 3425 3091 3477 misit
3126 3423 3392 3495 Magsem,
3427 3427 3636 3495 inquit,

2043 3514 2160 3588 ipse
2192 3523 2304 3567 erat
2339 3513 2438 3583 qui‘
2471 3521 2584 3576 est,
2626 3527 2720 3582 per
2747 3529 2902 3583 quem
2948 3525 3125 3568 autem
3172 3517 3349 3579 misit.
3385 3518 3499 3586 ejus
3549 3521 3641 3590 qui

2052 3617 2126 3660 est
2166 3615 2280 3660 erat
2330 3605 2585 3675 angelus,
2626 3606 2706 3660 sic
2747 3606 3038 3662 nominans
3078 3607 3388 3665 Dominum.
3436 3609 3641 3666 Verum

2054 3695 2124 3750 ab
2155 3695 2272 3765 ipsa
2301 3694 2591 3765 Scriptura
2625 3696 2752 3750 vani
2787 3696 2956 3764 hujus
3011 3700 3298 3768 scriptoris
3328 3702 3644 3760 absurditas

2052 3785 2492 3855 reprehenditur,
2516 3787 2569 3840 in
2595 3802 2704 3856 qua
2738 3789 2910 3844 Moses
2937 3791 3168 3860 supplex
3200 3790 3488 3848 Dominum
3517 3803 3642 3849 orat

2051 3884 2252 3931 utnon
2307 3878 2557 3946 angelum
2590 3879 2810 3934 ducatui
2839 3881 3022 3951 populi
3058 3882 3333 3952 praeﬁciat,
3371 3887 3464 3940 sed
3504 3887 3647 3958 ipse.

2056 3976 2166 4023 met
2189 3968 2402 4024 itineris
2431 3969 2674 4040 ipsorum
2702 3971 2894 4025 ducem
2953 3967 3327 4044 se'praeheret.
3375 3975 3467 4031 Sic
3493 3980 3638 4032 enim

2056 4058 2219 4114 habet
2241 4067 2532 4117 contextus
2554 4075 2621 4116 ex
2655 4077 2886 4132 persona
2923 4063 3052 4120 Dei:
3089 4063 3253 4129 Vade,
3283 4067 3556 4132 descende,
3590 4077 3645 4122 et

2055 4149 2158 4205 due
2188 4151 2326 4205 hunc
2349 4153 2598 4222 populum
2642 4155 2696 4208 in
2729 4155 2903 4210 locum
2933 4173 3084 4226 quem
3125 4157 3220 4211 tibi
3259 4157 3375 4212 dixi
3407 4175 3425 4213 :
3457 4169 3506 4212 et
3529 4176 3648 4215 ecce

2057 4246 2274 4313 angelus
2301 4261 2446 4299 meus
2476 4256 2598 4300 ante
2616 4255 2664 4301 te
2686 4249 2859 4319 pergit
2885 4264 2992 4318 qua
3017 4248 3102 4302 die
3129 4247 3530 4304 consideravero
3558 4251 3647 4319 “';

369 4326 449 4380 ἂν
471 4325 659 4395 ἡμέρᾳ
681 4324 1122 4394 ἐπισκέπτωμαι
1139 4343 1153 4356 ο
1180 4326 1274 4380 καὶ⁴
1302 4326 1416 4397 μετ’
1436 4327 1592 4395 ὀλίγα
1615 4327 1777 4380 πάλιν
1799 4328 1945 4398 φησι·

2060 4349 2122 4389 ac
2145 4336 2307 4405 paulo
2338 4345 2462 4408 post
2497 4339 2573 4391 ait
2630 4355 2861 4395 rursus:
2896 4339 2964 4393 Et
2986 4341 3148 4394 simul
3185 4343 3398 4394 mittam
3449 4352 3572 4396 ante
3596 4355 3649 4399 te

369 4419 479 4474 Kal
497 4418 936 4472 συναποστελῶ
952 4419 1242 4487 πρότερόν
1260 4435 1375 4473 σου
1395 4420 1502 4473 τὸν
1539 4420 1795 4490 ἄγγελόν
1811 4435 1951 4489 μου.

372 4505 508 4564 Εἶτα
537 4510 730 4582 μικρὸν
775 4509 915 4580 μετὰ
939 4510 1038 4580 τὴν
1068 4510 1408 4573 ἀκολουθίαν,
1439 4511 1646 4579 γίνεται
1677 4513 1826 4583 παρὰ
1857 4515 1951 4566 τοῦ

373 4602 704 4672 θεράποντος
749 4602 887 4672 πρὸς
929 4602 1021 4654 τὸν
1056 4600 1188 4655 Θεὸν
1235 4603 1484 4672 ἱκετηρία
1520 4602 1708 4656 τοῦτον
1757 4605 1955 4675 ἔχουσα

371 4695 461 4747 τὸν
493 4695 711 4765 τρόπον·
745 4696 815 4747 Ei
847 4693 1073 4761 εὕρηκα
1099 4692 1276 4762 χάριν
1302 4694 1580 4747 ἐναντίον
1620 4709 1758 4758 σου,
1789 4710 1957 4766 συμ-

374 4786 718 4852 sopatro/iro)
741 4788 776 4839 ὀ
797 4786 1012 4853 Κύριός
1039 4803 1158 4853 μου
1185 4785 1313 4854 μεθ’
1339 4785 1523 4854 ἡμῶν·
1553 4787 1648 4838 καὶ
1677 4786 1858 4851 πάλιν,
1890 4789 1956 4841 El

373 4875 456 4943 μὴ
495 4875 677 4940 αὐτὸς
715 4875 1071 4944 συμπορεύῃ
1108 4875 1268 4943 ἡμῖν,
1310 4874 1394 4942 μή
1419 4891 1496 4943 με
1531 4875 1834 4948 ἀναγάγῃς
1854 4871 1964 4930 ’ἐν-

373 4966 582 5020 ταῦθα.
624 4963 756 5019 Εἶτα
791 4966 1083 5037 ἀπόκρισις
1113 4965 1207 5018 τοῦ
1241 4966 1376 5019 Θεοῦ
1409 4969 1543 5037 προς
1575 4968 1664 5022 τὸν
1703 4969 1961 5024 Μωῦσέαο

378 5060 485 5111 Καὶ
521 5058 738 5111 τοῦτόν
783 5073 881 5110 σοι
925 5057 1034 5110 τὸν
1079 5057 1266 5125 λόγον
1310 5056 1383 5109 ὃν
1426 5057 1671 5125 εἴρηκας
1709 5058 1962 5126 ποιήσω.

377 5151 655 5217 Εῧρηκας
703 5149 812 5218 γὰρ
850 5149 1027 5218 χάριν
1068 5147 1325 5202 ἐνώπιόν
1364 5167 1504 5219 μου.
1557 5151 1662 5203 Καὶ
1718 5148 1853 5205 οἶδά
1889 5167 1964 5207 σε

377 5241 537 5308 παρὰ
555 5239 803 5304 πάντας.
826 5239 1034 5293 Οὐκοῦν
1055 5241 1104 5292 εί
1126 5237 1361 5309 Μωῢσῆς
1387 5227 1485 5310 μὲν
1512 5244 1849 5311 παραιτεῖται
1871 5242 1964 5296 τὸν

377 5332 631 5400 ἄγγελον,
659 5333 818 5394 αὐτὸς
845 5331 898 5385 δὲ
918 5334 945 5385 6
968 5331 1320 5403 χρηματίζων
1347 5331 1494 5403 αὐτῷ
1519 5333 1853 5404 συνέμπορος
1877 5334 1964 5402 γί-

378 5442 551 5486 νῖται,
588 5424 682 5476 καὶ
725 5424 1050 5495 καθηγεμὼν
1079 5423 1177 5495 τῆς
1223 5426 1502 5495 στρατιᾶς,
1545 5426 1794 5497 φανερῶς
1826 5428 1962 5482 ἀπο-

2061 4429 2305 4499 angelum
2332 4447 2503 4485 meum
2535 4433 2599 4486 ".
2621 4432 2826 4489 Deinde
2866 4435 3028 4504 paulo
3057 4443 3200 4506 post,
3243 4445 3646 4506 consequenter

2065 4518 2121 4571 lit
2155 4519 2485 4589 supplicatio
2511 4521 2750 4576 ministri
2783 4523 2850 4577 ad
2881 4522 3048 4578 Deum
3096 4537 3218 4594 quae
3245 4524 3310 4579 ad
3351 4525 3500 4578 hunc
3528 4538 3648 4579 mo.

2061 4609 2190 4664 dum
2231 4611 2445 4691 habet:
2479 4612 2538 4668 Si
2568 4614 2740 4668 inveni
2764 4617 2994 4684 gratiam
3026 4633 3207 4671 coram
3245 4627 3311 4684 te,
3336 4617 3497 4672 simul
3530 4633 3649 4686 pro-

2062 4701 2336 4771 ﬁciscatur
2371 4701 2631 4759 Dominus
2688 4722 2831 4759 meus
2858 4706 3129 4761 nobiscum
3159 4709 3204 4740 ⁹⁰
3234 4727 3249 4777 ;
3306 4717 3360 4763 et
3415 4725 3647 4766 rursus:

2065 4792 2192 4847 Nisi
2215 4794 2327 4863 ipse
2360 4794 2632 4849 nobiscum
2684 4798 2882 4863 venias,
2912 4815 2976 4852 ne
3025 4799 3264 4854 melinde
3317 4800 3546 4856 abducas
3578 4804 3647 4858 “.

2067 4882 2272 4941 Deinde
2306 4884 2398 4940 Dei
2445 4889 2735 4957 responsio
2761 4887 2827 4942 ad
2860 4887 3064 4946 Moscm
3099 4910 3112 4946 :
3146 4891 3217 4946 Et
3247 4894 3384 4948 hunc
3415 4895 3511 4948 tibi
3541 4913 3652 4950 ser-

2068 4992 2272 5031 monem
2315 4995 2463 5048 quem
2492 4981 2681 5035 dixisti
2711 4981 2944 5051 faciam;
2975 4984 3220 5041 invenisti
3250 4988 3389 5041 enim
3419 4991 3653 5058 gratiam

2066 5081 2246 5120 coram
2296 5085 2396 5123 me.
2463 5069 2533 5124 Et
2568 5073 2689 5126 novi
2747 5083 2794 5128 te
2858 5091 3020 5144 supra
3087 5094 3264 5134 omnes
3295 5082 3362 5134 ".
3420 5079 3561 5148 Ergo
3605 5079 3649 5131 si

2071 5156 2286 5230 Moyses
2332 5173 2551 5218 recusat
2584 5165 2835 5235 angelum
2859 5208 2873 5233 ,
2923 5167 3040 5238 ipse
3076 5178 3257 5225 autem
3287 5172 3376 5240 qui
3409 5170 3654 5238 loquitur

2071 5265 2195 5305 cum
2231 5252 2372 5322 ipso,
2409 5254 2467 5308 lit
2497 5269 2683 5311 comes
2706 5263 2760 5312 et
2792 5257 2901 5313 dux
2930 5263 3228 5321 exercitu-5,
3251 5276 3348 5330 per
3383 5259 3497 5314 hare
3531 5276 3649 5313 ma-

2071 5342 2272 5400 nifeste
2301 5345 2732 5414 demonstratur,
2786 5351 2931 5420 quod
2978 5353 3071 5406 ille
3115 5353 3207 5420 qui
3234 5351 3354 5419 ejus
3402 5353 3491 5420 qui
3531 5362 3650 5416 est,

2072 5438 2295 5491 nomine
2327 5438 2565 5508 seipsum
2604 5449 2791 5494 notum
2821 5439 2969 5500 fecit.
3000 5441 3318 5509 unigenitus
3347 5450 3430 5496 est
3486 5441 3649 5500 Deus.

375 5516 653 5572 δείκνυται
681 5515 769 5569 διὰ
799 5515 1002 5569 τούτων
1022 5557 1036 5583 ,
1067 5516 1149 5569 ὅτι
1189 5519 1217 5569 6
1258 5519 1323 5588 τῇ
1363 5515 1459 5570 τοῦ
1491 5517 1640 5581 ὖντος
1671 5520 1957 5592 ἐπωνυμίᾳ
1997 5523 2189 5582 ἑαυτὸν
2220 5531 2515 5602 γνωρίσας,
2548 5531 2576 5583 6
2612 5529 2907 5601 μονογενής
2931 5530 3048 5582 ἐστι
3077 5530 3228 5595 Θεός.

453 5704 496 5739 ⁸⁷
538 5699 824 5762 Exod.vn,
861 5700 909 5755 l.
945 5701 988 5733 "
1017 5699 1412 5764 Exod..xxxm,
1455 5702 1504 5755 l.
1571 5703 1611 5732 "
1655 5703 1786 5757 ibid.
1819 5705 1872 5760 ‘2.

2047 5706 2198 5763 Exod.
2226 5723 2409 5772 xxxi",
2437 5707 2486 5762 9.
2533 5707 2575 5739 “
2605 5705 2773 5761 Exod.
2812 5721 3022 5774 ιλςιιι,
3061 5707 3146 5764 15.
3192 5711 3235 5743 "
3273 5712 3400 5770 ibid.
3440 5715 3519 5775 l7,
3555 5711 3635 5766 l2.
