4054 6152
503 266 595 319 871

1784 278 1842 331 S.
1883 277 2213 337 GREGOlill
2250 279 2544 337 NYSSENI

3638 281 3746 337 872

568 394 723 461 Quod
755 395 798 449 si
824 394 947 463 quis
984 394 1067 448 his
1091 393 1502 456 conti-adiuerit,
1520 392 1755 448 Iudaicae
1780 396 2050 467 opinionis

2229 401 2290 453 Εί
2336 401 2393 454 δὲ
2440 401 2574 473 πρὸς
2617 398 2773 464 τοῦτό
2817 412 2900 464 τις
2947 398 3244 467 ἀντιλέγοι,
3291 397 3389 468 τῆς
3452 396 3745 465 Ἰουδαϊκῆς

499 487 603 541 erit
631 493 911 554 patronus,
947 482 1140 537 Filium
1179 484 1244 538 ad
1282 486 1465 554 populi
1506 487 1736 541 salutem
1768 502 1877 541 non
1902 488 2064 543 simul

497 585 802 625 assumens.
864 569 918 623 Si
970 572 1112 626 enim
1165 574 1391 641 angelus
1444 589 1569 627 cum
1640 574 2061 633 lsraelitismon

494 662 668 729 pergit
692 703 705 724 ,
732 660 823 729 qui
855 670 1036 715 autem
1064 677 1159 730 per
1185 664 1307 733 ejus
1339 664 1431 733 qui
1454 676 1538 719 est
1562 665 2087 722 denominationent.

493 749 821 815 declaratur,
860 767 965 804 non
1001 760 1085 805 est
1134 751 1480 823 Unigenitus,
1527 756 1669 810 sicut
1690 757 1824 810 .vult
1877 756 2061 812 Euno-

493 842 656 902 mius,
698 842 833 895 nihil
882 842 1025 894 aliud
1066 858 1232 910 quam
1275 859 1340 898 ex
1391 842 1674 915 Synagoga
1731 847 1945 902 decreta
2006 848 2061 903 in

493 932 793 988 Ecclesiam
829 932 918 987 Dei
952 934 1280 987 transfertis.
1328 935 1496 1004 Igitur
1538 936 1770 990 duorum
1830 939 2059 993 alterunt

499 1022 812 1077 necessario
857 1023 1285 1089 conﬁtebuntur,
1327 1027 1410 1079 vel
1468 1042 1739 1097 nusquam
1794 1027 1927 1085 Mosi
1965 1032 2063 1085 ad-

491 1114 663 1167 l‘uisse
691 1113 1029 1182 unigenitum
1067 1113 1271 1178 Deum,
1328 1117 1411 1171 vel
1468 1117 1647 1187 ipsum
1696 1116 1893 1173 Filium
1940 1136 2063 1177 esse

492 1219 617 1258 eum
652 1205 741 1271 qui
775 1212 876 1265 est,
937 1220 967 1258 a
998 1221 1106 1273 quo
1162 1206 1229 1260 ad
1283 1208 1592 1263 ministrum
1631 1210 1686 1265 lit
1717 1227 1915 1266 sermo.
1956 1213 2060 1269 Sed

494 1296 820 1350 contradicit
860 1297 1020 1350 dictis
1079 1299 1251 1366 ipsam
1311 1298 1647 1368 Scripturatn
1684 1304 2057 1371 praetendens,

490 1401 611 1455 quae
650 1386 730 1439 sic
763 1386 858 1447 ait,
892 1386 1066 1454 angeli
1129 1401 1314 1440 vocem
1350 1391 1723 1456 praecessisse,
1778 1407 1841 1446 ac
1872 1400 2061 1461 postea

489 1479 610 1545 ejus
651 1478 740 1546 qui
773 1485 857 1531 est
912 1478 1243 1546 colloquium
1292 1480 1643 1535 subsecutum
1686 1481 1894 1538 fuisse:
1956 1485 2059 1540 hoc

489 1575 713 1621 nonest
744 1568 1126 1635 contradictio,
1164 1568 1257 1622 sed
1319 1579 1634 1624 nostrorum
1690 1573 2055 1629 conﬁrmatio.

487 1657 620 1711 Nam
650 1666 704 1712 et
742 1672 842 1712 nos
868 1659 1015 1711 clare
1074 1658 1306 1713 dicimus
1363 1660 1679 1730 prophetam
1723 1664 1792 1719 de
1841 1664 2060 1720 Cbriﬂo

2166 492 2487 562 ὑπολήψεως
2518 493 2670 545 ἔσται
2709 493 3024 562 συνήγορος,
3054 491 3145 543 τὸν
3180 490 3308 543 Υίὸν
3343 489 3419 559 μὴ
3454 506 3723 559 συμπαρα

2163 583 2454 652 λαμϐάνων
2488 584 2569 645 είς
2608 583 2707 652 τὴν
2739 582 2831 634 τοῦ
2878 581 3006 635 λαοῦ
3058 581 3351 651 σωτηρίαν.
3396 581 3461 633 Ei
3499 579 3610 648 γὰρ
3641 582 3747 646 ἀγ-

2163 673 2318 741 γελος
2360 675 2458 745 μὲν
2502 677 2615 737 τοῖς
2665 672 3025 744 Ἰσραηλίταις
3054 674 3116 724 οὺ
3149 670 3578 740 συναπέρχεται·
3622 670 3652 721 0
3686 668 3747 722 δὲ

2161 763 2247 817 διὰ
2279 764 2377 833 τῆς
2419 763 2506 817 τοῦ
2536 763 2686 827 ὄντος
2716 763 3032 833 ἐπωνυμίας
3059 760 3408 831 δηλούμενος,
3440 763 3469 814 0
3502 758 3743 827 Μονογε-

2161 853 2257 924 νὴς
2283 854 2383 908 οὐκ
2411 854 2561 921 ἐστι,
2602 852 2782 916 καθὼς
2819 853 3079 922 Εὑνόμιος
3111 851 3391 922 βούλεται,
3427 851 3578 904 οὐδὲν
3612 850 3743 904 ἄλλο

2160 945 2193 1015 ἢ
2223 943 2291 997 τά
2331 946 2395 997 εκ
2418 945 2519 1014 τῆς
2547 943 2866 1014 συναγωγῆς
2901 942 3146 1012 δόγματα
3181 941 3318 1012 πρὸς
3364 941 3462 1010 τὴν
3507 940 3740 1010 Ἐκκλη-

2162 1033 2286 1087 σίαν
2314 1032 2407 1086 τοῦ
2437 1026 2571 1086 Θεοῦ
2606 1032 2989 1104 μεταφέρεται.
3028 1031 3239 1085 Οὐκοῦν
3270 1030 3377 1083 τῶν
3406 1028 3499 1082 δύο
3526 1029 3586 1081 τὸ
3623 1030 3743 1081 ἓτε-

2163 1141 2255 1196 ρον
2282 1125 2340 1189 ἑξ
2364 1125 2608 1193 ἀνάγκης
2647 1122 3098 1193 ὁμολογήσουσιν,
3133 1120 3167 1191 ἦ
3206 1118 3454 1190 μηδαμοῦ
3484 1121 3740 1189 παρεῖναι

2159 1215 2236 1285 τῷ
2262 1215 2463 1285 Μωῦσῇ
2489 1215 2580 1267 τὸν
2605 1213 2866 1284 μονογενῆ
2895 1212 3049 1274 Θεὸν,
3079 1212 3110 1282 ἢ
3140 1212 3303 1264 αὐτὸν
3326 1211 3417 1264 τὸν
3438 1210 3567 1264 Υίὺν
3596 1205 3739 1262 εἶναι

2158 1306 2248 1358 τὸν
2273 1306 2421 1370 ὄντα,
2462 1307 2591 1375 παρ’
2620 1298 2681 1357 οὖ
2708 1306 2736 1355 0
2762 1304 2918 1373 λόγος
2959 1303 3085 1374 πρὸς
3123 1302 3214 1356 τὸν
3251 1302 3555 1371 Θεράποντα
3591 1301 3738 1368 γίνε-

2158 1415 2267 1451 ται.
2310 1398 2450 1450 Ἀλλ’
2483 1399 2751 1466 ἀντιλέγει
2781 1400 2894 1460 τοῖς
2928 1396 3236 1468 εἰρημένοις
3266 1395 3433 1466 αὐτὴν
3465 1395 3562 1467 τὴν
3596 1382 3739 1464 Γρα-

2160 1489 2264 1559 φὴν
2307 1490 2719 1560 προτεινόμενος
2758 1489 3042 1556 λέγουσαν,
3091 1486 3321 1555 ἀγγέλου
3371 1485 3737 1556 προτετάχθαι

2160 1581 2363 1649 φωνὴν,
2406 1580 2498 1633 καὶ
2530 1580 2703 1644 οὕτως
2738 1580 2971 1651 ὲπῆχθαι
3019 1579 3111 1632 τὸν
3141 1578 3235 1631 τοῦ
3280 1579 3430 1640 ὄντος
3466 1578 3735 1644 διάλογον.

2160 1670 2330 1724 Τοῦτο
2355 1671 2412 1724 δὲ
2440 1672 2538 1724 οὐκ
2564 1672 2901 1742 ἀντίρρησις,
2927 1671 3061 1723 ἀλλὰ
3092 1670 3378 1740 βεϐαίωσις
3397 1672 3506 1721 τῶν
3533 1670 3738 1739 ἡμετέ-

489 1750 806 1818 mysterium
840 1749 1189 1803 manifestum
1218 1749 1398 1806 facere
1425 1751 1733 1808 hominibus
1760 1754 2049 1819 volentem,

2158 1778 2263 1832 ρων
2295 1761 2460 1814 ἐστίν.
2493 1763 2601 1815 Καὶ
2632 1764 2791 1832 ἡμεῖς
2824 1763 2933 1833 γάρ
2977 1779 3156 1831 φαμεν
3188 1760 3434 1831 ἐναργῶς
3468 1760 3560 1812 τὸν
3599 1776 3739 1828 προ-

485 1842 761 1909 angelum,
791 1856 913 1894 eum
951 1841 1041 1909 qui
1080 1848 1182 1905 est,
1213 1843 1557 1911 appellasse;
1593 1859 1660 1898 ne
1689 1846 1735 1898 si
1764 1846 1880 1899 sola
1938 1846 2055 1915 ejus

486 1933 577 2000 qui
633 1940 738 1994 est,
796 1932 1099 1986 nominatio
1168 1933 1221 1985 in
1280 1933 1553 2003 colloquio
1593 1934 1948 2003 inveniretur,
1987 1936 2055 1991 ad

486 2024 696 2077 Patrem
728 2038 923 2077 sensus
954 2038 1141 2076 eorum
1172 2038 1292 2091 qua:
1319 2024 1577 2080 dicuntur
1612 2024 1903 2079 referatur.
1949 2025 2055 2082 Sed

485 2114 937 2184 quemadmodum
969 2123 1155 2168 noster
1185 2130 1366 2169 sermo
1419 2116 1617 2171 mentis
1664 2117 2052 2187 impulsiouum

486 2206 649 2260 index
716 2217 800 2258 est
852 2212 905 2257 et
952 2205 1367 2277 internuntius:
1424 2205 1506 2259 sic
1570 2206 1733 2260 etiam
1798 2207 2052 2274 dicimus,

482 2310 671 2349 verum
724 2294 957 2349 Verbum
1004 2294 1152 2364 quod
1217 2302 1303 2351 est
1355 2296 1410 2350 in
1463 2296 1734 2366 principio
1794 2299 2054 2355 nuntians

484 2388 685 2459 preprii
718 2385 896 2441 Patris
927 2387 1242 2453 consilium,
1280 2387 1350 2441 ob
1391 2388 1682 2443 nuntiandi
1716 2405 1922 2444 munus
1944 2404 2053 2459 quo

480 2481 596 2548 ipse
655 2478 916 2548 fungitur,
984 2479 1237 2549 angelum
1297 2477 1430 2533 dici.
1488 2478 1553 2532 Et
1597 2480 2049 2548 quemadmodum

480 2570 733 2625 sublimis
764 2568 1005 2625 Joannes
1034 2570 1128 2640 qui
1154 2569 1310 2640 prius
1341 2569 1519 2639 ipsum
1544 2568 1785 2625 Verbum
1813 2571 2049 2639 dixerat,

481 2664 557 2717 ita
592 2662 897 2731 subjungit,
935 2662 1104 2716 Deum
1138 2677 1260 2718 esse
1302 2659 1561 2727 Verbum,
1617 2677 1688 2716 ne
1722 2663 1769 2716 si
1805 2663 1897 2718 Dei
1954 2678 2053 2733 ap-

482 2754 701 2823 pellatio
753 2754 1159 2822 praecessisset,
1216 2752 1283 2806 ad
1353 2753 1569 2807 Patrem
1628 2754 2050 2822 cogitationibus

480 2843 923 2912 impellerentur:
996 2843 1077 2898 sic
1127 2853 1182 2897 et
1235 2857 1466 2913 magnus
1518 2840 1695 2900 Moses
1746 2860 1869 2900 cum
1924 2860 2048 2901 eum

479 2936 731 3005 angelum
811 2934 961 3003 prius
1029 2933 1415 2997 nominasset,
1482 2935 1656 3004 ipsum
1730 2951 1853 2991 esse
1924 2951 2048 2991 eum

477 3028 571 3097 qui
608 3035 688 3082 est
725 3027 907 3081 verbis
962 3026 1320 3094 sequentibus
1380 3026 1595 3093 edocet,
1651 3036 1710 3082 ut
1760 3026 2047 3084 manifeste

2157 1853 2333 1922 φήτην
2362 1852 2422 1905 τὸ
2451 1853 2579 1924 περὶ
2608 1853 2703 1905 τοῦ
2729 1854 2964 1924 Χριστοῦ
2993 1855 3287 1924 μυστήριον
3316 1852 3555 1921 ἐμφανὲς
3583 1852 3739 1921 ποιῆ-

2158 1959 2244 1995 σαι
2292 1946 2403 2006 τοῖς
2449 1942 2756 2014 ἀνθρώποις
2810 1930 3132 2014 βουλόμενον
3152 1986 3165 2008 ,
3203 1944 3431 2011 ἄγγελον
3467 1943 3561 1994 τὸν
3604 1942 3736 1994 ὄντα

2155 2030 2612 2102 ’προσαγορεῦσαι⁸
2636 2032 2709 2094 ὼς
2730 2031 2794 2085 ἂν
2819 2032 2892 2102 μὴ
2920 2032 3084 2102 μόνης
3106 2032 3206 2101 τῆς
3230 2032 3325 2083 τοῦ
3355 2031 3506 2093 ὄντος
3530 2032 3737 2083 ἐπωνυ-

2158 2120 2284 2190 μίας
2324 2121 2464 2174 κατά
2495 2122 2590 2174 τὸν
2614 2122 2861 2189 διάλογον
2889 2122 3296 2192 εὑρισκομένης,
3328 2120 3459 2191 πρὸς
3495 2121 3586 2173 τὸν
3616 2123 3734 2173 Παο

2152 2212 2286 2283 τέρα
2354 2215 2381 2265 0
2424 2212 2549 2274 νοῦς
2595 2213 2705 2266 τῶν
2744 2214 3053 2283 λεγομένων
3107 2212 3519 2281 ἑπαναφέροιτο.
3590 2213 3736 2265 Ἀλλ’

2153 2304 2339 2374 ὥσπερ
2387 2306 2415 2357 0
2458 2306 2721 2376 ἡμέτερος
2770 2307 2925 2374 λόγος
2969 2306 3077 2358 τῶν
3125 2304 3216 2357 τοῦ
3265 2304 3359 2357 νοῦ
3415 2306 3733 2374 κινημάτων

2156 2397 2397 2465 μηνυτής
2428 2412 2486 2447 τε
2520 2395 2613 2447 καὶ
2646 2395 2871 2463 ἄγγελος
2894 2395 3119 2463 γίνεται,
3147 2391 3289 2445 οὕτω
3313 2392 3490 2462 φαμὲν
3518 2388 3612 2444 καὶ
3636 2392 3732 2443 τὸν

2152 2487 2403 2557 ἀληθινὸν
2443 2488 2614 2554 Λόγον
2652 2488 2743 2541 τὸν
2785 2489 2841 2539 ἐν
2876 2488 3015 2558 ἀρχῇ
3045 2486 3173 2540 ὄντα
3213 2484 3596 2553 διαγγέλλοντα
3632 2483 3730 2536 τοῦ

2156 2578 2287 2631 ίδίου
2334 2577 2547 2648 Πατρὸς
2593 2580 2695 2649 τὴν
2732 2577 3024 2649 βουλὴν,τῇ
3062 2577 3311 2648 ἐνεργείᾳ
3341 2576 3440 2645 τῆς
3468 2575 3731 2642 ἀγγελίας

2152 2666 2651 2739 ἐπονομαζόμενον,
2699 2666 2926 2736 ἄγγελον
2977 2667 3250 2734 λέγεσθαι.
3302 2667 3410 2718 Καὶ
3459 2664 3649 2735 ὥσπερ
3701 2666 3732 2716 0

2152 2759 2351 2829 ὑψηλὸς
2378 2761 2626 2830 Ἰωάννης
2652 2760 2912 2829 πρότερον
2942 2758 3103 2811 αὑτὸν
3135 2758 3304 2823 Λόγον
3338 2756 3526 2820 εἰπὼν,
3556 2755 3728 2816 οὕτως

2150 2850 2344 2917 ἐπάγει
2378 2852 2468 2901 τὸν
2497 2849 2628 2902 Θεὸν
2656 2845 2797 2901 εἶναι
2823 2848 2913 2900 τὸν
2947 2847 3137 2915 Λόγον,
3164 2850 3241 2910 ὡς
3270 2846 3337 2900 ἀν
3378 2847 3451 2915 μὴ
3482 2861 3731 2915 προηγη-

2152 2940 2391 3009 σαμένης
2411 2939 2509 3008 τῆς
2530 2937 2623 2991 τοῦ
2657 2937 2790 2991 Θεοῦ
2822 2936 3192 3009 προσηγορίας
3220 2934 3354 3006 πρὸς
3383 2935 3474 2987 τὸν
3504 2934 3726 3004 Πατέρα

2148 3033 2265 3093 ταῖς
2303 3030 2580 3092 ὑπονοίαις
2628 3027 3087 3098 ἀπενεχθείημεν·
3137 3024 3280 3079 οὕτω
3329 3025 3423 3078 καὶ
3475 3026 3504 3076 ὁ
3550 3024 3722 3094 μέγας

480 3096 799 3190 mysterium
830 3116 1031 3171 Christi
1074 3117 1554 3186 pronuntiaretur;
1629 3119 1895 3187 siquidem
1951 3135 2045 3189 per

2151 3121 2385 3191 Μωῦσῆς
2424 3119 2651 3188 ἄγγελον
2680 3096 3259 3189 προονομάσας,αὑτδν
3295 3112 3435 3169 εἷναι
3469 3116 3560 3168 τὸν
3596 3116 3728 3167 ὄντα

477 3210 731 3280 angelum
770 3210 982 3278 paterni
1016 3209 1233 3264 consilii
1296 3210 1569 3279 interpres
1603 3206 1836 3264 Verbum
1896 3211 2047 3266 Scri-

477 3312 641 3373 ptura
680 3303 858 3369 docet,
886 3311 941 3357 et
970 3317 1065 3372 per
1088 3304 1506 3373 appellationem
1534 3301 1657 3370 ejus
1678 3303 1894 3371 quiest,
1926 3318 2046 3358 eam

476 3410 598 3464 quae
626 3404 708 3449 est
737 3396 1039 3448 secundum
1070 3394 1369 3448 essentiam
1411 3391 1534 3445 Filii
1572 3406 1696 3445 cum
1728 3391 1886 3447 Patre
1946 3407 2045 3445 na-

477 3484 707 3540 turalem
742 3484 1152 3553 proprietatem.
1218 3480 1375 3545 Quod
1409 3480 1455 3534 si
1490 3480 1651 3532 etiam
1695 3479 1889 3534 Isaiam
1926 3481 2048 3535 velit

476 3577 740 3645 obiicere,
775 3577 867 3644 qui
900 3574 1058 3637 dixit,
1090 3587 1290 3626 nomen
1321 3571 1442 3640 ejus
1486 3572 1665 3629 vocari
1702 3573 1881 3643 magni
1914 3588 2049 3628 con-

396 3717 405 3725 .
476 3668 584 3723 silii
614 3666 900 3735 Angelum,
943 3679 1120 3734 neque
1147 3664 1229 3719 sic
1261 3671 1510 3719 nostrum
1536 3666 1792 3719 everterit
1836 3680 2047 3721 sermo-

476 3773 621 3812 nem.
663 3755 1024 3824 Perspicuum
1060 3755 1203 3809 eniin
1236 3756 1380 3825 quod
1411 3756 1522 3809 illic
1549 3755 1694 3809 nulla
1717 3765 1801 3811 est
1831 3766 2049 3811 contra-

475 3847 661 3910 dictio,
714 3844 841 3913 quia
903 3845 1301 3902 incarnationis
1357 3848 1673 3917 mysterium
1716 3862 1814 3917 per
1858 3848 2050 3903 vatici—

474 3939 623 3993 nium
655 3938 1009 4007 signiﬁcatur.
1048 3937 1329 4001 Parvulas,
1355 3939 1554 4008 inquit,
1583 3949 1737 3993 natus
1769 3949 1845 3993 est
1876 3940 2045 4005 nobis,

470 4040 519 4084 ct
551 4031 695 4098 [ilius
736 4028 892 4082 datus
923 4041 997 4082 est
1039 4029 1211 4094 nobis,
1250 4029 1402 4099 cujus
1435 4031 1705 4096 imperium
1762 4044 1918 4098 super
1946 4030 2045 4083 liu-

473 4139 675 4177 merum
705 4122 840 4190 ejus,
883 4131 931 4174 et
969 4131 1187 4174 rocatur
1232 4137 1420 4174 nomen
1447 4122 1559 4189 ejus
1612 4121 1789 4189 magni
1841 4120 2048 4175 consilii

440 4208 702 4284 'Angelus
732 4214 796 4266 ".
834 4212 915 4266 Ad
949 4213 1091 4280 quod
1122 4211 1288 4265 David
1321 4212 1513 4280 opinor
1552 4212 1877 4280 respexisse,
1915 4211 2042 4266 dum

454 4307 620 4379 regni
651 4304 768 4373 ejus
796 4304 1247 4357 constitutionem
1288 4310 1528 4356 enarrat.
1581 4300 1699 4356 Non
1750 4302 1894 4369 quod
1935 4317 2043 4357 non

470 4407 615 4451 esset
643 4411 759 4458 rex.
790 4394 885 4449 sed
925 4395 1072 4464 quod
1127 4394 1340 4449 servilis
1373 4394 1670 4458 humilitas,
1731 4408 1893 4462 quam
1949 4408 2045 4463 per

414 4532 423 4537 .
473 4488 902 4543 incarnationem
936 4486 1182 4541 subierat
1224 4484 1505 4545 Dominus.
1543 4485 1608 4538 ad
1657 4489 1859 4555 regiam
1897 4494 2044 4554 pote-

472 4590 666 4636 statem
704 4579 909 4633 assumi
976 4580 1220 4633 deberet.
1272 4576 1604 4632 Constitutus
1657 4595 1796 4640 sum,
1842 4578 2039 4647 inquit,

473 4688 565 4726 rex
593 4672 656 4724 ab
686 4687 743 4723 eo
769 4687 923 4738 super
946 4668 1072 4723 Sion
1107 4677 1335 4721 montem
1356 4677 1599 4722 sanctum
1625 4667 1761 4736 ejus,
1795 4668 2041 4722 nuntians

468 4768 782 4827 pricceptum
821 4757 1036 4811 Domini
1064 4758 1128 4811 “.
1177 4756 1316 4826 Ergo
1357 4767 1410 4809 et
1444 4757 1668 4824 angelus
1696 4764 1748 4809 et
1783 4754 2039 4821 Verbum,

476 4853 712 4919 sigillum
750 4858 802 4903 et
838 4852 1037 4917 imago.
1070 4858 1122 4902 et
1153 4848 1332 4901 omnia
1366 4848 1633 4916 ejusmodi
1659 4848 1846 4901 eodem
1876 4863 2039 4902 sensu

474 4936 671 4991 dicitur
703 4937 793 5003 qui
827 4946 1102 5004 paternam
1135 4936 1433 4990 bonitatem
1469 4951 1565 5005 per
1591 4936 1829 5004 seipsum
1858 4944 2040 4989 notam

473 5026 620 5080 facit.
655 5025 886 5089 Quando
937 5026 1077 5078 enim
1117 5026 1344 5095 angelus
1380 5025 1603 5080 nuntius
1656 5024 1891 5093 alicujus
1932 5024 2042 5079 elli-

470 5118 650 5169 ritur:
688 5114 939 5167 similiter
974 5110 1229 5181 Verbum,
1271 5116 1468 5170 tuentis
1500 5116 1775 5169 notionem
1829 5115 2038 5169 involu-

468 5217 578 5262 tam
615 5207 849 5277 explicat
878 5221 892 5260 :
920 5215 971 5257 ct
999 5204 1233 5275 sigillum
1275 5205 1328 5258 in
1362 5208 1585 5276 propria
1622 5205 1797 5264 forma
1844 5206 2037 5259 arche-

472 5310 680 5369 typum,
713 5299 764 5353 id
797 5304 903 5361 est,
937 5296 1236 5366 principem
1276 5295 1526 5361 formam,
1557 5298 1932 5359 demonstrat,
1987 5303 2040 5351 et

474 5392 652 5459 imago
689 5391 807 5459 ejus
846 5390 939 5458 qui
997 5385 1246 5457 depictus
1284 5393 1369 5441 est
1425 5387 1881 5456 pulchritudinem
1946 5401 2040 5456 per

474 5496 533 5535 se
564 5483 967 5551 interpretatur.
1001 5476 1076 5532 lla
1110 5485 1167 5531 ut
1198 5477 1311 5532 lucc
1344 5479 1527 5532 omnia
1555 5478 1865 5550 signiﬁcatu
1899 5478 2039 5533 inter

550 5661 596 5691 ⁸³
631 5659 729 5713 lsa.
760 5674 847 5723 ix,
889 5659 940 5712 6.
1020 5659 1063 5690 "
1104 5657 1246 5715 Psal.
1286 5674 1347 5726 ιι,
1380 5658 1436 5712 δ.
1542 5676 1552 5685 ·

2074 4442 2118 4496 D

2145 3213 2256 3272 τοῖς
2282 3210 2477 3280 ἐφεξῆς
2504 3209 2809 3264 ἐκδιδάσκει
2834 3208 3121 3277 λόγοις,ὼς
3141 3207 3207 3261 ἂν
3227 3206 3475 3276 φανερῶς
3502 3206 3562 3258 τὸ
3584 3208 3728 3260 κατά

2144 3300 2235 3354 τὸν
2264 3302 2498 3374 Χριστὸν
2542 3300 2941 3371 προαγγελθείη
2990 3300 3288 3370 μυστήριον
3315 3313 3329 3328 ο
3360 3297 3449 3350 διὰ
3494 3297 3591 3368 μὲν
3631 3296 3726 3349 τοῦ

2146 3393 2398 3460 ἀγγέλου,
2429 3393 2522 3446 τὸν
2555 3392 2798 3464 ἑρμηνέα
2825 3391 2919 3445 τοῦ
2954 3390 3223 3462 πατρικοῦ
3260 3390 3597 3460 βουλήματος
3619 3390 3727 3441 Λό-

2146 3500 2241 3552 γον
2281 3485 2379 3556 τῆς
2404 3484 2627 3554 Γραφῆς
2662 3483 3051 3553 διδασκούσης·
3090 3482 3177 3535 διά
3218 3480 3274 3534 δὲ
3318 3483 3418 3550 τῆς
3449 3479 3542 3532 τοῦ
3572 3482 3728 3543 δντος

2147 3574 2511 3645 προσηγορίας
2531 3575 2629 3644 τὴν
2658 3575 2775 3626 κατ’
2799 3573 2930 3626 αὐτὸ
2955 3573 3014 3624 τὸ
3034 3569 3172 3624 εἶναι
3196 3571 3289 3624 τοῦ
3318 3568 3447 3622 Υἱοῦ
3475 3570 3612 3641 πρὸς
3633 3569 3727 3622 τὸν

2147 3667 2366 3738 Πατέρα
2401 3667 2636 3735 φυσικὴν
2666 3666 2994 3735 οἰκειότητα.
3041 3665 3104 3716 Εἰ
3142 3663 3199 3716 δὲ
3243 3664 3335 3716 καὶ
3368 3662 3459 3715 τὸν
3500 3662 3724 3714 Ἡσαΐαν

2147 3758 2521 3831 προϐάλλοιτο,
2554 3757 2631 3821 ὡς
2680 3757 2901 3810 εἰπόντα
2945 3754 3227 3808 καλεῖσθαι
3261 3754 3322 3806 τὸ
3357 3752 3529 3823 ὄνομα
3558 3752 3723 3805 αὑτοῦ

2149 3850 2390 3920 μεγάλης
2420 3848 2614 3919 βουλῆς
2641 3846 2869 3915 ἄγγελον
2890 3886 2905 3911 ,
2936 3847 3056 3899 οὐδὲ
3087 3844 3261 3908 οὕτως
3304 3842 3600 3914 ἀνατρέψει
3634 3844 3724 3895 τὸν

2147 3940 2412 4010 ἡμέτερον
2432 3939 2607 4007 λόγον.
2633 3936 2812 4005 Σαφὲς
2839 3936 2947 4007 γὰρ
2971 3938 3086 3987 ἐκεῖ
3111 3935 3205 3988 καὶ
3227 3935 3619 4005 ἀναντίρρητον
3646 3933 3721 3995 ὡς

2144 4033 2177 4101 ἡ
2210 4031 2350 4084 κατά
2378 4030 2439 4082 τὸ
2466 4027 2803 4100 ἀνθρώπινον
2827 4028 3105 4097 οἰκονομία
3134 4027 3221 4078 διὰ
3247 4027 3345 4096 τῆς
3384 4025 3719 4096 προφητείας

2146 4122 2487 4192 σημαίνεται.
2524 4120 2768 4175 Παιδίον
2809 4119 2936 4190 γὰρ,
2978 4119 3169 4189 φησὶν,
3219 4118 3511 4186 ἐγεννήθη
3555 4116 3715 4185 ἡμῖν.

2144 4213 2242 4265 καὶ
2280 4213 2410 4275 Υἱός
2441 4212 2617 4277 ἐδόθη
2642 4211 2807 4279 ἡμῖν,
2838 4205 2908 4264 οὗ
2942 4211 2977 4275 ἡ
3000 4208 3154 4275 ἀρχὴ
3177 4207 3275 4260 ἐπὶ
3304 4205 3409 4259 τοῦ
3435 4206 3595 4274 ὤμου
3621 4207 3718 4257 au-

2145 4302 2274 4367 τοῦ,
2311 4303 2409 4356 καὶ
2448 4301 2713 4355 καλεῖται
2750 4299 2816 4353 τὸ
2846 4300 3031 4367 ὄνομα
3053 4298 3239 4351 αὑτοῦ
3274 4297 3540 4366 μεγάλης
3570 4296 3715 4358 βου-

2144 4392 2261 4462 λῆς
2288 4393 2557 4461 ἅγγελος.
2586 4390 2729 4461 Πρὸς
2754 4390 2782 4442 ὃ
2810 4390 2903 4443 καὶ
2929 4392 3018 4441 τὸν
3054 4387 3216 4442 Δαόὶδ
3251 4383 3402 4457 οἶμαι
3431 4386 3711 4456 βλέποντα,

2144 4486 2241 4555 τὴν
2283 4486 2379 4555 τῆς
2420 4484 2693 4553 βασιλείας
2733 4482 3064 4536 κατάστασιν
3112 4480 3438 4550 διηγεῖσθαι.
3481 4480 3593 4547 Οὐχ
3641 4477 3715 4541 ὠς

2143 4577 2242 4629 οὐκ
2272 4575 2420 4636 ὄντος
2449 4573 2730 4643 βασιλέως,
2754 4572 2868 4626 ἀλλ’
2896 4572 2972 4635 ὡς
2998 4572 3097 4641 τῆς
3121 4572 3372 4640 δουλικῆς
3399 4570 3715 4637 ταπεινότη-

2142 4684 2252 4730 τος,
2294 4667 2358 4736 ἣν
2403 4665 2605 4732 ὑπῆλθε
2648 4665 2764 4717 κατ’
2821 4662 3130 4729 οἰκονομίαν
3164 4664 3192 4714 0
3232 4662 3469 4732 Κύριος,
3504 4663 3583 4722 εἰς
3620 4661 3714 4728 τὴν

2143 4759 2239 4827 τῆς
2263 4756 2538 4827 βασιλείας
2559 4754 2714 4819 ἀξίαν
2740 4754 3156 4823 ἀναληφθείσης.
3180 4751 3568 4816 Κατεστὰθην
3588 4750 3711 4819 γὰρ,

2144 4850 2294 4920 φησὶ,
2320 4847 2616 4914 ,ϐασιλεὺς
2638 4849 2738 4900 ὑπ’
2761 4845 2966 4909 αὐτοῦ,
2989 4846 3087 4898 ἐπὶ
3114 4844 3266 4898 Σιὼν
3296 4843 3433 4910 ὄρος
3458 4843 3525 4894 τὸ
3550 4841 3715 4910 ἅγιον

2142 4940 2348 5004 αὐτοῦ,
2373 4937 2740 5007 διαγγέλλων
2769 4938 2834 4989 τὸ
2864 4936 3214 5003 πρόσταγμα
3240 4933 3482 5001 Κυρίου.
3509 4930 3715 4983 Οὐκοῦν

2144 5030 2371 5099 ἄγγελός
2399 5046 2457 5081 τε
2489 5029 2580 5082 καὶ
2629 5029 2797 5094 Λόγος
2819 5071 2833 5091 ,
2884 5028 3115 5097 σφραγίς
3146 5043 3204 5077 τε
3253 5025 3347 5077 καὶ
3378 5025 3543 5075 εἰκὼν
3565 5063 3578 5085 ,
3626 5023 3716 5075 καὶ

2146 5120 2321 5171 πάντα
2341 5118 2409 5171 τὰ
2430 5117 2653 5171 τοιαῦτα
2682 5115 2820 5169 κατὰ
2849 5115 2945 5185 τὴν
2985 5115 3155 5182 αὐτὴν
3182 5113 3387 5165 ἔννοιαν
3420 5111 3662 5177 λέγεται,
3690 5112 3717 5161 0

2146 5206 2243 5274 τὴν
2282 5204 2554 5275 πατρικὴν
2593 5203 2900 5272 ἁγαΟότητα
2936 5203 3000 5257 δι’
3029 5200 3220 5255 ἑαυτοῦ
3244 5199 3544 5269 γνωρίζων.
3593 5201 3715 5249 "Urs

2146 5295 2255 5365 γὰρ
2300 5295 2561 5362 ἄγγελος,
2610 5297 2851 5365 μηνυτής
2899 5310 3040 5355 τινος
3070 5292 3302 5359 γίνεται·
3340 5291 3434 5345 καὶ
3478 5292 3507 5342 0
3551 5289 3717 5355 Λόγος

2148 5386 2404 5450 ὡσαύτως
2455 5385 2784 5439 ὲκκαλύπτει
2823 5385 2884 5438 τὸ
2924 5384 3237 5452 ἐγκείμενον
3287 5381 3485 5450 νόημα,
3541 5380 3634 5432 καὶ
3680 5381 3712 5449 η

2150 5480 2384 5549 σφραγὶς
2411 5480 2468 5531 ὲν
2494 5478 2571 5550 τῷ
2600 5478 2713 5549 ἰδίῳ
2735 5477 2889 5546 τύπῳ
2919 5477 2980 5529 τὸ
3008 5474 3307 5546 ἀρχέτυπον
3334 5472 3596 5539 δείκνυσι,
3623 5469 3716 5523 καὶ
