4046 6150
1729 278 1760 302 ο

327 425 432 483 873

324 547 357 612 ἡ
399 543 582 608 εἰκὼν,
636 543 694 597 τὸ
741 541 832 596 τοῦ
866 543 1336 611 άπεικονισθὲντος
1375 549 1568 613 κάλλος
1607 550 1675 601 δι’

324 634 615 706 ἑρμηνεύει
635 651 648 664 ⁸
671 634 745 698 ὡς
777 635 1110 705 ἰσοδυναμεῖν
1133 637 1304 691 ταῦτα
1335 639 1512 692 πάντα
1540 640 1617 710 τῷ
1644 657 1905 709 σημαινο-

329 724 478 796 μένῳ
520 724 656 794 πρὸς
688 725 910 794 ἄλληλα.
939 724 1035 778 Διὰ
1067 726 1222 779 τοῦτο
1249 727 1476 796 ἄγγελος
1506 729 1606 798 τῆς
1638 730 1729 782 τοῦ
1756 730 1904 794 ὄντος

327 817 638 886 ἐπωνυμίας
674 818 1056 886 προτέτακται.
1096 818 1324 885 ἄγγελος
1366 820 1462 889 μὲν
1501 820 1788 890 λεγόμενος
1831 822 1905 885 ὡς

330 908 566 979 μηνυτὴς
591 908 684 961 τοῦ
713 910 922 979 Πατρός
945 928 957 940 ’
980 908 1054 961 ὣν
1077 909 1155 975 δὲ,
1191 911 1265 973 ὠς
1285 912 1383 964 οὐκ
1414 912 1552 980 ἔχων
1578 913 1744 983 ὄνομα
1765 929 1906 981 γνω·

271 997 282 1038 ί
328 998 568 1068 ριστικὺν
601 999 700 1068 τῆς
741 1000 926 1062 οὐσίας
951 1040 964 1060 ,
1006 1001 1140 1053 ἀλλὰ
1174 1002 1352 1072 πάσης
1387 1004 1779 1074 ὑπερκείμενος
1807 1006 1905 1072 τῆς

327 1092 690 1160 ὀνομαστικῆς
720 1092 1012 1161 σημασίας.
1045 1093 1135 1146 Διὸ
1169 1094 1262 1146 καὶ
1290 1094 1351 1146 τὸ
1378 1094 1546 1164 ὄνομα
1573 1096 1736 1149 αὐτοῦ
1765 1098 1904 1167 ὑπὲρ

329 1182 436 1233 πᾶν
479 1176 615 1233 εἶναι
649 1181 818 1251 ὖνομα
856 1183 1004 1251 παρὰ
1037 1183 1138 1252 τῆς
1180 1184 1273 1238 τοῦ
1326 1186 1644 1240 Ἀποστόλου
1682 1189 1903 1259 Γραφῆς

332 1273 768 1344 μεμαρτύρηται.
818 1277 929 1344 Οὐχ
961 1275 1036 1338 ὡς
1077 1276 1136 1328 ’ἐν
1172 1295 1224 1330 τι
1277 1279 1745 1350 προτετιμημένον
1796 1281 1904 1334 τῶν

330 1361 534 1428 ἄλλων,
570 1364 683 1416 ἀλλ’
717 1365 790 1428 ὠς
836 1367 972 1432 ὑπὲρ
1024 1370 1132 1421 πᾶν
1184 1369 1352 1425 ὄνομα
1402 1370 1550 1434 ὄντος
1599 1370 1691 1423 τοῦ
1738 1371 1904 1435 ὅντως

329 1455 502 1518 ὖντος.

413 1544 550 1597 Ἀλλ’
586 1545 698 1615 ὁρῶ
729 1547 835 1617 γάρ
871 1550 948 1611 εἰς
987 1550 1224 1620 ἄμετρον
1265 1553 1365 1621 ἤδη
1420 1554 1509 1604 τὸν
1539 1553 1696 1621 λόγον
1735 1571 1904 1623 παρα-

329 1637 654 1704 τεινόμενον,
685 1639 776 1691 καὶ
806 1639 1018 1693 δέδοικα
1051 1640 1109 1693 τὸ
1135 1641 1308 1695 δοκεῖν
1337 1643 1619 1714 άδόλεσχός
1651 1662 1734 1708 τις
1766 1644 1901 1700 εἶναι

329 1730 419 1780 καὶ
455 1730 705 1799 περιττὸς
735 1732 834 1800 τὴν
864 1734 1065 1801 φωνὴν,
1109 1735 1188 1796 εἰς
1219 1733 1416 1804 πλῆθος
1445 1737 1774 1806 προαγαγὼν
1807 1737 1902 1810 τὴν

329 1819 663 1890 ἀντίρρησιν.
698 1823 886 1876 Καίτοι
921 1824 1090 1878 πολλὰ
1111 1827 1209 1896 τῆς
1236 1826 1323 1880 διὰ
1356 1827 1520 1896 μέσου
1543 1829 1780 1897 γραφίας
1805 1830 1899 1883 τοῦ

327 1911 622 1964 ἀντιπάλου
651 1913 1020 1985 παραδραμὼν
1049 1918 1366 1988 προμηθῶς,
1396 1921 1486 1974 τοῦ
1516 1922 1589 1992 μὴ
1615 1923 1750 1990 πρὸς
1777 1922 1904 1974 πολ-

329 2001 424 2063 λὰς
465 2002 609 2055 ἐπῶν
651 2005 914 2075 μυριάδας
963 2009 1255 2078 ἐκταθῆναι
1301 2011 1390 2062 τὸν
1421 2012 1596 2078 λόγον.
1639 2014 1759 2076 Τοῖς
1795 2014 1904 2084 γὰρ

329 2091 781 2164 φιλοπονωτέροις
816 2097 908 2149 καὶ
934 2098 992 2150 τὸ
1033 2099 1105 2168 μὴ
1135 2100 1395 2171 σύντομον
1417 2145 1430 2166 ,
1459 2105 1710 2173 διαϐολῆς
1757 2107 1904 2159 ἐστιν

330 2181 572 2253 ἀερορμή.
638 2185 725 2246 Ὠς
765 2186 882 2238 δέον
923 2186 997 2258 μὴ
1039 2189 1171 2256 πρὸς
1209 2191 1307 2259 τὴν
1349 2194 1566 2262 χρείαν,
1601 2194 1736 2247 ἀλλὰ
1772 2195 1905 2266 πρὸς

330 2273 426 2344 τὴν
449 2277 556 2328 τῶν
595 2277 778 2347 ἀργῶν
805 2297 862 2333 τε
892 2281 985 2333 καὶ
1022 2282 1302 2336 ὰσπούδων
1334 2285 1625 2355 ἐπιθυμίαν
1665 2287 1900 2357 βλέπειν,

328 2363 411 2430 οἷς
457 2369 524 2421 δι’
569 2372 732 2441 εὐχῆς
775 2375 954 2438 ἐστιν,
989 2376 1186 2444 ὀλίγοις
1241 2378 1447 2448 βήμασι
1495 2379 1664 2432 πολλὰ
1706 2380 1774 2432 τὰ
1818 2380 1904 2433 διὰ

331 2459 430 2529 τῆς
481 2462 601 2514 ὁδοῦ
657 2463 908 2518 διανύειν.
971 2467 1035 2518 Τί
1076 2464 1166 2522 οὖν
1222 2470 1326 2541 χρὴ
1374 2471 1633 2540 πράττειν
1676 2472 1904 2540 ἐφελκο-

333 2550 500 2622 μένης
551 2554 697 2624 ἡμᾶς
755 2557 844 2608 ἐπὶ
900 2561 958 2610 τὸ
1021 2560 1205 2631 πρόσω
1263 2561 1360 2631 τῆς
1418 2561 1802 2634 βλασφημίας;
1871 2564 1903 2634 ἦ

329 2643 469 2713 τάχα
539 2647 790 2716 περιττόν
855 2650 971 2702 ἐστι
1041 2652 1135 2704 καὶ⁸
1197 2653 1365 2716 ὅντως
1442 2654 1726 2725 ἀδόλεσχον
1792 2659 1906 2718 τοῖς

329 2734 538 2803 ὁμοίοις
579 2737 687 2790 τῶν
738 2742 1180 2811 ἐπιχειρημάτων
1235 2743 1695 2812 ἐναγωνίζεσθαι;
1748 2747 1905 2800 Πᾶσα

333 2825 443 2896 γὰρ
489 2827 665 2880 αὐτῶν
707 2831 739 2900 ἡ
774 2834 972 2904 σπουδὴ
1021 2834 1116 2886 καὶ
1163 2835 1304 2888 κατὰ
1358 2836 1449 2889 τὸν
1496 2837 1693 2906 ἐφεξῆς
1741 2837 1904 2891 αὐτοῦ

324 2911 496 2984 ,λόγον
531 2917 810 2988 σύμφωνος
852 2925 964 2985 τοῖς
1010 2925 1501 2996 προεξητασμένοις
1538 2929 1704 2991 ἐστὶν,
1755 2928 1906 2982 οὐδὲν

337 3007 524 3061 καινὸν
568 3011 645 3072 είς
699 3014 1032 3083 κατασκευὴν
1085 3015 1236 3087 παρά
1293 3016 1360 3070 τὰ
1414 3017 1754 3088 προλαϐόντα
1797 3019 1907 3074 τῶν

247 3130 256 3136 -
334 3099 773 3172 ἐπιχειρημάτων
843 3105 1058 3176 ἔχουσα.
1110 3108 1171 3161 Εί
1240 3109 1418 3163 τοίνυν
1473 3110 1710 3183 ἔρρωται
1772 3115 1908 3184 ἡμῖν

1436 427 1710 485 CONTRA
1749 423 2136 496 EUNOMIUM,
2181 429 2310 484 LIB.
2347 431 2433 486 ΧΙ.

3477 437 3584 494 874

1732 548 1900 618 αὐτῆς
1929 548 1972 603 Δ
2005 564 2062 602 se
2094 552 2496 621 tequipnlinanl.
2536 551 2618 607 0b
2652 567 2769 608 eam
2802 568 3023 609 causam
3070 555 3296 625 angelus
3336 555 3458 625 ejus
3484 559 3577 624 qui

2008 651 2089 695 est
2123 645 2472 711 appellationi
2522 645 2844 714 pra-positus
2907 644 3028 700 fuit.
3061 645 3300 715 Angelus
3356 647 3575 716 quidem

2005 734 2202 788 dicitur
2236 746 2491 805 tanquam
2541 738 2703 791 index
2737 746 2783 790 el
2813 769 2819 774 -
2854 738 3132 792 nuntiator
3187 738 3365 793 Patris
3398 757 3413 806 ;
3480 739 3577 810 qui

2005 835 2088 880 est
2115 837 2294 882 autem
2330 836 2386 880 ut
2418 845 2524 882 non
2561 829 2766 882 habens
2821 845 3041 894 nomen,
3085 832 3228 900 quod
3279 831 3578 885 essentiam

2005 920 2124 988 ejus
2157 929 2339 973 notam
2374 921 2558 985 faciat,
2594 921 2688 976 scd
2719 923 2811 990 qui
2847 922 3111 992 sitsupra
3152 938 3367 977 omnem
3402 923 3581 977 nomi-

2006 1029 2134 1066 num
2166 1013 2611 1082 signiﬁcantiam.
2637 1013 2904 1078 Quocirca
2939 1020 2994 1068 et
3028 1029 3224 1067 nomen
3255 1012 3375 1081 ejus
3413 1027 3580 1081 super

2003 1118 2166 1157 omne
2200 1119 2393 1157 nomen
2419 1118 2541 1157 esse
2569 1109 2636 1157 ab
2672 1104 2920 1174 Apostoli
2964 1103 3248 1174 Scriptura
3276 1103 3576 1158 conﬁrma-

2005 1202 2118 1248 tum
2147 1202 2251 1248 est.
2285 1193 2401 1248 Non
2431 1203 2488 1248 ut
2513 1211 2679 1249 unum
2712 1195 2840 1262 quid
2875 1196 2995 1248 aliis
3033 1197 3238 1250 honore
3267 1196 3575 1265 prcelatum.

2006 1286 2101 1341 sed
2156 1285 2285 1356 quia
2334 1301 2501 1355 super
2539 1301 2700 1342 omne
2748 1303 2944 1342 nomen
2997 1297 3082 1342 est
3104 1287 3172 1351 ³³,
3206 1286 3295 1341 ille
3326 1286 3421 1356 qui
3453 1300 3579 1340 vere

2006 1385 2121 1432 est.

2077 1549 2180 1605 Sed
2213 1551 2370 1605 video
2403 1567 2487 1606 me
2516 1553 2569 1604 in
2608 1552 2930 1606 immensum
2969 1567 3277 1606 sermonem
3305 1552 3418 1620 jam
3447 1565 3576 1619 pro-

2004 1643 2246 1708 trahere,
2282 1659 2346 1698 ac
2376 1660 2570 1698 vereor
2602 1660 2668 1698 ne
2705 1644 2891 1698 videar
2928 1645 3182 1714 garrulus
3245 1643 3468 1713 quidam
3525 1651 3579 1695 et

2008 1742 2240 1803 nugator
2291 1749 2435 1798 esse,
2465 1742 2519 1788 et
2575 1734 2886 1804 superﬂuus
2922 1749 3074 1796 voce,
3136 1736 3188 1787 in
3247 1733 3462 1787 turbam
3497 1733 3582 1785 ui—

2005 1825 2172 1878 mium
2226 1825 2488 1894 producta
2548 1825 3002 1880 contradictione.
3072 1831 3355 1888 Attamen,
3411 1823 3577 1877 multa

2005 1933 2128 1986 qua:
2165 1917 2366 1985 passim
2418 1917 2768 1971 adversarius
2829 1917 2880 1970 in
2931 1917 3154 1986 scriptis
3189 1916 3402 1979 inserit,
3448 1929 3580 1968 con-

2007 2007 2156 2066 sm‘to
2185 2009 2533 2078 pra‘termisi,
2584 2025 2651 2063 ne
2691 2010 2744 2063 in
2782 2025 2973 2064 versus
3003 2007 3429 2061 innumerabiles
3460 2021 3578 2061 ser-

2006 2116 2094 2153 mo
2128 2100 2531 2154 emenderetnr.
2565 2101 2695 2153 Nam
2725 2103 2816 2170 qui
2843 2101 3062 2170 quidem
3101 2101 3488 2154 laboriosiores
3529 2108 3582 2152 et

2006 2193 2179 2259 magis
2209 2192 2491 2253 industrii,
2524 2193 2670 2262 quod
2719 2208 2827 2246 non
2853 2191 3140 2247 concisum
3196 2199 3281 2246 est
3308 2199 3361 2246 et
3393 2191 3577 2251 breve.

2005 2285 2058 2337 in
2095 2285 2424 2337 calumniam
2452 2290 2694 2345 vertunt,
2739 2285 2812 2336 ita
2847 2290 2904 2336 ut
2939 2289 3188 2352 oporteat
3239 2296 3345 2334 non
3392 2280 3459 2335 ad
3488 2294 3582 2333 ne-

2005 2375 2336 2441 cessitatem,
2367 2377 2460 2430 sed
2493 2375 2560 2430 ad
2594 2377 2895 2430 otiosorum
2923 2383 2974 2429 et
3010 2374 3264 2427 inertium
3306 2372 3580 2442 cupidita—

2005 2475 2114 2521 tem
2151 2467 2444 2534 respicere,
2477 2467 2679 2535 quibus
2708 2481 2803 2536 per
2823 2473 3010 2520 votum
3043 2465 3172 2518 licet
3197 2464 3385 2534 paucis
3406 2463 3582 2532 passi-

2004 2555 2109 2611 bus
2145 2557 2363 2625 longum
2400 2556 2504 2609 iter
2535 2554 2823 2623 perﬁcere.
2865 2541 3007 2619 Quid
3072 2554 3238 2622 igitur
3289 2553 3578 2623 agendum.

2007 2662 2132 2700 cum
2161 2663 2260 2702 nos
2275 2662 2529 2716 prorsum
2551 2647 2731 2700 trahat
2754 2645 3127 2714 blasphemia?
3143 2645 3224 2697 An
3247 2643 3482 2698 fortasse
3499 2657 3585 2696 su-

2007 2755 2404 2811 pervacaneum
2427 2747 2510 2794 est
2549 2749 2600 2794 et
2623 2739 2969 2807 nugatorium
2992 2737 3264 2792 similibus
3298 2751 3584 2806 argumen-

2007 2831 2308 2886 tationibus
2357 2829 2729 2885 contendere?
2772 2828 2944 2885 Omne
2988 2830 3133 2884 enim
3171 2828 3415 2897 ipsorum
3473 2832 3586 2878 stu-

2008 2921 2157 2976 dium
2191 2931 2244 2978 et
2289 2925 2342 2976 in
2374 2923 2458 2977 his
2485 2939 2602 2992 quae
2642 2923 2899 2991 deinceps
2958 2927 3284 2990 sequuntur,
3322 2919 3406 2972 his
3462 2933 3584 2987 quae

2008 3015 2161 3083 prius
2192 3015 2496 3069 examinata
2523 3024 2574 3067 et
2606 3013 2896 3080 disquisita
2954 3018 3106 3074 sunt,
3149 3017 3576 3065 consentaneum

2009 3117 2174 3165 estet
2203 3123 2526 3171 consonum,
2564 3108 2698 3160 nihil
2746 3107 2870 3161 novi
2935 3105 3141 3161 habens
3196 3103 3263 3157 ad
3300 3103 3585 3174 probatio~

332 3192 366 3260 ἡ
424 3191 530 3244 τῶν
588 3196 1019 3264 προεκτεθέντων
1064 3198 1375 3270 ἀνατροπὴ,
1429 3201 1815 3272 καταλίπωμεν
1869 3201 1905 3256 ἃ

2013 3216 2134 3256 nem
2164 3201 2408 3270 priorum
2470 3206 2912 3269 argumentorum
2956 3205 3149 3265 prreter
3182 3191 3581 3249 antecedentia.

331 3285 445 3346 τοῖς
493 3285 985 3356 προεξητασμένοις
1030 3290 1545 3362 συναπελήλεγκται.
1586 3293 1650 3345 Ei
1698 3294 1753 3346 δὲ
1797 3297 1909 3356 τοῖς

333 3376 627 3444 ἐριστικοῖς
698 3380 791 3430 καὶ
855 3381 1163 3444 ἀντιτύποις
1236 3384 1294 3435 ἐν
1348 3382 1426 3453 τῷ
1485 3385 1800 3455 παρειμένῳ
1851 3386 1912 3438 τὸ

336 3466 626 3535 κράτιστον
687 3463 824 3520 εἶναι
872 3469 1054 3536 δοκεῖ,
1111 3473 1405 3539 ἀναγκαῖον
1459 3475 1526 3527 ἂν
1575 3474 1658 3544 εἴη
1707 3475 1910 3529 τούτων

333 3555 520 3608 ἕνεκεν
551 3557 638 3610 διὰ
670 3557 916 3628 βραχέων
961 3562 1278 3633 ἐπιδραμεῖν
1309 3565 1368 3617 τὸ
1402 3566 1709 3623 ὑπόλοιπον.
1751 3569 1912 3636 Λέγει

337 3646 413 3714 μὴ
443 3642 580 3698 εἶναι
609 3648 699 3699 τὸν
742 3649 946 3720 Κύριον
977 3653 1080 3723 πρὸ
1103 3654 1201 3723 τῆς
1231 3655 1365 3718 ἰδίας
1393 3658 1718 3726 γεννήσεως,
1750 3659 1778 3709 ὁ
1811 3677 1912 3729 μη-

333 3734 449 3787 δενὶ
495 3736 588 3789 τοῦ
654 3739 865 3810 [ἰατρὸς
927 3742 1090 3794 αὐτὸν
1148 3743 1512 3816 διειργόμενον
1558 3747 1913 3801 ἐπιδεικνύειν

340 3822 494 3890 ἔχων.
550 3827 658 3878 Καὶ
687 3827 844 3879 τοῦτό
874 3846 1058 3899 φησιν,
1095 3833 1196 3884 οὐκ
1243 3834 1353 3886 ἀπὸ
1386 3835 1606 3906 Γραφῆς
1638 3837 1727 3889 τὸν
1760 3837 1914 3905 λόγον

341 3915 716 3985 πιστούμενος,
746 3917 858 3970 ἀλλ’
884 3921 947 3974 ὲκ
966 3921 1075 3973 τῶν
1108 3923 1252 3975 ίδίων
1276 3924 1550 3995 λογισμῶν
1578 3930 1915 3982 κατασκευά-

337 4004 449 4066 ζων
476 4006 537 4060 τὸ
568 4009 774 4078 λῆμμα.
816 4012 986 4066 Τοῦτο
1022 4013 1076 4066 δὲ
1107 4016 1280 4069 κοινὸν
1313 4019 1446 4088 πρὸς
1478 4018 1695 4074 ἅπαντα
1722 4021 1790 4073 τὰ
1819 4023 1917 4092 τῆς

337 4099 570 4160 κτίσεως
617 4101 990 4157 ἀποδέδεικται
1025 4107 1185 4179 μέρη.
1238 4110 1313 4162 Οὐ
1355 4109 1640 4182 βάτραχος,
1673 4113 1734 4166 οὐ
1777 4115 1915 4166 σκώ-

335 4188 460 4260 ληξ,
491 4192 550 4243 οὐ
585 4192 870 4264 κάνθαρος,
905 4198 966 4249 οὐ
1001 4197 1126 4262 πόα,
1171 4201 1271 4253 οὐκ
1300 4201 1530 4266 ἄκανθα,
1577 4204 1675 4256 οὐκ
1711 4204 1837 4258 ἄλλο
1863 4223 1916 4257 τι

333 4280 449 4332 τῶν
476 4282 869 4337 εὐτελεστάτων
898 4288 1002 4358 πρὸ
1024 4288 1122 4358 τῆς
1153 4290 1285 4353 ἰδίας
1309 4292 1618 4356 συστάσεως
1640 4291 1724 4364 ἦν.
1755 4295 1917 4348 Ὥστε

334 4375 478 4444 ὅπερ
503 4375 590 4427 διὰ
622 4375 724 4446 τῆς
748 4376 969 4448 λογικῆς
995 4382 1338 4450 τεχνολογίας
1386 4384 1477 4436 ἐπὶ
1523 4385 1616 4437 τοῦ
1651 4385 1780 4438 Υἱοῦ
1823 4388 1918 4439 σὺν

339 4466 530 4538 ἱδρῶτι
563 4471 654 4522 καὶ
687 4470 833 4540 πόνῳ
878 4473 1294 4537 κατασκευάζει,
1343 4475 1501 4528 τοῦτο
1546 4477 1639 4528 καὶ
1685 4478 1776 4530 ἐπι
1810 4477 1917 4530 τῶν

2013 3291 2071 3346 Si
2107 3291 2271 3362 igitur
2321 3290 2473 3344 ﬁrma
2529 3289 2685 3343 nobis
2725 3299 2810 3341 est
2864 3295 2917 3340 ct
2983 3287 3159 3340 valida
3221 3299 3409 3339 eorum
3466 3298 3588 3352 quae

2012 3385 2167 3454 prius
2197 3383 2443 3451 exposita
2475 3389 2603 3435 sunt
2637 3381 2868 3438 eversio.
2929 3379 3312 3448 reliquerimus
3342 3391 3406 3430 ea
3467 3388 3587 3445 quae

2013 3491 2135 3529 cum
2169 3475 2253 3528 liis
2285 3490 2405 3544 qum
2435 3480 2560 3526 ante
2611 3471 2831 3525 fuerunt
2859 3469 3166 3538 disquisita,
3218 3484 3281 3522 ac
3333 3466 3581 3521 refutata.

2012 3563 2166 3630 Quod
2227 3563 2272 3618 si
2332 3561 2692 3616 conlentiosis
2745 3567 2800 3614 et
2855 3559 3187 3612 retractat-iis
3236 3559 3288 3609 in
3328 3571 3392 3609 eo
3442 3557 3586 3624 quod

2015 3653 2437 3723 pmtermissum
2469 3659 2567 3709 est.
2602 3649 3036 3704 valentissimum
3072 3648 3198 3715 quid
3230 3653 3282 3697 ct
3322 3643 3586 3712 potentis-

2014 3747 2212 3798 simum
2275 3760 2396 3798 esse
2452 3744 2686 3801 videtur.
2743 3739 3114 3795 necessarium
3173 3736 3337 3791 fuerit
3388 3736 3586 3789 horum

2013 3853 2180 3892 causa
2221 3836 2368 3906 quod
2405 3843 2574 3890 restat
2605 3834 2794 3904 paucis
2843 3845 3186 3902 percurrere.
3229 3834 3367 3889 Dicit
3409 3827 3588 3881 Domi-

2014 3945 2142 3984 num
2178 3943 2285 3983 non
2324 3928 2493 3982 fuisse
2525 3935 2652 3980 ante
2683 3940 2835 3978 suam
2860 3923 3288 3994 generationem,
3319 3921 3411 3991 qui
3437 3919 3588 3975 nulla

2015 4038 2073 4076 re
2105 4037 2135 4074 a
2199 4014 2362 4074 Patre
2417 4017 2720 4073 disclusum
2779 4029 2903 4069 esse
2961 4016 3339 4070 demonstrare
3385 4019 3587 4081 potest.

2016 4114 2080 4168 Et
2110 4115 2212 4168 hoc.
2265 4113 2462 4168 asserit
2494 4127 2600 4164 non
2633 4124 2699 4164 ex
2733 4108 3016 4175 Scriptura
3047 4119 3349 4159 sermonem
3383 4102 3586 4156 contir-

2015 4204 2302 4269 mans,sed
2324 4219 2387 4257 ex
2409 4202 2643 4271 propriis
2669 4198 2977 4252 rationibus
3009 4206 3282 4262 sumptum
3310 4202 3587 4245 astruens.

2017 4295 2131 4351 lloc
2163 4305 2343 4350 autem
2373 4309 2495 4349 esse
2529 4305 2819 4346 commune
2850 4303 2974 4340 cum
3010 4286 3266 4339 omnibus
3321 4291 3590 4337 creatura:

2017 4388 2262 4459 partibus
2293 4386 2726 4439 demonstratum
2757 4387 2875 4436 est:
2906 4393 3013 4432 non
3046 4393 3202 4441 rana,
3232 4391 3339 4430 non
3366 4375 3588 4437 vermis,

2018 4499 2124 4537 non
2154 4480 2469 4539 scarabeus.
2506 4492 2613 4530 non
2644 4475 2834 4535 herba.
2888 4487 2994 4524 non
3031 4470 3210 4539 spina,
3269 4483 3376 4524 non
3442 4467 3588 4521 aliud

335 4561 607 4630 τυχόντων
637 4563 736 4633 τῆς
767 4563 996 4628 κτίσεως
1031 4565 1232 4636 μορίων
1268 4568 1736 4637 προωμολόγηται,
1771 4571 1860 4623 καὶ
1889 4571 1909 4622 ὁ

2018 4588 2205 4630 eorum
2245 4587 2365 4641 qua:
2395 4571 2449 4623 in
2481 4582 2662 4622 rerum
2703 4574 2905 4620 natura
2955 4569 3084 4617 sunt
3126 4560 3417 4623 vilissima,
3465 4565 3592 4612 ante

337 4653 508 4716 πολύς
537 4655 648 4706 ἐστι
680 4656 836 4720 πόνος
864 4656 940 4725 τῷ
965 4657 1306 4728 λογογράφῳ,
1340 4658 1508 4722 δεῖξαι
1533 4662 1643 4722 τοῖς
1667 4659 1914 4730 ἐσχάτοις

336 4741 450 4794 τῶν
478 4743 534 4794 ἐν
566 4747 630 4813 τῇ
663 4745 834 4798 κτίσει
863 4745 952 4797 τὸν
999 4747 1260 4815 μονογενῆ
1305 4747 1434 4800 Θεὸν
1478 4750 1536 4800 ἐν
1565 4751 1631 4818 τῇ
1661 4751 1914 4820 κοινωνίᾳ

338 4833 450 4886 τῶν
483 4833 784 4904 ἰδιωμάτων
817 4836 1100 4904 όμότιμον.
1146 4835 1355 4890 Οὐκοῦν
1406 4838 1587 4890 ἱκανὸν
1617 4840 1916 4908 τεκμήριον

337 4924 434 4977 τοῦ
467 4926 650 4990 κακῶς
699 4928 896 4991 αὐτοὺς
947 4929 1074 4999 περὶ
1119 4929 1224 4982 τῶν
1258 4930 1542 4999 δογμάτων
1573 4933 1808 5001 φρονεῖν,
1857 4930 1918 4982 τὸ

338 5016 660 5087 συμϐαίνειν
688 5019 868 5082 αὐτοῖς
891 5019 984 5082 τὰς
1014 5019 1310 5090 ὑπολήψεις
1335 5021 1432 5090 τήν
1457 5038 1517 5073 τε
1543 5021 1671 5092 περὶ
1696 5022 1789 5074 τοῦ
1825 5039 1918 5091 μο⁸

337 5109 591 5178 νογενοῦς
617 5109 773 5170 Θεοῦ,
804 5111 898 5162 καὶ
928 5110 1024 5180 τὴν
1048 5112 1174 5181 περὶ
1201 5112 1298 5181 τῆς
1323 5111 1430 5164 τῶν
1463 5112 1744 5182 βατράχων
1776 5113 1920 5180 γενέ-

336 5219 500 5264 σεως.
548 5198 678 5254 Εἶτά
750 5220 915 5272 φησιν
967 5199 1080 5256 ἴσον
1117 5203 1258 5256 κατὰ
1287 5203 1544 5275 ἀλήθειαν
1572 5206 1666 5258 καὶ
1691 5205 1918 5275 δύναμιν

334 5295 416 5364 τῷ
445 5295 740 5365 ἀγέννητον
774 5295 848 5365 μὴ
892 5289 1051 5361 εἶναι,
1083 5297 1144 5348 τὸ
1179 5297 1284 5368 πρὸ
1307 5297 1612 5366 γεννήσεως
1649 5297 1722 5367 μὴ
1755 5293 1914 5351 εἶναι.

336 5385 512 5439 Πάλιν
540 5388 570 5439 ὁ
616 5386 776 5449 αὐτὸς
811 5387 1036 5457 ἁρμόσει
1078 5389 1168 5440 καὶ
1216 5389 1354 5459 πρὸς
1396 5387 1553 5440 τοῦτό
1601 5406 1690 5458 μοι
1740 5387 1920 5461 λόγος,

331 5477 420 5530 ὃτι
461 5476 556 5531 καὶ
593 5478 686 5530 ἐπὶ
722 5476 880 5540 κυνὸς
924 5479 1017 5530 καὶ
1060 5478 1258 5550 ψύχης,
1296 5481 1387 5534 καὶ
1417 5481 1613 5548 ὄφεως,
1647 5481 1740 5533 καὶ
1771 5483 1918 5533 οὑτι-

339 5565 532 5618 νοσοῦν
559 5567 666 5621 τῶν
695 5570 954 5638 ἐσχάτων,
988 5571 1048 5624 τὸ
1077 5568 1189 5625 ἴσον
1219 5572 1388 5626 εἰπών
1423 5591 1502 5637 τις
1543 5573 1640 5643 οὐχ
1671 5573 1921 5643 ἁμαρτή-

345 5675 516 5714 σεται.
571 5660 826 5733 Ἑπείπερ
870 5658 986 5715 ἴσον
1017 5664 1155 5716 κατὰ
1184 5665 1439 5736 ἀλήθειαν
1475 5668 1567 5720 καὶ
1592 5665 1820 5736 δύναμιν
1846 5664 1923 5734 τῷ

454 5841 498 5872 ¹⁵
541 5839 772 5909 Philipp.
815 5856 874 5902 ιι,
918 5843 968 5897 9.

630 5941 904 6000 ΡΑτιιοι.
939 5940 1054 6000 (in.
1101 5940 1290 6000 XLV.

2021 4679 2174 4720 suam
2204 4660 2654 4718 constitutionem
2704 4655 3001 4725 quidquam
3042 4659 3178 4707 erat.
3233 4649 3412 4716 Quare
3446 4649 3592 4718 quod

2022 4752 2326 4810 disserendi
2359 4749 2610 4812 artiﬁcio,
2649 4747 2704 4802 in
2736 4744 2872 4799 Filio
2900 4760 3023 4796 cum
3060 4742 3262 4797 sudore
3292 4749 3345 4794 et
3407 4740 3592 4795 labore

2023 4858 2268 4900 astruere
2301 4844 2515 4905 nititur,
2547 4841 2647 4894 hoc
2678 4839 2839 4893 etiam
2869 4837 2922 4890 in
2960 4835 3292 4905 quibuslibet
3326 4843 3592 4888 creaturae

2023 4938 2368 5010 portionibus
2407 4943 2533 4987 ante
2562 4946 2882 4987 concessum
2933 4938 3036 4990 est,
3091 4928 3402 4996 multusque
3439 4925 3595 4979 labor

2023 5041 2105 5086 est
2135 5030 2259 5084 huic
2292 5024 2669 5095 scriptitatori,
2705 5030 2765 5076 ut
2793 5021 3045 5076 ostendat
3092 5021 3291 5075 inlimis
3326 5017 3594 5074 creaturis

2025 5119 2362 5189 unigenitum
2407 5116 2576 5170 Deum
2627 5113 3022 5184 proprietatum
3079 5111 3461 5166 communione
3513 5120 3590 5156 az-

2025 5212 2237 5284 qualem
2271 5224 2416 5264 esse.
2467 5205 2832 5272 Quamobrem
2891 5203 3260 5258 certissimum
3313 5205 3396 5252 est
3451 5194 3595 5248 indi-

2023 5306 2190 5369 cium,
2223 5302 2286 5357 de
2322 5300 2554 5356 decretis
2595 5299 2744 5367 ipsos
2799 5296 2940 5349 male
2983 5293 3206 5354 sentire,
3260 5287 3402 5356 quod
3457 5284 3592 5354 ipsis

2022 5395 2222 5449 eaedem
2252 5391 2536 5460 opiniones
2563 5387 2884 5441 accidantet
2912 5385 2979 5438 de
3006 5380 3285 5450 unigenito
3314 5378 3422 5431 Deo
3452 5383 3505 5430 et
3525 5375 3592 5429 de

2025 5498 2281 5538 ranarum
2307 5478 2670 5551 generatione.
2703 5473 2903 5526 Deinde
2947 5472 3020 5522 ait
3062 5468 3200 5520 idem
3234 5482 3358 5521 esse
3398 5481 3595 5520 secun-

2023 5576 2153 5630 dum
2193 5573 2474 5629 veritatem
2522 5576 2574 5620 et
2613 5562 2909 5634 potentiam
2965 5560 3263 5629 ingenitum
3298 5573 3406 5613 non
3448 5573 3592 5618 esse.

2023 5677 2077 5723 et
2105 5672 2229 5720 ante
2258 5658 2661 5734 generationem
2691 5667 2802 5706 non
2831 5663 2974 5706 esse.
3011 5648 3223 5705 Rursus
3259 5649 3384 5704 huic
3426 5648 3591 5703 etiam

3182 5925 3260 5983 28
