4054 6152
521 440 624 495 875

1711 446 1767 502 S.
1807 446 2135 505 GREGORH
2173 448 2459 506 NYSSENI

3650 449 3751 505 878

518 560 703 611 eadem
740 558 1027 628 quadrahit
1063 561 1226 628 ratio,
1267 564 1405 633 quod
1444 565 1603 618 etiam
1638 568 1691 619 in
1724 583 1859 624 cane
1904 580 1955 623 et
1986 586 2081 642 pa-

2198 574 2472 643 ἰιγέννητον
2502 572 2578 645 μὴ
2608 567 2746 626 εἶναι
2776 573 2863 625 ei»)
2893 573 3046 637 κύνα,
3081 573 3137 625 τδ
3174 574 3275 644 πρὸ
3317 574 3415 642 τῆς
3453 572 3753 641 γεννήσεως

519 648 720 715 pilione
758 656 810 702 et
844 660 1115 719 serpente,
1163 661 1213 706 et
1247 654 1298 706 in
1329 655 1571 724 quolibet
1621 657 1928 713 infimorum
1963 662 2079 714 ani-

518 741 762 801 malium,
800 742 937 793 idem
973 744 1016 796 si
1052 744 1174 812 quis
1202 744 1419 806 dixerit,
1450 762 1552 800 non
1572 750 1796 811 errabit,
1829 751 2078 819 quando-

514 830 730 897 quidem
767 832 905 886 idem
942 844 1023 889 est
1053 836 1351 890 secundum
1386 839 1666 893 rcritatetn
1697 848 1761 902 et,
1780 843 2075 911 potentiam

515 939 636 974 cum
678 940 740 975 co
771 925 913 992 quod
942 934 1022 979 cst
1048 942 1234 981 canem
1268 945 1371 982 non
1406 930 1701 999 ingenitum
1736 945 1875 991 esse,
1901 932 2076 1002 ipsum

518 1029 621 1065 non
654 1030 774 1068 esse
807 1023 931 1070 ante
990 1018 1410 1086 generationem.
1470 1019 1622 1084 Quod
1691 1022 1734 1074 si
1778 1022 2076 1075 secundmn

518 1106 755 1173 ipsorum
789 1105 1181 1169 definitionem,
1216 1123 1378 1176 quam
1422 1110 1608 1164 timltis
1646 1110 1698 1163 in
1743 1110 1875 1164 locis
1904 1111 2078 1165 deter-

517 1193 813 1255 minarunt,
859 1208 1196 1264 quaecunque
1246 1198 1640 1266 proprietatum
1678 1199 1880 1253 habent
1931 1214 2076 1252 com-

2186 665 2343 718 αὐτὸν
2375 665 2448 735 μὴ
2483 660 2644 717 εἶναι.
2693 666 2752 718 Ei
2779 664 2833 717 δὲ
2866 665 3002 719 κατὰ
3034 665 3122 718 τὸν
3155 664 3429 735 διορισμδν
3467 663 3664 723 αὐτῶν,
3691 663 3752 714 ὃν

2187 756 2426 826 πολλαχῆ
2458 756 2794 827 διωρίσαντο,
2843 758 2940 810 ὅσα
2986 757 3232 810 κοινωνεῖ
3270 754 3381 808 τῶν
3429 754 3753 823 ἰδιωμάτων,

2184 852 2427 900 κοινωνεῖ
2463 851 2555 901 καὶ
2583 849 2679 919 τῆς
2730 849 2941 917 φύσεως
2980 865 2994 879 ο
3049 850 3179 902 ἴδιον
3224 848 3435 902 καὶτοῦ
3470 847 3629 908 κυνὸς
3663 848 3754 897 καὶ

2184 936 2288 988 τῶν
2338 936 2458 990 καθ’
2504 938 2729 990 ἕκαστον
2777 939 2837 990 τὸ
2880 939 2984 1008 πρὸ
3035 938 3124 991 τοῦ
3168 937 3418 1007 γενέσθαι
3472 935 3549 1006 μὴ
3594 931 3752 988 εἶναι’

2186 1022 2323 1091 ὅπερ
2360 1021 2452 1074 καὶ
2485 1022 2574 1076 ἐπὶ
2608 1021 2700 1076 τοῦ
2742 1028 2867 1080 Υἱοῦ
2900 1029 3321 1093 κατασκευάζειν
3347 1028 3516 1082 οἴεται
3536 1029 3750 1099 χρῆναι·

2183 1116 2242 1168 τὸ
2273 1116 2589 1185 λειπόμενον
2636 1118 2733 1188 τῆς
2781 1120 3122 1190 κατασκευῆς
3156 1121 3184 1172 ὁ
3216 1121 3489 1192 ἀκροατὴς
3539 1119 3754 1182 πάντως

2184 1209 2246 1259 ὲκ
2272 1207 2366 1261 τοῦ
2396 1209 2685 1262 ἀκολούθου
2719 1210 3031 1279 κατόψεται.

521 1288 859 1347 munionem,
918 1288 1079 1341 etiam
1114 1298 1319 1342 natura!
1354 1292 1790 1345 communionem
1854 1293 2070 1355 habent,
2117 1301 2396 1369 proprium
2439 1304 2785 1359 etiam'eanis
2819 1315 2872 1358 et
2939 1305 3278 1375 singulorum
3350 1306 3580 1359 aliorum
3630 1317 3751 1360 ante

520 1380 920 1447 generationem
960 1396 1066 1435 non
1094 1397 1248 1435 esse:
1285 1383 1427 1452 quod
1459 1385 1618 1435 ctiam
1660 1384 1713 1436 in
1757 1383 1894 1439 Filio
1965 1393 2319 1446 astruendum
2385 1411 2507 1450 esse
2578 1399 2913 1451 arbitratur:
2947 1400 3214 1468 reliquum
3269 1401 3750 1468 argumentationis

522 1471 738 1525 auditor
771 1472 928 1540 plane
961 1486 1024 1523 ex
1056 1474 1443 1540 consequentia
1473 1473 1801 1542 conspiciat.

595 1564 698 1618 Sed
730 1564 902 1633 magis
953 1564 1226 1618 moderate
1257 1566 1518 1635 loquitur,
1577 1568 1932 1621 humanitatis
1976 1570 2075 1621 ali-

521 1656 650 1725 quid
681 1658 728 1710 ei
773 1657 1040 1720 tribuens,
1088 1668 1134 1709 et
1177 1659 1287 1712 ait:
1326 1658 1445 1712 Non
1490 1660 1656 1713 solum
1701 1671 1867 1714 cutem
1903 1670 1951 1715 el
1988 1678 2081 1714 su-

520 1765 610 1816 per
656 1749 832 1801 omnia
862 1750 1003 1802 entia
1060 1746 1257 1802 Filium
1318 1767 1429 1804 esse
1483 1752 1705 1804 dicimus
1738 1769 1756 1804 :
1792 1755 1881 1822 qui
1922 1755 2084 1823 paulo

523 1847 678 1891 antea
714 1841 891 1908 ipsum
926 1840 992 1891 ab
1027 1841 1168 1893 entis
1203 1842 1418 1896 nomine
1441 1842 1703 1912 disiungit
1731 1860 1745 1897 :
1770 1846 1862 1898 sed
1894 1853 1940 1898 et
1981 1844 2087 1898 Do-

2270 1574 2424 1627 Ἀλλὰ
2462 1577 2597 1646 πρὸς
2647 1577 2707 1630 τὸ
2756 1577 3114 1648 μετριώτερον
3160 1580 3381 1648 μετάγει
3430 1581 3519 1633 τὸν
3577 1581 3748 1651 λόγον⁹

2187 1664 2365 1734 νέμων
2394 1683 2445 1718 τι
2475 1669 2567 1720 καὶ
2599 1668 2998 1739 φιλανθρωπίας
3038 1669 3202 1740 αὐτῷ.
3261 1669 3355 1722 καὶ
3417 1671 3581 1740 φησίν
3605 1690 3621 1706 ο
3670 1676 3751 1726 Οὐ

2183 1760 2372 1826 μόνον
2402 1758 2543 1811 ὄντα
2571 1760 2664 1812 καὶ
2698 1759 2846 1826 ὑπὲρ
2881 1758 3075 1812 πάντα
3107 1760 3176 1814 τὰ
3208 1760 3353 1813 ὄντα
3377 1760 3572 1829 φαμὲν
3599 1757 3749 1817 εἶναι

2190 1847 2295 1900 τὸν
2329 1850 2487 1901 Υἰώη
2539 1849 2567 1900 ὁ
2624 1845 2815 1916 μικρὸν
2875 1852 2931 1903 ἐν
2955 1852 3067 1913 τοῖς
3096 1851 3324 1905 κατόπιν
3355 1852 3451 1920 τῆς
3483 1851 3576 1904 τοῦ
3604 1853 3752 1916 ὅντος

524 1931 721 1982 minam
756 1932 959 1999 ipsum,
990 1931 1198 1999 inquit,
1240 1943 1288 1984 et
1332 1932 1566 2000 opiﬁcem
1610 1944 1657 1985 ct
1703 1931 1866 1985 Deum
1916 1934 2081 1987 omnis

2198 1938 2494 2007 ἐπωνυμίας
2520 1938 2679 1991 αὐτὸν
2703 1938 3089 2010 ἁποσχοινίζων
3114 1955 3127 1970 ⁸
3182 1937 3345 1993 ἀλλὰ
3394 1937 3491 1991 καί
3536 1942 3754 2007 Κύριον

523 2018 784 2071 sensibilis
839 2030 886 2072 et
941 2020 1288 2089 intelligi'ilis
1335 2022 1579 2073 csscmiw
1615 2022 1858 2075 dicimus.
1913 2021 2084 2087 Quam

525 2111 651 2176 quid
679 2125 799 2165 esse
827 2111 1104 2163 autumat?
1130 2113 1376 2165 (Ireatam
1401 2128 1520 2166 esse
1552 2114 1628 2165 vel
1656 2114 1998 2167 increatam?
2032 2112 2088 2166 Si

526 2203 670 2253 cnim
721 2203 900 2256 omnis
954 2202 1308 2270 intelligibilis
1370 2207 1619 2258 essentia:
1680 2204 1968 2258 Dotninnm
2039 2216 2092 2258 et

529 2292 692 2346 Deum
721 2300 775 2346 et
813 2293 1058 2363 opificem
1098 2310 1218 2349 esse
1246 2292 1427 2348 Jesnm
1477 2296 1766 2350 confitetur
1794 2336 1808 2358 ,
1864 2310 2089 2350 necesse

526 2393 610 2441 cst
649 2387 871 2441 omnino
924 2386 968 2442 si
1022 2387 1162 2442 hanc
1211 2389 1341 2443 dicit
1381 2405 1501 2443 esse.
1560 2389 1878 2454 increatam,
1916 2389 2090 2458 ipsum

529 2478 764 2535 mentiri.
796 2480 888 2549 qui
918 2488 1126 2533 naturm
1150 2479 1403 2534 increatre
1430 2480 1705 2551 opificium
1746 2478 1884 2533 Filio
1933 2482 2089 2532 attri-

531 2571 666 2626 buit.
700 2571 921 2637 Quodsi
952 2581 1186 2627 creatam
1222 2573 1415 2635 credit,
1449 2572 1588 2626 idem
1625 2574 1705 2627 sui
1737 2572 1907 2641 ipsius
1938 2586 2090 2625 crea-

530 2671 700 2715 torem
738 2678 861 2717 esse
904 2665 1200 2731 praestruit.
1235 2663 1346 2717 Nisi
1396 2664 1537 2715 enim
1581 2679 1675 2733 per
1706 2663 1757 2715 id
1811 2663 1955 2732 quod
2001 2677 2093 2730 per

531 2768 589 2806 se
618 2760 858 2811 creatum
890 2760 995 2814 est,
1028 2762 1081 2807 et.
1114 2755 1179 2807 ab
1228 2754 1557 2823 intelligibiii
1596 2754 1833 2808 essentia
1880 2753 2091 2807 abstra~

532 2845 774 2907 heretur,
807 2844 941 2897 nihil
975 2845 1205 2914 amplius
1236 2844 1377 2914 quod
1419 2844 1588 2911 possit
1624 2859 1747 2897 emn
1774 2843 2093 2899 discernere

531 2936 885 3004 relinquetur,
918 2936 1042 3004 quia
1082 2944 1136 2989 et
1190 2935 1463 2989 sensibilis
1491 2943 1736 2989 creatura
1793 2944 1846 2988 et
1878 2936 2084 2991 intelli-

533 3042 663 3096 gens
691 3027 924 3081 essentia
960 3028 1231 3081 communi
1263 3029 1457 3083 mentis
1503 3028 1722 3082 notione
1770 3029 2091 3097 concipere-

533 3127 639 3169 tur.
673 3115 778 3171 Sed
821 3119 904 3172 his
940 3117 1242 3187 subiungit,
1275 3118 1420 3188 quod
1452 3119 1504 3173 in
1542 3134 1721 3173 rerum
1757 3120 2033 3174 creatione
2064 3134 2092 3172 a

534 3209 693 3264 Patre
731 3210 1052 3266 demandata
1085 3219 1167 3265 est
1188 3212 1236 3266 ei
1271 3212 1511 3265 omnium
1540 3212 1835 3265 visibilium
1868 3220 1920 3265 et
1961 3212 2096 3265 invi-

534 3302 771 3354 sibilium
804 3299 1035 3363 eﬂ'ectio,
1066 3310 1118 3354 et
1182 3317 1368 3356 eorum
1403 3317 1522 3371 quae
1574 3301 1711 3355 facta
1747 3309 1875 3356 sunt
1911 3299 2095 3369 provi-

535 3392 738 3449 dentia.
781 3407 904 3446 cum
948 3390 1178 3447 suﬂiciat
1207 3390 1254 3445 ei
1303 3392 1592 3445 distributa
1627 3392 1863 3457 potentia
1906 3392 1972 3445 ad
2008 3406 2099 3445 eo-

535 3498 654 3535 rum
692 3494 812 3534 cum
844 3489 970 3534 sunt
998 3479 1257 3548 producta
1286 3482 1662 3549 generationes
1688 3500 1700 3535 :
1729 3481 1841 3535 haec
1880 3482 2097 3552 quidem

538 3573 861 3641 scriptm-um
895 3570 1176 3639 congeries
1207 3571 1407 3624 cursim
1443 3572 1585 3641 cogit
1613 3587 1955 3641 percurrere.
1990 3571 2097 3629 Sed

540 3664 755 3716 interim
787 3677 1090 3717 sermonem
1124 3661 1329 3717 detinet
1358 3662 1716 3733 blasphemia,
1746 3665 1976 3720 densum
2010 3682 2100 3721 no-

541 3756 745 3808 tionum
782 3754 923 3807 velut
962 3768 1222 3807 venenum
1251 3752 1607 3822 jaculantiutn
1651 3769 1941 3826 vesparum
2003 3772 2099 3811 ex-

552 3860 707 3896 amcn
741 3843 1126 3913 complectens.
1158 3842 1461 3899 Commissa
1492 3852 1575 3899 est
1606 3846 1676 3908 ei,
1710 3844 1906 3914 inquit,
1933 3859 1962 3899 a
1997 3843 2101 3899 Pa-

539 3946 621 3990 tre
663 3951 841 3990 rermn
879 3936 1101 3990 ereatio.
1131 3936 1283 4001 Quod
1334 3937 1377 3991 si
1411 3937 1477 3991 de
1508 3937 1690 4007 aliquo
1736 3938 1964 4001 artifice,
2006 3938 2099 4009 qui

540 4027 654 4083 suis
684 4026 932 4083 manibus
963 4042 1098 4096 opus
1144 4027 1384 4089 conficit,
1434 4043 1615 4083 sermo
1669 4028 1986 4093 haberetur,
2034 4029 2099 4085 ad

540 4129 771 4175 mentem
823 4120 1180 4176 condncentis
1229 4120 1505 4190 epiticium
1552 4128 1840 4178 tractante.
1893 4135 1960 4173 an
1997 4134 2103 4173 non

541 4213 729 4266 iisti-in
790 4213 968 4267 verbis
1010 4227 1140 4266 usus
1170 4212 1356 4266 esset?
1392 4210 1597 4265 Etenim
1633 4212 1699 4266 de
1731 4210 2005 4266 Beseleele
2054 4210 2103 4241 "

542 4307 679 4360 idem
717 4305 957 4359 dicentes
989 4320 1096 4359 non
1121 4304 1521 4367 aherraremus,
1556 4304 1683 4373 quia
1713 4320 1741 4356 a
1780 4290 1926 4358 Mose
1956 4317 2101 4357 com-

544 4401 741 4454 missus
774 4399 839 4450 ad
893 4397 1230 4451 tabernaculi
1292 4396 1728 4461 fabricationem,
1793 4394 1974 4465 opifex
2012 4410 2106 4450 eo-

543 4505 660 4542 rum
691 4486 941 4557 quteillic
965 4492 1387 4540 commemorata
1431 4493 1582 4547 sunt,
1641 4483 1817 4539 factus
1852 4492 1971 4551 est;
2010 4483 2103 4554 qui

2191 2028 2395 2091 αὑτὸν,
2467 2024 2622 2097 φησι,
2661 2026 2754 2079 καί
2793 2026 3152 2095 δημιοτφγόν
3234 2028 3330 2081 καί
3372 2030 3519 2082 Θεὸν
3551 2030 3752 2095 πάσης

2190 2115 2478 2186 αἰσθητῆς
2506 2131 2569 2169 τε
2600 2116 2696 2169 καί
2718 2115 2939 2183 νοητῆς
3003 2116 3221 2181 οὐσίας
3253 2117 3528 2187 ,ιέγομεικ
3574 2121 3675 2173 Ἥν
3703 2120 3755 2171 τί

2190 2209 2397 2270 οίεται;
2452 2208 2693 2278 Κτιστὴν
2731 2201 2892 2268 εἶναι,
2927 2205 2959 2275 ἦ
3005 2205 3287 2269 ἄκτιστονς
3342 2206 3401 2258 ΕΞ
3438 2210 3546 2279 γὰρ
3578 2208 3756 2278 πάσης

2191 2298 2385 2368 νοητῆς
2415 2298 2599 2361 οὐσίας
2637 2298 2887 2367 ὁμολογεῖ
2930 2296 3131 2367 Κύριον
3171 2286 3264 2349 καὶ
3305 2296 3435 2348 Θεὸν
3467 2299 3558 2350 καὶ
3594 2299 3753 2368 δημι-

2191 2389 2383 2459 ουργὸν
2406 2385 2539 2442 εἶναι
2566 2389 2655 2440 τὸν
2697 2389 2927 2458 Ἰησοῦν·
2962 2388 3173 2455 ἀνάγκη
3202 2388 3369 2447 πᾶσα,
3398 2389 3446 2440 εί
3479 2388 3577 2458 μὲν
3607 2389 3759 2443 ἄκτιν

2196 2496 2318 2532 στον
2368 2473 2504 2531 εἶναι
2549 2478 2695 2543 λέγει
2745 2478 2968 2547 ταύτην,
3012 2477 3302 2547 ψεύδεσθαι
3351 2478 3452 2547 τῆς
3501 2479 3758 2532 ἀκτίστου

2194 2570 2406 2636 φύσεως
2432 2571 2528 2639 τὴν
2556 2570 2912 2641 δημιουργίαν
2956 2569 3032 2639 τῷ
3064 2571 3174 2640 Υἱῷ
3209 2571 3756 2642 προσμαρτυροῦντα.

2194 2662 2255 2713 Εἰ
2288 2660 2341 2712 δὲ
2389 2662 2609 2731 κτιστὴν
2651 2662 2916 2724 πιστεύοι,
2962 2663 3053 2714 τὸν
3096 2662 3258 2716 αὐτὸν
3303 2661 3494 2717 ἑαυτοῦ
3541 2663 3764 2733 κτίστην

2194 2747 2331 2803 εἶναι
2358 2752 2766 2815 κατασκευάζει.
2821 2753 2880 2805 ΕΞ
2919 2751 3026 2821 γὰρ
3056 2750 3130 2822 μὴ
3161 2751 3237 2821 τῷ
3270 2752 3392 2807 καθ’
3420 2752 3611 2805 ἑαυτὸν
3637 2770 3760 2805 κτι-

2197 2841 2303 2912 στῷ
2354 2844 2451 2914 τῆς
2484 2844 2676 2912 νοητῆς
2702 2844 2885 2906 οὐσίας
2911 2843 3237 2914 ἀφορίζοιτον
3272 2845 3424 2898 οῦδὲν
3453 2845 3531 2898 ἔτι
3560 2844 3619 2897 τδ
3646 2845 3766 2898 ω’

2195 2938 2375 3006 κρῖνον
2400 2934 2869 3005 ὐπολειφθήσεται,
2901 2936 2998 3005 τῆς
3031 2952 3089 2988 τε
3124 2936 3388 3007 αἰσθητῆς
3412 2937 3637 3000 κτίσεως
3669 2938 3767 2990 καὶ

2194 3026 2294 3094 τῆς
2319 3028 2510 3096 νοερᾶς
2534 3026 2721 3088 οὐσίας
2750 3025 3022 3079 ὲπικοίνου
3052 3028 3369 3098 νοουμένης.
3401 3022 3543 3080 Ἀλλ’
3568 3028 3766 3096 ἐπάγει

2199 3117 2427 3181 τούτοις,
2458 3118 2538 3171 ὅτι
2571 3119 2629 3170 ὲν
2650 3120 2713 3188 τῇ
2744 3117 2852 3170 τῶν
2877 3117 3045 3172 ὄντων
3067 3119 3239 3172 κτίσει
3265 3118 3413 3188 παρὰ
3434 3117 3529 3172 τοῦ
3552 3119 3767 3190 Πατρδς

2147 3258 2164 3276 ,
2197 3210 2586 3283 ἐπιτέτραπται
2623 3210 2723 3280 τὴν
2753 3208 2862 3261 τῶν
2891 3209 3144 3262 ἁπάντων
3169 3209 3379 3279 ὁρατῶν
3409 3226 3468 3262 τε
3493 3210 3587 3263 καὶ
3605 3211 3769 3281 ἀορά-

2199 3316 2311 3353 των
2332 3300 2712 3372 δημιουργίαν,
2747 3299 2841 3354 καὶ
2873 3298 2980 3352 τῶν
3013 3300 3317 3370 γενομένων
3346 3299 3443 3370 τὴν
3485 3300 3766 3371 πρόνοιαν,

2198 3389 2472 3460 ἀρκούσης
2517 3390 2666 3459 αὐτῷ
2711 3389 2813 3459 τῆς
2851 3388 3055 3443 ἄνωθεν
3100 3389 3579 3461 ἀποκληρωθείσης
3608 3391 3769 3445 δυνά-

2203 3496 2347 3551 μεως
2409 3479 2541 3549 πρὸς
2610 3479 2708 3544 τὰς
2773 3478 3013 3548 γενέσεις
3079 3478 3188 3534 τῶν
3239 3480 3765 3551 δημιουργηθέντων.

2200 3569 2384 3624 Ταῦτα
2414 3568 2653 3639 βιάζεται
2700 3569 2796 3640 μὲν
2828 3571 2890 3623 τδ
2920 3570 3118 3642 πλῆθος
3149 3570 3257 3623 τῶν
3280 3571 3681 3641 γεγραμμένων
3710 3572 3769 3626 ὲν

2203 3659 2449 3730 συντόμῳ
2473 3660 2847 3731 παραδραμεῖν
2867 3677 2883 3694 ο
2929 3660 3297 3732 παρακατέχει
3328 3661 3384 3713 δέ
3414 3679 3532 3726 πως
3564 3663 3598 3733 ἡ
3645 3663 3769 3733 βλα-

2204 3750 2417 3820 σφημία
2446 3749 2538 3802 τὸν
2560 3750 2734 3816 λόγον,
2765 3750 2930 3805 πολὺν
2959 3750 3123 3822 ἐσμὸν
3155 3751 3439 3823 νοημάτων
3466 3751 3577 3806 οἷόν
3610 3772 3769 3807 τινων

2205 3837 2423 3890 ίοϐόλων
2451 3837 2675 3908 σφηκῶν
2702 3839 3045 3909 περιέχουσα.
3080 3839 3415 3913 Ἐπετράπη,
3445 3843 3597 3913 φησὶ,
3624 3844 3771 3913 παρὰ

2202 3930 2296 3983 τοῦ
2332 3931 2543 4002 Πατρὸς
2569 3930 2668 4000 τὴν
2695 3929 3068 4001 δημιουργίαν.
3101 3931 3162 3983 El
3194 3930 3252 3984 δὲ
3281 3933 3409 4003 περὶ
3434 3934 3774 4005 χειροτέχνω

2203 4021 2346 4085 τινὸς
2378 4025 2406 4075 ὁ
2431 4021 2586 4090 λόγος
2610 4021 2835 4090 ὲγίνετο,
2869 4021 3008 4076 κατὰ
3031 4021 3255 4095 γνώμην
3284 4023 3375 4077 τοῦ
3413 4024 3772 4096 μισθουμένου

2208 4114 2716 4184 μεταχειριζομένου
2747 4113 2845 4183 τὴν
2888 4113 3174 4185 ἐργασίαν,
3205 4110 3294 4186 ἆρ’
3317 4115 3418 4169 οὐκ
3446 4114 3514 4168 ἂν
3538 4116 3651 4179 tot;
3677 4116 3774 4169 αὕ-

2204 4206 2317 4268 τοῖς
2342 4205 2610 4275 ἂχρήσατο
2630 4203 2839 4271 λόγοιςς
2887 4205 2997 4258 Καὶ
3024 4203 3132 4276 γὰρ
3158 4204 3288 4278 περὶ
3314 4205 3409 4259 τοῦ
3434 4205 3687 4260 Βεσελεὲλ
3716 4207 3777 4259 τὸ

2202 4293 2321 4351 ἴσον
2345 4296 2441 4366 οὐχ
2469 4294 2854 4366 ἁμαρτάνομεν
2874 4294 3142 4364 λέγοντες,
3169 4296 3251 4349 ὅτι
3280 4297 3603 4367 ἐπιτραπεὶς
3625 4299 3773 4368 παρὰ

2210 4387 2304 4440 τοῦ
2332 4386 2611 4449 Μωῦσέως
2636 4384 2734 4456 τὴν
2766 4385 3136 4456 σκηνοποιῖαν,
3166 4384 3493 4458 δημιουργὸς
3512 4387 3623 4441 τῶν
3655 4389 3773 4440 ἐκεῖ

2212 4477 2690 4549 μνημονευθέντων
2735 4476 2949 4545 ἐγένετο
2976 4491 2989 4505 ·
3038 4477 3138 4530 οὐκ
3182 4475 3250 4529 ἂν
3295 4477 3387 4529 ἐπὶ
3430 4477 3533 4549 τὴν
3580 4478 3779 4549 πρᾶξιν

542 4580 606 4631 ad
638 4579 819 4646 operis
853 4578 1246 4633 confcctionem
1282 4593 1386 4631 non
1418 4578 1622 4632 venerit
1648 4576 1757 4629 nisi
1805 4576 1957 4645 prius
1997 4577 2093 4644 ple-

2208 4568 2397 4631 ἐλθὼν,
2437 4568 2510 4638 μὴ
2542 4568 2804 4639 πρότερον
2836 4568 2954 4639 θείᾳ
2986 4584 3045 4622 τε
3075 4569 3301 4640 δυνάμει
3328 4570 3426 4640 τὴν
3467 4572 3779 4642 ἐπιστήμην

538 4685 665 4721 nam
700 4667 878 4723 omnis
914 4666 1111 4736 opificii
1158 4667 1402 4736 peritiam
1442 4667 1624 4721 divino
1646 4664 1825 4719 alllatu
1850 4665 2102 4735 adeptus,

545 4768 600 4812 et
645 4758 808 4814 Musis
858 4756 1114 4813 mandato
1171 4774 1307 4829 opus
1363 4772 1652 4828 aggressus
1704 4765 1869 4812 esset.
1938 4755 2106 4827 Igitur

542 4849 766 4903 verbum
793 4890 805 4906 .
838 4851 1173 4904 commissum
1217 4866 1359 4916 esse,
1390 4849 1739 4904 adventitiam
1800 4851 1847 4903 ei
1908 4849 2101 4902 factam

545 4940 715 4994 fuisse
748 4941 857 4993 vim
890 4949 941 4995 et
971 4947 1298 5011 potestatem
1333 4941 1593 5009 Operandi
1623 4942 1963 4997 demonstrat
1993 4960 2004 4994 :
2043 4949 2103 4994 ut

545 5034 861 5102 priusquam
897 5033 1253 5087 commissum
1283 5042 1428 5086 esset
1451 5032 1746 5102 opificium.
1783 5048 1958 5101 neque
2006 5047 2100 5085 an-

554 5126 725 5184 ἀνι-(ιι,
772 5138 945 5192 neque
972 5131 1185 5191 posset;
1238 5132 1525 5194 postquam
1581 5140 1711 5179 vero
1757 5140 1980 5193 Operam
2024 5123 2105 5176 fa-

542 5214 859 5269 ciendorum
914 5221 1236 5283 potestatem
1282 5215 1511 5284 accepit,
1542 5225 1592 5269 et
1649 5214 2000 5269 snﬂicientem
2035 5215 2103 5268 ad

543 5322 706 5370 opera
741 5306 1015 5360 eﬂicienda
1055 5306 1350 5377 potentiam
1380 5350 1393 5371 ,
1428 5315 1556 5359 tunc
1583 5318 1712 5359 vero
1738 5319 1926 5359 eorum
1987 5319 2107 5374 qnze

544 5407 669 5451 sunt
696 5397 873 5468 opifex
915 5405 969 5451 et
1025 5397 1279 5454 conditor
1330 5398 1510 5451 factus
1545 5408 1661 5462 eSI;
1717 5411 1840 5449 cum
1870 5396 1918 5449 ei
1966 5395 2107 5450 sufﬁ-

545 5496 671 5544 ciat.
701 5489 844 5542 sicut
875 5489 1114 5557 loquitur
1143 5488 1460 5552 Eunomius,
1501 5501 1735 5557 superne
1781 5486 2103 5541 demandata

548 5586 805 5644 poiestas.
841 5580 921 5631 An
953 5593 1059 5632 non
1100 5578 1401 5633 secundum
1454 5577 1959 5632 determinationem
2011 5591 2103 5648 ge-

548 5667 942 5720 nethliaoornm
983 5683 1317 5733 sermonum,
1361 5667 1481 5723 Filii
1525 5683 1740 5741 quoque
1790 5668 2099 5740 generatio-

621 5842 665 5877 ²⁶
688 5838 853 5899 Exod.
880 5861 1025 5913 xxxx,
1050 5850 1084 5901 2
1115 5865 1233 5920 sqq.

2217 4660 2559 4732 κτησάμενος
2577 4700 2592 4724 ,
2626 4661 2721 4714 καὶ
2747 4661 2814 4730 τῇ
2833 4658 2925 4712 τοῦ
2957 4660 3236 4724 Μωῦσέως
3260 4662 3529 4731 ἐπιτροπῇ
3560 4660 3663 4731 τῆς
3690 4662 3779 4713 ὲν-

2210 4750 2429 4823 εργείας
2457 4750 2894 4820 κατατολμήσας.
2934 4749 3143 4803 Οὐκοῦν
3172 4751 3205 4821 ἡ
3234 4749 3330 4804 τοῦ
3363 4749 3780 4819 ἐπιτετράφθαι

2208 4844 2352 4909 λέξις
2383 4842 2674 4912 ἐπίκτητον
2715 4840 2863 4910 αὑτῷ
2907 4839 3229 4910 γεγενῆσθαι
3258 4840 3355 4911 τὴν
3381 4841 3783 4912 δημιουργιήν

2209 4934 2539 4989 ἐνδείκνυται
2563 4932 2792 5002 δύναμίν
2821 4948 2878 4984 τε
2924 4932 3018 4985 καὶ
3061 4931 3311 4996 ἐξουσίαν
3332 4949 3347 4964 ο
3391 4933 3469 4996 ὡς
3504 4935 3633 5003 πρὶν
3659 4935 3781 4985 ἐπιδ

2208 5025 2480 5096 τραπῆναι
2513 5025 2647 5094 μήτε
2680 5021 3001 5094 θαρσοῦντα.
3036 5025 3171 5094 μήτε
3199 5023 3496 5092 δυνάμενον
3522 5041 3536 5056 ·
3574 5024 3703 5077 ἐπεὶ
3725 5023 3782 5076 δὲ

2210 5120 2307 5191 τὴν
2339 5119 2448 5171 τῶν
2479 5118 2653 5189 ἔργων
2681 5117 2924 5182 ἐξουσίαν
2962 5117 3140 5183 ἔλασε,
3169 5118 3264 5170 καὶ
3293 5117 3623 5187 ἀποχρῶσαν
3645 5117 3786 5188 πρὸς

2209 5210 2277 5264 τὰ
2309 5209 2443 5281 ἔργα
2474 5211 2573 5280 τὴν
2618 5208 2866 5278 δύναμιν,
2898 5208 3042 5260 οὕτω
3082 5205 3407 5278 γεγενῆσθαι
3447 5206 3789 5279 δημιουργὸν

2207 5302 2316 5354 τῶν
2368 5301 2556 5355 δντων.
2596 5301 2650 5355 Ἀ
2663 5301 2895 5374 ρκούσης
2936 5298 3102 5370 αὐτῷ,
3139 5298 3321 5363 καθώς
3357 5315 3523 5369 φησιν
3546 5300 3579 5352 ὁ
3611 5297 3788 5353 Εὐνό-

2212 5410 2351 5464 μιος,
2378 5393 2477 5463 τῆς
2517 5392 2723 5447 ἄνωθεν
2773 5390 3253 5461 ἀποκληρωθείσης
3283 5388 3586 5459 δυνάμεως.
3630 5388 3786 5460 *Αρα

2210 5484 2284 5554 μὴ
2304 5484 2444 5537 κατά
2471 5500 2593 5536 τινα
2635 5483 2916 5553 τερατείαν
2945 5481 3052 5535 τῶν
3079 5480 3439 5549 γενεθλιακῶν
3464 5478 3660 5548 λόγων.
3686 5480 3787 5531 καὶ

2208 5576 2265 5628 ἐν
2293 5572 2599 5645 εἱμαρμένῃ
2648 5574 2754 5625 τινὶ
2795 5572 2888 5625 τοῦ
2938 5571 3068 5625 Υίοῦ
3112 5572 3211 5643 τὴν
3249 5571 3498 5642 γέννησιν
3541 5571 3786 5633 τίθεται,

2208 5664 2456 5734 καθάπερ
2491 5665 2651 5733 φασιν
2696 5667 2743 5717 οξ
2789 5664 2887 5736 τὴν
2920 5663 3151 5736 ματαίαν
3178 5663 3381 5734 ταύτην
3408 5661 3786 5734 ὲξησκηκότες
