4054 6152
353 421 458 479 επ

1434 424 1711 481 CONTRA
1745 424 2136 492 EUNOMIUM,
2183 425 2312 481 LIB.
2356 429 2461 487 XI.

3495 414 3602 472 878

350 533 585 602 ἀπάτην,
627 531 765 586 κατὰ
798 530 896 595 τὰς
928 533 1089 598 ποιὰς
1121 534 1228 588 τῶν
1264 534 1510 608 ἀστέρων
1543 538 1837 604 ἐπιπλοκὰς
1870 558 1929 594 τε

2036 555 2155 596 nem
2184 540 2299 594 fato
2331 539 2566 610 quodam
2600 537 2871 594 subditam
2899 550 3020 590 esse
3053 532 3330 604 supponit,
3361 538 3420 585 ut
3451 531 3604 586 aiunt

351 624 445 677 καὶ
475 624 819 688 ἀποστάσεις,
851 625 949 686 τὰς
978 626 1394 698 ἁποκληρώσεις
1418 629 1524 681 τῶν
1559 629 1684 699 βίων
1709 633 1823 694 τοῖς
1851 649 1932 683 τι-

350 715 630 784 κτομένοις
665 717 1000 786 συμϐαίνειν,
1055 719 1155 788 τῆς
1199 720 1402 774 ἄνωθεν
1435 723 1610 792 είρμῷ
1636 741 1740 777 τινι
1769 741 1932 794 φερο-

353 804 516 874 μένης
542 804 821 874 δινήσεως,
850 807 947 869 τὰς
976 809 1102 877 περί
1126 826 1178 860 τι
1206 809 1461 881 δυνάμεις
1487 815 1599 876 τοῖς
1630 814 1931 884 γινομένοις

353 894 794 965 ἑπικλωθούσης·
830 897 972 966 τάχα
1010 916 1061 950 τι
1090 898 1328 955 τοιοῦτον
1370 904 1397 954 ὁ
1433 904 1597 972 σοφὸς
1628 907 1798 958 ὲννοεί
1836 905 1931 958 καί

353 1003 506 1054 φησι,
549 985 626 1056 τῷ
660 987 912 1056 ὑπεράνω
946 990 1124 1062 πάσης
1168 993 1361 1064 ἀρχῆς,
1413 997 1507 1049 καὶ
1536 996 1801 1062 ἐξουσίας,
1837 998 1930 1051 καὶ

351 1078 685 1146 κυριότητος,
736 1079 830 1132 καὶ
865 1083 1064 1141 παντὸς
1115 1083 1373 1154 ὀνόματος
1414 1085 1832 1158 ὀνομαζομένου,
1869 1089 1928 1141 ού

355 1168 515 1240 μόνον
558 1171 615 1222 ὲν
648 1170 724 1241 τῷ
755 1172 907 1225 αἰῶνι
940 1169 1132 1244 τούτῳ,
1173 1176 1308 1229 ἀλλά
1338 1179 1430 1230 καὶ
1463 1179 1521 1231 ὲν
1549 1179 1626 1249 τῷ
1662 1179 1927 1249 μέλλοντι,

353 1261 602 1332 καθάπερ
646 1264 703 1315 ὲν
741 1264 937 1328 κοίλοις
971 1269 1080 1319 τισὶ
1111 1266 1491 1340 καθειργμένῳ
1519 1270 1756 1340 χωρίοις,
1785 1270 1928 1324 ἄνω-

354 1351 446 1404 θεν
475 1353 963 1425 ἁποκεκληρῶσοαι
1004 1357 1516 1429 διαμεμετρημένην
1545 1363 1679 1433 πρὸς
1707 1362 1802 1433 τὴν
1834 1379 1930 1416 πο-

355 1443 550 1513 σότητα
574 1444 681 1498 τῶν
710 1446 1005 1516 γινομένων
1034 1451 1130 1520 τὴν
1162 1449 1423 1520 δύναμιν;
1457 1453 1929 1525 Παραδραμοῦμαι

352 1536 446 1588 καὶ
483 1535 668 1588 τοῦτον
701 1537 788 1589 διὰ
833 1540 1124 1610 συντομίας
1168 1542 1258 1595 τὸν
1302 1543 1479 1612 λόγον,
1525 1544 1586 1609 ἐξ
1614 1545 1799 1616 ὀλίγης
1829 1545 1931 1615 τῆς

354 1623 462 1676 τῶν
506 1625 894 1689 ἑξετασθέντων
927 1630 1100 1700 ἀρχῆς
1147 1632 1433 1703 σπέρματα
1468 1636 1604 1706 πρὸς
1640 1635 1738 1704 τὴν
1765 1653 1928 1689 κατα-

353 1715 536 1786 νόησιν
560 1717 657 1787 τῆς
687 1717 1032 1790 βλασφημίας
1061 1724 1172 1784 τοῖς
1203 1723 1586 1794 συνετωτέροις
1608 1724 1716 1777 τῶν
1739 1727 1928 1792 ἐντυγ-

352 1808 620 1877 χανόντων
647 1809 1130 1881 καταϐαλλόμενος.
1164 1808 1294 1866 Εἶτα
1321 1814 1408 1867 διὰ
1431 1816 1539 1867 τῶν
1573 1815 1770 1886 ἐφεξῆς
1795 1817 1930 1869 ἀπο-

2031 632 2124 702 qui
2159 647 2352 687 vanam
2404 633 2544 686 hanc
2593 631 2919 701 proﬁtentur
2971 630 3353 698 imposturam,
3398 640 3604 680 secun-

2030 723 2158 778 dum
2190 723 2451 793 quasdam
2487 723 2768 778 stellarum
2817 719 3238 790 conjunctiones
3303 726 3357 772 et
3390 715 3605 770 distan-

2030 814 2136 868 tias
2175 814 2490 868 sortitiones
2524 815 2646 868 vitae
2678 829 2936 883 generum
2987 810 3342 866 nascentibus
3389 809 3607 862 contin-

2031 920 2177 974 gere,
2240 906 2380 960 serie
2419 904 2653 974 quadam
2701 912 2756 958 et
2808 920 2949 958 nexu
3010 918 3262 972 supernae
3317 899 3606 968 vertiginis

2032 996 2173 1049 vires
2202 996 2316 1050 sive
2352 995 2623 1064 potentias
2650 995 2716 1049 ad
2758 994 2963 1064 aliquid
3002 994 3358 1049 nascentibus
3383 989 3604 1052 nentis;

2031 1085 2263 1141 fortasse
2288 1087 2418 1154 quid
2458 1087 2564 1141 tale
2596 1085 2688 1140 hic
2721 1087 2942 1156 sapiens
2973 1091 3374 1140 commentatur
3405 1090 3458 1136 et
3509 1096 3608 1134 au-

2030 1184 2236 1240 tntnat,
2271 1179 2364 1247 qui
2396 1178 2821 1248 supereminenti
2857 1179 3005 1230 omni
3067 1177 3374 1246 principatu
3403 1181 3456 1228 et
3508 1188 3606 1241 po-

2030 1276 2227 1322 testate
2257 1279 2310 1322 et
2337 1268 2734 1332 dominatione,
2765 1279 2818 1323 et
2865 1269 3013 1322 omni
3067 1267 3286 1321 nomine
3313 1267 3456 1334 quod
3511 1281 3607 1317 no-

2031 1359 2290 1423 minatur,
2315 1373 2425 1411 non
2481 1358 2658 1412 solum
2693 1357 2747 1411 in
2805 1356 2909 1411 hoc
2937 1356 3161 1419 saeculo,
3218 1354 3312 1408 sed
3345 1353 3508 1407 etiam
3549 1352 3603 1405 in

2032 1446 2236 1511 futuro,
2269 1456 2524 1518 tanquam
2560 1451 2611 1502 in
2637 1449 2786 1503 cavis
2815 1447 3142 1519 quibusdam
3173 1445 3309 1500 locis
3365 1443 3605 1498 coercito

2029 1537 2265 1605 desuper
2312 1538 2468 1606 quasi
2521 1539 2718 1592 sortito
2767 1538 3069 1608 obtigisse,
3137 1536 3204 1590 ad
3245 1534 3605 1608 quantitatem

2029 1642 2216 1682 eorum
2262 1643 2382 1697 quae
2428 1630 2564 1682 fiunt
2601 1629 2914 1684 deinensam
2966 1628 3264 1701 potentiam
3292 1626 3400 1680 ?Et
3456 1624 3605 1678 hunc

2031 1721 2250 1775 concise
2276 1727 2331 1774 et
2363 1719 2602 1774 breviter
2629 1734 2935 1775 sermonem
2972 1727 3414 1788 praetercurram,
3477 1730 3602 1770 cum

2031 1825 2094 1863 ex
2129 1811 2220 1864 illo
2242 1810 2441 1882 exiguo
2463 1811 2733 1880 principio
2775 1826 2964 1866 eorum
3021 1825 3143 1880 quae
3191 1809 3304 1879 jam
3353 1807 3605 1862 discussa

352 1899 509 1967 λογία
541 1918 621 1963 τις
654 1902 794 1972 ὑπὲρ
822 1880 976 1971 ἡμῶν
1021 1905 1199 1958 αὐτῶν
1239 1905 1566 1976 γέγραπται.
1614 1880 1694 1960 tlt‘i
1724 1880 1831 1980 γὰρ
1864 1909 1929 1961 ἂν

2036 1902 2271 1967 fuerunt,
2310 1901 2520 1956 semina
2569 1901 2637 1956 ad
2693 1901 3088 1971 blaSphemiam
3143 1897 3600 1970 dignoscendam,

355 1989 434 2044 ἔτι
482 1992 771 2064 δοκοίημεν
829 1997 940 2057 τοῖς
986 1996 1367 2066 ἐντυγχάνουσι
1425 1997 1929 2067 παραστοχάζεσθαι

353 2083 454 2152 τῆς
478 2083 710 2148 διανοίας
737 2085 828 2139 τοῦ
861 2087 1037 2155 λόγου,
1065 2089 1156 2141 καὶ
1200 2089 1336 2160 πρδς
1379 2090 1440 2142 τὸ
1473 2089 1767 2144 ὑπεύθυνον
1802 2090 1928 2160 μεθ-

355 2176 678 2244 ερμηνεύειν
750 2177 816 2230 τά
865 2179 1106 2248 ῥήματα,
1153 2181 1322 2252 αὐτῆς
1363 2182 1462 2253 τῆς
1492 2182 1700 2235 ἐκείνου
1746 2181 1933 2252 φωνῆς

355 2264 718 2335 ὁμολογούσης
764 2268 862 2338 τὴν
910 2270 1160 2325 ἀτοπίαν.
1213 2273 1366 2342 Ἔχει
1415 2271 1521 2344 γὰρ
1569 2272 1710 2326 οὕτω
1739 2273 1808 2326 τά
1836 2289 1928 2339 γε·

356 2355 768 2426 γραμμένα·Ἦ
791 2360 898 2430 γὰρ
924 2362 1042 2432 οὐχὶ
1073 2363 1142 2430 γῆ
1180 2363 1280 2433 μὲν
1309 2365 1400 2417 καὶ
1430 2363 1658 2433 ἄγγελος
1677 2363 1778 2417 οὐκ
1803 2363 1932 2417 ὄντα

356 2446 612 2516 γέγονεν;
662 2451 852 2520 Ὁρᾶτε
877 2453 965 2506 τὸν
995 2454 1196 2524 ὑψηλὸν
1223 2454 1490 2523 θεολόγον,
1523 2455 1597 2518 ὡς
1626 2456 1725 2508 ούκ
1751 2455 1934 2526 αἰσχύ-

281 2556 289 2563 ·
357 2553 506 2590 νεται
551 2538 641 2590 τὸν
686 2539 845 2592 αὑτὸν
895 2543 966 2611 γῇ
1016 2559 1072 2593 τε
1120 2542 1213 2595 καὶ
1259 2542 1510 2611 ἀγγέλοις
1543 2541 1636 2596 καὶ
1680 2542 1828 2612 αὐτῷ
1855 2541 1932 2612 τῷ

359 2631 555 2701 ποιητῇ
589 2630 681 2683 τοῦ
711 2634 910 2697 παντὸς
939 2633 1262 2702 ἐφαρμόζων
1290 2634 1381 2688 τὸν
1412 2633 1567 2702 λόγον
1593 2651 1606 2698 ;
1647 2633 1855 2687 Οὐκοῦν
1884 2636 1932 2686 εἰ

357 2720 426 2774 τὰ
454 2721 591 2775 αὐτὰ
616 2722 844 2792 πρέπειν
868 2723 1036 2776 οἴεται
1069 2724 1194 2794 περί
1223 2741 1280 2777 τε
1313 2724 1413 2794 τῆς
1440 2725 1544 2794 γῆς
1567 2725 1660 2777 καὶ
1689 2723 1782 2777 τοῦ
1817 2726 1932 2778 Κυ-

361 2811 478 2881 ρίου
510 2811 708 2879 λέγειν,
743 2813 776 2882 ἢ
808 2814 902 2866 καὶ
933 2813 1132 2883 ταύτην
1165 2814 1381 2877 πάντως
1408 2813 1734 2884 θεοποιήσει,
1775 2814 1811 2883 ἦ
1839 2817 1933 2869 καὶ

356 2902 566 2953 ἐκεῖνον
593 2901 762 2973 ταύτῃ
791 2903 1164 2971 συνατιμάσει.

431 3168 564 3224 Εἶτα
589 3169 910 3240 προστίθησι
934 3168 1082 3220 tri-Str.
1093 3186 1139 3231 ις
1165 3167 1229 3220 δι’
1251 3160 1326 3220 ὧν
1347 3166 1752 3238 ἁπογυμνοῦται
1776 3169 1934 3224 πλέον

359 3264 394 3332 ἡ
425 3261 739 3331 βλασφημία
763 3275 775 3288 '
807 3260 882 3321 ὡς
915 3259 1048 3330 μηδὲ
1075 3258 1224 3313 παιδὶ
1248 3257 1678 3330 δυσκατανόητον
1710 3255 1847 3313 εἶναι
1878 3262 1938 3313 τὸ

360 3354 578 3407 ἄτοπον.
607 3351 752 3422 Φημὶ
784 3351 914 3422 γὰρ,
947 3351 1027 3404 ὅτι
1060 3351 1268 3422 μακρὸν
1293 3349 1360 3404 ἂν
1395 3349 1484 3419 εἴη
1518 3351 1695 3415 πάσας
1724 3352 1937 3416 ὲπεξιέ-

362 3464 450 3500 ναι
492 3445 601 3499 τῶν
644 3443 847 3515 νοητῶν
905 3443 1001 3505 τὰς
1030 3442 1313 3510 γενέσεις,
1363 3441 1396 3513 ἦ
1443 3441 1541 3506 τὰς
1589 3442 1802 3507 οὐσίας,
1851 3439 1940 3507 αἷς

361 3536 602 3599 ἀπάσαις
625 3536 743 3606 οὖχὶ
767 3535 916 3604 κοινή
950 3551 1033 3598 τις
1068 3535 1100 3604 ἡ
1127 3532 1220 3586 τοῦ
1255 3533 1353 3604 μὲν
1391 3532 1542 3597 ὄντος
1573 3533 1732 3603 φύσις
1753 3551 1769 3567 ο
1803 3534 1938 3588 ἀλλὰ

362 3629 504 3683 κατὰ
535 3629 635 3690 τὰς
671 3626 762 3680 τοῦ
796 3626 1295 3698 δημιουργήσαντος
1339 3626 1635 3696 ἐνεργείας,
1666 3628 1699 3697 ή
1733 3625 1939 3695 παραλ-

360 3720 525 3789 λαγή.
571 3718 755 3772 Ταῦτα
805 3717 910 3788 γὰρ
955 3718 1048 3770 καὶ
1097 3714 1423 3768 σιωπώντων
1466 3717 1644 3786 ἡμῶν,
1689 3717 1938 3786 ἀρίδηλον

363 3811 478 3880 ἔχει
512 3812 604 3864 καὶ
649 3813 921 3880 περιφανῆ
959 3809 1056 3877 τὴν
1093 3806 1234 3861 κατά
1269 3805 1361 3860 τοῦ
1396 3807 1524 3860 Υἱοῦ
1570 3807 1936 3878 βλασφημίαν,

363 3905 492 3958 ὅταν
522 3903 752 3973 ὁμολογῇ
788 3901 847 3953 τὺ
889 3899 1030 3954 κατὰ
1078 3899 1259 3970 πάσης
1295 3899 1564 3966 γενέσεως
1613 3899 1708 3953 καὶ
1752 3899 1938 3962 οὐσίας

364 3999 673 4068 λεγόμενον,
734 3994 898 4065 μηδὲν
946 3991 1172 4064 ἀπᾴδειν
1202 3991 1296 4044 τοῦ
1333 3991 1458 4061 περὶ
1503 3989 1603 4059 τῆς
1653 3989 1802 4047 θείας
1845 3989 1937 4042 τοῦ

363 4088 694 4156 Μονογενοῦς
740 4085 1088 4147 ὑποστάσεως
1128 4083 1309 4152 λόγου.
1354 4081 1515 4136 Ἀλλά
1549 4099 1639 4151 μοι
1669 4081 1814 4133 δοκεῖ
1841 4097 1940 4134 κα-

361 4183 472 4246 λῶς
499 4183 638 4252 ἔχειν
669 4178 980 4250 ὑπερϐάντα
1009 4176 1106 4246 τὴν
1136 4175 1222 4229 διὰ
1255 4175 1422 4246 μέσου
1458 4173 1558 4244 τῆς
1594 4171 1939 4244 βλασφημίας

363 4273 706 4341 κατασκευὴν
732 4312 747 4335 ,
801 4271 997 4338 τρόπον
1043 4267 1162 4321 τινὰ
1215 4265 1715 4338 προδιελεγχθεῖσαν
1745 4267 1801 4317 ὲν
1828 4265 1941 4326 τοῖς

363 4365 772 4437 ὲξητασμένοιε,
819 4363 910 4415 ἐπὶ
962 4361 1031 4413 τὰ
1076 4359 1345 4428 κεφάλαια
1390 4359 1489 4428 τῆς
1528 4356 1621 4410 τοῦ
1671 4357 1940 4426 δόγματος

362 4458 544 4513 αὐτῶν
575 4455 902 4527 κατηγορίας
935 4453 1126 4508 ἐλθεῖν.
1179 4452 1547 4523 Εὐρεθήσεται
1576 4449 1683 4520 γὰρ
1714 4449 1939 4518 μάταιον

2033 1993 2116 2047 his
2146 1993 2237 2062 qui
2293 1992 2750 2062 intelligentiores
2806 1992 2920 2045 haac
2957 1992 3164 2058 legunt,
3228 1989 3602 2059 disperserim,

2033 2084 2232 2139 Deinde
2275 2085 2330 2138 in
2359 2085 2716 2154 sequentibus
2741 2083 2990 2139 defensio
3017 2085 3265 2155 quaedam
3306 2097 3405 2154 pro
3447 2081 3605 2136 nobis

2033 2175 2166 2244 ipsis
2202 2176 2409 2246 scripta
2458 2183 2564 2230 est.
2618 2173 2736 2228 Non
2803 2176 2947 2229 enim
3009 2175 3245 2244 amplius
3301 2173 3607 2243 legentibus

2031 2267 2341 2322 videremur
2389 2273 2537 2322 recte
2585 2266 2860 2336 conjicere
2909 2282 3131 2322 sensum
3165 2265 3454 2328 orationis,
3510 2262 3606 2318 sed

2033 2359 2086 2411 in
2115 2359 2324 2413 crimen
2357 2359 2475 2427 ejus
2499 2358 2666 2412 verba
2703 2358 3075 2426 interpretari,
3124 2358 3230 2412 nisi
3274 2358 3447 2427 ipsius
3500 2373 3602 2412 vox

2032 2449 2424 2505 absurditatcm
2457 2451 2639 2520 palam
2673 2451 3044 2506 conﬁteretur.
3080 2450 3170 2504 Sic
3215 2451 3362 2504 enim
3406 2450 3608 2504 habent

2033 2541 2236 2610 scripta
2263 2540 2382 2595 :An
2412 2557 2542 2604 non,
2593 2540 2790 2610 inquit,
2824 2551 2967 2596 terra
3013 2541 3232 2610 quidem
3274 2551 3329 2596 et
3379 2541 3608 2610 angelus

2032 2645 2156 2684 cum
2209 2646 2316 2684 non
2383 2639 2586 2694 essent,
2651 2631 2793 2684 facta
2852 2633 3023 2686 sunt?
3073 2629 3264 2687 Videte
3317 2633 3606 2688 sublimem

2033 2723 2369 2792 theologum,
2402 2723 2494 2792 qui
2540 2737 2647 2776 non
2685 2723 2967 2778 erubescit
3016 2722 3265 2778 eumdem
3300 2737 3607 2778 sermonem

2034 2824 2192 2870 terra:
2219 2825 2269 2869 et
2293 2815 2500 2885 angelis
2521 2856 2535 2879 ,
2569 2825 2731 2884 atque
2763 2815 3004 2870 universi
3041 2814 3233 2870 factori
3293 2816 3605 2884 appingere.

2034 2906 2203 2977 Igitur
2231 2906 2276 2960 si
2321 2905 2511 2960 eadem
2542 2905 2736 2961 decere
2782 2914 2958 2976 putat,
2997 2903 3066 2960 de
3101 2912 3247 2959 terra
3297 2911 3352 2959 et
3407 2903 3474 2959 de
3505 2902 3607 2958 Do-

2037 2996 2183 3049 mino
2221 3011 2490 3058 asserere,
2516 2997 2598 3051 vel
2629 2997 2792 3051 etiam
2827 2997 2968 3051 hanc
3000 2998 3162 3066 plane
3193 2995 3490 3059 deiﬁcabit,
3523 2994 3614 3051 vel

2038 3085 2187 3138 illum
2219 3100 2343 3139 cum
2375 3085 2477 3140 hac
2507 3085 2669 3140 simul
2707 3084 3080 3141 dedecorahit.

2108 3173 2310 3233 Deinde
2349 3177 2432 3232 his
2479 3177 2664 3246 adjicit
2721 3193 2817 3248 per
2854 3193 2976 3247 qua:
3025 3176 3336 3232 denudatur
3393 3175 3610 3246 planius

2041 3266 2396 3337 blaSphetnia,
2429 3269 2500 3322 ita
2533 3283 2588 3322 ut
2622 3285 2797 3338 neque
2837 3285 3005 3340 puero
3036 3269 3348 3324 absurditas
3374 3268 3448 3322 sit
3479 3283 3605 3336 per-

2039 3367 2196 3427 ceptu
2254 3358 2508 3415 diflicilis.
2567 3359 2697 3413 Dico
2753 3360 2897 3414 enim
2967 3359 3114 3430 quod
3187 3359 3404 3427 longum
3461 3365 3610 3413 esset

2039 3464 2232 3504 omnes
2294 3464 2581 3505 recensere
2634 3449 3058 3520 intelligibilium
3088 3448 3490 3520 generationes,
3525 3447 3609 3502 vel

2038 3541 2326 3602 essentias,
2363 3541 2566 3611 quibus
2591 3541 2848 3595 omnibus
2879 3555 2988 3595 non
3019 3539 3324 3594 communis
3356 3547 3432 3592 est
3467 3553 3614 3607 quaa-

2039 3630 2164 3684 dam
2204 3633 2348 3687 cntis
2399 3641 2626 3699 natura,
2661 3634 2756 3688 sed
2805 3647 2900 3702 per
2929 3631 3233 3686 conditoris
3265 3630 3612 3699 operationes

2042 3719 2182 3773 inest
2212 3720 2554 3776 ditl‘erentia:
2589 3722 2702 3776 haec
2735 3721 2880 3777 enim
2909 3721 3071 3774 etiam
3103 3719 3262 3774 nobis
3302 3720 3612 3774 tacentibus

2041 3811 2257 3880 penitus
2313 3812 2661 3881 perspicuam
2703 3821 2756 3866 et
2795 3809 3098 3865 evidentem
3158 3809 3358 3864 habent
3417 3819 3611 3864 contra

2041 3898 2240 3955 Filium
2272 3901 2690 3972 blasphemiam,
2723 3917 2846 3956 cum
2877 3901 3116 3957 fateatur
3146 3901 3290 3970 quod
3346 3903 3413 3957 de
3461 3902 3610 3957 omni

2041 3993 2397 4062 generatione
2421 4002 2470 4047 et
2499 3995 2737 4048 essentia
2763 3992 2983 4056 dicitur,
3042 3993 3176 4046 nihil
3211 3994 3518 4061 discrepare
3544 3996 3612 4047 ah

2041 4085 2108 4138 iis
2139 4099 2259 4152 qua:
2299 4085 2367 4139 de
2401 4085 2585 4140 divina
2625 4085 2898 4154 Unigeniti
2931 4084 3284 4139 subsistentia
3318 4084 3599 4140 dicuntur.

2043 4175 2149 4231 Sed
2175 4191 2353 4245 opera-
2389 4178 2622 4246 pretium
2681 4177 2812 4230 mihi
2855 4177 3070 4232 videtur
3105 4183 3490 4246 prmtergressa
3547 4191 3610 4227 ea

2039 4281 2202 4337 quam
2236 4283 2331 4337 per
2363 4266 2600 4321 medium
2625 4266 2978 4336 blasphemiae
2999 4274 3242 4321 astruere
3264 4266 3458 4319 nititur
3488 4279 3615 4334 pro-

2039 4360 2277 4423 batione,
2323 4374 2487 4429 quam
2517 4359 2736 4427 quidem
2769 4360 2824 4412 in
2859 4359 2946 4413 bis
2982 4373 3104 4428 quae
3126 4358 3277 4428 prius
3303 4358 3611 4413 examinata

2041 4459 2166 4508 sunt
2208 4450 2442 4520 quodam
2480 4450 2640 4504 modo
2673 4449 3102 4515 confutavimus,
3155 4450 3221 4504 ad
3273 4465 3487 4504 summa
3520 4465 3614 4504 ca-

367 4551 469 4622 μὲν
513 4549 830 4609 ἀποδεικνὺς
883 4547 942 4599 τὸ
990 4545 1090 4613 τῆς
1137 4542 1552 4610 παλιγγενεσίας
1608 4540 1936 4610 μυστήριον,

2042 4544 2150 4614 pita
2181 4543 2450 4611 dogmatis
2487 4542 2730 4610 ipsorum
2771 4541 3144 4597 accusationis
3187 4541 3462 4597 devenire.
3525 4541 3612 4596 ln-

361 4643 618 4713 ἀνόνητον
643 4641 697 4693 δὲ
729 4639 825 4709 τὴν
854 4637 1116 4708 μυστικὴν
1144 4634 1504 4708 δωροφορίαν,
1537 4635 1636 4702 τήν
1664 4649 1724 4684 τε
1755 4647 1940 4702 μετου-

366 4737 490 4790 σίαν
519 4738 596 4798 εἰς
624 4734 779 4788 οὐδὲν
806 4731 968 4784 πλέον
991 4733 1105 4792 τοῖς
1142 4728 1425 4799 μετέχουσι
1459 4725 1772 4796 γινομένην·
1807 4724 1940 4795 φησὶ

362 4827 473 4898 γὰρ
510 4824 644 4896 μετὰ
671 4825 795 4887 τοὺς
822 4820 1104 4883 συντόνους
1131 4820 1370 4880 ἐκείνους
1397 4818 1620 4879 αἰῶνας,
1643 4817 1700 4867 ἐν
1726 4809 1807 4877 οἷς
1832 4815 1938 4866 Οὐ-

363 4915 668 4978 αλεντίνους
719 4931 778 4968 τε
824 4913 918 4967 καὶ
968 4910 1304 4983 Κηρίνθους,
1356 4908 1450 4962 καὶ
1494 4907 1799 4971 Βασιλίδας,
1847 4906 1940 4958 καὶ

363 5006 700 5069 Μοντανοὺς,
742 5005 836 5059 καὶ
881 5004 1215 5072 Μαρκίωνας
1253 5003 1331 5064 εἰς
1375 4999 1624 5069 διαϐολὴν
1670 4997 1762 5052 τοῦ
1818 4998 1938 5051 καθ’

363 5101 513 5171 ἡμᾶς
560 5101 931 5168 προεστήσατο
961 5095 1247 5164 δόγματος,
1294 5093 1389 5145 καὶ
1433 5091 1940 5165 κατασκευάσαςοτὺ

367 5191 506 5263 μηδὲ
537 5190 670 5261 πρὸς
700 5188 797 5259 τὴν
829 5187 938 5240 τῶν
969 5184 1305 5256 Χριστιανῶν
1334 5183 1704 5255 προσηγορίαν
1727 5183 1939 5245 οἰκείως

362 5284 531 5353 ἔχειν,
573 5283 698 5344 τοὺς
738 5281 1011 5348 ἄγνωστον
1044 5277 1504 5347 ἀποφαινομένους
1535 5275 1631 5346 τὴν
1660 5274 1808 5328 θείαν
1838 5273 1939 5343 φύ-
1997 5325 1999 5328 ο

367 5392 475 5439 σιν,
503 5374 778 5442 ἄγνωστον
804 5370 860 5423 δὲ
889 5370 984 5422 καὶ
1009 5369 1098 5421 τὸν
1123 5370 1220 5438 τῆς
1246 5368 1549 5436 γεννήσεως
1580 5365 1797 5436 τρόπον.
1832 5365 1941 5418 Καὶ

368 5464 782 5536 συναριθμήσας
805 5462 915 5523 τοῖς
939 5459 1378 5528 διαϐεϐλημένοις
1410 5459 1576 5528 ἡμᾶς,
1606 5455 1776 5536 οὕτως
1809 5457 1942 5511 ὲπά-

364 5572 456 5626 γει
479 5535 570 5608 τὸν
591 5553 718 5622 παρ’
736 5549 926 5604 ἑαυτοῦ
947 5549 1101 5617 λόγον
1119 5551 1174 5601 ὲν
1199 5549 1408 5611 τούτοις
1426 5535 1661 5618 ῥήμασιν
1677 5564 1690 5580 ’
1711 5569 1728 5599 t
1753 5550 1940 5618 Ἡμεῖς

364 5649 426 5702 δὲ
473 5644 785 5714 πειθόμενοι
832 5643 942 5704 τοῖς
989 5641 1162 5709 ἁγίοις
1207 5641 1300 5692 καὶ
1333 5639 1621 5709 μακαρίοις
1663 5638 1937 5709 ἀνδράσιν,

362 5737 491 5792 οὔτε
521 5740 584 5807 τῇ
618 5740 904 5806 σεμνότητι
933 5733 1040 5786 τῶν
1065 5730 1361 5802 ὀνομάτων,
1401 5728 1524 5782 οὔτε
1553 5729 1688 5782 ἐθῶν
1719 5729 1810 5782 καί
1839 5748 1940 5800 μυ-

364 5826 573 5882 στικῶν
602 5825 883 5898 συμϐόλων
913 5818 1154 5893 ’ἰδιότητι
1199 5820 1493 5892 κυροῦσθαι
1539 5837 1718 5891 φαμεν
1752 5821 1811 5874 τὸ
1841 5821 1939 5891 τῆς

2043 4635 2290 4690 venietur
2312 4634 2458 4690 enim
2485 4633 2805 4704 mysterium
2832 4634 3259 4702 regenerationis
3294 4647 3493 4688 vanum
3526 4634 3614 4689 de-

2043 4737 2371 4791 monstrare,
2416 4728 2577 4780 vilem
2609 4727 2773 4781 etiam
2835 4725 3120 4796 mysticam
3152 4725 3416 4780 donoru-n
3467 4727 3613 4781 obla-

2041 4818 2284 4878 tionem,
2337 4816 2563 4884 cjusque
2638 4815 3115 4884 participationem
3169 4815 3306 4869 nihil
3374 4817 3610 4888 amplius

2043 4908 2494 4977 participantibus
2525 4905 2898 4980 conferentem
2929 4923 2942 4959 :
2973 4905 3104 4960 dicit
3153 4907 3296 4961 enim
3333 4914 3458 4977 post
3485 4924 3610 4962 con-

2043 4999 2194 5052 tinua
2225 4999 2314 5051 illa
2338 4997 2561 5061 saecula,
2584 4997 2638 5050 in
2663 4996 2863 5066 quibus
2881 4995 3201 5051 Valentinos
3224 5009 3277 5051 et
3299 4997 3609 5060 Corinthos,

2041 5099 2094 5145 et
2125 5088 2405 5152 Basilidas,
2454 5097 2506 5143 et
2539 5086 2860 5152 Montanos,
2891 5093 2960 5151 ,ει
3018 5087 3322 5142 Marcionas
3354 5089 3420 5140 ad
3455 5088 3608 5142 calu-

2042 5177 2245 5230 mniam
2300 5175 2474 5230 nostri
2523 5175 2795 5245 dogmatis
2847 5178 3163 5245 praeposuit,
3205 5186 3258 5232 et
3314 5176 3438 5228 inde
3482 5189 3610 5242 prae-

2043 5279 2284 5331 struens,
2307 5283 2485 5338 neque
2525 5269 2685 5322 ullam
2717 5284 2840 5323 cum
2901 5269 3341 5338 Christianorum
3376 5264 3613 5332 appella-

2041 5363 2187 5416 tione
2242 5337 2548 5413 aflinitatem
2597 5357 2798 5413 habere
2843 5373 2938 5412 eos
2981 5357 3072 5425 qui
3117 5337 3445 5421 inco’gnitam
3480 5351 3612 5404 divi-

2042 5465 2166 5504 nam
2205 5461 2459 5504 naturam
2493 5454 2829 5507 asseverant,
2875 5437 3208 5512 incognitum
3257 5444 3420 5495 etiam
3457 5459 3615 5512 gene-

2043 5542 2274 5595 rationis
2306 5541 2548 5594 modum.
2595 5537 2659 5590 Et
2689 5553 2788 5590 nos
2819 5535 2981 5587 etiam
3020 5547 3421 5588 connumerans
3485 5550 3609 5588 cum

2045 5632 2129 5684 his
2162 5631 2258 5701 qui
2299 5629 2620 5684 calumniati
2654 5633 2803 5687 sunt,
2838 5625 2919 5678 sic
2954 5622 3238 5691 subjungit
3281 5639 3440 5678 suum
3503 5641 3613 5679 ser-

2045 5739 2259 5778 monem
2302 5723 2386 5776 bis
2417 5720 2678 5774 verbisn
2709 5715 2815 5770 Nos
2866 5723 3045 5770 autem
3092 5716 3298 5769 sanctis
3350 5725 3403 5769 et
3439 5716 3609 5778 beatis

2043 5815 2179 5872 viris
2226 5814 2688 5882 obtemperantes,
2754 5822 2930 5878 neque
2992 5807 3273 5884 nominum
3319 5805 3603 5877 gravitate,
