  <div class='ocr_page' id='page_1' title='image "/cluster/home/n/w/nwhite01/storage/ocr_20150623/45/mdp.39015011921478/449.png"; bbox 0 0 4046 6150; ppageno 0'>
   <div class='ocr_carea' id='block_1_1' title="bbox 536 397 653 454">
    <p class='ocr_par' dir='ltr' id='par_1_1' title="bbox 536 397 653 454">
     <span class='ocr_line' id='line_1_1' title="bbox 536 397 653 454; baseline 0.009 -1"><span class='ocrx_word' id='word_1_1' title='bbox 536 397 653 454; x_wconf 65' lang='lat' dir='ltr'><strong>i879</strong></span> 
     </span>
    </p>
   </div>
   <div class='ocr_carea' id='block_1_2' title="bbox 1778 398 2519 456">
    <p class='ocr_par' dir='ltr' id='par_1_2' title="bbox 1778 398 2519 456">
     <span class='ocr_line' id='line_1_2' title="bbox 1778 398 2519 456; baseline 0.001 -3"><span class='ocrx_word' id='word_1_2' title='bbox 1778 400 1830 453; x_wconf 84' lang='lat' dir='ltr'><strong>S.</strong></span> <span class='ocrx_word' id='word_1_3' title='bbox 1875 398 2200 454; x_wconf 75' lang='lat' dir='ltr'><strong>GREGORII</strong></span> <span class='ocrx_word' id='word_1_4' title='bbox 2229 398 2519 456; x_wconf 77' lang='lat' dir='ltr'><strong>NYSSENI</strong></span> 
     </span>
    </p>
   </div>
   <div class='ocr_carea' id='block_1_3' title="bbox 3639 410 3724 465">
    <p class='ocr_par' dir='ltr' id='par_1_3' title="bbox 3639 410 3724 465">
     <span class='ocr_line' id='line_1_3' title="bbox 3639 410 3724 465; baseline 0.035 -3"><span class='ocrx_word' id='word_1_5' title='bbox 3639 410 3724 465; x_wconf 65' lang='lat'><strong>830</strong></span> 
     </span>
    </p>
   </div>
   <div class='ocr_carea' id='block_1_4' title="bbox 556 524 2129 598">
    <p class='ocr_par' dir='ltr' id='par_1_4' title="bbox 556 524 2121 596">
     <span class='ocr_line' id='line_1_4' title="bbox 556 524 2121 596; baseline 0.001 -20"><span class='ocrx_word' id='word_1_6' title='bbox 556 538 733 590; x_wconf 84' lang='lat' dir='ltr'><strong>neque</strong></span> <span class='ocrx_word' id='word_1_7' title='bbox 763 524 963 576; x_wconf 84' lang='lat' dir='ltr'><strong>rituum</strong></span> <span class='ocrx_word' id='word_1_8' title='bbox 995 533 1048 578; x_wconf 90' lang='lat' dir='ltr'><strong>et</strong></span> <span class='ocrx_word' id='word_1_9' title='bbox 1082 524 1438 594; x_wconf 70' lang='lat' dir='ltr'><strong>mysticorum</strong></span> <span class='ocrx_word' id='word_1_10' title='bbox 1469 525 1840 596; x_wconf 79' lang='lat' dir='ltr'><strong>symbolorum</strong></span> <span class='ocrx_word' id='word_1_11' title='bbox 1885 527 2121 595; x_wconf 71' lang='lat' dir='ltr'><strong>proprie-</strong></span> 
     </span>
    </p>
   </div>
   <div class='ocr_carea' id='block_1_5' title="bbox 2235 524 3722 598">
    <p class='ocr_par' dir='ltr' id='par_1_5' title="bbox 2235 524 3722 598">
     <span class='ocr_line' id='line_1_5' title="bbox 2235 524 3722 598; baseline -0.003 -17"><span class='ocrx_word' id='word_1_12' title='bbox 2235 529 2498 592; x_wconf 76' lang='grc' dir='ltr'>εὐσεϐείας</span> <span class='ocrx_word' id='word_1_13' title='bbox 2530 529 2843 598; x_wconf 79' lang='grc' dir='ltr'>μυστήριον,</span> <span class='ocrx_word' id='word_1_14' title='bbox 2862 529 2925 597; x_wconf 82' lang='grc' dir='ltr'>τῇ</span> <span class='ocrx_word' id='word_1_15' title='bbox 2958 527 3012 579; x_wconf 75' lang='grc' dir='ltr'><strong>δὲ</strong></span> <span class='ocrx_word' id='word_1_16' title='bbox 3042 525 3148 577; x_wconf 86' lang='grc' dir='ltr'><strong>τῶν</strong></span> <span class='ocrx_word' id='word_1_17' title='bbox 3177 524 3445 594; x_wconf 73' lang='grc' dir='ltr'><strong>δογμάτων</strong></span> <span class='ocrx_word' id='word_1_18' title='bbox 3460 525 3722 594; x_wconf 69' lang='grc' dir='ltr'>άκριϐείᾳ.ι</span> 
     </span>
    </p>
   </div>
   <div class='ocr_carea' id='block_1_6' title="bbox 551 614 2112 686">
    <p class='ocr_par' dir='ltr' id='par_1_6' title="bbox 551 614 2112 686">
     <span class='ocr_line' id='line_1_6' title="bbox 551 614 2112 686; baseline 0.004 -20"><span class='ocrx_word' id='word_1_19' title='bbox 551 622 661 668; x_wconf 89' lang='lat' dir='ltr'><strong>tate</strong></span> <span class='ocrx_word' id='word_1_20' title='bbox 700 614 934 668; x_wconf 83' lang='lat' dir='ltr'><strong>dicimus</strong></span> <span class='ocrx_word' id='word_1_21' title='bbox 991 615 1209 683; x_wconf 89' lang='lat' dir='ltr'><strong>pietatis</strong></span> <span class='ocrx_word' id='word_1_22' title='bbox 1274 617 1588 686; x_wconf 76' lang='lat' dir='ltr'><strong>mysterium</strong></span> <span class='ocrx_word' id='word_1_23' title='bbox 1641 620 1977 678; x_wconf 81' lang='lat' dir='ltr'><strong>confirmari,</strong></span> <span class='ocrx_word' id='word_1_24' title='bbox 2019 620 2112 673; x_wconf 88' lang='lat' dir='ltr'><strong>sed</strong></span> 
     </span>
    </p>
   </div>
   <div class='ocr_carea' id='block_1_7' title="bbox 551 701 2116 778">
    <p class='ocr_par' dir='ltr' id='par_1_7' title="bbox 551 701 2116 778">
     <span class='ocr_line' id='line_1_7' title="bbox 551 701 2116 778; baseline 0 -18"><span class='ocrx_word' id='word_1_25' title='bbox 551 701 865 775; x_wconf 80' lang='lat' dir='ltr'><strong>dogmatum</strong></span> <span class='ocrx_word' id='word_1_26' title='bbox 891 716 1147 760; x_wconf 83' lang='lat' dir='ltr'><strong>accurata</strong></span> <span class='ocrx_word' id='word_1_27' title='bbox 1167 709 1547 776; x_wconf 54' lang='lat' dir='ltr'><strong>expensionea</strong></span> <span class='ocrx_word' id='word_1_28' title='bbox 1572 706 1725 773; x_wconf 81' lang='lat' dir='ltr'><strong>Quod</strong></span> <span class='ocrx_word' id='word_1_29' title='bbox 1753 709 1916 778; x_wconf 85' lang='lat' dir='ltr'><strong>igitur</strong></span> <span class='ocrx_word' id='word_1_30' title='bbox 1939 725 2116 778; x_wconf 72' lang='lat' dir='ltr'><strong>neque</strong></span> 
     </span>
    </p>
   </div>
   <div class='ocr_carea' id='block_1_8' title="bbox 552 795 2119 868">
    <p class='ocr_par' dir='ltr' id='par_1_8' title="bbox 552 795 2119 868">
     <span class='ocr_line' id='line_1_8' title="bbox 552 795 2119 868; baseline 0.003 -20"><span class='ocrx_word' id='word_1_31' title='bbox 552 805 668 849; x_wconf 88' lang='lat' dir='ltr'><strong>tum</strong></span> <span class='ocrx_word' id='word_1_32' title='bbox 702 795 771 849; x_wconf 89' lang='lat' dir='ltr'><strong>ab</strong></span> <span class='ocrx_word' id='word_1_33' title='bbox 804 796 1175 865; x_wconf 83' lang='lat' dir='ltr'><strong>evangelistis,</strong></span> <span class='ocrx_word' id='word_1_34' title='bbox 1232 812 1408 866; x_wconf 88' lang='lat' dir='ltr'><strong>neque</strong></span> <span class='ocrx_word' id='word_1_35' title='bbox 1466 798 1534 851; x_wconf 86' lang='lat' dir='ltr'><strong>ab</strong></span> <span class='ocrx_word' id='word_1_36' title='bbox 1596 798 1886 868; x_wconf 77' lang='lat' dir='ltr'><strong>apostolis,</strong></span> <span class='ocrx_word' id='word_1_37' title='bbox 1944 813 2119 866; x_wconf 88' lang='lat' dir='ltr'><strong>neque</strong></span> 
     </span>
    </p>
   </div>
   <div class='ocr_carea' id='block_1_9' title="bbox 554 887 2119 959">
    <p class='ocr_par' dir='ltr' id='par_1_9' title="bbox 554 887 2119 959">
     <span class='ocr_line' id='line_1_9' title="bbox 554 887 2119 959; baseline 0.003 -20"><span class='ocrx_word' id='word_1_38' title='bbox 554 887 624 941; x_wconf 81' lang='lat' dir='ltr'><strong>ab</strong></span> <span class='ocrx_word' id='word_1_39' title='bbox 663 887 772 941; x_wconf 92' lang='lat' dir='ltr'><strong>ullo</strong></span> <span class='ocrx_word' id='word_1_40' title='bbox 805 903 992 942; x_wconf 89' lang='lat' dir='ltr'><strong>eorum</strong></span> <span class='ocrx_word' id='word_1_41' title='bbox 1042 890 1132 958; x_wconf 89' lang='lat' dir='ltr'><strong>qui</strong></span> <span class='ocrx_word' id='word_1_42' title='bbox 1189 889 1500 945; x_wconf 86' lang='lat' dir='ltr'><strong>velustioris</strong></span> <span class='ocrx_word' id='word_1_43' title='bbox 1556 889 1852 959; x_wconf 71' lang='lat' dir='ltr'><strong>Scripturaa</strong></span> <span class='ocrx_word' id='word_1_44' title='bbox 1898 888 2119 944; x_wconf 87' lang='lat' dir='ltr'><strong>fuerunt</strong></span> 
     </span>
    </p>
   </div>
   <div class='ocr_carea' id='block_1_10' title="bbox 477 978 2118 1053">
    <p class='ocr_par' dir='ltr' id='par_1_10' title="bbox 477 978 2118 1053">
     <span class='ocr_line' id='line_1_10' title="bbox 477 978 2118 1053; baseline 0.005 -23"><span class='ocrx_word' id='word_1_45' title='bbox 477 1011 488 1020; x_wconf 84' lang='lat'><strong>-</strong></span> <span class='ocrx_word' id='word_1_46' title='bbox 555 978 820 1047; x_wconf 73' lang='lat' dir='ltr'><strong>magistri,</strong></span> <span class='ocrx_word' id='word_1_47' title='bbox 849 995 1145 1048; x_wconf 85' lang='lat' dir='ltr'><strong>persuasus</strong></span> <span class='ocrx_word' id='word_1_48' title='bbox 1177 981 1291 1036; x_wconf 64' lang='lat' dir='ltr'><strong>haec</strong></span> <span class='ocrx_word' id='word_1_49' title='bbox 1315 983 1525 1049; x_wconf 75' lang='lat' dir='ltr'><strong>scribit,</strong></span> <span class='ocrx_word' id='word_1_50' title='bbox 1553 983 1727 1038; x_wconf 86' lang='lat' dir='ltr'><strong>cuivis</strong></span> <span class='ocrx_word' id='word_1_51' title='bbox 1755 984 1973 1053; x_wconf 88' lang='lat' dir='ltr'><strong>planum</strong></span> <span class='ocrx_word' id='word_1_52' title='bbox 1995 998 2118 1038; x_wconf 87' lang='lat' dir='ltr'><strong>esse</strong></span> 
     </span>
    </p>
   </div>
   <div class='ocr_carea' id='block_1_11' title="bbox 554 1068 2121 1145">
    <p class='ocr_par' dir='ltr' id='par_1_11' title="bbox 554 1068 2121 1145">
     <span class='ocr_line' id='line_1_11' title="bbox 554 1068 2121 1145; baseline 0.005 -25"><span class='ocrx_word' id='word_1_53' title='bbox 554 1068 796 1123; x_wconf 73' lang='lat' dir='ltr'><strong>arbitror</strong></span> <span class='ocrx_word' id='word_1_54' title='bbox 840 1072 931 1139; x_wconf 88' lang='lat' dir='ltr'><strong>qui</strong></span> <span class='ocrx_word' id='word_1_55' title='bbox 995 1086 1207 1125; x_wconf 85' lang='lat' dir='ltr'><strong>sacram</strong></span> <span class='ocrx_word' id='word_1_56' title='bbox 1243 1083 1296 1129; x_wconf 91' lang='lat' dir='ltr'><strong>et</strong></span> <span class='ocrx_word' id='word_1_57' title='bbox 1332 1075 1570 1128; x_wconf 83' lang='lat' dir='ltr'><strong>divinam</strong></span> <span class='ocrx_word' id='word_1_58' title='bbox 1623 1091 1729 1128; x_wconf 94' lang='lat' dir='ltr'><strong>non</strong></span> <span class='ocrx_word' id='word_1_59' title='bbox 1789 1075 2121 1145; x_wconf 87' lang='lat' dir='ltr'><strong>ignoraverit</strong></span> 
     </span>
    </p>
   </div>
   <div class='ocr_carea' id='block_1_12' title="bbox 559 1157 2116 1237">
    <p class='ocr_par' dir='ltr' id='par_1_12' title="bbox 559 1157 2116 1237">
     <span class='ocr_line' id='line_1_12' title="bbox 559 1157 2116 1237; baseline 0.004 -24"><span class='ocrx_word' id='word_1_60' title='bbox 559 1157 922 1229; x_wconf 84' lang='lat' dir='ltr'><strong>Scripturam.</strong></span> <span class='ocrx_word' id='word_1_61' title='bbox 960 1163 1317 1234; x_wconf 77' lang='lat' dir='ltr'><strong>Consequens</strong></span> <span class='ocrx_word' id='word_1_62' title='bbox 1347 1181 1476 1237; x_wconf 80' lang='lat' dir='ltr'><strong>ergo</strong></span> <span class='ocrx_word' id='word_1_63' title='bbox 1509 1166 1673 1222; x_wconf 83' lang='lat' dir='ltr'><strong>fuerit</strong></span> <span class='ocrx_word' id='word_1_64' title='bbox 1719 1167 1902 1222; x_wconf 89' lang='lat' dir='ltr'><strong>dicere</strong></span> <span class='ocrx_word' id='word_1_65' title='bbox 1941 1167 2116 1236; x_wconf 90' lang='lat' dir='ltr'><strong>ipsum</strong></span> 
     </span>
    </p>
   </div>
   <div class='ocr_carea' id='block_1_13' title="bbox 555 1250 2121 1333">
    <p class='ocr_par' dir='ltr' id='par_1_13' title="bbox 555 1250 2121 1333">
     <span class='ocr_line' id='line_1_13' title="bbox 555 1250 2121 1333; baseline 0.005 -31"><span class='ocrx_word' id='word_1_66' title='bbox 555 1250 868 1306; x_wconf 68' lang='lat' dir='ltr'><strong>existimare</strong></span> <span class='ocrx_word' id='word_1_67' title='bbox 896 1265 1117 1308; x_wconf 85' lang='lat' dir='ltr'><strong>sanctos</strong></span> <span class='ocrx_word' id='word_1_68' title='bbox 1156 1264 1211 1309; x_wconf 90' lang='lat' dir='ltr'><strong>et</strong></span> <span class='ocrx_word' id='word_1_69' title='bbox 1258 1257 1446 1312; x_wconf 88' lang='lat' dir='ltr'><strong>beatos</strong></span> <span class='ocrx_word' id='word_1_70' title='bbox 1513 1258 1660 1312; x_wconf 86' lang='lat' dir='ltr'><strong>viros</strong></span> <span class='ocrx_word' id='word_1_71' title='bbox 1715 1257 1884 1312; x_wconf 85' lang='lat' dir='ltr'><strong>fuisse</strong></span> <span class='ocrx_word' id='word_1_72' title='bbox 1948 1257 2121 1333; x_wconf 85' lang='lat' dir='ltr'><strong>Mani-</strong></span> 
     </span>
    </p>
   </div>
   <div class='ocr_carea' id='block_1_14' title="bbox 557 1341 2122 1416">
    <p class='ocr_par' dir='ltr' id='par_1_14' title="bbox 557 1341 2122 1416">
     <span class='ocr_line' id='line_1_14' title="bbox 557 1341 2122 1416; baseline 0.008 -24"><span class='ocrx_word' id='word_1_73' title='bbox 557 1341 790 1406; x_wconf 75' lang='lat' dir='ltr'><strong>clueum,</strong></span> <span class='ocrx_word' id='word_1_74' title='bbox 821 1343 1122 1407; x_wconf 80' lang='lat' dir='ltr'><strong>Nicolaum,</strong></span> <span class='ocrx_word' id='word_1_75' title='bbox 1155 1347 1500 1414; x_wconf 80' lang='lat' dir='ltr'><strong>Acoluthum,</strong></span> <span class='ocrx_word' id='word_1_76' title='bbox 1536 1349 1770 1416; x_wconf 86' lang='lat' dir='ltr'><strong>Aetium,</strong></span> <span class='ocrx_word' id='word_1_77' title='bbox 1819 1351 2008 1404; x_wconf 80' lang='lat' dir='ltr'><strong>Arium</strong></span> <span class='ocrx_word' id='word_1_78' title='bbox 2068 1359 2122 1406; x_wconf 88' lang='lat' dir='ltr'><strong>et</strong></span> 
     </span>
    </p>
   </div>
   <div class='ocr_carea' id='block_1_15' title="bbox 558 1436 2118 1510">
    <p class='ocr_par' dir='ltr' id='par_1_15' title="bbox 558 1436 2118 1510">
     <span class='ocr_line' id='line_1_15' title="bbox 558 1436 2118 1510; baseline 0.006 -25"><span class='ocrx_word' id='word_1_79' title='bbox 558 1447 749 1488; x_wconf 91' lang='lat' dir='ltr'><strong>omnes</strong></span> <span class='ocrx_word' id='word_1_80' title='bbox 783 1436 1025 1501; x_wconf 87' lang='lat' dir='ltr'><strong>ejusdem</strong></span> <span class='ocrx_word' id='word_1_81' title='bbox 1053 1438 1228 1504; x_wconf 88' lang='lat' dir='ltr'><strong>chori,</strong></span> <span class='ocrx_word' id='word_1_82' title='bbox 1257 1455 1396 1508; x_wconf 87' lang='lat' dir='ltr'><strong>quos</strong></span> <span class='ocrx_word' id='word_1_83' title='bbox 1429 1456 1664 1510; x_wconf 88' lang='lat' dir='ltr'><strong>sequens</strong></span> <span class='ocrx_word' id='word_1_84' title='bbox 1690 1443 1803 1496; x_wconf 70' lang='lat' dir='ltr'><strong>haec</strong></span> <span class='ocrx_word' id='word_1_85' title='bbox 1851 1442 2118 1506; x_wconf 86' lang='lat' dir='ltr'><strong>decernit,</strong></span> 
     </span>
    </p>
   </div>
   <div class='ocr_carea' id='block_1_16' title="bbox 561 1526 2124 1602">
    <p class='ocr_par' dir='ltr' id='par_1_16' title="bbox 561 1526 2124 1602">
     <span class='ocr_line' id='line_1_16' title="bbox 561 1526 2124 1602; baseline 0.009 -27"><span class='ocrx_word' id='word_1_86' title='bbox 561 1526 702 1592; x_wconf 88' lang='lat' dir='ltr'><strong>quod</strong></span> <span class='ocrx_word' id='word_1_87' title='bbox 723 1546 741 1576; x_wconf 74' lang='grc' dir='ltr'><strong>ι</strong></span> <span class='ocrx_word' id='word_1_88' title='bbox 763 1542 937 1596; x_wconf 91' lang='lat' dir='ltr'><strong>neque</strong></span> <span class='ocrx_word' id='word_1_89' title='bbox 963 1531 1238 1584; x_wconf 85' lang='lat' dir='ltr'><strong>nominum</strong></span> <span class='ocrx_word' id='word_1_90' title='bbox 1260 1533 1557 1595; x_wconf 83' lang='lat' dir='ltr'><strong>confessio,</strong></span> <span class='ocrx_word' id='word_1_91' title='bbox 1581 1549 1759 1602; x_wconf 87' lang='lat' dir='ltr'><strong>neque</strong></span> <span class='ocrx_word' id='word_1_92' title='bbox 1788 1535 1927 1589; x_wconf 91' lang='lat' dir='ltr'><strong>ritus</strong></span> <span class='ocrx_word' id='word_1_93' title='bbox 1947 1533 2124 1589; x_wconf 81' lang='lat' dir='ltr'><strong>Eccle-</strong></span> 
     </span>
    </p>
   </div>
   <div class='ocr_carea' id='block_1_17' title="bbox 561 1618 2116 1695">
    <p class='ocr_par' dir='ltr' id='par_1_17' title="bbox 561 1618 2116 1695">
     <span class='ocr_line' id='line_1_17' title="bbox 561 1618 2116 1695; baseline 0.005 -24"><span class='ocrx_word' id='word_1_94' title='bbox 561 1618 676 1679; x_wconf 64' lang='lat' dir='ltr'><strong>siae,</strong></span> <span class='ocrx_word' id='word_1_95' title='bbox 709 1635 885 1688; x_wconf 88' lang='lat' dir='ltr'><strong>neque</strong></span> <span class='ocrx_word' id='word_1_96' title='bbox 906 1623 1131 1691; x_wconf 80' lang='lat' dir='ltr'><strong>mystica</strong></span> <span class='ocrx_word' id='word_1_97' title='bbox 1165 1624 1410 1693; x_wconf 87' lang='lat' dir='ltr'><strong>symbola</strong></span> <span class='ocrx_word' id='word_1_98' title='bbox 1440 1624 1766 1679; x_wconf 80' lang='lat' dir='ltr'><strong>confirmant</strong></span> <span class='ocrx_word' id='word_1_99' title='bbox 1792 1626 2066 1695; x_wconf 87' lang='lat' dir='ltr'><strong>pietatem.</strong></span> <span class='ocrx_word' id='word_1_100' title='bbox 2099 1646 2116 1678; x_wconf 77' lang='grc' dir='ltr'><strong>ι</strong></span> 
     </span>
    </p>
   </div>
   <div class='ocr_carea' id='block_1_18' title="bbox 560 1708 2122 1783">
    <p class='ocr_par' dir='ltr' id='par_1_18' title="bbox 560 1708 2122 1783">
     <span class='ocr_line' id='line_1_18' title="bbox 560 1708 2122 1783; baseline 0.006 -21"><span class='ocrx_word' id='word_1_101' title='bbox 560 1708 672 1764; x_wconf 72' lang='lat' dir='ltr'><strong>Nos</strong></span> <span class='ocrx_word' id='word_1_102' title='bbox 707 1719 886 1765; x_wconf 87' lang='lat' dir='ltr'><strong>autem</strong></span> <span class='ocrx_word' id='word_1_103' title='bbox 915 1712 1005 1780; x_wconf 90' lang='lat' dir='ltr'><strong>qui</strong></span> <span class='ocrx_word' id='word_1_104' title='bbox 1039 1713 1332 1770; x_wconf 84' lang='lat' dir='ltr'><strong>didicimus</strong></span> <span class='ocrx_word' id='word_1_105' title='bbox 1360 1731 1386 1768; x_wconf 86' lang='lat' dir='ltr'><strong>a</strong></span> <span class='ocrx_word' id='word_1_106' title='bbox 1415 1725 1602 1770; x_wconf 91' lang='lat' dir='ltr'><strong>sancta</strong></span> <span class='ocrx_word' id='word_1_107' title='bbox 1629 1732 1779 1781; x_wconf 83' lang='lat' dir='ltr'><strong>voce,</strong></span> <span class='ocrx_word' id='word_1_108' title='bbox 1818 1717 1959 1783; x_wconf 88' lang='lat' dir='ltr'><strong>quod</strong></span> <span class='ocrx_word' id='word_1_109' title='bbox 1998 1716 2122 1771; x_wconf 81' lang='lat' dir='ltr'><strong>Nisi</strong></span> 
     </span>
    </p>
   </div>
   <div class='ocr_carea' id='block_1_19' title="bbox 559 1803 2120 1878">
    <p class='ocr_par' dir='ltr' id='par_1_19' title="bbox 559 1803 2120 1878">
     <span class='ocr_line' id='line_1_19' title="bbox 559 1803 2120 1878; baseline 0.005 -24"><span class='ocrx_word' id='word_1_110' title='bbox 559 1803 676 1870; x_wconf 76' lang='lat' dir='ltr'><strong>quis</strong></span> <span class='ocrx_word' id='word_1_111' title='bbox 695 1803 863 1857; x_wconf 82' lang='lat' dir='ltr'><strong>denuo</strong></span> <span class='ocrx_word' id='word_1_112' title='bbox 900 1804 1056 1872; x_wconf 80' lang='lat' dir='ltr'><strong>fuerit</strong></span> <span class='ocrx_word' id='word_1_113' title='bbox 1091 1816 1246 1860; x_wconf 82' lang='lat' dir='ltr'><strong>natus</strong></span> <span class='ocrx_word' id='word_1_114' title='bbox 1275 1807 1499 1872; x_wconf 81' lang='lat' dir='ltr'><strong>desuper</strong></span> <span class='ocrx_word' id='word_1_115' title='bbox 1528 1824 1592 1860; x_wconf 67' lang='lat' dir='ltr'><strong>ea:</strong></span> <span class='ocrx_word' id='word_1_116' title='bbox 1623 1826 1760 1878; x_wconf 84' lang='lat' dir='ltr'><strong>aqua</strong></span> <span class='ocrx_word' id='word_1_117' title='bbox 1813 1818 1862 1863; x_wconf 91' lang='lat' dir='ltr'><strong>et</strong></span> <span class='ocrx_word' id='word_1_118' title='bbox 1895 1807 2120 1878; x_wconf 83' lang='lat' dir='ltr'><strong>Spiritu,</strong></span> 
     </span>
    </p>
   </div>
   <div class='ocr_carea' id='block_1_20' title="bbox 562 1895 2120 1970">
    <p class='ocr_par' dir='ltr' id='par_1_20' title="bbox 562 1895 2120 1970">
     <span class='ocr_line' id='line_1_20' title="bbox 562 1895 2120 1970; baseline 0.005 -24"><span class='ocrx_word' id='word_1_119' title='bbox 562 1909 664 1946; x_wconf 83' lang='lat' dir='ltr'><strong>non</strong></span> <span class='ocrx_word' id='word_1_120' title='bbox 704 1895 1025 1964; x_wconf 83' lang='lat' dir='ltr'><strong>ingredietur</strong></span> <span class='ocrx_word' id='word_1_121' title='bbox 1053 1897 1108 1950; x_wconf 83' lang='lat' dir='ltr'><strong>in</strong></span> <span class='ocrx_word' id='word_1_122' title='bbox 1137 1914 1352 1967; x_wconf 84' lang='lat' dir='ltr'><strong>regnum</strong></span> <span class='ocrx_word' id='word_1_123' title='bbox 1382 1898 1477 1952; x_wconf 88' lang='lat' dir='ltr'><strong>Dei</strong></span> <span class='ocrx_word' id='word_1_124' title='bbox 1500 1901 1566 1962; x_wconf 74' lang='grc'><strong>’⁷,</strong></span> <span class='ocrx_word' id='word_1_125' title='bbox 1596 1909 1649 1956; x_wconf 91' lang='lat' dir='ltr'><strong>et</strong></span> <span class='ocrx_word' id='word_1_126' title='bbox 1682 1900 1824 1970; x_wconf 87' lang='lat' dir='ltr'><strong>quod</strong></span> <span class='ocrx_word' id='word_1_127' title='bbox 1852 1899 2120 1967; x_wconf 82' lang='lat' dir='ltr'><strong>Quiman-</strong></span> 
     </span>
    </p>
   </div>
   <div class='ocr_carea' id='block_1_21' title="bbox 561 1986 2123 2060">
    <p class='ocr_par' dir='ltr' id='par_1_21' title="bbox 561 1986 2123 2060">
     <span class='ocr_line' id='line_1_21' title="bbox 561 1986 2123 2060; baseline 0.002 -22"><span class='ocrx_word' id='word_1_128' title='bbox 561 1986 722 2039; x_wconf 84' lang='lat' dir='ltr'><strong>ducat</strong></span> <span class='ocrx_word' id='word_1_129' title='bbox 764 2004 931 2041; x_wconf 89' lang='lat' dir='ltr'><strong>meam</strong></span> <span class='ocrx_word' id='word_1_130' title='bbox 961 2004 1170 2042; x_wconf 82' lang='lat' dir='ltr'><strong>carnem</strong></span> <span class='ocrx_word' id='word_1_131' title='bbox 1191 2029 1204 2052; x_wconf 93' lang='lat'><strong>,</strong></span> <span class='ocrx_word' id='word_1_132' title='bbox 1248 1997 1296 2043; x_wconf 85' lang='lat' dir='ltr'><strong>et</strong></span> <span class='ocrx_word' id='word_1_133' title='bbox 1325 1990 1413 2058; x_wconf 88' lang='lat' dir='ltr'><strong>qui</strong></span> <span class='ocrx_word' id='word_1_134' title='bbox 1443 1989 1569 2043; x_wconf 84' lang='lat' dir='ltr'><strong>bibit</strong></span> <span class='ocrx_word' id='word_1_135' title='bbox 1599 2007 1768 2044; x_wconf 87' lang='lat' dir='ltr'><strong>meum</strong></span> <span class='ocrx_word' id='word_1_136' title='bbox 1792 1991 2123 2060; x_wconf 70' lang='lat' dir='ltr'><strong>srmquinem,</strong></span> 
     </span>
    </p>
   </div>
   <div class='ocr_carea' id='block_1_22' title="bbox 563 2076 2126 2140">
    <p class='ocr_par' dir='ltr' id='par_1_22' title="bbox 563 2076 2126 2140">
     <span class='ocr_line' id='line_1_22' title="bbox 563 2076 2126 2140; baseline 0.003 -11"><span class='ocrx_word' id='word_1_137' title='bbox 563 2076 654 2130; x_wconf 85' lang='lat' dir='ltr'><strong>ille</strong></span> <span class='ocrx_word' id='word_1_138' title='bbox 689 2078 817 2132; x_wconf 84' lang='lat' dir='ltr'><strong>vivet</strong></span> <span class='ocrx_word' id='word_1_139' title='bbox 862 2080 914 2132; x_wconf 80' lang='lat' dir='ltr'><strong>in</strong></span> <span class='ocrx_word' id='word_1_140' title='bbox 947 2089 1200 2133; x_wconf 73' lang='lat' dir='ltr'><strong>(Ptentum</strong></span> <span class='ocrx_word' id='word_1_141' title='bbox 1226 2080 1305 2140; x_wconf 77' lang='grc'><strong>’⁸,</strong></span> <span class='ocrx_word' id='word_1_142' title='bbox 1348 2081 1622 2134; x_wconf 85' lang='lat' dir='ltr'><strong>credimus</strong></span> <span class='ocrx_word' id='word_1_143' title='bbox 1665 2081 1972 2136; x_wconf 86' lang='lat' dir='ltr'><strong>divinorum</strong></span> <span class='ocrx_word' id='word_1_144' title='bbox 2033 2094 2126 2134; x_wconf 85' lang='lat' dir='ltr'><strong>no—</strong></span> 
     </span>
    </p>
   </div>
   <div class='ocr_carea' id='block_1_23' title="bbox 565 2167 2129 2243">
    <p class='ocr_par' dir='ltr' id='par_1_23' title="bbox 565 2167 2129 2243">
     <span class='ocr_line' id='line_1_23' title="bbox 565 2167 2129 2243; baseline 0.003 -22"><span class='ocrx_word' id='word_1_145' title='bbox 565 2168 770 2222; x_wconf 92' lang='lat' dir='ltr'><strong>minum</strong></span> <span class='ocrx_word' id='word_1_146' title='bbox 803 2167 1170 2234; x_wconf 87' lang='lat' dir='ltr'><strong>confessione,</strong></span> <span class='ocrx_word' id='word_1_147' title='bbox 1220 2171 1398 2225; x_wconf 85' lang='lat' dir='ltr'><strong>Patris</strong></span> <span class='ocrx_word' id='word_1_148' title='bbox 1449 2173 1570 2226; x_wconf 86' lang='lat' dir='ltr'><strong>dico</strong></span> <span class='ocrx_word' id='word_1_149' title='bbox 1616 2182 1667 2227; x_wconf 91' lang='lat' dir='ltr'><strong>et</strong></span> <span class='ocrx_word' id='word_1_150' title='bbox 1705 2171 1825 2227; x_wconf 83' lang='lat' dir='ltr'><strong>Filii</strong></span> <span class='ocrx_word' id='word_1_151' title='bbox 1861 2185 1914 2228; x_wconf 89' lang='lat' dir='ltr'><strong>et</strong></span> <span class='ocrx_word' id='word_1_152' title='bbox 1963 2171 2129 2243; x_wconf 83' lang='lat' dir='ltr'><strong>Spiri-</strong></span> 
     </span>
    </p>
   </div>
   <div class='ocr_carea' id='block_1_24' title="bbox 564 2262 2128 2335">
    <p class='ocr_par' dir='ltr' id='par_1_24' title="bbox 564 2262 2128 2335">
     <span class='ocr_line' id='line_1_24' title="bbox 564 2262 2128 2335; baseline 0.003 -23"><span class='ocrx_word' id='word_1_153' title='bbox 564 2268 652 2315; x_wconf 90' lang='lat' dir='ltr'><strong>tus</strong></span> <span class='ocrx_word' id='word_1_154' title='bbox 680 2262 877 2322; x_wconf 82' lang='lat' dir='ltr'><strong>sancti,</strong></span> <span class='ocrx_word' id='word_1_155' title='bbox 907 2270 1082 2316; x_wconf 91' lang='lat' dir='ltr'><strong>ratum</strong></span> <span class='ocrx_word' id='word_1_156' title='bbox 1117 2263 1226 2318; x_wconf 87' lang='lat' dir='ltr'><strong>fieri</strong></span> <span class='ocrx_word' id='word_1_157' title='bbox 1259 2263 1477 2333; x_wconf 82' lang='lat' dir='ltr'><strong>pietatis</strong></span> <span class='ocrx_word' id='word_1_158' title='bbox 1524 2265 1844 2335; x_wconf 82' lang='lat' dir='ltr'><strong>mysterium</strong></span> <span class='ocrx_word' id='word_1_159' title='bbox 1873 2282 1885 2317; x_wconf 91' lang='lat'>:</span> <span class='ocrx_word' id='word_1_160' title='bbox 1923 2272 1978 2319; x_wconf 89' lang='lat' dir='ltr'><strong>et</strong></span> <span class='ocrx_word' id='word_1_161' title='bbox 2017 2279 2128 2334; x_wconf 87' lang='lat' dir='ltr'><strong>my-</strong></span> 
     </span>
    </p>
   </div>
   <div class='ocr_carea' id='block_1_25' title="bbox 563 2350 2129 2424">
    <p class='ocr_par' dir='ltr' id='par_1_25' title="bbox 563 2350 2129 2424">
     <span class='ocr_line' id='line_1_25' title="bbox 563 2350 2129 2424; baseline 0.002 -19"><span class='ocrx_word' id='word_1_162' title='bbox 563 2350 826 2405; x_wconf 90' lang='lat' dir='ltr'><strong>sticorum</strong></span> <span class='ocrx_word' id='word_1_163' title='bbox 865 2353 1066 2406; x_wconf 90' lang='lat' dir='ltr'><strong>rituum</strong></span> <span class='ocrx_word' id='word_1_164' title='bbox 1097 2363 1149 2408; x_wconf 95' lang='lat' dir='ltr'><strong>et</strong></span> <span class='ocrx_word' id='word_1_165' title='bbox 1193 2356 1562 2424; x_wconf 77' lang='lat' dir='ltr'><strong>symbolarum</strong></span> <span class='ocrx_word' id='word_1_166' title='bbox 1612 2356 1998 2410; x_wconf 90' lang='lat' dir='ltr'><strong>communione</strong></span> <span class='ocrx_word' id='word_1_167' title='bbox 2047 2371 2129 2410; x_wconf 88' lang='lat' dir='ltr'><strong>sa-</strong></span> 
     </span>
    </p>
   </div>
   <div class='ocr_carea' id='block_1_26' title="bbox 565 2443 2128 2516">
    <p class='ocr_par' dir='ltr' id='par_1_26' title="bbox 565 2443 2128 2516">
     <span class='ocr_line' id='line_1_26' title="bbox 565 2443 2128 2516; baseline 0.004 -22"><span class='ocrx_word' id='word_1_168' title='bbox 565 2443 735 2498; x_wconf 89' lang='lat' dir='ltr'><strong>lutem</strong></span> <span class='ocrx_word' id='word_1_169' title='bbox 765 2443 1096 2499; x_wconf 85' lang='lat' dir='ltr'><strong>confirmari.</strong></span> <span class='ocrx_word' id='word_1_170' title='bbox 1129 2443 1385 2516; x_wconf 81' lang='lat' dir='ltr'><strong>Dogmata</strong></span> <span class='ocrx_word' id='word_1_171' title='bbox 1422 2456 1601 2502; x_wconf 87' lang='lat' dir='ltr'><strong>autem</strong></span> <span class='ocrx_word' id='word_1_172' title='bbox 1635 2455 1888 2502; x_wconf 84' lang='lat' dir='ltr'><strong>accurate</strong></span> <span class='ocrx_word' id='word_1_173' title='bbox 1917 2448 1985 2501; x_wconf 90' lang='lat' dir='ltr'><strong>ab</strong></span> <span class='ocrx_word' id='word_1_174' title='bbox 2045 2447 2128 2501; x_wconf 76' lang='lat' dir='ltr'><strong>liis</strong></span> 
     </span>
    </p>
   </div>
   <div class='ocr_carea' id='block_1_27' title="bbox 563 2537 2126 2611">
    <p class='ocr_par' dir='ltr' id='par_1_27' title="bbox 563 2537 2126 2611">
     <span class='ocr_line' id='line_1_27' title="bbox 563 2537 2126 2611; baseline 0.001 -21"><span class='ocrx_word' id='word_1_175' title='bbox 563 2537 749 2601; x_wconf 81' lang='lat' dir='ltr'><strong>etiam,</strong></span> <span class='ocrx_word' id='word_1_176' title='bbox 785 2537 876 2606; x_wconf 90' lang='lat' dir='ltr'><strong>qui</strong></span> <span class='ocrx_word' id='word_1_177' title='bbox 907 2545 1034 2593; x_wconf 87' lang='lat' dir='ltr'><strong>sunt</strong></span> <span class='ocrx_word' id='word_1_178' title='bbox 1063 2546 1216 2593; x_wconf 84' lang='lat' dir='ltr'><strong>extra</strong></span> <span class='ocrx_word' id='word_1_179' title='bbox 1248 2541 1566 2611; x_wconf 89' lang='lat' dir='ltr'><strong>mysterium</strong></span> <span class='ocrx_word' id='word_1_180' title='bbox 1592 2580 1605 2602; x_wconf 84' lang='lat'><strong>.</strong></span> <span class='ocrx_word' id='word_1_181' title='bbox 1639 2556 1780 2610; x_wconf 74' lang='lat' dir='ltr'><strong>szepe</strong></span> <span class='ocrx_word' id='word_1_182' title='bbox 1805 2539 2126 2595; x_wconf 82' lang='lat' dir='ltr'><strong>examinan-</strong></span> 
     </span>
    </p>
   </div>
   <div class='ocr_carea' id='block_1_28' title="bbox 565 2629 2130 2687">
    <p class='ocr_par' dir='ltr' id='par_1_28' title="bbox 565 2629 2130 2687">
     <span class='ocr_line' id='line_1_28' title="bbox 565 2629 2130 2687; baseline 0.002 -6"><span class='ocrx_word' id='word_1_183' title='bbox 565 2637 654 2682; x_wconf 88' lang='lat' dir='ltr'><strong>tur</strong></span> <span class='ocrx_word' id='word_1_184' title='bbox 705 2637 759 2682; x_wconf 84' lang='lat' dir='ltr'><strong>et</strong></span> <span class='ocrx_word' id='word_1_185' title='bbox 800 2629 1071 2684; x_wconf 86' lang='lat' dir='ltr'><strong>subtiliter</strong></span> <span class='ocrx_word' id='word_1_186' title='bbox 1098 2631 1469 2686; x_wconf 86' lang='lat' dir='ltr'><strong>discutiuntur</strong></span> <span class='ocrx_word' id='word_1_187' title='bbox 1500 2652 1511 2686; x_wconf 85' lang='lat'><strong>:</strong></span> <span class='ocrx_word' id='word_1_188' title='bbox 1541 2633 1740 2687; x_wconf 91' lang='lat' dir='ltr'><strong>multos</strong></span> <span class='ocrx_word' id='word_1_189' title='bbox 1777 2632 1939 2686; x_wconf 84' lang='lat' dir='ltr'><strong>etiam</strong></span> <span class='ocrx_word' id='word_1_190' title='bbox 2006 2631 2130 2684; x_wconf 83' lang='lat' dir='ltr'><strong>licet</strong></span> 
     </span>
    </p>
   </div>
   <div class='ocr_carea' id='block_1_29' title="bbox 565 2716 2129 2789">
    <p class='ocr_par' dir='ltr' id='par_1_29' title="bbox 565 2716 2129 2789">
     <span class='ocr_line' id='line_1_29' title="bbox 565 2716 2129 2789; baseline 0.002 -21"><span class='ocrx_word' id='word_1_191' title='bbox 565 2716 754 2770; x_wconf 86' lang='lat' dir='ltr'><strong>audire</strong></span> <span class='ocrx_word' id='word_1_192' title='bbox 785 2717 878 2785; x_wconf 85' lang='lat' dir='ltr'><strong>qui</strong></span> <span class='ocrx_word' id='word_1_193' title='bbox 909 2733 1008 2787; x_wconf 91' lang='lat' dir='ltr'><strong>pro</strong></span> <span class='ocrx_word' id='word_1_194' title='bbox 1034 2719 1338 2789; x_wconf 76' lang='lat' dir='ltr'><strong>Itypothesi,</strong></span> <span class='ocrx_word' id='word_1_195' title='bbox 1368 2721 1483 2775; x_wconf 86' lang='lat' dir='ltr'><strong>sive</strong></span> <span class='ocrx_word' id='word_1_196' title='bbox 1515 2720 1904 2788; x_wconf 85' lang='lat' dir='ltr'><strong>disputationis</strong></span> <span class='ocrx_word' id='word_1_197' title='bbox 1931 2718 2129 2788; x_wconf 87' lang='lat' dir='ltr'><strong>subje-</strong></span> 
     </span>
    </p>
   </div>
   <div class='ocr_carea' id='block_1_30' title="bbox 493 2793 2126 2867">
    <p class='ocr_par' dir='ltr' id='par_1_30' title="bbox 493 2793 2126 2867">
     <span class='ocr_line' id='line_1_30' title="bbox 493 2793 2126 2867; baseline 0.004 -9"><span class='ocrx_word' id='word_1_198' title='bbox 493 2793 501 2804; x_wconf 84' lang='grc'><em>’</em></span> <span class='ocrx_word' id='word_1_199' title='bbox 565 2815 654 2859; x_wconf 89' lang='lat' dir='ltr'><strong>cto</strong></span> <span class='ocrx_word' id='word_1_200' title='bbox 699 2807 800 2862; x_wconf 86' lang='lat' dir='ltr'><strong>sibi</strong></span> <span class='ocrx_word' id='word_1_201' title='bbox 869 2808 935 2861; x_wconf 89' lang='lat' dir='ltr'><strong>ad</strong></span> <span class='ocrx_word' id='word_1_202' title='bbox 991 2823 1303 2864; x_wconf 90' lang='lat' dir='ltr'><strong>sermonum</strong></span> <span class='ocrx_word' id='word_1_203' title='bbox 1361 2812 1821 2866; x_wconf 83' lang='lat' dir='ltr'><strong>concertationem</strong></span> <span class='ocrx_word' id='word_1_204' title='bbox 1879 2818 2126 2867; x_wconf 86' lang='lat' dir='ltr'><strong>nostrum</strong></span> 
     </span>
    </p>
   </div>
   <div class='ocr_carea' id='block_1_31' title="bbox 565 2899 2130 2972">
    <p class='ocr_par' dir='ltr' id='par_1_31' title="bbox 565 2899 2130 2972">
     <span class='ocr_line' id='line_1_31' title="bbox 565 2899 2130 2972; baseline 0.004 -22"><span class='ocrx_word' id='word_1_205' title='bbox 565 2899 759 2968; x_wconf 80' lang='lat' dir='ltr'><strong>dogma</strong></span> <span class='ocrx_word' id='word_1_206' title='bbox 804 2909 1150 2970; x_wconf 90' lang='lat' dir='ltr'><strong>proponunt;</strong></span> <span class='ocrx_word' id='word_1_207' title='bbox 1186 2902 1450 2970; x_wconf 87' lang='lat' dir='ltr'><strong>quosdam</strong></span> <span class='ocrx_word' id='word_1_208' title='bbox 1482 2902 1643 2958; x_wconf 91' lang='lat' dir='ltr'><strong>etiam</strong></span> <span class='ocrx_word' id='word_1_209' title='bbox 1685 2904 1927 2972; x_wconf 89' lang='lat' dir='ltr'><strong>ipsorum</strong></span> <span class='ocrx_word' id='word_1_210' title='bbox 1988 2917 2130 2972; x_wconf 83' lang='lat' dir='ltr'><strong>saepe</strong></span> 
     </span>
    </p>
   </div>
   <div class='ocr_carea' id='block_1_32' title="bbox 568 2992 2130 3054">
    <p class='ocr_par' dir='ltr' id='par_1_32' title="bbox 568 2992 2130 3054">
     <span class='ocr_line' id='line_1_32' title="bbox 568 2992 2130 3054; baseline 0.003 -10"><span class='ocrx_word' id='word_1_211' title='bbox 568 2992 620 3045; x_wconf 91' lang='lat' dir='ltr'><strong>in</strong></span> <span class='ocrx_word' id='word_1_212' title='bbox 664 2994 940 3046; x_wconf 86' lang='lat' dir='ltr'><strong>veritatem</strong></span> <span class='ocrx_word' id='word_1_213' title='bbox 973 2992 1235 3054; x_wconf 83' lang='lat' dir='ltr'><strong>incidere.</strong></span> <span class='ocrx_word' id='word_1_214' title='bbox 1268 2994 1627 3049; x_wconf 90' lang='lat' dir='ltr'><strong>nihilominus</strong></span> <span class='ocrx_word' id='word_1_215' title='bbox 1661 3010 1689 3048; x_wconf 90' lang='lat' dir='ltr'><strong>a</strong></span> <span class='ocrx_word' id='word_1_216' title='bbox 1733 2995 1834 3049; x_wconf 83' lang='lat' dir='ltr'><strong>fide.</strong></span> <span class='ocrx_word' id='word_1_217' title='bbox 1863 2995 2130 3049; x_wconf 90' lang='lat' dir='ltr'><strong>alienatos</strong></span> 
     </span>
    </p>
   </div>
   <div class='ocr_carea' id='block_1_33' title="bbox 565 3081 2130 3155">
    <p class='ocr_par' dir='ltr' id='par_1_33' title="bbox 565 3081 2130 3155">
     <span class='ocr_line' id='line_1_33' title="bbox 565 3081 2130 3155; baseline 0.003 -20"><span class='ocrx_word' id='word_1_218' title='bbox 565 3097 703 3138; x_wconf 86' lang='lat' dir='ltr'><strong>esse.</strong></span> <span class='ocrx_word' id='word_1_219' title='bbox 737 3081 1003 3148; x_wconf 82' lang='lat' dir='ltr'><strong>Quoniam</strong></span> <span class='ocrx_word' id='word_1_220' title='bbox 1037 3085 1194 3155; x_wconf 80' lang='lat' dir='ltr'><strong>igitur</strong></span> <span class='ocrx_word' id='word_1_221' title='bbox 1221 3095 1451 3153; x_wconf 81' lang='lat' dir='ltr'><strong>augusta</strong></span> <span class='ocrx_word' id='word_1_222' title='bbox 1485 3093 1538 3152; x_wconf 87' lang='lat' dir='ltr'><strong>et</strong></span> <span class='ocrx_word' id='word_1_223' title='bbox 1566 3087 1878 3141; x_wconf 87' lang='lat' dir='ltr'><strong>veneranda</strong></span> <span class='ocrx_word' id='word_1_224' title='bbox 1910 3087 2130 3142; x_wconf 88' lang='lat' dir='ltr'><strong>nomina</strong></span> 
     </span>
    </p>
   </div>
   <div class='ocr_carea' id='block_1_34' title="bbox 2221 614 3730 689">
    <p class='ocr_par' dir='ltr' id='par_1_34' title="bbox 2221 614 3730 689">
     <span class='ocr_line' id='line_1_34' title="bbox 2221 614 3730 689; baseline -0.004 -16"><span class='ocrx_word' id='word_1_225' title='bbox 2221 621 2339 674; x_wconf 81' lang='grc' dir='ltr'>Ὀτι</span> <span class='ocrx_word' id='word_1_226' title='bbox 2371 620 2468 689; x_wconf 85' lang='grc' dir='ltr'><strong>μὲν</strong></span> <span class='ocrx_word' id='word_1_227' title='bbox 2495 615 2586 672; x_wconf 81' lang='grc' dir='ltr'><strong>οὖν</strong></span> <span class='ocrx_word' id='word_1_228' title='bbox 2615 619 2733 670; x_wconf 81' lang='grc' dir='ltr'>οὐδὲ</span> <span class='ocrx_word' id='word_1_229' title='bbox 2782 618 2902 671; x_wconf 88' lang='grc' dir='ltr'>τότε</span> <span class='ocrx_word' id='word_1_230' title='bbox 2931 619 3042 680; x_wconf 86' lang='grc' dir='ltr'>τοῖς</span> <span class='ocrx_word' id='word_1_231' title='bbox 3071 616 3484 683; x_wconf 74' lang='grc' dir='ltr'>εὐαγγέλια-ταῖς,</span> <span class='ocrx_word' id='word_1_232' title='bbox 3510 614 3617 667; x_wconf 71' lang='grc' dir='ltr'>οὔτε</span> <span class='ocrx_word' id='word_1_233' title='bbox 3640 619 3730 677; x_wconf 73' lang='grc' dir='ltr'>τοῖς</span> 
     </span>
    </p>
   </div>
   <div class='ocr_carea' id='block_1_35' title="bbox 2217 705 3729 779">
    <p class='ocr_par' dir='ltr' id='par_1_35' title="bbox 2217 705 3729 779">
     <span class='ocr_line' id='line_1_35' title="bbox 2217 705 3729 779; baseline -0.004 -15"><span class='ocrx_word' id='word_1_234' title='bbox 2217 711 2531 773; x_wconf 78' lang='grc' dir='ltr'><strong>ἀποστόλοις</strong></span> <span class='ocrx_word' id='word_1_235' title='bbox 2554 750 2566 772; x_wconf 87' lang='grc'><strong>,</strong></span> <span class='ocrx_word' id='word_1_236' title='bbox 2617 709 2738 763; x_wconf 78' lang='grc' dir='ltr'>οὔτε</span> <span class='ocrx_word' id='word_1_237' title='bbox 2788 709 2893 762; x_wconf 76' lang='grc' dir='ltr'>τινὶ</span> <span class='ocrx_word' id='word_1_238' title='bbox 2919 709 3024 762; x_wconf 88' lang='grc' dir='ltr'><strong>τῶν</strong></span> <span class='ocrx_word' id='word_1_239' title='bbox 3048 708 3146 777; x_wconf 75' lang='grc' dir='ltr'>τῆς</span> <span class='ocrx_word' id='word_1_240' title='bbox 3177 708 3514 779; x_wconf 72' lang='grc' dir='ltr'><strong>ἀρχαιοτέρας</strong></span> <span class='ocrx_word' id='word_1_241' title='bbox 3543 705 3729 777; x_wconf 78' lang='grc' dir='ltr'>Γραφῆς</span> 
     </span>
    </p>
   </div>
   <div class='ocr_carea' id='block_1_36' title="bbox 2219 797 3736 873">
    <p class='ocr_par' dir='ltr' id='par_1_36' title="bbox 2219 797 3736 873">
     <span class='ocr_line' id='line_1_36' title="bbox 2219 797 3736 873; baseline -0.004 -16"><span class='ocrx_word' id='word_1_242' title='bbox 2219 802 2684 873; x_wconf 80' lang='grc' dir='ltr'><strong>καθηγησαμένων</strong></span> <span class='ocrx_word' id='word_1_243' title='bbox 2712 799 2971 862; x_wconf 77' lang='grc' dir='ltr'>πεισθεὶς,</span> <span class='ocrx_word' id='word_1_244' title='bbox 3001 799 3170 852; x_wconf 74' lang='grc' dir='ltr'>ταῦτα</span> <span class='ocrx_word' id='word_1_245' title='bbox 3195 800 3408 868; x_wconf 67' lang='grc' dir='ltr'>γράφει,</span> <span class='ocrx_word' id='word_1_246' title='bbox 3433 799 3579 851; x_wconf 70' lang='grc' dir='ltr'>παντὶ</span> <span class='ocrx_word' id='word_1_247' title='bbox 3603 797 3736 866; x_wconf 82' lang='grc' dir='ltr'>δῆλον</span> 
     </span>
    </p>
   </div>
   <div class='ocr_carea' id='block_1_37' title="bbox 2218 887 3730 963">
    <p class='ocr_par' dir='ltr' id='par_1_37' title="bbox 2218 887 3730 963">
     <span class='ocr_line' id='line_1_37' title="bbox 2218 887 3730 963; baseline -0.005 -17"><span class='ocrx_word' id='word_1_248' title='bbox 2218 893 2294 963; x_wconf 85' lang='grc' dir='ltr'>τῷ</span> <span class='ocrx_word' id='word_1_249' title='bbox 2317 893 2414 963; x_wconf 80' lang='grc' dir='ltr'>τὴν</span> <span class='ocrx_word' id='word_1_250' title='bbox 2457 893 2606 962; x_wconf 73' lang='grc' dir='ltr'>ἱεράν</span> <span class='ocrx_word' id='word_1_251' title='bbox 2655 911 2710 945; x_wconf 87' lang='grc' dir='ltr'><strong>τε</strong></span> <span class='ocrx_word' id='word_1_252' title='bbox 2757 894 2850 946; x_wconf 72' lang='grc' dir='ltr'>καὶ</span> <span class='ocrx_word' id='word_1_253' title='bbox 2894 892 3040 945; x_wconf 80' lang='grc' dir='ltr'>θείαν</span> <span class='ocrx_word' id='word_1_254' title='bbox 3085 891 3182 942; x_wconf 80' lang='grc' dir='ltr'><strong>οὐκ</strong></span> <span class='ocrx_word' id='word_1_255' title='bbox 3215 887 3481 958; x_wconf 79' lang='grc' dir='ltr'>ἀγνοοῦντι</span> <span class='ocrx_word' id='word_1_256' title='bbox 3527 889 3730 958; x_wconf 80' lang='grc' dir='ltr'>Γραφήν.</span> 
     </span>
    </p>
   </div>
   <div class='ocr_carea' id='block_1_38' title="bbox 2232 979 3738 1052">
    <p class='ocr_par' dir='ltr' id='par_1_38' title="bbox 2232 979 3738 1052">
     <span class='ocr_line' id='line_1_38' title="bbox 2232 979 3738 1052; baseline -0.005 -16"><span class='ocrx_word' id='word_1_257' title='bbox 2232 984 2542 1037; x_wconf 81' lang='grc' dir='ltr'>’Δκόλουθον</span> <span class='ocrx_word' id='word_1_258' title='bbox 2571 983 2613 1035; x_wconf 86' lang='grc' dir='ltr'>δ’</span> <span class='ocrx_word' id='word_1_259' title='bbox 2648 983 2712 1036; x_wconf 88' lang='grc' dir='ltr'><strong>ἂν</strong></span> <span class='ocrx_word' id='word_1_260' title='bbox 2737 983 2819 1052; x_wconf 77' lang='grc' dir='ltr'><strong>εἴη</strong></span> <span class='ocrx_word' id='word_1_261' title='bbox 2848 982 3034 1049; x_wconf 78' lang='grc' dir='ltr'>ἁγίους</span> <span class='ocrx_word' id='word_1_262' title='bbox 3061 983 3219 1034; x_wconf 72' lang='grc' dir='ltr'>αὑτὸν</span> <span class='ocrx_word' id='word_1_263' title='bbox 3251 980 3342 1033; x_wconf 73' lang='grc' dir='ltr'><strong>καὶ</strong></span> <span class='ocrx_word' id='word_1_264' title='bbox 3374 979 3646 1048; x_wconf 77' lang='grc' dir='ltr'>μακαρίους</span> <span class='ocrx_word' id='word_1_265' title='bbox 3672 979 3738 1032; x_wconf 72' lang='grc' dir='ltr'><strong>ἂν·</strong></span> 
     </span>
    </p>
   </div>
   <div class='ocr_carea' id='block_1_39' title="bbox 2219 1067 3740 1147">
    <p class='ocr_par' dir='ltr' id='par_1_39' title="bbox 2219 1067 3740 1147">
     <span class='ocr_line' id='line_1_39' title="bbox 2219 1067 3740 1147; baseline -0.009 -17"><span class='ocrx_word' id='word_1_266' title='bbox 2219 1077 2350 1147; x_wconf 87' lang='grc' dir='ltr'>δρας</span> <span class='ocrx_word' id='word_1_267' title='bbox 2377 1075 2580 1128; x_wconf 78' lang='grc' dir='ltr'>οἴεσθαι</span> <span class='ocrx_word' id='word_1_268' title='bbox 2618 1074 2820 1142; x_wconf 81' lang='grc' dir='ltr'>λέγειν,</span> <span class='ocrx_word' id='word_1_269' title='bbox 2871 1074 3188 1142; x_wconf 53' lang='grc' dir='ltr'>Μανιχαὶῑν,</span> <span class='ocrx_word' id='word_1_270' title='bbox 3224 1070 3496 1128; x_wconf 76' lang='grc' dir='ltr'>Νικόλαον,</span> <span class='ocrx_word' id='word_1_271' title='bbox 3531 1067 3740 1118; x_wconf 69' lang='grc' dir='ltr'>Ἀκόλου-</span> 
     </span>
    </p>
   </div>
   <div class='ocr_carea' id='block_1_40' title="bbox 2223 1156 3742 1236">
    <p class='ocr_par' dir='ltr' id='par_1_40' title="bbox 2223 1156 3742 1236">
     <span class='ocr_line' id='line_1_40' title="bbox 2223 1156 3742 1236; baseline -0.009 -14"><span class='ocrx_word' id='word_1_272' title='bbox 2223 1168 2334 1231; x_wconf 82' lang='grc' dir='ltr'>θον,</span> <span class='ocrx_word' id='word_1_273' title='bbox 2378 1168 2600 1230; x_wconf 83' lang='grc' dir='ltr'>Ἀέτιον,</span> <span class='ocrx_word' id='word_1_274' title='bbox 2635 1168 2870 1236; x_wconf 69' lang='grc' dir='ltr'>Ἄρειον,</span> <span class='ocrx_word' id='word_1_275' title='bbox 2920 1163 3014 1217; x_wconf 74' lang='grc' dir='ltr'><strong>καὶ</strong></span> <span class='ocrx_word' id='word_1_276' title='bbox 3062 1163 3267 1223; x_wconf 81' lang='grc' dir='ltr'><strong>πάντας</strong></span> <span class='ocrx_word' id='word_1_277' title='bbox 3311 1162 3430 1221; x_wconf 72' lang='grc' dir='ltr'>τοὺς</span> <span class='ocrx_word' id='word_1_278' title='bbox 3472 1158 3560 1210; x_wconf 75' lang='grc' dir='ltr'><strong>τοῦ</strong></span> <span class='ocrx_word' id='word_1_279' title='bbox 3605 1156 3742 1210; x_wconf 73' lang='grc' dir='ltr'>αὐτοῦ</span> 
     </span>
    </p>
   </div>
   <div class='ocr_carea' id='block_1_41' title="bbox 2222 1247 3741 1331">
    <p class='ocr_par' dir='ltr' id='par_1_41' title="bbox 2222 1247 3741 1331">
     <span class='ocr_line' id='line_1_41' title="bbox 2222 1247 3741 1331; baseline -0.009 -18"><span class='ocrx_word' id='word_1_280' title='bbox 2222 1260 2405 1331; x_wconf 83' lang='grc' dir='ltr'>χοροῦ,</span> <span class='ocrx_word' id='word_1_281' title='bbox 2432 1259 2513 1322; x_wconf 74' lang='grc' dir='ltr'>οἷς</span> <span class='ocrx_word' id='word_1_282' title='bbox 2535 1255 2839 1311; x_wconf 85' lang='grc' dir='ltr'>ἀκολουθῶν</span> <span class='ocrx_word' id='word_1_283' title='bbox 2861 1255 3031 1309; x_wconf 80' lang='grc' dir='ltr'>ταῦτα</span> <span class='ocrx_word' id='word_1_284' title='bbox 3061 1253 3360 1324; x_wconf 78' lang='grc' dir='ltr'>νομοθετεῖ,</span> <span class='ocrx_word' id='word_1_285' title='bbox 3386 1252 3463 1304; x_wconf 86' lang='grc' dir='ltr'>ὃτι</span> <span class='ocrx_word' id='word_1_286' title='bbox 3491 1271 3505 1300; x_wconf 76' lang='grc' dir='ltr'><strong>ι</strong></span> <span class='ocrx_word' id='word_1_287' title='bbox 3528 1249 3636 1302; x_wconf 69' lang='grc' dir='ltr'>οὕτε</span> <span class='ocrx_word' id='word_1_288' title='bbox 3654 1247 3741 1300; x_wconf 80' lang='grc' dir='ltr'><strong>τῶν</strong></span> 
     </span>
    </p>
   </div>
   <div class='ocr_carea' id='block_1_42' title="bbox 2221 1339 3741 1422">
    <p class='ocr_par' dir='ltr' id='par_1_42' title="bbox 2221 1339 3741 1422">
     <span class='ocr_line' id='line_1_42' title="bbox 2221 1339 3741 1422; baseline -0.012 -16"><span class='ocrx_word' id='word_1_289' title='bbox 2221 1352 2494 1422; x_wconf 76' lang='grc' dir='ltr'>ὀνομάτων</span> <span class='ocrx_word' id='word_1_290' title='bbox 2536 1351 2569 1419; x_wconf 84' lang='grc' dir='ltr'>ἠ</span> <span class='ocrx_word' id='word_1_291' title='bbox 2602 1349 2880 1418; x_wconf 83' lang='grc' dir='ltr'>ὁμολογία,</span> <span class='ocrx_word' id='word_1_292' title='bbox 2913 1345 3034 1400; x_wconf 77' lang='grc' dir='ltr'>οὔτε</span> <span class='ocrx_word' id='word_1_293' title='bbox 3070 1345 3136 1397; x_wconf 75' lang='grc' dir='ltr'><strong>τά</strong></span> <span class='ocrx_word' id='word_1_294' title='bbox 3169 1344 3263 1410; x_wconf 78' lang='grc' dir='ltr'><strong>ἔθη</strong></span> <span class='ocrx_word' id='word_1_295' title='bbox 3303 1343 3397 1410; x_wconf 74' lang='grc' dir='ltr'>τῆς</span> <span class='ocrx_word' id='word_1_296' title='bbox 3444 1339 3741 1408; x_wconf 70' lang='grc' dir='ltr'>Ἑκκλησίας,</span> 
     </span>
    </p>
   </div>
   <div class='ocr_carea' id='block_1_43' title="bbox 2221 1430 3746 1513">
    <p class='ocr_par' dir='ltr' id='par_1_43' title="bbox 2221 1430 3746 1513">
     <span class='ocr_line' id='line_1_43' title="bbox 2221 1430 3746 1513; baseline -0.013 -16"><span class='ocrx_word' id='word_1_297' title='bbox 2221 1444 2343 1498; x_wconf 77' lang='grc' dir='ltr'>οὔτε</span> <span class='ocrx_word' id='word_1_298' title='bbox 2359 1442 2426 1496; x_wconf 87' lang='grc' dir='ltr'>τὰ</span> <span class='ocrx_word' id='word_1_299' title='bbox 2451 1440 2686 1513; x_wconf 84' lang='grc' dir='ltr'>μυστικὰ</span> <span class='ocrx_word' id='word_1_300' title='bbox 2709 1438 2948 1510; x_wconf 87' lang='grc' dir='ltr'>σύμϐολα</span> <span class='ocrx_word' id='word_1_301' title='bbox 2965 1437 3122 1507; x_wconf 86' lang='grc' dir='ltr'><strong>κυροῖ</strong></span> <span class='ocrx_word' id='word_1_302' title='bbox 3138 1435 3234 1502; x_wconf 82' lang='grc' dir='ltr'><strong>τὴν</strong></span> <span class='ocrx_word' id='word_1_303' title='bbox 3253 1432 3540 1486; x_wconf 76' lang='grc' dir='ltr'>εὐσέϐειαν.</span> <span class='ocrx_word' id='word_1_304' title='bbox 3557 1451 3571 1479; x_wconf 77' lang='grc' dir='ltr'><strong>ι</strong></span> <span class='ocrx_word' id='word_1_305' title='bbox 3589 1430 3746 1498; x_wconf 80' lang='grc' dir='ltr'>Ἡμεῖς</span> 
     </span>
    </p>
   </div>
   <div class='ocr_carea' id='block_1_44' title="bbox 2222 1521 3745 1609">
    <p class='ocr_par' dir='ltr' id='par_1_44' title="bbox 2222 1521 3745 1609">
     <span class='ocr_line' id='line_1_44' title="bbox 2222 1521 3745 1609; baseline -0.014 -16"><span class='ocrx_word' id='word_1_306' title='bbox 2222 1541 2278 1594; x_wconf 85' lang='grc' dir='ltr'>δὲ</span> <span class='ocrx_word' id='word_1_307' title='bbox 2310 1536 2685 1609; x_wconf 76' lang='grc' dir='ltr'>μεμαθηκότες</span> <span class='ocrx_word' id='word_1_308' title='bbox 2720 1533 2868 1604; x_wconf 73' lang='grc' dir='ltr'>παρὰ</span> <span class='ocrx_word' id='word_1_309' title='bbox 2907 1533 3002 1601; x_wconf 79' lang='grc' dir='ltr'>τῆς</span> <span class='ocrx_word' id='word_1_310' title='bbox 3036 1531 3196 1599; x_wconf 81' lang='grc' dir='ltr'>ἁγίας</span> <span class='ocrx_word' id='word_1_311' title='bbox 3225 1527 3427 1598; x_wconf 74' lang='grc' dir='ltr'>φωνῆς,</span> <span class='ocrx_word' id='word_1_312' title='bbox 3465 1525 3540 1576; x_wconf 77' lang='grc' dir='ltr'><strong>ὅτι</strong></span> <span class='ocrx_word' id='word_1_313' title='bbox 3563 1523 3658 1573; x_wconf 77' lang='grc' dir='ltr'>Ἂν</span> <span class='ocrx_word' id='word_1_314' title='bbox 3679 1521 3745 1589; x_wconf 74' lang='grc' dir='ltr'>μή</span> 
     </span>
    </p>
   </div>
   <div class='ocr_carea' id='block_1_45' title="bbox 2223 1616 3752 1701">
    <p class='ocr_par' dir='ltr' id='par_1_45' title="bbox 2223 1616 3752 1701">
     <span class='ocr_line' id='line_1_45' title="bbox 2223 1616 3752 1701; baseline -0.015 -15"><span class='ocrx_word' id='word_1_315' title='bbox 2223 1651 2312 1695; x_wconf 84' lang='grc' dir='ltr'><strong>τις</strong></span> <span class='ocrx_word' id='word_1_316' title='bbox 2341 1627 2600 1701; x_wconf 76' lang='grc' dir='ltr'>γεννηθῇ</span> <span class='ocrx_word' id='word_1_317' title='bbox 2625 1627 2852 1679; x_wconf 81' lang='grc' dir='ltr'>ἀνωθεν</span> <span class='ocrx_word' id='word_1_318' title='bbox 2875 1624 2946 1677; x_wconf 81' lang='grc' dir='ltr'>δι’</span> <span class='ocrx_word' id='word_1_319' title='bbox 2979 1622 3194 1686; x_wconf 83' lang='grc' dir='ltr'>ὕδατος</span> <span class='ocrx_word' id='word_1_320' title='bbox 3220 1620 3316 1674; x_wconf 78' lang='grc' dir='ltr'>καὶ</span> <span class='ocrx_word' id='word_1_321' title='bbox 3337 1618 3673 1683; x_wconf 64' lang='lat' dir='ltr'><strong>[It-stipatae.</strong></span> <span class='ocrx_word' id='word_1_322' title='bbox 3695 1616 3752 1666; x_wconf 61' lang='lat' dir='ltr'><strong>of:</strong></span> 
     </span>
    </p>
   </div>
   <div class='ocr_carea' id='block_1_46' title="bbox 2220 1701 3752 1792">
    <p class='ocr_par' dir='ltr' id='par_1_46' title="bbox 2220 1701 3752 1792">
     <span class='ocr_line' id='line_1_46' title="bbox 2220 1701 3752 1792; baseline -0.02 -13"><span class='ocrx_word' id='word_1_323' title='bbox 2220 1724 2305 1792; x_wconf 78' lang='grc' dir='ltr'><strong>μὴ</strong></span> <span class='ocrx_word' id='word_1_324' title='bbox 2348 1721 2589 1787; x_wconf 76' lang='grc' dir='ltr'>εὶσέλθῃ</span> <span class='ocrx_word' id='word_1_325' title='bbox 2625 1720 2711 1783; x_wconf 85' lang='grc' dir='ltr'><strong>είς</strong></span> <span class='ocrx_word' id='word_1_326' title='bbox 2742 1717 2856 1783; x_wconf 76' lang='grc' dir='ltr'><strong>τὴν</strong></span> <span class='ocrx_word' id='word_1_327' title='bbox 2889 1714 3217 1780; x_wconf 69' lang='grc' dir='ltr'>βασιλείαν</span> <span class='ocrx_word' id='word_1_328' title='bbox 3245 1710 3349 1765; x_wconf 80' lang='grc' dir='ltr'>τοῦ</span> <span class='ocrx_word' id='word_1_329' title='bbox 3383 1707 3543 1765; x_wconf 68' lang='grc' dir='ltr'>Θεοῦ,</span> <span class='ocrx_word' id='word_1_330' title='bbox 3586 1701 3666 1755; x_wconf 68' lang='grc' dir='ltr'><strong>καὶ</strong></span> <span class='ocrx_word' id='word_1_331' title='bbox 3685 1701 3752 1792; x_wconf 79' lang='grc' dir='ltr'><strong>ὅτι</strong></span> 
     </span>
    </p>
   </div>
   <div class='ocr_carea' id='block_1_47' title="bbox 2237 1790 3755 1882">
    <p class='ocr_par' dir='ltr' id='par_1_47' title="bbox 2237 1790 3755 1882">
     <span class='ocr_line' id='line_1_47' title="bbox 2237 1790 3755 1882; baseline -0.018 -13"><span class='ocrx_word' id='word_1_332' title='bbox 2237 1790 2302 1869; x_wconf 74' lang='grc' dir='ltr'><strong><em>Ὅ</em></strong></span> <span class='ocrx_word' id='word_1_333' title='bbox 2349 1812 2578 1882; x_wconf 68' lang='grc' dir='ltr'>τρώγων</span> <span class='ocrx_word' id='word_1_334' title='bbox 2623 1827 2739 1878; x_wconf 82' lang='grc' dir='ltr'><strong>μου</strong></span> <span class='ocrx_word' id='word_1_335' title='bbox 2785 1808 2900 1873; x_wconf 81' lang='grc' dir='ltr'>τὴν</span> <span class='ocrx_word' id='word_1_336' title='bbox 2944 1805 3173 1874; x_wconf 78' lang='grc' dir='ltr'>σάρκα,</span> <span class='ocrx_word' id='word_1_337' title='bbox 3218 1802 3314 1856; x_wconf 79' lang='grc' dir='ltr'>καὶ</span> <span class='ocrx_word' id='word_1_338' title='bbox 3348 1803 3531 1853; x_wconf 74' lang='grc' dir='ltr'>πίνων</span> <span class='ocrx_word' id='word_1_339' title='bbox 3561 1813 3664 1864; x_wconf 81' lang='grc' dir='ltr'><strong>μου</strong></span> <span class='ocrx_word' id='word_1_340' title='bbox 3701 1790 3755 1882; x_wconf 74' lang='grc' dir='ltr'>τὸ</span> 
     </span>
    </p>
   </div>
   <div class='ocr_carea' id='block_1_48' title="bbox 2227 1881 3754 1973">
    <p class='ocr_par' dir='ltr' id='par_1_48' title="bbox 2227 1881 3754 1973">
     <span class='ocr_line' id='line_1_48' title="bbox 2227 1881 3754 1973; baseline -0.016 -16"><span class='ocrx_word' id='word_1_341' title='bbox 2227 1881 2387 1973; x_wconf 72' lang='grc' dir='ltr'>αἷμα,</span> <span class='ocrx_word' id='word_1_342' title='bbox 2427 1881 2654 1964; x_wconf 62' lang='grc' dir='ltr'>ἐκεῖνος</span> <span class='ocrx_word' id='word_1_343' title='bbox 2679 1897 2912 1965; x_wconf 77' lang='grc' dir='ltr'>ζήσεται</span> <span class='ocrx_word' id='word_1_344' title='bbox 2946 1899 3032 1962; x_wconf 79' lang='grc' dir='ltr'><strong>είς</strong></span> <span class='ocrx_word' id='word_1_345' title='bbox 3064 1895 3175 1948; x_wconf 77' lang='grc' dir='ltr'>τὸν</span> <span class='ocrx_word' id='word_1_346' title='bbox 3207 1893 3410 1946; x_wconf 77' lang='grc' dir='ltr'>αἰῶνα·</span> <span class='ocrx_word' id='word_1_347' title='bbox 3457 1881 3754 1952; x_wconf 75' lang='grc' dir='ltr'>πεπείσμεθα</span> 
     </span>
    </p>
   </div>
   <div class='ocr_carea' id='block_1_49' title="bbox 2226 1976 3758 2068">
    <p class='ocr_par' dir='ltr' id='par_1_49' title="bbox 2226 1976 3758 2068">
     <span class='ocr_line' id='line_1_49' title="bbox 2226 1976 3758 2068; baseline -0.015 -19"><span class='ocrx_word' id='word_1_348' title='bbox 2226 1999 2292 2068; x_wconf 83' lang='grc' dir='ltr'>τῇ</span> <span class='ocrx_word' id='word_1_349' title='bbox 2324 1993 2580 2066; x_wconf 71' lang='grc' dir='ltr'>ὁμολογίᾳ</span> <span class='ocrx_word' id='word_1_350' title='bbox 2612 1990 2716 2044; x_wconf 86' lang='grc' dir='ltr'><strong>τῶν</strong></span> <span class='ocrx_word' id='word_1_351' title='bbox 2753 1989 2910 2043; x_wconf 85' lang='grc' dir='ltr'>θείων</span> <span class='ocrx_word' id='word_1_352' title='bbox 2936 1988 3239 2059; x_wconf 83' lang='grc' dir='ltr'>ὀνομάτων,</span> <span class='ocrx_word' id='word_1_353' title='bbox 3287 1982 3494 2053; x_wconf 77' lang='grc' dir='ltr'>Πατρδς</span> <span class='ocrx_word' id='word_1_354' title='bbox 3531 1979 3659 2045; x_wconf 85' lang='grc' dir='ltr'>λέγω</span> <span class='ocrx_word' id='word_1_355' title='bbox 3685 1976 3758 2027; x_wconf 76' lang='grc' dir='ltr'>καὶ</span> 
     </span>
    </p>
   </div>
   <div class='ocr_carea' id='block_1_50' title="bbox 2228 2068 3761 2153">
    <p class='ocr_par' dir='ltr' id='par_1_50' title="bbox 2228 2068 3761 2153">
     <span class='ocr_line' id='line_1_50' title="bbox 2228 2068 3761 2153; baseline -0.016 -11"><span class='ocrx_word' id='word_1_356' title='bbox 2228 2089 2384 2149; x_wconf 73' lang='grc' dir='ltr'>Υἱοῦ,</span> <span class='ocrx_word' id='word_1_357' title='bbox 2411 2089 2504 2139; x_wconf 72' lang='grc' dir='ltr'><strong>καὶ</strong></span> <span class='ocrx_word' id='word_1_358' title='bbox 2533 2083 2844 2153; x_wconf 85' lang='grc' dir='ltr'>Πνεύματος</span> <span class='ocrx_word' id='word_1_359' title='bbox 2885 2081 3059 2148; x_wconf 86' lang='grc' dir='ltr'>ἁγίου,</span> <span class='ocrx_word' id='word_1_360' title='bbox 3092 2077 3396 2149; x_wconf 80' lang='grc' dir='ltr'>κυροῦσθαι</span> <span class='ocrx_word' id='word_1_361' title='bbox 3427 2074 3486 2126; x_wconf 78' lang='grc' dir='ltr'><strong>τδ</strong></span> <span class='ocrx_word' id='word_1_362' title='bbox 3516 2071 3606 2139; x_wconf 70' lang='grc' dir='ltr'>τῆς</span> <span class='ocrx_word' id='word_1_363' title='bbox 3635 2068 3761 2120; x_wconf 73' lang='grc' dir='ltr'>εὗσε-</span> 
     </span>
    </p>
   </div>
   <div class='ocr_carea' id='block_1_51' title="bbox 2229 2157 3764 2246">
    <p class='ocr_par' dir='ltr' id='par_1_51' title="bbox 2229 2157 3764 2246">
     <span class='ocr_line' id='line_1_51' title="bbox 2229 2157 3764 2246; baseline -0.015 -15"><span class='ocrx_word' id='word_1_364' title='bbox 2229 2179 2380 2239; x_wconf 85' lang='grc' dir='ltr'>ϐείας</span> <span class='ocrx_word' id='word_1_365' title='bbox 2414 2177 2728 2246; x_wconf 82' lang='grc' dir='ltr'>μυστήριον,</span> <span class='ocrx_word' id='word_1_366' title='bbox 2765 2175 2856 2227; x_wconf 77' lang='grc' dir='ltr'><strong>καὶ</strong></span> <span class='ocrx_word' id='word_1_367' title='bbox 2884 2175 2948 2243; x_wconf 84' lang='grc' dir='ltr'>τῇ</span> <span class='ocrx_word' id='word_1_368' title='bbox 2994 2170 3102 2224; x_wconf 88' lang='grc' dir='ltr'><strong>τῶν</strong></span> <span class='ocrx_word' id='word_1_369' title='bbox 3150 2165 3434 2240; x_wconf 80' lang='grc' dir='ltr'>μυστικῶν</span> <span class='ocrx_word' id='word_1_370' title='bbox 3465 2163 3590 2216; x_wconf 83' lang='grc' dir='ltr'>ἐθῶν</span> <span class='ocrx_word' id='word_1_371' title='bbox 3613 2177 3664 2211; x_wconf 87' lang='grc' dir='ltr'><strong>τε</strong></span> <span class='ocrx_word' id='word_1_372' title='bbox 3689 2157 3764 2210; x_wconf 66' lang='grc' dir='ltr'><strong>καὶ</strong></span> 
     </span>
    </p>
   </div>
   <div class='ocr_carea' id='block_1_52' title="bbox 2231 2248 3764 2338">
    <p class='ocr_par' dir='ltr' id='par_1_52' title="bbox 2231 2248 3764 2338">
     <span class='ocr_line' id='line_1_52' title="bbox 2231 2248 3764 2338; baseline -0.014 -17"><span class='ocrx_word' id='word_1_373' title='bbox 2231 2267 2510 2338; x_wconf 88' lang='grc' dir='ltr'>συμϐόλων</span> <span class='ocrx_word' id='word_1_374' title='bbox 2553 2265 2805 2335; x_wconf 78' lang='grc' dir='ltr'>κοινωνίᾳ</span> <span class='ocrx_word' id='word_1_375' title='bbox 2833 2263 2925 2334; x_wconf 84' lang='grc' dir='ltr'>τὴν</span> <span class='ocrx_word' id='word_1_376' title='bbox 2964 2261 3248 2331; x_wconf 78' lang='grc' dir='ltr'>σωτηρίαν</span> <span class='ocrx_word' id='word_1_377' title='bbox 3291 2253 3650 2328; x_wconf 83' lang='grc' dir='ltr'>κρατύνεσθαι.</span> <span class='ocrx_word' id='word_1_378' title='bbox 3687 2248 3764 2300; x_wconf 77' lang='grc' dir='ltr'><strong>Δό-</strong></span> 
     </span>
    </p>
   </div>
   <div class='ocr_carea' id='block_1_53' title="bbox 2228 2339 3768 2427">
    <p class='ocr_par' dir='ltr' id='par_1_53' title="bbox 2228 2339 3768 2427">
     <span class='ocr_line' id='line_1_53' title="bbox 2228 2339 3768 2427; baseline -0.013 -15"><span class='ocrx_word' id='word_1_379' title='bbox 2228 2375 2414 2427; x_wconf 89' lang='grc' dir='ltr'>γματα</span> <span class='ocrx_word' id='word_1_380' title='bbox 2441 2358 2496 2409; x_wconf 79' lang='grc' dir='ltr'>δὲ</span> <span class='ocrx_word' id='word_1_381' title='bbox 2543 2356 2608 2409; x_wconf 81' lang='grc' dir='ltr'>δι’</span> <span class='ocrx_word' id='word_1_382' title='bbox 2643 2354 2955 2424; x_wconf 84' lang='grc' dir='ltr'>ἐπιμελείας</span> <span class='ocrx_word' id='word_1_383' title='bbox 2987 2355 3079 2406; x_wconf 71' lang='grc' dir='ltr'><strong>καὶ</strong></span> <span class='ocrx_word' id='word_1_384' title='bbox 3107 2354 3224 2415; x_wconf 86' lang='grc' dir='ltr'>τοῖς</span> <span class='ocrx_word' id='word_1_385' title='bbox 3257 2349 3362 2414; x_wconf 71' lang='grc' dir='ltr'>ἔξω</span> <span class='ocrx_word' id='word_1_386' title='bbox 3394 2346 3484 2400; x_wconf 76' lang='grc' dir='ltr'><strong>τοῦ</strong></span> <span class='ocrx_word' id='word_1_387' title='bbox 3515 2339 3768 2414; x_wconf 76' lang='grc' dir='ltr'>μυστηρίου</span> 
     </span>
    </p>
   </div>
   <div class='ocr_carea' id='block_1_54' title="bbox 2230 2428 3768 2517">
    <p class='ocr_par' dir='ltr' id='par_1_54' title="bbox 2230 2428 3768 2517">
     <span class='ocr_line' id='line_1_54' title="bbox 2230 2428 3768 2517; baseline -0.016 -14"><span class='ocrx_word' id='word_1_388' title='bbox 2230 2449 2485 2512; x_wconf 81' lang='grc' dir='ltr'>πολλάκις</span> <span class='ocrx_word' id='word_1_389' title='bbox 2515 2447 2801 2517; x_wconf 76' lang='grc' dir='ltr'>ἐξήτασται</span> <span class='ocrx_word' id='word_1_390' title='bbox 2829 2462 2840 2473; x_wconf 93' lang='grc'><strong>·</strong></span> <span class='ocrx_word' id='word_1_391' title='bbox 2880 2444 2971 2496; x_wconf 72' lang='grc' dir='ltr'>καὶ</span> <span class='ocrx_word' id='word_1_392' title='bbox 3004 2441 3221 2495; x_wconf 84' lang='grc' dir='ltr'>πολλῶν</span> <span class='ocrx_word' id='word_1_393' title='bbox 3248 2441 3401 2494; x_wconf 75' lang='grc' dir='ltr'>ἐστιν</span> <span class='ocrx_word' id='word_1_394' title='bbox 3434 2434 3634 2490; x_wconf 82' lang='grc' dir='ltr'>ἀκούειν</span> <span class='ocrx_word' id='word_1_395' title='bbox 3660 2428 3768 2482; x_wconf 64' lang='lat'><strong>67:6-</strong></span> 
     </span>
    </p>
   </div>
   <div class='ocr_carea' id='block_1_55' title="bbox 2230 2523 3770 2604">
    <p class='ocr_par' dir='ltr' id='par_1_55' title="bbox 2230 2523 3770 2604">
     <span class='ocr_line' id='line_1_55' title="bbox 2230 2523 3770 2604; baseline -0.016 -8"><span class='ocrx_word' id='word_1_396' title='bbox 2230 2544 2376 2597; x_wconf 87' lang='grc' dir='ltr'>θεσιν</span> <span class='ocrx_word' id='word_1_397' title='bbox 2409 2543 2620 2603; x_wconf 82' lang='grc' dir='ltr'>ἑαυτοῖς</span> <span class='ocrx_word' id='word_1_398' title='bbox 2648 2541 2727 2602; x_wconf 84' lang='grc' dir='ltr'><strong>είς</strong></span> <span class='ocrx_word' id='word_1_399' title='bbox 2752 2538 2924 2604; x_wconf 88' lang='grc' dir='ltr'>λόγων</span> <span class='ocrx_word' id='word_1_400' title='bbox 2959 2534 3188 2604; x_wconf 74' lang='grc' dir='ltr'>ἅμιλλαν</span> <span class='ocrx_word' id='word_1_401' title='bbox 3231 2532 3292 2585; x_wconf 82' lang='grc' dir='ltr'><strong>τδ</strong></span> <span class='ocrx_word' id='word_1_402' title='bbox 3335 2529 3595 2600; x_wconf 77' lang='grc' dir='ltr'>ἡμέτερον</span> <span class='ocrx_word' id='word_1_403' title='bbox 3625 2523 3770 2589; x_wconf 67' lang='grc' dir='ltr'>δόγμα</span> 
     </span>
    </p>
   </div>
   <div class='ocr_carea' id='block_1_56' title="bbox 2231 2619 3768 2705">
    <p class='ocr_par' dir='ltr' id='par_1_56' title="bbox 2231 2619 3768 2705">
     <span class='ocr_line' id='line_1_56' title="bbox 2231 2619 3768 2705; baseline -0.014 -18"><span class='ocrx_word' id='word_1_404' title='bbox 2231 2632 2682 2705; x_wconf 88' lang='grc' dir='ltr'>προϐαλλομένων</span> <span class='ocrx_word' id='word_1_405' title='bbox 2701 2647 2713 2659; x_wconf 91' lang='grc'><strong>·</strong></span> <span class='ocrx_word' id='word_1_406' title='bbox 2767 2628 2860 2682; x_wconf 83' lang='grc' dir='ltr'><strong>καί</strong></span> <span class='ocrx_word' id='word_1_407' title='bbox 2892 2643 3042 2688; x_wconf 90' lang='grc' dir='ltr'>τινας</span> <span class='ocrx_word' id='word_1_408' title='bbox 3067 2625 3274 2688; x_wconf 77' lang='grc' dir='ltr'>αὐτῶν,</span> <span class='ocrx_word' id='word_1_409' title='bbox 3311 2625 3406 2676; x_wconf 72' lang='grc' dir='ltr'>καὶ</span> <span class='ocrx_word' id='word_1_410' title='bbox 3437 2619 3552 2674; x_wconf 73' lang='grc' dir='ltr'>κατ’</span> <span class='ocrx_word' id='word_1_411' title='bbox 3583 2621 3768 2705; x_wconf 59' lang='grc' dir='ltr'>ἐπιτυγ-</span> 
     </span>
    </p>
   </div>
   <div class='ocr_carea' id='block_1_57' title="bbox 2232 2697 3774 2792">
    <p class='ocr_par' dir='ltr' id='par_1_57' title="bbox 2232 2697 3774 2792">
     <span class='ocr_line' id='line_1_57' title="bbox 2232 2697 3774 2792; baseline -0.017 -16"><span class='ocrx_word' id='word_1_412' title='bbox 2232 2697 2638 2792; x_wconf 41' lang='grc' dir='ltr'>χάνοντας-τῆς</span> <span class='ocrx_word' id='word_1_413' title='bbox 2674 2717 2932 2788; x_wconf 80' lang='grc' dir='ltr'>ἀληθείας</span> <span class='ocrx_word' id='word_1_414' title='bbox 2977 2714 3268 2778; x_wconf 83' lang='grc' dir='ltr'>πολλάκις,</span> <span class='ocrx_word' id='word_1_415' title='bbox 3315 2711 3412 2767; x_wconf 76' lang='grc' dir='ltr'>καὶ</span> <span class='ocrx_word' id='word_1_416' title='bbox 3456 2707 3599 2763; x_wconf 76' lang='grc' dir='ltr'>οὐδὲν</span> <span class='ocrx_word' id='word_1_417' title='bbox 3641 2697 3774 2774; x_wconf 77' lang='grc' dir='ltr'>ἦττον</span> 
     </span>
    </p>
   </div>
   <div class='ocr_carea' id='block_1_58' title="bbox 2229 2801 3775 2884">
    <p class='ocr_par' dir='ltr' id='par_1_58' title="bbox 2229 2801 3775 2884">
     <span class='ocr_line' id='line_1_58' title="bbox 2229 2801 3775 2884; baseline -0.014 -18"><span class='ocrx_word' id='word_1_418' title='bbox 2229 2811 2691 2884; x_wconf 70' lang='grc' dir='ltr'>ὴλλοτριωμένους</span> <span class='ocrx_word' id='word_1_419' title='bbox 2719 2810 2816 2880; x_wconf 83' lang='grc' dir='ltr'>τῆς</span> <span class='ocrx_word' id='word_1_420' title='bbox 2867 2808 3119 2869; x_wconf 86' lang='grc' dir='ltr'>πίστεως.</span> <span class='ocrx_word' id='word_1_421' title='bbox 3167 2804 3397 2874; x_wconf 80' lang='grc' dir='ltr'>Ἐπειδὴ</span> <span class='ocrx_word' id='word_1_422' title='bbox 3436 2801 3606 2856; x_wconf 82' lang='grc' dir='ltr'>τοίνυν</span> <span class='ocrx_word' id='word_1_423' title='bbox 3639 2809 3775 2849; x_wconf 79' lang='grc' dir='ltr'>κατα-</span> 
     </span>
    </p>
   </div>
   <div class='ocr_carea' id='block_1_59' title="bbox 2233 2884 3778 2976">
    <p class='ocr_par' dir='ltr' id='par_1_59' title="bbox 2233 2884 3778 2976">
     <span class='ocr_line' id='line_1_59' title="bbox 2233 2884 3778 2976; baseline -0.013 -19"><span class='ocrx_word' id='word_1_424' title='bbox 2233 2907 2419 2976; x_wconf 84' lang='grc' dir='ltr'>φρονεῖ</span> <span class='ocrx_word' id='word_1_425' title='bbox 2455 2903 2551 2974; x_wconf 77' lang='grc' dir='ltr'><strong>μὲν</strong></span> <span class='ocrx_word' id='word_1_426' title='bbox 2577 2903 2682 2956; x_wconf 87' lang='grc' dir='ltr'><strong>τῶν</strong></span> <span class='ocrx_word' id='word_1_427' title='bbox 2715 2900 2926 2969; x_wconf 85' lang='grc' dir='ltr'>σεμνῶν</span> <span class='ocrx_word' id='word_1_428' title='bbox 2957 2899 3264 2970; x_wconf 82' lang='grc' dir='ltr'>ὀνομάτων,</span> <span class='ocrx_word' id='word_1_429' title='bbox 3298 2899 3364 2951; x_wconf 86' lang='grc' dir='ltr'>δι’</span> <span class='ocrx_word' id='word_1_430' title='bbox 3397 2890 3470 2949; x_wconf 72' lang='grc' dir='ltr'>ὧν</span> <span class='ocrx_word' id='word_1_431' title='bbox 3496 2894 3587 2962; x_wconf 78' lang='grc' dir='ltr'><strong>τῆς</strong></span> <span class='ocrx_word' id='word_1_432' title='bbox 3609 2884 3778 2943; x_wconf 83' lang='grc' dir='ltr'>θειοτέ-</span> 
     </span>
    </p>
   </div>
   <div class='ocr_carea' id='block_1_60' title="bbox 2237 2991 3779 3068">
    <p class='ocr_par' dir='ltr' id='par_1_60' title="bbox 2237 2991 3779 3068">
     <span class='ocr_line' id='line_1_60' title="bbox 2237 2991 3779 3068; baseline -0.016 -15"><span class='ocrx_word' id='word_1_433' title='bbox 2237 3016 2335 3068; x_wconf 91' lang='grc' dir='ltr'><strong>ρας</strong></span> <span class='ocrx_word' id='word_1_434' title='bbox 2363 2998 2664 3066; x_wconf 81' lang='grc' dir='ltr'>γεννήσεως</span> <span class='ocrx_word' id='word_1_435' title='bbox 2695 2997 2727 3064; x_wconf 83' lang='grc' dir='ltr'>ἡ</span> <span class='ocrx_word' id='word_1_436' title='bbox 2756 2994 2982 3062; x_wconf 85' lang='grc' dir='ltr'>δύναμις</span> <span class='ocrx_word' id='word_1_437' title='bbox 3007 2995 3118 3055; x_wconf 84' lang='grc' dir='ltr'>τοῖς</span> <span class='ocrx_word' id='word_1_438' title='bbox 3141 2991 3240 3046; x_wconf 77' lang='grc' dir='ltr'>διὰ</span> <span class='ocrx_word' id='word_1_439' title='bbox 3272 2991 3509 3050; x_wconf 84' lang='grc' dir='ltr'>πίστεως</span> <span class='ocrx_word' id='word_1_440' title='bbox 3539 2994 3779 3055; x_wconf 84' lang='grc' dir='ltr'>μετιονσιν</span> 
     </span>
    </p>
   </div>
   <div class='ocr_carea' id='block_1_61' title="bbox 2233 3073 3779 3160">
    <p class='ocr_par' dir='ltr' id='par_1_61' title="bbox 2233 3073 3779 3160">
     <span class='ocr_line' id='line_1_61' title="bbox 2233 3073 3779 3160; baseline -0.016 -17"><span class='ocrx_word' id='word_1_441' title='bbox 2233 3091 2330 3160; x_wconf 80' lang='grc' dir='ltr'><strong>τὴν</strong></span> <span class='ocrx_word' id='word_1_442' title='bbox 2355 3091 2512 3159; x_wconf 82' lang='grc' dir='ltr'>χάριν</span> <span class='ocrx_word' id='word_1_443' title='bbox 2541 3087 2711 3156; x_wconf 80' lang='grc' dir='ltr'>νέμει,</span> <span class='ocrx_word' id='word_1_444' title='bbox 2743 3085 2972 3154; x_wconf 77' lang='grc' dir='ltr'>περιορᾷ</span> <span class='ocrx_word' id='word_1_445' title='bbox 2998 3083 3054 3136; x_wconf 78' lang='grc' dir='ltr'><strong>δὲ</strong></span> <span class='ocrx_word' id='word_1_446' title='bbox 3084 3082 3186 3152; x_wconf 80' lang='grc' dir='ltr'><strong>τὴν</strong></span> <span class='ocrx_word' id='word_1_447' title='bbox 3221 3082 3334 3135; x_wconf 85' lang='grc' dir='ltr'><strong>τῶν</strong></span> <span class='ocrx_word' id='word_1_448' title='bbox 3377 3073 3638 3150; x_wconf 82' lang='grc' dir='ltr'>μυστικῶν</span> <span class='ocrx_word' id='word_1_449' title='bbox 3669 3084 3779 3160; x_wconf 78' lang='grc' dir='ltr'>συμ-</span> 
     </span>
    </p>
   </div>
   <div class='ocr_carea' id='block_1_62' title="bbox 567 3157 2129 3270">
    <p class='ocr_par' dir='ltr' id='par_1_62' title="bbox 567 3178 2129 3248">
     <span class='ocr_line' id='line_1_62' title="bbox 567 3178 2129 3248; baseline 0.003 -20"><span class='ocrx_word' id='word_1_450' title='bbox 567 3185 907 3244; x_wconf 85' lang='lat' dir='ltr'><strong>aspernatur,</strong></span> <span class='ocrx_word' id='word_1_451' title='bbox 941 3191 1035 3247; x_wconf 89' lang='lat' dir='ltr'><strong>per</strong></span> <span class='ocrx_word' id='word_1_452' title='bbox 1062 3193 1181 3246; x_wconf 81' lang='lat' dir='ltr'><strong>qme</strong></span> <span class='ocrx_word' id='word_1_453' title='bbox 1210 3178 1498 3233; x_wconf 89' lang='lat' dir='ltr'><strong>divinioris</strong></span> <span class='ocrx_word' id='word_1_454' title='bbox 1551 3181 1916 3248; x_wconf 61' lang='lat' dir='ltr'><strong>generationis</strong></span> <span class='ocrx_word' id='word_1_455' title='bbox 1956 3180 2129 3234; x_wconf 73' lang='lat' dir='ltr'><strong>virtus</strong></span> 
     </span>
    </p>
   </div>
   <div class='ocr_carea' id='block_1_63' title="bbox 2235 3157 3784 3270">
    <p class='ocr_par' dir='ltr' id='par_1_63' title="bbox 2237 3157 3784 3270">
     <span class='ocr_line' id='line_1_63' title="bbox 2237 3157 3784 3270; baseline -0.012 -36"><span class='ocrx_word' id='word_1_456' title='bbox 2237 3157 2406 3234; x_wconf 78' lang='grc' dir='ltr'>ϐὀλων</span> <span class='ocrx_word' id='word_1_457' title='bbox 2430 3157 2488 3231; x_wconf 80' lang='grc' dir='ltr'><strong>τε</strong></span> <span class='ocrx_word' id='word_1_458' title='bbox 2515 3177 2608 3230; x_wconf 75' lang='grc' dir='ltr'><strong>καὶ</strong></span> <span class='ocrx_word' id='word_1_459' title='bbox 2641 3177 2775 3229; x_wconf 86' lang='grc' dir='ltr'>ἐθῶν</span> <span class='ocrx_word' id='word_1_460' title='bbox 2813 3174 3110 3232; x_wconf 83' lang='grc' dir='ltr'>κοινωνίαν,</span> <span class='ocrx_word' id='word_1_461' title='bbox 3139 3174 3205 3224; x_wconf 81' lang='grc' dir='ltr'>ὲν</span> <span class='ocrx_word' id='word_1_462' title='bbox 3233 3169 3318 3236; x_wconf 72' lang='grc' dir='ltr'>οἷς</span> <span class='ocrx_word' id='word_1_463' title='bbox 3347 3175 3374 3224; x_wconf 89' lang='grc' dir='ltr'><strong>ὀ</strong></span> <span class='ocrx_word' id='word_1_464' title='bbox 3405 3157 3784 3270; x_wconf 56' lang='grc' dir='ltr'>Χριστιανισμξὶς</span> 
     </span>
    </p>
   </div>
   <div class='ocr_carea' id='block_1_64' title="bbox 567 3266 2131 3340">
    <p class='ocr_par' dir='ltr' id='par_1_64' title="bbox 567 3266 2131 3340">
     <span class='ocr_line' id='line_1_64' title="bbox 567 3266 2131 3340; baseline 0.004 -23"><span class='ocrx_word' id='word_1_465' title='bbox 567 3266 1019 3336; x_wconf 85' lang='lat' dir='ltr'><strong>participantibus</strong></span> <span class='ocrx_word' id='word_1_466' title='bbox 1047 3284 1143 3337; x_wconf 89' lang='lat' dir='ltr'><strong>per</strong></span> <span class='ocrx_word' id='word_1_467' title='bbox 1175 3269 1327 3324; x_wconf 83' lang='lat' dir='ltr'><strong>fidem</strong></span> <span class='ocrx_word' id='word_1_468' title='bbox 1364 3271 1590 3333; x_wconf 72' lang='lat' dir='ltr'><strong>gratiam</strong></span> <span class='ocrx_word' id='word_1_469' title='bbox 1629 3272 1823 3326; x_wconf 91' lang='lat' dir='ltr'><strong>trilmit</strong></span> <span class='ocrx_word' id='word_1_470' title='bbox 1853 3289 1868 3334; x_wconf 87' lang='lat'><strong>;</strong></span> <span class='ocrx_word' id='word_1_471' title='bbox 1902 3271 2131 3340; x_wconf 91' lang='lat' dir='ltr'><strong>despicit</strong></span> 
     </span>
    </p>
   </div>
   <div class='ocr_carea' id='block_1_65' title="bbox 567 3359 2130 3429">
    <p class='ocr_par' dir='ltr' id='par_1_65' title="bbox 567 3359 2130 3429">
     <span class='ocr_line' id='line_1_65' title="bbox 567 3359 2130 3429; baseline 0.001 -19"><span class='ocrx_word' id='word_1_472' title='bbox 567 3365 745 3412; x_wconf 79' lang='lat' dir='ltr'><strong>autem</strong></span> <span class='ocrx_word' id='word_1_473' title='bbox 808 3360 1160 3429; x_wconf 87' lang='lat' dir='ltr'><strong>mysticorum</strong></span> <span class='ocrx_word' id='word_1_474' title='bbox 1222 3359 1589 3429; x_wconf 86' lang='lat' dir='ltr'><strong>symbolorum</strong></span> <span class='ocrx_word' id='word_1_475' title='bbox 1649 3370 1701 3413; x_wconf 92' lang='lat' dir='ltr'><strong>et</strong></span> <span class='ocrx_word' id='word_1_476' title='bbox 1736 3363 1937 3414; x_wconf 90' lang='lat' dir='ltr'><strong>rituum</strong></span> <span class='ocrx_word' id='word_1_477' title='bbox 1978 3374 2130 3414; x_wconf 91' lang='lat' dir='ltr'><strong>com-</strong></span> 
     </span>
    </p>
   </div>
   <div class='ocr_carea' id='block_1_66' title="bbox 567 3449 2128 3519">
    <p class='ocr_par' dir='ltr' id='par_1_66' title="bbox 567 3449 2128 3519">
     <span class='ocr_line' id='line_1_66' title="bbox 567 3449 2128 3519; baseline 0.001 -18"><span class='ocrx_word' id='word_1_478' title='bbox 567 3449 898 3512; x_wconf 80' lang='lat' dir='ltr'><strong>munionem,</strong></span> <span class='ocrx_word' id='word_1_479' title='bbox 933 3451 984 3503; x_wconf 91' lang='lat' dir='ltr'><strong>in</strong></span> <span class='ocrx_word' id='word_1_480' title='bbox 1020 3450 1219 3519; x_wconf 86' lang='lat' dir='ltr'><strong>quibus</strong></span> <span class='ocrx_word' id='word_1_481' title='bbox 1255 3451 1707 3506; x_wconf 87' lang='lat' dir='ltr'><strong>Christianismus</strong></span> <span class='ocrx_word' id='word_1_482' title='bbox 1754 3451 1918 3506; x_wconf 90' lang='lat' dir='ltr'><strong>robur</strong></span> <span class='ocrx_word' id='word_1_483' title='bbox 1949 3451 2128 3512; x_wconf 87' lang='lat' dir='ltr'><strong>habet,</strong></span> 
     </span>
    </p>
   </div>
   <div class='ocr_carea' id='block_1_67' title="bbox 566 3540 2133 3613">
    <p class='ocr_par' dir='ltr' id='par_1_67' title="bbox 566 3540 2133 3613">
     <span class='ocr_line' id='line_1_67' title="bbox 566 3540 2133 3613; baseline 0.003 -21"><span class='ocrx_word' id='word_1_484' title='bbox 566 3541 699 3593; x_wconf 89' lang='lat' dir='ltr'><strong>illud</strong></span> <span class='ocrx_word' id='word_1_485' title='bbox 738 3540 1020 3610; x_wconf 67' lang='lat' dir='ltr'><strong>Pmplie-ta:</strong></span> <span class='ocrx_word' id='word_1_486' title='bbox 1044 3543 1316 3601; x_wconf 86' lang='lat' dir='ltr'><strong>dicamus.</strong></span> <span class='ocrx_word' id='word_1_487' title='bbox 1352 3543 1631 3610; x_wconf 89' lang='lat' dir='ltr'><strong>paululum</strong></span> <span class='ocrx_word' id='word_1_488' title='bbox 1665 3543 1894 3613; x_wconf 76' lang='lat' dir='ltr'><strong>digressi</strong></span> <span class='ocrx_word' id='word_1_489' title='bbox 1942 3544 2005 3598; x_wconf 92' lang='lat' dir='ltr'><strong>ad</strong></span> <span class='ocrx_word' id='word_1_490' title='bbox 2038 3560 2133 3597; x_wconf 91' lang='lat' dir='ltr'><strong>au-</strong></span> 
     </span>
    </p>
   </div>
   <div class='ocr_carea' id='block_1_68' title="bbox 569 3630 2132 3704">
    <p class='ocr_par' dir='ltr' id='par_1_68' title="bbox 569 3630 2132 3704">
     <span class='ocr_line' id='line_1_68' title="bbox 569 3630 2132 3704; baseline 0.003 -22"><span class='ocrx_word' id='word_1_491' title='bbox 569 3630 775 3684; x_wconf 87' lang='lat' dir='ltr'><strong>ditores</strong></span> <span class='ocrx_word' id='word_1_492' title='bbox 810 3631 1013 3686; x_wconf 84' lang='lat' dir='ltr'><strong>erroris</strong></span> <span class='ocrx_word' id='word_1_493' title='bbox 1057 3639 1110 3685; x_wconf 86' lang='lat' dir='ltr'><strong>et</strong></span> <span class='ocrx_word' id='word_1_494' title='bbox 1170 3633 1523 3702; x_wconf 66' lang='lat' dir='ltr'><strong>imposturae:</strong></span> <span class='ocrx_word' id='word_1_495' title='bbox 1584 3633 1867 3704; x_wconf 83' lang='lat' dir='ltr'><strong>Quousque</strong></span> <span class='ocrx_word' id='word_1_496' title='bbox 1922 3634 2132 3689; x_wconf 82' lang='lat' dir='ltr'><strong>tandem</strong></span> 
     </span>
    </p>
   </div>
   <div class='ocr_carea' id='block_1_69' title="bbox 569 3723 2132 3796">
    <p class='ocr_par' dir='ltr' id='par_1_69' title="bbox 569 3723 2132 3796">
     <span class='ocr_line' id='line_1_69' title="bbox 569 3723 2132 3796; baseline 0.004 -23"><span class='ocrx_word' id='word_1_497' title='bbox 569 3723 715 3791; x_wconf 80' lang='lat' dir='ltr'><strong>gravi</strong></span> <span class='ocrx_word' id='word_1_498' title='bbox 745 3723 896 3776; x_wconf 84' lang='lat' dir='ltr'><strong>corde</strong></span> <span class='ocrx_word' id='word_1_499' title='bbox 923 3725 947 3778; x_wconf 76' lang='lat'><strong>.’</strong></span> <span class='ocrx_word' id='word_1_500' title='bbox 979 3725 1160 3793; x_wconf 86' lang='lat' dir='ltr'><strong>utquid</strong></span> <span class='ocrx_word' id='word_1_501' title='bbox 1230 3725 1456 3795; x_wconf 83' lang='lat' dir='ltr'><strong>diligitis</strong></span> <span class='ocrx_word' id='word_1_502' title='bbox 1491 3727 1775 3779; x_wconf 85' lang='lat' dir='ltr'><strong>vanitatem</strong></span> <span class='ocrx_word' id='word_1_503' title='bbox 1815 3737 1861 3779; x_wconf 87' lang='lat' dir='ltr'><strong>et</strong></span> <span class='ocrx_word' id='word_1_504' title='bbox 1893 3728 2132 3796; x_wconf 74' lang='lat' dir='ltr'><strong>quwritis</strong></span> 
     </span>
    </p>
   </div>
   <div class='ocr_carea' id='block_1_70' title="bbox 573 3805 2135 3890">
    <p class='ocr_par' dir='ltr' id='par_1_70' title="bbox 573 3805 2135 3890">
     <span class='ocr_line' id='line_1_70' title="bbox 573 3805 2135 3890; baseline 0.007 -26"><span class='ocrx_word' id='word_1_505' title='bbox 573 3813 901 3867; x_wconf 85' lang='lat' dir='ltr'><strong>mendacium</strong></span> <span class='ocrx_word' id='word_1_506' title='bbox 924 3815 1016 3868; x_wconf 63' lang='lat'><strong>&#39;9?</strong></span> <span class='ocrx_word' id='word_1_507' title='bbox 1071 3815 1355 3880; x_wconf 87' lang='lat' dir='ltr'><strong>Quomodo</strong></span> <span class='ocrx_word' id='word_1_508' title='bbox 1404 3833 1509 3872; x_wconf 92' lang='lat' dir='ltr'><strong>non</strong></span> <span class='ocrx_word' id='word_1_509' title='bbox 1545 3818 1742 3874; x_wconf 85' lang='lat' dir='ltr'><strong>videtis</strong></span> <span class='ocrx_word' id='word_1_510' title='bbox 1781 3805 1902 3873; x_wconf 83' lang='lat' dir='ltr'><strong>fidei</strong></span> <span class='ocrx_word' id='word_1_511' title='bbox 1952 3835 2135 3890; x_wconf 78' lang='lat' dir='ltr'><strong>perse-</strong></span> 
     </span>
    </p>
   </div>
   <div class='ocr_carea' id='block_1_71' title="bbox 571 3905 2133 3981">
    <p class='ocr_par' dir='ltr' id='par_1_71' title="bbox 571 3905 2133 3981">
     <span class='ocr_line' id='line_1_71' title="bbox 571 3905 2133 3981; baseline 0.004 -23"><span class='ocrx_word' id='word_1_512' title='bbox 571 3913 813 3958; x_wconf 88' lang='lat' dir='ltr'><strong>cutorem</strong></span> <span class='ocrx_word' id='word_1_513' title='bbox 848 3905 913 3960; x_wconf 88' lang='lat' dir='ltr'><strong>ad</strong></span> <span class='ocrx_word' id='word_1_514' title='bbox 945 3906 1350 3964; x_wconf 88' lang='lat' dir='ltr'><strong>Christianismi</strong></span> <span class='ocrx_word' id='word_1_515' title='bbox 1393 3911 1880 3978; x_wconf 82' lang='lat' dir='ltr'><strong>transgressionem</strong></span> <span class='ocrx_word' id='word_1_516' title='bbox 1913 3926 2008 3966; x_wconf 89' lang='lat' dir='ltr'><strong>eos</strong></span> <span class='ocrx_word' id='word_1_517' title='bbox 2043 3913 2133 3981; x_wconf 90' lang='lat' dir='ltr'><strong>qui</strong></span> 
     </span>
    </p>
   </div>
   <div class='ocr_carea' id='block_1_72' title="bbox 571 3995 2137 4066">
    <p class='ocr_par' dir='ltr' id='par_1_72' title="bbox 571 3995 2137 4066">
     <span class='ocr_line' id='line_1_72' title="bbox 571 3995 2137 4066; baseline 0.008 -20"><span class='ocrx_word' id='word_1_518' title='bbox 571 3997 618 4048; x_wconf 71' lang='lat' dir='ltr'><strong>ei</strong></span> <span class='ocrx_word' id='word_1_519' title='bbox 653 3995 880 4050; x_wconf 80' lang='lat' dir='ltr'><strong>credunt</strong></span> <span class='ocrx_word' id='word_1_520' title='bbox 909 4000 1333 4066; x_wconf 82' lang='lat' dir='ltr'><strong>provocantem?</strong></span> <span class='ocrx_word' id='word_1_521' title='bbox 1362 4000 1418 4054; x_wconf 90' lang='lat' dir='ltr'><strong>Si</strong></span> <span class='ocrx_word' id='word_1_522' title='bbox 1451 4001 1594 4053; x_wconf 75' lang='lat' dir='ltr'><strong>etiim</strong></span> <span class='ocrx_word' id='word_1_523' title='bbox 1628 4001 2056 4058; x_wconf 68' lang='lat' dir='ltr'><strong>venerandorum</strong></span> <span class='ocrx_word' id='word_1_524' title='bbox 2084 4013 2137 4058; x_wconf 83' lang='lat' dir='ltr'><strong>et</strong></span> 
     </span>
    </p>
   </div>
   <div class='ocr_carea' id='block_1_73' title="bbox 571 4089 2138 4147">
    <p class='ocr_par' dir='ltr' id='par_1_73' title="bbox 571 4089 2138 4147">
     <span class='ocr_line' id='line_1_73' title="bbox 571 4089 2138 4147; baseline 0.002 -5"><span class='ocrx_word' id='word_1_525' title='bbox 571 4090 968 4143; x_wconf 76' lang='lat' dir='ltr'><strong>ltonorabilium</strong></span> <span class='ocrx_word' id='word_1_526' title='bbox 996 4089 1278 4144; x_wconf 90' lang='lat' dir='ltr'><strong>nominum</strong></span> <span class='ocrx_word' id='word_1_527' title='bbox 1315 4098 1515 4144; x_wconf 65' lang='lat' dir='ltr'><strong>sanctae</strong></span> <span class='ocrx_word' id='word_1_528' title='bbox 1549 4089 1830 4146; x_wconf 84' lang='lat' dir='ltr'><strong>Trinitatis</strong></span> <span class='ocrx_word' id='word_1_529' title='bbox 1865 4091 2138 4147; x_wconf 79' lang='lat' dir='ltr'><strong>confessio</strong></span> 
     </span>
    </p>
   </div>
   <div class='ocr_carea' id='block_1_74' title="bbox 569 4180 2134 4244">
    <p class='ocr_par' dir='ltr' id='par_1_74' title="bbox 569 4180 2134 4244">
     <span class='ocr_line' id='line_1_74' title="bbox 569 4180 2134 4244; baseline 0 -8"><span class='ocrx_word' id='word_1_530' title='bbox 569 4190 650 4236; x_wconf 86' lang='lat' dir='ltr'><strong>est</strong></span> <span class='ocrx_word' id='word_1_531' title='bbox 680 4181 908 4244; x_wconf 86' lang='lat' dir='ltr'><strong>inutilis,</strong></span> <span class='ocrx_word' id='word_1_532' title='bbox 944 4180 1164 4235; x_wconf 78' lang='lat' dir='ltr'><strong>inutiles</strong></span> <span class='ocrx_word' id='word_1_533' title='bbox 1202 4182 1363 4235; x_wconf 87' lang='lat' dir='ltr'><strong>etiam</strong></span> <span class='ocrx_word' id='word_1_534' title='bbox 1406 4189 1534 4235; x_wconf 93' lang='lat' dir='ltr'><strong>sunt</strong></span> <span class='ocrx_word' id='word_1_535' title='bbox 1563 4181 1815 4244; x_wconf 69' lang='lat' dir='ltr'><strong>Ecclesim</strong></span> <span class='ocrx_word' id='word_1_536' title='bbox 1865 4185 2037 4238; x_wconf 87' lang='lat' dir='ltr'><strong>ritus:</strong></span> <span class='ocrx_word' id='word_1_537' title='bbox 2083 4184 2134 4236; x_wconf 90' lang='lat' dir='ltr'><strong>in</strong></span> 
     </span>
    </p>
   </div>
   <div class='ocr_carea' id='block_1_75' title="bbox 569 4269 2137 4340">
    <p class='ocr_par' dir='ltr' id='par_1_75' title="bbox 569 4269 2137 4340">
     <span class='ocr_line' id='line_1_75' title="bbox 569 4269 2137 4340; baseline 0.001 -17"><span class='ocrx_word' id='word_1_538' title='bbox 569 4270 655 4324; x_wconf 86' lang='lat' dir='ltr'><strong>his</strong></span> <span class='ocrx_word' id='word_1_539' title='bbox 686 4275 865 4323; x_wconf 83' lang='lat' dir='ltr'><strong>autem</strong></span> <span class='ocrx_word' id='word_1_540' title='bbox 898 4270 1092 4323; x_wconf 86' lang='lat' dir='ltr'><strong>ritibus</strong></span> <span class='ocrx_word' id='word_1_541' title='bbox 1152 4277 1235 4324; x_wconf 90' lang='lat' dir='ltr'><strong>est</strong></span> <span class='ocrx_word' id='word_1_542' title='bbox 1287 4271 1543 4338; x_wconf 82' lang='lat' dir='ltr'><strong>sigillum,</strong></span> <span class='ocrx_word' id='word_1_543' title='bbox 1600 4269 1926 4340; x_wconf 85' lang='lat' dir='ltr'><strong>deprecatio.</strong></span> <span class='ocrx_word' id='word_1_544' title='bbox 1962 4272 2137 4340; x_wconf 86' lang='lat' dir='ltr'><strong>bapti-</strong></span> 
     </span>
    </p>
   </div>
   <div class='ocr_carea' id='block_1_76' title="bbox 570 4363 2111 4434">
    <p class='ocr_par' dir='ltr' id='par_1_76' title="bbox 570 4363 2111 4434">
     <span class='ocr_line' id='line_1_76' title="bbox 570 4363 2111 4434; baseline -0.001 -16"><span class='ocrx_word' id='word_1_545' title='bbox 570 4378 711 4424; x_wconf 91' lang='lat' dir='ltr'><strong>sma.</strong></span> <span class='ocrx_word' id='word_1_546' title='bbox 742 4370 1093 4432; x_wconf 86' lang='lat' dir='ltr'><strong>peccatorum</strong></span> <span class='ocrx_word' id='word_1_547' title='bbox 1125 4363 1419 4428; x_wconf 79' lang='lat' dir='ltr'><strong>confessio,</strong></span> <span class='ocrx_word' id='word_1_548' title='bbox 1467 4363 1531 4418; x_wconf 87' lang='lat' dir='ltr'><strong>ad</strong></span> <span class='ocrx_word' id='word_1_549' title='bbox 1566 4364 1817 4417; x_wconf 86' lang='lat' dir='ltr'><strong>mandata</strong></span> <span class='ocrx_word' id='word_1_550' title='bbox 1879 4367 2111 4434; x_wconf 90' lang='lat' dir='ltr'><strong>prompti</strong></span> 
     </span>
    </p>
   </div>
   <div class='ocr_carea' id='block_1_77' title="bbox 569 4451 2138 4520">
    <p class='ocr_par' dir='ltr' id='par_1_77' title="bbox 569 4451 2138 4520">
     <span class='ocr_line' id='line_1_77' title="bbox 569 4451 2138 4520; baseline 0 -14"><span class='ocrx_word' id='word_1_551' title='bbox 569 4452 722 4514; x_wconf 88' lang='lat' dir='ltr'><strong>tudo,</strong></span> <span class='ocrx_word' id='word_1_552' title='bbox 756 4466 968 4505; x_wconf 89' lang='lat' dir='ltr'><strong>morum</strong></span> <span class='ocrx_word' id='word_1_553' title='bbox 1004 4451 1331 4514; x_wconf 83' lang='lat' dir='ltr'><strong>emendatio,</strong></span> <span class='ocrx_word' id='word_1_554' title='bbox 1361 4459 1722 4520; x_wconf 80' lang='lat' dir='ltr'><strong>temperanter</strong></span> <span class='ocrx_word' id='word_1_555' title='bbox 1765 4461 1817 4506; x_wconf 90' lang='lat' dir='ltr'><strong>et</strong></span> <span class='ocrx_word' id='word_1_556' title='bbox 1848 4453 2027 4507; x_wconf 84' lang='lat' dir='ltr'><strong>sobrie</strong></span> <span class='ocrx_word' id='word_1_557' title='bbox 2061 4454 2138 4506; x_wconf 87' lang='lat' dir='ltr'><strong>vi-</strong></span> 
     </span>
    </p>
   </div>
   <div class='ocr_carea' id='block_1_78' title="bbox 2233 3247 3782 3340">
    <p class='ocr_par' dir='ltr' id='par_1_78' title="bbox 2233 3247 3782 3340">
     <span class='ocr_line' id='line_1_78' title="bbox 2233 3247 3782 3340; baseline -0.007 -17"><span class='ocrx_word' id='word_1_558' title='bbox 2233 3269 2328 3340; x_wconf 85' lang='grc' dir='ltr'><strong>τὴν</strong></span> <span class='ocrx_word' id='word_1_559' title='bbox 2363 3270 2513 3338; x_wconf 65' lang='grc' dir='ltr'>ἰσχὺν</span> <span class='ocrx_word' id='word_1_560' title='bbox 2549 3267 2677 3338; x_wconf 76' lang='grc' dir='ltr'>ἔχει,</span> <span class='ocrx_word' id='word_1_561' title='bbox 2715 3266 2956 3335; x_wconf 77' lang='grc' dir='ltr'>εἴπωμεν</span> <span class='ocrx_word' id='word_1_562' title='bbox 3004 3264 3062 3316; x_wconf 70' lang='grc' dir='ltr'>τὸ</span> <span class='ocrx_word' id='word_1_563' title='bbox 3106 3264 3208 3317; x_wconf 73' lang='grc' dir='ltr'>τοῦ</span> <span class='ocrx_word' id='word_1_564' title='bbox 3267 3263 3570 3333; x_wconf 65' lang='grc' dir='ltr'>Προφήτου.</span> <span class='ocrx_word' id='word_1_565' title='bbox 3621 3247 3782 3324; x_wconf 72' lang='grc' dir='ltr'>μικρὸν</span> 
     </span>
    </p>
   </div>
   <div class='ocr_carea' id='block_1_79' title="bbox 2235 3343 3786 3431">
    <p class='ocr_par' dir='ltr' id='par_1_79' title="bbox 2235 3343 3786 3431">
     <span class='ocr_line' id='line_1_79' title="bbox 2235 3343 3786 3431; baseline -0.008 -19"><span class='ocrx_word' id='word_1_566' title='bbox 2235 3361 2652 3431; x_wconf 79' lang='grc' dir='ltr'>παρῳδήσαντες</span> <span class='ocrx_word' id='word_1_567' title='bbox 2698 3358 2832 3428; x_wconf 80' lang='grc' dir='ltr'>πρὸς</span> <span class='ocrx_word' id='word_1_568' title='bbox 2867 3358 2988 3417; x_wconf 74' lang='grc' dir='ltr'>τοὺς</span> <span class='ocrx_word' id='word_1_569' title='bbox 3026 3357 3313 3427; x_wconf 71' lang='grc' dir='ltr'>ἀκροατάς</span> <span class='ocrx_word' id='word_1_570' title='bbox 3347 3359 3445 3422; x_wconf 79' lang='grc' dir='ltr'>τῆς</span> <span class='ocrx_word' id='word_1_571' title='bbox 3475 3351 3691 3418; x_wconf 77' lang='grc' dir='ltr'>ἀπάτης,</span> <span class='ocrx_word' id='word_1_572' title='bbox 3721 3343 3786 3394; x_wconf 81' lang='grc' dir='ltr'>ὅτι</span> 
     </span>
    </p>
   </div>
   <div class='ocr_carea' id='block_1_80' title="bbox 2237 3431 3787 3519">
    <p class='ocr_par' dir='ltr' id='par_1_80' title="bbox 2237 3431 3787 3519">
     <span class='ocr_line' id='line_1_80' title="bbox 2237 3431 3787 3519; baseline -0.008 -13"><span class='ocrx_word' id='word_1_573' title='bbox 2237 3456 2383 3518; x_wconf 85' lang='grc' dir='ltr'>Ἕως</span> <span class='ocrx_word' id='word_1_574' title='bbox 2403 3453 2545 3506; x_wconf 76' lang='grc' dir='ltr'>πότε</span> <span class='ocrx_word' id='word_1_575' title='bbox 2565 3449 2980 3519; x_wconf 78' lang='grc' dir='ltr'>βαρυκάρδιοι;</span> <span class='ocrx_word' id='word_1_576' title='bbox 3010 3449 3111 3501; x_wconf 74' lang='grc' dir='ltr'>ἵνα</span> <span class='ocrx_word' id='word_1_577' title='bbox 3137 3450 3202 3500; x_wconf 85' lang='grc' dir='ltr'><strong>τί</strong></span> <span class='ocrx_word' id='word_1_578' title='bbox 3225 3447 3498 3518; x_wconf 78' lang='grc' dir='ltr'>ἀγαπᾶτε</span> <span class='ocrx_word' id='word_1_579' title='bbox 3524 3444 3628 3508; x_wconf 76' lang='grc' dir='ltr'><strong>τὴν</strong></span> <span class='ocrx_word' id='word_1_580' title='bbox 3663 3431 3787 3490; x_wconf 72' lang='grc' dir='ltr'><strong>ἀπὼ·</strong></span> 
     </span>
    </p>
   </div>
   <div class='ocr_carea' id='block_1_81' title="bbox 2235 3524 3791 3620">
    <p class='ocr_par' dir='ltr' id='par_1_81' title="bbox 2235 3524 3791 3620">
     <span class='ocr_line' id='line_1_81' title="bbox 2235 3524 3791 3620; baseline -0.013 -21"><span class='ocrx_word' id='word_1_581' title='bbox 2235 3549 2405 3599; x_wconf 68' lang='grc' dir='ltr'>λείαν</span> <span class='ocrx_word' id='word_1_582' title='bbox 2433 3544 2527 3597; x_wconf 78' lang='grc' dir='ltr'>καὶ</span> <span class='ocrx_word' id='word_1_583' title='bbox 2567 3541 2782 3608; x_wconf 74' lang='grc' dir='ltr'>ζητεῖτε</span> <span class='ocrx_word' id='word_1_584' title='bbox 2805 3540 3062 3610; x_wconf 46' lang='grc' dir='ltr'>ψεῦδος</span> <span class='ocrx_word' id='word_1_585' title='bbox 3107 3540 3241 3604; x_wconf 82' lang='grc' dir='ltr'>Πῶς</span> <span class='ocrx_word' id='word_1_586' title='bbox 3276 3541 3376 3608; x_wconf 74' lang='grc' dir='ltr'>οὐχ</span> <span class='ocrx_word' id='word_1_587' title='bbox 3403 3539 3562 3607; x_wconf 78' lang='grc' dir='ltr'>ὁρᾶτε</span> <span class='ocrx_word' id='word_1_588' title='bbox 3589 3533 3669 3585; x_wconf 72' lang='grc' dir='ltr'>τὸν</span> <span class='ocrx_word' id='word_1_589' title='bbox 3690 3524 3791 3620; x_wconf 47' lang='grc' dir='ltr'>διιεῖ</span> 
     </span>
    </p>
   </div>
   <div class='ocr_carea' id='block_1_82' title="bbox 2237 3625 3786 3704">
    <p class='ocr_par' dir='ltr' id='par_1_82' title="bbox 2237 3625 3786 3704">
     <span class='ocr_line' id='line_1_82' title="bbox 2237 3625 3786 3704; baseline -0.026 -2"><span class='ocrx_word' id='word_1_590' title='bbox 2237 3651 2369 3704; x_wconf 83' lang='grc' dir='ltr'>κτην</span> <span class='ocrx_word' id='word_1_591' title='bbox 2395 3635 2491 3703; x_wconf 82' lang='grc' dir='ltr'><strong>τῆς</strong></span> <span class='ocrx_word' id='word_1_592' title='bbox 2525 3632 2775 3694; x_wconf 82' lang='grc' dir='ltr'>πίστεως,</span> <span class='ocrx_word' id='word_1_593' title='bbox 2799 3632 2876 3694; x_wconf 83' lang='grc' dir='ltr'><strong>είς</strong></span> <span class='ocrx_word' id='word_1_594' title='bbox 2909 3628 3226 3700; x_wconf 82' lang='grc' dir='ltr'>παράϐασιν</span> <span class='ocrx_word' id='word_1_595' title='bbox 3249 3627 3346 3680; x_wconf 81' lang='grc' dir='ltr'>τοῦ</span> <span class='ocrx_word' id='word_1_596' title='bbox 3400 3625 3786 3694; x_wconf 76' lang='grc' dir='ltr'>Χριστιανισμον</span> 
     </span>
    </p>
   </div>
   <div class='ocr_carea' id='block_1_83' title="bbox 2235 3710 3789 3801">
    <p class='ocr_par' dir='ltr' id='par_1_83' title="bbox 2235 3710 3789 3801">
     <span class='ocr_line' id='line_1_83' title="bbox 2235 3710 3789 3801; baseline -0.01 -23"><span class='ocrx_word' id='word_1_597' title='bbox 2235 3725 2359 3788; x_wconf 79' lang='grc' dir='ltr'>τοὺς</span> <span class='ocrx_word' id='word_1_598' title='bbox 2382 3723 2731 3794; x_wconf 82' lang='grc' dir='ltr'>πειθομένους</span> <span class='ocrx_word' id='word_1_599' title='bbox 2751 3721 2898 3791; x_wconf 79' lang='grc' dir='ltr'><strong>αὑτῷ</strong></span> <span class='ocrx_word' id='word_1_600' title='bbox 2921 3719 3200 3801; x_wconf 53' lang='grc' dir='ltr'>προκαλορ</span> <span class='ocrx_word' id='word_1_601' title='bbox 3207 3736 3374 3790; x_wconf 89' lang='grc' dir='ltr'>μενον</span> <span class='ocrx_word' id='word_1_602' title='bbox 3395 3735 3409 3780; x_wconf 88' lang='lat'><strong>;</strong></span> <span class='ocrx_word' id='word_1_603' title='bbox 3448 3718 3509 3770; x_wconf 84' lang='lat' dir='ltr'><strong>Ei</strong></span> <span class='ocrx_word' id='word_1_604' title='bbox 3537 3714 3634 3783; x_wconf 75' lang='grc' dir='ltr'><strong>γάρ</strong></span> <span class='ocrx_word' id='word_1_605' title='bbox 3655 3710 3789 3801; x_wconf 63' lang='grc' dir='ltr'>ἄχρη-</span> 
     </span>
    </p>
   </div>
   <div class='ocr_carea' id='block_1_84' title="bbox 2240 3797 3790 3895">
    <p class='ocr_par' dir='ltr' id='par_1_84' title="bbox 2240 3797 3790 3895">
     <span class='ocr_line' id='line_1_84' title="bbox 2240 3797 3790 3895; baseline -0.019 -24"><span class='ocrx_word' id='word_1_606' title='bbox 2240 3835 2362 3880; x_wconf 88' lang='grc' dir='ltr'>στος</span> <span class='ocrx_word' id='word_1_607' title='bbox 2407 3817 2503 3886; x_wconf 76' lang='grc' dir='ltr'><strong>μὲν</strong></span> <span class='ocrx_word' id='word_1_608' title='bbox 2549 3817 2582 3885; x_wconf 79' lang='grc' dir='ltr'>ἡ</span> <span class='ocrx_word' id='word_1_609' title='bbox 2632 3814 2737 3866; x_wconf 86' lang='grc' dir='ltr'><strong>τῶν</strong></span> <span class='ocrx_word' id='word_1_610' title='bbox 2782 3811 2991 3882; x_wconf 81' lang='grc' dir='ltr'>σεμνῶν</span> <span class='ocrx_word' id='word_1_611' title='bbox 3038 3830 3095 3864; x_wconf 88' lang='grc' dir='ltr'><strong>τε</strong></span> <span class='ocrx_word' id='word_1_612' title='bbox 3139 3814 3242 3864; x_wconf 77' lang='grc' dir='ltr'><strong>καὶ</strong></span> <span class='ocrx_word' id='word_1_613' title='bbox 3281 3812 3483 3881; x_wconf 58' lang='lat' dir='ltr'><strong>rupium</strong></span> <span class='ocrx_word' id='word_1_614' title='bbox 3530 3808 3622 3874; x_wconf 71' lang='grc' dir='ltr'>τῆς</span> <span class='ocrx_word' id='word_1_615' title='bbox 3660 3797 3790 3895; x_wconf 52' lang='grc' dir='ltr'>ἁγίας</span> 
     </span>
    </p>
   </div>
   <div class='ocr_carea' id='block_1_85' title="bbox 2237 3892 3794 3980">
    <p class='ocr_par' dir='ltr' id='par_1_85' title="bbox 2237 3892 3794 3980">
     <span class='ocr_line' id='line_1_85' title="bbox 2237 3892 3794 3980; baseline -0.014 -17"><span class='ocrx_word' id='word_1_616' title='bbox 2237 3909 2462 3980; x_wconf 81' lang='grc' dir='ltr'>Τριάδος</span> <span class='ocrx_word' id='word_1_617' title='bbox 2499 3905 2773 3976; x_wconf 79' lang='grc' dir='ltr'>ὀνομάτων</span> <span class='ocrx_word' id='word_1_618' title='bbox 2807 3901 3082 3972; x_wconf 88' lang='grc' dir='ltr'>ὁμολογία.</span> <span class='ocrx_word' id='word_1_619' title='bbox 3127 3901 3377 3971; x_wconf 84' lang='grc' dir='ltr'>ἀνόνητα</span> <span class='ocrx_word' id='word_1_620' title='bbox 3414 3898 3469 3951; x_wconf 82' lang='grc' dir='ltr'><strong>δέ</strong></span> <span class='ocrx_word' id='word_1_621' title='bbox 3509 3897 3576 3949; x_wconf 83' lang='grc' dir='ltr'><strong>τὰ</strong></span> <span class='ocrx_word' id='word_1_622' title='bbox 3605 3892 3690 3959; x_wconf 82' lang='grc' dir='ltr'><strong>ἐθη</strong></span> <span class='ocrx_word' id='word_1_623' title='bbox 3715 3892 3794 3980; x_wconf 57' lang='grc' dir='ltr'>τῆς</span> 
     </span>
    </p>
   </div>
   <div class='ocr_carea' id='block_1_86' title="bbox 2249 3977 3790 4068">
    <p class='ocr_par' dir='ltr' id='par_1_86' title="bbox 2249 3977 3790 4068">
     <span class='ocr_line' id='line_1_86' title="bbox 2249 3977 3790 4068; baseline -0.008 -13"><span class='ocrx_word' id='word_1_624' title='bbox 2249 3999 2592 4068; x_wconf 80' lang='grc' dir='ltr'>Ἐκκλησίας,</span> <span class='ocrx_word' id='word_1_625' title='bbox 2622 3999 2679 4049; x_wconf 86' lang='grc' dir='ltr'><strong>ἐν</strong></span> <span class='ocrx_word' id='word_1_626' title='bbox 2700 3996 2754 4048; x_wconf 76' lang='grc' dir='ltr'>δὲ</span> <span class='ocrx_word' id='word_1_627' title='bbox 2782 3997 2890 4057; x_wconf 79' lang='grc' dir='ltr'>τοῖς</span> <span class='ocrx_word' id='word_1_628' title='bbox 2918 3993 3060 4046; x_wconf 80' lang='grc' dir='ltr'>ἔθεσι</span> <span class='ocrx_word' id='word_1_629' title='bbox 3087 3993 3306 4055; x_wconf 78' lang='grc' dir='ltr'>τούτοις</span> <span class='ocrx_word' id='word_1_630' title='bbox 3326 3993 3478 4043; x_wconf 73' lang='grc' dir='ltr'>ἐστὶν</span> <span class='ocrx_word' id='word_1_631' title='bbox 3508 3991 3538 4055; x_wconf 79' lang='grc' dir='ltr'>ἡ</span> <span class='ocrx_word' id='word_1_632' title='bbox 3573 3977 3790 4068; x_wconf 44' lang='grc' dir='ltr'><strong>σφραῖᾟν</strong></span> 
     </span>
    </p>
   </div>
   <div class='ocr_carea' id='block_1_87' title="bbox 2239 4064 3792 4166">
    <p class='ocr_par' dir='ltr' id='par_1_87' title="bbox 2239 4064 3792 4166">
     <span class='ocr_line' id='line_1_87' title="bbox 2239 4064 3792 4166; baseline -0.03 2"><span class='ocrx_word' id='word_1_633' title='bbox 2239 4064 2597 4166; x_wconf 29' lang='lat' dir='ltr'><strong>ﬂama-auxit-</strong></span> <span class='ocrx_word' id='word_1_634' title='bbox 2650 4089 2708 4140; x_wconf 79' lang='grc' dir='ltr'><strong>τδ</strong></span> <span class='ocrx_word' id='word_1_635' title='bbox 2741 4088 3037 4158; x_wconf 73' lang='grc' dir='ltr'>βάπτισμα,</span> <span class='ocrx_word' id='word_1_636' title='bbox 3087 4086 3119 4154; x_wconf 82' lang='grc' dir='ltr'>ἡ</span> <span class='ocrx_word' id='word_1_637' title='bbox 3165 4085 3278 4137; x_wconf 82' lang='grc' dir='ltr'><strong>τῶν</strong></span> <span class='ocrx_word' id='word_1_638' title='bbox 3325 4079 3609 4154; x_wconf 82' lang='grc' dir='ltr'>ἁμαρτιῶν</span> <span class='ocrx_word' id='word_1_639' title='bbox 3636 4064 3792 4166; x_wconf 28' lang='lat' dir='ltr'><strong>tigrim</strong></span> 
     </span>
    </p>
   </div>
   <div class='ocr_carea' id='block_1_88' title="bbox 2241 4159 3796 4258">
    <p class='ocr_par' dir='ltr' id='par_1_88' title="bbox 2241 4159 3796 4258">
     <span class='ocr_line' id='line_1_88' title="bbox 2241 4159 3796 4258; baseline -0.014 -18"><span class='ocrx_word' id='word_1_640' title='bbox 2241 4159 2441 4258; x_wconf 79' lang='grc' dir='ltr'>ρευσις.</span> <span class='ocrx_word' id='word_1_641' title='bbox 2685 4180 2781 4242; x_wconf 83' lang='grc' dir='ltr'>τὰς</span> <span class='ocrx_word' id='word_1_642' title='bbox 2811 4177 3025 4239; x_wconf 71' lang='grc' dir='ltr'>ἐντολὰς</span> <span class='ocrx_word' id='word_1_643' title='bbox 3054 4176 3366 4246; x_wconf 83' lang='grc' dir='ltr'>προθυμία,</span> <span class='ocrx_word' id='word_1_644' title='bbox 3400 4177 3432 4244; x_wconf 84' lang='grc' dir='ltr'>ὴ</span> <span class='ocrx_word' id='word_1_645' title='bbox 3461 4171 3586 4240; x_wconf 70' lang='grc' dir='ltr'>περὶ</span> <span class='ocrx_word' id='word_1_646' title='bbox 3617 4159 3796 4258; x_wconf 13' lang='lat' dir='ltr'><strong>regiﬁco?</strong></span> 
     </span>
    </p>
   </div>
   <div class='ocr_carea' id='block_1_89' title="bbox 2240 4247 3798 4345">
    <p class='ocr_par' dir='ltr' id='par_1_89' title="bbox 2240 4247 3798 4345">
     <span class='ocr_line' id='line_1_89' title="bbox 2240 4247 3798 4345; baseline -0.009 -17"><span class='ocrx_word' id='word_1_647' title='bbox 2240 4273 2591 4345; x_wconf 77' lang='grc' dir='ltr'>κατόρθωσιζ,</span> <span class='ocrx_word' id='word_1_648' title='bbox 2634 4271 2693 4322; x_wconf 63' lang='grc' dir='ltr'><strong>τι</strong></span> <span class='ocrx_word' id='word_1_649' title='bbox 2725 4270 2862 4322; x_wconf 74' lang='grc' dir='ltr'>κατὰ</span> <span class='ocrx_word' id='word_1_650' title='bbox 2897 4266 3260 4338; x_wconf 69' lang='grc' dir='ltr'>σωφροσύνην</span> <span class='ocrx_word' id='word_1_651' title='bbox 3299 4265 3478 4336; x_wconf 77' lang='grc' dir='ltr'>βιοῦν,</span> <span class='ocrx_word' id='word_1_652' title='bbox 3519 4262 3579 4315; x_wconf 74' lang='grc' dir='ltr'>τὸ</span> <span class='ocrx_word' id='word_1_653' title='bbox 3610 4255 3723 4327; x_wconf 66' lang='grc' dir='ltr'>πρὸς</span> <span class='ocrx_word' id='word_1_654' title='bbox 3749 4247 3798 4300; x_wconf 81' lang='grc' dir='ltr'><strong>τδ</strong></span> 
     </span>
    </p>
   </div>
   <div class='ocr_carea' id='block_1_90' title="bbox 2239 4346 3795 4430">
    <p class='ocr_par' dir='ltr' id='par_1_90' title="bbox 2239 4346 3795 4430">
     <span class='ocr_line' id='line_1_90' title="bbox 2239 4346 3795 4430; baseline -0.003 -13"><span class='ocrx_word' id='word_1_655' title='bbox 2239 4367 2443 4418; x_wconf 73' lang='grc' dir='ltr'>δίκαιον</span> <span class='ocrx_word' id='word_1_656' title='bbox 2491 4361 2726 4430; x_wconf 81' lang='grc' dir='ltr'>βλέπειν,</span> <span class='ocrx_word' id='word_1_657' title='bbox 2780 4359 2840 4412; x_wconf 83' lang='grc' dir='ltr'><strong>τὸ</strong></span> <span class='ocrx_word' id='word_1_658' title='bbox 2889 4359 2961 4428; x_wconf 84' lang='grc' dir='ltr'>μὴ</span> <span class='ocrx_word' id='word_1_659' title='bbox 3009 4361 3125 4420; x_wconf 84' lang='grc' dir='ltr'>ταῖς</span> <span class='ocrx_word' id='word_1_660' title='bbox 3172 4358 3512 4426; x_wconf 83' lang='grc' dir='ltr'>ἐπιθυμίαις</span> <span class='ocrx_word' id='word_1_661' title='bbox 3545 4346 3795 4412; x_wconf 66' lang='grc' dir='ltr'>ἐθίζεσθαι·</span> 
     </span>
    </p>
   </div>
   <div class='ocr_carea' id='block_1_91' title="bbox 2245 4435 3796 4526">
    <p class='ocr_par' dir='ltr' id='par_1_91' title="bbox 2245 4435 3796 4526">
     <span class='ocr_line' id='line_1_91' title="bbox 2245 4435 3796 4526; baseline -0.011 -18"><span class='ocrx_word' id='word_1_662' title='bbox 2245 4460 2376 4526; x_wconf 80' lang='grc' dir='ltr'>μήτε</span> <span class='ocrx_word' id='word_1_663' title='bbox 2415 4453 2603 4525; x_wconf 80' lang='grc' dir='ltr'>ἡδονῆς</span> <span class='ocrx_word' id='word_1_664' title='bbox 2635 4452 2918 4522; x_wconf 81' lang='grc' dir='ltr'>ἡττᾶσθαι,</span> <span class='ocrx_word' id='word_1_665' title='bbox 2969 4452 3102 4518; x_wconf 80' lang='grc' dir='ltr'>μήτε</span> <span class='ocrx_word' id='word_1_666' title='bbox 3152 4451 3368 4519; x_wconf 77' lang='grc' dir='ltr'>ἀρετῆς</span> <span class='ocrx_word' id='word_1_667' title='bbox 3415 4435 3796 4500; x_wconf 78' lang='grc' dir='ltr'>ἀπολείπεσθαι-</span> 
     </span>
    </p>
   </div>
   <div class='ocr_carea' id='block_1_92' title="bbox 570 4528 2129 4615">
    <p class='ocr_par' dir='ltr' id='par_1_92' title="bbox 570 4528 2129 4613">
     <span class='ocr_line' id='line_1_92' title="bbox 570 4528 2129 4613; baseline 0.002 -20"><span class='ocrx_word' id='word_1_668' title='bbox 570 4528 715 4606; x_wconf 77' lang='lat' dir='ltr'><strong>vere,</strong></span> <span class='ocrx_word' id='word_1_669' title='bbox 751 4543 814 4596; x_wconf 86' lang='lat' dir='ltr'><strong>ad</strong></span> <span class='ocrx_word' id='word_1_670' title='bbox 845 4542 896 4596; x_wconf 87' lang='lat' dir='ltr'><strong>id</strong></span> <span class='ocrx_word' id='word_1_671' title='bbox 930 4543 1072 4611; x_wconf 84' lang='lat' dir='ltr'><strong>quod</strong></span> <span class='ocrx_word' id='word_1_672' title='bbox 1095 4541 1300 4610; x_wconf 91' lang='lat' dir='ltr'><strong>justum</strong></span> <span class='ocrx_word' id='word_1_673' title='bbox 1323 4552 1405 4598; x_wconf 89' lang='lat' dir='ltr'><strong>est</strong></span> <span class='ocrx_word' id='word_1_674' title='bbox 1435 4545 1722 4613; x_wconf 83' lang='lat' dir='ltr'><strong>respicere,</strong></span> <span class='ocrx_word' id='word_1_675' title='bbox 1750 4544 2129 4613; x_wconf 84' lang='lat' dir='ltr'><strong>cupiditatibus</strong></span> 
     </span>
    </p>
   </div>
   <div class='ocr_carea' id='block_1_93' title="bbox 2235 4528 3801 4615">
    <p class='ocr_par' dir='ltr' id='par_1_93' title="bbox 2244 4535 3801 4615">
     <span class='ocr_line' id='line_1_93' title="bbox 2244 4535 3801 4615; baseline -0.003 -16"><span class='ocrx_word' id='word_1_676' title='bbox 2244 4548 2303 4599; x_wconf 82' lang='lat' dir='ltr'><strong>Ei</strong></span> <span class='ocrx_word' id='word_1_677' title='bbox 2353 4542 2444 4599; x_wconf 72' lang='grc' dir='ltr'>οὖν</span> <span class='ocrx_word' id='word_1_678' title='bbox 2485 4544 2647 4615; x_wconf 80' lang='grc' dir='ltr'>μηδὲν</span> <span class='ocrx_word' id='word_1_679' title='bbox 2686 4543 2792 4595; x_wconf 90' lang='grc' dir='ltr'><strong>τῶν</strong></span> <span class='ocrx_word' id='word_1_680' title='bbox 2821 4541 3074 4594; x_wconf 75' lang='grc' dir='ltr'>τοιούτων</span> <span class='ocrx_word' id='word_1_681' title='bbox 3104 4539 3248 4592; x_wconf 83' lang='grc' dir='ltr'>ἐθῶν</span> <span class='ocrx_word' id='word_1_682' title='bbox 3298 4543 3390 4591; x_wconf 73' lang='grc' dir='ltr'>ἐπ’</span> <span class='ocrx_word' id='word_1_683' title='bbox 3424 4535 3614 4606; x_wconf 78' lang='grc' dir='ltr'>ἀγαθῷ</span> <span class='ocrx_word' id='word_1_684' title='bbox 3641 4543 3801 4594; x_wconf 56' lang='grc' dir='ltr'><strong>παῦρ’</strong></span> 
     </span>
    </p>
   </div>
   <div class='ocr_carea' id='block_1_94' title="bbox 573 4635 2138 4705">
    <p class='ocr_par' dir='ltr' id='par_1_94' title="bbox 573 4635 2138 4705">
     <span class='ocr_line' id='line_1_94' title="bbox 573 4635 2138 4705; baseline 0.001 -19"><span class='ocrx_word' id='word_1_685' title='bbox 573 4649 677 4687; x_wconf 93' lang='lat' dir='ltr'><strong>non</strong></span> <span class='ocrx_word' id='word_1_686' title='bbox 720 4648 1058 4696; x_wconf 88' lang='lat' dir='ltr'><strong>assuescere,</strong></span> <span class='ocrx_word' id='word_1_687' title='bbox 1113 4648 1286 4703; x_wconf 90' lang='lat' dir='ltr'><strong>neque</strong></span> <span class='ocrx_word' id='word_1_688' title='bbox 1319 4649 1346 4686; x_wconf 90' lang='lat' dir='ltr'><strong>a</strong></span> <span class='ocrx_word' id='word_1_689' title='bbox 1387 4635 1661 4700; x_wconf 68' lang='lat' dir='ltr'><strong>voluptate</strong></span> <span class='ocrx_word' id='word_1_690' title='bbox 1696 4636 1860 4699; x_wconf 88' lang='lat' dir='ltr'><strong>vinci,</strong></span> <span class='ocrx_word' id='word_1_691' title='bbox 1903 4651 2078 4705; x_wconf 89' lang='lat' dir='ltr'><strong>neque</strong></span> <span class='ocrx_word' id='word_1_692' title='bbox 2111 4651 2138 4688; x_wconf 91' lang='lat' dir='ltr'><strong>a</strong></span> 
     </span>
    </p>
   </div>
   <div class='ocr_carea' id='block_1_95' title="bbox 488 4723 2137 4794">
    <p class='ocr_par' dir='ltr' id='par_1_95' title="bbox 488 4723 2137 4794">
     <span class='ocr_line' id='line_1_95' title="bbox 488 4723 2137 4794; baseline 0.002 -21"><span class='ocrx_word' id='word_1_693' title='bbox 488 4742 494 4748; x_wconf 84' lang='lat'><strong><em>-</em></strong></span> <span class='ocrx_word' id='word_1_694' title='bbox 571 4724 771 4778; x_wconf 84' lang='lat' dir='ltr'><strong>virtute</strong></span> <span class='ocrx_word' id='word_1_695' title='bbox 800 4723 1066 4789; x_wconf 82' lang='lat' dir='ltr'><strong>deiicere;</strong></span> <span class='ocrx_word' id='word_1_696' title='bbox 1100 4725 1144 4778; x_wconf 92' lang='lat' dir='ltr'><strong>si</strong></span> <span class='ocrx_word' id='word_1_697' title='bbox 1177 4725 1338 4794; x_wconf 82' lang='lat' dir='ltr'><strong>igitur</strong></span> <span class='ocrx_word' id='word_1_698' title='bbox 1371 4725 1504 4778; x_wconf 88' lang='lat' dir='ltr'><strong>nihil</strong></span> <span class='ocrx_word' id='word_1_699' title='bbox 1542 4726 1729 4779; x_wconf 88' lang='lat' dir='ltr'><strong>talium</strong></span> <span class='ocrx_word' id='word_1_700' title='bbox 1767 4725 2137 4780; x_wconf 85' lang='lat' dir='ltr'><strong>institutorum</strong></span> 
     </span>
    </p>
   </div>
   <div class='ocr_carea' id='block_1_96' title="bbox 573 4812 2137 4881">
    <p class='ocr_par' dir='ltr' id='par_1_96' title="bbox 573 4812 2137 4881">
     <span class='ocr_line' id='line_1_96' title="bbox 573 4812 2137 4881; baseline 0.003 -16"><span class='ocrx_word' id='word_1_701' title='bbox 573 4812 638 4865; x_wconf 88' lang='lat' dir='ltr'><strong>ad</strong></span> <span class='ocrx_word' id='word_1_702' title='bbox 695 4814 857 4867; x_wconf 89' lang='lat' dir='ltr'><strong>vitam</strong></span> <span class='ocrx_word' id='word_1_703' title='bbox 928 4816 1066 4870; x_wconf 85' lang='lat' dir='ltr'><strong>bene</strong></span> <span class='ocrx_word' id='word_1_704' title='bbox 1128 4815 1514 4871; x_wconf 87' lang='lat' dir='ltr'><strong>instituendam</strong></span> <span class='ocrx_word' id='word_1_705' title='bbox 1556 4817 1805 4872; x_wconf 87' lang='lat' dir='ltr'><strong>conferre</strong></span> <span class='ocrx_word' id='word_1_706' title='bbox 1867 4825 2137 4881; x_wconf 76' lang='lat' dir='ltr'><strong>autumat,</strong></span> 
     </span>
    </p>
   </div>
   <div class='ocr_carea' id='block_1_97' title="bbox 573 4907 2136 4977">
    <p class='ocr_par' dir='ltr' id='par_1_97' title="bbox 573 4907 2136 4977">
     <span class='ocr_line' id='line_1_97' title="bbox 573 4907 2136 4977; baseline 0.001 -18"><span class='ocrx_word' id='word_1_707' title='bbox 573 4921 751 4973; x_wconf 89' lang='lat' dir='ltr'><strong>neque</strong></span> <span class='ocrx_word' id='word_1_708' title='bbox 782 4907 1004 4975; x_wconf 89' lang='lat' dir='ltr'><strong>mystica</strong></span> <span class='ocrx_word' id='word_1_709' title='bbox 1057 4909 1301 4977; x_wconf 90' lang='lat' dir='ltr'><strong>symbola</strong></span> <span class='ocrx_word' id='word_1_710' title='bbox 1347 4922 1467 4962; x_wconf 88' lang='lat' dir='ltr'><strong>esse</strong></span> <span class='ocrx_word' id='word_1_711' title='bbox 1515 4908 1718 4977; x_wconf 89' lang='lat' dir='ltr'><strong>optima</strong></span> <span class='ocrx_word' id='word_1_712' title='bbox 1775 4908 2011 4963; x_wconf 90' lang='lat' dir='ltr'><strong>remedia</strong></span> <span class='ocrx_word' id='word_1_713' title='bbox 2073 4908 2136 4960; x_wconf 87' lang='lat' dir='ltr'><strong>ad</strong></span> 
     </span>
    </p>
   </div>
   <div class='ocr_carea' id='block_1_98' title="bbox 571 4997 2139 5063">
    <p class='ocr_par' dir='ltr' id='par_1_98' title="bbox 571 4997 2139 5063">
     <span class='ocr_line' id='line_1_98' title="bbox 571 4997 2139 5063; baseline 0.001 -13"><span class='ocrx_word' id='word_1_714' title='bbox 571 4997 970 5061; x_wconf 83' lang='lat' dir='ltr'><strong>conservanda,</strong></span> <span class='ocrx_word' id='word_1_715' title='bbox 1019 4997 1175 5054; x_wconf 90' lang='lat' dir='ltr'><strong>sicuti</strong></span> <span class='ocrx_word' id='word_1_716' title='bbox 1216 4999 1510 5063; x_wconf 84' lang='lat' dir='ltr'><strong>credimus,</strong></span> <span class='ocrx_word' id='word_1_717' title='bbox 1557 5001 1719 5052; x_wconf 92' lang='lat' dir='ltr'><strong>animi</strong></span> <span class='ocrx_word' id='word_1_718' title='bbox 1761 5000 1941 5053; x_wconf 87' lang='lat' dir='ltr'><strong>bona:</strong></span> <span class='ocrx_word' id='word_1_719' title='bbox 1986 5014 2139 5052; x_wconf 78' lang='lat' dir='ltr'><strong>aver-</strong></span> 
     </span>
    </p>
   </div>
   <div class='ocr_carea' id='block_1_99' title="bbox 573 5091 2140 5160">
    <p class='ocr_par' dir='ltr' id='par_1_99' title="bbox 573 5091 2140 5160">
     <span class='ocr_line' id='line_1_99' title="bbox 573 5091 2140 5160; baseline 0 -16"><span class='ocrx_word' id='word_1_720' title='bbox 573 5096 937 5144; x_wconf 84' lang='lat' dir='ltr'><strong>runcamenta</strong></span> <span class='ocrx_word' id='word_1_721' title='bbox 973 5097 1152 5144; x_wconf 90' lang='lat' dir='ltr'><strong>autem</strong></span> <span class='ocrx_word' id='word_1_722' title='bbox 1186 5091 2140 5160; x_wconf 76' lang='lat' dir='ltr'><strong>et-depulsionesillectamentorum,</strong></span> 
     </span>
    </p>
   </div>
   <div class='ocr_carea' id='block_1_100' title="bbox 571 5180 2138 5254">
    <p class='ocr_par' dir='ltr' id='par_1_100' title="bbox 571 5180 2138 5254">
     <span class='ocr_line' id='line_1_100' title="bbox 571 5180 2138 5254; baseline 0 -17"><span class='ocrx_word' id='word_1_723' title='bbox 571 5199 692 5254; x_wconf 61' lang='lat' dir='ltr'><strong>quae</strong></span> <span class='ocrx_word' id='word_1_724' title='bbox 723 5180 1071 5236; x_wconf 90' lang='lat' dir='ltr'><strong>credentibus</strong></span> <span class='ocrx_word' id='word_1_725' title='bbox 1121 5194 1149 5233; x_wconf 88' lang='lat' dir='ltr'><strong>a</strong></span> <span class='ocrx_word' id='word_1_726' title='bbox 1204 5183 1440 5252; x_wconf 86' lang='lat' dir='ltr'><strong>maligno</strong></span> <span class='ocrx_word' id='word_1_727' title='bbox 1496 5182 1754 5237; x_wconf 86' lang='lat' dir='ltr'><strong>insidiose</strong></span> <span class='ocrx_word' id='word_1_728' title='bbox 1809 5190 2138 5238; x_wconf 86' lang='lat' dir='ltr'><strong>struuntur:</strong></span> 
     </span>
    </p>
   </div>
   <div class='ocr_carea' id='block_1_101' title="bbox 571 5270 2142 5347">
    <p class='ocr_par' dir='ltr' id='par_1_101' title="bbox 571 5270 2142 5347">
     <span class='ocr_line' id='line_1_101' title="bbox 571 5270 2142 5347; baseline -0.001 -18"><span class='ocrx_word' id='word_1_729' title='bbox 571 5275 698 5344; x_wconf 90' lang='lat' dir='ltr'><strong>quid</strong></span> <span class='ocrx_word' id='word_1_730' title='bbox 731 5270 1242 5347; x_wconf 64' lang='lat' dir='ltr'><strong>aliudJiomiuibus,</strong></span> <span class='ocrx_word' id='word_1_731' title='bbox 1268 5271 1430 5341; x_wconf 89' lang='lat' dir='ltr'><strong>idque</strong></span> <span class='ocrx_word' id='word_1_732' title='bbox 1463 5275 1638 5342; x_wconf 82' lang='lat' dir='ltr'><strong>palam</strong></span> <span class='ocrx_word' id='word_1_733' title='bbox 1663 5275 1944 5340; x_wconf 87' lang='lat' dir='ltr'><strong>inclamat,</strong></span> <span class='ocrx_word' id='word_1_734' title='bbox 1976 5289 2142 5345; x_wconf 88' lang='lat' dir='ltr'><strong>quam</strong></span> 
     </span>
    </p>
   </div>
   <div class='ocr_carea' id='block_1_102' title="bbox 573 5362 2140 5435">
    <p class='ocr_par' dir='ltr' id='par_1_102' title="bbox 573 5362 2140 5435">
     <span class='ocr_line' id='line_1_102' title="bbox 573 5362 2140 5435; baseline -0.001 -16"><span class='ocrx_word' id='word_1_735' title='bbox 573 5382 744 5435; x_wconf 79' lang='lat' dir='ltr'><strong>nugas</strong></span> <span class='ocrx_word' id='word_1_736' title='bbox 765 5363 1072 5420; x_wconf 79' lang='lat' dir='ltr'><strong>existimari</strong></span> <span class='ocrx_word' id='word_1_737' title='bbox 1097 5364 1294 5420; x_wconf 87' lang='lat' dir='ltr'><strong>debere</strong></span> <span class='ocrx_word' id='word_1_738' title='bbox 1319 5362 1754 5417; x_wconf 88' lang='lat' dir='ltr'><strong>Christianorum</strong></span> <span class='ocrx_word' id='word_1_739' title='bbox 1781 5365 2140 5435; x_wconf 89' lang='lat' dir='ltr'><strong>mysterium;</strong></span> 
     </span>
    </p>
   </div>
   <div class='ocr_carea' id='block_1_103' title="bbox 573 5456 2144 5529">
    <p class='ocr_par' dir='ltr' id='par_1_103' title="bbox 573 5456 2144 5529">
     <span class='ocr_line' id='line_1_103' title="bbox 573 5456 2144 5529; baseline 0.002 -20"><span class='ocrx_word' id='word_1_740' title='bbox 573 5457 820 5514; x_wconf 88' lang='lat' dir='ltr'><strong>deridere</strong></span> <span class='ocrx_word' id='word_1_741' title='bbox 879 5457 1197 5529; x_wconf 85' lang='lat' dir='ltr'><strong>dignitatem</strong></span> <span class='ocrx_word' id='word_1_742' title='bbox 1264 5456 1572 5511; x_wconf 88' lang='lat' dir='ltr'><strong>divinorum</strong></span> <span class='ocrx_word' id='word_1_743' title='bbox 1633 5457 1948 5522; x_wconf 88' lang='lat' dir='ltr'><strong>nominum;</strong></span> <span class='ocrx_word' id='word_1_744' title='bbox 2002 5457 2144 5512; x_wconf 84' lang='lat' dir='ltr'><strong>ludi-</strong></span> 
     </span>
    </p>
   </div>
   <div class='ocr_carea' id='block_1_104' title="bbox 576 5543 2139 5619">
    <p class='ocr_par' dir='ltr' id='par_1_104' title="bbox 576 5543 2139 5619">
     <span class='ocr_line' id='line_1_104' title="bbox 576 5543 2139 5619; baseline 0.004 -22"><span class='ocrx_word' id='word_1_745' title='bbox 576 5543 750 5598; x_wconf 85' lang='lat' dir='ltr'><strong>brium</strong></span> <span class='ocrx_word' id='word_1_746' title='bbox 794 5558 982 5614; x_wconf 86' lang='lat' dir='ltr'><strong>putare</strong></span> <span class='ocrx_word' id='word_1_747' title='bbox 1035 5547 1289 5603; x_wconf 85' lang='lat' dir='ltr'><strong>Ecclesiae</strong></span> <span class='ocrx_word' id='word_1_748' title='bbox 1328 5547 1464 5602; x_wconf 92' lang='lat' dir='ltr'><strong>ritus</strong></span> <span class='ocrx_word' id='word_1_749' title='bbox 1509 5555 1561 5600; x_wconf 85' lang='lat' dir='ltr'><strong>et</strong></span> <span class='ocrx_word' id='word_1_750' title='bbox 1616 5546 1905 5614; x_wconf 89' lang='lat' dir='ltr'><strong>instituta;</strong></span> <span class='ocrx_word' id='word_1_751' title='bbox 1946 5565 2139 5619; x_wconf 83' lang='lat' dir='ltr'><strong>nugas,</strong></span> 
     </span>
    </p>
   </div>
   <div class='ocr_carea' id='block_1_105' title="bbox 581 5635 2142 5711">
    <p class='ocr_par' dir='ltr' id='par_1_105' title="bbox 581 5635 2142 5711">
     <span class='ocr_line' id='line_1_105' title="bbox 581 5635 2142 5711; baseline 0.007 -26"><span class='ocrx_word' id='word_1_752' title='bbox 581 5635 764 5688; x_wconf 85' lang='lat' dir='ltr'><strong>nescio</strong></span> <span class='ocrx_word' id='word_1_753' title='bbox 794 5651 951 5704; x_wconf 89' lang='lat' dir='ltr'><strong>quas,</strong></span> <span class='ocrx_word' id='word_1_754' title='bbox 986 5645 1039 5692; x_wconf 89' lang='lat' dir='ltr'><strong>et</strong></span> <span class='ocrx_word' id='word_1_755' title='bbox 1069 5639 1357 5693; x_wconf 91' lang='lat' dir='ltr'><strong>stultitiam</strong></span> <span class='ocrx_word' id='word_1_756' title='bbox 1386 5638 1570 5693; x_wconf 81' lang='lat' dir='ltr'><strong>omnia</strong></span> <span class='ocrx_word' id='word_1_757' title='bbox 1603 5654 1722 5708; x_wconf 78' lang='lat' dir='ltr'><strong>qua:</strong></span> <span class='ocrx_word' id='word_1_758' title='bbox 1750 5639 1897 5694; x_wconf 86' lang='lat' dir='ltr'><strong>circa</strong></span> <span class='ocrx_word' id='word_1_759' title='bbox 1938 5649 2142 5711; x_wconf 86' lang='lat' dir='ltr'><strong>myste-</strong></span> 
     </span>
    </p>
   </div>
   <div class='ocr_carea' id='block_1_106' title="bbox 651 5800 1100 5872">
    <p class='ocr_par' dir='ltr' id='par_1_106' title="bbox 651 5800 1100 5872">
     <span class='ocr_line' id='line_1_106' title="bbox 651 5800 1100 5872; baseline 0.013 -17"><span class='ocrx_word' id='word_1_760' title='bbox 651 5800 697 5836; x_wconf 78' lang='grc'>³⁷</span> <span class='ocrx_word' id='word_1_761' title='bbox 734 5800 892 5858; x_wconf 67' lang='lat' dir='ltr'><strong>Joan.</strong></span> <span class='ocrx_word' id='word_1_762' title='bbox 930 5821 1011 5872; x_wconf 90' lang='grc' dir='ltr'>ιιι,</span> <span class='ocrx_word' id='word_1_763' title='bbox 1047 5808 1100 5861; x_wconf 80' lang='grc'><strong>5.</strong></span> 
     </span>
    </p>
   </div>
   <div class='ocr_carea' id='block_1_107' title="bbox 1210 5808 2192 5879">
    <p class='ocr_par' dir='ltr' id='par_1_107' title="bbox 1210 5808 2192 5879">
     <span class='ocr_line' id='line_1_107' title="bbox 1210 5808 2192 5879; baseline 0.002 -15"><span class='ocrx_word' id='word_1_764' title='bbox 1210 5810 1255 5844; x_wconf 74' lang='grc'><strong>’⁸</strong></span> <span class='ocrx_word' id='word_1_765' title='bbox 1294 5808 1453 5868; x_wconf 83' lang='lat' dir='ltr'><strong>Joan.</strong></span> <span class='ocrx_word' id='word_1_766' title='bbox 1489 5827 1563 5879; x_wconf 77' lang='lat' dir='ltr'><strong>vr,</strong></span> <span class='ocrx_word' id='word_1_767' title='bbox 1602 5811 1690 5866; x_wconf 83' lang='lat'><strong>55.</strong></span> <span class='ocrx_word' id='word_1_768' title='bbox 1761 5813 1804 5845; x_wconf 84' lang='grc'><strong>¹⁹</strong></span> <span class='ocrx_word' id='word_1_769' title='bbox 1843 5810 1986 5866; x_wconf 87' lang='lat' dir='ltr'><strong>Psal.</strong></span> <span class='ocrx_word' id='word_1_770' title='bbox 2027 5826 2100 5876; x_wconf 81' lang='lat' dir='ltr'><strong>tv,</strong></span> <span class='ocrx_word' id='word_1_771' title='bbox 2139 5811 2192 5866; x_wconf 75' lang='lat'><strong>3.</strong></span> 
     </span>
    </p>
   </div>
   <div class='ocr_carea' id='block_1_108' title="bbox 2248 4623 3802 4705">
    <p class='ocr_par' dir='ltr' id='par_1_108' title="bbox 2248 4623 3802 4705">
     <span class='ocr_line' id='line_1_108' title="bbox 2248 4623 3802 4705; baseline 0 -13"><span class='ocrx_word' id='word_1_772' title='bbox 2248 4638 2467 4692; x_wconf 80' lang='grc' dir='ltr'>θοῦσθαι</span> <span class='ocrx_word' id='word_1_773' title='bbox 2495 4638 2665 4705; x_wconf 75' lang='grc' dir='ltr'>λέγει,</span> <span class='ocrx_word' id='word_1_774' title='bbox 2690 4635 2820 4705; x_wconf 85' lang='grc' dir='ltr'><strong>μηδέ</strong></span> <span class='ocrx_word' id='word_1_775' title='bbox 2847 4635 2912 4687; x_wconf 80' lang='grc' dir='ltr'>τὰ</span> <span class='ocrx_word' id='word_1_776' title='bbox 2943 4631 3174 4703; x_wconf 76' lang='grc' dir='ltr'>μυστικά</span> <span class='ocrx_word' id='word_1_777' title='bbox 3209 4631 3469 4702; x_wconf 72' lang='grc' dir='ltr'>σύμϐολα</span> <span class='ocrx_word' id='word_1_778' title='bbox 3501 4623 3802 4697; x_wconf 55' lang='grc' dir='ltr'><strong>φυλακτίῇιι</strong></span> 
     </span>
    </p>
   </div>
   <div class='ocr_carea' id='block_1_109' title="bbox 2251 4709 3805 4803">
    <p class='ocr_par' dir='ltr' id='par_1_109' title="bbox 2251 4709 3805 4803">
     <span class='ocr_line' id='line_1_109' title="bbox 2251 4709 3805 4803; baseline -0.026 1"><span class='ocrx_word' id='word_1_779' title='bbox 2251 4735 2347 4803; x_wconf 61' lang='grc' dir='ltr'><strong>μέν</strong></span> <span class='ocrx_word' id='word_1_780' title='bbox 2376 4730 2484 4784; x_wconf 71' lang='grc' dir='ltr'>τῶν</span> <span class='ocrx_word' id='word_1_781' title='bbox 2534 4729 2660 4800; x_wconf 72' lang='grc' dir='ltr'>περὶ</span> <span class='ocrx_word' id='word_1_782' title='bbox 2700 4727 2796 4798; x_wconf 70' lang='grc' dir='ltr'>τὴν</span> <span class='ocrx_word' id='word_1_783' title='bbox 2822 4726 2995 4795; x_wconf 70' lang='grc' dir='ltr'>ψυχὴν</span> <span class='ocrx_word' id='word_1_784' title='bbox 3023 4722 3268 4791; x_wconf 73' lang='grc' dir='ltr'>ἀγαθῶν,</span> <span class='ocrx_word' id='word_1_785' title='bbox 3325 4723 3516 4783; x_wconf 71' lang='grc' dir='ltr'>καθὼς</span> <span class='ocrx_word' id='word_1_786' title='bbox 3553 4709 3805 4771; x_wconf 73' lang='grc' dir='ltr'>πεπιστεὺσ</span> 
     </span>
    </p>
   </div>
   <div class='ocr_carea' id='block_1_110' title="bbox 2248 4800 3803 4892">
    <p class='ocr_par' dir='ltr' id='par_1_110' title="bbox 2248 4800 3803 4892">
     <span class='ocr_line' id='line_1_110' title="bbox 2248 4800 3803 4892; baseline -0.013 -16"><span class='ocrx_word' id='word_1_787' title='bbox 2248 4800 2442 4892; x_wconf 81' lang='grc' dir='ltr'>καμεν,</span> <span class='ocrx_word' id='word_1_788' title='bbox 2472 4821 2714 4890; x_wconf 84' lang='grc' dir='ltr'>γίνεσθαι</span> <span class='ocrx_word' id='word_1_789' title='bbox 2735 4835 2746 4846; x_wconf 84' lang='lat'><strong><em>°</em></strong></span> <span class='ocrx_word' id='word_1_790' title='bbox 2785 4816 3127 4886; x_wconf 73' lang='grc' dir='ltr'>ἀποτρόπαια</span> <span class='ocrx_word' id='word_1_791' title='bbox 3159 4814 3216 4867; x_wconf 82' lang='grc' dir='ltr'>δὲ</span> <span class='ocrx_word' id='word_1_792' title='bbox 3250 4814 3367 4866; x_wconf 87' lang='grc' dir='ltr'><strong>τῶν</strong></span> <span class='ocrx_word' id='word_1_793' title='bbox 3394 4813 3518 4866; x_wconf 84' lang='grc' dir='ltr'>κατ’</span> <span class='ocrx_word' id='word_1_794' title='bbox 3551 4800 3803 4892; x_wconf 59' lang='grc' dir='ltr'>ἐπιϐουλὴν</span> 
     </span>
    </p>
   </div>
   <div class='ocr_carea' id='block_1_111' title="bbox 2246 4891 3808 4982">
    <p class='ocr_par' dir='ltr' id='par_1_111' title="bbox 2246 4891 3808 4982">
     <span class='ocr_line' id='line_1_111' title="bbox 2246 4891 3808 4982; baseline -0.012 -17"><span class='ocrx_word' id='word_1_795' title='bbox 2246 4912 2339 4965; x_wconf 78' lang='grc' dir='ltr'><strong>τοῦ</strong></span> <span class='ocrx_word' id='word_1_796' title='bbox 2362 4909 2597 4982; x_wconf 69' lang='grc' dir='ltr'>πονηροῦ</span> <span class='ocrx_word' id='word_1_797' title='bbox 2619 4912 2729 4971; x_wconf 84' lang='grc' dir='ltr'>τοῖς</span> <span class='ocrx_word' id='word_1_798' title='bbox 2759 4904 3171 4960; x_wconf 82' lang='grc' dir='ltr'>πεπιστευκόσιν</span> <span class='ocrx_word' id='word_1_799' title='bbox 3201 4903 3612 4972; x_wconf 81' lang='grc' dir='ltr'>ἐπαγομένων·</span> <span class='ocrx_word' id='word_1_800' title='bbox 3643 4896 3688 4949; x_wconf 82' lang='grc' dir='ltr'><strong>τί</strong></span> <span class='ocrx_word' id='word_1_801' title='bbox 3705 4891 3808 4948; x_wconf 74' lang='grc' dir='ltr'>ἄλλο</span> 
     </span>
    </p>
   </div>
   <div class='ocr_carea' id='block_1_112' title="bbox 2248 4985 3805 5071">
    <p class='ocr_par' dir='ltr' id='par_1_112' title="bbox 2248 4985 3805 5071">
     <span class='ocr_line' id='line_1_112' title="bbox 2248 4985 3805 5071; baseline -0.012 -15"><span class='ocrx_word' id='word_1_802' title='bbox 2248 5003 2339 5055; x_wconf 73' lang='grc' dir='ltr'>καὶ</span> <span class='ocrx_word' id='word_1_803' title='bbox 2372 5003 2492 5071; x_wconf 72' lang='grc' dir='ltr'>οὐχὶ</span> <span class='ocrx_word' id='word_1_804' title='bbox 2519 4999 2763 5070; x_wconf 88' lang='grc' dir='ltr'>φανερῶς</span> <span class='ocrx_word' id='word_1_805' title='bbox 2793 4997 2962 5067; x_wconf 75' lang='grc' dir='ltr'>ἐμϐοᾷ</span> <span class='ocrx_word' id='word_1_806' title='bbox 2985 4999 3096 5060; x_wconf 76' lang='grc' dir='ltr'>τοῖς</span> <span class='ocrx_word' id='word_1_807' title='bbox 3121 4995 3470 5065; x_wconf 82' lang='grc' dir='ltr'>ἀνθρώποις,</span> <span class='ocrx_word' id='word_1_808' title='bbox 3500 4994 3659 5062; x_wconf 82' lang='grc' dir='ltr'>λῆρον</span> <span class='ocrx_word' id='word_1_809' title='bbox 3681 4985 3805 5058; x_wconf 75' lang='grc' dir='ltr'>ἡγεῖ·</span> 
     </span>
    </p>
   </div>
   <div class='ocr_carea' id='block_1_113' title="bbox 2248 5073 3811 5162">
    <p class='ocr_par' dir='ltr' id='par_1_113' title="bbox 2248 5073 3811 5162">
     <span class='ocr_line' id='line_1_113' title="bbox 2248 5073 3811 5162; baseline -0.009 -16"><span class='ocrx_word' id='word_1_810' title='bbox 2248 5095 2369 5146; x_wconf 85' lang='grc' dir='ltr'>σθαι</span> <span class='ocrx_word' id='word_1_811' title='bbox 2415 5093 2522 5145; x_wconf 90' lang='grc' dir='ltr'><strong>τῶν</strong></span> <span class='ocrx_word' id='word_1_812' title='bbox 2555 5088 2891 5162; x_wconf 87' lang='grc' dir='ltr'>Χριστιανῶν</span> <span class='ocrx_word' id='word_1_813' title='bbox 2927 5086 2987 5140; x_wconf 77' lang='grc' dir='ltr'>τὸ</span> <span class='ocrx_word' id='word_1_814' title='bbox 3019 5086 3354 5157; x_wconf 82' lang='grc' dir='ltr'>μυστήριον,</span> <span class='ocrx_word' id='word_1_815' title='bbox 3399 5081 3705 5151; x_wconf 83' lang='grc' dir='ltr'>καταγελᾷν</span> <span class='ocrx_word' id='word_1_816' title='bbox 3730 5073 3811 5139; x_wconf 77' lang='grc' dir='ltr'><strong>τῆς</strong></span> 
     </span>
    </p>
   </div>
   <div class='ocr_carea' id='block_1_114' title="bbox 2247 5165 3810 5256">
    <p class='ocr_par' dir='ltr' id='par_1_114' title="bbox 2247 5165 3810 5256">
     <span class='ocr_line' id='line_1_114' title="bbox 2247 5165 3810 5256; baseline -0.013 -18"><span class='ocrx_word' id='word_1_817' title='bbox 2247 5184 2572 5256; x_wconf 72' lang='grc' dir='ltr'>σεμνότητος</span> <span class='ocrx_word' id='word_1_818' title='bbox 2616 5181 2722 5235; x_wconf 86' lang='grc' dir='ltr'><strong>τῶν</strong></span> <span class='ocrx_word' id='word_1_819' title='bbox 2774 5179 2931 5233; x_wconf 89' lang='grc' dir='ltr'>θείων</span> <span class='ocrx_word' id='word_1_820' title='bbox 2971 5177 3294 5247; x_wconf 87' lang='grc' dir='ltr'>ὀνομάτων,</span> <span class='ocrx_word' id='word_1_821' title='bbox 3341 5177 3601 5243; x_wconf 77' lang='grc' dir='ltr'>παίγνιον</span> <span class='ocrx_word' id='word_1_822' title='bbox 3631 5165 3810 5224; x_wconf 73' lang='grc' dir='ltr'>οἴεσθαι</span> 
     </span>
    </p>
   </div>
   <div class='ocr_carea' id='block_1_115' title="bbox 2243 5259 3815 5346">
    <p class='ocr_par' dir='ltr' id='par_1_115' title="bbox 2243 5259 3815 5346">
     <span class='ocr_line' id='line_1_115' title="bbox 2243 5259 3815 5346; baseline -0.012 -15"><span class='ocrx_word' id='word_1_823' title='bbox 2243 5277 2312 5330; x_wconf 67' lang='grc' dir='ltr'>τὰ</span> <span class='ocrx_word' id='word_1_824' title='bbox 2349 5275 2445 5346; x_wconf 80' lang='grc' dir='ltr'>τῆς</span> <span class='ocrx_word' id='word_1_825' title='bbox 2484 5272 2805 5343; x_wconf 82' lang='grc' dir='ltr'>Ἐκκλησίας</span> <span class='ocrx_word' id='word_1_826' title='bbox 2835 5270 2951 5340; x_wconf 74' lang='grc' dir='ltr'>ἔθη,</span> <span class='ocrx_word' id='word_1_827' title='bbox 3002 5266 3276 5339; x_wconf 80' lang='grc' dir='ltr'>φλυαρίαν</span> <span class='ocrx_word' id='word_1_828' title='bbox 3316 5267 3447 5321; x_wconf 73' lang='grc' dir='ltr'>τινὰ</span> <span class='ocrx_word' id='word_1_829' title='bbox 3493 5267 3589 5321; x_wconf 72' lang='grc' dir='ltr'><strong>καὶ</strong></span> <span class='ocrx_word' id='word_1_830' title='bbox 3631 5259 3815 5333; x_wconf 83' lang='grc' dir='ltr'>μωρίαν</span> 
     </span>
    </p>
   </div>
   <div class='ocr_carea' id='block_1_116' title="bbox 2247 5349 3816 5446">
    <p class='ocr_par' dir='ltr' id='par_1_116' title="bbox 2247 5349 3816 5446">
     <span class='ocr_line' id='line_1_116' title="bbox 2247 5349 3816 5446; baseline -0.016 -23"><span class='ocrx_word' id='word_1_831' title='bbox 2247 5372 2314 5423; x_wconf 74' lang='grc' dir='ltr'>τὰ</span> <span class='ocrx_word' id='word_1_832' title='bbox 2337 5370 2478 5422; x_wconf 83' lang='grc' dir='ltr'>κατὰ</span> <span class='ocrx_word' id='word_1_833' title='bbox 2509 5367 2569 5420; x_wconf 80' lang='grc' dir='ltr'>τὸ</span> <span class='ocrx_word' id='word_1_834' title='bbox 2600 5365 2895 5437; x_wconf 81' lang='grc' dir='ltr'>μυστήριον</span> <span class='ocrx_word' id='word_1_835' title='bbox 2925 5359 3300 5433; x_wconf 86' lang='grc' dir='ltr'>ἐνεργούμενα</span> <span class='ocrx_word' id='word_1_836' title='bbox 3340 5361 3560 5420; x_wconf 83' lang='grc' dir='ltr'>πάντα;</span> <span class='ocrx_word' id='word_1_837' title='bbox 3591 5357 3654 5408; x_wconf 81' lang='lat' dir='ltr'><strong>Ti</strong></span> <span class='ocrx_word' id='word_1_838' title='bbox 3678 5349 3816 5446; x_wconf 61' lang='grc' dir='ltr'>πλέον</span> 
     </span>
    </p>
   </div>
   <div class='ocr_carea' id='block_1_117' title="bbox 2249 5446 3820 5530">
    <p class='ocr_par' dir='ltr' id='par_1_117' title="bbox 2249 5446 3820 5530">
     <span class='ocr_line' id='line_1_117' title="bbox 2249 5446 3820 5530; baseline -0.013 -16"><span class='ocrx_word' id='word_1_839' title='bbox 2249 5464 2294 5514; x_wconf 77' lang='grc' dir='ltr'>οἱ</span> <span class='ocrx_word' id='word_1_840' title='bbox 2346 5459 2423 5530; x_wconf 84' lang='grc' dir='ltr'><strong>τῷ</strong></span> <span class='ocrx_word' id='word_1_841' title='bbox 2473 5454 2812 5527; x_wconf 81' lang='grc' dir='ltr'>Ἑλληνισμῷ</span> <span class='ocrx_word' id='word_1_842' title='bbox 2853 5452 3261 5523; x_wconf 82' lang='grc' dir='ltr'>παραμένοντες</span> <span class='ocrx_word' id='word_1_843' title='bbox 3313 5451 3400 5513; x_wconf 79' lang='grc' dir='ltr'>εἰς</span> <span class='ocrx_word' id='word_1_844' title='bbox 3448 5446 3700 5516; x_wconf 77' lang='grc' dir='ltr'>διαϐολὴν</span> <span class='ocrx_word' id='word_1_845' title='bbox 3743 5456 3820 5530; x_wconf 56' lang='grc' dir='ltr'>τινα</span> 
     </span>
    </p>
   </div>
   <div class='ocr_carea' id='block_1_118' title="bbox 2249 5528 3821 5620">
    <p class='ocr_par' dir='ltr' id='par_1_118' title="bbox 2249 5528 3821 5620">
     <span class='ocr_line' id='line_1_118' title="bbox 2249 5528 3821 5620; baseline -0.013 -16"><span class='ocrx_word' id='word_1_846' title='bbox 2249 5550 2368 5604; x_wconf 85' lang='grc' dir='ltr'>καθ’</span> <span class='ocrx_word' id='word_1_847' title='bbox 2398 5528 2546 5620; x_wconf 65' lang='grc' dir='ltr'>ἡμᾶς</span> <span class='ocrx_word' id='word_1_848' title='bbox 2581 5544 2910 5617; x_wconf 83' lang='grc' dir='ltr'>προφέρουσι</span> <span class='ocrx_word' id='word_1_849' title='bbox 2941 5541 3202 5610; x_wconf 85' lang='grc' dir='ltr'>δόγματος</span> <span class='ocrx_word' id='word_1_850' title='bbox 3229 5554 3244 5602; x_wconf 92' lang='grc'><strong>;</strong></span> <span class='ocrx_word' id='word_1_851' title='bbox 3303 5539 3450 5607; x_wconf 70' lang='grc' dir='ltr'><strong>Οὐχὶ</strong></span> <span class='ocrx_word' id='word_1_852' title='bbox 3482 5537 3718 5590; x_wconf 72' lang='grc' dir='ltr'>κάκεῖνοι</span> <span class='ocrx_word' id='word_1_853' title='bbox 3745 5528 3821 5595; x_wconf 77' lang='grc' dir='ltr'><strong>γέ-</strong></span> 
     </span>
    </p>
   </div>
   <div class='ocr_carea' id='block_1_119' title="bbox 2247 5626 3828 5710">
    <p class='ocr_par' dir='ltr' id='par_1_119' title="bbox 2247 5626 3828 5710">
     <span class='ocr_line' id='line_1_119' title="bbox 2247 5626 3828 5710; baseline -0.011 -14"><span class='ocrx_word' id='word_1_854' title='bbox 2247 5642 2414 5705; x_wconf 79' lang='grc' dir='ltr'>λωτος</span> <span class='ocrx_word' id='word_1_855' title='bbox 2461 5637 2710 5710; x_wconf 82' lang='grc' dir='ltr'>ἀφορμὴν</span> <span class='ocrx_word' id='word_1_856' title='bbox 2747 5637 2807 5689; x_wconf 82' lang='grc' dir='ltr'><strong>τὸ</strong></span> <span class='ocrx_word' id='word_1_857' title='bbox 2853 5633 3044 5705; x_wconf 71' lang='grc' dir='ltr'>σεμνὸν</span> <span class='ocrx_word' id='word_1_858' title='bbox 3077 5626 3369 5685; x_wconf 79' lang='grc' dir='ltr'>ποιοῦνται</span> <span class='ocrx_word' id='word_1_859' title='bbox 3403 5628 3516 5682; x_wconf 89' lang='grc' dir='ltr'><strong>τῶν</strong></span> <span class='ocrx_word' id='word_1_860' title='bbox 3547 5626 3828 5696; x_wconf 65' lang='grc' dir='ltr'>ὀνομάτωνι</span> 
     </span>
    </p>
   </div>
  </div>
