4054 6152
335 205 433 261 881

1424 220 1703 276 CONTRA
1747 223 2133 290 EUNOMIUM,
2166 229 2292 286 LIB.
2337 234 2425 290 Xl.

3471 245 3586 303 882

331 324 389 378 ἂν
419 319 498 390 οἷς
525 327 557 396 ή
587 327 764 392 πίστις
791 331 1128 400 κρατύνεται,
1160 338 1251 390 καὶ
1269 339 1674 409 διαχλευάζουσι
1701 348 1769 396 τά
1801 361 1902 416 μυ-

2019 350 2143 405 rium
2173 352 2485 410 efficiuntur
2513 356 2534 408 ?
2561 356 2700 422 Quid
2734 358 2966 428 amplius
3000 359 3072 414 illi
3103 361 3195 430 qui
3245 361 3298 416 in
3339 360 3574 419 Helleni-

333 417 496 470 στικά
522 420 781 503 σύμϐολα,
813 423 904 475 καὶ¹
936 426 1002 477 τά
1042 426 1440 500 διατηρούμενα
1485 434 1634 503 παρὰ
1671 436 1778 506 τῶν
1811 455 1906 506 με·

337 513 630 581 μυημένων
662 514 790 585 ἕθη;
825 516 895 568 Τὸ
921 517 976 569 δὲ
1008 520 1065 571 ὲν
1097 521 1325 593 δόγμασι
1351 525 1460 577 δεῖν
1497 527 1676 596 μόνοις
1701 526 1906 580 οἴεσθαι

331 601 432 671 τὴν
459 604 737 658 εὐσέϐειαν
772 602 930 671 εἶναι,
963 609 1105 673 τίνος
1131 611 1301 677 οὕτως
1330 615 1460 668 ἴδιον
1486 616 1560 679 ὡς
1583 617 1690 669 τῶν
1730 617 1909 688 Ἐλλή-

333 716 440 751 νων
464 717 477 762 ;
519 701 670 753 Ἐπεὶ
697 704 936 758 κάκεῖνοί
963 723 1124 773 φασιν
1152 703 1293 762 εἷναί
1334 728 1384 762 τι
1416 711 1555 764 κατὰ
1583 713 1680 783 τὴν
1701 713 1907 766 ὲαυτῶν

332 789 601 860 ὑπόληψιν
653 793 746 845 τοῦ
795 795 1145 866 κηρύγματος
1191 799 1346 869 ἡμῶν
1395 802 1780 875 πιθανώτερον,
1816 805 1905 858 καί

332 900 452 936 τινα
486 884 655 954 μέγαν
704 886 763 950 ἐξ
791 888 968 941 αὐτῶν
993 907 1135 954 τινες
1165 892 1504 947 ὑποτίθενται
1547 895 1698 958 Θεὸν,
1742 898 1906 968 ὑπερο

334 977 666 1047 ανεστηκότα
694 979 800 1031 τῶν
846 981 1019 1034 ἄλλων
1053 984 1147 1036 καὶ
1197 986 1534 1056 ὑποχειρίους
1573 987 1722 1050 τινάς
1748 988 1906 1042 δυνά-

339 1085 460 1136 μεις
511 1069 853 1139 ὁμολογοῦσι,
901 1073 987 1126 διά
1031 1092 1170 1135 τινος
1214 1076 1416 1143 τάξεως
1446 1079 1537 1130 καὶ
1565 1078 1904 1142 ἀκολουθίας,

336 1159 578 1229 ἀλλήλων
615 1162 712 1230 μὲν
749 1162 883 1232 πρὸς
915 1164 975 1217 τὸ
1040 1166 1226 1234 μεῖζον
1266 1167 1298 1236 ἢ
1342 1168 1760 1239 καταδεέστερον
1796 1169 1908 1222 δια-

337 1251 625 1320 φερούσας,
659 1251 1066 1324 ὑπεζευγμένας
1092 1257 1149 1309 δὲ
1179 1257 1358 1321 πάσας
1383 1259 1577 1330 ἐπίσης
1609 1260 1686 1330 τῷ
1717 1261 1909 1331 ὑπερέ-

337 1361 505 1412 χοντι.
547 1344 739 1400 Ταῦτα
761 1347 939 1400 τοίνυν
970 1349 1064 1401 καὶ
1097 1351 1144 1401 οἱ
1179 1350 1487 1419 καθηγηταί
1525 1352 1624 1421 τῆς
1666 1351 1791 1415 νέας
1835 1355 1910 1406 εἰ·

335 1435 724 1507 δωλολατρείας
750 1439 1080 1509 κηρύσσουσι
1105 1456 1120 1470 ·
1159 1441 1251 1494 καὶ
1279 1443 1339 1494 οὐ
1375 1442 1673 1496 δεδοίκασιν
1705 1445 1752 1496 οἱ
1787 1443 1908 1496 ἑπό-

341 1545 492 1596 μενοι
512 1530 606 1599 τὴν
629 1531 979 1602 ἐπικειμένην
999 1534 1109 1596 τοῖς
1132 1533 1541 1604 παραϐεϐηκόσι
1567 1536 1909 1604 κατάκρισιν.

341 1618 552 1688 ’Ὠσπερ
598 1621 659 1672 οὐ
709 1621 996 1690 συνιέντες,
1041 1625 1124 1676 ὅτι
1167 1625 1227 1676 τὸ
1259 1623 1404 1695 ἔργῳ
1449 1643 1499 1678 τι
1543 1627 1765 1696 ποιῆσαι
1803 1627 1910 1678 τῶν

336 1709 584 1772 ἀτόπων,
631 1712 723 1764 τοῦ
760 1713 848 1767 διὰ
893 1717 1134 1786 ῥήματος
1187 1718 1508 1788 ἐξαμαρτεῖν
1565 1719 1722 1788 μόνον
1762 1721 1912 1790 παρά

339 1802 474 1855 πολὺ
503 1803 898 1876 χαλεπώτερον.
950 1809 1011 1860 Oi
1053 1808 1229 1860 τοίνυν
1279 1808 1425 1879 ἔργῳ
1473 1809 1569 1879 μὲν
1606 1809 1702 1879 τὴν
1734 1810 1912 1864 πίστιν

337 1893 690 1963 ἀρνούμενοι,
738 1899 832 1951 καὶ
873 1898 939 1952 τά
973 1898 1070 1969 ἔθη
1114 1901 1457 1967 φαυλίζοντες
1482 1944 1498 1968 ,
1543 1905 1635 1956 καὶ
1680 1905 1776 1976 τὴν
1807 1905 1913 1956 τῶν

335 1984 616 2053 ὀνομάτων
661 1989 950 2058 ὁμολογίαν
1001 1992 1394 2062 περιορῶντες,
1435 1996 1527 2046 καὶ
1571 1996 1659 2048 τὸν
1705 1997 1768 2047 ὲκ
1807 1994 1911 2048 τῶν

342 2077 614 2144 μυστικῶν
637 2079 917 2148 συμϐόλων
948 2081 1212 2153 ἀγιασμὸν
1242 2085 1356 2136 ἀντ’
1385 2086 1595 2148 οὖδενὺς
1631 2079 1768 2138 εἶναι
1799 2082 1916 2156 xpl-

339 2187 555 2232 νοντεςο
612 2174 748 2242 πρὸς
788 2173 845 2227 δὲ
899 2176 968 2228 τὰ
1016 2178 1377 2248 σεσοφισμένα
1430 2180 1648 2248 ῥήματα
1701 2178 1914 2247 βλέπειν

339 2262 776 2329 ἀναπεισθέντες,
801 2267 893 2320 καὶ
918 2269 975 2320 ὲν
1005 2271 1068 2339 τῇ
1099 2269 1192 2321 τοῦ
1213 2270 1470 2340 γεννητοῦ
1497 2271 1589 2322 καὶ
1619 2273 1912 2341 ἀγεννήτου

340 2353 651 2425 τεχνολογίᾳ
693 2355 790 2426 τὴν
836 2358 1109 2428 σωτηρίαν
1140 2353 1280 2412 εἶναι
1318 2358 1645 2428 νομίζοντες,
1695 2361 1745 2412 τί
1788 2360 1913 2413 ἄλλο

343 2445 435 2496 καὶ
447 2445 564 2515 οὐχὶ
581 2445 892 2516 παραϐάται
911 2447 1020 2501 τῶν
1039 2449 1136 2518 τῆς
1155 2449 1427 2518 σωτηρίας
1442 2448 1722 2518 δογμάτων
1738 2449 1872 2501 εἰσίν
1897 2465 1910 2512 ;

2007 458 2128 497 smo
2176 455 2513 514 permanent,
2546 447 2612 502 ad
2665 449 2998 503 calumniam
3055 460 3258 507 nostra:
3314 454 3577 510 doctrina)

2005 533 2339 599 proferunt?
2368 534 2485 609 Non
2510 546 2564 592 et
2585 537 2663 591 illi
2701 538 2846 594 risus
2879 541 3225 596 occasionem
3294 543 3583 597 nominum

2009 626 2368 690 venerandam
2424 627 2740 699 dignitatem
2807 629 3035 694 faciunt,
3075 632 3128 684 in
3186 633 3380 700 quibus
3446 632 3583 690 fides

2008 716 2450 786 cqnfirniatur,et
2484 721 2826 775 subsannant
2852 723 3080 792 mystica
3110 723 3379 794 symbols,
3412 725 3580 778 ritus-

2008 823 2114 876 que
2146 817 2199 862 et
2220 810 2467 865 instituta
2495 828 2615 880 qua:
2642 813 2710 868 ab
2743 813 2970 868 initiatis
2995 815 3353 869 observantur
3378 815 3400 868 ἲ
3421 814 3577 880 Quod

2009 907 2188 953 autem
2227 901 2280 954 in
2332 902 2565 956 decretis
2600 911 2850 972 oporteat
2895 905 3028 958 solis
3091 913 3280 974 putare
3321 907 3575 974 pietatem

2009 992 2331 1058 consistere,
2385 994 2544 1062 cujus
2604 995 2683 1050 sic
2722 997 3002 1065 proprium
3068 997 3210 1052 sicut
3265 999 3576 1052 Grecorum
3620 1063 3636 1078 ο

2009 1081 2426 1149 est?Quoniam
2461 1087 2625 1140 etiam
2683 1087 2759 1141 illi
2819 1089 2996 1152 aiunt,
3064 1089 3364 1144 secundum
3422 1104 3578 1143 suam

2009 1176 2322 1245 opinionem
2354 1176 2561 1247 aliquid
2603 1193 2724 1234 esse
2757 1186 2944 1234 nostra
2975 1179 3360 1249 prazdicatione
3387 1180 3580 1248 proba-

2012 1267 2215 1321 bilius:
2251 1268 2542 1338 quemdam
2585 1284 2841 1338 magnum
2875 1285 2938 1324 ex
2975 1270 3110 1339 ipsis
3153 1269 3373 1340 quidam
3411 1268 3576 1323 Deum

2011 1367 2343 1426 supponunt,
2382 1359 2503 1414 aliis
2544 1361 3063 1430 supereminentem,
3114 1366 3278 1428 atque
3309 1357 3582 1426 subjectus

2013 1449 2090 1502 illi
2129 1448 2393 1518 quasdam
2429 1459 2726 1519 potestates
2759 1453 3093 1507 confitentur
3123 1451 3318 1506 ordine
3347 1451 3581 1520 quodam

2011 1551 2064 1596 et
2112 1541 2253 1598 serie
2294 1541 2436 1596 inter
2477 1557 2534 1596 se
2587 1543 2886 1598 secundum
2945 1543 3125 1612 majus
3201 1544 3286 1598 vel
3354 1543 3585 1596 inferius

2013 1634 2363 1700 differentes,
2420 1634 2699 1703 subjectas
2751 1642 2930 1689 autem
2967 1650 3157 1690 omnes
3215 1634 3498 1703 :equaliter
3533 1632 3582 1687 ei

2018 1724 2110 1794 qui
2171 1725 2555 1794 supereminet.
2616 1725 2741 1781 Haec
2773 1726 2992 1795 quidem
3046 1739 3200 1778 novae
3265 1723 3586 1777 idololatriae

2022 1817 2264 1886 magistri
2297 1817 2611 1886 praedicant,
2644 1833 2819 1887 neque
2851 1823 3110 1881 verentur
3145 1815 3340 1868 docere
3375 1812 3450 1865 illi
3495 1812 3584 1880 qui

2021 1908 2136 1962 haec
2180 1919 2502 1978 sequuntur,
2542 1908 3040 1978 transgressoribus
3071 1903 3582 1960 condemnationem

2019 1995 2320 2052 imminere.
2379 1997 2546 2062 Quasi
2605 2013 2713 2052 non
2772 1997 3111 2066 intelligant,
3177 1992 3324 2063 quod
3377 1989 3585 2060 aliquid

2022 2087 2320 2143 absurdum
2384 2091 2527 2144 facto
2587 2097 2938 2160 perpetrare,
2995 2089 3166 2141 multo
3229 2086 3448 2156 gravius
3507 2091 3589 2138 est

2021 2195 2182 2247 quam
2215 2179 2382 2233 verbo
2413 2181 2530 2235 solo
2559 2193 2805 2248 peccare.
2841 2177 2942 2243 Qui
2977 2177 3142 2246 igitur
3176 2175 3321 2228 facto
3368 2171 3586 2242 quidem

2021 2269 2178 2324 fidem
2212 2277 2430 2340 negant,
2462 2277 2516 2324 et
2546 2269 2792 2324 instituta
2822 2284 2883 2321 ac
2915 2268 3053 2322 ritus
3085 2265 3235 2336 parvi
3281 2263 3508 2320 faciunt.
3537 2269 3588 2314 et

2020 2360 2302 2413 nominum
2339 2358 2738 2414 confessionem
2767 2358 3095 2426 despiciunt,
3124 2343 3178 2410 et
3222 2371 3286 2409 ex
3348 2351 3589 2424 mysticis

2019 2451 2282 2521 symbolis
2335 2451 2824 2505 sanctificatiouem
2890 2465 2987 2518 pro
3027 2447 3199 2501 nihilo
3257 2446 3486 2504 ducunt,
3523 2442 3588 2494 ad

344 2539 504 2592 docta
533 2541 696 2595 verba
725 2543 995 2612 respicere
1026 2542 1298 2613 persuasi,
1333 2551 1388 2596 et
1438 2542 1492 2596 in
1547 2543 1714 2611 geniti
1790 2552 1958 2612 atque
2029 2545 2257 2616 ingeniti
2317 2545 2616 2600 artificioso
2678 2560 2928 2600 sermone
2996 2544 3227 2597 salutem
3293 2539 3591 2595 consistere

342 2633 648 2700 opinantes,
699 2632 828 2700 quid
860 2633 1005 2687 aliud
1061 2641 1212 2697 sunt,
1264 2650 1426 2702 quam
1469 2643 1911 2704 transgressores
1949 2636 2406 2693 documentorum
2441 2638 2679 2694 salutis?

412 2724 474 2774 El
505 2722 562 2776 δέ
587 2740 670 2784 τις
693 2722 862 2778 οἴεται
882 2724 1052 2778 ταῦτα
1080 2725 1218 2778 κατά
1242 2743 1360 2777 τινα
1389 2725 1753 2794 συκοφαντίαν
1781 2725 1908 2796 παρ’

340 2816 374 2882 ἠ
385 2813 501 2883 μῶν
530 2815 710 2875 αὐτοῖς
740 2814 1118 2884 ἐπιφέρεσθαι,
1156 2816 1276 2868 καθ’
1320 2817 1508 2868 ἑαυτὸν
1533 2816 1914 2885 διασκεψάσθω

2081 2728 2235 2794 Quod
2267 2731 2309 2783 si
2343 2731 2465 2798 quis
2499 2737 2648 2798 putat
2679 2728 2792 2781 hinc
2823 2742 2851 2778 ει
2875 2723 3031 2778 nobis
3059 2720 3329 2776 calumnia
3359 2718 3590 2790 quadam

2020 2825 2155 2894 ipsis
2186 2824 2394 2888 inferri,
2427 2840 2544 2894 quae
2571 2823 2638 2877 ab
2673 2823 2791 2892 ipso
2817 2821 3018 2890 scripta
3071 2824 3220 2878 sunt,
3253 2829 3347 2885 per
3383 2830 3441 2868 se
3473 2813 3592 2883 ipse

341 2903 411 2954 τὰ
443 2902 572 2971 παρ’
604 2902 767 2955 αὑτοῦ
803 2904 1186 2974 γεγραμμένα,
1228 2905 1297 2958 τά
1326 2922 1384 2957 τε
1420 2906 1751 2974 προτεθέντα
1784 2907 1916 2974 ἡμῖν

2021 2916 2345 2980 consideret,
2371 2923 2424 2970 ct
2448 2930 2566 2985 quae
2587 2915 2744 2968 nobis
2761 2912 2827 2966 ad
2861 2926 3088 2966 examen
3119 2909 3397 2978 proposita
3433 2911 3590 2969 sunt,

344 2994 424 3054 εἰς
451 2992 716 3057 ἐξέτασιν,
761 2993 856 3047 καὶ
899 2993 996 3046 ὅσα
1029 2995 1168 3047 κατά
1206 2995 1267 3047 τὸ
1297 2994 1586 3048 ἀκόλουθον
1619 2997 1730 3057 τοῖς
1764 2997 1916 3064 εἰρη-

350 3085 536 3152 μένοις
585 3085 864 3149 ὲπάγεται.
915 3087 1052 3152 Φησὶ
1097 3085 1206 3156 γὰρ
1236 3087 1326 3139 τὸν
1371 3085 1464 3138 τοῦ
1515 3085 1716 3155 Κυρίου
1759 3084 1918 3153 νόμον

346 3175 842 3245 παραγραφόμενος
895 3176 1079 3246 (νόμος
1108 3177 1214 3248 γάρ
1257 3179 1401 3229 ἐστιν
1433 3179 1465 3246 ἠ
1497 3176 1596 3247 τῆς
1629 3175 1778 3238 θείας
1817 3193 1917 3245 μυ-

349 3267 658 3336 σταγωγίας
697 3267 1023 3337 παράδοσις)
1070 3269 1143 3339 μὴ
1190 3271 1267 3332 εἰς
1317 3270 1535 3340 Πατέρα
1561 3286 1617 3322 τε
1657 3271 1750 3322 καὶ
1794 3269 1920 3321 Υίὸν

346 3357 442 3410 καὶ
474 3355 628 3424 ἅγιον
668 3356 889 3427 Πνεῦμα
918 3357 978 3410 τὸ
1009 3357 1292 3428 βάπτισμα
1323 3357 1586 3425 γίνεσθαι,
1619 3357 1801 3422 καθὼς
1835 3359 1918 3410 ἐν·

348 3448 586 3502 ετείλατο
608 3453 716 3512 τοῖς
737 3449 1004 3521 μαθηταῖς
1019 3451 1336 3521 παραδιδοὺς
1361 3451 1419 3503 τὸ
1445 3453 1737 3524 μυστήριον
1758 3467 1772 3482 ο
1807 3451 1918 3504 ἀλλ’

348 3543 426 3604 είς
455 3541 783 3612 δημιουργὸν
835 3541 927 3594 καὶ
972 3541 1214 3610 κτίστην,
1263 3541 1357 3594 καὶ
1396 3543 1456 3594 οὐ
1511 3543 1669 3610 μόνον
1704 3540 1922 3610 Πατέρα

347 3634 483 3703 φησὶ
523 3635 617 3687 τοῦ
667 3632 1019 3703 Μονογενοῦς,
1064 3634 1200 3687 ἀλλὰ
1230 3635 1323 3687 καὶ
1349 3633 1501 3687 Θεόν.
1535 3637 1598 3688 Ὤ
1626 3635 1653 3686 ὁ
1687 3632 1918 3695 ποτίζων

346 3727 438 3779 τὸν
469 3725 693 3796 πλησίον
723 3726 884 3778 αὐτοῦ
916 3727 1228 3797 ἀνατροπὴν
1259 3725 1484 3795 θολεράν
1509 3727 1520 3777 !
1559 3725 1682 3788 Πῶς
1724 3727 1922 3778 ἀνατα-

349 3819 544 3887 ράσσει
583 3820 649 3888 τῇ
699 3817 916 3869 uaeas:
945 3817 1228 3889 προσθήκῃ
1260 3819 1354 3871 καὶ
1382 3817 1630 3880 ἀναθολοῖ
1662 3815 1757 3886 τὴν
1790 3816 1922 3885 ἀλήο

347 3905 536 3961 θειανι
570 3906 692 3970 Πῶς
722 3907 781 3959 οὐ
829 3906 1030 3960 δέδοικε
1075 3908 1175 3978 τὴν
1218 3908 1568 3978 ἐπικειμένην
1601 3906 1741 3977 ἀράν
1784 3906 1924 3958 κατὰ

345 3999 458 4052 τῶν
493 3998 890 4070 προστιθέντων
917 4016 968 4051 τι
993 4001 1112 4062 ταῖς
1147 3998 1319 4062 θείαις
1355 4001 1580 4066 φωναῖς,
1611 4000 1643 4068 ἢ
1675 3999 1922 4070 ὑφαιρεῖν

345 4090 700 4162 τολμώντωνς
740 4091 1086 4162 Ἀναγνῶμεν
1110 4091 1194 4145 ἐπ’
1226 4090 1374 4161 αὑτῷ
1405 4091 1512 4143 τῶν
1543 4092 1799 4161 ῥημάτων
1826 4092 1923 4162 τὴν

345 4182 443 4236 τοῦ
481 4183 686 4253 Κυρίου
727 4185 934 4253 φωνήν.
972 4183 1391 4250 Πορευθέντες,
1447 4184 1599 4254 φησὶ,
1633 4185 1923 4252 μαθητεύ-

2021 3017 2073 3062 et
2109 3023 2448 3077 qumounque
2474 3023 2538 3060 ex
2569 3005 2952 3060 consecutione
2973 3002 3136 3056 dictis
3166 3000 3590 3067 subjunguntur.

2021 3101 2107 3154 Ait
2140 3101 2283 3155 enim
2336 3098 2546 3153 Domini
2583 3099 2752 3168 legem
2794 3103 3110 3164 pervertens
3148 3090 3280 3160 (lex
3337 3089 3480 3144 enim
3511 3094 3588 3141 est

2021 3191 2219 3245 divina:
2272 3189 2630 3245 institutionis
2690 3186 2977 3253 traditio),
3018 3198 3126 3237 non
3187 3182 3241 3235 in
3286 3179 3502 3233 Patrem
3541 3185 3588 3229 et

2023 3283 2217 3337 Filium
2248 3290 2302 3336 et
2328 3281 2590 3351 Spiritum
2644 3285 2893 3332 sanctum
2953 3275 3221 3346 baptisma
3258 3273 3397 3335 ﬁeri,
3453 3270 3588 3324 sicut

2024 3374 2280 3444 praecepit
2308 3370 2592 3442 discipulis
2631 3368 2851 3423 tradens
2884 3365 3224 3436 mysterium,
3256 3361 3349 3417 sed
3393 3360 3448 3414 in
3475 3359 3592 3428 opi-

2024 3467 2176 3520 ficem
2207 3471 2260 3518 et
2302 3469 2624 3522 creatorem,
2676 3468 2729 3512 et
2762 3471 2868 3511 non
2910 3456 3083 3512 solum
3132 3453 3368 3514 Patrem,
3397 3447 3592 3517 inquit,

2025 3555 2324 3625 Unigeniti,
2346 3555 2440 3610 sed
2467 3551 2626 3606 etiam
2664 3549 2852 3608 Deum.
2911 3545 3052 3600 Proh
3087 3546 3100 3598 !
3134 3543 3225 3613 qui
3287 3541 3592 3610 proximum

2023 3659 2180 3701 suum
2214 3651 2400 3713 potare
2433 3641 2562 3696 facit
2593 3640 2928 3695 eversionem
2965 3633 3270 3690 turbidam!
3307 3629 3593 3697 Quomodo

2023 3737 2208 3791 turbat
2253 3748 2473 3790 comosa
2537 3732 2840 3801 adjectione
2893 3735 2947 3783 et
2975 3725 3225 3796 inquinat
3255 3724 3541 3776 veritatem
3576 3720 3588 3773 !

2023 3822 2305 3890 Quomodo
2335 3837 2442 3875 non
2495 3818 2744 3874 extimuit
2798 3815 3104 3887 impositam
3159 3811 3590 3867 exsecrationem

2023 3911 2286 3966 adversus
2329 3924 2424 3964 eos
2450 3907 2538 3977 qui
2571 3904 2771 3959 divinis
2801 3903 3028 3958 vocibus
3061 3900 3264 3970 aliquid
3307 3898 3592 3968 adjiciunt,

2024 3998 2106 4052 vel
2142 3997 2234 4068 qui
2281 3996 2606 4055 subtrahere
2639 3992 2887 4047 audent?
2911 3989 3179 4062 Legamus
3213 3992 3265 4043 in
3300 4005 3364 4042 eo
3394 3986 3590 4042 verbo~

2027 4103 2144 4142 rum
2176 4101 2363 4140 vocem
2393 4085 2624 4139 Domini.
2662 4081 2879 4148 Euntes,
2926 4081 3142 4151 inquit,
3195 4079 3374 4134 docete
3415 4091 3591 4130 omnes

2025 4188 2218 4250 gentes,
2250 4177 2574 4244 baptizantes
2615 4192 2701 4230 eos
2746 4175 2798 4228 in
2842 4175 3048 4226 nomine
3087 4171 3294 4232 Patris,
3352 4177 3401 4220 et
3434 4165 3589 4228 Filii,

347 4292 497 4328 σατε
523 4275 716 4329 πάντα
757 4274 828 4328 τὰ
858 4275 1019 4343 ἔθνη,
1064 4274 1453 4341 βαπτίζοντες
1482 4276 1706 4340 αὐτοὺς
1737 4278 1821 4341 είς
1855 4276 1916 4330 τὸ

2023 4279 2071 4324 et
2098 4268 2327 4335 Spiritus
2361 4267 2530 4320 sancti
2551 4267 2615 4319 '°.
2670 4264 2770 4319 Ubi
2825 4261 3020 4316 Filium
3069 4267 3376 4314 creaturam
3412 4255 3593 4324 appel-

349 4366 539 4435 ὄνομα
577 4365 684 4420 τοῦ
731 4365 956 4436 Πατρὸς
995 4365 1093 4420 καί
1132 4367 1237 4420 τοῦ
1289 4368 1427 4422 Υίοῦ
1465 4367 1562 4420 καί
1600 4367 1707 4421 τοῦ
1750 4368 1922 4436 ἁγίου

351 4459 714 4526 Ιινεύματος.
772 4458 882 4512 Ποῦ
935 4459 1139 4529 κτίσμα
1182 4459 1272 4512 τὸν
1313 4459 1436 4512 Υίὸν
1475 4460 1920 4530 προσηγόρευσε;

352 4551 462 4604 Ποῦ
492 4550 713 4620 κτίστην
739 4550 832 4603 καὶ⁹
862 4550 1190 4622 δημιουργὸν
1211 4551 1304 4603 τοῦ
1333 4551 1668 4619 Μονογενοῦς
1695 4552 1783 4604 τὸν
1815 4553 1924 4605 Πα-

350 4643 486 4714 τέρα
513 4644 541 4696 ό
569 4642 726 4708 λόγος
759 4640 997 4708 έδίδαξε;
1041 4641 1149 4694 Ποῦ
1174 4639 1358 4703 δοῦλος
1391 4640 1525 4693 Θεοῦ
1555 4643 1612 4693 έν
1641 4644 1751 4704 τοῖς
1779 4642 1919 4712 είρη·

354 4735 537 4804 μένοις
573 4734 601 4785 ὁ
631 4735 760 4790 Υἱὸς
787 4729 926 4787 εἶναι
963 4734 1271 4787 διδάσκεται
1297 4749 1310 4797 ;
1364 4732 1473 4784 Ποῦ
1504 4732 1636 4796 Θεὸς
1665 4733 1759 4785 τοῦ
1793 4733 1922 4786 Υίοῦ

351 4829 410 4878 ὲν
444 4828 507 4895 τῇ
543 4826 834 4898 παραδόσει
867 4824 961 4877 τοῦ
1016 4825 1312 4895 μυστηρίου
1359 4822 1690 4893 κηρύσσεται
1719 4840 1732 4886 ;
1783 4825 1923 4894 ’Ἄρα

350 4919 523 4970 νοεῖτε
553 4918 645 4969 καὶ
690 4917 917 4979 συνίετε,
950 4919 999 4970 οἱ
1025 4917 1089 4969 δι’
1119 4917 1334 4986 ἀπάτης
1366 4914 1759 4984 κατασυρέντες
1789 4914 1925 4984 πρὸς

351 5012 451 5076 τὴν
499 5007 805 5074 ἀπώλειαν,
856 5008 978 5062 τίνα
1023 5007 1130 5061 τῶν
1181 5007 1323 5059 ίδίων
1368 5005 1554 5074 ψυχῶν
1609 5003 1922 5073 καθηγητὴν

351 5100 784 5170 προεστήσασθε,
812 5100 903 5154 τὸν
931 5099 1216 5154 νοθεύοντα
1245 5099 1342 5160 τὰς
1371 5098 1529 5165 ἁγίας
1563 5097 1804 5166 Γραφάς,
1835 5097 1922 5148 τὸν

355 5191 752 5262 μεταποιοῦντα
777 5193 877 5254 τάς
907 5191 1056 5254 θείας
1103 5189 1304 5259 φωνὰς,
1334 5188 1425 5242 τὸν
1463 5188 1821 5242 ἀναθολοῦντα
1847 5186 1925 5257 τῷ

355 5281 474 5352 ἰδίῳ
514 5281 758 5352 βορϐόρῳ
803 5281 862 5333 τὸ
892 5280 1130 5352 καθαρὸν
1162 5281 1269 5334 τῶν
1296 5279 1394 5348 τῆς
1425 5277 1702 5340 εὐσεῗείας
1731 5276 1928 5344 δογμὼ

352 5391 485 5436 των,
518 5373 610 5425 τὸν
644 5374 718 5443 μὴ
757 5372 915 5442 μόνον
944 5373 1066 5426 καθ’
1118 5375 1150 5441 ἡ
1161 5371 1275 5442 μῶν
1316 5369 1418 5441 τὴν
1453 5356 1646 5422 ἑαυτοῦ
1679 5366 1926 5436 γλῶσσαν

353 5463 662 5528 ὁπλίζοντα,
710 5463 845 5516 ἀλλὰ
892 5465 984 5516 καὶ
1037 5464 1204 5526 αὑτὰς
1257 5457 1676 5532 μετασκευάζειν
1726 5459 1928 5529 ἐπιχει-

436 5641 479 5676 ³⁰
534 5637 724 5697 Matth.
757 5654 948 5708 xxvnt,
985 5639 1067 5695 l9.

2025 4360 2213 4414 lavit?
2286 4357 2387 4412 Ubi
2450 4357 2702 4420 Patrem,
2771 4363 3068 4409 creatorem
3129 4359 3183 4405 et
3257 4347 3592 4403 conditorem

2027 4451 2323 4523 lluigeniti,
2349 4465 2471 4506 esse
2497 4461 2678 4502 sermo
2705 4443 2930 4500 docuit?
2959 4441 3061 4496 Ubi
3097 4443 3149 4493 in
3182 4440 3266 4493 his
3305 4453 3425 4506 ruite
3449 4436 3591 4490 dicta

2024 4555 2152 4601 sunt
2181 4542 2353 4596 Filius
2381 4555 2503 4594 esse
2531 4553 2722 4592 servus
2747 4535 2836 4588 Dei
2866 4532 3141 4588 docetur?
3167 4529 3269 4584 Ubi
3302 4528 3444 4582 Deus
3469 4525 3591 4580 Filii

2027 4639 2082 4692 in
2118 4633 2362 4705 mysterii
2402 4629 2698 4684 traditione
2720 4622 3088 4695 praedicatur?
3116 4620 3255 4691 Ergo
3278 4617 3593 4689 cognoscite

2024 4734 2078 4781 ct
2110 4723 2392 4793 intelligite
2430 4720 2524 4789 qui
2555 4732 2742 4773 errore
2792 4723 2846 4770 et
2877 4716 3177 4784 impostura
3235 4710 3488 4782 pertracti
3523 4709 3588 4762 ad

2030 4814 2312 4867 interitum
2346 4809 2502 4871 estis,
2534 4823 2694 4878 quem
2726 4805 3030 4860 animarum
3065 4812 3369 4858 vestrarum
3420 4801 3592 4871 magi-

2025 4916 2198 4960 strum
2237 4900 2577 4971 praafecistis,
2611 4899 2704 4969 qui
2739 4898 3008 4952 adulterat
3032 4892 3349 4964 Scripturas
3379 4907 3589 4954 sacras,

2024 4997 2116 5067 qui
2152 5001 2482 5049 transmutat
2509 4990 2725 5047 divinas
2759 5004 2942 5052 voces,
2988 4987 3078 5057 qui
3115 4985 3332 5056 proprio
3381 4982 3497 5036 luto
3541 4991 3594 5036 ct

2026 5103 2185 5143 coeno
2246 5100 2383 5158 pura
2446 5085 2698 5154 dogmata
2756 5081 2972 5149 pietatis
3024 5079 3295 5147 inquinat,
3349 5075 3440 5144 qui
3484 5088 3590 5126 non

2022 5182 2197 5237 solum
2229 5187 2421 5234 contra
2451 5193 2550 5233 nos
2593 5192 2747 5232 suam
2780 5162 3014 5244 linguam
3060 5178 3256 5233 armat,
3288 5166 3381 5224 sed
3427 5165 3588 5218 etiam

2024 5275 2171 5343 ipsas
2199 5279 2420 5327 sanctas
2454 5285 2616 5324 voces
2648 5276 2954 5337 pervertere
2995 5272 3224 5318 conatur
3250 5299 3265 5323 ,
3312 5256 3401 5324 qui
3435 5267 3587 5343 suam

2025 5340 2428 5436 perversionem
2465 5360 2678 5416 Domini
2711 5359 2959 5414 doctrina
2990 5353 3160 5422 magis
3206 5355 3376 5402 ratam
3408 5349 3462 5394 et
3497 5340 3589 5437 fir-

2026 5429 2248 5511 iniorem
2318 5469 2438 5509 esse
2491 5452 2866 5507 demonstrare
2928 5442 3214 5498 ambitiOse
3284 5429 3586 5489 contendit.
