4046 6150
384 151 497 208 885

1457 163 1739 221 CONTRA
1775 166 2166 238 EUNOMIUM,
2210 169 2341 228 LIB.
2374 173 2489 228 Xll.

3533 181 3637 239 886

388 274 752 347 ἰσχυροτάτην
782 275 1051 342 ἀπόδειξιν
1083 272 1156 331 ὦν
1187 279 1432 346 λέγουσιν
1456 283 1598 352 ἔχειν
1624 286 1672 345 oi
1706 286 1765 340 τὸ
1788 304 1957 358 μεγαι

2062 289 2259 346 Putant
2296 294 2440 349 enim
2478 294 2909 351 valentissimam
2963 296 3487 352 demonstrationem
3544 314 3639 353 eo-

388 365 532 419 ὶεῐον
568 366 668 434 τῆς
710 364 800 418 τοῦ
842 366 1177 433 Μονογενοῦς
1224 368 1381 440 δόξης
1423 374 1503 436 εἰς
1550 377 1835 439 ταπεινοὺς
1874 378 1966 430 καὶ

388 456 775 526 δουλοπρεπεῖς
822 458 1116 527 ὑπολήψεις
1157 463 1483 530 κατάγοντες
1505 502 1519 525 ,
1570 465 1661 518 τὸν
1693 467 1829 537 πρὸς
1864 468 1966 539 τὴν

391 548 609 615 Μαρίαν
651 546 745 600 τοῦ
792 548 995 618 Κυρίου
1040 549 1225 619 λόγον,
1263 553 1321 605 ὃν
1363 553 1499 624 μετά
1529 557 1628 625 τὴν
1673 558 1966 611 ἀνάστασιν

391 636 496 703 πρὸ
540 637 638 705 τῆς
680 637 865 689 ἀνόδου
909 639 1197 711 πεποίηται
1224 642 1431 710 λέγων,
1479 646 1572 714 Μή
1595 664 1714 715 μου
1747 647 1961 708 ἅπτου.

390 725 554 777 οὔπω
583 728 690 794 γὰρ
722 727 1057 794 ἀναϐέϐηκα
1080 729 1230 798 πρὸς
1257 733 1364 785 τὸν
1395 735 1622 803 Πατέρα
1674 753 1822 806 μου·
1854 755 1964 790 ποι

302 886 309 889 Δ
382 816 626 883 ρεύθητι
658 816 727 869 δὲ
752 818 901 883 πρὸς
936 818 1080 884 τοὺς
1100 819 1401 890 ἀδελφούς
1425 841 1545 892 μου
1574 826 1673 879 καὶ
1706 828 1835 879 εἰπὲ
1853 829 1961 881 αὐ-

388 906 527 972 τοῖς,
560 906 651 960 ὅτι
674 908 973 963 ἀναόαίνω
1019 911 1169 979 πρὸς
1197 912 1304 967 τὸν
1330 913 1559 984 Πατέρα
1577 933 1698 984 μου
1720 916 1814 970 καί
1844 921 1960 970 Πα-

388 996 527 1063 τέρα
568 996 755 1066 ὑμῶν,
794 1000 895 1051 καὶ
938 1003 1086 1055 Θεόν
1114 1021 1234 1072 μου
1256 1047 1270 1070 ,
1317 1005 1416 1060 καί
1455 1008 1604 1061 Θεὸν
1634 1008 1818 1076 ὑμῶν.
1851 1009 1962 1078 Τὴν

393 1089 497 1159 μὲν
524 1085 616 1143 οὖν
645 1091 840 1160 εύσεθῆ
866 1092 974 1145 τῶν
1001 1094 1304 1164 εἰρημένων
1334 1096 1593 1164 διάνοιαν,
1622 1099 1742 1152 καθ’
1767 1101 1832 1170 ἣν
1864 1118 1960 1153 πε-

392 1181 763 1253 πιστεύκαμεν
789 1184 1036 1256 εἰρῆσθαι
1062 1187 1235 1240 ταῦτα
1264 1190 1398 1258 πρὸς
1424 1188 1522 1260 τὴν
1554 1191 1792 1262 Μαρίαν,
1829 1196 1960 1263 πρός

390 1272 548 1340 δη).ον
576 1269 728 1345 οἶμαι
755 1276 865 1339 τοῖς
904 1277 1368 1349 παραδεξαμένοις
1396 1281 1453 1332 ὲν
1484 1281 1708 1353 ἀληθείᾳ
1745 1283 1843 1354 τὴν
1876 1284 1962 1337 πί-

393 1379 510 1416 στιν
536 1380 549 1394 ·
574 1365 997 1451 προστεθήσεται
1032 1368 1088 1420 δὲ
1118 1368 1264 1438 ὅμως
1298 1372 1389 1423 καὶ
1419 1372 1550 1442 παρ’
1582 1373 1739 1443 ἡμῶν
1772 1375 1800 1426 ὁ
1834 1376 1961 1444 περὶ

392 1452 585 1506 τούτου
614 1454 768 1523 λόγος
795 1457 853 1508 ἐν
882 1456 960 1525 τῷ
989 1457 1280 1528 καθήκοντι
1309 1461 1475 1531 τόπῳ.
1505 1463 1651 1524 Τέως
1685 1463 1739 1516 δὲ
1771 1465 1960 1535 μαθεῖν

390 1542 542 1608 ἄξιον
589 1544 740 1615 παρὰ
784 1546 892 1599 τῶν
948 1550 1327 1619 προφερόντων
1380 1553 1509 1622 ἡμῖν
1554 1553 1651 1617 τάς
1706 1555 1960 1619 τοιαύτας

391 1635 574 1701 φωνὰς
595 1677 606 1694 ,
643 1635 724 1688 ὅτι
754 1634 815 1688 τὸ
862 1636 1148 1691 ἀναϐαῖνον
1192 1641 1286 1692 καὶ
1330 1641 1391 1694 τὺ
1430 1641 1735 1714 ὁρώμενον,
1775 1645 1867 1697 καὶ
1898 1643 1960 1697 τὸ
1992 1639 2030 1694 Β

387 1723 474 1777 διὰ
511 1723 611 1794 τῆς
651 1724 793 1795 ἁφῆς
837 1727 1232 1799 γνωριζόμενον
1259 1731 1353 1783 καὶ
1381 1731 1459 1785 ἔτι
1499 1733 1636 1803 πρὸς
1659 1735 1868 1799 τούτοις
1898 1733 1958 1788 τδ

386 1818 497 1879 τοῖς
542 1816 845 1888 ἀνθρώποις
887 1819 977 1872 διὰ
1020 1821 1120 1890 τῆς
1170 1822 1523 1894 ἀδελφότητος
1571 1826 1955 1895 οἰκειούμενον,

388 1903 500 1980 ἆρα
525 1908 623 1980 τῆς
650 1909 821 1974 θείας,
858 1910 890 1983 ἦ
925 1910 1023 1983 τῆς
1050 1912 1395 1986 ἀνθρωπίνης
1425 1917 1640 1986 φύσεως
1668 1919 1796 1973 ἴδιον
1820 1916 1958 1975 εἶναι

387 1994 717 2066 νομίζουσιν.
755 1999 820 2051 Ei
886 1999 984 2071 μὲν
1026 2001 1134 2074 γὰρ
1174 2003 1490 2076 ψηλαφητὸν
1519 2009 1612 2062 καὶ
1640 2009 1830 2079 ὁρατὸν
1867 2012 1958 2064 καὶ

390 2086 592 2159 βρώσει
627 2090 721 2142 καὶ
752 2089 907 2142 πόσει
950 2090 1340 2165 διοικούμενον,
1373 2096 1463 2150 καὶ
1495 2100 1603 2163 τοῖς
1653 2098 1959 2170 ἀνθρώποις

388 2179 648 2249 ὁμογενὲς
684 2182 778 2235 καὶ
818 2180 1060 2252 ἀδελφὸν,
1098 2185 1192 2239 καὶ
1224 2186 1322 2239 ὅσα
1354 2188 1481 2258 περὶ
1512 2187 1608 2259 τὴν
1643 2191 1960 2261 σωματικὴν

390 2270 687 2339 καθορᾶται
730 2272 907 2341 φύσιν.
950 2274 1125 2328 πάντα
1166 2276 1337 2330 ταῦτα
1377 2279 1470 2331 xa‘t
1505 2281 1563 2332 ὲν
1593 2278 1806 2351 θεότητι
1838 2281 1958 2351 βλέ-

390 2376 582 2425 πουσι,
625 2359 934 2429 λεγέτωσαν
982 2363 1108 2435 περὶ
1160 2364 1253 2418 τοῦ
1300 2368 1619 2436 μονογενοῦς
1682 2369 1816 2423 Θεοῦ
1864 2372 1958 2425 καὶ

392 2452 585 2516 ταῦτα,
616 2452 709 2505 καὶ
747 2454 849 2507 ὅσα
875 2452 1152 2522 βούλονται
1194 2457 1638 2528 μαρτυρείτωσαν
1665 2459 1833 2531 αὐτῷ,
1864 2463 1959 2514 καὶ

387 2544 486 2615 τὴν
514 2545 842 2616 πορευτικὴν
869 2545 1168 2617 ἐνέργειαν,
1202 2548 1292 2602 καὶ
1311 2547 1407 2620 τὴν
1430 2550 1660 2621 τοπικὴν
1693 2552 1960 2622 μετάστα-

390 2654 497 2702 σιν,
550 2637 687 2709 δπερ
734 2635 865 2691 ῐδιον
905 2637 1017 2690 τῶν
1058 2638 1118 2690 ὲν
1175 2637 1386 2708 σώματι
1430 2643 1958 2714 περιγεγραμμένων

390 2724 557 2780 ἐστίν.
607 2725 670 2780 El
707 2727 764 2782 δὲ
802 2728 831 2781 6
868 2727 967 2798 μὲν
999 2726 1087 2781 διὰ
1115 2726 1215 2798 τῆς
1255 2729 1475 2800 Μαρίας
1507 2730 1753 2802 ἀδελφοῖς
1782 2734 1956 2788 διαλέ-

394 2832 571 2885 γεται,
603 2817 632 2870 6
661 2816 718 2870 δὲ
750 2815 1057 2888 Μονογενὴς
1086 2818 1347 2889 ἀδελφοὺς
1375 2821 1476 2874 οὐκ
1522 2821 1657 2892 ἔχει·
1694 2824 1811 2888 πῶς
1850 2825 1959 2895 γὰρ

396 2906 465 2959 ἂν
489 2907 548 2959 ὲν
574 2904 810 2974 ἀδελφοῖς
835 2907 893 2960 τὸ
921 2906 1204 2977 μονογενὲς
1222 2907 1562 2974 διασώζοιτος
1601 2912 1708 2965 Καὶ
1735 2913 1764 2964 6
1793 2912 1958 2967 εἰπὼν

392 2997 633 3065 Πνεῦμα
658 2998 692 3052 ὁ
722 2997 883 3063 Θεὸς,
912 2997 1045 3068 φησὶ
1076 2998 1211 3069 πρὸς
1247 2999 1372 3063 τοὺς
1406 3000 1653 3072 μαθητὰς
1695 3004 1723 3056 6
1773 3004 1955 3069 αὐτὸς.
1987 2983 2028 3037 C

389 3089 472 3140 ὅτι
510 3085 915 3155 Ψηλαφήσατέ
937 3104 1033 3157 με,
1063 3087 1149 3141 ἴνα
1182 3088 1331 3160 δείξῃ
1365 3090 1446 3143 ὅτι
1473 3090 1764 3162 ψηλαφητὴ
1797 3095 1896 3164 μὲν
1924 3096 1957 3165 ἡ

388 3179 702 3250 ἁνθρωπένη
725 3178 904 3247 φύσις,
935 3180 1134 3248 ἀναφὲς
1156 3179 1213 3233 δὲ
1247 3181 1308 3234 τὸ
1336 3181 1496 3238 θεῖον.
1548 3185 1653 3237 Καὶ
1693 3187 1721 3238 6
1767 3186 1956 3249 εἰπὼν,

390 3272 740 3337 Πορεύομαι,
770 3271 867 3340 τὴν
882 3271 1113 3341 τοπικὴν
1140 3270 1483 3342 διασημαίνει
1513 3274 1859 3344 μετάστασιν.
1901 3278 1958 3331 '0

389 3363 445 3414 δὲ
487 3361 557 3415 τὰ
592 3363 768 3414 πάντα
802 3362 1307 3435 συμπεριειληφὼς,
1353 3366 1411 3418 ἐν
1432 3357 1496 3431 ᾧ,
1532 3365 1711 3430 καθώς
1741 3385 1903 3438 φησιν
1932 3371 1960 3423 ὁ

401 3453 752 3517 Ἀπὸστολος,
784 3452 1006 3523 ἐκτίσθη
1041 3454 1110 3508 τὰ
1136 3454 1342 3520 πάντα,
1384 3458 1476 3510 καὶ
1522 3458 1579 3510 ὲν
1604 3451 1648 3525 ᾧ
1689 3460 1756 3512 τὰ
1784 3461 1960 3516 πάντα

392 3544 742 3615 συνέστηκεν,
765 3544 918 3597 οὐδὲν
956 3545 1014 3598 ἐν
1045 3546 1157 3608 τοῖς
1186 3541 1335 3599 οὖσιν
1369 3546 1472 3611 ἔξω
1495 3548 1684 3601 ἑαυτοῦ
1715 3548 1848 3620 ἔχει,
1881 3554 1960 3615 εἰς

389 3636 419 3688 6
471 3637 611 3689 κατὰ
655 3652 775 3689 τινα
820 3634 1033 3707 κίνησιν
1071 3638 1104 3705 ἠ
1150 3637 1525 3709 μεταχώρησις
1563 3642 1789 3708 γίνεται.
1825 3646 1958 3697 υύδὲ

392 3730 502 3798 γὰρ
552 3723 697 3793 ἐστιν
748 3724 948 3797 ἑτέρως
986 3726 1277 3796 ἐνεργῆσαι
1321 3728 1417 3798 τὴν
1464 3729 1693 3798 κίνησιν,
1746 3735 1818 3802 μὴ
1867 3735 1958 3788 τοῦ

395 3816 787 3886 μεθισταμένου
815 3816 907 3869 τὸν
953 3817 1051 3886 μὲν
1081 3819 1138 3870 ἐν
1166 3810 1210 3884 ᾧ
1238 3814 1303 3888 ἦν
1329 3804 1739 3887 ἀπολείποντος,
1775 3824 1960 3897 ἕτερον

390 3908 445 3960 δὲ
485 3907 970 3979 ἀντιλαμϐάνοντος
1005 3908 1187 3964 τόπον.
1232 3910 1305 3962 Τὸ
1345 3910 1402 3964 δὲ
1433 3912 1519 3965 διὰ
1546 3913 1760 3967 πάντων
1804 3912 1957 3988 ἧκον,

391 4002 485 4054 καὶ
522 4003 579 4052 ὲν
624 4002 789 4053 πᾶσιν
829 4000 908 4066 ὃν,
948 4001 1041 4054 καὶ
1095 4001 1274 4055 πάντα
1319 4005 1700 4074 περικωτοῦν,
1735 4009 1828 4061 καὶ
1869 4010 1959 4063 ὑπ’

388 4091 600 4155 οὐδενὸς
631 4092 740 4144 τῶν
780 4084 949 4145 ὄντων
997 4094 1459 4165 περιειργόμενον,
1493 4097 1591 4150 οὐκ
1641 4098 1783 4168 ἔχειν
1827 4101 1957 4155 ὅπου

392 4184 789 4254 μεταχωρήσει,
820 4182 897 4255 τῷ
933 4183 1097 4254 μηδὲν
1140 4180 1280 4237 εἶναι
1317 4186 1470 4240 κενὸν
1497 4188 1590 4240 τοῦ
1621 4190 1765 4243 θείου
1820 4192 1957 4263 πλη-

2068 384 2352 451 τυιηίιυω
2384 390 2638 438 asserunt
2704 383 2921 446 habere,
2965 385 3056 454 qui
3120 383 3394 450 Uuigeniti
3450 388 3645 455 glorire

2066 473 2404 541 majestatem
2437 473 2503 526 ad
2547 472 2780 527 humiles
2804 482 2854 526 et
2892 474 3116 527 serviles
3170 475 3455 543 opiniones
3487 476 3632 530 redi-

2064 573 2217 633 gunt,
2250 563 2472 617 verbum
2504 562 2715 616 Domini
2752 563 2818 617 ad
2850 562 3097 624 Mariam.
3128 564 3273 633 quod
3302 575 3423 634 post.
3454 582 3637 621 resur-

2066 653 2366 708 rectionem
2395 664 2520 709 ante
2552 657 2926 710 ascensionem
2961 656 3086 709 fecit
3117 656 3307 712 dicens
3335 677 3349 712 :
3386 656 3515 711 Noli
3558 674 3637 713 me

2064 755 2296 816 tangere,
2338 746 2570 798 nondum
2599 745 2736 799 eadm
2799 744 3014 817 arcendi
3053 746 3121 798 ad
3174 744 3390 802 Patrem
3421 761 3591 799 meum
3618 762 3635 798 :

2063 835 2153 890 sed
2192 834 2320 890 vade
2381 834 2449 888 ad
2485 835 2677 903 fratres
2717 849 2856 888 meos
2913 844 2963 888 et
2995 834 3080 888 dic
3128 838 3242 890 eis:
3274 837 3511 890 Ascendo
3568 838 3635 889 ad

2064 927 2279 981 Patrem
2320 942 2489 980 meum
2519 935 2568 979 et
2602 925 2817 980 Patrem
2847 936 3095 991 vestrum,
3150 926 3313 981 Deum
3340 944 3509 980 meum
3530 967 3546 992 ,
3583 940 3633 980 et

2063 1018 2231 1073 Deum
2261 1030 2489 1073 vestrum
2515 1018 2553 1071 ¹.
2590 1016 2739 1069 Piam
2791 1016 2957 1086 igitur
2987 1016 3180 1072 horum
3214 1019 3482 1072 dictorum
3510 1032 3635 1073 sen-

2063 1112 2310 1173 tentiam,
2343 1108 2644 1165 secundum
2703 1123 2868 1176 quam
2927 1107 3263 1164 credidimus
3323 1109 3435 1162 haec
3489 1109 3637 1162 dicta

2061 1217 2185 1258 esse
2219 1203 2284 1256 ad
2317 1201 2566 1265 Mariam,
2609 1200 2993 1269 prmcognitam
3043 1201 3130 1254 his
3179 1200 3270 1270 qui
3323 1201 3375 1254 in
3414 1202 3637 1255 veritate

2064 1293 2222 1348 [idem
2253 1298 2583 1362 acceperunt
2613 1290 2885 1355 arbitror;
2916 1290 3274 1346 nihilominus
3304 1302 3482 1344 tamen
3506 1292 3634 1361 quid

2061 1384 2128 1439 de
2150 1397 2216 1439 eo
2250 1382 2543 1437 dicendum
2575 1382 2648 1436 sit
2692 1396 2757 1434 ac
2809 1381 3171 1446 sentiendum,
3230 1383 3349 1437 loco
3383 1398 3630 1453 congruo

2062 1490 2456 1547 proponemus.
2490 1472 2698 1528 Interea
2730 1481 2911 1528 autem
2973 1474 3043 1528 ab
3074 1474 3160 1529 his
3212 1476 3307 1544 qui
3364 1475 3462 1531 has
3500 1476 3637 1530 tales

2062 1582 2227 1623 voces
2258 1567 2417 1622 nobis
2448 1566 2755 1637 proferunt,
2788 1579 2967 1636 operae
3005 1566 3240 1634 pretium
3276 1575 3358 1621 est
3384 1567 3634 1623 discere:

2059 1674 2128 1715 an
2184 1660 2235 1715 id
2271 1659 2417 1730 quod
2471 1658 2718 1714 ascendit
2771 1666 2825 1712 et
2880 1656 3027 1727 quod
3089 1657 3326 1721 videtur,
3381 1657 3639 1728 quodque

2059 1761 2210 1808 tactu
2263 1752 2627 1823 dignoscitur,
2680 1758 2945 1820 praeterea
2977 1750 3123 1820 quod
3176 1750 3491 1805 hominibus
3542 1765 3638 1819 per

2060 1846 2453 1901 fraternitatem
2486 1852 2778 1914 cognatum
2840 1849 2947 1907 est,
2983 1842 3202 1904 divinae,
3265 1843 3345 1896 vel
3381 1842 3632 1896 humanae

2061 1945 2269 1992 natura:
2293 1935 2571 2005 proprium
2603 1949 2725 1990 esse
2757 1940 2965 1989 rentur.
3015 1932 3072 1987 Si
3115 1933 3260 1987 enim
3307 1932 3453 2003 quod
3510 1940 3625 1985 tra-

2057 2035 2241 2083 ctatur
2272 2034 2328 2082 et
2358 2025 2593 2089 videtur,
2628 2035 2682 2079 et
2732 2025 2854 2079 cibo
2882 2031 2936 2079 et
2997 2032 3125 2094 potu
3184 2025 3547 2087 ministratur,
3582 2031 3636 2076 et

2057 2117 2371 2173 hominibus
2409 2124 2699 2187 cognatum
2735 2124 2789 2169 et
2814 2129 3133 2185 germanum
3163 2157 3176 2181 ,
3208 2121 3263 2168 et
3297 2129 3635 2183 quaecunque

2060 2209 2115 2264 in
2146 2207 2415 2278 corporali
2450 2214 2645 2260 natura
2676 2214 2994 2268 cernuntur,
3032 2205 3145 2258 haec
3171 2205 3352 2257 omnia
3381 2205 3543 2258 etiam
3571 2206 3624 2256 in

2059 2298 2343 2353 divinitate
2396 2303 2678 2366 spectant,
2715 2295 2783 2349 de
2827 2295 3109 2365 unigenito
3170 2292 3282 2350 Deo
3311 2296 3423 2349 haec
3470 2295 3631 2349 ctiam

2058 2389 2264 2451 dicant,
2328 2395 2383 2442 et
2444 2401 2785 2458 quaecunque
2843 2386 3033 2440 volunt
3090 2386 3140 2441 ei
3204 2387 3531 2452 attribuant,
3577 2393 3632 2439 et

2060 2480 2373 2535 ambulandi
2469 2490 2649 2534 actum
2744 2486 2798 2533 et
2892 2478 3118 2533 Ioealem
3214 2477 3586 2547 migrationem
3616 2517 3629 2536 .

2060 2570 2209 2639 quod
2273 2569 2491 2640 quidem
2573 2578 2657 2624 est
2741 2569 3020 2639 proprium
3109 2583 3297 2621 eorum
3384 2583 3507 2637 quae
3579 2568 3635 2622 in

2059 2675 2289 2731 corpore
2311 2657 2727 2726 circumscripta
2752 2665 2900 2713 sunt.
2934 2657 3087 2723 Quod
3111 2657 3156 2711 si
3191 2656 3283 2710 ille
3305 2666 3389 2710 est
3415 2657 3506 2724 qui
3531 2670 3626 2724 per

2062 2751 2288 2805 Mariam
2322 2765 2444 2805 cum
2494 2750 2754 2805 fratribus
2784 2750 3027 2813 disserit,
3080 2748 3403 2819 Unigenitus
3452 2758 3635 2803 autem

2064 2843 2260 2897 fratres
2284 2858 2394 2897 non
2424 2842 2618 2898 habet:
2639 2842 2916 2912 quomodo
2943 2842 3087 2895 enim
3119 2841 3173 2894 in
3207 2839 3470 2895 fratribus
3489 2837 3634 2910 quod

2064 2936 2400 3008 unigenitum
2446 2944 2528 2991 est
2577 2932 3029 2990 conservaretur?
3062 2933 3125 2987 Et
3149 2933 3240 3003 qui
3285 2932 3441 2996 dixit,
3494 2931 3633 2986 Deus

2064 3028 2283 3098 spiritus
2311 3037 2391 3081 est
2417 3028 2460 3091 ’³,
2496 3026 2638 3081 idem
2670 3026 2743 3081 ait
2781 3025 2847 3080 ad
2873 3024 3195 3095 discipulos,
3238 3023 3462 3091 Palpate
3490 3039 3569 3076 me
3590 3023 3632 3086 ³,

2065 3130 2122 3175 ut
2160 3118 2469 3175 ostenderet
2515 3117 2661 3186 quod
2708 3117 2995 3186 palpabilis
3034 3116 3250 3185 quidem
3297 3122 3493 3168 natura
3537 3114 3636 3169 bu-

2064 3225 2246 3274 mana,
2278 3208 2423 3279 quod
2446 3216 2637 3263 autem
2677 3206 2919 3261 divinum
2955 3219 3056 3271 est,
3100 3216 3246 3260 tactu
3299 3208 3503 3276 percipi
3541 3222 3635 3261 ne-

2064 3316 2338 3372 quaquam
2369 3308 2567 3371 potest.
2599 3298 2665 3353 Et
2693 3298 2783 3369 qui
2820 3297 2972 3362 dixit,
2992 3297 3159 3362 Vada,
3205 3298 3429 3351 loralem
3465 3296 3634 3367 signi-

2063 3394 2187 3448 ficat
2215 3390 2625 3463 profectionem.
2648 3389 2751 3455 Qui
2773 3397 2951 3442 autem
2974 3387 3155 3440 omnia
3180 3389 3500 3457 complexus
3525 3394 3632 3449 est,

2062 3482 2114 3535 in
2149 3496 2277 3551 quo,
2309 3479 2451 3536 sicut
2466 3478 2541 3533 ait
2563 3477 2874 3548 Apostolus,
2907 3484 3088 3532 creata
3111 3483 3239 3532 sunt
3265 3476 3472 3537 omnia,
3497 3487 3550 3529 et
3571 3475 3631 3531 iu

2061 3584 2170 3638 quo
2200 3568 2512 3624 consistunt
2536 3566 2589 3633 ‘;
2639 3565 2774 3620 nihil
2813 3580 3001 3621 eorum
3032 3580 3153 3634 qua:
3185 3574 3314 3620 sunt
3355 3573 3507 3618 extra
3573 3579 3634 3619 se

2064 3662 2240 3729 ipsum
2267 3660 2453 3727 habet,
2495 3658 2560 3713 ad
2591 3657 2737 3729 quod
2762 3663 2911 3711 motu
2941 3657 3124 3724 aliquo
3147 3658 3321 3726 possit
3353 3656 3629 3711 secedere.

2062 3751 2247 3822 Neque
2285 3751 2428 3806 enim
2460 3751 2616 3805 aliter
2645 3758 2848 3803 motum
2880 3749 2994 3802 fieri
3034 3748 3319 3817 contingit,
3356 3749 3458 3801 nisi
3490 3746 3629 3816 quod

2063 3841 2433 3909 transmigrat,
2476 3854 2598 3893 eum
2652 3838 2869 3908 quidem
2920 3839 2972 3891 in
3023 3852 3132 3907 quo
3166 3847 3303 3901 erat,
3338 3840 3630 3906 relinquat,

2064 3930 2291 3984 alterius
2327 3943 2456 3983 vero
2492 3927 2668 3981 locum
2705 3934 2955 3995 Orcupcl.
2992 3925 3146 3991 Quod
3183 3938 3359 3981 autem
3396 3941 3489 3995 per
3516 3942 3634 3980 0m-

2065 4021 2152 4074 nia
2186 4025 2451 4090 penetrat,
2479 4028 2532 4071 et
2565 4018 2617 4070 iu
2651 4016 2907 4070 omnibus
2942 4025 3046 4078 est,
3079 4025 3132 4071 et
3161 4018 3343 4070 omnia
3364 4017 3627 4076 continet,

2062 4121 2114 4165 ct
2146 4127 2172 4162 a
2206 4111 2355 4164 nullo
2396 4124 2584 4163 eorum
2634 4124 2754 4178 quae
2807 4115 2935 4160 sunt
2988 4106 3476 4168 circumscribitur,
3521 4123 3629 4161 nou

2064 4202 2224 4255 habet
2248 4215 2355 4269 quo
2383 4199 2755 4268 transmigtct,
2787 4199 2912 4266 quia
2940 4197 3075 4250 nihil
3100 4196 3174 4249 sit
3193 4199 3353 4252 inane
3375 4207 3428 4252 et
3448 4199 3630 4252 divina

392 4272 663 4344 ρώματος.
702 4273 826 4338 Πῶς
860 4275 1245 4340 καταλιπόντες
1283 4271 1428 4331 οὗτοι
1460 4279 1520 4332 τὸ
1557 4282 1620 4333 ἐκ
1647 4280 1738 4333 τοῦ
1772 4299 1957 4350 φαινο-

2063 4292 2395 4362 plenitudine
2433 4306 2682 4344 vacuum.
2713 4288 2831 4355 Quo
2858 4288 3014 4341 modo
3053 4289 3139 4339 isti
3169 4289 3506 4352 mnittentes,
3534 4291 3631 4345 has

394 4362 555 4433 μένου
584 4361 683 4425 τὰς
725 4362 908 4431 φωνὰς
953 4363 1230 4431 γίνεσθαι,
1281 4365 1483 4430 ταύτας
1515 4370 1577 4437 τῇ
1610 4368 1728 4438 θείᾳ
1770 4387 1825 4421 τε
1867 4372 1960 4423 καὶ

391 4451 732 4526 ύπερεχούσῃ
762 4455 933 4507 πάντα
975 4454 1098 4506 νοῦν
1137 4457 1501 4526 ἐφαρμόζουσι
1534 4460 1719 4526 φύσει;
1772 4463 1962 4533 Σαφῶς

389 4541 486 4595 τοῦ
527 4542 845 4597 Ἀποστόλου
893 4544 951 4595 ὲν
993 4544 1060 4612 τῇ
1108 4544 1259 4613 πρὸς“
1293 4545 1606 4617 Ἀθηναίους
1654 4551 1962 4624 δημηγορίᾳ

389 4635 629 4691 τοιοῦτον
660 4634 1092 4706 ἀπαγορεύοντος
1121 4636 1212 4687 ἐπὶ
1239 4634 1374 4689 Θεοῦ
1415 4639 1671 4707 νομίζειν.
1724 4644 1812 4706 Ὠς
1843 4646 1962 4714 οὐχὶ

389 4727 479 4782 διὰ
516 4728 881 4798 ψηλαφήσεως
920 4727 1311 4798 εὑρισκομένης
1339 4728 1437 4798 τῆς
1470 4730 1614 4793 θείας
1656 4732 1957 4804 δυνάμεως,

390 4817 529 4871 ἀλλά
557 4816 645 4872 διὰ
673 4816 869 4887 νοητῆς
902 4817 1131 4886 θεωρίας
1159 4821 1251 4870 καὶ
1280 4819 1533 4882 πίστεως,
1566 4821 1596 4891 ἢ
1627 4823 1784 4876 πάλιν
1813 4827 1842 4877 6
1873 4827 1959 4895 βε-

391 4907 622 4980 ὅρωκὼς
650 4908 708 4961 ὲν
730 4907 1024 4976 ὀφθαλμοῖς
1057 4907 1164 4958 τῶν
1196 4908 1468 4978 μαθητῶν,
1504 4912 1532 4962 ὁ
1562 4913 1961 4984 ἐπαγγειλάμε-

393 5014 483 5058 νος
502 4998 560 5050 ἐν
585 5000 650 5068 τῇ
682 4996 940 5077 Γαλιλαίᾳ
978 4996 1230 5068 πῳὰξειν
1258 5015 1316 5050 τε
1347 5000 1438 5052 καὶ
1458 5001 1809 5073 ὀφθήσεσθαι,
1841 5010 1957 5062 τίνα

392 5086 484 5139 τὸν
504 5085 869 5156 ὀφθησόμενον
914 5088 1094 5149 αὐτοῖς
1146 5087 1371 5156 μηνύεις
1420 5086 1564 5161 'Apa.
1594 5094 1684 5147 τὸν
1718 5097 1868 5159 θεὸν,
1904 5099 1960 5151 ὃν

392 5175 515 5230 οὔτε
547 5176 759 5246 ἑώρακὲ
787 5195 888 5240 τις,
920 5177 1040 5231 οὔτε
1069 5179 1193 5231 ἰδεῖν
1219 5179 1469 5243 δύναταις
1509 5184 1579 5236 Ἦ
1608 5186 1697 5240 τὸν
1725 5204 1955 5257 σωματιι

381 5266 490 5328 ,κον
518 5268 859 5337 χαρακτῆρα,
887 5270 1153 5334 τουτέστι,
1189 5269 1284 5342 τὴν
1309 5270 1401 5324 τοῦ
1433 5273 1617 5326 δούλου
1651 5281 1879 5349 μορφὴν,
1905 5284 1960 5334 ἐν

394 5354 430 5433 ᾖ
458 5354 523 5429 ἦν
558 5362 585 5411 6
626 5360 785 5422 θεὸςς
828 5362 887 5412 Ei
922 5361 1096 5414 toiwv
1120 5362 1365 5433 φανερῶς
1398 5364 1484 5417 διὰ
1516 5367 1622 5418 τῶν
1660 5371 1962 5439 εἰρημένων

506 5544 523 5574 ¹
561 5541 718 5598 Juan.
772 5560 859 5610 xx,
900 5543 982 5597 i7.
1061 5542 1357 5613 ²1οοη.ιγ,
1396 5544 1486 5601 2i.

2063 4398 2226 4436 voces
2259 4382 2374 4434 fieri
2420 4382 2488 4435 ab
2520 4396 2585 4434 eo
2615 4382 2759 4448 quod
2791 4380 3036 4433 cernitur
3063 4387 3115 4430 et
3148 4387 3373 4448 apparet
3402 4380 3633 4452 (nempe

2063 4475 2130 4528 ab
2166 4472 2506 4526 humanitate
2543 4469 2802 4534 Christi),
2832 4470 2931 4522 has
2968 4469 3166 4522 divinae
3208 4479 3262 4521 et
3292 4486 3505 4525 omnem
3550 4472 3629 4524 in-

2062 4565 2337 4621 tellectum
2369 4562 2648 4631 superanti
2679 4569 2886 4615 naturae
2914 4560 3225 4628 applicant?
3252 4560 3387 4617 Cum
3406 4562 3633 4632 Aposto.

2059 4658 2146 4711 lus
2179 4662 2365 4725 aperte
2397 4654 2451 4708 in
2485 4653 2747 4708 concione
2787 4653 2853 4704 ad
2886 4652 3247 4707 Athenienses
3275 4653 3343 4707 de
3383 4653 3493 4708 Deo
3524 4657 3631 4711 tale

2063 4746 2350 4818 prohibeat
2396 4745 2710 4800 existimare
2733 4744 2775 4796 '.
2808 4743 2948 4807 Quia
2981 4758 3087 4795 non
3122 4758 3218 4812 per
3269 4746 3628 4814 palpatiouem

2064 4845 2116 4891 et
2144 4845 2345 4890 tactum
2376 4836 2456 4889 vis
2488 4833 2670 4887 divina
2702 4834 3001 4897 invenitur,
3038 4833 3130 4887 sed
3162 4848 3257 4901 per
3292 4836 3629 4890 intellectua-

2066 4927 2168 4981 lem
2215 4924 2725 4993 contemplationem
2758 4933 2810 4978 et
2845 4922 3024 4986 fidem,
3069 4924 3151 4978 vel
3199 4940 3390 4981 rursus
3419 4927 3509 4996 qui
3548 4942 3634 4980 co-

2065 5014 2231 5069 medit
2265 5015 2318 5068 in
2367 5015 2544 5069 oculis
2579 5014 2997 5082 discipulorum,
3047 5022 3102 5069 et
3147 5017 3237 5084 qui
3291 5017 3538 5084 promisit
3575 5017 3629 5069 in

2059 5104 2278 5160 Galilma
2305 5121 2364 5161 se
2403 5120 2799 5176 prmcessurum
2827 5113 2880 5158 et
2920 5108 3093 5160 visum
3129 5107 3213 5169 iri,
3247 5124 3405 5176 quem
3443 5108 3632 5160 viden-

2062 5196 2189 5249 dum
2240 5196 2374 5264 ipsis
2422 5195 2731 5264 significat?
2760 5193 2839 5247 An
2890 5193 3091 5249 Deum?
3130 5212 3286 5264 quem
3323 5210 3482 5249 nemo
3528 5210 3630 5248 un—

2060 5300 2223 5356 quam
2274 5289 2426 5348 vidit.
2479 5303 2654 5357 neque
2689 5287 2868 5341 videre
2916 5287 3168 5356 potest“?
3202 5302 3267 5337 an
3313 5300 3629 5353 corpoream

2072 5382 2316 5447 figuram,
2350 5382 2450 5434 hoc
2482 5389 2584 5443 est,
2632 5379 2771 5434 serri
2808 5377 3037 5431 formam
3070 5380 3121 5429 in
3168 5392 3271 5445 qua
3309 5386 3428 5429 erat
3465 5375 3628 5426 Deus?

1602 5547 1619 5577 ³
1662 5545 1791 5604 Luc.
1834 5567 1962 5617 κςμῇ

2062 5555 2098 5608 ).
2181 5557 2198 5585 ⁸
2250 5557 2427 5622 Col.t,
2460 5556 2542 5610 17.
2622 5559 2779 5610 3Act.
2830 5573 2962 5626 mi,
3008 5538 3075 5612 23
3148 5554 3334 5612 “Joau.
3373 5573 3410 5623 ι,
3440 5556 3524 5612 18.
