4054 6152
507 146 609 203 εις-ι

1781 157 1833 210 S.
1877 156 2201 211 URliGORH
2239 156 2533 213 NYSSENI

3633 158 3725 215 888

511 268 565 320 Si
604 269 768 338 igitur
809 271 1093 329 manifeste
1138 292 1232 344 per
1259 291 1323 331 ea
1365 291 1487 345 quae
1521 285 1649 330 sunt
1700 275 1864 338 dicta,
1913 277 1977 330 ad
2026 277 2077 331 id

2186 278 2321 347 πρὸς
2360 279 2418 330 τὸ
2448 279 2791 347 βλεπόμενον,
2820 279 2911 331 καὶ
2940 274 3263 330 ἀντιτυποῦν
3292 275 3383 329 καὶ
3412 271 3724 342 κινούμενον,

509 359 653 425 quod
685 362 927 414 cernitur
967 370 1019 415 et
1055 364 1322 431 palpatur,
1353 373 1407 418 et
1433 364 1576 433 quod
1603 371 1871 429 movetur,
1905 366 2080 434 quod.

509 464 615 515 que
666 460 871 504 natura:
914 452 1301 521 discipulorum
1353 456 1771 523 homogeneum,
1806 455 2076 510 dictorum

510 540 747 594 refertur
777 543 1159 611 intelligentia,
1198 546 1330 599 nihil
1365 554 1543 599 autem
1567 546 1836 614 ejusmodi
1860 549 2076 616 conspi-

510 632 650 685 citur
688 632 741 685 in
775 648 841 686 eo
870 634 959 702 qui
991 644 1073 688 est
1100 636 1506 706 inaspectahilis
1534 648 1587 691 et
1620 638 1993 707 incorporeus,
2028 648 2082 693 et

510 722 602 790 qui
652 738 750 776 nec
794 733 935 777 tactu
976 728 1193 801 percipi
1216 737 1413 796 potest,
1468 744 1567 783 nec
1622 729 1795 784 forma
1827 730 2077 799 figurari;

509 815 785 881 quomodo
841 817 1018 884 ipsum
1073 821 1409 887 unigenitum
1453 819 1654 883 Deum,
1708 822 1799 890 qui
1853 831 1970 876 erat
2026 822 2081 877 in

512 907 781 978 principio
808 916 860 962 et
895 912 947 964 in
976 911 1133 967 Patre
1158 924 1260 976 est,
1295 914 1360 967 ad
1386 916 1644 984 mqualem
1672 916 1927 971 honorem
1956 932 2079 970 cum

510 997 673 1053 Petro
723 1013 775 1055 et
823 1004 1035 1057 Andrea
1086 1014 1139 1059 et
1168 1004 1400 1068 Joanne,
1455 1015 1510 1060 et
1554 1008 1780 1076 reliquis
1821 1010 2082 1078 apostolis

509 1090 801 1160 redigunt?
834 1094 961 1147 dum
1010 1097 1171 1149 etiam
1205 1097 1393 1150 dicunt
1436 1098 1583 1166 ipsos
1624 1098 1819 1153 fratres
1848 1116 1987 1163 esse,
2028 1110 2083 1153 et

511 1193 804 1235 conservos
836 1181 1124 1253 Unigeniti.
1165 1186 1344 1254 Atque
1380 1202 1539 1241 oume
1569 1188 1807 1242 studium
1840 1190 2080 1259 ipsorum

514 1268 757 1322 adhunc
800 1287 1026 1340 seOpum
1077 1284 1305 1343 spectat,
1352 1285 1407 1329 ut
1455 1277 1831 1334 demonstrent
1869 1289 2080 1334 tantum

514 1360 707 1413 abesse
752 1361 970 1416 Patrem
1018 1367 1315 1419 secundum
1360 1376 1566 1421 natura:
1616 1371 1952 1438 majestatem
2014 1373 2082 1427 ab

514 1448 785 1519 Unigeniti
816 1454 1075 1523 dignitate
1101 1465 1155 1511 et
1201 1457 1400 1511 virtute
1429 1469 1482 1513 et
1512 1461 1771 1523 essentia,
1814 1471 2079 1531 quantum

514 1560 676 1612 supra
697 1545 985 1599 humanam
1012 1550 1303 1603 essentiam
1332 1567 1451 1605 sese
1474 1555 1687 1607 extulit.
1720 1556 1894 1623 Atque
1918 1555 2080 1623 hujus

514 1633 794 1687 sententia)
835 1650 1135 1689 sermonem
1171 1636 1314 1690 hunc
1356 1637 1561 1692 faciunt
1605 1649 1925 1709 patronum:
1985 1643 2078 1711 qui
2113 1616 2154 1670 Β

513 1738 576 1776 ex
606 1738 760 1792 :equo
792 1723 969 1778 Patris
999 1734 1053 1780 et
1081 1727 1311 1795 Domini,
1345 1740 1399 1783 et
1434 1729 1825 1799 discipulorum
1863 1733 2079 1788 Domini

513 1830 853 1868 communem
886 1816 1014 1870 facit
1040 1826 1311 1884 naturam,
1350 1829 1409 1874 ut
1434 1823 1579 1876 nulla
1604 1824 1744 1878 inter
1771 1839 1864 1879 eos
1894 1840 2082 1879 secun-

514 1910 641 1965 dum
682 1912 986 1965 naturalem
1028 1912 1343 1983 dignitatem
1389 1916 1719 1988 intelligatur
1756 1917 2079 1985 differentia,

514 2000 569 2054 in
596 2016 662 2056 eo
686 2003 830 2072 quod
865 2004 1114 2059 similiter
1153 2006 1269 2075 ipse
1307 2016 1360 2062 et
1388 2009 1550 2077 hujus
1578 2017 1632 2064 et
1672 2011 1885 2065 illorum
1926 2012 2083 2067 Pater

513 2103 567 2148 et
602 2096 740 2149 Deus
768 2111 889 2150 esse
918 2097 1275 2152 existimetur.

586 2182 651 2239 Et
676 2185 796 2237 talis
825 2186 1069 2253 quaedam
1101 2197 1184 2242 est
1211 2204 1330 2257 qua:
1356 2204 1420 2241 ex
1454 2192 1847 2257 consequentia
1869 2193 2083 2247 elicitur

514 2273 859 2341 blasphemia:
881 2278 1165 2331 astructio.
1192 2278 1267 2330 Ita
1301 2286 1358 2331 ut
1380 2280 1460 2332 vel
1489 2280 1652 2334 etiam
1684 2281 1965 2350 discipulis
1990 2300 2083 2351 per

515 2366 792 2419 relativam
845 2367 1294 2436 significationem
1331 2371 1582 2424 essentia:
1638 2373 2081 2427 communitatem

516 2472 641 2509 cum
669 2455 829 2511 Patre
862 2458 1152 2525 attribuat;
1188 2462 1268 2514 vel
1305 2476 1477 2530 neque
1507 2463 1789 2515 Dominum
1824 2480 1917 2531 per
1946 2465 2083 2519 hanc

516 2562 703 2600 vocem
758 2549 821 2601 ad
865 2551 1301 2605 communionem
1353 2563 1559 2606 naturae
1607 2553 1782 2609 Patris
1830 2554 2080 2610 adducat.

515 2634 581 2688 Et
616 2639 1074 2705 quemadmodum
1108 2642 1426 2695 servitutem
1462 2642 1850 2712 discipulorum
1895 2647 2085 2712 probat

518 2740 584 2778 ex
622 2740 687 2777 eo
727 2727 871 2794 quod
909 2726 1151 2795 ipsorum
1186 2727 1327 2783 Deus
1369 2728 1679 2782 nominatus
1710 2737 1812 2787 est.
1862 2730 1952 2797 qui
2002 2739 2093 2783 est

520 2829 683 2881 super
729 2815 936 2869 omnia:
982 2815 1233 2869 similiter
1266 2817 1429 2870 etiam
1481 2815 1676 2869 Filium
1725 2819 1928 2872 servire
1977 2819 2084 2873 Deo

520 2919 618 2972 per
645 2920 707 2958 ea
734 2920 853 2974 quae
884 2915 1015 2958 sunt
1044 2905 1188 2959 dicta
1217 2908 1523 2961 confitetur.
1559 2909 1712 2972 Quod
1750 2909 1910 2979 igitur
1948 2909 2083 2964 divi—

518 2996 675 3048 nitati
718 2994 989 3063 Unigeuiti
1029 2997 1192 3051 verba
1230 2997 1296 3051 ad
1345 2997 1566 3052 Mariam
1612 2998 1749 3052 facta
1795 3016 1901 3054 non
1949 3016 2083 3055 con-

515 3096 737 3156 gruunt,
775 3104 838 3142 ex
869 3088 972 3141 hoc
996 3088 1285 3142 verborum
1316 3105 1477 3144 sensu
1508 3091 1624 3143 licet
1655 3093 1951 3161 percipere
1982 3093 2081 3158 Qui

515 3180 658 3231 enim
694 3187 775 3234 est
809 3194 902 3248 per
947 3180 1127 3232 omnia
1159 3196 1279 3232 cttm
1313 3181 1377 3232 ad
1419 3182 1782 3249 :cqualitatem
1836 3183 2085 3236 humanm

517 3269 801 3325 brevitatis
834 3270 1072 3339 seipsum
1106 3269 1466 3333 humiliassel,
1532 3271 1618 3324 ille
1648 3280 1727 3325 est
1758 3272 1847 3341 qui
1877 3287 1937 3326 ea
1966 3288 2085 3340 quae

515 3362 659 3416 dicta
695 3372 823 3416 sunt
851 3362 1113 3431 loquitur.
1152 3359 1408 3425 Qmeuam
1447 3378 1570 3413 vero
1615 3361 1853 3428 ipsorum
1893 3364 2083 3417 verbo-

518 3470 637 3506 rum
686 3463 770 3508 est
813 3454 1193 3521 intelligentia,
1236 3461 1425 3503 exarte
1457 3452 1713 3504 sciverint
1764 3453 1837 3506 illi
1871 3454 1960 3521 qui
1992 3470 2085 3523 per

517 3544 777 3612 Spiritum
804 3544 1041 3613 mysterii
1069 3541 1333 3611 profunda
1362 3550 1789 3609 perscrutantur.
1820 3542 2081 3609 Qumcun—

514 3651 624 3704 que
653 3642 830 3687 autem
859 3650 924 3686 ex
955 3632 1041 3685 his
1064 3631 1342 3701 percipere
1370 3632 1661 3700 potuimus,
1686 3632 1839 3701 juxta
1861 3631 2081 3687 Patrum

515 3724 909 3795 expositionem
966 3724 1078 3776 lucc
1121 3723 1309 3791 paucis
1351 3739 1706 3793 apponemus.
1749 3724 1848 3790 Qui
1890 3734 2081 3779 natura

516 3830 704 3870 eorum
753 3829 872 3882 quae
921 3822 1046 3866 sunt
1084 3811 1243 3867 Pater
1282 3823 1383 3878 est,
1429 3830 1491 3868 ex
1537 3830 1643 3883 quo
1677 3816 1854 3868 omnia
1904 3827 2081 3869 ortum

517 3908 737 3969 habent,
766 3921 906 3959 unus
939 3906 1005 3958 ah
1033 3906 1279 3975 Apostoli
1332 3906 1788 3975 magniloquentia
1824 3907 2083 3976 praedica—

514 4008 632 4051 tur:
676 3996 820 4050 Unus
880 3998 1073 4066 inquit,
1107 3997 1243 4050 Deus
1277 4006 1325 4048 et
1369 3996 1549 4062 Pater,
1597 4014 1661 4051 ea:
1700 4015 1799 4066 quo
1841 4001 2078 4051 omnia’.

518 4088 656 4157 Ergo
707 4088 941 4140 humana
1000 4097 1189 4139 natura
1238 4104 1342 4139 non
1399 4087 1615 4140 aliunde
1672 4089 1723 4140 iu
1777 4097 2081 4142 creaturam

516 4180 700 4243 venit;
750 4194 924 4246 neque
960 4179 1179 4232 fortuito
1215 4187 1307 4231 aut
1343 4179 1559 4246 propria
1590 4178 1638 4230 vi
1682 4180 1733 4231 in
1768 4194 1946 4231 rerum
1983 4195 2081 4231 na~

513 4280 688 4324 turam
741 4271 1003 4339 producta
1050 4282 1152 4336 est,
1202 4272 1293 4325 sed
1332 4270 1585 4325 factorem
1635 4279 1687 4325 et
1721 4281 1927 4324 natura:
1971 4288 2081 4325 suze

512 4364 844 4416 conditorem
890 4378 994 4415 non
1048 4363 1211 4415 alium
1262 4363 1450 4416 sortita
1504 4372 1585 4416 est
1630 4378 1789 4431 quam
1832 4363 2073 4416 omnium

517 4455 746 4506 Patrem.
777 4457 951 4521 Atque
977 4454 1152 4521 ipsum
1184 4452 1481 4506 divinitatis
1511 4468 1726 4509 nomen.
1760 4452 1891 4505 nihil
1928 4452 2075 4506 aliud

513 4542 782 4612 signiﬁcat
820 4553 1015 4611 praeter
1047 4559 1164 4597 eam
1202 4544 1306 4595 vim
1339 4559 1443 4613 qua
1472 4544 1651 4596 omnia
1681 4545 2079 4613 contemplatur

507 4644 565 4690 et
597 4636 851 4690 omnibus
902 4635 1168 4704 providet,
1220 4650 1381 4711 quam
1425 4636 1585 4689 etiam
1639 4637 1855 4706 proprie
1891 4637 2079 4691 habuit

508 4741 637 4796 erga
664 4742 834 4796 genus
863 4728 1183 4781 humanum.
1224 4726 1325 4792 Qui
1361 4728 1502 4780 enim
1534 4727 1846 4781 facultatem
1875 4735 1929 4782 et
1968 4729 2074 4781 vim

513 4817 596 4871 his
636 4831 756 4885 qua:
786 4826 933 4881 sunt,
980 4826 1037 4870 nt
1075 4824 1259 4871 essent
1300 4817 1551 4885 praebuit,
1590 4816 1731 4872 Dens
1760 4825 1845 4872 est
1890 4825 1943 4871 et
1998 4819 2079 4870 in-

509 4917 729 4977 spector
746 4923 931 4961 eorum
965 4924 1085 4976 quae
1116 4909 1183 4961 ab
1212 4908 1302 4961 illo
1336 4906 1476 4961 facta
1505 4919 1649 4963 sunt.
1684 4909 1788 4964 Sed
1818 4911 2075 4979 quoniam

509 5014 605 5065 per
633 4997 861 5052 insidias
892 4998 1008 5066 ejus
1037 5001 1128 5067 qui.
1160 5001 1211 5052 in
1240 5001 1396 5055 nobis
1425 5001 1562 5055 sevit
1584 5002 1940 5057 contumaciae
1964 5002 2080 5057 sive

509 5089 823 5144 rebellionis
856 5089 1063 5153 lolium,
1103 5105 1209 5143 non
1247 5093 1479 5160 amplius
1505 5093 1712 5161 paterni
1742 5093 2074 5148 characteris

507 5181 796 5250 imaginem
824 5188 1017 5234 natura
1053 5189 1238 5235 uestra
1278 5182 1329 5235 in
1373 5183 1548 5251 seipsa
1584 5185 1943 5250 conservavit,
1980 5185 2071 5239 sed

506 5274 573 5325 ad
600 5272 897 5327 foeditatem
930 5272 1134 5341 peccati
1164 5272 1463 5325 deformata
1488 5284 1589 5327 est:
1617 5273 1821 5327 idrirco
1842 5290 1937 5343 per
1951 5291 2069 5328 eam

507 5364 914 5419 similitudinem
955 5379 1075 5433 quae
1108 5378 1203 5433 per
1246 5362 1563 5418 electionem
1610 5363 1681 5427 fit,
1740 5374 1792 5419 et
1831 5380 1859 5419 a
1900 5366 2070 5423 libero

576 5539 595 5568 "
624 5538 641 5590 l
672 5540 798 5595 Cor.
827 5556 940 5603 vin,
977 5538 1033 5594 6.

2183 368 2276 420 καὶ
2318 368 2575 437 ὁμογενὲς
2612 371 2677 437 τῇ
2713 366 2868 434 φύσει
2891 365 3001 418 τῶν
3036 361 3309 434 μαθητῶν,
3355 363 3389 431 ἡ
3417 360 3613 413 διάνοια
3630 359 3725 411 τῶν

2180 460 2481 528 εἰρημένων
2504 458 2724 527 φέρεται
2742 476 2754 488 ο
2804 457 2911 509 τῶν
2939 457 2994 509 δὲ
3022 453 3273 508 τοιούτων
3311 452 3459 505 οὐδὲν
3500 449 3620 519 περὶ
3646 450 3727 503 τὸν

2180 549 2408 619 ἀόρατόν
2437 568 2492 602 τε
2515 550 2607 603 καὶ
2624 549 2906 618 ἀσώματον
2924 548 3016 602 καὶ
3042 545 3221 615 ἀναφῆ
3240 545 3329 597 καὶ
3349 543 3575 597 ἀνείδεον
3602 540 3725 595 καθα

2182 643 2401 710 ορᾶταυ
2435 640 2549 703 πῶς
2611 640 2770 693 αὐτὸν
2793 639 2883 691 τὸν
2910 636 3173 708 μονογενῆ
3206 634 3355 698 Θεὸν,
3395 632 3483 685 τὸν
3520 634 3574 685 ἐν
3601 633 3725 701 ἀρχῇ

2181 731 2308 783 ὄντα
2329 772 2342 794 ,
2380 732 2471 783 καὶ
2500 733 2557 783 ὲν
2586 730 2663 800 τῷ
2694 729 2867 799 Πατρὶ
2890 728 3036 792 ὂντα,
3062 730 3139 790 είς
3162 727 3222 778 τὸ
3246 725 3502 796 ὁμότιμον
3521 722 3724 792 Πέτρῳ,

2183 825 2273 876 καὶ
2301 824 2544 894 Ἀνδρέᾳ,
2567 823 2661 875 καὶ
2690 822 2931 892 Ἰωάννῃ,
2953 822 3169 882 καὶτοῖς
3191 818 3392 879 λοιποῖς
3408 815 3511 868 τῶν
3527 814 3729 867 ἀποστό-

2183 915 2288 966 λων
2320 914 2687 981 κατάγουσιν;
2739 912 2797 966 ὲν
2850 912 2925 981 τῷ
2950 912 3043 965 καὶ
3067 910 3323 977 ἀδελφοὺς
3353 907 3544 967 αὐτοὺς
3569 905 3727 973 λέγειν

2182 1000 2427 1056 εἴναιτοῦ
2455 1002 2780 1071 Μονογενοῦς
2804 1002 2894 1054 καὶ
2921 1000 3260 1070 ὁμοδούλους.
3289 999 3397 1050 Καὶ
3434 998 3575 1049 πᾶσα
3610 996 3727 1065 πρὸς

2182 1097 2366 1149 τοῦτον
2389 1097 2570 1158 αὐτοῖς
2598 1094 2686 1147 τὸν
2721 1095 2917 1147 σκοπὸν
2950 1096 2983 1163 ἠ
3012 1092 3212 1159 σπουδὴ
3245 1088 3430 1158 βλέπει
3448 1128 3465 1152 ,
3493 1086 3552 1139 τὸ
3574 1086 3725 1149 δεῖξαι

2182 1188 2434 1239 τοσοῦτον
2452 1186 2737 1254 ἀφεστῶτα
2762 1186 2901 1239 κατὰ
2918 1185 2977 1237 τὸ
3001 1184 3279 1254 μεγαλεῖον
3298 1182 3396 1251 τῆς
3414 1178 3636 1247 φύσεως,
3652 1178 3727 1230 τὸν

2183 1278 2399 1345 Πατέρα
2436 1278 2532 1346 τῆς
2570 1276 2662 1329 τοῦ
2693 1274 3027 1343 Μονογενοῦς
3054 1274 3208 1339 ἀξίας
3246 1289 3305 1324 τε
3332 1271 3427 1324 καὶ
3464 1270 3720 1337 δυνάμεως

2184 1366 2274 1417 καὶ
2316 1366 2536 1430 οὐσίας,
2576 1367 2698 1418 ὅσον
2736 1366 2952 1434 καὶτῆς
2980 1362 3323 1433 ἀνθρωπίνης
3368 1361 3553 1421 οὐσίας
3582 1360 3728 1427 ὑπερ·

2183 1454 2447 1522 ανέστηκε
2471 1469 2484 1482 ·
2532 1452 2622 1505 καὶ
2663 1455 2759 1522 τῆς
2783 1453 3015 1515 διανοίας
3037 1451 3240 1520 ταύτης
3262 1449 3450 1502 τοῦτον
3482 1448 3567 1500 τὸν
3594 1446 3727 1513 λόγον

2185 1543 2456 1597 ποιοῦνται
2489 1545 2801 1614 συνήγορον,
2830 1544 2919 1595 τὸν
2946 1545 3009 1595 ὲκ
3038 1542 3131 1595 τοῦ
3160 1543 3275 1594 ῖσου
3307 1541 3405 1611 τήν
3439 1556 3495 1591 τε
3519 1536 3605 1590 τοῦ
3634 1538 3728 1590 Πα-

2182 1635 2307 1704 τρὸς
2349 1635 2442 1688 καὶ
2490 1636 2586 1704 τὴν
2624 1635 2716 1687 τοῦ
2757 1634 2993 1704 Κυρίου,
3037 1634 3132 1687 καὶ
3190 1632 3300 1686 τῶν
3344 1630 3593 1701 μαθητῶν
3645 1628 3726 1681 τοῦ

2180 1728 2383 1797 Κυρίου
2413 1727 2570 1796 φύσιν
2613 1727 3035 1780 κοινοποιοῦντα.
3090 1726 3179 1787 Ὠς
3221 1724 3489 1794 μηδεμιᾶς
3542 1720 3721 1791 μεταξύ

2181 1820 2469 1889 νοουμένης
2497 1818 2635 1871 κατά
2665 1820 2760 1889 τὴν
2806 1818 3035 1888 φυσικὴν
3069 1817 3225 1881 ἀξίαν
3261 1816 3551 1886 διαφορᾶςο
3583 1816 3634 1866 ὲν
3664 1812 3730 1884 τῷ

2182 1912 2574 1982 παραπλησίως
2619 1912 2800 1974 αὐτὸν,
2852 1913 2942 1963 καί
2986 1909 3174 1963 τούτου
3223 1908 3492 1962 κάκείνων
3534 1904 3728 1977 Πατέρα

2180 2021 2236 2056 τε
2267 2005 2359 2057 καὶ
2386 2003 2516 2055 Θεὸν
2546 2000 2683 2054 εἶναι
2706 2002 3037 2071 νομίζεσθαι.

2252 2182 2360 2232 Καὶ
2388 2180 2607 2248 τοιαύτη
2652 2180 2735 2243 τίς
2778 2181 2922 2231 ἐστιν
2965 2180 2997 2248 ἡ
3042 2178 3181 2231 κατά
3225 2176 3289 2228 τὸ
3337 2173 3612 2229 ἀκόλουθον
3644 2173 3727 2242 τῆς

2184 2272 2525 2343 βλασφημίας
2555 2272 2862 2341 κατασκευὴ
2880 2311 2893 2335 ,
2929 2271 3002 2334 ὡς
3031 2270 3064 2340 ἢ
3101 2271 3195 2324 καὶ
3222 2271 3337 2332 τοῖς
3371 2268 3625 2338 μαθηταῖς
3650 2265 3723 2319 διὰ

2182 2364 2277 2433 τῆς
2326 2363 2580 2433 σχετικῆς
2626 2364 2897 2433 σημασίας
2942 2362 3002 2414 τὸ
3046 2361 3220 2415 κοινὸν
3254 2362 3356 2430 τῆς
3386 2360 3566 2423 οὐσίας
3611 2358 3724 2429 πρὸς

2181 2455 2271 2507 τὸν
2304 2455 2519 2524 Πατέρα
2544 2453 3068 2524 συμμαρτυρεῖσθαι,
3096 2452 3129 2521 ἢ
3163 2453 3298 2522 μηδὲ
3325 2453 3414 2505 τὸν
3445 2451 3632 2520 Κύριον
3653 2450 3725 2502 διὰ

2182 2546 2280 2612 τῆς
2309 2547 2489 2613 φωνῆς
2525 2547 2603 2608 εἰς
2643 2546 2926 2598 κοινωνίαν
2955 2546 3056 2614 τῆς
3101 2544 3193 2596 τοῦ
3228 2544 3441 2613 Πατρὸς
3468 2543 3607 2610 ἄγειν
3643 2537 3727 2608 φύ-

2184 2654 2317 2698 σεως
2336 2653 2347 2665 ·
2391 2638 2483 2689 καὶ
2504 2637 2578 2699 ὡς
2607 2636 2705 2706 τὴν
2744 2636 2984 2689 δουλείαν
3013 2635 3120 2687 τῶν
3171 2634 3451 2705 μαθητῶν,
3504 2632 3587 2685 τὸν
3614 2630 3725 2683 Θεὸν

2182 2727 2358 2780 αὐτῶν
2391 2727 2750 2798 ὀνομασθῆναι
2778 2728 2868 2781 τὸν
2902 2727 2993 2779 ἐπὶ
3023 2727 3240 2781 πάντων
3276 2726 3584 2797 παρίστησι,
3607 2720 3725 2775 κατὰ

2182 2820 2269 2870 τὸν
2296 2819 2455 2870 αὐτὸν
2483 2819 2656 2886 λόγον,
2689 2818 2782 2871 καὶ
2826 2818 2914 2871 τὸν
2958 2816 3084 2869 Υἰὸν
3112 2816 3388 2870 δουλεύειν
3412 2814 3486 2886 τῷ
3509 2814 3615 2883 Θεῷ
3652 2811 3723 2865 διὰ

2184 2910 2290 2962 τῶν
2336 2911 2637 2981 είρημένων
2683 2908 3075 2980 ὁμολογεῖσθαι.
3134 2909 3259 2961 Ὅτι
3312 2908 3408 2980 μὲν
3451 2902 3539 2960 οὖν
3580 2904 3633 2958 οὐ
3665 2905 3720 2971 τῇ

2186 2998 2395 3068 θεότητι
2438 2998 2531 3051 τοῦ
2576 2997 2911 3065 Μονογενοῦς
2961 2996 3333 3067 ἐφαρμόζει-αι
3379 2996 3447 3049 τά
3492 2994 3616 3066 πρὸς
3640 2990 3723 3061 τὴν

2184 3089 2398 3159 Μαρίαν
2427 3090 2675 3161 ῥήματα,
2724 3088 2789 3141 δι’
2824 3090 2991 3159 αὐτῆς
3026 3090 3144 3143 ἔστι
3173 3090 3276 3158 τῆς
3321 3089 3425 3143 τῶν
3453 3083 3722 3158 εἰρημένων

2184 3178 2417 3242 διανοίας
2461 3179 2671 3249 μαθεῖν.
2720 3181 2777 3232 '0
2808 3179 2915 3251 γὰρ
2942 3179 3027 3233 διὰ
3060 3181 3278 3232 πάντων
3315 3179 3443 3249 πρὸς
3474 3177 3531 3230 τὸ
3565 3174 3721 3244 ὁμότι-

2188 3285 2284 3337 μον
2314 3270 2408 3337 τῆς
2436 3268 2780 3339 ἀνθρωπίνης
2811 3268 3143 3340 βραχύτητος
3182 3269 3398 3334 ἑαυτὸν,
3450 3265 3589 3335 φασὶ.
3635 3279 3719 3315 τα-

2186 3358 2484 3421 πεινώσας,
2537 3360 2739 3423 ἐκεῖνος
2791 3359 3085 3428 φθέγγεται
3137 3360 3205 3413 τὰ
3242 3359 3519 3430 εἰρημένα.
3560 3355 3643 3418 Τίς
3672 3352 3719 3403 δὲ

2183 3449 2357 3501 αὐτῶν
2397 3449 2503 3501 τῶν
2547 3450 2803 3519 ῥημάτων
2845 3452 2990 3504 ἐστὶν
3018 3453 3050 3522 ἠ
3080 3452 3316 3513 διάνοια,
3342 3454 3437 3523 τὴν
3470 3450 3561 3521 μὲν
3587 3445 3718 3516 ἀκρί-

2184 3537 2332 3588 ϐειαν
2378 3538 2562 3589 εἰδεῖεν
2604 3538 2669 3591 ἂν
2719 3541 2768 3590 ot
2811 3539 2898 3591 διὰ
2927 3541 3019 3592 τοῦ
3053 3541 3370 3610 Πνεύματος
3400 3542 3463 3593 τὰ
3488 3538 3611 3610 βάθη
3637 3532 3717 3587 τοῦ

2187 3629 2481 3698 μυστηρίου
2515 3629 2942 3701 διερευνώμενοι.
2975 3632 3113 3685 Ὅσα
3140 3632 3194 3685 δὲ
3225 3635 3320 3685 καὶ
3368 3635 3443 3694 είς
3468 3630 3710 3701 ἡμετέραν

2181 3718 2305 3787 ἥκει
2349 3721 2648 3789 κατάληψιν
2693 3723 2833 3774 κατὰ
2878 3722 2972 3793 τὴν
3022 3723 3129 3775 τῶν
3156 3724 3412 3794 Πατέρων
3460 3722 3713 3790 ὑφήγησιν.

2183 3810 2349 3863 ταῦτα
2378 3812 2444 3863 δι’
2470 3812 2661 3879 ὀλίγων
2701 3813 3150 3884 παραθησόμεθα.
3192 3814 3249 3866 Ὀ
3281 3818 3347 3885 τῇ
3378 3813 3525 3883 φύσει
3558 3809 3717 3877 Πατὴρ

2182 3902 2287 3953 τῶν
2311 3901 2498 3964 ὄντων,
2530 3904 2588 3966 ἐξ
2610 3897 2669 3956 οὗ
2695 3904 2759 3956 τά
2792 3905 2968 3957 πάντα
2992 3905 3087 3974 τὴν
3110 3904 3323 3971 γένεσιν
3346 3906 3472 3975 ἔχει,
3496 3897 3567 3964 εἷς
3590 3898 3716 3967 παρά

2181 3992 2279 4060 τῆς
2310 3993 2403 4044 τοῦ
2453 3994 2770 4046 ’Λποστόλου
2835 3994 3241 4064 μεγαλοφωνίας
3294 3996 3710 4063 ἀνακεκήρυκται’

2178 4081 2281 4151 Εἷς
2309 4088 2417 4157 γάρ
2444 4085 2585 4151 Θεὸς
2605 4129 2618 4149 ,
2652 4087 2806 4155 φησὶ,
2838 4086 2932 4139 καί
2964 4087 3194 4155 Πατὴρ,
3225 4088 3297 4151 ἐξ
3330 4083 3399 4142 οὗ
3436 4088 3503 4140 τὰ
3528 4083 3710 4136 πάντα.

2183 4176 2389 4229 υύκοῦν
2434 4179 2466 4247 ἡ
2513 4177 2822 4247 ἀνθρωπίνη
2878 4178 3071 4246 φύσις,
3099 4180 3196 4231 οὐκ
3250 4178 3533 4247 ἀλλαχόθεν
3558 4178 3707 4226 ὲπεισ·

2119 4304 2157 4356 D
2185 4268 2312 4337 ἦλθε
2371 4269 2436 4337 τῇ
2483 4268 2657 4320 κτίσει
2682 4301 2695 4324 ,
2723 4267 2864 4324 οὐδὲ·
2888 4269 3203 4339 αὐτομάτως
3232 4268 3430 4339 ὲνεφύη
3463 4269 3563 4327 τοῖς
3610 4278 3708 4328 τίν’

2186 4358 2378 4410 νῶσιν·
2412 4357 2545 4425 ἀλλὰ
2572 4359 2661 4410 τὸν
2693 4361 2918 4429 ποιητὴν
2948 4361 3041 4413 καὶ
3066 4360 3233 4429 αὐτῆς
3267 4362 3364 4431 τῆς
3392 4359 3518 4420 ἰδίας
3548 4350 3710 4408 συστάο

2187 4467 2322 4511 σεως
2364 4449 2460 4500 οὐκ
2506 4448 2661 4501 ἄλλον
2705 4449 2881 4519 ἔσχεν,
2921 4452 2952 4522 ἢ
2994 4451 3082 4505 τὸν
3114 4453 3330 4523 Πατέρα
3361 4452 3466 4503 τῶν
3508 4447 3707 4499 πάντων.

2186 4543 2294 4594 Καὶ
2343 4543 2471 4595 αὐτὸ
2514 4544 2569 4596 δὲ
2620 4543 2679 4596 τὸ
2708 4548 2806 4613 τῆς
2842 4545 3091 4615 θεότητος
3135 4546 3331 4615 ὄνομα,
3362 4546 3465 4598 εἴτε
3493 4542 3582 4611 τὴν
3606 4541 3709 4591 ἐπο-

2185 4635 2409 4705 πτικὴν,
2473 4637 2579 4688 εἴτε
2620 4636 2717 4707 τὴν
2763 4638 3119 4707 προνοητικὴν
3163 4637 3408 4701 ἐξουσίαν
3457 4631 3705 4703 σημαίνει.

2180 4727 2246 4797 ἣν
2294 4728 2507 4790 οίκείως
2556 4724 2665 4796 εἶχε
2710 4729 2843 4797 πρὸς
2885 4728 2944 4781 τὸ
2990 4728 3345 4797 ἀνθρώπινον.
3388 4726 3445 4778 ’0
3490 4723 3585 4791 γὰρ
3629 4716 3707 4783 τὴν

2180 4819 2405 4887 δύναμιν
2458 4820 2752 4890 παρασχὼν
2799 4823 2909 4882 τοῖς
2960 4817 3077 4873 οὖσι
3112 4818 3204 4871 τοῦ
3259 4813 3425 4879 εἶναι,
3475 4813 3595 4873 Θεὸς
3632 4808 3706 4859 καὶ

2180 4913 2423 4980 ἐπόπτης
2451 4912 2557 4963 τῶν
2590 4914 2675 4963 ἐπ’
2704 4912 2909 4965 ἐκείνου
2931 4910 3228 4979 γεγονότων
3254 4909 3413 4961 ἐστίν.
3450 4903 3579 4957 Ἀλλ’
3607 4897 3705 4953 ἐπεὶ

2180 5006 2298 5056 κατ’
2335 5003 2618 5073 ἐπιϐουλὴν
2648 5004 2739 5055 τοῦ
2780 5003 3155 5072 ὲνσπείραντος
3206 5004 3332 5073 ἡμῖν
3364 4999 3421 5052 τὸ
3450 5000 3541 5066 τῆς
3571 4994 3703 5046 ἀπει⁸

2182 5094 2330 5156 θείας
2377 5093 2647 5158 ζιζάνιον,
2692 5094 2870 5147 οὐκέτι
2904 5094 2994 5147 τοῦ
3026 5092 3290 5165 πατρικοῦ
3334 5080 3700 5160 χαρακτῆροςῆ

2181 5190 2340 5254 φύσις
2373 5187 2528 5256 ἡμῶν
2564 5186 2658 5256 τὴν
2687 5186 2869 5238 εἰκόνα
2898 5188 2981 5253 ἐφ’
3013 5185 3212 5253 ἑαυτῆς
3246 5179 3524 5235 διεσώσατο
3544 5192 3555 5205 ο
3592 5168 3703 5223 ἀλλά

2181 5279 2313 5349 πρὸς
2332 5279 2391 5331 τὸ
2415 5274 2597 5348 αἶσχος
2619 5279 2715 5347 τῆς
2732 5278 3002 5347 ἁμαρτίας
3026 5272 3411 5346 μετεμορφώθη
3431 5289 3442 5300 ·
3474 5267 3553 5321 διὰ
3572 5261 3702 5315 τοῦτο

2175 5370 2262 5424 διὰ
2279 5370 2375 5441 τῆς
2395 5370 2531 5423 κατά
2550 5370 2643 5439 τὴν
2658 5368 2968 5438 προαίρεσιν
2985 5366 3291 5437 ὁμοιότητος
3307 5365 3380 5425 εἰς
3392 5361 3481 5431 τὴν
3496 5349 3700 5420 πονηράν
