4054 6152
360 165 466 223 889

1481 164 1754 221 CONTRA
1787 163 2179 228 EUNOMIUM,
2212 165 2342 221 LIB.
2379 163 2494 220 XII.

3503 169 3608 226 890

363 278 683 346 συγγένειαν
711 278 802 331 τοῦ
836 278 1040 350 πατρὸς
1073 279 1172 347 τῆς
1197 279 1467 348 ἁμαρτίας
1493 279 1826 349 εἰσεποιήθη.
1845 279 1932 341 Ὠς

2045 278 2232 331 mentis
2251 277 2478 331 arbitrio
2503 276 2789 345 dependet,
2812 277 2875 330 ad
2907 277 3204 346 improbam
3229 278 3604 350 cognationem

366 370 564 440 μηκέτι
589 370 681 422 τοῦ
732 369 1205 440 ἀποκηρυχθέντος
1239 373 1295 424 έν
1342 373 1408 442 τῇ
1466 371 1571 442 ἰδία
1609 371 1777 441 κακίᾳ
1800 413 1812 432 ,
1848 371 1938 423 τὸν

365 459 570 527 ἀγαθόν
599 477 656 513 τε
709 462 800 513 καὶ
836 460 1086 531 ἀληθινὸν
1115 456 1250 514 εἶναι
1279 463 1496 533 Πατέρα
1542 480 1599 514 τε
1645 463 1735 514 καὶ
1763 463 1894 514 Θεόν
1923 481 1934 492 ·

363 549 479 602 ἀλλ’
513 549 632 602 ἀντὶ
672 551 770 620 μὲν
798 549 892 605 τοῦ
945 551 1099 620 φύσει
1149 552 1302 615 ὄντος
1352 553 1518 616 Θεοῦ,
1578 554 1715 619 τοὺς
1758 556 1939 623 φύσει

357 640 445 709 μὴ
482 638 660 704 ὄντας
699 640 875 706 θεοὺς
936 640 1232 712 τιμηθῆναι
1303 643 1482 706 καθώς
1522 661 1683 712 φησιν
1708 646 1738 697 ὁ
1778 645 1936 696 Ἀπό-

362 733 550 795 στολος
576 773 589 795 ,
617 731 736 784 ἀντὶ
758 732 813 786 δὲ
841 732 934 786 τοῦ
970 733 1222 803 ἀληθινοῦ
1253 735 1466 805 [ἰατρὸς
1490 775 1504 799 ,
1535 735 1626 788 τὸν
1671 735 1940 804 ψευδώνυ-

374 842 474 894 μον
501 824 824 894 νομισθῆναι
855 825 1064 894 πατέρα
1089 843 1102 855 ·
1135 825 1313 889 καθώς
1351 844 1451 878 που
1483 827 1548 879 δι’
1569 823 1888 892 αἰνίγματος
1912 829 1939 880 ὁ

364 917 648 985 προφήτης
690 915 955 986 Ἱερεμίας
987 915 1157 984 λέγων
1184 934 1196 946 ο
1229 917 1309 969 ὅτι
1357 917 1662 984 Ἐςςὼνησε
1704 916 1934 984 πέρδιξ,

362 1005 709 1074 συνήγαγεν
736 1004 774 1058 ἁ
800 1006 910 1060 οὐκ
939 1005 1164 1059 ἔτεκεν.
1204 1007 1420 1078 Ἐπειδὴ
1452 1008 1628 1060 τοίνυν
1666 1007 1728 1060 τὸ
1772 1008 1939 1075 κεφά-

363 1099 511 1150 λαιον
541 1097 639 1166 τῆς
671 1098 954 1167 συμφορᾶς
990 1097 1146 1166 ἡμῶν
1174 1096 1329 1150 τοῦτο
1362 1094 1428 1169 ῆν
1449 1139 1462 1158 ,
1508 1099 1568 1150 τὸ
1592 1097 1935 1169 ἐξοικειωθῆυ

364 1205 450 1240 ναι
475 1187 568 1239 τοῦ
593 1187 796 1255 ἀγαθοῦ
829 1187 1041 1258 Πατρὸς
1071 1188 1130 1240 τὸ
1159 1188 1513 1260 ἀνθρώπινον,
1546 1191 1640 1243 καὶ
1666 1191 1762 1258 τῆς
1789 1189 1938 1255 Θείας

361 1276 613 1346 ὲπόψεώς
648 1295 704 1330 τε
735 1277 827 1329 καὶ
858 1279 1183 1348 κηδεμονίας
1217 1277 1320 1342 ἔξω
1350 1279 1602 1348 γενέσθαι
1626 1297 1639 1311 υ
1668 1279 1755 1333 διὰ
1783 1279 1938 1332 τοῦτο

364 1370 394 1420 ὁ
421 1369 600 1420 πᾶσαν
631 1367 728 1437 τὴν
761 1368 937 1420 κτίσιν
967 1367 1064 1438 τὴν
1093 1369 1315 1439 λογικὴν
1346 1368 1645 1438 ποιμαίνων
1671 1409 1684 1430 ,
1718 1368 1938 1420 καταλι-

366 1457 482 1510 πὼν
512 1458 569 1508 ἐν
596 1460 705 1519 τοῖς
731 1456 953 1526 ὑψηλοῖς
982 1457 1079 1527 τὴν
1113 1458 1328 1528 ἀπλανῆ
1359 1475 1418 1510 τε
1450 1458 1542 1512 καὶ
1572 1459 1937 1528 ὑπερκὸσμιον

365 1546 600 1616 ποίμνην
623 1588 636 1610 ,
667 1546 725 1598 τὸ
754 1545 1161 1616 πεπλανημένον
1201 1548 1472 1618 πρόϐατον
1499 1592 1514 1613 ,
1541 1550 1637 1618 τὴν
1663 1549 1937 1619 ἡμετέραν

2041 369 2210 437 patris
2243 371 2447 438 peccati
2481 371 2652 423 ascita
2683 377 2788 423 est.
2821 368 2892 421 Ita
2932 378 2987 421 nt
3021 369 3161 437 ejus,
3192 373 3283 440 qui
3324 372 3607 426 abdicatus

2037 475 2119 513 eat
2148 461 2198 512 in
2232 477 2330 515 suo
2362 470 2600 530 peccato.
2639 476 2745 514 non
2780 461 3010 530 amplius
3035 462 3106 515 sit
3151 463 3324 518 bonus
3354 473 3407 517 et
3440 479 3606 518 verus

2039 549 2200 605 Pater
2228 559 2281 604 ct
2313 551 2475 615 Deus,
2504 553 2606 616 sed
2642 568 2736 621 pro
2766 567 2830 605 eo
2863 553 2954 621 qui
2993 560 3183 606 natura
3217 551 3359 607 Deus
3384 562 3486 616 est,
3526 551 3608 606 illi

2037 642 2124 710 qui
2169 652 2364 695 natura
2411 659 2511 694 non
2549 652 2668 695 sunt
2715 642 2791 695 dii
2834 644 3103 705 colantur,
3154 644 3606 711 quemadmodum

2039 733 2115 785 ait
2144 732 2440 802 Apostolus
2463 733 2502 797 ³,
2545 749 2642 802 pro
2678 749 2806 787 vero
2833 745 3010 787 autem
3044 731 3220 796 Patre,
3258 734 3427 791 falsus
3459 745 3610 805 pater

2038 823 2395 885 existimetur,
2430 824 2571 876 sicut
2598 822 2794 876 alicubi
2826 838 2917 890 per
2938 823 3164 890 aenigma
3186 823 3443 892 propheta
3463 822 3609 877 Jere-

2039 913 2175 965 mias
2205 912 2370 966 dicit:
2430 910 2625 964 Perdix
2665 927 2835 963 vocem
2869 912 3054 975 edidit,
3102 912 3309 980 collegit
3361 928 3476 981 (ματ
3506 929 3610 966 non

2037 1003 2299 1071 peperit’.
2348 1000 2615 1066 Quoniam
2657 1001 2822 1070 igitur
2861 1011 3060 1056 nostra:
3105 1003 3430 1057 calamitatis
3473 1020 3605 1073 pra-o

2037 1091 2260 1160 (ipuum
2291 1099 2452 1160 caput
2479 1091 2582 1144 hoc
2603 1101 2740 1154 eral,
2769 1107 2962 1160 nempe
2990 1091 3129 1160 quod
3159 1092 3392 1146 humana
3418 1101 3608 1146 natura

2040 1195 2068 1232 a
2096 1180 2238 1235 bono
2260 1180 2420 1234 Patre
2439 1181 2780 1235 exheredata
2808 1190 2948 1244 erat,
2981 1193 3033 1234 et
3061 1197 3089 1234 a
3113 1180 3293 1234 divina
3319 1183 3610 1237 intuitione

2038 1281 2092 1326 et
2127 1286 2254 1324 cura
2289 1270 2470 1324 divina
2500 1271 2719 1325 exclusa
2749 1280 2895 1324 erat:
2935 1271 3054 1324 ideo
3085 1272 3176 1339 qui
3210 1287 3424 1326 orntiem
3445 1274 3612 1326 ratio-

2038 1360 2215 1413 nalem
2260 1368 2566 1414 creaturam
2621 1361 2815 1430 pascit,
2862 1360 3054 1414 relicto
3095 1361 3147 1414 in
3189 1363 3418 1417 excelsis
3463 1364 3610 1416 iner-

2041 1458 2193 1502 rante
2227 1458 2274 1502 et
2314 1451 2757 1517 supermundano
2789 1465 2968 1521 grege,
3007 1450 3072 1504 ad
3113 1461 3388 1504 errantem
3433 1467 3609 1518 ovem,

2042 1549 2286 1593 nostram
2340 1541 2584 1608 intelligo
2616 1549 2890 1606 naturam,
2933 1557 3042 1611 prae
3078 1541 3449 1596 benevolentia
3484 1559 3611 1611 erga

363 1635 507 1704 λέγω
528 1635 718 1704 φύσιν,
755 1634 860 1688 ὑπὸ
907 1636 1315 1706 φιλανθρωπίας
1365 1637 1701 1707 μετέρχεται.
1737 1637 1932 1688 Πολλο-

2045 1648 2206 1702 genus
2252 1632 2548 1686 humanum
2583 1633 2824 1688 accedit:
2852 1634 3163 1687 multesima
3193 1634 3337 1687 enim
3375 1643 3428 1688 et
3460 1635 3613 1689 mini-

367 1727 491 1780 στὸν
533 1725 641 1796 γάρ
669 1727 783 1778 ἐστι
812 1726 906 1778 καὶ
944 1725 1220 1794 ἐλάχιστον
1253 1726 1448 1796 μέρος,
1481 1728 1528 1778 εἰ
1569 1732 1700 1796 πρὸς
1727 1725 1787 1777 τὸ
1835 1727 1941 1778 πᾶν

366 1817 638 1887 κρίνοιτο,
676 1819 709 1887 ἡ
742 1816 1057 1888 ἀνθρωπίνη
1091 1815 1248 1886 φύσις
1272 1857 1285 1880 ,
1336 1817 1368 1886 ὴ
1417 1818 1551 1888 μόνη
1582 1815 1721 1868 κατά
1747 1815 1808 1868 τὸ
1847 1815 1943 1884 τῆς

367 1909 683 1980 παραϐολῆς
737 1907 1000 1978 αἴνιγμα,
1044 1909 1140 1976 τῆς
1181 1908 1403 1976 λογικῆς
1452 1906 1804 1968 ἑκατοντάδος
1855 1904 1942 1958 διὰ

365 2003 464 2072 τῆς
493 1999 692 2062 κακίας
716 2001 1151 2070 ἀποφοιτήσασα.
1197 2001 1349 2052 Ἐπεὶ
1387 1996 1480 2052 οὖν
1513 1997 1943 2063 ἀποξενωθείσαν

363 2093 460 2146 τοῦ
483 2091 616 2145 Θεοῦ
648 2091 747 2162 τὴν
773 2091 1049 2161 ἡμετέραν
1082 2089 1226 2160 ζωὴν
1300 2090 1366 2143 δι’
1397 2089 1597 2159 ἑαυτῆς
1643 2089 1802 2143 πάλιν
1852 2090 1945 2141 ἐπὶ

366 2184 466 2254 τὴν
520 2182 728 2253 ὑψηλήν
779 2182 981 2233 τεκαὶ
1035 2180 1282 2252 οὐράνιον
1341 2179 1526 2250 χώραν
1572 2178 1944 2249 ἀναληφθῆναι

367 2275 645 2344 ἀμήχανον
677 2269 746 2343 ἦν
765 2313 778 2337 ,
810 2271 897 2325 διὰ
925 2271 1104 2334 τοῦτο,
1137 2269 1319 2334 καθώς
1360 2287 1522 2340 φησιν
1548 2271 1576 2323 ὁ
1603 2269 1940 2333 Ἀπόστολος,

380 2365 435 2415 ’0
465 2364 550 2433 μὴ
576 2363 760 2433 γνοὺς
781 2363 1091 2432 ἁμαρτίαν,
1128 2360 1279 2430 ὑπὲρ
1311 2361 1480 2430 ἡμῶν
1517 2362 1768 2431 ἁμαρτία
1792 2362 1944 2429 γίνε-

369 2469 482 2515 ται,
513 2452 727 2522 καὶτῆς
765 2451 1009 2522 κατάρας
1035 2453 1183 2522 ἡμᾶς
1210 2451 1485 2523 ἐλευθεροῖ
1508 2492 1521 2515 ,
1547 2452 1644 2522 τὴν
1673 2452 1944 2523 ἡμετέραν

371 2544 613 2614 κατάραν
645 2543 1098 2614 οἰκειωσάμενος,
1149 2545 1242 2596 καὶ
1284 2543 1382 2614 τὴν
1421 2543 1617 2614 ἔχθραν
1655 2544 1810 2614 ἡμῶν
1847 2545 1944 2613 τὴν

372 2635 460 2689 διὰ
483 2637 580 2706 τῆς
609 2635 877 2706 ἁμαρτίας
907 2635 1042 2707 πρὸς
1069 2634 1160 2687 τὸν
1187 2634 1320 2688 Θεὸν
1342 2635 1713 2705 γεγενημένην
1743 2633 1944 2687 ἀναλα-

367 2727 481 2780 ϐὼν
503 2769 518 2792 ,
551 2726 645 2778 καὶ
692 2727 749 2778 ὲν
784 2727 961 2797 ἐαυτῷ
993 2726 1318 2790 ἀποκτείνας
1347 2727 1488 2781 κατὰ
1515 2727 1603 2780 τὸν
1650 2727 1744 2779 τοῦ
1789 2729 1943 2779 Ἀπο-

370 2817 558 2870 στόλου
586 2815 743 2884 λόγον
776 2815 964 2886 (ἔχθρα
999 2817 1056 2869 δὲ
1085 2812 1153 2886 ἦν
1193 2817 1226 2886 ἡ
1261 2817 1521 2887 ἁμαρτία)
1547 2856 1560 2879 ,
1590 2817 1685 2870 καὶ
1718 2817 1944 2887 γενόμε-

368 2923 460 2969 νος
495 2908 630 2976 ὅπερ
668 2907 865 2976 ἡμεῖς,
918 2906 984 2958 δι’
1029 2906 1224 2959 ἑαυτοῦ
1265 2906 1426 2958 πάλιν
1477 2907 1680 2975 συνῆψε
1717 2907 1793 2976 τῷ
1828 2907 1945 2978 Θεῴ

370 2996 432 3049 τὸ
469 2993 826 3066 ἀνθρώπινον.
865 2994 969 3047 Τὸν
1021 2994 1132 3066 γὰρ
1192 2995 1373 3048 καινὸν
1428 2996 1632 3047 ἐκεῖνον
1665 2995 1944 3067 ἄνθρωπον

369 3085 462 3138 τὸν
494 3083 634 3138 κατὰ
661 3083 793 3137 Θεὸν
841 3084 1130 3137 κτισθέντα
1153 3124 1168 3147 ,
1201 3085 1259 3137 ὲν
1292 3078 1336 3152 ᾧ
1381 3083 1669 3154 κατῴκησε
1716 3083 1778 3136 τὸ
1805 3085 1944 3155 πλή-

370 3191 532 3246 ρωμα
582 3173 682 3243 τῆς
732 3173 986 3243 θεότητος
1031 3173 1394 3244 σωματικῶς,
1426 3173 1614 3226 τοῦτον
1647 3173 1734 3226 διὰ
1780 3173 1947 3227 καθα-

370 3267 596 3338 ρότητος
625 3268 691 3337 τῇ
728 3265 1016 3336 συγγενείᾳ
1046 3265 1140 3318 τοῦ
1176 3265 1389 3337 Πατρὸς
1415 3266 1514 3334 τῆς
1545 3264 1760 3334 φύσεως
1789 3264 1946 3334 ἡμῶν

374 3357 831 3431 προσοικειὼσας,
883 3359 1062 3411 πᾶσαν
1110 3358 1210 3428 τὴν
1261 3357 1516 3410 κοινωνὸν
1560 3356 1655 3409 τοῦ
1699 3355 1948 3426 σώματος

370 3449 538 3504 αὐτοῦ
585 3449 678 3502 καὶ
732 3449 966 3519 συγγενῆ
1023 3448 1184 3518 φύσιν
1225 3447 1362 3519 πρὸς
1409 3447 1508 3516 τὴν
1562 3447 1733 3516 αὐτὴν
1786 3447 1946 3516 χάριν

375 3537 848 3607 συνεφειλκύσατο.
874 3539 985 3591 Καὶ
1005 3539 1162 3593 τοῦτο
1182 3539 1269 3593 διὰ
1299 3538 1399 3608 τῆς
1435 3537 1780 3604 γυναικὸς,οὺ
1813 3539 1948 3610 πρὸς

373 3629 618 3693 ἐκείνους
655 3631 782 3692 τοὺς
813 3616 1060 3700 μαθητὰς
1096 3630 1283 3701 μόνον,
1325 3629 1459 3682 ἀλλὰ
1506 3629 1600 3684 καὶ
1637 3630 1770 3701 πρὸς
1813 3629 1949 3683 πάν-

374 3739 470 3786 τας
502 3723 626 3785 τοὺς
659 3721 821 3793 μέχρι
871 3721 962 3773 τοῦ
993 3720 1089 3775 νῦν
1129 3721 1597 3792 μαθητευομένους
1624 3721 1766 3792 λόγῳ
1794 3722 1950 3789 εὐαγ-

373 3812 675 3881 γελίζεται·
717 3811 798 3864 ὅτι
855 3811 1038 3865 οὐκέτι
1073 3814 1129 3864 ὲν
1158 3812 1560 3882 ἀποκηρύκτοις
1585 3814 1614 3866 ὁ
1641 3812 1948 3883 ἄνθρωπος,

374 3904 496 3958 οὐδὲ
529 3904 628 3974 τῆς
658 3901 752 3957 τοῦ
776 3903 912 3957 Θεοῦ
943 3903 1217 3973 βασιλείας
1254 3902 1556 3973 ἀπόϐλητος
1577 3921 1591 3934 ·
1629 3903 1762 3956 ἀλλά
1789 3904 1950 3958 πάλιν

380 3995 493 4058 υίὸς
516 4034 531 4056 ,
575 3993 739 4046 πάλιν
777 3992 882 4046 ὑπὸ
925 3992 1016 4046 τὸν
1045 3992 1175 4046 Θεὸν
1216 3993 1583 4063 τεταγμένος,
1627 3996 1692 4064 τῇ
1727 3994 1949 4066 ἀπαρχῇ

375 4083 478 4152 τῆς
519 4081 928 4153 ἀνθρωπότητος
959 4072 1410 4149 συναγιασθέντος
1450 4083 1544 4135 καὶ
1572 4082 1663 4136 τοῦ
1694 4083 1950 4154 φυράμα-

375 4191 488 4238 τος.
506 4174 659 4230 Ἰδοὺ
688 4174 817 4242 γὰρ,
840 4175 1027 4244 φησὶν,
1049 4173 1161 4242 ἐγὼ
1184 4173 1374 4227 καὶτὰ
1397 4173 1603 4227 παιδία
1633 4173 1671 4228 ἄ
1689 4192 1787 4243 μοι
1814 4174 1952 4228 ἐδω-

377 4279 486 4315 κεν
517 4265 549 4314 ό
583 4263 756 4329 Θεός·
782 4260 902 4315 ὅθεν
954 4261 1110 4328 ὑμεῖς
1161 4261 1592 4333 ἀπεφοιτήσατε,
1630 4262 1830 4332 σάρκες
1858 4263 1950 4316 καὶ

376 4349 516 4423 αἷμα
553 4352 641 4405 διὰ
674 4357 772 4423 τὴν
813 4353 1086 4422 ἁμαρτίαν
1119 4353 1429 4422 γενόμενοι,
1463 4354 1579 4407 ἐκεῖ
1611 4354 1769 4408 πάλιν
1805 4356 1948 4424 ὑμᾶς

378 4441 662 4496 ἀναλαϐὼν
717 4451 1066 4520 ἐπανήγαγεν
1136 4445 1164 4496 ὁ
1219 4443 1284 4496 δι’
1336 4446 1484 4514 ἡμᾶς
1539 4447 1948 4519 κεκοινωνηκὼς

382 4532 583 4604 σαρκός
613 4549 672 4585 τε
703 4533 796 4586 καὶ
822 4533 1070 4602 αἵματος.
1108 4534 1217 4586 Καὶ
1249 4533 1391 4587 οὕτω
1418 4536 1605 4604 γέγονε
1630 4539 1724 4590 καὶ
1751 4539 1951 4609 ἡμέτε-

381 4639 475 4694 ρος
501 4623 689 4692 Πατὴρ
713 4622 806 4676 καὶ
827 4621 988 4688 Θεὸς,
1012 4618 1073 4678 οῦ
1100 4624 1361 4695 πρότερον
1385 4625 1470 4678 διὰ
1493 4628 1589 4696 τῆς
1618 4629 1950 4693 ἁποστσσίας

375 4712 835 4786 ὴλλοτριὼθημεν.
869 4715 1077 4770 Οὐκοῦν
1128 4716 1536 4785 εὐαγγελίζεται
1592 4721 1691 4790 τὴν
1741 4722 1950 4792 ἀγαθὴν

375 4802 578 4874 ταύτην
604 4805 922 4876 εὐεργεσίαν
944 4805 1031 4859 διὰ
1062 4807 1170 4859 τῶν
1199 4809 1504 4878 εἰρημένων
1533 4809 1562 4860 ὁ
1584 4810 1805 4881 Κύριος.
1842 4814 1952 4866 Καὶ

374 4895 490 4948 ἔστι
519 4893 587 4947 τὰ
621 4898 858 4965 ῥήματα,
889 4897 948 4948 οὐ
975 4897 1070 4968 τῆς
1099 4897 1193 4950 τοῦ
1226 4898 1354 4951 Υίοῦ
1384 4903 1766 4972 ταπεινότητος
1793 4903 1948 4970 ἐλεγ-

373 5001 501 5054 χος,
539 4984 675 5040 ἀλλὰ
712 4986 809 5056 τῆς
839 4987 1114 5058 ἡμετέρας
1155 4989 1288 5059 πρὸς
1319 4990 1410 5042 τὸν
1448 4991 1578 5044 Θεὸν
1607 4993 1950 5064 καταλλαγῆς

371 5074 686 5142 εὐαγγέλια.
721 5077 795 5128 Τὸ
843 5076 951 5147 γὰρ
990 5079 1115 5148 περὶ
1144 5078 1236 5130 τὸν
1296 5079 1436 5132 κατὰ
1465 5081 1696 5151 Χριστὸν
1741 5083 1948 5154 ἄνθρω-

372 5184 476 5219 πον
505 5168 866 5240 γεγενημένον
892 5208 906 5232 ,
937 5168 1090 5238 κοινὴ
1121 5169 1217 5239 τῆς
1243 5170 1476 5233 πίστεως
1514 5172 1620 5226 τῶν
1649 5174 1743 5226 ἀνθ
1755 5175 1947 5244 ρώπων

370 5257 534 5330 χάρις
563 5258 726 5312 ἐστίν.
751 5259 962 5329 ’Ὠσπερ
991 5259 1098 5330 γὰρ
1128 5261 1188 5312 τὸ
1224 5263 1534 5333 κατωφερὲς
1597 5263 1690 5316 καὶ
1737 5265 1815 5328 είς
1846 5267 1948 5335 γῆν

443 5519 650 5599 ’[Ιὶοπι.
679 5518 858 5599 1,.2).
898 5521 918 5552 ⁹
948 5517 1145 5576 Jercm.
1183 5535 1312 5590 xm,
1358 5521 1438 5577 ll.
1506 5524 1546 5556 ‘°
1586 5522 1628 5579 Η
1665 5524 1792 5580 Cor.
1835 5542 1887 5596 ν,
1927 5526 1944 5580 ε

2073 5531 2110 5562 ¹¹
2149 5529 2269 5586 Gal.
2305 5546 2385 5599 III,
2425 5531 2506 5585 l5.

373 5596 418 5624 ιδ
450 5592 559 5647 isa.
600 5605 717 5660 vni,
754 5590 840 5646 l8;

2044 1738 2128 1775 ma
2163 1739 2310 1791 pars,
2365 1724 2408 1777 si
2441 1741 2562 1778 cum
2602 1726 2854 1779 universo
2899 1725 3233 1789 conferatur,
3283 1737 3473 1780 natura
3510 1728 3611 1781 hu-

2045 1829 2225 1880 mana,
2256 1831 2375 1882 qua!
2406 1816 2520 1869 sola
2557 1817 2855 1869 secundum
2889 1817 3159 1885 parabolm
3182 1817 3411 1887 aenigma
3442 1819 3610 1871 ratio-

2045 1905 2185 1959 nalis
2225 1908 2484 1959 centuria:
2527 1915 2748 1975 propter
2797 1907 2984 1960 vitium
3019 1921 3049 1959 a
3095 1923 3259 1978 grege
3290 1917 3606 1962 secesserat.

2045 1993 2308 2060 Quoniam
2343 1997 2507 2065 igitur
2536 1998 2758 2050 omnino
2791 1997 2904 2052 ﬁeri
2939 2014 3044 2051 non
3082 2009 3313 2068 poterat,
3357 2007 3414 2053 ut
3444 2016 3472 2053 a
3501 1998 3614 2054 Deo

2044 2087 2344 2141 abalienata
2379 2098 2566 2142 nostra
2611 2090 2739 2151 vita,
2791 2105 2886 2157 per
2915 2105 2974 2143 se
3009 2105 3200 2144 rursus
3243 2089 3308 2144 ad
3340 2091 3613 2144 excelsum

2044 2189 2098 2233 et
2124 2181 2400 2234 caelestem
2448 2180 2624 2233 locum
2670 2189 3072 2247 assumeretur,
3101 2180 3311 2236 idcirco
3341 2182 3618 2252 quemad—

2047 2271 2266 2324 modum
2293 2271 2368 2324 ait
2397 2269 2724 2339 Apostolus,
2754 2270 2856 2336 Qui
2888 2288 2990 2324 non
3025 2273 3163 2325 novit
3194 2281 3486 2340 peccatum,
3520 2287 3615 2340 pro

2048 2361 2203 2416 nobis
2230 2372 2504 2430 peccatum
2532 2361 2588 2430 ﬁt
2626 2362 2698 2428 ¹⁰,
2732 2373 2784 2416 et
2819 2379 2916 2416 nos
2943 2377 2971 2414 a
2999 2363 3379 2417 maledictione
3402 2364 3614 2428 liberat,

2049 2459 2291 2504 nostram
2338 2451 2775 2505 maledictionem
2830 2453 2931 2506 sibi
2985 2453 3260 2522 propriam
3315 2452 3613 2508 faciens“:

2045 2554 2099 2598 et
2131 2544 2472 2598 inimicitiam
2504 2553 2745 2599 nostram
2775 2561 2868 2615 per
2900 2555 3181 2614 peccatum
3211 2561 3332 2598 cum
3373 2545 3480 2600 Deo
3516 2546 3618 2599 ini-

2047 2642 2154 2686 tam
2185 2649 2496 2698 assumens,
2539 2642 2592 2687 et
2631 2635 2684 2687 in
2717 2636 3013 2704 semetipso
3055 2635 3389 2690 interﬁciens
3420 2652 3620 2690 secun-

2046 2724 2175 2779 dum
2229 2724 2474 2794 Apostoli
2528 2740 2832 2780 sermonem
2857 2727 2899 2757 ¹²
2944 2721 3258 2797 (inimicitia
3305 2727 3446 2781 enim
3501 2735 3620 2781 erat

2045 2814 2382 2884 peceatum);
2406 2823 2458 2869 et
2504 2812 2681 2869 factus
2721 2812 2860 2868 idem
2900 2815 3041 2884 quod
3078 2830 3208 2879 nos,
3253 2830 3348 2884 per
3378 2815 3616 2884 scipsmn

2049 2921 2242 2962 rursus
2270 2905 2378 2960 Deo
2406 2921 2574 2976 genus
2601 2906 2896 2960 humanum
2917 2907 3222 2975 conjunxit.
3241 2904 3449 2960 Novum
3473 2906 3618 2960 enim

2048 2995 2198 3049 illum
2225 2995 2498 3049 hominem
2525 2995 2616 3064 qui
2648 2995 2947 3052 secundum
2979 2993 3156 3050 Deum
3175 3005 3386 3050 creatus
3418 3005 3522 3057 est.
3563 2996 3616 3048 in

2046 3101 2156 3156 quo
2199 3086 2376 3140 omnis
2410 3085 2690 3154 plenitudo
2735 3085 3037 3143 divinitatis
3072 3087 3433 3156 corporaliter
3463 3086 3620 3142 babi-

2058 3183 2140 3230 tat
2166 3175 2230 3241 ¹³,
2271 3175 2418 3228 hunc
2441 3190 2535 3241 per
2562 3175 2848 3243 puritatem
2870 3177 3180 3245 cognationi
3214 3175 3388 3230 Patris
3415 3187 3622 3230 natura:

2048 3274 2248 3322 nostra:
2282 3266 2615 3335 adjungens:
2662 3279 2878 3319 omnem
2908 3269 3124 3335 corpori
3172 3283 3272 3320 suo
3318 3267 3624 3321 communi-

2048 3365 2262 3412 cantem
2298 3363 2352 3410 et
2387 3363 2672 3427 cognatam
2707 3363 2955 3408 naturam
2991 3355 3057 3409 ad
3097 3357 3341 3410 eamdem
3389 3358 3618 3426 gratiam

2049 3464 2156 3504 una
2184 3449 2344 3503 etiam
2381 3448 2565 3502 traxit.
2612 3449 2786 3517 Atque
2815 3448 2916 3501 hoc
2966 3463 3061 3518 per
3094 3448 3373 3501 mulierem
3411 3463 3518 3500 non
3549 3446 3617 3499 ad

2049 3541 2172 3596 illos
2201 3539 2503 3608 discipulos
2534 3539 2732 3604 solum,
2756 3537 2850 3592 sed
2882 3536 2950 3591 ad
2989 3552 3178 3594 omnes
3218 3538 3284 3591 ad
3313 3538 3415 3593 hoc
3445 3553 3622 3607 usque

2049 3641 2264 3700 tempus
2283 3631 2374 3698 qui
2404 3629 2839 3691 instituerentur,
2869 3629 3308 3698 evangelizatur:
3343 3628 3487 3698 quod
3513 3643 3622 3683 non

2051 3721 2282 3790 amplius
2331 3721 2473 3775 inter
2504 3719 2786 3775 abdicatos
2827 3721 2992 3775 homo
3026 3728 3130 3785 est,
3170 3736 3346 3790 neque
3394 3737 3424 3775 a
3456 3735 3623 3790 regno

2050 3811 2147 3866 Dei
2174 3811 2476 3881 depulsus;
2523 3811 2619 3866 sed
2649 3813 2845 3866 iterum
2901 3809 3072 3872 filius,
3109 3826 3300 3865 rursus
3343 3809 3448 3862 Deo
3487 3811 3620 3864 sub-

2045 3905 2248 3972 jectus,
2282 3919 2378 3974 per
2415 3903 2684 3971 primitias
2711 3901 3061 3956 humanitatis
3097 3901 3434 3956 sanetilicato
3460 3902 3620 3955 etiam

2054 3997 2337 4052 fermento.
2374 3995 2505 4050 Ecce
2531 3997 2692 4060 enim,
2726 3994 2922 4065 inquit,
2957 4011 3050 4064 ego
3074 4003 3127 4048 "et
3158 3995 3314 4062 ﬁlioli
3340 4011 3470 4062 quos
3496 3994 3622 4046 mihi

2051 4086 2191 4141 dedit
2225 4085 2360 4140 Deus
2385 4086 2456 4138 ’δε
2485 4086 2628 4140 unde
2664 4101 2760 4140 vos
2786 4085 3146 4146 discessistis,
3187 4098 3383 4136 carnes
3420 4091 3474 4136 et
3504 4098 3627 4137 san.

2051 4178 2174 4249 guis
2206 4192 2300 4247 per
2321 4185 2602 4247 peccatum
2629 4176 2780 4242 facti,
2813 4177 2941 4231 illuc
2967 4190 3162 4229 rursus
3190 4189 3286 4227 vos
3315 4181 3626 4241 assumptos

1983 4293 2024 4346 ι)
2053 4268 2303 4330 reduxit,
2339 4267 2432 4336 qui
2468 4277 2689 4336 propter
2713 4282 2813 4320 nos
2845 4268 3028 4320 carnis
3058 4272 3112 4318 et
3139 4263 3422 4332 sanguinis
3453 4263 3625 4346 parti-

2054 4373 2186 4428 ceps
2213 4374 2336 4413 esse
2369 4358 2560 4411 voluit.
2591 4358 2769 4425 Atque
2805 4359 2885 4410 sic
2924 4357 3101 4410 lactus
3147 4365 3226 4408 est
3267 4354 3428 4407 etiam
3464 4352 3624 4406 Pater

2056 4459 2263 4513 noster,
2299 4457 2352 4502 et
2380 4448 2520 4503 Deus
2560 4463 2588 4501 a
2621 4463 2728 4518 quo
2762 4448 2913 4517 prius
2960 4462 3052 4516 per
3084 4445 3441 4499 defectionem
3493 4444 3625 4497 alie-

2056 4539 2166 4595 nati
2216 4555 2457 4595 eramus.
2493 4540 2631 4609 Ergo
2671 4541 2872 4593 bonum
2923 4537 3024 4590 hoc
3054 4535 3374 4590 beneficium
3427 4549 3522 4603 per
3561 4549 3624 4586 ea

2055 4648 2176 4703 qua:
2205 4633 2350 4687 dicta
2378 4641 2506 4687 sunt
2553 4631 2887 4701 evangelizat
2909 4629 3191 4683 Dominus.
3223 4627 3284 4679 Et
3316 4637 3443 4681 sunt
3465 4627 3622 4679 verba

2058 4725 2192 4786 haec,
2251 4739 2358 4777 non
2391 4721 2511 4776 Filii
2553 4722 2777 4775 vilitatis
2818 4729 3220 4790 argumentum.
3274 4719 3366 4771 sed
3424 4728 3624 4770 nostrae

2053 4829 2176 4869 cum
2209 4812 2318 4867 Deo
2349 4811 2811 4867 reconciliationis
2854 4825 3039 4879 evang.
3063 4811 3152 4862 lia.
3188 4809 3342 4874 Quod
3379 4807 3522 4862 enim
3569 4807 3622 4859 in

2055 4906 2393 4960 humanitate
2438 4919 2468 4958 a
2497 4905 2715 4958 Christo
2756 4913 3036 4972 assumpta
3087 4902 3286 4955 factum
3330 4910 3436 4960 est,
3469 4916 3624 4954 conv
3681 4919 3688 4938 ε

2055 4996 2236 5051 nmnis
2277 4997 2399 5050 lidei
2439 4995 2720 5049 hominum
2772 4996 2945 5064 gratia
2993 5003 3097 5049 est.
3153 4992 3621 5059 Quemadmodum

2053 5090 2194 5141 enim
2230 5101 2352 5140 cum
2395 5087 2523 5140 illud
2561 5086 2706 5156 quod
2762 5093 2952 5161 suapte
2987 5094 3181 5140 natura
3211 5084 3465 5138 deorsum
3501 5090 3622 5133 ten-

2054 5177 2132 5230 dit
2178 5186 2232 5232 et
2269 5176 2336 5230 ad
2373 5186 2573 5232 terram
2623 5179 2861 5247 pondere
2894 5193 2994 5234 suo
3037 5178 3211 5247 vergit
3255 5189 3476 5242 corpus,
3527 5184 3623 5238 per

2047 5281 2226 5322 aerem
2250 5267 2314 5322 ad
2344 5269 2513 5324 cmlos
2538 5269 2663 5323 ferri
2697 5270 2992 5335 intuemur,
3021 5267 3295 5324 credimus
3321 5259 3619 5317 secundum

2589 5532 2627 5562 ¹²
2669 5528 2866 5599 prcs.
2900 5542 2958 5590 ιι,
3003 5523 3082 5589 l6,
3159 5522 3201 5554 ’³
3233 5519 3444 5574 Coloss.
3475 5534 3536 5584 ﬂ,
3565 5519 3620 5576 9.
