4054 6152
571 144 668 199 8M

1769 128 1826 182 5.
1869 127 2195 184 GREGORII
2237 128 2277 182 Ν
2291 127 2528 184 YSSENI

3663 133 3744 190 892

571 257 814 326 Apostoli
838 269 1169 314 sermonem,
1187 267 1274 302 nos
1294 259 1503 319 raptum
1531 248 1595 300 iri
1619 247 1673 301 in
1702 245 1922 298 nubibus
1943 245 2110 298 obvim

2202 245 2438 315 ιβρίθον
2489 248 2578 300 τιῦ
2633 253 2909 318 σήματος,
2962 246 3197 316 διαέριον
3245 245 3337 298 ἐπὶ
3379 246 3494 310 τοὺς
3539 246 3752 316 οὑρανοί;ς

572 344 784 403 Christo
813 347 867 397 in
900 359 1024 396 aera
1051 342 1093 372 "
1119 356 1129 391 :
1161 342 1240 398 sic
1269 355 1393 395 cum
1425 339 1734 393 audivimus
1757 337 1901 408 quod
1930 347 2136 391 nostra'

573 454 693 491 rum
748 434 1110 505 primitiarum
1163 431 1326 486 Pater
1365 442 1417 486 et
1464 431 1605 486 Deus
1658 429 1834 484 factus
1886 439 1990 493 est,
2050 430 2140 498 qui

569 545 730 580 Verus
759 535 845 581 est
897 525 1036 580 Deus
1081 533 1133 580 et
1167 523 1348 586 Pater,
1407 539 1514 578 non
1545 522 1780 591 amplius
1814 520 2141 590 atnbigintus

566 618 816 671 eumdem
853 626 906 671 et
934 625 1181 671 nostrum
1208 612 1424 667 Patrem
1462 620 1516 666 et
1562 610 1727 665 Deum
1763 609 1965 663 factum
1995 625 2134 675 eSSe,

566 710 658 778 qui
717 708 1010 763 didicimus
1065 707 1207 774 quod
1263 704 1508 758 eamdem
1558 704 1698 756 viam
1747 702 2134 772 ingrediemur,

565 818 726 871 quam
784 813 970 855 noster
1025 817 1328 870 praeeursnr
1373 813 1470 868 pro
1504 797 1660 850 nobis
1713 797 1997 865 ingressus
2053 802 2139 849 est

563 894 834 949 Christus.
873 893 1024 959 Quod
1053 902 1231 947 autem
1264 909 1358 962 per
1394 891 1675 944 mulierem
1711 888 1977 956 ejusmodi
2015 901 2138 956 gra-

563 987 637 1038 tia
681 985 1037 1054 signiﬁcetur,
1106 986 1206 1037 hoc
1258 985 1435 1051 ipsum
1483 981 1642 1035 etiam
1697 993 1999 1034 consonum
2052 987 2136 1032 est

561 1076 770 1129 notioni
835 1075 1080 1130 redditae.
1142 1073 1435 1139 Quoniam,
1489 1071 1631 1126 sicut
1684 1070 1760 1123 ait
1815 1070 2131 1138 Apostolus,

560 1167 752 1220 mulier
779 1166 995 1220 seducta
1024 1167 1076 1218 in
1098 1164 1532 1233 pra'varicatione
1565 1162 1664 1231 fuit
1689 1163 1762 1227 “‘;
1799 1169 1853 1214 et
1882 1160 2135 1215 delectio-

559 1257 644 1310 nis
673 1273 700 1308 a
733 1257 840 1310 Deo
869 1272 988 1325 qua:
1019 1272 1112 1324 per
1141 1255 1562 1308 iuobedientiam
1595 1251 1733 1305 facta
1763 1262 1846 1306 est
1877 1251 1984 1305 dux
2009 1251 2127 1304 fuit:

556 1347 763 1401 ideirco
806 1347 1223 1401 resurrectionis
1279 1347 1450 1415 prima
1481 1344 1537 1397 ﬁt
1583 1345 1756 1407 testis,
1811 1351 1869 1396 ut
1917 1343 2129 1395 ruinam

557 1454 679 1508 qua:
707 1454 773 1492 ex
805 1438 1252 1508 prtevaricatione
1280 1449 1467 1491 secuta
1494 1445 1597 1499 est,
1639 1451 1732 1503 per
1762 1435 1919 1488 [idetn
1949 1447 2131 1488 resur-

551 1531 814 1585 rectionis
848 1531 1100 1601 erigeret.
1136 1528 1196 1582 Ει
1228 1529 1683 1598 quemadmodum
1719 1542 2030 1582 sermonum
2059 1526 2128 1578 ab

553 1621 709 1673 initio
757 1611 1026 1690 serpentis
1075 1619 1144 1672 ad
1188 1620 1362 1674 virum
1404 1619 1655 1672 ministra
1706 1628 1760 1671 et
1812 1616 2124 1671 eousiliaria

553 1709 694 1762 facta
721 1710 784 1772 ¹⁷,
822 1709 1149 1779 principium
1185 1708 1308 1761 mali
1343 1716 1396 1760 et
1437 1709 1714 1777 sequelam
1746 1708 1869 1761 vitze
1903 1707 2118 1760 intulit:

550 1801 632 1855 sic
665 1800 784 1870 ejus
811 1801 903 1870 qui
928 1801 1086 1854 morti
1122 1801 1270 1854 dedit
1301 1799 1632 1856 defectorem
1663 1799 1980 1863 draconem,
2006 1814 2122 1852 ser-

551 1909 741 1948 mones
775 1891 842 1944 ad
886 1891 1189 1961 discipulos
1225 1891 1526 1962 perferens.
1561 1890 1874 1944 hominibus
1925 1891 2031 1944 dux
2067 1898 2120 1944 et

548 1985 801 2054 princeps
839 1982 961 2038 ﬁdei
1013 1983 1337 2049 eﬂiceretur,
1391 1999 1485 2053 per
1528 1999 1691 2052 quam
1726 1983 1918 2035 merito
1948 1982 2118 2051 prima

546 2075 739 2129 mortis
764 2077 983 2129 occasio
1009 2074 1346 2128 dissolvitur.
1386 2071 1491 2128 Sed
1543 2074 1833 2128 verisimile
1859 2082 1940 2128 est
1975 2089 2003 2126 a
2031 2071 2119 2126 di-

545 2165 924 2232 ligentioribus
955 2164 1224 2218 utiliorem
1258 2166 1496 2233 aliquam
1533 2165 1948 2232 explicationem
1993 2179 2119 2233 pro-

544 2256 846 2327 positorum
894 2270 1055 2324 posse
1099 2255 1350 2308 inveniri.
1383 2255 1536 2319 Quod
1583 2255 1628 2308 si
1664 2255 1827 2308 etiam
1859 2253 1995 2307 nihil
2033 2254 2115 2306 in-

542 2342 840 2405 veniretur,
896 2341 1043 2394 illam
1082 2349 1262 2396 tamen
1292 2357 1416 2410 (pias
1439 2342 1506 2395 ab
1539 2342 1867 2396 adversariis
1903 2343 2116 2410 profer-

541 2439 650 2494 tur,
689 2447 913 2500 prorsus
938 2432 1170 2487 otiosam
1195 2447 1315 2487 esse
1335 2444 1389 2486 et
1415 2433 1652 2494 inanem,
1687 2433 1730 2487 si
1764 2434 1827 2486 ad
1852 2449 1972 2487 eam
1995 2449 2116 2503 quae

538 2523 755 2576 inventa
800 2531 883 2578 est
921 2523 1256 2588 conferatur,
1301 2525 1598 2594 quemlibet
1651 2526 1736 2594 pie
1789 2526 2111 2580 sentientem

537 2614 958 2682 astipulaturum
995 2630 1118 2670 esse
1165 2615 1422 2670 arbitror.
1471 2615 1563 2669 Illa
1604 2617 1820 2686 quidem
1873 2619 1938 2671 ad
1978 2617 2110 2671 Ulli-

533 2701 700 2770 geniti
740 2700 925 2772 gloriae
977 2701 1404 2757 destructionem
1439 2704 1669 2758 conﬁcta
1707 2713 1812 2766 est,
1867 2714 1921 2759 et
1975 2707 2111 2760 nihil

534 2792 798 2859 amplius:
833 2790 947 2845 hac
975 2807 1101 2846 vero
1126 2796 1346 2860 (nostra
1381 2793 1619 2863 scilicet)
1654 2796 1973 2850 (Economiae
1996 2798 2110 2851 sive

531 2881 958 2952 dispensationis
977 2885 1276 2937 secundum
1296 2884 1570 2938 hominem
1596 2899 1820 2956 Scopam
1844 2890 2106 2952 continet,

533 2965 1088 3024 Demonstratum'cst
1118 2972 1264 3024 enim
1292 2971 1436 3042 quod
1463 2989 1568 3027 non
1597 2975 1684 3027 ille
1711 2976 1803 3045 qui
1834 2978 1974 3047 tangi
2001 2993 2110 3032 non

531 3067 730 3128 potest,
771 3075 943 3129 neque
977 3063 1356 3124 transmutari,
1393 3080 1568 3134 neque
1595 3066 1802 3132 videri;
1835 3070 1927 3122 sed
1965 3069 2108 3140 quod

529 3149 680 3204 cerui
706 3158 760 3205 et
789 3153 995 3207 moveri
1021 3161 1072 3208 et
1103 3156 1308 3226 palpari
1345 3167 1544 3226 potest,
1575 3159 1719 3227 quod
1753 3161 1970 3230 quidem
2010 3163 2110 3216 Int-

531 3257 706 3297 manae
744 3251 952 3298 natura:
984 3247 1264 3316 proprium
1297 3257 1400 3309 est,
1449 3247 1633 3304 Maria:
1660 3253 1974 3306 mandatum
2009 3253 2106 3307 da-

529 3333 620 3389 bat
648 3335 714 3390 ad
745 3334 942 3392 fratres
973 3354 1276 3392 sermonem
1307 3339 1537 3394 deferre.

598 3596 861 3652 Prazterea
909 3599 1011 3654 hoc
1046 3602 1207 3655 etiam
1245 3603 1468 3675 insuper
1507 3608 1901 3675 examinat-ntus,
1940 3629 2097 3681 quam

526 3687 896 3742 defensionem
940 3689 1066 3745 iacit
1106 3708 1202 3761 pro
1251 3694 1316 3748 iis
1370 3696 1420 3748 in
1459 3699 1655 3766 quibus
1696 3715 1724 3752 a
1769 3716 1962 3772 magno
2003 3703 2102 3756 Ba-

525 3779 648 3832 silio
676 3781 1074 3848 reprenhensUs
1107 3792 1210 3846 est,
1243 3787 1588 3840 tenebrarum
1633 3790 1934 3857 portionem
1979 3793 2099 3844 uni-

523 3869 706 3940 genito
733 3869 840 3924 Ι)ρο
880 3873 1186 3941 assignans,
1213 3874 1339 3927 dum
1387 3875 1519 3929 dicit
1553 3893 1565 3927 :
1615 3879 1885 3942 Quantum
1931 3881 2097 3933 distat

521 3960 761 4027 genitum
807 3961 874 4014 ab
914 3963 1172 4034 ingenito,
1216 3976 1423 4022 tantum
1461 3970 1692 4025 dissidet
1740 3973 1919 4027 lumen
1961 3992 1990 4028 a
2017 3978 2096 4030 lu-

520 4052 683 4108 mine.
720 4052 855 4107 Cum
891 4058 1032 4108 enim
1067 4058 1154 4111 illc
1184 4058 1612 4116 demonstrasset
1659 4079 1765 4116 non
1796 4069 2091 4121 secundum

520 4143 895 4199 remissionem
952 4147 1186 4216 aliquam
1240 4159 1294 4204 et
1352 4153 1702 4207 intentionem
1750 4157 1914 4225 geniti
1967 4174 2088 4211 cum

2250 337 2448 400 ἰδόντες
2481 339 2776 408 φερόμενον
2804 379 2818 400 ,
2869 338 3192 406 πιστεύομεν
3229 337 3375 391 κειτά
3405 339 3486 390 τδν
3512 338 3595 390 τοῦ
3630 339 3755 391 Ἀπο-

2246 427 2430 480 στόλου
2475 427 2629 494 λόγον
2673 429 2766 482 καὶ
2812 428 2976 499 ἡμεῖς
3033 425 3477 496 ἀρπαγήσεσθαι
3523 427 3586 479 ἐν
3621 429 3748 493 νεφέ-

2243 521 2381 583 λαις
2409 521 2496 582 εἰς
2543 518 2889 584 ἀπάντησιν
2919 517 3024 570 τοῦ
3054 519 3268 584 Κυρίου
3311 521 3391 582 εἰς
3417 517 3565 583 ἀέρα.
3594 517 3742 578 Οὕτως

2243 610 2540 681 ἀκηκοότες
2567 651 2580 676 ,
2615 611 2696 662 ὅτι
2738 611 2834 680 τῆς
2879 610 3150 679 ἡμετέρας
3183 609 3426 678 ἀπαρχῆς
3463 608 3628 678 Πατὴρ
3673 609 3745 659 καὶ

2240 702 2374 765 Θεὸς
2430 702 2654 770 γέγονεν
2704 705 2732 755 ὁ
2771 701 3018 772 ἀληθινὸς
3063 701 3194 763 65b;
3239 701 3326 753 καὶ
3367 699 3572 770 Πατὴρκ
3598 701 3744 752 οὐκέτι

2236 793 2648 864 ἀμφιϐάλλομεν
2676 832 2689 858 ,
2728 794 2821 847 τὸν
2849 795 3010 846 αὑτὸν
3037 796 3130 846 καὶ
3176 792 3429 862 ἡμέτερον
3457 794 3648 862 Πατέρα
3674 796 3744 846 καὶ

2234 885 2368 938 Θεὸν
2407 886 2695 954 γενέσθαι,
2757 885 3019 955 μαθόντες
3072 885 3152 935 ὅτι
3195 886 3272 946 εἰς
3323 883 3415 952 τὴν
3469 883 3617 952 αὐτὴν
3660 886 3746 936 εἰσ-

2236 977 2565 1047 ελευσόμεθα
2587 1016 2601 1039 ,
2631 979 2764 1029 ὅπου
2801 977 3102 1047 πρόδρομος
3134 975 3274 1045 ὑπὲρ
3301 973 3448 1044 ἡμῶν
3489 975 3746 1043 εἰσῆλθενό

2233 1069 2485 1139 Χριστός.
2517 1068 2589 1120 Τὸ
2621 1069 2678 1121 δὲ
2725 1067 2814 1121 διὰ
2858 1067 3116 1136 γυναικὸς
3161 1067 3257 1136 τὴν
3287 1067 3440 1136 χάριν
3473 1065 3743 1136 μηνύεσθιι,

2233 1163 2326 1216 καὶ
2373 1163 2502 1215 αὑτὸ
2550 1161 2837 1231 σύμφωνον
2892 1162 3006 1214 ἐστι
3055 1161 3130 1230 τῷ
3178 1161 3480 1213 ἀποδοθένῖι
3535 1163 3743 1231 νοήματι.

2232 1253 2450 1323 Ἐπειδὴ
2483 1253 2590 1323 γὰρ
2611 1294 2624 1315 ,
2662 1251 2842 1311 καθὼς
2876 1270 3038 1321 φησιν
3080 1255 3108 1304 ὁ
3149 1252 3460 1315 Ἀπόστολος
3482 1293 3494 1312 ,
3537 1252 3588 1305 Ἡ
3623 1253 3744 1320 γυνὴ

2229 1345 2668 1412 ἐξαπατηθεῖσα
2701 1346 2770 1398 ἐν
2796 1343 3126 1412 παραϐάσει
3155 1346 3379 1413 γέγονε,
3408 1345 3495 1397 καὶ
3524 1346 3611 1410 τῆς
3642 1346 3746 1396 ἀπο-

2231 1438 2469 1500 στάσεως
2497 1438 2594 1507 τῆς
2619 1438 2725 1490 ἀπο
2756 1437 2846 1490 τοῦ
2890 1437 3026 1491 Θεοῦ
3069 1437 3156 1490 διὰ
3188 1441 3286 1508 τῆς
3317 1437 3581 1507 παρακοῆς
3608 1454 3745 1505 προη-

2228 1531 2470 1599 γήσατο·
2513 1529 2601 1582 διὰ
2645 1527 2804 1582 τοῦτο
2849 1528 2949 1598 τῆς
2981 1530 3328 1592 ἀναστάσεως
3368 1527 3546 1600 πρώτη
3578 1529 3746 1595 γενεται

2163 1601 2202 1653 Β
2232 1620 2438 1690 μάρτυς
2461 1657 2474 1681 ,
2504 1619 2590 1672 ἵνα
2637 1618 2735 1689 τὴν
2779 1620 2843 1670 ἐκ
2889 1619 2986 1689 τῆς
3022 1617 3384 1690 παραϐάσεως
3417 1616 3746 1686 καταστροφὴν

2225 1709 2313 1762 διὰ
2347 1709 2443 1779 τῆς
2470 1708 2609 1762 κατὰ
2647 1709 2744 1779 τὴν
2774 1708 3066 1762 ἀνάστασιν
3098 1707 3335 1770 πίστεως
3359 1706 3638 1778 ἀνορθώσῃ.
3663 1707 3749 1758 Καὶ

2223 1799 2409 1869 ὥσπερ
2442 1799 2548 1852 τῶν
2580 1798 2674 1852 τοῦ
2708 1800 2883 1866 ὄφεως
2913 1799 3085 1866 λόγων
3127 1799 3188 1851 τὺ
3220 1796 3494 1870 καταρχὰς
3523 1797 3745 1866 γενομένη

2223 1892 2358 1960 πρὸς
2409 1892 2497 1945 τὸν
2525 1892 2690 1962 ἀνδρα
2738 1890 2984 1953 διάκονός
3014 1907 3072 1942 τε
3105 1892 3198 1944 καὶ
3245 1888 3534 1958 σύμϐουλος
3557 1928 3568 1949 .
3608 1885 3748 1956 ἀρχὴν

2219 1977 2314 2030 τοὺ
2351 1976 2520 2032 κακοῦ
2547 1978 2624 2049 τῷ
2661 1977 2758 2048 βίῳ
2795 1980 2888 2031 καὶ
2920 1977 3239 2032 ἀκολουθίαν
3279 1979 3606 2048 εἰσήνεγκεν⁸
3633 1975 3748 2029 οὑτω

2217 2067 2312 2121 τοῦ
2345 2067 2746 2132 θανατιὺσαντος
2787 2070 2876 2122 τὸν
2904 2070 3212 2140 ἀποστάτην
3252 2070 3511 2142 δράκοντα
3543 2067 3652 2127 τοὺς
3677 2065 3746 2117 λόο

2217 2177 2347 2229 γους
2390 2164 2501 2224 τοῖς
2533 2162 2799 2232 μαθηταῖς
2827 2162 3189 2232 διακομίσασα
3214 2203 3231 2224 ,
3271 2162 3506 2234 ἀρχηγὸς
3535 2162 3635 2222 τοῖς
3672 2159 3745 2212 ἀνι

2217 2247 2454 2321 θρώποις
2493 2252 2592 2321 τῆς
2636 2251 2870 2315 πίστεως
2899 2251 3139 2322 γένηται,
3174 2253 3244 2306 δι’
3278 2248 3346 2324 ἦς
3389 2251 3598 2312 εἰκότως
3637 2249 3745 2301 ἀνα-

2215 2339 2398 2393 λύεται
2440 2344 2472 2413 η
2512 2341 2701 2412 πρώτη
2734 2341 2828 2412 τοῦ
2859 2341 3086 2397 θανάτου
3129 2343 3425 2413 ἀπόφασις.
3469 2341 3596 2395 Ἀλλ’
3619 2341 3744 2409 εὑρε-

2216 2429 2376 2497 θῆναι
2397 2431 2493 2501 μὲν
2519 2431 2664 2496 είκὺς
2702 2431 2852 2503 παρά
2885 2431 2992 2486 τῶν
3037 2433 3474 2504 ἐπιμελεστέρων
3501 2430 3745 2499 ὠφελιμω-

2215 2517 2377 2592 τέραν
2423 2521 2546 2576 τινὰ
2595 2522 2704 2576 τῶν
2754 2522 3129 2594 προκειμένων
3163 2523 3460 2594 ἐξήγησινσ
3503 2523 3548 2574 εί
3594 2517 3748 2572 δὲκαὶ

2216 2612 2380 2682 μηδὲν
2411 2613 2714 2683 εὑρίσκοιτο
2736 2652 2751 2679 ,
2786 2615 2999 2686 εκείνην
3035 2615 3250 2678 πάντως
3284 2617 3468 2685 ἀργεῖν
3497 2613 3586 2681 τὴν
3621 2608 3745 2678 παρέ⁸

2211 2703 2320 2756 τῶν
2357 2703 2563 2775 ἐχθρῶν
2593 2706 3036 2777 προφερομένην,
3074 2707 3360 2777 συγκρίσει
3409 2705 3505 2775 τῆς
3545 2701 3747 2773 εὑρεθεξο

2213 2813 2312 2866 σης
2336 2835 2350 2860 ,
2396 2797 2571 2850 πάντα
2621 2793 2771 2867 οἶμαι
2802 2797 2893 2852 τὸν
2935 2797 3266 2851 εὑσεὸοὖντα
3303 2795 3652 2866 συνθήσεσθαι.
3694 2791 3744 2841 'H

2219 2887 2316 2956 μὲν
2347 2886 2456 2957 γὰρ
2499 2887 2590 2939 ἐπὶ
2622 2886 2933 2956 καθαιρέσει
2969 2888 3070 2958 τῆς
3122 2887 3216 2941 τοῦ
3259 2885 3581 2955 Μονογενοῦς
3618 2881 3746 2948 δόξης

2217 2978 2666 3047 συμπέπλασται,
2699 2980 2792 3033 καὶ
2837 2978 2995 3032 πλέον
3026 2979 3178 3032 οὐδέν
3202 2994 3219 3009 ’
3256 2979 3395 3048 αὕτη
3422 2979 3475 3030 δὲ
3515 2977 3601 3045 τῆς
3631 2971 3744 3024 κατὰ

2210 3069 2302 3120 τὸν
2358 3068 2643 3140 ἄνθρωπον
2705 3070 3016 3139 οἰκονομίας
3077 3069 3170 3123 τὸν
3246 3069 3446 3123 σκοπὸν
3515 3066 3743 3134 περιέχει.

2224 3156 2464 3228 Ἐδείχθη
2513 3158 2620 3229 γὰρ
2651 3158 2734 3211 ὅτι
2761 3158 2858 3228 οὑχ
2891 3160 2919 3211 ό
2947 3159 3160 3229 ἀναφής
3190 3177 3255 3212 τε
3301 3160 3393 3212 καὶ
3431 3153 3740 3228 ἀμετάθετος,

2210 3247 2302 3300 καὶ⁵
2334 3248 2588 3318 ἀόρατος,
2615 3249 2751 3302 ἀλλά
2775 3247 2834 3301 τὸ
2864 3249 3190 3320 βλεπόμενόν
3223 3267 3287 3303 τε
3331 3249 3424 3302 καὶ
3469 3243 3742 3312 κινούμενον

2207 3339 2300 3390 καὶ
2349 3338 2775 3410 ψηλαφώμενον’
2821 3342 2956 3413 ὅπερ
3010 3341 3111 3410 τῆς
3171 3341 3516 3411 ἀνθρωπίνης
3564 3334 3744 3403 φύσεως

2208 3430 2334 3484 ἴδιόν
2361 3432 2505 3495 ἐστι,
2546 3435 2612 3502 τῇ
2646 3432 2833 3503 Μαρία
2866 3434 2964 3502 τὴν
3009 3431 3226 3500 ἐντολὴν
3273 3431 3444 3486 ἐδίδου
3485 3427 3607 3498 πρὸς
3646 3423 3747 3483 τοὺς

2204 3520 2461 3589 ἀδελφοὺς
2491 3521 2802 3593 διακονῆσαι
2839 3522 2929 3575 τὸν
2960 3523 3138 3590 λόγον.

2277 3611 2396 3664 Ἔτι
2426 3613 2518 3664 καὶ¹
2546 3611 2703 3664 τοῦτο
2761 3612 3244 3682 προσεξετάσωμεν
3280 3628 3293 3641 ’
3330 3613 3444 3665 οἵαν
3491 3605 3742 3673 πεποίηται

2202 3701 2296 3772 τὴν
2340 3702 2632 3771 ἀπολογίαν
2661 3703 2800 3773 ὑπὲρ
2831 3697 2906 3756 ὧν
2938 3703 3253 3774 ἀπηλέγχθη
3296 3703 3445 3772 παρά
3489 3699 3574 3752 τοῦ
3604 3695 3744 3767 μετὰ·

2199 3793 2289 3846 λου
2318 3795 2613 3857 Βασιλείου,
2646 3796 2723 3856 εἰς
2752 3795 2847 3864 τὴν
2873 3793 2964 3847 τοῦ
2999 3795 3220 3857 σκότους
3265 3798 3462 3865 μοῖραν
3501 3792 3584 3844 τὸν
3613 3803 3741 3858 μονο-

2197 3887 2327 3956 γενῆ
2353 3887 2483 3940 Θεὸν
2508 3889 2779 3959 ἀφορίζων
2809 3892 2864 3941 ἐν
2893 3888 2970 3958 τῷ
2997 3889 3173 3956 λέγειν
3198 3906 3209 3916 ·
3242 3888 3411 3941 ’Ὅσον
3439 3886 3666 3952 διέστηκε
3693 3878 3742 3930 τὺ

2195 3979 2451 4048 γεννητὸν
2482 3980 2617 4051 πρὸς
2645 3980 2706 4032 τὸ
2726 3982 3015 4051 ἀγέννητον
3041 4023 3054 4048 ,
3096 3981 3353 4034 τοσοῦτον
3398 3978 3736 4049 παρήλλακται

2195 4068 2255 4120 τὸ
2279 4069 2393 4137 φῶς
2421 4069 2555 4138 πρὸς
2584 4070 2643 4122 τὸ
2671 4069 2804 4138 φῶς.
2830 4071 3110 4134 Δείξαντος
3134 4072 3242 4139 γὰρ
3281 4072 3490 4127 ἐκείνου
3533 4068 3600 4136 μὴ
3623 4061 3736 4117 κατὰ

2194 4159 2382 4228 ὖφεσίν
2437 4177 2556 4212 τινα
2616 4162 2708 4213 καὶ
2745 4162 2990 4214 ἐπίτασιν
3049 4162 3142 4214 τοῦ
3199 4162 3463 4232 γεννητοῦ
3521 4159 3641 4229 πρὸς
3686 4151 3734 4204 τδ

519 4233 758 4303 ingenito
786 4234 1098 4291 distantiam
1140 4255 1294 4295 esse:
1331 4242 1422 4296 sed
1466 4258 1531 4296 ex
1567 4244 1828 4300 diametro
1867 4253 2081 4317 opposi-

2202 4251 2485 4320 ἀγέννητον
2538 4251 2635 4319 τὴν
2683 4251 2957 4304 διάστασιν
2991 4249 3160 4304 εἶναι·
3217 4253 3336 4306 ἀλλ’
3370 4255 3435 4305 ὲκ
3477 4248 3734 4319 διαμέτρου

515 4327 714 4380 tionem
771 4327 824 4380 in
876 4329 1200 4399 signiﬁcatis
1250 4347 1406 4401 esse;
1463 4344 1625 4404 atque
1673 4354 1738 4391 cx
1784 4343 2084 4408 positorum

514 4417 900 4483 consequentia
952 4420 1297 4482 confecisset,
1359 4424 1501 4491 quod
1533 4425 1579 4477 si
1622 4426 1808 4480 eadem
1865 4445 2088 4499 propor-

513 4510 658 4556 ttoue
687 4513 965 4572 paternum
1005 4507 1178 4561 lumen
1210 4525 1238 4563 a
1272 4509 1390 4564 Filii
1417 4513 1621 4568 lumine
1650 4515 1858 4578 'diﬁ‘ert,
1901 4533 1962 4572 ac
2005 4520 2089 4572 in-

511 4597 750 4662 genitum
804 4598 1026 4653 distata
1060 4602 1264 4671 genito,
1317 4619 1540 4659 necesse
1588 4618 1670 4662 est
1705 4611 1926 4663 omnino
1979 4629 2085 4666 non

516 4687 736 4742 luminis
771 4689 1201 4746 imminutionem
1249 4694 1301 4747 in
1345 4693 1482 4750 Filio
1518 4698 1763 4764 intelligi,
1795 4703 1887 4755 sed
1931 4702 2087 4757 abso-

513 4781 680 4832 lutam
710 4781 1114 4847 alienationem,
1163 4789 1276 4842 sive
1308 4790 1686 4857 privationem.
1721 4793 1948 4848 Utcuim
1981 4816 2084 4853 non

513 4871 635 4925 licet
704 4873 884 4928 dicere
939 4881 1341 4946 generationem
1373 4899 1493 4937 esse
1525 4886 1808 4941 remissam
1858 4890 2085 4962 ἀγεννη-

511 4963 654 5027 σίαν,
684 4964 798 5019 sive
822 4966 1303 5035 ingenerationem,
1337 4975 1431 5028 sed
1466 4975 1518 5028 in
1562 4978 1876 5033 universum
1913 4997 2080 5052 Oppo-

507 5057 666 5110 sitive
699 5056 904 5110 distant
938 5059 1078 5112 inter
1107 5076 1164 5115 se
1214 5063 1516 5131 signiﬁcata
1558 5066 1981 5135 ingeneratimtis
2031 5081 2083 5126 et

503 5147 906 5216 generationis:
942 5150 1018 5203 sic
1050 5151 1093 5204 si
1134 5153 1374 5206 eamdem
1407 5169 1621 5210 servant
1656 5159 2074 5229 discrepantiam

505 5245 790 5305 paternum
847 5241 1027 5294 lmncn
1076 5256 1199 5294 cum
1261 5258 1326 5296 eo
1376 5245 1577 5301 lumine
1624 5250 1767 5316 quod
1825 5251 1879 5302 in
1940 5252 2075 5307 Filio

502 5330 839 5401 intelligitur,
866 5348 926 5386 ex
953 5335 1338 5405 consequentia
1367 5353 1472 5392 non
1503 5341 1733 5408 amplius
1761 5340 1927 5397 Filius
1956 5360 2075 5400 esse

2193 4343 2290 4411 τὴν
2316 4341 2586 4395 ἀντίθεσιν
2615 4343 2672 4394 ὲν
2715 4346 2826 4406 τοῖς
2879 4344 3303 4414 σημαινομένοις
3329 4346 3588 4414 ὑπάρχειν
3613 4357 3624 4367 ”
3657 4335 3732 4388 καὶ

2193 4433 2646 4504 συλλογισαμένου
2696 4435 2784 4488 διὰ
2830 4437 2929 4506 τῆς
2965 4436 3072 4489 τῶν
3104 4436 3371 4490 τεθέντων
3406 4432 3732 4492 ἀκολουθίας,

2187 4529 2267 4580 ὅτι
2297 4527 2572 4596 ἀναλόγως
2607 4531 2670 4598 τῇ
2714 4529 3008 4601 ἀγεννησία
3064 4530 3156 4582 καὶ
3204 4533 3270 4599 τῇ
3329 4531 3607 4599 γεννήσει,
3655 4522 3731 4575 τοῦ

2188 4618 2456 4691 πατρικοῦ
2492 4620 2666 4688 φωτὸς
2701 4621 2831 4691 πρὸς
2877 4623 2936 4673 τὸ
2967 4621 3060 4674 τοῦ
3107 4622 3234 4675 Υίοῦ
3267 4623 3732 4692 παραλλάσσοντος,

2187 4710 2398 4780 ἀνάγκη
2452 4711 2600 4764 πᾶσα
2665 4712 2738 4781 μὴ
2787 4711 3076 4765 ἐλάττωσιν
3124 4713 3300 4781 φωτὸς
3352 4714 3445 4764 ἐπὶ
3499 4710 3587 4763 τοῦ
3626 4703 3731 4759 Υἱοῦ

2195 4801 2480 4871 νοηθῆναι,
2513 4802 2645 4854 ἀλλά
2693 4803 2929 4872 παντελῆ
2970 4804 3339 4876 ἀλλοτρίωσιν.
3387 4807 3474 4866 Ὠς
3513 4805 3614 4870 γὰρ
3651 4798 3732 4850 οὐκ

2184 4893 2328 4945 ἐστιν
2360 4896 2531 4947 εἰπεῖν
2556 4895 2850 4966 ὑφιεμένην
2896 4899 3217 4968 ἀγεννησίαν
3247 4894 3386 4951 εἶναι
3431 4897 3528 4966 τὴν
3569 4894 3734 4961 γέννη-

2187 5001 2296 5036 σιν·
2331 4985 2465 5038 ἀλλά
2499 4987 2723 5039 καθόλου
2770 4988 3048 5058 διέστηκεν
3088 4989 3438 5051 ἀντιθετικῶς
3471 4987 3562 5042 ἀπ’
3594 4983 3730 5047 ἀλλή-

2182 5078 2287 5131 λων
2315 5078 2382 5131 τά
2415 5081 2784 5150 σημαινόμενα
2812 5081 2910 5150 τῆς
2939 5083 3259 5150 ἀγεννησίας
3298 5082 3395 5134 καὶ
3436 5082 3530 5150 τῆς
3561 5077 3731 5144 γεννή-

2185 5181 2318 5228 eam;
2345 5180 2356 5193 '
2396 5167 2565 5231 οὕτως
2602 5171 2648 5220 εἰ
2687 5169 2782 5238 τὴν
2817 5171 2982 5240 αὐτὴν
3022 5173 3278 5241 φυλάσσοι
3309 5169 3656 5243 παραλλαγὴν
3681 5161 3730 5214 τὸ

2183 5257 2444 5327 πατρικὸν
2471 5259 2583 5326 φῶς
2611 5259 2742 5329 πρὸς
2783 5261 2843 5312 τὸ
2869 5264 2923 5314 εν
2954 5262 3030 5331 τῷ
3065 5263 3175 5332 Tit?)
3195 5261 3485 5330 νοούμενον
3517 5259 3622 5325 φῶς
3642 5297 3654 5317 ι
3677 5257 3732 5306 ξ’(

2181 5349 2278 5417 τῆς
2312 5349 2627 5415 ἀκολουθίας
2656 5355 2834 5406 οὐκέτι
2889 5358 2916 5408 ό
2953 5356 3073 5419 Υἱὸς
3107 5353 3240 5410 εἶναι
3286 5354 3728 5422 ὑποληςθήσετατ,

577 5504 670 5558 εει
738 5505 924 5566 Thess.
971 5528 1040 5580 tv,
1078 5513 1161 5567 l6.
1244 5517 1283 5548 ιθ
1317 5515 1333 5570 l
1369 5514 1506 5572 Tim.
1541 5533 1598 5585 ιι,
1635 5517 1718 5574 l-l.
1791 5521 1829 5554 ¹⁷
1871 5521 2067 5580 Genes.
2101 5539 2110 5578 l

2226 5525 2272 5579 1.
2312 5542 2432 5598 sqq.
