4046 6150
391 155 498 215 895

1512 155 1790 212 CONTRA
1813 157 2200 224 EUNOMIUM,
2233 157 2358 215 LIB.
2392 159 2504 214 XII.

3534 164 3637 221 εει

389 268 588 338 ἐπίσης
618 266 787 336 αὐτῆς
819 283 878 319 τε
903 267 999 338 τῆς
1031 267 1356 338 ἀγεννησίας
1385 267 1481 321 καὶ
1514 267 1608 322 τοῦ
1651 271 1771 322 κατ’
1797 269 1948 340 αὑτὴι

2065 270 2486 336 existimabilur,
2516 287 2580 326 ex
2609 288 2766 342 sequo
2796 281 2905 327 tam
2945 274 3012 329 ab
3043 275 3162 345 ipso
3203 275 3439 344 ingenito
3479 294 3636 345 quam

391 360 570 429 φωτδς
595 357 699 423 ἔξω
723 358 1006 429 γινόμενος
1030 376 1042 388 “
1067 361 1096 413 ὁ
1123 359 1179 413 δὲ
1209 359 1336 412 ἄλλο
1358 376 1409 412 τι
1437 358 1586 430 παρά
1625 359 1685 414 τὸ
1710 360 1825 430 φῶς
1862 360 1958 426 ὢν,

388 451 589 522 δηλαδὴ
621 451 758 521 πρὸς
805 453 866 504 τὸ
911 451 1281 521 ἀντικείμενον
1317 450 1531 513 οἰκείως
1561 451 1699 504 κατὰ
1745 451 1806 504 τὸ
1835 453 1962 506 ἀκό-

389 541 577 596 λουθον
620 540 750 606 ἕξει.
789 544 1006 612 Ταύτης
1047 542 1223 594 τοίνυν
1250 543 1348 612 τῆς
1381 541 1611 605 ἀτοπίας
1645 543 1708 595 ὲκ
1735 543 1843 594 τῶν
1875 559 1962 595 τε-

389 633 587 686 θέντων
625 633 992 703 ἀναφανείσης
1017 673 1031 695 ,
1062 630 1313 685 ἀναλύειν
1349 633 1613 704 ἐπιχειρεῖ
1642 633 1669 685 ό
1703 633 1961 702 Εὐνόμιος

384 722 506 782 ταῖς
533 723 806 790 τεχνικαίς
836 721 1041 789 ἐφόδοις
1081 720 1186 774 τῶν
1233 719 1562 786 ἀποδείξεων
1585 763 1600 787 ,
1631 723 1826 774 ούτωσὶ
1876 722 1960 774 λέ-

387 829 496 880 γων
524 828 536 842 ν
578 815 780 881 Ἵσμεν
825 815 936 882 γὰρ
960 855 974 879 ,
1013 813 1192 882 ἴσμεν
1235 813 1302 866 τὸ
1355 812 1482 882 ςρῶς
1532 815 1600 868 τὸ
1646 815 1956 881 ἀληθινόν,

386 903 565 970 ἴσμεν
609 902 720 956 τὸν
748 903 1044 955 κτίσαντα
1079 901 1144 953 τὸ
1199 897 1325 968 φῶς
1373 901 1521 968 μετά
1553 900 1658 952 τὸν
1699 903 1960 967 οὐρανὸν

383 993 484 1046 καί
539 992 658 1061 τὴν
711 991 864 1062 γῆν·
897 992 1252 1060 ἠκούσαμεν
1299 989 1486 1058 αὐτῆς
1513 991 1623 1058 τῆς
1671 991 1820 1060 ζωῆς
1857 994 1954 1045 καὶ

384 1084 673 1151 ἀληθείας
700 1083 956 1151 Χριστοῦ
1000 1081 1284 1151 λέγοντος
1336 1083 1460 1148 τοῖς
1511 1083 1728 1138 ἑαυτοῦ
1769 1087 1958 1152 μαθη-

385 1174 544 1240 ταῖςο
585 1175 768 1244 Ὑμεῖς
798 1175 940 1228 ἐστε
979 1173 1045 1226 τὸ
1078 1172 1201 1242 φῶς
1247 1173 1354 1225 τοῦ
1400 1176 1650 1243 κόσμου.
1684 1172 1956 1242 Μεμαθή-

387 1283 578 1335 κάμεν
604 1266 760 1332 παρὰ
803 1265 907 1320 τοῦ
933 1264 1232 1333 μακαρίου
1268 1265 1512 1319 Παύλου
1556 1262 1683 1332 φῶς
1713 1266 1956 1333 ἀπρόσι-

387 1375 498 1411 τον
548 1356 935 1426 ὀνομάζοντος
968 1355 1074 1409 τὸν
1120 1355 1218 1408 ἐπὶ
1263 1356 1504 1410 πάντων
1557 1355 1739 1419 Θεὸν,
1789 1355 1863 1424 τῇ
1895 1373 1956 1409 τε

389 1447 703 1516 προσθήκῃ
748 1447 1141 1514 διορίζοντος,
1193 1448 1288 1501 καὶ
1338 1447 1454 1515 τὴν
1498 1447 1806 1516 ὑπεροχὴν
1850 1449 1954 1503 τοῦ

387 1535 582 1605 φωτὸς
600 1534 1079 1600 ἐκδιδάσκοντος.
1111 1532 1254 1590 Εἶτα
1295 1537 1597 1603 τοσαύτην
1631 1537 1823 1606 φωτὸς
1848 1552 1956 1589 πα-

2025 376 2098 438 ρα
2144 362 2346 418 lumine
2372 363 2517 432 quod
2565 364 2616 417 in
2658 364 2777 433 ipso
2823 376 2926 428 est,
2961 368 3211 423 seclusus
3249 375 3301 421 et
3346 377 3496 423 extra
3546 386 3637 438 pu-

2068 451 2226 504 situs.
2259 450 2358 518 Qui
2415 460 2591 507 autem
2640 454 2784 507 aliud
2837 454 2966 522 quid
3017 471 3178 524 quam
3216 457 3395 512 lumen
3433 470 3538 523 est,
3572 476 3635 514 ex

2066 544 2457 611 consequentia
2485 545 2738 614 opposito
2769 547 2926 604 aliine
2975 545 3156 602 fuerit.
3195 547 3306 602 llac
3356 549 3512 619 igitur
3551 551 3638 606 ab—

2067 632 2332 686 surditate
2379 649 2444 686 ex
2480 636 2670 702 positis
2702 638 2994 692 manileslo
3042 646 3354 707 apparente,
3397 649 3639 694 retexere

2065 734 2294 776 conatur
2333 722 2629 779 Eunomius
2666 727 2977 783 artiﬁciosis
3026 728 3484 784 insinuationibus
3539 731 3635 783 de-

2065 815 2517 874 monstrationum
2560 816 2639 870 sic
2681 817 2869 893 dicens
2913 833 2927 868 :
2986 816 3195 872 Scimus
3227 820 3364 872 enim
3405 829 3453 872 et
3503 832 3636 876 recte

2063 905 2257 958 scimus
2319 905 2494 959 lumen
2557 922 2772 969 verum,
2851 908 3046 961 scimus
3107 926 3223 963 eum
3286 912 3373 978 qui
3439 913 3631 965 creavit

2065 997 2232 1049 lucem
2296 1008 2409 1063 post
2473 997 2656 1050 caelum
2708 1009 2756 1050 et
2818 1009 3050 1063 terram,
3110 1001 3404 1054 audivimus
3462 1003 3632 1070 ipsam

2062 1087 2224 1138 vitam
2272 1096 2320 1139 et
2378 1087 2644 1140 ceritatem
2695 1087 2962 1142 Christum
3013 1092 3267 1144 dicentem
3315 1094 3425 1145 suis
3471 1093 3633 1147 disci»

2062 1176 2200 1244 puiis
2233 1191 2248 1227 :
2307 1173 2405 1227 Vos
2445 1177 2568 1228 estis
2623 1177 2714 1229 lux
2752 1177 2931 1230 mundi
2961 1179 3034 1239 ‘9;
3071 1181 3348 1234 didicimus
3378 1197 3442 1235 ea:
3485 1182 3632 1236 beato

2064 1266 2268 1326 Paulo,
2313 1266 2401 1334 qui
2443 1265 2608 1318 lucem
2653 1268 3064 1322 inaccessibilem
3101 1271 3140 1301 ¹⁹
3187 1273 3418 1324 nominat
3470 1272 3634 1325 Deum

2059 1360 2151 1427 qui
2186 1367 2263 1411 est
2314 1372 2467 1424 super
2514 1359 2692 1410 omnia
2729 1375 2747 1410 .·
2796 1374 2858 1410 ac
2903 1359 3163 1428 ejusmodi
3208 1360 3496 1430 adjectioue
3539 1365 3632 1417 de-

2061 1449 2249 1518 ﬁniens
2275 1463 2429 1517 atque
2458 1449 2981 1517 superexcellentiam
3023 1451 3156 1506 lucis
3191 1457 3402 1507 docens.
3435 1455 3631 1508 Deinde

2061 1555 2178 1590 cum
2242 1549 2445 1592 tantum
2528 1539 2663 1592 lucis
2731 1537 3014 1593 discrimen
3084 1540 3469 1604 didicerimus,
3531 1560 3632 1598 non

381 1625 701 1694 ριιὶλαγὴν
746 1627 1154 1694 μεμαθηκότες
1183 1667 1197 1690 ,
1241 1629 1351 1680 οὐκ
1403 1628 1733 1696 ἀνεξόμεθα
1779 1629 1948 1697 μέχρι

2062 1629 2432 1683 sustinebimus
2497 1645 2559 1682 ue
2627 1629 2834 1698 quidem
2895 1646 3054 1698 usque
3115 1633 3183 1684 ad
3241 1633 3428 1687 exilem
3473 1635 3632 1687 audi-

382 1714 572 1782 ψιλῆς
612 1713 756 1783 γοῦν
789 1715 1008 1783 ἀκοῆς,
1038 1713 1152 1784 τὴν
1197 1715 1393 1784 αὐτὴν
1441 1712 1590 1769 εἶναι
1642 1718 1834 1786 φωτὸς
1867 1718 1956 1771 ἐν-

384 1823 594 1870 νοιαν;
633 1802 780 1876 *Λρα
815 1805 1129 1871 σπουδάζων
1157 1811 1227 1861 τά
1249 1807 1470 1861 τοιαῦτα
1499 1807 1586 1862 διὰ
1614 1808 1722 1862 τῶν
1752 1811 1953 1878 ἐπιχειο

387 1898 644 1968 ρημάτων
691 1896 830 1950 κατά
872 1897 971 1968 τῆς
1021 1897 1276 1969 ἀληθείας
1341 1899 1694 1969 προϐάλλεται
1722 1900 1802 1970 ;ἢ
1856 1903 1954 1970 τῆς

382 1988 738 2058 ἀναισθησίας
765 1989 874 2041 τῶν
904 1989 1182 2059 ἑπομένων
1217 1989 1378 2042 αὑτοῦ
1412 1994 1530 2054 ταῖς
1556 1991 1789 2056 ἀπάταις
1821 1993 1954 2045 ἀπο-

381 2081 759 2153 πειρώμενοςς
791 2081 1022 2151 Πότερον
1049 2081 1300 2135 δύνανται
1328 2083 1555 2136 συνιδεῖν
1583 2083 1674 2135 τὸν
1694 2082 1950 2152 παιδιώδη

380 2174 791 2246 παραλογισμὺν
827 2172 921 2226 τοῦ
952 2172 1312 2244 σοφίσματος,
1341 2173 1375 2242 ἢ
1408 2173 1502 2226 καὶ
1535 2173 1666 2244 πρὸς
1689 2172 1787 2244 τὴν
1811 2171 1952 2226 οὕτω

381 2263 644 2337 πρόδηλον
671 2263 884 2333 ἀπάτην
909 2261 1351 2333 ἀναιώητοῦσινς
1382 2261 1522 2331 Ἐγὼ
1545 2264 1643 2333 μὲν
1667 2263 1772 2332 γὰρ
1798 2258 1950 2333 οἶμαι

385 2355 588 2425 μηδένα
618 2353 788 2417 οὕτως
820 2354 1046 2422 ἀνόητον
1066 2392 1083 2418 ,
1132 2352 1208 2415 ὡς
1252 2353 1326 2424 μὴ
1355 2353 1588 2407 συνιέναι
1618 2351 1714 2424 τὴν
1759 2354 1822 2406 ὲκ
1855 2352 1952 2422 τῆς

380 2445 698 2518 ὁμωνυμίας
735 2446 951 2516 ἀπάτην
972 2483 986 2506 ,
1016 2443 1083 2497 δι’
1111 2438 1178 2516 ἦς
1207 2447 1235 2498 ό
1262 2443 1522 2512 Εὑνόμιος
1553 2443 1740 2496 ἑαυτόν
1771 2459 1828 2496 τε
1859 2443 1949 2496 καὶ

379 2540 506 2601 τοὺς
535 2539 654 2590 κατ’
682 2535 844 2591 αὑτὸν
882 2534 1306 2606 παρακρούεται.
1337 2534 1457 2596 Φῶς
1491 2535 1540 2586 oi
1567 2533 1824 2603 μαθηταὶ,
1853 2551 1948 2602 φη-

383 2632 502 2695 σὶν,
532 2626 964 2699 ὠνομάσθησαν,
1004 2625 1120 2694 φῶς
1174 2625 1230 2679 δὲ
1281 2624 1495 2693 λέγεται
1546 2626 1638 2677 καὶ
1694 2624 1753 2677 τὸ
1791 2625 1848 2678 ἐν
1878 2627 1944 2695 τῇ

383 2723 559 2775 κτίσει
583 2719 892 2790 γενόμενον.
927 2712 1060 2770 Εἶτα
1119 2715 1203 2779 τίς,⁹
1239 2717 1339 2769 οὐκ
1369 2713 1506 2772 οἶδεν
1539 2716 1621 2767 ὅτι
1652 2715 1820 2784 ὄνομα
1853 2715 1947 2784 μό-

385 2830 474 2864 νον
510 2812 567 2864 ὲν
594 2810 801 2872 τούτοις
836 2809 954 2862 em
984 2807 1160 2862 κοινόν
1187 2844 1203 2872 ,
1237 2804 1300 2858 τὸ
1327 2805 1385 2859 δὲ
1429 2806 1822 2876 σημαινόμενον
1861 2806 1945 2872 ἐφ’

388 2901 645 2970 ἑκατέρου
671 2899 952 2970 διάφορονς
983 2898 1055 2950 Τὸ
1082 2897 1180 2967 μὲν
1210 2897 1317 2968 γάρ
1345 2895 1565 2966 ἡλιακὸν
1593 2896 1738 2964 φῶς,
1773 2895 1945 2964 ὄψεώς

2067 1730 2177 1772 tum
2203 1719 2436 1774 eamdem
2479 1736 2589 1774 esse
2632 1721 2765 1774 lucis
2803 1722 3096 1774 notitiam?
3142 1724 3221 1775 An
3273 1723 3416 1778 serio
3466 1740 3632 1794 agens

2061 1812 2186 1864 talia
2207 1828 2299 1881 per
2317 1814 2811 1880 argumentationes
2835 1823 3022 1868 contra
3044 1816 3324 1870 veritatem
3344 1817 3633 1886 proponit?

2065 1917 2135 1954 an
2194 1912 2523 1957 seetatorum
2591 1917 2813 1955 suorum
2869 1913 3146 1972 stuporem
3221 1902 3337 1958 suis
3400 1902 3632 1960 fallaciis

2059 1995 2268 2049 tentat?
2309 2004 2489 2048 utrum
2525 1995 2734 2064 possint
2789 1996 3046 2064 puerilem
3083 1996 3500 2067 paralogismum
3543 2011 3632 2051 so-

2057 2086 2339 2154 phismatis
2359 2086 2654 2154 percipere,
2699 2101 2765 2138 an
2793 2086 2956 2138 etiam
3001 2084 3068 2140 ad
3118 2094 3227 2140 tam
3277 2087 3628 2157 perspicuum

2055 2190 2297 2231 errorem
2354 2182 2408 2228 et
2460 2175 2727 2229 fallaciam
2781 2176 3078 2231 hebescunt
3137 2191 3300 2232 sensu
3336 2176 3631 2232 carentes?

2056 2266 2317 2336 Equidem
2339 2265 2575 2320 arbitror
2604 2266 2873 2321 neminem
2907 2273 3015 2319 tam
3054 2274 3325 2322 amentem
3357 2274 3412 2321 et
3453 2267 3629 2338 stupio

2055 2357 2184 2412 dum
2211 2373 2352 2422 esse,
2393 2364 2451 2412 ιιι
2481 2375 2586 2412 non
2614 2375 2674 2412 cx
2707 2359 3139 2428 :equivocalione
3184 2358 3446 2428 intelligat
3478 2373 3628 2413 erro-

2056 2463 2169 2501 rem
2203 2463 2297 2512 per
2317 2463 2474 2516 quem
2505 2457 2560 2502 et
2587 2449 2824 2517 seipsqu
2852 2461 3088 2514 suoSque
3117 2446 3379 2500 fallaciter
3394 2447 3628 2502 succutit

2055 2545 2109 2592 et
2161 2537 2371 2591 evertit.
2409 2535 2545 2600 Lux,
2597 2536 2792 2604 inquit,
2849 2535 3097 2605 discipuli
3153 2534 3414 2588 nominati
3465 2542 3625 2601 sunt;

2057 2628 2146 2681 lux
2172 2627 2332 2681 etiam
2365 2627 2560 2681 dicitur
2588 2642 2707 2697 quae
2727 2627 2782 2680 in
2808 2627 3084 2680 creatione
3120 2626 3260 2678 facta
3283 2632 3385 2679 est.
3429 2623 3626 2680 Deinde

2053 2720 2175 2793 quis
2205 2734 2313 2774 non
2343 2717 2484 2774 videt
2515 2735 2707 2773 nomen
2738 2719 2914 2773 solum
2953 2718 3008 2772 iu
3036 2718 3121 2773 his
3155 2732 3278 2772 esse
3313 2731 3626 2780 commune.

2051 2812 2415 2882 signiﬁcatum
2443 2828 2569 2868 vero
2607 2811 2661 2865 in
2690 2820 2920 2882 utroque
2958 2809 3214 2866 differre?
3249 2807 3385 2863 Nam
3431 2809 3625 2866 solaris

2051 2905 2267 2974 quidem
2326 2904 2419 2958 lux
2467 2905 2617 2960 visus
2678 2916 2762 2959 est
2815 2904 3150 2967 discretiva;
3214 2916 3391 2956 sermo
3446 2910 3625 2957 autem

384 2995 502 3045 ἐστι
535 2991 878 3062 διακριτικὸν,
917 2992 946 3044 ὁ
976 2989 1031 3042 δὲ
1065 2990 1160 3058 τῆς
1192 2988 1532 3052 διδασκαλίας
1557 2988 1666 3040 τῶν
1697 2987 1948 3057 μαθητῶν

2053 2995 2311 3050 doctrinae
2354 2994 2744 3064 discipulorum
2788 2994 2987 3049 animis
3034 2993 3274 3048 veritatis
3308 2991 3626 3046 illustratio-

383 3080 542 3147 λόγος
564 3120 578 3143 ,
614 3081 730 3142 ταῖς
776 3078 973 3148 ψυχαῖς
1005 3077 1095 3131 τὸν
1132 3076 1408 3147 φωτισμὸν
1440 3078 1537 3148 τῆς
1567 3076 1822 3148 ἀληθείας
1861 3079 1950 3129 ὲν-

380 3171 609 3241 τίοησιν.
633 3172 695 3224 Ei
736 3170 834 3240 μὲν
864 3165 956 3222 οὖν
996 3167 1196 3238 ταύτην
1240 3169 1332 3222 καὶ
1361 3168 1446 3221 ἐπ’
1480 3168 1687 3221 ἐκείνου
1714 3168 1805 3221 τοῦ
1834 3186 1948 3236 φω-

378 3259 470 3323 τὸς
500 3261 592 3325 τὴν
621 3260 882 3329 διαφοράν
909 3255 1048 3311 οἶδεν
1070 3274 1083 3288 ·
1115 3257 1190 3320 ὡς
1228 3257 1286 3310 τὸ
1312 3258 1409 3328 μὲν
1441 3257 1688 3328 σώματος
1718 3257 1944 3323 οἴεσθαι,

377 3349 439 3401 τὸ
490 3348 546 3401 δὲ
581 3347 760 3418 ψυχῆς
812 3342 952 3402 εἶναι
989 3345 1139 3417 φῶς,
1200 3346 1378 3399 οὐκέτι
1427 3348 1557 3417 ἡμῖν
1611 3346 1759 3400 ἔσται
1814 3347 1949 3418 πρὸς

378 3442 542 3496 αὐτὸν
577 3441 734 3510 λόγος
770 3440 976 3504 οὐδεὶς,
1024 3440 1192 3509 αύτῆς
1244 3440 1344 3512 τῆς
1376 3440 1668 3508 ἀπολογίας
1706 3442 1798 3494 καὶ
1842 3441 1948 3511 πρὸ

378 3532 487 3585 τῶν
518 3531 801 3602 ἡμετέρων
848 3529 1010 3582 αὐτὸν
1067 3528 1238 3596 λόγων
1284 3529 1730 3600 κατακρινούσης.
1776 3531 1836 3582 Εἰ
1890 3530 1946 3582 δὲ

377 3623 477 3692 τὴν
504 3622 760 3691 τοιαύτην
805 3621 891 3674 ἐπ’
925 3621 1134 3673 ἐκείνου
1173 3620 1264 3673 τοῦ
1299 3621 1470 3690 φωτὸς
1515 3619 1773 3690 διαφοράν
1807 3621 1945 3675 κατά

377 3711 472 3765 τὸν
499 3711 599 3780 τῆς
645 3711 922 3781 ἐνεργείας
969 3709 1167 3781 τρόπον
1198 3709 1376 3780 εὑρεῖν
1415 3710 1512 3763 οὐκ
1549 3709 1659 3779 ἔχει
1683 3728 1696 3740 ·
1747 3712 1808 3763 ού
1839 3711 1946 3781 γάρ

379 3801 442 3856 τὸ
483 3802 580 3873 μὲν
603 3800 901 3871 ὀφθαλμῶν
921 3801 1120 3872 σαρκὸς
1139 3842 1152 3865 ,
1188 3800 1247 3852 τὸ
1276 3801 1331 3854 δὲ
1361 3799 1594 3864 διανοίας
1626 3801 1742 3854 ἐστὶ
1781 3819 1945 3870 φωτι-

381 3894 595 3946 στικόν·
642 3892 776 3945 ἀλλὰ
817 3892 912 3961 μία
948 3892 1041 3944 καὶ⁹
1082 3890 1270 3943 τούτου
1303 3892 1552 3945 κάκείνου
1583 3890 1674 3946 τοῦ
1706 3893 1880 3961 φωτὸς
1909 3895 1940 3963 ἡ

378 3983 629 4050 ἐνέργεια
653 3983 747 4034 ἐπὶ
783 3980 890 4034 τῶν
920 3981 1098 4033 αὐτῶν
1139 3981 1508 4051 ἐνεργουμένη
1533 3999 1546 4012 ο
1581 3980 1695 4044 πῶς
1723 3982 1808 4034 διά
1835 3983 1944 4035 τῶν

377 4074 617 4144 ὴλιακῶν
646 4073 878 4127 ἀκτίνων
929 4073 1023 4125 καὶ
1079 4072 1186 4124 τῶν
1224 4070 1592 4124 ἀποστολικῶν
1639 4071 1811 4138 λόγων
1835 4112 1850 4136 ,
1885 4074 1943 4125 τὸ

376 4165 754 4236 παρηλλάχθαι
801 4165 862 4217 τὸ
904 4165 1186 4234 μονογενὲς
1234 4163 1348 4232 φῶς
1394 4163 1529 4234 πρὸς
1579 4164 1638 4217 τὸ
1681 4165 1942 4233 πατρικὸν

376 4254 493 4323 φῶς
547 4254 966 4318 ἀποδείκνυσιν;
1030 4251 1168 4305 Ἀλλ’
1216 4254 1244 4304 ό
1297 4253 1397 4318 μὲν
1451 4252 1612 4314 Υἱὸς,
1666 4253 1937 4321 ἀληοινὸν,

376 4348 530 4415 φησι,
566 4345 781 4412 λέγεται
812 4345 925 4412 φῶς
947 4384 960 4407 ,
991 4345 1019 4396 ὁ
1052 4343 1108 4396 δὲ
1138 4344 1352 4414 Πατὴρ,
1393 4345 1701 4414 ἀπρόσιτον.
1736 4344 1942 4396 Ούκοῦν

376 4439 426 4489 οἱ
477 4437 884 4508 προσδιορισμοὶ
917 4436 1014 4506 τὴν
1049 4434 1188 4488 κατά
1216 4436 1276 4486 τὸ
1330 4437 1510 4504 μεῖζον
1551 4436 1809 4508 διαφοράν
1851 4437 1942 4488 τοῦ

375 4527 642 4598 πατρικοῦ
677 4528 852 4594 φωτὸς
868 4526 1288 4597 ⁸ἑρμηνεύουσιν.
1321 4526 1480 4579 ’Ἄλλο
1508 4529 1614 4598 γάρ
1640 4546 1691 4580 τι
1722 4529 1782 4580 τὸ
1811 4529 1942 4597 ἀλη-

376 4620 542 4683 θινὸν,
569 4620 662 4672 καλ⁸
693 4618 818 4671 ἄλλο
848 4619 906 4670 τὸ
934 4617 1226 4688 ἀπρόσιτον
1256 4617 1447 4674 οἴεται.
1480 4614 1612 4671 Εἶτα
1663 4620 1743 4682 τίς
1775 4620 1944 4684 οὕτως

373 4709 578 4776 ἠλίθιος
598 4749 612 4771 ,
647 4709 721 4772 ὡς
748 4708 837 4778 ,μὴ
866 4710 1091 4762 συνιδεῖν
1121 4708 1216 4779 τὴν
1245 4709 1351 4762 τῶν
1379 4711 1787 4777 σημαινομένων
1817 4714 1942 4765 ταύ-

373 4800 604 4866 τότητα;
637 4798 708 4852 Τὸ
740 4786 847 4866 γάρ
875 4797 1126 4866 ἀληθινόν
1149 4816 1204 4849 τε
1235 4800 1324 4850 καὶ
1363 4798 1421 4850 τὸ
1458 4799 1790 4864 ἀπρόσιτον,
1819 4803 1912 4853 ὲπί

376 4907 474 4959 σης
509 4892 620 4952 τοῖς
653 4889 792 4942 κατά
832 4890 890 4940 τὸ
934 4890 1174 4942 ἐναντίον
1216 4889 1525 4957 νοουμένοις
1564 4891 1710 4942 ἐστὶν
1738 4893 1940 4962 ἀπροσ-

373 4979 677 5030 πέλαστον·
709 4978 784 5040 ὡς
817 4978 925 5048 γὰρ
977 4977 1037 5029 τὸ
1090 4977 1284 5047 ἀληθὲς
1333 4979 1430 5046 τὴν
1488 4978 1580 5030 τοῦ
1633 4979 1855 5047 ψεύδους
1884 4983 1941 5034 ού

375 5069 727 5140 προσδέχεται
773 5068 914 5138 μίξιν
939 5107 953 5129 ,
985 5067 1155 5128 οὕτως
1189 5067 1280 5118 καὶ
1311 5067 1368 5117 τὸ
1403 5068 1689 5135 ἀπρόσιτον
1727 5071 1816 5122 τὸν
1848 5071 1939 5123 τοῦ

375 5159 615 5211 ἐναντίου
681 5159 1084 5229 προσεγγισμὸν
1148 5160 1208 5209 ού
1262 5158 1562 5225 προσίεται.
1614 5161 1783 5230 Κακῷ
1833 5163 1941 5232 γὰρ

375 5251 590 5311 πάντως
618 5249 909 5318 ἀπρόσιτόν
940 5251 1052 5300 ἐστι
1081 5249 1138 5300 τὸ
1167 5248 1475 5316 ἀπρόσιτον.
1505 5249 1577 5300 Τὸ
1605 5249 1660 5302 δὲ
1693 5252 1784 5303 τοῦ
1810 5253 1938 5307 Tia?)

375 5339 527 5407 φὼς,
563 5339 730 5392 κακὸν
781 5340 880 5391 ούκ
934 5339 1082 5392 ἐστι’
1121 5339 1236 5403 πῶς
1291 5339 1398 5410 γὰρ
1444 5342 1500 5392 ἐν
1545 5343 1708 5414 κακίᾳ
1755 5362 1837 5408 τις
1879 5349 1938 5400 τὸ

453 5519 495 5550 ³⁸
532 5517 720 5576 Matth.
754 5536 804 5585 v,
845 5521 925 5576 li.
1001 5521 1038 5550 ”
1079 5519 1099 5574 Ι
1140 5518 1278 5574 Tim.
1320 5534 1390 5587 vt,
1433 5517 1512 5572 16.

2050 3101 2173 3141 nem
2204 3087 2463 3142 immittit.
2486 3086 2544 3139 Si
2571 3086 2734 3155 igitur
2765 3087 2904 3140 hanc
2932 3087 2986 3140 in
3018 3085 3108 3140 illa
3135 3081 3620 3139 lucediiierentiam

2049 3179 2222 3241 novit,
2253 3187 2310 3230 ut
2351 3178 2495 3231 illam
2529 3177 2748 3247 quidem
2794 3175 3063 3245 corporis,
3095 3175 3235 3228 hanc
3275 3188 3402 3228 vero
3429 3175 3624 3228 animae

2049 3267 2222 3323 lucem
2271 3283 2394 3323 esse
2441 3268 2736 3332 existimet,
2793 3268 2938 3322 nulla
2975 3266 3133 3321 nobis
3183 3280 3307 3320 cum
3355 3265 3476 3333 ipso
3518 3263 3624 3320 erit

2047 3359 2522 3430 disputatiozcum
2560 3361 2676 3429 ipsa
2727 3358 2974 3415 defensio
3017 3373 3129 3429 prae
3176 3356 3382 3412 nostris
3411 3369 3624 3412 sermo-

2047 3448 2210 3503 nibus
2243 3450 2417 3518 ipsmn
2447 3449 2787 3503 condemnet.
2819 3449 2973 3514 Quod
3010 3449 3055 3504 si
3089 3448 3250 3502 talem
3279 3447 3333 3501 in
3373 3447 3462 3500 illa
3504 3446 3623 3502 luce

2047 3540 2406 3594 diﬂ‘erentiam
2441 3555 2505 3595 ex
2543 3540 2874 3609 operationis
2908 3537 3068 3593 modo
3111 3538 3359 3592 invenire
3385 3536 3493 3591 non
3526 3551 3611 3605 po-

2048 3637 2156 3684 test
2187 3647 2200 3682 :
2237 3644 2345 3682 non
2388 3629 2532 3683 enim
2562 3630 2650 3682 illa
2684 3629 2904 3698 quidem
2948 3629 3233 3683 oculorum
3265 3628 3470 3691 carnis,
3508 3627 3622 3681 haec

2045 3736 2174 3776 vero
2210 3720 2406 3776 mentis
2452 3731 2533 3776 est
2589 3722 2940 3775 illuminatrix
2987 3739 3001 3775 :
3059 3721 3154 3776 sed
3209 3735 3318 3775 una
3365 3719 3530 3788 hujus
3569 3727 3621 3773 et

2048 3811 2192 3865 illius
2218 3811 2353 3866 lucis
2399 3811 2640 3878 operatio
2668 3828 2788 3881 qure
2823 3814 2874 3865 in
2928 3810 3118 3866 iisde'n
3153 3821 3409 3881 operatur
3443 3830 3455 3865 :
3487 3827 3618 3880 quo-

2048 3903 2210 3956 modo
2240 3918 2334 3973 per
2384 3905 2590 3958 solares
2644 3905 2824 3958 radios
2859 3914 2911 3957 et
2949 3905 3279 3972 apostolicos
3340 3918 3620 3957 sermones

2051 3993 2317 4063 linigeniti
2342 3993 2513 4048 lucem
2546 4010 2573 4047 a
2599 3995 2718 4049 luce
2746 4008 2967 4064 paterna
3008 3996 3212 4049 distare
3245 3994 3620 4048 demonstrat!

2047 4084 2151 4139 Sed
2186 4085 2353 4141 Filius
2383 4087 2598 4156 quidem
2635 4104 2758 4141 vera
2793 4091 2877 4140 lux
2918 4087 3138 4151 dicitur,
3186 4086 3344 4141 Pater
3370 4101 3499 4140 vero
3529 4087 3618 4140 lux

2043 4173 2319 4228 inaccessa
2368 4192 2380 4227 :
2436 4175 2780 4229 definitiones
2842 4177 3009 4242 igitur
3056 4175 3284 4242 adjectae
3322 4176 3618 4228 secundum

2049 4267 2242 4334 majus,
2280 4266 2635 4321 diﬂ‘erenliam
2671 4281 2908 4336 paterna:
2943 4267 3082 4320 lucis
3133 4265 3394 4317 denotant
3428 4283 3440 4317 :
3472 4265 3616 4319 aliud

2055 4357 2198 4408 enim
2235 4356 2363 4426 quid
2397 4371 2517 4410 esse
2546 4365 2696 4425 putat
2722 4372 2932 4416 verum,
2971 4354 3115 4407 aliud
3148 4356 3509 4407 inaccessum.
3553 4355 3622 4405 At

2047 4448 2170 4517 quis
2202 4449 2275 4501 ita
2325 4449 2557 4502 stolidus
2611 4457 2693 4502 est
2730 4457 2782 4500 et
2819 4464 3028 4509 vecors,
3085 4453 3140 4498 ut
3194 4461 3300 4503 non
3356 4445 3620 4512 intelligat

2047 4540 2472 4609 signilicalorum
2504 4541 2746 4592 eamdem
2782 4537 3047 4590 rationem
3077 4538 3098 4590 ?
3129 4535 3260 4590 Nam
3291 4538 3382 4590 lux
3413 4552 3538 4590 vera
3566 4547 3620 4590 et

2048 4632 2136 4684 lux
2169 4631 2445 4684 inaccessa
2487 4630 2761 4683 contraria
2807 4629 3168 4682 sentientibus
3221 4629 3501 4696 :equaliter
3535 4636 3612 4680 est

2048 4723 2323 4774 inaccessa
2356 4739 2369 4774 :
2417 4729 2473 4773 ut
2517 4721 2660 4772 enim
2698 4735 2882 4772 verum
2924 4719 3041 4772 falsi
3071 4733 3178 4771 non
3215 4717 3455 4770 admittit
3519 4717 3611 4769 mi-

2041 4812 2294 4874 stionem,
2340 4815 2496 4863 sicut
2543 4810 2878 4864 inaccessum
2913 4809 3174 4861 contrarii
3217 4807 3614 4876 proximitatem

2041 4921 2147 4956 non
2188 4905 2415 4971 appetit.
2451 4901 2588 4953 Malo
2619 4904 2760 4955 enim
2796 4917 3021 4970 prorsus
3073 4901 3433 4954 inaccessum.
3469 4897 3613 4966 quod

2040 5002 2120 5045 est
2153 4995 2514 5045 inaccessum.
2539 4991 2647 5044 Lux
2676 5001 2854 5044 autem
2879 4991 2996 5044 Filii
3026 4992 3160 5044 mala
3187 5006 3292 5042 non
3330 4999 3449 5050 est;
3483 5002 3610 5050 quu-

2043 5083 2200 5133 tnmlo
2233 5083 2377 5134 enim
2431 5083 2483 5134 in
2538 5081 2664 5136 vitio
2700 5083 2824 5150 quis
2871 5099 3054 5134 verum
3100 5080 3317 5134 videat?
3360 5074 3616 5145 quoniam

2049 5174 2209 5242 igitur
2239 5190 2345 5228 non
2395 5177 2592 5228 malum
2640 5182 2723 5228 est
2756 5174 2978 5235 veritas,
3035 5188 3132 5224 nec
3185 5166 3397 5221 veritati
3443 5165 3616 5215 lucem

2045 5280 2165 5333 (με
2197 5264 2250 5317 in
2281 5256 2445 5320 Patre
2483 5277 2598 5326 cst,
2625 5267 2960 5318 inaccessum
3000 5277 3121 5315 esse.
3163 5257 3286 5326 quis
3308 5254 3526 5307 dixerit.
3560 5250 3616 5303 Si

2043 5354 2186 5407 enim
2244 5355 2524 5410 veritatem
2560 5365 2790 5419 arceret,
2837 5351 3119 5408 mendacio
3165 5353 3312 5401 certe
3376 5340 3618 5395 adhaere-
