4046 6150
487 135 594 194 895
1721 137 1778 190 S.
1841 135 2066 193 GREGO
2079 137 2166 192 Rll
2224 135 2514 192 NYSSEM
3611 147 3700 203 896

485 263 683 310 sceret.
709 252 859 308 Talis
888 252 1030 308 enim
1063 253 1438 321 appositurum
1470 260 1685 314 natura,
1710 262 1768 306 ut
1802 255 1852 306 in
1875 253 2065 308 absen-

2174 254 2419 326 ἀληθινὸν
2446 253 2628 323 βλέποι
2652 272 2664 319 ;
2709 255 2861 306 Ἐπεὶ
2888 250 2978 307 οὖν
3008 255 3067 308 οὐ
3103 257 3267 310 κακὸν
3301 259 3333 328 ἡ
3359 259 3585 332 ἀλήθεια,
3612 267 3699 320 οὐκ

486 349 560 400 tia
600 347 860 411 melioris,
891 345 1033 415 quod
1082 360 1149 397 ex
1190 345 1444 413 opposito
1502 345 1843 414 intelligitur,
1885 360 2068 413 appa—

2174 345 2233 397 ἀν
2257 359 2339 406 τις
2360 343 2452 395 καὶ
2482 345 2547 413 τῇ
2584 342 2810 413 ἀληθεία
2832 344 2892 396 τὸ
2920 346 2978 396 ὲν
3009 343 3086 414 τῷ
3113 345 3282 416 Πατρὶ
3311 348 3420 416 φῶς
3444 351 3704 424 ἀπρόσιτον

485 447 620 492 reat.
659 436 714 491 Si
753 437 916 506 igitur
945 435 1070 504 quis
1112 434 1320 488 diceret
1352 436 1543 504 procul
1591 451 1620 488 a
1656 442 1932 489 contraria
1965 452 2065 505 op-

2184 433 2304 489 ’ἷναι
2349 436 2516 504 λέγοι.
2565 437 2628 489 Εἰ
2661 436 2768 504 γάρ
2819 436 3125 490 ἀποσείοιτο
3173 437 3268 506 τὴν
3309 439 3588 511 ἀλήθειαν,
3637 447 3705 515 τῷ

485 529 755 598 [osilioue
781 528 955 581 lucem
989 543 1110 598 qua:
1157 527 1211 581 in
1244 527 1403 581 Patre
1454 537 1537 581 est
1577 527 1936 591 considerari,
1967 543 2058 596 ap-

2174 528 2353 596 ψευδεῖ
2404 527 2620 589 πάντως
2672 527 3140 597 συνενεχθήσεται.
3191 529 3419 600 ’Τοιαύτη
3469 534 3566 604 γὰρ
3612 535 3704 590 τῶν

485 621 658 688 posite
704 619 770 672 ad
835 621 1080 688 Apostoli
1132 627 1368 672 mentem
1425 620 1713 674 collimatis
1769 619 2064 671 tlicliOllt‘lll

2174 619 2559 690 ἀντικειμένων
2585 621 2616 690 ἡ
2645 620 2804 689 φύσις
2823 661 2837 684 ,
2879 621 2955 684 ὡς
2985 624 3044 674 ἐν
3080 625 3145 691 τῇ
3177 622 3404 694 ἀπουσίᾳ
3431 625 3518 678 τοῦ
3551 627 3707 694 κρείτ-

485 712 778 765 inacressa:
823 712 959 765 lucis
1011 713 1481 779 interpretaretur.
1542 711 1697 776 Quod
1735 713 1779 763 si
1838 726 1866 763 a
1921 711 2066 764 bono

2174 724 2318 773 πονος
2339 751 2353 773 ,
2402 711 2462 763 τὸ
2510 709 2569 774 ἐξ
2599 711 2879 764 ἀντιθέτου
2908 711 3194 780 νοούμενον
3219 713 3608 781 ἀναφαίνεσθαι.
3654 716 3706 766 El

485 802 864 856 alienationem
895 801 956 854 τὸ
981 803 1295 873 ἀπρόσιτον,
1330 803 1675 856 inaccessum
1718 802 1865 854 dicat
1895 801 2065 869 signi-

2174 802 2270 872 μὲν
2307 798 2402 855 οὖν
2438 821 2522 866 τις
2553 802 2700 871 λέγοι
2747 803 2936 873 πόρῤω
2975 803 3074 872 τῆς
3107 804 3350 867 ἐναντίας
3387 805 3708 874 παραθέσεως

485 894 667 957 ﬁcare,
707 894 839 946 nihil
865 893 1011 946 aliud
1040 910 1201 962 quam
1232 894 1411 963 ipsum
1443 893 1544 947 sibi
1578 893 1681 962 ipsi
1708 892 1989 946 inimicum
2011 900 2066 945 et

2174 893 2229 945 τὸ
2265 896 2320 945 ὲν
2358 893 2434 964 τῷ
2464 896 2636 964 Πατρὶ
2671 895 2795 962 φῶς.
2814 893 3135 964 θεωρεῖσθαι
3157 937 3169 950 .
3201 897 3596 966 ὲστοχασμένως
3627 899 3707 951 τοῦ

483 986 719 1040 alienum
753 994 1024 1052 supponet
1047 1025 1060 1047 ,
1096 993 1282 1054 utpote
1319 983 1464 1054 quod
1500 985 1701 1037 bonum
1729 985 1798 1037 sit
1833 993 1886 1037 et
1922 985 2067 1037 hono

2174 982 2527 1036 ἀποστολικοῦ
2569 984 2913 1054 βουλήματος
2960 985 3282 1055 ἑρμηνεύσει
3313 985 3404 1039 τοῦ
3445 989 3707 1058 ἀπροσίτου

481 1078 815 1148 oppositum.
833 1078 995 1146 Atqui
1023 1081 1124 1131 hoc
1145 1094 1207 1131 ex
1231 1093 1420 1131 eorum
1447 1086 1530 1132 est
1563 1093 1789 1130 numero
1809 1091 1928 1145 qua‘.
1951 1077 2064 1131 fieri

2174 1074 2269 1145 τὴν
2304 1075 2465 1142 λέξιν.
2504 1077 2564 1128 Εἰ
2615 1077 2801 1148 δὲτὴν
2836 1077 2971 1147 πρὸς
3024 1077 3084 1130 τὸ
3141 1078 3340 1146 ἀγαθὸν
3395 1078 3710 1148 ἀλλοτρίωσιν

482 1185 589 1224 non
649 1177 899 1239 possunt.
945 1169 1153 1222 Bounin
1191 1171 1332 1221 enim
1389 1171 1531 1221 hono
1574 1169 1841 1220 familiare
1891 1175 2065 1221 estet

2174 1165 2456 1235 σημαίνειν
2491 1167 2550 1218 τὸ
2579 1168 2870 1238 ἀπρόσιτον
2899 1168 3046 1235 λέγοι
3072 1208 3084 1225 .
3116 1169 3268 1221 οὐδὲν
3299 1169 3477 1238 ἕτερον
3510 1169 3540 1239 ἦ
3573 1170 3710 1223 αὑτὸν

482 1267 738 1317 amicum.
769 1263 888 1316 Hzec
918 1262 1084 1331 igitur
1121 1262 1210 1315 lux
1238 1278 1361 1314 cum
1395 1262 1483 1314 illa
1517 1279 1622 1314 non
1652 1262 1876 1314 dissidet
1932 1260 2063 1313 Nam

2174 1255 2348 1326 ἑαυτῷ
2379 1257 2569 1328 ἐχθρόν
2607 1276 2664 1311 τε
2702 1262 2791 1313 καὶ
2821 1259 3100 1331 ἀλλότριον
3145 1261 3470 1332 ὑποθήσεται
3539 1263 3712 1329 ἀγαθὸν

481 1364 535 1408 et
575 1353 744 1409 Filius
775 1357 863 1409 lux
897 1371 1043 1418 vera,
1087 1367 1136 1409 ct
1169 1353 1329 1408 Pater
1387 1356 1473 1407 lux
1518 1364 1592 1408 est
1648 1355 1948 1408 inaccessa.
1977 1353 2067 1406 Di-

2174 1347 2318 1410 ὗντα,
2348 1350 2441 1401 καὶ
2475 1350 2660 1420 ἀγαθῷ
2689 1351 3076 1421 ἀντικείμενον.
3125 1352 3285 1405 Ἀλλὰ
3323 1353 3424 1422 μὴν
3451 1353 3596 1406 τοῦτο
3625 1354 3712 1406 τῶν

469 1446 652 1499 'xeriin
711 1447 875 1498 etiam
927 1448 1188 1500 audacter
1251 1447 1394 1516 quod
1461 1449 1552 1516 qui
1609 1447 1962 1500 alternare-rit
2013 1448 2064 1500 in

2176 1440 2472 1509 ἀμηχάνων
2527 1443 2660 1493 ἐστί.
2717 1442 2790 1494 Τδ
2837 1443 2943 1513 γάρ
2991 1443 3192 1511 ἀγαθὸν
3251 1444 3462 1508 οἰκείως
3505 1446 3605 1514 ἔχει
3650 1446 3714 1516 τῷ

485 1548 715 1608 utroque
750 1539 885 1593 tales
914 1539 1325 1609 appellationes,
1365 1555 1471 1593 non
1502 1539 1794 1593 aberrahit.
1825 1537 1956 1591 Nam
2014 1549 2068 1591 et

2175 1531 2384 1601 ἀγαθῷ.
2413 1535 2525 1586 Οὐκ
2559 1535 2666 1604 ἀρα
2703 1534 2761 1587 τὸ
2791 1534 2904 1602 φῶς
2937 1535 3092 1589 τοῦτο
3135 1536 3273 1605 πρὸς
3316 1539 3486 1589 ἐκεῖνο
3534 1539 3713 1609 παρήλ-

482 1645 671 1683 νρτιιιιι
703 1639 786 1684 est
819 1631 957 1684 l'also
985 1631 1349 1694 inaccessum,
1400 1639 1453 1684 et
1495 1640 1686 1684 contra
1727 1630 2068 1683 inaccessum

2174 1621 2387 1675 λακται.
2419 1623 2486 1676 Ὄ
2510 1643 2570 1680 τε
2595 1625 2700 1694 γὰρ
2742 1625 2869 1688 Υἱὸς
2919 1627 3034 1694 φῶς
3072 1626 3322 1696 ἀληθινὸν
3349 1667 3362 1690 ,
3393 1626 3421 1678 ὅ
3463 1645 3518 1680 τε
3550 1607 3714 1699 Πατὴρ

485 1720 540 1774 in
569 1721 783 1774 sincera
828 1729 882 1774 et
932 1737 1066 1790 pura
1119 1721 1350 1774 vi-ritatc
1391 1721 1894 1791 comprehenditur.
1929 1719 2069 1790 Ergo

2175 1713 2290 1781 φῶς
2322 1716 2466 1766 ἐστιν
2497 1714 2810 1784 ἀπρόσιτον.
2845 1714 3066 1787 Εἴποιμι
3120 1717 3164 1769 δ’
3196 1718 3263 1770 ἀν
3293 1719 3715 1790 καταθαρσήσας,

483 1813 623 1866 idem
648 1820 733 1868 est
761 1827 949 1867 verum
982 1821 1033 1866 et
1084 1814 1448 1868 inaccessum.
1491 1815 1759 1880 Quoniam
1798 1829 1862 1867 ex
1891 1828 2069 1882 chuo,

2174 1806 2255 1858 ὅτι
2305 1805 2399 1859 καὶ
2438 1807 2466 1858 ὁ
2516 1806 2876 1860 ὑπαλλάσσων
2910 1811 2994 1877 ἐφ’
3050 1809 3311 1879 ἑκατέρου
3349 1809 3444 1873 τὰς
3495 1811 3716 1874 τοιαύτας

481 1917 592 1971 quo
622 1902 676 1956 in
707 1911 939 1972 utroque
988 1904 1348 1973 signiﬁcatur,
1385 1905 1528 1957 malo
1571 1915 1655 1958 est
1690 1905 2065 1958 inaccessum.

2176 1897 2542 1968 προσηγορίας
2562 1937 2578 1963 ,
2613 1899 2710 1968 οὐχ
2735 1899 3134 1971 ἁμαρτήσεται.
3169 1902 3244 1954 Τό
3274 1919 3331 1954 τε
3372 1902 3473 1973 γάρ
3501 1902 3717 1972 ἀληθινὸν

483 1996 659 2061 Quam
724 1996 890 2066 igitur
959 1996 1010 2049 in
1062 1995 1146 2050 his
1197 1995 1559 2048 ditl'erentiam
1609 1995 2069 2058 comminiscitur,

2175 1991 2467 2060 ἀπρόσιτον
2502 1994 2616 2045 ἐστι
2644 1992 2722 2062 τῷ
2750 1991 2954 2061 ψεύδει,
2987 1993 3081 2047 καὶ
3106 1993 3166 2046 τὸ
3194 1994 3484 2066 ἀπρόσιτον
3505 2011 3557 2056 τε
3584 1993 3714 2049 πάλιν

494 2090 587 2156 qui
623 2103 719 2157 per
753 2090 892 2142 lucis
927 2087 1413 2157 atqnivorationem
1446 2087 1685 2154 seipsum
1732 2092 1786 2139 et
1816 2100 1944 2139 suos
1985 2100 2069 2137 au-

2175 2083 2231 2133 ὲν
2275 2083 2566 2152 ἀκραιφνεῖ
2611 2085 2674 2153 τῇ
2732 2083 2959 2153 ἀληθείᾳ
3003 2083 3494 2154 καταλαμϐάνεται.
3540 2083 3718 2136 Οὐκοῦν

485 2177 690 2231 dilores
735 2176 978 2245 decipit?
1039 2177 1143 2230 Sed
1199 2193 1374 2245 neque
1446 2178 1796 2230 lltt'XPUSSllln
1851 2186 2069 2243 praster-

2174 2173 2334 2225 ταῦτὺ
2381 2173 2457 2243 τῷ
2491 2175 2726 2246 ἀληθινῷ
2776 2177 2836 2228 τὸ
2865 2177 3160 2246 ἀπρόσιτον
3184 2217 3197 2240 ,
3235 2178 3317 2230 ὅτι
3370 2178 3502 2229 κατά
3545 2178 3599 2229 τὸ
3623 2173 3718 2228 ἶσόν

487 2268 713 2320 ieritnus
745 2268 888 2336 quod
925 2266 1167 2336 Apostoli
1209 2267 1428 2319 verbum
1455 2283 1552 2335 pro
1583 2282 1683 2318 suo
1709 2266 1933 2319 arbitrio
1955 2281 2069 2334 per-

2175 2266 2287 2314 ἐστι
2336 2263 2395 2315 τὸ
2425 2265 2481 2315 ἐν
2536 2265 2777 2336 ἑκατέρῳ
2812 2266 3208 2336 σημαινόμενον
3243 2265 3320 2336 τῷ
3366 2266 3512 2336 κακῷ
3541 2267 3717 2335 ἀπροσ-

486 2366 730 2423 vertens,
782 2367 842 2411 ut
896 2357 1043 2413 illius
1095 2372 1404 2411 sermonem
1445 2358 1684 2425 exponit.
1727 2355 1866 2409 Dicit
1927 2358 2071 2410 enim

484 2446 706 2510 Paulus,
727 2451 816 2519 qui
833 2450 999 2502 lucem
1017 2449 1219 2502 habitat
1245 2450 1567 2502 inaccessum
1583 2449 1650 2512 ’°;
1674 2449 1901 2502 multum
1928 2451 2073 2503 enim

485 2537 665 2592 diﬂ'ert
691 2577 705 2601 ,
748 2539 850 2593 hoc
889 2541 1066 2603 ipsum
1099 2554 1242 2602 CSSe,
1269 2547 1322 2590 et
1360 2539 1414 2592 in
1450 2539 1635 2607 aliquo
1679 2555 1803 2592 esse
1850 2539 2070 2594 dicere:

485 2625 578 2692 qui
621 2624 764 2677 enim
821 2625 958 2678 dixit
1011 2627 1187 2679 lucent
1233 2625 1492 2679 habitans
1543 2627 1903 2691 inaccessam,
1957 2629 2072 2697 ipsa

487 2715 846 2770 habitationis
887 2732 1040 2779 voce,
1083 2732 1189 2770 non
1235 2717 1412 2786 ipsum
1462 2717 1744 2783 indicavit,
1798 2720 1890 2772 scd
1925 2720 2072 2788 quod

487 2809 541 2860 in
563 2807 712 2876 ipso:
735 2807 882 2876 quod
905 2809 1123 2878 quidem
1149 2808 1448 2862 secundum
1475 2819 1720 2861 nostrum
1742 2826 2072 2875 sermonem,

487 2899 633 2951 idem
669 2908 754 2952 est
782 2915 902 2953 cmn
932 2901 1099 2953 verbo
1129 2900 1463 2970 evangelico,
1495 2901 1638 2970 quod
1676 2900 1808 2954 dicit
1843 2903 1893 2955 in
1927 2902 2070 2956 Filio

488 2989 701 3042 Patrem
733 3005 886 3056 esse;
919 2989 1090 3044 Filius
1123 2992 1266 3044 enim
1319 2999 1403 3046 est
1438 2991 1526 3044 lux
1562 3008 1686 3044 vera
1713 3007 1727 3057 ;
1785 2993 2066 3049 inaccessa

486 3091 668 3137 autem
709 3084 844 3136 l'alsn
882 3095 960 3140 est
1003 3084 1247 3148 veritas;
1292 3083 1380 3136 lux
1436 3084 1720 3137 inaccessa
1773 3085 1939 3154 igitur
1982 3097 2067 3141 est

487 3171 658 3229 Filius
707 3174 760 3228 in
800 3188 908 3245 quo
956 3173 1115 3229 Pater
1149 3174 1375 3238 habilat,
1411 3177 1492 3231 vel
1538 3188 1688 3232 Certe
1741 3179 1792 3232 in
1841 3196 1951 3251 quo
1981 3190 2065 3236 est

2174 3185 2334 3238 αὑτὸν
2368 3186 2688 3250 ἐνεδείξατο,
2721 3187 2857 3241 ἀλλὰ
2888 3188 2947 3241 τὸ
2976 3188 3104 3258 περὶ
3133 3187 3301 3240 αὑτὸν
3333 3187 3465 3256 ὅπερ
3493 3181 3599 3236 ἶσόν
3628 3181 3720 3231 ἐστι

485 3263 666 3319 Pater.
2173 3278 2313 3331 κατὰ
2337 3277 2427 3330 τὸν
2455 3278 2719 3349 ἡμέτερον
2747 3278 2904 3347 λόγον
2945 3279 3022 3348 τῷ
3047 3276 3390 3348 εὐαγγελικῷ
3431 3278 3615 3346 ῥήματι
3657 3268 3719 3336 τῷ

483 3353 695 3423 λέγοντι
731 3357 787 3410 ὲν
815 3355 892 3428 τῷ
925 3356 1038 3427 Υίῷ
1070 3355 1161 3408 τὸν
1193 3356 1408 3425 Πατέρα
1441 3353 1600 3410 εἶναι.
1636 3360 1756 3421 Φῶς
1801 3360 1910 3431 γὰρ
1939 3362 2188 3432 ἀληθινὸν
2234 3367 2262 3418 6
2295 3367 2420 3430 Υἱὸς
2445 3408 2460 3432 ,
2495 3370 2787 3440 ἀπρόσιτος
2825 3370 2882 3422 δὲ
2949 3369 3026 3440 τῷ
3090 3368 3279 3438 ψεύδει
3323 3368 3464 3421 ἐστὶν
3523 3367 3552 3434 ἡ
3613 3362 3718 3430 ἀλή-

486 3447 630 3500 θεια·
657 3448 773 3517 φῶς
801 3449 1092 3517 ἀπρόσιτον
1115 3449 1221 3519 ἀρα
1248 3449 1276 3500 6
1301 3449 1426 3511 Υίδς
1448 3489 1462 3511 ,
1487 3452 1543 3501 ὲν
1573 3444 1615 3518 ᾧ
1641 3453 1780 3504 οἰκεῖ
1804 3455 1830 3505 6
1853 3454 2059 3526 Πατὴρ,
2098 3458 2212 3528 ἦτοι
2238 3461 2294 3512 ἐν
2321 3455 2366 3529 ᾧ
2397 3463 2544 3516 ἐστιν
2573 3465 2600 3516 6
2631 3464 2838 3534 Πατήρ.

559 3540 668 3593 Sed
691 3541 745 3594 in
784 3540 940 3593 vanis
972 3547 1026 3592 et
1055 3540 1310 3594 inanibus
1337 3544 1619 3595 contendit.
1643 3553 1697 3596 et
1719 3543 1887 3599 dicit:
1934 3564 1951 3595 ι
1986 3547 2062 3600 Ex

489 3633 626 3702 ipsis
653 3633 820 3686 rebus
848 3639 901 3682 et
934 3631 1158 3685 creditis
1187 3633 1446 3694 oraculis.
1483 3651 1672 3688 eorum
1723 3653 1845 3707 quae
1874 3639 2067 3693 dicun-

491 3735 580 3777 tur
607 3722 766 3775 ﬁdem
795 3722 1010 3792 pra-beo
1035 3740 1047 3776 :
1080 3741 1098 3773 ι
1135 3722 1249 3776 hinc
1277 3723 1443 3794 igitur
1469 3735 1551 3782 est
1573 3726 1692 3796 ejus
1721 3729 2064 3797 pollicitatio.

495 3815 592 3868 Sin
619 3821 798 3867 autem
841 3827 940 3882 pro
970 3811 1230 3882 dignitate
1269 3829 1456 3868 eorum
1501 3833 1619 3886 qua:
1666 3818 1916 3888 promisit
1951 3837 2064 3875 sero

495 3922 717 3961 monem
763 3906 1036 3976 producit,
1091 3908 1396 3978 intelligens
1429 3911 1669 3980 profecto
1711 3912 1930 3966 auditor
1975 3929 2070 3967 ex—

490 3997 750 4068 plorabit.
785 3996 1003 4056 Beatus.
1061 3997 1258 4066 inquit,
1307 4000 1562 4063 Joannes,
1597 4003 1649 4054 in
1675 4003 1934 4072 principio
1960 4021 2070 4059 esse

500 4089 724 4143 Verbum
772 4106 889 4142 cum
919 4088 1078 4149 dixit,
1123 4099 1170 4141 et
1215 4089 1310 4142 hoc
1365 4091 1524 4143 vitam
1575 4109 1693 4144 cum
1752 4093 2069 4158 appellavit:

491 4191 602 4234 tum
636 4197 753 4234 vero
794 4181 954 4233 vitam
996 4179 1162 4232 lucem
1193 4183 1516 4236 nominavit:
1557 4192 1607 4236 et
1637 4184 1914 4252 paululum
1943 4200 2068 4252 pro-

2174 4189 2328 4258 ζωὴν
2360 4192 2704 4258 προσειπὼν
2721 4230 2735 4254 ,
2767 4192 2895 4244 εἶτα
2921 4190 3034 4259 τὴν
3073 4190 3225 4259 ζωὴν
3243 4232 3257 4256 ,
3273 4189 3400 4258 φῶς
3413 4183 3682 4255 ὀνομάσας
3698 4220 3712 4245 ν

493 4281 724 4342 gressus,
775 4269 842 4323 Et
895 4269 1106 4323 verbum
1147 4285 1271 4322 caro
1305 4271 1506 4339 factum
1535 4281 1633 4336 est,
1679 4275 1776 4326 ait.
1822 4271 1880 4327 Si
1905 4275 2069 4343 igitur

2174 4283 2386 4352 μικρὸν
2410 4283 2658 4348 ὑποϐὰς,
2684 4284 2791 4337 Καὶ
2809 4287 2840 4338 ό
2865 4287 3047 4352 Λόγοι,
3079 4284 3235 4351 σὰρξ
3258 4283 3510 4353 ἐγένετο,
3532 4276 3705 4350 φησίν-

491 4375 568 4418 est
600 4366 731 4430 vita,
762 4373 810 4418 et
834 4364 942 4416 vita
961 4373 1040 4417 est
1095 4361 1338 4426 Verbum,
1368 4373 1417 4417 et
1456 4363 1674 4418 Verbum
1704 4382 1832 4420 caro
1867 4367 2068 4436 factum

2176 4377 2245 4428 Ei
2267 4374 2474 4428 τοίνυν
2508 4373 2576 4426 τὸ
2613 4374 2729 4442 μὲν
2767 4373 2894 4442 φῶς
2921 4376 3091 4427 ἐστιν
3118 4380 3156 4440 ή
3200 4373 3314 4441 ζωὴ
3340 4415 3354 4439 ,
3386 4375 3423 4440 ἡ
3454 4372 3518 4424 δὲ
3557 4367 3651 4432 ζωὴ
3684 4364 3708 4416 ὁ

489 4468 567 4512 est
583 4460 651 4525 “,
669 4459 789 4514 inde
806 4461 1143 4530 manilestum
1164 4460 1402 4529 e/ﬂcitur,
1419 4459 1556 4529 quod
1577 4459 1670 4510 tua:
1684 4459 1735 4511 in
1755 4475 1912 4512 carne
1923 4459 2069 4528 facta

2176 4466 2366 4532 Λόγος
2390 4505 2404 4528 ,
2432 4466 2465 4516 ὀ
2497 4462 2564 4515 δὲ
2590 4463 2779 4533 Λόγος
2819 4465 2973 4533 σὰρξ
3011 4464 3247 4534 ἐγένετο
3274 4507 3288 4528 ,
3318 4467 3563 4520 αὐτόθεν
3587 4460 3708 4530 γίνε-

492 4560 590 4606 est.
616 4551 756 4618 Quid
789 4552 989 4622 igitur?
1018 4552 1454 4622 quandoquidem
1478 4552 1564 4604 lux
1588 4559 1642 4605 et
1660 4550 1790 4616 vita,
1817 4560 1871 4606 et
1902 4551 2068 4614 Deus,

2176 4570 2268 4606 ται
2295 4555 2574 4622 φανερὸν,
2611 4552 2697 4606 ὅτι
2725 4553 2789 4606 τὸ
2821 4553 2945 4623 φῶς
2982 4555 3052 4608 ἐν
3072 4557 3252 4623 σαρκὶ
3282 4555 3502 4625 γέγονε.
3528 4553 3585 4603 Τί
3605 4544 3710 4603 oin;

491 4651 549 4697 et
591 4641 825 4696 Verbum
857 4643 910 4696 in
943 4659 1107 4698 carne
1154 4643 1438 4714 apparuit,
1497 4642 1728 4712 ideoque
1757 4642 1826 4696 ab
1853 4657 1916 4696 ea
1949 4643 2069 4698 luce

2190 4646 2405 4717 Ἐπειδὴ
2431 4646 2493 4698 τὸ
2528 4647 2641 4716 φῶς
2666 4648 2760 4700 καὶ
2793 4649 2826 4718 ὴ
2863 4647 2998 4718 ζωὴ.
3030 4649 3124 4700 καὶ
3151 4649 3179 4700 6
3211 4649 3345 4711 Θεὸς
3363 4689 3377 4710 ,
3405 4647 3495 4699 καὶ
3521 4647 3546 4696 6
3573 4641 3710 4706 Λόγτις

494 4747 618 4804 quae
655 4743 760 4798 est,
808 4735 862 4788 in
899 4733 1058 4790 Patre
1091 4752 1216 4791 vera
1251 4737 1340 4789 lux
1383 4733 1563 4789 dill‘crt
1619 4733 1762 4800 Quin
1799 4734 1962 4788 etiam
1999 4752 2064 4790 ex

2174 4741 2229 4792 ἐν
2261 4739 2422 4810 σαρκὶ
2480 4737 2794 4810 ἐφανερώθη
2823 4778 2836 4796 .
2887 4738 2973 4791 διὰ
2997 4738 3155 4792 τοῦτο
3197 4737 3566 4808 παρήλλακται
3601 4731 3711 4800 πρὸς

497 4838 657 4878 sacro
690 4823 976 4894 Evangelia
1008 4827 1382 4881 testimonium
1410 4827 1668 4891 sumitur,
1699 4825 1843 4895 quod
1897 4826 1950 4878 in
1999 4834 2069 4880 te-

2174 4833 2232 4885 τὸ
2268 4833 2324 4884 ὲν
2367 4831 2445 4901 τῷ
2473 4831 2648 4902 Πατρὶ
2674 4830 2788 4898 φῶς
2814 4830 2872 4882 τὸ
2901 4829 3151 4900 ἀληθινὸν
3179 4830 3313 4900 φῶς.
3341 4830 3445 4882 Καὶ
3475 4825 3572 4897 μὴν
3599 4835 3703 4891 pap-

2178 2354 2463 2407 πέλαστον.
2516 2354 2648 2409 Τίνα
2695 2352 2788 2409 οὖν
2830 2359 2888 2408 ὲν
2921 2357 3128 2420 τούτοις
3170 2360 3381 2410 ἐπινοεῖ
3424 2358 3515 2428 τὴν
3541 2357 3717 2423 παραλ-

2174 2445 2342 2517 λαγὴν
2363 2448 2390 2499 6
2412 2447 2498 2499 διὰ
2521 2448 2613 2517 τῆς
2635 2449 2742 2500 τῶν
2773 2449 2964 2516 φώτων
2991 2451 3312 2519 ὁμωνυμίας
3337 2451 3521 2502 ἑαυτόν
3555 2465 3605 2500 τε
3645 2447 3720 2500 καὶ

2173 2540 2298 2601 τοὺς
2324 2538 2444 2591 καθ’
2475 2539 2666 2592 ἑαυτὸν
2703 2541 3041 2609 φενακίζωνς
3091 2541 3254 2594 Ἀ).λά
3301 2541 3433 2612 μηδὲ
3462 2541 3606 2594 τοῦτο
3635 2557 3717 2592 πα-

2179 2630 2544 2700 ραδράμωμεν
2571 2631 2922 2696 ἀνεξέταστον
2945 2673 2958 2696 ,
2991 2635 3074 2686 ὅτι
3123 2634 3502 2704 παραποιήσας
3529 2633 3617 2702 τὴν
3645 2628 3720 2682 τοῦ

2189 2723 2508 2778 Ἀποστόλου
2566 2727 2724 2796 ῥῆσιν
2757 2726 2898 2780 κατὰ
2937 2727 2998 2779 τὸ
3042 2727 3220 2797 ἐαυτῷ
3255 2726 3474 2790 δοκοῦν,
3510 2725 3580 2788 ὡς
3613 2723 3719 2792 παρ’

2175 2815 2384 2868 ἐκείνου
2422 2818 2515 2872 τὸν
2548 2819 2704 2887 λόγον
2727 2819 3182 2890 ἐκτίθεται.·Φησὶ
3213 2821 3322 2892 γὰρ
3354 2821 3381 2870 ὁ
3410 2817 3629 2878 Παῦλος.
3654 2815 3719 2866 ὃτι

2177 2905 2305 2972 Φῶς
2334 2908 2512 2961 οἰκῶν
2532 2911 2877 2980 ἀπρόσιτον·
2917 2912 3161 2983 διαφέρει
3190 2913 3249 2965 δὲ
3278 2913 3409 2966 πολὺ
3432 2911 3488 2962 τὸ
3514 2907 3656 2961 αὑτὸν
3675 2906 3722 2957 τὸ

2174 2997 2310 3053 εἶναι
2332 3017 2345 3030 ·
2381 3003 2474 3054 καὶ
2495 3002 2557 3055 τὸ
2590 3003 2646 3054 ἓν
2690 3020 2794 3055 τινι
2827 3003 3006 3071 λέγειν
3044 2998 3207 3055 εἶναι.
3251 3003 3310 3056 ’0
3339 3002 3445 3073 γὰρ
3476 2997 3628 3053 εἰπὼν
3657 2997 3720 3048 ὅτι

2175 3092 2289 3161 φῶς
2318 3094 2479 3146 οἰκῶν
2515 3095 2840 3165 ἀπρόσιτον,
2888 3098 2954 3166 τῇ
2995 3095 3094 3164 τῆς
3131 3095 3401 3164 οἰκήσεως
3443 3092 3613 3159 φωνῇ,
3639 3088 3721 3138 οὐκ

2251 3552 2390 3606 Ἀλλ’
2420 3555 2802 3624 ἑναγωνίζεται
2830 3557 2941 3618 τοῖς
2967 3555 3240 3626 ματαίοις,
3267 3555 3361 3609 καί
3385 3572 3538 3624 φησιν
3564 3570 3572 3580 ·
3613 3571 3628 3601 ι
3649 3549 3718 3612 Ἐξ

2170 3643 2352 3696 αὐτῶν
2378 3645 2486 3699 τῶν
2523 3647 2864 3716 πραγμάτων
2903 3647 2995 3699 καὶ
3033 3646 3142 3698 τῶν
3183 3645 3615 3715 πεπιστευμένων
3648 3642 3717 3691 λου

2169 3736 2305 3802 γίων
2326 3737 2632 3808 παρέχομαι
2663 3737 2771 3790 τῶν
2804 3737 3110 3807 λεγομένων
3144 3738 3246 3808 τὴν
3269 3739 3463 3791 πίστιν.
3492 3755 3508 3786 ι
3552 3735 3607 3787 Ἠ
3639 3731 3718 3802 μὲν

2169 3821 2262 3878 οὖν
2290 3825 2581 3896 ὑπόσχεσις
2617 3827 2786 3898 αὕτη·
2816 3829 2864 3880 εί
2913 3829 2969 3881 δὲ
3011 3829 3128 3882 κατ’
3157 3830 3316 3893 ἀξίαν
3349 3829 3453 3882 τῶν
3480 3822 3713 3895 ἐπηγγελ-

2175 3915 2349 3984 μένων
2382 3918 2612 3987 προέιγει
2638 3917 2730 3970 τὸν
2757 3917 2914 3984 λόγον
2938 3957 2952 3979 ,
2978 3919 3006 3970 ὁ
3032 3919 3255 3982 συνετὸς
3304 3919 3514 3980 πάντως
3547 3918 3715 3984 ἀκροα-

2170 4006 2271 4076 τὴς
2314 4008 2695 4078 ὲπισκοπήσει.
2744 4010 2796 4061 Ὀ
2845 4008 3174 4078 μακάριος,
3223 4013 3422 4078 φησὶν,
3476 4007 3715 4068 Ἰωάννης

2171 4101 2240 4153 ἐν
2290 4099 2448 4169 ἀρχῇ
2497 4097 2649 4155 εἶναι
2705 4101 2812 4154 τὸν
2855 4102 3048 4170 Λόγον
3099 4099 3342 4169 φήσας.
3385 4101 3479 4155 καὶ
3538 4098 3711 4151 τοῦτον·

499 4914 685 4969 nebris
719 4914 807 4966 lux
845 4932 968 4968 cum
1009 4925 1175 4978 esset,
1207 4917 1496 4971 contrariae
1549 4924 1758 4968 natura:
1793 4916 2070 4969 inaccessa

500 5002 1033 5062 ntansilzLuxenim
1065 5007 1120 5058 in
1153 5007 1399 5069 tenebris,
1434 5007 1631 5076 inquit,
1668 5006 1870 5070 illuxit,
1919 5017 1967 5060 et
1997 5018 2072 5060 te-

497 5097 671 5152 nebra:
702 5113 820 5150 eam
846 5113 948 5150 nou
977 5097 1468 5164 comprehenderunt
1487 5099 1551 5148 ".
1580 5095 1634 5150 Si
1661 5097 1826 5168 igitur
1851 5097 1904 5150 in
1937 5113 2071 5151 con-

499 5188 730 5246 trarium
766 5194 970 5241 mutata
1019 5194 1186 5251 esset,
1219 5195 1272 5241 et
1301 5202 1332 5240 a
1384 5187 1616 5256 caligine
1651 5188 1702 5240 in
1748 5196 2071 5257 potestatem

498 5284 716 5339 redacta
753 5280 969 5346 fuisset,
1007 5281 1096 5334 lux
1135 5293 1256 5350 quae
1286 5277 1388 5331 fuit
1431 5279 1485 5331 iu
1517 5277 1777 5343 tenebris,
1833 5279 2069 5334 validum

499 5383 648 5431 eSSet
680 5374 746 5428 ad
781 5373 1304 5431 demonstrationem
1345 5370 1654 5426 volentibus
1691 5371 2070 5428 demonstrare

1691 5555 1734 5586 “
1773 5554 1900 5610 ihid.
1937 5553 1990 5610 5.

583 5550 627 5579 ’°
662 5554 678 5608 l
713 5553 855 5613 Tim.
889 5574 963 5627 vi,
1004 5558 1086 5614 16.
1165 5557 1206 5592 ³⁸
1240 5555 1397 5614 Joan.
1445 5571 1481 5625 ι,
1530 5555 1612 5609 l-l.

2172 4925 2416 4992 τυρεῖται
2448 4923 2596 4990 παρά
2626 4920 2720 4972 ἐὖ
2750 4921 3078 4989 Εὑαγγελίου
3098 4961 3112 4984 ,
3141 4922 3220 4974 ὅτι
3251 4921 3346 4973 καὶ
3373 4921 3429 4972 ἐν
3457 4917 3528 4986 τῷ
3560 4912 3708 4966 σκότει

2172 5015 2460 5084 γενόμενον
2487 5052 2501 5076 ,
2535 5013 2829 5083 ἀπρόσιτον
2868 5013 3048 5082 ἔμεινε
3089 5015 3153 5083 τῇ
3187 5011 3401 5080 ἐναντίᾳ
3442 5007 3622 5077 φύσει·
3654 4995 3708 5050 Τὸ

2175 5103 2283 5174 γὰρ
2309 5103 2434 5172 φῶς
2478 5103 2548 5156 ἐν
2585 5100 2656 5170 τῆ
2685 5104 2932 5170 demta,
2985 5103 3186 5174 φησὶν,
3235 5102 3503 5170 ἔλαμψε,
3557 5091 3642 5147 και
3676 5085 3705 5144 ἡ

2173 5197 2388 5249 σκοτία
2417 5195 2561 5252 αὑτό
2599 5197 2671 5248 οὐ
2723 5195 3071 5249 κατέλαϐεν.
3099 5197 3161 5249 Εἰ
3210 5195 3312 5264 μὲν
3344 5189 3435 5246 οὖν
3475 5181 3705 5258 ἠλλοιὼοη

2174 5285 2311 5356 πρὸς
2337 5287 2400 5340 τὸ
2439 5286 2678 5340 ἐναντίον
2721 5288 2814 5340 καὶ
2846 5286 3200 5356 ἐδυναστεύθη
3243 5283 3321 5353 τῷ
3360 5283 3500 5351 ζόφῳ
3530 5278 3584 5328 τὸ
3613 5269 3703 5342 φῶς

2174 5379 2230 5430 ἐν
2259 5379 2324 5447 τῇ
2353 5377 2539 5448 σκοτίᾳ
2565 5378 2870 5450 γενόμενον.
2908 5378 3122 5450 ἰσχυρὸν
3157 5377 3220 5431 ἂν
3258 5371 3326 5446 ἦν
3354 5373 3483 5445 πρὸς
3520 5364 3703 5424 ἀποδει-
