4046 6150
396 317 500 377 897

1525 321 1804 378 CONTRA
1846 318 2237 392 EUNOMLUM,
2279 326 2406 383 LIB.
2438 329 2552 390 XII.

3539 341 3648 398 898

400 435 480 500 ξιν
508 433 617 498 τοῖς
663 431 1005 504 βουλομένοις
1033 434 1391 491 ἐπιδεικνύειν
1408 480 1421 499 ,
1467 436 1589 490 ὅσον
1616 439 1748 510 πρὸς
1776 438 1836 492 τδ
1867 440 1973 509 χεῖ-

2084 453 2336 514 quantum
2375 449 2430 502 in
2464 449 2706 507 deterius
2734 451 3012 509 denmtata
3058 463 3140 510 est
3174 453 3288 511 haec
3345 455 3439 511 lux
3487 460 3556 513 ab
3585 476 3650 515 ea

401 544 493 593 ρον
519 525 896 598 παρήλλακται
930 525 1085 578 τοῦτο
1114 528 1175 580 τὸ
1205 527 1320 595 φῶς
1349 528 1480 599 πρὸς
1521 530 1582 580 τὸ
1611 531 1667 581 ἐν
1691 531 1769 601 τῷ
1804 531 1977 601 Πατρὶ

399 615 794 686 θεωρούμενον.
826 617 890 668 Ei
920 615 977 668 δὲ
1028 617 1123 669 καὶ
1156 617 1185 668 6
1215 618 1384 685 Λόγος
1409 660 1423 682 ,
1474 619 1577 672 κᾶν
1620 620 1677 673 ἐν
1703 619 1863 690 σαρκὶ
1893 620 1977 688 γί-

397 725 545 783 νεται
570 748 584 766 .
622 708 790 774 Λόγος
823 707 1009 777 μένει,
1052 709 1144 760 καὶ
1177 708 1238 760 τὸ
1282 709 1416 776 φῶς,
1451 709 1552 762 κᾶν
1597 711 1653 762 ἐν
1689 714 1754 782 τῇ
1790 711 1974 782 σκοτίᾳ

409 798 594 868 λάμψῃ
620 836 633 856 ,
670 796 786 863 φῶς
819 795 968 849 οὐδὲν
991 791 1150 868 ἧττόν
1178 799 1312 859 ἐστι,
1344 798 1437 851 τοῦ
1468 799 1709 852 ἐναντίου
1737 799 1832 871 τὴν
1866 818 1978 853 κοι-

399 889 592 941 νωνίαν
622 888 680 938 οὐ
714 886 1160 957 προσδεχόμενον,
1189 889 1281 941 καὶ
1315 890 1346 958 ἡ
1383 888 1516 958 ζωὴ,
1543 891 1646 943 κᾶν
1675 891 1733 942 ἐν
1771 890 1849 961 τῷ
1885 891 1978 944 θα-

399 979 543 1047 νάτῳ
574 977 818 1047 γένηται,
845 978 902 1031 ἐν
931 978 1094 1048 ἑαυτῇ
1125 977 1451 1045 φυλάσσεται
1471 995 1485 1010 ’
1518 980 1612 1032 καὶ
1643 981 1670 1033 6
1694 979 1846 1044 Θεὸς,
1873 981 1976 1034 κάν

401 1069 500 1140 τὴν
531 1067 624 1121 τοῦ
672 1068 857 1120 δούλου
907 1068 1118 1139 μορφὴν
1150 1068 1387 1141 ὑπέλθῃ,
1418 1070 1517 1122 οὐκ
1561 1071 1722 1133 αὐτὸς
1768 1071 1976 1139 γίνεται

402 1162 586 1217 δοῦλος
607 1201 620 1222 ,
650 1161 763 1215 ἀλλ’
789 1162 864 1223 είς
906 1161 1197 1230 κυριότητα
1244 1163 1336 1214 καὶ
1369 1161 1645 1231 βασιλείαν
1683 1163 1974 1235 ἐξαιρεῖται

402 1254 465 1308 τὸ
486 1254 816 1324 ὑποχείριον,
843 1253 1048 1323 Κύριον
1078 1253 1170 1305 καὶ
1190 1253 1424 1320 Χριστὸν
1448 1253 1616 1306 ποιῶν
1643 1253 1703 1306 τὸ
1723 1255 1976 1308 ταπεινὸν

404 1349 498 1400 καὶ
529 1347 864 1417 ἀνθρώπινον
886 1357 899 1373 ·
923 1345 1037 1406 πῶς
1064 1344 1149 1398 διὰ
1182 1345 1371 1398 τούτου
1414 1346 1548 1416 πρὸς
1581 1345 1642 1398 τὸ
1673 1348 1852 1416 χεῖρον
1881 1345 1977 1417 τὴν

404 1438 756 1508 παραλλαγὴν
779 1435 872 1489 τοῦ
905 1435 1081 1505 φωτὸς
1107 1435 1467 1489 ἐπιδείκνυσιν
1492 1477 1506 1500 ,
1541 1438 1668 1500 ἴσως
1718 1437 1976 1507 ἐκατέρου

403 1531 466 1583 τὸ
504 1530 769 1600 ἄτρεπτον
798 1529 876 1592 εἰς
906 1527 1125 1592 κακίαν,
1158 1529 1249 1580 καὶ
1277 1528 1338 1580 τὸ
1363 1528 1714 1581 ἀναλλοίωτον
1743 1527 1975 1598 ἕχοντοςς

402 1623 534 1675 θύδέ
575 1621 747 1691 τούτῳ
777 1619 1094 1690 προσέχων,
1127 1619 1207 1671 ὅτι
1253 1620 1280 1672 6
1309 1619 1444 1692 πρὸς
1489 1617 1583 1672 τὸν
1630 1619 1977 1689 σαρκωθέντα

403 1713 578 1779 Λόγον
619 1708 772 1772 ἰδὼν,
822 1709 878 1773 ὃς
921 1703 988 1777 ἦν
1049 1708 1140 1760 καὶ
1173 1707 1318 1775 φῶς,
1369 1708 1461 1760 καὶ
1510 1707 1653 1779 ζωὴ,
1693 1709 1788 1761 καὶ
1824 1708 1976 1772 Θεός·

403 1805 620 1871 ἐπέγνω
656 1800 744 1853 διὰ
788 1800 886 1870 τῆς
919 1798 1176 1870 ὀφθείσης
1201 1798 1356 1868 6651];
1384 1798 1474 1851 τὸν
1504 1799 1722 1869 Πατέρα
1754 1799 1852 1869 τῆς
1889 1799 1976 1852 δό-

401 1896 531 1964 ξης,
568 1891 770 1952 εἰπὼν,
817 1889 1212 1959 Ἐθείισάμεθα
1243 1889 1358 1957 τὴν
1393 1889 1580 1954 δόξαν
1615 1891 1800 1946 αὑτοῦ
1823 1931 1837 1955 ,
1866 1889 1980 1944 δό-

401 1985 516 2049 ξαν
537 1983 619 2048 ὠς
648 1981 1027 2051 Μονογρνοῦς
1055 1981 1215 2049 παρὰ
1254 1983 1507 2049 Πατρός.

487 2073 628 2126 Ἀλλ’
657 2067 820 2142 ἦλθεν
851 2071 944 2124 ἐπὶ
970 2071 1060 2125 τὸν
1090 2071 1489 2140 ἀνταγώνιστον
1527 2073 1680 2141 λόγον
1700 2114 1714 2137 ,
1750 2072 1839 2126 τὸν
1873 2073 1978 2128 πά·

402 2165 492 2218 λαι
519 2163 621 2234 μὲν
654 2164 784 2233 ἡμῖν
814 2163 877 2214 ἐκ
921 2162 1019 2232 τῆς
1059 2162 1379 2227 ἀκολουθίας
1421 2163 1528 2216 τῶν
1557 2163 1857 2234 λεγομένων
1889 2181 1980 2216 πε-

403 2253 728 2325 φωραμένον
752 2295 766 2318 ,
809 2253 902 2306 νῦν
942 2253 997 2306 δέ
1025 2255 1201 2324 γυμνῇ
1230 2256 1296 2322 τῇ
1349 2256 1498 2324 φωνῇ
1531 2256 1933 2325 προφερόμενον
1963 2277 1976 2287 ·

403 2347 652 2419 βούλεται
695 2346 802 2416 γάρ
839 2344 1059 2416 ἐμπαθῆ
1091 2362 1212 2397 τινα
1261 2346 1354 2398 καὶ
1393 2345 1651 2416 ἐπίκηρον
1700 2349 1792 2400 καὶ
1832 2349 1980 2402 οὐδὲν

401 2443 501 2510 τῆς
528 2439 715 2510 ὑλικῆς
746 2439 838 2490 καὶ
875 2437 1104 2508 ροὼδους
1151 2437 1360 2506 φύσεως
1388 2437 1748 2510 διαφέρουσαν
1779 2439 1978 2492 ἐπιδεῖ-

405 2534 491 2598 ξαι
521 2530 616 2584 τοῦ
653 2528 780 2582 Υίοῦ
809 2528 906 2598 τὴν
933 2528 1151 2594 οὐσίαν,
1183 2528 1257 2591 ὡς
1283 2527 1346 2580 ἂν
1378 2527 1466 2581 διὰ
1503 2528 1690 2582 τούτου
1723 2530 1820 2601 τὴν
1846 2531 1979 2601 πρὸς

404 2624 495 2677 τὸν
534 2621 755 2693 Πατέρα
784 2618 1048 2689 διαφοράν
1095 2616 1446 2682 ἀποδείξειεν.
1475 2620 1612 2690 Φησὶ
1640 2622 1768 2694 γὰρ,
1788 2619 1850 2672 Et
1885 2623 1981 2692 μὲν

406 2714 518 2783 ἔχει
542 2713 812 2766 δεικνύναι
834 2712 924 2765 καὶ
952 2712 1040 2764 τὸν
1071 2711 1165 2762 ἐπὶ
1197 2711 1412 2764 πάντων
1440 2711 1590 2774 Θεὸν,
1623 2710 1812 2784 ὧσπερ
1835 2714 1981 2767 ἐστιν

409 2804 698 2876 ἀπρόσιτον
753 2804 866 2874 φῶς
922 2806 976 2855 ἐν
1036 2803 1199 2872 σαρκὶ
1261 2802 1580 2872 γενόμενον,
1641 2803 1674 2874 ἢ
1733 2804 1982 2872 γενέσθαι

413 2895 750 2964 δυνάμενον,
820 2895 924 2946 ὑπ’
975 2893 1218 2958 ἐξουσίαν
1285 2893 1456 2946 ἐλθεῖν
1487 2932 1501 2954 ,
1572 2894 1982 2965 προστάγμασιν

415 2983 735 3044 ὑπακοῦσαι,
782 2985 965 3054 νόμοις
997 2982 1353 3053 ἀνθρωπίνοις
1395 2982 1788 3045 πολιτεύεσθαι,
1821 3001 1982 3037 σταυ-

2077 549 2197 601 quae
2233 536 2285 590 in
2316 536 2476 593 Patre
2504 529 3098 610 consideratuertmd
3131 547 3175 600 si
3212 547 3446 601 Verbum
3477 551 3644 604 etiam

2078 623 2130 678 in
2162 641 2326 682 carne
2358 629 2584 697 factum,
2613 631 2850 687 Verbum
2883 645 3087 699 manet,
3123 645 3177 690 et
3205 638 3293 690 lux
3332 639 3546 694 etiamsi
3590 639 3647 693 in

2078 720 2318 774 tenebris
2348 722 2545 781 luceat.
2575 725 2929 783 nihilominus
2957 728 3046 782 lux
3077 737 3185 794 est,
3203 731 3462 785 contrarii
3494 746 3647 785 com-

2078 812 2388 867 munionem
2451 831 2560 870 non
2620 817 2951 882 admittens;
2997 831 3050 872 et
3111 822 3218 875 vita
3278 823 3528 890 quamvis
3590 823 3645 878 in

2079 909 2252 955 morte
2284 902 2466 966 fuerit,
2520 905 2574 960 in
2616 907 2796 976 seipsa
2828 919 3219 978 Conservatur;
3274 920 3327 965 et
3370 911 3512 968 Deus
3543 915 3646 969 etsi

2077 992 2218 1046 servi
2255 991 2482 1048 formam
2517 995 2714 1057 induit,
2748 1013 2856 1052 non
2886 999 3002 1069 ipse
3034 1018 3225 1058 servus
3279 1003 3529 1068 eﬂicitur,
3550 1006 3644 1061 sed

2079 1081 2145 1133 ad
2167 1082 2594 1141 dominationem
2616 1097 2906 1167 etregnum
2927 1094 3139 1148 extollit
3162 1097 3305 1164 quod
3329 1097 3643 1168 subjicitur.

2059 1170 2366 1250 Dominum
2401 1182 2456 1229 et
2481 1175 2760 1234 Christum
2789 1179 2993 1237 faciens
3021 1184 3164 1252 quod
3204 1185 3408 1241 humile
3442 1197 3496 1242 et
3543 1189 3646 1242 hu-

2079 1279 2298 1318 manum
2335 1276 2418 1322 est
2445 1285 2458 1320 :
2489 1270 2764 1336 quomodo
2798 1272 2899 1327 iste
2949 1275 3005 1328 in
3044 1275 3287 1330 deterius
3330 1277 3507 1332 lucem
3547 1280 3649 1333 im-

2080 1364 2342 1409 mutatam
2372 1371 2495 1413 esse
2525 1358 2885 1428 demonstrat,
2931 1378 3055 1418 cum
3087 1373 3317 1436 utraque
3349 1383 3448 1422 nec
3477 1370 3531 1422 in
3567 1371 3647 1423 vi-

2079 1447 2214 1500 tium
2251 1450 2385 1504 verti
2421 1465 2522 1505 nec
2555 1451 2829 1508 immutari
2878 1457 3091 1526 possit?
3121 1458 3254 1512 Cum
3309 1475 3488 1529 neque
3543 1461 3647 1515 hoc

2081 1541 2497 1606 animadvertat,
2556 1545 2685 1614 quia
2743 1548 2836 1615 qui
2890 1548 3233 1604 incarnatum
3283 1549 3523 1606 Verbum
3565 1553 3651 1607 in-

2082 1631 2253 1685 tuitus
2283 1642 2387 1695 est,
2421 1635 2512 1703 qui
2543 1644 2660 1689 erat
2692 1645 2745 1691 et
2786 1638 2897 1701 lux,
2929 1647 2980 1694 et
3002 1640 3131 1704 vita,
3165 1649 3219 1695 et
3251 1640 3415 1704 Deus,
3446 1658 3648 1714 cogno-

2083 1722 2158 1775 vit
2185 1739 2279 1792 per
2310 1725 2539 1794 gloriam
2579 1743 2700 1798 qua:
2732 1729 2849 1785 visa
2879 1740 2985 1794 est,
3036 1731 3250 1786 Patrem
3281 1733 3486 1804 gloriae,
3523 1749 3647 1789 cum

2082 1814 2247 1870 dixit:
2287 1816 2524 1872 Vidimus
2553 1819 2780 1888 gloriam
2817 1821 2952 1890 ejus,
3012 1820 3240 1892 gloriam
3297 1823 3454 1893 quasi
3514 1821 3645 1878 Uni-

2079 1908 2242 1978 geniti
2276 1924 2308 1962 ιι
2342 1907 2504 1964 Patre
2536 1911 2602 1962 ".

2151 2083 2257 2142 Sed
2297 2085 2443 2140 venit
2497 2085 2565 2140 ad
2621 2084 2996 2141 reiraetarium
3051 2094 3104 2140 et
3160 2085 3648 2138 contraluctantem

2082 2193 2385 2232 sermonem
2425 2191 2455 2230 a
2507 2177 2664 2232 nobis
2699 2176 2904 2247 pridem
2940 2192 3005 2231 ex
3039 2175 3432 2246 consequentia
3475 2175 3651 2229 dicto-

2083 2286 2200 2323 rum
2231 2269 2650 2338 drprehensum,
2701 2283 2848 2322 nunc
2899 2276 3080 2322 autem
3131 2266 3274 2321 nuda
3307 2282 3439 2323 voce
3474 2267 3652 2337 prola-

2083 2370 2234 2424 tum;
2282 2360 2395 2414 vult
2435 2360 2578 2413 enim
2632 2358 2924 2428 quamdam
2979 2358 3262 2412 affectibus
3316 2359 3533 2427 plenam
3594 2364 3650 2410 et

2084 2453 2242 2503 morti
2293 2450 2584 2503 obnoxiam
2637 2465 2666 2504 a
2719 2449 2984 2503 materiali
3043 2457 3099 2503 et
3138 2448 3281 2506 ﬂuxa
3317 2458 3509 2501 natura
3546 2447 3635 2501 Ini-

2083 2542 2227 2596 nime
2261 2539 2596 2595 dill‘erentem
2647 2539 2766 2594 Filii
2813 2540 3108 2595 essentiam
3157 2540 3560 2603 demonstrare,
3592 2549 3649 2591 ut

2083 2646 2178 2700 per
2200 2629 2302 2684 hoc
2328 2644 2452 2684 cum
2483 2627 2643 2684 Patre
2667 2627 3024 2683 differentiam
3043 2627 3316 2682 ostendat.
3356 2627 3445 2682 Ait
3470 2628 3642 2692 enim,

2078 2717 2360 2788 Siquidem
2382 2727 2562 2788 potest
2581 2720 2955 2774 demonstrare
2985 2725 3038 2772 et
3069 2718 3233 2772 Deum
3259 2718 3346 2786 qui
3371 2727 3454 2772 est
3489 2733 3653 2786 super

2082 2811 2288 2876 omnia,
2316 2817 2376 2863 ut
2406 2817 2490 2864 est
2520 2811 2608 2864 lux
2653 2809 2953 2869 inaccessa,
3007 2809 3058 2861 in
3093 2823 3257 2862 carne
3295 2806 3501 2862 factum
3531 2823 3654 2862 esse

2087 2905 2167 2958 vel
2203 2903 2315 2958 ﬁeri
2353 2917 2532 2972 posse,
2564 2901 2666 2955 sub
2693 2908 3014 2970 potestatem
3056 2899 3295 2970 venisse,
3325 2907 3377 2952 et
3409 2898 3654 2964 imperiis

2084 2995 2376 3056 obediisse.
2439 2995 2647 3064 legibus
2713 2993 2965 3047 humanis
3010 2991 3275 3061 paruisse,
3313 3005 3527 3045 crucem
3563 2997 3647 3042 tu-

378 3077 505 3150 ¹ρδν
560 3079 798 3146 ἐνεγκεῖν
831 3117 844 3140 ,
911 3075 1028 3130 ἴσον
1086 3075 1291 3144 λεγέτω
1365 3076 1442 3146 τῷ
1499 3077 1638 3145 φωτὶ
1704 3077 1766 3129 τὺ
1845 3078 1977 3148 φῶς.

2086 3085 2246 3140 lisse:
2295 3085 2554 3153 aequalem
2605 3082 2752 3137 dicat
2795 3083 2902 3136 luci
2947 3082 3141 3135 lucem.
3183 3081 3238 3133 Si
3271 3082 3382 3134 ha‘c
3422 3095 3450 3133 a
3496 3081 3654 3134 nobis

409 3167 471 3218 El
511 3165 681 3220 ταῦτα
715 3167 840 3236 παρ’
879 3167 1033 3236 ἡμῶν
1081 3165 1412 3236 προεφέρετο
1453 3167 1540 3218 διὰ
1589 3168 1696 3218 τῶν
1756 3185 1983 3237 προκατ-

408 3258 826 3329 εσκευασμένων
895 3259 1034 3312 κατὰ
1087 3259 1146 3310 τὸ
1196 3257 1482 3311 ἀκόλουθον
1524 3259 1939 3328 ἐξευρισκόντων
1967 3300 1981 3320 ,

411 3349 487 3419 μὴ
515 3348 1048 3419 συμμαρτυρούμενα
1079 3351 1195 3412 ταῖς
1235 3349 1444 3400 ἐκείνου
1490 3353 1692 3419 φωναῖς
1714 3367 1726 3378 ·
1755 3351 1838 3412 τίς
1885 3351 1985 3404 οὐκ

409 3441 476 3494 ἀν
530 3442 674 3510 ἡμᾶς
727 3443 1080 3508 συκοφαντεῖν
1118 3440 1410 3510 ᾐτιάσατο,
1450 3442 1524 3504 ὡς
1581 3441 1827 3514 περινοίᾳ
1879 3445 1984 3494 τινὶ

405 3533 581 3600 λόγων
639 3535 773 3604 πρὸς
826 3536 924 3604 τὴν
977 3533 1204 3586 ἀτοπίαν
1266 3534 1468 3603 ταύτην
1533 3534 1594 3587 τὸ
1645 3534 1817 3606 δόγμα
1877 3535 1983 3588 τῶν

408 3626 740 3681 ὖπεναντίων
769 3626 1124 3688 ἐκϐάλλοντας
1149 3643 1164 3690 ;
1186 3626 1323 3679 Νυνὶ
1347 3625 1403 3678 δέ
1429 3627 1719 3698 συνηγορία
1737 3628 1819 3691 τίς
1847 3629 1981 3694 ἐστι,

404 3717 499 3770 τοῦ
527 3717 998 3788 πεφροντισμένως
1024 3718 1053 3786 ἡ
1063 3719 1169 3786 μᾶς
1193 3717 1329 3787 μετά
1352 3718 1448 3784 τῆς
1470 3717 1722 3788 ἀληθείας
1744 3718 1984 3772 εὐθύνειν

407 3811 498 3863 τὸν
532 3811 628 3880 τῆς
657 3809 921 3879 αἱρέσεως
949 3809 1126 3876 λόγον,
1154 3808 1214 3860 τὸ
1245 3807 1377 3878 μηδέ
1409 3811 1533 3880 παρ’
1561 3808 1740 3862 αὐτῶν
1764 3809 1984 3863 ἐκείνων

405 3901 506 3972 τὴν
541 3900 679 3954 κατά
708 3901 770 3952 τὸ
806 3899 1095 3952 ἀκόλουθον
1129 3901 1564 3969 ἁναφαινομένην
1589 3900 1818 3954 ἀτοπίαν
1854 3917 1984 3953 σιω-

412 3991 668 4062 πηθῆναι.
707 3990 834 4045 Ἰδοὺ
858 3989 967 4060 γάρ
998 3989 1112 4053 πῶς
1138 3990 1598 4060 άπαρακάλυπτός
1621 3992 1735 4043 ἐστι
1763 3991 1855 4044 καὶ
1889 4010 1984 4044 πε-

411 4083 932 4156 παρρησιασμένηὴ
974 4081 1113 4135 κατά
1155 4080 1249 4134 τοῦ
1299 4080 1616 4151 μονογενοῦς
1646 4081 1777 4135 Θεοῦ
1814 4083 1981 4154 μάχη·

411 4175 505 4228 ml.
534 4173 592 4225 τὸ
636 4175 775 4226 κατά
815 4172 1222 4242 φιλανθρωπίαν
1258 4171 1415 4243 ἔργον
1462 4171 1680 4244 διαϐολὴ
1725 4173 1818 4226 καὶ
1857 4191 1986 4228 κατ-

411 4266 609 4336 ηγορία
652 4265 749 4334 τῆς
797 4263 890 4316 τοῦ
945 4261 1075 4316 Υἱοῦ
1108 4263 1199 4316 τοῦ
1244 4262 1374 4316 Θεοῦ
1429 4263 1642 4332 φύσεως
1685 4264 1837 4335 παρά
1878 4265 1985 4317 τῶν

415 4357 626 4427 ἐχθρῶν
658 4353 946 4425 ἐνομίσθη,
995 4354 1069 4418 ὡς
1103 4354 1224 4424 οὐχὶ
1267 4353 1659 4424 προνοητικῶς,
1708 4353 1842 4408 ἀλλὰ
1887 4373 1986 4426 φυ-

2086 3174 2480 3246 prol‘errentur,
2515 3180 2703 3242 utpote
2733 3188 2828 3240 per
2890 3187 2952 3226 ea
2984 3187 3106 3240 quac
3145 3171 3299 3241 prius
3331 3178 3654 3241 praestructa

2087 3268 2304 3321 fuerunt
2332 3281 2395 3320 ex
2425 3265 2814 3319 consecutione
2843 3264 3302 3333 excogitantibus,
3349 3279 3457 3317 non
3507 3261 3654 3315 illitis

2087 3359 2310 3412 vocibus
2373 3357 2814 3421 consentientia,
2870 3357 2992 3426 quis
3052 3369 3151 3410 nos
3196 3370 3304 3408 non
3370 3363 3655 3423 accusaret

2083 3449 2371 3503 calumniis
2432 3449 2725 3516 impetere,
2782 3454 2836 3501 et
2893 3447 3184 3502 verborum
3248 3446 3482 3514 quadam
3557 3460 3649 3500 so-

2084 3533 2239 3589 lertia
2262 3544 2314 3588 et
2345 3533 2494 3588 vafra
2517 3535 2972 3588 commentatione
2999 3534 3062 3588 ad
3092 3534 3234 3588 hanc
3257 3535 3651 3588 absurditatem

2085 3625 2520 3680 adversariorum
2540 3624 2734 3694 dogma
2748 3624 3077 3695 propellere?
3106 3623 3260 3678 Nunc
3279 3631 3458 3679 autem
3476 3635 3656 3694 patro—

2086 3715 2290 3769 cinium
2332 3715 2605 3786 quoddam
2651 3723 2753 3778 est,
2785 3715 2930 3785 quod
2965 3716 3264 3785 prudenter
3313 3723 3367 3770 et
3416 3714 3656 3768 sollicite

2088 3820 2188 3859 nos
2234 3821 2358 3858 cum
2395 3805 2620 3857 veritate
2654 3804 2922 3858 haereseos
2957 3820 3262 3859 sermonem
3309 3805 3654 3873 corrigimus,

2087 3895 2231 3967 quod
2254 3909 2428 3964 neque
2456 3894 2524 3948 ab
2556 3894 2662 3948 illis
2695 3893 2828 3962 ipsis
2871 3909 2990 3963 quae
3022 3910 3086 3949 ex
3114 3897 3467 3963 consequenti
3491 3910 3656 3964 appa-

2088 3999 2166 4043 ret
2209 3988 2522 4043 absurditas
2562 3986 2779 4041 silentio
2815 3987 3140 4039 involvatur.
3185 3985 3481 4040 Ecceenim
3518 4002 3653 4056 quo-

2088 4081 2248 4136 modo
2276 4087 2459 4150 aperta
2489 4086 2572 4133 est
2601 4086 2655 4132 et
2697 4077 2865 4131 libera
2912 4084 3101 4130 contra
3125 4077 3462 4145 unigenitum
3487 4076 3652 4131 Deum

2088 4185 2287 4241 pugna.
2313 4167 2472 4240 Opus
2502 4167 2797 4236 quinetiam
2831 4165 2974 4234 quod
3016 4182 3112 4235 pro
3141 4180 3239 4220 sua
3275 4167 3326 4218 in
3357 4181 3528 4235 genus
3555 4167 3655 4218 hu-

2089 4277 2310 4315 manum
2383 4259 2762 4314 benevolentia
2806 4255 3138 4326 Redemptor
3190 4255 3522 4323 adimpievit,
3597 4256 3651 4309 in

2090 4351 2416 4408 calumniam
2444 4358 2497 4404 et
2530 4349 2858 4419 vituperium
2890 4357 3098 4400 natura:
3144 4344 3264 4398 Filii
3303 4345 3394 4400 Dei
3426 4346 3494 4398 ab
3545 4346 3654 4398 ini-

414 4447 583 4510 σικῶς
622 4445 782 4499 αὑτοῦ
831 4446 965 4516 πρὸς
1005 4445 1096 4497 τὸν
1134 4447 1190 4496 ἐν
1239 4446 1400 4516 σαρκὶ
1443 4445 1591 4515 βίον,
1637 4449 1731 4500 καὶ⁷
1780 4447 1840 4499 τὸ
1888 4447 1981 4500 τοῦ

2093 4443 2247 4498 micis
2275 4443 2539 4497 vertitur:
2567 4442 2723 4510 quasi
2753 4456 2860 4493 non
2907 4455 2974 4494 ex
3021 4453 3117 4492 sua
3158 4436 3518 4508 providentia,
3560 4439 3656 4494 sed

413 4536 649 4608 σταυροῦ
685 4536 854 4599 πάθος
886 4535 1390 4605 κατολισθήσαντος.
1447 4538 1554 4589 Καὶ
1600 4536 1786 4608 ὥσπερ
1826 4537 1985 4606 φύσις

411 4631 530 4683 ἐστὶ
558 4627 635 4699 τῷ
656 4627 791 4698 λίθῳ
823 4626 856 4696 ἡ
892 4627 984 4679 ἐπὶ
1028 4625 1088 4678 τὸ
1113 4625 1264 4678 κάτω
1307 4626 1479 4696 φορὰ,
1529 4628 1621 4680 καὶ
1661 4628 1737 4699 τῷ
1768 4630 1900 4700 πυρὶ
1927 4631 1986 4682 τὸ

411 4720 680 4791 ἔμπαλιν,
746 4721 840 4772 καὶ
885 4718 984 4770 οὐκ
1030 4717 1629 4787 ἀντιμεταλαμϐάνουσι
1681 4721 1779 4782 τὰς
1826 4720 1987 4792 ἀλλήο

411 4814 520 4866 λων
549 4811 813 4880 ἰδιότητας
845 4810 900 4862 αί
947 4807 1099 4870 ὕλαι,
1138 4808 1277 4860 ὥστε
1316 4809 1568 4880 ἀνωφερῆ
1607 4810 1703 4880 μὲν
1732 4807 1870 4864 εἶναι
1895 4812 1986 4866 τὸν

412 4902 579 4964 λίθον,
614 4901 816 4972 βρίθειν
841 4899 898 4952 δὲ
930 4898 991 4952 τὸ
1019 4899 1128 4970 πῦρ
1152 4899 1244 4952 ἐπὶ
1278 4898 1341 4951 τὸ
1377 4899 1527 4951 κάτω
1549 4901 1872 4972 φερόμενον·
1905 4901 1989 4955 οὖ.

411 5012 520 5056 τως
562 4991 1049 5055 κατασκευάζουσι,
1105 4992 1170 5060 τῇ
1217 4990 1313 5059 μὲν
1361 4989 1453 5042 τοῦ
1485 4990 1612 5044 Υίοῦ
1658 4993 1814 5061 φύσει
1858 5010 1983 5047 συν-

409 5083 742 5136 οικειοῦσθαι
776 5081 844 5135 τὰ
871 5081 1040 5151 πάθη,
1073 5081 1166 5133 καὶ
1192 5081 1279 5133 διὰ
1309 5080 1463 5132 τοῦτο
1485 5085 1618 5152 πρὸς
1642 5083 1703 5134 τὸ
1733 5083 1989 5150 συγγενὲς

413 5175 579 5244 ἐαυτῇ
605 5174 695 5225 καὶ
716 5173 909 5224 οίκεῖον
943 5171 1114 5224 ἐλθεῖν
1131 5188 1142 5200 ·
1170 5172 1267 5240 τὴν
1291 5169 1453 5222 δέτοῦ
1470 5171 1677 5241 Πατρὸς
1701 5173 1987 5242 ἐλευθέραν

412 5260 580 5314 οὖσαν
607 5261 714 5312 τῶν
742 5260 996 5312 τοιούτων
1029 5258 1235 5325 παθῶν,
1287 5261 1577 5328 ἀπρόσιτον
1611 5258 1746 5314 εἶναι
1775 5264 1841 5332 τῇ
1878 5262 1986 5314 τῶν

410 5352 600 5405 κικῶν
627 5351 918 5422 προσϐολῇ.
953 5352 1091 5422 Φησὶ
1119 5351 1225 5421 γὰρ
1252 5351 1341 5402 τὸν
1367 5354 1457 5403 ἐπὶ
1486 5351 1701 5403 πάντων
1721 5350 1869 5408 Θεὸν.
1898 5352 1987 5403 ὃσ-

413 5463 522 5514 περ
546 5447 691 5497 ἐστὶν
718 5447 1010 5516 ἀπρόσιτον
1041 5445 1174 5513 φῶς,
1216 5448 1350 5514 μήτε
1383 5445 1668 5514 γενόμενον
1705 5447 1761 5498 ἐν
1802 5446 1985 5516 σαρκὶ,

417 5541 557 5610 μήτε
583 5538 832 5607 γενέσθαι
859 5538 1152 5609 δυνάμενον
1173 5557 1184 5568 ·
1222 5542 1380 5610 ἤρκει
1411 5538 1468 5592 τὸ
1499 5540 1760 5610 πρότερον
1785 5539 1892 5594 τῶν
1915 5543 1989 5593 εἰ·

492 5714 537 5747 "
563 5709 718 5768 Joan.
759 5728 798 5774 ι,
826 5710 913 5768 Ν.

2090 4534 2323 4589 naturali
2357 4533 2590 4604 quadam
2629 4532 2992 4601 propensione
3021 4531 3075 4584 in
3119 4531 3285 4582 vitam
3334 4545 3654 4598 corpoream

2087 4637 2140 4682 ct
2160 4627 2342 4680 crucis
2393 4625 2704 4694 passionem
2749 4623 3003 4691 delapsus
3047 4622 3136 4675 sit.
3191 4621 3255 4674 Et
3304 4621 3658 4689 quemadmo-

2087 4719 2214 4772 dum
2249 4718 2499 4772 naturale
2530 4723 2612 4770 est
2647 4715 2809 4783 lapidi
2839 4721 2895 4766 ut
2919 4713 3176 4767 deorsum
3213 4713 3392 4774 cadat,
3450 4721 3504 4767 et
3545 4712 3653 4783 igni

2088 4819 2278 4864 contra
2314 4817 2373 4863 ut
2397 4824 2616 4864 sursum
2653 4805 2889 4866 feratur,
2936 4820 3036 4858 nec
3081 4803 3320 4857 materiae
3354 4805 3658 4873 proprieta-

2091 4912 2174 4957 tes
2219 4905 2357 4955 inter
2410 4916 2467 4954 se
2509 4899 2563 4953 in
2616 4899 2950 4954 contrariqu
3002 4903 3250 4957 mutant,
3316 4895 3389 4948 ita
3415 4903 3472 4949 ut
3523 4896 3661 4964 lapis

2092 5010 2308 5049 sursum
2339 4992 2566 5057 feratur,
2597 5001 2650 5046 et
2698 4989 2838 5059 ignis
2863 4990 3128 5059 gravitate
3176 4989 3431 5043 deorsum
3480 4987 3662 5056 depri-

2096 5095 2279 5136 matur
2316 5103 2327 5138 :
2363 5085 2444 5137 sic
2469 5090 2824 5152 pra'struunt,
2851 5095 2972 5135 cum
3012 5078 3129 5132 Filii
3162 5087 3352 5132 natura
3378 5077 3659 5146 passiones

2092 5176 2259 5236 coire,
2302 5183 2354 5228 et
2385 5181 2604 5244 propter
2632 5173 2734 5226 hoc
2760 5173 2824 5225 ad
2857 5181 3144 5241 cognatum
3177 5169 3385 5236 sihiipsi
3426 5175 3478 5219 et
3502 5164 3658 5219 fami-

2095 5269 2228 5321 liare
2267 5269 2447 5321 venire
2476 5283 2502 5333 :_
2519 5264 2698 5319 Patris
2727 5279 2854 5318 vero
2892 5273 3161 5320 naturam,
3210 5273 3331 5312 cum
3363 5257 3431 5308 ah
3460 5255 3655 5324 hujus-

2097 5356 2242 5411 modi
2293 5355 2642 5427 passionibus
2691 5354 2762 5408 sit
2812 5353 3003 5411 libera,
3051 5349 3313 5401 malorum
3366 5346 3659 5414 appropin-

2095 5447 2338 5517 quationi
2372 5447 2724 5500 inaccessam.
2758 5441 2893 5493 Dicit
2919 5439 3060 5492 enim
3085 5437 3248 5490 Deum
3282 5435 3371 5503 qui
3397 5444 3478 5489 cst
3499 5451 3662 5505 super

2097 5537 2300 5602 munia,
2335 5537 2426 5606 qui
2461 5534 2677 5604 quidem
2739 5541 2824 5585 est
2881 5529 2970 5582 lux
3035 5527 3335 5591 inaccessa,
3372 5541 3546 5596 nequc
3581 5525 3660 5580 fa-
