4054 6152
504 387 610 444 899

1746 375 1802 433 S.
1846 377 2170 435 GRECOR"
2205 378 2499 438 NYSSENI
3627 375 3714 432 900

505 513 653 556 ctum
688 499 741 553 in
772 510 956 562 carne,
993 510 1168 566 neque
1200 494 1312 550 ﬁeri
1345 510 1536 565 posse:
1575 497 1720 568 quod
1756 497 1909 567 prius
1950 496 2057 549 dic-

2192 494 2424 563 νημένων
2452 493 2622 546 εἰπεῖν
2650 505 2663 518 °
2716 490 2796 544 δτι
2835 491 2862 543 6
2897 489 3083 561 Πατὴρ
3109 489 3209 542 ούκ
3233 491 3288 543 ὲν
3321 491 3480 561 σαρκὶ
3507 492 3712 559 ἐγένετο.

506 599 618 644 tum
655 587 780 649 fuit,
835 590 970 642 satis
1013 597 1132 642 erat
1183 586 1406 650 dixisse,
1454 588 1598 656 quod
1642 587 1798 641 Pater
1859 601 1966 639 non
2022 586 2076 638 in

505 694 670 733 carne
699 679 876 733 factus
907 685 1027 744 est;
1071 691 1218 731 nunc
1251 685 1431 730 autem
1467 677 1664 746 duplex
1701 675 1945 746 quadam
1995 683 2074 728 est

509 786 602 841 per
633 770 992 841 adjectionem
1021 769 1244 822 absurdi
1285 769 1576 822 astructio.
1631 767 1727 824 Vel
1753 767 1899 823 enim
1960 765 2076 819 Filii

507 871 727 918 accusat
779 863 994 924 vilium,
1033 861 1114 916 vel
1166 860 1345 915 Patris
1383 859 1783 929 impotentiam.
1839 859 1895 912 Si
1933 860 2076 912 enim

507 955 705 1008 malum
738 962 818 1008 est
849 953 1030 1008 carnis
1087 952 1424 1010 communio,
1457 951 1736 1021 unigenito
1756 950 1863 1004 Deo
1891 950 2077 1002 vitium

507 1046 767 1116 assignat;
813 1045 856 1098 si
891 1059 1020 1097 vero
1047 1043 1248 1098 bonum
1296 1052 1402 1104 est,
1438 1043 1552 1096 inec
1581 1043 1634 1095 in
1674 1057 1844 1110 genus
1885 1042 2078 1094 buma-

509 1151 636 1188 num
684 1134 1057 1189 benevolentia
1099 1131 1315 1187 Patrem
1358 1133 1425 1186 ad
1475 1134 1674 1186 bonum
1728 1133 2078 1201 impotentem

506 1242 628 1280 esse
664 1225 922 1289 ostendit,
955 1223 1143 1278 dicens
1172 1226 1348 1293 ipsum
1384 1237 1491 1278 non
1543 1224 1788 1293 potuisse
1843 1238 1938 1292 per
1961 1238 2080 1276 car-

510 1333 632 1370 nem
683 1317 846 1369 talem
878 1315 1108 1385 gratiam
1145 1315 1380 1383 operari.
1451 1315 1517 1367 At
1561 1315 1685 1383 quis
1717 1315 1957 1367 omnium
1989 1327 2082 1367 ne-

509 1409 635 1472 scit,
681 1407 822 1475 quod
859 1405 1006 1460 Sicut
1037 1405 1197 1460 Pater
1229 1407 1475 1475 vivi/ient,
1517 1408 1592 1459 sic
1635 1415 1686 1459 et
1727 1404 1905 1458 Filius
1949 1420 2080 1474 quos

510 1499 617 1554 ruit
652 1500 879 1568 virifzcat
909 1497 997 1550 ”?
1051 1514 1148 1552 nos
1189 1497 1438 1553 videlicet.
1469 1507 1710 1551 mortuos
1742 1496 1929 1550 dicens
1987 1496 2080 1564 qui

512 1607 539 1644 a
575 1606 700 1644 vera
741 1591 850 1643 vita
894 1590 1214 1645 excidimus.
1276 1589 1332 1643 Si
1387 1590 1553 1659 igitur
1615 1589 2074 1659 quemadmodum

513 1683 670 1736 Pater
702 1683 954 1744 vivilicat,
994 1682 1074 1736 sic
1120 1698 1227 1735 non
1260 1682 1418 1736 aliter
1451 1681 1620 1735 Filius
1669 1680 1913 1734 eamdem
1953 1693 2082 1749 ope—

511 1784 663 1830 ratur
686 1776 932 1845 gratiam,
968 1773 1240 1843 quomodo
1279 1772 1388 1827 Deo
1419 1773 1633 1827 rebellis
1665 1782 1720 1827 ct
1753 1787 1966 1842 pugnax
1985 1770 2080 1823 ad-

2179 585 2314 637 Νυνὶ
2337 585 2391 637 δὲ
2409 583 2566 654 διπλῆ
2585 583 2666 646 τίς
2681 584 2796 634 ἐστι
2817 583 2903 634 διὰ
2931 582 3030 651 τῆς
3047 581 3361 652 προσθήκης
3380 586 3412 652 ἡ
3432 583 3521 635 τοῦ
3541 585 3714 638 ἀτόπου

2178 677 2510 745 κατασκευή.
2522 675 2590 726 Ἢ
2604 673 2712 744 γάρ
2724 672 2950 726 τοῦΥίοῦ
2965 676 3258 742 κατηγορεῖ
3271 673 3520 743 κακίανή
3533 673 3616 726 τοῦ
3631 677 3720 728 Πα-

2178 766 2300 836 τρὸς
2327 765 2638 834 ἀδυναμίαν.
2675 765 2736 816 Ei
2764 765 2861 834 μὲν
2884 764 2991 834 γὰρ
3021 764 3188 815 κακὸν
3224 763 3374 834 ητῆς
3405 765 3595 834 σαρκὸς
3621 785 3718 819 κοι-

2179 854 2454 925 νωνία,τῷ
2473 853 2876 925 μονογενεῖθεῷ
2898 857 3310 924 προσμαρτυρεῖ
3329 855 3426 924 τὴν
3449 855 3630 908 κακίαν
3649 875 3658 884 ·
3679 860 3720 909 εί

2179 947 2234 998 δὲ
2256 946 2455 1014 ἀγαθὸν
2475 949 2506 1017 ἡ
2534 945 2927 1016 φιλανθρωπία,
2947 945 3202 998 ἀδύνατον
3223 948 3300 1008 είς
3327 945 3385 998 τὸ
3405 945 3594 1013 ἀγαθὸν
3613 947 3724 1000 ἀπο-

2179 1036 2420 1090 δείκνυσι
2445 1037 2534 1089 τὸν
2569 1035 2810 1106 Πατέρα,
2852 1035 3023 1102 λέγων
3074 1036 3148 1107 μὴ
3183 1036 3247 1088 ἂν
3275 1036 3437 1089 αὐτὸν
3461 1036 3723 1108 δυνηθῆναι

2178 1129 2275 1198 τὴν
2298 1129 2549 1198 τοιαύτην
2572 1127 2728 1199 χάριν
2752 1127 2841 1180 διὰ
2868 1127 3066 1198 σαρκὸς
3107 1129 3414 1198 ἐνεργῆσαι.
3453 1130 3633 1184 Καίτοι
3654 1132 3725 1195 τίς

2179 1223 2279 1273 οὐκ
2321 1217 2427 1273 οἶδε
2458 1221 2565 1272 τῶν
2597 1219 2834 1281 πάντων,
2877 1219 2957 1271 ὅτι
3007 1219 3102 1284 Ὠς
3137 1222 3170 1272 ὁ
3223 1219 3425 1287 Πατὴρ
3455 1220 3722 1292 ζωοποιὸς,

2181 1313 2368 1374 οὕτως
2406 1311 2501 1364 καὶ
2536 1312 2568 1364 ὀ
2596 1309 2726 1376 Υἱὸς
2769 1309 2880 1376 οὓς
2909 1311 3066 1363 θέλει
3104 1309 3400 1373 ᾅυοποιεῖ;
3460 1311 3624 1382 Ἡμᾶς
3648 1313 3724 1385 δη.

2181 1403 2312 1474 λαδὴ
2336 1402 2560 1472 νεκροὺς
2593 1401 2764 1469 λέγων
2792 1403 2917 1464 τοὺς
2948 1400 3048 1471 τῆς
3091 1401 3349 1472 ἀληθινῆς
3387 1403 3725 1469 ἀποπεσόντας

2182 1492 2343 1562 ζωῆς.
2379 1493 2442 1547 Ei
2469 1487 2561 1546 οὖν
2585 1492 2772 1562 ὥσπερ
2801 1495 2828 1545 6
2851 1493 3038 1564 Πατὴρ
3060 1493 3332 1559 ζωοποιεῖ,
3359 1496 3517 1560 οὕτω,
3536 1499 3620 1550 καὶ
3643 1500 3726 1551 οὐκ

2181 1584 2354 1646 ἄλλως
2375 1587 2402 1636 6
2425 1583 2550 1647 Υἱὸς
2578 1586 2676 1655 τὴν
2707 1584 2876 1653 αὐτὴν
2900 1585 3112 1656 ἐνεργεῖ
3134 1584 3294 1654 χάριν
3319 1602 3333 1615 ·
3365 1586 3479 1649 πῶς
3504 1589 3531 1639 6
3555 1587 3728 1659 θεομά·

2182 1693 2275 1745 χος
2308 1676 2426 1727 κατ’
2468 1675 2791 1746 ἀμφοτέρων
2821 1677 2960 1727 κινεῖ
2995 1675 3092 1745 τὴν
3128 1675 3445 1747 βλάσφημον
3471 1677 3726 1746 γλῶσσαν;

2182 1768 2272 1820 τὸν
2301 1768 2398 1837 μὲν
2427 1767 2649 1838 Πατέρα
2674 1770 2738 1838 τῇ
2777 1768 2910 1837 πρὸς
2932 1768 2990 1820 τὸ
3026 1769 3226 1836 ἀγαθον
3257 1769 3538 1841 ἀδυναμία,
3579 1771 3659 1824 τὸν
3681 1773 3728 1825 δὲ

511 1882 701 1923 versus
728 1865 915 1920 ambos
944 1865 1161 1934 impiam
1192 1870 1246 1918 et
1263 1863 1579 1918 maledicam
1600 1864 1778 1917 vibrat
1801 1863 2038 1933 linguam
2061 1901 2075 1923 ,

2192 1859 2307 1912 Υἰὺν
2331 1861 2396 1929 τῇ
2429 1859 2564 1928 πρὸς
2588 1858 2647 1910 τὸ
2677 1859 2841 1912 κακον
2869 1860 3158 1928 οἰκειότητι
3195 1833 3552 1932 καθυϐρίζωνς
3610 1863 3727 1916 Ἀλλ’

512 1958 724 2012 Patrem
755 1957 970 2027 quidem
1006 1956 1072 2009 ad
1103 1956 1304 2009 bonum
1335 1955 1677 2024 impotentia,
1710 1953 1906 2008 Filium
1951 1967 2080 2009 vero

513 2048 579 2101 ad
614 2048 814 2101 malum
875 2060 1043 2116 prona
1110 2043 1475 2098 familiaritate
1530 2043 1923 2099 contumeliose
1971 2050 2081 2096 tra-

513 2136 705 2191 ctans?
737 2133 843 2190 Sed
872 2150 978 2188 non
1032 2142 1135 2195 est,
1179 2134 1374 2203 inquit,
1412 2133 1502 2187 lux
1539 2133 1644 2187 luci
1674 2133 1931 2202 aqualis,
1959 2147 2082 2201 pro-

515 2238 694 2297 p:erea
726 2225 869 2296 quod
921 2225 1010 2278 illa
1033 2223 1250 2293 quidem
1296 2238 1446 2290 vera,
1477 2224 1592 2278 haec
1623 2239 1752 2278 vero
1803 2224 2080 2277 inaccessa

514 2318 734 2372 dicitur.
785 2316 900 2371 Lux
956 2316 1119 2386 igitur
1174 2331 1302 2370 vera
1353 2316 1740 2370 imminutione
1795 2314 2085 2370 censetur?

515 2408 914 2477 Quamobrem?
937 2410 1096 2479 Atqui
1131 2408 1352 2462 illorum
1386 2415 1470 2464 est
1514 2423 1712 2470 sermo,
1771 2408 1916 2477 quod
1959 2421 2085 2476 pro-

516 2511 695 2570 pterea
721 2501 896 2570 major
911 2507 963 2556 et
991 2499 1258 2556 excelsior
1289 2497 1469 2554 Patris
1496 2499 1754 2554 divinitas
1776 2513 1937 2570 quam
1963 2497 2083 2551 Filii

518 2593 854 2664 intelligitur,
895 2607 960 2647 eo
1001 2591 1146 2662 quod
1207 2591 1297 2644 ille
1356 2589 1577 2660 quidem
1622 2605 1785 2644 verus
1839 2587 1986 2643 Deus
2029 2589 2084 2642 in

519 2684 808 2754 Evangelio
835 2691 1058 2738 vocatus
1095 2690 1178 2736 est
1229 2701 1242 2736 ε
1289 2681 1377 2736 hic
1410 2688 1589 2736 autem
1635 2682 1754 2734 sine
1797 2682 1904 2733 veri
1942 2679 2090 2749 adje-

517 2777 715 2829 ctione.
741 2773 1026 2839 Quomodo
1081 2772 1248 2842 igitur
1295 2769 1483 2826 eadem
1515 2770 1652 2825 ratio
1703 2771 1755 2824 in
1805 2770 2090 2825 divinitate

517 2867 736 2937 quidem
757 2865 1140 2925 accretionem,
1163 2864 1216 2917 in
1237 2864 1358 2917 luce
1377 2877 1503 2918 vero
1524 2863 1956 2917 imminutionem
1972 2863 2090 2932 ejus

517 2957 662 3028 quod
695 2955 1029 3027 intelligitur,
1063 2953 1376 3024 signibcat?
1436 2951 1493 3011 Si
1527 2953 1673 3008 enim
1713 2953 1785 3009 ob
1812 2967 1929 3008 eam
1971 2967 2093 3007 cau-

520 3069 635 3109 sam
695 3049 912 3104 Patrem
945 3045 1084 3101 Filio
1114 3046 1374 3116 majorem
1423 3052 1733 3108 autumant,
1769 3043 1898 3114 quia
1929 3059 2092 3100 verus

2180 1951 2277 2004 οὐκ
2317 1950 2450 2014 ἔστι,
2485 1951 2640 2020 φησὶ,
2674 1949 2751 2019 τῷ
2795 1952 2932 2019 φωτὶ
2964 1951 3023 2003 τὸ
3053 1950 3166 2018 φῶς
3193 1947 3310 2003 ἴσον
3334 1969 3346 1980 ·
3399 1952 3524 2006 διότι
3561 1955 3617 2005 τὸ
3647 1956 3728 2024 μὲν

2180 2041 2448 2112 ἀληθινὸν,
2476 2042 2537 2093 τὸ
2568 2041 2624 2094 δὲ
2675 2042 2966 2111 ἀπρόσιτον
2989 2042 3224 2108 λέγεται.
3294 2043 3366 2094 Τὸ
3397 2039 3486 2096 οὖν
3511 2044 3727 2113 ἀληθινὸν

2183 2133 2471 2187 ἐλαττώσει
2504 2134 2786 2204 κρίνεταις
2841 2135 2937 2186 Διὰ
2975 2134 3055 2199 τί;
3109 2135 3219 2186 Καὶ
3270 2135 3375 2205 μὴν
3401 2136 3610 2189 ἐκείνων
3633 2138 3724 2188 ἐστὶ

2182 2224 2355 2292 λόγος,
2395 2225 2475 2278 ὅτι
2503 2224 2591 2277 διὰ
2635 2224 2792 2277 τοῦτο
2823 2223 3022 2294 μείζων
3060 2226 3154 2278 καὶ
3184 2225 3495 2296 ὑψηλοτέρα
3522 2225 3605 2278 τοῦ
3633 2228 3728 2280 Πα-

2182 2316 2307 2386 τρὸς
2337 2319 2370 2386 ἡ
2395 2316 2583 2388 θεότης
2614 2316 2760 2387 παρά
2784 2317 2881 2387 τὴν
2909 2317 3004 2369 τοῦ
3026 2317 3154 2370 Υίού
3177 2321 3382 2371 νοεῖται
3404 2335 3417 2348 °
3447 2318 3571 2371 διότι
3596 2320 3621 2371 ό
3647 2317 3729 2388 μὲν

2183 2406 2434 2475 ἀληθινὸς
2453 2407 2585 2470 Θεὸς
2613 2409 2669 2458 ὲν
2683 2405 2759 2476 τῷ
2785 2404 3100 2478 Εύαγγελίῳ
3126 2409 3503 2480 προσείρηται,
3526 2410 3551 2462 6
3571 2408 3620 2462 δὲ
3641 2427 3730 2476 χω-

2187 2497 2271 2566 ρὶς
2303 2497 2401 2568 τῆς
2424 2496 2516 2550 τοῦ
2555 2497 2845 2565 ἀληθινοῦ
2877 2497 3209 2568 προσθήκης.
3252 2499 3379 2564 Πῶς
3405 2497 3496 2553 οὖν
3535 2501 3562 2552 6
3593 2499 3730 2564 αὐτὸς

2185 2587 2360 2656 λόγος,
2411 2588 2504 2641 ἐπὶ
2559 2589 2656 2659 μὲν
2685 2590 2784 2660 τῆς
2822 2587 3075 2661 θεότητος
3114 2589 3378 2662 αὔξησιν,
3439 2592 3528 2645 ἐπὶ
3557 2591 3607 2645 δὲ
3652 2591 3730 2644 τοῦ

2189 2681 2364 2750 φωτὸς
2405 2680 2698 2735 ἐλάττωσιν
2729 2682 2823 2735 τοῦ
2861 2683 3150 2753 νοουμένου
3204 2701 3500 2756 σημαινει;
3543 2685 3600 2738 Εἰ
3642 2684 3732 2754 γάρ

2187 2772 2274 2825 διὰ
2298 2771 2453 2825 τοῦτο
2492 2773 2712 2843 μείζονα
2756 2773 2850 2826 τοῦ
2888 2771 3017 2827 Υίοῦ
3060 2775 3153 2828 τὸν
3183 2776 3405 2850 Πατέρα
3458 2777 3627 2848 φασὶν,
3665 2777 3732 2828 ὅτι

2189 2863 2436 2933 ἀληθινὸς
2460 2863 2593 2928 Θεός
2623 2867 2757 2929 ἐστι,
2789 2867 2930 2920 κατά
2960 2867 3050 2920 τὸν
3083 2868 3250 2922 αὐτὸν
3288 2869 3442 2939 λόγον
3473 2871 3656 2940 μείζων
3678 2867 3734 2922 ἂν

2189 2955 2545 3028 ὁμολογηθείη
2577 2957 2666 3010 τοῦ
2695 2957 2906 3030 Πατρὸς
2931 2960 2959 3013 6
2993 2960 3147 3023 Υἱὸς,
3195 2960 3281 3013 ὅτι
3314 2961 3341 3013 6
3373 2960 3486 3032 μὲν,
3517 2959 3734 3030 ἀληθινὸν

2194 3048 2329 3117 φῶς,
2368 3051 2396 3102 6
2443 3049 2496 3101 δὲ
2536 3049 2631 3120 οὐχ
2674 3049 2846 3114 οὓτως
2889 3051 3345 3121 κατονομάζεται.
3412 3051 3560 3106 Ἀλλὰ
3601 3049 3735 3104 τοῦτο

521 3145 663 3199 Dens
689 3151 797 3204 est,
822 3139 1008 3194 eadem
1060 3137 1272 3192 ratione
1300 3134 1462 3190 Patre
1493 3135 1669 3204 major
1697 3134 1867 3191 Filius
1897 3149 2089 3190 conce-

2201 3140 2317 3211 μὲν,
2341 3143 2495 3209 φησὶ,
2527 3142 2587 3194 τὸ
2617 3141 2728 3209 φῶς
2764 3142 2830 3195 τά
2850 3143 2946 3213 τῆς
2988 3143 3401 3216 φιλανθρωπίας
3437 3145 3730 3216 ὲνήργησεν’

520 3236 700 3298 datur,
732 3233 859 3304 quia
889 3231 974 3285 hic
997 3229 1216 3300 quidem
1251 3244 1379 3283 vera
1409 3229 1525 3294 lux,
1564 3229 1656 3284 ille
1694 3245 1805 3283 non
1839 3230 1920 3284 sic
1965 3245 2096 3300 cog-

521 3327 850 3382 nominatur.
885 3320 992 3377 Sed
1027 3321 1140 3376 hch
1172 3319 1388 3390 quidem
1422 3320 1537 3382 lux,
1582 3321 1780 3390 inquit,
1810 3335 1930 3391 qum
1969 3329 2096 3376 sunt

521 3414 900 3480 immanitatis,
933 3423 1156 3483 operata
1174 3419 1280 3475 est,
1311 3410 1400 3464 illa
1419 3423 1550 3464 vero
1581 3409 1647 3463 ad
1672 3411 1836 3464 talem
1864 3411 2093 3480 gratiam

523 3507 768 3564 inellicax
806 3517 860 3561 et
891 3506 1064 3559 otiosa
1117 3503 1340 3558 mansit.
1383 3499 1568 3555 Novus
1603 3501 1937 3571 praelationis
1981 3503 2097 3558 sive

522 3600 890 3672 praerogativae
915 3595 1128 3651 modus.
1181 3591 1338 3659 Quod
1372 3593 1609 3649 otiosum
1640 3593 1740 3648 fuit
1769 3593 1833 3649 ad
1862 3594 2098 3652 benevo-

525 3693 744 3748 lentiam
772 3691 826 3743 in
869 3702 1042 3758 genus
1086 3685 1408 3749 humanum,
1455 3699 1522 3740 eo
1545 3685 1638 3755 qui
1684 3693 1942 3756 operatus
1991 3696 2098 3751 est,

525 3783 779 3855 superius
807 3779 1074 3848 indicant.
1106 3773 1212 3831 Sed
1250 3789 1428 3848 neque
1465 3781 1570 3840 est,
1628 3791 1805 3846 neque
1854 3777 1960 3832 erit
1993 3793 2097 3830 lm-

525 3889 687 3945 qnam
723 3872 864 3926 inter
886 3867 1229 3924 Christianos
1258 3867 1427 3933 notio,
1464 3882 1560 3937 per
1605 3883 1768 3938 quam
1801 3876 2097 3938 praestrua.

528 3978 615 4020 tur
643 3980 750 4019 non
781 3976 940 4015 clune
978 3960 1202 4022 bonum,
1230 3957 1373 4027 quod
1409 3955 1629 4027 quidem
1671 3965 1756 4011 est
1802 3957 2094 4027 ejusmodi,

525 4072 591 4113 ex
614 4054 776 4110 Patre
801 4066 1020 4108 causam
1058 4051 1278 4103 habere.
1325 4048 1599 4102 Bonorum
1647 4056 1828 4102 autem
1880 4057 2096 4103 nostro-

530 4163 647 4204 rum
699 4153 881 4216 capnt,
929 4143 994 4195 ad
1043 4143 1212 4196 vitam
1267 4139 1462 4195 reditio
1506 4137 1649 4210 apud
1706 4137 2002 4209 prudentes
2045 4147 2100 4193 et

529 4249 672 4296 recte
705 4237 998 4293 sentientes
1038 4233 1314 4288 creditur:
1360 4230 1475 4285 haec
1517 4238 1696 4284 autem
1741 4244 1840 4299 per
1885 4227 2099 4283 Domini

527 4332 908 4392 meonomiam,
935 4329 1048 4381 sive
1071 4319 1745 4390 incarnationem,optime
1761 4316 1996 4387 perfecta
2016 4331 2100 4378 est.

526 4435 580 4480 et
617 4422 928 4492 adimpleta,
958 4419 1117 4474 Patre
1148 4417 1365 4473 interim
1396 4430 1507 4472 non
1527 4416 1704 4470 otioso
1727 4421 1782 4470 et
1803 4411 2097 4478 ineliicace,

2197 3233 2370 3285 ἐκεῖνο
2385 3232 2439 3284 δὲ
2469 3232 2600 3302 πρὸς
2617 3234 2715 3302 τὴν
2731 3233 2982 3304 τοιαύτην
3008 3236 3166 3307 χάριν
3183 3236 3342 3289 ἀνενέ
3350 3254 3539 3308 ργητρν
3561 3234 3732 3305 ἔμεινε.

2199 3324 2394 3386 Καινὺς
2443 3325 2820 3394 προτιμήσεως
2857 3325 3057 3396 τρόπος
3079 3342 3094 3356 ·
3139 3325 3201 3379 τὸ
3233 3329 3508 3400 ἄπρακτον
3539 3328 3609 3390 εἰς
3636 3323 3736 3393 φιλ-

2196 3414 2527 3484 ανθρωπίαν,
2562 3415 2656 3468 τοῦ
2693 3417 3085 3488 ὲνεργήσαντος
3137 3419 3440 3491 ὑπέρτερον
3471 3419 3732 3502 κρίνουσιν.

2209 3505 2345 3558 Ἀλλ’
2371 3506 2493 3561 οὐδὲ
2518 3506 2686 3569 ἔστιν,
2711 3505 2833 3560 οὔτε
2865 3510 3152 3579 γενήσεται
3178 3508 3423 3564 τοιοῦτον
3449 3514 3502 3564 ὲν
3519 3510 3736 3580 Χριστια·

2196 3599 2304 3658 νοῖς
2338 3611 2465 3648 ποτε
2496 3596 2694 3669 νόημα,
2725 3597 2791 3652 δι’
2813 3594 2872 3653 οὗ
2907 3601 3379 3666 κατασκευάζεται
3415 3602 3486 3672 μὴ
3511 3601 3737 3664 πᾶνὰγα-

2197 3685 2306 3749 θον,
2349 3689 2539 3759 ὅτιπερ
2579 3689 2637 3742 ὲν
2679 3690 2793 3752 τοῖς
2819 3691 3081 3754 τοιούτοις
3126 3693 3305 3757 ἐστὶν,
3347 3695 3408 3747 ὲκ
3435 3711 3522 3746 του
3557 3689 3738 3761 Πατρὸς

2195 3777 2292 3848 τὴν
2317 3777 2493 3831 αἰτίαν
2522 3778 2664 3849 ἔχειν
2684 3798 2698 3812 ο
2729 3781 2836 3834 τῶν
2857 3781 2915 3835 δὲ
2943 3782 3063 3836 καθ’
3101 3786 3250 3854 ἡμᾶς
3279 3786 3490 3854 ἀγαθῶν
3513 3783 3569 3836 τὸ
3592 3782 3735 3850 κεφά-

2197 3866 2363 3931 λαιον,
2393 3871 2425 3939 ἡ
2466 3871 2597 3941 πρὸς
2620 3873 2718 3942 τὴν
2753 3869 2898 3944 ζωὴν
2941 3874 3197 3940 ἐπάνοδος
3227 3879 3376 3948 παρὰ
3404 3880 3512 3940 τοῖς
3539 3871 3591 3930 εὖ
3624 3890 3736 3942 φρο-

2195 3959 2344 4013 νοῦσι
2389 3962 2728 4016 πιστεύεται·
2763 3964 2901 4036 αὕτη
2936 3965 2992 4018 δὲ
3032 3967 3121 4021 διὰ
3163 3969 3266 4039 τῆς
3305 3970 3443 4024 κατά
3487 3967 3735 4039 ἄνθρωπον

2195 4057 2501 4122 οἰκονομίας
2547 4058 2639 4111 τοῦ
2671 4059 2876 4130 Κυρίου
2921 4060 3302 4133 κατώρθωται,
3345 4065 3442 4117 οὐκ
3486 4063 3734 4134 ἀπράκτου

2198 4146 2291 4197 κοιλ⁵
2321 4147 2704 4219 ἀνενεργήτου,
2740 4147 2925 4211 καθὼς
2951 4151 2984 4219 ἡ
3008 4152 3218 4223 αἵρεσις
3255 4152 3522 4222 βούλεται,
3547 4149 3631 4204 τοῦ
3654 4149 3738 4201 [Ια-

2197 4235 2324 4306 τρὸς
2357 4237 2414 4289 ὲν
2440 4235 2517 4307 τῷ
2559 4237 2734 4310 καιρῷ
2774 4239 2875 4308 τῆς
2906 4243 3208 4313 οἰκονομίας
3243 4244 3627 4306 ἀπιδιάσαντος.
3675 4235 3735 4291 Οὖ

2199 4326 2308 4396 γὰρ
2340 4328 2494 4381 τοῦτο
2526 4329 2858 4385 ἐνδείκνυται
2889 4333 2917 4385 6
2943 4331 3109 4386 εἰπὼν
3140 4373 3154 4396 ,
3195 4336 3279 4389 ὅτι
3319 4336 3379 4389 '0
3408 4335 3632 4405 πέμψας
3656 4346 3734 4400 με.

2197 4418 2324 4487 μετ’
2365 4419 2510 4486 ἐμοῦ
2562 4420 2714 4482 ἐστι,
2769 4423 2882 4485 καὶ,
2913 4425 2970 4475 '0
3034 4425 3235 4492 Πατὴρ
3281 4427 3352 4480 ἐν
3387 4426 3510 4496 ἐμοὶ
3549 4423 3734 4494 μένων.

528 4518 671 4571 sicut
717 4513 936 4568 haeresis
993 4511 1187 4581 cupide
1238 4508 1542 4576 contendit,
1596 4518 1836 4578 tempore
1880 4521 2089 4561 oecono-

2205 4507 2367 4560 ποιεῖ
2391 4509 2461 4560 τὰ
2501 4511 2643 4578 ἔργα
2683 4511 2889 4569 ταῦτα.
2954 4515 3076 4578 Πῶς
3106 4511 3198 4568 οὖν
3227 4519 3258 4586 ἡ
3304 4494 3508 4588 αἵρεσις

529 4605 649 4659 mia:
674 4605 788 4660 sive
808 4600 1236 4672 dispensationis
1261 4599 1403 4670 apud
1426 4615 1486 4655 se
1510 4609 1784 4652 manente.
1813 4595 1933 4650 Non
1955 4595 2098 4650 enim

528 4699 630 4752 huc
641 4697 1000 4757 demonstrat,
1018 4693 1109 4764 qni
1129 4692 1264 4746 dixit
1284 4708 1297 4742 :
1317 4693 1421 4760 Qui
1434 4692 1573 4747 misit
1588 4709 1688 4753 me,
1715 4705 1912 4743 mecum
1933 4698 2011 4743 est
2033 4688 2097 4754 “;

527 4797 598 4851 ct,
639 4787 796 4841 Pater
824 4788 877 4840 in
909 4803 988 4840 me
1014 4801 1226 4838 manens
1259 4783 1367 4838 haec
1397 4797 1553 4850 opera
1580 4781 1708 4851 facit
1731 4783 1797 4836 ’⁸.
1817 4779 2099 4847 Quomodo

529 4882 694 4952 igitur
732 4881 954 4934 haeresis
995 4879 1217 4948 gratiam
1247 4892 1365 4946 qua:
1398 4875 1568 4930 nostri
1602 4889 1770 4930 causa
1810 4874 1949 4929 facta
1990 4882 2094 4938 est,

530 4973 628 5027 soli
666 4970 800 5024 Filio
829 4971 1155 5029 atlrilmens,
1202 4969 1500 5037 gratiarum
1535 4967 1766 5022 actionis
1807 4981 1904 5036 pro
1937 4967 2100 5019 colla-

529 5065 602 5119 tis
636 5064 689 5117 in
721 5076 820 5116 nos
868 5061 1144 5114 beneﬁciis
1174 5059 1385 5114 Patrem
1420 5058 1549 5112 facit
1595 5059 1912 5114 exSnrtrm?
1959 5045 2101 5113 Solis

529 5156 672 5212 enim
720 5149 1163 5208 benel'aztoribns
1211 5150 1506 5219 gratiarum
1543 5150 1776 5203 actionis
1816 5149 2102 5202 retributio

530 5245 763 5302 naturali
788 5243 998 5298 ratione
1025 5239 1274 5294 debetur.
1325 5238 1426 5304 Qui
1463 5250 1641 5293 autem
1676 5239 1742 5292 ad
1781 5239 2100 5292 beneficium

527 5337 918 5395 conferendum
972 5342 1056 5390 est
1111 5335 1404 5403 impotens,
1470 5339 1623 5382 extra
1677 5345 1963 5384 numerum
2017 5339 2102 5384 cst

527 5447 713 5486 eorum
739 5430 826 5486 cui
847 5427 1035 5500 gratia!
1060 5441 1158 5496 pro
1186 5426 1314 5479 dato
1348 5420 1611 5476 beneﬁcio
1648 5430 1912 5490 aguntur.
1937 5418 2101 5475 Vides

532 5531 587 5574 nt
611 5536 706 5590 per
729 5521 910 5577 omnia
947 5518 1080 5589 ipsis
1113 5517 1168 5570 in
1195 5513 1528 5570 contrarium
1570 5510 1712 5566 cedit
1753 5510 2103 5580 blasphemia:

535 5627 730 5682 εοοιιιιε
767 5614 1030 5665 adversus
1056 5609 1430 5679 Unigenitum,
1487 5619 1610 5659 cunt
1658 5617 1721 5657 ex
1759 5617 2100 5673 consequen-

643 5785 858 5873 “Joa‘n.
889 5803 952 5856 ν,
981 5787 1070 5842 2i.
1139 5787 1186 5820 “
1213 5787 1344 5844 ibid.
1383 5788 1471 5842 37.
1549 5786 1596 5820 “
1633 5783 1791 5843 Joan.
1827 5799 1939 5851 xiv,
1973 5784 2058 5840 l0.

2209 4599 2320 4669 Υίῷ
2346 4600 2443 4672 τὴν
2466 4602 2604 4672 ὑπὲρ
2630 4604 2784 4674 ἡμῶν
2813 4607 2970 4675 χάριν
3008 4609 3520 4681 προσμαρτυροῦσα,
3543 4605 3738 4674 ἀπόμοι-

2208 4709 2298 4762 ρον
2328 4695 2471 4746 ποιεῖ
2502 4695 2592 4747 τὸν
2620 4697 2836 4766 Πατέρα
2863 4699 2959 4769 τῆς
2996 4700 3087 4751 ἐπὶ
3108 4702 3219 4762 τοῖς
3246 4700 3641 4772 κατορθώμασιν
3666 4693 3738 4745 εύ-

2205 4785 2528 4856 χαριστίας;
2601 4787 2796 4851 Μόνοις
2823 4789 2928 4859 γὰρ
2978 4791 3118 4845 κατά
3161 4792 3320 4860 φύσιν
3356 4791 3611 4862 ὀφείλεται
3647 4786 3738 4843 τοῖς

2212 4875 2520 4947 εὐεργέταις
2559 4879 2591 4946 ἡ
2641 4878 2735 4948 τῆς
2771 4881 3117 4949 εὐχαριστίας
3152 4885 3445 4946 ἀντίδοσις·
3471 4885 3499 4935 6
3539 4882 3590 4934 δὲ
3625 4876 3738 4948 πρὸς

2206 4967 2519 5036 εὐεργεσίαν
2545 4969 2824 5033 ἀδύνατος,
2851 4971 2954 5037 ἔξω
2981 4972 3074 5025 τοῦ
3103 4975 3532 5045 εύχαριστεῖσθαι
3554 4970 3738 5026 πάντως

2205 5058 2373 5111 ἐστίν.
2427 5058 2584 5130 Ὁρᾷς
2614 5061 2688 5122 ὼς
2726 5060 2814 5112 διὰ
2845 5062 3062 5116 πάντων
3092 5064 3272 5127 αὐτοῖς
3304 5064 3438 5134 πρὸς
3466 5055 3738 5115 τούναντίον

2206 5150 2232 5199 ὁ
2280 5149 2478 5212 σκοπὸς
2530 5151 2916 5221 περιτρέπεται
2961 5153 3059 5223 τῆς
3120 5155 3258 5209 κατὰ
3303 5154 3394 5208 τοῦ
3439 5143 3738 5217 Μονογενοῦς

2209 5240 2572 5313 βλασφημίας,
2611 5245 2751 5299 κατά
2783 5246 2843 5300 τὸ
2866 5248 3154 5303 ἀκόλουθον
3176 5251 3268 5304 ἐπὶ
3303 5249 3392 5304 τὸν
3425 5245 3627 5315 Πατέρα
3652 5255 3737 5310 με·

2205 5333 2587 5406 ταϐαινούσης.
2650 5337 2757 5390 Καί
2810 5355 2898 5408 μοι
2937 5340 3084 5392 δοκεῖ
3114 5343 3230 5394 κατ’
3272 5341 3508 5408 ἀνάγκην
3532 5331 3738 5387 τοιοῦτον

2208 5425 2540 5496 συμϐαίνειν.
2581 5426 2639 5479 Ei
2681 5427 2790 5501 γὰρ
2827 5430 2856 5483 6
2884 5431 3056 5501 τιμῶν
3083 5431 3176 5486 τὸν
3207 5432 3329 5484 Υίὺν
3378 5429 3504 5498 τιμᾷ
3537 5425 3619 5478 τὸν
3646 5421 3737 5473 Πα-

2206 5517 2358 5588 τέρα,
2389 5518 2527 5571 κατά
2550 5518 2648 5588 τὴν
2680 5519 2829 5572 θείαν
2859 5521 3150 5592 ἀπόφασιν,
3181 5523 3334 5592 δῆλον
3360 5521 3436 5574 ὅτι
3464 5517 3596 5583 καὶὴ
3621 5507 3734 5579 πρὸς

2208 5609 2266 5661 τὸ
2295 5609 2532 5663 ἐναντίον
2575 5611 2714 5664 κατά
2775 5613 2866 5665 τοῦ
2899 5613 3026 5666 Υἱοῦ
3069 5613 3285 5684 σπουδὴ,
3319 5611 3408 5664 ἐπὶ
3436 5609 3521 5662 τὸν
3547 5600 3732 5670 Πατέρα
