4046 6150
408 338 515 395 903

1659 318 1716 372 S.
1751 314 2079 374 GMZGORII
2118 314 2411 372 NYSSENI

3550 312 3661 372 90‘

410 467 567 523 ptura
590 448 754 518 hujus
791 441 1087 515 impietatis
1104 438 1463 512 patrocinium
1492 433 1712 505 aliquod
1733 451 1840 490 non
1863 436 1987 489 licet

2112 452 2183 498 ὀς
2231 436 2416 497 αὐτοῖς
2463 432 2562 504 τὴν
2609 433 2761 504 ίσχύν
2792 430 2923 503 ἔχει,
2979 432 3195 493 πάντως
3237 432 3337 485 οὐκ
3377 430 3568 501 ἄδηλον
3604 432 3663 484 τί

408 542 687 606 invenire,
743 538 837 592 sed
896 551 959 590 ex
1020 531 1440 602 liieroglyphicis
1491 528 1817 598 anigmatis,
1872 526 1987 581 sive

413 630 714 687 involucris
735 625 1137 697 Egypliorum,
1162 636 1341 677 sermo
1372 622 1612 690 ipsorum
1647 618 1814 672 robur
1831 616 1987 671 habet

409 723 660 794 profecto
710 736 817 774 non
850 719 1147 773 obscurum
1181 713 1312 783 quid
1370 714 1509 767 bene
1567 711 1862 766 sentientes
1892 710 1991 764 ho-

409 816 585 869 mines
624 814 691 867 de
732 812 818 867 his
848 810 1038 863 deceat
1067 807 1326 875 cogitare.
1355 804 1507 869 Quod
1540 811 1718 857 autem
1756 816 1863 855 non
1902 815 1991 853 ca-

409 908 681 961 lnmniose
726 912 781 958 et
819 902 1123 972 petulanter
1152 900 1293 951 hanc
1335 895 1769 949 criminationem
1806 892 1993 946 inferi-

410 1018 555 1065 mus,
598 1001 713 1069 ipse
747 997 902 1050 nobis
929 996 1084 1049 testis
1131 1009 1195 1047 ex
1227 990 1466 1061 propriis
1522 986 1868 1042 sermonibus
1900 986 1993 1039 ﬁat

413 1091 737 1146 Eunomius.
768 1088 871 1153 Qui
910 1085 1210 1156 ingenitum
1238 1082 1478 1151 quidem,
1517 1080 1692 1133 lucem
1747 1078 1994 1132 inacces-

413 1199 528 1237 sam
578 1181 836 1251 appellat,
889 1185 943 1231 et
990 1175 1057 1229 ad
1112 1173 1521 1244 porpessionum
1565 1170 1993 1239 experimentum

413 1275 528 1327 sive
572 1272 929 1325 tentationcm
966 1269 1152 1322 venire
1188 1282 1295 1320 non
1340 1265 1651 1325 valentem;
1706 1263 1758 1315 in
1816 1261 1996 1331 genito

415 1380 542 1418 vero
564 1370 805 1416 mutuam
832 1370 883 1413 et
915 1369 1207 1427 cognatam
1244 1358 1404 1409 talem
1434 1354 1847 1423 dispositionem
1875 1365 1998 1406 esse

413 1455 622 1518 deﬁnit,
659 1462 716 1506 ut
748 1467 922 1519 neque
951 1451 1234 1519 unigenito
1262 1447 1390 1509 Deo,
1420 1461 1654 1515 quorum
1683 1459 1846 1499 causa
1880 1458 1999 1513 pas-

416 1562 511 1599 sus
534 1553 634 1607 est,
663 1543 825 1597 homo
860 1540 1157 1610 quidquam
1204 1539 1416 1597 debeat.
1473 1536 1742 1606 siquidem
1781 1550 1912 1588 casu
1945 1543 2000 1589 et

417 1636 639 1689 fortuito
690 1634 987 1688 secundum
1059 1632 1301 1701 ipsorum
1350 1630 1614 1683 rationem
1677 1627 1743 1680 ad
1803 1627 1998 1693 borum

417 1726 832 1797 perpessionum
864 1731 918 1778 et
948 1723 1289 1776 cruciatuum
1331 1717 1718 1788 experientiam
1743 1715 1999 1784 delapsus

415 1825 522 1882 est,
556 1815 764 1886 patibili
810 1813 1048 1868 essentia
1082 1811 1401 1865 naturaliter
1450 1809 1513 1862 ad
1546 1808 1646 1861 hoc
1681 1815 1951 1876 pertracla
1984 1823 1996 1859 :
2034 1785 2072 1839 Β

422 1909 567 1978 quod
598 1908 817 1976 quidem
855 1906 1003 1960 nulla
1032 1905 1328 1974 gratiarum
1380 1902 1595 1955 actione
1638 1898 1859 1968 dignum
1896 1905 1997 1951 est.

423 2002 559 2066 Quis
588 2000 731 2054 enini
763 2000 815 2051 in
848 1998 1035 2068 gratiae
1070 2003 1222 2065 parte
1246 1994 1359 2047 sive
1390 1991 1632 2047 beneﬁcii
1677 1991 1795 2044 loco
1816 1997 2000 2057 ponat,

419 2096 564 2164 quod
598 2093 913 2148 necessario
963 2090 1185 2150 accidit,
1225 2086 1475 2155 quamvis
1509 2085 1581 2140 sit
1637 2084 1916 2137 lucrosum
1950 2090 2004 2136 et

422 2184 695 2257 perutile?
748 2181 934 2251 Neque
969 2180 1114 2235 enim
1167 2179 1298 2244 igni,
1349 2175 1548 2232 caloris
1584 2189 1772 2240 causa,
1830 2188 2006 2243 neque

423 2291 597 2346 aqua,
628 2274 825 2334 ﬂiixus,
871 2273 1100 2343 gratiam
1132 2270 1417 2333 habemus,
1462 2267 1529 2322 ad
1564 2274 1776 2321 naturae
1815 2281 2007 2320 neces-

424 2372 638 2425 sitatem
664 2366 808 2436 quod
843 2365 900 2418 ﬁt
939 2370 1259 2418 revocantes
1299 2379 1311 2414 :
1352 2359 1481 2429 quia
1518 2375 1627 2413 non
1657 2358 1834 2427 possit
1863 2357 2006 2428 ignis

426 2475 456 2513 a
486 2457 763 2512 caloriﬁca
801 2454 1115 2525 Operatione
1149 2450 1394 2513 destitui,
1428 2462 1601 2518 neque
1627 2462 1764 2517 aqua
1798 2447 2008 2503 Stabilis

427 2550 481 2603 in
509 2550 671 2618 plano
700 2560 942 2607 manere,
976 2550 1168 2613 sponte
1212 2540 1370 2594 locali
1418 2538 1773 2592 inclinatione
1801 2544 2006 2591 motum

430 2654 685 2709 prorsum
736 2636 1060 2690 altrahente.
1105 2633 1162 2685 Si
1200 2631 1364 2701 igitur
1421 2636 1630 2683 naturae
1683 2628 2010 2683 necessitate

428 2728 753 2785 beneﬁcium
793 2722 1188 2778 incarnationis
1217 2736 1246 2773 a
1277 2719 1416 2772 Filio
1448 2717 1757 2772 hominibus
1810 2715 2008 2769 factum

427 2836 551 2875 esse
594 2820 805 2881 dicunt,
845 2816 1048 2870 nullam
1100 2813 1324 2866 omnino
1363 2810 1592 2882 gratiam
1626 2808 1850 2874 habent,
1882 2809 2009 2878 quia

432 2928 545 2968 non
579 2913 645 2966 ad
708 2911 929 2966 liberam
965 2915 1019 2962 et
1054 2905 1357 2961 absolutam
1414 2909 1760 2973 potestatem,
1817 2900 1912 2954 sed
1944 2898 2012 2953 ad

439 3004 743 3059 naturalem
794 3000 1173 3056 necessitatem
1200 2996 1343 3067 quod
1401 2994 1601 3049 factum
1635 3000 1719 3049 est
1749 2993 2009 3047 referunt.

2090 527 2357 596 προσήκει
2378 527 2502 587 τοὺς
2521 519 2579 578 εὖ
2602 524 2930 595 φρονοῦντας
2952 541 3016 577 πε
3024 524 3078 595 pi.
3100 523 3302 576 τούτων
3321 522 3664 590 λογίσασθαι.

2092 620 2214 671 Ὅτι
2247 620 2292 672 δ’
2318 618 2417 671 οὐκ
2439 616 2854 688 ἐπηρεαστικῶς
2880 615 3083 685 ταύτην
3113 616 3210 684 τὴν
3247 615 3499 686 διαϐολὴν
3545 618 3668 669 ἐπι-

2092 709 2350 781 φέρομεν,
2382 709 2543 772 αὐτὸς
2568 708 2633 761 ἂν
2659 710 2867 777 γένοιτο
2887 710 3017 778 ἡμῖν
3044 710 3251 778 μάρτυς
3280 708 3367 760 διὰ
3389 709 3494 760 τῶν
3521 708 3669 761 ἰδίων

2092 798 2263 866 λόγων
2294 798 2578 868 Εὐνόμιος,
2607 798 2635 849 ὁ
2667 798 2759 851 τον
2781 799 3072 867 ἀγέννητον
3104 799 3200 867 μὲν
3228 798 3517 868 ἀπρόσιτον
3549 799 3670 867 φῶς

2092 889 2285 957 λέγων,
2314 890 2407 942 καὶ
2433 890 2515 952 είς
2544 890 2737 959 πεῖραν
2769 889 3107 959 παθημάτων
3130 890 3301 942 ἐλθεῖν
3328 891 3401 961 μὴ
3436 890 3671 960 δυνάμε‹

2093 997 2204 1045 νον,
2248 982 2340 1033 ἐπὶ
2376 981 2432 1034 δὲ
2464 981 2525 1033 τὸ
2567 981 2821 1051 γεννητὸν
2845 980 3175 1051 κατάλληλόν
3211 998 3268 1034 τε
3308 982 3400 1034 καὶ
3432 983 3671 1053 συγγενῆ

2094 1071 2191 1142 τὴν
2230 1072 2485 1142 τοιαύτην
2520 1072 2759 1126 διάθεσιν
2796 1072 3180 1143 διοριζόμενος.
3228 1075 3316 1137 Ὠς
3345 1074 3477 1145 μηδὲ
3509 1075 3672 1145 χάριν

2095 1162 2172 1231 τῷ
2220 1166 2497 1231 μονογενεῖ
2539 1163 2657 1234 Θεῷ
2692 1165 2781 1217 τὸν
2806 1164 3089 1234 ἄνθρωπον
3136 1159 3211 1218 ὧν
3243 1166 3428 1219 ἕνεκεν
3470 1166 3674 1220 ἔπαθεν

2097 1256 2260 1325 ἔχειν,
2294 1257 2449 1326 εἴπερ
2473 1258 2791 1327 αὐτομάτως
2825 1258 2967 1309 κατά
3007 1260 3098 1312 τὸν
3135 1258 3291 1327 λόγον
3315 1261 3493 1314 αὐτῶν
3537 1263 3675 1331 πρὶς

2098 1348 2197 1417 τὴν
2229 1347 2336 1399 τῶν
2377 1347 2715 1417 παθημάτων
2757 1348 3063 1419 κατωλίσθη
3098 1353 3311 1421 πεῖραν,
3344 1352 3446 1420 τῆς
3493 1354 3674 1422 ἐμπα-

2102 1436 2226 1500 θοῦς
2249 1438 2436 1501 οὐσίας
2465 1438 2707 1506 φυσικῶς
2742 1442 2877 1510 πρὸς
2906 1441 3062 1493 τοῦτο
3089 1444 3486 1514 κατασυρείσης
3504 1463 3518 1475 ·
3540 1445 3678 1515 ὅπερ

2100 1529 2355 1600 οὐδεμιᾶς
2381 1530 2528 1594 ἄξιον
2552 1532 2903 1603 εὐχαριστίας
2932 1535 3067 1587 ἐστί.
3120 1535 3214 1598 Τίς
3246 1536 3353 1606 γὰρ
3390 1536 3454 1590 ἂν
3494 1540 3552 1589 ἐν
3574 1539 3677 1607 χά-

2104 1639 2252 1693 ριτος
2293 1620 2501 1686 δέξαιτο
2549 1624 2724 1693 μέρει,
2772 1627 2834 1677 τὸ
2874 1629 2991 1679 κατ’
3036 1627 3278 1699 ἀνάγκην
3333 1629 3677 1699 συμϐαίνειν,

2104 1712 2208 1766 κᾶν
2239 1713 2523 1784 ἐπικερδὲς
2565 1715 2658 1768 καὶ
2695 1716 2969 1787 ὠφέλιμον
2999 1714 3067 1790 ᾖς
3114 1719 3250 1773 Οῦτε
3290 1722 3397 1791 γὰρ
3438 1722 3515 1793 τῷ
3547 1724 3681 1793 πυρὶ

2102 1805 2202 1872 τῆς
2240 1802 2594 1875 θερμότητος,
2624 1804 2748 1858 οὐτε
2771 1807 2850 1877 τῷ
2876 1807 3026 1861 ῦδατι
3049 1810 3145 1879 τῆς
3169 1810 3315 1881 ῥοῆς,
3338 1812 3496 1881 χάριν
3526 1812 3683 1881 γινὼ-

2104 1910 2328 1964 σκομεν,
2372 1897 2451 1959 είς
2484 1897 2581 1968 τὴν
2621 1899 2863 1968 ἀνάγκην
2904 1900 3002 1971 τῆς
3044 1902 3255 1969 φύσεως
3294 1905 3587 1973 ἀνάγοντες
3620 1907 3685 1958 τὸ

2102 1989 2407 2059 γινόμενον,
2443 1988 2532 2042 διά
2552 1990 2613 2042 τὸ
2645 1990 2719 2062 μὴ
2751 1992 3005 2045 δύνασθαι
3032 1995 3092 2046 τὸ
3115 1994 3225 2066 πῦρ
3265 1996 3363 2065 τῆς
3390 1997 3684 2068 θερμαντι-

2105 2082 2504 2153 κῆςένεργείας
2535 2084 2997 2158 ἁπολειφθῆναι,ἢ
3033 2087 3291 2158 στάσιμον
3318 2091 3409 2141 ἐπὶ
3440 2091 3683 2160 πρανοῦς

2109 2175 2285 2242 μεῖναι
2308 2174 2368 2226 τὸ
2398 2174 2561 2244 ὕδωρ,
2606 2176 2925 2245 αὐτομάτως
2964 2178 3063 2248 τῆς
3100 2179 3330 2247 τοπικῆς
3357 2180 3684 2243 ὲπικλίσεως

2106 2265 2469 2337 ὲφελκομένης
2501 2268 2592 2320 ἐπὶ
2637 2267 2697 2320 τὸ
2726 2268 2912 2339 πρόσω
2943 2269 3040 2340 τὴν
3068 2271 3300 2341 κίνησιν.
3359 2271 3422 2325 Εἰ
3455 2270 3547 2325 οὗν
3583 2273 3685 2340 φύ-

2109 2371 2246 2418 σεως
2311 2357 2524 2429 ἀνάγκῃ
2589 2357 2686 2428 τὴν
2748 2360 2835 2412 διὰ
2896 2362 3097 2431 σαρκὸς
3154 2363 3471 2431 εὐεργεσίαν
3531 2364 3685 2432 παρά

2108 2444 2201 2496 τοῦ
2246 2445 2373 2498 Υίοῦ
2418 2448 2738 2518 γεγενῆσθαι
2779 2453 2889 2514 τοῖς
2937 2451 3242 2521 ἀνθρώποις
3280 2453 3546 2521 λέγουσιν,
3596 2456 3686 2507 οὐ-

2108 2536 2301 2605 δεμίαν
2348 2541 2563 2602 πάντως
2606 2542 2761 2611 χάριν
2791 2542 3177 2608 γινώσκουσιν,
3220 2546 3300 2598 ὅτι
3340 2546 3438 2597 οὐκ
3481 2548 3558 2609 είς
3592 2546 3687 2598 δύ-

2110 2644 2271 2698 ναμιν
2308 2629 2744 2702 ἑξουσιαστικὴν,
2800 2634 2913 2685 ἀλλ’
2949 2636 3027 2699 εἰς
3070 2636 3301 2707 φυσικὴν
3342 2637 3584 2706 ἀνάγκην
3626 2638 3687 2689 τὸ

2112 2723 2328 2788 γεγονὸς
2367 2722 2741 2794 ἀναφέρουσιν.
2795 2726 2854 2777 Et
2883 2725 2938 2777 δὲ
2979 2728 3076 2797 τῆς
3112 2727 3320 2798 δωρεᾶς
3363 2728 3687 2799 αἰσθανόμε-

2112 2826 2191 2861 νοι
2232 2811 2331 2881 τὴν
2372 2812 2688 2882 εὐεργεσίαν
2742 2812 3099 2883 ἀτιμάζουσι,
3169 2816 3380 2870 δέδοικα
3428 2817 3502 2889 μὴ
3552 2818 3688 2888 πρὸς

2112 2900 2418 2954 τούναντίον
2452 2906 2760 2973 περιτραπῇ
2799 2904 2960 2957 πάλιν
3003 2906 3184 2968 αὐτοῖς
3220 2908 3252 2976 ἡ
3293 2907 3550 2971 ἀσέϐεια,
3595 2912 3691 2963 καὶ

2114 2992 2511 3062 προτιμοτέραν
2544 2993 2874 3062 ποιήσωνται
2905 2994 3002 3064 τὴν
3032 2995 3253 3066 ἐμπαθῆ
3286 2997 3381 3049 τοῦ
3419 2999 3542 3051 Υἱοῦ
3572 3001 3690 3054 διά-

431 3093 586 3160 Quod
613 3094 659 3147 si
706 3106 908 3145 munus
942 3089 995 3143 id
1045 3103 1169 3143 esse
1201 3087 1521 3147 sentientes,
1558 3082 1882 3138 beneﬁcium
1915 3081 2011 3135 de-

2117 3081 2264 3136 θεσιν
2328 3085 2424 3152 τῆς
2458 3087 2728 3156 πατρικῆς
2762 3087 3057 3151 ἀπαθείας,
3109 3090 3167 3140 ὲν
3198 3090 3276 3160 τῷ
3302 3090 3420 3143 καθ’
3462 3093 3689 3156 ἑαυτοὺς

430 3186 710 3246 decorant,
744 3195 936 3236 vereor
970 3195 1037 3233 ne
1066 3180 1120 3231 in
1156 3178 1492 3231 contrarium
1538 3185 1687 3228 rctro
1721 3176 1853 3243 ipsis
1888 3188 2012 3227 con-

431 3285 675 3332 vertatur
702 3277 974 3345 impietas,
1004 3281 1168 3337 atque
1217 3271 1388 3339 pluris
1419 3268 1791 3323 mstimandam
1826 3267 2014 3335 patibi-

435 3371 541 3425 lem
584 3369 707 3422 Filii
761 3366 1176 3436 dispositioncm
1228 3361 1451 3422 faciant,
1510 3373 1672 3427 quam
1734 3365 2013 3426 paternam

435 3460 958 3527 impassihilitatem,
986 3452 1254 3523 siquidem
1290 3452 1344 3504 in
1382 3452 1544 3514 bono,
1568 3448 1711 3516 quod
1744 3448 1797 3500 in
1828 3461 2014 3501 eorum

437 3552 725 3604 utilitatem
759 3547 923 3609 cedit,
984 3543 1193 3612 pulchri
1239 3540 1502 3609 judicium
1545 3539 1768 3592 faciant.
1803 3536 1934 3590 Nam
1972 3537 2017 3591 si

438 3638 655 3697 Filium,
680 3637 822 3689 sicut
860 3633 928 3685 de
955 3632 1117 3685 Patre
1143 3631 1441 3683 decernunt
1470 3639 1522 3682 et
1547 3628 1761 3689 docent,
1797 3642 2018 3696 perpes-

438 3722 611 3777 sionis
640 3736 746 3774 non
791 3734 1045 3788 capacem
1077 3732 1197 3772 esse
1230 3717 1570 3787 contigisset,
1600 3715 2017 3770 inemendabilis

440 3824 603 3882 atque
649 3810 1018 3879 irreparabilis
1052 3810 1344 3863 mansisset
1389 3817 1575 3861 nostra
1609 3808 1851 3869 miseria,
1885 3808 2014 3876 quia

441 3920 550 3959 non
579 3911 724 3957 esset
750 3901 842 3969 qui
880 3915 976 3969 per
999 3899 1274 3969 propriam
1300 3900 1691 3967 experientiam
1736 3898 1800 3951 ad
1842 3899 2019 3951 incor-

444 3995 749 4064 ruptionem
784 3992 1096 4046 sublevaret
1124 3990 1418 4043 hominem.
1452 3988 1518 4041 Et
1541 3990 1619 4043 sic
1650 3990 2018 4057 captiosoruin

442 4102 505 4140 ac
530 4084 800 4138 fallacinm
824 4084 1214 4154 magistrorum
1236 4082 1455 4135 solertia
1484 4096 1591 4134 non
1615 4081 2019 4143 animadvertit,

2117 3174 2326 3243 ἀγαθῷ,
2352 3176 2449 3242 τὴν
2474 3177 2566 3228 τοῦ
2599 3177 2764 3230 καλοῦ
2792 3179 2972 3249 κρίσιν
2998 3180 3326 3250 ποιούμενοι.
3370 3184 3431 3235 EE
3458 3183 3566 3255 γάρ
3598 3186 3689 3238 καὶ

2119 3266 2207 3319 τὸν
2252 3266 2410 3329 Υίὸν,
2474 3268 2656 3332 καθὼς
2702 3270 2827 3341 περὶ
2874 3271 2968 3323 τοῦ
2998 3273 3208 3338 Πατρὸς
3254 3274 3689 3343 δογματίζουσιν,

2120 3359 2502 3428 ἀπαράδεκτον
2533 3354 2671 3412 εἶναι
2699 3362 2893 3433 συνέϐη
2940 3363 3031 3414 τοῦ
3081 3364 3315 3424 πάθους,
3373 3364 3692 3435 ἀδιόρθωτος

2122 3450 2335 3520 ἔμεινεν
2364 3451 2428 3504 ἃν
2462 3454 2493 3520 ὴ
2536 3452 2634 3520 τῆς
2668 3451 2880 3520 φύσεως
2925 3452 3077 3522 ἡμῶν
3112 3453 3386 3522 συμφορὰ,
3416 3455 3515 3505 οὐκ
3544 3454 3691 3515 ὄντος

2121 3540 2215 3591 τοῦ
2248 3540 2334 3592 διὰ
2383 3540 2481 3608 τῆς
2511 3540 2714 3603 οἰκείας
2755 3541 2950 3613 πείρας
3002 3543 3080 3604 εἰς
3113 3543 3416 3612 ἀφθαρσίαν
3447 3542 3689 3612 ἐξαιρουο

2128 3631 2287 3702 μένου
2332 3632 2422 3684 τὸν
2457 3632 2739 3701 ἄνθρωπον
2770 3650 2786 3667 ο
2820 3635 2914 3685 καὶ
2954 3634 3095 3686 οὕτω
3136 3634 3384 3687 λανθάνει
3428 3636 3692 3703 σοφιστῶν

2121 3726 2154 3793 ἡ
2178 3724 2434 3791 δεινότης,
2457 3723 2521 3774 δι’
2554 3718 2626 3775 ὧν
2654 3722 2931 3793 καθαιρεῖν
2952 3726 3218 3797 ἐπιχειρεῖ
3248 3726 3341 3779 τοῦ
3379 3726 3695 3796 μονογενοῦς

2124 3815 2257 3867 Θεοῦ
2285 3815 2344 3867 τὸ
2380 3815 2682 3883 μεγαλεῖον,
2714 3817 2793 3877 εἰς
2826 3814 3075 3884 μείζονάς
3105 3836 3161 3871 τε
3186 3820 3278 3870 καὶ
3300 3819 3692 3888 προτιμοτέρας

2125 3905 2419 3973 ὑπολήψεις
2456 3906 2614 3957 αὐτὸν
2647 3907 3003 3975 περιάγουσα.
3068 3910 3322 3980 Ἐπείπερ
3347 3912 3374 3962 ὁ
3403 3910 3694 3979 δυνάμενος

2128 3995 2436 4065 ὲπιδρᾶσαι,
2472 3995 2564 4047 τοῦ
2608 3996 2989 4059 ἀδυνατοῦντος
3017 3999 3152 4069 πρὸς
3180 4000 3241 4052 τὸ
3279 4000 3482 4067 ἀγαθὸν
3512 4018 3696 4070 προτι-

2134 4084 2377 4155 μότερος.

442 4177 585 4246 quod
617 4194 712 4248 per
740 4194 804 4232 ea
854 4178 1054 4247 quibus
1087 4179 1373 4232 destruere
1414 4176 1634 4229 molitur
1662 4176 1883 4245 ingeniti
1924 4176 2014 4230 Dei
2059 4180 2418 4248 majestatem,
2490 4183 2554 4235 ad
2587 4184 2822 4252 majores
2846 4196 2899 4239 et
2931 4186 3363 4242 honorabiliorcs
3416 4189 3697 4257 opiniones

443 4272 619 4341 ipsum
654 4269 975 4340 circumagit
1018 4288 1032 4323 :
1074 4269 1345 4341 siquidem
1402 4268 1497 4337 qui
1546 4276 1724 4338 potest
1780 4269 1995 4337 operari
2034 4270 2259 4336 bonum,
2308 4289 2374 4327 eo
2423 4275 2512 4341 qui
2561 4276 2625 4328 ad
2695 4277 2895 4330 bonum
2931 4290 3015 4333 est
3046 4280 3313 4348 impotens
3358 4282 3699 4352 praestantior

441 4380 546 4421 esu

516 4454 620 4509 Sed
663 4455 838 4509 sentio
882 4452 1246 4507 inordinatum
1286 4453 1559 4506 sermonis
1607 4465 1864 4513 cursum;
1903 4465 2009 4503 non
2045 4455 2095 4514 ο

442 4546 587 4599 enim
628 4556 807 4599 manet
846 4546 898 4598 in
936 4561 1100 4600 cursu
1139 4544 1509 4603 convenienti,
1548 4543 1664 4607 sed,
1703 4553 1762 4595 ut
1802 4531 2021 4596 fervidis

445 4645 499 4689 et
533 4637 792 4689 animosis
838 4650 1100 4705 equorum
1161 4634 1325 4704 pullis
1374 4636 1510 4688 solet
1553 4635 1903 4702 contingere,
1954 4632 2023 4683 ab

448 4725 881 4778 adversariorum
916 4724 1096 4793 impiis
1121 4723 1386 4779 conviciis
1422 4723 1721 4792 impetuosc
1755 4720 1926 4775 fertur
1953 4719 2020 4773 ad

450 4816 811 4883 insequendas
858 4816 1227 4870 absurditates
1273 4829 1462 4869 eorum
1516 4829 1636 4883 qua:
1686 4818 2019 4881 supponunt.

451 4908 589 4977 Ergo
621 4908 735 4976 ipse
759 4906 1095 4962 cohibendus
1124 4912 1209 4961 est
1238 4922 1302 4960 ac
1331 4905 1709 4976 reprimendus
1730 4944 1744 4963 ,
1787 4920 1855 4957 ne
1879 4917 2021 4971 prae-

449 4998 597 5052 ferox
635 4997 844 5051 frenum
888 5012 1183 5067 respuens,
1222 4998 1363 5051 ultra
1405 4996 1621 5051 modum
1665 4996 1718 5048 in
1762 4992 2022 5047 absurdo-

449 5106 567 5141 rnm
595 5087 1113 5143 demonstrationem
1149 5097 1432 5157 evagetur;
1474 5087 1685 5141 veniam
1720 5093 1897 5138 autem
1927 5084 2022 5136 da-

448 5180 526 5232 bit
567 5178 833 5249 benignus
871 5187 923 5234 et
962 5179 1227 5233 candidus
1266 5178 1481 5230 auditor
1514 5177 1585 5230 ob
1618 5189 1680 5228 ea
1716 5188 1837 5242 qua:
1871 5173 2015 5227 dicta

448 5276 610 5331 sunt,
643 5286 751 5323 non
782 5269 939 5324 nobis
979 5270 1379 5321 incumbentem
1421 5281 1483 5317 ex
1530 5264 1884 5333 inquisitione
1924 5263 2021 5315 ali-

448 5360 738 5414 surdorum
781 5358 1338 5419 demonstrationem,
1383 5356 1476 5408 sed
1524 5356 1607 5407 his
1653 5356 1743 5423 qui
1790 5355 2023 5422 maligna

450 5460 656 5519 ponunt
686 5450 951 5518 principia
972 5492 986 5514 ,
1025 5448 1320 5517 imputans.
1357 5445 1523 5500 Nobis
1557 5455 1738 5498 autem
1775 5445 1841 5498 ad
1869 5446 2017 5498 aliud

450 5539 708 5605 quiddam
739 5555 928 5591 corum
958 5554 1076 5605 qua:
1105 5539 1249 5591 dicta
1282 5545 1443 5597 sunt,
1480 5534 1743 5602 adigenda
1775 5534 2023 5603 specula-

452 5628 528 5676 tiu
550 5623 707 5676 :dicit
730 5624 874 5677 enim
893 5626 1036 5690 quod
1058 5644 1073 5672 ι
1096 5627 1258 5677 etiam
1279 5624 1436 5681 nobis
1467 5624 1632 5679 Deum
1664 5626 2022 5695 compositum

452 5710 1017 5776 cilicit,quodluccni
1063 5713 1282 5777 quidem
1326 5729 1667 5770 communem
1720 5730 2025 5785 supponere

2200 4448 2337 4500 Ἀλλ’
2385 4449 2706 4520 αἰσθάνομαι
2755 4454 3189 4519 ὑπατακτοῦντος
3243 4459 3335 4511 τοῦ
3387 4460 3548 4529 λόγου
3583 4480 3595 4493 ·
3640 4466 3699 4517 οὐ

2123 4537 2231 4607 γὰρ
2249 4537 2493 4607 ἐπιμένει
2512 4539 2587 4609 τῷ
2615 4540 2905 4611 καθήκοντι
2935 4544 3135 4613 δρόμῳ,
3155 4548 3296 4600 κατὰ
3318 4551 3441 4613 τοὺς
3466 4551 3702 4623 θερμούς

2122 4645 2180 4680 τε
2210 4630 2301 4681 καὶ
2330 4628 2595 4697 θυμώδεις
2635 4631 2742 4683 τῶν
2787 4633 2981 4686 πώλων
3015 4638 3133 4698 ταῖς
3156 4637 3264 4689 τῶν
3288 4641 3705 4708 ἀνταγωνιστῶν

2125 4718 2494 4790 βλασφημίαις
2520 4724 2981 4794 συνεκφερόμενος
3010 4728 3145 4798 πρὸς
3179 4728 3247 4781 τά
3275 4730 3372 4801 τῆς
3392 4733 3704 4799 ὑποθέσεως

2122 4812 2317 4865 ἄτοπα.
2383 4812 2590 4865 Οὐκοῦν
2636 4814 2926 4866 καθεκτέον
2970 4817 3130 4869 αὐτὸν
3164 4819 3303 4889 πέρα
3335 4822 3429 4873 τοῦ
3479 4826 3705 4897 μετρίου

2124 4903 2255 4971 πρὸς
2281 4904 2621 4973 κατασκευὴν
2648 4904 2755 4957 τῶν
2780 4906 2995 4958 ἀτόπων
3023 4908 3406 4977 ἀφηνιάζοντα.
3455 4914 3707 4983 Συγγνώ-

2125 5008 2275 5043 σεται
2306 4992 2362 5044 δὲ
2386 4992 2601 5056 πάντως
2629 4997 2657 5046 ὀ
2679 4996 2976 5064 εὐγνώμων
3004 4999 3277 5069 ἀκροατὴς
3303 5003 3393 5054 ἐπὶ
3422 5008 3536 5068 τοῖς
3560 5009 3706 5077 εἰρη-

2128 5086 2327 5151 μένοις.
2353 5086 2448 5154 οὐχ
2474 5088 2607 5156 ἡμῖν
2635 5086 2732 5156 τὴν
2753 5088 3167 5142 ἀνακύπτουσαν
3188 5093 3250 5142 ἐκ
3277 5092 3376 5161 τῆς
3407 5095 3705 5160 ἐξετάσεως

2125 5174 2375 5239 ἀτοπίαν,
2407 5175 2542 5228 ἀλλά
2572 5178 2683 5238 τοῖς
2703 5175 2800 5239 τὰς
2829 5178 3066 5247 πονηράς
3093 5179 3500 5249 ὑποτιθεμένοις
3533 5184 3707 5253 ἀρχὰς

2125 5263 2486 5333 λογιζόμενος.
2535 5266 2693 5334 Ἡμῖν
2718 5266 2774 5317 δὲ
2807 5268 2941 5337 πρὸς
2966 5268 3148 5339 ἕτερόν
3178 5288 3228 5323 τι
3261 5271 3370 5324 τῶν
3400 5274 3707 5343 εἰρημένων

2129 5356 2421 5423 μετακτέον
2456 5356 2552 5426 τὴν
2586 5357 2835 5427 θεωρίαν.
2885 5361 3021 5428 Φησὶ
3055 5362 3275 5433 γάρ,ὅτι
3325 5381 3342 5410 ι
3377 5366 3485 5417 Καὶ
3516 5366 3705 5417 σύνθε-

2125 5462 2215 5495 τον
2271 5448 2401 5514 ἡμῖν
2423 5446 2511 5498 τόν
2541 5448 2671 5500 Θεὸν
2703 5450 3094 5518 ἀπεργάζεται.
3128 5450 3203 5519 τῷ
3236 5455 3410 5503 κοινὸν
3439 5453 3536 5520 μὲν
3577 5454 3705 5505 ὐπο-

2128 5535 2312 5588 θέσθαι
2363 5537 2422 5588 τὸ
2476 5537 2608 5605 φῶς,
2646 5539 2867 5609 ἰδιότησι
3002 5559 3111 5592 τισι
3155 5542 3249 5595 καὶ
3291 5543 3559 5604 ποικίλαις
3591 5544 3705 5595 δια-

2128 5628 2316 5693 φοραῖς
2340 5624 2566 5695 θατέρου
2589 5627 2839 5696 χωρίξειν
2863 5628 3106 5699 θάτερον.
3141 5631 3395 5683 Σύνθετον
3419 5633 3528 5700 γὰρ
3554 5633 3705 5684 οὐδὲν

2127 5709 2284 5782 ἦττον
2311 5714 2369 5767 τὸ
2403 5715 2665 5785 κοινότητι
2699 5719 2795 5787 μιᾷ
2828 5720 3301 5787 συνενηνεγμένον,
3338 5719 3621 5788 διαφοραῖς
3649 5720 3702 5771 δέ
