4046 6150
483 306 591 363 815

1776 304 1835 366 S.
1870 306 2202 365 GRELORII
2242 305 2539 364 NYSSEN!

3634 256 3740 361 siis

486 439 670 485 rerum
736 429 1043 479 creatarum
1100 423 1474 493 magnitudine
1531 433 1585 479 et
1648 426 2058 497 pulchritudine

2177 427 2422 495 ιεγέθους
2475 425 2568 478 καὶ
2621 422 2887 491 καλλονῆς
2934 419 3250 489 κτισμάτων
3291 418 3432 471 κατά
3464 435 3591 472 τινα
3636 420 3743 475 τῶν
3792 436 3799 442 ’

488 516 839 587 proportione
879 514 1114 583 quadam
1167 531 1358 570 eorum
1392 532 1511 585 qua:
1561 525 1973 584 cognoscuntur
2004 518 2058 570 in

487 604 857 674 cognitionem
892 606 1042 659 venit
1079 606 1225 674 quod
1260 608 1348 665 sit,
1383 608 1557 660 solum
1600 604 1758 661 ﬁdem
1788 621 1887 676 per
1920 622 2052 677 ope-

487 697 751 761 rationes,
788 693 1268 766 noncognitionetn
1286 695 1403 764 ejus
1420 698 1562 765 quod
1598 699 1674 753 sit
1721 699 2057 768 gratiﬁcans.

485 789 624 849 Cum
663 788 827 857 igitur
876 788 989 841 haec
1043 789 1184 858 apud
1238 781 1429 844 omnes
1462 789 1808 848 Christianos
1862 791 2053 845 intelli-

489 881 671 951 gentia
706 879 1014 950 praevaleat,
1040 879 1160 936 illos
1197 887 1374 935 autem
1399 880 1522 934 dico
1560 881 1653 950 qui
1686 881 1786 937 hac
1819 883 2062 952 appella-

492 974 637 1029 tione
672 980 800 1028 sunt
829 973 1000 1042 digni,
1054 972 1147 1041 qui
1182 987 1249 1031 ex
1279 972 1394 1043 lege
1437 972 1572 1026 nihil
1631 972 1862 1028 adorare
1914 974 2063 1042 quod

489 1081 599 1125 non
631 1065 701 1123 sit
747 1080 907 1121 verus
950 1064 1110 1130 Deus,
1144 1063 1476 1130 didicerunt,
1514 1064 1647 1120 dum
1692 1065 1796 1134 ipsi
1831 1065 2064 1119 adorant

497 1154 844 1224 Unigenitum
886 1153 1075 1219 Deum,
1114 1154 1168 1212 in
1204 1155 1431 1210 veritate
1473 1153 1802 1225 conﬁtentur
1833 1171 1931 1209 nec
1966 1154 2064 1209 fal-

492 1247 819 1303 sinominem
857 1245 1024 1303 Deum
1050 1262 1196 1308 esse,
1237 1247 1550 1316 corrnptrix
1586 1248 1779 1317 rubigo
1808 1247 2066 1303 Ecclesia:

491 1339 735 1403 inolevit,
776 1337 1015 1406 qum,pia
1059 1336 1269 1392 semina
1315 1337 1526 1390 inutilia
1560 1337 1813 1401 reddens,
1851 1336 2063 1393 Judaici

492 1426 699 1483 erroris
749 1436 997 1494 patrona,
1043 1426 1205 1479 habet
1254 1427 1456 1494 aliquid
1496 1428 1826 1484 Graecanica
1878 1429 2067 1496 impie-

495 1514 642 1573 tatis.
674 1512 731 1566 ln
764 1530 827 1566 eo
871 1514 1014 1567 enim
1049 1514 1193 1582 quod
1226 1514 1391 1567 Deum
1421 1515 1583 1585 ﬁngat
1616 1528 1882 1581 creatum,
1915 1518 2066 1573 Grata,

495 1619 684 1663 eorum
716 1605 888 1659 errori
923 1606 1323 1674 patrocinatur;
1357 1606 1413 1659 in
1441 1622 1506 1661 eo
1536 1623 1666 1663 vero
1696 1610 1841 1678 quod
1867 1609 2067 1663 Filium

497 1700 605 1756 non
640 1693 1247 1764 suscipiat,,Judaicum
1283 1701 1625 1753 commendat
1651 1714 1913 1755 errorem.
1943 1700 2068 1755 llaec

2160 516 2574 586 γινωσκομένων
2632 513 2922 579 ἀναλογίαν
2980 513 3061 574 εἰς
3110 508 3314 579 γνῶσιν
3371 509 3592 580 ἔρχεται
3649 512 3740 563 τοῦ

2162 603 2320 669 εἶναι,
2372 607 2529 676 μόνον
2560 606 2658 675 τὴν
2688 606 2870 658 πίστιν
2918 605 3007 660 διὰ
3049 605 3160 657 τῶν
3190 602 3505 673 ἐνεργειῶν,
3537 603 3600 654 οὐ
3640 602 3741 671 τὴν

2162 700 2362 766 γνῶσιν
2431 695 3109 767 τουτέστι⁶χαριζόμενος.
3162 695 3376 763 Ταύτης
3429 694 3608 745 τοίνυν
3646 692 3743 761 τῆς

2162 790 2398 853 διανοίας
2438 789 2589 860 παρὰ
2617 790 2750 842 πᾶσι
2804 792 2915 851 τοῖς
2944 789 3287 859 Χριστιανοϊς
3315 782 3743 854 κεκρατηκυίας,

2162 885 2274 945 τοῖς
2303 898 2367 949 γε
2398 882 2495 951 τῆς
2523 880 2839 950 ἐπωνυμίας
2866 880 3067 949 ταύτης
3097 879 3291 945 ἀξίοις,
3310 876 3546 940 ὶκείνοις
3581 876 3743 944 φημὶ,

2164 976 2491 1043 προσκυνεῖν
2524 973 2672 1041 παρὰ
2728 971 2823 1024 τοῦ
2877 971 3042 1042 νόμου
3102 970 3479 1041 μεμαθηκόσιν
3516 967 3681 1038 μηδὲν
3719 965 3747 1017 δ

2167 1067 2241 1136 μή
2292 1068 2440 1117 ἐστιν
2485 1063 2735 1133 ἀληθινὸς
2780 1064 2945 1127 Θεὸς,
2989 1061 3140 1132 αὐτῷ
3175 1062 3257 1132 τῷ
3296 1062 3622 1133 προσκυνεῖν
3657 1058 3748 1111 τὸν

2168 1153 2431 1225 μονογενῆ
2454 1153 2585 1205 Θεὸν
2604 1195 2619 1216 ,
2646 1152 2999 1221 ὁμολογοῦσιν
3032 1155 3089 1205 ἐν
3109 1150 3339 1221 ἀληθείᾳ
3369 1150 3461 1202 καὶ
3492 1148 3551 1201 οὐ
3583 1147 3748 1216 ψευδ-

2166 1245 2378 1314 ώνυμον
2418 1241 2559 1297 εἷναι
2598 1244 2751 1305 Θεὸν,
2781 1240 2942 1313 ἦλθεν
2967 1245 3001 1313 ἠ
3041 1241 3361 1314 φθοροποιὸς
3392 1238 3622 1311 ὲρυσίδη
3647 1238 3748 1306 τῆς

2178 1336 2551 1406 Ἐκκλησίαςὴ
2586 1334 2878 1405 ἀχρειοῦσα
2911 1334 2976 1387 τὰ
3008 1334 3207 1403 εὐσεϐῆ
3247 1332 3562 1403 σπέρματα,
3585 1332 3619 1400 ἠ
3649 1332 3746 1399 τῆς

2180 1429 2473 1497 Ἰουδαϊκῆς
2533 1429 2747 1496 ἀπάτης
2803 1430 3099 1496 συνήγορος
3152 1424 3353 1496 ἔχουσά
3398 1440 3452 1475 τι
3503 1424 3597 1476 καὶ
3647 1421 3750 1490 τῆς

2180 1518 2494 1590 Ἑλληνικῆς
2539 1518 2747 1581 ἁθεῖας.
2776 1517 2868 1587 Τῷ
2894 1518 2989 1588 μὲν
3010 1518 3116 1588 γάρ
3147 1516 3362 1569 mme
3386 1515 3750 1568 ἀναπλάττειν

2168 1612 2320 1672 Θεὸν.
2352 1612 2450 1681 τῆς
2481 1610 2589 1662 τῶν
2622 1608 2885 1679 Ἑλλήνιον
2937 1607 3149 1679 ἀπάτης
3186 1608 3485 1678 συνήγορος
3519 1605 3746 1672 γίνεται·

2169 1702 2248 1773 τῷ
2291 1703 2346 1756 δὲ
2393 1702 2466 1771 μὴ
2516 1701 2915 1771 παραδέχεσθαι
2963 1702 3055 1754 τὸν
3106 1701 3270 1763 Υἰὸν,
3304 1701 3403 1771 τὴν
3459 1699 3752 1769 Ἰουδαῖκὴν

495 1786 659 1856 igitur
694 1786 915 1841 haeresis
949 1802 1067 1855 quae
1096 1787 1349 1843 obliterat
1394 1802 1574 1843 veram
1622 1787 1833 1843 Domini
1870 1789 2067 1845 divini-

2178 1796 2454 1863 συνίστησι
2499 1794 2704 1864 πλάνην
2737 1811 2749 1823 ·
2787 1792 2923 1862 αὕτη
2952 1791 3131 1845 τοίνυν
3164 1793 3197 1862 ή
3246 1792 3453 1860 αἵρεσις
3487 1795 3520 1860 η
3569 1808 3750 1861 παρα-

494 1886 685 1941 tatem,
720 1887 771 1932 et
802 1893 921 1951 quae
958 1878 1134 1947 ipsum
1167 1893 1275 1932 non
1309 1879 1613 1937 increatum
1645 1879 2069 1935 existimandum

493 1986 618 2027 esse
646 1971 945 2039 praestruit,
992 1984 1092 2028 nec
1145 1970 1277 2024 illud
1334 1985 1458 2029 esse
1502 1971 1649 2039 quod
1702 1970 1923 2041 quidem
1974 1988 2071 2040 per

494 2066 787 2120 essentiam
830 2072 884 2122 et
934 2064 1188 2123 virtutem
1243 2070 1297 2117 et
1352 2064 1669 2133 dignitatem
1711 2073 1797 2118 est
1858 2062 2069 2126 Pater;

499 2152 771 2220 siquidem
829 2152 1030 2219 ubique
1084 2153 1315 2211 veritate
1359 2151 1811 2220 cirrumfulgente
1864 2154 2069 2210 nullam

499 2243 700 2295 habent
746 2240 1183 2303 adstructionem
1252 2241 1366 2299 haec
1424 2234 1686 2301 nebulosa
1742 2252 2069 2308 commenta,

498 2332 755 2388 (minibus
790 2332 1120 2400 posthabitis
1168 2348 1290 2402 qua:
1328 2332 1393 2386 ad
1435 2330 1545 2390 Deo
1575 2332 1828 2388 decoram
1859 2342 1910 2386 et
1940 2348 2071 2390 con-

498 2427 805 2483 venientem
880 2426 1115 2493 aliquam
1177 2423 1635 2496 gloriﬁcationem
1690 2440 1721 2479 a
1788 2424 2073 2496 Scriptura

498 2523 722 2575 inventa
773 2530 901 2575 sunt
933 2521 1176 2584 nomina,
1208 2528 1260 2575 et
1295 2536 1416 2591 quae
1448 2530 1557 2574 tam
1603 2521 1669 2576 de
1716 2519 1875 2579 Patre
1908 2537 2071 2591 quam

498 2612 568 2677 de
613 2611 752 2666 Filio
805 2611 1096 2678 dicuntur;
1144 2620 1411 2668 venerunt
1464 2611 1529 2666 ad
1576 2612 1631 2667 id
1686 2612 1830 2681 quod
1872 2612 2074 2666 dicitur

498 2717 697 2756 nomen
737 2702 1085 2772 ἀγεννησία;,
1140 2701 1207 2753 ab
1261 2701 1347 2757 his
1393 2703 1525 2770 ipsis
1587 2703 1641 2755 in
1703 2711 2070 2773 contemptum

499 2793 807 2863 majestatis
843 2791 1118 2861 Unigeniti
1143 2794 1457 2847 conﬁctum.
1493 2795 1627 2848 Cum
1652 2795 1796 2849 enim
1828 2795 1915 2865 pia
1947 2810 2074 2848 con-

434 2916 437 2919 »
500 2884 673 2944 fessio
707 2884 864 2940 ﬁdem
893 2887 945 2938 in
980 2882 1329 2954 Unigenitnm
1356 2884 1527 2939 Deum
1574 2884 1765 2943 doceat
1794 2894 1856 2940 nt
1883 2900 2079 2942 omnes

507 2976 705 3039 Filium
738 2976 1028 3042 honorent,
1065 2976 1206 3030 sicut
1255 2975 1469 3032 Patrem
1507 2976 1683 3044 ipsum
1720 2976 1926 3031 honore
1955 2976 2072 3028 alli-

501 3071 696 3125 ciunt:
730 3082 921 3122 omnes
956 3067 1092 3122 istas
1141 3067 1256 3137 pias
1289 3082 1448 3121 voces
1482 3067 1683 3136 quibus
1731 3066 1849 3121 Filii
1881 3066 2071 3137 ampli-

503 3160 654 3222 tudo,
679 3159 795 3229 pari
819 3158 1022 3214 honore
1054 3173 1177 3211 cum
1218 3157 1394 3212 Patris
1417 3159 1681 3228 dignitate
1710 3160 2068 3229 signiﬁcatur,

501 3253 903 3322 pr0pulsantes,
928 3251 1052 3306 inde
1084 3252 1187 3306 sibi
1218 3250 1355 3321 ipsis
1379 3250 1599 3306 nefariae
1625 3261 1677 3307 et
1710 3251 1877 3307 Deum
1910 3253 2076 3307 abne-

502 3346 682 3415 gan'is
734 3347 786 3401 in
820 3346 1071 3416 dogmate
1124 3345 1420 3415 impietatis
1472 3348 1737 3417 principia
1776 3356 1831 3402 et
1881 3347 2076 3401 funda-

503 3448 682 3492 menta
715 3438 1229 3491 comminiscuntur.
1270 3437 1537 3502 Quoniam
1574 3440 1718 3493 enim
1766 3438 2076 3506 unigenitus

504 3530 667 3592 Dens.
701 3529 843 3585 sicut
869 3543 967 3580 vox
998 3528 1273 3596 Evangelii
1302 3526 1481 3589 docet,
1510 3544 1574 3582 ex
1606 3526 1768 3585 Patre
1793 3528 1985 3593 exivit,
2021 3536 2079 3582 et

504 3622 572 3678 ab
619 3634 684 3674 eo
718 3628 804 3673 est
846 3636 859 3671 :
898 3618 1021 3673 aliis
1062 3618 1378 3679 nominibus
1419 3619 1830 3687 intelligentiam
1887 3634 2078 3688 perpeo

504 3726 621 3766 ram
668 3700 1121 3775 transmutanles,
1178 3726 1273 3780 per
1327 3711 1417 3771 illa
1447 3726 1629 3764 veram
1686 3711 1843 3765 ﬁdem
1876 3710 2078 3767 dilace-

504 3809 648 3855 rant.
667 3800 803 3855 Cum
830 3801 973 3855 enim
1005 3801 1206 3857 veritas
1233 3802 1447 3866 doceat,
1475 3800 1619 3870 quod
1649 3800 1808 3857 Pater
1836 3817 1901 3856 ex
1929 3802 2076 3854 nulla

506 3892 787 3962 superiore
816 3893 886 3947 sit
915 3908 1102 3956 causa,
1143 3893 1231 3948 isti
1263 3893 1611 3964 ἀγεννησίαν,
1646 3893 1698 3947 id
1731 3903 1838 3955 est,
1870 3895 2079 3962 ingene-

508 3970 789 4048 ratianem,
828 3984 1183 4041 nominarunt
1221 3985 1379 4043 talem
1411 3983 1708 4047 notionem,
1736 3994 1789 4038 et
1821 3998 1882 4037 ex
1922 3983 2081 4039 Patre

511 4074 783 4144 Unigeniti
818 4075 1234 4131 subsistentiam
1271 4076 1641 4145 generationis
1668 4075 1888 4129 nomine
1910 4075 2080 4143 signi-

511 4169 671 4225 ﬁcant
697 4183 709 4217 :
740 4164 936 4219 deinde
958 4165 1094 4219 duas
1117 4179 1279 4219 voces
1298 4175 1703 4234 componentes,
1732 4164 2076 4234 ἀγεννησίαν,

506 4258 970 4327 ingenerationem,
1013 4266 1066 4311 et
1104 4257 1377 4326 γέννησιν,
1404 4258 1812 4326 generationem,
1862 4271 2080 4310 contra-

505 4350 736 4407 dictorie
767 4350 869 4405 sibi
899 4350 1134 4404 invicem
1170 4349 1548 4411 adversantes,
1587 4348 1711 4402 inde
1736 4363 2081 4418 consequen-

2175 1886 2492 1957 γραφορέντ,
2541 1883 2634 1954 τὴν
2688 1883 2948 1953 ἀληθινὴν
2987 1882 3083 1935 τοῦ
3128 1882 3332 1953 Κυρίου
3378 1881 3629 1950 θεότητα,
3657 1882 3753 1934 καὶ

2176 1975 2668 2048 παρασκευάζουσα
2704 1976 2777 2047 μὴ
2828 1974 3079 2027 ἄκτιστον
3112 1974 3274 2028 αὑτὸν
3314 1969 3455 2039 εἶναι
3482 1974 3593 2026 δεῖν
3620 1974 3755 2025 ὑπο-

2175 2065 2470 2136 λαμϐάνειν
2489 2079 2501 2092 ·
2533 2064 2628 2121 καὶ
2664 2064 2740 2139 μὴ
2773 2065 2947 2116 ἐκεῖνο
2965 2064 3102 2134 ὅπερ
3128 2065 3244 2117 κατ’
3265 2064 3452 2117 οὐσίαν
3473 2065 3568 2116 καὶ
3594 2062 3755 2117 δύνα-

2180 2173 2271 2227 μιν
2299 2145 2395 2213 καλ
2435 2154 2589 2219 ἀξίαν
2635 2155 2783 2208 ἐστὶν
2827 2155 2856 2206 ὀ
2897 2154 3106 2224 Πατήρ.
3165 2154 3379 2224 Ἐπειδὴ
3420 2153 3755 2223 πανταχόθεν

2175 2247 2275 2316 τῆς
2318 2245 2572 2316 ἀληθείας
2621 2245 3101 2317 περιλαμπούσης,
3144 2245 3400 2316 οὐδεμίαν
3442 2245 3558 2315 ἔχει
3590 2262 3753 2298 κατα-ι

2178 2337 2377 2409 σκευὴν
2402 2337 2472 2391 τὰ
2499 2336 2710 2408 ζοφώδη
2735 2336 2910 2390 ταῦτα
2948 2339 3195 2407 νοήματα
3225 2354 3240 2367 ·
3275 2338 3455 2393 πάντα
3490 2337 3601 2389 τῶν
3636 2337 3753 2391 ὀνο-υ

2181 2430 2364 2499 μάτων
2392 2427 2734 2499 ὑπεριδόντες
2758 2426 2865 2479 τῶν
2891 2427 2970 2488 εἰς
2992 2426 3270 2496 Θεοπρεπῆ
3303 2442 3424 2481 τινα
3450 2424 3757 2491 δοὸολογίαιι

2177 2521 2328 2592 παρὰ
2356 2521 2453 2591 τῆς
2490 2520 2713 2590 Γμφῆς
2760 2517 3111 2589 εὑρεθέντων,
3144 2517 3342 2588 ὁμοίως
3382 2518 3476 2571 ἐπὶ
3506 2517 3601 2569 τοῦ
3644 2516 3756 2571 Πα-

2175 2614 2303 2684 τρὺς
2328 2612 2423 2665 κα)⁵
2450 2610 2544 2665 τοῦ
2566 2610 2698 2664 Υἱοῦ
2718 2605 3221 2681 λεγομένων,ἦλθον
3246 2607 3336 2660 ἐπὶ
3354 2608 3417 2660 τὸ
3439 2608 3538 2675 τῆς
3583 2608 3755 2675 ἀγενη

2176 2704 2401 2771 νησίας
2425 2702 2595 2773 ὄνομα
2618 2741 2632 2765 ,
2658 2701 2719 2755 τὸ
2758 2701 2885 2771 παρ’
2924 2700 3101 2753 αὐτῶν
3136 2697 3334 2751 τούτων
3378 2698 3471 2751 ἐπὶ
3500 2696 3757 2766 άθετήσει

2176 2797 2275 2866 τῆς
2309 2793 2725 2865 μεγαλειότητος
2770 2791 2864 2844 τοῦ
2903 2788 3224 2861 μονογενοῦς
3248 2788 3387 2859 Θεοῦ
3432 2790 3757 2857 συμπεπλαη

2178 2886 2393 2957 σμένον.
2414 2884 2526 2953 Τῆς
2548 2884 2654 2954 γὰρ
2676 2881 2927 2944 εὐσεϐοῦς
2948 2880 3232 2950 ὁμολογίας
3250 2879 3347 2948 τὴν
3370 2880 3450 2941 εἰς
3481 2878 3575 2934 τὸν
3603 2895 3760 2948 μονον

2176 2978 2309 3047 γενῆ
2342 2978 2473 3032 Θεὸν
2506 2976 2685 3034 πίστιν
2717 2973 3181 3043 δογματιζούσης,
3216 2972 3305 3027 ἵνα
3329 2972 3528 3034 πάντες
3555 2971 3758 3041 τιμῶσι

2180 3072 2269 3124 τὸν
2294 3070 2421 3123 Υἱὸν
2449 3067 2629 3131 καθὼς
2667 3065 2869 3135 τιμῶσι
2892 3065 2985 3117 τὸν
3010 3064 3247 3134 Πατέρα,
3272 3063 3451 3126 πάσας
3481 3057 3627 3122 οὗτοι
3660 3063 3756 3127 τὰς

2177 3161 2417 3222 εὐσεϐεῖς
2442 3159 2644 3228 φωνὰς,
2662 3152 2750 3220 αἷς
2775 3159 2807 3227 ἡ
2829 3156 2920 3213 τοῦ
2940 3156 3070 3210 Υἱοῦ
3098 3154 3453 3225 μεγαλειότης
3478 3154 3757 3223 ὁμοτίμοις

2177 3252 2311 3322 πρὸς
2335 3251 2433 3321 τὴν
2460 3249 2555 3304 τοῦ
2587 3249 2799 3319 Πατρὺς
2830 3248 2987 3313 ἀξίαν
3024 3247 3469 3317 διασημαίνεται,
3501 3246 3759 3311 παρωσά-

2182 3359 2370 3413 μενοι,
2402 3340 2649 3397 ἐντεῦθεν
2692 3343 2906 3403 ἑαυτοῖς
2961 3340 3061 3410 τῆς
3116 3339 3276 3392 ἀθέου
3325 3340 3455 3408 περὶ
3484 3338 3544 3391 τὸ
3583 3339 3760 3408 δόγμα

2179 3435 2519 3505 παρανομίας
2542 3433 2640 3496 τὰς
2667 3433 2839 3502 ἀρχὰς
2867 3434 2959 3486 καὶ
2996 3432 3091 3496 τὰς
3117 3432 3399 3494 ὑποθέσεις
3433 3430 3757 3485 ἐπινοοῦσιν.

2189 3527 2403 3598 Ἐπειδὴ
2440 3528 2546 3597 γὰρ
2571 3530 2600 3580 δ
2626 3525 2916 3597 μονογενὴς
2947 3524 3099 3587 Θεὸς,
3121 3525 3197 3586 ὼς
3233 3525 3265 3593 ἠ
3301 3522 3395 3576 τοῦ
3429 3522 3759 3589 Etiamle

2176 3619 2413 3673 διδάσκει
2439 3618 2620 3688 φωνὴ.
2654 3621 2718 3671 ὲκ
2750 3615 2843 3670 τοῦ
2877 3616 3089 3687 Harpe;
3130 3614 3337 3686 ἐξῆλθε,
3375 3613 3468 3667 καὶ
3510 3614 3642 3684 παρ’
3672 3615 3761 3666 αὖ·

2177 3710 2271 3764 τοῦ
2300 3711 2446 3763 ἐστιν
2474 3728 2486 3741 ·
2522 3709 2701 3772 ἄλλοις
2738 3709 2967 3777 ὀνόμασι
2999 3708 3099 3777 τὴν
3147 3706 3276 3778 παρ’
3312 3704 3479 3759 αὐτοῦ
3521 3705 3759 3759 διάνοιαν

2183 3801 2573 3871 μεταϐαλόντες
2612 3800 2679 3853 δι’
2704 3800 2926 3855 ἐκείνων
2957 3800 3054 3868 τὴν
3087 3797 3346 3867 ἀληθινὴν
3373 3797 3559 3850 πίστιν
3592 3814 3761 3850 κατα·

2184 3892 2576 3961 σπαράσσουσι.
2615 3892 2687 3945 Τὸ
2726 3892 2835 3963 γάρ
2872 3890 2949 3962 μὴ
2981 3891 3042 3943 ἐκ
3071 3907 3214 3953 τινος
3238 3890 3644 3959 ὑπερκειμένης
3674 3890 3758 3940 αἰ-

2178 3985 2300 4047 τίας
2348 3980 2484 4037 εἶναι
2532 3984 2623 4038 τὸν
2658 3985 2876 4054 Πατέρα
2898 4024 2913 4047 ,
2950 3984 3049 4053 τῆς
3096 3982 3350 4053 ἀληθείας
3382 3981 3757 4049 διδασκούσης,

2179 4068 2321 4127 οὗτοι
2392 4074 2763 4142 ιὶγεννησίαν
2816 4075 3107 4145 ὠνόμασαν
3154 4074 3215 4127 τὸ
3265 4073 3506 4127 τοιοῦτον
3548 4075 3756 4145 νόημα·

2182 4166 2274 4218 καὶ
2304 4164 2400 4234 τὴν
2446 4165 2511 4218 ἐκ
2563 4166 2773 4235 Πατρὸς
2819 4165 2909 4218 τοῦ
2956 4162 3298 4232 Μονογενοῦς
3345 4164 3665 4229 ὑπόστασιν,
3685 4164 3761 4233 τῷ

2180 4256 2275 4325 τῆς
2301 4257 2603 4326 γεννήσεως
2629 4256 2781 4326 διαση
2792 4256 3037 4323 μαίνουσι
3078 4259 3299 4326 ῥήματι.
3320 4253 3451 4308 Εἶτα
3475 4257 3755 4318 συνθέντες

2180 4347 2276 4409 τὰς
2300 4346 2390 4398 δύο
2419 4345 2619 4414 φωνὰς,
2648 4348 2743 4417 τὴν
2789 4349 3159 4417 ἆγε-γνησίαν
3184 4365 3243 4400 τε
3278 4348 3369 4401 καὶ
3396 4347 3498 4418 τὴν
3553 4348 3759 4415 Term-

506 4444 640 4498 tium
692 4442 912 4511 ignaros
959 4450 1013 4495 et
1063 4441 1340 4511 imperitos
1389 4441 1441 4494 in
1479 4455 1722 4495 errorem
1769 4440 2072 4509 impellunt.

2182 4452 2285 4493 σιν
2326 4435 2692 4502 ἁντιφατικῶς
2726 4437 3141 4507 ἐναντιουμένας
3190 4438 3470 4509 ἀλλήλαις,
3510 4438 3759 4493 ἐντεῦθεν

504 4530 639 4589 Nam
686 4542 742 4584 ut
787 4533 931 4601 quis,
972 4533 1202 4600 exempli
1238 4533 1434 4603 gratia,
1484 4532 1796 4596 declararit,
1858 4534 2079 4602 genitus

506 4632 613 4689 est,
647 4633 700 4678 et
730 4639 839 4677 non
873 4632 955 4678 est
977 4625 1217 4693 genitus,
1254 4625 1359 4677 tale
1389 4630 1491 4686 est,
1522 4623 1684 4690 quale
1715 4622 1866 4678 sedet
1887 4632 1939 4677 et
1970 4615 2080 4681 non

506 4714 676 4778 sedet,
704 4724 756 4769 et
786 4731 1121 4785 quaecunque
1172 4716 1263 4768 tali
1300 4713 1600 4768 efferuntur
1628 4715 1788 4768 modo
1828 4733 1840 4768 :
1872 4715 1923 4768 hi
1954 4732 2081 4771 vero

507 4807 642 4863 istas
659 4821 815 4861 voces
845 4807 913 4861 ab
930 4823 990 4862 ea
1020 4808 1139 4875 qua:
1154 4816 1235 4861 est
1254 4807 1554 4861 secundum
1578 4814 1829 4860 naturam
1848 4808 2083 4877 genuina

508 4893 903 4964 signiﬁcatione
941 4896 1278 4955 dimoventes
1322 4896 1436 4950 sive
1474 4895 1881 4967 detorquentes,
1919 4898 2081 4951 aliam

507 4986 612 5041 sibi
662 4986 796 5056 ipsis
845 4989 1261 5046 accommodare
1314 4988 1724 5057 intelligentiam
1758 4990 1822 5043 ad
1866 4990 2083 5058 pietatis

505 5075 842 5132 eversionem
870 5092 1121 5146 perverse
1159 5077 1512 5138 contendunt.
1558 5079 1694 5133 Cum
1737 5079 1904 5144 enim,
1940 5079 2083 5134 sicut

505 5170 710 5227 dictum
733 5175 836 5231 est,
866 5168 1055 5222 horum
1076 5169 1360 5225 verborum
1389 5171 1746 5241 signiﬁcantia
1764 5171 2083 5240 aeqnivaleat

505 5260 553 5315 ei
573 5260 715 5329 quod
734 5259 935 5319 dicitur
960 5273 973 5309 :
990 5257 1139 5312 sedet
1153 5270 1206 5313 et
1222 5274 1329 5317 non
1346 5262 1497 5317 sedet
1541 5259 1765 5327 (tollitur
1786 5260 1927 5313 enim
1950 5275 2085 5328 quo-

506 5351 796 5405 dammodo
816 5350 867 5402 in
890 5349 1059 5403 altero
1076 5351 1497 5421 signilieatorum
1523 5349 1793 5420 alterum),
1813 5346 1950 5403 hanc
1966 5365 2085 5420 qua!

508 5450 592 5496 est
643 5443 941 5497 secundum
974 5441 1199 5499 formam
1254 5441 1572 5510 prolationis
1620 5441 2083 5503 contrarietatem,

508 5531 628 5601 ejus
646 5548 765 5599 qua:
780 5541 861 5587 est
879 5532 1174 5588 secundum
1199 5534 1490 5587 essentiam
1508 5531 1820 5595 differentia:
1852 5532 2084 5586 indicem

512 5637 634 5674 esse
683 5623 922 5689 captiose
963 5632 1195 5685 certant,
1244 5623 1367 5675 huic
1402 5620 1639 5691 quidem,
1679 5621 1818 5675 Filio
1870 5636 2081 5689 nempe,

516 5714 945 5785 generationem;
982 5715 1058 5767 illi
1087 5731 1232 5779 vero,
1260 5714 1400 5770 Patri
1433 5714 1697 5781 videlicet,
1723 5730 1828 5770 non
1859 5729 2085 5785 genera-

2181 4526 2305 4587 τοὺς
2351 4526 2606 4595 ἀνοήτους
2633 4525 2739 4579 τῶν
2778 4528 3058 4598 ἑπομένων
3088 4530 3278 4593 αὐτοῖς-
3292 4531 3755 4601 παρακρούονται.

2181 4617 2223 4667 Τ
2228 4616 2255 4667 ὸ
2280 4615 2387 4686 γὰρ
2415 4617 2677 4688 ἐγεννήθη
2724 4619 2817 4672 καὶ
2846 4620 2944 4673 οὐκ
2971 4619 3232 4690 ἐγεννήθη
3260 4659 3274 4683 ,
3302 4620 3377 4685 ὡς
3411 4619 3477 4675 ἄν
3513 4638 3599 4684 τις
3634 4622 3760 4673 ὑπο-

2180 4707 2432 4778 δείγματι
2481 4709 2823 4779 σαφηνίσειε,
2874 4710 3111 4764 τοιοῦτόν
3163 4713 3343 4775 ἐστιν,
3392 4707 3505 4765 οἷον
3561 4714 3659 4765 καὶ
3706 4711 3763 4764 τὸ

2184 4800 2416 4869 κάθηται
2442 4804 2535 4854 καὶ
2566 4802 2625 4853 οὐ
2658 4802 2910 4869 κάθηται,
2948 4803 3048 4857 καὶ
3066 4804 3169 4857 ὅσα
3193 4803 3268 4873 τῷ
3288 4803 3516 4873 τοιούτῳ
3549 4804 3763 4871 λέγεται

2184 4892 2369 4963 τρόπῳ
2393 4910 2403 4920 ·
2431 4894 2480 4953 οἱ
2501 4892 2557 4944 δὲ
2587 4894 2684 4962 τῆς
2709 4892 2849 4945 κατὰ
2876 4892 3036 4961 φύσιν
3057 4894 3164 4946 τῶν
3196 4896 3453 4966 ῥημάτων
3471 4897 3765 4964 ἐμφάσεως

2183 4984 2281 5047 τὰς
2328 4984 2509 5051 φωνὰς
2553 4984 2753 5048 ταύτας
2806 4988 3309 5056 παρακινήσαντες.
3350 4987 3524 5057 ἀλλην
3580 4989 3765 5048 αὐτάς

2188 5074 2517 5143 ἐφαρμόζειν
2562 5075 2795 5133 διάνοιαν
2824 5077 2917 5131 ἐπὶ
2967 5077 3280 5148 καθαιρέσει
3332 5079 3433 5147 τῆς
3482 5079 3767 5139 εὐσεϐείας

2185 5164 2593 5232 φιλονεικοῦσιν.
2651 5166 3088 5237 Ἱσοδυναμούσης
3136 5167 3263 5238 γὰρ.
3304 5167 3485 5230 καθὼς
3528 5169 3767 5239 εἴρηται.

2184 5257 2283 5326 τῆς
2312 5256 2419 5310 τῶν
2446 5258 2703 5328 ῥημάτων
2738 5260 3011 5328 σημασίας
3038 5258 3133 5329 τῷ.
3155 5260 3387 5329 κάθηται
3415 5262 3510 5312 καὶ
3542 5261 3607 5312 οὐ
3631 5258 3768 5313 κάθ-

2185 5364 2313 5417 ηται
2333 5365 2344 5378 ·
2369 5350 2671 5419 ἀναιρεῖται
2698 5350 2807 5419 γάρ
2838 5368 2955 5414 πως
2982 5352 3039 5402 ἐν
3057 5350 3266 5421 θατέρῳ
3298 5349 3407 5404 τῶν
3426 5349 3769 5421 σημαινομέα

2186 5458 2291 5497 νων
2325 5440 2385 5492 τὺ
2402 5439 2586 5510 ἓτερον
2607 5458 2619 5472 ’
2646 5440 2847 5511 ταύτην
2868 5442 2966 5511 τὴν
3001 5444 3122 5513 περὶ
3145 5443 3203 5497 τὸ
3225 5446 3409 5513 σχῆμα
3424 5442 3526 5510 τῆς
3559 5458 3769 5511 προφο-

2191 5530 2286 5598 ρᾶς
2312 5529 2619 5583 ἐναντίωσιν
2645 5531 2744 5601 τῆς
2769 5532 2906 5585 κατὰ
2938 5531 3035 5603 τὴν
3070 5532 3258 5584 οὐσίαν
3288 5530 3646 5602 παραλλαγῆς
3673 5532 3765 5582 ὲν-

2187 5619 2458 5689 δεικτικὴν
2481 5617 2616 5673 εἶναι
2647 5622 2970 5691 σοφίζονται.
2990 5622 3079 5691 Τῷ
3116 5622 3212 5691 μὲν
3240 5623 3338 5690 τὴν
3375 5622 3653 5692 γέννησιν,
3680 5619 3764 5688 τῷ

2188 5710 2243 5764 δὲ
2282 5709 2378 5789 τὴν
2436 5710 2509 5781 μὴ
2543 5710 2791 5784 γέννησιν
2829 5712 3016 5767 οὐσίαν
3041 5707 3177 5766 εἶναι
3203 5712 3557 5781 διοριζόμενοι
3588 5730 3602 5742 ’
3636 5710 3761 5763 καί-
