4054 6152
626 327 732 384 939

1889 327 1944 382 S.
1987 327 2312 384 GREGORII
2339 330 2631 386 NYSSENI
3708 337 3790 395 95.0

541 502 546 505 I
629 453 856 514 verant,
900 440 1194 498 necessitas
1249 444 1394 502 enim
1439 443 1916 500 ratiocinationum
1960 445 2066 500 hoc
2105 445 2142 516 ξι

2187 475 2192 486 ’
2220 448 2265 505 Α
2293 448 2728 519 διισχυρίζονται.
2760 449 2823 502 Ἡ
2847 449 2954 519 γὰρ
2971 447 3078 500 τῶν
3102 446 3456 516 συλλογισμῶν
3471 447 3658 520 ἀνάγκη
3673 451 3788 505 τοῦτο

628 537 736 590 bet.

697 629 872 694 Quam
925 629 1111 685 miseri
1161 639 1216 686 et
1242 630 1463 686 solertia
1489 629 1768 686 destituti!
1811 629 1982 696 Quam
2011 629 2195 684 infelix

629 720 766 791 ipsis
791 728 845 776 et
879 723 1116 779 exitialis
1147 724 1490 779 considerata
1524 723 1900 794 philosOphial
1937 722 2072 789 Quis
2122 724 2197 778 ita

629 811 756 866 data
787 827 950 882 opera
985 823 1180 883 sponte
1218 831 1317 870 sua
1345 815 1457 869 ruit
1482 817 1536 869 in
1565 816 1911 882 barathrum,
1935 815 2078 869 sicut
2108 813 2197 868 isti

630 891 816 959 labore
853 913 905 959 et
945 906 1128 961 studio
1155 907 1332 962 lacum
1386 907 1731 977 blasphemia:
1761 908 1865 962 sibi
1933 907 2069 976 ipsis
2119 905 2199 960 l'o-

627 995 1094 1067 derunt?quanta
1133 1014 1391 1052 mensura
1425 1014 1454 1051 a
1486 1014 1580 1068 spe
1613 998 2053 1054 Christianorum
2094 997 2201 1051 l'ru-

629 1089 784 1143 strati
838 1098 1044 1144 suntet
1079 1091 1277 1145 excisi!
1331 1089 1488 1156 Quali
1533 1089 1680 1143 hiatu
1736 1089 1801 1144 ad
1847 1091 2197 1144 servatricem

629 1179 790 1234 iidem
838 1181 1118 1250 intersepti
1177 1182 1333 1234 sunt!
1368 1179 1581 1246 Quanto
1618 1181 1740 1235 sinu
1789 1195 1818 1232 a
1875 1179 1978 1234 [ide
2024 1180 2199 1248 patris

627 1272 859 1326 Abrahae
897 1273 1299 1342 demigrarunt!
1329 1273 1422 1327 Ille
1448 1275 1514 1341 (si
1547 1281 1760 1342 oportet
1792 1274 2089 1330 secundum
2118 1274 2199 1326 in-

629 1365 774 1432 genii
806 1364 1194 1419 sublimitatem
1234 1365 1477 1434 Apostoli
1537 1374 1744 1420 mutata
1798 1382 1931 1420 voce
1995 1366 2199 1435 allego-

625 1456 738 1509 rice
781 1461 1016 1507 mentem
1069 1461 1122 1508 et
1157 1470 1378 1509 sensum
1417 1455 1660 1510 historia:
1704 1457 2026 1526 intell’gere,
2084 1469 2198 1509 ma-

627 1551 792 1598 nente
815 1544 1074 1598 nimirum
1106 1546 1368 1600 historica
1389 1547 1659 1616 veritate),
1691 1548 1802 1614 ille,
1838 1548 2082 1618 inquam,
2117 1547 2200 1600 di-

623 1631 751 1686 vino
790 1635 1045 1689 mandato
1094 1637 1246 1691 exsul
1278 1645 1483 1693 eterra
1527 1641 1746 1708 propria
1794 1649 1844 1694 et
1876 1639 2200 1710 cognatione

627 1739 725 1779 sua
748 1726 1116 1794 egressionem
1141 1727 1269 1782 fecit
1291 1731 1406 1783 viro
1426 1731 1701 1800 propheta:
1717 1731 1988 1796 decoram,
2010 1731 2076 1785 ad
2096 1730 2191 1787 Dei

624 1817 992 1887 cognitionem
1030 1820 1264 1888 urgenti.
1302 1819 1418 1876 Non
1450 1823 1595 1876 enim
1631 1824 1763 1876 mihi
1795 1823 2007 1878 videtur
2038 1838 2190 1892 qua:-

622 1908 750 1963 dam
779 1909 970 1966 localis
1014 1910 1336 1982 demigratio
1379 1929 1570 1969 eorum
1617 1931 1739 1986 qua:
1774 1915 2195 1985 intelligibiliter

623 1999 998 2065 inveniuntur,
1023 2003 1320 2058 conciliare
1351 2005 1920 2074 Comprehensionem,
1946 2007 2040 2060 sed
2077 2006 2195 2076 ipse

619 2105 686 2143 ex
721 2090 902 2159 seipso
932 2098 988 2145 et
1033 2091 1254 2160 propria
1307 2100 1474 2157 terra,
1525 2109 1720 2162 nempe
1779 2110 1842 2148 ex
1878 2102 2094 2148 terreno
2140 2101 2194 2147 et

619 2180 810 2235 humili
835 2181 1030 2251 spiritu
1065 2198 1341 2252 egressus,
1365 2193 1424 2238 ut
1441 2185 1616 2254 quoad
1640 2186 1753 2240 ﬁeri
1788 2193 1990 2255 potest,
2027 2199 2191 2254 supra

619 2272 929 2326 communis
981 2280 1192 2328 naturae
1245 2274 1509 2329 terminos
1556 2289 1711 2330 suam
1760 2275 1934 2344 ipsius
1991 2274 2190 2328 intelli-

618 2359 857 2430 gentiam
889 2361 1133 2425 extollat,
1183 2362 1462 2432 animique
1507 2378 1631 2418 cum
1683 2364 1936 2419 sensibus
1984 2378 2187 2433 cogna-

617 2451 820 2505 tionem
871 2452 1146 2523 relinquat
1184 2471 1198 2509 :
1238 2461 1297 2508 ut
1326 2454 1477 2508 nullo
1507 2469 1694 2508 eorum
1726 2470 1847 2525 qua:
1891 2454 2073 2509 sensui
2105 2468 2193 2522 ap-

614 2549 811 2613 parent
873 2544 1224 2614 praepeditus,
1263 2545 1331 2599 ad
1381 2545 1757 2616 cognitionem
1804 2558 2017 2608 eorum,
2071 2557 2192 2612 quae

615 2648 839 2690 sensum
891 2639 1176 2690 oculorum
1197 2636 1486 2708 effugiunt,
1532 2637 1862 2692 obscuretur
1884 2643 1938 2690 et
1960 2635 2188 2704 caliget;

611 2741 791 2795 neque
843 2725 1030 2780 auditu
1092 2727 1554 2792 circumsonante,
1610 2742 1788 2797 neque
1844 2727 1964 2782 visu
2000 2726 2055 2780 in
2105 2724 2189 2779 his

611 2830 735 2886 qua).
780 2822 1044 2886 apparent
1095 2816 1506 2888 intelligentiam
1560 2816 1874 2880 seducente,
1928 2817 2191 2887 quemad-

613 2906 836 2960 modum
879 2907 954 2961 ait
988 2907 1319 2976 Apostolus;
1371 2923 1468 2977 per
1505 2907 1663 2963 tidem
1711 2910 2018 2972 ambulans,
2079 2927 2187 2965 non

612 2997 854 3067 speciem
884 2996 950 3060 ¹⁰,
988 2997 1046 3051 in
1086 3003 1298 3052 tantum
1356 2998 1651 3055 subvectus
1712 2999 1812 3054 fuit
1861 3003 2188 3072 cognitionis

612 3083 992 3156 magnitudine
1038 3095 1092 3142 et
1144 3087 1499 3154 excellentia,
1555 3090 1629 3144 ita
1661 3097 1721 3144 ut
1769 3091 2021 3146 humanm
2063 3107 2187 3159 per-
2215 3119 2257 3177 ε

612 3177 865 3234 fectionis
920 3179 1188 3234 terminus
1252 3180 1642 3236 existimetur:
1697 3183 1750 3236 in
1814 3193 2027 3238 tantum
2089 3183 2182 3239 Dei

610 3268 978 3338 cognitionem
1036 3269 1286 3340 adeptus,
1319 3282 1582 3340 quantum
1637 3272 1716 3326 l'as
1749 3282 1832 3327 est
1873 3273 2091 3328 brevem
2137 3281 2191 3327 et

609 3361 894 3416 mortalem
929 3359 1071 3414 hanc
1101 3361 1401 3431 potentiam
1427 3368 1705 3415 extentam
1737 3377 1952 3432 capere.
1987 3363 2190 3428 Quam-

609 3451 796 3508 obrem
831 3453 1002 3506 omnis
1032 3462 1292 3505 creatura;
1322 3451 1582 3506 Dominus
1603 3493 1617 3518 ,
1658 3468 1721 3507 ac
1753 3454 1799 3509 si
1837 3455 2055 3524 aliquod
2105 3456 2190 3510 in-

614 3554 837 3599 ventum
900 3544 1096 3598 fuisset
1154 3545 1482 3612 patriarchae
1520 3544 1716 3610 factus,
1778 3547 1997 3617 proprie
2049 3548 2187 3602 Deus

613 3634 885 3689 Abraham
935 3635 1287 3690 nominatur:
1350 3644 1726 3691 verumtamen
1782 3637 1912 3709 quid
1981 3640 2048 3694 de
2097 3640 2190 3693 illo

610 3739 792 3779 sermo
824 3725 999 3779 dicit?
1031 3727 1174 3796 qqu
1212 3727 1380 3782 exivit
1417 3729 1670 3785 nesciens
1703 3744 1810 3798 quo
1844 3729 1945 3784 iret
1981 3731 2045 3784 “.
2075 3729 2183 3784 Sed

610 3831 786 3886 neque
839 3816 916 3870 illi
964 3832 1161 3873 nomen
1199 3817 1319 3889 ejus
1369 3834 1530 3888 quem
1566 3820 2089 3890 diligebat,'discere
2121 3821 2186 3874 li-

609 3909 762 3974 cuit;
799 3924 977 3978 neque
1003 3918 1180 3965 tamen
1211 3913 1280 3965 ob
1313 3912 1454 3966 hanc
1486 3913 1847 3982 ignorantiam
1889 3928 2031 3982 aegre
2060 3913 2187 3968 tulit

610 4008 704 4054 aut
730 3999 966 4054 erubuit.
1004 3999 1118 4055 Hoc
1146 4001 1312 4075 igitur
1341 4004 1444 4073 ipsi
1472 4011 1588 4058 erat
1625 4020 1819 4060 secura
1851 4015 1904 4059 et
1929 4013 2069 4069 tuta.
2119 4007 2184 4061 ad

609 4091 666 4146 id
699 4091 845 4162 quod
878 4092 1242 4162 qumrebatur,
1299 4093 1576 4158 deductio,
1635 4097 1777 4165 quod
1821 4097 1970 4150 nulla
1999 4113 2187 4153 eorum

609 4199 732 4255 quae
762 4191 1011 4255 prompta
1052 4193 1181 4241 sunt
1219 4186 1284 4241 ad
1311 4186 1689 4258 cognitionem
1731 4187 1787 4242 in
1841 4188 1924 4243 his
1977 4192 2187 4248 notitiis

607 4291 731 4346 qua:
759 4275 827 4331 de
856 4275 966 4330 Deo
1001 4283 1162 4342 sunt,
1196 4278 1350 4347 quasi
1395 4295 1556 4334 manu
1585 4279 1898 4346 duceretur,
1934 4283 2190 4354 quodque

512 4420 513 4423 η
609 4366 761 4422 ηιιΙΙο
822 4369 1042 4437 penitus
1098 4383 1289 4423 eorum
1337 4384 1456 4438 quae
1495 4371 1880 4441 comprehendi
1933 4383 2184 4443 possunt,

2300 541 2529 595 κελεύει.

2380 633 2467 696 Ὠς
2513 632 2732 685 δείλαιοι
2777 631 2876 700 τῆς
2916 629 3224 700 ἀγχινοίας·
3259 629 3332 692 ὡς
3377 627 3617 697 δυστυχὴς
3653 629 3793 693 αὐτοῖς

2298 723 2393 776 καὶ
2413 722 2654 794 ὀλέθριος
2698 723 2732 792 ἡ
2784 719 3197 790 κατεσκεμμένη
3250 717 3536 789 φιλοσοφίαῐ
3569 719 3653 781 Τίς
3689 717 3793 770 οὕτω

2297 813 2439 868 κατὰ
2466 813 2698 884 σπουδὴν
2726 812 3013 881 αὐτομολεῖ
3045 810 3179 882 πρὸς
3209 810 3267 864 τὸ
3297 810 3569 882 βάραθρον,
3596 811 3659 874 ὼς
3687 804 3794 864 οὗτοι

2299 905 2444 974 πόνῳ
2477 904 2569 957 καὶ
2602 905 2803 975 σπουδῇ
2830 904 2918 956 τὸν
2940 904 3140 956 λάκκον
3169 904 3375 966 ἑαυτοῖς
3398 906 3488 974 τῆς
3515 903 3796 974 βλασφημίας

2297 995 2574 1068 ὠρύξαντο
2599 1013 2612 1062 ;
2643 997 2751 1068 ὅσῳ
2787 996 2864 1067 τῷ
2898 999 3079 1069 μέτρῳ
3107 999 3204 1068 τῆς
3240 997 3447 1059 ἐλπίδος
3471 996 3568 1049 τῶν
3588 997 3795 1066 Χριστια-

2297 1089 2402 1142 νῶν
2436 1088 2824 1159 ἀιρωρίσθησαν
2851 1106 2863 1119 ’
2891 1088 2985 1159 οἴῳ
3018 1090 3256 1159 χάσματι
3291 1089 3421 1158 πρὸς
3463 1087 3552 1158 τὴν
3578 1086 3796 1151 σώζουσαν

2299 1179 2480 1232 πίστιν
2517 1176 2968 1248 διετειχίσθησανο
3008 1179 3129 1230 ὅσον
3159 1179 3247 1232 τὸν
3276 1178 3465 1230 κόλπον
3498 1177 3586 1244 τῆς
3615 1176 3798 1239 πίστεως

2295 1270 2387 1322 τοῦ
2418 1272 2628 1341 Πατρδς
2670 1269 2922 1340 Ἀϐραὰμ
2969 1269 3376 1340 ἀπῳκίσθησανῑ
3413 1269 3628 1330 Ἐκεῖνος
3665 1268 3720 1336 (εί
3742 1267 3798 1319 δεῖ

2299 1362 2440 1414 κατά
2478 1361 2574 1431 τὴν
2616 1359 2708 1413 τοῦ
2774 1359 3094 1412 Ἀποστόλου
3155 1359 3510 1430 μεγαλοφυῖαν
3559 1357 3799 1420 ἀλλάξαντα

2297 1451 2393 1522 τὴν
2421 1451 2602 1522 φωνὴν
2635 1450 3005 1524 ἀλληγορικῶς
3029 1451 3118 1503 τὸν
3151 1451 3272 1505 νοῦν
3304 1451 3401 1519 τῆς
3442 1449 3653 1519 ἱστορίας
3677 1465 3799 1500 κατα-

2297 1545 2506 1615 νοῆσαι,
2543 1543 2807 1614 μενούσης
2825 1542 3022 1613 δηλαδὴ
3051 1541 3146 1596 καὶ
3168 1542 3269 1611 τῆς
3301 1541 3562 1611 ἱστορικῆς
3580 1535 3799 1607 ἀληθείαῄ

2297 1636 2488 1707 ἐξῆλθε
2549 1636 2635 1688 διὰ
2689 1635 2833 1688 θείου
2876 1637 3296 1706 προστάγματος
3326 1633 3423 1702 τῆς
3460 1631 3582 1691 ἰδίας
3601 1630 3704 1699 γῆς,
3732 1627 3800 1679 καὶ

2297 1729 2398 1799 τῆς
2451 1728 2570 1782 καθ’
2626 1727 2816 1784 ἐαυτὸν
2862 1727 3198 1796 συγγενείας,
3232 1724 3404 1789 ἔξοδον
3437 1720 3578 1792 ἀνδρὶ
3605 1718 3802 1790 προφήτῃ

2295 1821 2429 1892 πρὸς
2451 1819 2588 1873 Θεοῦ
2603 1819 2923 1890 κατανόησιν
2946 1817 3282 1887 ἐπειγομένῳ
3304 1814 3614 1886 πρέπουσαν.
3637 1810 3696 1862 Οὐ
3722 1808 3801 1878 γάρ

2296 1929 2386 1983 μοι
2414 1913 2560 1965 δοκεῖ
2577 1929 2660 1975 τις
2683 1909 2877 1982 τοπικὴ
2925 1908 3318 1979 μετανάστασις
3357 1903 3461 1957 τῶν
3486 1899 3668 1971 νοητῶς
3696 1899 3801 1968 εὑρι-

2295 2005 2571 2074 σκομένων
2591 2003 2866 2075 προξενεῖν
2886 2001 2982 2072 τὴν
3009 1999 3337 2070 κατάληψιν.
3388 1997 3517 2050 Ἀλλ’
3544 1993 3683 2056 αὐτὸς
3705 1994 3801 2044 ἑαυ-

2291 2093 2388 2146 τοῦ
2443 2093 2534 2146 καὶ
2585 2096 2682 2164 τῆς
2744 2092 2877 2155 ἰδίας
2901 2091 3024 2162 γῆς,
3056 2091 3150 2145 τοῦ
3183 2091 3371 2160 γηΐνου
3403 2105 3459 2139 τε
3489 2087 3570 2139 καὶ
3602 2077 3800 2136 ταπεινοῦ

2291 2184 2437 2254 λέγω
2473 2185 2816 2255 φρονήματος
2867 2182 2973 2248 ἔξω
3009 2181 3320 2251 γενόμενος,
3357 2180 3447 2231 καὶ⁴
3477 2175 3720 2246 ὑπεράρας
3749 2171 3801 2231 ὡς

2291 2271 2401 2328 οἷόν
2429 2293 2487 2328 τε
2517 2270 2583 2346 ἦν
2612 2275 2716 2327 τῶν
2741 2273 2932 2327 κοινῶν
2974 2272 3074 2341 τῆς
3110 2272 3331 2340 φύσεως
3383 2271 3517 2338 ὅρων
3543 2261 3707 2319 ἐαυτοῦ
3731 2261 3803 2330 τὴν

2292 2364 2549 2430 διάνοιαν,
2605 2365 2697 2417 καὶ
2763 2361 3086 2416 καταλιπὼν
3131 2361 3233 2431 τῆς
3285 2360 3460 2430 ψυχῆς
3486 2357 3574 2426 τὴν
3603 2354 3712 2426 πρὸς
3732 2350 3801 2411 τὰς

2292 2456 2568 2526 αἰσθήσεις
2593 2455 2906 2523 συγγένειαν
2932 2471 2945 2484 ο
2981 2453 3056 2514 ὡς
3099 2451 3292 2522 μηδενὶ
3332 2449 3436 2502 τῶν
3467 2448 3575 2501 κατ’
3606 2443 3800 2512 αἴσθησιν

2291 2546 2736 2618 προφαινομένων
2793 2544 3192 2615 διοχλούμενος,
3244 2543 3378 2614 πρὸς
3409 2541 3501 2610 τὴν
3542 2536 3802 2602 κατανόησιν

2289 2640 2398 2694 τῶν
2423 2639 2668 2710 ἀοράτων
2692 2638 2840 2708 ἀμαυ
2851 2636 3108 2707 ρωθῆναι,
3129 2637 3268 2707 μήτε
3293 2634 3456 2703 ἀκοῆς
3480 2627 3800 2701 περιηχούσης.

2294 2732 2429 2802 μήτε
2464 2729 2638 2799 ὅψεως
2663 2731 2720 2782 ἐν
2750 2731 2861 2791 τοῖς
2890 2728 3240 2799 φαινομένοις
3273 2727 3368 2798 τὴν
3399 2724 3616 2778 διάνοιαν
3638 2716 3804 2772 διαπλα-

2290 2823 2488 2892 νώσης,
2515 2820 2693 2884 καθώς
2722 2837 2884 2889 φησιν
2913 2821 2941 2872 ὁ
2975 2818 3323 2881 Ἀπόστολος,
3350 2815 3435 2871 διὰ
3460 2814 3669 2873 πίστεως
3693 2823 3803 2878 περι-

2291 2913 2498 2977 πατῶν,
2531 2912 2589 2965 οὐ
2629 2912 2714 2965 διὰ
2743 2911 2934 2975 εἴδους,
2968 2912 3048 2973 εἰς
3084 2909 3341 2963 τοσοῦτον
3375 2905 3573 2977 ἐπήρθη
3596 2905 3653 2973 τῇ
3681 2914 3809 2970 μεγα-

2289 3005 2482 3076 λοφυῒᾳ
2508 3004 2604 3074 τῆς
2629 3002 2878 3071 γνώσεως
2899 3041 2912 3065 ,
2950 3000 3088 3054 ὥστε
3142 3003 3271 3072 ὅρος
3304 2999 3607 3072 νομισθῆναι
3633 2995 3712 3063 τῆς
3739 2992 3803 3042 ἀν-

2291 3095 2566 3165 θρωπίνης
2595 3091 2923 3154 τελειώσεως
2944 3106 2956 3118 ·
2977 3090 3236 3146 τοσοῦτον
3263 3093 3423 3158 γνοὺς
3453 3088 3538 3142 τὸν
3567 3083 3695 3148 Θεὸν,
3719 3080 3806 3134 ὅσον

2289 3184 2357 3260 ἦν
2377 3186 2600 3241 δυνατὸν
2625 3185 2724 3256 τὴν
2755 3183 3012 3256 βραχεῖαν
3045 3184 3137 3237 καὶ
3185 3185 3446 3255 ἐπίκηρον
3481 3179 3659 3248 ταύτην
3686 3174 3804 3228 65w:-

2294 3295 2384 3350 μιν
2411 3276 2806 3349 ὑπερταθεῖσαν
2832 3276 3098 3346 χωρῆσαι.
3132 3273 3437 3347 Τοιγαροῦν
3468 3274 3554 3326 καὶ
3584 3273 3630 3323 ’0
3651 3267 3804 3328 πάσης

2289 3369 2538 3434 κτίσεως
2575 3368 2806 3434 Κύριος,
2853 3363 3041 3435 ὥσπερ
3079 3383 3132 3418 τι
3171 3365 3394 3438 εὕρημα
3419 3363 3507 3417 τοῦ
3533 3359 3804 3430 πατριάρχου

2287 3459 2601 3530 γενόμενος,
2668 3457 2812 3519 ἰδίως
2886 3455 3031 3519 Θεὸς
3072 3456 3180 3509 τοῦ
3230 3456 3480 3524 Ἀϐραὰμ
3524 3448 3801 3520 ὀνομάζεται.

2301 3551 2439 3604 Ἀλλ’
2472 3552 2618 3619 ὅμως
2651 3549 2704 3602 τί
2739 3565 2870 3618 φησι
2914 3549 3040 3619 περὶ
3087 3549 3302 3601 ἐκείνου
3329 3551 3355 3601 ὁ
3387 3547 3570 3614 λόγος;
3612 3541 3714 3592 Ὅτι
3740 3534 3803 3597 έξο

2289 3641 2470 3714 ἦλθεν,
2505 3641 2603 3694 οὐκ
2633 3639 2993 3708 ἐπιστάμενος
3034 3638 3136 3691 ποῦ
3174 3639 3491 3711 ἀπέρχεται·
3519 3633 3619 3688 ἀλλ’
3642 3627 3737 3682 0ωέ
3761 3623 3804 3676 τὸ

2289 3735 2460 3804 δνομα
2481 3731 2573 3786 τοῦ
2625 3729 2993 3800 ἀγαπωμένου
3046 3729 3240 3800 μαθεῖν
3289 3730 3553 3800 χωρήσας,
3597 3721 3700 3776 οὔτε
3726 3717 3801 3787 μὴν

2289 3829 2354 3897 τῇ
2385 3825 2575 3894 ἀγνοίᾳ
2601 3822 2773 3896 ταύτῃ
2802 3821 3219 3892 δυσανασχετῶν
3247 3839 3306 3874 τε
3341 3820 3433 3872 καὶ
3459 3812 3796 3886 αίσχυνόμενος·

2290 3916 2459 3970 Τοῦτο
2487 3916 2583 3987 μὲν
2618 3910 2710 3968 οὖν
2737 3912 2884 3984 αὑτῷ
2923 3913 3069 3983 καὶὴ
3099 3913 3351 3985 ἀσφαλὴς
3377 3907 3516 3982 ἧντδ
3539 3902 3800 4000 ζητούμενρν

2289 4009 2496 4079 ὁδηγία,
2544 4007 2604 4060 τὺ
2637 4006 2822 4079 μηδενὶ
2848 4005 2956 4058 τῶν
3003 4004 3313 4075 προχείρων
3346 4005 3424 4066 είς
3463 3996 3798 4079 κατανόησιν

2287 4075 2405 4161 ταῖς
2429 4099 2557 4166 περὶ
2581 4075 2676 4149 τοῦ
2698 4075 2844 4148 ⁷Θεοῦ
2895 4094 3156 4156 διανοίαις
3201 4089 3663 4166 χειραγωγεῖσθαι”
3701 4075 3797 4152 μηδέ

2287 4208 2390 4243 τινι
2441 4188 2577 4250 ὅλως
2613 4185 2719 4239 τῶν
2766 4184 3343 4255 καταλαμϐανομένων
3371 4182 3662 4237 ἐνσείσασαν
3691 4172 3796 4236 αὑτῳ

2289 4300 2421 4336 ποτε
2453 4280 2554 4350 τὴν
2576 4277 2813 4331 διάνοιαν
2848 4276 3034 4347 στῆναι
3065 4276 3161 4345 τῆς
3187 4277 3266 4339 είς
3297 4275 3358 4328 τὸ
3387 4273 3623 4327 ἐπέκεινα
3639 4263 3720 4319 τῶν
3735 4275 3796 4327 γιο

2291 4369 2654 4441 νωσκομένων
2684 4367 2930 4439 πορείας,

606 4469 878 4516 commota
915 4461 1091 4531 ipsius
1127 4463 1480 4533 intelligentia
1522 4478 1868 4534 progressum
1904 4468 2022 4538 ejus
2056 4471 2296 4536 sisteret,
2328 4467 2392 4521 ad
2415 4464 2466 4518 id
2500 4462 2644 4531 quod
2674 4462 2856 4515 omnia
2892 4475 3012 4531 qum
3040 4465 3451 4530 cognoscuntur
3485 4457 3692 4525 superat-

680 4551 785 4607 Sed
817 4553 1278 4624 quemadmodum
1315 4555 1630 4624 indigenam
1667 4557 1791 4626 ejus
1830 4561 2176 4630 sapientiam,
2212 4591 2257 4646 ῃ

2365 4555 2505 4610 Ἀλλ’
2539 4554 2727 4625 ὥσπερ
2758 4553 2856 4624 τὴν
2888 4550 3151 4623 ἐγχώριον
3181 4550 3349 4605 αὐτοῦ
3383 4548 3581 4618 σοφίαν,
3606 4543 3684 4609 τὴν

604 4642 953 4700 Chaldaicam
991 4645 1117 4699 dico
1158 4645 1578 4715 philoSOphiam.
1634 4624 1808 4718 usque
1842 4624 1908 4704 ad
1956 4669 2020 4706 ea
2063 4624 2182 4724 quae

2215 4624 2256 4646 υ
2284 4652 2476 4724 δαῖκὴν
2498 4650 2640 4718 λέγω
2665 4624 3000 4718 φιλοσοφίαν,
3029 4646 3188 4716 μέχρι
3209 4645 3319 4698 τῶν
3341 4640 3655 4715 φαινομένων
3672 4624 3791 4724 to“?

607 4744 872 4804 apparent
913 4737 1305 4791 consistentem
1355 4739 1774 4796 ratiocinatione
1813 4757 1937 4796 cum
1984 4746 2183 4800 transi-

608 4824 805 4889 liisset,
843 4834 1004 4896 atque
1033 4829 1118 4883 his
1143 4845 1264 4898 qua:
1286 4845 1452 4886 sensu
1477 4841 1888 4901 cognoscuntur
1912 4837 2184 4890 excelsior

609 4912 809 4977 factus,
873 4930 938 4968 ex
984 4915 1391 4985 pulchritudine
1439 4933 1627 4974 eorum
1677 4936 1800 4990 quae
1844 4925 2183 4992 contempla-

606 5004 756 5058 tione
803 5005 1200 5072 percipiuntur,
1253 5015 1414 5077 atque
1472 5023 1538 5063 ex
1591 5011 1893 5066 cmleslium
1944 5014 2182 5068 miracu-

609 5098 786 5151 lorum
842 5096 1234 5162 concinnitate,
1288 5099 1479 5154 formis
1527 5117 1636 5156 non
1691 5103 1922 5158 edictam
1954 5120 2054 5159 nec
2082 5121 2179 5160 ex-

607 5203 853 5260 pressam
889 5187 1354 5257 pulchritudinem
1380 5191 1861 5261 videreexpctivit:
1899 5193 1979 5248 sic
1995 5204 2045 5248 et
2068 5195 2176 5248 alia

603 5279 788 5333 omnia
816 5295 938 5351 qua:
965 5278 1387 5334 ratiocinatione
1425 5282 1726 5351 procedens
1756 5285 2177 5354 comprehende-

602 5372 714 5436 bat,
764 5372 878 5426 sive
915 5371 1236 5442 potentiam,
1281 5371 1396 5428 sive
1421 5372 1742 5440 bonitatem,
1780 5375 1894 5429 sive
1921 5375 2065 5445 quod
2096 5389 2179 5432 est

603 5477 725 5516 esse
770 5464 978 5533 absque
1017 5465 1229 5534 origine
1268 5473 1322 5519 et
1363 5463 1652 5535 principio,
1703 5465 1817 5519 sive
1851 5465 1997 5536 quod
2027 5468 2178 5521 nullo

607 5551 863 5608 deﬁnitur
912 5557 1166 5625 termino,
1219 5557 1336 5614 sive
1374 5557 1505 5628 quid
1548 5557 1696 5612 aliud
1742 5558 1848 5615 tale
1881 5561 2178 5633 cogitatum

715 5733 759 5762 ¹⁰
799 5729 838 5783 11
868 5731 993 5788 Cor.
1036 5750 1090 5798 ν,
1123 5735 1177 5790 7.
1290 5736 1329 5767 “
1368 5735 1531 5792 llebr.
1567 5752 1643 5803 ιι,
1675 5738 1731 5793 8.

2289 4763 2386 4800 σαν
2398 4717 2473 4815 τῶ
2488 4717 2730 4812 λογισμῷ
2742 4739 2949 4805 διαϐὰς,
2968 4739 3062 4792 καὶ
3079 4737 3308 4808 ὑψηλότε
3319 4753 3408 4808 ρος
3427 4733 3527 4787 τῶν
3541 4729 3618 4782 διὰ
3641 4723 3718 4791 τῆς
3734 4717 3792 4818 “‘3‘

2287 4836 2529 4907 σθήσεως
2547 4831 2961 4903 γινωσκομένων
2982 4831 3294 4900 γενόμενος,
3316 4831 3378 4881 ἐκ
3401 4825 3491 4880 τοῦ
3510 4820 3702 4877 κάλλους
3717 4822 3794 4916 ξων

2287 4925 2695 4998 θεωρουμένων,
2723 4923 2817 4976 καὶ
2846 4923 2910 4975 ἐκ
2952 4923 3052 4993 τῆς
3083 4920 3448 4994 εὐαρμιλστίας
3467 4917 3566 4968 τῶν
3589 4913 3793 4978 οὐρανῐων

2286 5019 2598 5089 θαυμάτων,
2652 5015 2714 5069 τὸ
2750 5013 3033 5068 ἀτύπωτον
3083 5014 3278 5077 κάλλος
3323 5012 3448 5065 ἰδεῖν
3495 4998 3796 5088 ἐπεθύμησεν·

2290 5105 2436 5164 οὕτω
2491 5108 2584 5161 καὶ
2625 5107 2692 5160 τὰ
2742 5105 2876 5160 ἄλλα
2915 5107 3090 5160 πάντα
3125 5108 3222 5159 ὅσα
3260 5102 3460 5175 προῖὼν
3497 5097 3568 5166 τῷ
3605 5094 3795 5175 λογιςμιιι

2285 5197 2707 5268 κατελάμϐανεν,
2756 5196 2863 5248 εἴτε
2890 5195 3136 5266 δύναμιν,
3169 5194 3276 5248 εἴτε
3313 5191 3620 5261 ἀγαθότητα,
3645 5178 3732 5268 εἴτε
3753 5168 3795 5220 ἐδ

2282 5265 2531 5361 ἀνάρχως
2558 5284 2715 5351 εἶναι,
2739 5287 2849 5340 εἴτε
2881 5287 2940 5340 τὸ
2971 5265 3104 5358 πρὸς
3143 5285 3290 5340 οὐδὲν
3343 5285 3510 5353 πέρας
3550 5265 3792 5370 ὁρίζεσθαιξ

2282 5381 2391 5434 εἴτε
2444 5399 2496 5434 τι
2521 5380 2756 5434 τοιοῦτον
2788 5380 2973 5451 ἕτερον
3002 5380 3177 5450 νόημα
3218 5379 3345 5449 περὶ
3388 5375 3482 5445 τὴν
3513 5368 3645 5423 θείαν
3671 5367 3793 5451 φύσιν

2284 5472 2614 5543 εὑρίσκεται,
2649 5473 2823 5527 πάντα
2845 5443 3032 5541 ἐςρόδια
3065 5443 3199 5545 πρὸς
3224 5443 3321 5541 τὴν
3347 5443 3454 5522 ἀνω
3486 5457 3703 5545 πορείαν,
3723 5443 3792 5500 καἱ

2286 5564 2597 5636 ὑποϐάθρας
2649 5563 2989 5636 ποιούμενος,
3047 5566 3141 5620 καὶ
3181 5563 3267 5616 ἀεὶ
3311 5563 3418 5624 τοῖς
3445 5542 3791 5628 εὑρισκοί¹ιέ“⁶’ῃυῖ
