4046 6150
241 400 333 455 941

1362 399 1644 456 CONTRA
1684 400 2074 471 EUNOMlUM,
2111 403 2236 459 LIB.
2284 402 2392 457 XII.

3378 378 3497 453 tua

238 518 650 589 ἐπερειδόμενος
680 518 904 579 καὶτοῖς
926 516 1231 588 ἔμπροσθεν
1255 520 1699 592 ἐπεκτεινόμενος
1722 522 1820 586 τὰς

1946 531 1978 576 :t
2018 525 2201 578 animo
2241 531 2561 594 perceptum
2599 520 2668 577 de
2712 520 2899 574 divina
2951 527 3147 573 natura
3193 518 3485 581 invenitur,

241 610 414 672 καλὰς
444 608 657 668 ὲκείνας
696 606 1009 669 ἀναϐάσεις,
1035 606 1215 671 καθώς
1256 626 1418 680 φησιν
1443 612 1471 662 ὁ
1502 613 1817 683 Προφήτης,

241 704 299 756 ὲν
326 705 391 772 τῇ
423 701 619 772 καρδίᾳ
646 701 1037 770 διατιθέμενος.
1075 701 1169 753 καὶ
1190 704 1297 755 πᾶν
1320 702 1381 755 τὸ
1405 703 1820 774 καταλαμϐανό-

246 809 402 863 μενον
436 792 541 844 ὑπὺ
580 791 683 860 τῆς
734 790 867 854 ἰδίας
902 791 1204 860 δυνάμεως,
1237 792 1312 855 ὡς
1354 792 1449 845 τοῦ
1490 792 1821 863 ζητουμένου

247 883 571 953 μικρότερον
615 881 958 952 ὑπερὸαίνων
987 898 1002 913 ο
1057 880 1181 935 ἐπεὶ
1229 884 1409 936 πᾶσαν
1448 886 1504 937 ἐν
1544 887 1665 949 ταῖς
1696 887 1824 957 περὶ

245 975 338 1027 τοῦ
372 974 506 1027 Θεοῦ
560 973 861 1043 ὑπολήψεσι
889 973 987 1044 τὴν
1014 973 1073 1037 ἐξ
1108 974 1368 1045 ὀνόματος
1400 977 1692 1048 γινομένην
1721 978 1825 1047 τῆς

249 1066 462 1136 φύσεως
482 1066 730 1118 εἰκασίαν
745 1066 1109 1136 παρέδραμεν,
1132 1066 1442 1137 ὲκκαθήρας
1464 1068 1553 1121 τὸν
1569 1069 1825 1139 λογισμὸν

248 1161 357 1214 τῶν
377 1159 638 1213 τοιούτων
659 1158 941 1220 ὑπονοιῶν,
975 1161 1147 1230 ἀμιγῆ
1169 1178 1225 1212 τε
1258 1163 1349 1214 καὶ
1376 1160 1621 1231 καθαρὰν
1648 1162 1825 1232 πάσης

252 1250 463 1310 ἐννοίας
513 1249 613 1318 τὴν
649 1248 829 1301 πίστιν
858 1248 1161 1313 ἀναλαϐὼν,
1193 1250 1349 1303 τοῦτο
1383 1252 1604 1321 σημεῖον
1641 1252 1827 1323 ὲποιή·

256 1358 387 1393 σατο
408 1341 507 1410 τῆς
533 1340 625 1393 τοῦ
654 1339 785 1393 Θεοῦ
816 1340 1162 1408 ἐπιγνώσεως
1197 1340 1434 1404 άπλανές
1457 1359 1513 1394 τε
1544 1342 1637 1395 καὶ
1672 1340 1829 1413 ἐκδη-

255 1433 367 1498 λον,
400 1432 462 1483 τὸ
490 1432 724 1502 κρείττω
745 1433 840 1485 καὶ
876 1431 1202 1502 ὑψηλότερον
1238 1433 1438 1496 παντὸς
1468 1432 1828 1501 γνωριστικοῦ

255 1523 489 1592 σημείου
522 1523 612 1575 τὸν
629 1523 759 1575 Θεὸν
784 1517 918 1575 εἶναι
941 1521 1243 1575 πιστεῦσαι.
1279 1524 1375 1576 Διά
1403 1540 1484 1575 τοι
1518 1522 1673 1575 τοῦτο
1696 1522 1832 1592 μετά

253 1615 358 1683 τὴν
407 1613 771 1667 ὲπιπεσοῦσαν
808 1614 1021 1685 ἐκείνην
1050 1614 1304 1668 ἔκστασιν
1369 1618 1433 1669 ὲκ
1462 1616 1571 1669 τῶν
1614 1614 1832 1685 ὑψηλῶν

253 1707 565 1777 θεαμάτων,
595 1708 753 1761 πάλιν
776 1709 832 1769 ἐς
854 1708 953 1780 τὴν
976 1707 1318 1779 ἀνθρωπίνην
1340 1707 1655 1779 κατακύψας
1675 1706 1834 1761 ἀσθέο

253 1816 404 1852 νειαν
429 1816 443 1829 ⁶
486 1798 631 1867 Ἐγὼ
661 1799 729 1853 δέ
755 1800 891 1869 ειμι,
924 1800 1077 1871 φησὶ,
1114 1798 1188 1869 τῆ
1221 1801 1316 1853 καὶ
1371 1801 1600 1866 σποδός
1626 1813 1639 1828 ⁶
1676 1816 1833 1852 τουτ-

1923 618 2105 669 omnia
2127 615 2323 669 viatica
2354 615 2421 668 ad
2456 628 2819 684 supernorum
2847 610 3234 682 perfectionem
3269 609 3498 671 faciens,

1922 710 1975 757 et
2024 702 2180 773 quasi
2236 702 2493 766 fulcrum,
2550 709 2603 758 et
2648 702 3088 758 sustentaculum
3155 700 3497 771 praejacieus.

1925 811 2249 866 semperque
2298 795 2533 852 inventis
2566 796 2788 850 innixus
2838 804 2890 849 et
2922 796 3285 864 praesentibus
3320 796 3499 849 inten-

1927 897 2035 951 tus,
2062 888 2323 957 pulchras
2350 888 2472 941 illas
2498 888 2871 951 ascensiones,
2898 888 3039 942 sicut
3062 886 3420 956 aitProplteta
3438 887 3497 946 η,

1928 978 1981 1032 in
2027 979 2194 1033 corde
2246 979 2567 1048 disponens,
2600 990 2655 1031 et
2701 994 2862 1033 omne
2908 978 3050 1049 quod
3088 978 3517 1048 comprehendir

1927 1082 2017 1126 tur
2067 1087 2095 1125 a
2139 1072 2359 1142 propria
2395 1069 2671 1133 facultate,
2710 1080 2768 1125 ut
2807 1087 2871 1127 eo
2896 1071 3040 1142 quod
3094 1071 3358 1141 quaeritur
3396 1064 3501 1118 mi-

1928 1177 2053 1221 nus,
2095 1160 2603 1229 superasecndens;
2653 1170 2943 1230 postquam
3000 1177 3216 1215 omnem
3270 1175 3392 1230 quae
3438 1174 3502 1214 ex

1929 1252 2247 1306 nominibus
2286 1261 2464 1321 potest
2503 1253 2810 1323 ingenerari
2864 1262 3071 1306 naturae
3110 1253 3502 1321 conjecturam,

1928 1342 2077 1396 eirea
2126 1342 2414 1411 opiniones
2458 1358 2580 1411 qua:
2631 1341 2697 1397 de
2754 1340 2864 1396 Deo
2915 1348 3064 1403 sunt,
3117 1340 3504 1411 praetercurrit,

1932 1434 2134 1489 talibus
2160 1434 2568 1503 suspicionibus
2600 1435 2866 1489 rationem
2894 1438 3247 1503 cxpurgatam
3278 1431 3506 1493 habens,

1931 1526 2436 1597 imperntistamque
2471 1533 2525 1579 et
2568 1540 2761 1595 puram
2817 1524 2886 1577 ab
2924 1523 3073 1577 omni
3126 1522 3317 1576 notitia
3351 1520 3506 1575 fidem

1933 1618 2187 1688 adeptus,
2214 1618 2317 1672 hoc
2342 1618 2561 1687 signum
2586 1616 2792 1671 erroris
2815 1615 3060 1670 nescium
3083 1622 3135 1667 ct
3159 1611 3505 1667 ntauifeStum

1933 1709 2000 1765 de
2035 1709 2128 1765 Dei
2186 1710 2501 1780 cognitione
2558 1708 2709 1773 fecit,
2766 1707 2911 1778 quod
2952 1706 3304 1778 prmstatttius
3333 1711 3417 1759 est
3458 1710 3510 1757 et

1934 1801 2207 1856 excelsius
2238 1801 2386 1854 omni
2429 1801 2584 1870 signo
2611 1800 2679 1854 ad
2728 1799 3094 1869 cognitionem
3132 1797 3280 1859 dato,
3317 1810 3512 1863 nempe

254 1891 423 1954 ἐστιν,
459 1890 672 1960 ἄφωνός
704 1907 763 1943 τε
811 1891 905 1944 καὶ
932 1890 1308 1961 άνενέργητος,
1350 1891 1426 1954 ὡς
1453 1892 1590 1962 πρὸς
1615 1891 1712 1961 τὴν
1736 1890 1829 1944 τοῦ

1946 1893 2183 1958 credere,
2236 1894 2363 1964 quia
2401 1892 2545 1949 Deus
2571 1902 2672 1949 est.
2706 1892 3000 1962 Propterea
3026 1897 3147 1961 post
3176 1890 3322 1943 illam
3355 1902 3508 1941 men-

254 1980 541 2048 νοηθέντος
593 1980 801 2049 ἀγαθοῦ
838 1979 1151 2049 ἑρμηνείαν.
1202 1980 1268 2032 Ἦ
1312 1980 1422 2052 γὰρ
1449 1981 1519 2051 γῆ
1558 1972 1707 2033 δοκεῖ
1742 1996 1830 2049 μοι

256 2075 353 2128 καὶ
383 2076 416 2143 ἠ
445 2073 620 2146 τέφρα
648 2073 707 2125 τὸ
729 2073 930 2142 ἄψυχον
962 2072 1054 2125 καὶ
1084 2072 1145 2125 τὸ
1173 2072 1364 2140 ἄγονον
1393 2072 1508 2143 ἃμα
1543 2070 1832 2141 διασημαί-

255 2183 391 2231 νειν,
427 2168 517 2219 καὶ
538 2165 679 2220 οὑτω
700 2166 861 2234 νόμος
892 2164 1124 2228 πίστεως
1156 2164 1362 2233 γίνεται
1388 2164 1465 2235 τῷ
1496 2164 1633 2235 μετά
1660 2162 1835 2217 ταῦτα

258 2257 361 2328 βίῳ
386 2272 400 2287 ·
456 2255 722 2308 διδάσκων
753 2259 821 2326 τῇ
870 2257 990 2309 κατ’
1023 2256 1184 2309 αὑτὸν
1215 2256 1423 2326 ἱστορίᾳ
1460 2256 1585 2318 τοὺς
1613 2250 1689 2325 τῷ
1719 2254 1835 2324 Θεῷ

257 2348 598 2418 προσιόντας,
656 2348 739 2400 ὃτι
762 2347 860 2400 οὑκ
914 2347 1059 2400 ἔστιν
1089 2348 1262 2410 ἄλλως
1296 2347 1651 2419 προσεγγίσαι
1683 2345 1799 2415 Θεῷ
1819 2385 1833 2409 ,

262 2439 339 2509 μὴ
368 2438 597 2500 πίστεως
635 2437 1021 2509 μεσιτευούσης
1059 2439 1153 2493 καὶ
1186 2437 1566 2508 συναπτούσης
1611 2437 1678 2490 δι’
1719 2438 1840 2491 ἑαυ-

257 2533 359 2601 τῆς
405 2532 495 2583 τὸν
546 2529 905 2601 ἐπιζητοῦντα
955 2530 1079 2585 νοῦν
1122 2532 1257 2603 πρὸς
1304 2531 1402 2603 τὴν
1456 2531 1837 2599 ἀκατάληπτον

264 2621 453 2690 φύσιν.
488 2621 817 2675 Καταλιπὼν
845 2621 954 2693 γὰρ
983 2622 1082 2692 τὴν
1124 2624 1188 2675 ὲκ
1240 2622 1341 2692 τῆς
1391 2622 1644 2691 γνώσεως
1680 2622 1841 2674 πολυ-

262 2714 656 2785 πραγμοσύνην
684 2753 698 2777 ,
771 2714 1159 2777 Ἐπίστευσε,
1207 2715 1403 2784 φησὶν,
1465 2714 1709 2783 Ἀϐραὰμ
1762 2709 1843 2777 τῷ

264 2804 412 2869 Θεῷ,
466 2804 561 2857 καὶ
609 2804 889 2873 ἐλογίσθη
923 2802 1083 2869 αὺτῷ
1129 2802 1216 2866 εἰς
1260 2803 1674 2870 δικαιοσύνην.
1730 2803 1843 2855 υὺκ

267 2896 486 2966 ἐγράφη
516 2896 570 2948 δὲ
619 2896 685 2948 δι’
720 2897 941 2961 ἐκεῖνον,
977 2896 1005 2948 ὁ
1047 2894 1365 2958 ’Λπόστολος
1401 2895 1568 2962 λέγει,
1606 2893 1741 2946 ἀλλά
1776 2893 1842 2946 δι’

269 2989 439 3058 ἡμᾶς,
465 2989 544 3040 ὅτι
579 2987 676 3059 τὴν
720 2988 1051 3058 πίστιν,οὑχ”ί
1082 2988 1181 3058 τὴν
1213 2986 1416 3055 γνῶσιν
1442 2989 1469 3039 ὁ
1499 2986 1631 3048 Θεὸς
1663 2986 1742 3049 είς
1769 2985 1847 3038 δι-

268 3077 564 3148 καιοσύνην
591 3076 859 3146 λογίζεται
878 3080 989 3141 τοῖς
1008 3078 1332 3149 ἀνθρώποις.
1363 3078 1425 3130 Ἡ
1451 3077 1550 3145 μὲν
1577 3075 1686 3146 γὰρ
1706 3073 1848 3143 γνῶ·-

268 3187 357 3232 σις
399 3169 474 3233 ὡς
531 3171 836 3242 ἐμπορικήν
867 3187 989 3224 τινα
1018 3170 1118 3239 τὴν
1145 3169 1385 3223 διάθεσιν
1424 3168 1558 3239 ἔχει,
1596 3168 1739 3239 μόνῳ
1770 3165 1848 3238 τῷ

266 3262 656 3333 γινωσκομένῳ
709 3262 1104 3335 συντιθεμένη·
1154 3264 1187 3333 ἡ
1237 3261 1293 3314 δὲ
1353 3261 1462 3314 τῶν
1505 3257 1847 3332 Χριστιανῶν

268 3352 474 3417 πίστις,
505 3352 602 3421 οὑχ
634 3351 826 3416 οὕτως.
856 3354 929 3405 Ob
951 3354 1059 3424 γὰρ
1090 3354 1198 3407 τῶν
1235 3352 1651 3423 γινωσκομένων
1671 3392 1686 3416 ,
1715 3351 1851 3405 ἀλλά

266 3446 378 3497 τῶν
412 3443 778 3514 ἐλπιζομένων
804 3445 950 3497 ἐστὶν
983 3445 1279 3509 ὑπόστασις
1306 3461 1320 3475 ⁸
1355 3445 1413 3499 τὸ
1442 3446 1496 3499 δὲ
1527 3443 1849 3516 διακρατού-

270 3555 433 3606 μενον
461 3538 560 3590 οὑκ
582 3537 879 3601 ὲλπίζεται.
917 3539 979 3589 Ὃ
1022 3538 1130 3607 γὰρ
1172 3537 1296 3607 ἔχει
1328 3556 1438 3604 τις,
1485 3538 1642 3607 φησι,
1673 3538 1730 3589 τί
1754 3536 1851 3589 καὶ

174 3628 175 3631 “
265 3628 493 3688 ἐλπίζει
513 3644 532 3692 ;
555 3630 626 3681 Τὸ
655 3628 710 3681 δὲ
735 3628 1025 3697 διαφεῦγον
1054 3628 1149 3699 τὴν
1168 3629 1493 3699 κατανόησιν
1520 3628 1696 3698 ἡμῶν,
1724 3627 1854 3699 ὴμέ-

266 3722 488 3791 τερονή
536 3720 716 3783 πίστις
748 3721 909 3784 ποιεῖ,
930 3718 1018 3772 διὰ
1045 3720 1144 3789 τῆς
1196 3719 1329 3782 ἰδίας
1372 3718 1716 3791 βεϐαιότητος
1762 3719 1847 3785 ἐγο

268 3812 529 3883 γυωμένη
564 3812 623 3865 τὸ
654 3812 727 3881 μὴ
757 3812 1100 3882 φαινόμενον.
1138 3810 1292 3865 Οὑτω
1319 3812 1426 3881 γάρ
1456 3828 1586 3881 φησι
1609 3812 1737 3883 περὶ
1760 3807 1852 3864 τοῦ

272 3904 469 3958 πιστοῦ
526 3907 554 3958 ὁ
597 3904 936 3967 Ἀπόστολος,
991 3906 1071 3957 ὅτι
1120 3904 1236 3957 Τὸν
1276 3904 1533 3972 ἀόρατον
1566 3904 1648 3970 ὡς
1702 3902 1855 3972 ὁρῶν

268 3994 660 4062 ἐκαρτέρησε.
690 3995 931 4056 Μάταιος
976 3991 1067 4047 οὖν
1092 3997 1119 4048 ὁ
1153 3993 1242 4047 διά
1266 3993 1518 4063 γνώσεως
1546 3994 1643 4064 τῆς
1681 3994 1855 4064 μάτην

274 4089 580 4160 φυσιούσης
610 4088 906 4157 ἐπιγνῶναι
939 4088 1035 4158 τὴν
1064 4087 1213 4140 θείαν
1245 4087 1434 4141 οὑσίαν
1460 4086 1684 4140 δυνατὸν
1718 4081 1857 4138 εἶναι

270 4186 473 4252 λέγων.
500 4182 637 4236 Οὑτε
669 4183 774 4254 γὰρ
805 4183 1089 4254 ἄνθρωπος
1118 4179 1259 4234 οῦτω
1288 4179 1483 4251 μέγας,
1502 4178 1641 4232 ὥστε
1664 4176 1856 4243 ἐξισῶ-

276 4294 373 4329 σαι
429 4274 506 4345 τῷ
562 4273 747 4345 Κυρίῳ
793 4275 892 4345 τὴν
929 4272 1344 4343 καταληπτικὴν
1378 4269 1573 4325 ἑαυτοῦ
1607 4270 1854 4339 δύναμιν.

282 4368 385 4433 Τίς
412 4368 518 4437 γὰρ
549 4367 619 4419 ἐν
647 4366 929 4435 νεφέλαις
946 4365 1303 4433 ισωθήσεται
1331 4363 1411 4429 τῷ
1440 4364 1671 4432 Κυρίφ;
1695 4364 1859 4434 φησιν

1934 1987 2005 2042 tis
2027 1986 2446 2041 commotionem
2471 2001 2592 2055 qua:
2614 2001 2676 2040 ex
2704 1985 2812 2040 illis
2837 1982 3068 2038 excelsis
3090 1978 3511 2050 speculatnentis

1935 2079 2223 2141 inciderat,
2282 2093 2475 2132 rursus
2522 2077 2587 2131 ad
2648 2077 2939 2130 humanam
3003 2072 3373 2127 infirmitatem
3423 2085 3509 2121 re.

1935 2171 2175 2232 volutus,
2216 2168 2325 2238 Ego
2353 2185 2467 2222 vero
2495 2208 2508 2230 ,
2550 2168 2727 2236 inquit
2753 2207 2767 2231 ,
2800 2182 2916 2220 sum
2969 2165 3139 2232 pulvis
3173 2172 3219 2216 et
3252 2162 3385 2215 cinis
3408 2201 3421 2223 ,
3462 2158 3511 2211 id

1935 2272 2019 2318 est
2044 2271 2249 2324 mutus,
2281 2263 2428 2315 iners
2462 2269 2517 2316 et
2551 2259 2795 2315 iueflicax
2833 2258 2899 2312 ad
2927 2255 3352 2326 explicationem
3386 2248 3512 2305 boni

1937 2353 2083 2422 quod
2134 2361 2315 2407 mente
2355 2359 2706 2422 conceperat.
2739 2349 2909 2405 Terra
2942 2347 3086 2402 enim
3134 2345 3264 2399 mihi
3302 2342 3515 2397 videtur

1938 2455 1994 2499 et
2024 2445 2191 2507 cinis,
2222 2444 2370 2513 quod
2408 2444 2603 2498 animae
2653 2457 2849 2512 expers
2886 2447 2940 2495 et
2972 2438 3159 2494 sterile
3210 2434 3395 2496 simul,
3437 2433 3512 2488 si—

1940 2537 2219 2606 gnificare.
2268 2534 2331 2589 Et
2361 2535 2442 2589 sic
2492 2534 2574 2587 lex
2610 2532 2732 2585 fidei
2770 2531 2827 2584 fit
2855 2531 2979 2584 vitae
3014 2535 3266 2598 posterae,
3310 2524 3515 2578 docens

1942 2628 2044 2681 hac
2086 2625 2314 2681 historia
2354 2639 2448 2679 eos
2480 2624 2571 2693 qui
2604 2621 2669 2676 ad
2705 2622 2871 2675 Deum
2905 2618 3193 2681 accedunt,
3230 2614 3375 2685 quod
3408 2630 3514 2668 non

1944 2720 2104 2775 aliter
2155 2718 2281 2774 licet
2327 2716 2439 2772 Deo
2480 2714 2941 2786 appr0pinquare,
2995 2711 3102 2766 nisi
3149 2710 3249 2764 fide
3279 2708 3517 2762 interve-

1943 2811 2149 2875 niente,
2189 2816 2243 2865 et
2273 2826 2369 2880 per
2403 2825 2461 2863 se
2489 2806 2781 2877 copulaute
2812 2803 3149 2858 intellectum
3174 2801 3264 2868 qui
3296 2796 3521 2868 inquirit

1945 2916 2070 2955 eum
2134 2908 2332 2953 natura
2382 2893 2943 2966 incomprehensibili.
2995 2891 3204 2945 Relicta
3262 2890 3405 2943 enim
3453 2903 3516 2941 ex

1946 2991 2257 3062 cognitione
2295 2987 2634 3047 curiositate,
2688 2982 2945 3047 Credidit,
3008 2980 3203 3047 inquit,
3253 2977 3521 3030 Abraham

1948 3080 2080 3143 Deo,
2147 3089 2194 3134 et
2244 3087 2544 3146 reputatum
2597 3084 2674 3129 est
2735 3074 2782 3127 ei
2833 3072 2901 3126 ad
2946 3071 3222 3141 justitiam
3270 3068 3336 3121 ¹³.
3404 3066 3519 3119 Non

1953 3173 2217 3241 scriptum
2280 3179 2369 3224 est
2412 3176 2634 3238 propter
2697 3166 2875 3231 illum,
2927 3163 3004 3216 ait
3063 3160 3381 3230 Apostolus,
3431 3158 3523 3211 sed

1953 3273 2177 3338 propter
2222 3279 2346 3330 nos,
2399 3261 2546 3333 quod
2583 3260 2768 3325 (idem,
2818 3272 2929 3310 non
2976 3254 3341 3325 cognitionem
3385 3251 3526 3304 Deus

1952 3357 2020 3412 ad
2058 3356 2329 3426 justitiam
2378 3352 2694 3407 hominibus
2728 3355 2969 3420 reputat.
3000 3344 3133 3398 Nam
3157 3341 3400 3412 cognitio
3430 3356 3523 3392 ve-

1952 3450 2035 3503 lut
2082 3446 2497 3518 negotiatoriam
2546 3442 2839 3513 quamdam
2892 3436 3305 3507 dispositionem
3344 3432 3526 3492 habet,

1954 3541 2057 3595 soli
2105 3538 2323 3607 cognito
2363 3535 2695 3599 assenticns,
2742 3532 2835 3587 sed
2907 3528 3346 3584 Christianorum
3396 3524 3529 3577 fides

1954 3647 2065 3687 non
2104 3631 2222 3694 sic;
2275 3644 2380 3681 non
2415 3627 2559 3682 enim
2599 3640 2786 3679 eorum
2827 3636 2947 3692 quae
2976 3626 3405 3691 cognoscuntur,
3437 3614 3530 3668 sed

1954 3736 2077 3792 quae
2123 3726 2416 3789 sperantur
2459 3725 2544 3771 est
2591 3714 3003 3769 fundamentum
3054 3710 3170 3765 sive
3204 3704 3526 3762 substantia.

1956 3811 2113 3879 Quod
2162 3824 2291 3865 vero
2351 3814 2568 3863 tenetttr
2621 3804 2850 3859 firmiter
2900 3818 3009 3856 non
3061 3806 3335 3871 speratur.
3382 3795 3532 3860 Quod

1954 3905 2093 3959 enim
2120 3902 2235 3973 quis
2266 3899 2437 3964 habet,
2472 3899 2545 3952 ait
2574 3896 2886 3967 Apostolus,
2909 3891 3033 3964 quid
3069 3892 3229 3946 etiam
3258 3898 3432 3959 sperat
3457 3886 3534 3937 “i

1956 3994 2112 4062 Quod
2164 4002 2342 4047 autem
2394 4000 2639 4046 nostram
2675 3986 3043 4059 cognitionem
3080 3982 3242 4055 fugit,
3280 3988 3530 4037 nostrum

1959 4091 2096 4146 fides
2138 4086 2291 4152 facit,
2333 4085 2614 4156 spondens
2662 4082 2881 4153 propria
2940 4077 3196 4133 firmitate
3227 4072 3374 4144 quod
3424 4085 3532 4124 non

1959 4189 2207 4254 apparet.
2255 4179 2347 4234 Sic
2386 4179 2532 4234 enim
2574 4176 2649 4229 ait
2697 4174 2765 4229 de
2814 4171 2957 4228 fideli
3013 4162 3535 4254 Apostoluspottod

1958 4248 2273 4329 inuisibilem
2314 4279 2569 4337 tanquam
2601 4266 2777 4319 videns
2806 4263 3014 4332 fortiter
3041 4256 3293 4313 sustinuit
3324 4252 3390 4306 ".
3425 4248 3533 4303 Va-

1961 4381 2065 4419 nus
2101 4362 2265 4432 igitur
2307 4359 2402 4429 qui
2434 4372 2532 4427 per
2570 4356 2935 4424 cognitionem
2984 4350 3191 4403 frustra
3232 4342 3533 4432 innantem.

276 4460 310 4511 ὁ
336 4430 523 4510 Ᾰαθίδ·
556 4455 681 4510 οὔτε
712 4430 855 4509 οὕτω
895 4454 1090 4527 μικρὸν
1109 4430 1169 4506 τὸ
1202 4430 1553 4524 ζητούμενον,
1582 4430 1723 4507 ὥστε
1756 4430 1843 4507 imi

1961 4430 2202 4511 divinam
2256 4451 2553 4507 essentiam
2599 4462 2761 4517 posse
2806 4441 3054 4515 dignosci
3091 4442 3358 4493 autumat.
3416 4430 3536 4486 Non

276 4547 558 4618 λογισμῶν
626 4546 972 4618 ἀνθρωπίνης
1045 4545 1382 4617 βραχύτητος
1439 4544 1836 4616 περιληφθῆναι

1965 4542 2111 4599 enim
2146 4541 2311 4595 homo
2357 4538 2429 4592 ita
2463 4551 2713 4606 magnus.
2747 4541 2807 4587 ut
2839 4527 3344 4602 comprehensivam
3378 4538 3535 4579 suam

280 4614 490 4692 ’Ἄκουε
516 4638 609 4691 τοῦ
643 4614 1090 4707 Ἐκκλησιαστοῦ
1112 4614 1589 4704 συμόουλεύοντος,
1623 4614 1725 4699 Μὴ
1762 4632 1843 4696 ὲξι

1966 4631 2279 4687 facultatem
2310 4627 2539 4682 Domino
2571 4640 2787 4695 aequare
2815 4622 3030 4677 audeat.
3075 4618 3206 4685 Qui:
3253 4616 3426 4678 enim,
3457 4614 3540 4667 in-

276 4731 552 4801 ενεγκεῒν
573 4731 737 4799 ῥῆμα
766 4706 879 4799 πρὸ
931 4728 1253 4799 προσώπου
1286 4726 1456 4791 Θεοῦ,
1496 4724 1584 4777 ὅτι
1635 4727 1666 4776 d
1696 4724 1837 4789 Θεὸς

1968 4724 2086 4794 quit
2124 4721 2312 4783 David,
2350 4721 2402 4773 in
2428 4717 2649 4771 nubibus
2673 4714 2971 4786 a'quabitur
2993 4710 3219 4766 Domino
3243 4706 3322 4761 “‘1
3363 4720 3539 4775 neque

280 4824 473 4894 φησιν,
531 4824 600 4876 ἐν
662 4823 741 4888 τῷ
790 4821 1021 4891 οὐρανῷ
1071 4821 1213 4885 ἄνω,
1240 4817 1443 4873 καὶσὺ
1473 4815 1571 4869 ἐπὶ
1611 4813 1721 4883 τῆς
1757 4812 1867 4883 γῆς

278 4915 464 4969 κάτω.
490 4915 733 4967 Δείκννσι
762 4915 838 4979 δὲ,
873 4910 1048 4983 οἶμαι,
1072 4912 1161 4965 διὰ
1185 4911 1282 4980 τῆς
1306 4908 1412 4962 τῶν
1443 4907 1724 4977 στοιχείων
1746 4903 1868 4957 τού-

278 5026 395 5061 των
421 5008 555 5078 πρὸς
577 5006 781 5075 ἄλληλα
812 5004 1160 5067 οἰκειώσεως,
1200 5001 1397 5072 μᾶλλον
1427 5000 1483 5052 δὲ
1513 4998 1866 5062 διαστάσεως,

274 5104 411 5155 ὅσον
470 5098 772 5168 ὑψηλοτέρα
811 5100 842 5166 ἡ
874 5096 991 5149 θεία
1032 5093 1191 5164 φύσις
1244 5094 1342 5163 τῆς
1368 5089 1476 5143 τῶν
1514 5088 1870 5160 ἀνθρωπίνων

275 5189 566 5260 λογισμῶν
626 5189 921 5258 περινοίας,
959 5190 1120 5239 Ὅσον
1170 5185 1278 5255 γάρ
1307 5182 1552 5252 ἀνώτερα
1594 5179 1659 5232 τά
1693 5178 1866 5247 ἄστρα

274 5285 386 5353 τῆς
416 5283 525 5336 τῶν
552 5281 824 5335 δακτύλων
856 5278 1017 5347 ἁφῆς,
1054 5274 1329 5336 τοσοῦτον,
1363 5271 1561 5343 μᾶλλον
1591 5268 1645 5320 δὲ
1672 5267 1868 5320 πολλα-

278 5376 517 5429 πλάσιον
544 5375 682 5443 καὶή
704 5373 881 5425 πάντα
906 5367 1029 5423 νοῦν
1055 5366 1393 5437 ὑπερέχουσα
1420 5362 1577 5432 φύσις
1602 5359 1709 5413 τῶν
1727 5360 1871 5428 λογι-

280 5465 445 5537 σμῶν
472 5464 581 5516 τῶν
611 5462 812 5533 γηΐνων
853 5457 1306 5529 ὑπερανέστηκεν.

1963 4816 2107 4869 enim
2140 4811 2285 4882 quod
2337 4810 2603 4880 quaeritur
2655 4808 2729 4861 ita
2779 4820 3004 4875 parvum
3048 4810 3133 4858 est.
3167 4812 3222 4856 et
3268 4799 3429 4861 exile,
3482 4806 3541 4849 ut

1964 4903 2277 4959 rationibus
2309 4903 2560 4956 humana:
2592 4898 2875 4953 brevitatis
2909 4894 3083 4965 possit
3127 4887 3535 4961 comprehendi.

1966 4996 2107 5051 Audi
2144 4992 2527 5049 Ecelesiastem
2574 4992 2653 5045 sic
2687 4988 3089 5043 consulentem:
3134 4981 3264 5039 Noli
3308 4981 3542 5051 proferre

1968 5085 2178 5141 verbum
2230 5095 2350 5136 ante
2401 5081 2594 5149 faciem
2648 5078 2763 5133 Dei.
2820 5077 2964 5144 Quia
3013 5074 3179 5138 Deus,
3235 5072 3433 5143 inquit,
3486 5069 3539 5119 in

1974 5180 2102 5233 calo
2134 5192 2368 5240 sursum,
2403 5184 2451 5227 et
2496 5186 2549 5225 tu
2578 5173 2629 5225 in
2656 5180 2793 5225 terra
2832 5170 3076 5222 deorsum
3100 5168 3162 5218 ”.
3200 5164 3543 5219 Demonstrat

1976 5277 2158 5323 autem
2198 5284 2293 5338 per
2344 5266 2539 5321 horum
2592 5264 2985 5318 elementorum
3028 5265 3269 5311 mutuam
3300 5248 3536 5316 conjun-

1977 5359 2233 5422 ctionem,
2261 5358 2369 5410 imo
2398 5369 2526 5409 vero
2547 5352 2887 5415 distantiam,
2913 5354 3117 5417 quanto
3138 5342 3321 5397 divina
3352 5345 3542 5391 natura

1980 5451 2338 5505 humanarum
2386 5444 2863 5501 ratiocinationum
2897 5433 3295 5505 excogitatione
3327 5434 3412 5484 est
3453 5442 3517 5481 su

281 5532 533 5615 blimior.
584 5532 799 5623 Quanto
831 5556 973 5611 enim
1004 5535 1183 5609 sidera
1216 5551 1507 5622 digitorum
1551 5556 1695 5603 tactu
1740 5558 1869 5603 sunt
1906 5545 2119 5609 altiora,
2143 5554 2315 5607 tanto,
2342 5543 2452 5597 imo
2477 5556 2605 5596 vero
2623 5538 2808 5593 multis
2862 5532 3129 5604 partibus,
3152 5541 3271 5597 qua:
3331 5537 3544 5579 omnem

284 5654 627 5708 intellectura
661 5657 881 5719 superat
908 5657 1123 5708 natura,
1154 5645 1384 5702 terrenis
1422 5643 1840 5715 cogitationibus
1875 5647 1929 5695 et
1966 5639 2268 5694 rationibus
2304 5634 2551 5704 superior
2594 5636 2791 5686 exstat.

393 5767 437 5796 "
474 5763 624 5818 Psal.
660 5777 857 5823 Lxxxv,
891 5761 946 5814 6.

289 5849 565 5898 Lxxxvm,
592 5832 644 5887 7.
726 5834 766 5863 “
802 5829 982 5886 Eccle.
1013 5847 1065 5896 v,
1096 5831 1145 5883 1.

1069 5756 1278 5815 "Cen.
1315 5775 1404 5823 xv,
1449 5756 1513 5825 6;
1566 5756 1717 5813 llom.
1778 5772 1850 5821 vn,
1886 5755 1939 5809 3.

3321 5729 3363 5761 ιε
3394 5718 3535 5776 Psal.

2073 5754 2114 5783 ”
2148 5751 2304 5806 Rom.
2340 5762 2460 5810 vm,
2489 5745 2579 5798 ΞΑ.
2707 5744 2745 5775 ⁸⁵
2782 5738 2945 5793 Hebr.
2993 5752 3070 5801 tu,
3100 5735 3191 5792 27.
3232 5776 3249 5785 ι
