4054 6152
290 229 398 285 945

1382 220 1659 278 CONTRA
1694 217 2061 276 EUNOMIUM
2102 218 2233 272 LIB.
2265 217 2383 272 ΧΠ.

3428 198 3545 275 946

289 362 382 398 ται
406 384 421 409 ,
454 343 594 417 πρὸς
632 344 729 415 τὴν
766 342 977 397 σύνεσιν
1013 343 1113 414 τῆς
1143 343 1294 407 θείας
1336 343 1550 413 φύσεως
1588 360 1860 416 χειραγω-

1986 342 2281 399 nominibus
2332 341 2620 406 facientes,
2682 350 2793 397 tum
2855 357 2921 397 ex
2978 340 3261 396 miraculis
3315 354 3437 411 qua:
3492 341 3543 393 in

290 435 470 504 γοῦσι,
501 436 598 507 τὴν
633 434 1097 506 μεγαλοπρέπειαν
1128 435 1296 506 μόνην
1319 435 1428 490 τῶν
1453 436 1580 507 περὶ
1614 435 1706 488 τὸν
1733 435 1866 489 Θεὸν

293 527 681 598 θεωρουμένων
701 528 813 588 τοῖς
842 524 1147 597 ἀνθρώποις
1172 524 1550 597 γνωρίζοντες·
1576 527 1666 580 τὸν
1690 526 1747 580 δὲ
1768 527 1868 597 τῆς

292 619 484 683 οὐσίας
524 619 697 687 λόγον,
733 618 808 681 ὡς
844 617 966 671 οὔτε
1016 618 1237 672 δυνατὸν
1266 618 1605 691 χωρηθῆναι,
1644 616 1769 671 οὔτε
1814 635 1867 671 τι

294 710 527 783 φέροντα
556 713 667 774 τοῖς
716 711 1228 783 πολυπραγμονοῦσι
1263 712 1324 763 τὸ
1366 711 1590 781 κέρδος,
1634 708 1869 781 ἄρρητον

293 804 513 873 ἀφῆκαν
540 805 635 856 καὶ
667 802 1041 868 ἀνεξέταστον.
1086 805 1197 858 Καὶ
1230 804 1339 875 γὰρ
1369 805 1463 857 καὶ
1492 803 1659 858 τᾶλλα
1691 803 1870 857 πάντα

293 897 375 949 ὅτι
406 897 504 967 μὲν
533 896 724 965 γέγονε
744 896 1074 969 διηγήσαντο
1100 939 1113 961 ,
1141 898 1386 969 οὐρανὸν,
1417 898 1542 966 γῆν,
1568 897 1865 961 θάλασσαν,

294 988 539 1059 χρόνους,
585 988 787 1053 αἰῶνας
816 990 908 1044 καὶ
951 991 1047 1060 τὴν
1081 992 1138 1043 ὲν
1181 989 1390 1051 τούτοις
1426 989 1637 1043 κτίσιν*
1685 990 1767 1042 ὅτι
1813 988 1869 1042 δὲ

295 1080 499 1135 τούτων
531 1081 781 1148 ἕκαστον,
814 1083 906 1136 καὶ
934 1084 1102 1148 ὅπως,
1139 1085 1233 1137 καὶ⁹
1261 1083 1402 1148 ὅθεν,
1436 1082 1829 1152 ἅπεσιὼπησαν
1851 1100 1866 1115 ’

297 1172 440 1228 οὕτω
467 1175 562 1228 καὶ
589 1175 717 1247 περὶ
748 1174 904 1236 Θεοῦ,
936 1176 1016 1228 ὅτι
1044 1177 1139 1246 μὲν
1163 1175 1278 1228 ἔστι
1305 1217 1320 1242 ,
1350 1175 1444 1228 καὶ
1471 1178 1584 1237 τοῖς
1612 1172 1871 1244 ὲκζητοῦοα

299 1283 383 1319 σιν
411 1265 574 1320 αὐτὸν
607 1266 1003 1337 μισθαποδότης
1028 1267 1258 1334 γίνεται,
1297 1265 1721 1336 συμϐουλεύουσι
1754 1266 1870 1319 πεί-

295 1359 508 1413 θεσθαι·
537 1360 633 1429 τὴν
653 1358 708 1412 δὲ
730 1359 889 1427 φύσιν
911 1360 1078 1428 αὐτὴν
1098 1360 1173 1423 ὡς
1194 1360 1332 1431 ὑπὲρ
1356 1360 1465 1412 πᾶν
1483 1336 1646 1414 οὖσαν
1665 1360 1836 1430 ὄνομα
1852 1401 1867 1426 ,

295 1451 421 1505 οὔτε
454 1452 742 1522 ὠνόμασαν
763 1494 778 1518 ,
816 1451 938 1505 οὔτε
972 1453 1263 1523 ὲμέλησαν.
1299 1453 1362 1505 Εἰ
1402 1452 1510 1524 γάρ
1541 1470 1593 1508 τι
1621 1452 1756 1523 πρὸς
1781 1452 1871 1524 δή·

294 1546 463 1598 λωσιν
492 1545 589 1615 τῆς
621 1544 770 1609 θείας
804 1547 1182 1616 κατανοήσεως
1232 1545 1630 1617 μεμαθήκαμεν
1667 1546 1869 1617 ὄνομα,

296 1638 474 1690 πάντα
506 1634 678 1691 ταῦτα
706 1638 989 1692 κοινωνίαν
1017 1637 1127 1709 ἔχει
1166 1640 1260 1691 καὶ
1305 1639 1596 1706 ἀναλογίαν
1622 1640 1760 1711 πρὸς
1800 1640 1880 1695 τάν

294 1729 521 1784 τοιαῦτα
559 1730 667 1783 τῶν
714 1731 1009 1802 ὀνομάτων,
1058 1730 1094 1784 ἃ
1122 1732 1213 1795 τοῦ
1259 1749 1403 1795 τινος
1439 1732 1725 1803 ἀνθρώπου
1773 1734 1872 1807 τὴν

300 1821 537 1892 ἰδιότητα
575 1821 862 1875 δείκνυσιν.
906 1823 994 1886 Ὠς
1026 1824 1134 1893 γὰρ
1172 1825 1221 1876 oi
1260 1824 1351 1877 τὸν
1390 1825 1751 1895 ἀγνοούμενον
1786 1828 1874 1881 διά

296 1930 459 1966 τινων
490 1913 882 1983 γνωρισμάτων
924 1913 1230 1985 δηλοῦντες,
1262 1915 1562 1987 εύπατρίδα
1591 1918 1775 1983 αὐτὸν,
1807 1917 1873 1972 ἂν

296 2004 443 2059 οὕτω
476 2004 611 2076 τύχῃ
630 2047 644 2069 ,
677 2006 768 2057 καὶ
793 2005 902 2059 τῶν
918 2002 975 2060 εὖ
989 2008 1288 2075 γεγονότων
1313 2008 1561 2078 λέγουσιν
1591 2006 1750 2074 εἶναι,
1782 2012 1874 2085 καὶ

297 2097 549 2170 λαμπρὸν
570 2100 627 2151 ἐν
648 2097 861 2169 πλούτῳ
874 2098 968 2151 καὶ
988 2100 1045 2151 ὲν
1065 2099 1193 2171 ἀξίᾳ
1213 2118 1277 2152 πε
1288 2100 1589 2171 ρίϐλεπτον,
1612 2102 1877 2158 ἀνθοῦντά

296 2210 360 2246 τε
390 2194 452 2263 τῇ
477 2190 594 2262 ῶρᾳ
610 2232 622 2254 ,
646 2192 738 2244 καὶ
761 2193 855 2246 ἐπὶ
886 2192 1042 2245 τόσον
1061 2193 1394 2249 διανεστῶτα
1415 2194 1491 2266 τῷ
1514 2196 1749 2267 σώματι,
1780 2200 1876 2253 καὶ

297 2288 369 2340 τὰ
400 2286 622 2340 τοιαῦτα
652 2286 931 2354 λέγοντες,
960 2285 1021 2338 ού
1046 2284 1141 2357 τὴν
1183 2285 1343 2355 φύσιν
1372 2288 1465 2341 τοῦ
1506 2289 1834 2361 δηλουμένου
1859 2331 1874 2356 ,

298 2380 436 2434 ἁλλά
460 2396 578 2432 τινα
603 2378 958 2450 γνωρίσματα
986 2378 1095 2431 τῶν
1123 2378 1248 2449 περὶ
1268 2379 1428 2433 αὐτὸν
1463 2383 1877 2452 γινωσκομένων

300 2472 593 2541 ἐδήλωσαν.
628 2470 762 2524 Οὔτε
790 2471 897 2542 γὰρ
930 2470 991 2523 τὸ
1023 2472 1261 2540 εὐγενὲς,
1291 2471 1414 2526 οὔτε
1438 2475 1498 2526 τὸ
1524 2475 1878 2547 πολυχρήμα-

298 2583 413 2628 τον,
430 2563 550 2618 οὔτε
572 2564 631 2617 τὸ
651 2564 947 2635 περιφανὲς
962 2563 1054 2617 τοῦ
1068 2563 1392 2636 ἀξιώματος,
1412 2565 1534 2620 οὕτε
1549 2568 1608 2620 τὸ
1628 2569 1767 2623 κατὰ
1781 2571 1879 2642 τὴν

300 2656 450 2726 ῶραν
466 2655 819 2726 περίϐλεπτον
836 2656 863 2707 ὁ
880 2654 1162 2727 ἄνθρωπός
1183 2658 1350 2720 ἐστιν,
1369 2658 1481 2712 ἀλλ’
1505 2660 1731 2714 ἕκαστον
1752 2661 1878 2717 τού-

300 2767 408 2802 των
437 2767 501 2801 πε
513 2748 563 2819 pl.
590 2748 681 2800 τόν
710 2765 831 2800 τινα
863 2747 1167 2818 θεωρεῖται’
1200 2748 1371 2812 οὕτως
1393 2751 1486 2804 καὶ
1514 2752 1684 2806 πᾶσαι
1706 2753 1881 2822 φωναὶ

300 2841 400 2907 τῆς
432 2840 589 2907 ἁγίας
624 2838 844 2907 Γραφῆς
881 2840 957 2900 εἰς
988 2836 1291 2906 δοξολογίαν
1319 2841 1469 2895 θείαν
1499 2841 1877 2915 ὲξευρημέναι,

300 2930 415 2982 τῶν
452 2928 576 2997 περὶ
609 2927 699 2979 τὸν
740 2926 871 2978 Θεόν
904 2943 957 2978 τι
1003 2925 1347 2996 δηλουμένων
1392 2930 1877 3000 ἀποσημαίνουσιν,

1909 1700 1950 1754 Β

1976 432 2149 502 ipsius
2179 433 2438 504 operibus
2460 434 2696 500 elucent,
2722 449 2844 489 cum
2887 448 2950 489 ex
2980 433 3315 496 nominibus,
3351 431 3547 501 quibus

1975 524 2210 581 varietas
2245 525 2443 582 divina:
2476 527 2691 583 virtutis
2735 527 3078 596 intelligitur,
3126 524 3193 579 ad
3228 524 3422 579 divintc
3449 536 3550 575 na-

1976 624 2115 672 tura:
2154 618 2565 687 intelligentiam
2597 627 2855 689 tanquam
2889 633 3053 672 manu
3085 617 3314 679 ducunt,
3343 614 3551 683 magni-

1978 710 2249 765 ficentiam
2288 712 2461 766 solam
2492 726 2682 767 eorum
2713 726 2834 782 quae
2869 711 2936 765 de
2966 710 3075 765 Deo
3109 707 3546 773 considerantur,

1979 800 2296 857 hominibus
2324 810 2512 856 notam
2542 802 2835 867 facientes;
2875 800 3129 857 essentiaa
3166 807 3345 854 autem
3380 799 3551 852 ratio-

1978 908 2126 957 nem,
2174 901 2236 947 ut
2274 908 2396 963 quae
2442 894 2561 963 capi
2598 894 2749 948 nullo
2789 894 2951 949 modo
2995 892 3189 963 possit,
3217 906 3395 961 neque
3421 890 3551 961 quid

1979 982 2167 1039 afferat
2213 985 2352 1040 lucri
2408 986 2784 1057 eLcommodi
2816 986 2900 1041 his
2937 988 3029 1056 qui
3085 984 3248 1040 nimis
3300 983 3458 1038 anxie
3503 993 3555 1037 et

1979 1078 2195 1135 curiose
2238 1082 2582 1149 perquirunt,
2618 1078 2944 1134 ineffabilem
2976 1086 3030 1133 et
3072 1093 3180 1132 non
3217 1076 3556 1148 pervestiga-

1978 1171 2140 1227 bilem
2184 1171 2533 1226 dimiserunt.
2580 1169 2795 1225 Etenim
2827 1172 2989 1225 etiam
3034 1170 3138 1223 alia
3180 1168 3361 1223 omnia
3408 1175 3555 1221 certe

1979 1264 2118 1319 facta
2150 1278 2271 1321 esse
2296 1273 2679 1329 narraverunt,
2710 1264 2931 1330 coelum,
2959 1272 3181 1329 terram,
3215 1276 3385 1323 mare,
3419 1267 3556 1314 tem-

1979 1356 2133 1426 pora,
2197 1357 2418 1423 saecula,
2451 1363 2504 1412 et
2526 1372 2647 1426 qua:
2680 1357 2733 1410 in
2772 1357 2853 1411 eis
2884 1364 3035 1431 sunt,
3072 1362 3374 1410 creaturas.
3412 1351 3556 1417 Quid

1981 1460 2158 1505 autem
2186 1451 2381 1507 horum
2418 1450 2871 1520 unumquodque,
2896 1459 2948 1505 et
2977 1447 3273 1519 quomodo,
3308 1455 3363 1501 et
3394 1445 3555 1511 unde,

1981 1543 2130 1597 taciti
2174 1542 2556 1613 praeterierunt
2590 1562 2602 1597 :
2648 1543 2730 1598 sic
2760 1542 2923 1595 etiam
2958 1541 3023 1595 de
3060 1538 3172 1593 Deo
3202 1539 3329 1608 quia
3356 1544 3462 1602 est,
3503 1544 3557 1591 et

1982 1636 2356 1705 quaerentibus
2404 1650 2465 1691 se
2509 1634 2569 1688 fit.
2603 1642 2983 1688 remunerator
3014 1632 3079 1697 ’⁸,
3110 1631 3400 1686 consulunt
3435 1622 3556 1683 cre-

1982 1727 2152 1783 dere:
2186 1734 2439 1782 naturam
2480 1734 2661 1782 autem
2709 1725 2882 1796 ipsam
2922 1740 3041 1794 quae
3090 1738 3254 1794 supra
3294 1734 3377 1780 cst
3398 1739 3560 1778 omne

1981 1840 2205 1888 nomen,
2256 1839 2433 1894 neque
2496 1821 2875 1883 nominarunt,
2930 1836 3107 1890 neque
3159 1828 3442 1875 curarunt.
3500 1817 3559 1871 Si

1981 1919 2124 1975 enim
2150 1932 2350 1994 nomen
2396 1915 2616 1986 aliquod
2658 1914 2725 1969 ad
2748 1914 3171 1970 declarationem
3227 1914 3422 1969 divinae
3468 1929 3562 1968 co-

1984 2011 2244 2082 gnitionis
2302 2008 2621 2075 didicimus,
2684 2007 2800 2062 hac
2872 2008 3053 2062 omnia
3118 2007 3558 2063 communionem

1985 2102 2206 2165 habent,
2240 2109 2293 2156 et
2327 2100 2742 2171 proportionem
2788 2114 2911 2153 cum
2944 2099 3218 2167 ejusmodi
3246 2099 3562 2153 nominibus

1985 2210 2106 2263 quae
2154 2192 2387 2261 alicujus
2433 2191 2671 2246 hominis
2722 2191 3110 2261 proprietatem
3158 2188 3557 2249 demonstrant.

1986 2286 2454 2354 Quemadmodum
2508 2283 2653 2339 enim
2709 2282 2761 2337 hi
2810 2284 2903 2353 qui
2958 2283 3267 2356 quempiam
3321 2283 3425 2338 sibi
3480 2299 3563 2337 m-

1986 2379 2283 2449 cognitum,
2340 2392 2437 2447 per
2493 2377 2676 2445 aliqua
2732 2375 2938 2430 indicia
2972 2384 3041 2430 et-
3070 2376 3224 2446 signa
3260 2375 3569 2439 declarant,

1986 2476 2165 2548 ipsum
2208 2491 2275 2531 ex
2322 2474 2466 2528 bono
2519 2479 2672 2543 patre
2714 2478 2896 2525 ortum
2946 2478 2999 2526 et
3040 2470 3356 2541 ingenuum,
3403 2470 3448 2526 si
3484 2471 3565 2526 sic

1987 2582 2109 2623 sors
2154 2565 2361 2630 tulerit,
2416 2573 2471 2618 et
2522 2578 2586 2617 ex
2634 2560 2914 2616 nobilibus
2969 2560 3159 2615 dicunt
3201 2576 3343 2626 esse,
3404 2570 3568 2629 atque

1986 2657 2192 2712 divitiis
2226 2657 2436 2710 clarum
2471 2662 2526 2709 et
2570 2652 2836 2723 dignitate
2868 2653 3249 2721 conspicuum,
3289 2659 3445 2707 aetate
3468 2651 3567 2706 fio-

1988 2758 2217 2815 rentem,
2256 2756 2309 2803 et
2359 2747 2416 2801 in
2466 2752 2678 2800 tantum
2716 2758 2945 2815 corpore
2984 2744 3335 2810 eminentem,
3365 2751 3418 2799 et
3446 2760 3568 2814 qua:

1990 2851 2120 2900 sunt
2149 2840 2421 2911 ejusmodi
2458 2839 2586 2894 dum
2632 2838 2844 2899 dicunt,
2892 2852 3000 2893 non
3033 2845 3284 2891 naturam
3321 2836 3443 2907 ejus
3471 2837 3565 2905 qui

1990 2934 2325 2995 declaratur,
2356 2928 2450 2986 sed
2484 2928 2730 2997 quaedam
2763 2927 2920 2997 signa
2952 2935 3005 2981 et
3032 2934 3190 2981 notas
3223 2940 3412 2981 eorum
3448 2942 3570 2996 qua:

307 3021 446 3074 ἰδίαν
480 3018 715 3089 ἔμφασιν
742 3018 944 3088 ἑκάστη
981 3018 1325 3089 παρεχομένη
1360 3020 1426 3073 δι’
1450 3013 1525 3074 ὧν
1554 3022 1586 3093 ἢ
1628 3023 1689 3075 τὸ
1721 3024 1879 3079 δυνα-

1989 3025 2044 3079 ἰη
2069 3024 2191 3093 ipso
2215 3027 2646 3092 cognoscuntur,
2678 3019 3014 3075 indicarunt.
3041 3017 3228 3089 Neque
3256 3019 3400 3074 enim
3423 3018 3571 3089 quod

304 3112 417 3177 τὸν,
470 3111 501 3181 ἢ
535 3111 594 3163 τὸ
620 3110 712 3164 τοῦ
764 3109 1006 3181 χείρονος
1048 3110 1418 3178 ἀνεπίδεκτον,
1461 3112 1492 3181 ἢ
1522 3114 1582 3166 τὸ
1614 3114 1687 3187 μὴ
1718 3115 1777 3180 ἐξ
1805 3118 1888 3170 αξ-

305 3205 426 3266 τίας
454 3197 614 3267 εἶναι,
660 3203 690 3273 ἦ
721 3202 781 3255 τὸ
812 3203 885 3273 μὴ
918 3204 997 3266 εἰς
1022 3204 1367 3274 περιγραφὴν
1397 3205 1584 3269 τέλους
1605 3206 1882 3278 ἔρχεσθαι,

307 3294 341 3365 ἢ
374 3294 434 3347 τὸ
473 3293 615 3348 κατά
657 3294 874 3348 πάντων
930 3291 1072 3362 ἔχειν
1104 3293 1164 3345 τὸ
1206 3293 1427 3362 κράτος,
1464 3293 1496 3364 ἦ
1530 3294 1666 3359 ὅλως
1698 3315 1748 3350 τι
1778 3282 1916 3352 τῶν’

310 3387 438 3458 περὶ
490 3386 683 3447 αὐτὸν,
726 3383 1122 3454 διδασκόμεθα·
1159 3384 1330 3456 αὐτὴν
1360 3386 1415 3440 δὲ
1447 3387 1546 3457 τὴν
1586 3388 1772 3443 οὐσίαν
1811 3390 1886 3454 ὡς

307 3478 431 3532 οὕτε
452 3478 655 3549 διανοίᾳ
675 3478 781 3530 τινὶ
800 3477 1072 3548 χωρητὴν,
1096 3475 1217 3530 οὔτε
1239 3476 1666 3550 λόγῳφραστὴν,
1694 3482 1884 3535 ἀπολυ.

308 3571 691 3641 πραγμὸνητον
720 3570 899 3633 εἴασε,
934 3571 1123 3639 σιωπῇΔ
1154 3569 1415 3639 τιμᾶσθαι
1454 3570 1880 3642 νομοθετήσασα,

308 3663 366 3715 έν
385 3661 459 3733 τῷ
486 3662 711 3716 κωλύειν
730 3662 837 3714 τῶν
866 3659 1176 3731 βαθυτέρων
1201 3660 1297 3731 τὴν
1322 3661 1567 3732 ζήτησιν,
1600 3664 1693 3717 καὶ
1718 3666 1775 3717 ὲν
1806 3665 1884 3736 τῷ

305 3754 485 3822 λέγειν
515 3755 588 3826 μὴ
615 3756 723 3809 δεῖν
762 3755 1063 3822 ἐξενεγκεῖν
1094 3754 1243 3824 ῥῆμα
1266 3752 1372 3824 πρὸ
1402 3754 1692 3826 προσώπου
1726 3757 1881 3813 Θεοῦ.

1990 3130 2319 3187 generosum
2374 3122 2428 3168 et
2475 3111 2681 3175 nobile,
2738 3127 2918 3181 neque
2958 3112 3340 3182 pecuniosum,
3392 3128 3571 3183 neque

1992 3208 2205 3263 illustre
2231 3206 2516 3276 dignitate,
2550 3218 2729 3272 neque
2764 3204 2911 3272 quod
2942 3210 3102 3258 aetate
3130 3203 3307 3267 ﬂoret,
3342 3212 3398 3260 et
3445 3220 3571 3275 spe-

1992 3299 2195 3355 etahile
2222 3306 2328 3361 est,
2368 3298 2486 3367 ipse
2519 3295 2682 3350 homo
2710 3301 2814 3357 est,
2848 3294 2943 3349 sed
2977 3294 3174 3348 horum
3225 3296 3570 3365 unumquod-

1991 3408 2098 3463 que
2137 3391 2190 3444 in
2236 3390 2421 3459 aliquo
2472 3395 2777 3457 spectatur.
2836 3388 2927 3443 Sic
2970 3388 3136 3442 etiam
3174 3402 3367 3443 omnes
3407 3404 3569 3444 voces

1992 3492 2197 3540 sancta),
2236 3480 2535 3551 Scriptura:
2580 3479 2648 3533 ad
2695 3477 3145 3550 glorilicationem
3194 3479 3434 3533 divinam
3484 3480 3570 3534 in-

1991 3588 2185 3640 ventze,
2221 3590 2411 3630 eorum
2457 3571 2662 3643 aliquid
2707 3587 2828 3641 qua-2
2857 3571 2911 3625 in
2952 3571 3061 3627 Deo
3086 3572 3456 3637 declarantur,
3497 3573 3571 3628 si-

1990 3669 2267 3741 gniﬁcant,
2329 3666 2603 3737 propriam
2648 3664 3100 3734 significationem
3159 3665 3387 3734 singulae
3438 3682 3573 3736 prm-

1992 3761 2203 3826 bentes,
2245 3774 2343 3831 per
2399 3774 2559 3829 quas,
2591 3758 2676 3813 vel
2722 3760 2867 3828 quod
2903 3765 3097 3827 potens
3149 3766 3254 3825 est,
3295 3758 3379 3814 vel
3423 3760 3569 3828 quod

306 3846 594 3901 deterioris
655 3862 763 3900 non
812 3853 897 3901 est
938 3860 1129 3915 capax,
1178 3847 1260 3899 vel
1298 3847 1443 3916 quod
1501 3863 1611 3903 non
1661 3859 1746 3906 est
1794 3868 1859 3907 ex
1901 3868 2089 3919 causa,
2121 3855 2206 3909 vel
2253 3853 2399 3923 quod
2462 3850 2841 3906 circumscribi
2867 3866 2975 3905 non
3008 3858 3215 3920 potest,
3279 3852 3362 3906 vel
3425 3852 3571 3922 quod

310 3935 365 3990 in
415 3938 597 3991 omnia
628 3936 790 3992 habet
829 3938 1141 4007 imperium,
1175 3937 1260 3991 vel
1307 3938 1530 3993 omnino
1593 3941 1723 4007 quid
1765 3958 1954 3999 eorum
1994 3962 2115 4012 qua:
2158 3946 2214 4000 in
2264 3945 2384 4015 ipso
2421 3942 2864 4008 considerantur,
2916 3941 3220 3998 docemur:
3277 3944 3569 3999 essentiam

308 4034 489 4082 autem
539 4029 731 4097 ipsam,
768 4037 827 4081 ut
871 4043 1047 4098 neque
1097 4028 1451 4099 intelligentia
1504 4033 1944 4102 perceptibilem,
1986 4053 2160 4107 neque
2212 4035 2461 4091 oratione
2506 4032 2807 4095 eﬂ’abilem,
2853 4048 2961 4087 non
3018 4033 3235 4089 curiose
3290 4034 3571 4105 inquiren-

306 4118 431 4172 dam
469 4117 690 4177 dimisit.
727 4118 942 4173 silentio
971 4119 1253 4174 colendam
1287 4135 1410 4175 esse
1437 4122 1716 4187 sanciens,
1754 4125 1884 4179 dum
1925 4128 2097 4183 vetuit
2147 4127 2543 4199 profundorum
2587 4124 3021 4195 inquisitionem,
3072 4134 3127 4180 et
3198 4124 3328 4179 dum
3402 4125 3569 4181 edixit

312 4220 423 4261 non
464 4216 714 4277 oportere
747 4207 938 4263 ell‘erre
975 4209 1201 4264 verbum
1250 4217 1377 4265 ante
1433 4210 1626 4268 faciem
1677 4213 1791 4270 Dei.

377 4300 478 4355 Διά
510 4300 666 4353 τοῦτο
703 4302 881 4354 πᾶσάν
911 4318 994 4363 τις
1026 4300 1380 4355 θεόπνευστον
1420 4304 1605 4375 φωνὴν
1648 4307 1879 4377 ἐρευνώ-

2057 4305 2140 4362 0b
2172 4321 2291 4363 eam
2324 4320 2546 4361 causam
2583 4305 2677 4375 qui
2702 4320 2920 4360 omnem
2953 4304 3217 4360 divinitus
3250 4306 3571 4375 inspiratam

312 4409 473 4475 μενος
494 4432 509 4457 ,
536 4392 636 4445 οὐκ
663 4391 729 4446 ἂν
769 4391 917 4462 εὖροι
948 4392 1048 4461 τῆς
1074 4392 1224 4456 θείας
1256 4393 1470 4462 φύσεως
1503 4397 1602 4467 τὴν
1634 4398 1879 4453 διδασκα-

1987 4412 2174 4451 vocem
2227 4395 2563 4466 perscrutari
2608 4395 2860 4459 voluerit,
2920 4410 3027 4449 non
3088 4396 3327 4451 inveniet
3372 4396 3573 4452 divina

310 4485 454 4547 λίαν,
489 4483 610 4537 οὐδὲ
637 4483 740 4554 μὴν
769 4483 927 4537 ἄλλου
968 4484 1119 4548 me;
1134 4484 1240 4538 τῶν
1273 4489 1397 4541 κατ’
1423 4488 1610 4543 οὐσίαν
1650 4492 1888 4563 ὑφεστη-

309 4574 503 4629 κότων.
550 4574 712 4628 Ὅθεν
754 4575 812 4627 ὲν
850 4574 1044 4645 ἀγνοίᾳ
1084 4576 1303 4630 πάντων
1342 4577 1642 4649 διὰγομεν,·,
1675 4581 1891 4652 πρῶτον

310 4664 542 4730 ἑαυτοὺς
574 4664 893 4734 ἀγνοοῦντες
922 4667 970 4719 οί
1016 4665 1325 4738 ἄνθρωποι,
1363 4667 1555 4723 ἔπειτα
1588 4671 1647 4724 δὲ
1695 4674 1788 4726 καὶ
1821 4673 1891 4727 τὰ

310 4754 449 4808 ἄλλα
480 4753 679 4809 πάντα.
715 4754 811 4818 Τίς
845 4756 953 4827 γάρ
985 4757 1130 4809 ἐστιν
1163 4756 1222 4821 ὃς
1254 4757 1352 4827 τῆς
1388 4757 1525 4821 ἰδίας
1565 4760 1759 4814 ἑαυτοῦ
1790 4762 1895 4832 ψυ-

309 4846 415 4917 χῆς
452 4845 513 4899 ἐν
544 4846 847 4916 καταλήψει
891 4847 1217 4918 γεγένηται;
1260 4849 1357 4912 Τίς
1383 4851 1411 4902 ὁ
1440 4850 1695 4919 ἐπιγνοὺς
1725 4854 1895 4924 αὐτῆς

203 5007 207 5009 _
308 4943 414 5015 τὴν
450 4938 670 5004 οὐσίαν;
722 4939 913 5009 Ὑλική
960 4939 1041 5003 τίς
1084 4941 1262 5003 ἐστιν,
1316 4940 1349 5011 ἢ
1402 4941 1592 5008 diales;
1638 4943 1896 5015 καθαρῶς

312 5030 635 5101 ἀσώματος,
666 5032 700 5103 ἦ
736 5048 787 5085 τι
826 5030 921 5085 καὶ
966 5033 1329 5101 σωματοειδὲς
1359 5033 1489 5104 περὶ
1518 5033 1727 5105 αύτήν;
1770 5036 1895 5101 Πῶς

312 5124 557 5192 γίνεται;
610 5125 732 5188 πῶς
790 5125 1072 5195 κιρνᾶται;
1137 5124 1302 5178 πόθεν
1354 5125 1720 5198 είσκρίνεται;
1775 5129 1896 5193 πῶς

309 5214 637 5284 ἀφίσταται;
660 5215 724 5268 Τί
748 5216 809 5269 τὸ
838 5215 1167 5286 συ,νδεσμοῦν
1185 5216 1276 5269 καὶ
1304 5214 1585 5287 μεσιτεῦον
1609 5219 1721 5290 ἔχει
1752 5221 1887 5291 πρὸς

308 5306 411 5377 τὴν
438 5305 533 5359 τοῦ
566 5305 814 5375 σώματος
835 5307 1028 5374 φύσιν;
1060 5307 1183 5370 Πῶς
1210 5309 1242 5378 ἡ
1264 5310 1479 5381 ἀναφής
1506 5327 1564 5363 τε
1596 5311 1692 5364 καὶ
1719 5312 1888 5383 ἀσχη-

313 5395 607 5470 μάτιστος,
659 5397 764 5468 ἰδίᾳ
813 5398 921 5451 τινὶ
961 5403 1275 5470 περιγραφῇ
1320 5401 1739 5472 περιείληπται;
1792 5403 1889 5467 Τίς

311 5487 457 5542 κατά
491 5488 587 5550 τὰς
631 5487 906 5557 ἐνεργείας
949 5488 1216 5560 διαφορά;
1250 5491 1427 5563 Πῶςὴ
1459 5493 1596 5565 αὑτὴ
1625 5494 1718 5549 καὶ
1744 5494 1886 5564 ὑπὲρ

392 5673 434 5706 ³⁸
478 5671 637 5731 Hebr.
672 5688 764 5739 xv,
803 5673 855 5727 θ.

1990 4499 2202 4544 naturae
2228 4487 2559 4551 doctrinam,
2584 4502 2686 4543 nec
2711 4487 2877 4542 ullius
2901 4500 3091 4541 eorum
3111 4503 3241 4557 qua:
3255 4504 3354 4559 per
3382 4504 3573 4545 essen-

1993 4580 2123 4633 tiam
2156 4578 2470 4634 subsistunt
2505 4596 2518 4632 :
2550 4579 2694 4633 unde
2736 4578 3010 4633 inrerum
3038 4581 3285 4635 omnium
3316 4581 3572 4652 ignoran-

1993 4671 2067 4725 tia
2098 4677 2154 4724 et
2196 4670 2434 4741 caligine
2479 4669 2753 4740 degimus,
2789 4670 3033 4740 primum.
3067 4687 3171 4728 nos
3216 4672 3366 4743 ipsos
3416 4674 3573 4744 igno-

1994 4769 2184 4817 rantes
2213 4761 2486 4827 homines,
2517 4760 2715 4816 deinde
2754 4762 2920 4817 etiam
2959 4770 3156 4819 cmtera
3189 4766 3393 4820 omnia.
3435 4766 3570 4833 Quis

1993 4856 2139 4911 enim
2168 4862 2252 4910 est
2281 4854 2374 4924 qui
2410 4869 2524 4909 suae
2553 4854 2787 4924 propria:
2821 4855 3017 4910 animae
3048 4856 3414 4927 cognitionem
3448 4876 3571 4929 per-

1994 4957 2207 5017 ceptam
2247 4947 2476 5003 habuit?
2523 4946 2658 5013 Quis
2697 4947 2849 5002 novit
2895 4947 3070 5017 ipsius
3110 4953 3447 5007 essentiam?
3487 4954 3569 5007 An

1995 5041 2305 5095 materialis
2337 5047 2443 5103 est,
2493 5055 2561 5094 an
2600 5040 3006 5098 immaterialis?
3036 5059 3172 5113 pure
3220 5044 3567 5115 incorporea,

1996 5148 2064 5186 an
2096 5131 2232 5200 quid
2254 5132 2306 5185 in
2331 5147 2395 5187 ea
2426 5133 2797 5201 corporeum?
2817 5131 3102 5199 Quomodo
3128 5136 3395 5197 nascitur,
3427 5152 3567 5205 quo-

1995 5224 2158 5279 modo
2219 5225 2595 5295 temperatur?
2635 5225 2781 5281 unde
2846 5227 2900 5281 in
2954 5242 3165 5297 corpus
3217 5227 3569 5281 insinuatur?

1996 5317 2271 5385 quomodo
2324 5317 2613 5373 abscedit?
2662 5316 2803 5383 Quid
2855 5319 3019 5374 habet
3067 5318 3210 5387 quod
3252 5316 3468 5384 colliget
3517 5322 3574 5368 et

1998 5408 2383 5463 intermedium
2420 5409 2602 5464 veniat
2658 5409 2727 5463 ad
2776 5416 3031 5463 naturam
3082 5405 3375 5476 corporis?
3422 5405 3562 5471 Quo-

1998 5499 2163 5557 modo
2192 5506 2399 5555 tactum
2454 5499 2590 5571 fugit
2635 5507 2689 5554 et
2733 5496 2916 5567 figurae
2956 5494 3136 5551 omnis
3174 5509 3391 5565 expers,
3434 5511 3563 5567 pro-
