4054 6152
607 241 709 300 951

1833 237 1889 292 S.
1909 233 2250 319 _GRECORII
2289 233 2585 292 NYSSENI
3717 245 3801 302 οδε

611 359 736 414 lista
764 356 916 421 dicit,
953 355 1096 426 quod
1134 354 1392 423 majestas
1420 353 1539 408 Filii
1579 353 1671 410 Dei
1704 372 1812 410 non
1839 371 1906 412 ex
1938 359 2171 412 miracu-
2197 375 2212 417 Δ

2197 361 2247 418 Α
2272 355 2484 425 γαλεϊον
2515 354 2609 408 τοῦ
2644 355 2775 408 Υίού
2807 351 2901 409 τοῦ
2933 353 3091 422 Geo-3;
3127 356 3226 409 οὐκ
3268 357 3334 410 ἐκ
3379 357 3483 412 τῶν
3513 358 3594 413 διὰ
3636 367 3795 434 σαρκὸς

613 447 744 502 losis
767 461 868 516 per»
899 459 1120 498 carnem
1163 443 1419 512 operibus
1451 444 1626 498 solum
1666 446 2040 515 cognoscenda
2075 454 2180 514 est;

623 539 736 591 hazc
765 536 907 590 enim
937 549 1100 604 parva
1130 545 1277 600 sunt,
1305 534 1351 589 si
1378 549 1501 588 cum
1549 535 1754 604 reliqua
1800 549 2021 605 operum
2068 519 2185 589 ma-

613 626 926 697 gniﬁcentia
959 625 1229 695 exquisite
1257 635 1661 695 comparentur.
1701 623 1779 679 Tu
1813 641 1943 680 vero
1972 627 2184 695 respice

614 719 668 771 in
700 718 922 780 omium,
948 717 1071 772 vide
1095 717 1147 770 in
1182 731 1247 772 eo
1275 716 1730 787 pulchritudines,
1770 715 2009 771 transfer
2034 725 2182 770 tuam

616 807 1008 879 cogitationem
1047 823 1142 878 per
1179 815 1334 861 terra:
1369 807 1728 872 latitudinem,
1762 807 1830 861 ad
1863 821 2016 877 aqua:
2054 823 2184 877 pro-

616 897 930 964 funditates,
980 898 1243 952 mundum
1293 906 1472 952 mente
1517 898 1852 968 complexus,
1913 906 1966 952 et
2003 907 2184 953 trans-

615 989 948 1042 mundanam
989 999 1240 1043 naturam
1277 988 1486 1043 ratione
1525 1003 1648 1042 cum
1683 988 2037 1052 intellexeris,
2072 989 2184 1043 haec

613 1094 785 1135 nosce
811 1094 937 1134 vera
963 1081 1084 1150 ejus
1106 1080 1200 1150 qui
1227 1087 1405 1134 tecum
1443 1079 1496 1132 in
1525 1093 1689 1134 carne
1724 1088 2078 1135 conversatus
2102 1089 2186 1136 est

614 1187 803 1242 opera.
845 1171 996 1238 Qum,
1039 1171 1235 1241 inquit,
1269 1172 1316 1225 si
1358 1171 1572 1242 singula
1615 1171 2006 1236 scriberentur,
2054 1173 2184 1242 quid

621 1273 676 1318 et
705 1263 1001 1333 quomodo,
1057 1270 1112 1317 et
1164 1262 1329 1323 unde.
1364 1271 1418 1316 et
1456 1270 1741 1331 quantum,
1785 1276 1948 1334 supra
1998 1263 2185 1317 mundi

618 1354 973 1425 capacitatem
1001 1353 1260 1408 doctrina:
1283 1353 1350 1407 de
1370 1354 1485 1423 ipso
1518 1354 1720 1408 mundo
1744 1353 1850 1408 erit
1871 1355 2182 1424 plenitudo:

619 1447 878 1516 quoniam
906 1445 1049 1500 enim
1080 1444 1260 1498 omnia
1302 1443 1444 1498 Deus
1482 1445 1535 1496 in
1575 1445 1841 1513 sapientia
1883 1425 2188 1510 fecit,'ter-

622 1538 829 1592 minum
866 1544 1044 1591 autem
1077 1534 1171 1590 Dei
1206 1535 1472 1604 sapientia
1507 1550 1613 1589 non
1648 1535 1808 1589 habet
1842 1555 1854 1590 :
1885 1535 2188 1606 Intelligen-

623 1630 710 1681 tiw
728 1628 864 1698 ejus,
889 1627 1081 1696 inquit,
1113 1643 1214 1679 non
1253 1636 1329 1680 est
1361 1643 1607 1679 numerus
1639 1627 1717 1692 ²⁰;
1755 1626 1920 1692 igitur
1950 1627 2186 1696 propriis

622 1719 895 1774 mensuris
921 1718 1246 1773 terminatus
1283 1718 1518 1772 mundus
1549 1719 1602 1771 in
1645 1719 1824 1787 seipso
1851 1720 2075 1774 inﬁnita:
2106 1736 2189 1776 sa-

624 1809 836 1876 pientia:
858 1809 1124 1864 rationem
1153 1823 1258 1862 non
1281 1808 1475 1878 capiet.
1508 1811 1564 1862 Si
1591 1810 1756 1880 igitur
1775 1811 2013 1866 mundus
2040 1820 2187 1870 totus

622 1899 802 1953 minor
828 1907 1117 1970 est,-quam
1147 1908 1205 1952 ut
1237 1897 1448 1954 Domini
1477 1914 1701 1972 Operum
1729 1903 2032 1959 doctrinam
2064 1923 2188 1977 pos-

622 1993 695 2045 sit
721 2005 937 2061 capere,
961 2002 1092 2061 quot
1118 1991 1305 2045 mundi
1331 1993 1395 2046 de
1422 1993 1529 2046 Deo
1558 1994 1936 2050 universorum
1962 2013 2187 2054 enarra-

623 2084 825 2138 tionem
854 2083 1105 2159 capient?
1130 2082 1384 2139 Fortasse
1409 2100 1584 2150 neque
1612 2087 1924 2157 blasphema
1945 2099 1999 2144 et
2027 2091 2188 2160 impia

623 2177 808 2246 lingua
839 2175 1056 2246 negabit
1090 2174 1316 2229 inﬁnitis
1348 2176 1593 2244 partibus
1634 2179 1897 2246 majorem
1924 2195 2046 2235 esse
2077 2180 2190 2234 fac-

567 2286 569 2289 ·
623 2275 794 2320 torem
827 2275 879 2321 et
908 2273 1188 2319 auctorem
1218 2264 1484 2328 omnium,
1508 2281 1628 2336 qua:
1653 2270 1767 2322 sola
1797 2271 1970 2338 ipsius
1995 2273 2190 2327 volun-

624 2367 734 2412 tate
757 2358 811 2411 in
846 2371 1027 2412 rerum
1061 2363 1256 2409 natura
1287 2357 1552 2426 produma
1583 2367 1730 2414 sunt.
1783 2360 1840 2414 Si
1877 2363 2043 2434 igitur
2070 2380 2190 2418 om-

623 2447 709 2503 nis
730 2457 980 2502 creatura
1007 2447 1274 2502 scrmonis
1302 2447 1368 2501 de
1388 2448 1563 2518 seipsa
1590 2449 1714 2504 facti
1745 2467 1851 2506 non
1881 2461 1963 2508 est
1993 2470 2186 2525 capax;

625 2537 729 2593 hoc
755 2539 900 2594 enim
945 2529 1451 2608 magnus'Joannes
1504 2549 1736 2597 testatur
1789 2545 2084 2599 secundum
2136 2547 2189 2602 id

624 2628 770 2698 quod
797 2628 1059 2692 diximus,
1093 2629 1366 2697 quomodo
1389 2629 1624 2684 humana
1655 2632 1893 2689 brevitas
1925 2643 2096 2688 totum
2123 2636 2191 2692 de

626 2717 852 2770 domino
879 2723 1142 2770 creatura:
1175 2731 1483 2772 sermonem
1514 2721 1729 2788 capiet?
1761 2721 1954 2776 Dicant
1985 2727 2192 2794 magni-

627 2806 774 2876 loqui
817 2806 932 2873 isti,
962 2807 1090 2876 quid
1142 2815 1226 2862 est
1273 2802 1436 2862 homo
1485 2810 1724 2866 universi
1760 2817 2188 2884 comparatione,

627 2899 755 2953 dum
791 2899 1207 2955 consideratur?
1255 2899 1424 2965 Quale
1472 2905 1856 2970 geometricum
1908 2917 2190 2975 punctum,

2286 444 2577 515 θαυμάτων
2623 444 2952 515 ποιηθέντων
2984 445 3142 516 μόνον
3179 446 3469 516 γινώσκειν
3497 451 3626 520 χρή·
3666 455 3798 522 μικρὰ

2284 535 2392 606 γάρ
2428 535 2604 589 ταῦτα
2630 534 2704 599 ὡς
2731 535 2865 606 πρὸς
2887 535 2985 606 τὴν
3016 536 3206 608 λοιπὴν
3235 537 3622 609 μεγαλουργίαν
3652 541 3798 606 ἐξετα-

2285 626 2504 697 ζόμενα.
2535 627 2606 679 Σὺ
2645 626 2701 679 δὲ
2743 625 3042 690 ἀνάϐλεψον
3071 629 3148 689 είς
3180 627 3272 680 τὸν
3305 629 3546 698 οὐρανὸν,
3586 630 3654 682 ἴδε
3679 632 3735 683 τὰ
3757 635 3798 684 ἐν

2285 717 2430 788 αὐτῷ
2480 718 2674 787 κάλλη,
2719 718 3004 788 μετένεγκε
3036 719 3133 790 τὴν
3156 719 3397 772 διάνοιαν
3437 721 3524 773 ἐπὶ
3565 721 3620 775 τὶ.
3643 723 3799 788 πλάτος

2284 811 2384 880 τῆς
2416 810 2538 879 γῆς,
2567 812 2660 863 ἐπὶ
2683 810 2750 863 τὰ
2780 809 2916 880 βάθη
2947 810 3039 862 τοῦ
3073 810 3282 874 ὕδατος,
3321 812 3496 864 πάντα
3523 811 3606 864 τόν
3640 814 3801 883 κόσμον

2283 903 2350 970 τῇ
2377 899 2581 970 διανοίᾳ
2603 897 2800 965 λαϐὼν,
2828 899 2922 952 καὶ
2956 899 3054 970 τήν
3084 900 3183 951 ὑπε
3195 899 3453 969 ρκόσμιον
3478 900 3626 968 φύσιν
3651 901 3718 971 τῷ
3738 902 3801 955 λο-

2285 991 2469 1061 γισμῷ
2494 993 2849 1061 κατανοήσας,
2878 991 3049 1044 ταῦτα
3092 990 3259 1059 γνῶθι
3287 992 3356 1044 τὰ
3381 991 3598 1061 ἀληθινὰ
3643 995 3719 1045 τοῦ
3744 1013 3802 1047 σοι

2285 1082 2374 1136 διὰ
2396 1082 2596 1154 σαρκὸς
2634 1083 3066 1154 ἐπιδημήσαντος
3099 1083 3257 1152 ἔργα.
3294 1083 3507 1146 ’Ἀτινα,
3538 1085 3701 1154 φησὶν,
3734 1088 3802 1140 ἐὰν

2286 1174 2408 1226 καθ’
2451 1174 2676 1226 ἕκαστον
2723 1174 3018 1244 γράφηται,
3049 1174 3110 1226 τὺ
3152 1174 3207 1225 τί
3249 1176 3344 1227 καὶ
3373 1176 3535 1239 ὅπως,
3580 1178 3663 1229 καὶ
3693 1178 3800 1240 ὅθεν,

2287 1264 2381 1317 καὶ
2419 1263 2600 1325 πόσον,
2652 1262 2794 1333 ὑπὲρ
2825 1261 2885 1314 τὸ
2927 1261 3160 1334 χώρημα
3201 1262 3298 1315 τοῦ
3351 1263 3553 1332 κόσμου
3587 1265 3676 1334 τῆς
3709 1270 3802 1337 περὶ

2287 1354 2450 1408 αὑτοῦ
2505 1354 2602 1408 τοῦ
2659 1356 2863 1425 κόσμου
2915 1353 3264 1417 διδασκαλίας
3317 1354 3467 1407 ἔσται
3517 1356 3574 1408 τὸ
3625 1357 3800 1426 πλῆθος.

2285 1447 2451 1501 ’Ἐπεὶ
2480 1446 2588 1517 γὰρ
2617 1445 2685 1499 τὰ
2719 1447 2896 1500 πάντα
2927 1446 2955 1497 6
2987 1445 3116 1508 Θεὸς
3147 1447 3204 1499 ἐν
3237 1447 3401 1516 σοφίᾳ
3431 1447 3692 1518 ἐποίησεν,
3713 1451 3803 1520 ὅρον

2286 1539 2341 1592 δὲ
2379 1541 2412 1610 ή
2450 1537 2544 1591 τοῦ
2571 1537 2705 1590 Θεοῦ
2754 1537 2912 1606 σοφία
2938 1537 3037 1589 οὐκ
3073 1537 3206 1607 ἔχει,
3245 1536 3358 1606 Τῆς
3403 1539 3510 1607 γὰρ
3551 1538 3803 1605 συνέσεως

2287 1629 2492 1692 αὐτοῦ,
2520 1629 2706 1698 φησὶν,
2736 1631 2848 1683 οὐκ
2878 1628 3048 1681 ἔστιν
3079 1629 3330 1698 ἀριθμός
3349 1647 3360 1658 ·
3394 1632 3422 1683 ὁ
3448 1632 3554 1692 τοῖς
3582 1631 3709 1693 ἰδίοις
3733 1633 3804 1700 μέο

2289 1736 2434 1790 τροις
2458 1719 2866 1792 πεπερασμένος
2892 1721 3093 1789 κόσμος
3111 1720 3170 1772 οὐ
3200 1721 3441 1790 χωρήσει
3475 1722 3529 1773 ὲν
3565 1721 3718 1791 ἐαυτῷ
3733 1723 3804 1790 τῆς

2289 1813 2542 1880 ἀορίστου
2595 1812 2784 1881 σοφίας
2833 1811 2924 1864 τὸν
2973 1811 3149 1879 λόγον.
3189 1812 3257 1864 El
3295 1807 3388 1864 οὖν
3430 1811 3457 1863 6
3496 1811 3680 1882 κόσμος
3719 1811 3806 1874 ὅλος

2289 1903 2505 1956 ἔλαττόν
2555 1904 2720 1966 ἐστιν,
2757 1902 2789 1972 ἢ
2833 1899 2973 1953 ὥστε
3016 1902 3115 1970 τὴν
3160 1900 3509 1955 διδασκαλίαν
3547 1903 3642 1955 τῶν
3672 1902 3806 1973 ἔργων

2288 1993 2382 2047 τοῦ
2419 1995 2622 2062 Κυρίου
2673 1993 2936 2063 χωρῆσαι,
2981 1991 3137 2044 πόσοι
3179 1991 3380 2064 κόσμοι
3425 1995 3704 2065 χωρήσουσι
3735 1996 3806 2062 τὴν

2291 2088 2418 2156 περὶ
2451 2085 2542 2138 τοῦ
2570 2083 2704 2138 Θεοῦ
2732 2083 2839 2136 τῶν
2879 2083 3014 2136 ὅλων
3038 2083 3324 2154 διήγησιν;
3367 2085 3517 2156 Τάχα
3544 2085 3640 2156 γὰρ
3664 2085 3756 2138 οὐδὲ
3780 2089 3802 2155 ή

2293 2175 2610 2246 βλάσφημος
2657 2175 2952 2245 ἀρνήσεται
3004 2173 3248 2240 γλῶσσα,
3303 2175 3365 2226 τὸ
3413 2175 3806 2248 ἀπειροπλασίονα

2291 2265 2427 2321 εἶναι
2462 2269 2550 2322 τὸν
2597 2267 2824 2336 ποιητὴν
2852 2264 2958 2318 τῶν
3002 2265 3243 2328 πάντων,
3274 2265 3382 2318 τῶν
3417 2266 3558 2340 μόνῳ
3593 2267 3803 2338 θελήματι

2291 2357 2679 2428 παραχθέντων
2712 2358 2792 2418 είς
2835 2355 3066 2423 γένεσιν.
3097 2355 3158 2408 Εἰ
3185 2350 3283 2408 οὖν
3327 2357 3360 2426 ἡ
3395 2357 3563 2420 κτίσις
3596 2360 3720 2411 πᾶσα
3735 2357 3803 2409 τοῦ

2291 2450 2418 2520 περὶ
2438 2449 2606 2520 αὐτῆς
2633 2448 2788 2516 λόγου
2816 2448 2959 2500 ἐστὶν
2992 2445 3276 2517 άχὼρητος
3292 2467 3305 2478 ο
3331 2447 3486 2500 τοῦτο
3512 2449 3611 2518 γὰρ
3633 2451 3657 2501 6
3677 2447 3806 2518 μέγας

2304 2542 2552 2612 Ἰωάννης
2589 2539 2920 2610 μαρτύρεται
2960 2538 3102 2592 κατὰ
3138 2555 3202 2608 γε
3249 2540 3341 2592 τὸν
3376 2540 3628 2611 ἡμέτερον
3661 2540 3802 2606 λόγον·

2293 2632 2410 2695 πῶς
2440 2632 2505 2685 ἂν
2548 2630 2858 2702 ἀνθρωπίνη
2889 2629 3165 2701 βραχύτης
3215 2631 3339 2683 ὅλον
3370 2632 3458 2684 τὸν
3500 2631 3616 2704 περὶ
3639 2630 3714 2682 τοῦ
3737 2633 3805 2681 Δε-

2294 2723 2491 2774 σπότου
2539 2722 2637 2791 τῆς
2672 2721 2900 2783 κτίσεως
2948 2723 3187 2791 χωρήσει
3235 2721 3424 2790 λόγον;
3466 2721 3747 2774 Είπάτωσαν
3769 2721 3802 2770 οἱ

2291 2814 2360 2866 τὰ
2396 2812 2606 2883 μεγάλα
2632 2812 3008 2881 φθεγγόμενοι,
3036 2811 3088 2863 τί
3117 2812 3269 2864 ἐστιν
3311 2811 3600 2886 ἄνθρωπος,
3628 2809 3804 2879 συγκρὶ-

2297 2921 2378 2957 σει
2402 2903 2494 2956 τοῦ
2527 2902 2726 2965 παντὸς
2757 2901 3159 2972 θεωρούμενος;
3195 2902 3360 2954 Ποῖον
3379 2902 3711 2973 γεωμετρικὸν
3732 2918 3802 2968 ση-

628 2991 702 3046 ita
741 2990 1118 3050 individuum?
1163 2991 1302 3061 Quid
1345 2991 1565 3062 Epicuri
1615 2997 2065 3068 corpusculorum
2113 3000 2229 3065 sict

2220 3012 2261 3070 ο
2303 2997 2452 3063 μεῖον
2485 2993 2654 3056 οὕτως
2692 2991 2931 3063 ἀμερές;
2966 2991 3030 3045 Τί
3074 2991 3180 3045 τῶν
3225 2992 3602 3064 Ἐπικουρείων
3636 2990 3801 3060 ἀτόμων

627 3081 866 3138 \anitate
888 3095 1076 3137 eorum
1103 3084 1195 3152 qui
1227 3083 1340 3140 haec
1367 3085 1802 3154 contemplantur
1843 3097 2188 3157 extenuatur,

628 3182 682 3230 et
726 3188 896 3249 prope
940 3173 994 3227 id
1027 3173 1172 3248 quod
1203 3189 1312 3228 non
1343 3183 1426 3229 est
1459 3175 1534 3240 ﬁt,
1592 3185 1650 3230 ut
1683 3177 1921 3233 humana
1951 3182 2193 3240 brevitas

629 3280 754 3318 eum
806 3264 1062 3319 universo
1112 3273 1427 3334 comparata
1477 3275 1560 3320 est
1606 3265 1778 3321 nihil?
1834 3269 1988 3323 Sicut
2030 3271 2194 3325 etiam

629 3371 857 3428 magnus
884 3355 1050 3411 David
1082 3355 1178 3420 ait,
1203 3357 1462 3425 przeclare
1491 3357 1799 3410 mortalium
1829 3359 2193 3415 inﬁrmitatem

631 3447 944 3512 meditatus,
981 3446 1243 3511 Quoniam
1285 3443 1583 3497 substantia
1621 3461 1735 3498 mea
1771 3454 2021 3515 tanquam
2054 3435 2196 3502 nilei-

632 3542 740 3594 lum
777 3547 898 3592 ante
935 3546 982 3590 te
1002 3527 1047 3566 ¹’¹
1082 3553 1094 3588 :
1131 3550 1240 3589 non
1278 3534 1524 3588 absolute
1562 3534 1790 3589 nihilum
1829 3552 1951 3592 esse
1985 3538 2194 3607 dicens,

632 3630 727 3685 sed
763 3628 935 3683 nihilo
967 3625 1221 3687 similem,
1257 3625 1399 3692 quod
1445 3639 1608 3693 supra
1658 3626 1876 3681 modum
1909 3635 1991 3684 est
2036 3631 2199 3687 breve

632 3735 756 3775 cum
790 3733 857 3773 eo
888 3714 1034 3789 quod
1057 3729 1168 3769 non
1190 3715 1401 3770 exsistit
1427 3714 1571 3771 facta
1597 3722 2004 3790 comparatione
2032 3725 2198 3800 signi-

633 3813 822 3867 ﬁcans.

709 3901 1092 3957 Verumtamen
1138 3916 1168 3956 a
1205 3901 1296 3958 tali
1342 3910 1542 3958 natura
1591 3904 1883 3970 concitati,
1936 3907 2200 3967 adversus

634 3994 962 4050 incﬁ‘abilem
993 3995 1289 4064 potentiam
1325 4011 1424 4051 sua
1459 3996 1690 4052 dilatant
1723 4014 1816 4053 ora
1837 4039 1852 4064 ,
1883 4009 1937 4056 et
1966 4004 2204 4072 appella-

637 4088 782 4142 tione
808 4100 916 4140 una
944 4085 1270 4141 inell’abilem
1299 4094 1548 4142 naturam
1579 4089 1897 4155 metiuntur,
1922 4091 2022 4162 τῆς
2046 4095 2206 4162 ἀγεν-

636 4181 824 4253 νησίας
862 4179 1082 4234 nomine
1127 4179 1221 4234 Dei
1265 4180 1560 4235 essentiam
1617 4183 2090 4253 constringentes,
2150 4192 2208 4238 ut

637 4270 901 4326 adversus
943 4268 1294 4339 Unigenitum
1332 4269 1438 4325 sibi
1481 4269 1616 4340 ipsis
1663 4285 1758 4340 per
1797 4271 1912 4326 lnec
1951 4273 2204 4342 blasphe-

2295 3085 2438 3138 οὕτω
2481 3088 2547 3156 τῇ
2593 3083 2909 3155 ματαιότητι
2957 3082 3063 3136 τῶν
3123 3081 3303 3135 ταῦτα
3353 3082 3670 3156 θεωρούντων
3705 3081 3801 3133 ἀπο-

2293 3176 2633 3242 λεπτύνεται,
2665 3176 2758 3228 καὶ
2795 3175 2961 3244 ἐγγὺς
2993 3173 3085 3226 τοῦ
3134 3173 3208 3246 μὴ
3245 3175 3396 3238 ὄντος
3423 3174 3632 3243 γίνεται,
3655 3172 3716 3235 ὡς
3737 3171 3802 3222 ἀνα

2297 3268 2539 3340 θρωπίνη
2581 3265 2855 3338 βραχύτης
2901 3266 3016 3320 ἀντ’
3062 3265 3281 3330 οὐδενός
3333 3268 3446 3319 ἐστι
3489 3266 3611 3336 πρὸς
3644 3263 3693 3316 τὸ
3723 3263 3802 3314 πᾶν

2297 3359 2614 3436 κρινομένη,
2661 3358 2839 3422 καθώς
2888 3375 3019 3429 φησι
3061 3357 3154 3410 καὶ
3185 3359 3214 3409 ὁ
3259 3357 3430 3426 μέγας
3469 3355 3631 3418 Δαϐὶδ,
3667 3349 3800 3409 καλῶς

2297 3450 2700 3521 ὲπεσκεμμένος
2748 3449 2854 3503 τῶν
2913 3446 3118 3518 βροτῶν
3171 3446 3274 3515 τὴν
3325 3445 3607 3509 ἀσθένειαν,
3656 3442 3720 3494 ὃτι
3754 3439 3802 3492 Ἡ

2297 3541 2636 3605 ὑπόστασις
2662 3557 2774 3605 μου
2807 3537 2947 3592 ὡσεὶ
2971 3535 3149 3591 οὐθὲν
3177 3536 3437 3589 ἐνώπιόν
3463 3550 3589 3588 σου.
3619 3529 3682 3581 Οὐ
3703 3544 3801 3582 παν-

2299 3635 2466 3696 τελῶς
2511 3629 2649 3685 εἶναι
2679 3631 2850 3699 λέγων
2884 3629 3054 3691 οὐδὲν;
3089 3627 3206 3681 ἀλλ’
3251 3628 3441 3698 ὅμοιον
3475 3623 3548 3694 τῷ
3581 3621 3736 3693 μηδὲν,
3759 3617 3802 3667 τὸ

2301 3725 2420 3778 καθ’
2450 3722 2748 3794 ύπερῦολὴν
2785 3721 2963 3772 πᾶσαν
2995 3717 3166 3789 βραχὺ
3294 3716 3426 3788 πρὸς
3445 3715 3501 3768 τὸ
3527 3711 3800 3779 ἀνύπαρκτον

2302 3817 2587 3888 συγκρίσει
2617 3811 3006 3882 διασημαίνων.

2373 3887 2562 3976 Ὅμως
2595 3903 2702 3958 ἀπὸ
2742 3901 2995 3971 τοιαύτης
3030 3899 3356 3971 ὡρμημένοι
3396 3899 3612 3969 φύσεως,
3647 3887 3800 3944 πλειτῦ-

2303 4014 2450 4052 νουσι
2474 3995 2615 4050 κατὰ
2638 3995 2736 4064 τῆς
2769 3993 3047 4062 ἀφράστου
3079 3991 3362 4060 δυνάμεως
3386 3990 3452 4044 τὰ
3475 3989 3571 4041 ἴδια
3597 3985 3797 4052 στόματα,

2307 4091 2400 4145 καὶ
2450 4085 2783 4158 προσηγορίᾳ
2830 4085 2927 4155 μιᾷ
2977 4083 3075 4154 τὴν
3119 4083 3372 4153 ἀόριστον
3432 4081 3579 4152 φύσιν
3628 4085 3797 4158 περιμεί

2303 4179 2509 4250 τροῦσι,
2544 4176 2622 4247 τῷ
2657 4177 2877 4246 ὀνόματι
2925 4177 3023 4247 τῆς
3051 4176 3380 4246 ἀγεννησίας
3419 4173 3512 4243 τήν
3540 4168 3696 4224 οὐσίαν
3730 4175 3794 4212 του

2302 4269 2439 4325 Θεοῦ
2473 4267 2945 4340 περισφίγγοντες,
3007 4264 3096 4319 ἵνα
3116 4266 3214 4336 τὴν
3249 4266 3391 4318 κατὰ
3417 4263 3506 4318 τοῦ
3534 4262 3795 4340 Μονογενους

637 4364 758 4418 mite
785 4363 928 4417 viam
961 4369 1231 4418 sternant.
1282 4360 1418 4415 Cum
1465 4368 1643 4416 autem
1689 4377 1916 4434 magnus
1966 4347 2238 4420 Basilius

2193 4381 2202 4420 ε
2237 4345 2280 4400 D
2303 4363 2514 4423 ἑαυτοῖς
2548 4339 2895 4429 βλασφημίαν
2923 4355 3010 4409 διὰ
3043 4355 3246 4409 τούτων
3279 4356 3631 4426 ὁδοποιήσωσι.
3656 4343 3735 4398 Τοῦ
3755 4339 3794 4391 δὲ

635 4455 980 4512 emendasset
1004 4453 1287 4525 deceptam
1313 4461 1367 4508 et
1396 4450 1587 4506 falsam
1615 4452 1959 4523 opinionem,
1983 4463 2036 4509 et
2063 4471 2203 4525 qua:-

636 4546 761 4602 dam
795 4546 863 4600 de
899 4545 1210 4599 neminibus
1243 4543 1623 4614 exposuisset,
1657 4553 1717 4597 ut
1752 4559 1875 4613 qua:
1903 4559 1967 4598 ex
2011 4555 2207 4600 natura

635 4655 747 4694 non
779 4645 941 4703 sunt,
988 4637 1083 4692 sed
1127 4653 1192 4691 ex
1233 4637 1514 4690 hominum
1558 4635 1874 4691 inventione
1917 4652 2014 4691 seu
2057 4653 2206 4693 com-

638 4737 822 4786 mento
852 4729 1019 4784 rebus
1051 4727 1186 4798 ipsis
1219 4727 1390 4780 indita
1427 4726 1570 4789 sint,
1615 4733 1827 4779 tantum
1875 4727 2113 4794 absunt,
2149 4736 2210 4783 ut

639 4821 706 4874 ad
734 4821 1019 4875 veritatem
1050 4826 1414 4881 revertantur,
1449 4816 1582 4887 quin
1624 4818 1806 4886 potius
1848 4819 2014 4873 veluti
2048 4821 2206 4876 visco

640 4911 858 4968 cuidam
887 4913 1268 4967 adlncrescunt
1298 4909 1384 4963 his
1413 4925 1535 4978 quae
1565 4909 1631 4964 ab
1682 4909 1817 4978 ipsis
1862 4909 2008 4965 dicta
2042 4920 2202 4978 sunt,

640 5017 821 5074 neque
849 5000 1107 5057 desinunt
1139 5017 1169 5055 a
1196 5000 1440 5071 captiosa
1471 5008 1526 5055 et
1562 4999 1742 5054 fallaci
1775 5005 2206 5072 argumentatio-

641 5111 744 5159 ne,
781 5109 960 5164 neque
992 5109 1058 5148 ex
1091 5092 1554 5148 commentatione
1588 5094 1786 5148 mentis
1819 5094 1927 5148 dici
1957 5095 2019 5147 τὸ
2049 5096 2208 5164 ἀγέν-

639 5205 801 5260 νητον
823 5227 840 5253 ,
869 5186 966 5242 sed
998 5193 1206 5241 natura:
1232 5199 1354 5241 esse
1387 5186 1889 5254 repraesentativum
1919 5187 2205 5245 deﬁniunt.

641 5283 869 5337 Omnem
905 5278 1069 5350 igitur
1099 5292 1406 5333 sermonem
1438 5277 1688 5346 persequi
1720 5284 1772 5332 ct
1806 5294 2089 5334 recensere
2109 5320 2124 5346 ,
2153 5287 2208 5334 et

640 5374 809 5428 delira
841 5371 1164 5443 prolixaque
1212 5368 1279 5422 ad
1334 5371 1558 5423 verbum
1613 5367 1861 5438 apposita
1915 5370 2209 5438 nugatione

644 5465 785 5518 hanc
819 5473 1065 5520 evertere
1097 5463 1312 5531 conari,
1348 5462 1496 5532 longi
1529 5469 1676 5516 esset
1718 5460 1814 5513 otii
1848 5468 1902 5515 et
1943 5463 2207 5534 temporis

723 5649 764 5679 ι’
799 5646 940 5703 Psal.
964 5663 1140 5713 exul,
1170 5647 1221 5700 5.
1300 5646 1339 5678 ¹¹
1369 5644 1515 5700 Psal.
1551 5655 1780 5708 xxxviii,
1812 5641 1863 5697 6.

2307 4453 2542 4526 μεγάλου
2587 4449 2866 4502 Βασιλείου
2905 4447 3338 4519 διορθωσαμένου
3383 4448 3477 4518 τήν
3511 4436 3794 4514 ἠπατημένην

2303 4545 2578 4610 ὑπόνοιαν,
2608 4543 2700 4595 καί
2733 4557 2853 4595 τινα
2895 4541 3023 4611 περὶ
3052 4540 3160 4593 τῶν
3192 4541 3468 4610 ὀνομάτων
3492 4531 3793 4599 διεξελθόντῶ

2305 4637 2380 4700 ὡς
2409 4636 2507 4690 οὐκ
2535 4637 2599 4686 ἐκ
2625 4633 2838 4702 φύσεως
2869 4630 3057 4695 ὄντων,
3089 4629 3223 4682 ἀλλά
3261 4629 3377 4682 κατ’
3403 4628 3620 4681 ἐπίνοιαν
3646 4621 3794 4671 ἐπικει-

2306 4730 2480 4797 μένων
2516 4727 2626 4790 τοῖς
2662 4725 2982 4796 πράγμασι-
3030 4723 3281 4776 τοσοῦτον
3321 4720 3569 4791 ἀπέχουσι
3609 4709 3684 4763 τοῦ
3704 4706 3794 4756 ἀνι·

2300 4821 2461 4877 λῦσαι
2497 4818 2630 4890 πρὸς
2655 4817 2752 4887 τὴν
2778 4815 3052 4886 ἀλήθειαν,
3079 4815 3159 4868 ὅτι
3185 4814 3428 4882 καθάπερ
3455 4808 3543 4877 ἰξῷ
3567 4819 3654 4857 τινι
3676 4806 3794 4891 προσς

2313 4911 2629 4981 κατέχονται
2661 4910 2769 4971 τοῖς
2795 4906 2941 4969 ἅπαξ
2966 4905 3094 4977 παρ’
3123 4905 3298 4960 αὐτῶν
3331 4899 3635 4972 εἰρημένοις,
3753 4895 3795 4931 ου

2315 4999 2587 5072 μεθίενται
2618 4997 2712 5050 τοῦ
2750 4995 3100 5068 σοφίσματος,
3132 4995 3251 5048 οὐδὲ
3295 4992 3408 5047 κατ’
3445 4988 3657 5040 ἐπίνοιαν
3683 4972 3796 5037 λέγε·

2314 5094 2435 5148 σθαι
2464 5091 2522 5145 τὸ
2551 5092 2863 5160 ἀγέννητον,
2894 5089 3027 5143 ἀλλὰ
3058 5091 3156 5159 τῆς
3187 5087 3394 5156 φύσεως
3423 5078 3550 5134 εἶναι
3579 5076 3796 5160 παριστξο

2312 5185 2462 5237 τικὺν
2507 5183 2846 5254 διορίζονται.
2879 5181 2950 5234 Τὸ
2997 5181 3094 5250 μὲν
3135 5176 3227 5234 οὖν
3279 5178 3446 5232 πάντα
3482 5165 3699 5233 διεξιέναι
3731 5150 3796 5261 3?

2312 5275 2486 5343 λόγον’
2522 5238 2614 5326 καὶ
2639 5238 2737 5342 ’ἑὴν
2763 5269 2980 5341 ληρώδη
2997 5238 3113 5322 ’καὶ
3143 5267 3353 5340 μακρὰν
3387 5259 3584 5325 ἐκείνην
3610 5238 3796 5350 7:01.910?“

2318 5383 2476 5438 μενον
2530 5363 2791 5436 φλυαρίαν
2831 5363 2922 5415 ἐπὶ
2958 5361 3152 5427 λέξεως
3194 5355 3504 5428 ἀνατρέπειν
3547 5329 3798 5438 πεξραῖθξῖίς

2321 5459 2536 5531 μακρᾶς
2573 5457 2637 5512 διν
2663 5456 2748 5523 εἴη
2786 5454 2978 5526 σχολῆς
3003 5453 3096 5508 καὶ
3128 5453 3315 5525 χρόνου
3341 5439 3523 5501 πολλοῦ
3547 5431 3628 5491 καὶ
3647 5432 3798 5482 ποιολην
