4054 6152
368 252 476 314 953

1505 252 1787 311 CONTRA
1823 252 2217 323 EUNOMIUM,
2261 255 2389 311 LIB.
2427 255 2542 313 XII.

3534 260 3645 319 954

366 372 643 444 ἀπραξίας
688 372 957 443 δεόμενον.
992 373 1258 446 Καθάπερ
1304 372 1486 428 ἀκούω
1529 376 1625 429 καὶ
1672 375 1762 432 τὸν
1794 376 1963 429 Εὐνό-

2074 378 2247 443 multi,
2267 379 2525 451 quodque
2542 394 2737 451 magna
2757 394 2787 434 a
2806 380 3041 453 negotiis
3066 381 3340 440 vacuitate
3357 390 3411 437 et
3426 399 3457 438 a
3476 381 3641 441 rebus

373 483 495 534 μιον
523 465 663 535 ὑπὲρ
690 465 778 518 τὸν
818 465 1045 520 Ἰλιακὸν
1079 467 1315 538 πόλεμον
1347 470 1415 540 τῇ
1446 468 1705 540 πολυετίᾳ
1739 469 1961 538 φιλοπό-

369 572 477 621 νως
528 558 621 609 καὶ
656 557 777 609 καθ’
813 559 1048 628 ἡσυχίαν
1095 558 1295 630 πολλὴν
1352 559 1850 631 προσεδρεύσαντα,
1902 561 1963 612 ἐν

371 647 553 717 πολλῷ
598 647 676 717 τῷ
718 647 871 719 ὕπνῳ
918 649 1010 701 τὸν
1060 650 1270 721 μακρὸν
1306 649 1495 703 τοῦτον
1539 650 1745 721 ὄνειρον
1785 649 1963 720 ἐαυτῷ

370 740 710 811 συμπλάσαι,
738 739 1004 813 ζητοῦντα
1030 742 1352 811 φιλοπόνως,
1376 743 1631 813 οὐχὸπως
1650 743 1965 815 ὲρμηνεύσῃ

366 850 421 885 τι
452 832 561 886 τῶν
594 834 917 905 νοηθέντων,
954 835 1068 889 ἀλλ’
1092 837 1241 900 ὅπως
1286 835 1427 895 κατά
1458 835 1566 889 τῶν
1608 835 1809 901 λέξεων
1841 836 1964 889 ἐπι-

373 925 607 996 σῦρηται
656 929 1151 999 κατηναγκασμένα
1198 930 1469 999 νοήματα,
1507 927 1600 981 καὶ
1644 925 1965 997 περισυλλέ-

370 1034 536 1085 γοντα
561 1018 660 1082 τὰς
696 1020 1028 1090 εὐηχοτέρας
1074 1021 1259 1090 φωνάς
1292 1023 1357 1074 ἐκ
1402 1019 1853 1093 συγγραμμάτων
1880 1036 1964 1071 τι-

371 1107 498 1160 νῶν.
527 1109 638 1161 Καὶ
680 1108 867 1180 ὥσπερ
896 1113 944 1163 oi
976 1112 1181 1180 πτωχοὶ
1221 1112 1308 1164 διά
1343 1112 1575 1183 ἀπορίαν
1620 1110 1870 1179 ἐσθῆτος,
1899 1111 1965 1162 ἐκ

372 1200 718 1270 ρακωμάτων
748 1201 908 1254 τινῶν
930 1203 1054 1266 τοὺς
1088 1202 1321 1273 χιτῶνας
1346 1204 1555 1266 ἑαυτοῖς
1582 1200 1964 1274 περικεντοῦν-

370 1307 462 1352 τες
508 1291 911 1361 συρῤἀπτουσιν
932 1309 946 1323 ⁸
989 1293 1130 1346 οὓτω
1174 1294 1266 1346 καὶ
1295 1294 1482 1348 τοῦτον
1515 1295 1680 1365 ἄλλην
1708 1292 1963 1363 ἀλλαχόθι

370 1378 517 1445 λέξιν
580 1381 1060 1452 περιϐοσκόμενον,
1105 1382 1193 1436 διὰ
1231 1383 1437 1437 τούτων
1481 1383 1740 1454 ὲξυφῆναι
1785 1382 1964 1453 ἐαυτῷ

370 1470 467 1523 τοῦ
496 1470 652 1540 λόγου
697 1471 790 1524 τὸν
838 1472 1137 1545 κέντρωνα,
1183 1474 1284 1526 οὐκ
1313 1472 1710 1544 ἀταλαιπώρως
1749 1471 1966 1525 διακολ-

371 1556 549 1610 λῶντα
570 1557 669 1629 τὴν
697 1560 972 1631 συμϐολὴν
994 1561 1103 1615 τῶν
1133 1563 1395 1634 ῥημάτων
1417 1564 1512 1616 καὶ
1535 1562 1960 1634 συναρμόζοντα.

373 1640 448 1700 Οὗ
484 1649 546 1701 τὸ
582 1650 836 1721 γλίσχρον
877 1654 970 1705 καὶ
1006 1655 1371 1725 μειρακιῶδες
1412 1656 1511 1725 τῆς
1545 1653 1854 1725 φιλοτιμίας
1885 1657 1964 1717 είς

375 1740 609 1810 ἅμιλλαν
633 1743 787 1813 ἀνδρὶ
822 1744 958 1814 πρὸς
985 1744 1244 1815 ἀλήθειαν
1272 1746 1520 1816 βλέποντι
1548 1745 1804 1799 τοσοῦτον
1831 1744 1967 1799 ἀπό·
2001 1732 2039 1786 Β

375 1833 591 1903 ὅλητον,
624 1834 747 1888 ὅσον
781 1834 986 1906 ἀθλητῇ
1032 1853 1138 1890 τινι
1168 1836 1277 1889 τῶν
1320 1837 1603 1908 καρτερῶν
1637 1854 1697 1890 τε
1744 1837 1838 1890 καὶ
1882 1835 1968 1903 ἐξ-

372 1922 533 1994 ώρων
572 1926 633 1977 τὸ
663 1925 753 1979 διά
786 1928 1105 1997 περιεργίας
1132 1930 1494 1999 κομμωτικῆς
1528 1926 1964 1997 γυναικίζεσθαι.

389 2015 550 2067 Ἀλλά
581 2034 669 2087 μοι
695 2017 842 2070 δοκεί
868 2019 959 2071 τὸν
983 2020 1182 2073 σκοπὸν
1212 2019 1306 2073 τοῦ
1340 2020 1540 2085 παντὸς
1568 2021 1788 2091 ἐγχειρή
1799 2036 1967 2090 ματος

375 2107 443 2160 δι’
484 2107 679 2176 ὀλίγων
720 2111 1111 2182 ἐπιδραμόντα,
1146 2113 1246 2176 τὰς
1290 2114 1506 2185 μακρὰς
1542 2113 1821 2184 περιόδους
1852 2111 1969 2181 χαί-

381 2218 495 2272 ρειν
534 2204 712 2256 ἐᾶσαι.
758 2204 967 2257 Οὐκοῦν
1014 2205 1231 2276 εἴρηται
1273 2209 1402 2281 παρ’
1433 2205 1591 2277 ἡμῶν
1616 2220 1629 2234 ·
1664 2205 1967 2273 οίκειοῦμαι

380 2292 488 2363 γὰρ
515 2293 608 2347 τοῦ
640 2295 961 2349 διδασκάλου
989 2296 1080 2349 τὸν
1111 2297 1265 2366 λόγον
1286 2315 1299 2329 ο
1334 2298 1416 2351 ὅτι
1448 2298 1550 2368 τῆς
1574 2296 1725 2359 θείας
1756 2295 1967 2366 φύσεως

381 2385 629 2456 ἀμυδρὰν
661 2386 759 2455 μὲν
789 2388 881 2439 καὶ
928 2387 1272 2459 βραχυτάτην
1301 2388 1497 2459 ἔχομεν
1541 2386 1631 2441 διὰ
1670 2386 1780 2440 τῶν
1820 2385 1967 2454 λογι-

382 2474 536 2545 σμῶν
569 2474 667 2546 τὴν
704 2477 1017 2548 ἀντίληψιν·
1052 2479 1380 2548 ἀποχρῶσαν
1405 2480 1450 2531 δ’
1485 2480 1634 2549 ὅμως
1663 2479 1728 2547 τῇ
1768 2476 1969 2549 βραχύ-

380 2585 503 2639 τητι
532 2570 627 2639 τῆς
655 2570 935 2640 δυνάμεως
962 2571 1117 2642 ἡμῶν
1146 2571 1235 2625 διά
1258 2572 1366 2625 τῶν
1396 2572 1675 2643 ὀνομάτων
1700 2574 1807 2629 τῶν
1840 2576 1969 2645 περὶ

380 2660 549 2732 αὐτὴν
580 2662 817 2725 εὐσεϐῶς
864 2662 1171 2734 λεγομένων
1200 2664 1298 2736 τὴν
1337 2664 1539 2733 γνῶσιν
1579 2664 1965 2737 ὲρανιζόμεθα.

382 2751 426 2802 Τ
429 2750 602 2803 ούτων
629 2751 686 2803 δέ
716 2769 897 2823 φαμεν
925 2753 1032 2805 τῶν
1062 2754 1342 2824 ὀνομάτων
1369 2757 1429 2808 οὐ
1470 2758 1713 2829 μονοειδῆ
1750 2758 1967 2813 πάντων

382 2839 647 2912 εἶναιτὴν
675 2843 971 2913 σημασίαν,
998 2844 1132 2896 ἀλλὰ
1167 2845 1235 2897 τὰ
1268 2847 1364 2915 μὲν
1405 2847 1513 2899 τῶν
1551 2850 1862 2919 προσόντων
1890 2848 1969 2920 τῷ

381 2934 525 3005 Θεῷ,
566 2934 635 2988 τὰ
681 2936 738 2987 δέ
777 2935 886 2988 τῶν
921 2936 1352 3005 ἀποπεφυκότων
1398 2937 1509 3006 ἔχει
1557 2939 1654 3010 τὴν
1698 2940 1966 3011 ἔμφασιν·

382 3022 516 3092 οἷον,
552 3027 757 3081 δίκαιον
777 3027 940 3080 αὑτὸν
968 3029 1061 3081 καὶ
1086 3027 1361 3099 ἄφθαρτον
1383 3028 1635 3100 λέγομεν,
1670 3030 1749 3100 τῷ
1784 3032 1881 3101 μὲν
1899 3033 1972 3086 δι-

383 3119 545 3190 καίῳ,
587 3120 649 3172 τὸ
687 3123 969 3191 προσεῖναι
1007 3119 1385 3192 δικαιοσύνην·
1413 3120 1491 3193 τῷ
1527 3121 1583 3173 δὲ
1613 3122 1875 3194 ἀφθάρτῳ
1910 3124 1971 3177 τὸ

387 3212 462 3283 μὴ
494 3215 775 3283 προσεῖναι
811 3212 1017 3283 φθορὰν
1058 3212 1474 3284 ἐνδεικνύμενοι.
1520 3213 1736 3279 Ἔξεστι
1779 3214 1836 3267 δὲ
1867 3215 1971 3269 πά-

382 3305 466 3357 λιν
496 3306 591 3358 καὶ
628 3304 1011 3371 ὑπαλλάξαντα
1037 3304 1136 3369 τὰς
1169 3304 1441 3376 σημασίας
1477 3305 1617 3359 κατὰ
1647 3306 1707 3359 τὸ
1738 3306 1970 3377 ἔμπαλιν

385 3395 680 3468 προσφυῶς
708 3397 1017 3468 ἐφαρμόσαι
1051 3397 1129 3467 τῷ
1167 3396 1286 3467 Θεῷ
1315 3396 1385 3450 τὰ
1421 3398 1661 3467 ὀνόματα
1680 3413 1693 3426 °
1730 3397 1869 3452 ὥστε
1893 3399 1971 3471 τῷ

389 3490 486 3560 μὲν
520 3489 941 3559 ἀπεμφαίνοντι,
990 3490 1050 3541 τὸ
1099 3492 1319 3553 οἰκεῖον,
1372 3488 1450 3560 τῷ
1480 3489 1536 3542 δὲ
1588 3491 1866 3561 προσόντι,
1912 3492 1972 3545 τὸ

384 3582 664 3653 ἀλλότριον
707 3581 1184 3654 παραστήσασθαι.
1228 3582 1306 3653 Τῇ
1353 3580 1462 3651 γὰρ
1515 3582 1829 3654 δικαιοσύνῃ
1872 3582 1971 3652 τῆς

384 3675 598 3738 ἀδικίας
646 3674 1083 3745 ἀντινοουμένης,
1123 3677 1189 3745 τῇ
1232 3674 1289 3727 δὲ
1334 3675 1508 3746 φθορᾷ
1539 3676 1636 3746 τῆς
1674 3675 1974 3743 ἀῐδιότητος

385 3769 792 3839 ἀντικειμένης,
846 3767 1069 3822 δυνατόν
1122 3769 1237 3820 ἐστι
1296 3767 1599 3840 χρήσασθαι
1649 3768 1975 3838 προσφόρως

386 3863 480 3915 ἐπὶ
516 3861 611 3914 τοῦ
646 3860 780 3914 Θεοῦ
826 3863 938 3925 τοῖς
974 3860 1258 3924 ἐναντίοις,
1296 3862 1390 3914 καὶ
1431 3860 1505 3931 μὴ
1530 3861 1850 3931 διαμαρτεῖν
1879 3860 1972 3914 τοῦ

389 3954 760 4023 προσήκοντος
810 3954 867 4005 ἐν
906 3950 983 4022 τῷ
1025 3954 1217 4014 εἰπεῖν,
1269 3952 1355 4005 ἀεί
1392 3969 1451 4004 τε
1500 3952 1661 4005 αὑτὸν
1708 3946 1845 4004 εἶναι
1880 3951 1975 4005 καὶ

386 4045 572 4098 ἄδικον
605 4043 678 4115 μὴ
701 4041 840 4097 εἶναι
861 4058 874 4073 ’
906 4045 1043 4115 ὅπερ
1070 4039 1188 4096 ἶσόν
1233 4047 1347 4097 ἐστι
1395 4042 1474 4114 τῷ
1506 4044 1713 4097 δίκαιόν
1740 4062 1799 4097 τε
1836 4039 1974 4097 εἶναι

387 4136 590 4204 λέγειν,
627 4137 722 4190 καὶ
766 4136 971 4205 φθορὰν
1016 4135 1089 4207 μὴ
1140 4135 1551 4207 προσδέχεσθαι.
1594 4135 1749 4189 Οὕτω
1786 4135 1878 4188 καὶ
1908 4136 1976 4187 τά

388 4228 553 4282 λοιπά
580 4229 687 4283 τῶν
741 4229 1018 4299 ὀνομάτων
1047 4231 1111 4299 τῇ
1158 4229 1285 4299 ποιᾷ
1322 4227 1617 4298 μεταλήψει
1666 4227 1765 4298 τῆς
1796 4243 1974 4297 σημα-

392 4320 514 4382 σίας
566 4319 704 4391 πρὸς
742 4320 1004 4390 ἑκατέραν
1034 4319 1132 4390 τὴν
1180 4318 1416 4389 ἔμφασιν
1469 4318 1788 4389 ἐπιτηδείως
1833 4317 1975 4388 ἔχειν

2065 470 2320 538 gerendis
2337 472 2661 527 avocatione
2683 470 2971 542 indigeret.
2989 471 3460 537 Quemadmodum
3478 473 3643 528 audio

2070 558 2403 615 Eunomium
2434 577 2602 632 super
2629 561 2854 616 Iliacum
2899 563 3104 617 bellum
3139 576 3411 617 annorum
3451 555 3642 617 multi-

2067 652 2259 707 tudine
2284 653 2559 709 laboriose
2581 662 2634 708 et
2660 654 2870 719 sedulo,
2892 663 2948 709 et
2980 654 3034 708 in
3060 654 3451 725 tranquillitate
3472 655 3644 709 multa

2066 744 2506 815 incumbentem,
2543 749 2595 803 in
2624 749 2794 803 multo
2834 763 3028 804 somno
3067 748 3173 802 hoc
3220 750 3494 802 somnium
3537 747 3644 802 sibi

2066 837 2431 903 conﬁnxisse,
2463 848 2799 908 quaerentem
2832 839 3126 910 diligenter
3152 847 3207 895 et
3237 840 3492 906 solerter,
3531 855 3645 894 non

2066 930 2341 997 quomodo
2366 930 2759 1000 interpretetur
2782 932 2914 1002 quid
2947 948 3138 988 eorum
3174 948 3297 1003 qua:
3329 933 3646 1003 intelligun-

2066 1026 2176 1084 tur,
2203 1022 2298 1075 sed
2334 1023 2610 1091 quomodo
2633 1023 2701 1076 ad
2724 1023 2996 1082 dictiones
3020 1040 3183 1080 sensa
3214 1036 3405 1080 coacta
3433 1034 3646 1096 pertra~

2068 1111 2191 1176 hat,
2223 1122 2387 1182 atque
2427 1115 2774 1171 sonantiores
2810 1132 2973 1171 voces
3013 1116 3362 1187 colligentem
3408 1133 3477 1172 ex
3521 1117 3645 1187 qui-

2067 1201 2301 1257 busdam
2325 1203 2568 1272 scriptis.
2588 1202 2656 1257 Et
2678 1205 3137 1274 quemadmodum
3164 1205 3400 1261 mendici
3423 1214 3645 1276 propter

2066 1294 2356 1365 penuriam
2405 1296 2575 1351 vestis
2607 1312 2675 1351 ex
2710 1296 2906 1352 laceris
2953 1304 3005 1352 et
3051 1297 3268 1352 detritis
3315 1296 3644 1367 quibusdam

2066 1388 2381 1457 panniculis
2412 1387 2634 1444 tunicas
2665 1403 2765 1445 acu
2796 1399 3104 1461 pungentes
3130 1398 3406 1443 consuunt
3432 1408 3445 1442 :
3482 1389 3565 1445 sic
3591 1396 3647 1444 et

2067 1481 2214 1536 hunc
2247 1482 2409 1535 aliam
2446 1482 2579 1536 alibi
2614 1483 2907 1539 dictionem
2944 1484 3328 1554 decerpentem
3351 1521 3366 1546 ,
3409 1497 3509 1553 per
3546 1482 3647 1538 has

2070 1575 2177 1631 sibi
2226 1575 2392 1644 hujus
2446 1576 2713 1631 orationis
2765 1585 3052 1631 centonem
3106 1577 3488 1642 contexuisse,
3535 1590 3646 1629 non

2071 1665 2189 1721 sine
2208 1667 2433 1721 miseria
2453 1667 2743 1722 verborum
2767 1658 3190 1723 commissuram
3214 1668 3645 1737 compingcntem

2069 1766 2123 1812 et
2154 1767 2575 1827 componentem
2595 1796 2609 1821 ,
2634 1757 2794 1826 cujus
2822 1757 3031 1813 lubrica
3056 1758 3384 1828 etjuvenilis
3416 1757 3647 1813 ambitio

2068 1848 2137 1903 ad
2169 1858 2449 1904 certamen
2485 1851 2604 1904 viro
2635 1849 2703 1903 ad
2732 1850 3018 1904 veritatem
3056 1850 3323 1919 spectanti
3355 1857 3465 1903 tam
3494 1864 3651 1918 repu-

2068 1940 2266 1996 dianda
2295 1952 2379 1997 est
2404 1982 2418 2007 ,
2449 1958 2610 2012 quam
2640 1943 2855 1997 athletas
2888 1943 3052 1997 alicui
3088 1942 3213 1996 forti
3243 1949 3297 1996 ct
3326 1949 3453 1995 natu
3487 1958 3650 2010 gran-

2068 2036 2243 2101 diori,
2280 2052 2459 2106 neque
2487 2038 2770 2092 amoribus
2806 2038 3041 2107 amplius
3075 2036 3303 2101 idoneo,
3336 2035 3649 2106 superﬂuus

2068 2138 2123 2183 et
2178 2136 2432 2198 comptus
2475 2129 2762 2185 muliebris
2812 2130 2992 2184 cultus
3044 2137 3098 2184 et
3150 2137 3379 2183 ornatus
3428 2134 3510 2183 est
3559 2126 3649 2181 Iu-

2068 2220 2320 2291 giendus.
2377 2218 2483 2274 Sed
2532 2220 2700 2276 t0tius
2756 2220 3252 2291 argumentationis
3303 2227 3359 2275 et
3414 2226 3649 2274 conatus

2069 2325 2235 2380 scopo
2270 2310 2509 2365 breviter
2543 2325 2810 2379 percurso
2836 2351 2849 2374 ,
2896 2311 3085 2381 longas
3125 2310 3419 2365 verborum
3461 2308 3649 2363 amba-

2067 2412 2160 2467 ges
2188 2404 2242 2452 et
2271 2397 2535 2454 circuitus
2561 2399 2758 2467 jubere
2788 2400 2968 2455 valere
2996 2414 3216 2455 censeo.
3247 2401 3417 2471 Igitur
3441 2399 3649 2453 dictum

2067 2498 2143 2543 est
2186 2504 2216 2541 a
2258 2489 2421 2544 nobis
2465 2488 2754 2559 (doctoris
2799 2491 3290 2555 enimsermonem
3336 2491 3471 2544 mihi
3515 2505 3643 2560 pro-

2067 2580 2246 2649 prium
2274 2587 2327 2634 et
2361 2579 2717 2634 domesticum
2753 2579 2933 2648 facio)
2970 2580 3037 2635 de
3066 2579 3250 2634 divina
3300 2588 3497 2634 natura
3544 2596 3650 2635 nos

2068 2671 2420 2741 perexiguam
2454 2679 2507 2727 et
2537 2672 2827 2726 obscuram
2856 2672 3012 2726 valde
3053 2688 3150 2742 per
3194 2672 3649 2728 ratiocinationes

2066 2765 2470 2835 perceptionem
2499 2774 2553 2818 et
2579 2764 3124 2833 comprehensionem
3157 2763 3357 2818 habere
3385 2780 3399 2816 :
3433 2778 3653 2817 verum-

2067 2860 2250 2907 tamen
2284 2861 2486 2907 nostrte
2516 2851 2796 2908 facultatis
2823 2852 3117 2922 exiguitate
3145 2860 3432 2909 contentos
3463 2869 3558 2923 per
3588 2869 3652 2907 ea

2068 2944 2292 2997 nomina
2323 2960 2443 3013 qua:
2475 2943 2541 2998 de
2575 2944 2693 3014 ipsa
2730 2945 2818 3014 pie
2848 2944 3130 3011 dicuntur,
3167 2943 3524 2999 suﬁicientem
3561 2959 3654 2999 co-

2073 3036 2372 3105 gnitionem
2420 3051 2523 3091 nos
2566 3037 2863 3108 colligere:
2910 3037 3108 3092 horum
3149 3044 3326 3091 autem
3370 3038 3653 3092 nominum

2079 3129 2318 3185 dicimus
2353 3145 2462 3183 non
2497 3145 2619 3185 esse
2652 3130 2897 3185 omnium
2934 3130 3262 3185 uniformem
3298 3130 3655 3201 signiﬁcatio-

2078 3237 2242 3287 nem,
2292 3222 2388 3277 sed
2439 3221 2685 3291 qumdam
2738 3237 2926 3276 eorum
2980 3237 3101 3291 qua:
3147 3224 3335 3277 insunt
3366 3223 3512 3286 Deo,
3548 3223 3655 3276 alia

2078 3329 2209 3369 vero
2235 3329 2423 3370 eorum
2453 3329 2575 3382 quae
2602 3312 2672 3367 ab
2702 3328 2764 3368 eo
2790 3312 3029 3378 absunt,
3059 3313 3397 3367 notationem
3427 3314 3653 3379 habere,

2079 3412 2139 3461 ut
2172 3420 2294 3460 cum
2325 3406 2535 3475 justum
2571 3404 2749 3475 ipsum
2784 3414 2838 3459 et
2874 3405 3343 3474 incorruptibilem
3384 3404 3654 3470 dicimus,

2074 3497 2226 3568 justo
2252 3497 2471 3569 quidem
2512 3498 2696 3553 inesse
2732 3498 3038 3568 justitiam,
3076 3498 3486 3568 incorruptibili
3527 3514 3657 3553 vero

2080 3605 2189 3645 non
2220 3590 2401 3645 inesse
2448 3588 2729 3643 interitum
2776 3590 3239 3645 demonstramus.
3279 3588 3429 3644 Licet
3462 3604 3655 3644 rursus

2080 3679 2245 3733 etiam
2278 3678 2500 3734 mutatis
2532 3678 3029 3749 signiﬁcationibus
3062 3678 3179 3733 vice
3212 3692 3370 3733 versa
3409 3677 3519 3732 Deo
3556 3694 3660 3733 no-

2083 3770 2231 3823 mina
2266 3770 2606 3825 cohaerenter
2636 3770 3053 3825 accommodare
3072 3812 3087 3837 ,
3115 3770 3186 3824 ita
3218 3778 3279 3824 ut
3304 3769 3410 3824 hoc
3435 3771 3655 3840 quidem

2088 3860 2236 3930 quod
2271 3862 2424 3915 nullo
2467 3861 2630 3915 modo
2674 3863 2964 3928 convenit,
3019 3861 3165 3932 quod
3217 3862 3323 3932 ipsi
3373 3862 3655 3932 proprium

2083 3962 2168 4008 est
2189 3993 2203 4017 ,
2236 3968 2301 4007 eo
2333 3969 2465 4007 vero
2496 3953 2640 4022 quod
2671 3952 2860 4019 adest,
2895 3953 3041 4023 quod
3072 3954 3139 4007 ab
3179 3968 3243 4008 eo
3287 3961 3371 4009 est
3418 3954 3656 4009 alienum

2083 4051 2524 4112 repraesentetur.
2556 4042 2692 4095 Nam
2725 4057 2848 4097 cum
2883 4041 3151 4113 injustitia
3180 4042 3409 4114 justitize
3441 4053 3657 4098 contra-

2080 4137 2164 4191 ria
2214 4136 2569 4206 intelligatur,
2610 4143 2663 4191 et
2706 4136 2951 4191 interitui
2991 4137 3270 4192 mtcrnitas
3313 4137 3655 4201 adversetur,

2082 4229 2165 4286 fas
2191 4243 2275 4286 est
2306 4230 2697 4285 convenienter
2731 4230 2809 4283 uti
2858 4229 2911 4283 in
2949 4227 3055 4283 Deo
3100 4229 3431 4293 contrariis,
3480 4245 3658 4298 neque

2084 4323 2343 4378 aberrare
2376 4322 2443 4377 ab
2475 4337 2541 4377 eo
2567 4322 2712 4393 quod
2741 4322 3037 4386 convenit,
3072 4321 3302 4376 dicendo
3332 4336 3658 4391 semperque

392 4414 597 4485 φαμὲν,
633 4408 743 4466 οἷον
785 4412 845 4466 τὸ
878 4412 1077 4481 ἀγαθὸν
1108 4413 1201 4467 καὶ
1232 4413 1516 4481 ἀθάνατον,
1550 4416 1644 4468 καὶ¹
1697 4415 1878 4469 πάντα
1906 4418 1972 4471 τά

2085 4412 2263 4482 ipsum
2292 4425 2416 4466 esse
2438 4417 2490 4465 ct
2515 4411 2780 4480 injustum
2804 4426 2913 4465 non
2941 4424 3062 4464 esse
3087 4429 3100 4465 :
3126 4409 3272 4479 quod
3301 4409 3428 4464 huic
3450 4411 3659 4479 aequale

392 4507 538 4561 κατά
584 4508 677 4561 τὸν
725 4507 908 4576 ὅμοιον
960 4506 1302 4576 ἐκφερόμενα
1348 4507 1538 4563 τύπον.
1587 4507 1821 4562 Δύναται
1867 4508 1977 4580 γὰρ

393 4599 624 4651 ἕκαστον
676 4597 854 4650 αὐτῶν
893 4596 1068 4660 ἄλλως
1124 4597 1215 4650 καὶ
1259 4596 1433 4661 ἄλλως
1483 4598 1845 4669 μεταληφθὲν,
1886 4601 1981 4654 καὶ

394 4690 458 4742 τὺ
480 4689 683 4761 προσὸν
714 4688 807 4741 καὶ
836 4689 895 4741 τὸ
922 4688 995 4759 μὴ
1017 4687 1216 4759 προσὸν
1241 4689 1333 4740 ἐπὶ
1355 4689 1453 4758 τῆς
1478 4688 1625 4752 θείας
1645 4691 1980 4756 ἐνδείξασθαι

398 4782 643 4852 φύσεως’
676 4781 817 4835 ὥστε
873 4780 968 4833 τοῦ
1015 4782 1289 4851 σχήματος
1337 4780 1445 4834 τῶν
1492 4781 1768 4850 ὀνομάτων
1809 4784 1981 4838 ὑπαλ-

397 4875 754 4946 λασσομένου,
784 4874 883 4946 τὴν
902 4873 1102 4944 εὐσεϐῆ
1126 4874 1253 4944 περὶ
1278 4873 1337 4926 τὸ
1365 4873 1720 4943 ὑποκείμενον
1748 4876 1985 4930 διάνοιαν

402 4966 584 5038 μένειν
635 4964 912 5035 ἀκίνητον.
966 4962 1141 5015 Ταύτὸ
1179 4962 1287 5032 γάρ
1333 4964 1499 5027 ἐστιν,
1547 4963 1892 5017 ἀνεπίδεκτόν
1925 4984 1985 5019 τε

401 5058 668 5129 πονηρίας
697 5058 789 5111 τὸν
819 5057 951 5110 Θεὸν
982 5058 1171 5119 εἰπεῖν,
1205 5055 1298 5108 καὶ
1332 5054 1533 5122 ἀγαθὸν
1561 5057 1856 5126 ὀνομάσαι·
1892 5059 1986 5112 καὶ

402 5151 667 5206 ἀθάνατον
712 5148 1066 5222 ὁμολογῆσαι,
1118 5146 1211 5199 καὶ
1254 5147 1340 5199 ἀεὶ
1378 5145 1553 5209 ζῶντα
1582 5149 1773 5201 εἰπεῖν.
1826 5150 1988 5203 Οὐδε-

407 5246 538 5319 μίαν
563 5244 672 5315 γὰρ
715 5245 771 5295 ἐν
800 5242 1010 5303 τούτοις
1046 5238 1189 5292 κατά
1215 5238 1274 5292 τὸ
1302 5238 1695 5309 σημαινόμενον
1723 5240 1984 5311 διαφορὰν

405 5332 716 5401 ἐννοοῦμεν,
750 5331 866 5384 ἀλλ’
913 5329 969 5382 ἓν
1018 5330 1085 5383 δι’
1112 5328 1386 5400 ἑκατέρων
1415 5328 1523 5381 τῶν
1570 5327 1743 5397 λόγων
1779 5331 1983 5404 ἀποση-

412 5423 707 5495 μαίνομεν·
743 5423 847 5477 κᾶν
883 5421 944 5474 τὸ
981 5421 1079 5491 μὲν
1131 5420 1300 5485 θέσιν,
1328 5420 1387 5473 τὸ
1429 5419 1485 5472 δέ
1516 5420 1794 5493 ἀναίρεσίν
1844 5441 1986 5487 τινος

408 5515 554 5592 ἔχειν
579 5514 727 5587 δοκῇ.

2085 4512 2190 4569 est,
2214 4518 2407 4573 nempe
2430 4503 2613 4557 dicere
2634 4502 2843 4571 justum
2867 4516 2987 4556 esse
3004 4509 3058 4555 et
3077 4517 3185 4555 non
3210 4501 3487 4556 interitum
3515 4501 3659 4556 acci-

2048 4668 2051 4669 ν
2085 4611 2249 4668 pere:
2280 4596 2361 4650 sic
2391 4595 2555 4650 etiam
2587 4594 2796 4664 reliqua
2826 4594 3049 4647 nomina
3078 4592 3312 4663 quadam
3345 4600 3657 4649 transsum-

2088 4689 2272 4767 ptione
2320 4686 2738 4757 signiﬁcationis
2779 4685 2847 4739 ad
2894 4693 3182 4755 utramque
3232 4685 3657 4741 declarationem

2087 4790 2212 4853 apte
2237 4789 2291 4836 et
2322 4787 2686 4850 congruenter
2732 4793 2791 4834 se
2826 4777 3030 4831 habere
3072 4777 3410 4842 asserimus,
3453 4785 3516 4832 ut
3560 4779 3658 4833 bo-

2088 4888 2217 4927 num
2248 4879 2302 4925 et
2332 4870 2669 4934 immortale,
2698 4877 2752 4923 et
2778 4869 2961 4922 omnia
2994 4884 3115 4940 qua:
3142 4869 3304 4923 simili
3336 4868 3508 4924 forma
3541 4870 3663 4924 cﬁ‘c—

2088 4972 2325 5030 runtur;
2363 4969 2544 5033 potest
2573 4961 2719 5017 cnim
2747 4960 3178 5030 unumquodque
3229 4959 3423 5014 horum
3452 5001 3466 5027 ,
3501 4960 3663 5013 aliter

2088 5065 2254 5127 atque
2282 5055 2440 5110 aliter
2476 5059 2913 5122 transsumptum
2938 5091 2951 5117 ,
2986 5061 3039 5106 et
3078 5051 3222 5123 quod
3256 5053 3397 5107 inest
3428 5059 3481 5105 et
3515 5050 3661 5117 quod

2088 5166 2201 5205 non
2236 5150 2380 5205 inest
2411 5148 2466 5203 in
2500 5147 2686 5203 divina
2720 5155 2915 5200 natura
2956 5146 3218 5201 indicare.
3266 5145 3342 5199 Ita
3383 5152 3440 5197 ut
3490 5143 3660 5210 ﬁgura

2090 5242 2373 5299 nominum
2402 5248 2641 5306 mutata,
2671 5239 2758 5311 pia
2787 5240 2841 5294 in
2872 5239 3117 5310 subjecto
3146 5233 3501 5303 intelligentia
3540 5248 3659 5285 ma-

2090 5343 2217 5390 neat
2249 5333 2545 5388 immobilis
2572 5352 2585 5387 :
2620 5333 2762 5388 idem
2793 5332 2937 5387 enim
2972 5339 3056 5385 est
3094 5329 3260 5381 Deum
3292 5322 3662 5392 improbitatis

2092 5442 2200 5481 non
2234 5440 2487 5495 capacem
2526 5422 2742 5487 dicere,
2777 5431 2829 5477 et
2863 5423 3063 5475 bonum
3101 5414 3421 5481 nominare;
3463 5420 3517 5467 et
3561 5413 3662 5466 im-

2092 5519 2379 5575 mortalem
2430 5515 2719 5578 conﬁteri,
2771 5521 2824 5567 et
2872 5523 3087 5578 semper
3135 5505 3403 5558 viventem
3456 5502 3659 5559 dicere.

410 5604 624 5669 h‘ullam
671 5610 816 5667 enim
898 5608 955 5666 in
997 5609 1063 5665 iis
1104 5608 1404 5668 secundum
1448 5607 1816 5683 signiﬁcatum
1839 5611 2219 5691 _dilIerentiam
2256 5610 2640 5691 «inthligimus
2657 5647 2671 5676 ,
2719 5603 2810 5661 sed
2858 5619 3025 5658 unum
3104 5606 3332 5671 utraque
3411 5596 3664 5654 oratione
