4054 6152
553 232 662 288 955

1807 216 1845 271 S
1858 256 1873 273 .
1913 210 2243 275 GREGOHII
2281 200 2576 268 [\YSSENI

3674 220 3762 275 956

550 352 954 421 significamus,
1010 343 1262 416 quamvis
1321 343 1424 397 hoc
1477 340 1697 410 quidem
1751 336 2121 407 positionem,
2162 333 2279 389 sive
2310 333 2761 397 aliirmatiouem,
2801 331 2934 387 illud
3001 346 3130 387 vero
3198 331 3521 387 ablationem
3566 351 3651 390 seu
3684 354 3763 396 ne-

546 444 827 513 gationem
858 437 1095 506 alicujus
1131 436 1331 489 habere
1358 432 1632 487 videatur.

626 537 822 590 Eodem
852 542 1014 602 pacto
1055 532 1298 585 omnium
1345 529 1677 599 principium
1726 525 1895 580 Deum
1937 524 2125 579 dicen-
2158 523 2208 580 A

551 640 664 691 tes,
696 637 750 681 et
780 641 973 679 rursus
1006 625 1260 693 ἄναρχον,
1294 622 1344 675 id
1372 629 1498 686 est,
1530 631 1802 674 carentem
1830 615 2124 687 principio,

559 721 934 783 nominantes,
972 717 1107 769 nihil
1136 713 1316 784 quoad
1351 728 1569 768 sensum
1609 725 1943 781 pugnamus,
1976 716 2128 763 utro-

552 825 659 879 que
689 808 907 862 nomine
941 805 1239 874 principem
1272 810 1323 856 et
1355 809 1635 857 auctorem
1668 799 1906 853 universi
1946 797 2127 854 decla-

553 909 761 955 rantes.
798 902 980 963 Quare
1006 897 1124 951 sive
1165 895 1435 964 principio
1478 899 1751 947 carentem
1795 889 2126 955 dixerimus,

554 994 671 1049 sive
719 990 957 1045 universi
1011 996 1323 1050 auctorem,
1372 986 1475 1040 hoc
1526 984 1743 1053 quidem
1776 982 1920 1052 quod
1951 982 2125 1045 inest,

555 1084 729 1137 altero
779 1096 941 1145 vero,
991 1077 1136 1147 quod
1191 1092 1296 1130 non
1353 1077 1495 1129 inest
1542 1071 1942 1142 expressimus.
1989 1069 2125 1124 Cum

553 1172 637 1226 fas
664 1171 763 1233 sit,
797 1170 939 1224 sicut
964 1168 1169 1222 dictum
1197 1173 1282 1220 est
1302 1204 1316 1227 ,
1348 1180 1443 1233 per
1467 1164 1895 1234 signiticatorum
1930 1160 2127 1214 immu-

557 1266 817 1317 tationem
842 1301 856 1324 ,
894 1261 1178 1313 nominum
1212 1256 1641 1326 signiﬁcationes
1692 1255 1745 1307 in
1788 1252 2125 1307 contrarium

552 1360 961 1416 transmutare,
1023 1359 1076 1405 et
1131 1364 1277 1403 nunc
1335 1347 1569 1417 quidem
1616 1346 1969 1401 dissentaneo
2026 1358 2130 1397 no-

554 1444 702 1498 mine
746 1457 841 1511 per
881 1440 1170 1510 quamdam
1218 1438 1749 1506 transﬁgurationem
1794 1435 1940 1505 quod
1987 1435 2127 1490 inest

555 1542 744 1587 notum
788 1533 948 1595 ﬁeri,
993 1540 1047 1585 et
1094 1533 1266 1585 altero
1320 1532 1598 1585 alterum:
1647 1528 1773 1582 licet
1826 1530 1971 1582 enim
2028 1541 2126 1597 pro

554 1639 621 1676 eo
671 1621 817 1691 quod
862 1621 1159 1683 diceretur,
1210 1617 1539 1687 Principium
1588 1617 1705 1686 ipse
1755 1631 1864 1669 non
1920 1615 2122 1684 habet,

551 1711 782 1767 deﬁnire
814 1712 990 1781 ipsum
1023 1726 1143 1765 esse
1176 1709 1415 1764 universi
1449 1708 1776 1777 principium
1803 1746 1818 1770 ,
1853 1714 1906 1761 et
1937 1717 2125 1761 contra

554 1820 655 1875 pro
710 1805 847 1869 hoc,
906 1804 1083 1872 ipsum
1138 1802 1312 1856 solum
1367 1801 1611 1855 conﬁteri
1674 1800 1833 1854 modo
1885 1800 2127 1870 ingenito

552 1896 669 1951 sive
704 1894 1149 1965 ingenerabiliter
1181 1893 1593 1947 subsistere.lta
1623 1899 1680 1945 ut
1718 1892 1879 1945 verba
1908 1891 2126 1960 quidem
2162 1881 2204 1936 Β

557 1987 841 2041 videantur
895 1988 1079 2055 liguraa
1136 1984 1514 2037 immutatione
1562 1982 1873 2035 dilTerenter
1920 1997 1978 2036 se
2035 1982 2131 2035 ha-

555 2078 703 2139 bere,
746 2076 1079 2129 intellectum
1118 2090 1247 2128 vero
1278 2075 1346 2143 ,in
1389 2074 1473 2128 his
1499 2089 1618 2142 qua:
1650 2072 1925 2133 dicuntur,
1964 2087 2127 2125 unum

551 2167 917 2238 eumdemque
953 2181 1302 2235 permanere;
1354 2165 1457 2219 hoc
1505 2165 1649 2218 enim
1698 2172 1781 2217 est
1820 2162 1966 2232 quod
2014 2169 2131 2217 stu-

552 2262 708 2315 diose
754 2258 1088 2328 perquiritur
1132 2258 1186 2310 in
1240 2257 1324 2311 his
1358 2272 1478 2325 quae
1511 2256 1576 2310 de
1615 2256 1725 2309 Deo
1773 2256 2131 2309 instituuntur

552 2351 921 2413 sermonibus,
957 2357 1015 2402 ut
1054 2363 1162 2401 non
1214 2349 1505 2402 verborum
1556 2362 1773 2402 suavem
1818 2355 1871 2401 et
1918 2347 2129 2400 dulcem

551 2460 769 2508 sonum,
800 2443 1054 2513 quodque
1083 2444 1413 2505 concinnum
1452 2450 1505 2495 et
1557 2440 1914 2505 modulatum,
1958 2448 2132 2494 atten-

549 2536 768 2599 damus,
800 2534 895 2589 sed
929 2544 985 2586 ut
1011 2534 1154 2602 piam
1180 2532 1588 2601 intelligentiam
1612 2533 2002 2600 excogitemus.
2036 2544 2133 2598 per

550 2641 714 2694 quam
749 2625 1009 2679 decorum
1049 2623 1117 2678 de
1158 2622 1265 2677 Deo
1308 2621 1703 2676 existimationi
1749 2627 2127 2674 conservetur.

553 2715 819 2781 Quoniam
854 2714 1018 2783 igitur
1062 2714 1211 2782 pium
1248 2722 1332 2768 est
1378 2712 1643 2766 rationem
1675 2710 1958 2780 complecti
2011 2709 2133 2764 uni-

555 2807 697 2860 versi
727 2814 1029 2867 auctorem,
1067 2806 1243 2873 ipsum
1284 2818 1505 2857 causam
1549 2818 1658 2857 non
1695 2802 1893 2856 habere
1945 2816 2134 2871 super-

552 2898 790 2967 positam
830 2916 844 2951 :
893 2897 995 2950 hac
1034 2896 1301 2950 sententia
1336 2895 1495 2949 nobis
1524 2894 1734 2947 ﬁrmata
1772 2900 1825 2947 et
1858 2900 2130 2957 manente,

550 3002 801 3060 quaenam
827 2988 1059 3057 amplius
1088 2995 1269 3041 mente
1305 2985 1549 3057 praeditis
1577 2993 1628 3040 et
1663 2992 1808 3039 recte
1832 2984 2133 3053 jndicanti-

554 3084 657 3135 bus
691 3080 978 3133 verborum
1021 3079 1398 3133 controversia
1455 3084 1509 3132 et
1550 3093 1730 3147 pugna
1775 3075 2135 3145 relinquittl?

550 3172 687 3226 Cum
720 3187 820 3225 vox
849 3170 1028 3224 omnis
1059 3185 1166 3238 qua
1213 3170 1318 3223 tale
1344 3168 1510 3222 animi
1547 3183 1767 3223 sensum
1818 3167 2135 3221 enuntiatur

2317 516 2592 579 Ὡσαύτως
2630 514 2726 567 καὶ
2774 514 2988 567 πάντων
3027 513 3201 583 ἀρχὴν
3243 514 3484 579 λέγοντες
3516 517 3600 571 τὸν
3636 520 3763 585 Θεὸν,

2234 611 2327 663 καὶ
2360 607 2522 663 πάλιν
2572 606 2805 676 ἄναρχον
2834 604 3211 674 ὀνομάζοντες,
3236 604 3385 657 οὐδὲν
3414 608 3549 660 κατὰ
3589 610 3677 673 τὰς
3701 614 3767 665 ὲν.

2233 702 2381 765 νοίας
2417 699 2719 770 μαχόμεθα,
2747 696 2867 751 καθ’
2894 696 3152 769 ἑκάτερον
3182 696 3289 751 τῶν
3308 697 3604 767 λεγομένων
3623 703 3767 774 ἀρχη-

2233 794 2327 862 γὸν
2349 792 2443 853 καὶ
2475 791 2645 845 αἴτιον
2685 784 2825 842 εἶναι
2856 789 2948 843 τοῦ
2979 789 3177 852 παντὸς
3206 790 3606 858 ἀποφαίνοντες.
3635 794 3768 848 Ὥστε

2233 884 2335 938 κᾶν
2364 884 2598 954 ἄναρχον
2624 881 2886 951 εἴπωμεν,
2916 880 3016 934 κᾶν
3041 880 3134 934 τοῦ
3158 880 3350 945 παντὸς
3381 883 3690 953 ἀρχηγέτην,
3708 887 3769 955 τῷ

2236 979 2333 1050 μὲν
2361 978 2421 1031 τὸ
2473 974 2695 1046 προσὸν,
2728 974 2807 1045 τῷ
2852 974 3084 1044 δευτέρῳ
3117 974 3174 1026 δέ
3219 973 3277 1027 τὸ
3314 973 3389 1044 μὴ
3427 975 3617 1046 προσὸν
3656 995 3769 1047 παρ-

2232 1070 2559 1139 εστήσαμεν.
2608 1065 2844 1139 Δυνατοῦ
2881 1064 3051 1129 ὄντος,
3098 1064 3278 1127 καθὼς
3311 1064 3541 1135 εἴρηται,
3573 1065 3653 1118 διὰ
3690 1069 3768 1137 τῆς

2231 1162 2339 1217 τῶν
2383 1160 2795 1231 σημαινομένων
2827 1158 3163 1227 ὑπαλλαγῆς,
3214 1157 3540 1227 μεταλλάξαι
3579 1160 3698 1230 πρὸς
3722 1163 3767 1213 τὸ

2231 1252 2472 1306 ἐναντίον
2517 1250 2617 1315 τὰς
2668 1250 2773 1303 τῶν
2822 1249 3100 1320 ὀνομάτων
3134 1248 3420 1318 ἐμφάσεις,
3472 1250 3559 1302 καὶ
3601 1251 3669 1321 τῷ
3694 1253 3767 1304 νῦν

2232 1343 2626 1413 ἀπεμφαίνοντι
2658 1342 2794 1406 τέως
2823 1341 3045 1411 ὀνόματι
3086 1341 3174 1396 διά
3221 1358 3366 1405 τινος
3406 1360 3767 1413 μετασχηματι-

2235 1433 2372 1503 σμοῦ
2402 1434 2461 1487 τὸ
2489 1432 2688 1503 προσὸν
2721 1433 3119 1503 γνωρισθῆναι·
3158 1433 3252 1485 καὶ
3282 1433 3359 1502 τῷ
3390 1434 3557 1503 ἑτέρῳ
3600 1436 3653 1487 τὸ
3679 1437 3769 1487 ἓτε-

2236 1543 2345 1596 ρον.
2386 1526 2600 1590 ’Ἔξεστι
2634 1524 2742 1596 γὰρ
2779 1524 2903 1578 ἀντὶ
2959 1523 3053 1577 τοῦ
3107 1523 3283 1595 ἀρχὴν
3330 1524 3491 1577 αὑτὸν
3540 1526 3607 1596 μὴ
3649 1526 3764 1596 ἐχειν

2231 1619 2424 1681 εἰπεῖν,
2456 1616 2517 1667 τὸ
2549 1616 2722 1687 ἀρχὴν
2764 1616 2925 1669 αὑτὸν
2956 1614 3050 1668 τοῦ
3101 1616 3301 1679 παντὸς
3332 1613 3469 1670 εἷναι
3504 1618 3764 1687 ὁρίσασθαι,

2232 1710 2326 1763 καὶ
2360 1709 2480 1762 ἀντὶ
2526 1707 2718 1761 τούτου
2762 1707 2944 1769 πάλιν,
2979 1706 3041 1759 τὸ
3094 1708 3254 1777 μόνον
3295 1708 3457 1762 αὑτὸν
3503 1710 3766 1779 ἁγεννήτως

2232 1801 2512 1870 ὁμολογεῖν
2560 1799 2873 1867 ὑφεστάναι.
2912 1800 3070 1852 Ὥστε
3104 1799 3173 1854 τὰ
3219 1800 3321 1869 μὲν
3370 1802 3584 1870 ῥήματα
3626 1802 3765 1854 δοκεῖν

2236 1895 2300 1962 τῇ
2336 1891 2429 1945 τοῦ
2462 1893 2738 1962 σχήματος
2763 1892 3029 1961 ἐξαλλαγῇ
3068 1892 3345 1964 διαφόρως
3381 1896 3521 1964 ἔχειν
3545 1895 3666 1965 πρὸς
3696 1894 3767 1947 ἅλ-

2236 1982 2392 2052 ληλα,
2425 1982 2516 2036 τὸν
2544 1982 2601 2035 δὲ
2622 1981 2745 2035 νοῦν
2771 1984 2828 2037 ἐν
2855 1987 2964 2047 τοῖς
2998 1983 3311 2052 λεγομένοις
3351 1985 3444 2038 ἕνα
3479 1987 3566 2038 καὶ
3595 1987 3673 2039 τὸν
3698 1988 3766 2039 αὖ·

2235 2072 2325 2125 τὸν
2367 2072 2661 2140 διαμένειν.
2699 2072 2771 2125 Τὸ
2810 2071 2917 2143 γὰρ
2968 2073 3401 2144 σπουδαζόμενον
3446 2077 3500 2127 ἐν
3535 2079 3636 2138 τοῖς
3667 2076 3765 2145 περὶ

2237 2162 2372 2215 Θεοῦ
2397 2162 2573 2231 λόγοις
2599 2162 2765 2226 ἐστὶν,
2794 2164 2913 2232 οὐχὶ
2943 2164 3202 2234 ῥημάτων
3226 2165 3494 2232 εὐφωνίαν
3519 2165 3763 2234 εὖκρουτόν

2238 2268 2295 2304 τε
2323 2252 2417 2304 καὶ
2457 2251 2774 2322 ἐναρμόνιον
2803 2251 3087 2321 ἐπινοῆσαι
3112 2268 3127 2281 ο
3182 2253 3301 2305 ἀλλ’
3337 2254 3527 2323 εὑσεϐῆ
3571 2254 3765 2306 διάνοιαν

2239 2341 2475 2408 ἐξευρεῖν
2511 2342 2576 2393 δι’
2601 2336 2668 2412 ἧς
2698 2342 2757 2393 τὸ
2789 2342 2996 2411 πρέπον
3034 2346 3097 2414 τῇ
3134 2345 3401 2415 ὑπολήψει
3432 2349 3491 2415 τῇ
3520 2346 3634 2414 περὶ
3654 2345 3760 2397 Θεοῦ

2240 2430 2658 2501 φυλαχΟήσεται.
2700 2431 2919 2502 Ἐπειδὴ
2949 2433 3123 2486 τοίνυν
3145 2435 3368 2500 εὐσεϐὲς
3389 2437 3666 2505 λογίζεσθαι
3690 2437 3759 2488 τὸν

2238 2521 2332 2574 τοῦ
2366 2520 2562 2584 παντὸς
2616 2520 2808 2585 αἴτιον,
2850 2524 3012 2577 αὑτὸν
3060 2526 3240 2579 αἰτίαν
3280 2528 3353 2597 μὴ
3390 2528 3523 2598 ἔχειν
3558 2528 3759 2597 ὑπερκει-

2243 2612 2433 2683 μένην·
2482 2612 2685 2684 ταύτης
2722 2615 2851 2684 ήμῖν
2889 2616 2986 2685 τῆς
3019 2616 3257 2680 διανοίας
3288 2620 3669 2689 ἐρηρεισμένης,
3696 2616 3760 2678 τίς

2241 2704 2320 2755 ἐτι
2358 2705 2487 2775 περ)⁵
2532 2704 2598 2757 τὰ
2629 2706 2850 2776 ῥήματα
2891 2710 3003 2771 τοῖς
3038 2708 3159 2763 νοῦν
3210 2710 3428 2779 ἔχουσιν
3468 2710 3760 2763 ὑπολείπεται

2243 2794 2426 2865 μάκηὶ
2459 2796 2643 2867 Πάσης
2688 2797 2894 2867 φωνῆς,
2942 2800 3060 2852 καθ’
3091 2800 3156 2870 ἥν
3186 2801 3249 2854 τὸ
3287 2803 3515 2856 τοιοῦτον
3552 2799 3760 2868 ἐξαγγέλ-

2240 2886 2388 2939 λεται
2416 2888 2613 2958 νόημα,
2648 2888 2707 2941 τὸ
2752 2890 2885 2942 αὑτὸ
2926 2893 3303 2964 παριστώσης.
3334 2896 3453 2947 Εἴτε
3503 2895 3599 2965 γὰρ
3623 2891 3760 2963 ἀρχὴν

2241 2980 2399 3033 αὑτὸν
2420 2980 2513 3033 καὶ
2543 2981 2712 3034 αἴτιον
2747 2981 2839 3035 τοῦ
2874 2983 3073 3047 παντὸς
3106 2980 3251 3039 εἶναι
3285 2987 3477 3054 λέγοις,
3505 2986 3602 3039 εἴτε
3625 2985 3756 3052 ἄναρ-

2242 3090 2334 3144 χον
2368 3073 2526 3125 αὑτὸν
2567 3073 2869 3143 ὀνομάζοις,
2904 3075 3016 3128 εἴτε
3063 3078 3379 3151 ἀγεννήτως
3426 3074 3572 3141 εἶναι,
3599 3076 3689 3129 εἴτε
3711 3072 3756 3136 ἐξ

2243 3165 2411 3218 ἀϊδίου
2447 3166 2764 3233 ὑφεστάναι,
2795 3167 2904 3220 εἴτε
2940 3168 3035 3221 τοῦ
3070 3171 3277 3235 παντὸς
3305 3172 3486 3233 αἴτιον,
3516 3170 3611 3221 είτε
3631 3168 3677 3232 ἐξ
3694 3167 3756 3219 οὐ·

550 3262 695 3317 idem
742 3262 1029 3332 exprimat.
1078 3228 1218 3316 .Sive
1269 3260 1413 3314 enim
1455 3260 1781 3329 principium
1843 3259 2020 3327 ipsum
2082 3265 2132 3311 et

2237 3257 2383 3320 δενὸς
2412 3258 2583 3310 αἰτίου
2617 3259 2799 3328 μόνον,
2840 3260 3017 3314 πάντα
3050 3261 3117 3314 τά
3141 3263 3369 3316 τοιαῦτα
3404 3260 3650 3316 ἰσοστάσιά
3668 3274 3755 3318 πως

548 3370 773 3410 causam
800 3354 1041 3408 universi
1077 3369 1197 3407 esse
1228 3352 1403 3414 dicas,
1440 3351 1555 3405 sive
1606 3349 1876 3418 principio
1932 3363 2128 3401 caren—

553 3454 662 3501 tem
701 3462 821 3501 esse
863 3461 985 3499 eum
1039 3444 1309 3508 nomines,
1353 3442 1466 3495 sive
1497 3439 1738 3509 ingenito
1794 3438 1953 3491 modo
1992 3452 2131 3499 esse,

552 3538 666 3592 sive
695 3553 760 3591 ex
785 3538 1088 3590 attcrnitate
1129 3535 1452 3594 subsistere,
1489 3531 1603 3586 sive
1644 3530 1882 3584 universi
1932 3536 2127 3582 aucto-

553 3641 689 3685 rem,
753 3626 867 3678 sive
892 3640 957 3676 ex
991 3623 1136 3675 nulla
1177 3636 1340 3676 causa
1372 3620 1569 3679 solum,
1600 3619 1713 3672 haec
1742 3619 1920 3671 omnia
1946 3618 2134 3686 hujus-

551 3714 699 3767 modi
761 3713 995 3781 aequalia
1041 3720 1168 3766 sunt
1218 3712 1450 3781 quodam
1488 3712 1648 3765 modo
1683 3711 1823 3764 inter
1846 3727 1924 3772 se,
1961 3727 2134 3780 quan-

552 3816 666 3858 tum
716 3803 784 3855 ad
838 3802 1267 3872 significatorum
1316 3803 1424 3856 vim
1471 3803 1679 3856 attinet.
1730 3803 1793 3854 Et
1843 3818 2016 3856 vanus
2051 3810 2133 3856 est

550 3894 645 3962 qui
684 3894 985 3947 reluctatur
1019 3903 1069 3948 et
1105 3894 1385 3947 contendit
1424 3896 1570 3947 circa
1634 3895 1795 3947 talem
1856 3894 2005 3948 vocis
2046 3908 2134 3948 so-

554 4003 706 4047 num,
745 3995 1000 4056 tanquam
1037 4000 1145 4038 non
1181 3987 1234 4037 in
1289 3994 1467 4037 mente
1516 3994 1570 4037 et
1607 3983 1896 4044 sententia,
1924 3985 2017 4038 sed
2078 3984 2132 4038 in

551 4078 776 4149 syllabis
806 4086 858 4131 et
877 4077 1026 4131 sonis
1056 4077 1321 4130 consistat
1342 4076 1535 4144 pietas.
1568 4073 1679 4129 llac
1719 4075 1886 4143 igitur
1921 4074 2093 4128 intelli
2114 4106 2128 4115 -

554 4170 734 4239 gentia
766 4184 795 4221 a
831 4168 1056 4222 doctore
1090 4167 1377 4220 articulate
1419 4165 1697 4228 distincta,
1730 4180 1825 4234 per
1859 4180 2018 4233 quam
2049 4165 2131 4218 his

551 4261 644 4330 qui
680 4276 785 4314 non
836 4260 1094 4314 ltaaretico
1129 4258 1399 4313 velamine
1440 4256 1663 4311 obducti
1697 4263 1823 4309 sunt
1875 4263 1929 4309 et
1958 4256 2131 4324 operti

552 4353 678 4405 licet
726 4354 1053 4421 perspicere,
1108 4350 1251 4420 quod
1296 4365 1496 4405 numen
1550 4348 2040 4418 quomodocunque
2074 4363 2133 4404 se

551 4444 771 4506 habeat,
810 4444 1109 4499 secundum
1148 4451 1403 4497 naturam
1464 4456 1681 4495 omnem
1734 4440 1873 4510 fugit
1928 4450 2131 4496 tactum

2235 3346 2485 3417 ἀλλήλοις
2518 3346 2634 3400 ἐστὶ
2679 3348 2819 3400 κατὰ
2850 3348 2948 3420 τὴν
2976 3350 3204 3420 δύναμιν
3244 3354 3352 3405 τῶν
3382 3349 3752 3422 σημαινομένων,

2236 3440 2327 3491 καὶ
2361 3440 2634 3510 ὀμοτίμως
2666 3440 2777 3509 ἔχει
2822 3442 2887 3494 τὰ
2923 3442 3163 3512 ῥήματα.
3195 3446 3311 3497 Καὶ
3349 3446 3557 3515 μάταιος
3586 3441 3754 3506 ὀξυγο·

2238 3530 2425 3599 μαχῶν
2451 3532 2576 3599 περὶ
2607 3532 2697 3584 τὸν
2734 3533 2933 3586 τοιόνδε
2968 3535 3066 3605 τῆς
3094 3537 3285 3607 φωνῆς
3319 3533 3463 3609 ἦχον,
3494 3537 3561 3597 ὡς
3583 3533 3680 3600 οὐχὶ
3701 3531 3749 3596 τῇ

2235 3618 2461 3690 διανοίᾳ,
2494 3624 2612 3683 ταῖς
2644 3621 2701 3673 δέ
2754 3623 3045 3686 συλλαϐαῖς
3083 3626 3171 3677 καὶ
3200 3629 3319 3685 τοῖς
3362 3625 3595 3694 φθόγγοις
3619 3623 3752 3686 ἐγκει-

2240 3711 2405 3780 μένης
2435 3712 2535 3781 τῆς
2558 3712 2859 3776 εὐσεϐείας·
2896 3714 3094 3784 ταύτης
3118 3716 3300 3770 τοίνυν
3318 3718 3414 3786 τῆς
3436 3714 3619 3774 ἐννοίας
3636 3708 3749 3778 παρᾶ

2236 3803 2328 3855 τοῦ
2375 3803 2691 3856 διδασκάλου
2738 3803 3166 3876 διηρθρωμένης,
3216 3808 3286 3860 δι’
3318 3804 3383 3877 ἧς
3417 3807 3522 3858 ἐστι
3552 3804 3656 3864 τοὺς
3694 3798 3747 3869 μὴ

2235 3893 2681 3963 κεκαλυμμένους
2729 3893 2807 3962 τῷ
2853 3895 3111 3965 αἱρετικῷ
3150 3898 3559 3967 προκαλύμματι
3604 3888 3747 3958 σαφῶς

2234 3984 2435 4047 διῖδεῖν,
2473 3985 2640 4037 ὅτιτὸ
2672 3984 2824 4037 Θεῖον
2860 3986 3007 4050 ὅπως
3060 3988 3125 4041 ἂν
3169 3990 3314 4044 κατὰ
3352 3990 3446 4060 τὴν
3484 3988 3621 4056 φύσιν
3655 3982 3742 4052 ἔχῃ,

2234 4078 2509 4147 ἀνέπαφόν
2531 4095 2589 4130 τε
2613 4079 2706 4130 καί
2734 4079 3117 4149 ὰκατανόητον,
3148 4082 3247 4134 καὶ
3278 4082 3452 4151 πάσης
3475 4076 3743 4145 ἀντιλήψεως

2232 4172 2331 4235 τῆς
2359 4173 2422 4223 ἐκ
2454 4170 2563 4222 τῶν
2607 4168 2883 4240 λογισμῶν
2921 4171 3256 4241 ὑψηλότερον
3278 4191 3291 4204 ·
3331 4177 3363 4242 ἡ
3411 4172 3463 4224 δὲ
3490 4164 3740 4238 ἀνθρωπίνη

2232 4260 2440 4314 διάνοια
2493 4259 3022 4329 πολυπραγμονοῦσα
3064 4262 3157 4314 καὶ
3205 4261 3584 4334 διερευνωμένη
3613 4256 3665 4309 δι’
3686 4246 3740 4305 ὧν

2235 4352 2300 4405 ἂν
2390 4350 2611 4403 δυνατὸν
2641 4350 2936 4420 λογισμῶν,
2963 4353 3287 4422 ἐπορέγεται
3314 4355 3404 4408 καὶ
3435 4350 3647 4419 Θιγγάνει
3668 4341 3740 4409 τῆς

2233 4439 2683 4511 ἀπροσπελάστου
2718 4441 2810 4493 καὶ
2861 4440 3070 4511 ὑψηλῆς
3112 4443 3359 4512 φύσεωςο
3389 4442 3503 4496 οὔτε
3545 4435 3737 4492 τοσοῦτον

552 4548 906 4603 sensumque,
943 4541 997 4588 et
1035 4533 1369 4587 intellectum
1415 4540 1661 4602 superat,
1698 4534 1957 4602 omnique
2000 4548 2132 4587 con-

2234 4534 2572 4601 όξυωποῦσα,
2607 4534 2682 4597 ὠς
2718 4535 2961 4605 ἐναργῶς
3008 4536 3132 4589 ίδεῖν
3159 4536 3219 4590 τὸ
3256 4539 3493 4609 ἀόρατον,
3523 4530 3625 4585 οὑτε
3645 4523 3737 4580 καθ-

550 4625 913 4694 prehensione
944 4640 1066 4693 quae
1103 4624 1408 4678 rationibus
1441 4631 1677 4685 constat,
1715 4623 2000 4677 sublimior
2050 4632 2132 4680 est

550 4725 603 4769 et
662 4716 853 4781 altior;
915 4715 1151 4768 humana
1189 4723 1371 4769 autem
1426 4715 1784 4785 intelligentia
1827 4715 2041 4769 curiose
2083 4723 2137 4769 et

557 4799 790 4855 sollicite
831 4802 1203 4872 pervestigans
1235 4810 1286 4854 et
1317 4811 1687 4871 perscrutans.
1730 4802 1925 4871 quibus
1956 4809 2137 4872 potest

552 4892 1123 4961 argumentationibus
1145 4893 1479 4947 inaccessam
1496 4900 1548 4947 et
1569 4894 1837 4948 excelsam
1857 4895 2061 4963 expetit
2083 4900 2137 4949 et

551 4982 775 5052 attingit
803 4989 1075 5045 naturam,
1100 5000 1275 5053 neque
1305 4992 1412 5037 tam
1436 4993 1593 5037 acute
1625 5000 1873 5049 cernens,
1902 4993 1961 5039 ut
1983 4986 2129 5040 clare

550 5081 603 5125 et
637 5073 917 5128 evidenter
951 5075 1093 5141 quod
1144 5074 1530 5143 inaspectahile
1563 5082 1646 5128 est
1695 5083 1854 5144 queat
1904 5075 2127 5139 intueri,

551 5180 729 5234 neque
784 5164 1009 5217 omnino
1060 5164 1132 5215 ita
1200 5165 1267 5217 ab
1312 5180 1534 5219 accessu
1583 5173 1634 5218 et
1673 5167 2129 5234 propinquatione

552 5256 819 5327 sejuncta,
876 5264 933 5309 nt
988 5256 1187 5308 nullam
1242 5256 1414 5324 possit
1451 5256 1588 5324 ejus,
1652 5258 1796 5325 quod
1841 5257 2125 5327 quaeritur,

550 5351 926 5404 adumbratam
961 5348 1247 5417 imaginem
1278 5363 1504 5417 capere;
1530 5348 1623 5401 sed
1648 5357 1854 5415 partem
1889 5349 2124 5417 aliquam

550 5440 618 5495 ὼ
652 5457 714 5495 eo
746 5440 891 5510 quod
949 5441 1214 5509 quatritur
1261 5455 1356 5509 per
1389 5438 1867 5493 ratiocinationum
1918 5448 2119 5494 tactum

552 5531 863 5600 conjectura
893 5542 1140 5587 assecuta
1174 5540 1276 5596 est,
1300 5533 1495 5604 partim
1530 5547 1657 5587 vero
1679 5548 1743 5587 ex
1774 5548 1839 5587 eo
1867 5534 2011 5602 quod
2035 5549 2125 5589 ne-

550 5633 715 5693 queat
742 5624 917 5692 ipsum
952 5626 1280 5695 perspicere,
1299 5624 1698 5697 quodannnodo
1720 5626 1985 5697 cognovit,
2011 5627 2121 5684 vel-

2235 4624 2381 4688 άπαξ
2397 4623 2851 4694 άπεσχοινισμένη
2871 4625 2967 4693 τῆς
2993 4628 3413 4695 προσεγγίσεως,
3431 4625 3500 4687 ὡς
3523 4614 3735 4691 μηδεμίαν

2233 4716 2491 4771 δύνασθαι
2528 4715 2621 4767 τοῦ
2658 4713 2986 4785 ζητουμένου
3024 4716 3207 4771 λαϐεῖν
3242 4718 3493 4772 εἰκασίαν.
3539 4707 3669 4787 Ἀλλὰ
3693 4701 3734 4752 τδ

2237 4810 2335 4881 μέν
2365 4826 2417 4860 τι
2447 4806 2540 4859 τοῦ
2568 4805 2896 4876 ζητουμένου
2922 4806 3007 4859 διὰ
3040 4808 3138 4877 τῆς
3159 4810 3268 4862 τῶν
3295 4805 3547 4877 λογισμῶν
3569 4794 3733 4862 ἐπαῖῆἶ

2234 4898 2582 4968 ἐστοχάσατο,
2604 4898 2664 4949 τὸ
2692 4897 2767 4959 δέ,
2787 4897 2915 4949 αὑτὸ
2930 4897 3007 4968 τῷ
3031 4900 3103 4971 μὴ
3133 4900 3383 4954 δύνασθαι
3399 4898 3561 4951 διῖδεῑν
3578 4888 3732 4959 τρόπον

2234 4990 2356 5043 τινὰ
2377 4988 2721 5057 κατενόησεν,
2744 4982 2853 5040 οἷόν
2873 5005 2991 5041 τινα
3016 4991 3214 5057 γνῶσιν
3236 4991 3427 5061 ἐναργῆ
3449 4987 3502 5039 τὸ
3523 4981 3638 5047 ὑπὲρ
3655 4973 3731 5025 πί-

2237 5100 2335 5136 σαν
2356 5080 2555 5150 γνῶσιν
2575 5080 2634 5132 τὸ
2652 5080 2977 5151 ζητούμενον
2996 5078 3131 5135 εἶναι
3151 5080 3495 5154 ποιησαμένη.
3513 5074 3581 5127 Τά
3595 5086 3639 5121 τε
3652 5064 3731 5132 γὰρ

2237 5172 2649 5243 ἁπεμφαίνοντα
2689 5172 2817 5241 περὶ
2850 5171 2946 5243 τὴν
2975 5172 3119 5225 Θείαν
3148 5173 3303 5243 φύσιν
3338 5172 3529 5237 ἐνόησε,
3560 5161 3636 5215 καὶ
3657 5158 3741 5208 ὅσα¹

2234 5262 2434 5333 πρέπει
2460 5263 2586 5333 περὶ
2604 5261 2769 5332 αὐτὴν
2790 5262 3034 5315 ὑπονοεῖν
3059 5263 3159 5317 οὑκ
3180 5264 3405 5332 ἐνόησεν·
3421 5260 3476 5312 οὐ
3494 5255 3586 5325 μὴν
3600 5242 3728 5310 αὑτὴν

2233 5354 2447 5425 ἐκείνην
2476 5356 2596 5424 ἥτις
2624 5355 2739 5407 ἐστὶ
2773 5355 2897 5426 περὶ
2937 5356 3002 5426 ἣν
3031 5356 3200 5410 ταῦτα
3233 5356 3505 5424 λογίζεται,
3541 5337 3729 5397 κατιδεῖν

2228 5446 2488 5517 ἠδυνήθη.
2522 5445 2635 5499 ἀλλ’
2667 5446 2732 5499 ἐκ
2751 5446 2848 5516 τῆς
2879 5447 2985 5501 τῶν
3005 5449 3308 5519 προσόντων
3334 5461 3387 5497 τε
3410 5441 3491 5495 καὶ
3513 5436 3575 5507 μὴ
3595 5439 3726 5498 προσ-

2228 5536 2393 5590 όντων
2428 5535 2680 5603 γνώσεως
2700 5532 2857 5603 εἶδεν,
2886 5536 2914 5590 ὃ
2949 5538 3105 5609 μόνον
3138 5539 3355 5608 ὀφθῆναι
3378 5526 3571 5586 δυνατόν
3588 5523 3722 5609 ἐστιν.

2233 5628 2353 5681 ’Ὀτι
2387 5626 2447 5680 τὸ
2482 5626 2679 5690 παντὸς
2733 5626 2830 5696 μὲν
2871 5603 3040 5684 κακοῦ
3076 5603 3346 5702 πόρρωθεν
3392 5614 3650 5691 ἱδρυμένον,
3683 5603 3726 5653 ἐν
