4054 6152
419 155 520 212 957

1546 155 1829 214 CONTRA
1864 156 2255 225 EUNOMlUM,
2285 160 2415 214 [ΑΒ.
2455 160 2570 215 XII.

3581 167 3685 226 933

419 272 586 328 amni
619 272 676 326 δέ
709 271 998 344 νοούμενον
1025 269 1236 341 ἀγαθῷ.
1269 270 1499 337 Πάντως
1517 290 1572 326 τι
1599 272 1838 326 τοιοῦτόν
1862 274 1989 326 ἐστι’

2114 278 2173 324 ut
2214 273 2584 342 cognitionem
2636 270 2979 338 evidentem,
3033 273 3180 342 quod
3241 289 3407 344 super
3464 289 3682 332 omnem

415 358 530 419 οἷον
567 364 709 434 λέγω
737 381 793 416 τε
821 365 1056 434 ἄρρητον
1095 358 1256 430 εἶναι,
1290 364 1384 417 καὶ
1413 365 1692 434 λογισμοῖς
1739 366 2002 418 ἀνεπίϐα-

416 473 510 511 τον
537 456 592 510 δὲ
625 456 772 509 ὄντα.
804 455 992 508 Τοίνυν
1025 455 1205 520 πάσας
1233 456 1331 526 μὲν
1363 456 1462 519 τάς
1500 458 1768 528 ἀπρεπεῖς
1789 457 2001 521 ἐννοίας

417 549 476 602 ἐν
504 551 569 618 τῇ
601 549 726 618 περὶ
764 549 860 617 τῆς
899 547 1048 612 Θείας
1082 549 1294 618 φύσεως
1328 546 1596 618 ὑπολήψει
1618 548 1710 601 τοῦ
1739 548 2000 602 διδασκά-

413 637 506 690 λου
542 638 696 709 ἡμῶν
740 639 1220 712 ἀποκαθήραντος’
1253 642 1360 694 πᾶν
1399 640 1456 694 δὲ
1500 641 1624 694 ὅσον
1660 639 1905 710 εύφημόν
1936 657 1998 692 τε

412 727 505 780 καὶ
541 728 841 799 θεοπρεπὲς
861 732 988 800 περὶ
1016 730 1183 802 αὐτὴν
1215 734 1351 784 νοεῖν
1381 729 1882 800 συμϐουλεύσαντος
1903 729 1996 781 καὶ

411 819 742 894 διδάξαντος,
774 823 851 886 ὡς
899 823 1023 877 οὔτε
1067 842 1119 878 τι
1154 824 1260 877 τῶν
1291 823 1567 894 φθαρτῶν,
1600 820 1723 875 οὔτε
1765 822 1874 876 τῶν
1910 820 2000 875 διὰ

411 911 677 978 γενέσεως
706 913 786 976 εἰς
818 913 880 966 τὸ
903 910 1042 969 εἷναι
1073 915 1461 985 παρηγμένων,
1485 913 1546 966 τὸ
1579 913 1794 984 πρῶτον
1821 914 1997 967 αἴτιόν

409 1001 586 1054 ἐστιν·
621 1001 756 1056 ἀλλὰ
804 1003 986 1071 πάσης
1026 1003 1278 1073 τοιαύτης
1325 1001 1578 1064 ὑπονοίας
1622 1001 1726 1067 ἔξω
1767 1002 1990 1054 νοεῖται.

421 1091 516 1144 Ἐκ
545 1093 601 1145 δέ
630 1095 730 1165 τῆς
759 1097 1040 1167 ἀρνήσεως
1071 1096 1180 1148 τῶν
1211 1094 1287 1166 μὴ
1317 1094 1628 1165 προσόντων
1658 1095 1750 1147 καὶ
1789 1096 1853 1147 ἐκ
1893 1094 1993 1164 τῆς

407 1183 696 1252 ὁμολογίας
723 1186 832 1239 τῶν
877 1185 1116 1249 εὐσεϐῶς
1158 1185 1286 1254 περὶ
1335 1183 1497 1237 αὑτοῦ
1548 1184 1871 1254 νοουμένων,
1907 1185 1990 1238 ὅτι

407 1273 543 1340 ἔστι,
571 1277 1065 1348 καταλαμϐάνεται.

2105 364 2385 417 scientiam
2411 365 2503 427 sit,
2531 361 2586 415 id
2613 363 2755 432 quod
2788 364 3065 432 qumritur,
3093 372 3338 419 statuens
3367 383 3381 419 :
3414 381 3538 420 nam
3567 385 3686 438 qua:

2099 454 2443 508 dissentanea
2495 460 2642 517 sunt,
2685 470 2786 508 nec
2832 456 2885 508 i-n
2927 455 3166 509 divinam
3208 464 3457 510 naturam
3491 459 3686 512 cadere

2100 552 2355 613 possunt,
2395 544 2663 597 intellexit
2696 560 2708 596 :
2743 553 2796 598 et
2850 561 3192 614 qumcunque
3231 547 3302 600 de
3363 548 3481 615 ipsa
3535 550 3688 602 decet

2099 637 2334 706 Opinari,
2370 652 2479 690 nun
2511 639 2684 692 novit.
2715 635 2834 690 Non
2865 647 3044 692 tamen
3068 638 3214 691 illam
3244 638 3418 707 ipsam
3438 655 3684 708 quaenam

2099 728 2171 782 sit
2202 727 2268 782 de
2323 743 2427 797 qua
2465 729 2578 782 haec
2608 730 2821 784 ratione
2859 730 3068 800 colligit
3121 732 3443 800 conspicere
3474 731 3682 801 potuit;

2099 819 2193 873 sed
2217 834 2282 873 ex
2306 835 2495 874 eorum
2523 835 2643 889 quae
2671 819 2877 883 insunt,
2907 827 2960 876 et
2991 835 3112 890 quae
3139 835 3247 875 non
3285 821 3476 876 insunt
3497 823 3686 894 cogni-

2097 912 2247 966 tione
2280 911 2452 977 novit,
2489 911 2638 980 quod
2675 912 2848 966 solum
2884 912 3053 966 videri
3092 921 3292 981 potest.
3337 912 3493 979 Quod
3527 914 3685 984 longe

2095 1002 2312 1071 quidem
2350 1005 2418 1058 ab
2450 1004 2602 1056 omni
2655 1004 2798 1059 malo
2839 1003 3108 1058 ﬁrmatum
3145 1013 3228 1059 est
3269 1025 3280 1059 :
3314 1007 3368 1059 in
3401 1007 3549 1061 omni
3587 1023 3684 1060 au-

2099 1105 2203 1148 tem
2239 1094 2381 1147 bono
2424 1094 2765 1166 intelligitur.
2814 1095 2967 1161 Quod
3023 1097 3245 1167 quidem
3307 1102 3532 1154 omnino
3579 1101 3684 1156 tale

2099 1192 2204 1247 est,
2260 1185 2420 1254 quale
2458 1184 2584 1238 dico
2645 1185 2934 1251 ineﬂ‘abile,
2971 1197 3024 1242 et
3057 1191 3328 1244 rationum
3387 1194 3681 1246 momentis

2100 1275 2655 1348 incomprehensibile
2681 1286 2735 1332 et
2769 1279 3147 1335 inaecessibile
3177 1297 3318 1336 esse.
3344 1280 3481 1336 Cum
3516 1284 3680 1353 igitur

406 1385 599 1426 omnes
663 1371 954 1426 indecoras
985 1373 1238 1428 notiones
1277 1386 1414 1442 quas
1484 1371 1541 1424 in
1596 1369 1778 1424 divina
1834 1377 2031 1423 natura
2071 1369 2286 1423 animus
2321 1379 2505 1439 posset
2543 1369 2836 1440 su5picari,
2870 1371 3128 1442 magister
3156 1380 3210 1427 et
3244 1373 3435 1427 doctor
3499 1384 3687 1430 noster

407 1465 816 1535 perpurgaverit
859 1485 872 1521 :
921 1466 1287 1536 quodcunque
1347 1481 1477 1521 vero
1526 1463 1871 1536 praedicabile
1929 1473 1978 1520 et
2017 1464 2291 1520 laudabile
2327 1464 2544 1536 Deoque
2585 1468 2841 1522 decorum
2911 1467 2965 1521 in
3037 1468 3154 1538 ipsa
3204 1469 3507 1539 intelligere
3557 1485 3684 1526 con-

407 1558 642 1613 suluerit
687 1568 743 1615 et
788 1562 1056 1629 docuerit,
1098 1563 1171 1616 ita
1207 1571 1266 1618 ut
1309 1577 1484 1633 neque
1539 1561 1982 1632 corruptibilium
2018 1563 2334 1632 quidquam,
2376 1579 2554 1634 neque
2586 1579 2771 1619 eorum
2807 1580 2926 1634 quae
2992 1581 3086 1634 per
3155 1567 3556 1637 generationem
3625 1568 3678 1623 in

406 1667 588 1711 rerum
613 1659 860 1710 naturam
893 1655 1158 1725 producta
1191 1661 1340 1720 sunt,
1371 1655 1545 1726 prima
1576 1669 1742 1710 causa
1774 1655 1865 1719 sit,
1942 1655 2036 1710 sed
2111 1665 2262 1710 extra
2316 1673 2513 1711 nomen
2579 1659 2737 1712 talem
2786 1658 3148 1729 suspicionem
3199 1667 3253 1714 et
3298 1662 3677 1732 cogitationem

407 1744 750 1813 intelligitur.
812 1746 988 1815 Atque
1028 1761 1094 1800 ex
1149 1747 1434 1817 negatione
1480 1762 1670 1802 eorum
1715 1761 1837 1816 qua:
1889 1760 1997 1801 non
2036 1745 2244 1811 insunt,
2286 1758 2339 1803 et
2367 1765 2432 1804 ex
2484 1748 2839 1805 adirmatione
2887 1767 3071 1805 eorum
3147 1767 3268 1821 qua:
3308 1753 3393 1822 pie
3452 1754 3519 1810 de
3565 1756 3678 1826 ipso

406 1836 812 1908 intelliguntur,
845 1840 972 1907 quia
1013 1848 1118 1903 est,
1149 1841 1653 1910 comprehenditur.

473 1935 723 2005 Μάχεται
749 1939 862 1998 τοῖς
893 1937 1201 2008 εἰρημένοις
1231 1939 1259 1990 ὁ
1303 1937 1526 2008 σφοδρὸς
1556 1936 1694 1989 κατὰ
1727 1936 1828 2004 τῆς
1856 1936 1983 2005 άλη-
2015 1941 2056 1995 Β

403 2023 558 2086 θείας
589 2026 914 2097 ἀγωνιστὴς,
940 2029 1032 2081 καὶ
1061 2026 1309 2097 βούλεται
1339 2027 1430 2080 τὸν
1458 2027 1658 2080 τοιόνδε
1687 2025 1779 2079 τοῦ
1812 2026 1988 2097 ῥήμα-

403 2135 496 2180 τος
520 2113 671 2188 ἦχον,
706 2118 805 2190 τὴν
831 2123 929 2189 τῆς
960 2119 1287 2190 ἁγεννησίας
1317 2119 1460 2187 λέγω
1497 2119 1702 2188 φωνὴν,
1731 2116 1988 2187 ἐμφανῶς

403 2209 675 2264 δεικνύναι
705 2211 966 2286 τοῦιθεοῦ
1004 2211 1102 2282 τὴν
1129 2213 1338 2266 οὐσίαν.
1373 2211 1562 2264 Καίτοι
1596 2211 1756 2262 παντὶ
1787 2209 1988 2279 πρόδη-

406 2298 498 2352 λον
523 2299 600 2369 τῷ
635 2317 700 2367 γε
741 2301 976 2372 μετρίως
1011 2302 1409 2372 ὲπεσκεμμὲνῳ
1447 2301 1543 2364 τὰς
1572 2299 1681 2352 τῶν
1710 2300 1988 2371 ὀνομάτων

408 2388 648 2457 χρήσεις,
679 2389 758 2442 ὅτι
785 2391 819 2460 ἡ
851 2390 1124 2463 ἀφθαρςία
1150 2391 1236 2444 διὰ
1261 2390 1352 2444 τοῦ
1386 2390 1742 2459 ἁφαιρετικοῦ
1771 2391 1984 2461 μορίου,

407 2478 469 2531 τὺ
517 2479 678 2550 μηδὲν
717 2480 919 2535 τούτων
962 2487 1241 2554 προσεῖναι
1274 2483 1351 2554 τῷ
1394 2482 1532 2553 Θεῷ,
1569 2484 1706 2553 μήτε
1759 2483 1986 2554 φθορὰν,

411 2571 548 2640 μήτε
581 2571 832 2644 γέννησιν
876 2575 1263 2646 ἀποσημαίνει.
1325 2575 1478 2628 Ἐπεὶ
1514 2576 1608 2629 καὶ
1647 2575 1784 2630 ἄλλα
1821 2574 1989 2628 πολλὰ

404 2660 513 2714 τῶν
538 2662 814 2730 ὀνομάτων
841 2664 1135 2734 ὁμοφώνως
1165 2665 1434 2736 λεγόμενα
1457 2667 1556 2736 τὴν
1578 2665 1866 2736 ἀφαίρεσιν
1893 2663 1986 2717 τοῦ

409 2752 484 2822 μὴ
531 2753 844 2822 προσόντος,
880 2755 944 2806 ού
975 2757 1074 2825 τὴν
1116 2755 1260 2808 θέσιν
1305 2756 1397 2808 τοῦ
1434 2756 1582 2819 ὄντος
1616 2756 1946 2810 ἐνδείκνυται
1970 2773 1984 2786 ο

404 2840 469 2894 τδ
497 2840 700 2896 ἄκακον
729 2843 820 2895 καὶ
861 2843 1068 2896 ἄλυπον
1097 2845 1190 2896 καὶ
1230 2844 1500 2913 ἁπόνηρον
1529 2883 1543 2905 ,
1587 2845 1680 2896 καὶ
1720 2845 1988 2914 ἀτάραχον

405 2934 503 2988 καὶ
532 2933 823 3005 ἀόργητον,
848 2935 1076 2999 ἀπαθὲς,
1107 2935 1488 3005 ἀνεπίληπτον,
1509 2935 1600 2998 καὶ
1619 2936 1720 2987 ὅσα
1744 2935 1986 2989 τοιαῦτα.

405 3023 640 3091 Λέγεται
672 3025 770 3094 μὲν
807 3027 900 3080 καὶ
936 3025 1148 3096 ἀληθῶς
1189 3026 1394 3090 ταῦτα,
1427 3027 1520 3080 καὶ
1551 3022 1662 3079 οἷον
1693 3025 1990 3094 κατάλογός

403 3131 488 3177 τις
517 3109 587 3185 ἦν
629 3116 723 3168 καὶ
754 3117 1130 3188 ἁπαρίθμησις
1160 3117 1266 3170 τῶν
1300 3117 1436 3186 πρὸς
1467 3117 1527 3170 τὸ
1553 3119 1734 3187 χεῖρον
1765 3117 1989 3188 νοουμέ-

406 3223 532 3270 νων,
564 3199 641 3261 ὧν
672 3206 735 3261 τὸ
752 3211 906 3268 Θεῖον
941 3208 1286 3280 κεχώρισται.
1319 3209 1392 3260 Οὐ
1423 3209 1532 3278 μήν
1560 3225 1612 3260 τι
1648 3208 1774 3277 περὶ
1812 3203 1871 3261 οὗ
1899 3208 1991 3261 λέ-

2160 1931 2259 1986 llic
2289 1941 2470 1986 tamen
2505 1931 2792 1988 vehemens
2820 1933 3062 1989 veritatis
3106 1944 3468 2007 oppugnator,
3515 1941 3677 2000 dictis

2090 2025 2406 2086 reluctatur,
2442 2034 2604 2094 atque
2639 2025 2752 2077 vult
2792 2024 2950 2079 talem
2982 2027 3271 2082 verborum
3326 2033 3542 2098 sonuin,
3586 2051 3682 2090 vo-

2091 2129 2206 2169 cem
2239 2116 2336 2185 τῆς
2362 2115 2686 2186 ἀγεννησίας
2721 2115 2862 2180 dico,
2896 2117 2988 2171 Dei
3031 2121 3324 2175 essentiam
3391 2125 3677 2182 manifeste

2099 2206 2500 2262 demonstrare.
2539 2209 2608 2262 At
2637 2209 2811 2263 cuivis
2845 2211 3190 2280 perspicuum
3226 2222 3278 2266 et
3322 2213 3551 2282 clarum,
3582 2213 3672 2288 qui

2095 2299 2448 2354 mediocriter
2471 2316 2602 2354 usus
2621 2302 2900 2354 nominum
2927 2303 3306 2371 considerarit,
3326 2307 3468 2375 quod
3497 2307 3677 2364 incor-

2090 2391 2424 2459 ruptibilitas
2457 2407 2552 2461 per
2586 2393 2906 2460 privativam
2941 2395 3289 2462 particulam,
3317 2397 3451 2451 nihil
3485 2413 3674 2455 eorum

2095 2479 2202 2535 Deo
2229 2480 2438 2547 adesse,
2488 2498 2664 2551 neque
2695 2483 2997 2550 interitum,
3031 2501 3206 2555 neque
3243 2496 3421 2542 ortum
3469 2490 3676 2560 signiﬁ-

2090 2580 2198 2625 cat.
2225 2572 2491 2636 Quoniam
2521 2581 2572 2627 et
2607 2573 2712 2627 alia
2753 2575 2922 2627 multa
2957 2577 3176 2630 nomina
3209 2593 3328 2647 quae
3357 2579 3520 2634 simili
3551 2597 3676 2638 voce

2089 2665 2365 2728 dicuntur,
2418 2665 2839 2722 abstractionem
2874 2669 2992 2737 ejus
3021 2669 3163 2737 quod
3216 2685 3324 2724 non
3359 2672 3522 2734 inest,
3558 2690 3669 2730 non

2091 2753 2413 2822 positionem
2446 2754 2566 2822 ejus
2594 2756 2738 2824 quod
2795 2766 2879 2811 est
2935 2758 3249 2813 ostendunt.
3299 2760 3431 2814 Illud
3477 2780 3673 2834 nempe

2089 2842 2353 2897 innocens
2382 2849 2436 2896 et
2475 2843 2806 2899 immtBstum
2841 2857 2895 2901 et
2947 2848 3268 2914 innocuum,
3305 2852 3673 2924 imperturba-

2087 2938 2226 2995 tum,
2263 2933 2586 2999 impatibile,
2621 2935 3170 3004 incomprehensibile
3201 2947 3255 2996 et
3278 2943 3381 2996 alia
3434 2945 3487 2999 id
3517 2962 3678 3015 gene-

2091 3021 2166 3076 ris
2188 3063 2201 3086 ,
2253 3025 2508 3076 dicuntur
2541 3026 2759 3094 quidem
2796 3043 2922 3082 vere
2951 3029 3087 3093 lucc,
3122 3039 3174 3084 et
3201 3032 3350 3086 velut
3396 3037 3675 3107 catalogus

2091 3111 2309 3180 quidam
2359 3123 2499 3167 esset
2539 3122 2592 3167 et
2653 3117 2899 3170 recensio
2948 3133 3134 3172 eorum
3183 3136 3303 3190 qua:
3336 3122 3388 3176 in
3435 3124 3675 3181 deterius

2093 3202 2495 3274 intelliguntur,
2528 3220 2557 3258 a
2591 3206 2790 3274 quibus
2823 3205 3029 3261 Numen
3081 3220 3387 3280 separatum
3423 3222 3524 3271 est.
3558 3216 3677 3275 Non

403 3315 560 3364 γεται
601 3299 690 3354 διὰ
719 3302 827 3354 τῶν
857 3302 1134 3372 ὀνομάτων
1164 3304 1191 3354 ὁ
1219 3300 1373 3369 λόγος
1404 3300 1751 3370 παρίστησιν.
1782 3300 1846 3353 Τί
1889 3300 1986 3370 μὲν

2097 3303 2278 3349 tamen
2301 3296 2428 3365 quid
2464 3298 2558 3360 sit,
2587 3296 2637 3349 id
2673 3295 2737 3350 de
2759 3312 2866 3365 quo
2897 3297 3173 3367 dicuntur,
3211 3303 3434 3372 perhaec
3456 3310 3676 3363 nomina

407 3389 515 3461 γὰρ
562 3393 658 3462 οὐχ
688 3393 869 3462 ὑγιὲς,
911 3393 979 3446 δι’
1021 3387 1094 3447 ὧν
1133 3393 1444 3462 ἠκούσαμεν
1482 3392 1876 3462 ἐδιδάχθημεν;
1921 3391 1985 3443 Τί

405 3483 668 3549 δέ’ἐστιν,
719 3487 751 3555 ή
797 3485 904 3538 τῶν
937 3485 1239 3555 εἰρημένων
1268 3485 1369 3538 οὐκ
1403 3482 1698 3547 ἐνεδείξατο
1738 3483 1980 3552 δύναμις.

410 3574 618 3646 Ὠσπερ
649 3575 756 3648 γάρ
783 3576 937 3638 εἴτις
966 3576 1094 3646 περὶ
1120 3576 1219 3646 τῆς
1241 3575 1334 3629 τοῦ
1360 3575 1646 3647 ἀνθρώπου
1677 3575 1888 3644 φύσεως
1911 3576 1986 3626 εἱ-

405 3666 532 3718 πεῖν
561 3683 612 3717 τι
637 3664 824 3729 θέλων,
845 3667 917 3719 -τὸ
945 3669 1081 3736 μήτε
1113 3666 1315 3736 ἄψυχον
1348 3665 1516 3733 λέγει,
1548 3667 1684 3735 μήτε
1726 3664 1984 3734 ἀναίσθη-

407 3772 520 3820 τον,
554 3756 689 3825 μήτε
724 3756 956 3825 πτηνὸν,
999 3755 1133 3826 μήτε
1164 3755 1467 3825 τετράπουν
1487 3794 1502 3818 ,
1542 3755 1616 3825 μὴ
1644 3754 1893 3824 ἔνυδρον,
1924 3754 1986 3807 τὸ

412 3844 512 3914 μὲν
556 3843 614 3897 ὂν
661 3845 759 3898 οὐκ
790 3843 1120 3911 ἐνεδείξατο·
1162 3844 1223 3897 τὸ
1249 3844 1304 3897 δὲ
1338 3844 1412 3915 μὴ
1440 3844 1498 3896 ὃν
1531 3843 1844 3914 διεσάφησε,
1893 3843 1987 3896 καὶ

406 3935 532 3989 οὔτε
575 3936 826 4006 ψεύδεται
867 3935 1039 3990 ταῦτα
1089 3935 1348 4007 περὶτοῦ
1401 3933 1688 4007 ἀνθρώπου
1739 3932 1983 3999 διεξιὼν,

407 4027 534 4082 οὔτε
562 4029 747 4098 σαφῶς
775 4030 836 4083 τὸ
870 4029 1226 4100 ὑποκείμενον
1257 4028 1547 4082 δείκνυσιν.
1585 4027 1742 4080 Κατὰ
1773 4027 1862 4079 τὸν
1891 4026 1987 4080 αύ-

406 4122 499 4174 τὺν
525 4121 681 4188 λόγον
717 4120 922 4174 πολλῶν
958 4120 1211 4173 τοιούτων
1243 4120 1371 4192 περί
1394 4120 1492 4191 τὴν
1525 4118 1674 4171 θείαν
1700 4117 1859 4187 φύσιν
1896 4119 1984 4172 λε-

405 4212 674 4282 γομένων,
709 4215 766 4267 ἐν
794 4207 874 4276 οἷς
907 4213 1012 4284 χρὴ
1041 4212 1132 4265 τὸν
1165 4213 1296 4266 Θεὸν
1323 4213 1566 4265 ὑπονοεῖν
1603 4206 1740 4264 εἶναι
1776 4211 1986 4282 μανθά-

407 4323 572 4376 νομεν
597 4323 610 4337 ’
645 4306 778 4360 αὐτὸ
806 4306 861 4358 δὲ
889 4306 918 4358 ὃ
945 4306 996 4358 τί
1029 4323 1157 4359 ποτε
1186 4301 1252 4375 ἦν
1291 4306 1408 4359 κατ’
1444 4303 1630 4358 οὐσίαν
1657 4303 1745 4356 διὰ
1773 4303 1880 4356 τῶν
1911 4305 1988 4358 εί-

408 4397 662 4469 ρημένων
687 4398 745 4450 ού
777 4396 1158 4466 διδασκόμεθα.
1195 4395 1490 4465 Φεύγοντες
1526 4395 1582 4448 δὲ
1611 4395 1772 4448 παντὶ
1801 4393 1986 4464 τρόπῳ

407 4489 518 4542 τῶν
538 4489 752 4543 ἀτόπων
770 4489 930 4542 τινῶν
958 4489 1240 4558 νοημάτων
1259 4489 1316 4540 ἐν
1339 4491 1458 4550 ταῖς
1489 4488 1614 4557 περὶ
1642 4484 1775 4540 Θεοῦ
1805 4485 1987 4551 δόξαις

409 4581 809 4651 συνενεχθῆναι,
831 4580 1052 4642 πολλαῖς
1078 4580 1172 4632 καὶ
1202 4577 1473 4641 ποικίλαις
1499 4577 1836 4648 ἐπωνυμίαις
1862 4575 1984 4630 κατ’

2092 3403 2274 3442 sermo
2329 3388 2605 3458 exprimit.
2659 3387 2797 3454 Quid
2827 3389 2969 3442 enim
3022 3407 3131 3445 non
3185 3410 3399 3462 sanum,
3438 3413 3533 3468 per
3559 3417 3677 3470 qua:

2089 3481 2398 3534 audivimus
2437 3481 2614 3535 edocti
2668 3483 2900 3537 sumus?
2945 3481 3084 3548 Quid
3138 3496 3319 3541 autem
3342 3492 3432 3552 sit,
3484 3507 3672 3548 eorum

2089 3587 2208 3638 qua:
2252 3579 2382 3626 sunt
2433 3571 2577 3626 dicta
2617 3572 2697 3626 vis
2729 3589 2836 3625 non
2874 3574 3154 3628 iudicavit.
3193 3577 3672 3642 Quemadmodum

2087 3664 2231 3716 enim
2263 3663 2308 3717 si
2340 3663 2461 3732 quis
2495 3661 2561 3717 de
2594 3664 2826 3719 hominis
2866 3674 3062 3720 natura
3102 3668 3286 3724 dicere
3337 3672 3541 3741 aliquid
3573 3690 3672 3728 cu-

2089 3753 2245 3823 piens
2275 3793 2288 3816 ,
2323 3770 2498 3823 neque
2529 3754 2826 3809 inanimum
2865 3757 3030 3822 dicat,
3063 3775 3238 3830 neque
3268 3778 3429 3818 sensu
3458 3781 3673 3831 carens,

2089 3860 2268 3914 neque
2302 3846 2544 3909 volucre,
2583 3862 2759 3916 neque
2799 3848 3140 3918 quadrupes,
3197 3868 3372 3922 neque
3404 3858 3673 3925 aquatile;

2095 3935 2238 4005 quod
2269 3936 2488 4004 quidem
2514 3945 2597 3991 est
2635 3953 2742 3990 non
2785 3939 3200 4007 demonstravit,
3242 3943 3336 3998 sed
3389 3947 3532 4015 quod
3565 3964 3674 4002 non

2087 4037 2171 4082 est
2198 4027 2527 4096 explanavit,
2553 4044 2728 4098 neque
2757 4031 3015 4083 mentitur
3044 4030 3153 4085 lucc
3176 4033 3242 4086 de
3273 4034 3488 4091 homine
3515 4053 3674 4092 enar-

2087 4133 2237 4184 rans,
2287 4133 2465 4187 neque
2519 4127 2700 4173 tamen
2756 4121 2903 4176 clare
2955 4123 3259 4190 subjectum
3313 4124 3671 4184 demonstrat.

2087 4207 2287 4263 Eadem
2321 4209 2729 4263 ratione'multa
2783 4212 2909 4264 talia
2942 4227 3066 4266 cum
3108 4213 3288 4266 divina
3337 4226 3533 4270 natura
3592 4217 3676 4271 di-

2086 4307 2307 4363 cuntur,
2334 4315 2396 4353 ea
2431 4300 2484 4352 in
2513 4299 2712 4369 quibus
2760 4300 2925 4354 Deum
2953 4317 3076 4357 esse
3101 4303 3314 4372 opinari
3337 4317 3550 4375 oportet
3583 4309 3666 4362 di--

2087 4390 2292 4444 scimus
2325 4408 2337 4443 :
2374 4391 2550 4458 ipsum
2585 4399 2790 4458 autem,
2813 4392 2943 4460 quid
2992 4394 3212 4448 tandem
3257 4406 3342 4450 est
3372 4399 3670 4454 secundum

2086 4480 2404 4542 essentiam,
2468 4495 2565 4550 per
2595 4481 2740 4535 dicta
2785 4499 2893 4536 non
2939 4483 3222 4539 docemur.
3251 4485 3540 4557 Fugientes
3572 4507 3672 4545 au-

2087 4579 2194 4624 tem
2237 4571 2385 4624 omni
2422 4573 2678 4628 cautione
2709 4573 2976 4630 absurdas
3031 4575 3244 4645 aliquas
3297 4579 3570 4644 notiones,
3617 4580 3672 4640 in

407 4671 572 4725 αὑτοῦ
602 4670 937 4742 κεχρήμεθα,
973 4669 1115 4722 κατὰ
1151 4667 1251 4740 τὴν
1287 4668 1395 4722 τῶν
1439 4667 1690 4721 ἐπινοιῶν
1726 4668 1986 4740 διαφοράν

2091 4663 2176 4718 his
2201 4679 2338 4732 quas
2382 4663 2582 4718 habere
2611 4665 2872 4721 debemus
2908 4666 2974 4721 de
3012 4665 3122 4722 Deo
3147 4669 3523 4740 Opinionibus,
3553 4675 3671 4726 ani-

405 4764 506 4825 τὶς
555 4762 923 4833 προσηγορίας
972 4761 1322 4832 ἁρμόζοντες.
1389 4759 1541 4812 Ἐπεὶ
1573 4759 1682 4829 γὰρ
1732 4758 1797 4811 ἂν
1833 4759 1985 4812 οὐδὲν

403 4857 577 4923 ϊνομα
607 4853 992 4925 περιληπτικὸν
1018 4856 1117 4923 τῆς
1146 4853 1294 4916 θείας
1317 4850 1600 4921 ἐξεύρηται
1627 4849 1840 4918 φύσεως
1866 4850 1985 4904 κατ’

407 4943 574 4998 αὐτοῦ
620 4945 711 4999 τοῦ
760 4945 1117 5014 ὑποκειμένου
1163 4941 1456 5014 προσφυῶς
1499 4943 1860 5012 τεταγμένον
1899 4942 1986 4996 διὰ

407 5037 566 5090 τοῦτο
591 5038 802 5101 πολλοῖς
831 5037 1089 5108 ὀνόμασιν
1118 5036 1347 5093 ἑκάστου
1384 5033 1524 5088 κατὰ
1550 5034 1839 5106 διαφόρους
1861 5036 1984 5088 ἐλπι-

409 5127 571 5190 6ολάς
607 5125 909 5190 ίδιάζουσάν
937 5143 1059 5182 τινα
1087 5125 1212 5195 περὶ
1239 5121 1405 5180 αὑτοῦ
1438 5120 1536 5192 τὴν
1566 5121 1772 5177 ἔννοιαν
1802 5123 1984 5176 ποιού-

413 5237 586 5290 μενοι,
620 5220 679 5272 τὸ
717 5220 870 5273 Θείον
908 5217 1404 5290 προσαγορεύομεν,
1435 5217 1500 5268 ἐκ
1537 5215 1636 5282 τῆς
1675 5216 1984 5281 πολυειὸοὖς

414 5312 506 5366 καὶ
528 5310 774 5378 ποικίλης
804 5327 876 5363 κα
887 5312 921 5361 τ’
949 5309 1112 5363 αὑτοῦ
1141 5308 1410 5380 σημασίας
1439 5305 1680 5375 ὀνόματὰ
1709 5323 1829 5358 τινα
1852 5305 1986 5377 πρὸς

410 5399 511 5468 τὴν
543 5399 866 5469 κατανόησιν
907 5398 1001 5451 τοῦ
1049 5397 1380 5468 ζητουμένου
1427 5395 1765 5466 θηρεύοντες.
1824 5398 1989 5467 Ἐρω-

410 5489 613 5550 τῶντες
639 5487 748 5560 γὰρ
767 5489 916 5559 ἡμᾶς
941 5488 1136 5549 αὐτοὺς
1157 5489 1248 5540 καὶ
1270 5484 1662 5549 διεξετάζοντες
1687 5487 1738 5539 τί
1758 5487 1818 5540 τὸ
1836 5487 1988 5540 Θεῖὁν

415 5585 549 5648 ἐστι,
579 5577 846 5656 διαφόρως
878 5576 1285 5650 ἀποφαινόμεθα
1305 5619 1317 5643 ,
1351 5570 1459 5632 οἷον
1494 5576 1552 5631 τὸ
1595 5577 1987 5650 ὑπερκείμενον

2091 4757 2195 4812 mis
2215 4757 2475 4820 inserere,
2505 4758 2689 4812 multis
2710 4767 2763 4813 et
2792 4759 2955 4814 variis
2973 4762 3390 4830 cognominibus
3416 4763 3467 4817 in
3497 4764 3670 4834 ipsum

2090 4847 2172 4901 usi
2225 4863 2448 4912 sumus,
2507 4850 2807 4904 secundum
2860 4851 3254 4921 cogitationum
3313 4855 3672 4912 differentiam

2088 4937 2477 5004 appellationes
2507 4941 3005 4995 accommodantes.
3039 4941 3314 5008 Quoniam
3374 4947 3518 5001 enim
3551 4945 3671 4998 nul-

2089 5029 2196 5080 lmn
2224 5042 2423 5083 nomen
2464 5031 2660 5086 divinae
2690 5041 2898 5087 natura:
2933 5037 3445 5104 comprehensivum
3483 5039 3670 5091 inven-

2087 5131 2201 5172 tum
2228 5128 2332 5182 est,
2369 5121 2512 5189 quod
2538 5121 2601 5175 ad
2630 5123 2803 5192 ipsius
2842 5125 3071 5194 subjecti
3111 5135 3363 5179 naturam
3393 5127 3670 5179 declaran-

2089 5209 2212 5262 dam
2254 5209 2322 5264 sit
2372 5211 2706 5274 ordinatum,
2771 5227 3057 5284 prepterea
3111 5216 3295 5268 multis
3353 5213 3668 5270 nominibus

2088 5305 2390 5358 secundum
2439 5304 2752 5361 diﬂerentcs
2801 5309 3078 5373 notiones,
3109 5308 3380 5374 eujusque
3432 5306 3667 5373 peculia-

2087 5409 2198 5450 rem
2250 5392 2542 5466 quamdam
2589 5398 2655 5452 de
2697 5413 2763 5452 eo
2812 5399 3084 5452 notionem
3129 5394 3414 5466 facientes,
3454 5392 3668 5450 Numen

2086 5487 2422 5554 appellamus
2457 5507 2469 5541 :
2517 5503 2583 5542 ex
2633 5487 2955 5540 multiformi
2999 5486 3258 5554 variaque
3301 5485 3368 5540 de
3398 5501 3463 5540 co
3498 5486 3670 5556 signi-

2088 5577 2339 5636 licatione
2375 5579 2440 5634 ad
2472 5579 2591 5648 ejus
2622 5577 2765 5646 quod
2801 5577 3068 5648 quaeritur
3109 5576 3470 5648 cognitionem
3512 5587 3668 5643 quas-
