4054 6152
524 227 627 283 959

1763 223 1821 277 Β.
1879 221 2208 279 οιιιοοῐιιι
2260 219 2555 277 NYSSENI

3636 224 3723 281 960

521 343 645 394 dam
697 340 1140 396 nomenclaturas
1187 348 1467 392 venantes.
1506 336 1909 407 lnterrogantes
1950 337 2090 391 enim

2198 336 2295 406 τῆς
2323 336 2431 388 τῶν
2472 334 2639 388 ὄντων
2671 331 2981 394 συστάσεως
3016 348 3078 385 τε
3111 330 3203 384 καὶ
3234 332 3559 403 διοικήσεως·
3586 336 3614 389 ὅ
3643 339 3723 394 ούκ

523 447 623 486 nos
654 433 803 502 ipsos
827 440 880 484 et
904 430 1304 499 perquirentes,
1338 426 1468 497 quid
1500 428 1571 481 sit
1597 426 1762 491 Deus,
1788 425 2098 480 diﬂ‘erenter

521 523 959 591 pronuntiamus,
995 521 1141 575 velut
1169 519 1317 590 quod
1343 527 1426 574 est
1454 534 1618 588 super
1647 518 2095 572 constitutionem

518 622 570 665 et
607 610 1135 665 administrationem
1162 626 1347 666 eorum
1374 625 1494 680 quae
1524 617 1651 663 sunt
1681 626 1694 673 ;
1726 608 1870 678 quod
1901 622 2007 660 non
2031 622 2096 661 ex

518 716 681 756 causa
738 704 1107 757 exsistentiam
1171 703 1353 766 habet,
1408 702 1503 757 sed
1562 700 1787 770 reliquis
1844 699 2096 753 omnibus

518 808 686 846 causa
712 807 812 846 cur
845 794 955 847 sint
985 795 1204 848 exsistit
1231 811 1244 859 ;
1278 795 1333 847 in
1354 809 1462 863 quo
1486 803 1639 848 ortus
1671 802 1723 845 et
1745 791 2094 861 principium,

518 884 775 939 interitus
810 892 863 937 ct
893 883 1013 938 ﬁnis
1046 901 1152 938 non
1188 893 1292 950 est,
1317 901 1492 955 neque
1526 886 1580 939 in
1614 884 1951 937 contrarium
1978 897 2099 936 mu-

516 976 670 1040 tatio,
705 991 881 1045 neque
908 978 1306 1045 praestantioris
1331 977 1658 1043 imminutio,
1695 991 1868 1045 neque
1892 976 2095 1029 tnalum

517 1070 573 1121 in
602 1084 668 1123 eo
700 1069 876 1122 locum
914 1070 1114 1123 habere
1170 1077 1369 1139 potest,
1408 1085 1595 1138 neque,
1636 1070 1838 1123 bonum
1879 1069 2093 1122 abesse.

515 1159 670 1223 Quod
692 1158 736 1211 si
767 1161 889 1228 quis
914 1160 1048 1214 tales
1068 1160 1291 1214 notitias
1314 1160 1627 1214 nominibus
1654 1160 1777 1213 velit
1796 1160 2095 1228 percipere,

515 1265 739 1305 necesse
783 1262 866 1305 est
908 1252 1130 1305 omnino
1180 1252 1332 1305 illum
1383 1250 1436 1303 in
1471 1251 1711 1306 deterius
1740 1252 2094 1305 mutationem

514 1358 623 1396 non
652 1343 955 1408 admittere,
987 1352 1041 1398 et
1100 1345 1437 1398 immutabile
1467 1354 1518 1399 et
1559 1344 1881 1398 invariabile
1920 1344 2097 1397 nomi-

514 1446 665 1486 nare.
702 1432 815 1487 lloc
849 1443 1029 1489 autem
1068 1434 1319 1489 videlicet
1355 1436 1592 1504 primum
1632 1435 1872 1489 universi
1902 1443 2094 1488 aucto-

516 1537 629 1575 rem
670 1532 723 1577 et
750 1539 970 1578 causam
1006 1524 1171 1579 Deum
1202 1542 1321 1580 esse
1345 1527 1546 1591 dicere,
1580 1525 1720 1581 idem
1744 1536 1827 1581 est
1850 1541 1913 1580 ac
1940 1527 2094 1596 inge-

518 1618 693 1670 nitum
728 1617 1019 1686 appellare,
1052 1625 1105 1671 et
1131 1618 1621 1687 ineorruptibilem,
1663 1617 1808 1687 quod
1840 1618 2093 1672 interitus

2199 427 2258 490 ἐξ
2280 425 2450 479 αἰτίου
2479 425 2576 494 τὴν
2613 422 2845 494 ὓπαρξιν
2870 423 2980 492 ἔχει
3000 438 3012 451 ·
3046 425 3159 486 τοῖς
3186 423 3239 476 δὲ
3261 423 3459 487 λοιποῖς
3485 426 3637 480 πᾶσιν
3653 431 3723 481 αῖ-

2197 534 2309 570 τιον
2338 514 2431 568 τοῦ
2460 511 2597 568 εἶναι
2626 512 2977 584 καθέστηκεν·
3005 514 3131 583 περὶ
3154 512 3182 565 6
3206 514 3447 585 γέννησις
3474 516 3560 567 καὶ
3586 518 3722 587 ἀρχὴ,

2198 608 2373 679 φθορά
2409 608 2501 661 καὶ
2536 606 2688 669 τέλος
2727 606 2827 658 οῦκ
2858 605 3035 669 ἔστιν,
3078 604 3201 657 οὔτε
3242 606 3376 673 πρὸς
3418 606 3476 659 τὸ
3521 610 3727 663 ἐναντίον

2197 699 2391 771 τροπὴ,
2424 697 2546 751 οὔτε
2575 697 2668 751 τοῦ
2702 698 3009 768 κρείττονος
3038 696 3244 765 ῦφεσις.
3284 696 3370 759 Ὣς
3415 699 3543 766 μήτε
3567 698 3621 751 τὸ
3647 716 3725 753 καο

2198 793 2291 846 κον
2321 794 2408 845 ἐπ’
2437 793 2588 861 αὐτῷ
2631 791 2813 862 χώραν
2842 790 2982 861 ἔχειν
3000 830 3014 854 ,
3048 793 3183 861 μήτε
3210 790 3269 843 τὸ
3300 790 3496 859 ἀγαθὸν
3523 792 3725 848 ἀπεῖναι.

2198 886 2259 937 Εἰ
2293 885 2349 937 δέ
2382 902 2460 947 τις
2494 884 2593 947 τὰς
2620 883 2875 946 τοιαύτας
2901 884 3107 945 ἐννοίας
3141 882 3362 953 ὀνόμασι
3387 884 3727 953 διαλαμϐάνειν

2197 977 2385 1041 ἐθέλοι,
2412 976 2624 1047 άνάγκη
2655 979 2803 1030 πᾶσα
2834 976 2895 1028 τὸ
2930 976 3026 1046 μέν
3059 974 3131 1045 μὴ
3164 974 3474 1046 προσίεσθαι
3501 976 3589 1047 τὴν
3617 979 3727 1048 πρὸς

2196 1067 2256 1120 τὸ
2285 1069 2462 1137 χεῖρον
2494 1065 2716 1137 τροπὴν,
2754 1064 3017 1135 ἄτρεπτόν
3047 1082 3104 1117 τε
3140 1065 3231 1117 καὶ
3264 1065 3601 1118 ἀναλλοίωτον
3631 1066 3727 1119 ὀνο-

2201 1159 2388 1229 μάσαι.
2431 1159 2504 1210 Τὸ
2537 1158 2592 1210 δὲ
2626 1157 2841 1228 πρῶτον
2876 1158 3046 1210 αἴτιον
3076 1156 3172 1208 τοῦ
3212 1155 3428 1220 παντὸς,
3478 1156 3726 1227 ἀγέννητον

2197 1253 2543 1324 προσειπεῖν·
2585 1250 2856 1324 ἄφθαρτον
2892 1250 2950 1303 δὲ
2994 1250 3054 1303 τὸ
3102 1249 3305 1319 φθορᾶς
3360 1248 3725 1319 ἀπαράδεκτον·

2195 1342 2256 1396 τὸ
2285 1342 2341 1394 δὲ
2374 1343 2452 1405 εἰς
2498 1340 2663 1412 μηδὲν
2706 1340 3009 1409 καταλῆγον
3048 1341 3238 1410 πέρας,
3286 1339 3542 1393 ἀθάνατόν
3572 1357 3623 1392 τε
3653 1340 3725 1393 καὶ

2197 1433 2573 1502 ἀτελεύτητον·
2610 1431 3019 1503 παντοκράτορα
3047 1430 3102 1483 δέ
3127 1430 3221 1483 τοῦ
3257 1430 3453 1492 παντὸς
3478 1427 3727 1499 ἐξηγούμε·

2198 1542 2305 1578 νον.
2342 1524 2450 1576 Kal
2477 1523 2618 1577 οῦτω
2646 1522 2812 1577 τᾶλλα
2845 1522 3019 1575 πάντα
3052 1520 3196 1574 κατὰ
3226 1520 3325 1583 τάς
3371 1519 3598 1582 εὐσεϐεῖς
3623 1520 3728 1571 ὑπο-

2196 1616 2383 1687 λήψεις
2428 1613 2965 1686 ὀνοματοποιοῦντες,
3008 1616 3127 1677 ταῖς
3159 1612 3265 1666 τῶν
3296 1611 3538 1665 ἐπινοιῶν
3576 1611 3727 1679 Gnaeo-

504 1720 690 1775 capax
726 1720 835 1758 non
867 1714 968 1770 est,
990 1706 1357 1760 immortalem
1382 1710 1559 1761 autem
1584 1715 1639 1762 et
1666 1707 2090 1769 indeiicicntem,

2198 1714 2317 1782 ραῖς
2350 1709 2523 1771 ἄλλως
2570 1709 2663 1761 καὶ
2700 1707 2873 1771 άλλως
2914 1704 3411 1777 προσαγορεύομεν,
3444 1703 3476 1773 ἢ
3514 1702 3723 1772 δύναμιν,

514 1800 659 1871 quod
701 1800 755 1854 in
789 1800 1001 1854 nullum
1032 1799 1247 1854 desinat
1293 1803 1609 1867 terminum,
1661 1801 2090 1871 omnipotentem

2195 1803 2223 1871 ἢ
2262 1801 2480 1871 κράτος,
2512 1800 2544 1869 ἢ
2578 1798 2907 1868 άγαθὸτητα,
2955 1797 2988 1867 ἢ
3031 1797 3093 1849 τὸ
3136 1795 3210 1867 μὴ
3241 1794 3301 1859 ἐξ
3344 1795 3509 1848 αἰτίου
3540 1789 3724 1856 civem}

514 1906 693 1950 autem
730 1896 873 1964 quod
905 1895 1161 1950 universo
1186 1896 1370 1965 praesit
1411 1905 1465 1950 et
1490 1897 1755 1966 imperet;
1788 1905 1840 1950 et
1877 1896 1958 1950 sic
1990 1895 2090 1948 alia

2195 1892 2254 1943 τὸ
2278 1894 2355 1953 εἰς
2387 1890 2473 1943 ἀεὶ
2500 1890 2795 1957 διαμένειν,
2834 1888 2921 1941 διά
2949 1887 3053 1941 τῶν
3085 1887 3368 1958 ὀνομάτων
3394 1886 3730 1957 σημαίνοντες.

514 1988 697 2041 omnia
731 1986 1025 2040 secundum
1059 1986 1178 2055 pias
1220 1986 1507 2054 opiniones
1553 1988 1775 2039 nomina
1822 1986 2124 2055 tingentes,
2164 1980 2466 2036 sccundutn
2512 1978 2846 2033 dilierentias
2889 1976 3287 2047 cogitationum
3312 1976 3466 2030 aliter
3492 1986 3633 2043 atque
3650 1972 3727 2025 ali-

515 2090 598 2133 ter
625 2093 1037 2148 nuncupamus;
1074 2079 1157 2133 vel
1192 2080 1510 2148 potentiam,
1543 2081 1625 2134 vel
1664 2081 1973 2150 imperium,
2018 2079 2103 2134 vel
2143 2077 2443 2133 bonitatem
2467 2113 2482 2138 ,
2516 2073 2602 2128 vel
2641 2073 2791 2143 quod
2829 2087 2937 2126 non
2971 2087 3037 2126 ex
3077 2085 3247 2127 causa
3288 2081 3392 2130 εει.
3427 2069 3505 2125 vel
3531 2068 3727 2140 quodin

516 2179 834 2241 perpetuum
868 2179 1167 2239 permanet,
1200 2186 1297 2240 per
1331 2173 1551 2225 nomina
1576 2172 1972 2242 signiﬁcantes.

585 2261 715 2315 Dico
766 2262 935 2330 igitur
989 2262 1154 2331 hujus
1207 2262 1490 2317 nominum
1554 2264 1792 2320 ﬁctionis
1847 2264 2095 2318 homines

515 2377 640 2417 esse
688 2362 967 2431 dominos,
1029 2377 1128 2432 pro
1181 2362 1408 2416 arbitrio
1455 2362 1773 2433 judicioque
1830 2363 2096 2432 cujusque

515 2460 906 2517 convenienter
939 2461 1332 2533 appellationes
1379 2463 1627 2533 subjecto
1672 2464 2094 2520 accommodan-

512 2569 619 2626 tes,
656 2562 903 2631 nihilque
933 2562 1234 2617 absurdum
1269 2579 1412 2630 esse,
1449 2565 1598 2635 quod
1624 2566 1846 2636 quidem
1881 2575 1939 2620 ut
1984 2565 2095 2621 for-

515 2662 772 2718 midabile
804 2673 857 2718 et
893 2664 1175 2732 horribile,
1231 2673 1290 2720 ut
1332 2682 1435 2721 nos
1483 2667 1758 2731 terriﬁcet,
1790 2668 1910 2735 {iste
1955 2668 2088 2722 scri-

515 2774 635 2835 ptor
674 2765 941 2829 obtendit,
997 2782 1194 2836 nempe
1227 2767 1562 2824 recentiores
1611 2769 1895 2823 nominum
1939 2770 2087 2840 posi-

515 2858 693 2912 tiones
741 2856 991 2911 confiteri
1038 2858 1090 2911 iu
1126 2860 1277 2912 onmi
1321 2875 1379 2913 re
1418 2876 1539 2929 quae
1566 2864 1990 2931 cognominatur
2032 2862 2088 2915 in

515 2956 634 3024 ipso
678 2953 826 3010 Deo:
861 2971 970 3010 non
1017 2957 1161 3011 enim
1195 2957 1524 3013 vocabulum
1578 2957 1720 3014 Deus
1766 2968 1868 3025 est,
1912 2975 2090 3030 neque

2261 2256 2407 2327 Φημὶ
2438 2254 2614 2309 τοίνυν
2650 2257 2748 2325 τῆς
2782 2252 3035 2324 τοιαύτης
3065 2254 3480 2325 ὀνοματοποιίας
3513 2254 3624 2316 τοὺς
3655 2253 3728 2306 άν-

2199 2347 2448 2421 θρώπους
2478 2343 2613 2401 εἶναι
2644 2347 2884 2418 κυρίους,
2919 2347 3059 2398 κατὰ
3086 2346 3147 2398 τὸ
3172 2347 3338 2415 φανὲν
3361 2347 3563 2416 ἑκάστῳ
3587 2361 3726 2415 προσ-

2192 2439 2340 2507 φυῶς
2387 2438 2795 2508 ἐφαρμόζοντας
2836 2437 2916 2507 τῷ
2976 2427 3322 2509 ύποκειμένῳ
3375 2438 3468 2501 τὰς
3524 2437 3722 2505 κλήσεις.

2192 2530 2301 2584 Καὶ
2330 2528 2492 2599 μηδὲν
2520 2529 2717 2582 ἄτοπον
2741 2524 2900 2592 εἶναι,
2924 2529 3060 2600 ὅπερ
3084 2529 3158 2592 ὼς
3184 2528 3416 2599 φοϐερόν
3441 2546 3492 2582 τι
3518 2528 3601 2581 κα)⁹
3620 2545 3723 2597 φριο

2192 2619 2363 2682 κῶδες
2394 2636 2494 2689 μορ
2503 2618 2889 2689 μολυττόμενος
2912 2621 2939 2672 6
2962 2618 3301 2689 λογογράφος
3327 2618 3655 2691 προτείνεται,
3676 2616 3725 2667 τὸ

2193 2710 2463 2780 νεωτέρας
2502 2706 2638 2764 εἶναι
2681 2712 2779 2773 τὰς
2824 2709 2933 2763 τῶν
2976 2710 3259 2781 ὀνομάτων
3293 2710 3467 2773 θέσεις
3491 2707 3725 2779 ὁμολογεῖν

2196 2804 2287 2858 ἐπὶ
2327 2802 2525 2866 παντὸς
2556 2800 2717 2855 αὐτοῦ
2758 2799 2851 2855 τοῦ
2894 2799 3400 2871 κατονομαζομένου
3432 2802 3722 2874 πράγματος,

2195 2894 2282 2945 ἐπ’
2322 2891 2484 2945 αὑτοῦ
2526 2890 2619 2943 τοῦ
2663 2889 2817 2945 Θεοῦ.
2859 2890 2931 2942 Ού
2971 2889 3077 2960 γὰρ
3111 2889 3269 2960 ῥῆμα
3301 2892 3329 2943 6
3364 2890 3507 2953 Θεὸς,
3542 2889 3646 2941 οὐδὲ
3680 2888 3724 2939 ἐν

2196 2985 2345 3054 φωνῇ
2376 2984 2469 3035 καὶ
2491 2981 2710 3050 φθόγγῳ
2736 2980 2847 3050 ἔχει
2873 2980 2931 3033 τὸ
2962 2976 3120 3033 εἶναι.
3154 2980 3298 3033 Ἀλλ’
3326 2983 3354 3034 6
3383 2981 3475 3050 μὲν
3501 2978 3617 3042 Θεὸς
3634 2979 3724 3029 ἐστι

515 3057 572 3111 in
600 3071 733 3110 voce
779 3066 832 3111 et
869 3072 1005 3111 sono
1049 3072 1172 3112 esse
1217 3057 1400 3113 habet.
1444 3058 1549 3113 Sed
1592 3058 1733 3114 Deus
1757 3060 1976 3129 quidem
2008 3068 2089 3116 est

2195 3076 2312 3128 καθ’
2337 3075 2546 3138 ἐαυτὸν,
2586 3074 2613 3126 ὃ
2650 3074 2848 3144 δήποτε
2885 3072 2977 3126 καὶ⁵
3006 3068 3144 3125 εἶναι
3172 3074 3572 3126 πεπίστευσται.
3610 3069 3724 3123 Ὀνο-

517 3170 612 3226 per
658 3156 895 3226 seipsum
920 3156 1066 3227 quod
1114 3157 1335 3227 quidem
1397 3175 1634 3230 unquam
1681 3176 1801 3216 esse
1851 3162 2095 3219 creditus

515 3262 599 3309 cst
633 3272 648 3308 :
678 3255 991 3309 nominatur
1046 3265 1228 3311 autem
1276 3259 1344 3313 ab
1385 3258 1471 3315 his
1521 3260 1613 3329 qui
1659 3260 1939 3329 invocant,
1982 3278 2094 3316 non

517 3347 695 3415 ipsum
742 3347 889 3417 quod
938 3356 1021 3403 est
1072 3348 1388 3417 (ineﬂ‘abilis
1419 3350 1562 3403 enim
1608 3359 1692 3405 est
1741 3361 1941 3406 natura
1975 3353 2095 3421 ejus

514 3439 607 3508 qui
636 3455 764 3494 vere
792 3439 917 3510 est),
951 3440 1044 3494 sed
1084 3456 1149 3494 ex
1194 3440 1279 3494 his
1311 3456 1431 3509 qua:
1460 3442 1675 3509 operari
1707 3450 1761 3495 et
1798 3443 2010 3498 ellicere
2038 3444 2094 3497 in

514 3531 625 3583 vita
679 3539 869 3585 nostra
916 3530 1162 3585 creditus
1193 3538 1299 3595 est,
1349 3532 1671 3600 cognomina
1715 3533 1898 3600 habet,
1934 3535 2094 3604 quale

515 3626 569 3671 et
600 3618 703 3671 hoc
736 3619 912 3687 ipsum
943 3618 1086 3687 quod
1134 3618 1188 3671 in
1236 3628 1489 3688 promptu
1519 3620 1757 3688 dicitur;
1794 3638 1916 3677 cum
1947 3624 2091 3678 enim

516 3708 685 3762 Deum
747 3709 927 3777 ipsum
973 3708 1232 3773 dicimus,
1278 3710 1641 3780 inspectorem
1689 3720 1743 3767 et
1791 3715 2095 3783 explorato-

517 3812 657 3859 rem,
713 3806 768 3851 et
828 3797 1273 3853 absconditorum
1332 3801 1705 3871 perspicacem
1757 3805 2091 3872 cognitorem

517 3896 955 3944 commentantes
1013 3905 1296 3946 vocamus.
1359 3892 1515 3957 Quod
1574 3896 1621 3949 si
1676 3897 2091 3965 operationibus

519 3982 671 4051 prior
704 3982 917 4037 exsistit
959 3984 1220 4048 essentia,
1273 3984 1630 4056 intelligimus
1673 3995 1852 4042 autem
1898 4005 2092 4059 opera-

518 4072 698 4128 tiones
747 4088 843 4142 per
886 4090 950 4130 ea
985 4090 1105 4144 quae
1146 4076 1432 4140 sentimus,
1493 4078 1676 4132 verbis
1715 4095 1844 4134 vero
1892 4083 2091 4150 quibus

516 4180 811 4237 possumus
873 4166 1259 4235 enuntiamus;
1316 4170 1440 4239 quis
1484 4171 1718 4238 amplius
1762 4171 2091 4241 relinquitur

516 4261 695 4308 metus
741 4256 965 4310 nomina
1019 4258 1327 4312 recentiora
1376 4269 1429 4314 et
1471 4258 1692 4327 juniora
1741 4262 1904 4316 rebus
1956 4263 2089 4332 ipsis

514 4344 730 4400 dicere?
767 4345 825 4399 Si
859 4346 1003 4402 enim
1050 4362 1161 4401 non
1194 4349 1346 4418 prius
1392 4349 1600 4419 aliquid
1638 4366 1827 4405 eorum
1856 4368 1976 4421 qua:
2021 4353 2090 4408 de

2200 3165 2429 3236 μάζεται
2485 3165 2542 3218 δέ
2598 3166 2749 3234 παρά
2805 3163 2914 3217 τῶν
2985 3164 3426 3235 ἐπικαλουμένων
3481 3164 3572 3216 οὐκ
3617 3161 3723 3215 αὐτὸ

2196 3258 2225 3311 ὃ
2253 3257 2396 3310 ἔστιν
2416 3273 2432 3288 ·
2467 3256 2741 3327 ἄφραστος
2772 3256 2880 3327 γὰρ
2920 3258 2953 3328 ἡ
3008 3255 3169 3326 φύσις
3217 3258 3314 3311 τοῦ
3351 3257 3526 3320 ὄντος·
3554 3255 3650 3309 ἀλλ’
3676 3252 3720 3317 ἐξ

2195 3342 2269 3402 ὧν
2330 3350 2570 3422 ἐνεργεῖν
2620 3366 2673 3401 τι
2725 3349 2855 3420 περὶ
2915 3348 3011 3419 τὴν
3061 3349 3206 3418 ζωὴν
3258 3332 3717 3420 ήμῶνπεπίστευται

2193 3440 2292 3502 τὰς
2318 3439 2633 3509 ὁμωνυμίας
2664 3437 2796 3508 ἔχει,
2826 3432 2936 3491 οἷον
2969 3438 3061 3491 καὶ
3092 3438 3228 3492 αὐτὸ
3265 3440 3437 3503 τοῦτο,
3467 3441 3523 3490 τδ
3560 3438 3614 3488 ἐκ
3646 3431 3718 3484 τοῦ

2193 3528 2486 3599 προχείρου
2512 3527 2802 3598 λεγόμενον
2825 3543 2838 3557 ⁶
2873 3527 3005 3581 Θεὸν
3043 3526 3153 3599 γὰρ
3181 3529 3349 3583 αὐτὸν
3379 3528 3622 3596 λέγοντες,
3648 3522 3718 3573 τὸν

2194 3618 2385 3687 ἔφορον
2417 3621 2511 3672 καὶ
2540 3620 2811 3689 ἐπὸπτην,
2859 3620 2953 3672 καὶ
2977 3619 3283 3689 διορατικὸν
3322 3620 3427 3673 τῶν
3455 3612 3717 3687 κεκρυμμέ-

2193 3728 2297 3764 νων
2333 3711 2701 3776 ἐπινοοῦντες,
2736 3710 3159 3782 ἐπικαλούμεθα.
3200 3713 3266 3765 Et
3302 3711 3359 3765 δὲ
3393 3708 3717 3781 προϋφέστηκε

2192 3802 2299 3855 τῶν
2328 3803 2615 3872 ἐνεργειῶν
2644 3806 2677 3873 ἠ
2712 3803 2888 3869 οὐσία,
2919 3803 3143 3874 νοοῦμεν
3169 3803 3229 3857 δὲ
3260 3804 3358 3868 τὰς
3391 3800 3639 3872 ἐνεργείας
3663 3796 3714 3847 δι’

2191 3887 2265 3949 ὧν
2292 3894 2679 3966 αἰσθανόμεθα,
2717 3896 2923 3966 ῥήμασι
2947 3896 3002 3948 δὲ
3029 3896 3175 3959 ὅπως
3204 3896 3274 3950 ἂν
3364 3893 3569 3948 δυνατὸν
3592 3891 3713 3955 ἐξαγ-

2191 3986 2449 4057 γέλλομεν
2468 4004 2482 4018 ·
2524 3987 2607 4050 τίς
2636 3987 2714 4040 ἔτι
2746 3987 3132 4041 καταλείπεται
3167 3989 3360 4057 φόϐος,
3391 3988 3606 4055 νεώτερα
3631 3980 3713 4033 τῶν

2193 4077 2532 4151 πραγμάτων
2557 4078 2624 4131 τά
2651 4078 2885 4147 ὀνόματα
2915 4078 3120 4147 λέγειν;
3163 4080 3227 4132 Εἰ
3261 4080 3367 4150 γὰρ
3399 4078 3468 4149 μὴ
3499 4075 3710 4147 πρότερον

2192 4170 2564 4239 ἐρμηνεύομέν
2594 4187 2646 4222 τι
2676 4170 2783 4222 τῶν
2820 4171 2948 4240 περὶ
2983 4168 3120 4222 θεοῦ
3158 4168 3457 4240 λεγομένων
3476 4208 3489 4233 ,
3522 4166 3629 4235 πρὶν
3660 4160 3710 4212 ἂν

2190 4259 2469 4328 νοήσωμεν
2491 4273 2502 4288 ’
2534 4256 2760 4327 νοοῦμεν
2790 4257 2846 4310 δὲ
2886 4257 2951 4310 δι’
2989 4252 3064 4311 ὧν
3101 4259 3165 4312 ἐκ
3206 4258 3314 4311 τῶν
3354 4252 3614 4328 ἐνεργειῶν
3646 4250 3707 4303 διο

2190 4348 2531 4419 δασκόμεθα,
2578 4348 2959 4419 προϋφέστηκε
2997 4348 3055 4401 δὲ
3090 4349 3187 4417 τῆς
3226 4348 3550 4420 ἐνεργείαςή
3587 4340 3708 4396 δύνα-

514 4434 626 4489 Deo
666 4436 928 4491 dicuntur
974 4439 1423 4508 interpretamur,
1464 4457 1626 4510 quam
1671 4444 1854 4497 animo
1885 4459 2083 4499 conce-

2195 4457 2312 4511 μις·
2343 4443 2376 4510 ἡ
2404 4440 2461 4493 δὲ
2500 4439 2729 4510 δύναμις
2766 4440 3056 4511 ἐξήρτηται
3092 4438 3185 4494 τοῦ
3230 4440 3374 4493 θείου
3403 4437 3705 4509 βουλήματος,

515 4523 780 4594 perimus,
818 4526 1173 4595 intelligimus
1221 4539 1400 4583 autem
1440 4546 1506 4584 ex
1557 4530 1641 4585 bis
1680 4532 2090 4601 Operationibus

514 4631 613 4686 per
652 4631 791 4685 quas
841 4617 1121 4681 docemur,
1170 4620 1428 4688 praecedit
1479 4628 1661 4675 autem
1716 4624 2089 4693 operationem

514 4706 708 4772 virtus,
741 4708 917 4763 virtus
939 4724 1069 4763 vero
1096 4710 1296 4778 pendet
1332 4726 1398 4765 ex
1434 4711 1622 4766 divina
1655 4713 1955 4777 voluntate,
1995 4730 2091 4769 vo-

514 4796 700 4851 luntas
732 4806 915 4853 autem
956 4800 1010 4853 in
1055 4809 1329 4869 potestate
1371 4802 1568 4857 divinae
1605 4812 1816 4859 natura:
1851 4808 2089 4877 reposita

512 4897 615 4942 est:
662 4902 840 4943 nonne
869 4890 1036 4958 igitur
1076 4892 1277 4947 diserte
1304 4893 1583 4960 docemur,
1621 4897 1768 4967 quod
1796 4899 1961 4955 rebus
1989 4899 2087 4953 ad-

513 4988 814 5034 nascantur
843 4994 1031 5034 eorum
1071 4998 1191 5052 qua:
1220 4985 1409 5040 insunt
1439 4987 1812 5056 signiﬁcativze
1856 4992 2088 5059 appella-

512 5072 713 5136 tiones,
760 5080 815 5126 et
850 5073 996 5126 velut
1038 5076 1245 5129 umbra:
1281 5092 1462 5132 rerum
1498 5087 1629 5133 sunt
1658 5095 1821 5135 voces
1867 5082 1933 5135 ad
1969 5097 2087 5135 mo-

511 5160 687 5215 tiones
721 5175 910 5215 eorum
939 5177 1059 5229 qua:
1092 5161 1145 5215 in
1186 5164 1321 5232 ipsis
1361 5169 1636 5222 exsistunt
1667 5169 1948 5237 liguratre?
1986 5171 2084 5223 At-

509 5268 616 5323 que
647 5253 760 5306 baec
800 5252 874 5305 ita
925 5267 1048 5307 esse
1076 5254 1223 5308 clare
1252 5259 1547 5323 persuadet
1576 5258 1757 5313 divina
1799 5259 2081 5328 Scriptura

510 5356 607 5410 per
652 5357 912 5411 magnum
970 5341 1259 5405 Davidem,
1324 5344 1417 5415 qui
1475 5345 1639 5399 veluti
1681 5363 1778 5416 per
1831 5350 2075 5417 quzedam

2188 4531 2248 4584 τὸ
2294 4530 2351 4583 δὲ
2392 4530 2635 4601 βούλημα
2680 4532 2739 4583 ἐν
2786 4535 2852 4603 τῇ
2898 4533 3114 4603 ἐξουσίᾳ
3156 4532 3255 4601 τῆς
3289 4532 3435 4595 θείας
3470 4529 3706 4583 ἀπόκειται

2188 4619 2429 4689 φύσεως·
2497 4616 2582 4693 ἆρ’
2606 4621 2666 4673 οὑ
2702 4622 2887 4690 σαφῶς
2915 4621 3292 4691 διδασκόμεθα,
3324 4622 3403 4674 ὄτι
3428 4617 3706 4686 ἐπιγίνονται

2188 4714 2301 4775 τοῖς
2324 4712 2643 4782 πράγμασιν
2685 4716 2741 4766 αἱ
2771 4715 3098 4784 σημαντικαὶ
3136 4713 3242 4767 τῶν
3274 4712 3555 4783 γινομένων
3578 4718 3706 4776 προσ·

2187 4802 2430 4871 ηγορίαι,
2457 4802 2551 4855 καὶ
2595 4802 2782 4874 ὥσπερ
2829 4804 2977 4856 σκιαὶ
3012 4804 3118 4857 τῶν
3155 4803 3485 4874 πραγμάτων
3519 4798 3635 4851 εἰσὶν
3661 4792 3703 4844 αι

2184 4893 2359 4960 φωναὶ
2391 4894 2522 4963 πρὸς
2545 4894 2643 4957 τὰς
2668 4896 2907 4965 κινήσεις
2937 4894 3045 4947 τῶν
3074 4894 3392 4963 ὑφεστώτων
3421 4882 3702 4961 σχηματιξ6·

2187 5001 2377 5054 μεναι;
2418 4985 2528 5037 Καὶ
2553 4986 2634 5037 ὅτι
2670 4985 2842 5040 ταῦτα
2887 4985 3058 5050 οῦτως
3090 4987 3236 5056 ἔχει,
3272 4986 3443 5037 πείθει
3490 4977 3650 5048 σαφῶς
3677 4974 3701 5040 ἡ

2185 5073 2303 5126 θεία
2331 5074 2521 5145 Γραφὴ
2549 5075 2636 5128 διὰ
2670 5076 2763 5129 τοῦ
2795 5076 3027 5146 μεγάλου
3060 5077 3239 5139 Δαϐὶδ,
3268 5075 3360 5129 τοῦ
3390 5072 3615 5137 καθάπερ
3635 5063 3703 5116 διά

2185 5182 2342 5218 τινων
2391 5167 2535 5219 ἰδίων
2583 5170 2675 5221 καὶ
2722 5168 3010 5240 προσφυῶν
3058 5168 3363 5238 ὀνομάτων,
3404 5164 3508 5217 τῶν
3537 5165 3592 5213 ἐκ
3626 5155 3702 5223 τῆς

2183 5258 2462 5326 ἐνεργείας
2493 5257 2639 5327 αὐτῷ
2679 5257 3008 5329 νοηθέντων,
3038 5259 3135 5331 τὴν
3165 5259 3309 5313 θείαν
3341 5256 3492 5325 φύσιν
3531 5254 3701 5305 ἀνακαυ

2180 5346 2415 5411 λοῦντος.
2445 5349 2769 5417 Οὶκτίρμων
2784 5348 2923 5419 γάρ,
2954 5351 3137 5420 φησὶν,
3169 5350 3263 5402 καὶ
3288 5346 3541 5413 ἐλεήμων
3561 5342 3589 5392 ὁ
3610 5333 3701 5390 Κὺο

511 5430 732 5497 propria
769 5438 822 5484 et
854 5438 1053 5497 agnata
1090 5432 1333 5495 nomina,
1375 5446 1495 5500 quae
1527 5431 1627 5501 ipsi
1666 5448 1730 5486 ex
1762 5435 2078 5501 operatione

2195 5456 2325 5504 710C:
2353 5441 2734 5509 ,ιιακρόθυμος
2762 5441 2860 5493 καὶ
2890 5440 3236 5505 πολυέλεος.
3273 5436 3450 5491 Ταῦτα
3487 5430 3639 5485 τοίνυν
3658 5420 3697 5473 τι

509 5520 731 5585 cognita
762 5528 941 5586 erant,
986 5522 1223 5575 divinam
1277 5528 1530 5575 naturam
1566 5523 1646 5577 sic
1680 5524 1933 5592 appellat.
1974 5524 2078 5578 Mi-

513 5608 756 5674 sericors,
799 5607 993 5679 inquit,
1040 5620 1088 5666 et
1124 5612 1402 5667 miseratur
1444 5612 1718 5682 Dominus,
1762 5614 2071 5685 lungmtimis

2178 5526 2422 5593 λέγουσιν
2468 5527 2746 5598 ἐνεργείας
2786 5528 2928 5599 ἔχειν
2967 5528 3065 5600 τὴν
3093 5524 3450 5601 σημασίαν,ἢ
3491 5519 3688 5589 φύσεωςς

2177 5620 2290 5675 υύκ
2321 5620 2384 5676 ἄν
2416 5637 2497 5686 τις
2529 5620 2655 5677 ἄλλο
2693 5638 2745 5676 τι
2788 5622 2935 5694 παρὰ
2975 5624 3072 5694 τὴν
3106 5624 3376 5694 ἐνέργειαν
3407 5616 3541 5685 εἴπῃ.
3586 5604 3690 5662 Πότε

3924 2934 3927 3059 ι
