4054 6152
427 349 530 408 θοι

1544 342 1824 399 CONTRA
1862 342 2250 406 EUNOMIUM,
2294 342 2425 396 Llll.
2465 341 2580 395 XII.

3569 342 3674 397 969.

423 455 603 510 τοίνυν
635 455 926 528 ἐνεργήσας
959 456 1083 518 τοὺς
1111 455 1427 528 οίκτιρμοὺς
1453 459 1480 511 6
1499 457 1685 528 Θεὸςῆ
1714 457 1806 510 τὸν
1831 457 2000 521 ἔλεον,

2128 465 2152 508 ἰ
2191 456 2416 509 multum
2446 455 2743 510 misericors
2764 459 2829 511 “.
2863 455 3001 522 Quid
3034 457 3196 527 igitur
3231 457 3455 514 dicunt?
3477 458 3674 517 Utrum

424 547 584 618 ἔσχεν
615 549 678 600 ἐκ
701 547 800 612 τῆς
823 548 1109 620 ’ἐνεργείας
1136 548 1197 600 τὸ
1224 549 1428 619 δνομας
1459 544 1606 619 *Αρα
1649 549 1755 618 πρὸ
1779 549 1880 618 τῆς
1918 549 2010 601 ἁν-

425 641 700 711 θρωπίνης
735 638 914 710 ζωῆς;
957 642 1065 694 Καὶ
1093 643 1176 705 τίς
1209 637 1277 714 ἦν
1315 645 1344 695 6
1368 643 1476 710 ¹τοῦ
1505 643 1686 706 ἐλέους
1725 643 2009 712 δεόμενος;

425 730 562 784 ἀλλὰ
593 731 729 801 μετὰ
749 732 849 802 τὴν
875 733 1149 805 ἁμαρτίαν
1177 735 1394 797 πάντως
1415 749 1430 763 ⁸
1458 736 1491 805 ἡ
1519 734 1576 786 δὲ
1599 734 1842 804 ἁμαρτία
1875 734 2012 804 μετὰ

426 819 518 872 τὸν
546 820 852 892 ἄνθρωπον.
877 823 1085 876 Οὐκοῦν
1119 823 1256 894 μετά
1280 824 1372 876 τὸν
1403 824 1687 896 ἄνθρωπον
1727 822 1820 876 καὶ
1844 826 1876 892 ή
1916 823 2010 876 τοῦ

427 910 597 962 ἐλεεῖν
626 911 876 982 ἐνέργεια
895 953 909 975 ,
939 915 1030 966 καὶ
1056 913 1147 966 τοῦ
1176 914 1326 968 ἐλέου
1355 913 1614 984 τοῦνομα.
1647 915 1712 966 Τί
1747 908 1840 968 οῦν
1863 913 1970 985 ἄρα
1995 930 2011 980 ;

427 1001 520 1070 Μὴ
547 1002 642 1056 καὶ
671 1002 766 1056 τοῦ
796 1005 958 1057 Δαϐὶδ
983 1003 1431 1072 καταγνώσεται,
1465 1008 1493 1059 6
1535 1006 1674 1075 ὑπὲρ
1716 1005 1841 1068 τοὺς
1876 1020 2012 1075 προ-

430 1093 607 1162 φήτας
639 1093 848 1164 φρονῶν
868 1109 882 1124 ο
924 1096 1006 1148 ὅτι
1034 1096 1100 1148 δι’
1133 1089 1208 1149 ὧν
1248 1097 1438 1167 ἐνόησε
1471 1096 1561 1149 τὸν
1593 1096 1745 1163 Θεὸν,
1773 1095 1862 1149 διὰ
1891 1095 2014 1149 τού-

430 1200 538 1237 των
563 1183 878 1254 ὠνόμασενς
914 1187 982 1238 Ἢ
1022 1187 1117 1240 καὶ
1143 1187 1280 1257 πρὸς
1307 1187 1468 1240 αὑτὸν
1493 1187 1888 1259 ζυγομαχήσει,
1915 1188 2014 1257 τὴν

435 1274 639 1346 σεμνὴν
668 1277 894 1346 ¹ἐκείνην
930 1275 1116 1348 ῶσπερ
1150 1279 1213 1330 ἐκ
1241 1279 1548 1350 τραγῳδίας
1583 1279 1878 1350 προτείνων
1917 1280 2015 1351 ῥῆ-

433 1385 558 1432 σιν,
648 1367 736 1420 ὅτι
773 1368 870 1438 τὴν
908 1368 1334 1439 μακαριωτάτην
1384 1371 1476 1423 τοῦ
1519 1370 1651 1424 Θεοῦ
1699 1370 1863 1441 ζωὴν,
1904 1373 2014 1433 τοῖς

431 1457 691 1530 περὶτῆς
738 1460 980 1524 ἐπινοίας
1011 1461 1235 1529 ἀγάλλει
1281 1461 1542 1532 ὀνόμασι,
1577 1462 1674 1531 τὴν
1717 1464 1800 1530 ἐφ’
1847 1463 2013 1532 ἑαυτῇ

438 1550 574 1622 μόνη
607 1550 702 1603 καὶ
729 1549 834 1620 πρὸ
860 1551 956 1620 τῆς
984 1550 1092 1604 τῶν
1123 1551 1482 1605 ἐπινοούντων
1511 1553 1812 1622 γεννήσεως
1858 1552 2017 1621 ἀγαλ-

435 1640 690 1710 λομένην;
735 1639 880 1710 Ἐρεῖ
919 1640 1028 1712 γὰρ
1075 1643 1292 1706 πάντως
1328 1645 1356 1696 ό
1409 1643 1548 1712 ὑπὲρ
1591 1643 1684 1697 τοῦ
1728 1645 2013 1712 Προφήτου

434 1732 642 1801 λέγων’
672 1733 754 1786 ὅτι
780 1735 813 1804 ἡ
841 1735 937 1803 μὲν
964 1733 1084 1787 θεία
1111 1735 1270 1804 φύσις
1297 1735 1380 1804 ἐφ’
1412 1737 1581 1806 ἐαυτῇ
1624 1737 1759 1808 μόνῃ
1789 1736 2017 1803 ἀγάλλε-

2110 546 2228 599 haec
2263 544 2481 598 nomina
2524 545 2858 614 operationis
2889 547 3090 601 habent
3129 548 3549 618 signiticantiam
3588 553 3674 606 vel

2111 636 2358 690 naturae?
2409 651 2514 690 non
2559 637 2707 691 aliud
2741 639 2867 706 quis
2905 646 3101 707 praeter
3141 647 3346 705 aetum,
3399 642 3513 697 sive
3549 657 3679 712 ope-

2110 727 2376 781 rationem
2417 727 2634 782 dixerit.
2687 726 2917 793 Quando
2949 728 3115 798 igitur
3156 740 3415 800 operatus
3448 733 3679 787 misera-

2115 819 2291 872 tiones
2326 819 2409 872 vel
2447 819 2900 885 misericordiam,
2942 819 3087 874 Deus
3109 836 3175 875 ex
3217 822 3306 876 illa
3339 827 3677 892 operatione,

2114 911 2217 964 hoc
2255 924 2454 963 nomen
2486 911 2762 964 obtinuit?
2791 909 2931 964 Num
2979 924 3105 968 ante
3140 913 3437 969 humanam
3469 917 3634 970 vitam
3655 917 3681 970 ’ί

2114 1000 2181 1054 Et
2212 1003 2337 1071 quis
2368 1010 2486 1056 erat
2529 1002 2624 1071 qui
2661 1003 3036 1060 misericordia
3071 1006 3381 1074 indigebat?
3421 1007 3526 1062 Sed
3559 1017 3682 1078 post

2113 1101 2398 1161 peccatum
2426 1093 2678 1146 omnino:
2711 1103 2994 1162 peccatum
3030 1104 3210 1150 autem
3241 1105 3364 1167 post
3387 1097 3678 1153 hominem.

2114 1183 2257 1253 Ergo
2289 1191 2413 1258 post
2448 1183 2724 1238 hominem
2764 1185 3060 1250 miserandi
3097 1195 3253 1244 actus
3288 1195 3344 1244 et
3373 1190 3684 1245 misericor-

2115 1271 2218 1327 dia:
2272 1289 2496 1328 nomen.
2552 1270 2692 1340 Quid
2745 1277 2950 1346 igitur?
2996 1276 3254 1348 Nunquid
3306 1289 3360 1334 et
3425 1280 3681 1336 Davidem

2115 1364 2521 1430 condemnabit,
2576 1367 2665 1435 qui
2714 1381 2882 1436 super
2937 1369 3230 1438 prophetas
3273 1371 3513 1440 sapiens.
3555 1372 3685 1442 quia

2117 1471 2216 1524 per
2268 1471 2390 1525 quae
2448 1455 2617 1510 Deum
2669 1457 2842 1523 novit,
2901 1473 2996 1527 per
3044 1458 3159 1514 lucc
3219 1461 3558 1515 nominavit?
3600 1463 3682 1516 An

2116 1543 2279 1598 etiam
2318 1543 2582 1599 adversus
2627 1546 2804 1615 ipsum
2849 1547 3084 1601 nobilem
3111 1548 3283 1604 illam
3318 1557 3578 1620 tanquam
3618 1567 3685 1606 ex

2117 1635 2382 1704 tragoedia
2419 1635 2710 1690 dictionem
2754 1638 3088 1706 protendens
3130 1641 3514 1707 recalcitrabit,
3541 1643 3687 1712 quod

2119 1742 2228 1780 non
2260 1737 2474 1796 oportet
2515 1728 2888 1783 beatissimam
2936 1729 3029 1784 Dei
3076 1732 3240 1786 vitam
3274 1735 3586 1790 nominibus
3619 1750 3688 1790 ex

435 1843 546 1890 ται,
579 1825 674 1880 καὶ
696 1825 802 1896 πρὸ
829 1826 927 1895 τῆς
955 1826 1064 1879 τῶν
1085 1827 1440 1881 ἐπινοούντων
1464 1828 1729 1896 γενέσεως
1749 1845 1762 1859 ·
1789 1831 1816 1881 ὁ
1839 1828 1896 1880 δὲ
1923 1829 2016 1880 ἀν-

2128 1817 2399 1871 bominum
2433 1819 2899 1874 commentatione
2931 1820 3111 1876 ductis
3142 1823 3436 1892 exsultare,
3481 1841 3602 1895 quae
3632 1826 3688 1881 in

438 1911 706 1983 θρώπινος
754 1912 905 1977 νοῦς,
942 1915 1063 1968 ὅσον
1121 1919 1288 1986 χωρεῖ
1330 1916 1421 1970 διά
1461 1916 1569 1969 τῶν
1605 1918 1894 1989 ἐνεργειῶν
1942 1917 2018 1970 δι-

437 2001 791 2072 δασκόμενος,
826 2005 1079 2059 τοσοῦτον
1110 2006 1426 2075 φθέγγεται.
1481 2009 1576 2060 Ἐκ
1615 2008 1723 2079 γὰρ
1756 2007 2019 2078 μεγέθους

438 2092 531 2144 καὶ
554 2091 814 2161 καλλονῆς
843 2094 1158 2164 κτισμάτων
1188 2095 1467 2164 ἀναλόγως
1492 2099 1524 2167 ή
1552 2097 1722 2164 Σοφία
1752 2096 1904 2166 φησὶ,
1930 2096 2019 2149 τὸν

439 2182 656 2236 πάντων
697 2183 1077 2252 γενεσιουργὸν
1123 2184 1466 2256 θεωρεῖσθαι.
1526 2185 1606 2254 Τῇ
1651 2184 1710 2237 δέ
1760 2184 1878 2253 θείᾳ
1926 2184 2022 2236 καὶ⁴

441 2275 779 2348 ύπερεχούσῃ
808 2277 984 2331 πάντα
1018 2276 1141 2330 νοῦν
1171 2279 1329 2348 οὐσίᾳ
1353 2277 1451 2340 τὰς
1473 2278 1726 2340 τοιαύτας
1757 2293 2023 2348 προσηγο-

443 2368 566 2438 ρίας
593 2367 1031 2439 ἐπιφημίζομεν,
1079 2371 1179 2421 οὐκ
1220 2369 1435 2440 ἐκείνην
1477 2369 1799 2438 ἀγάλλοντες
1835 2369 1902 2421 δι’
1948 2363 2024 2423 ὧν

441 2458 811 2530 ὀνομάζομεν,
843 2459 956 2512 ἀλλ’
997 2460 1143 2531 ἡμᾶς
1191 2459 1387 2520 αὐτοὺς
1435 2459 1523 2512 διὰ
1570 2458 1678 2512 τῶν
1717 2458 2023 2528 λεγομένων

441 2550 756 2620 ὁδηγοῦντες
777 2551 912 2622 πρὸς
937 2552 1035 2621 τὴν
1063 2550 1170 2604 τῶν
1208 2549 1464 2621 κρυπτῶν
1500 2549 1844 2618 κατανόησιν.
1893 2543 2026 2602 Εἶτα

441 2641 520 2712 τῷ
549 2643 735 2713 Κυρίῳ
763 2645 924 2713 φησὶν
969 2645 998 2695 6
1027 2644 1314 2714 Προφήτης
1341 2658 1354 2672 ⁸
1395 2643 1538 2707 Θεός
1573 2659 1691 2711 μου
1721 2637 1781 2694 εἴ
1799 2640 1902 2708 σὺ,
1938 2640 2028 2694 ὅτι

443 2733 564 2788 τῶν
615 2734 851 2804 ἀγαθῶν
882 2753 1001 2803 μου
1034 2737 1106 2788 οὺ
1154 2736 1362 2802 χρείαν
1407 2735 1584 2803 ἔχεις.
1631 2733 1755 2797 Πῶς
1807 2730 1898 2787 οὖν
1929 2733 2028 2804 τὴν

447 2825 869 2894 μακαριωτάτην
900 2824 993 2876 τοῦ
1026 2824 1160 2876 Θεοῦ
1194 2824 1338 2894 ζωὴν
1363 2865 1376 2889 ,
1418 2827 1576 2894 ἡμεῖς
1608 2825 1778 2888 οὕτως
1798 2866 1812 2889 ,
1847 2823 2029 2886 καθώς

448 2926 611 2980 φησιν
626 2904 799 2975 οὗτος,
823 2910 1146 2982 ἀγάλλομεν,
1169 2913 1234 2982 ἦν
1265 2930 1426 2982 φησιν
1455 2916 1484 2965 6
1511 2914 1801 2983 Προφήτης
1824 2916 2031 2984 ἀπροσ-

449 3000 546 3070 δεῆ
597 2999 706 3053 τῶν
747 3000 1100 3072 ἀνθρωπίνων
1129 2997 1267 3054 εἶναι
1296 3001 1510 3068 καλῶν;
1549 3003 1620 3055 Ἢ
1652 3003 1772 3054 ἀντὶ¹
1799 3002 1892 3055 τοῦ
1925 3004 2032 3055 όνο-

451 3090 646 3162 μάζειν
683 3090 743 3145 τὺ
774 3092 1030 3160 ἀγάλλειν
1064 3092 1271 3163 ἐνόησε.
1312 3092 1422 3144 Καὶ
1450 3091 1556 3162 μὴν
1585 3092 1852 3162 ἀκούομεν
1883 3091 2032 3163 παρὰ

449 3181 560 3236 τῶν
581 3181 756 3252 ὀρθῶς
785 3185 850 3252 τῇ
879 3181 1020 3250 λέξει
1044 3182 1363 3255 χρωμένων,
1398 3184 1491 3234 καὶ
1519 3182 1586 3235 δι’
1614 3181 1898 3252 ἀκριϐείας
1923 3183 2029 3236 τῶν
2057 3167 2099 3224 (ἶ

451 3267 728 3340 ὀνομάτων
774 3270 872 3340 τὴν
923 3271 1114 3342 χρῆσιν
1153 3271 1772 3342 παραπεπαιδευμένων,
1821 3269 1894 3342 μὴ
1939 3272 2030 3324 ἐπὶ⁴

450 3359 612 3432 ψιλῆς
642 3361 740 3430 τῆς
773 3361 1058 3433 δηλώσεως
1099 3361 1196 3434 τὴν
1225 3362 1318 3415 τοῦ
1349 3362 1602 3431 άγάλλειν
1634 3363 1890 3433 τετάχθαι
1919 3381 2030 3432 φω-

450 3452 549 3523 νήν
571 3468 584 3481 ·
617 3451 753 3505 ἀλλὰ
783 3453 845 3506 τὸ
877 3454 975 3524 μὲν
1006 3453 1244 3508 τοιοῦτον
1271 3444 1302 3524 ἢ
1333 3455 1618 3525 γνωρίζειν
1637 3497 1651 3522 ,
1681 3456 1714 3526 ἢ
1744 3454 1954 3525 δηλοῦν,
1995 3454 2028 3525 ἢ

455 3542 767 3612 σημαίνειν,
803 3543 836 3613 ἦ
879 3542 1007 3597 ἄλλο
1039 3561 1090 3597 τι
1118 3545 1524 3616 τοιουτότροπον
1560 3545 1829 3613 λέγεσθαι.
1870 3546 1942 3598 T6
1973 3545 2029 3599 δέ

453 3631 703 3700 ἀγάλλειν
732 3628 848 3687 ἶσόν
878 3635 996 3686 ἐστι
1039 3634 1117 3704 τῷ
1158 3635 1576 3706 ἐπικαυχᾶσθαι,
1609 3637 1702 3691 καὶ
1731 3638 2030 3709 ἐπευφραίκ

453 3723 661 3788 νεσθαι,
691 3725 784 3776 καὶ
814 3724 868 3776 εί
890 3742 942 3778 τι
984 3726 1082 3796 τῆς
1109 3727 1362 3797 τοιαύτης
1391 3729 1679 3798 ἐμφάσεως
1721 3729 1920 3799 ἔχεται.
1971 3728 2032 3783 Ὀ

454 3813 512 3866 δέ
551 3831 716 3884 φησιν
743 3816 888 3885 ἡμᾶς
924 3818 1034 3878 τοῖς
1060 3815 1159 3884 τῆς
1201 3817 1441 3892 ἐπινοίας
1469 3818 1693 3888 ὀνόμασι
1726 3819 1826 3888 τὴν
1857 3835 2032 3888 μακα-

458 3904 580 3976 ρίαν
612 3905 866 3973 άγάλλειν
887 3905 1050 3977 ζωήν.
1084 3906 1271 3977 Ἡμεῖς
1289 3907 1346 3959 δέ
1370 3909 1682 3978 προσθεῖναι
1712 3909 1808 3979 μέν
1827 3927 1946 3963 τινα
1963 3912 2029 3981 τῇ

457 3995 578 4068 θείᾳ
613 3997 769 4066 φύσει
795 3997 958 4069 τιμὴν
986 4000 1050 4068 τῇ
1083 3998 1222 4070 ὑπὲρ
1249 4000 1430 4052 πᾶσαν
1465 3999 1600 4074 οὔσῃ
1628 3999 1810 4070 τιμὴν,
1851 4001 2032 4070 μεῖζον

457 4087 490 4158 ἢ
517 4089 660 4142 κατὰ
682 4088 780 4162 τὴν
808 4089 1087 4144 ἀσθένειαν
1109 4090 1206 4160 τὴν
1237 4090 1580 4162 ἀνθρωπίνην
1606 4090 1830 4161 οἰόμεθα
1848 4106 1861 4118 ·
1891 4108 2032 4159 γνω-

460 4179 609 4252 ρίσαι
629 4179 684 4232 δέ
714 4198 765 4233 τι
797 4181 904 4234 τῶν
933 4182 1060 4253 περὶ
1088 4182 1257 4252 αὐτὴν
1283 4183 1370 4235 διὰ
1394 4181 1502 4236 τῶν
1531 4180 1770 4244 εὐσεϐῶς
1792 4183 2034 4234 ἐπινοοῦ-

461 4268 640 4338 μένων
672 4268 930 4338 ῥημάτων
955 4286 1012 4321 τε
1043 4270 1136 4322 καὶ
1163 4270 1438 4340 ὀνομάτων
1469 4272 1763 4339 ἐπιχειρεῖν
1794 4269 1892 4321 οὐκ
1935 4271 2034 4339 ἀρ-

459 4357 715 4430 νούμεθα.
745 4360 854 4412 Καὶ
873 4359 961 4413 διὰ
986 4359 1140 4413 τοῦτο
1161 4362 1281 4414 καθ’
1308 4363 1429 4415 ὅσον
1451 4360 1672 4414 δυνατὸν
1697 4362 1826 4431 ἡμῖν
1855 4359 1915 4412 τὸ
1943 4361 2035 4412 εὑ-

461 4450 618 4513 σεϐἐς
652 4449 979 4520 ἰχνεύοντες,
1022 4452 1084 4503 τὸ
1119 4453 1192 4522 μὴ
1226 4453 1284 4518 ἐξ
1323 4452 1498 4515 αἰτίας
1533 4450 1932 4522 ὑπερκειμένης
1974 4451 2034 4503 τὺ

459 4539 676 4610 πρῶτον
704 4541 875 4594 αἴτιον
897 4542 994 4611 τὴν
1021 4542 1314 4596 ὑπόστασιν
1335 4543 1499 4613 ἔχειν,
1520 4541 2028 4612 καταλαμϐάνομεν.

468 4636 642 4703 Ὅπερ
671 4633 719 4684 εἰ
753 4632 849 4702 μὲν
873 4633 946 4696 ὡς
969 4633 1167 4702 ἀληθὲς
1197 4634 1506 4704 ἀποδέχοιτό
1533 4652 1636 4697 τις,
1663 4633 1942 4688 ἐπαινετὸν
1965 4631 2031 4687 ἂν

461 4724 547 4792 είη
579 4723 668 4776 διὰ
687 4723 784 4793 τὴν
807 4723 1062 4796 ἀλήθειαν
1097 4725 1281 4795 μόνην.
1309 4725 1370 4778 El
1399 4725 1453 4777 δὲ
1480 4725 1554 4788 ὡς
1588 4726 1767 4795 μεῖζον
1790 4724 1899 4777 τῶν
1925 4725 2032 4778 λοι-

462 4815 578 4868 πῶν
603 4815 710 4868 τῶν
740 4817 866 4887 περὶ
892 4816 988 4886 τὴν
1020 4817 1166 4869 θείαν
1197 4815 1354 4886 φύσιν
1379 4815 1682 4885 νοουμένων
1709 4815 1767 4868 τὸ
1794 4816 2032 4869 τοιοῦτον

461 4906 658 4975 κρίνοι,
692 4908 786 4959 καὶ
810 4906 896 4959 διὰ
923 4907 1080 4960 τοῦτο
1115 4907 1251 4980 μόνῃ
1282 4905 1452 4976 ταύτῃ
1482 4908 1547 4976 τῇ
1589 4905 1854 4976 ὑπολήψει
1885 4906 2032 4975 λέγοι

459 5000 552 5051 τὸν
598 4998 727 5053 Θεὸν
761 5001 1165 5071 ἐπιγαυριῶντα
1208 5001 1301 5053 καὶ
1346 4999 1798 5069 εὐφραινόμενον,
1830 4997 1904 5062 ῶς
1936 5017 2040 5052 τινι

460 5089 571 5142 τῶν
599 5090 969 5162 ὑπερεχόντων
1017 5090 1384 5160 ἀγάλλεσθαι,
1433 5090 1599 5161 μόνης
1635 5090 1734 5159 τῆς
1775 5088 2038 5161 Εὐνομίου

464 5181 670 5253 μούσης
711 5184 776 5237 ἂν
810 5185 897 5254 είη
920 5225 934 5249 ,
968 5183 1062 5237 τοῦ
1111 5184 1358 5252 λέγοντος
1394 5183 1561 5253 αὐτὴν
1610 5184 1692 5250 ἐφ’
1727 5184 1891 5254 ἑαυτῇ
1941 5183 2039 5251 τὴν

461 5279 788 5348 ἁγεννησίαν
816 5279 1163 5347 ἀγάλλεσθαι,
1203 5280 1266 5348 ἣν
1307 5278 1370 5349 δὴ
1414 5277 1600 5330 οὐσίαν
1629 5293 1687 5328 τε
1717 5275 1865 5343 λέγει
1888 5317 1903 5338 ,
1942 5277 2034 5330 καὶ

471 5366 741 5437 μακαρίαν
769 5385 828 5421 τε
858 5370 951 5421 καὶ
979 5369 1128 5422 θείαν
1157 5369 1410 5440 ὀνομάζει
1443 5368 1607 5438 ζωήν.

2120 1911 2299 1979 seipsa
2351 1910 2465 1965 sola
2510 1920 2565 1963 et
2602 1919 2728 1966 ante
2765 1911 3186 1982 intelligentiam
3236 1924 3415 1970 ortum
3451 1919 3692 1972 exsulta-

2120 2001 2252 2056 bat?
2282 2001 2438 2057 Dicet
2462 2003 2606 2057 enim
2637 2004 2797 2074 plane
2824 2005 2918 2075 qui
2949 2005 3234 2076 Pr0phetze
3265 2023 3487 2063 causam
3523 2024 3686 2081 agere

2122 2095 2373 2157 voluerit,
2405 2094 2549 2163 quod
2598 2094 2782 2149 divina
2821 2107 2970 2152 certe
3013 2107 3210 2154 natura
3253 2101 3306 2154 in
3354 2103 3533 2172 seipsa
3576 2103 3691 2157 sola

2123 2184 2454 2245 exsultabat,
2495 2191 2550 2237 et
2601 2191 2727 2238 ante
2779 2186 3198 2256 intelligentinm
3248 2192 3691 2260 generationem;

2124 2274 2220 2328 sed
2267 2289 2420 2328 mens
2449 2273 2706 2338 humana,
2741 2285 3005 2344 quantum
3051 2281 3193 2349 capit
3235 2296 3330 2350 per
3372 2281 3471 2337 bas
3502 2297 3696 2353 opera-

2123 2365 2304 2418 tiones
2330 2365 2546 2430 educta,
2599 2374 2807 2420 tantum
2851 2368 3168 2438 alloquitur.
3204 2371 3337 2426 Nam
3365 2389 3430 2429 ex
3478 2383 3696 2431 creatu-

2126 2469 2310 2507 rarum
2359 2457 2731 2526 magnitudine
2775 2469 2829 2514 et
2871 2461 3298 2530 pulchritudine,
3343 2467 3697 2536 proportione

2127 2545 2362 2615 quadam
2430 2546 2711 2618 Sapientia
2767 2551 2992 2618 dicit",
3037 2555 3279 2608 omnium
3336 2558 3585 2627 opiﬁcem
3644 2569 3697 2615 et

2128 2635 2427 2705 genitorem
2476 2639 2832 2694 considerari.
2891 2641 2948 2695 in
2997 2643 3176 2698 divina
3224 2653 3406 2701 autem
3454 2657 3508 2702 et
3542 2665 3699 2706 exsu-

2131 2731 2356 2792 perante
2383 2739 2602 2781 omnem
2636 2727 2971 2784 intellectum
3007 2735 3265 2800 essentia,
3295 2736 3429 2792 tales
3461 2740 3699 2808 appella-

2131 2815 2309 2870 tiones
2359 2817 2742 2883 celebramus,
2790 2836 2900 2876 non
2951 2823 3097 2878 illam
3153 2841 3277 2880 eum
3337 2831 3700 2888 exsultatione

2131 2904 2421 2961 laudantes
2451 2923 2546 2975 per
2587 2925 2709 2978 qua:
2740 2913 3125 2982 nominamus;
3173 2917 3267 2970 sed
3301 2933 3400 2974 nos
3425 2919 3572 2988 ipsos
3605 2937 3700 2991 per

2133 3009 2196 3049 ea
2231 3011 2350 3064 quae
2381 2997 2637 3052 dicuntur
2684 3002 2982 3073 dirigentes
3029 3005 3096 3059 ad
3139 3009 3478 3064 occultorum
3508 3015 3701 3083 cogni-

2136 3086 2360 3142 tionem.
2405 3088 2607 3145 Deinde
2639 3091 2869 3150 Domino
2893 3097 3026 3151 dicit
3050 3097 3342 3168 Propheta,
3384 3103 3520 3158 Deus
3558 3121 3701 3159 meus

2131 3195 2184 3232 es
2214 3189 2289 3242 tu,
2338 3183 2586 3250 quoniam
2630 3183 2885 3239 bonorum
2921 3205 3153 3243 meorum
3196 3208 3299 3246 non
3323 3211 3435 3264 eges
3459 3195 3521 3250 ".
3553 3198 3702 3263 Quo--

2132 3269 2296 3356 modo
2324 3272 2490 3340 igitur
2516 3273 2886 3330 beatissimam
2929 3277 3026 3333 Dei
3055 3281 3243 3348 vitam,
3280 3285 3362 3338 sic
3407 3302 3531 3352 nos,
3561 3290 3703 3344 sicut

2131 3360 2234 3414 iste
2265 3369 2533 3427 autumat,
2564 3379 2913 3434 exornamns,
2958 3383 3122 3437 quam
3151 3369 3418 3441 Propheta
3447 3377 3703 3444 praedicat

2133 3450 2497 3507 humanorum
2547 3453 2814 3510 bonorum
2852 3473 2960 3512 non
3007 3474 3131 3516 esse
3173 3463 3450 3534 indigam?
3492 3469 3573 3522 An
3603 3485 3704 3539 pro

2133 3542 2300 3597 verbo
2353 3544 2676 3614 ὀνομάζειν,
2733 3549 3035 3613 nominare,
3096 3555 3426 3624 excogitavit
3477 3560 3701 3616 verbum

2131 3634 2404 3702 ἀγάλλειν,
2449 3637 2596 3706 quod
2643 3647 2727 3693 est
2773 3641 3085 3698 exsultare?
3124 3644 3303 3714 Atque
3350 3648 3606 3706 audimus
3637 3668 3703 3707 ex

2137 3724 2223 3778 his
2257 3725 2349 3794 qui
2382 3732 2528 3779 recte
2555 3727 2721 3781 verbo
2754 3737 3003 3797 utuntur,
3035 3741 3090 3786 et
3119 3735 3212 3798 qui
3254 3747 3443 3791 exacta
3490 3741 3705 3795 subtili--

2135 3822 2246 3868 tate
2279 3815 2567 3870 verborum
2603 3833 2761 3872 usum
2804 3819 3135 3888 didicerunt,
3169 3839 3277 3880 non
3318 3842 3417 3896 pro
3447 3830 3589 3884 nuda
3629 3834 3705 3887 si-

2136 3904 2480 3976 gniﬁcatione
2534 3906 2637 3960 hoc
2699 3908 2924 3972 verbum
2976 3911 3226 3977 ἀγάλλειν
3280 3919 3548 3983 construi,
3605 3921 3702 3975 sed

2135 3997 2238 4050 hoc
2269 3997 2374 4051 tale
2402 3997 2488 4050 vel
2519 4004 2708 4051 notum
2739 3997 2936 4064 facere,
2971 4001 3054 4056 vel
3085 4002 3384 4070 declarare,
3422 4009 3504 4064 vel
3531 4010 3702 4079 signi-

2135 4087 2322 4152 ﬁcare,
2378 4087 2462 4141 vel
2508 4088 2653 4142 aliud
2717 4089 2976 4159 quiddam
3035 4092 3128 4146 tali
3175 4095 3338 4149 modo
3381 4097 3510 4151 diei.
3571 4097 3704 4154 Ver-

2135 4176 2263 4231 bum
2304 4183 2487 4230 autem
2541 4177 2793 4246 ἀγάλλειν
2833 4179 2973 4233 idem
3028 4189 3145 4248 est,
3201 4185 3345 4252 quod
3400 4188 3702 4255 exsultare,

2135 4268 2378 4338 gloriari,
2430 4269 2622 4332 lauari,
2657 4278 2731 4330 _et
2781 4269 2827 4323 si
2879 4270 3009 4339 quid
3045 4272 3204 4326 talem
3249 4272 3704 4343 significationem

2137 4360 2320 4414 habet.
2356 4359 2454 4414 llic
2485 4367 2663 4414 autem
2697 4360 2832 4414 dicit
2871 4377 2972 4416 nos
3011 4364 3344 4430 nominibus,
3395 4382 3462 4422 ex
3509 4372 3706 4427 mentis

2137 4451 2596 4506 commentatione
2627 4451 2832 4515 ductis,
2868 4453 3034 4506 vitam
3082 4455 3293 4509 beatam
3333 4457 3608 4526 ἁγάλλειν,
3650 4462 3704 4516 id

2136 4549 2240 4608 est,
2282 4555 2566 4597 exornare.
2607 4541 2718 4596 Nos
2751 4550 2930 4596 autem
2962 4543 3160 4599 divinas
3192 4553 3404 4602 natura:
3435 4564 3556 4618 quae
3583 4565 3703 4605 om-

2137 4648 2258 4687 nem
2292 4640 2511 4701 superat
2547 4631 2830 4697 honorem,
2866 4633 3101 4704 aliquem
3151 4636 3387 4706 adjicere
3419 4640 3703 4707 honorem,

2139 4725 2374 4779 humana
2404 4724 2715 4780 inﬁrmitate
2762 4726 2938 4794 majus
2976 4728 3341 4798 arbitramur;
3376 4732 3578 4802 aliquid
3610 4749 3707 4790 au-

2139 4821 2245 4868 tem
2282 4828 2470 4867 eorum
2515 4828 2637 4883 quas
2683 4813 2736 4866 in
2770 4829 2833 4868 ea
2864 4824 3184 4880 cernuntur,
3221 4826 3410 4874 notum
3450 4821 3627 4878 facere
3655 4833 3708 4878 et

2139 4901 2418 4958 celebrare
2446 4904 2628 4958 verbis
2661 4911 2715 4959 et
2759 4906 3076 4962 nominibus
3103 4907 3190 4978 pie
3241 4917 3296 4964 et
3333 4912 3587 4983 religiose
3618 4913 3706 4967 in-

2143 4996 2374 5051 tellectis
2409 4997 2598 5051 conari
2649 5013 2756 5051 non
2801 4998 3128 5056 inticiamur.
3178 5001 3411 5075 Ideoque
3439 5015 3706 5076 quantum

2146 5087 2227 5144 fas
2261 5097 2367 5146 est.
2402 5087 2656 5156 pietatem
2698 5097 3030 5158 spectantes,
3071 5107 3183 5148 non
3214 5109 3280 5149 ex
3314 5111 3479 5150 causa
3513 5110 3706 5162 super-

2140 5181 2414 5234 eminente
2467 5179 2693 5249 primam
2740 5196 2960 5235 causam
3032 5185 3442 5240 snbsistentiam
3509 5184 3710 5239 habere

2142 5273 2672 5340 comprehendimus,
2721 5275 2865 5344 quod
2909 5276 3127 5345 quidem
3178 5275 3225 5329 si
3272 5283 3331 5327 ut
3369 5288 3555 5327 verum
3583 5276 3708 5344 quis

2143 5365 2426 5436 approbet,
2465 5363 2738 5420 laudabile
2764 5364 2927 5419 fuerit
2957 5373 3176 5434 pr0pter
3203 5363 3374 5417 solam
3399 5363 3708 5419 veritatem.

467 5463 524 5519 Si
555 5470 736 5516 autem
776 5469 833 5516 nt
879 5463 1057 5532 majus
1095 5463 1321 5532 reliquis
1352 5478 1474 5532 qua:
1533 5461 1601 5518 de
1649 5462 1834 5516 divina
1875 5469 2070 5517 natura
2109 5469 2433 5524 noscuntur,
2467 5459 2520 5514 id
2561 5459 2791 5528 judicet,
2828 5467 2882 5512 et
2944 5466 3240 5541 propterea
3271 5456 3372 5510 hac
3417 5457 3533 5512 sola
3604 5459 3713 5528 opi-

465 5554 628 5610 nione
660 5555 806 5610 dicat
840 5555 1006 5612 Deum
1042 5557 1366 5628 gestientem
1405 5562 1458 5611 et
1492 5555 1784 5623 laetantem,
1836 5567 1894 5612 ut
1933 5558 2116 5629 aliquo
2158 5555 2681 5627 supereminentium
2753 5551 3052 5621 exsultare,
3117 5549 3220 5606 hoc
3293 5551 3467 5610 solius
3524 5553 3711 5609 Euno-

535 5761 580 5792 "
622 5757 766 5817 Psal.
803 5772 900 5826 cu,
934 5758 988 5814 8.
1063 5760 1109 5791 "
1151 5759 1277 5830 Sap.
1320 5774 1439 5825 xm,
1477 5758 1528 5814 5.

1606 5762 1652 5794 “
1690 5759 1838 5816 Psal.
1877 5775 1968 5828 xv,
2001 5760 2056 5816 2.
