4054 6152
559 183 657 239 947

1820 177 1879 233 S.
1918 171 2245 230 GREGORII
2284 171 2579 229 NYSSENI

3710 172 3823 228 9-53

562 301 682 373 pria
738 300 972 371 quadam
1032 294 1544 367 circumscriptione
1605 294 2134 367 comprehenditur?

2255 294 2328 348 τὸν
2370 293 2592 365 οὐρανὸν
2632 291 3011 358 ἀνατείνεται,
3058 291 3122 361 τῇ
3165 287 3667 361 πολυπραγμοσύνῃ
3707 289 3820 341 τῶν

563 393 821 458 Quaenam
874 388 1175 445 secundum
1226 390 1578 459 operationes
1623 388 1743 458 ejus
1792 386 2136 442 dilferentia?

564 483 847 549 Quomodo
894 481 1087 536 eadem
1135 480 1299 535 etiam
1343 495 1507 550 supra
1552 480 1751 533 cmlum
1798 478 2130 543 extenditur,

562 578 692 630 dum
735 575 957 629 curiosa
992 573 1339 645 indagatioue
1375 588 1493 641 qua:
1536 580 1661 626 sunt
1716 570 2014 627 invisibilia
2050 572 2135 624 in-

566 667 821 737 vestigat,
859 677 1022 736 atque
1069 666 1233 721 etiam
1276 665 1342 719 ad
1386 664 1695 719 materiales
1729 663 1958 719 aﬂ'ectns
1992 663 2138 717 dela-

567 760 716 813 bitur
735 758 975 829 pondere
1001 757 1251 827 corporis
1280 764 1540 822 attracta,
1569 756 1814 824 iramque
1834 762 1887 809 et
1912 763 2137 817 metum,

566 850 810 905 dolorem
834 857 887 905 et
922 848 1275 918 voluptatem,
1303 847 1740 902 misericordiam
1774 855 1827 900 et
1851 845 2136 910 smvitiam,

568 957 717 1011 spem
756 949 809 995 et
841 940 1182 1004 memoriam,
1227 938 1497 1009 ignaviam
1543 945 1595 991 et
1624 936 1930 1001 audaciam,
1956 934 2140 989 amici-

568 1033 698 1085 tiam
729 1039 783 1085 et
812 1031 1022 1093 odium,
1068 1039 1123 1084 et
1162 1029 1344 1084 omnia
1379 1043 1498 1097 qua:
1527 1042 1590 1083 ex
1648 1027 1929 1081 contrario
1973 1025 2139 1079 animi

571 1122 926 1177 facultatibus
960 1120 1308 1177 eﬂiciuntur:
1343 1135 1465 1190 quae
1517 1118 1639 1187 quis
1675 1115 2139 1178 animadvertens,

570 1230 677 1271 non
731 1214 1054 1285 cogitaverit
1105 1213 1395 1283 quemdam
1446 1212 1705 1282 populum
1756 1210 2053 1263 animatum
2087 1209 2141 1262 in

570 1306 752 1376 seipso
782 1305 1020 1359 coitione
1059 1303 1293 1374 quadam
1326 1310 1730 1356 coarctatarum
1762 1308 1816 1354 et
1849 1312 2142 1368 compara-

571 1406 749 1449 tarum
784 1396 1009 1462 habere,
1058 1411 1182 1450 cum
1218 1410 1406 1449 eorum
1458 1408 1578 1463 quae
1608 1392 1752 1446 dicta
1788 1397 1916 1446 sunt
1947 1404 2143 1443 unum-

574 1488 830 1559 quodque
880 1486 1211 1558 permultum
1269 1500 1299 1539 a
1352 1483 1568 1539 caeteris
1628 1482 1878 1537 diﬂ‘erat?
1928 1488 1982 1536 et
2035 1496 2143 1551 qua

576 1588 729 1650 parte
757 1578 1069 1649 prmvaleat,
1130 1588 1183 1631 et
1232 1576 1287 1631 in
1326 1576 1535 1646 reliqua
1597 1572 1883 1643 imperium
1923 1571 2140 1634 habeat,

2235 388 2481 459 ἀοράτων
2511 387 2605 439 καὶ⁸
2646 384 2778 456 πρὸς
2808 383 2873 437 τά
2904 382 3064 436 ύλικα
3105 382 3251 452 πάθη
3293 378 3695 435 κατολισθαίνει
3737 380 3820 448 τῷ

2239 478 2395 550 βάρει
2420 477 2509 531 τοῦ
2543 476 2791 547 σώματος
2812 474 3212 545 καθελκομένη,
3238 473 3403 543 θυμόν
3425 490 3485 525 τε
3510 472 3603 525 καὶ
3626 471 3818 541 φόϐον,

2236 567 2409 637 λύπην
2437 584 2496 619 τε
2517 566 2609 619 καὶ
2628 564 2842 635 ἡδονὴν,
2869 562 3015 616 ἔλεον
3048 563 3141 633 καὶ
3176 563 3463 632 ἀπήνειαν,
3490 561 3681 613 ἐλπίδα
3720 561 3816 612 καὶ

2242 660 2479 729 μνήμην,
2512 658 2710 711 δειλίαν
2757 656 2849 710 καὶ
2881 655 3111 726 θράσος,
3142 655 3323 724 φιλίαν
3368 655 3462 706 xa‘t
3494 656 3651 725 μῖσος
3676 695 3690 718 ,
3723 652 3818 705 καὶ

2240 751 2416 805 πάντα
2445 750 2513 803 τὰ
2547 749 2689 803 κατὰ
2719 749 2777 802 τὺ
2805 749 3044 802 ἐναντίον
3074 749 3194 810 ταῖς
3217 747 3478 816 δυνάμεσι
3508 746 3607 815 τῆς
3639 745 3818 815 ψυχῆς

2240 843 2321 895 ἐνε
2333 841 2627 913 ργούμενα;
2659 842 2753 903 Τίς
2798 842 2905 912 ἄρα
2931 841 3271 911 κατανοήσας
3305 840 3403 891 οὐκ
3430 838 3716 905 ἐλογίσατο
3749 840 3817 909 μή

2239 950 2362 987 τινα
2388 934 2560 1004 δῆμον
2589 932 2774 1002 ψυχῶν
2816 935 2873 986 ἐν
2918 932 3094 1002 ἐαυτῴ
3123 930 3647 1001 συγκεκροτημένων
3674 920 3815 998 ἔχοι,

2242 1025 2498 1095 πάμπολυ
2546 1024 2655 1077 τῶν
2716 1026 3017 1096 εἰρημένων
3074 1024 3304 1079 ἑκάστου
3357 1023 3489 1093 πρὸς
3540 1023 3613 1075 τά
3657 1022 3819 1075 λοιπά

2241 1118 2614 1188 διαφέροντος;
2646 1117 2755 1171 Καὶ
2788 1116 2924 1171 καθὸ
2968 1116 3033 1171 ἂν
3078 1118 3345 1187 ἐπικρατῇ
3375 1114 3473 1185 τὴν
3511 1116 3656 1168 κατὰ
3688 1114 3818 1167 πάν·

2242 1227 2351 1262 των
2391 1210 2603 1280 ἔχοντος
2637 1209 2976 1273 δυναστείαν,
3024 1209 3097 1272 ὡς
3128 1210 3220 1261 καὶ
3248 1208 3380 1261 αύτὸ
3417 1208 3477 1261 τὸ
3514 1208 3819 1276 λογιστικὸν
3864 1248 3871 1253 .

2242 1303 2362 1364 ταῖς
2392 1302 2783 1371 ἐπικρατήσεσι
2814 1299 2920 1353 τῶν
2971 1299 3228 1352 τοιούτων
3271 1298 3588 1370 κινημάτων
3632 1297 3821 1351 ὑποπί-

2245 1408 2398 1445 πτειν
2431 1392 2522 1444 καὶ
2550 1390 2947 1444 ὑποτάσσεσθαι
2972 1407 2984 1420 ·
3016 1392 3108 1444 καὶ
3128 1391 3223 1461 τὴν
3256 1392 3383 1462 παρ’
3414 1390 3609 1444 ἑαυτοῦ
3638 1408 3822 1460 συνερ-

2245 1484 2369 1552 γίαν
2404 1482 2540 1554 πρὸς
2564 1481 2661 1545 τὰς
2690 1482 2941 1546 τοιαύτας
2976 1482 3153 1554 ὁρμὰς
3202 1476 3311 1535 οἷον
3342 1482 3579 1553 δεσπότῃ
3609 1485 3720 1535 τινὶ
3746 1500 3826 1534 τυ-

2250 1574 2513 1647 ραννικῶς
2548 1573 2951 1643 συνεισφέρειν;
2992 1574 3064 1627 Τὸ
3105 1569 3196 1627 οὖν
3244 1572 3561 1644 πολυμερὲς
3595 1575 3694 1627 καὶ
3736 1590 3828 1625 πο·

576 1680 635 1726 ut
671 1671 834 1726 etiam
866 1669 949 1724 vis
1003 1669 1095 1723 illa
1161 1666 1541 1723 ratiocinatrix
1590 1665 1780 1718 talium
1841 1663 2147 1717 motionum

2255 1667 2461 1731 λυειδές
2496 1666 2654 1720 τοῦτο
2685 1666 2791 1719 τῶν
2828 1666 2970 1720 κατά
3004 1666 3180 1738 ψυχὴν
3212 1669 3535 1737 νοουμένων,
3569 1667 3658 1729 τίς
3694 1668 3722 1717 ό
3754 1667 3827 1719 δι-

573 1760 1040 1817 dominationibus
1078 1767 1131 1814 et
1161 1759 1404 1829 imperiis
1440 1756 1765 1812 succumbat
1804 1761 1858 1809 et
1888 1752 2149 1829 subjicia-

575 1867 686 1917 tur,
718 1861 883 1923 atque
912 1868 979 1908 ex
1014 1853 1193 1922 scipsa
1245 1865 1400 1906 suam
1431 1849 1593 1903 etiam
1647 1860 1867 1917 Operam
1912 1842 1979 1897 ad
2013 1843 2150 1897 tales

579 1948 832 2014 impetus,
879 1942 1043 1999 veluti
1106 1941 1329 1997 domino
1391 1940 1609 1994 cuidam
1669 1935 1956 2009 tyrannico
2017 1947 2151 1987 con-

575 2038 779 2091 ducat?
814 2035 966 2090 lianc
1005 2036 1172 2106 igitur
1221 2034 1327 2086 vim
1365 2030 1724 2101 multiplicem
1775 2036 1828 2082 et
1881 2024 2154 2080 multifor-

581 2143 721 2183 mem
751 2142 939 2181 eorum
974 2141 1095 2195 quae
1148 2126 1202 2179 in
1248 2124 1431 2177 animo
1472 2122 1874 2190 intelliguntur,
1924 2117 2048 2187 quis
2087 2130 2153 2169 ex

582 2218 868 2287 Scriptura
918 2215 1185 2270 divinitus
1226 2212 1492 2291 inspirata
1544 2226 1647 2265 nos
1696 2208 1921 2263 docuit?
1959 2206 2153 2262 Utrum

577 2324 746 2363 unum
784 2306 1043 2377 quiddam
1096 2314 1183 2360 est
1230 2320 1295 2358 ex
1350 2302 1609 2357 omnibus
1650 2304 2152 2368 contemperatum,

580 2409 635 2455 et
671 2416 792 2469 qua:
821 2398 1219 2454 contrariorum
1265 2397 1407 2450 inter
1443 2410 1501 2451 se
1538 2391 1860 2462 temperatio
1906 2398 1960 2443 et
2023 2403 2156 2441 con-

593 2490 840 2562 spiratio,
878 2500 937 2545 ut
970 2488 1115 2561 quod
1148 2504 1313 2543 unum
1345 2494 1451 2550 est,
1475 2486 1641 2540 multa
1683 2483 1793 2538 sit?
1827 2481 1934 2536 Sed
1960 2479 2155 2534 borum

582 2587 822 2656 quidque
854 2584 1145 2654 separatim
1180 2583 1540 2645 intellectum,
1567 2580 1713 2634 velut
1744 2579 1798 2631 in
1827 2576 2009 2646 amplo
2028 2589 2159 2629 vase

582 2676 790 2742 aliquo,
844 2687 1040 2743 nempe
1074 2673 1257 2726 anima
1300 2672 1570 2725 inclusum
1610 2669 1731 2723 est?
1766 2666 1831 2720 Et
1879 2663 2157 2736 quomodo

584 2763 828 2814 omnium
865 2761 946 2816 sic
990 2760 1427 2815 incumbentium
1462 2773 1687 2817 sensum
1724 2772 1833 2810 non
1866 2754 2155 2817 habemus,

582 2848 921 2905 conﬁdentes
961 2848 1123 2904 simul
1163 2855 1216 2903 et
1244 2846 1624 2910 formidantes,
1661 2844 1787 2899 odio
1822 2843 2082 2897 habentes
2098 2850 2160 2896 et

2254 1757 2415 1822 δάξας
2463 1758 2609 1826 ἡμᾶς
2670 1759 2731 1809 ἐκ
2781 1757 2881 1827 τῆς
2944 1757 3303 1810 θεοπνεύστου
3360 1758 3583 1829 Γραφῆς
3630 1758 3827 1825 λόγος;

2255 1849 2389 1901 Πότε
2401 1865 2489 1919 ρον
2519 1848 2576 1901 ἓν
2601 1849 2652 1900 τί
2684 1849 2831 1901 ἐστιν
2854 1848 2911 1914 ἐξ
2936 1850 3189 1902 ἁπάντων
3211 1850 3657 1920 συγκεκραμένον
3685 1866 3699 1913 ;
3724 1851 3831 1903 Καὶ

2254 1940 2338 2001 τίς
2358 1941 2391 2009 ἡ
2414 1938 2521 1992 τῶν
2546 1938 2803 1992 ἐναντίων
2824 1939 2959 2009 πρὸς
2980 1938 3183 2008 ἄλληλα
3205 1940 3397 2010 κράσις
3414 1940 3509 1992 καὶ
3533 1940 3831 2009 σύμπνοια,

2253 2030 2329 2094 ὡς
2380 2030 2437 2083 ἒν
2477 2032 2707 2102 πρᾶγμα
2752 2029 2819 2083 τὰ
2864 2030 3031 2083 πηλλά
3074 2031 3368 2099 γενέσθαι;
3429 2031 3568 2084 Ἀλλ’
3601 2032 3833 2086 ἕκαστον

2254 2122 2459 2175 τούτων
2497 2124 2614 2176 κατ’
2648 2122 2783 2174 ἰδίαν
2813 2122 3099 2192 νοούμενον
3132 2116 3245 2175 οἷον
3285 2124 3345 2175 ἐν
3388 2121 3697 2194 πολυχὼρῳ
3731 2126 3835 2177 τινὶ

2258 2212 2463 2282 ἀγγείῳ
2508 2215 2573 2282 τῇ
2611 2212 2754 2282 ψυχῇ
2795 2211 3289 2279 κατακέκλεισται;
3326 2214 3435 2267 Καὶ
3466 2214 3580 2277 πῶς
3611 2216 3713 2267 οὐκ
3748 2216 3831 2268 ἀεὶ

2258 2303 2473 2355 πάντων
2517 2302 2590 2362 ὡς
2640 2302 2973 2372 ἐγκειμένων
3010 2303 3107 2373 τὴν
3152 2303 3401 2374 αἴσθησιν
3442 2304 3661 2375 ἔχομεν,
3709 2306 3836 2375 θαρ-

2260 2392 2479 2462 ροῦντες
2524 2392 2638 2462 ἅμα
2675 2394 2766 2445 καὶ
2807 2392 3218 2465 δειλαινόμενοι,
3269 2395 3551 2465 μισοῦντές
3596 2413 3658 2447 τε
3706 2398 3825 2449 κατ’

2258 2485 2421 2537 αὐτὸν
2456 2486 2548 2538 καὶ
2597 2487 2866 2556 ἡδόμενοι,
2904 2488 2997 2541 καὶ
3032 2488 3139 2541 τῶν
3186 2488 3361 2542 ἄλλων
3390 2488 3607 2542 πάντων
3641 2506 3834 2557 συγκε-

2259 2576 2496 2647 χυμένην
2527 2578 2621 2629 καὶ
2648 2577 3102 2649 ἀναμεμιγμένην
3134 2577 3278 2633 ἔνδον
3310 2579 3407 2650 τὴν
3439 2580 3655 2650 κίνησιν
3691 2579 3834 2649 ἔχον-

2257 2685 2349 2729 τες
2375 2680 2389 2695 ⁸
2424 2667 2537 2720 ἀλλ’
2575 2667 2678 2721 άνά
2732 2668 2896 2740 μέρος
2946 2669 3123 2723 αὐτῶν
3162 2670 3259 2741 τὴν
3290 2671 3611 2725 δυναστείαν
3654 2674 3830 2741 ἐπιγι-

2259 2758 2561 2830 νώσκομεν,
2592 2761 2717 2814 ὅταν
2753 2762 3099 2833 ἐπικρατήσῃ
3142 2780 3194 2815 τι
3219 2762 3422 2816 τούτων
3453 2764 3835 2833 ἡσυχαζόντων

2258 2851 2366 2905 τῶν
2387 2851 2586 2921 ἄλλων;
2634 2852 2726 2916 Τίς
2758 2852 2814 2905 δὲ
2845 2854 2979 2917 ὅλως
3011 2856 3103 2908 καὶ
3136 2857 3169 2926 ὴ
3204 2854 3448 2918 σύνθεσις
3480 2857 3570 2908 καὶ
3597 2858 3633 2927 ὴ
3658 2855 3834 2909 διάθε-

587 2939 898 3013 diligentes,
947 2938 1196 2994 dolentes
1224 2946 1278 2993 et
1322 2937 1644 3008 gaudentes,
1678 2942 1731 2988 et
1768 2933 2000 2987 aliorum
2042 2946 2154 2986 om-

2263 2960 2347 3006 σις
2373 2942 2509 3014 αὕτη
2533 2984 2547 3008 ,
2592 2946 2682 2998 καὶ
2727 2944 3020 3008 πολύκενος
3049 2948 3105 2998 ἐν
3136 2948 3269 3017 ἡμῖν
3312 2947 3621 3019 εὐρυχωρία
3652 2987 3665 3009 ,
3700 2947 3835 3001 ὥστε

586 3033 737 3087 nium
769 3031 1058 3087 confusum
1095 3037 1150 3084 et
1178 3031 1497 3099 permistum
1529 3027 1676 3081 intus
1708 3032 1915 3078 motum
1947 3022 2159 3078 baben-

588 3136 691 3190 tes,
724 3124 818 3181 sed
855 3123 1224 3195 particulatim
1259 3122 1503 3193 ipsorum
1542 3119 1837 3191 potentiam
1871 3116 2162 3185 cognosci-

590 3234 735 3283 mus,
765 3233 889 3273 cum
927 3216 1132 3286 aliquid
1164 3216 1379 3277 borum,
1410 3212 1534 3267 aliis
1556 3209 1989 3283 quiescentibus,
2023 3222 2163 3277 prae-

586 3311 725 3366 valet
776 3317 829 3365 et
878 3308 1200 3378 exsuperat?
1249 3305 1509 3372 Quaznam
1568 3304 1788 3374 penitus
1834 3300 2163 3370 compositio

590 3403 705 3456 [nec
740 3407 795 3455 et
829 3398 1141 3469 dispositio,
1187 3404 1351 3465 atque
1399 3394 1627 3447 multum
1678 3392 1858 3446 inanis
1904 3392 1958 3443 in
2004 3391 2161 3444 nobis

587 3493 829 3563 spatiosa
857 3490 1153 3561 capacitas,
1187 3487 1261 3540 ita
1295 3493 1353 3539 ut
1382 3485 1579 3554 cuique
1610 3483 1865 3552 proprius
1900 3483 2052 3536 locus
2091 3482 2164 3536 sit

589 3584 930 3653 assignatus,
963 3580 1112 3634 velut
1144 3575 1474 3647 quibusdam
1515 3574 1710 3629 mediis
1753 3582 1806 3629 et
1856 3574 2162 3643 interjectis

590 3670 909 3742 sepimentis
950 3669 1229 3740 prohibito
1277 3665 1407 3721 ferri
1442 3664 1509 3717 ad
1554 3664 1718 3718 vicini
1762 3664 2162 3719 commercium

587 3775 645 3819 et
672 3762 1152 3819 commistionem?
1182 3759 1297 3815 Hoc
1342 3760 1505 3815 etiam
1544 3758 1722 3827 ipsum
1768 3757 1812 3811 si
1845 3772 1943 3827 per
1973 3771 2161 3811 essen-

588 3858 724 3910 tiam
761 3856 842 3907 ira
872 3852 1145 3919 subsistit,
1181 3852 1266 3906 vel
1296 3857 1496 3914 melus,
1516 3848 1601 3902 vel
1631 3848 1838 3917 reliqua
1867 3862 1987 3917 quze
2016 3846 2163 3899 dicta

590 3956 742 4015 sunt,
776 3947 860 4001 vel
883 3959 1131 4017 quamam
1158 3944 1431 3998 motiones
1457 3956 1562 3995 non
1591 3940 1957 3995 subsistentes
1987 3940 2164 3995 exsis-

540 4066 543 4069 η
591 4049 735 4107 lunt,
775 4040 899 4109 quis
954 4051 1135 4093 sermo
1184 4032 1593 4104 explanaverit?
1646 4030 1703 4084 Si
1755 4030 1901 4084 enim
1950 4044 2047 4097 per
2104 4043 2164 4083 se

591 4133 924 4195 subsistunt,
960 4144 1069 4184 non
1099 4143 1208 4182 una
1239 4133 1325 4181 est
1380 4123 1581 4187 anima,
1618 4121 1759 4177 sicut
1803 4120 2008 4175 dictum
2056 4127 2163 4185 est,

590 4226 687 4282 sed
728 4223 977 4293 quaedam
1028 4220 1335 4274 animarum
1393 4215 1447 4268 in
1486 4213 1645 4268 nobis
1695 4212 1865 4266 coitio
1912 4226 2161 4282 compre-

2262 3035 2475 3105 ἑκάστῳ
2506 3037 2602 3106 τὴν
2632 3036 2762 3089 ἰδίαν
2797 3035 2979 3107 χώραν
3012 3037 3406 3107 ἀποταχθῆναι,
3439 3036 3548 3091 οἷόν
3588 3054 3700 3091 τισι
3743 3038 3836 3108 μέ-

2268 3142 2376 3189 σοις
2401 3128 2491 3179 καὶ
2520 3126 2923 3197 διατειχίσμασι
2945 3127 3271 3200 κωλυομένῳ
3298 3128 3431 3200 πρὸς
3446 3128 3542 3199 τὴν
3561 3128 3839 3198 ἐπιμιξίαν

2262 3216 2355 3269 τοῦ
2388 3217 2626 3285 γείτονος
2652 3236 2665 3283 ;
2696 3218 2837 3271 Αὐτὸ
2864 3218 2920 3271 δὲ
2952 3219 3128 3283 τοῦτο,
3157 3222 3205 3273 εἰ
3240 3222 3358 3274 κατ’
3393 3220 3579 3274 οὖσίαν
3606 3220 3839 3288 ὑφέστη-

2264 3324 2356 3359 κεν
2381 3308 2409 3360 ό
2452 3307 2651 3378 θυμὸς,
2681 3308 2711 3378 ἦ
2739 3310 2766 3361 ό
2791 3310 2970 3378 φόϐος,
2999 3312 3032 3381 ἢ
3073 3312 3166 3364 καὶ
3199 3312 3264 3365 τὰ
3290 3311 3452 3365 λοιπὰ
3482 3312 3591 3365 τῶν
3624 3313 3839 3383 είρημὲο

2262 3416 2386 3462 νων,
2423 3399 2455 3468 ἦ
2486 3415 2628 3461 τινες
2666 3401 3028 3455 ἀνυπόστατοι
3053 3404 3291 3473 κινήσεις
3315 3404 3642 3475 τυγχάνουσι
3661 3446 3676 3472 ,
3707 3405 3790 3468 τίς
3816 3402 3842 3456 ὃ

2262 3489 2654 3560 διερμηνεύσας
2700 3491 2888 3558 λόγος;
2925 3494 2987 3544 Εἰ
3033 3493 3131 3562 μέν
3169 3494 3276 3565 γὰρ
3329 3495 3727 3565 ύφεστήκασιν,
3780 3493 3838 3547 οὒ

2266 3574 2362 3643 μία
2420 3574 2599 3647 ψυχὴ,
2654 3577 2834 3640 καθὼς
2898 3578 3153 3650 εἴρηται,
3198 3581 3334 3635 ἀλλά
3380 3600 3433 3633 τι
3483 3584 3837 3652 συγκρότημα

2262 3664 2447 3737 ψυχῶν
2483 3670 2540 3721 ἐν
2583 3670 2711 3739 ἡμῖν
2756 3669 3175 3741 περιείληπται,
3227 3671 3458 3724 ἑκάστου
3508 3671 3717 3724 τούτων
3765 3674 3837 3733 εἰς

2266 3758 2567 3821 ἰδιάζουσαν
2606 3761 2699 3813 καλ⁸
2731 3763 3247 3833 περιγεγραμμένην
3276 3762 3451 3833 ψυχὴν
3480 3762 3839 3832 ἀποκεκριμέο

2263 3866 2375 3906 νου.
2429 3849 2492 3903 Εἰ
2544 3850 2599 3903 δέ
2640 3869 2761 3905 τινα
2816 3853 3029 3924 κίνησιν
3064 3855 3430 3907 ἀνυπόστατον
3478 3854 3690 3907 οἴεσθαι
3740 3856 3838 3927 χρὴ

2261 3940 2435 3995 ταῦτα
2457 3937 2617 4008 εἶναι,
2649 3942 2763 4005 πῶς
2786 3948 3119 4015 κατακρατεῖ
3142 3945 3233 3998 καὶ
3252 3946 3565 3999 δυναστεύει
3599 3949 3633 4018 ἡ
3643 3948 3758 4017 μῶν
3786 3949 3839 3999 τὸ

2264 4033 2629 4107 ἀνύπαρκτον,
2670 4035 2924 4108 καθάπερ
2959 4037 3022 4091 ὲκ
3063 4039 3371 4109 τυραννίδος
3400 4041 3550 4110 ἡμᾶς
3577 4040 3838 4094 δουλωσά-

2266 4140 2448 4193 μενον,
2495 4125 2686 4195 ὅτιπερ
2718 4125 2781 4179 ἂν
2827 4126 3030 4182 τούτων
3068 4129 3491 4199 κατακρατῆσαν
3520 4128 3696 4201 τύχῃς
3731 4130 3833 4182 Καὶ

2263 4216 2312 4266 εἰ
2332 4215 2518 4285 νοητόν
2541 4215 2592 4267 τί
2609 4217 2752 4267 ἐστιν
2784 4217 2814 4286 ἡ
2840 4216 3006 4287 ψυχὴ,
3036 4219 3151 4280 πῶς
3179 4221 3235 4271 ἐν
3262 4219 3339 4288 τῷ
3360 4220 3535 4289 νοητῷ
3562 4219 3835 4288 θεωρεῖται

588 4322 762 4376 liensa
800 4324 908 4380 est,
953 4328 1077 4369 cum
1114 4312 1310 4366 Imt‘um
1361 4306 1602 4378 quidque
1632 4306 1684 4359 in
1726 4304 2076 4375 peculiarem,
2108 4315 2154 4359 et

2268 4304 2329 4357 τὸ
2363 4304 2666 4376 πολυμερές
2708 4324 2761 4359 τε
2806 4308 2900 4361 καὶ
2941 4308 3210 4372 σύνθετον,
3257 4312 3401 4375 ἰδίως
3438 4312 3539 4382 τῆς
3579 4315 3831 4383 τοιαύτης

588 4405 1060 4473 circumscriptam
1116 4404 1350 4454 animam
1392 4403 1661 4452 secretum
1710 4397 1784 4450 sit
1838 4410 1901 4449 ac
1931 4394 2170 4449 distinc-

589 4507 729 4554 tum.
771 4496 927 4564 Quod
959 4496 1006 4551 si
1049 4491 1342 4565 quamdam
1382 4490 1678 4544 motionem
1710 4503 1830 4558 qum
1869 4487 2171 4541 subsistere

592 4597 854 4661 nequeat,
897 4589 1013 4643 haec
1060 4602 1162 4641 nos
1196 4594 1388 4654 putare
1422 4591 1673 4652 oportet;
1706 4579 1979 4650 quomodo
2026 4578 2171 4650 quod

594 4697 705 4737 non
739 4679 1110 4736 essentialiter
1143 4676 1393 4740 exsistit,
1425 4674 1586 4728 nobis
1620 4672 1931 4727 dominatur
1975 4680 2030 4724 et
2066 4672 2169 4724 im-

595 4782 771 4844 perat,
814 4782 1071 4842 tanquam
1118 4785 1181 4825 ex
1237 4766 1524 4838 tyrannide
1577 4780 1677 4820 nos
1729 4765 1784 4817 in
1841 4764 2161 4819 servitutem

594 4866 841 4928 trahens,
891 4861 1261 4933 quodcunque
1320 4859 1514 4911 lmruui
1567 4854 1949 4927 praevaluerit?
1998 4854 2063 4907 Et
2118 4855 2163 4910 si

596 4956 780 5009 anima
809 4954 941 5023 quid
983 4960 1067 5008 est
1108 4950 1253 5021 quod
1290 4959 1469 5003 mente
1504 4947 1855 5017 percipiatur,
1889 4946 2165 5018 quomodo

599 5048 655 5100 in
687 5044 1042 5115 intelligibili,
1078 5041 1222 5112 quod
1251 5040 1440 5094 multis
1471 5037 1765 5092 conﬂatum
1801 5046 1883 5092 est
1916 5037 2164 5106 partibus

596 5144 651 5189 et
673 5133 1058 5205 compositum,
1089 5139 1266 5201 potest
1302 5127 1666 5190 considerari,
1698 5141 1822 5180 cum
1854 5127 1979 5180 talis
2013 5128 2163 5180 notio

2266 4395 2469 4457 ἐννοίας
2502 4396 2651 4466 παρά
2700 4396 2797 4461 τὰς
2830 4400 3142 4469 σωματικάς
3175 4399 3376 4464 ταύτας
3399 4403 3691 4473 ποιότητας
3718 4405 3836 4457 θεω-

2274 4486 2577 4558 ρουμένης;
2622 4490 2685 4541 Ἠ
2720 4490 2774 4542 δέ
2807 4490 3069 4562 αὐξητικὴ
3100 4490 3326 4561 δύναμις
3354 4494 3451 4565 τῆς
3475 4494 3675 4566 ψυχῆς,
3712 4498 3747 4566 ἦ
3780 4512 3831 4547 τε

2266 4579 2556 4650 ὀρεκτικὴ,
2612 4580 2705 4633 καὶ
2756 4581 3046 4653 θρεπτικὴ,
3084 4586 3178 4636 καὶ
3229 4585 3554 4658 ἀλλοιωτικὴ
3583 4628 3597 4650 ,
3650 4591 3741 4640 καὶ
3779 4587 3832 4639 τὸ

2267 4669 2443 4723 πάντα
2467 4671 2563 4740 μὲν
2588 4670 2656 4723 τὰ
2679 4672 2772 4725 τοῦ
2793 4673 3040 4743 σώματος
3066 4676 3379 4746 τρέφεσθαι,
3409 4679 3483 4749 μὴ
3514 4678 3599 4731 διὰ
3629 4680 3830 4732 πάντων

2266 4759 2323 4813 δὲ
2353 4760 2559 4832 διήκειν
2605 4763 2701 4835 τὴν
2750 4765 3029 4835 αἴσθησιν·
3066 4767 3179 4821 ἀλλ’
3223 4768 3419 4839 ἐπίσης
3464 4772 3578 4833 τοῖς
3615 4770 3831 4839 ἀψύχοις

2270 4852 2387 4907 ἔνια
2418 4854 2525 4906 τῶν
2571 4856 2629 4906 ἐν
2671 4858 2802 4927 ἡμῖν
2829 4856 3076 4928 ἀμοιρεῖν
3123 4860 3223 4930 τῆς
3252 4862 3556 4932 αἰσθήσεως
3586 4902 3601 4921 ,
3642 4862 3833 4914 ὀστέων

2269 4949 2363 5000 καὶ
2391 4948 2646 5019 χόνδρων,
2682 4948 2888 5020 ὀνύχων
2922 4969 2980 5004 τε
3012 4954 3104 5007 καὶ
3130 4954 3351 5025 τριχῶν,
3378 4955 3471 5010 καὶ
3494 4957 3834 5027 τρεφομένων

2268 5039 2361 5090 καὶ
2388 5038 2493 5092 οὐκ
2526 5040 2944 5112 αἰσθανομένων.

600 5230 814 5299 absque
842 5225 1123 5296 corporeis
1171 5223 1258 5277 his
1325 5221 1681 5291 qualitatibus
1721 5219 1938 5287 proprie
1984 5220 2219 5287 spectari
2260 5222 2495 5281 debeat?
2540 5226 2605 5280 Et
2638 5229 2846 5282 auctrix
2890 5228 3084 5282 animae
3124 5228 3387 5298 potentia,
3436 5238 3491 5284 et
3524 5230 3833 5300 appetitrix,

600 5334 655 5378 et
684 5322 869 5387 altrix,
924 5328 980 5374 et
1023 5316 1385 5377 immutatrix,
1433 5322 1486 5367 ct
1519 5312 1661 5383 quod
1714 5311 1897 5365 omnia
1949 5310 2167 5380 quidem
2208 5321 2454 5388 corporis
2485 5324 2725 5376 membra
2760 5323 3099 5387 nutriuntur,
3128 5333 3439 5377 nontamen
3499 5337 3597 5390 per
3662 5321 3839 5375 omnia

601 5430 803 5473 sensus
839 5418 1114 5486 penetrat,
1148 5408 1250 5465 sed
1290 5424 1444 5476 aeque
1485 5422 1548 5461 ac
1594 5420 1715 5473 quae
1781 5412 1909 5458 sunt
1952 5404 2213 5471 inanima,
2271 5415 2533 5468 nonnulla
2578 5416 2631 5469 in
2678 5416 2836 5471 nobis
2876 5432 3041 5471 sensu
3092 5424 3302 5482 carent,
3350 5413 3664 5484 cuiusmodi
3718 5419 3840 5469 sunt

602 5526 753 5573 ossa,
783 5508 1151 5578 cartilagines,
1188 5519 1420 5575 ungues,
1450 5513 1501 5557 et
1531 5501 1644 5571 pili,
1676 5515 1796 5569 quae
1821 5500 2044 5553 aluntur
2068 5516 2169 5556 nec
2203 5506 2463 5562 sentiunt.

674 5600 1120 5669 Seutiperfcctam
1174 5600 1341 5673 igitur
1390 5598 1585 5653 animae
1617 5595 2008 5666 Operationem,
2047 5597 2169 5666 quis

2347 5608 2455 5679 Τὴν
2480 5608 2571 5665 οὖν
2589 5608 2816 5681 ἡμιτελῆ
2846 5607 2945 5679 τῆς
2972 5606 3149 5679 ψυχῆς
3177 5602 3496 5671 ἐπὶετούτων
3560 5601 3841 5673 ἐνέργειαν
