4046 6150
324 190 429 246 949

1448 182 1724 239 CONTRA
1762 172 2151 251 EUNOMIUM,
2193 184 2324 239 LIB.
2368 185 2480 241 ΧΠ.

3478 193 3580 247 95.)

325 298 410 361 τίς
444 298 473 351 6
504 300 872 369 κατανοήσας,
900 296 1017 351 εἰπέ
1050 314 1171 368 μοις
1200 298 1309 353 Καὶ
1347 299 1399 349 τί
1432 299 1560 369 περὶ
1589 298 1686 367 τῆς
1728 299 1900 369 ψυχῆς

2012 307 2095 354 εει
2128 299 2219 353 ille
2249 300 2343 369 qui
2384 303 2557 368 novit,
2589 302 2677 357 dic
2720 303 2889 357 mihi?
2917 302 2980 357 Et
3012 302 3142 373 quid
3172 304 3240 360 de
3270 303 3453 360 anima
3500 310 3577 365 lo-

327 388 501 456 λὲγω;
535 390 670 443 Ἀλλ’
693 390 808 442 οὐδὲ
824 392 923 461 τῆς
938 390 1136 461 σαρκὸς
1149 391 1317 460 αὐτῆς
1337 390 1434 453 τὰς
1453 389 1767 461 σωματικὰς
1784 391 1906 445 ἀνα-

324 480 665 552 δεδειγμένον
682 483 967 552 ποιότητας
981 485 1200 555 ὲναργεῖ
1211 500 1313 536 τινι
1326 484 1622 553 καταλήψει
1640 482 1798 553 μέχρι
1810 481 1903 535 τοῦ

326 572 489 643 δεῦρο
522 573 835 645 τεθήραται.
877 575 1000 627 Ἐἀν
1017 575 1125 645 γάρ
1153 593 1235 638 τις
1252 574 1486 645 τῷλόγῳ
1502 576 1561 626 τὸ
1586 574 1905 644 φαινόμενον

326 665 408 727 είς
427 664 494 717 τά
510 664 565 730 ἐξ
583 658 654 717 ὧν
676 665 958 732 σύγκειται
976 665 1223 737 διαλύσῃ,
1249 668 1342 718 καὶ
1357 666 1597 735 ψιλώσας
1623 667 1728 718 τῶν
1754 683 1903 718 ποιο-

326 758 501 826 τήτων
518 758 601 826 ἐφ’
620 758 813 811 ἑαυτοῦ
832 759 1163 828 κατανοῆσαι
1184 758 1602 832 φιλονεικήσῃτὸ
1620 759 1905 828 ὑποκείμε-

326 864 435 910 νον,
454 847 503 900 τί
521 848 994 919 καταληφθήσεται
1008 852 1072 919 τῇ
1092 849 1294 921 θεωρίᾳ
1308 850 1367 902 ού
1382 850 1903 920 συνορῶ.”οτανγάρ

323 938 501 1011 ἀφέλῃ
534 938 625 991 τοῦ
648 938 898 1009 σώματος
922 940 981 992 τὸ
1005 940 1224 1010 χρῶμα,
1244 939 1303 993 τὸ
1330 941 1535 1010 σχῆμα,
1561 941 1660 1011 τὴν
1683 942 1903 993 ἀντιτυ-

326 1028 475 1095 πίαν,
510 1030 570 1081 τὸ
595 1030 779 1100 βάρος,
806 1032 903 1102 τὴν
930 1032 1282 1102 πηλικότητα,
1313 1031 1409 1103 τὴν
1427 1034 1520 1086 ἐπὶ
1538 1032 1703 1086 τόπου
1731 1032 1899 1101 θέσιν,

322 1121 423 1191 τὴν
440 1120 781 1193 κίνησιν,τὴν
798 1123 1107 1193 παθητικήν
1117 1140 1175 1175 τε
1197 1125 1287 1176 καὶ
1301 1124 1384 1175 ἐνε
1393 1122 1679 1194 ργητικὴν,
1695 1122 1754 1174 τὸ
1765 1127 1904 1192 πρός

324 1213 378 1265 τί
432 1231 547 1276 πως
593 1212 767 1284 ἔχειν·
804 1207 877 1268 ὧν
914 1216 1141 1268 ἕκαστον
1186 1216 1338 1269 οὐδὲν
1391 1216 1476 1283 ἐφ’
1507 1214 1699 1268 ἐαυτοῦ
1742 1212 1901 1283 σῶμά

327 1305 468 1370 ἐστι,
513 1305 642 1375 περὶ
675 1306 730 1357 δὲ
751 1305 811 1358 τὸ
845 1306 1004 1375 σῶμα
1048 1306 1114 1358 τὰ
1155 1305 1352 1371 πάντα,
1386 1306 1437 1358 τί
1482 1305 1666 1359 λοιπὸν
1692 1306 1843 1359 ἔσται
1872 1305 1900 1358 ὃ

324 1390 418 1443 τὸν
458 1390 551 1443 τοῦ
601 1390 849 1461 σώματος
898 1393 1108 1463 δέχεται
1141 1394 1341 1462 λόγον;
1384 1396 1521 1447 Οὔτε
1568 1395 1636 1447 δι’
1685 1396 1899 1449 ἐαυτῶν

326 1481 562 1535 συνιδεῖν
619 1481 850 1551 ἔχομεν,
918 1482 1037 1537 οὔτε
1087 1485 1238 1555 παρά
1296 1488 1394 1556 τῆς
1445 1486 1669 1556 Γραφῆς
1722 1503 1901 1556 μεμα-

325 1572 595 1642 θήκαμεν.
643 1574 701 1625 Ὀ
739 1574 782 1626 δ’
807 1575 995 1627 ἑαυτὸν
1025 1574 1255 1642 ἀγνοῶν,
1292 1575 1409 1638 πῶς
1442 1574 1505 1628 ἀν
1528 1593 1580 1628 τι
1618 1576 1726 1628 τῶν
1761 1576 1899 1648 ὑπὲρ

322 1662 487 1714 αὐτὸν
516 1662 762 1734 ἐπιγνοίη
786 1679 799 1728 ;
832 1664 942 1717 Kal.
969 1666 995 1717 6
1025 1667 1090 1735 τῇ
1116 1666 1242 1735 περὶ
1269 1665 1436 1719 αὐτοῦ
1471 1667 1663 1738 ἀγνοίᾳ
1688 1645 1900 1738 προσει-
1930 1645 1973 1701 Β

324 1752 578 1822 θισμένος
599 1793 614 1817 ,
645 1749 753 1823 ἆρα
807 1756 927 1825 οὐχὶ
971 1757 1219 1828 φανερῶς
1253 1758 1320 1810 δι’
1350 1759 1512 1812 αὐτοῦ
1538 1761 1727 1812 τούτου
1758 1759 1902 1812 διδά-

322 1861 514 1899 σκεται
535 1845 669 1915 πρὸς
702 1846 867 1915 μηδὲν
889 1847 995 1901 τῶν
1024 1847 1220 1913 ἔξωθεν
1245 1852 1746 1922 ἀποκεκρυμμένων
1763 1851 1902 1918 ξενί-

317 1935 514 2002 ζεσθαι
536 1954 549 2002 ;
572 1938 669 1991 Διά
694 1938 854 1992 τοῦτο
877 1941 970 1993 καὶ
997 1941 1065 1993 τὰ
1087 1941 1178 1994 τοῦ
1204 1942 1407 2012 κόσμου
1420 1946 1686 2014 στοιχεῖα,
1710 1948 1775 2015 τῇ
1802 1944 1899 2014 μὲν

323 2028 571 2098 αἰσθήσει
611 2028 861 2082 τοσοῦτον
899 2032 1258 2101 γινώσκομεν,
1290 2034 1414 2085 ὅσον
1445 2033 1504 2085 τὸ
1545 2035 1635 2103 ἀφ’
1668 2035 1898 2088 ἑκάστου

322 2119 595 2188 χρήσιμον
630 2118 767 2188 πρὸς
804 2118 901 2188 τὴν
932 2120 1073 2189 ζωὴν
1099 2120 1254 2189 ήμῶν
1286 2121 1553 2190 δέχεσθαι.
1586 2122 1691 2173 Τὸν
1714 2121 1768 2173 δὲ
1802 2122 1901 2191 τῆς

321 2207 507 2270 οὐσίας
541 2209 718 2263 αὐτῶν
752 2208 938 2276 λόγον,
972 2209 1093 2261 οὔτε
1135 2210 1429 2281 ἐμάθομεν,
1462 2210 1583 2264 οὔτε
1609 2212 1669 2263 τὸ
1705 2211 1779 2282 μὴ
1820 2214 1898 2265 εί-

321 2298 468 2352 δέναι
496 2299 696 2368 ζημίαν
727 2300 1045 2370 ποιούμεθα.
1079 2302 1143 2353 Τί
1173 2301 1280 2372 γάρ
1311 2320 1400 2372 μοι
1429 2302 1899 2373 πολυπραγμονεῖν

321 2392 417 2445 τοῦ
446 2394 615 2463 πυρὸς
631 2393 728 2463 τὴν
754 2391 935 2461 φύσιν,
963 2393 1075 2456 πῶς
1097 2394 1425 2463 ἐκτρίϐεται,
1450 2394 1566 2458 πῶς
1587 2395 1897 2463 ἐξάπτεται,

322 2483 442 2547 ¹πῶς
478 2478 575 2554 τῆς
621 2484 1030 2554 παρακειμένης
1066 2484 1432 2555 δρασσόμενον
1461 2485 1626 2551 ὕλης,
1657 2488 1717 2539 ού
1766 2488 1899 2558 πρό-

321 2593 481 2647 τερον
516 2577 823 2647 ἀποχωρεῖ,
856 2576 982 2646 πρὶν
1015 2576 1299 2645 διαφαγεῖν
1336 2578 1431 2630 καὶ
1472 2577 1809 2641 ἐξαναλῶσαι
1838 2578 1899 2631 τὸ

322 2667 679 2737 ὑποκείμενον
706 2684 720 2732 ;
753 2667 872 2730 πῶς
899 2666 1148 2721 λανθάνει
1195 2670 1223 2720 6
1258 2668 1489 2739 σπινθὴρ
1531 2668 1607 2739 τῷ
1649 2669 1780 2740 λίθῳ
1808 2672 1899 2738 ἐγ-

321 2758 573 2828 κείμενος
596 2775 611 2822 ;
640 2758 762 2821 Πῶς
786 2758 990 2829 ψυχρὸς
1007 2758 1081 2811 ὢν
1109 2762 1217 2822 τοῖς
1248 2760 1571 2829 ἁπτομένοις
1595 2763 1623 2813 6
1659 2761 1895 2833 σίδηρος,

322 2846 598 2917 ἀπογεννᾷ
634 2846 730 2917 τὴν
761 2848 964 2917 φλόγα;
994 2848 1118 2912 Πῶς
1148 2850 1441 2920 τριϐόμενα
1465 2851 1599 2921 πρὸς
1638 2852 1806 2905 ἐαυτά
1830 2853 1897 2907 τά

323 2934 457 3000 ξύλα
498 2935 606 3007 πῦρ
650 2934 1008 3003 ἀνάπτουσιν;
1042 2937 1166 2999 Πῶς
1211 2937 1531 3005 ἀπαυγάζον
1567 2940 1625 2991 ἐν
1674 2939 1807 3011 ἡλίῳ
1837 2940 1897 2993 τὸ

324 3028 470 3098 ὕδωρ
495 3028 666 3097 φλόγα
694 3029 872 3093 ποιεῖ;
901 3026 1011 3099 Τῆς
1038 3045 1097 3080 τε
1124 3028 1216 3080 ἐπὶ
1244 3027 1304 3080 τὸ
1333 3028 1444 3081 ἀνω
1475 3031 1644 3099 φορᾶς
1681 3029 1778 3101 τὴν
1811 3032 1897 3085 αί-

317 3118 463 3179 τίαν,
522 3119 612 3171 καὶ
656 3119 755 3189 τὴν
801 3118 1108 3187 ἀεικίνητον
1149 3118 1406 3189 δύναμιν,
1457 3120 1550 3171 καὶ
1604 3120 1784 3174 πάντα
1825 3120 1895 3174 τά

318 3211 543 3265 τοιαῦτα
589 3211 853 3281 παρέντες
884 3212 1354 3281 πολυπραγμονεῖν
1378 3229 1438 3264 τε
1472 3211 1565 3264 καὶ
1600 3212 1893 3277 ἐξετάζειν,

324 3300 482 3371 μόνον
512 3300 571 3354 τὸ
586 3302 678 3353 ἀπ’
699 3300 862 3353 αὑτοῦ
884 3301 1152 3371 χρήσιμον
1173 3302 1251 3363 εἰς
1280 3300 1369 3353 τὸν
1401 3300 1515 3369 βίον
1538 3302 1716 3353 αὐτῶν
1740 3303 1895 3372 ἐνοή-

319 3406 523 3461 σαμενο
549 3392 750 3454 εἰδότες
777 3393 856 3443 ὅτι
887 3392 1036 3444 οὐδὲν
1059 3391 1275 3445 ἔλαττον
1300 3391 1409 3461 ἔχει
1432 3391 1526 3445 τοῦ
1574 3390 1892 3463 πολυπραγ-

320 3483 608 3555 μονοῦντος
632 3525 647 3551 ,
680 3484 707 3534 6
739 3484 1109 3555 ἀπραγμόνως
1141 3483 1239 3553 τὴν
1279 3482 1547 3553 ὠφέλειαν
1589 3485 1892 3554 δεχόμενος.

316 3584 428 3638 tes,
461 3584 669 3629 tantum
708 3576 852 3645 quod
883 3592 949 3629 ex
986 3576 1583 3645 ipso.emolumentum
1628 3578 1749 3646 capi
1794 3585 1995 3647 potest,
2034 3577 2101 3631 ad
2129 3577 2296 3631 vitam
2361 3586 2605 3632 nostram
2678 3577 3055 3647 cognovimus,

2006 390 2182 460 quor?
2211 388 2315 445 Sed
2352 407 2528 461 neque
2553 394 2738 447 carnis
2757 394 2931 463 ipsius
2959 408 3258 464 corporeas
3283 398 3579 466 qualitates

2006 482 2411 539 demonstralas
2447 484 2686 539 evidenti
2716 486 2897 555 aliqua
2937 494 2990 541 et
3022 481 3169 540 clara
3217 490 3579 558 comprehen-

2005 576 2161 630 sione
2200 585 2430 631 venatus
2457 584 2561 631 est.
2596 578 2652 632 Si
2700 579 2844 632 enim
2878 579 3000 648 quis
3034 580 3267 643 ratione,
3308 581 3455 651 quod
3484 597 3579 655 ap-

2006 674 2160 735 paret
2210 666 2265 719 in
2298 681 2357 720 ea
2388 682 2454 722 ex
2491 669 2692 736 quibus
2738 669 3108 738 componitur,
3152 670 3484 735 dissolverit,
3525 680 3578 727 et

2004 758 2309 826 subjectum
2330 760 2684 827 qualitatibus
2714 760 3047 815 denudatum
3085 762 3138 815 in
3162 763 3344 832 seipse
3380 779 3579 835 cogno-

2006 863 2164 903 scere
2224 850 2587 916 contenderit,
2636 850 2766 919 quid
2799 852 2900 906 hac
2929 853 3299 922 speculatione
3327 869 3577 924 compre-

2003 926 2260 993 henderit
2292 954 2400 994 non
2448 939 2623 993 video.
2656 939 2791 994 Cum
2823 941 2968 995 enim
3002 956 3033 995 a
3064 957 3295 1012 corpore
3330 944 3576 999 colorem

2004 1037 2060 1084 et
2106 1030 2335 1100 ﬁguram
2386 1031 2741 1097 abstraxerit,
2792 1035 3137 1101 gravitatem,
3188 1035 3574 1105 quantitatem,

2000 1121 2166 1178 situm
2209 1122 2264 1175 in
2298 1122 2439 1184 loco,
2480 1131 2687 1177 motum
2724 1125 3004 1193 passivum
3046 1136 3101 1180 et
3130 1128 3392 1191 activum,
3431 1128 3574 1181 rela-

1998 1215 2203 1267 tionem
2250 1213 2316 1268 ad
2375 1214 2603 1284 aliquid,
2651 1231 2887 1285 quorum
2937 1219 3369 1289 unumquodque
3417 1235 3483 1274 ex
3517 1235 3577 1275 se

1997 1318 2199 1374 corpus
2230 1318 2337 1357 non
2366 1314 2469 1367 est,
2509 1305 2621 1359 haec
2645 1313 2828 1361 tamen
2854 1306 3037 1360 omnia
3073 1306 3127 1360 in
3162 1322 3393 1377 corpore
3417 1324 3573 1379 spec-

1998 1398 2205 1457 tantur,
2236 1391 2369 1463 quid
2403 1392 2673 1463 reliquum
2704 1396 2829 1459 erit,
2861 1393 3007 1464 quod
3031 1396 3279 1464 corporis
3309 1397 3573 1451 rationem

2000 1483 2252 1552 suscipit,
2284 1499 2458 1554 neque
2484 1499 2579 1553 per
2607 1500 2707 1538 nos
2738 1484 2889 1555 ipsos
2921 1485 3223 1555 intelligere
3257 1501 3573 1556 possumus,

1999 1589 2175 1643 neque
2202 1588 2268 1628 ex
2304 1573 2589 1644 Scriptura
2613 1575 2928 1631 didicimus.
2968 1577 3072 1643 Qui
3112 1583 3294 1630 autem
3331 1576 3571 1646 seipsum

2004 1666 2241 1737 ignorat,
2300 1667 2574 1737 quomodo
2626 1668 2926 1738 quidquam
2988 1684 3178 1724 eorum
3242 1685 3363 1737 quae
3409 1684 3572 1739 supra

2002 1764 2131 1811 sunt
2187 1757 2364 1827 ipsum
2418 1758 2749 1829 cognoscat?
2795 1757 2898 1824 Qui
2952 1774 3084 1814 vero
3132 1760 3454 1829 ignorantia:
3488 1761 3574 1817 sui

2002 1847 2178 1917 ipsius
2210 1857 2294 1904 est
2327 1848 2691 1913 assuefactus,
2725 1864 2906 1903 annon
2951 1865 3048 1919 per
3081 1850 3186 1905 hoc
3208 1851 3387 1920 ipsum
3411 1850 3574 1906 doce-

2002 1949 2111 2004 tur,
2146 1955 2205 1995 se
2257 1938 2324 1993 ad
2365 1940 2500 1993 nihil
2551 1955 2740 1994 eorum
2790 1955 2910 2010 quae
2944 1941 3285 2021 extrinsecus
3329 1948 3457 1996 sunt
3484 1957 3576 1996 oc-

2001 2033 2147 2086 culta
2197 2042 2252 2086 et
2295 2031 2477 2085 abdita
2525 2032 2795 2087 diversari
2836 2040 2890 2087 et
2926 2033 3232 2103 hespitari?
3279 2031 3572 2103 Propterea

2001 2131 2055 2177 et
2109 2121 2301 2176 mundi
2349 2123 2619 2177 elementa
2677 2138 2842 2177 sensu
2895 2124 3281 2193 cognoscimus
3337 2133 3589 2185 tantum,

2001 2222 2268 2283 quantum
2313 2230 2380 2269 ex
2416 2229 2747 2284 unoquoque
2799 2215 3225 2269 emolumentum
3277 2215 3345 2269 ad
3408 2215 3572 2270 vitam

2000 2312 2244 2359 nostram
2274 2305 2397 2359 licet
2428 2305 2726 2375 percipere.
2769 2304 3035 2362 Essentiaa
3064 2322 3194 2361 vero
3218 2306 3462 2376 ipsorum
3494 2320 3575 2359 ra-

2002 2396 2225 2460 tionem,
2261 2411 2437 2466 neque
2468 2395 2781 2461 didicimus,
2827 2412 3003 2467 neque
3047 2398 3266 2452 nescire
3312 2396 3573 2451 damnum

2001 2486 2260 2543 facimus.
2291 2486 2433 2553 Quid
2461 2488 2605 2542 enim
2641 2486 2774 2541 mihi
2818 2488 3040 2557 prodest
3071 2488 3289 2541 curiose
3327 2498 3381 2542 et
3410 2486 3574 2542 anxie

2000 2579 2322 2651 perquirere
2385 2579 2526 2650 ignis
2581 2586 2854 2645 naturam,
2922 2578 3199 2649 quomodo
3238 2578 3572 2643 extenditur,

1999 2669 2273 2738 quomodo
2310 2668 2653 2732 accenditur,
2694 2668 2972 2738 quomodo
3014 2669 3251 2723 oblatam
3286 2668 3572 2722 materiam

1998 2757 2156 2811 avide
2184 2756 2423 2827 rapiens,
2453 2772 2561 2826 non
2592 2758 2744 2827 prius
2775 2757 3042 2823 abscedit,
3074 2773 3234 2827 quam
3266 2756 3413 2826 quod
3442 2756 3573 2811 sub-

1994 2847 2203 2916 jectum
2247 2856 2353 2915 est,
2406 2848 2720 2905 exhauserit
2768 2858 2822 2905 et
2855 2848 3259 2919 absumpserit?
3291 2847 3575 2914 Quomodo

1924 2978 1965 3037 C
2001 2939 2131 2993 latet
2166 2938 2221 2992 in
2265 2939 2419 2993 venis
2452 2940 2624 2995 silicis
2666 2941 2921 2995 abstrusa
2977 2940 3240 3003 scintilla,
3298 2936 3574 3009 quomodo

1999 3027 2203 3081 ferrum
2243 3043 2366 3081 cum
2427 3029 2498 3082 sit
2552 3029 2899 3098 tangentibus
2955 3027 3240 3100 frigidum,
3299 3028 3583 3081 ﬂammam

1997 3118 2147 3172 elicit
2191 3127 2243 3172 et
2270 3119 2531 3188 generat?
2577 3118 2865 3183 Quomodo
2897 3118 3042 3188 ligna
3094 3119 3239 3173 inter
3279 3132 3339 3171 se
3388 3115 3570 3170 attrita

1997 3210 2178 3280 ignem
2211 3211 2555 3263 accendunt“!
2600 3209 2884 3275 Quomodo
2916 3211 2971 3263 in
3011 3210 3125 3265 sole
3162 3224 3301 3279 aqua
3330 3209 3578 3279 resplen.

1995 3302 2132 3356 deus
2166 3302 2346 3371 ignem
2383 3300 2559 3355 facit?
2589 3310 2641 3355 et
2677 3301 2900 3356 lationis
2933 3316 3152 3356 sursum
3200 3316 3321 3369 qua:
3352 3300 3409 3353 lit
3445 3314 3577 3353 cau-

1998 3407 2115 3448 sam
2152 3401 2206 3447 et
2237 3391 2343 3446 vim
2391 3407 2609 3462 semper
2644 3392 2926 3456 mobilem,
2970 3399 3025 3447 et
3071 3392 3255 3446 oinnia
3306 3389 3575 3460 ejusmodi

2004 3486 2222 3540 curiose
2252 3484 2532 3555 indagare,
2565 3493 2618 3540 et
2657 3485 2816 3539 anxie
2847 3485 3127 3555 inquirere
3158 3483 3576 3554 praetermitten.

3127 3577 3364 3630 scientes
3433 3573 3579 3641 quod

315 3672 457 3726 nihil
487 3672 667 3726 minus
689 3673 914 3725 curioso
946 3671 1273 3740 inquisitore
1294 3672 1457 3725 habet
1488 3672 1600 3735 ille,
1631 3673 1724 3742 qui
1756 3674 1966 3743 absque
2005 3672 2097 3726 tali
2128 3686 2259 3726 cura
2292 3680 2344 3726 et
2371 3672 2645 3725 anxietate
2676 3671 2964 3725 utilitatem
2995 3669 3161 3739 capit.

391 3767 490 3820 Διά
522 3767 680 3820 τοῦτο
728 3766 915 3838 ὥσπερ
960 3768 1210 3837 περιττόν
1259 3785 1312 3821 τι
1360 3768 1455 3821 καὶ
1509 3768 1784 3837 ἀνωφελὲς
1838 3770 1900 3823 τὸ

317 3858 452 3929 περὶ
480 3861 579 3929 τῆς
619 3857 806 3921 ούσίας
834 3858 940 3910 τῶν
971 3858 1267 3925 γεγονότων
1302 3858 1604 3929 ἀδολεσχεῖν
1639 3860 1671 3929 ὴ
1710 3860 1897 3931 Γραφὴ

318 3948 561 4020 παρῆκε.
595 3949 702 4002 Καί
734 3966 822 4018 μοι
854 3949 999 4001 δοκεῖ
1027 3951 1103 4002 ὅτι
1140 3952 1167 4002 6
1194 3950 1291 4020 τῆς
1323 3950 1549 4022 βροντῆς
1571 3950 1685 4014 υἱὸς
1721 3951 1900 4005 Ἰωάν-

317 4055 422 4107 νης
459 4040 486 4090 6
532 4041 599 4109 τῇ
653 4039 1035 4109 μεγαλοφωνίᾳ
1080 4039 1188 4093 τῶν
1242 4041 1359 4093 κατ’
1414 4041 1573 4094 αὑτὸν
1614 4042 1899 4111 δογμάτων

321 4129 678 4199 ὑπερηχήσας
706 4131 773 4185 τὰ
808 4131 1148 4201 προλαϐόντα
1196 4131 1549 4203 κηρύγματα,
1578 4133 1736 4187 τοῦτο
1779 4136 1901 4205 νοή-

322 4236 424 4282 σας
455 4222 547 4273 ἐπὶ
585 4221 727 4273 τέλει
762 4223 858 4291 τῆς
897 4224 1255 4294 εὐαγγελικῆς
1292 4225 1552 4296 ἱστορίας,
1596 4221 1748 4278 εἶπεν
1771 4243 1785 4256 ·
1821 4226 1901 4279 ὅτι

2075 3769 2440 3835 Quamobrem
2478 3775 2536 3820 ut
2570 3766 2906 3836 superﬂuum
2939 3773 2993 3820 et
3021 3762 3211 3818 inutile
3244 3762 3311 3817 de
3338 3757 3575 3816 essentia

2003 3878 2193 3919 eorum
2237 3877 2354 3932 qua:
2384 3860 2529 3916 facta
2582 3866 2712 3913 sunt
2765 3856 2955 3927 nugari
3017 3852 3301 3922 Scriptura
3355 3860 3579 3922 prteter-

2002 3953 2171 4008 misit.
2199 3953 2275 4007 Ac
2308 3951 2438 4006 mihi
2478 3949 2694 4021 quidem
2739 3947 2956 4002 videtur
2997 3944 3141 4015 quod
3180 3942 3405 3997 tonitrui
3434 3940 3579 3996 ﬁlius

2001 4041 2259 4108 Joannes,
2292 4042 2415 4098 cum
2447 4055 2640 4112 magna
2668 4054 2801 4094 voce
2836 4052 3059 4094 suorum
3099 4036 3411 4106 dogmatum
3443 4048 3578 4103 pra:-

2004 4132 2251 4188 cedentia
2288 4132 2559 4202 praeconia
2595 4129 2946 4191 intonuisset,
2994 4127 3097 4180 hoc
3128 4124 3288 4179 etiam
3337 4122 3575 4182 novisse,

2006 4223 2134 4277 dum
2180 4224 2235 4277 in
2288 4223 2395 4277 line
2448 4220 2775 4291 evangelicae
2820 4216 3060 4271 historia:
3113 4215 3249 4269 dixit
3304 4214 3385 4278 ¹⁹,
3430 4212 3576 4281 quod

322 4308 530 4362 Πολλὰ
561 4310 691 4362 ἐστι
736 4310 804 4363 τὰ
853 4312 968 4364 ὑπὸ
1024 4311 1129 4365 τοῦ
1172 4314 1392 4381 Kvplov
1438 4314 1819 4383 γεγενημένα,
1842 4317 1900 4374 ἄ⁴

2009 4317 2176 4371 multa
2208 4317 2314 4368 sint
2346 4314 2456 4367 alia
2488 4329 2602 4381 qua:
2637 4329 2668 4364 a
2696 4310 2921 4363 Domino
2966 4316 3087 4361 sunt
3123 4306 3285 4373 facta,
3320 4319 3456 4372 quae,
3492 4303 3574 4353 in-

320 4414 479 4462 τινα,
529 4403 714 4471 φησὶν,
754 4402 862 4455 ἐὰν
899 4404 1187 4473 γράφηται
1225 4406 1354 4461 καθ’
1391 4405 1479 4472 ἓν,
1538 4407 1680 4462 οὐδὲ
1718 4409 1900 4461 αὑτὸν

2000 4409 2139 4479 quit,
2166 4404 2374 4476 singula
2412 4405 2455 4457 si
2488 4402 2861 4464 scriberentur,
2894 4414 2955 4452 ne
2983 4398 3154 4465 ipsum
3188 4393 3395 4464 quidem
3428 4409 3579 4445 mun-

320 4492 485 4561 οἶμαι
510 4495 619 4547 τὸν
652 4496 885 4564 κόσμον
913 4494 1179 4563 χωρῆσαι
1206 4498 1278 4550 τὰ
1305 4500 1641 4569 γραφόμενα
1672 4498 1901 4563 βιϐλία.

319 4582 399 4635 Οὐ
436 4584 610 4637 πάντα
652 4585 827 4637 ταῦτα
872 4585 1047 4654 λέγων
1095 4587 1235 4641 κατὰ
1281 4589 1377 4650 τὰς
1422 4590 1590 4652 ξάσεις
1634 4588 1901 4659 θαύματα,

315 4672 527 4727 τούτων
556 4675 663 4746 γὰρ
706 4676 857 4729 οὐδὲν
888 4677 1098 4746 ἀφῆκεν
1143 4678 1548 4748 ἀμνημόνευτον
1592 4681 1625 4751 ή
1661 4680 1900 4750 ἱστορία·

320 4765 372 4819 εί
404 4766 498 4819 καὶ
548 4767 621 4838 μὴ
665 4769 752 4819 ἐπ’
783 4767 1045 4837 ὀνόματος
1087 4769 1304 4822 πάντων
1336 4770 1443 4823 τῶν
1497 4770 1901 4842 τεθεραπευμέ-

317 4872 429 4909 νων
450 4857 549 4927 τὴν
582 4859 801 4928 μνήμην
832 4860 1142 4928 πεποίηται.
1177 4861 1340 4913 Ὅταν
1363 4860 1470 4931 γὰρ
1496 4858 1643 4928 λέγει
1676 4860 1901 4931 νεκροὺς

320 4949 651 5021 ἐγείρεσθαι,
697 4951 926 5018 τυφλοὺς
976 4951 1333 5018 ἀναϐλέπειν,
1390 4952 1605 5021 κωφοὺς
1660 4951 1897 5019 ἀκούειν,

319 5039 529 5110 χωλοὺς
562 5044 901 5112 περιπατεῖν,
933 5042 1026 5095 καὶ
1055 5043 1216 5095 πάλιν
1260 5042 1507 5097 ἰάσασθαι
1542 5045 1719 5096 πᾶσαν
1747 5043 1900 5097 νόσον

319 5131 419 5183 καὶ
453 5132 631 5183 πᾶσαν
665 5131 957 5201 μαλακίαν,
996 5132 1147 5185 οὐδὲν
1176 5132 1263 5185 διὰ
1310 5132 1512 5187 τούτων
1554 5132 1900 5203 ἀνιστόρητον

2000 4499 2128 4552 dum
2176 4496 2267 4566 qui
2309 4493 2660 4549 scriberentur
2697 4492 2857 4544 libros
2902 4504 3053 4558 posse
3099 4502 3283 4553 rapere
3322 4484 3573 4537 arbitror.

2000 4590 2125 4645 Ilznc
2151 4588 2330 4643 omnia
2357 4600 2480 4639 cum
2511 4582 2668 4650 dixit,
2697 4598 2805 4635 non
2829 4580 3079 4649 intelligit
3113 4591 3380 4648 aegrorum
3416 4590 3578 4629 sana—

2001 4683 2209 4735 tionum
2246 4677 2533 4738 miracula,
2562 4674 2759 4727 horum
2791 4673 2934 4728 enim
2974 4672 3180 4725 nullum
3212 4684 3320 4722 non
3345 4680 3579 4721 comme-

2008 4779 2279 4827 moratum
2306 4765 2651 4838 praetermisit
2683 4764 2930 4829 historia,
2962 4764 3063 4818 etsi
3103 4776 3210 4815 non
3253 4756 3575 4813 nominatim

2008 4859 2252 4915 omnium
2294 4868 2611 4912 sanatorum
2657 4855 2987 4909 mentionem
3039 4852 3185 4907 fecit.
3248 4850 3383 4903 Cum
3429 4850 3573 4903 enim

2008 4954 2142 5009 dicit
2168 4959 2414 5005 mortuos
2441 4947 2791 5011 exsusdtari,
2826 4962 3003 5001 caecos
3027 4945 3230 5010 videre,
3264 4942 3460 4998 surdos
3480 4956 3576 4994 au-

2007 5046 2146 5110 dire,
2175 5043 2402 5099 claudos
2432 5041 2733 5101 ambulare,
2763 5046 2817 5094 et
2852 5052 3044 5093 rursus
3070 5050 3283 5089 omnem
3324 5032 3573 5087 morbum

2008 5144 2061 5191 et
2091 5136 2403 5206 languorem
2436 5146 2684 5196 sanasse,
2726 5130 2932 5185 nullum
2970 5144 3067 5199 per
3107 5128 3222 5181 haec
3249 5122 3572 5177 miraculum

316 5222 431 5275 τῶν
477 5222 769 5294 θαυμάτων
823 5225 1086 5290 ἀπέλιπε,
1135 5228 1253 5290 ταῖς
1303 5226 1618 5288 καθολικαῖς
1672 5225 1900 5289 ἐννοίαις

2000 5228 2238 5299 reliquit,
2273 5226 2433 5295 cujus
2459 5240 2570 5279 non
2604 5222 2675 5278 sit
2710 5221 2855 5277 facta
2892 5222 2947 5274 in
2980 5217 3212 5273 historia
3246 5224 3574 5267 commemo~

316 5315 711 5386 ἐμπεριλαϐὼν
744 5316 813 5370 τὰ
844 5318 962 5371 καθ’
992 5318 1240 5373 ἕκαστον.
1286 5317 1423 5371 Ἀλλ’
1462 5319 1635 5371 ἐκεῖνο
1662 5318 1795 5389 τάχα
1829 5318 1900 5391 τῷ

2000 5318 2158 5381 ratio,
2192 5315 2595 5372 uuiversalibus
2657 5312 2867 5368 notitiis
2898 5305 3197 5378 singularia
3235 5299 3569 5369 complexus.

319 5403 477 5477 βάθει
505 5406 603 5476 τῆς
629 5405 882 5476 γνώσεως
917 5410 945 5462 6
974 5409 1361 5481 εύαγγελιστὴς
1390 5410 1558 5479 λέγει,
1593 5411 1675 5465 ὅτι
1704 5410 1763 5466 τὸ
1795 5427 1894 5482 με·

410 5580 450 5611 ¹⁹
479 5579 637 5636 Joan.
680 5599 787 5649 xxi,
822 5584 914 5638 25.

2009 5410 2115 5469 Sed
2143 5409 2278 5466 illud
2336 5408 2569 5465 fortasse
2596 5422 2659 5462 ex
2693 5399 2961 5475 profunda
2992 5393 3299 5467 cognitione
3339 5404 3574 5461 evange-
