4046 6150
497 239 599 299 951

1722 235 1778 291 s.
1801 231 2140 316 cneconn
2179 231 2475 290 NYSSENI

3643 236 3760 295 952

501 357 626 412 lista
655 354 806 420 dicit,
843 353 988 424 quod
1025 353 1282 422 majestas
1311 352 1428 408 Filii
1469 352 1561 409 Dei
1594 371 1701 409 non
1729 370 1795 410 ex
1827 357 2060 410 miracu-

2186 353 2374 407 ἀ)ιείον
2405 352 2498 407 τοῦ
2535 353 2665 407 Υίοῢ
2698 348 2792 407 τοῦ
2825 351 2981 428 Θεού;
3019 353 3118 406 οὐκ
3160 355 3224 407 ἐκ
3269 354 3377 410 τῶν
3408 355 3495 409 διά
3543 357 3752 428 σαρκὸς

503 445 634 500 losis
658 459 758 514 per,
790 457 1011 496 carnem
1053 442 1309 511 operibus
1341 443 1516 497 solum
1555 444 1930 513 cognoscenda
1965 452 2069 512 est;

513 537 627 589 haec
656 534 798 588 enim
827 547 991 602 parva
1021 544 1167 599 sunt,
1195 533 1241 588 si
1268 547 1392 586 cum
1439 534 1644 603 reliqua
1689 548 1910 603 operum
1958 515 2074 588 ma-

504 623 816 694 gniﬁcentia
851 623 1120 693 exquisite
1147 634 1551 693 comparentur.
1591 622 1669 678 Tu
1703 640 1832 679 vero
1863 625 2074 693 respice

504 717 558 768 in
591 716 812 778 cmlum,
839 715 962 770 vide
986 715 1039 767 in
1072 729 1138 769 eo
1166 714 1619 785 pulchritudines,
1660 713 1898 769 transfer
1924 723 2072 768 tuam

507 805 898 876 cogitationem
937 821 1032 876 per
1069 813 1225 860 terrae
1260 805 1619 870 latitudinem,
1652 805 1720 859 ad
1752 821 1906 875 aquae
1944 821 2073 874 pro-

507 895 821 961 funditates,
872 896 1134 950 mundum
1183 903 1363 950 mente
1407 896 1742 967 complexus,
1803 904 1856 950 et
1894 906 2074 951 trans-

505 986 839 1040 mundanam
880 996 1130 1040 naturam
1168 986 1377 1040 ratione
1416 1001 1540 1039 cum
1573 986 1928 1050 intellexeris,
1962 987 2075 1041 haec

505 1092 676 1133 nosce
702 1092 828 1132 vera
855 1078 974 1147 ejus
997 1077 1092 1147 qui
1118 1085 1296 1132 tecum
1333 1077 1388 1130 in
1415 1091 1580 1132 carne
1614 1086 1969 1133 conversatus
1993 1087 2076 1134 est

506 1185 694 1240 opera.
736 1169 887 1236 Quae,
929 1169 1126 1238 inquit,
1161 1169 1207 1223 si
1249 1169 1464 1238 singula
1506 1168 1897 1233 scriberentur,
1944 1170 2074 1239 quid

512 1270 567 1315 et
596 1259 892 1330 quomodo,
948 1267 1002 1314 et
1055 1259 1220 1320 unde,
1255 1267 1309 1312 et
1347 1267 1632 1328 quantum,
1677 1273 1838 1330 supra
1888 1261 2075 1315 mundi

509 1351 864 1421 capacitatem
891 1351 1150 1404 doctrinae
1174 1349 1241 1404 de
1260 1351 1376 1420 ipso
1409 1351 1611 1405 mundo
1636 1349 1741 1405 erit
1761 1351 2072 1422 plenitudo:

510 1444 769 1513 quoniam
796 1441 940 1497 enim
971 1441 1150 1495 omnia
1193 1439 1334 1494 Deus
1373 1442 1426 1493 in
1465 1441 1732 1510 sapientia
1774 1423 2078 1507 fecit,'ter-

513 1534 720 1588 minum
756 1541 935 1587 autem
967 1531 1061 1586 Dei
1097 1532 1363 1600 sapientia
1397 1547 1504 1585 non
1539 1532 1700 1586 habet
1732 1552 1744 1587 ε
1775 1531 2078 1603 Intelligen-

513 1626 600 1678 tz'w
619 1625 754 1694 ejus,
779 1623 971 1693 inquit,
1003 1639 1104 1676 non
1144 1633 1219 1676 est
1251 1639 1498 1676 numerus
1530 1623 1608 1689 *°;
1646 1622 1811 1690 igitur
1841 1625 2077 1693 propriis

511 1716 785 1770 mensuris
811 1715 1136 1770 terminatus
1175 1715 1409 1769 mundus
1440 1716 1494 1769 in
1537 1716 1715 1784 seipso
1743 1717 1965 1771 inﬁnitae
1997 1733 2080 1772 sa-

514 1806 726 1873 pientiae
748 1806 1014 1860 rationem
1042 1820 1148 1858 non
1171 1805 1366 1875 capiet.
1399 1808 1454 1860 Si
1482 1807 1647 1877 igitur
1667 1808 1904 1863 mundus
1931 1817 2078 1866 totus

512 1896 692 1950 minor
719 1904 1007 1967 est,-quam
1037 1905 1096 1950 ut
1127 1895 1340 1950 Domini
1368 1911 1592 1969 operum
1619 1899 1924 1956 doctrinam
1955 1920 2078 1974 pos-

512 1989 585 2041 sit
611 2001 827 2058 capere,
851 1999 983 2058 quot
1008 1988 1196 2042 mundi
1221 1990 1286 2044 de
1311 1990 1420 2044 Deo
1447 1991 1827 2047 universorum
1853 2011 2078 2051 enarra-

514 2080 716 2134 tionem
745 2080 996 2155 capient?
1021 2079 1275 2136 Fortasse
1299 2097 1475 2146 neque
1502 2083 1814 2153 blaSphema
1836 2096 1890 2140 et
1917 2087 2079 2157 impia

513 2172 698 2241 lingua
730 2170 947 2240 negabit
980 2171 1207 2225 inﬁnitis
1239 2173 1484 2240 partibus
1525 2175 1789 2243 majorem
1815 2192 1937 2232 esse
1968 2177 2080 2232 fac-

456 2279 460 2283 ’
512 2270 685 2315 torem
717 2270 771 2316 et
800 2269 1079 2316 auctorem
1109 2261 1375 2325 omnium,
1400 2278 1519 2333 qua:
1543 2267 1658 2319 sola
1688 2267 1860 2335 ipsius
1887 2270 2081 2323 volun-

515 2360 625 2406 tate
647 2353 701 2405 in
736 2367 918 2407 rerum
952 2360 1147 2406 natura
1178 2354 1443 2422 produCIa
1475 2363 1621 2410 sunt.
1673 2356 1732 2410 Si
1769 2360 1934 2430 igitur
1961 2377 2081 2415 om-

513 2441 599 2497 nis
620 2452 870 2497 creatura
897 2445 1165 2499 scrmonis
1193 2442 1259 2498 de
1279 2444 1454 2515 seipsa
1480 2446 1604 2500 facti
1635 2463 1742 2503 non
1772 2457 1854 2504 est
1884 2467 2077 2521 capax;

513 2532 618 2588 hoc
644 2535 788 2589 enim
835 2526 1342 2613 magnus'Joannes
1395 2545 1627 2593 testatur
1679 2541 1975 2596 secundum
2027 2544 2080 2598 id

514 2623 659 2693 quod
685 2624 949 2690 diximus,
983 2626 1257 2694 quomodo
1281 2626 1515 2680 humana
1545 2629 1783 2685 brevitas
1815 2639 1987 2685 totum
2015 2633 2082 2688 de

516 2713 741 2766 domino
769 2720 1032 2767 creaturae
1065 2727 1374 2768 sermonem
1404 2717 1620 2784 capiet?
1652 2717 1846 2772 Dicant
1875 2723 2083 2791 magni-

517 2803 664 2872 loqui
706 2802 822 2869 isti,
852 2803 981 2872 quid
1032 2811 1116 2858 est
1163 2797 1326 2858 homo
1375 2806 1615 2862 universi
1651 2813 2079 2881 comparatione,

517 2895 644 2949 dum
681 2894 1098 2951 consideratur?
1145 2895 1314 2962 Quale
1362 2900 1748 2966 geometricum
1799 2912 2081 2972 punctum,

2175 442 2468 513 θαυμάτων
2513 442 2843 513 ποιηθέντων
2875 443 3035 513 μόνον
3073 443 3361 513 γινώσκειν
3391 447 3532 516 χρήο
3577 445 3756 516 μικρά

2174 533 2282 604 γάρ
2318 533 2494 587 ταῦτα
2521 533 2595 597 ὡς
2621 533 2756 604 πρὸς
2778 533 2876 604 τὴν
2907 534 3098 606 λοιπήν
3127 534 3524 607 μεγαλουργίαν
3560 535 3754 601 ἐξετα-

2175 624 2394 695 ζόμενα.
2426 625 2496 677 Σὺ
2535 624 2591 676 δὲ
2634 623 2934 688 ἀνάϐλεψον
2962 627 3041 687 είς
3073 625 3163 678 τὸν
3195 626 3440 696 οὐρανὸν,
3483 626 3563 678 ἴδε
3591 626 3663 678 τά
3693 629 3754 678 ἐν
3803 633 3807 635 ’

2174 715 2321 787 αὑτῷ
2371 716 2564 785 κάλλη,
2610 715 2896 786 μετένεγκε
2927 716 3024 788 τὴν
3049 716 3286 770 διάνοιαν
3326 719 3416 770 ἐπὶ
3460 718 3521 771 τὸ
3548 719 3756 781 πλάτος

2174 809 2274 878 τῆς
2306 809 2428 877 γῆς,
2457 809 2550 861 ἐπὶ
2573 808 2641 860 τά
2671 807 2807 878 βάθη
2839 808 2930 860 τοῦ
2964 808 3172 872 ὓδατος,
3210 810 3386 862 πάντα
3414 809 3504 862 τὸν
3543 810 3756 879 κόσμον

2174 900 2240 968 τῇ
2267 897 2471 967 διανοίᾳ
2494 895 2690 962 λαϐὼν,
2719 897 2812 950 καὶ
2847 896 2945 968 τὴν
2975 898 3341 967 ὑπερκόσμιον
3367 897 3527 965 φύσιν
3555 897 3637 966 τῷ
3664 898 3755 950 λου

2175 988 2359 1059 γισμῷ
2385 990 2740 1058 κατανοήσας,
2768 989 2940 1042 ταῦτα
2984 988 3148 1058 γνῶθι
3175 990 3243 1042 τὰ
3268 989 3494 1059 ἀληθινὰ
3545 990 3638 1042 τοῦ
3669 1008 3755 1043 σοι

2175 1079 2264 1134 διὰ
2287 1079 2486 1151 σαρκὸς
2525 1081 2957 1151 ἐπιδημήσαντος
2991 1081 3146 1150 ἔργα.
3183 1081 3396 1145 Ἂτινα,
3429 1082 3613 1152 φησὶν,
3656 1084 3755 1135 ἐὰν

2177 1171 2299 1224 καθ’
2342 1172 2568 1224 ἕκαστον
2613 1171 2910 1242 γράφηται,
2941 1172 3002 1224 τὸ
3044 1172 3098 1224 τί
3138 1174 3230 1226 καὶ
3259 1175 3425 1237 ὅπως,
3473 1174 3567 1226 καὶ
3603 1174 3751 1237 ὅθεν,

2177 1262 2272 1314 καὶ
2309 1261 2492 1323 πόσον,
2543 1261 2684 1331 ὑπὲρ
2715 1259 2775 1312 τὸ
2819 1259 3051 1332 χώρημα
3093 1260 3186 1313 τοῦ
3236 1261 3443 1330 κόσμου
3479 1263 3580 1332 τῆς
3622 1265 3754 1334 περὶ

2177 1352 2340 1406 αὑτοῦ
2396 1351 2492 1405 τοῦ
2549 1353 2754 1422 κόσμου
2807 1352 3153 1415 διδασκαλίας
3204 1353 3352 1405 ἔσται
3405 1353 3465 1406 τδ
3522 1355 3749 1424 πλῆθος.

2176 1445 2342 1498 ’Ἐπεὶ
2371 1444 2478 1515 γάρ
2508 1443 2576 1497 τά
2609 1445 2786 1497 πάντα
2819 1444 2846 1495 ὁ
2878 1443 3009 1506 Θεὸς
3039 1447 3095 1496 ὲν
3126 1445 3286 1514 σοφίᾳ
3316 1445 3600 1516 ἐποίησεν,
3627 1448 3754 1518 ὅρον

2177 1536 2233 1589 δὲ
2270 1539 2302 1607 ή
2340 1535 2434 1588 τοῦ
2463 1535 2595 1588 Θεοῦ
2645 1535 2803 1604 σοφία
2830 1535 2928 1588 οὐκ
2964 1535 3096 1605 ἔχει,
3133 1535 3243 1604 Τῆς
3287 1538 3397 1604 γὰρ
3440 1536 3755 1602 συνέσεως

2178 1626 2382 1690 αὑτοῦ,
2411 1626 2596 1696 φησὶν,
2627 1629 2739 1680 οὐκ
2768 1626 2940 1679 ἐστιν
2970 1627 3244 1696 ἀριθμός·
3278 1630 3305 1681 ὀ
3331 1630 3444 1690 τοῖς
3473 1629 3621 1692 ἰδίοις
3652 1631 3755 1699 μέ-

2179 1733 2324 1788 τροις
2349 1717 2757 1789 πεπερασμένος
2783 1718 2984 1786 κόσμος
3003 1718 3060 1770 ού
3089 1719 3238 1788 χωρή
3250 1736 3325 1771 σει
3359 1720 3416 1771 ὲν
3456 1720 3634 1790 ἐαυτῷ
3653 1721 3758 1790 τῆς

2180 1809 2432 1878 ἀορίστου
2486 1810 2675 1879 σοφίας
2724 1810 2815 1861 τὸν
2864 1809 3040 1876 λόγον.
3080 1809 3143 1861 Ei
3181 1805 3272 1861 οὖν
3312 1809 3341 1861 ὁ
3381 1810 3583 1880 κόσμος
3633 1811 3758 1874 ὅλος

2181 1900 2396 1954 ἔλαττόν
2445 1901 2611 1965 ἐστιν,
2647 1899 2680 1970 ἢ
2724 1897 2863 1950 ὥστε
2907 1899 3006 1968 τὴν
3051 1898 3394 1953 διδασκαλίαν
3435 1901 3540 1954 τῶν
3577 1901 3758 1972 ἔργων

2179 1990 2272 2044 τοῦ
2309 1992 2512 2059 Κυρίου
2564 1991 2827 2060 χωρῆσαι,
2872 1988 3028 2042 πόσοι
3070 1989 3263 2061 κόσμοι
3308 1993 3616 2063 χωρήσουσι
3654 1995 3758 2062 τὴν

2181 2085 2309 2153 περὶ
2342 2083 2433 2135 τοῦ
2461 2081 2594 2135 Θεοῦ
2623 2081 2730 2133 τῶν
2769 2080 2904 2133 ὅλων
2929 2081 3208 2151 διήγησιν;
3250 2083 3402 2154 Τάχα
3432 2084 3539 2155 γάρ
3568 2085 3683 2138 οὐδὲ
3717 2089 3754 2156 ή

2184 2173 2500 2243 βλάσφημος
2548 2173 2843 2242 ἀρνήσεται
2895 2169 3134 2237 γλῶσσα,
3187 2173 3248 2224 τὸ
3296 2175 3758 2246 άπειροπλασέονα

2181 2262 2317 2318 εἶναι
2352 2266 2441 2318 cev
2487 2263 2715 2333 ποιητὴν
2744 2261 2849 2315 τῶν
2893 2261 3128 2326 πάντων,
3158 2262 3264 2316 τῶν
3301 2265 3447 2338 μόνῳ
3487 2265 3755 2338 θελήματι

2181 2355 2570 2425 παραχθέντων
2603 2355 2683 2416 είς
2726 2353 2956 2420 γένεσιν.
2988 2353 3048 2406 Εἰ
3076 2348 3167 2405 οὖν
3211 2354 3243 2422 ἡ
3278 2355 3454 2419 κτίσις
3489 2359 3638 2411 πᾶσα
3658 2357 3755 2411 τοῦ

2181 2447 2309 2516 σιτερῖ¹
2329 2447 2496 2516 αὐτῆς
2525 2445 2679 2513 λόγου
2707 2445 2850 2497 ἐστὶν
2882 2442 3188 2514 άχώρητοςο
3214 2444 3370 2499 τοῦτο
3398 2447 3506 2518 γάρ
3533 2451 3561 2500 ὁ
3584 2448 3758 2518 μέγας

2195 2539 2443 2608 Ἰωάννης
2479 2535 2810 2607 μαρτύρεται
2851 2535 2992 2589 κατά
3029 2552 3092 2605 γε
3135 2537 3225 2589 τὸν
3259 2537 3528 2610 ἡμέτερον
3566 2540 3754 2608 λόγον·

2185 2628 2301 2692 πῶς
2331 2628 2396 2682 ἂν
2439 2627 2748 2699 ἀνθρωπίνη
2780 2626 3056 2698 βραχύτης
3104 2627 3222 2680 ὅλον
3253 2629 3344 2681 τὸν
3386 2630 3515 2702 περὶ
3541 2632 3634 2684 τοῦ
3664 2635 3760 2684 Δε-

2185 2719 2381 2771 σπότου
2429 2719 2527 2788 τῆς
2562 2718 2791 2780 κτίσεως
2839 2719 3078 2788 χωρήσει
3121 2717 3309 2786 λόγον;
3352 2720 3678 2775 Είπάτωσαν
3708 2725 3759 2775 οἱ

2182 2810 2251 2864 τά
2287 2809 2496 2880 μεγάλα
2521 2808 2899 2878 φθεγγόμενοι,
2926 2809 2978 2860 τί
3008 2809 3153 2860 ἐστιν
3193 2808 3497 2884 ἄνθρωπος,
3530 2813 3761 2883 συγκρί-

2187 2917 2269 2954 σει
2293 2900 2385 2953 τοῦ
2417 2899 2616 2963 παντὸς
2648 2898 3050 2969 θεωρούμενος;
3086 2899 3243 2952 Ποῖον
3263 2903 3634 2973 γεωμετρικὸν
3661 2921 3762 2973 ση-

519 2986 593 3042 ita
631 2986 1008 3047 individuum?
1053 2987 1194 3056 Quid
1235 2987 1455 3057 Epicuri
1506 2993 1956 3063 corpusculorum
2004 2997 2083 3052 sic

2194 2994 2342 3060 μεῖον
2375 2989 2544 3053 οὕτως
2582 2989 2821 3060 ἀμερές;
2856 2988 2921 3042 Τί
2964 2989 3070 3042 τῶν
3113 2990 3501 3062 Ἐπικουρείων
3541 2993 3763 3064 ἀτόμων

518 3077 756 3134 \anitate
778 3092 966 3133 eorum
993 3079 1086 3147 qui
1117 3078 1230 3132 haec
1257 3081 1692 3150 contemplantur
1734 3093 2079 3154 extenuatur,

518 3178 573 3224 ct
617 3183 786 3244 prope
831 3169 882 3223 id
918 3169 1063 3245 quod
1093 3185 1203 3223 non
1234 3179 1317 3225 est
1350 3171 1424 3237 ﬁt,
1482 3181 1540 3226 ut
1574 3173 1811 3229 humana
1843 3178 2083 3236 brevitas

520 3275 644 3314 cum
697 3260 952 3315 universo
1003 3268 1316 3330 comparata
1367 3270 1450 3316 est
1497 3262 1670 3316 nihil?
1725 3264 1878 3319 Sicut
1921 3268 2084 3321 etiam

519 3366 746 3423 magnus
773 3351 940 3407 David
972 3351 1068 3416 ait,
1094 3352 1351 3420 praaclare
1381 3354 1690 3407 mortalium
1718 3355 2084 3411 inﬁrmitatem

521 3441 834 3508 meditatus,
872 3442 1134 3507 Quoniam
1175 3440 1473 3493 substantia
1510 3458 1626 3494 mea
1662 3450 1911 3511 tanquam
1944 3431 2086 3497 nihi-

521 3537 630 3589 lum
667 3543 788 3587 ante
825 3541 872 3584 te
892 3523 937 3562 ³³
972 3549 984 3584 :
1021 3545 1130 3584 non
1167 3529 1414 3584 absolute
1452 3530 1681 3584 nihilum
1719 3547 1840 3588 esse
1875 3534 2084 3603 dicens,

522 3625 617 3680 sed
654 3624 825 3678 nihilo
857 3621 1111 3683 similem,
1147 3619 1289 3688 quod
1334 3634 1497 3689 supra
1549 3622 1766 3676 modum
1799 3631 1882 3679 est
1925 3626 2089 3683 breve

522 3731 646 3770 cum
680 3728 747 3768 eo
777 3709 928 3785 quod
946 3725 1057 3765 non
1080 3711 1291 3766 exsistit
1316 3709 1462 3767 facta
1487 3718 1894 3786 comparatione
1922 3721 2088 3795 signi-

524 3808 712 3862 ﬁcans.

598 3896 981 3953 Verumtamen
1027 3912 1058 3951 a
1095 3897 1186 3953 tali
1231 3907 1432 3954 natura
1481 3900 1773 3966 concitati,
1826 3903 2090 3963 adversus

523 3989 851 4044 ineﬁ'abilem
883 3991 1178 4059 potentiam
1215 4006 1313 4046 sua
1348 3991 1580 4047 dilatant
1613 4009 1706 4047 ora
1727 4034 1742 4058 ,
1773 4003 1828 4051 et
1856 3999 2093 4066 appella-

527 4083 672 4136 tione
699 4095 806 4136 una
833 4081 1159 4136 ineﬁ‘abilem
1187 4089 1437 4136 naturam
1467 4083 1787 4150 metiuntur,
1812 4086 1912 4156 τῆς
1935 4089 2095 4157 ἀγεν-

525 4175 717 4248 νησέας
752 4175 972 4228 nomine
1017 4173 1110 4228 Dei
1154 4174 1450 4230 essentiam
1506 4177 1980 4247 constringentes,
2040 4188 2098 4234 ut

526 4265 790 4321 adversus
832 4263 1184 4334 Unigenitum
1221 4264 1326 4319 sibi
1370 4263 1505 4334 ipsis
1553 4280 1648 4335 per
1687 4266 1801 4320 haec
1840 4268 2094 4338 blasphe-

2186 3082 2330 3134 οὕτω
2371 3085 2438 3152 τῇ
2483 3081 2799 3151 ματαιότητι
2847 3079 2954 3134 τῶν
3014 3078 3186 3132 ταῦτα
3236 3079 3584 3154 θεωρούντων
3629 3085 3762 3136 ἀπο-

2185 3172 2522 3238 λεπτύνεται,
2555 3172 2648 3224 καὶ
2685 3172 2852 3240 ἐγγὺς
2883 3169 2976 3223 τοῦ
3025 3170 3098 3242 μὴ
3131 3171 3281 3234 ὄντος
3307 3172 3538 3240 γίνεται,
3566 3174 3643 3238 ὡς
3672 3177 3764 3227 άν-

2188 3264 2429 3334 θρωπίνη
2471 3261 2745 3334 βραχύτης
2790 3264 2906 3315 ἀντ’
2953 3262 3165 3327 οὐδενός
3217 3264 3333 3316 ἐστι
3379 3265 3514 3334 πρὸς
3553 3265 3614 3319 τὺ
3655 3270 3764 3320 πᾶν

2187 3355 2504 3431 κρινομένη,
2550 3353 2729 3417 καθώς
2778 3371 2909 3425 φησι
2952 3354 3045 3406 καὶ
3075 3355 3103 3406 ὁ
3144 3353 3316 3422 μέγας
3357 3355 3538 3419 Δαϐιδ,
3583 3355 3763 3419 καλῶς

2189 3445 2590 3517 ὲπεσκεμμένος
2638 3443 2745 3498 τῶν
2803 3442 3008 3514 βροτῶν
3062 3442 3159 3512 τὴν
3209 3443 3510 3508 ἀσθένειαν,
3569 3444 3652 3497 ὅτι
3697 3446 3766 3499 Ἠ

2187 3537 2526 3601 ὑπόστασις
2551 3553 2664 3601 μου
2697 3532 2837 3587 ὡσεί
2861 3533 3040 3587 οὐθὲν
3067 3532 3322 3586 ἐνώπιόν
3349 3549 3486 3587 σου.
3523 3531 3600 3585 Οὐ
3628 3551 3764 3588 παν-

2188 3629 2357 3691 τελῶς
2401 3624 2538 3681 εἶναι
2568 3627 2740 3695 λέγων
2775 3625 2944 3686 οὐδὲν;
2980 3623 3096 3677 ἀλλ’
3139 3624 3324 3693 ὅμοιον
3360 3622 3438 3693 τῷ
3475 3623 3670 3693 μηδὲν,
3702 3627 3764 3677 τὸ

2190 3720 2310 3774 καθ’
2340 3717 2637 3789 ὑπερὸολήν
2675 3718 2853 3770 πᾶσαν
2885 3713 3056 3785 βραχὺ
3081 3716 3146 3787 τῇ
3174 3712 3307 3784 πρὸς
3326 3713 3388 3766 τὸ
3416 3713 3764 3784 ἀνύπαρκτον

2192 3812 2476 3884 συγκρίσει
2507 3807 2896 3878 διασημαίνων.

2263 3903 2451 3973 Ὅμως
2485 3899 2591 3955 ἀπὸ
2631 3897 2885 3966 τοιαύτης
2921 3896 3239 3968 ὡρμημένοι
3279 3896 3516 3966 φύσεως,
3559 3897 3768 3951 πλατύ-

2192 4011 2339 4048 νουσι
2363 3991 2504 4046 κατὰ
2527 3991 2626 4060 τῆς
2659 3989 2937 4058 ἀφράστου
2969 3987 3247 4058 δυνάμεως
3271 3987 3339 4040 τά
3364 3987 3469 4041 ἴδια
3499 3989 3765 4058 στόματα,

2197 4086 2290 4141 καὶ
2339 4081 2672 4154 προσηγορίᾳ
2719 4082 2817 4151 μιᾷ
2867 4079 2964 4151 τὴν
3009 4079 3258 4150 ἀόριστον
3319 4078 3480 4149 φύσιν
3538 4098 3768 4152 περιμεο

2193 4175 2398 4246 τροῦσι,
2433 4172 2511 4243 τῷ
2546 4173 2766 4242 ὀνόματι
2814 4173 2913 4243 τῆς
2940 4172 3266 4242 άγεννησίας
3307 4171 3404 4242 τὴν
3437 4172 3625 4225 οὐσίαν
3674 4171 3766 4224 τοῦ

2192 4265 2328 4321 Θεοῦ
2363 4263 2834 4336 περισφίγγοντες,
2897 4261 2985 4315 ἵνα
3006 4263 3104 4333 τὴν
3140 4263 3279 4316 κατὰ
3307 4262 3401 4316 τοῦ
3431 4263 3768 4330 Μονογενοῦς

525 4358 648 4412 mia:
675 4358 818 4412 viam
850 4364 1120 4412 sternant.
1171 4355 1307 4409 Cum
1354 4364 1532 4410 autem
1579 4371 1806 4429 magnus
1856 4357 2083 4415 Basilius

2194 4359 2404 4419 ἑαυτοῖς
2437 4350 2784 4425 βλασφημίαν
2812 4352 2900 4405 διὰ
2933 4352 3136 4406 τούτων
3169 4353 3545 4426 ὀδοποιήσωσι.
3577 4355 3683 4408 Τοῦ
3711 4354 3768 4407 δὲ

525 4450 868 4506 emendasset
893 4448 1176 4519 deceptam
1203 4455 1257 4503 et
1285 4444 1476 4501 falsam
1505 4447 1849 4518 opinionem,
1872 4457 1926 4505 et
1953 4466 2092 4520 qua:-

525 4541 650 4596 dam
685 4540 752 4595 de
788 4539 1099 4594 Itotninibns
1132 4539 1512 4610 exposuisset,
1546 4548 1606 4593 ut
1641 4554 1765 4608 quae
1793 4555 1857 4594 ex
1900 4551 2098 4595 natura

525 4649 637 4688 non
668 4639 830 4698 sunt,
877 4633 972 4688 sed
1015 4647 1080 4686 ex
1121 4631 1404 4685 hominum
1447 4631 1763 4687 inventione
1806 4647 1903 4686 seu
1945 4648 2096 4688 com-

527 4732 711 4779 mento
741 4724 908 4779 rebus
940 4722 1075 4792 ipsis
1107 4722 1278 4776 indita
1316 4722 1460 4786 sint,
1504 4729 1716 4776 tantum
1763 4722 2002 4788 absunt,
2038 4731 2100 4778 ut

529 4815 595 4869 ad
624 4817 908 4870 veritatem
939 4821 1302 4876 revertantur,
1338 4812 1472 4884 quin
1512 4814 1694 4883 potius
1736 4814 1902 4868 veluti
1939 4816 2096 4871 visco

529 4906 748 4962 cuidam
776 4908 1156 4962 adhmrescunt
1187 4905 1273 4960 his
1302 4921 1423 4975 quae
1453 4907 1520 4960 ab
1571 4905 1706 4975 ipsis
1751 4905 1897 4960 dicta
1931 4914 2091 4973 sunt,

530 5011 710 5068 neque
738 4995 996 5051 desinunt
1028 5013 1058 5050 a
1085 4996 1329 5068 captiosa
1360 5004 1414 5052 et
1450 4995 1630 5050 fallaci
1664 4999 2096 5068 argumentatio-

531 5106 633 5154 ne,
670 5103 848 5159 neque
882 5104 947 5143 ex
981 5089 1442 5144 commentatione
1477 5090 1674 5145 mentis
1707 5089 1816 5144 dici
1845 5091 1908 5142 τὸ
1938 5090 2098 5159 ἀγέν-

529 5200 691 5256 νητον
713 5222 729 5248 ,
759 5180 855 5237 sed
888 5188 1096 5235 natura:
1122 5195 1244 5236 esse
1276 5181 1778 5249 repraasentativum
1807 5182 2094 5240 deﬁniunt.

531 5278 759 5332 Omnem
795 5273 958 5344 igitur
989 5286 1296 5327 sermonem
1329 5272 1577 5340 persequi
1609 5279 1661 5326 et
1695 5288 1978 5328 recensere
1998 5315 2013 5340 ,
2042 5282 2097 5330 et

531 5369 699 5423 delira
730 5365 1054 5438 prolixaque
1102 5361 1170 5416 ad
1223 5364 1447 5416 verbum
1502 5362 1750 5432 apposita
1804 5364 2098 5432 nugatione

535 5459 675 5514 hanc
710 5468 955 5515 evertere
987 5456 1203 5524 conari,
1238 5453 1386 5525 longi
1419 5462 1565 5508 esset
1607 5455 1703 5509 otii
1737 5463 1790 5510 ct
1832 5457 2096 5530 temporis

613 5643 654 5673 ⁸⁵
689 5640 829 5697 Psal.
854 5657 1029 5708 chvt,
1059 5642 1110 5696 Ei.
1189 5641 1228 5674 ²¹
1259 5639 1404 5696 Psal.
1440 5652 1668 5705 xxxvi”,
1700 5637 1752 5694 6.

2197 4448 2431 4521 μεγάλου
2476 4445 2756 4498 Βασιλείου
2794 4444 3227 4516 διορθωσαμένου
3273 4447 3371 4517 τὴν
3408 4448 3769 4518 ήπατημένην

2193 4540 2468 4606 ὑπόνοιαν,
2497 4539 2589 4591 καί
2622 4554 2742 4591 τινα
2783 4538 2913 4607 περὶ
2941 4537 3050 4590 τῶν
3083 4538 3362 4607 ὀνομάτων
3388 4539 3766 4604 διεξελθόντος,

2194 4633 2269 4696 ὡς
2299 4632 2396 4686 οὐκ
2425 4632 2489 4683 ἐκ
2514 4629 2727 4698 φύσεως
2759 4626 2947 4691 ὄντων,
2979 4625 3113 4680 ἀλλὰ
3151 4627 3268 4680 κατ’
3295 4629 3536 4681 ἐπίνοιαν
3569 4631 3769 4680 ἐπικει-

2196 4725 2370 4792 μένων
2406 4724 2516 4786 τοίς
2551 4721 2836 4792 πράγμασι
2858 4737 2872 4751 °
2920 4720 3171 4774 τοσοῦτον
3212 4719 3477 4790 ἀπέχουσι
3522 4719 3616 4772 τοῦ
3642 4720 3770 4771 ἀνι·

2189 4816 2351 4872 λῦσαι
2387 4815 2520 4885 πρὸς
2544 4813 2641 4884 τὴν
2668 4811 2942 4882 ἀλήθειαν,
2969 4813 3049 4865 ὄτι
3074 4810 3322 4881 καθάπερ
3351 4811 3447 4880 eaq)
3475 4828 3580 4864 τινι
3607 4826 3770 4879 προσ-

2203 4907 2518 4977 κατέχονται
2551 4907 2658 4967 τοῖς
2684 4903 2831 4967 ἅπαξ
2856 4903 2983 4974 παρ’
3013 4902 3188 4956 αὐτῶν
3223 4902 3556 4972 εἰρημένοις,
3593 4903 3686 4953 καὶ
3712 4901 3771 4952 οὐ

2205 4995 2477 5067 μεθίενται
2507 4993 2602 5046 τοῦ
2639 4993 2989 5063 σοφίσματος,
3021 4992 3140 5045 οὐδὲ
3184 4991 3303 5044 κατ’
3343 4991 3584 5043 ἐπίνοιαν
3616 4989 3773 5056 λέγε-

2204 5089 2326 5142 σθαι
2354 5086 2412 5140 τὸ
2441 5088 2752 5156 ἀγέννητον,
2784 5086 2916 5139 ἀλλά
2947 5087 3044 5156 τῆς
3076 5085 3288 5153 φύσεως
3319 5079 3458 5136 εἶναι
3492 5099 3773 5154 παρίσταο

2202 5179 2351 5232 τικδν
2397 5179 2735 5251 διορίζονται.
2768 5177 2840 5230 Τὸ
2886 5178 2983 5247 μὲν
3024 5173 3116 5232 οὖν
3169 5177 3344 5230 πάντα
3383 5175 3638 5241 διεξιέναι
3683 5174 3773 5226 τὸν

2202 5270 2377 5338 λόγον,
2412 5272 2505 5322 καὶ
2529 5268 2626 5338 τὴν
2653 5265 2869 5338 ληρώδη
2909 5268 3003 5319 κα).
3033 5264 3247 5337 μακρὰν
3282 5263 3498 5332 ἐκείνην
3529 5259 3774 5331 παραθέ-

2208 5379 2366 5433 μενον
2420 5359 2680 5432 φλυαρίαν
2720 5360 2812 5411 ὲπὶ
2847 5357 3040 5424 λέξεως
3084 5355 3408 5428 ἀνατρέπειν
3457 5351 3773 5423 πειρᾶσθαι,

2210 5455 2426 5526 μακρᾶς
2463 5453 2527 5508 ἂν
2553 5452 2637 5518 εἴη
2675 5450 2868 5522 σχολῆς
2893 5449 2986 5504 καὶ
3017 5450 3207 5523 χρόνου
3235 5445 3432 5502 πολλοῦ
3459 5445 3553 5500 καὶ
3577 5440 3779 5511 πολλῆς
