4054 6152
368 257 477 317 953

1507 252 1789 312 CONTRA
1825 252 2220 323 EUNOMIUM,
2264 255 2391 312 LIB.
2428 255 2543 313 Xll.

3537 258 3647 317 95’:

367 375 646 447 ἀπραξίας
690 374 959 445 δεόμενον.
994 375 1261 447 Καθάπερ
1307 374 1489 429 ἀκούω
1531 376 1627 430 καὶ
1674 376 1764 432 τὸν
1796 376 1966 430 Εὐνό-

2082 378 2249 444 nulti,
2269 379 2527 451 quodque
2544 393 2740 451 magna
2760 393 2790 433 a
2809 380 3043 452 negotiis
3068 379 3342 438 vacuitate
3360 389 3413 436 et
3429 397 3459 436 a
3478 378 3643 438 rebus

374 486 497 538 μιον
524 468 665 539 ὑπὲρ
692 467 781 521 τὸν
820 467 1047 522 Ἰλιακὸν
1081 468 1317 539 πόλεμον
1349 472 1418 541 τῇ
1449 469 1707 540 πολυετίᾳ
1742 470 1965 538 φιλοπό-

370 576 478 623 νως
529 560 623 613 καὶ
659 560 780 612 καθ’
816 561 1050 630 ἡσυχίαν
1097 560 1298 631 πολλὴν
1355 560 1852 632 προσεδρεύσαντα,
1904 562 1966 612 ἐν

372 650 555 721 πολλῷ
601 650 679 720 τῷ
721 650 874 721 ὕπνῳ
921 650 1013 704 τὸν
1063 651 1273 722 μακρὸν
1309 650 1498 705 τοῦτον
1541 651 1749 721 ὄνειρον
1788 649 1966 721 ἐαυτῷ

372 762 437 796 συ
446 744 713 815 μπλάσαι,
741 742 1007 816 ζητοῦντα
1033 744 1355 813 φιλοπόνως,
1379 744 1634 814 οὐχὸπως
1654 742 1968 815 ἑρμηνεύσῃ

367 853 423 889 τι
453 835 564 889 τῶν
596 836 921 908 νοηθέντων,
957 837 1070 891 ἀλλ’
1096 839 1244 901 ὅπως
1289 835 1430 897 κατὰ
1461 836 1569 889 τῶν
1612 836 1812 902 λέξεων
1844 837 1967 889 ὲπι-

374 928 610 999 σῦρηται
658 930 1154 1001 κατηναγκασμένα
1202 931 1472 1000 νοήματα,
1510 928 1603 981 καὶ
1647 926 1968 999 περισυλλέ-

372 1037 539 1089 γοντα
564 1021 663 1084 τὰς
699 1022 1031 1092 εὐηχοτέρας
1078 1022 1263 1091 φωνὰς
1296 1024 1361 1075 ἐκ
1405 1020 1856 1093 συγγραμμάτων
1883 1036 1968 1071 τι-

374 1110 500 1163 νῶν.
529 1112 641 1163 Καὶ
682 1111 870 1182 ὥσπερ
900 1114 948 1164 οί
979 1114 1185 1182 πτωχοὶ
1225 1113 1311 1165 διὰ
1347 1113 1579 1183 ἀπορίαν
1624 1111 1874 1179 ἐσθῆτος,
1902 1111 1968 1161 ὲκ

376 1202 721 1273 ρακωμάτων
750 1203 911 1256 τινῶν
933 1204 1057 1267 τοὺς
1092 1203 1325 1274 χιτῶνας
1349 1205 1559 1266 ἑαυτοῖς
1586 1200 1968 1274 περικεντοῦν-

372 1310 466 1355 τες
512 1294 915 1364 συρράπτουσιν
935 1310 949 1324 °
992 1295 1135 1347 οὕτω
1178 1296 1269 1347 καὶ
1300 1294 1486 1348 τοῦτον
1519 1295 1683 1366 ἄλλην
1713 1292 1967 1363 ἀλλαχόθι

374 1381 520 1448 λέξιν
585 1383 1064 1455 περιϐοσκόμενον,
1109 1384 1197 1438 διὰ
1236 1384 1441 1438 τούτων
1485 1383 1744 1455 ὲξυφῆναι
1789 1381 1968 1453 ἑαυτῷ

374 1474 470 1526 τοῦ
499 1473 657 1541 λόγου
701 1474 794 1527 τὸν
841 1475 1142 1546 κέντρωνα,
1188 1475 1289 1527 οὐκ
1317 1473 1714 1545 ἀταλαιπώρως
1753 1472 1970 1526 διακολ-

376 1559 555 1613 λῶντα
576 1561 673 1633 τὴν
702 1579 765 1614 συ
774 1561 977 1633 μόολὴν
998 1563 1107 1617 τῶν
1137 1564 1400 1635 ῥημάτων
1421 1564 1516 1618 καὶ
1540 1562 1965 1634 συναρμόζοντα.

378 1643 453 1703 Οῧ
489 1652 551 1704 τὸ
587 1652 840 1723 γλίσχρον
881 1656 975 1707 καὶ
1011 1657 1375 1727 μειρακιῶδες
1416 1657 1516 1727 τῆς
1549 1654 1859 1725 φιλοτιμίας
1890 1657 1969 1717 εἰς

2068 470 2323 538 gerendis
2341 471 2664 526 avocatione
2686 470 2974 541 indigeret.
2992 470 3463 536 Quemadmodum
3480 470 3645 526 audio

2073 558 2405 615 Eunomium
2437 577 2605 631 super
2631 560 2858 615 Iliacum
2901 561 3107 616 bellum
3142 575 3413 615 annorum
3454 553 3644 615 multi-

2071 652 2261 706 tudine
2287 653 2562 709 laboriose
2584 662 2637 707 et
2663 653 2874 718 sedulo,
2894 660 2951 708 et
2983 653 3037 707 in
3062 653 3453 723 tranquillitate
3474 653 3645 706 multa

2069 745 2508 814 incumbentem,
2546 749 2598 802 in
2628 747 2797 803 multo
2837 761 3031 802 somno
3070 746 3176 801 hoc
3222 748 3496 801 somnium
3539 744 3646 800 sibi

2069 836 2434 902 conﬁnxisse,
2467 846 2802 907 quaerentem
2836 838 3129 908 diligenter
3155 845 3210 893 et
3240 839 3495 904 solerter,
3534 853 3647 892 non

2069 929 2345 997 quomodo
2369 929 2762 999 interpretetur
2785 931 2916 1001 quid
2950 946 3141 987 eorum
3177 947 3299 1001 qua:
3332 931 3649 1000 intelligun-

2070 1026 2180 1084 tur,
2207 1022 2302 1075 sed
2338 1022 2613 1091 quomodo
2636 1022 2704 1075 ad
2728 1023 2999 1080 dictiones
3024 1038 3186 1078 sensa
3217 1034 3407 1078 coacta
3436 1031 3649 1094 pertra~

2072 1111 2194 1175 hat,
2227 1120 2391 1182 atque
2430 1115 2778 1169 sonantiores
2814 1131 2977 1170 voces
3017 1116 3365 1186 colligentem
3411 1130 3480 1170 ex
3525 1115 3649 1185 qui-

2071 1201 2304 1257 busdam
2328 1202 2571 1271 scriptis.
2592 1201 2659 1256 Et
2681 1204 3140 1273 quemadmodum
3168 1202 3404 1259 mendici
3427 1211 3649 1274 propter

2070 1294 2360 1365 penuriam
2409 1295 2579 1350 vestis
2611 1310 2678 1350 ex
2714 1295 2911 1351 laceris
2956 1303 3009 1350 et
3055 1296 3271 1351 detritis
3318 1294 3648 1365 quibusdam

2070 1387 2385 1457 panniculis
2416 1386 2638 1443 tunicas
2669 1402 2770 1443 acu
2800 1398 3108 1460 pungentes
3134 1396 3410 1441 consuunt
3436 1406 3449 1441 :
3486 1387 3569 1443 sic
3595 1394 3651 1442 et

2071 1481 2219 1536 hunc
2251 1482 2413 1534 aliam
2451 1482 2583 1535 alibi
2618 1482 2911 1537 dictionem
2948 1482 3332 1552 decerpentem
3356 1518 3370 1543 ,
3414 1495 3513 1551 per
3551 1480 3651 1535 has

2073 1575 2181 1631 sibi
2230 1574 2396 1644 hujus
2451 1575 2717 1630 orationis
2770 1584 3057 1629 centonem
3111 1574 3492 1639 contexuisse,
3540 1588 3650 1627 non

2075 1665 2194 1721 sine
2213 1666 2438 1721 miseria
2458 1666 2748 1721 verborum
2771 1656 3195 1721 commissuram
3219 1665 3650 1734 compingentem

379 1743 613 1813 ἅμιλλαν
638 1746 793 1815 ἀνδρὶ
826 1746 962 1816 πρὸς
990 1746 1249 1817 ἀλήθειαν
1277 1748 1524 1818 βλέποντι
1553 1746 1809 1800 τοσοῦτον
1836 1746 1971 1799 ἀπό-

2082 1766 2128 1812 et
2158 1767 2579 1826 componentem
2600 1795 2614 1820 ,
2639 1756 2799 1824 cujus
2826 1756 3036 1811 lubrica
3061 1756 3389 1825 etjuvenilis
3422 1755 3652 1809 ambitio

380 1835 596 1906 ϐλητον,
629 1837 753 1890 ὅσον
787 1837 991 1908 ἀθλητῇ
1037 1855 1144 1891 τινι
1173 1838 1282 1890 τῶν
1325 1838 1608 1909 καρτερῶν
1642 1855 1701 1890 τε
1749 1837 1843 1891 καὶ
1887 1836 1972 1903 ἐξ·

378 1925 538 1997 ὠρων
576 1928 638 1980 τὸ
669 1928 757 1981 διά
792 1930 1110 1999 περιεργίας
1138 1930 1499 2001 κομμωτικῆς
1533 1927 1968 1997 γυναικίςεσθαι.

394 2018 555 2071 Ἀλλά
587 2037 675 2089 μοι
701 2020 847 2072 δοκεί
873 2022 964 2073 τὸν
989 2022 1187 2075 σκοπὸν
1217 2021 1311 2075 τοῦ
1345 2021 1545 2085 παντὸς
1574 2022 1972 2091 ἐγχειρήματος

380 2110 449 2164 δι’
488 2110 685 2179 ὀλίγων
726 2113 1116 2184 ἐπιδραμόντα,
1151 2114 1251 2177 τάς
1295 2116 1512 2187 μακρὰς
1548 2113 1827 2184 περιόδους
1856 2111 1974 2182 χαί-

387 2221 501 2275 ρειν
539 2206 717 2259 ὲᾶσαι.
763 2206 972 2259 Οὐκοῦν
1019 2207 1236 2278 εἴρηται
1279 2210 1407 2281 παρ’
1438 2206 1597 2278 ήμῶν
1621 2220 1635 2235 ⁸
1669 2205 1972 2275 οίκειοῦμαι

385 2296 494 2365 γὰρ
522 2295 613 2349 τοῦ
645 2297 967 2351 διδασκάλου
994 2298 1086 2351 τὸν
1116 2299 1270 2367 λόγον
1291 2316 1305 2330 ⁸
1340 2300 1421 2352 ὃτι
1453 2299 1555 2369 τῆς
1580 2297 1731 2360 θείας
1761 2297 1973 2367 φύσεως

387 2388 635 2459 ἀμυδρὰν
668 2388 765 2458 μὲν
794 2390 887 2442 καὶ
934 2388 1278 2461 βραχυτάτην
1306 2389 1503 2460 ἔχομεν
1548 2388 1637 2442 διὰ
1676 2387 1786 2441 τῶν
1826 2386 1973 2455 λογι-

388 2477 543 2548 σμῶν
576 2477 674 2549 τὴν
711 2478 1023 2550 ἀντίληψιν·
1058 2481 1386 2551 ἀποχρῶσαν
1410 2480 1456 2533 δ’
1491 2481 1639 2550 ὅμως
1669 2481 1734 2548 τῇ
1773 2476 1975 2550 βραχύ-

386 2588 510 2642 τητι
538 2573 633 2641 τῆς
661 2572 943 2642 δυνάμεως
968 2574 1000 2644 ἡ
1011 2573 1124 2644 μῶν
1152 2573 1241 2626 διὰ
1264 2574 1373 2627 τῶν
1402 2574 1681 2645 ὀνομάτων
1706 2575 1813 2629 τῶν
1846 2576 1975 2645 περὶ

388 2663 556 2734 αὐτὴν
586 2665 824 2727 εὐσεϐῶς
871 2665 1178 2736 λεγομένων
1207 2665 1305 2737 τὴν
1345 2666 1546 2734 γνῶσιν
1586 2666 1971 2739 ὲρανιζόμεθα.

389 2754 433 2805 Τ
436 2752 609 2807 ούτων
636 2754 692 2806 δέ
723 2772 903 2825 φαμεν
932 2754 1039 2807 τῶν
1069 2756 1350 2826 ὀνομάτων
1376 2758 1436 2809 οὐ
1477 2759 1720 2830 μονοειδῆ
1757 2758 1973 2813 πάντων

389 2842 654 2916 εἶναιτὴν
682 2846 979 2916 σημασίαν,
1005 2847 1139 2899 ἀλλά
1174 2847 1242 2899 τὰ
1276 2848 1371 2917 μὲν
1412 2848 1521 2901 τῶν
1559 2852 1869 2920 προσόντων
1897 2849 1976 2921 τῷ

388 2937 533 3008 Θεῷ,
573 2937 643 2991 τά
688 2938 746 2991 δὲ
785 2938 893 2991 τῶν
928 2939 1359 3008 ἀποπεφυκότων
1405 2939 1517 3009 ἔχει
1564 2940 1661 3011 τὴν
1705 2941 1972 3013 ἔμφασιν·

389 3025 524 3095 οἷον,
559 3030 764 3083 δίκαιον
785 3030 947 3083 αὐτὸν
975 3032 1069 3084 καὶ
1093 3030 1369 3102 ἄφθαρτον
1391 3031 1642 3102 λέγομεν,
1678 3032 1756 3102 τῷ
1791 3034 1889 3103 μὲν
1907 3035 1979 3087 δι-

390 3123 553 3193 καίῳ,
594 3122 657 3176 τὸ
695 3126 976 3194 προσεῖναι
1014 3122 1392 3194 δικαιοσύνην·
1420 3123 1499 3195 τῷ
1535 3123 1591 3175 δὲ
1620 3124 1883 3196 ἀφθάρτῳ
1918 3126 1978 3179 τὸ

395 3216 470 3287 μὴ
501 3218 783 3286 προσεῖναι
819 3214 1025 3287 φθορὰν
1065 3215 1481 3286 ἐνδεικνύμενοι.
1528 3216 1743 3282 Ἔξεστι
1787 3216 1844 3270 δὲ
1874 3217 1978 3271 πά·-

390 3309 473 3361 λιν
504 3310 598 3362 καὶ
635 3307 1018 3374 ὑπαλλάξαντα
1045 3307 1143 3372 τὰς
1176 3308 1449 3379 σημασίας
1485 3308 1624 3361 κατά
1653 3309 1715 3361 τὸ
1746 3308 1978 3379 ἔμπαλιν

392 3399 688 3471 προσφυῶς
717 3400 1024 3471 ἐφαρμόσαι
1058 3400 1137 3471 τῷ
1174 3398 1294 3471 Θεῷ
1323 3399 1393 3453 τά
1429 3401 1701 3470 ὀνόματαθ
1737 3399 1876 3454 ὥστε
1900 3402 1979 3473 τῷ

396 3494 495 3563 μὲν
528 3492 948 3563 ἀπεμφαίνοντι,
998 3493 1058 3544 τὸ
1107 3494 1326 3557 οίκεῖον,
1379 3490 1458 3562 τῷ
1488 3492 1544 3545 δὲ
1596 3492 1874 3564 προσόντι,
1920 3494 1979 3548 τὸ

392 3586 671 3656 ἀλλότριον
716 3585 1192 3657 παραστήσασθαι.
1236 3584 1314 3657 Τῇ
1361 3584 1470 3654 γάρ
1523 3584 1837 3656 δικαιοσύνῃ
1880 3584 1979 3654 τῆς

392 3680 606 3743 ἀδικίας
654 3677 1091 3747 ἀντινοουμένης,
1131 3680 1197 3747 τῇ
1240 3677 1297 3730 δὲ
1342 3677 1516 3749 φθορᾷ
1546 3678 1643 3748 τῆς
1681 3677 1981 3744 ἀῖδιότητος

394 3772 800 3842 ἀντικειμένης,
854 3770 1077 3825 δυνατόν
1131 3771 1245 3823 ἐστι
1304 3769 1607 3843 χρήσασθαι
1657 3770 1983 3840 προσφόρως

393 3866 489 3918 ἐπὶ
524 3863 619 3917 τοῦ
655 3862 789 3918 Θεοῦ
834 3866 947 3928 τοῖς
983 3862 1267 3927 ἐναντίοις,
1304 3865 1399 3916 καὶ
1440 3862 1514 3934 μὴ
1539 3863 1858 3933 διαμαρτεῖν
1887 3861 1980 3915 τοῦ

397 3957 768 4027 προσήκοντος
818 3956 875 4009 ὲν
915 3953 991 4025 τῷ
1033 3956 1226 4018 εἰπεῖν,
1278 3954 1363 4007 ἀεί
1400 3971 1459 4007 τε
1509 3955 1670 4007 αὐτὸν
1716 3948 1853 4007 εἶναι
1888 3953 1983 4007 καὶ

395 4048 580 4102 ἄδικον
614 4047 687 4118 μὴ
709 4044 848 4101 εἶναι
869 4061 882 4075 ⁶
914 4048 1051 4118 ὅπερ
1079 4042 1197 4099 ἶσόν
1241 4050 1356 4099 ἐστι
1404 4045 1483 4116 τῷ
1515 4046 1721 4099 δίκαιόν
1748 4064 1807 4099 τε
1844 4040 1982 4099 εἶναι

396 4140 599 4207 λέγειν,
637 4141 731 4192 καὶ
775 4139 979 4209 φθοράν
1025 4138 1098 4210 μὴ
1149 4138 1560 4210 προσδέχεσθαι.
1602 4138 1757 4191 Οὕτω
1795 4137 1887 4191 καὶ
1916 4137 1984 4189 τά

398 4230 563 4286 λοιπὰ
588 4231 696 4286 τῶν
750 4232 1027 4302 ὀνομάτων
1056 4233 1120 4302 τῇ
1166 4232 1293 4301 ποιᾷ
1330 4229 1626 4301 μεταλήψει
1674 4228 1774 4299 τῆς
1805 4245 1983 4299 σημα-

401 4324 522 4385 σίας
575 4323 713 4394 πρὸς
750 4323 1013 4393 ἑκατέραν
1043 4322 1140 4393 τὴν
1189 4320 1425 4391 ἔμφασιν
1478 4320 1797 4391 ἐπιτηδείως
1842 4319 1984 4390 ἔχειν

2072 1848 2140 1903 ad
2174 1857 2455 1903 certamen
2490 1850 2609 1903 viro
2640 1848 2708 1903 ad
2737 1849 3023 1903 veritatem
3060 1848 3328 1917 spectanti
3360 1854 3470 1900 tam
3499 1861 3655 1915 repu-

2072 1940 2270 1996 dianda
2300 1952 2384 1997 est
2409 1981 2423 2007 ,
2454 1957 2616 2011 quam
2645 1942 2860 1996 athletae
2893 1941 3056 1996 alicui
3093 1940 3218 1994 forti
3248 1948 3302 1994 et
3330 1946 3458 1993 natu
3493 1955 3655 2007 gran-

2073 2036 2248 2101 diori,
2285 2051 2464 2106 neque
2492 2036 2775 2091 amoribus
2811 2036 3047 2106 amplius
3080 2034 3308 2100 idoneo,
3342 2032 3654 2103 superﬂuus

2072 2138 2128 2184 ct
2183 2136 2438 2198 comptus
2481 2128 2767 2183 muliebris
2817 2128 2998 2183 cultus
3049 2135 3104 2182 et
3155 2135 3384 2181 ornatus
3433 2132 3515 2181 est
3565 2124 3655 2179 fu-

2073 2220 2325 2291 giendus.
2382 2218 2488 2274 Sed
2537 2220 2706 2275 totius
2760 2218 3257 2290 argumentationis
3308 2226 3364 2272 et
3420 2225 3654 2272 conatus

2074 2325 2241 2380 scopo
2276 2310 2515 2365 breviter
2549 2324 2816 2378 percurso
2841 2350 2854 2373 ,
2902 2310 3092 2380 longas
3130 2308 3425 2363 verborum
3467 2306 3656 2361 amba-

2073 2412 2167 2468 ges
2193 2404 2248 2453 et
2277 2396 2540 2454 circuitus
2566 2398 2764 2467 jubere
2794 2399 2973 2453 valere
3002 2413 3222 2453 censeo.
3252 2399 3423 2469 Igitur
3447 2397 3655 2451 dictum

2073 2498 2149 2544 est
2193 2505 2223 2542 a
2264 2489 2427 2544 nobis
2471 2489 2759 2558 (doctoris
2805 2489 3297 2555 enimsermonem
3342 2489 3477 2541 mihi
3521 2502 3649 2558 pro-

2074 2580 2252 2649 prium
2280 2588 2333 2634 et
2367 2579 2723 2634 domesticum
2759 2578 2939 2647 facio)
2976 2579 3043 2634 de
3072 2578 3257 2632 divina
3306 2586 3503 2632 natura
3551 2593 3657 2633 nos

2075 2672 2426 2741 perexiguam
2460 2678 2514 2726 et
2543 2671 2833 2725 obscuram
2862 2671 3018 2725 valde
3059 2686 3155 2740 per
3201 2670 3655 2725 ratiocinationes

2073 2765 2477 2834 perceptionem
2506 2774 2559 2817 et
2586 2763 3130 2831 comprehensionem
3164 2761 3363 2815 habere
3392 2778 3405 2814 :
3440 2776 3660 2815 verum-

2073 2860 2257 2906 tamen
2290 2860 2493 2906 nostraa
2523 2850 2803 2906 facultatis
2830 2850 3123 2921 exiguitate
3151 2858 3439 2907 contentos
3469 2866 3565 2921 per
3595 2866 3658 2905 ea

2076 2944 2300 2997 nomina
2330 2959 2450 3013 quae
2482 2942 2548 2997 de
2582 2943 2700 3013 ipsa
2737 2944 2825 3013 pie
2855 2943 3137 3009 dicuntur,
3173 2941 3531 2997 suﬁicientem
3569 2957 3661 2997 co-

2081 3036 2378 3107 gnitionem
2427 3051 2529 3091 nos
2573 3036 2870 3107 colligere:
2917 3035 3115 3090 borum
3156 3042 3333 3089 autem
3376 3035 3660 3090 nominum

2086 3130 2325 3186 dicimus
2360 3145 2469 3184 non
2504 3145 2626 3185 esse
2659 3129 2904 3184 omnium
2942 3128 3269 3183 uniformem
3306 3127 3661 3199 signiﬁcatio-

2086 3239 2249 3287 nem,
2299 3222 2395 3277 sed
2446 3220 2692 3293 qumdam
2744 3236 2933 3277 eorum
2987 3236 3108 3291 quae
3154 3222 3343 3275 insunt
3373 3221 3519 3284 Deo,
3555 3221 3661 3274 alia

2086 3331 2216 3371 vero
2242 3330 2430 3371 eorum
2459 3329 2582 3383 quae
2608 3313 2678 3368 ab
2708 3328 2771 3368 eo
2797 3312 3035 3377 absunt,
3065 3312 3403 3366 notationem
3434 3312 3661 3377 habere,

2086 3414 2147 3463 ut
2179 3422 2301 3462 cum
2332 3406 2543 3477 justum
2578 3405 2756 3476 ipsum
2790 3414 2845 3459 et
2881 3404 3349 3473 ineorruptibilem
3390 3403 3660 3469 dicimus,

2082 3499 2234 3570 justo
2260 3499 2479 3571 quidem
2519 3500 2703 3554 inesse
2739 3498 3045 3569 justitiam,
3083 3497 3492 3567 incorruptibili
3533 3513 3664 3552 vero

2088 3607 2198 3646 non
2229 3593 2410 3646 inesse
2455 3590 2737 3645 interitum
2784 3591 3245 3645 demonstramus.
3286 3587 3436 3643 Licet
3469 3602 3662 3642 rursus

2089 3680 2253 3735 etiam
2286 3680 2508 3734 mutatis
2540 3679 3037 3750 signiﬁcationibus
3070 3678 3187 3733 vice
3218 3692 3378 3733 versa
3416 3676 3527 3732 Deo
3564 3693 3667 3731 no-

2091 3771 2238 3824 mina
2274 3771 2615 3826 cohaerenter
2644 3770 3095 3837 accommodare,
3123 3770 3194 3824 ita
3227 3778 3287 3824 ut
3312 3768 3418 3824 hoc
3443 3769 3663 3839 quidem

2096 3861 2244 3931 quod
2280 3862 2433 3915 nullo
2475 3861 2639 3916 modo
2683 3862 2972 3927 convenit,
3027 3861 3174 3931 quod
3226 3861 3330 3932 ipsi
3380 3861 3663 3931 proprium

2092 3962 2211 4018 est,
2245 3969 2310 4008 eo
2342 3969 2474 4008 vero
2504 3954 2649 4023 quod
2680 3952 2869 4019 adest,
2904 3952 3049 4023 quod
3081 3954 3148 4007 ab
3187 3968 3251 4008 eo
3295 3961 3379 4008 est
3427 3954 3663 4009 alienum

2090 4051 2532 4113 repraesentetur.
2564 4043 2701 4096 Nam
2734 4058 2857 4097 cum
2892 4041 3159 4113 injustitia
3188 4042 3417 4114 justitiae
3450 4052 3666 4097 contra-

2089 4139 2173 4193 ria
2223 4137 2578 4207 intelligatur,
2619 4144 2672 4191 et
2715 4136 2960 4191 interitui
3000 4137 3278 4192 mternitas
3321 4136 3663 4200 adversetur,

2090 4231 2174 4287 fas
2199 4244 2283 4286 est
2315 4231 2706 4286 convenienter
2740 4230 2817 4284 uti
2867 4229 2920 4283 in
2957 4227 3064 4283 Deo
3109 4228 3404 4283 contrariis
3426 4268 3440 4292 ,
3489 4244 3666 4298 neque

2092 4325 2352 4379 aberrare
2384 4323 2452 4377 ab
2484 4338 2550 4379 eo
2576 4323 2721 4393 quod
2750 4322 3010 4377 convenit
3032 4360 3047 4386 ,
3081 4320 3311 4375 dicendo
3340 4335 3667 4390 semperque

401 4417 605 4489 φαμὲν,
642 4412 752 4470 οἷον
794 4416 853 4469 τὸ
887 4415 1086 4485 ἀγαθὸν
1117 4416 1210 4469 καὶ
1242 4416 1526 4482 ἀθάνατον,
1558 4417 1653 4470 καὶ
1706 4416 1887 4471 πάντα
1914 4419 1977 4472 τά

2094 4414 2273 4483 ipsum
2301 4427 2424 4467 csse
2447 4419 2500 4466 et
2524 4412 2789 4481 injustum
2814 4426 2922 4465 non
2950 4424 3071 4464 csse
3096 4429 3109 4464 :
3135 4408 3282 4478 quod
3310 4409 3437 4463 huic
3460 4409 3668 4478 aequale

401 4511 547 4565 κατὰ
593 4510 686 4565 τὸν
734 4510 917 4580 ὅμοιον
970 4509 1311 4579 ἐκφερόμενα
1358 4509 1547 4565 τύπον.
1596 4509 1829 4564 Δύναται
1877 4509 1985 4582 γὰρ

402 4603 633 4656 ἕκαςτον
684 4600 864 4654 αὐτῶν
902 4599 1078 4663 ἄλλως
1133 4599 1225 4652 καὶ⁸
1268 4598 1442 4663 ἄλλως
1492 4599 1855 4672 μεταληφθὲν,
1895 4603 1989 4655 καὶ

404 4693 468 4746 τὸ
490 4692 693 4766 προσὸν
724 4692 817 4744 καὶ
845 4691 904 4744 τὸ
931 4691 1005 4762 μὴ
1026 4690 1225 4763 προσὸν
1250 4691 1342 4743 ἐπὶ
1365 4692 1463 4761 τῆς
1488 4690 1634 4754 θείας
1654 4692 1989 4758 ἐνδείξασθαι

407 4786 653 4855 φύσεωςο
686 4784 826 4838 ὥστε
883 4784 978 4836 τοῦ
1024 4784 1299 4854 σχήματος
1346 4783 1455 4837 τῶν
1502 4783 1777 4852 ὀνομάτων
1818 4785 1990 4839 ὑπαλ-

407 4879 764 4950 λασσομένου,
793 4877 892 4949 τὴν
912 4876 1113 4946 εὐσεϐῆ
1136 4877 1262 4947 περὶ
1288 4876 1346 4929 τὸ
1374 4876 1729 4946 ὑποκείμενον
1757 4877 1995 4932 διάνοιαν

412 4970 594 5042 μένειν
645 4968 921 5039 ἀκίνητον.
976 4965 1151 5018 Ταὺτὸ
1189 4965 1297 5035 γάρ
1344 4967 1509 5030 ἐστιν,
1557 4966 1901 5019 ἀνεπίδεκτόν
1935 4985 1995 5021 τε

411 5062 679 5133 πονηρίας
706 5061 798 5114 τὸν
828 5060 961 5114 Θεὸν
992 5060 1181 5121 εἰπεῖν,
1215 5058 1309 5111 καὶ
1342 5057 1544 5125 ἀγαθὸν
1571 5058 1833 5128 ὀνομάσαι
1854 5076 1866 5088 °
1901 5060 1996 5113 καὶ

412 5155 677 5213 ἀθάνατον
722 5152 1076 5224 ὁμολογῆσαι,
1129 5149 1222 5203 καὶ
1265 5149 1350 5202 ἀεὶ
1389 5147 1564 5212 ζῶντα
1593 5152 1782 5203 εἰπεῖν.
1836 5151 1998 5204 Οὐδε-

417 5250 547 5323 μία-ι
573 5248 682 5318 γὰρ
725 5249 781 5299 ὲν
810 5245 1020 5306 τούτοις
1056 5241 1199 5295 κατά
1225 5242 1284 5294 τὸ
1312 5239 1706 5312 σημαινόμενον
1734 5241 1994 5313 διαφορὰν

415 5336 727 5405 ἐννοοῦμεν,
760 5334 877 5387 ἀλλ’
922 5333 979 5386 ἓν
1028 5333 1095 5386 δι’
1123 5331 1396 5403 ἑκατέρων
1426 5330 1533 5383 τῶν
1580 5329 1753 5399 λόγων
1790 5333 1993 5405 ἀποση-

422 5426 718 5499 μαίνομεν·
754 5426 858 5479 κᾶν
894 5425 955 5478 τὸ
991 5425 1090 5494 μὲν
1142 5422 1310 5488 θέσιν,
1338 5423 1398 5475 τὸ
1439 5421 1496 5474 δὲ
1528 5421 1805 5495 ἀναίρεσίν
1855 5442 1997 5489 τινος

419 5520 564 5595 ἔχειν
590 5518 739 5590 δοκῇ.

2094 4513 2200 4570 est,
2224 4519 2416 4574 nempe
2439 4504 2623 4558 dicere
2644 4502 2852 4571 justum
2876 4516 2997 4556 esse
3014 4509 3067 4555 et
3086 4516 3194 4554 non
3220 4499 3496 4555 interitum
3524 4500 3668 4555 acci-

2093 4612 2259 4669 pere:
2290 4596 2370 4651 sic
2400 4596 2564 4651 etiam
2596 4594 2806 4664 reliqua
2836 4594 3059 4647 nomina
3087 4592 3321 4662 quadam
3354 4600 3666 4648 transsum-

2097 4690 2281 4760 ptione
2330 4686 2747 4758 signiﬁcationis
2789 4684 2857 4739 ad
2904 4693 3192 4754 utramque
3241 4684 3667 4740 declarationem

2096 4758 2222 4854 apte
2247 4790 2301 4838 et
2331 4787 2696 4851 congruenter
2741 4793 2800 4834 se
2836 4776 3040 4831 habere
3081 4777 3383 4832 asserimus
3406 4817 3419 4841 ,
3463 4784 3525 4831 ut
3570 4778 3668 4832 bo-

2097 4889 2228 4928 num
2258 4880 2311 4926 et
2342 4871 2679 4934 immortale,
2708 4876 2761 4924 et
2788 4869 2972 4922 omnia
3004 4883 3125 4939 qua:
3152 4868 3315 4923 simili
3348 4868 3518 4924 forma
3551 4869 3673 4923 ell‘c-

2098 4973 2335 5031 runtur;
2372 4969 2554 5034 potest
2583 4962 2729 5017 enim
2757 4960 3189 5029 unumquodque
3239 4959 3433 5013 horum
3462 5001 3476 5026 ,
3511 4959 3672 5012 aliter

2098 5066 2264 5127 atque
2292 5057 2450 5110 aliter
2486 5060 2924 5122 transsumptum
2949 5091 2962 5117 ,
2996 5060 3049 5106 et
3088 5051 3232 5122 quod
3267 5053 3407 5107 inest
3439 5058 3491 5105 et
3525 5050 3671 5117 quod

2098 5167 2211 5207 non
2246 5151 2389 5206 inest
2422 5149 2476 5203 in
2510 5147 2697 5203 divina
2731 5154 2926 5200 natura
2966 5146 3228 5200 indicare.
3278 5145 3352 5198 lta
3394 5152 3451 5196 ut
3501 5142 3671 5209 ﬁgura

2100 5243 2383 5300 nominum
2412 5249 2618 5296 mutata
2637 5280 2652 5306 ,
2681 5240 2769 5311 pia
2798 5240 2852 5294 in
2882 5238 3128 5309 subjecto
3157 5233 3512 5302 intelligentia
3550 5248 3669 5284 ma-

2101 5344 2227 5391 neat
2259 5334 2595 5389 immobilis:
2631 5333 2773 5388 ideut
2804 5332 2947 5387 enim
2983 5339 3067 5385 est
3104 5328 3271 5381 Deum
3304 5322 3672 5391 improbitatis

2103 5442 2211 5481 non
2244 5440 2498 5496 capacem
2537 5423 2753 5487 dicere,
2787 5430 2840 5477 et
2874 5423 3074 5475 bonum
3112 5414 3431 5480 nominare;
3474 5419 3527 5466 et
3572 5412 3673 5466 im—

2104 5520 2390 5575 mortalem
2442 5515 2730 5577 conliteri,
2782 5521 2835 5567 et
2883 5523 3098 5578 semper
3146 5505 3414 5558 viventem
3467 5501 3670 5560 dicere.

420 5609 635 5673 Nullam
682 5613 828 5669 enim
908 5612 965 5669 in
1007 5613 1073 5668 iis
1115 5611 1415 5670 secundum
1458 5609 1827 5685 signiﬁcatum
1850 5612 2230 5692 _dilIercntiam
2262 5611 2651 5691 __intclligimus
2668 5648 2682 5677 ,
2730 5603 2821 5660 sed
2869 5618 3036 5658 unum
3115 5606 3343 5671 utraque
3422 5597 3675 5654 oratione
