4054 6152
538 239 646 294 955

1791 221 1857 278 s.
1897 215 2226 279 GltEGOltll
2264 204 2559 274 nvsS‘ENt

3670 224 3761 279 956

534 358 938 427 signiﬁcamus,
994 349 1247 422 quamvis
1304 349 1409 404 hoc
1461 346 1681 416 quidem
1735 341 2105 413 positionem,
2145 339 2262 395 sive
2293 338 2745 402 aﬁirmationem,
2783 336 2918 392 illud
2986 351 3114 392 vero
3181 336 3511 392 ablationem
3557 355 3645 395 seu
3678 358 3761 399 ne-

538 451 811 520 gationem
842 444 1079 512 alicujus
1114 442 1315 494 habere
1341 438 1616 493 videatur.

610 544 806 596 Eodem
840 548 998 609 pacto
1039 538 1282 591 omnium
1330 535 1661 605 principium
1709 531 1879 585 Deum
1921 530 2108 585 dicen-
2143 529 2191 586 A

535 646 649 698 tes,
680 644 735 687 et
764 647 957 686 rursus
989 631 1244 699 ἄναρχον,
1277 628 1329 681 id
1355 634 1445 682 est
1467 668 1482 692 ,
1514 638 1787 679 carentem
1816 621 2109 693 principio,

543 728 918 789 nominantes,
957 723 1091 776 nihil
1120 720 1301 790 quoad
1334 734 1554 774 sensum
1594 731 1927 787 pugnamus,
1960 722 2112 768 utro-

536 831 643 886 que
674 814 891 868 nomine
926 811 1223 880 principem
1255 817 1308 863 et
1339 815 1619 863 auctorem
1652 805 1890 859 universi
1931 803 2112 860 decla-

538 915 745 961 rantes.
782 908 965 969 Quare
991 904 1108 957 sive
1148 900 1420 970 principio
1462 905 1736 953 carentem
1780 896 2110 960 dixerimus,

538 1002 657 1056 sive
704 997 941 1052 universi
996 1002 1306 1056 auctorem,
1357 992 1459 1046 hoc
1510 990 1727 1059 quidem
1761 988 1905 1058 quod
1935 989 2110 1051 inest,

539 1090 713 1144 altero
763 1101 925 1151 vero,
976 1084 1121 1154 quod
1175 1099 1281 1136 non
1336 1084 1480 1136 inest
1527 1078 1927 1148 expressimus.
1974 1075 2109 1130 Cum

536 1179 622 1233 fas
648 1178 747 1240 sit,
781 1177 923 1230 sicut
948 1174 1153 1228 dictum
1181 1180 1300 1233 est,
1333 1187 1428 1239 per
1452 1170 1880 1240 signiﬁcatorum
1915 1167 2111 1221 immu-

541 1272 801 1324 tationem
826 1308 840 1330 ,
878 1267 1162 1321 nominum
1197 1262 1626 1333 signiﬁcationes
1676 1261 1729 1313 in
1772 1258 2109 1313 contrarium

536 1366 945 1422 trausmutare,
1007 1366 1061 1411 et
1115 1371 1262 1409 nunc
1319 1353 1553 1423 quidem.
1600 1352 1953 1408 dissentaneo
2011 1364 2114 1403 no-

538 1451 686 1505 mine
730 1464 825 1517 per
866 1447 1154 1517 quamdam
1203 1444 1734 1514 transﬁgurationem
1778 1441 1924 1512 quod
1971 1441 2112 1496 inest

539 1548 728 1595 notum
773 1540 932 1602 ﬁeri,
978 1546 1031 1592 et
1079 1540 1250 1592 altero
1305 1538 1583 1595 alterum:
1632 1535 1758 1589 licet
1810 1536 1956 1589 enim
2013 1547 2110 1602 pro

538 1646 605 1684 eo
656 1628 802 1698 quod
847 1628 1144 1690 diceretur,
1195 1624 1524 1694 Principium
1572 1624 1691 1693 ipse
1740 1637 1850 1675 non
1905 1622 2107 1690 habet,

536 1718 767 1774 deﬁnire
798 1719 975 1787 ipsum
1008 1732 1129 1772 esse
1161 1716 1399 1770 universi
1433 1713 1761 1783 principium
1788 1753 1803 1776 ,
1838 1720 1892 1766 et
1921 1723 2111 1767 contra

539 1827 640 1882 pro
695 1812 831 1876 hoc,
892 1811 1068 1878 ipsum
1122 1809 1297 1862 solum
1352 1807 1595 1861 conﬁteri
1658 1807 1818 1861 modo
1871 1806 2112 1876 ingenito

537 1903 654 1957 sive
688 1900 1133 1972 ingenerabiliter
1166 1899 1481 1953 subsistere.
1502 1899 1578 1952 Ita
1608 1906 1665 1951 ut
1703 1898 1863 1951 verba
1892 1897 2111 1966 quidem
2146 1887 2189 1942 Β

542 1994 827 2048 videantur
880 1995 1064 2062 ﬁgura
1122 1990 1499 2043 immutatione
1547 1988 1858 2041 dilTerenter
1905 2003 1963 2042 se
2019 1988 2115 2040 ha-

540 2086 687 2145 bere,
730 2082 1064 2136 intellectum
1103 2096 1232 2134 vero
1262 2082 1331 2148 ⁸ἱη
1374 2081 1459 2134 his
1484 2096 1603 2148 quae
1635 2079 1911 2139 dicuntur,
1949 2093 2112 2130 unum

536 2174 902 2245 eumdemque
937 2187 1287 2241 permanere;
1339 2171 1443 2225 hoc
1490 2170 1634 2224 enim
1683 2177 1767 2223 est
1805 2168 1953 2238 quod
1999 2175 2115 2224 stu-

538 2269 693 2322 diose
739 2265 1072 2335 perquiritur
1118 2265 1171 2317 in
1225 2264 1309 2318 bis
1344 2278 1463 2332 qua:
1496 2263 1561 2316 de
1599 2262 1711 2315 Deo
1758 2262 2116 2316 instituuntur

538 2357 905 2420 sermonibus,
942 2363 1000 2408 ut
1039 2369 1147 2408 non
1199 2355 1490 2408 verborum
1540 2368 1759 2408 suavem
1803 2361 1856 2406 et
1903 2353 2114 2406 dulcem

536 2466 754 2515 sonum,
785 2450 1039 2519 quodque
1068 2449 1398 2511 concinnum
1437 2456 1491 2501 et
1542 2446 1900 2512 modulatum,
1944 2454 2117 2500 atten-

534 2543 754 2605 damus,
786 2541 879 2596 sed
914 2551 969 2593 ut
997 2540 1139 2608 piam
1164 2538 1573 2607 intelligentiam
1598 2538 1987 2606 excogitemus.
2020 2550 2117 2604 per

535 2648 699 2701 quam
735 2631 994 2685 decorum
1034 2629 1101 2684 de
1142 2628 1250 2682 Deo
1294 2627 1688 2682 existimationi
1734 2632 2112 2679 conservetur.

538 2721 804 2788 Quoniam
839 2721 1003 2790 igitur
1047 2720 1196 2789 pium
1233 2727 1317 2773 est
1363 2718 1628 2771 rationem
1660 2715 1944 2786 complecti
1996 2714 2119 2769 uni-

540 2813 680 2867 versi
712 2819 1013 2873 auctorem,
1053 2813 1229 2879 ipsum
1270 2824 1491 2863 causam
1535 2824 1643 2863 non
1680 2808 1878 2862 habere
1931 2821 2119 2876 super-

538 2905 775 2973 positam
816 2922 829 2957 :
878 2903 980 2956 hac
1018 2903 1287 2956 sententia
1322 2900 1481 2955 nobis
1510 2899 1720 2953 ﬁrmata
1758 2906 1810 2952 et
1843 2905 2116 2963 manente,

535 3010 787 3067 quaenam
812 2994 1045 3063 amplius
1074 3000 1255 3047 mente
1291 2992 1534 3062 praeditis
1562 2999 1615 3045 et
1649 2998 1794 3045 recte
1818 2990 2119 3059 judicanti-

538 3090 642 3142 bus
676 3087 964 3141 verborum
1006 3084 1384 3139 controversia
1440 3090 1495 3137 et
1535 3098 1717 3153 pugna
1760 3080 2120 3150 relinquittl?

536 3178 672 3233 Cum
704 3194 805 3231 vox
833 3177 1013 3230 omnis
1045 3191 1151 3245 qua
1199 3175 1304 3229 tale
1330 3174 1496 3228 animi
1533 3188 1753 3228 sensum
1804 3172 2121 3226 enuntiatur

2300 521 2576 585 Ὡσαύτως
2614 518 2709 573 καὶ
2757 520 2972 573 πάντων
3011 518 3185 589 ἀρχὴν
3229 519 3471 583 λέγοντες
3504 522 3591 576 τδν
3628 524 3759 589 θεὸν.

2218 616 2311 669 καὶ
2344 613 2505 667 πάλιν
2556 611 2789 681 ἄναρχον
2818 608 3195 679 ὀνομάζοντες,
3221 608 3369 662 οὐδὲν
3400 612 3537 665 κατὰ
3579 615 3670 677 τὰς
3694 617 3763 669 ὲν-

2217 707 2364 770 votat;
2401 704 2704 776 μαχόμεθα,
2730 701 2851 756 καθ’
2878 701 3136 774 ἑκάτερον
3166 700 3276 755 τῶν
3294 702 3594 772 λεγομένων
3614 707 3763 778 ἀρχη-

2217 800 2311 867 γὸν
2333 798 2427 859 καὶ
2458 796 2630 850 αἴτιον
2670 790 2808 847 εἶναι
2839 794 2932 847 τοῦ
2963 794 3161 857 παντὸς
3190 794 3596 863 ἀποφαίνοντες.
3626 799 3763 851 ’Ὥστε

2218 890 2319 944 κᾶν
2348 890 2583 960 ἄναρχον
2607 887 2870 956 εἴπωμεν,
2900 884 3000 938 κᾶν
3025 885 3118 939 τοῦ
3142 884 3335 949 παντὸς
3365 888 3681 957 ἀρχηγέτην,
3700 891 3763 959 τῷ

2220 985 2317 1055 μὲν
2344 984 2405 1037 τὸ
2456 980 2679 1052 προσόν,
2712 979 2791 1049 τῷ
2836 978 3069 1050 δευτέρῳ
3101 979 3158 1031 δὲ
3203 978 3263 1031 τὸ
3299 978 3373 1050 μὴ
3412 980 3607 1050 προσὸν
3646 999 3764 1051 παρ-

2216 1076 2543 1145 εστήσαμεν.
2592 1070 2827 1149 Δυνατοῦ
2865 1070 3035 1134 ὄντος,
3082 1068 3263 1132 καθὼς
3296 1069 3528 1139 εἴρηται,
3561 1070 3644 1123 διὰ
3683 1074 3763 1142 τῆς

2215 1167 2323 1222 τῶν
2367 1165 2779 1237 σημαινομένων
2811 1164 3146 1233 ὑπαλλαγῆς,
3198 1162 3528 1233 μεταλλάξαι
3568 1165 3690 1235 πρὸς
3714 1168 3762 1217 τὸ

2206 1258 2456 1317 ¹ἐναντίον
2502 1256 2601 1320 τὰς
2652 1255 2757 1309 τῶν
2806 1255 3084 1325 ὀνομάτων
3118 1253 3405 1323 ἐμφάσεις.
3458 1256 3547 1307 καὶ
3590 1256 3661 1325 τῷ
3686 1258 3761 1309 νῦν

2216 1348 2611 1418 ἀπεμφαίνοντι
2643 1348 2778 1412 τέως
2807 1346 3029 1416 ὀνόματι
3070 1346 3157 1400 διά
3205 1364 3351 1410 τινος
3390 1364 3762 1418 μετασχηματι-

2219 1439 2356 1510 σμοῦ
2386 1440 2446 1492 τὸ
2473 1438 2673 1509 προσόν
2705 1438 3102 1508 γνωρισθῆναι·
3142 1438 3237 1490 καὶ
3266 1437 3342 1507 τῷ
3374 1439 3546 1509 ἑτέρῳ
3589 1441 3644 1492 τὸ
3670 1442 3763 1492 ἐτε-

2221 1548 2329 1601 ρον.
2370 1532 2584 1596 Ἔξεστι
2618 1529 2727 1601 γὰρ
2763 1530 2886 1582 ἀντὶ
2942 1529 3037 1582 τοῦ
3092 1528 3266 1600 ἀρχὴν
3314 1530 3478 1583 αὑτὸν
3529 1531 3597 1602 μὴ
3641 1532 3760 1601 ἔχειν

2216 1624 2408 1687 εἰπεῖν,
2441 1622 2501 1674 τὸ
2533 1622 2707 1692 ἀρχὴν
2749 1621 2909 1674 αὑτὸν
2940 1619 3035 1673 τοῦ
3085 1621 3283 1683 παντὸς
3316 1618 3457 1675 εἶναι
3492 1623 3760 1692 ὁρίσασθαι,

2216 1716 2311 1767 καὶ
2344 1715 2464 1768 ἀντὶ
2510 1712 2702 1766 τούτου
2746 1713 2928 1775 πάλιν,
2963 1712 3025 1764 τὸ
3078 1712 3238 1782 μόνον
3277 1714 3443 1767 αὑτὸν
3492 1715 3762 1784 ἀγεννήτως

2217 1807 2496 1876 ὁμολογεῖν
2544 1804 2857 1873 ὑφεστάναι.
2896 1805 3055 1857 Ὥστε
3088 1804 3158 1858 τὰ
3204 1804 3305 1875 μὲν
3356 1807 3574 1875 ῥήματα
3617 1807 3761 1860 δοκεῖν

2220 1901 2285 1968 τῇ
2320 1896 2413 1950 τοῦ
2446 1898 2722 1967 σχήματος
2746 1897 3012 1967 ἐξαλλαγῇ
3052 1897 3330 1968 διαφόρως
3367 1901 3509 1969 ἔχειν
3534 1900 3658 1971 πρὸς
3689 1900 3763 1953 άλ-

2221 1988 2377 2057 ληλα,
2409 1987 2500 2041 τὸν
2528 1988 2585 2041 δὲ
2607 1986 2729 2040 νοῦν
2755 1989 2812 2042 ἐν
2839 1992 2948 2052 τοῖς
2981 1988 3294 2057 λεγομένοις
3336 1991 3431 2043 ἐνα
3467 1992 3557 2044 καὶ
3585 1992 3667 2046 τὸν
3692 1994 3762 2046 αὺ-

2220 2078 2310 2131 τὸν
2351 2078 2646 2146 διαμένειν.
2683 2078 2755 2129 Τὸ
2794 2076 2901 2149 γὰρ
2952 2078 3386 2149 σπουδαζόμενον
3433 2083 3489 2133 ἐν
3525 2084 3628 2144 τοῖς
3660 2081 3761 2151 περὶ

2222 2168 2356 2221 Θεοῦ
2381 2168 2557 2236 λόγοις
2583 2168 2749 2231 ἐστὶν,
2779 2168 2897 2238 οὐχὶ
2926 2169 3187 2239 ῥημάτων
3210 2170 3483 2237 εὐφωνίαν
3508 2171 3761 2240 εὑκρουτὸν

2223 2274 2279 2310 τε
2307 2257 2401 2310 καὶ
2442 2256 2758 2328 ἐναρμόνιον
2788 2257 3111 2326 ἐπινοῆσαι·
3168 2258 3285 2310 ἀλλ’
3322 2259 3517 2328 εὑσεϐῆ
3562 2260 3762 2312 διάνοιαν

2223 2346 2459 2414 ἐξευρεῖν
2495 2347 2561 2398 δι’
2585 2342 2652 2417 ἧς
2682 2347 2741 2398 τὸ
2773 2347 2981 2416 πρέπον
3019 2352 3082 2419 τῇ
3119 2350 3387 2419 ὑπολήψει
3418 2354 3481 2421 τῇ
3509 2352 3627 2421 περὶ
3648 2351 3756 2403 Θεοῦ

2225 2435 2643 2506 φυλαχθήσεται.
2685 2436 2903 2508 Ἐπειδὴ
2934 2438 3107 2491 τοίνυν
3129 2440 3354 2505 εὐσεϐὲς
3376 2442 3660 2510 λογίζεσθαι
3684 2444 3756 2495 τὸν

2223 2526 2316 2579 τοῦ
2350 2526 2547 2590 παντὸς
2601 2526 2793 2590 αἴτιον,
2835 2530 2996 2582 αὑτὸν
3044 2531 3223 2583 αἰτίαν
3262 2534 3338 2603 μὴ
3377 2532 3513 2604 ἔχειν
3549 2534 3756 2603 ὑπερκει-

2228 2618 2418 2689 μένην·
2468 2617 2670 2689 ταύτης
2707 2621 2836 2689 ήμῖν
2874 2621 2971 2690 τῆς
3003 2621 3239 2685 διανοίας
3271 2626 3664 2695 ἐρηρεισμένης,
3691 2623 3757 2684 τίς

2226 2709 2305 2761 ἐτι
2343 2709 2473 2781 περὶ
2517 2709 2583 2763 τὰ
2614 2712 2836 2781 ῥήματα
2876 2715 2988 2776 τοῖς
3022 2712 3144 2767 νοῦν
3195 2715 3416 2784 ἔχουσιν
3457 2716 3758 2769 ὑπολείπεται

2228 2800 2411 2871 μάχης
2444 2801 2629 2872 Πάσης
2673 2802 2879 2872 φωνῆς,
2926 2805 3045 2857 καθ’
3075 2805 3141 2875 ἣν
3171 2806 3231 2859 τὸ
3270 2808 3505 2862 τοιοῦτον
3544 2806 3758 2874 ἐξαγγέλ-

2225 2892 2373 2945 λεται
2401 2893 2598 2963 νόημα,
2633 2893 2693 2946 τὸ
2738 2895 2870 2948 αὑτὸ
2910 2897 3288 2968 παριστώσης.
3320 2901 3443 2953 Εἴτε
3494 2900 3592 2971 γὰρ
3616 2898 3759 2969 ἀρχὴν

2226 2985 2385 3039 αὑτὸν
2405 2986 2498 3039 καὶ
2528 2987 2698 3039 αἴτιον
2732 2985 2824 3040 τοῦ
2859 2988 3058 3051 παντὸς
3091 2984 3231 3043 εἶναι
3267 2992 3467 3060 λέγοις,
3496 2992 3595 3045 εἴτε
3619 2992 3756 3060 ἄναρ-

2228 3095 2319 3148 χον
2353 3078 2511 3131 αὑτὸν
2551 3078 2854 3148 όνομάζοις,
2889 3081 3000 3133 εἴτε
3048 3083 3366 3155 άγεννήτως
3415 3080 3565 3148 εἶναι,
3593 3082 3686 3135 εἴτε
3710 3080 3756 3144 ἐξ

2229 3171 2396 3223 ἀϊδίου
2432 3172 2750 3238 ὑφεστάναι,
2781 3172 2889 3224 εἴτε
2926 3172 3020 3227 τοῦ
3055 3176 3260 3239 παντὸς
3292 3179 3477 3240 αἴτιον,
3508 3178 3606 3229 εἴτε
3626 3175 3674 3240 ἐξ
3691 3175 3757 3226 οὑ-

536 3269 681 3324 idem
727 3269 1014 3338 exprimat.
1079 3268 1203 3322 Sive
1254 3267 1399 3321 enim
1440 3265 1766 3335 principium
1830 3264 2006 3333 ipsum
2068 3271 2117 3316 et

2223 3262 2369 3324 δενὸς
2397 3263 2568 3315 αἰτίου
2602 3263 2784 3333 μόνον,
2825 3265 3002 3319 πάντα
3035 3266 3102 3319 τὰ
3126 3268 3356 3322 τοιαῦτα
3392 3268 3647 3323 ἰσοστάσιά
3665 3282 3756 3327 πως

535 3377 759 3417 causam
786 3360 1026 3415 universi
1063 3374 1182 3413 esse
1213 3358 1388 3419 dicas,
1426 3357 1541 3411 sive
1592 3354 1862 3423 principio
1918 3368 2114 3407 caren~

538 3461 648 3507 tem
686 3468 807 3508 esse
848 3468 971 3506 eum
1024 3451 1294 3515 nomines,
1338 3448 1452 3501 sive
1483 3444 1723 3515 ingenito
1780 3444 1939 3497 modo
1978 3458 2116 3505 esse,

538 3544 652 3598 sive
681 3560 747 3597 ex
771 3544 1073 3597 aeternitate
1114 3541 1437 3600 subsistere,
1475 3537 1589 3593 sive
1628 3536 1868 3589 universi
1918 3542 2112 3587 aucto-

539 3648 675 3692 rem,
739 3633 853 3685 sive
878 3646 943 3683 ex
976 3630 1121 3681 nulla
1162 3642 1325 3682 causa
1358 3626 1554 3687 solum,
1586 3625 1698 3678 haec
1728 3624 1906 3677 omnia
1932 3623 2120 3691 hujus-

537 3721 685 3774 ntodi
747 3720 980 3789 mqualia
1026 3726 1154 3773 sunt
1203 3719 1435 3788 quodam
1473 3718 1634 3771 modo
1669 3717 1809 3770 inter
1832 3732 1910 3777 se,
1947 3732 2120 3785 quau-

539 3823 653 3865 tum
703 3810 771 3863 ad
824 3810 1253 3879 signiﬁcatorum
1302 3810 1410 3862 vim
1457 3809 1665 3862 attinet.
1716 3809 1779 3860 Et
1828 3824 2002 3862 vanus
2037 3815 2119 3862 est

536 3902 632 3970 qui
670 3902 971 3954 reluctatur
1005 3910 1055 3954 et
1090 3900 1370 3953 contendit
1410 3902 1557 3953 circa
1619 3901 1781 3953 talem
1842 3900 1991 3954 vocis
2032 3914 2119 3953 so-

540 4010 693 4055 num,
731 4002 986 4063 tanquam
1024 4007 1130 4045 non
1167 3994 1219 4044 in
1274 4000 1452 4044 mente
1502 4000 1556 4044 et
1593 3989 1881 4051 sententia,
1910 3990 2003 4043 sed
2064 3989 2118 4043 in

538 4085 762 4155 syllabis
792 4092 844 4139 et
863 4083 1011 4139 sonis
1042 4083 1306 4137 consistat
1328 4083 1520 4150 pietas.
1553 4079 1664 4135 llac
1704 4081 1872 4149 igitur
1906 4080 2079 4134 intelli
2100 4110 2113 4119 -

540 4177 721 4245 gentia
752 4190 782 4228 a
817 4174 1041 4229 doctore
1076 4174 1363 4227 articulate
1405 4172 1683 4234 distincta,
1715 4186 1811 4240 per
1844 4186 2004 4239 quam
2033 4170 2117 4224 his

537 4268 631 4337 qui
666 4282 773 4320 non
822 4267 1080 4321 haeretica
1115 4265 1384 4319 velamine
1426 4262 1649 4317 obducti
1682 4269 1809 4315 sunt
1861 4269 1914 4316 et
1944 4262 2117 4330 operti

539 4360 665 4411 licet
713 4360 1039 4428 perspicere,
1094 4357 1237 4426 quod
1281 4371 1482 4410 numen
1535 4354 2025 4424 quomodoeunque
2059 4369 2118 4409 se

538 4450 758 4513 habeat,
796 4450 1095 4505 secundum
1134 4456 1388 4502 naturam
1450 4462 1666 4501 omnem
1720 4446 1858 4516 fugit
1914 4455 2117 4501 tactum

2221 3350 2470 3421 ἀλλήλοις
2503 3351 2619 3405 ἐστὶ
2664 3353 2804 3405 κατὰ
2836 3353 2934 3425 τὴν
2961 3355 3189 3425 δύναμιν
3224 3360 3339 3411 τῶν
3371 3356 3752 3428 σημαινομένων,

2221 3445 2313 3495 καὶ
2346 3444 2620 3514 όμοτίμως
2652 3444 2763 3514 ἔχει
2808 3446 2873 3499 τὰ
2908 3447 3149 3517 ῥήματα.
3180 3451 3296 3502 Καὶ
3336 3451 3551 3521 μάταιος
3580 3453 3604 3501 ὁ
3629 3448 3755 3514 ζυγο-

2224 3534 2410 3605 μαχῶν
2436 3536 2562 3604 περὶ
2593 3537 2683 3589 τὸν
2719 3538 2920 3591 τοιόνδε
2954 3539 3052 3609 τῆς
3080 3541 3269 3611 φωνῆς
3306 3538 3454 3614 ἦχον,
3486 3543 3555 3604 ὡς
3577 3541 3677 3607 οὐχὶ
3699 3539 3749 3605 τῇ

2220 3623 2447 3695 διανοίᾳ,
2480 3628 2599 3688 ταῖς
2630 3626 2687 3677 δὲ
2739 3627 3031 3690 συλλαϐαῖς
3068 3630 3157 3681 καὶ
3186 3633 3305 3691 τοῖς
3350 3631 3589 3700 φθόγγοις
3614 3630 3753 3694 ἐγκει-

2225 3716 2391 3786 μένης
2421 3716 2521 3786 τῆς
2543 3717 2845 3780 εὐσεϐείας·
2882 3718 3080 3789 ταύτης
3103 3721 3286 3774 τοίνυν
3305 3723 3403 3792 τῆς
3425 3722 3614 3781 ἐννοίας
3632 3717 3749 3787 παρὰ

2220 3808 2313 3860 τοῦ
2360 3808 2677 3861 διδασκάλου
2723 3808 3152 3881 διηρθρωμένης,
3201 3812 3271 3864 δι’
3304 3809 3371 3883 ἧς
3406 3813 3513 3865 ἔστι
3545 3812 3653 3871 τοὺς
3692 3806 3748 3878 μὴ

2220 3898 2667 3968 κεκαλυμμένους
2714 3897 2792 3967 τῷ
2838 3900 3097 3969 αἱρετικῷ
3136 3903 3553 3974 προκαλύμματι
3598 3898 3748 3967 σαφῶς

2221 3989 2421 4053 διῐδεῖν,
2458 3990 2626 4042 ὅτιτὸ
2658 3989 2810 4042 Θεῖον
2846 3991 2992 4054 ὅπως
3046 3992 3111 4045 ἂν
3155 3996 3300 4048 κατὰ
3340 3996 3436 4066 τὴν
3475 3994 3617 4064 φύσιν
3652 3991 3743 4061 ἔχῃ,

2219 4083 2495 4152 ἁνέπαφόν
2517 4100 2575 4136 τε
2598 4084 2692 4136 καί
2719 4084 3103 4154 ἀκατανόητον,
3134 4086 3229 4138 καὶ
3264 4088 3442 4159 πάσης
3465 4084 3745 4153 ἀντιλήψεως

2218 4178 2318 4241 τῆς
2345 4178 2409 4229 ἐκ
2440 4175 2548 4227 τῶν
2593 4174 2868 4245 λογισμῶν
2907 4176 3277 4246 ὑψηλότερον·
3319 4182 3350 4249 ή
3400 4179 3454 4231 δὲ
3482 4174 3742 4247 ἀνθρωπίνη

2218 4266 2426 4319 διάνοια
2479 4264 3008 4334 πολυπραγμονοῦσα
3051 4267 3143 4319 καὶ
3192 4267 3579 4340 διερευνωμένη
3609 4265 3663 4318 δι’
3685 4254 3742 4316 ὧν

2221 4357 2286 4411 ἂν
2376 4356 2597 4408 δυνατὸν
2627 4355 2922 4426 λογισμῶν,
2949 4358 3273 4427 ἐπορέγεται
3302 4362 3394 4414 καὶ
3425 4358 3644 4428 θιγγάνει
3665 4350 3742 4420 τῆς

2218 4444 2668 4517 ἀπροσπελόιστου
2703 4446 2795 4498 καὶ
2847 4446 3055 4517 ὑψηλῆς
3099 4448 3347 4517 φύσεως·
3377 4449 3495 4503 οὔτε
3538 4444 3739 4501 τοσοῦτον

539 4554 892 4609 sensumque,
929 4547 983 4593 et
1022 4539 1354 4593 intellectum
1401 4546 1646 4608 superat,
1684 4540 1943 4607 omnique
1986 4553 2117 4592 con-

2220 4539 2558 4607 ὀξυωποῦσα,
2593 4539 2668 4601 ὡς
2704 4539 2947 4610 ἐναργῶς
2994 4542 3118 4594 ἰδεῖν
3146 4542 3205 4595 τὸ
3241 4545 3485 4615 ἀόρατον,
3516 4539 3622 4593 οὗτε
3642 4533 3739 4589 καθ-

536 4631 899 4700 prehensionc
930 4645 1052 4699 quae
1089 4630 1393 4683 rationibus
1427 4636 1663 4693 constat,
1700 4629 1986 4682 sublimior
2036 4638 2119 4686 est

536 4732 590 4775 et
648 4722 839 4787 altior;
903 4721 1138 4774 humana
1176 4728 1356 4775 autem
1412 4720 1769 4790 intelligentia
1813 4721 2027 4775 curiose
2069 4729 2123 4775 et

543 4806 776 4861 stillicite
816 4808 1190 4877 pervestigans
1221 4816 1272 4860 et
1302 4817 1673 4877 perscrutans,
1716 4809 1911 4877 quibus
1942 4815 2123 4879 potest

538 4898 1109 4968 argumentationibus
1131 4899 1465 4953 inaccessam
1482 4906 1534 4953 et
1555 4900 1824 4953 excelsam
1844 4901 2046 4968 expetit
2069 4906 2123 4955 et

538 4988 760 5058 attingit
789 4995 1061 5051 naturam,
1086 5006 1261 5059 neque
1292 4999 1398 5043 tam
1422 4998 1580 5043 acute
1612 5006 1859 5055 cernens,
1889 4999 1947 5044 ut
1969 4993 2115 5046 clare

536 5088 590 5133 ct
623 5080 903 5134 evidenter
937 5080 1079 5148 quod
1130 5080 1517 5149 inaspectahile
1550 5088 1632 5134 est
1681 5089 1841 5150 queat
1892 5081 2113 5144 intueri,

537 5186 715 5240 neque
770 5171 995 5224 omnino
1046 5170 1119 5222 ita
1186 5171 1253 5223 ab
1298 5186 1521 5225 accessu
1570 5178 1621 5224 et
1659 5172 2115 5241 propinquatione

538 5262 807 5332 s«‘-juncta,
862 5270 919 5315 ut
974 5262 1173 5314 nullam
1228 5262 1401 5331 possit
1437 5262 1574 5329 ejus,
1638 5264 1783 5331 quod
1828 5261 2111 5331 quaeritur,

537 5357 914 5410 adumbratam
948 5355 1233 5423 imaginem
1264 5369 1491 5423 capere;
1517 5354 1609 5407 sed
1635 5363 1840 5421 partem
1875 5354 2110 5423 aliquam

536 5446 604 5501 ὼ
638 5462 700 5501 eo
733 5446 878 5516 quod
936 5447 1201 5515 quaeritur
1246 5461 1342 5516 per
1375 5444 1854 5499 ratiocinationum
1905 5454 2105 5499 tactum

537 5537 850 5606 canjectura
880 5548 1127 5593 assecuta
1161 5546 1263 5603 est,
1286 5539 1482 5610 partim
1517 5553 1644 5593 vero
1665 5553 1731 5593 ex
1761 5553 1825 5593 eo
1854 5538 1997 5607 quod
2021 5554 2111 5594 ne-

536 5638 701 5699 queat
729 5629 904 5698 ipsum
940 5632 1266 5700 perspicere,
1286 5629 1685 5703 quodammodo
1706 5631 1972 5702 cognovit,
1998 5632 2123 5689 vcl-'

2221 4629 2367 4694 ἅπαξ
2383 4629 2837 4699 άπεσχοινισμένη
2857 4630 2954 4698 τῆς
2978 4633 3403 4700 προσεγγίσεως,
3421 4632 3493 4694 ὠς
3516 4624 3736 4700 μηδεμίαν

2219 4721 2477 4778 δύνασθαι
2514 4720 2606 4773 τοῦ
2643 4719 2972 4791 ζητουμένου
3010 4721 3193 4775 λαϐεῖν
3227 4726 3485 4778 εἰκασίαν.
3533 4717 3667 4773 Ἀλλὰ
3692 4712 3735 4763 τὸ

2223 4816 2321 4887 μέν
2350 4831 2403 4866 τι
2432 4811 2525 4865 τοῦ
2554 4810 2881 4882 ζητουμένου
2908 4811 2993 4864 διὰ
3026 4813 3124 4883 τῆς
3145 4815 3254 4868 τῶν
3282 4814 3542 4884 λογισμῶν
3563 4794 3734 4873 ἐπαφῆς

2220 4904 2568 4973 ἐστοχάσατο,
2589 4902 2650 4955 τὸ
2678 4903 2753 4965 δὲ,
2773 4902 2901 4954 αὐτὸ
2916 4902 2992 4973 τῷ
3017 4906 3089 4975 μὴ
3120 4905 3372 4960 δύνασθαι
3389 4906 3556 4959 διῖδεῑν
3573 4898 3733 4969 τρόπον

2220 4996 2342 5049 τινὰ
2362 4993 2706 5063 κατενόησεν,
2729 4988 2839 5045 οἷόν
2859 5011 2977 5046 τινα
3002 4995 3200 5062 γνῶσιν
3224 4998 3419 5068 ἐναργῆ
3440 4996 3495 5047 τὸ
3516 4991 3636 5058 ὑπὲρ
3653 4985 3733 5036 πᾶ-

2224 5105 2321 5141 σαν
2342 5085 2541 5155 γνῶσιν
2562 5086 2620 5138 τὸ
2638 5085 2963 5156 ζητούμενον
2982 5083 3117 5141 εἶναι
3137 5088 3488 5159 ποιησαμένη.
3506 5084 3576 5136 Τά
3591 5096 3637 5132 τε
3651 5075 3733 5144 γὰρ

2223 5178 2635 5248 ἀπεμφαίνοντα
2674 5178 2803 5247 περὶ
2836 5176 2932 5247 τὴν
2960 5177 3106 5230 θείαν
3135 5179 3291 5249 φύσιν
3328 5178 3523 5245 ἐνόησε,
3557 5168 3743 5225 καὶὸσα.

2220 5267 2420 5338 πρέπει
2446 5268 2571 5339 περὶ
2590 5266 2755 5337 αὑτὴν
2776 5267 3021 5321 ὑπονοεῖν
3045 5269 3145 5322 οὐκ
3167 5270 3396 5339 ἐνόησεν·
3412 5268 3469 5320 οὑ
3488 5265 3583 5334 μὴν
3596 5254 3730 5322 αὐτὴν

2219 5360 2432 5430 ἐκείνην
2461 5360 2582 5429 ἥτις
2610 5360 2725 5412 ἐστὶ
2759 5360 2883 5431 περὶ
2923 5361 2988 5431 ἣν
3017 5361 3187 5415 ταῦτα
3220 5362 3499 5431 λογίζεται,
3536 5349 3731 5407 κατιδεῖν

2214 5451 2474 5523 ἠδυνήθη,
2507 5451 2621 5505 ἀλλ’
2653 5451 2717 5504 ἐκ
2736 5452 2835 5521 τῆς
2865 5452 2971 5507 τῶν
2992 5454 3297 5524 προσόντων
3323 5469 3377 5505 τε
3400 5450 3484 5503 καὶ
3507 5446 3570 5517 μὴ
3591 5452 3727 5510 προσ·

2214 5542 2379 5595 όντων
2413 5541 2665 5609 γνώσεως
2686 5538 2843 5607 εἶδεν,
2872 5542 2900 5595 ὃ
2935 5543 3091 5614 μόνον
3123 5545 3345 5614 ὀφθῆναι
3367 5536 3567 5594 δυνατόν
3585 5534 3722 5584 ἐστιν.

2218 5633 2339 5686 Ὅτι
2373 5631 2433 5685 τδ
2468 5632 2665 5695 παντὸς
2718 5630 2816 5702 μὲν
2857 5632 3025 5689 κακοῦ
3062 5633 3335 5706 πόρρωθεν
3382 5624 3648 5699 ἱδρυμένον,
3681 5616 3726 5667 ἐν
