4054 6152
472 229 576 285 959

1711 225 1769 280 Β.
1828 223 2157 281 CRLGORII
2208 222 2503 280 NYSSENI

3618 219 3731 277 960

470 345 594 396 dam
645 343 1088 398 nomenclaturas
1136 350 1415 394 vernantes.
1454 338 1857 409 Interrogantes
1899 339 2037 393 enim

2146 338 2243 408 τῆς
2271 339 2379 390 τῶν
2420 336 2587 390 ὄντων
2619 334 2930 397 συστάσεως
2965 350 3027 387 τε
3060 333 3152 387 καὶ
3183 333 3528 404 διοικήσεως·
3559 334 3590 387 δ
3624 335 3729 389 οῦκ

471 449 571 488 nos
602 435 751 503 ipsos
775 442 829 486 et
852 432 1253 501 perquirentes,
1287 428 1416 499 quid
1449 430 1519 483 sit
1544 428 1710 493 Deus,
1736 427 2046 482 diﬂ‘erentcr

470 525 907 593 pronuntiamus,
944 522 1089 576 velut
1118 520 1265 592 quod
1291 529 1374 576 est
1402 536 1566 590 super
1596 520 2043 574 constitutionem

466 624 519 668 et
556 613 1084 667 administrationem
1110 628 1296 667 eorum
1322 627 1442 682 qua:
1472 619 1599 665 sunt
1629 628 1642 675 ;
1674 610 1818 680 quod
1849 624 1955 663 non
1979 624 2045 663 ex

466 718 629 758 causa
686 706 1055 759 cxsistcntiant
1119 705 1301 769 habet,
1356 704 1451 759 sed
1510 703 1735 772 reliquis
1792 701 2045 755 omnibus

467 810 635 848 causa
660 808 760 848 cur
793 796 903 849 sint
933 796 1153 849 exsistit
1179 813 1192 860 ;
1225 796 1281 849 in
1303 811 1410 865 quo
1434 804 1588 850 ortus
1619 804 1671 847 et
1694 793 2043 863 principium,

467 886 723 941 interitus
758 894 810 939 et
841 885 961 940 ﬁnis
994 902 1100 940 non
1136 894 1239 951 est,
1266 902 1440 956 neque
1474 888 1529 941 in
1562 886 1900 940 contrarium
1926 900 2046 938 mu-

465 978 618 1042 tatio,
654 994 829 1047 neque
856 980 1254 1047 praestantioris
1279 980 1606 1044 imminutio,
1643 994 1815 1047 neque
1840 979 2043 1031 tnalum

466 1072 616 1124 ineo
647 1071 824 1124 locum
862 1072 1062 1125 habere
1118 1079 1317 1141 potest,
1356 1086 1543 1140 neque
1584 1072 1785 1124 bonum
1827 1071 2041 1124 abesse.

464 1161 618 1225 Quod
640 1160 685 1212 si
715 1162 837 1230 quis
861 1162 996 1216 tales
1016 1162 1239 1216 notitias
1261 1161 1575 1215 nominibus
1601 1162 1725 1215 velit
1743 1162 2041 1231 percipere,

464 1267 687 1307 necesse
731 1264 813 1307 est
855 1254 1077 1307 omnino
1127 1254 1280 1306 illum
1330 1252 1384 1305 in
1418 1253 1659 1308 deterius
1688 1254 2042 1307 mutationem

462 1359 571 1397 non
600 1345 902 1410 admittere,
935 1353 989 1400 et
1047 1346 1385 1400 immutabile
1415 1356 1465 1401 et
1507 1345 1829 1400 invariabile
1868 1346 2045 1400 nomi-

462 1448 613 1488 nare.
649 1434 761 1489 lloc
796 1445 976 1490 autem
1016 1435 1266 1491 videlicet
1303 1438 1540 1507 primum
1580 1437 1820 1491 universi
1850 1444 2043 1491 aucto-

464 1539 576 1577 rem
618 1533 670 1578 et
698 1541 918 1580 causam
954 1526 1118 1580 Deum
1149 1544 1269 1583 esse
1292 1529 1493 1593 dicere,
1528 1528 1668 1583 idem
1692 1538 1775 1583 est
1798 1544 1859 1582 ac
1888 1529 2042 1598 inge-

465 1619 640 1671 nitum
675 1618 967 1687 appellare,
1000 1627 1052 1673 et
1078 1620 1569 1688 incorruptibilem,
1611 1620 1756 1690 quod
1787 1620 2041 1674 interitus

2148 429 2206 493 ἐξ
2229 428 2398 481 αἰτίου
2427 426 2524 497 τὴν
2562 425 2793 497 ὓπαρξιν
2818 425 2928 495 ἔχει
2948 441 2961 453 ·
2996 427 3107 489 τοῖς
3135 426 3190 479 δὲ
3212 425 3417 489 λοιποῖς
3445 426 3615 479 πᾶσιν
3634 427 3727 478 αἷ-

2146 536 2257 572 τιον
2287 517 2379 571 τοῦ
2408 512 2545 571 εἶναι
2574 514 2925 586 καθέστηκεν*
2954 516 3080 585 περὶ
3103 515 3132 568 ὃ
3154 515 3404 587 γέννησις
3432 516 3526 569 καὶ
3556 516 3723 586 ἀρχὴ,

2146 611 2321 681 φθορὰ
2356 611 2449 663 καὶ
2484 609 2636 671 τέλος
2675 608 2775 660 οὐκ
2806 608 2984 672 ἐστιν,
3027 607 3150 659 οὔτε
3192 608 3328 675 πρὸς
3373 607 3434 660 τὸ
3483 609 3726 660 ἐναντίον

2145 701 2339 773 τροπὴ,
2372 700 2494 753 οὕτε
2524 699 2616 754 τοῦ
2649 700 2957 770 κρείττονος
2987 699 3193 768 ὕφεσις.
3235 698 3322 760 Ὠς
3368 700 3505 768 μήτε
3532 698 3593 751 τὸ
3624 715 3724 751 κα.⁶

2146 795 2240 849 κὸν
2270 796 2356 848 ἐπ’
2385 795 2536 863 αὐτῷ
2580 792 2762 864 χώραν
2791 792 2930 863 ἔχειν
2948 832 2963 857 ,
2996 795 3131 863 μήτε
3159 793 3220 845 τδ
3250 792 3453 861 ἀγαθὸν
3483 793 3721 846 ἀπεῖναι.

2146 887 2207 939 Ei
2241 887 2297 939 δέ
2329 904 2409 950 τις
2442 887 2541 950 τὰς
2569 886 2823 949 τοιαύτας
2850 886 3055 947 ἐννοίας
3090 885 3313 955 ὀνόμασι
3338 885 3723 955 διαλαμϐάνειν

2145 980 2333 1043 ἐθέλοι,
2360 979 2572 1049 ἀνάγκη
2604 981 2751 1033 πᾶσα
2782 979 2843 1030 τὸ
2878 978 2975 1048 μὲν
3007 977 3080 1048 μὴ
3113 977 3428 1048 προσίεσθαι
3457 978 3554 1048 τὴν
3585 979 3722 1049 πρὸς

2144 1069 2205 1122 τὸ
2232 1072 2410 1140 χεῖρον
2442 1068 2664 1139 τροπὴν,
2702 1067 2965 1137 ἄτρεπτόν
2995 1084 3053 1119 τε
3089 1067 3181 1120 καὶ
3214 1066 3567 1120 ἀναλλοίωτον
3601 1068 3721 1120 ὀνο·

2149 1162 2336 1231 μάσαι.
2379 1161 2452 1213 Τὸ
2485 1160 2539 1213 δὲ
2574 1159 2789 1230 πρῶτον
2824 1159 2994 1212 αἴτιον
3024 1158 3120 1211 τοῦ
3160 1158 3380 1223 παντὸς,
3431 1158 3721 1228 ἀγέννητον

2145 1256 2491 1325 προσειπεῖν·
2533 1253 2804 1326 ἄφθαρτον
2840 1253 2898 1306 δὲ
2942 1253 3002 1306 τὸ
3050 1252 3253 1322 φθορᾶς
3308 1250 3719 1321 ἀπαράδεκτον’

2143 1345 2204 1398 τὸ
2233 1344 2290 1396 δὲ
2322 1346 2399 1406 εἰς
2446 1343 2611 1415 μηδὲν
2654 1342 2957 1412 καταλῆγον
2996 1343 3187 1413 πέρας,
3234 1341 3499 1396 ἀθάνατόν
3531 1359 3590 1394 τε
3625 1341 3719 1394 καὶ

2145 1435 2522 1505 ἀτελεύτητον’
2557 1434 2968 1505 παντοκράτορα
2996 1433 3051 1486 δὲ
3075 1432 3170 1486 τοῦ
3205 1432 3404 1494 παντὸς
3430 1430 3721 1501 ἐξηγούμε-

2146 1545 2253 1580 νον.
2291 1526 2398 1579 Kal.
2424 1526 2566 1579 οὕτω
2594 1524 2759 1579 τᾶλλα
2793 1524 2968 1577 πάντα
3001 1523 3145 1577 κατὰ
3174 1523 3272 1586 τὰς
3318 1522 3561 1584 εὐσεϐεῖς
3590 1523 3722 1573 ὑπο·

2143 1618 2331 1689 λήψεις
2375 1616 2913 1688 ὀνοματοποιοῦντες,
2955 1619 3075 1679 ταῖς
3107 1615 3213 1669 τῶν
3243 1613 3493 1667 ἐπινοιῶν
3535 1613 3719 1682 διαφο-

452 1722 638 1776 capax
674 1722 782 1759 non
814 1716 916 1772 est,
938 1707 1305 1762 immortalem
1329 1713 1507 1763 autem
1532 1717 1587 1764 et
1614 1710 2037 1772 indeﬁcieutem,

2145 1716 2264 1784 ραῖς
2298 1711 2471 1773 ἄλλως
2518 1712 2611 1764 καὶ
2647 1709 2821 1773 ἄλλως
2862 1707 3358 1780 προσαγορεύομεν,
3394 1706 3425 1775 ἢ
3467 1705 3715 1774 δύναμιν,

461 1802 607 1872 quod
649 1802 703 1855 in
736 1802 948 1855 nullum
980 1800 1194 1855 desinat
1241 1805 1557 1869 terminum,
1608 1804 2037 1873 omnipotentem

2139 1806 2171 1874 ἢ
2210 1803 2427 1874 κράτος,
2460 1802 2492 1872 ἢ
2526 1800 2855 1870 άγαθότητα,
2903 1799 2936 1869 ἢ
2980 1800 3040 1852 τὸ
3084 1798 3157 1870 μὴ
3188 1797 3247 1862 ἐξ
3290 1797 3461 1851 αἰτίου
3495 1792 3652 1859 εἶναι,
3682 1795 3716 1859 ἦ

462 1907 641 1951 autem
678 1897 821 1966 quod
852 1897 1109 1951 universo
1134 1898 1318 1967 praesit
1359 1907 1412 1951 et
1438 1899 1702 1967 imperet;
1735 1906 1787 1951 et
1825 1898 1905 1952 sie
1938 1897 2037 1949 alia

2141 1894 2202 1945 τὸ
2226 1896 2303 1956 εἰς
2334 1892 2420 1945 ἀεὶ
2447 1892 2742 1960 διαμένειν,
2782 1891 2869 1944 διὰ
2897 1890 3001 1944 τῶν
3033 1890 3313 1961 ὀνομάτων
3340 1889 3723 1961 σημαίνοντες.

461 1989 644 2043 omnia
678 1987 973 2042 secundum
1006 1987 1126 2056 pias
1168 1988 1454 2056 Opiniones
1500 1990 1721 2041 nomina
1770 1988 2071 2057 tingentes,
2112 1982 2413 2038 secundum
2460 1981 2794 2035 diﬁ‘erentias
2836 1980 3233 2049 cogitationum
3257 1979 3415 2033 aliter
3442 1988 3600 2047 atque
3620 1976 3719 2029 ali.-

462 2091 545 2135 ter
572 2095 984 2149 nuncupamus;
1022 2080 1105 2134 vel
1140 2081 1457 2149 potentiam,
1490 2083 1572 2135 vel
1611 2083 1921 2152 imperium,
1966 2081 2051 2135 vel
2090 2079 2390 2135 bonitatem
2415 2116 2429 2140 ,
2464 2076 2549 2131 vel
2588 2076 2739 2146 quod
2777 2089 2886 2129 non
2919 2090 2985 2129 ex
3025 2088 3193 2129 causa
3232 2084 3336 2132 est,
3374 2072 3456 2129 vel
3484 2072 3632 2144 quod
3662 2072 3719 2127 in

464 2180 781 2242 perpetuum
815 2181 1114 2239 permanet,
1148 2187 1244 2241 per
1279 2174 1498 2226 nomina
1524 2174 1920 2243 signiﬁcantes.

532 2262 662 2316 Dico
713 2262 883 2331 igitur
935 2262 1101 2331 hujus
1155 2264 1437 2318 nominum
1502 2265 1739 2322 ﬁetionis
1794 2265 2042 2320 homines

462 2378 587 2418 esse
636 2362 915 2431 dominos,
977 2378 1075 2433 pro
1128 2363 1356 2417 arbitrio
1403 2364 1720 2435 judicioque
1777 2364 2044 2433 cujusque

462 2461 853 2517 convenienter
886 2462 1279 2534 appellationes
1326 2465 1574 2534 subjecto
1619 2466 2042 2521 accommodan-

460 2570 567 2627 tes,
603 2563 849 2633 nihilque
880 2563 1181 2618 absurdum
1216 2580 1360 2631 esse,
1397 2567 1545 2636 quod
1572 2568 1794 2637 quidem
1829 2577 1886 2621 ut
1931 2566 2042 2622 for-

462 2663 719 2719 midabile
751 2674 804 2719 et
840 2665 1123 2733 horribile,
1178 2675 1237 2721 ut
1279 2683 1382 2722 nos
1430 2668 1705 2733 terriﬁcet,
1737 2670 1857 2737 ,iste
1902 2669 2035 2723 scri-

462 2775 582 2836 ptor
621 2766 888 2830 obtendit,
944 2783 1141 2837 nempe
1175 2768 1509 2824 recentiores
1558 2771 1842 2824 nominum
1886 2772 2034 2841 posi-

462 2859 640 2912 tiones
688 2857 937 2912 conﬁteri
984 2859 1037 2912 in
1073 2860 1223 2913 omni
1268 2876 1327 2915 re
1366 2877 1486 2931 quae
1513 2866 1937 2932 cognominatur
1980 2864 2035 2917 in

462 2957 581 3025 ipso
626 2954 773 3011 Deo:
807 2972 917 3011 non
964 2958 1108 3012 enim
1142 2958 1471 3013 vocabulum
1526 2959 1667 3015 Deus
1713 2969 1816 3027 est,
1860 2976 2037 3032 neque

2208 2258 2354 2329 Φημὶ
2386 2257 2561 2311 τοίνυν
2597 2260 2695 2328 τῆς
2730 2255 2983 2327 τοιαύτης
3013 2258 3428 2328 ὀνοματοποιίας
3464 2258 3588 2321 τοὺς
3625 2258 3719 2311 άν-

2146 2350 2395 2422 θρώπους
2426 2346 2560 2402 εἶναι
2592 2350 2832 2420 κυρίους,
2866 2349 3007 2401 κατὰ
3034 2349 3095 2401 τὸ
3120 2350 3281 2418 φανὲν
3304 2350 3518 2420 ἑκάστῳ
3546 2365 3716 2420 προσ-

2140 2441 2288 2509 φυῶς
2335 2441 2742 2510 ἐφαρμόζοντας
2784 2440 2863 2510 τῷ
2924 2430 3264 2511 ύποκειμένῳ
3317 2440 3415 2504 τὰς
3476 2440 3712 2510 κλήσεις.

2139 2532 2249 2586 Καὶ
2278 2531 2440 2601 μηδὲν
2468 2532 2664 2584 ἄτοπον
2689 2527 2848 2594 εἶναι,
2871 2532 3008 2602 ὅπερ
3031 2531 3106 2594 ὼς
3133 2531 3359 2601 φοϐερόν
3387 2549 3440 2586 τι
3468 2532 3563 2584 καὶ
3585 2550 3712 2602 φρι-

2140 2621 2311 2684 κῶδες
2342 2620 2837 2691 μορμολυττόμενος
2859 2624 2887 2674 ὀ
2909 2620 3243 2692 λογογράφος
3268 2622 3626 2693 προτείνεται,
3654 2622 3715 2674 τὸ

2141 2712 2410 2782 νεωτέρας
2449 2708 2586 2767 εἶναι
2628 2714 2726 2775 τὰς
2772 2712 2880 2766 τῶν
2923 2712 3201 2783 ὀνομάτων
3234 2712 3412 2776 Θέσεις
3440 2712 3716 2782 ὁμολογεῖν

2144 2806 2235 2859 ἐπὶ
2276 2804 2473 2867 παντὸς
2504 2803 2664 2857 αὐτοῦ
2705 2802 2799 2856 τοῦ
2841 2802 3343 2874 κατονομαζομένου
3376 2805 3714 2877 πράγματος,

2143 2896 2229 2947 ἐπ’
2270 2893 2432 2948 αὑτοῦ
2473 2892 2567 2945 τοῦ
2611 2891 2765 2947 Θεοῦ.
2806 2892 2879 2945 Ού
2918 2892 3026 2963 γὰρ
3059 2892 3210 2962 ῥῆμα
3242 2894 3270 2945 ό
3306 2892 3458 2956 Θεὸς,
3496 2894 3616 2947 οὐδὲ
3660 2896 3717 2946 ἐν

2144 2988 2292 3056 φωνῇ
2324 2986 2417 3038 καὶ
2438 2983 2658 3053 φθόγγῳ
2683 2982 2794 3053 ἔχει
2820 2982 2879 3035 τὸ
2909 2979 3067 3036 εἶναι.
3102 2982 3239 3034 Ἀλλ’
3268 2985 3295 3035 ὁ
3325 2983 3422 3053 μέν
3450 2982 3583 3047 Θεός
3603 2984 3717 3036 ἐστι

462 3058 519 3111 in
547 3071 680 3111 voce
727 3067 779 3111 et
816 3072 952 3113 seno
996 3073 1119 3113 esse
1164 3058 1348 3114 habet.
1392 3059 1496 3114 Sed
1539 3060 1680 3116 Deus
1705 3061 1923 3132 quidem
1955 3069 2036 3118 est

2142 3078 2260 3131 καθ’
2285 3077 2493 3141 ἑαυτὸν,
2533 3076 2560 3128 ὃ
2598 3077 2795 3147 δήποτε
2832 3075 2925 3129 καὶ
2953 3070 3091 3128 εἶναι
3120 3076 3530 3129 πεπίστευσται.
3575 3076 3718 3129 Ὀνο-

464 3172 559 3227 per
604 3156 842 3226 seipsum
867 3157 1012 3227 quod
1061 3158 1283 3228 quidem
1344 3176 1581 3231 unquam
1628 3178 1748 3218 esse
1799 3164 2042 3220 creditus

462 3263 547 3309 est
580 3272 595 3309 :
625 3256 938 3310 nominatur
993 3266 1175 3313 autem
1222 3260 1291 3314 ab
1332 3260 1418 3316 his
1468 3262 1560 3331 qui
1607 3262 1886 3331 invocant,
1930 3280 2042 3318 non

463 3348 642 3415 ipsum
689 3348 836 3418 quod
884 3357 968 3404 est
1019 3349 1335 3419 (inell‘ahilis
1365 3352 1509 3405 enim
1556 3360 1639 3406 est
1689 3363 1888 3408 natura
1921 3354 2041 3423 ejus

461 3440 554 3509 qui
583 3456 711 3495 vere
739 3440 864 3511 est),
899 3441 991 3495 sed
1032 3458 1097 3495 ex
1140 3442 1226 3495 his
1258 3457 1377 3510 qua:
1407 3443 1622 3511 operari
1654 3452 1708 3497 et
1745 3444 1956 3499 eﬁicere
1984 3445 2041 3499 in

461 3532 572 3585 vita
626 3540 816 3586 nostra
863 3531 1109 3585 creditus
1141 3539 1246 3596 est,
1296 3533 1618 3602 cognomina
1663 3535 1845 3601 habet,
1881 3537 2041 3606 quale

462 3627 517 3673 et
548 3619 651 3672 hoc
683 3620 859 3688 ipsum
890 3619 1033 3687 quod
1080 3620 1134 3672 in
1183 3630 1435 3689 promptu
1465 3621 1704 3689 dicitur;
1741 3640 1863 3678 cum
1894 3626 2038 3680 enim

463 3709 632 3763 Deum
694 3710 874 3777 ipsum
920 3709 1179 3774 dicimus,
1224 3711 1588 3781 inspectorem
1636 3721 1689 3769 et
1738 3716 2042 3785 explorato-

464 3813 603 3860 rem,
660 3807 714 3853 et
774 3798 1220 3853 absconditorum
1280 3803 1652 3872 perspicacem
1704 3807 2038 3873 cognitorem

464 3896 902 3945 commentantes
959 3906 1243 3947 vocamus.
1306 3893 1462 3959 Qucd
1520 3896 1566 3951 si
1623 3898 2037 3967 Operationibus

466 3983 617 4052 prior
651 3984 864 4038 exsistit
906 3986 1167 4049 essentia,
1220 3986 1576 4057 intelligimus
1619 3997 1798 4043 autem
1844 4006 2039 4060 opera-

464 4073 645 4130 tiones
692 4090 789 4144 per
833 4091 897 4131 ea
932 4092 1051 4146 qua:
1093 4078 1379 4142 sentimus,
1440 4080 1622 4134 verbis
1661 4097 1791 4136 vero
1838 4084 2038 4151 quibus

462 4182 757 4238 possumus
820 4168 1205 4237 enuntiamus;
1263 4171 1386 4240 quis
1430 4172 1664 4239 amplius
1708 4173 2038 4243 relinquitur

462 4262 641 4310 metus
689 4257 912 4311 nomina
966 4260 1273 4313 recentiora
1322 4271 1375 4315 et
1417 4260 1638 4328 juniora
1687 4263 1850 4317 rebus
1903 4264 2035 4333 ipsis

461 4345 677 4401 dicere?
714 4346 771 4400 Si
805 4348 949 4403 enim
997 4364 1108 4403 non
1141 4350 1292 4419 prius
1338 4350 1547 4420 aliquid
1584 4367 1772 4406 eorum
1802 4369 1922 4423 quae
1968 4354 2035 4409 de

2148 3167 2376 3238 μάζεται
2432 3167 2490 3219 δὲ
2546 3168 2696 3236 παρὰ
2752 3165 2862 3218 τῶν
2932 3166 3370 3237 ἐπικαλουμένων
3429 3168 3531 3220 ούκ
3584 3169 3717 3221 αὐτὸ

2143 3260 2172 3313 ὂ
2201 3259 2379 3312 ἔστιν’
2415 3258 2689 3329 ἄφραστος
2719 3258 2827 3329 γὰρ
2867 3261 2901 3330 ὴ
2956 3258 3116 3329 φύσις
3160 3259 3255 3338 τοῦ
3293 3259 3479 3323 δντοςυ
3510 3260 3624 3313 ἀλλ’
3658 3261 3713 3327 ἐξ

2142 3343 2217 3404 ὧν
2277 3353 2517 3423 ἐνεργεῖν
2567 3368 2620 3403 τι
2673 3351 2802 3421 περὶ
2862 3350 2958 3421 τὴν
3008 3350 3151 3421 ζωὴν
3199 3350 3353 3421 ἡμῶν
3369 3348 3711 3405 πεπίστευται

2140 3441 2239 3503 τὰς
2264 3440 2580 3510 ὁμωνυμίας
2610 3438 2744 3509 ἔχει,
2773 3433 2884 3492 οἷον
2917 3440 3008 3493 καὶ
3039 3441 3171 3494 αὐτὸ
3206 3441 3382 3506 τοῦτο,
3414 3445 3476 3494 "ab
3518 3442 3581 3494 ἐκ
3620 3441 3711 3493 τοῦ

2140 3530 2433 3600 προχείρου
2459 3528 2749 3599 λεγόμενον
2772 3545 2785 3559 ·
2820 3528 2952 3582 Θεὸν
2990 3529 3100 3601 γὰρ
3128 3530 3291 3584 αὑτὸν
3322 3530 3592 3599 λέγοντες,
3624 3530 3711 3582 τὸν

2140 3619 2332 3688 ἔφορον
2364 3621 2458 3674 καὶ
2487 3621 2758 3691 ἐπόπτην,
2806 3622 2901 3674 καὶ
2924 3620 3224 3692 διορατικὸν
3264 3621 3372 3675 τῶν
3402 3622 3710 3692 κεκρυμμέ-

2140 3729 2244 3765 νων
2280 3712 2649 3778 ἐπινοοῦντες,
2683 3712 3107 3783 ἐπικαλούμεθα.
3145 3714 3207 3765 El
3244 3712 3301 3767 δὲ
3336 3714 3709 3783 προῦφέστηκε

2138 3804 2245 3856 τῶν
2274 3805 2562 3874 ἐνεργειῶν
2591 3807 2623 3874 ὴ
2659 3805 2835 3871 οὐσία,
2866 3804 3089 3876 νοοῦμεν
3116 3806 3173 3859 δὲ
3202 3805 3301 3870 τὰς
3335 3806 3614 3876 ἐνεργείας
3644 3806 3707 3858 δι’

2138 3888 2212 3950 ὧν
2238 3896 2625 3968 αἰσθανόμεθα.
2664 3898 2869 3968 ῥήμασι
2894 3897 2949 3950 δὲ
2977 3899 3123 3961 ὅπως
3149 3896 3216 3951 ἂν
3308 3898 3529 3951 δυνατὸν
3557 3899 3706 3967 ἐξα-ιι

2137 3988 2395 4058 γέλλομεν
2414 4006 2429 4019 ·
2471 3989 2553 4052 τίς
2583 3989 2661 4041 ἐτι
2693 3989 3079 4043 καταλείπεται
3114 3990 3304 4059 φόϐος,
3336 3991 3575 4061 νεώτερα
3604 3991 3707 4044 τῶν

2139 4079 2479 4152 πραγμάτων
2503 4080 2571 4132 τά
2597 4080 2832 4149 ὀνόματα
2862 4080 3067 4148 λέγειν;
3110 4082 3171 4133 Εἰ
3204 4081 3311 4152 γὰρ
3344 4082 3417 4153 μὴ
3450 4082 3701 4153 πρότερον

2139 4171 2510 4241 ἐρμηνεύομὲν
2540 4188 2593 4223 τι
2623 4172 2730 4223 τῶν
2767 4173 2895 4242 περὶ
2930 4171 3066 4224 Θεοῦ
3105 4171 3405 4241 λεγομένων
3426 4213 3441 4238 ,
3476 4173 3602 4243 πρὶν
3642 4172 3703 4224 ἂν

2137 4261 2449 4329 νοήσωμεν’
2480 4258 2707 4329 νοοῦμεν
2737 4258 2793 4312 δὲ
2832 4259 2898 4311 δι’
2936 4253 3011 4312 ὧν
3048 4261 3112 4313 ἐκ
3152 4259 3259 4313 τῶν
3299 4260 3584 4331 ἐνεργειῶν
3624 4261 3699 4314 διο

2137 4349 2478 4421 δασκόμεθα,
2524 4351 2906 4421 προϋφέστηκε
2943 4350 3001 4403 δὲ
3036 4350 3134 4419 τῆς
3171 4351 3449 4421 ἐνεργείας
3479 4354 3511 4421 ἡ
3554 4351 3699 4405 δύνα-

460 4436 573 4490 Deo
613 4438 875 4492 dicuntur
920 4439 1369 4509 interpretamur,
1410 4458 1573 4512 quam
1618 4446 1799 4499 animo
1831 4460 2029 4501 conceo

2140 4459 2258 4512 μις·
2290 4445 2323 4512 ὴ
2351 4442 2407 4495 δὲ
2447 4441 2675 4512 δύναμις
2713 4442 3003 4514 ἐξήρτηται
3038 4440 3132 4496 τοῦ
3176 4442 3320 4495 θείου
3350 4442 3696 4513 βουλήματος,

460 4525 727 4595 perimus,
765 4527 1119 4597 intelligimus
1167 4541 1346 4584 autem
1386 4547 1453 4585 ex
1502 4532 1587 4586 his
1626 4534 2036 4602 Operationihus

460 4633 559 4687 per
598 4632 737 4686 quas
787 4618 1067 4683 docemur,
1116 4622 1374 4689 praecedit
1424 4630 1607 4676 autem
1662 4626 2035 4693 operationem

460 4707 655 4773 virtus,
687 4709 863 4765 virtus
886 4725 1015 4764 vero
1042 4711 1242 4780 pendet
1278 4727 1344 4766 ex
1380 4712 1568 4766 divina
1600 4715 1901 4779 voluntate,
1942 4732 2037 4771 vo-

460 4797 646 4853 luntas
678 4808 861 4855 autem
902 4801 956 4854 in
1001 4810 1275 4870 potestate
1318 4803 1514 4857 divinae
1550 4813 1763 4861 natura:
1797 4810 2035 4879 reposita

458 4898 561 4943 cst:
608 4903 786 4944 nonne
815 4891 982 4960 igitur
1022 4893 1224 4949 diserte
1250 4894 1529 4961 docemur,
1568 4899 1714 4968 quod
1742 4900 1907 4957 rebus
1935 4901 2034 4955 ad»-

460 4989 759 5035 nascantur
789 4996 977 5035 eorum
1018 5000 1137 5052 qua:
1166 4987 1355 5041 insunt
1386 4988 1759 5057 signiﬁcativa:
1802 4994 2034 5061 appella-

458 5073 659 5137 tiones,
707 5081 761 5127 et
796 5074 942 5127 velut
984 5077 1191 5131 umbra:
1226 5094 1408 5133 rerum
1444 5089 1575 5134 sunt
1604 5096 1768 5136 voces
1813 5084 1880 5137 ad
1916 5098 2033 5136 mo-

457 5162 634 5216 tiones
667 5176 855 5216 eorum
885 5178 1005 5231 quae
1038 5162 1091 5216 in
1132 5165 1267 5233 ipsis
1307 5171 1582 5223 exsistunt
1614 5171 1895 5239 liguratze?
1931 5173 2029 5225 At-

455 5270 562 5325 que
594 5255 706 5308 lizec
746 5254 820 5308 ita
871 5268 993 5308 esse
1022 5255 1168 5309 clare
1198 5261 1493 5325 persuadet
1522 5259 1703 5314 divina
1746 5260 2028 5330 Scriptura

456 5358 553 5411 per
600 5358 857 5413 magnum
916 5342 1205 5407 Davidem,
1270 5345 1363 5417 qui
1420 5347 1585 5400 veluti
1627 5365 1724 5418 per
1776 5352 2021 5419 qumdam

2134 4532 2195 4586 τὸ
2240 4532 2298 4585 δὲ
2339 4532 2582 4603 βούλημα
2627 4534 2685 4585 ἐν
2732 4537 2799 4605 τῇ
2845 4535 3061 4605 ἐξουσία
3103 4534 3201 4603 τῆς
3235 4534 3385 4598 θείας
3422 4536 3697 4589 ἀπόκειται

2134 4621 2375 4691 φύσεωςο
2444 4617 2529 4694 ἆρ’
2553 4623 2612 4675 οὐ
2648 4624 2834 4692 σαφῶς
2862 4623 3239 4693 διδασκόμεθα,
3270 4625 3352 4677 ὃτι
3378 4625 3697 4693 ἐπιγίνονται

2134 4716 2247 4777 τοῖς
2270 4714 2590 4784 πράγμασιν
2632 4717 2687 4767 αἱ
2717 4717 3044 4785 σημαντικαὶ
3082 4715 3189 4769 τῶν
3222 4717 3518 4787 γινομένων
3545 4734 3699 4788 προσ-

2133 4803 2376 4873 ηγορίαι,
2404 4804 2497 4857 καὶ
2541 4803 2729 4876 ῶσπερ
2776 4806 2923 4858 σκιαὶ
2960 4806 3065 4859 τῶν
3102 4806 3441 4877 πραγμάτων
3479 4810 3613 4861 εἰσὶν
3644 4808 3695 4859 al

2130 4895 2305 4961 φωναὶ
2337 4897 2469 4966 πρὸς
2490 4896 2589 4959 τὰς
2615 4898 2854 4967 κινήσεις
2884 4896 2992 4949 τῶν
3020 4897 3341 4966 ὑφεστώτων
3372 4898 3694 4968 σχηματιζό-

2133 5003 2323 5056 μεναι;
2365 4987 2474 5038 Καὶ
2499 4988 2581 5040 ὅτι
2616 4987 2789 5042 ταῦτα
2833 4988 3004 5052 οῦτως
3037 4989 3149 5059 ἔχει
3170 5029 3184 5053 ,
3220 4990 3397 5042 πείθει
3448 4990 3631 5061 σαφῶς
3664 4993 3695 5060 ἡ

2131 5075 2249 5127 θεία
2276 5076 2466 5147 Γραφὴ
2495 5078 2582 5131 διὰ
2616 5078 2708 5131 τοῦ
2741 5078 2974 5149 μεγάλου
3007 5079 3187 5142 Δαὸὶδ,
3216 5078 3310 5133 τοῦ
3340 5082 3591 5151 καθάπερ
3615 5081 3698 5134 διά

2131 5183 2288 5220 τινων
2337 5169 2481 5221 ἰδίων
2528 5173 2621 5224 καὶ
2668 5170 2957 5243 προσφυῶν
3004 5172 3314 5240 ὀνομάτων,
3356 5172 3470 5225 τῶν
3502 5176 3565 5226 ἐκ
3604 5173 3697 5243 τῆς

2130 5259 2408 5327 ἐνεργείας
2439 5260 2585 5331 αὑτῷ
2625 5260 2953 5331 νοηθέντων,
2984 5262 3080 5333 τὴν
3111 5263 3259 5316 θείαν
3292 5263 3452 5331 φύσιν
3496 5266 3697 5317 ἀνακαα

2126 5347 2361 5413 λοῦντος.
2391 5352 2714 5419 Οὶκτίρμων
2729 5350 2869 5421 γὰρ,
2900 5353 3083 5423 φησὶν,
3115 5354 3213 5407 καὶ
3237 5353 3507 5421 ἐλεήμων
3531 5357 3563 5407 ὀ
3591 5354 3698 5407 Κύ-

457 5432 677 5499 propria
715 5439 768 5485 et
800 5440 999 5499 agnata
1036 5433 1279 5497 nomina,
1321 5448 1441 5501 qua:
1473 5432 1573 5503 ipsi
1612 5450 1676 5487 ex
1708 5436 2023 5503 operatione

2139 5458 2271 5506 νος,
2298 5443 2679 5510 μακρόθυμος
2706 5443 2805 5495 καὶ
2835 5442 3186 5509 πολυέλεος.
3223 5443 3408 5496 Ταῦτα
3448 5444 3625 5497 τοίνυν
3647 5444 3697 5496 τί

454 5522 677 5588 cognita
707 5529 887 5588 erant,
932 5524 1169 5577 divinam
1224 5530 1476 5577 naturam
1512 5524 1592 5578 sic
1626 5525 1879 5594 appellat.
1920 5526 2023 5580 Illi-

458 5610 701 5676 scricors,
744 5610 939 5682 inquit,
985 5622 1033 5668 ct
1070 5614 1349 5670 miseratur
1390 5614 1664 5683 Dominus,
1707 5615 2017 5687 longanimis

2124 5529 2368 5595 λέγουσιν
2414 5530 2691 5600 ἐνεργείας
2731 5530 2873 5601 ἔχειν
2912 5531 3010 5603 τὴν
3038 5533 3343 5603 σημασίαν,
3376 5534 3407 5604 ἢ
3453 5533 3687 5602 φύσεως;

2123 5622 2236 5677 υύκ
2267 5622 2331 5677 ἄν
2362 5639 2443 5687 τις
2475 5622 2601 5678 ἄλλο
2638 5640 2690 5677 τι
2734 5624 2881 5696 παρὰ
2920 5626 3017 5697 τὴν
3052 5627 3330 5699 ἐνέργειαν
3363 5627 3511 5699 εἴπῃ.
3562 5626 3692 5680 Πότε
