4046 6150
409 344 512 403 961

1531 335 1810 392 CONTRA
1848 335 2236 400 EUNOMIUM,
2279 335 2411 390 LIB.
2451 334 2566 388 ΧΠ.

3554 335 3660 391 969.

406 449 584 504 τοίνυν
618 448 912 521 ἐνεργήσας
945 449 1070 512 τοὺς
1098 448 1414 520 οίκτιρμοίις
1439 453 1466 504 ὁ
1485 449 1672 521 Θεὸςῆ
1700 451 1792 504 τὸν
1817 450 1986 514 ἔλεον,

2114 459 2138 502 ’ί
2177 449 2401 502 multum
2432 449 2729 503 misericors
2750 451 2815 504 ³⁸.
2848 449 2986 516 Quid
3019 449 3182 521 igitur
3217 451 3441 508 dicunt?
3464 453 3660 511 Utrum

407 543 566 613 ἔσχεν
598 543 662 594 ἐκ
685 541 786 606 τῆς
807 540 1096 612 ’ἐνεργείας
1123 541 1183 593 τὸ
1211 541 1414 612 ὀνομα;
1446 538 1592 612 *Λρα
1635 541 1741 611 πρὸ
1766 543 1866 611 τῆς
1905 543 1996 594 άν-

409 635 685 706 θρωπίνης
720 633 898 704 ζωῆς;
941 636 1051 688 Καὶ
1079 635 1162 698 τίς
1196 630 1264 706 ἦν
1302 637 1330 689 ὀ
1357 635 1462 702 ¹τοῦ
1491 636 1673 699 ἐλέους
1712 635 1994 706 δεόμενος;

409 725 545 778 ἀλλὰ
576 725 714 796 μετά
733 726 834 796 τὴν
861 726 1135 797 ἁμαρτίαν
1163 728 1380 790 πάντως
1402 742 1416 756 ⁸
1444 729 1478 798 ἠ
1506 727 1563 779 δέ
1586 727 1829 796 ἁμαρτία
1862 727 1998 796 μετά

410 813 501 867 τὸν
530 815 836 886 ἄνθρωπον.
861 816 1070 869 Ούκοῦν
1104 815 1242 886 μετά
1266 816 1357 870 τὸν
1389 816 1674 889 ἄνθρωπον
1713 815 1807 870 καὶ
1831 818 1862 885 ή
1903 815 1996 868 τοῦ

411 905 581 957 ἐλεεῖν
609 905 860 976 ἐνέργεια
880 946 894 968 ,
924 907 1016 959 καὶ
1042 906 1133 959 τοῦ
1162 907 1312 960 ἐλέου
1341 905 1600 978 τοῦνομα.
1634 908 1698 960 Τί
1733 902 1827 961 οῦν
1851 906 1956 978 ἄρα
1981 923 1997 972 ;

412 995 504 1064 Μὴ
531 996 626 1049 καὶ
654 996 749 1049 τοῦ
779 997 943 1050 Δαϐὶδ
969 996 1416 1064 καταγνώσεται,
1451 1001 1480 1052 ὁ
1521 999 1660 1068 ὑπὲρ
1702 998 1827 1061 τοὺς
1862 1013 1999 1068 προ-

415 1088 592 1156 φὴτας
623 1087 833 1157 φρονῶν
853 1101 867 1116 ⁶
909 1088 992 1140 ὃτι
1020 1088 1086 1140 δι’
1120 1081 1194 1140 ὧν
1234 1088 1425 1160 ἐνόησε
1457 1089 1547 1142 τὸν
1579 1089 1732 1156 Θεὸν,
1759 1088 1848 1142 διά
1877 1087 2000 1142 τού-

416 1195 525 1232 των
549 1178 863 1248 ὡνόμασεν;
899 1180 968 1231 Ἦ
1007 1179 1103 1232 καὶ
1129 1179 1267 1249 πρὸς
1294 1180 1454 1232 αὑτὸν
1479 1180 1875 1252 ζυγομαχήσει,
1901 1181 2000 1250 τὴν

423 1269 627 1340 σεμνὴν
657 1270 880 1340 ,ἐκείνην
916 1269 1102 1340 ὥσπερ
1136 1272 1200 1322 ἐκ
1228 1271 1534 1342 τραγῳδίας
1569 1273 1864 1343 προτείνων
1903 1273 2001 1343 ῥῆ-

421 1379 547 1425 σιν,
637 1361 724 1414 ὅτι
760 1361 858 1432 τὴν
895 1361 1322 1432 μακαριωτάτην
1371 1363 1462 1415 τοῦ
1505 1362 1638 1417 Θεοῦ
1685 1363 1849 1434 ζωὴν,
1890 1366 2001 1426 τοῖς

420 1453 552 1524 περὶ
579 1450 681 1522 τῆς
727 1453 967 1516 ἐπινοίας
998 1453 1222 1522 ἀγάλλει
1268 1454 1528 1525 ὀνόμασι,
1563 1455 1661 1525 τὴν
1703 1457 1786 1523 ἐφ’
1833 1456 1999 1526 ἑαυτῇ

427 1544 563 1615 μόνη
596 1544 691 1597 καὶ
718 1543 822 1614 πρὸ
849 1543 943 1614 τῆς
971 1543 1080 1596 τῶν
1111 1545 1468 1597 ἐπινοούντων
1498 1546 1798 1615 γεννήσεως
1844 1545 2003 1613 ἀγαλ-

423 1633 678 1703 λομένην;
723 1632 868 1704 Ἐρεῑ
907 1633 1014 1704 γὰρ
1063 1635 1279 1698 πάντως
1314 1638 1342 1689 ὀ
1396 1635 1535 1704 ὑπὲρ
1577 1635 1669 1689 τοῦ
1715 1638 1999 1706 Προφήητου

420 1725 594 1794 λέγων
613 1741 628 1755 ο
658 1725 740 1778 ὅτι
767 1727 799 1796 ἡ
827 1727 923 1795 μὲν
951 1726 1071 1780 θεία
1097 1727 1256 1796 φύσις
1283 1727 1366 1796 ἐφ’
1399 1729 1567 1798 ἐαυτῇ
1611 1729 1745 1800 μόνῃ
1775 1728 2003 1796 ἀγάλλει

2096 540 2214 593 haec
2247 538 2468 591 nomina
2511 540 2844 608 operationis
2874 541 3075 594 habent
3115 542 3534 612 signiticantiam
3574 547 3660 600 vel

2097 629 2343 684 naturze?
2395 645 2500 683 non
2545 630 2692 684 aliud
2727 632 2852 700 quis
2891 639 3087 701 praeter
3126 640 3332 698 actum,
3385 636 3498 691 sive
3535 651 3664 706 ope-

2097 721 2361 774 rationem
2403 720 2620 776 dixerit.
2673 719 2904 786 Quando
2935 721 3102 791 igitur
3141 733 3401 793 operatus
3433 726 3664 781 misera-

2100 812 2277 865 tiones
2312 811 2395 865 vel
2432 812 2886 879 miscricordiam,
2929 812 3072 868 Deus
3095 829 3161 868 ex
3202 816 3292 870 illa
3324 820 3663 886 operatione,

2100 903 2203 957 hoc
2241 917 2440 956 nomen
2471 904 2748 958 obtinuit?
2777 902 2916 958 Num
2965 917 3090 961 ante
3125 907 3422 962 humanam
3455 911 3619 964 vitam
3641 910 3667 963 Ἰ

2100 993 2167 1047 Et
2199 995 2324 1064 quis
2354 1003 2472 1049 erat
2515 996 2611 1064 qui
2647 996 3021 1053 misericordia
3056 999 3366 1068 indigebat?
3406 1000 3512 1056 Sed
3544 1010 3668 1070 post

2099 1094 2384 1154 peccatum
2412 1086 2664 1139 omnino:
2697 1096 2980 1155 peccatum
3015 1097 3195 1144 autem
3226 1099 3349 1160 post
3372 1091 3664 1146 hominem.

2100 1176 2244 1246 Ergo
2275 1184 2399 1251 post
2434 1176 2710 1232 hominem
2750 1179 3046 1244 miserandi
3082 1189 3238 1236 actus
3273 1189 3329 1237 et
3359 1183 3670 1238 misericor-

2101 1264 2204 1320 diae
2259 1283 2482 1322 nomen.
2539 1263 2678 1333 Quid
2732 1269 2935 1340 igitur?
2982 1269 3239 1342 Nunquid
3292 1282 3345 1328 et
3411 1273 3667 1330 Davidem

2101 1358 2507 1423 condemnabit,
2561 1360 2651 1428 qui
2700 1374 2867 1429 super
2922 1361 3216 1432 prOphetas
3259 1365 3498 1434 sapiens.
3540 1366 3671 1435 quia

2103 1463 2202 1517 per
2254 1464 2376 1518 quas
2435 1448 2602 1503 Deum
2656 1450 2828 1516 novit,
2887 1466 2982 1520 per
3030 1452 3144 1507 luce
3205 1454 3543 1508 nominavit?
3585 1457 3668 1510 An

2101 1535 2265 1590 etiam
2303 1537 2568 1592 adversus
2612 1539 2790 1608 ipsum
2834 1540 3070 1594 nobilem
3097 1541 3269 1596 illam
3304 1551 3563 1613 tanquam
3603 1561 3671 1600 ex

2102 1628 2368 1697 tragoedia
2405 1629 2696 1683 dictionem
2739 1631 3073 1700 protendens
3115 1634 3499 1701 recalcitrabit,
3527 1637 3673 1706 quod

2105 1735 2214 1773 non
2246 1729 2460 1789 oportet
2501 1721 2874 1776 beatissimam
2921 1722 3014 1778 Dei
3061 1725 3225 1778 vitam
3260 1727 3571 1784 nominibus
3605 1743 3673 1784 ex

421 1835 532 1882 ται,
564 1819 660 1872 καὶ
681 1817 788 1889 πρὸ
815 1819 914 1887 τῆς
941 1818 1050 1872 τῶν
1072 1819 1427 1874 ἐπινοούντων
1450 1821 1715 1888 γενέσεως
1736 1838 1748 1852 ο
1775 1823 1802 1874 ό
1825 1821 1881 1873 δὲ
1909 1822 2002 1872 ἀν-

2114 1810 2384 1864 hominum
2419 1812 2883 1867 commentatione
2917 1813 3096 1870 ductis
3127 1817 3422 1885 exsultare,
3467 1835 3588 1889 qua:
3617 1820 3674 1874 in

424 1905 692 1976 θρώπινος
739 1905 892 1970 νοῦς,
928 1908 1050 1961 ὅσον
1108 1911 1274 1978 χωρεῖ
1317 1908 1407 1963 διὰ
1448 1909 1555 1962 τῶν
1591 1911 1880 1982 ἐνεργειῶν
1928 1910 2004 1963 δι-

423 1995 776 2066 δασκόμενος,
812 1997 1065 2051 τοσοῦτον
1096 1999 1412 2067 φθέγγεται.
1468 2001 1562 2052 Ἐκ
1601 2001 1709 2072 γὰρ
1742 2000 2005 2070 μεγέθους

423 2085 516 2138 καὶ
539 2083 800 2154 καλλονῆς
829 2086 1144 2156 κτισμάτων
1175 2088 1453 2156 ἀναλόγως
1478 2091 1510 2159 ἡ
1537 2089 1708 2157 Σοφία
1737 2089 1889 2158 φησὶ,
1916 2088 2004 2142 τὸν

424 2175 642 2229 πάντων
683 2177 1064 2245 γενεσιουργὸν
1110 2176 1452 2248 θεωρεῖσθαι.
1511 2178 1592 2247 Τῇ
1637 2176 1695 2229 δέ
1746 2176 1864 2246 θεία
1912 2176 2008 2229 καὶ

427 2269 766 2340 ύπερεχούσῃ
795 2270 972 2324 πάντα
1004 2269 1128 2322 νοῦν
1157 2271 1315 2340 οὐσία
1339 2270 1437 2333 τὰς
1459 2270 1712 2333 τοιαύτας
1743 2285 2008 2340 προσηγο-

429 2361 552 2431 ρίας
580 2359 1018 2432 ἐπιφημίζομεν,
1065 2363 1165 2414 οὐκ
1207 2362 1421 2432 ἐκείνην
1464 2361 1785 2430 ἀγάλλοντες
1821 2362 1888 2414 δι’
1935 2356 2010 2416 ὧν

427 2451 798 2523 ὀνομάζομεν,
831 2452 943 2504 ἀλλ’
984 2454 1131 2523 ἡμᾶς
1178 2452 1373 2514 αὐτοὺς
1422 2451 1510 2504 διὰ
1557 2451 1664 2504 τῶν
1704 2451 2010 2521 λεγομένων

427 2543 744 2612 ὁδηγοῦντες
765 2543 900 2614 πρὸς
924 2544 1022 2614 τὴν
1050 2543 1157 2596 τῶν
1195 2542 1451 2614 κρυπτῶν
1487 2543 1830 2611 κατανόησιν.
1879 2536 2012 2594 Εἶτα

428 2635 507 2706 τῷ
536 2635 723 2706 Κυρίῳ
751 2637 913 2706 φησὶν
957 2637 985 2688 ὀ
1014 2637 1302 2706 Προφήτης
1328 2651 1342 2665 ·
1381 2636 1525 2701 Θεός
1560 2652 1678 2704 μου
1708 2630 1768 2687 εἴ
1785 2633 1888 2700 σὺ,
1925 2633 2015 2686 ὅτι

430 2726 552 2781 τῶν
603 2726 839 2797 ἀγαθῶν
868 2746 988 2796 μου
1021 2730 1093 2782 οὐ
1141 2729 1349 2796 χρείαν
1394 2727 1571 2796 ἔχεις.
1618 2727 1742 2790 Πῶς
1794 2723 1885 2780 οῦν
1916 2726 2014 2797 τὴν

437 2819 854 2888 μακαριωτάτην
885 2818 978 2871 τοῦ
1011 2817 1146 2871 Θεοῦ
1180 2817 1324 2889 ζωὴν
1349 2859 1363 2883 ,
1404 2821 1563 2888 ἡμεῖς
1595 2818 1764 2882 οὓτως
1785 2859 1799 2883 ,
1834 2816 2016 2879 καθώς

438 2920 601 2974 φησιν
616 2899 784 2970 οὗτος,
808 2905 1131 2977 ἀγαλλομεν,
1154 2908 1220 2977 ἧν
1250 2924 1411 2977 φησιν
1441 2910 1470 2960 ὁ
1497 2908 1786 2978 Προφήτης
1810 2909 2016 2978 ἀπροσ-

438 2994 535 3064 δεῆ
585 2994 692 3049 τῶν
733 2996 1084 3068 ἀνθρωπίνων
1114 2993 1252 3050 εἶναι
1281 2996 1495 3064 καλῶν;
1534 2998 1605 3050 Ἦ
1637 2997 1756 3049 ἀντὶ
1785 2996 1878 3049 τοῦ
1911 2999 2017 3049 ὀνο·

439 3084 632 3157 μάζειν
669 3086 729 3140 τὸ
759 3088 1014 3156 ἀγάλλειν
1049 3088 1256 3159 ἐνόησε.
1297 3088 1406 3140 Καὶ
1435 3086 1541 3157 μὴν
1570 3086 1837 3158 ἀκούομεν
1869 3086 2017 3158 παρὰ

437 3176 548 3231 τῶν
568 3175 743 3248 ὀρθῶς
771 3180 837 3248 τῇ
864 3177 1005 3246 λέξει
1030 3178 1348 3251 χρωμένων,
1383 3178 1477 3230 καὶ
1505 3177 1572 3230 δι’
1599 3176 1883 3247 ἀκριϐείας
1909 3178 2014 3231 τῶν
2042 3161 2084 3219 c

439 3263 716 3336 ὀνομάτων
761 3265 858 3336 τὴν
910 3267 1101 3338 χρῆσιν
1140 3266 1757 3338 παραπεπαιδευμένων,
1807 3264 1880 3337 μὴ
1925 3267 2016 3318 ἐπὶ

437 3355 600 3427 ψιλῆς
630 3357 728 3426 τῆς
761 3356 1045 3428 δηλώσεως
1085 3357 1183 3429 τὴν
1211 3358 1304 3411 τοῦ
1336 3358 1588 3426 ἀγάλλειν
1620 3358 1876 3428 τετάχθαι
1905 3375 2016 3426 φω-

438 3447 537 3518 νήν
559 3463 572 3477 ⁸
605 3447 741 3501 ἀλλὰ
772 3448 833 3502 τὸ
865 3450 962 3519 μὲν
994 3448 1231 3504 τοιοῦτον
1257 3439 1290 3520 ἦ
1320 3451 1637 3520 γνωρίζειν,
1667 3451 1701 3521 ἢ
1731 3449 1941 3520 δηλοῦν,
1981 3449 2014 3518 ἢ

442 3537 756 3608 σημαίνειν,
791 3537 825 3608 ἢ
867 3538 994 3592 ἄλλο
1027 3557 1078 3592 τι
1106 3540 1511 3611 τοιουτότροπον
1546 3540 1816 3608 λέγεσθαι.
1857 3541 1928 3593 Τὸ
1959 3539 2016 3594 δέ

439 3627 691 3695 ἀγάλλειν
720 3623 836 3682 ἶσόν
866 3631 982 3681 ἐστι
1027 3629 1104 3699 τῷ
1146 3631 1563 3701 ἐπικαυχᾶσθαι,
1596 3633 1688 3686 καὶ
1717 3632 2017 3704 ἐπευφραί-

439 3718 649 3782 νεσθαι,
679 3721 772 3772 καὶ
802 3719 855 3772 εἴ
877 3738 929 3773 τι
971 3721 1069 3792 τῆς
1096 3722 1349 3793 τοιαύτης
1378 3725 1666 3793 ἐμφάσεως
1707 3724 1907 3794 ἔχεται.
1958 3722 2018 3778 Ὀ

441 3809 499 3861 δέ
538 3826 704 3879 φησιν
731 3811 875 3880 ἡμᾶς
912 3814 1022 3873 τοῖς
1047 3811 1146 3879 τῆς
1189 3812 1428 3875 ἐπινοίας
1456 3812 1680 3883 ὀνόμασι
1713 3814 1812 3883 τὴν
1844 3829 2019 3883 μακα-

445 3899 569 3971 ρίαν
600 3900 854 3968 ἀγάλλει-ι
873 3901 1038 3972 ζωήν.
1071 3901 1132 3955 Ἦ
1140 3905 1258 3972 μείς
1277 3902 1333 3955 δέ
1357 3903 1670 3972 προσθεῖναι
1698 3903 1794 3974 μέν
1815 3921 1933 3957 τινα
1950 3906 2016 3975 τῇ

444 3991 566 4064 θεία
601 3993 756 4061 φύσει
783 3993 946 4065 τιμὴν
973 3996 1038 4064 τῇ
1071 3994 1210 4066 ὑπὲρ
1237 3996 1416 4047 πᾶσαν
1452 3993 1587 4068 οὔσῃ
1615 3994 1797 4065 τιμὴν,
1838 3995 2018 4064 μεῖζον

444 4083 478 4154 ἧ
506 4085 648 4138 κατὰ
670 4084 768 4157 τὴν
796 4085 1074 4139 ἀσθένειαν
1097 4085 1194 4154 τὴν
1224 4084 1567 4156 ἀνθρωπίνην
1593 4085 1816 4155 οἰόμεθα
1835 4100 1848 4112 ’
1877 4101 2018 4153 γνω-

447 4174 598 4247 ρίσαι
617 4175 674 4228 δέ
702 4193 753 4228 τι
785 4176 891 4230 τῶν
920 4177 1048 4249 περὶ
1076 4177 1244 4247 αὐτὴν
1271 4177 1357 4230 διὰ
1382 4176 1489 4230 τῶν
1518 4174 1756 4239 εύσεδῶς
1779 4177 2022 4228 ἐπινοού-

449 4263 628 4334 μένων
660 4264 918 4335 ῥημάτων
942 4281 1000 4316 τε
1031 4266 1124 4317 καὶ
1151 4265 1426 4336 ὀνομάτων
1456 4266 1750 4334 ἐπιχειρεῖν
1781 4264 1880 4316 οὐκ
1922 4265 2022 4334 ἀρ-

446 4353 703 4424 νούμεθα.
733 4355 842 4407 Καὶ
861 4354 950 4408 διὰ
974 4354 1128 4408 τοῦτο
1150 4357 1270 4409 καθ’
1296 4359 1417 4410 ὅσον
1439 4354 1660 4409 δυνατὸν
1684 4357 1814 4425 ἡμῖν
1843 4354 1903 4406 τὸ
1931 4355 2022 4406 εύ-

449 4445 607 4508 σεδές
640 4445 968 4514 ἰχνεύοντες,
1011 4447 1072 4498 τὸ
1107 4448 1180 4517 μὴ
1214 4447 1272 4514 ἐξ
1311 4447 1486 4510 αἰτίας
1520 4445 1919 4516 ὑπερκειμένης
1962 4445 2021 4497 τὸ

447 4534 664 4605 πρῶτον
692 4537 864 4589 αἴτιον
886 4537 982 4606 τὴν
1009 4538 1302 4591 ὑπόστασιν
1323 4538 1487 4608 ἐχειν,
1508 4536 2015 4606 καταλαμϐάνομεν.

455 4630 629 4698 Ὅπερ
659 4628 707 4680 εί
741 4628 838 4698 μὲν
861 4627 934 4691 ὡς
957 4629 1155 4698 ἀληθὲς
1186 4629 1494 4698 ἀποδέχοιτό
1522 4647 1624 4691 τις,
1651 4627 1928 4682 ἐπαινετὸν
1953 4626 2019 4681 ἂν

448 4719 536 4788 εἴη
568 4718 656 4771 διὰ
675 4719 773 4789 τὴν
796 4719 1050 4790 ἀλήθειαν
1086 4719 1269 4791 μόνην.
1298 4720 1360 4773 Εἰ
1386 4719 1441 4771 δέ
1468 4720 1542 4782 ὡς
1576 4720 1755 4790 μεῖζον
1777 4719 1887 4771 τῶν
1912 4719 2020 4772 λοι-

449 4811 567 4863 πῶν
591 4811 698 4864 τῶν
728 4811 854 4882 περὶ
881 4811 976 4881 τὴν
1009 4812 1154 4863 θείαν
1185 4810 1342 4881 φύσιν
1367 4810 1669 4880 νοουμένων
1697 4809 1756 4862 τὸ
1782 4809 2020 4864 τοιοῦτον

449 4901 646 4970 κρίνοι,
680 4903 775 4953 καὶ
799 4901 884 4954 διὰ
911 4902 1068 4955 τοῦτο
1103 4903 1240 4974 μόνῃ
1270 4900 1440 4972 ταύτῃ
1470 4903 1535 4970 τῇ
1578 4899 1842 4970 ὑπολήψει
1873 4900 2019 4970 λέγοι

447 4994 541 5045 τὸν
586 4992 716 5046 Θεὸν
750 4995 1154 5066 ἐπιγαυριῶντα
1196 4996 1290 5048 καὶ
1335 4993 1786 5063 εὐφραινόμενον,
1818 4991 1892 5056 ὣς
1924 5010 2028 5046 τινι

449 5083 559 5136 τῶν
587 5085 958 5156 ὑπερεχόντων
1006 5085 1373 5154 ἀγάλλεσθαι,
1421 5085 1588 5156 μόνης
1623 5084 1722 5154 τῆς
1764 5082 2027 5155 Εύνομίου

453 5176 659 5248 μούσης
699 5178 765 5231 ἂν
800 5178 886 5248 εἴη
909 5219 923 5243 ,
957 5177 1051 5231 τοῦ
1100 5178 1346 5246 λέγοντος
1383 5178 1549 5248 αὐτὴν
1599 5178 1680 5245 ἐφ’
1716 5179 1880 5248 ἐαυτῇ
1929 5177 2027 5245 τὴν

449 5273 776 5344 ἅγεννησίαν
805 5273 1152 5342 ἀγάλλεσθαι,
1191 5274 1255 5343 ἣν
1295 5273 1359 5344 δὴ
1403 5272 1589 5325 οὐσίαν
1617 5287 1676 5322 τε
1705 5270 1892 5337 λέγει,
1931 5271 2023 5323 καὶ

458 5362 729 5433 μακαρίαν
757 5381 816 5417 τε
847 5365 940 5416 καὶ
968 5363 1116 5418 θείαν
1146 5363 1399 5434 ὀνομάζει
1431 5363 1595 5432 ζωήν.

2105 1903 2284 1972 seipsa
2337 1903 2450 1958 sola
2495 1914 2550 1956 et
2587 1911 2713 1959 ante
2749 1904 3171 1976 intelligentium
3221 1917 3400 1963 ortum
3435 1912 3676 1966 exsulta-

2106 1995 2238 2049 bat?
2267 1994 2424 2050 Dicet
2447 1996 2591 2050 enim
2621 1997 2782 2068 plane
2809 1999 2903 2068 qui
2934 1998 3219 2070 Propheta:
3249 2017 3472 2057 causam
3509 2017 3672 2075 agere

2107 2088 2358 2150 voluerit,
2390 2087 2535 2157 quod
2583 2088 2767 2142 divina
2807 2101 2955 2146 certe
2997 2101 3195 2147 natura
3238 2095 3291 2148 in
3339 2097 3518 2166 seipsa
3561 2097 3676 2150 sola

2108 2177 2440 2239 exsultabat,
2481 2184 2536 2230 et
2587 2184 2713 2232 ante
2765 2179 3184 2250 intelligentium
3233 2185 3677 2253 generationem;

2110 2267 2206 2320 sed
2252 2282 2406 2321 mens
2435 2267 2693 2331 humana,
2727 2278 2990 2338 quantum
3037 2275 3178 2342 capit
3221 2290 3316 2344 per
3358 2275 3456 2331 has
3487 2291 3681 2347 opera-

2110 2357 2290 2411 tiones
2316 2358 2531 2423 educta,
2584 2367 2793 2414 tantum
2837 2362 3152 2431 alloquitur.
3190 2365 3322 2420 Nam
3351 2383 3416 2422 ex
3463 2376 3681 2424 creatu-

2112 2462 2296 2500 rarum
2345 2451 2716 2519 magnitudine
2760 2463 2814 2507 et
2857 2455 3284 2523 pulchritudine,
3327 2461 3682 2529 proportione

2113 2538 2348 2608 quadam
2415 2539 2697 2611 Sapientia
2752 2544 2978 2612 dicit",
3023 2549 3264 2602 omnium
3321 2552 3570 2620 opiﬁcem
3629 2562 3682 2608 et

2113 2629 2412 2698 genitorem
2462 2632 2818 2686 considerari.
2877 2634 2933 2688 ln
2982 2635 3162 2690 divina
3209 2647 3392 2695 autem
3438 2650 3492 2696 et
3527 2659 3684 2700 exsu-

2116 2725 2342 2786 perante
2369 2733 2587 2774 omnem
2621 2719 2957 2776 intellectum
2992 2728 3250 2793 essentia,
3281 2729 3415 2785 tales
3446 2733 3683 2802 appella-

2117 2808 2295 2864 tiones
2345 2810 2727 2875 celebramus,
2776 2829 2886 2868 non
2937 2816 3083 2871 illam
3139 2833 3262 2872 cum
3323 2824 3685 2880 exsultatione

2116 2897 2407 2954 laudantes
2437 2916 2532 2968 per
2573 2918 2694 2971 quae
2726 2905 3111 2975 nominamus;
3159 2910 3253 2964 sed
3285 2927 3386 2967 nos
3410 2913 3557 2981 ipsos
3591 2931 3685 2984 per

2118 3004 2181 3043 ea
2216 3005 2336 3058 quae
2366 2991 2622 3046 dicuntur
2669 2995 2968 3065 dirigentes
3015 2998 3082 3052 ad
3125 3002 3463 3058 occultorum
3493 3007 3686 3076 cogni-

2120 3080 2345 3136 tionem.
2390 3081 2592 3138 Deinde
2624 3084 2855 3142 Domino
2879 3090 3012 3144 dicit
3036 3090 3326 3161 Propheta,
3370 3096 3506 3150 Deus
3543 3114 3687 3152 meus

2116 3190 2169 3226 es
2199 3183 2274 3237 tu,
2323 3177 2571 3244 quoniam
2615 3177 2870 3233 bonorum
2907 3199 3139 3236 meorum
3182 3201 3284 3239 non
3308 3203 3421 3257 eges
3444 3188 3507 3242 “.
3537 3191 3688 3256 Quo-

2117 3264 2281 3348 modp
2309 3266 2475 3334 igitur
2501 3268 2870 3324 beatissimam
2915 3271 3012 3326 Dei
3041 3275 3228 3342 vitam,
3265 3278 3347 3331 sic
3393 3295 3516 3345 nos,
3547 3283 3688 3336 sicut

2117 3354 2219 3409 iste
2251 3363 2518 3421 autumat,
2548 3372 2898 3427 exornamus,
2943 3377 3107 3431 quam
3136 3363 3403 3434 Propheta
3431 3370 3689 3437 przedicat

2119 3445 2483 3501 humanorum
2533 3447 2800 3504 bonorum
2837 3467 2946 3506 non
2993 3468 3116 3510 esse
3158 3456 3435 3527 indigam?
3477 3463 3558 3515 An
3589 3478 3690 3531 pro

2120 3537 2286 3592 verbo
2338 3538 2663 3608 ὀνομάζειν,
2718 3543 3021 3607 nominare,
3082 3548 3411 3617 excogitavit
3462 3553 3686 3608 verbum

2118 3628 2390 3697 ἀγάλλειν,
2436 3630 2582 3700 quod
2629 3641 2713 3687 est
2759 3634 3071 3692 exsultare?
3111 3637 3288 3708 Atque
3337 3641 3591 3699 audimus
3622 3661 3688 3700 ex

2123 3718 2209 3772 his
2243 3719 2336 3788 qui
2368 3727 2515 3773 recte
2541 3721 2707 3774 verbo
2741 3731 2990 3790 utuntur,
3022 3735 3077 3780 et
3105 3729 3198 3791 qui
3240 3739 3429 3784 exacta
3476 3734 3690 3788 subtili--

2121 3816 2233 3862 tate
2265 3810 2553 3864 verborum
2589 3827 2747 3865 usum
2790 3812 3121 3881 didicerunt,
3156 3833 3264 3872 non
3305 3835 3404 3888 pro
3433 3823 3576 3877 nuda
3615 3827 3691 3880 si—

2123 3898 2466 3970 gniﬁcatione
2519 3899 2623 3954 hoc
2686 3901 2910 3966 verbum
2963 3904 3213 3970 ἀγάλλειν
3267 3911 3534 3976 construi,
3592 3913 3687 3968 sed

2122 3991 2224 4045 hoc
2255 3991 2360 4045 tale
2388 3991 2474 4045 vel
2505 3998 2694 4044 notum
2725 3991 2924 4057 facere,
2957 3994 3040 4049 vel
3071 3995 3372 4063 declarare,
3409 4001 3490 4056 vel
3518 4003 3688 4072 signi~

2121 4081 2309 4146 ﬁcare,
2365 4081 2449 4136 vel
2495 4081 2640 4136 aliud
2703 4082 2962 4152 quiddam
3023 4085 3116 4138 tali
3161 4088 3326 4142 modo
3368 4089 3496 4144 diei.
3556 4089 3691 4146 Ver-

2122 4171 2250 4225 bum
2291 4178 2474 4225 autem
2529 4170 2960 4240 dyﬂlewidem
3015 4181 3132 4242 est,
3187 4178 3331 4245 quod
3387 4181 3688 4249 exsultare,

2122 4262 2364 4332 gloriari,
2417 4262 2610 4326 laetari,
2645 4271 2718 4322 et
2768 4262 2814 4316 si
2867 4263 2996 4332 quid
3032 4265 3192 4318 talem
3235 4265 3690 4335 signiﬁcationem

2123 4354 2308 4409 habet.
2343 4353 2441 4407 llic
2473 4361 2650 4408 autem
2685 4353 2818 4408 dicit
2859 4370 2959 4409 nos
2998 4356 3330 4422 nominibus,
3381 4375 3448 4414 ex
3495 4365 3691 4420 mentis

2125 4445 2582 4500 commentatione
2613 4444 2818 4508 ductis.
2855 4446 3021 4499 vitam
3069 4447 3280 4502 beatam
3320 4449 3594 4518 ἀγάλλειν,
3636 4455 3690 4508 id

2123 4544 2228 4601 est,
2269 4549 2554 4590 exornare.
2595 4534 2706 4590 Nos
2737 4544 2917 4590 autem
2949 4535 3147 4592 divina:
3179 4546 3391 4594 naturae
3421 4557 3545 4610 quae
3570 4557 3690 4597 om-

2124 4642 2246 4681 nem
2279 4633 2498 4695 superat
2534 4625 2818 4690 honorem,
2853 4626 3088 4696 aliquem
3139 4628 3375 4698 adjicere
3406 4632 3690 4699 honorem,

2125 4719 2362 4773 humana
2391 4718 2704 4773 inﬁrmitate
2749 4719 2926 4787 majus
2963 4720 3328 4790 arbitramur;
3363 4724 3566 4795 aliquid
3597 4742 3694 4782 au-

2127 4815 2233 4861 tem
2270 4821 2458 4860 eorum
2503 4821 2625 4877 qua:
2670 4807 2724 4860 in
2758 4822 2821 4862 ea
2852 4816 3172 4872 cernuntur,
3209 4819 3398 4866 notum
3437 4813 3615 4870 facere
3641 4824 3695 4870 et

2126 4895 2406 4952 celebrare
2435 4897 2616 4952 verbis
2649 4904 2702 4952 et
2747 4899 3064 4954 nominibus
3090 4900 3178 4970 pie
3229 4910 3284 4956 et
3321 4904 3574 4975 religiose
3606 4905 3693 4959 in-

2131 4989 2362 5046 tellectis
2397 4991 2585 5044 conari
2637 5007 2744 5044 non
2789 4991 3116 5048 intieiamur.
3166 4993 3399 5067 Ideoque
3427 5008 3694 5068 quantum

2133 5081 2215 5137 fas
2249 5091 2356 5140 est,
2390 5081 2644 5150 pietatem
2686 5091 3018 5151 spectantes,
3059 5100 3171 5141 non
3203 5102 3268 5142 ex
3303 5104 3467 5143 causa
3501 5103 3694 5155 super-

2128 5174 2402 5228 eminente
2455 5172 2682 5242 primam
2729 5189 2950 5228 causam
3021 5178 3430 5233 subsistentiam
3497 5176 3698 5231 habere

2131 5266 2662 5334 comprehendimus,
2710 5267 2854 5336 quod
2897 5268 3116 5337 quidem
3167 5268 3214 5322 si
3260 5275 3320 5320 ut
3357 5281 3542 5320 verum
3571 5268 3696 5336 quis

2131 5357 2414 5429 approbet,
2455 5356 2726 5412 laudabile
2753 5357 2916 5412 fuerit
2945 5365 3164 5427 propter
3193 5357 3362 5410 solam
3387 5357 3695 5412 veritatem.

454 5460 510 5515 Si
541 5467 724 5513 autem
763 5465 820 5513 ut
868 5458 1046 5532 majus
1084 5458 1310 5528 reliquis
1341 5473 1463 5527 quae
1522 5457 1590 5512 de
1637 5457 1824 5511 divina
1865 5463 2059 5511 natura
2098 5463 2422 5517 noscuntur,
2455 5452 2510 5506 id
2550 5451 2780 5521 judicet,
2817 5459 2871 5504 et
2933 5459 3230 5535 propterea
3259 5449 3361 5503 hac
3406 5450 3521 5506 sola
3592 5451 3701 5521 opi-

454 5550 616 5607 nione
647 5552 794 5607 dicat
829 5530 994 5608 Deum
1030 5553 1356 5624 gestientem
1393 5557 1448 5607 et
1481 5551 1774 5618 laetantem,
1825 5561 1884 5605 ut
1922 5552 2106 5622 aliquo
2147 5547 2670 5621 supereminentium
2742 5544 3040 5613 exsultare,
3107 5530 3230 5599 boc'
3282 5545 3456 5603 solius
3513 5546 3700 5602 Euno-

526 5756 571 5786 "
613 5753 757 5810 Psat.
794 5767 890 5820 cn,
923 5754 976 5810 8.
1052 5756 1098 5788 ’³
1139 5755 1266 5826 Sap.
1310 5769 1430 5819 xm,
1466 5753 1518 5808 ε.
1596 5757 1642 5789 ἰ
1681 5754 1827 5810 Psat.
1867 5769 1957 5821 xv,
1990 5753 2045 5810 2.
