4054 6152
509 321 612 378 965
1688 323 1744 376 S.
1795 322 2118 378 GREGORII
2174 325 2466 382 NYa'SE-Nl
3629 345 3714 401 9M

498 425 596 482 mii
639 442 810 483 musae
856 427 1016 480 fuerit
1056 428 1315 496 dicentis,
1371 433 1545 504 ipsam
1582 435 1637 489 in
1682 439 1863 509 seipsa
1912 441 2238 513 ἀγεννησίαν
2263 444 2558 511 exsultare,
2600 461 2762 517 quam
2800 456 2947 504 certe
3015 462 3068 506 et
3127 455 3444 521 essentiam,
3504 467 3552 513 et
3617 459 3722 516 hea-

495 529 631 585 tam,
668 528 721 574 et
751 520 989 573 divinam
1021 523 1186 576 vitam
1213 527 1483 582 nominat.

567 613 673 668 Sed
705 613 1014 682 audiamus,
1048 621 1323 685 quomodo
1351 624 1658 678 secundum
1697 625 1916 680 modum
1945 629 2069 683 usui
2103 641 2146 694 Α

491 713 883 774 congruentem
941 716 995 762 et
1042 711 1438 777 prarccdentem
1489 717 1720 770 formam
1775 719 1879 786 (sic
1925 721 2071 775 enim

491 799 681 853 eodem
747 799 908 854 modo
971 801 1220 859 formatis
1275 807 1590 864 nominibus
1652 825 1846 866 rursus
1912 813 2073 870 nobis

490 890 779 946 emorescit
812 901 865 946 et
905 909 1027 949 sese
1060 897 1343 969 ostentat),
1371 901 1648 969 quomodo
1690 919 1784 972 per
1821 903 1937 959 haec
1961 905 2074 962 dis-

491 981 703 1035 solvere
733 981 909 1051 inquit
933 983 1000 1038 de
1037 1000 1102 1039 eo
1144 996 1469 1057 conceptam
1512 991 1846 1060 opinionem,
1887 1011 1949 1051 ac
1978 997 2074 1052 de-

490 1080 770 1141 ceptorum
824 1076 1187 1146 ignorantiam
1219 1094 1494 1138 coercere.
1552 1083 1684 1139 Utar
1717 1089 1858 1142 enim
1897 1090 2072 1158 ipsius

490 1163 920 1234 dithyrambistze
977 1169 1230 1225 similiter
1287 1172 1665 1232 desinentibus
1731 1181 2066 1238 vocabulis:

489 1256 595 1322 Qui
637 1257 893 1323 diximus,
940 1262 1138 1329 inquit,
1168 1263 1307 1332 quod
1346 1281 1408 1318 ea
1451 1283 1568 1335 qua:
1614 1285 1679 1322 ea:
1712 1272 1899 1324 mentis
1930 1290 2072 1326 com-

489 1348 809 1400 mentatione
851 1347 1136 1414 dicuntur,
1187 1352 1355 1405 solent
1390 1369 1507 1406 cum
1564 1355 1775 1408 vocibus
1826 1356 2068 1422 dissolvi,

487 1438 567 1490 liis
617 1439 863 1493 addimus
899 1457 915 1494 :
948 1441 1089 1494 Deus
1123 1442 1332 1512 quidem
1377 1446 1537 1499 etiam
1577 1449 1866 1502 tacentibus
1909 1459 1959 1502 et
1994 1452 2071 1504 lo-

487 1531 761 1598 quentibus
797 1533 860 1584 iis
893 1549 1008 1601 qua:
1039 1543 1162 1587 sunt
1200 1536 1255 1588 in
1305 1553 1479 1589 rerum
1531 1549 1750 1603 natura,
1781 1541 1938 1593 etiam
1976 1558 2072 1595 au-

489 1628 696 1688 tequam
731 1620 877 1688 [acta
916 1632 1088 1675 essent
1127 1625 1363 1690 nomine,
1416 1635 1532 1678 erat
1580 1636 1628 1680 et
1658 1637 1736 1681 est
1788 1629 2065 1698 ingenitus.

487 1709 772 1768 Discamus
813 1714 978 1784 igitur
1009 1716 1216 1786 aliquid
1257 1733 1549 1774 commune
1578 1722 1868 1776 verborum
1901 1739 2068 1779 exco-

484 1803 757 1873 gitationi,
797 1806 882 1860 vel
916 1807 1201 1861 nominum
1247 1808 1503 1877 positioni
1535 1825 1658 1864 cum
1703 1811 1870 1867 rebus
1902 1813 2060 1883 ipsis,

484 1911 621 1963 quas
662 1896 843 1966 aliqua
875 1899 1156 1952 nominum
1189 1907 1242 1954 et
1287 1901 1581 1955 verborum
1613 1918 1746 1958 voce
1788 1914 2063 1962 notamus.

483 1985 665 2050 Quare
715 1987 759 2041 si
802 1986 947 2043 Deus
997 1997 1081 2045 est
1129 1991 1373 2061 ingruito
1407 1993 1570 2047 modo
1619 2004 1744 2049 ante
1776 1994 2062 2051 humanam

2173 1995 2273 2063 τῆς
2330 1994 2674 2066 ἀνθρωπίνης
2721 1997 3063 2062 συστάσεως,

483 2079 952 2146 constitutionem,
995 2081 1383 2136 declaratis-am
1423 2085 1548 2139 talis
1581 2085 1857 2154 Opinionis
1878 2103 2066 2142 vocem

484 2180 741 2240 tanquam
777 2187 912 2227 sono
940 2172 1192 2228 diffusam
1228 2175 1580 2246 imprOpriam
1626 2185 1876 2246 oporteat
1918 2179 2068 2248 judi-

482 2273 630 2324 care,
677 2263 724 2316 si
765 2262 1065 2317 secundum
1102 2263 1398 2317 humanam
1442 2266 1723 2321 notionem
1755 2267 1922 2323 fuerit
1962 2286 2064 2324 no-

483 2353 686 2406 minata
716 2373 728 2407 :
757 2354 903 2407 haud
949 2355 1094 2408 enim
1151 2363 1232 2410 est
1282 2355 1448 2419 idem,
1497 2349 1620 2412 esse
1677 2367 1732 2412 et
1772 2359 1879 2414 dici
1917 2380 1928 2415 :
1965 2361 2059 2416 sed

480 2451 562 2498 est
598 2445 816 2514 quidem
844 2453 1064 2510 natura,
1105 2445 1249 2516 quod
1280 2447 1498 2516 quidem
1540 2457 1624 2503 est
1663 2449 1826 2504 Deus.
1859 2449 2066 2507 Dicitur

481 2547 661 2590 autem
702 2552 732 2590 a
769 2537 930 2591 nobis
959 2545 1224 2606 quantum
1271 2538 1435 2593 fuerit
1475 2541 1739 2608 possibile
1778 2544 2065 2600 enuntiare

481 2635 701 2694 propter
734 2635 947 2681 natura:
993 2636 1196 2683 nostrae
1241 2637 1564 2698 egestatem,
1612 2647 1733 2701 quae
1781 2632 1835 2685 in
1882 2635 2063 2688 anima

483 2715 708 2771 aﬂectus
757 2717 1063 2786 iucognitos
1116 2717 1231 2772 sive
1275 2718 1666 2788 inconSpicuos
1722 2721 1904 2788 habet,
1956 2723 2064 2778 nisi

484 2821 580 2876 per
641 2822 828 2861 vocem
891 2815 946 2860 et
1006 2807 1310 2862 orationem
1383 2811 1584 2863 evoluti
1638 2810 1865 2866 fuerint.
1921 2813 2063 2885 Ergo

482 2897 664 2965 ipsum
695 2911 804 2950 non
844 2912 909 2951 ex
946 2912 1111 2952 causa
1148 2913 1270 2953 esse
1304 2899 1690 2969 intelligentes,
1728 2911 2064 2956 commenta-

481 2991 632 3045 tione
657 2991 892 3061 quadam
932 2991 1074 3056 hanc
1130 2992 1408 3046 notionem
1460 3007 1556 3061 per
1604 2993 1828 3063 ingeniti
1870 3008 2060 3049 vocem

479 3083 855 3137 enuntiamus.
878 3081 1164 3148 Quodnam
1189 3084 1356 3153 igitur
1376 3083 1638 3137 damnum
1663 3085 1710 3139 ei
1737 3085 1829 3154 qui
1855 3085 1933 3140 sic
1955 3095 2057 3148 est.

483 3173 612 3239 quid
631 3173 710 3228 sic
730 3181 835 3237 est,
861 3189 889 3227 a
915 3175 1072 3228 nobis
1094 3175 1405 3227 nominari?
1431 3172 1548 3228 Non
1567 3175 1710 3229 enim
1733 3190 1797 3230 ex
1832 3191 1896 3229 eo
1913 3176 2058 3246 quod

478 3263 700 3319 dicatur
728 3267 1022 3335 ingenitus,
1054 3266 1320 3321 exsistere
1353 3268 1800 3336 ingenerabiliter
1830 3269 2056 3331 dicitur,

475 3355 574 3413 sed
621 3373 685 3411 ex
721 3373 786 3411 eo
829 3357 974 3427 quod
1026 3358 1119 3423 sit,
1161 3358 1269 3411 dici
1328 3358 1491 3412 etiam
1533 3358 1583 3410 ei
1644 3359 1881 3412 advenit.
1946 3358 2061 3414 Hoc

482 3457 665 3501 autem
711 3465 820 3503 non
876 3450 1146 3503 intellexit
1197 3449 1418 3502 subtilis
1478 3459 1532 3504 et
1589 3450 1766 3504 solers
1817 3451 2058 3520 ingenio,

487 3555 662 3609 neque
706 3553 733 3591 a
765 3555 823 3593 se
858 3540 1032 3608 posita
1066 3538 1354 3593 manifeste
1382 3539 1786 3593 animadvertit.
1816 3539 1950 3594 Nam
1980 3543 2062 3595 vel

481 3637 629 3682 certe
667 3639 936 3682 cessasset
977 3642 1072 3681 eos
1106 3628 1198 3695 qui
1232 3642 1324 3695 per
1361 3629 1873 3684 commentationem
1904 3631 2064 3699 ἀγεν-

478 3717 670 3790 νησίας
707 3733 901 3772 nomen
921 3718 1196 3788 ciilnguut,
1227 3719 1772 3788 improbeinsectari.
1804 3721 2063 3776 Animad-

483 3813 678 3865 vertite
742 3809 887 3863 enim
930 3811 1073 3879 quod
1136 3811 1254 3864 ait:
1310 3811 1441 3876 Qua:
1499 3828 1594 3883 per
1646 3816 2062 3868 commentatio-

488 3915 612 3954 nem
669 3897 1006 3964 eﬂ'eruntur,
1071 3902 1234 3957 simul
1293 3917 1415 3957 cum
1467 3903 1694 3960 vocibus
1741 3905 2056 3959 dissolvun-

489 4001 613 4068 tur;
649 3990 790 4046 Deus
841 4001 1022 4047 autem
1065 4005 1149 4048 est
1183 3995 1383 4064 genitis
1427 3995 1600 4065 prior,
1637 4003 1692 4050 et
1735 3997 2056 4066 priusquam

481 4084 704 4137 nomina
750 4084 1004 4153 imposita
1050 4093 1256 4150 essent,
1303 4095 1355 4138 et
1403 4093 1520 4140 erat
1549 4096 1600 4140 et
1635 4092 1717 4140 est
1759 4087 2054 4157 ingenitus.

483 4171 648 4228 Vide
705 4173 850 4243 quod
903 4190 1046 4240 esse,
1094 4176 1238 4245 quod
1286 4174 1505 4244 quidem
1559 4183 1662 4240 est,
1723 4176 1886 4231 habet
1931 4187 2058 4232 ante

479 4268 725 4322 omnium
785 4269 1080 4323 tacentium
1144 4268 1588 4338 et_loquentium
1648 4270 2054 4335 exsistentiam,

482 4374 661 4428 neque
699 4361 872 4430 magis
904 4375 1082 4429 neque
1111 4361 1292 4415 minus
1321 4359 1464 4430 quod
1501 4368 1601 4426 est,
1640 4361 1754 4430 ipse
1783 4368 1886 4438 est.
1922 4359 2058 4416 Ver-

485 4447 677 4503 borum
720 4461 899 4505 antcm
936 4459 988 4506 et
1013 4453 1293 4505 nominum
1324 4467 1456 4507 usus
1488 4459 1610 4522 post
1631 4451 1908 4506 hominum
1932 4466 2057 4522 pro-

479 4541 791 4594 ductionem
837 4542 1181 4612 exeogitatus
1225 4550 1329 4607 est,
1375 4543 1466 4611 qui
1513 4557 1542 4595 a
1587 4541 1696 4596 Deo
1737 4543 1969 4597 rationis
2001 4549 2056 4596 et

479 4633 746 4687 orationis
775 4631 1030 4688 facultate
1071 4636 1317 4688 exornati
1346 4634 1587 4689 fuerunt.
1617 4634 1673 4687 Si
1707 4634 1872 4704 igitur
1897 4648 2053 4688 crea-
2085 4661 2128 4716 ο

480 4731 602 4775 tura
656 4733 904 4777 creatore
955 4724 1223 4790 posterior
1273 4731 1379 4787 est,
1442 4723 1798 4793 omniumque
1837 4730 2054 4777 creatu-

477 4827 665 4864 rarum
697 4812 857 4865 homo
887 4822 969 4867 est
1010 4815 1274 4878 ultimus;
1306 4815 1527 4884 propria
1557 4822 1736 4869 autem
1766 4823 1849 4871 est
1873 4815 2048 4870 homio

478 4901 564 4956 nis
593 4900 800 4965 oratio;
826 4903 1092 4958 orationis
1119 4914 1298 4958 autem
1322 4913 1504 4974 partes
1530 4905 1747 4958 nomina
1775 4912 1828 4960 et
1854 4906 2048 4972 verba;

478 5008 672 5047 nomen
697 5006 826 5046 vero
845 5000 927 5046 est
951 4994 1270 5064 ὰγεννησίαε
1296 4996 1571 5066 quomodo
1601 5011 1711 5050 non
1759 4996 2048 5068 intelligat,

477 5101 535 5139 se
568 5086 653 5139 his
684 5099 805 5153 qua:
851 5085 1128 5152 praastruit
1159 5088 1508 5156 repugnare?
1555 5086 1664 5142 Nos
1694 5088 1840 5142 enim
1884 5089 2050 5142 etiam

477 5176 774 5230 asserimus
823 5175 1044 5228 nomina
1094 5174 1160 5227 ad
1213 5189 1300 5228 res
1337 5176 1695 5231 declarandas
1739 5184 1793 5230 et
1842 5177 2051 5246 signifi-

475 5267 678 5322 candas
709 5267 949 5321 humana
977 5265 1195 5320 solertia
1233 5266 1451 5319 inventa
1491 5283 1612 5322 esse
1641 5287 1654 5322 :
1690 5268 1779 5322 ille
1800 5284 1927 5323 vero
1957 5285 2050 5326 eos

474 5359 567 5430 qui
606 5361 854 5416 oratione
901 5367 1152 5421 utuntur,
1201 5358 1384 5412 divina
1437 5359 1545 5414 vita
1595 5363 1924 5431 posteriores
1953 5364 2049 5419 de-

476 5452 769 5505 monstrari
806 5451 1115 5506 confitetur.
1153 5449 1403 5505 Divinam
1438 5457 1617 5506 autem
1650 5461 1900 5508 naturam
1925 5470 2047 5511 esse

473 5540 805 5610 ἀγεννήτως,
852 5541 1015 5595 modo
1063 5541 1438 5610 ingenerabili,
1483 5542 1627 5596 sicut
1673 5558 1817 5597 nunc
1853 5554 1958 5605 est.
1993 5555 2048 5600 et

475 5645 690 5700 semper
727 5638 865 5687 erat.
912 5632 968 5686 Si
1002 5633 1168 5702 igitur
1208 5633 1299 5688 ille
1330 5633 1546 5687 beatam
1573 5635 1740 5688 vitam‘
1783 5643 1908 5691 ante
1953 5637 2048 5690 ho-

474 5723 650 5779 mines
692 5732 852 5779 natos
890 5722 1168 5781 exstitisse
1196 5723 1486 5780 confitetur
1514 5725 1729 5797 (rursus
1777 5727 1921 5782 enim
1951 5743 2041 5783 re-

2260 628 2399 681 Ἀλλ’
2436 630 2761 702 ἀκούσωμεν
2806 632 2925 697 πῶς
2966 635 3108 689 κατὰ
3150 637 3238 691 τὸν
3277 640 3624 700 ἐπιϐάλλοντα
3670 656 3723 721 τῇ

2175 720 2335 791 χρείᾳ
2365 721 2583 790 τρόπον,
2616 725 2708 776 καὶ
2742 725 2833 778 τὸν
2861 725 3200 797 προλαϐόντα
3229 731 3400 786 τύπον
3419 751 3432 764 ·
3462 736 3592 791 οὑτω
3634 709 3722 816 γὰρ

2173 814 2286 872 τοῖς
2324 811 2596 876 ίσοτύποις
2637 813 2747 867 τῶν
2779 816 3059 886 ὀνομάτων
3102 821 3262 873 πάλιν
3301 825 3432 894 ἡμῖν
3469 811 3724 900 ὲνωραῖζεξ

2173 915 2301 955 ται·
2336 902 2452 966 πῶς
2478 903 2564 956 διὰ
2594 904 2797 958 τούτων
2825 907 3060 961 διαλύειν
3089 911 3188 979 μέν
3215 929 3348 984 φησι
3379 915 3474 988 τὴν
3500 922 3615 990 περὶ
3643 923 3724 976 αὖ-

2173 989 2266 1042 τοῦ
2315 993 2612 1063 γενομένην
2650 994 2941 1063 ὑπόνοιαν,
2992 1001 3361 1070 περιστέλλειν
3402 1005 3458 1056 δὲ
3504 989 3595 1079 τὴν
3633 1012 3724 1065 τῶν

2173 1081 2543 1151 ἠπατημένων
2576 1083 2816 1152 ἄγνοιαν.
2857 1087 3058 1152 Αὑταῖς
3087 1089 3196 1160 γὰρ
3236 1095 3511 1164 χρήσομαι
3543 1098 3627 1152 τοῦ
3657 1103 3723 1156 δι-

2174 1169 2542 1241 θυραμὸιστοῦ
2589 1179 2708 1237 ταῖς
2759 1178 3134 1247 όμοιολήκτοις
3177 1187 3414 1250 φωναῖς⁶
3448 1189 3722 1258 Είπόντες,

2175 1264 2357 1331 φησὶν,
2389 1263 2476 1316 ὅτι
2510 1265 2582 1317 τὰ
2611 1267 2735 1319 κατ’
2767 1267 3037 1322 ἐπίνοιαν
3061 1273 3360 1341 λεγόμενα
3386 1276 3510 1342 ταῖς
3533 1283 3724 1350 φωναῖς

2171 1353 2643 1410 συνδιαλύεσθαι
2673 1356 2964 1427 πέφυκεν,
2993 1362 3373 1435 ἐπηγάγομεν
3411 1371 3646 1438 τούτοις·
3681 1375 3722 1426 Ὁ

2171 1442 2239 1494 δὲ
2274 1443 2438 1511 Θεὸς,
2460 1446 2554 1499 καὶ
2579 1447 2938 1503 σιωπώντων
2957 1454 3050 1505 καὶ
3075 1457 3496 1526 φθεγγομένων
3515 1467 3722 1531 γεγονό-

2171 1551 2306 1599 των,
2338 1537 2433 1589 καὶ
2461 1539 2572 1606 πρὸ
2601 1539 2705 1592 τοῦ
2731 1540 3037 1609 γεγονέναι
3059 1547 3131 1599 τὰ
3152 1547 3417 1616 ὀνόματα
3433 1593 3446 1615 ,
3471 1547 3544 1620 ἦν
3566 1571 3622 1607 τε
3642 1559 3721 1611 καί

2170 1626 2344 1680 ἔστιν
2374 1628 2719 1697 ἀγέννητος.
2755 1633 3033 1704 Μάθωμεν
3068 1637 3247 1713 τοίνυν
3279 1642 3473 1694 κοινῶν
3497 1647 3721 1716 ῥημάτων

2171 1717 2403 1789 ἐπινοίᾳ,
2435 1719 2467 1788 ἢ
2497 1719 2777 1789 ὀνομάτων
2810 1722 2976 1788 θέσει,
3013 1725 3147 1798 πρὸς
3172 1728 3316 1782 αὐτὰ
3343 1731 3409 1784 τὰ
3437 1734 3718 1806 πράγματα,

2169 1803 2205 1858 ἃ
2229 1805 2316 1858 διὰ
2346 1807 2444 1877 τῆς
2483 1809 2640 1870 ποιᾶς
2662 1809 2762 1877 τῆς
2785 1810 3062 1881 ὀνομάτων
3086 1830 3145 1866 τε
3170 1815 3266 1867 καὶ
3289 1803 3541 1888 ῥημάτων
3558 1803 3722 1894 γιρωνῆς

2173 1897 2566 1968 σημειούμεθα.
2601 1899 2762 1955 ’Ὠστε
2808 1903 2854 1953 εί
2891 1903 3198 1975 άγεννήτως
3237 1908 3384 1960 ἐστὶν
3430 1913 3457 1963 ὁ
3489 1911 3610 1977 Θεὸς
3637 1917 3721 1988 πρὸ

3114 1999 3216 2070 τὴν
3274 2002 3602 2077 ὲμφαντικὴν
3642 2009 3722 2079 τῆς

2168 2083 2424 2154 τοιαύτης
2465 2085 2784 2154 ὑπολήψεως
2824 2085 3007 2156 φωνὴν
3042 2087 3118 2150 ὡς
3154 2087 3237 2159 τῷ
3276 2091 3495 2163 φθόγγῳ
3541 2096 3720 2149 συνδια-

2168 2174 2432 2246 χεομένην
2463 2175 2662 2246 ἄκυρον
2693 2176 2919 2246 κρίνειν,
2961 2179 3008 2229 εί
3048 2178 3167 2230 κατ’
3200 2180 3445 2236 ἐπίνοιαν
3479 2183 3718 2255 ἀνθρωπί·

2167 2281 2264 2334 νην
2302 2264 2664 2333 ὀνομασθεῖσα
2693 2262 2863 2333 τύχοι.
2893 2264 2968 2316 Οὑ
3002 2263 3110 2335 γὰρ
3141 2267 3340 2320 ταύτόν
3368 2271 3480 2323 ἐστι
3503 2271 3558 2323 τὸ
3586 2267 3716 2329 εἶναι.

2166 2355 2243 2425 τῷ
2279 2354 2552 2422 λέγεσθαι.
2599 2354 2736 2407 Ἀλλ’
2781 2353 2895 2406 ἔστι
2931 2357 3028 2424 μὲν
3069 2359 3135 2428 τῇ
3167 2358 3332 2426 φύσει
3373 2361 3504 2431 ὅπερ
3538 2363 3718 2416 ἐστὶν-ό

2167 2445 2316 2508 Θεός.
2345 2445 2574 2513 Λέγεται
2608 2444 2662 2498 δὲ
2691 2448 2818 2516 παρ’
2852 2446 3030 2516 ἡμῶν,
3061 2447 3135 2509 ὡς
3163 2447 3234 2501 ἂν
3335 2451 3550 2505 δυνατὸν
3579 2453 3715 2522 ἐξαγ-

2165 2537 2339 2604 γεῖλαι
2364 2536 2450 2590 διὰ
2481 2536 2580 2606 τὴν
2607 2537 2704 2606 τῆς
2739 2536 2954 2605 φύσεως
2987 2537 3143 2608 ήμῶν
3171 2541 3466 2611 πτωχείαν,
3500 2543 3531 2612 ἢ
3563 2543 3648 2606 τὰς
3672 2545 3717 2595 ἐν

2165 2630 2229 2698 τῇ
2274 2627 2418 2698 ψυχῇ
2451 2627 2719 2692 διαθέσεις
2752 2629 2980 2699 ἀδήλους
3013 2631 3158 2699 ἔχει,
3204 2631 3281 2703 μὴ
3325 2632 3410 2685 διὰ
3441 2633 3611 2702 φωνῆς
3641 2635 3716 2685 ἐκ·

2165 2716 2579 2788 καλυπτομένας
2603 2718 2696 2770 καὶ
2716 2718 2896 2786 λόγου.
2932 2719 3142 2773 Οὐκοῦν
3169 2721 3237 2774 τὸ
3270 2722 3345 2793 μὴ
3376 2723 3434 2787 ἐξ
3464 2725 3626 2786 αἰτίας
3643 2723 3718 2777 αύ-

2161 2805 2254 2856 τδν
2282 2800 2417 2857 εἶναι
2450 2806 2762 2876 νοήσαντες,
2804 2808 3017 2878 ἐπινοίᾳ
3061 2807 3159 2879 τὴν
3200 2810 3388 2879 νόησιν
3417 2811 3606 2882 ταύτην
3645 2811 3715 2864 διὰ

2162 2895 2261 2965 τῆς
2293 2895 2386 2948 τοῦ
2431 2897 2720 2968 ἀγεννήτου
2761 2899 2944 2969 φωνῆς
2981 2898 3400 2972 ἐξαγγέλλομεν.
3446 2904 3536 2966 Τίς
3569 2898 3650 2956 οὖν
3683 2905 3709 2970 ὴ

2165 2985 2335 3056 βλάϐη
2364 2985 2441 3057 τῷ
2470 2986 2642 3051 οὕτως
2663 2988 2796 3052 ὄντι,
2827 2989 2888 3042 τὸ
2911 2989 2986 3053 ὡς
3018 2990 3132 3043 ἔστι
3172 2995 3312 3065 παρ’
3352 2996 3383 3064 ἡ
3394 2995 3504 3064 μῶν
3539 2994 3708 3064 ὀνομὰο

2163 3077 2389 3146 ζεσθαι;
2423 3081 2498 3132 Οὑ
2528 3081 2637 3151 γὰρ
2675 3082 2740 3134 ἐκ
2781 3081 2874 3134 τοῦ
2929 3082 3156 3154 ῥηθῆναι
3210 3085 3521 3156 ἀγέννητον,
3550 3088 3630 3139 καὶ
3665 3084 3712 3137 τὸ

2163 3171 2426 3242 ὑπάρχειν
2461 3173 2770 3243 άγεννήτως
2811 3175 2957 3229 ἐστὶν
2978 3215 2992 3237 ,
3023 3175 3135 3227 ἀλλ’
3169 3178 3239 3230 ἐκ
3269 3178 3360 3232 τοῦ
3399 3176 3525 3232 εἷναι
3563 3179 3641 3232 καὶ
3663 3181 3712 3231 τὺ

2165 3260 2396 3330 ῥηθῆναι
2425 3263 2792 3332 προσγίνεται.
2834 3264 3003 3317 Τοῦτο
3042 3266 3098 3318 δὲ
3134 3266 3196 3320 οὑ
3233 3269 3469 3323 σύνοιδεν
3503 3271 3528 3323 ό
3551 3268 3712 3329 λεπτὸς

2165 3351 2263 3420 τὴν
2311 3351 2563 3418 διάνοιαν,
2605 3354 2722 3405 οὑδὲ
2766 3354 2834 3407 τά
2889 3357 3018 3426 παρ’
3074 3356 3240 3411 αὑτοῦ
3305 3360 3516 3414 τεθέντα
3557 3358 3707 3428 σαφῶς

2166 3441 2511 3512 κατενόησεν.
2560 3438 2635 3495 τΗ
2672 3444 2780 3515 γὰρ
2823 3445 2888 3498 ἂν
2928 3446 3206 3501 ἐπαύσατο
3252 3452 3376 3514 τοὺς
3409 3451 3472 3504 δι’
3508 3450 3709 3511 ἐπινοίας

2163 3532 2262 3601 τὴν
2287 3533 2611 3605 ἁγεννησίαν
2643 3537 3163 3606 ὀνοματοποιοῦντας
3195 3544 3457 3607 κακίζων.
3485 3542 3707 3595 Σκοπεῖτε

2163 3620 2272 3691 γὰρ
2297 3621 2326 3672 ὃ
2347 3638 2479 3692 φησι
2503 3638 2516 3650 °
2553 3624 2632 3677 Τὰ
2661 3627 2783 3677 κατ’
2824 3626 3066 3682 ἐπίνοιαν
3095 3627 3364 3700 λεγόμενα
3396 3631 3509 3695 ταῖς
3537 3631 3705 3699 φωναῖς

2165 3708 2534 3763 συνδιαλύεται
2555 3727 2568 3744 ·
2599 3714 2628 3764 ὀ
2662 3713 2718 3766 δὲ
2752 3713 2885 3777 Θεὸς
2923 3716 3017 3768 καὶ
3051 3720 3458 3788 γεγενημένων,
3502 3718 3585 3772 καὶ
3621 3718 3706 3790 ιτρὸ

2160 3797 2256 3850 τοῦ
2272 3800 2525 3866 γενέσθαι
2546 3801 2612 3854 τὰ
2633 3802 2892 3871 ὀνόματα,
2917 3805 3009 3857 καὶ
3031 3800 3118 3874 ἦν,
3147 3807 3244 3859 καὶ
3271 3808 3416 3863 ἔστιν
3433 3808 3701 3876 άγὲννητος-

2173 3891 2336 3962 Ὁρᾷς
2362 3893 2443 3945 ὅτι
2471 3893 2531 3946 τὸ
2567 3894 2664 3964 μὲν
2695 3890 2832 3948 εἶναι
2868 3897 3003 3968 ὅπερ
3031 3898 3197 3963 ἐστὶν,
3233 3899 3348 3971 ἔχει
3377 3901 3478 3971 πρὸ
3503 3900 3592 3969 τῆς
3616 3897 3701 3950 τῶν

2161 3981 2378 4036 πάντων
2410 3984 2696 4056 ὑπάρξεως
2725 3987 2817 4039 καὶ
2850 3988 3179 4042 σιωπώντων
3211 3992 3311 4045 καὶ
3337 3989 3697 4061 φθεγγομένων.

2159 4075 2283 4130 οὑτε
2326 4079 2524 4148 μᾶλλον
2546 4079 2668 4133 οὔτε
2695 4076 2856 4152 ἦττον
2881 4082 2909 4135 ὃ
2941 4083 3089 4136 ἐστιν
3111 4083 3207 4138 ῶν.
3252 4085 3319 4139 Ἦ
3345 4086 3399 4138 δὲ
3423 4086 3524 4138 τῶν
3557 4080 3699 4153 ῥημά-

2163 4187 2271 4223 των
2305 4188 2359 4223 τε
2390 4173 2483 4224 καὶ
2507 4172 2785 4242 ὀνομάτων
2807 4174 3001 4245 χρῆσις
3026 4175 3161 4243 μετὰ
3187 4175 3285 4247 τὴν
3311 4177 3417 4229 τῶν
3441 4173 3698 4245 ἀνθρώπων

2159 4261 2501 4334 κατασκευὴν
2534 4263 2806 4332 ὲλογίσθαι
2837 4265 2947 4317 τῶν
2990 4268 3055 4336 τῇ
3095 4266 3288 4340 λογικῇ
3328 4267 3541 4335 δυνάμει
3575 4259 3698 4331 παρὰ

2157 4352 2250 4404 τοῦ
2292 4352 2424 4406 Θεοῦ
2469 4353 2825 4427 τιμηθέντων.
2876 4357 2936 4409 Ei
2979 4352 3071 4410 οὖν
3114 4357 3318 4427 ὑστέρα
3358 4359 3454 4430 μὲν
3493 4353 3579 4407 τοῦ
3617 4368 3696 4403 πε-

2157 4447 2445 4515 ποιηκότος
2487 4449 2519 4518 ἠ
2559 4447 2768 4515 κτίσις,
2813 4449 2912 4519 τῆς
2963 4450 3192 4512 κτίσεως
3239 4451 3296 4504 δὲ
3349 4451 3519 4518 πάσης
3560 4445 3693 4512 ἔσχα-

2155 4553 2248 4599 τος
2293 4537 2321 4588 ὀ
2366 4536 2652 4608 ἄνθρωπός
2704 4539 2884 4604 ἐστιν,
2935 4540 3062 4593 ἴδιον
3107 4539 3163 4592 δὲ
3213 4538 3309 4592 τοῦ
3366 4537 3625 4608 ἀνθρώπου
3670 4531 3694 4581 ὁ

2155 4627 2344 4703 λόγος*
2397 4627 2556 4694 λόγου
2610 4629 2667 4682 δὲ
2723 4629 2863 4700 μέρη
2934 4631 3154 4701 ῥήματά
3201 4648 3260 4684 τε
3317 4630 3407 4684 καὶ
3459 4627 3690 4697 ὀνόματα.

2159 4720 2328 4791 ὄνομα
2357 4720 2413 4774 δὲ
2451 4723 2483 4792 ή
2522 4721 2848 4792 ἀγεννησία·
2899 4723 3016 4786 πῶς
3065 4723 3124 4775 ού
3171 4723 3414 4793 συνίησιν
3451 4715 3527 4783 οἷς
3556 4731 3691 4770 καταο

2161 4814 2410 4878 σκευάζει
2440 4813 2647 4878 τούτοις
2684 4815 3024 4884 μαχόμενος;
3070 4815 3260 4886 Ἡμεῖς
3287 4832 3347 4868 τε
3392 4814 3493 4884 γάρ
3539 4818 3688 4878 φαμεν

2153 4903 2485 4972 ὲφευρῆσθαι
2516 4908 2627 4968 τοῖς
2659 4901 2774 4958 οὖσι
2813 4905 2881 4958 τὰ
2921 4907 3252 4977 γνωριστικὰ
3281 4906 3386 4958 τῶν
3412 4903 3568 4956 όντων
3594 4894 3688 4948 ὀνό-

2157 5010 2301 5062 ματα
2325 4994 2412 5046 διὰ
2438 4994 2537 5063 τῆς
2564 4995 2906 5066 ἀνθρωπίνης
2929 4995 3152 5059 ἐννοίας,
3185 4997 3429 5056 κάκεῖνος
3465 4987 3686 5056 ὑστέρους

2152 5073 2402 5152 ὁμολογεῖ
2425 5086 2550 5147 τοὺς
2579 5085 2949 5156 κεχρημένους
2977 5085 3055 5156 τῷ
3095 5085 3236 5156 λόγῳ
3269 5086 3366 5156 τῆς
3393 5081 3532 5142 θείας
3577 5077 3685 5128 ἀνα·

2151 5175 2424 5245 δειχθῆναι
2462 5176 2635 5245 ζωῆς·
2668 5172 2804 5230 εἶναι
2845 5178 2901 5230 δὲ
2939 5177 3036 5248 τὴν
3058 5177 3206 5230 θείαν
3238 5176 3396 5246 φύσιν
3419 5173 3490 5234 ὡς
3522 5168 3605 5221 νῦν
3635 5163 3682 5215 τέ

2152 5267 2266 5318 ἐστι
2304 5268 2397 5320 καὶ
2428 5269 2513 5319 ἀεὶ
2542 5263 2608 5338 ἦν
2631 5308 2642 5328 ,
2673 5268 2998 5338 ἀγεννήτως.
3035 5269 3097 5320 Εἰ
3124 5263 3214 5320 οὖν
3242 5269 3440 5325 ἐκεῖνος
3469 5261 3524 5313 τὸ
3571 5269 3682 5325 προ·

2155 5358 2419 5428 ὑπάρχειν
2440 5359 2549 5412 τῶν
2565 5358 2863 5431 ἀνθρώπων
2885 5359 3134 5430 ὁμολογεῖ
3148 5359 3244 5430 τὴν
3260 5354 3518 5429 μακαρίαν
3536 5347 3674 5416 ζωήν·

2152 5447 2319 5503 Πάλιν
2363 5451 2468 5520 γὰρ
2501 5451 2913 5523 ὲπαναστρὲψας
2941 5450 3019 5522 τῷ
3059 5451 3208 5521 αὑτῷ
3239 5449 3498 5521 χρήσομαι
3525 5440 3673 5525 λό’ζιιν

2149 5545 2310 5614 ἡμεῖς
2337 5559 2396 5595 τε
2439 5543 2498 5595 τὸ
2539 5543 2751 5615 χρόνοις
2783 5542 3003 5614 ὓστερον
3041 5542 3203 5612 φῦναι
3234 5542 3354 5601 τοὺς
3398 5532 3678 5605 ἀνθρώπους

2150 5636 2249 5688 οὑκ
2275 5635 2644 5706 ἀντιλέγομεν,
2669 5637 2870 5708 ῥήμασι
2893 5635 2948 5688 δὲ
2974 5634 3273 5724 κεχρῆσθαί,
3289 5645 3458 5724 φῗμεν

2155 5742 2352 5796 μασιν,
2388 5696 2480 5794 ditt;
2524 5696 2584 5781 οὗ
2723 5696 3192 5797 συνέστημενῃκαὶ
3233 5696 3518 5788 τδ-λογικοὶ
3558 5696 3672 5756 εἶναε
