4054 6152
418 302 524 362 ῃοδ
1513 295 1793 352 CONTRA
1848 295 2246 367 EUNOMIUM,
2301 299 2426 353 LIB.
2470 299 2584 353 xu.
3571 305 3675 361 966

416 417 571 486 παρὰ
602 416 693 471 τοῦ
735 414 1090 486 πεποιηκότος
1120 414 1456 487 ἐσχήκαμεν.
1508 416 1574 470 Ἦ
1613 417 1668 470 δὲ
1710 417 2004 489 ἀγεννησία

2073 421 2329 478 ,ιὀινοιιε
2393 420 2580 474 eadem
2640 428 2764 473 utar
2818 417 3120 490 oratione),
3179 435 3278 475 nos
3337 424 3674 491 temporibus

414 511 586 582 ὄνομά
622 512 765 562 ἐστιν
796 507 1129 578 ἐμφαντικὸν
1167 506 1262 560 τοῦ
1313 507 1442 560 ίδίου
1474 511 1742 580 νοήματος
1762 527 1774 539 ⁸
1811 511 1922 563 πᾶν
1949 511 2005 564 δέ

2109 511 2440 580 posteriores
2471 521 2635 564 natos
2683 525 2805 564 esse
2847 525 2955 564 non
2993 510 3442 576 contradicimus,
3491 515 3671 570 verbis

413 601 582 672 ὄνομα
600 597 694 653 τοῦ
718 597 1058 668 ἀνθρωπίνου
1087 598 1246 668 λόγου
1277 598 1440 669 μέρος
1473 599 1624 652 ἐστὶν
1669 599 1778 660 ἄρα
1813 601 1840 651 ὁ
1873 617 2004 670 προ-

2108 619 2235 658 vero
2281 612 2334 659 et
2376 604 2690 658 nominibus
2743 619 2871 658 usos
2904 605 3074 659 fuisse
3118 606 3433 669 asserimus,
3468 621 3532 659 ex
3564 622 3670 674 quo

413 684 709 756 ῡφεστάναι
740 685 844 738 τῶν
874 685 1176 755 ἀνθρώπων
1211 685 1305 757 τὴν
1331 687 1479 740 Θείαν
1513 689 1671 756 φύσιν
1702 688 2000 759 ὁμολογῶν,

2103 695 2442 759 exsistimus,
2493 705 2546 750 et
2603 705 2658 766 ut
2707 696 3000 751 rationales
3041 698 3234 760 simus,
3303 711 3332 750 a
3388 697 3668 751 conditore

411 775 876 846 μεταγενεστέραν
915 769 1054 829 εἶναι
1111 775 1207 845 τὴν
1271 774 1656 845 ἐφευρεθεῖσαν
1714 779 1781 847 τῇ
1841 777 1999 846 φύσει

2099 787 2406 854 accepimus
2439 803 2451 838 :
2488 787 2778 856 ἀγεννησία
2835 798 3011 841 autem
3075 803 3270 842 nomen
3310 797 3393 842 est
3434 790 3666 858 propriae

408 866 600 936 κλῆσιν
640 867 961 921 συντίθεται.
994 867 1128 921 Οὐδὲ
1160 866 1267 936 γάρ
1299 863 1367 938 ἦν
1406 868 1548 931 εἰκὸς
1579 867 1671 920 τοῦ
1705 867 1866 938 λόγου
1895 870 1993 940 τὴν

2099 877 2342 932 notionis
2394 877 2836 946 signiticativum.
2882 877 3052 932 Omne
3097 889 3275 933 autem
3317 894 3514 933 nomen
3564 879 3666 932 bu-

407 958 603 1028 χρῆσιν
634 959 738 1029 πρὸ
778 959 876 1030 τῆς
911 959 1018 1013 τῶν
1053 959 1404 1030 κεχρημένων
1454 961 1796 1029 κατασκευῆς
1842 963 1993 1031 ἐνερ-

2098 984 2274 1022 mana:
2305 970 2567 1024 orationis
2599 985 2724 1039 pars
2768 980 2870 1025 est.
2918 969 3059 1040 Ergo
3089 971 3180 1024 ubi
3231 969 3470 1025 divinam
3505 979 3665 1025 natu-

404 1049 638 1116 γεῖσθαι.
669 1051 878 1122 Ὥσπερ
895 1051 1014 1104 ούδέ
1027 1052 1300 1121 γεωργίαν
1325 1052 1429 1122 πρὸ
1453 1051 1559 1103 τῶν
1581 1052 1988 1120 γεωργούντων,

2105 1075 2218 1114 ram
2265 1061 2582 1114 hominibus
2627 1061 2780 1129 prius
2824 1063 3097 1116 exstitisse
3128 1061 3442 1125 conﬁtetur,
3481 1061 3664 1131 appel-

403 1140 525 1192 ούδέ
560 1140 835 1194 ναυτιλίαν
867 1141 972 1212 πρὸ
1005 1141 1112 1194 τῶν
1146 1141 1596 1210 ναυτιλλομένων,
1627 1142 1744 1194 οὐδὲ
1777 1142 1903 1196 ἄλλο
1937 1161 1988 1196 τι

2099 1150 2359 1205 lationem
2421 1151 2571 1206 .lianc
2644 1153 2710 1205 ab
2757 1153 3069 1208 hominibus
3135 1155 3410 1207 inventam
3466 1161 3659 1206 natura

403 1229 512 1282 τῶν
541 1229 680 1282 κατὰ
715 1230 806 1282 τὸν
847 1229 959 1300 βίον
1001 1230 1404 1301 ἐνεργουμένων
1443 1231 1549 1301 πρὸ
1595 1231 1688 1284 τοῦ
1726 1235 1987 1303 συστῆναι

2096 1239 2450 1308 posteriorem
2478 1254 2599 1294 esse
2638 1239 2928 1294 consentit.
2963 1237 3148 1309 Neque
3193 1241 3338 1293 enirn
3374 1247 3490 1294 erat
3518 1255 3657 1292 con-

401 1322 494 1376 τὺν
525 1321 860 1393 ἀνθρώπινον
901 1321 1045 1392 βίον·
1076 1323 1127 1374 τί
1162 1318 1254 1376 οῦν
1292 1325 1424 1393 ἡμῖν
1463 1324 1803 1394 διαμάχεται,
1852 1324 1984 1396 μηδέ

2092 1337 2411 1386 sentaneum
2449 1331 2713 1385 orationis
2758 1347 2916 1385 usum
2954 1339 3079 1386 ante
3123 1331 3404 1385 hominum
3455 1330 3661 1386 consti-

402 1417 516 1477 τοῖς
546 1415 694 1478 ἰδίοις
725 1403 902 1468 αὐτῶν
927 1415 1103 1483 λόγοις
1125 1409 1445 1470 ἀκολουθίαν
1470 1416 1752 1485 γινώσκων
1773 1437 1788 1485 ;

2092 1424 2362 1476 tutionenu
2396 1425 2642 1476 oratione
2683 1423 2949 1476 utentium
2984 1431 3264 1491 operatum
3297 1422 3484 1485 fuisse,
3515 1423 3657 1475 sicut

403 1525 580 1579 neque
639 1509 1027 1580 agriculturam
1097 1521 1225 1566 ante
1277 1527 1374 1566 eos
1426 1513 1516 1582 qui
1572 1529 1734 1583 agros
1779 1515 2056 1581 colerent,
2119 1533 2296 1587 neque
2360 1518 2758 1588 navigationem
2827 1497 2952 1571 ante
3010 1531 3104 1570 eos
3154 1516 3247 1586 qui
3315 1517 3652 1587 navigarent,

401 1611 578 1668 neque
606 1602 752 1656 aliud
790 1603 1088 1672 quidquam
1122 1618 1310 1656 eorum
1347 1617 1469 1672 qua:
1518 1604 1584 1657 ad
1642 1605 1766 1656 vitae
1835 1606 2220 1662 necessitatem
2284 1609 2611 1673 elliciuntnr,
2657 1616 2946 1678 antequam
2986 1608 3095 1662 vita
3167 1607 3405 1660 humana
3473 1606 3655 1662 consi-

400 1697 590 1747 steret.
623 1691 736 1746 Cur
768 1693 937 1762 igitur
983 1693 1144 1747 nobis
1186 1701 1477 1764 repugnat,
1516 1709 1693 1763 neque
1737 1695 1983 1764 cognitas
2022 1711 2152 1752 suas
2183 1699 2422 1754 rationes
2455 1699 2739 1768 sequitur?

471 1777 610 1847 Ἦν,
629 1785 814 1854 φησὶν,
848 1786 880 1837 ό
913 1781 1076 1849 Θεὸς,
1108 1782 1252 1852 ὅπερ
1285 1783 1414 1836 ἐστὶ
1444 1785 1552 1852 πρὸ
1576 1785 1681 1838 τοῦ
1705 1784 1980 1854 γενέσθαι
2015 1799 2053 1852 Β

2047 1804 2053 1848 ς
2153 1791 2306 1850 Erat,
2359 1789 2556 1859 inquit,
2628 1787 2768 1842 Deus
2820 1790 3106 1859 quodest,
3157 1803 3435 1867 antequam
3477 1792 3648 1860 factus

397 1873 509 1927 τὸν
551 1874 885 1943 ἄνθρωπον.
941 1874 1111 1928 Τοῦτο
1164 1877 1255 1928 καὶ
1299 1878 1457 1946 ἡμεῖς
1510 1876 1608 1928 οὐκ
1646 1877 1976 1948 ἀρνούμεθα.

2076 1892 2209 1940 esset
2271 1883 2482 1936 homo;
2535 1893 2711 1948 neque
2766 1893 2867 1934 nos
2927 1879 3029 1932 hoc
3060 1893 3344 1948 negamus.
3378 1877 3647 1948 Quidquid

402 1966 522 2020 Πᾶν
557 1966 666 2038 γὰρ
691 1968 882 2037 ὃτιπέρ
914 1970 1032 2022 ἐστι
1061 1969 1190 2039 περὶ
1217 1968 1308 2022 τὸν
1334 1969 1466 2021 Θεὸν
1498 1968 1802 2039 νοούμενον,
1825 1971 1980 2024 τοῦτο

2080 1968 2224 2022 enim
2254 1967 2320 2022 de
2353 1967 2459 2022 Deo
2489 1975 2668 2022 mente
2699 1978 2748 2022 et
2790 1969 2970 2022 animo
3001 1968 3365 2038 cognoscitur,
3399 1969 3497 2021 hoc
3527 1978 3652 2023 ante

547 2060 648 2130 τῆς
691 2060 784 2114 τοῦ
829 2061 1034 2130 κόσμου
1081 2061 1390 2123 συστάσεως
1419 2057 1505 2131 ῆν.
1552 2061 1688 2114 Ἀλλ’
1716 2062 1979 2132 ὀνομάζε-

2080 2058 2268 2111 mundi
2293 2058 2739 2112 constitutionem
2765 2065 2880 2110 erat
2907 2075 2921 2124 ;
2944 2057 3036 2113 sed
3065 2059 3165 2111 hoc
3215 2059 3484 2112 nominari
3516 2060 3652 2113 diei-

398 2153 522 2207 σθαι
546 2152 734 2206 τοῦτόν
766 2170 946 2223 φαμεν
973 2152 1112 2223 μετὰ
1142 2152 1201 2205 τὸ
1228 2153 1480 2221 γενέσθαι
1508 2152 1598 2206 τὸν
1627 2154 1976 2224 ὀνομάζοντα.

2079 2165 2219 2215 Inus,
2245 2158 2595 2218 posteaquam
2624 2150 2713 2218 qui
2749 2151 3051 2204 nominaret
3067 2165 3187 2205 esse
3208 2152 3391 2221 etrapit.
3426 2150 3482 2204 Si
3505 2152 3648 2206 enim

396 2246 461 2298 Et
492 2244 601 2315 γάρ
643 2244 730 2297 διὰ
777 2244 935 2297 τοῦτο
961 2244 1222 2316 χρώμεθα
1259 2249 1370 2308 τοῖς
1423 2246 1700 2316 ὀνόμασιν,
1736 2246 1874 2300 ὥστε
1904 2248 1980 2300 δι-

2079 2242 2391 2316 nominibus
2427 2241 2494 2295 ob
2541 2256 2660 2295 eam
2696 2256 2914 2296 causam
2957 2241 3182 2306 utimur,
3221 2251 3278 2296 ut
3312 2257 3492 2297 rerum
3525 2244 3649 2297 inde

395 2335 690 2388 δασκαλίαν
723 2337 858 2406 ἡμῖν
908 2335 1116 2388 ἐκεῖθεν
1166 2337 1272 2388 τῶν
1313 2337 1654 2407 πραγμάτων
1697 2337 1974 2405 γίνεσθαιο

2079 2333 2234 2384 nobis
2274 2315 2527 2385 'doctrina
2585 2343 2971 2401 comparetur;
3029 2335 3203 2387 solum
3251 2341 3429 2388 autem
3503 2335 3646 2403 quod

400 2426 560 2496 μόνον
588 2425 644 2479 δέ
671 2425 732 2478 τὸ
762 2424 988 2494 ἀγνοοῦν
1023 2426 1234 2490 ἐπιδεές
1265 2429 1380 2480 ἐστι
1412 2427 1504 2480 τοῦ
1547 2427 1906 2492 διδάσκοντος,
1943 2431 1976 2500 ή

2079 2422 2313 2493 ignorat,
2351 2424 2580 2478 docente
2602 2423 2804 2492 indiget
2833 2441 2848 2490 ;
2879 2424 3060 2477 divina
3091 2433 3266 2478 autem
3298 2433 3491 2478 natura
3520 2425 3646 2494 quia

393 2517 452 2570 δέ
503 2517 622 2572 θεία
666 2516 828 2588 φύσις
879 2517 966 2571 διὰ
1019 2517 1078 2571 τὸ
1138 2520 1314 2571 πᾶσαν
1346 2520 1828 2592 ἐμπεριειληφέναι
1881 2522 1976 2592 τὴν

2078 2530 2292 2570 omnem
2342 2507 2718 2585 complectitur
2780 2516 3161 2586 cognitionem,
3222 2517 3368 2570 omni
3402 2516 3647 2571 doctrina

395 2609 620 2678 γνῶσιν,
655 2609 918 2680 κρείττων
942 2609 1124 2679 πάσης
1154 2610 1497 2674 διδασκαλίας
1527 2611 1670 2664 ἐστί·
1704 2612 1975 2665 δείκνυται

2077 2605 2428 2673 praestantior
2455 2615 2574 2659 cst:
2620 2621 2714 2673 per
2739 2605 2849 2656 lia-c
2887 2613 3064 2657 autent
3088 2603 3645 2674 demonstratur'quod

394 2696 457 2752 δέ
480 2699 567 2752 διά
593 2699 796 2752 τούτων
823 2701 904 2752 ὅτι
935 2701 995 2753 οὐ
1035 2700 1128 2753 τοῦ
1158 2700 1292 2753 Θεοῦ
1317 2702 1498 2773 χάριν,
1529 2703 1642 2756 ἀλλ’
1671 2702 1829 2773 ἡμῶν
1855 2703 1973 2756 ἐνε-

2077 2712 2186 2748 non
2217 2694 2310 2748 Dei
2339 2695 2532 2765 gratia,
2584 2694 2676 2747 sed
2723 2692 2894 2746 nostri
2939 2708 3104 2746 causa
3156 2693 3374 2747 nomina
3428 2694 3494 2746 ad
3531 2691 3647 2760 ejus

397 2807 493 2842 κεν
518 2789 586 2841 τὰ
623 2789 858 2859 ὀνόματα
891 2790 1028 2860 πρὸς
1056 2790 1288 2860 δήλωσιν
1313 2792 1404 2844 τοῦ
1440 2792 1589 2856 ὄντος
1614 2795 1973 2865 ἐπινενόηται.

2076 2787 2167 2856 qui
2228 2794 2310 2841 est
2336 2787 2758 2841 declarationem
2807 2793 2934 2840 sunt
2959 2786 3282 2854 excogitata.
3335 2783 3454 2839 Non
3501 2786 3642 2840 enim

396 2880 474 2932 Οὐ
500 2877 609 2948 γὰρ
637 2877 782 2942 ὅπως
826 2879 893 2933 ἂν
919 2881 1122 2943 ἐκεῖνος
1154 2880 1344 2932 ἐαυτὸν
1382 2881 1572 2950 μάθοι,
1598 2883 1658 2934 τὸ
1689 2885 1786 2954 τῆς
1815 2886 1977 2952 ἀγεν-

2079 2887 2137 2930 ιιι
2162 2879 2248 2932 ille
2279 2893 2338 2932 se
2363 2879 2538 2946 ipsum
2567 2877 2818 2939 disceret,
2847 2891 3042 2929 nomen
3091 2876 3416 2948 ἁγεννησίας
3442 2885 3646 2930 natura:

396 2970 588 3040 νησίας
613 2969 784 3040 ὅνομα
820 2973 885 3041 τῇ
919 2970 1076 3040 φύσει
1109 2972 1439 3041 ἐφήρμοσεν.
1494 2973 1552 3026 Ὀ
1579 2973 1688 3044 γάρ
1717 2974 1870 3038 εἰδὼς
1911 2975 1980 3028 τά

2079 2969 2522 3022 accommodavit.
2566 2966 2668 3031 Qui
2699 2967 2841 3020 enim
2887 2965 3035 3019 novit
3067 2966 3268 3030 omnia,
3324 2975 3376 3020 et
3407 2967 3643 3036 seipsum

397 3058 598 3126 πάντα,
647 3059 742 3112 καὶ¹
789 3061 981 3112 ἑαυτὸν
1022 3061 1128 3132 πρὸ
1163 3063 1400 3125 πάντων,
1436 3062 1715 3116 συλλαϐῶν
1749 3066 1844 3118 καὶ
1881 3069 1978 3136 ρη-

2079 3067 2203 3114 ante
2225 3059 2427 3121 onmia,
2463 3059 2684 3127 syllabis
2712 3066 2764 3112 et
2794 3058 2972 3112 verbis
3001 3057 3067 3111 ad
3115 3073 3173 3113 se
3208 3056 3644 3127 cognoscendum

399 3151 586 3220 μάτων
609 3151 743 3222 πρὸς
771 3152 829 3206 τὸ
860 3153 1052 3222 μαθεῖν
1081 3152 1155 3216 ὡς
1181 3152 1292 3223 ἔχει
1319 3154 1534 3222 φύσεως
1567 3157 1660 3209 καὶ
1688 3157 1877 3222 ἀξίας,
1913 3160 1972 3211 ού

2080 3161 2137 3206 ιιι
2159 3152 2262 3207 fert
2304 3151 2421 3221 ejus
2455 3159 2641 3206 natura
2681 3159 2734 3204 et
2759 3150 3013 3219 dignitas,
3038 3166 3145 3204 non
3186 3150 3389 3221 indiget
3419 3191 3432 3216 ,
3458 3151 3550 3206 sed
3585 3162 3645 3205 ut

394 3242 594 3296 δέεται.
656 3242 794 3296 Ἀλλ’
848 3244 996 3307 ὅπως
1032 3245 1191 3314 ἡμεῖς
1237 3261 1358 3298 τινα
1405 3245 1514 3298 τῶν
1565 3248 1802 3312 εὐσεϐῶς
1847 3250 1976 3320 περὶ

2076 3259 2177 3298 nos
2206 3259 2395 3299 eorum
2423 3258 2543 3313 quae
2588 3243 2674 3312 pie
2710 3241 2776 3296 de
2807 3243 2926 3310 ipso
2981 3241 3374 3311 intelliguntur,
3404 3243 3640 3313 aliquam

395 3334 555 3386 αὐτὸν
603 3334 904 3405 νοουμένων
937 3335 1240 3406 κατάληψιν
1285 3337 1562 3407 σχοίημεν,
1601 3339 1810 3409 ῥήμασί
1866 3357 1974 3393 τισι

2075 3336 2613 3404 comprehensionem
2641 3334 3091 3402 adipisceremur,
3121 3334 3300 3387 verbis
3323 3337 3645 3403 quibusdam

395 3426 492 3480 καὶ
517 3425 804 3489 συλλαϐαῖς
829 3425 928 3489 τὰς
954 3426 1061 3479 τῶν
1089 3426 1372 3498 νοημάτων
1397 3427 1658 3500 διαφοράς
1687 3429 1974 3484 ἐτυπὼσα·

2073 3435 2124 3478 et
2151 3425 2374 3494 syllabis
2400 3423 2681 3476 notionum
2714 3421 3048 3476 diﬂ‘erentias
3100 3420 3527 3486 eﬂ'ormavimus,
3557 3440 3649 3478 ve-

400 3532 520 3585 μεν,
567 3509 676 3567 οἷόν
724 3533 846 3569 τινα
881 3517 1166 3586 σήμαντρα
1214 3516 1307 3568 καὶ
1355 3519 1707 3589 χαρακτῆρας
1749 3521 1847 3584 τὰς
1887 3521 1974 3574 διὰ

2072 3511 2170 3565 luti
2195 3512 2472 3580 signacula
2491 3510 2736 3579 quaedam
2770 3518 2822 3564 et
2849 3518 3007 3564 notas
3034 3525 3127 3578 per
3151 3525 3460 3565 sermonum
3483 3511 3645 3567 eli‘or-

395 3606 504 3660 τῶν
553 3606 724 3676 λόγων
773 3606 1046 3671 τυπώσεις
1099 3609 1210 3671 τοῖς
1263 3609 1360 3679 τῆς
1399 3610 1636 3674 διανοίας
1679 3615 1973 3683 κινήμασιν

2073 3606 2358 3667 mationes,
2393 3604 2758 3675 intelligentiae
2795 3603 3126 3656 motionibus
3149 3603 3510 3661 inscribeutes
3538 3649 3552 3673 ,
3587 3617 3646 3662 ut

396 3696 819 3768 ἐπιγράψαντες.
854 3697 1014 3750 Ὥστε
1041 3697 1147 3750 τῶν
1179 3699 1569 3770 ἐπιγινομένων
1602 3703 1666 3770 τῇ
1715 3701 1858 3773 ψυχῇ
1891 3721 1974 3756 κι-

2072 3711 2259 3751 earum
2291 3711 2410 3765 quae
2427 3696 2720 3762 adveniunt
2746 3695 2928 3748 animo
2953 3694 3338 3764 impulsionum
3367 3712 3461 3766 per
3481 3713 3645 3754 sonos

396 3788 653 3860 νημάτων
702 3790 904 3860 τρανὴν
948 3789 1043 3842 καὶ
1087 3789 1388 3860 ἀσύγχυτον
1436 3793 1702 3846 ποιεῖσθαι
1753 3792 1851 3863 τὴν
1883 3792 1974 3864 δή·

2075 3788 2272 3842 tnentis
2303 3787 2658 3857 conceptibus
2691 3801 2960 3856 congruos
3009 3801 3134 3841 vera
3168 3798 3221 3841 et
3278 3787 3533 3843 distincta
3564 3797 3647 3844 at-

397 3883 583 3946 λωσιν,
605 3881 693 3933 διὰ
716 3880 825 3934 τῶν
852 3881 1284 3952 ἐφηρμοσμένων
1310 3884 1420 3945 τοῖς
1444 3883 1678 3952 νοήμασι
1701 3883 1970 3951 φθόγγων.

2075 3897 2179 3950 que
2204 3881 2488 3936 inconfusa
2516 3880 2605 3934 ﬁat
2630 3880 2946 3934 declaratio.
2974 3879 3084 3933 Cur
3107 3880 3270 3949 igitur
3287 3889 3533 3937 nostrum
3567 3898 3646 3936 ar-

398 3973 464 4026 Τί
491 3973 668 4026 τοίνυν
695 3971 906 4042 ἐλέγχει
933 3973 1025 4026 τὸν
1054 3972 1319 4044 ἡμέτερον
1352 3973 1527 4043 λόγον,
1557 3973 1676 4027 καθ’
1705 3975 1763 4028 ὃν
1793 3992 1971 4045 φαμεν

2074 3973 2187 4042 guit
2243 3987 2569 4036 sermonem,
2628 3986 2734 4041 quo
2773 3970 3006 4024 dicimus
3071 3985 3266 4025 nomen
3324 3973 3644 4045 ἀγεννησίας

397 4064 770 4136 ἐπινενοῆσθαι
804 4063 864 4116 τὸ
901 4065 998 4135 τῆς
1037 4063 1360 4135 ἀγεννησίας
1383 4065 1556 4135 ὄνομα
1586 4065 1720 4136 πρὸς
1753 4065 1973 4130 ἔνδειξιν

2073 4063 2438 4133 excogitatum
2480 4061 2648 4116 fuisse.
2683 4061 2747 4116 ad
2780 4061 3266 4116 demonstrandum
3302 4063 3506 4132 absque
3535 4069 3645 4119 ori-

396 4158 492 4217 τοῦ
540 4161 772 4230 ἄναρχον
819 4160 908 4215 τὸν
939 4159 1069 4213 Θεὸν
1114 4160 1439 4229 ὑφεστάναι,
1471 4159 1548 4231 τῷ
1598 4159 1774 4229 λέγειν
1821 4161 1900 4214 ὅτι
1945 4163 1974 4214 ὁ

2075 4152 2199 4220 gine
2229 4158 2281 4205 et
2311 4150 2575 4220 principio
2613 4149 2776 4204 Deum
2809 4151 3128 4214 subsistere,
3162 4150 3289 4204 dum
3321 4151 3472 4218 dicit,
3500 4158 3644 4224 quod

397 4251 530 4315 Θεὸς
571 4252 662 4304 καὶ
707 4250 1008 4304 λαλούντων
1053 4251 1148 4305 καὶ
1178 4251 1508 4306 σιωπώντων
1532 4251 1624 4305 καὶ
1666 4251 1976 4324 διανοουμέ-

2077 4240 2219 4296 Deus
2249 4251 2301 4295 et
2321 4241 2668 4311 loquentibus
2685 4283 2698 4304 ,
2717 4249 2771 4296 et
2790 4242 3093 4297 tacentibus
3117 4284 3130 4307 ,
3153 4249 3206 4295 et
3224 4244 3647 4314 intelligentibus

397 4361 525 4408 νων,
555 4343 648 4396 καὶ
685 4342 792 4412 πρὸ
848 4345 946 4413 τῆς
996 4343 1102 4395 τῶν
1153 4343 1456 4413 γενομένων
1503 4342 1743 4406 ἐπινοίας
1795 4339 1863 4414 ῆν
1914 4361 1973 4397 τε

2078 4333 2245 4401 prior,
2263 4340 2316 4386 et
2338 4343 2464 4387 ante
2479 4349 2666 4388 eorum
2684 4351 2804 4404 qua:
2829 4335 2966 4388 laeta
2986 4346 3110 4390 sunt
3132 4337 3646 4394 commentationem

397 4433 494 4486 καὶ
540 4431 684 4486 ἔστιν
733 4432 1060 4502 ἀγέννητος;
1105 4431 1168 4484 Εἰ
1202 4433 1298 4502 μὲν
1353 4432 1464 4503 γάρ
1495 4449 1578 4496 τις
1629 4429 1697 4504 ἦν
1741 4435 1768 4485 ὀ
1807 4449 1973 4488 κατα-

2044 4489 2051 4504 ι
2077 4431 2213 4487 erat,
2232 4434 2284 4478 et
2301 4433 2384 4478 est
2402 4425 2700 4493 ingenitus?
2715 4429 2768 4479 Si
2787 4427 2928 4480 enim
2947 4429 3143 4498 aliquis
3157 4437 3301 4484 esset
3318 4431 3408 4500 qui
3435 4438 3645 4486 astrue-

399 4521 679 4587 σκευάζων
725 4523 798 4595 μὴ
831 4525 1092 4596 πρότερον
1125 4524 1286 4577 αὐτὸν
1325 4524 1615 4597 ἀγέννητον
1650 4521 1809 4591 εἶναι,
1841 4527 1968 4597 πρὶν

2046 4515 2050 4523 ⁷
2080 4521 2180 4580 ret,
2224 4530 2330 4568 non
2355 4515 2506 4584 prius
2525 4515 2700 4585 ipsum
2724 4516 2895 4573 fuisse
2930 4520 3227 4588 ingenitum
3253 4538 3413 4591 quam
3434 4537 3462 4575 a
3487 4525 3647 4578 nobis

396 4615 431 4686 ἢ
460 4615 590 4686 παρ’
634 4614 792 4685 ἡμῶν
835 4613 1183 4688 ἐξευρεθῆναι
1210 4616 1270 4669 τὸ
1297 4615 1466 4686 δνομα
1487 4654 1502 4680 ,
1531 4619 1873 4686 συγγνωστὸς
1904 4618 1969 4688 ᾂν

2079 4622 2274 4661 nomen
2312 4606 2589 4660 inventum
2610 4617 2775 4674 esset,
2799 4609 2957 4662 venia
2986 4610 3182 4680 dignus
3207 4622 3354 4668 esset
3383 4613 3648 4671 adversus

395 4684 464 4779 ῆν
494 4684 630 4779 πρὸς
787 4684 1041 4777 τοιαύτην
1075 4684 1305 4763 ἀτοπίαν
1338 4684 1520 4763 ἐκεῖνα
1549 4684 1793 4780 γράφων.
1823 4711 1888 4765 Et

2081 4700 2239 4754 talem
2265 4698 2652 4754 absurditatem
2674 4701 2765 4754 illa
2785 4702 3051 4757 scribens.
3079 4702 3232 4768 Quod
3257 4705 3300 4760 si
3321 4705 3496 4775 ipsum
3521 4716 3647 4762 ante

396 4799 459 4851 τὸ
488 4797 890 4867 προῦφεστάναι
930 4799 1025 4851 καὶ
1061 4797 1218 4866 λόγου
1252 4799 1345 4853 καὶ
1371 4799 1605 4862 διανοίας
1635 4801 1795 4854 αὐτὸν
1823 4801 1972 4872 παρά

2079 4804 2293 4842 onmem
2317 4801 2622 4844 sermonem
2647 4803 2701 4846 et
2725 4793 3132 4864 intelligentiam
3159 4797 3432 4851 exstitisse
3455 4814 3647 4856 omnes

400 4889 618 4944 πάντων
649 4892 1008 4961 ὁμολογεῖται,
1042 4893 1075 4962 ἡ
1122 4891 1179 4944 δὲ
1225 4890 1319 4944 τοῦ
1358 4891 1620 4960 ὀνόματος
1665 4892 1810 4956 θέσις
1849 4893 1985 4946 καθ’-

2080 4880 2354 4951 fatentur;
2391 4882 2627 4938 nominis
2649 4891 2826 4939 autem
2850 4886 3068 4956 positio,
3088 4904 3190 4957 qua
3216 4905 3367 4945 mens
3387 4891 3643 4946 enuntia-

397 4981 463 5052 ἢν
486 4983 514 5034 ὁ
541 4979 665 5046 νοῦς
709 4981 1120 5052 ἐξαγγέλλεται,
1148 4982 1216 5035 δι’
1245 4982 1484 5046 ἐπινοίας
1515 4983 1643 5054 παρ’
1688 4986 1720 5055 ἡ
1731 4983 1845 5054 μῶν
1878 4985 1969 5037 εὑ-

2074 4975 2651 5035 tur,commentatione
2679 4975 2899 5029 inventa
2925 4992 3046 5032 esse
3078 4978 3280 5033 dicitur
3304 4996 3533 5051 ;scopns
3556 4997 3646 5034 au-

400 5073 594 5143 ρῆσθαι
627 5072 874 5142 λέγεταιο
931 5075 960 5127 ὁ
996 5075 1051 5127 δὲ
1082 5074 1280 5136 σκοπὸς
1319 5074 1466 5144 αὐτῷ
1499 5074 1598 5144 τῆς
1646 5076 1782 5146 πρὸς
1825 5077 1972 5146 ἡμᾶς

2075 5072 2182 5119 tem
2201 5074 2392 5118 contra
2406 5080 2506 5120 nos
2518 5081 2710 5135 pugna:
2726 5067 2773 5121 ei
2797 5069 3109 5136 propositus
3131 5079 3213 5125 est
3237 5113 3250 5134 ,
3269 5071 3647 5126 demonstrare

398 5166 514 5216 ἐστι
557 5164 734 5234 μάχης
752 5207 768 5231 ,
793 5165 854 5218 τὸ
879 5165 1047 5230 δεῖξαι
1082 5168 1156 5236 μὴ
1185 5165 1334 5236 παρά
1363 5165 1664 5236 ἀνθρώπων
1695 5168 1970 5237 ἐπινενοῆ-

2074 5172 2182 5210 non
2218 5157 2285 5210 ab
2345 5155 2654 5212 hominibus
2704 5159 3066 5229 excogitatum
3123 5177 3245 5216 esse
3292 5163 3394 5214 hoc
3426 5176 3641 5223 nomen,

399 5253 524 5306 σθαι
568 5253 630 5305 τὸ
677 5254 873 5324 ὄνομα,
928 5255 1040 5308 ἀλλ’
1087 5253 1412 5309 εἶναιτοῦτο
1437 5257 1530 5310 καὶ
1570 5255 1674 5328 πρὸ
1708 5259 1804 5327 τῆς
1835 5259 1970 5328 ἡμε-

2074 5247 2168 5301 sed
2203 5248 2303 5301 hoc
2335 5262 2456 5303 esse
2485 5257 2610 5303 ante
2639 5257 2878 5304 nostram
2909 5253 3371 5313 constitutionem,
3406 5251 3592 5304 nescio
3613 5268 3643 5304 a

398 5343 562 5414 τέρας
590 5345 930 5410 συστάσεως,
958 5347 1055 5399 οὐκ
1083 5341 1199 5400 οἴδα
1227 5347 1379 5418 παρά
1408 5346 1550 5410 τίνος
1582 5346 1890 5416 λεγόμενον,
1918 5348 1969 5400 τί

2074 5354 2182 5408 quo
2204 5338 2406 5392 dictum
2441 5357 2453 5392 :
2510 5339 2639 5410 quid
2675 5356 2965 5395 commune
3005 5342 3166 5393 habet
3191 5355 3313 5392 cum
3366 5342 3645 5410 proposito

402 5432 580 5486 κοινὸν
609 5432 720 5503 ἔχει
747 5434 883 5503 πρὸς
906 5435 1002 5506 τὴν
1030 5436 1396 5507 προκειμένην
1430 5437 1578 5507 αύτῷ
1614 5437 1846 5508 σπουδὴν
1865 5475 1881 5498 .
1911 5437 1972 5490 τὸ

2073 5433 2193 5500 ejus
2217 5431 2416 5495 studio,
2443 5447 2634 5501 nempe
2665 5431 2864 5493 dicere,
2892 5440 3016 5484 ante
3049 5445 3110 5484 ea
3157 5445 3276 5498 quae
3305 5442 3450 5494 sunt,
3475 5429 3641 5486 Deum

403 5521 510 5594 πρὸ
536 5522 644 5576 τῶν
668 5524 835 5578 ὄντων
861 5526 1152 5594 ὑφεστάναι
1180 5527 1266 5580 τὸν
1292 5527 1423 5580 Θεὸν
1442 5529 1749 5600 ἀγεννήτως
1773 5529 1970 5598 λέγειν,

2076 5522 2238 5577 modo
2272 5524 2512 5593 ingenito
2563 5523 2883 5584 subsistere,
2909 5530 2963 5575 et
2993 5537 3190 5592 magno
3218 5530 3412 5577 conatu
3442 5525 3642 5580 conﬁr-

401 5614 496 5666 καὶ
525 5612 585 5667 τὸ
611 5612 1047 5670 διαϐεϐαιοῦσθαι
1073 5618 1532 5688 μεταγενεστέραν
1560 5617 1697 5673 εἶναι
1725 5618 1972 5688 διαγωνί-

2075 5627 2225 5668 mare
2258 5614 2608 5683 posteriorem
2667 5627 2788 5666 esse
2834 5616 3366 5683 commentationem,
3423 5624 3477 5672 et
3525 5632 3645 5686 qua:

403 5701 620 5775 ζεσθαι,
661 5706 755 5760 καὶ
787 5706 964 5773 λέγειν
996 5703 1029 5758 ἃ
1057 5707 1307 5778 εῖρηκεν;
1342 5709 1463 5763 Ὀτι
1490 5710 1831 5779 μαινομένων
1856 5710 1972 5764 ἐστὶ

2078 5705 2234 5770 dixit,
2269 5703 2584 5760 atlirmare?
2618 5701 2908 5759 Hominum
2945 5706 3090 5761 enim
3141 5720 3224 5766 est
3257 5710 3645 5765 insanientium
