4056 6146
529 257 636 313 967

1754 248 1810 302 S.
1854 245 2181 304 GREGORII
2216 246 2508 304 NYSSENI

3637 258 3716 315 958

537 371 868 432 existimare,
919 365 1296 436 cogitationem
1359 363 1489 433 quid
1542 362 1821 431 antiquius
1876 378 1998 417 esse
2029 362 2095 416 his

2178 397 2188 422 ι
2217 362 2274 414 τὸ
2307 361 2674 433 πρεσϐύτερον
2722 357 2831 412 τῶν
2874 357 3235 412 ἐπινοούντων
3261 359 3483 428 ἡγεῖσθαι
3511 361 3594 433 τὴν
3616 365 3708 418 ἐπι-

536 462 632 529 qui
697 457 1022 528 excogitant.
1057 453 1256 524 Estque
1310 463 1569 523 praeterea
1614 467 1956 522 quaecunque
1986 466 2113 520 pro-

534 565 754 618 gressus
783 554 1019 610 enarrat,
1037 545 1489 616 quemadmodum
1519 559 1694 612 neque
1716 542 1847 596 illud
1873 543 2114 596 sentien—

534 638 688 700 tium,
717 652 910 704 nempe
940 635 1212 700 homines,
1242 634 1491 702 quamvis
1525 631 1616 688 Dei
1646 631 1994 702 Opifieiorum
2027 633 2112 686 ul-

533 727 720 790 timos,
771 742 881 781 suae
907 725 1291 794 exeogitationi
1324 737 1662 793 pneponcre.
1723 721 1969 792 Magnam
2004 723 2110 775 vim

531 833 719 872 revera
753 817 1002 871 habuerit
1033 816 1291 876 oratio,si
1314 814 1530 884 quidem
1564 813 1760 881 aliquis
1791 811 2109 878 cxinsania,

482 967 486 971 _
530 907 614 960 vel
643 906 877 961 amentia
932 903 1100 958 Deum
1135 918 1257 956 esse
1302 902 1816 955 commentationem
1865 913 2110 968 pronun-

531 995 712 1050 tiaret.
749 994 803 1049 Si
839 1003 1020 1049 autem
1076 993 1192 1046 haec
1220 991 1358 1044 ratio
1403 1005 1578 1059 neque
1609 997 1714 1054 est,
1775 1005 1952 1060 neque
1981 986 2106 1052 fuit,

531 1088 676 1156 (quis
701 1087 844 1142 enim
882 1102 947 1142 eo
977 1085 1217 1154 stuporis
1238 1092 1292 1138 et
1318 1082 1581 1137 vecordia:
1611 1082 1873 1152 adegerit,
1906 1091 1964 1135 ut
1985 1095 2107 1134 cum

529 1179 776 1246 quivere
800 1185 903 1243 est,
943 1186 994 1230 et
1033 1176 1122 1246 qui
1179 1175 1279 1226 alia
1327 1174 1533 1238 omnia,
1567 1187 1905 1242 quaecunque
1957 1183 2107 1237 sunt,

530 1266 599 1320 ad
643 1268 1046 1336 generationem
1083 1263 1329 1328 adduxit,
1375 1277 1482 1314 non
1533 1277 1656 1316 esse
1704 1276 1798 1331 per
1830 1261 2108 1331 propriam

528 1357 941 1411 subsistentiam
1011 1353 1257 1419 affirmet,
1296 1352 1388 1406 sed
1425 1368 1520 1421 per
1544 1350 1783 1407 nominis
1833 1352 2109 1423 excogita-

529 1450 731 1502 tionem
764 1446 1142 1516 pronuntiet?)
1169 1460 1263 1499 cur
1292 1444 1494 1498 frustra
1519 1443 1790 1497 umbratili
1813 1444 2110 1498 certamine

528 1540 802 1610 depugnat
836 1538 1096 1592 adversus
1129 1552 1190 1591 ea
1219 1553 1339 1606 qua:
1367 1536 1548 1590 nullus
1573 1537 1792 1598 asserit,
1816 1535 2108 1606 pugnans?

526 1631 720 1684 Annon
751 1629 1036 1684 manifesta
1075 1643 1238 1683 causa
1287 1627 1448 1696 hujus
1485 1628 1689 1682 insana:
1739 1627 2104 1682 contentionis

521 1812 614 1878 jus
686 1810 923 1864 nominis
999 1808 1322 1876 ἀγεννησίας
1383 1822 1507 1862 cum
1592 1807 1777 1878 pudet,
1838 1807 2097 1877 quoniam

526 1903 630 1958 hoc
665 1916 857 1955 nomen
891 1917 998 1955 non
1058 1901 1388 1971 permultum
1423 1899 1490 1953 ah
1535 1900 1788 1955 essentia:
1826 1899 2101 1969 significa-

525 1996 672 2048 tione
697 2001 1004 2063 scparatum
1038 2007 1156 2048 esse
1202 1992 1486 2059 probatura
1536 1999 1618 2046 est
1646 2031 1660 2056 ,
1711 2001 1905 2061 sponte
1956 1992 2100 2046 dicta

525 2084 832 2147 confundit,
861 2099 890 2136 a
920 2085 1140 2136 nomine
1172 2081 1237 2135 ad
1269 2097 1358 2136 res
1398 2082 1828 2136 controversiam
1868 2081 2102 2136 transfe-

525 2191 676 2238 rens,
708 2182 766 2227 ut
800 2174 958 2228 facile
1011 2175 1213 2227 incauti
1251 2173 1352 2227 hac
1411 2173 1733 2228 confusione
1788 2173 2098 2239 cludantur,

525 2278 779 2339 putantes
805 2267 886 2321 vel
911 2265 1424 2320 commentationem
1444 2263 1614 2318 Deum
1647 2278 1676 2316 a
1705 2263 2098 2318 nobis.dictum

524 2377 666 2424 esse,
690 2361 769 2414 vel
799 2359 1160 2412 humanorum
1190 2356 1468 2409 nominum
1499 2354 1809 2408 inventione
1829 2353 2098 2422 posterio-

526 2468 662 2513 rem,
696 2451 928 2520 ideoque
957 2449 1148 2503 relicto
1185 2455 1372 2501 nostro
1413 2441 1876 2515 irreprehensihili
1932 2459 2096 2514 argu-

526 2551 706 2598 mento
761 2553 993 2610 pugnam
1032 2539 1336 2607 detorquet.
1384 2535 1498 2590 Hoc
1527 2537 1672 2591 enim
1715 2549 1744 2588 a
1769 2533 1928 2588 nobis
1958 2542 2095 2600 erat,

518 2636 666 2690 sicut
693 2631 897 2686 dictum
936 2635 1040 2696 est,
1073 2643 1270 2684 nomen
1335 2627 1657 2697 ἁγεννησίας
1693 2642 1799 2681 non
1848 2636 2096 2680 naturam

524 2729 920 2788 demonstrare,
959 2721 1052 2779 sed
1088 2738 1154 2776 ex
1195 2719 1650 2774 commentatione
1707 2725 1918 2772 natura:
1971 2732 2100 2771 eon-

524 2831 740 2890 gruerc,
765 2831 862 2886 per
889 2829 1051 2885 quam
1083 2813 1286 2883 ,ipsum
1329 2810 1532 2879 absque
1583 2823 1748 2862 causa
1800 2808 2098 2864 subsistere

523 2907 886 2978 significatur.
920 2905 1073 2972 Quod
1109 2917 1240 2958 vero
1267 2902 1335 2956 ab
1366 2900 1499 2971 ipsis
1526 2901 1895 2964 astruebatur,
1923 2898 2096 2968 ipsius

521 3001 771 3056 essentia:
796 2999 1026 3054 indicem
1051 3009 1238 3050 vocem
1273 3008 1414 3049 esse.
1463 2991 1565 3046 Ubi
1597 2992 1763 3062 igitur
1789 2999 2092 3048 astructum

522 3100 627 3154 cst,
658 3091 768 3146 vim
824 3091 987 3158 hujus
1047 3085 1284 3140 nominis
1332 3085 1406 3138 ita
1440 3099 1498 3139 se
1545 3083 1778 3139 habere?
1830 3082 1934 3138 Sed
1982 3083 2098 3138 haec

522 3182 718 3237 alicubi
746 3182 799 3236 in
829 3181 948 3235 aliis
970 3175 1427 3248 disputationibus
1459 3175 1614 3245 plane
1635 3174 1912 3230 recondita
1946 3181 2093 3231 sunt.

521 3276 710 3332 Omnis
750 3284 926 3330 autem
950 3275 998 3329 ei
1024 3274 1174 3327 labor
1203 3277 1503 3339 occupatus
1538 3278 1641 3334 est,
1677 3275 1735 3322 ut
1763 3268 2097 3323 demonstret

522 3368 688 3423 Deum
721 3368 970 3422 substare
988 3362 1316 3433 ἁγεννήτως,
1348 3359 1569 3429 perinde
1594 3374 1655 3412 ac
1680 3359 1725 3414 si
1744 3361 1866 3427 quis
1891 3360 2096 3414 diserte

520 3459 588 3514 de
624 3459 707 3513 his
738 3458 1118 3525 interrogaret,
1162 3465 1452 3521 quamnam
1503 3449 1570 3503 de
1617 3450 1839 3502 nomine
1868 3449 2096 3520 ἁγεννη-

521 3549 1072 3616 cta;inte‘.ligentiam
1127 3544 1374 3605 haberet,
1411 3549 1593 3595 utrum
1644 3540 1978 3594 existimaret
2000 3555 2094 3594 ex-

519 3639 812 3706 cogitatum
837 3636 900 3688 ad
933 3630 1412 3687 demonstrandum
1445 3631 1673 3700 primam
1696 3645 1915 3684 causam
1947 3629 2095 3699 prin-

519 3726 662 3795 cipio
691 3735 743 3780 et
763 3725 969 3795 origine
996 3739 1202 3789 carere,
1229 3738 1294 3776 an
1323 3737 1450 3777 vero
1479 3723 1649 3794 ipsam
1680 3721 1972 3777 essentiam
2007 3724 2094 3776 de-

519 3819 748 3873 clarare.
783 3816 880 3871 llic
935 3825 1114 3870 autem
1163 3816 1318 3870 valde
1351 3816 1586 3886 graviter
1613 3822 1666 3870 et
1723 3815 1980 3870 audacter
2003 3830 2090 3871 re-

518 3906 829 3977 sponderet,
894 3920 952 3959 sc
984 3921 1090 3958 non
1146 3904 1394 3958 dubitare
1456 3902 1622 3957 Deum
1672 3905 1795 3958 coeli
1847 3913 1900 3959 et
1933 3913 2091 3959 terrae

516 4003 817 4050 creatorem
868 4007 1010 4048 esse.
1060 3991 1130 4046 Ut
1165 3993 1326 4062 igitur
1380 3992 1469 4045 hic
1522 4007 1702 4046 sermo
1751 4008 1781 4046 a
1810 3996 2089 4063 proposito

515 4088 780 4148 dissonat,
817 4100 992 4154 neque
1022 4098 1266 4138 connexa
1291 4085 1430 4138 serie
1462 4084 1729 4153 sequitur,
1764 4085 1950 4140 eodem
1978 4101 2088 4141 mo-

515 4180 585 4233 do
619 4178 889 4233 inveneris
917 4177 967 4229 in
994 4175 1218 4245 pulchre
1250 4175 1521 4244 descripta
1545 4185 1731 4229 contra
1762 4193 1860 4231 nos
1886 4193 2083 4248 pugna,

513 4270 660 4339 quod
694 4284 723 4322 a
749 4283 914 4338 scopo
942 4269 1348 4323 dissentaneum
1381 4277 1465 4323 est
1493 4279 1544 4323 ct
1566 4269 1799 4324 alienum
1832 4288 1845 4325 :
1880 4271 1958 4326 sic
1984 4287 2083 4325 au-

512 4371 618 4416 tem
648 4360 1060 4431 perspiciamus.

582 4452 881 4521 lngenitum
936 4452 1087 4505 aiunt
1141 4451 1310 4508 Deum
1368 4467 1537 4508 esse:
1595 4453 1721 4507 huic
1767 4453 1928 4508 etiam
1979 4470 2079 4512 nos

511 4544 897 4606 assentiamur,
936 4543 1028 4598 sed
1061 4544 1222 4597 etiam
1263 4543 1588 4615 ἁγεννησίαν
1617 4546 1908 4599 essentiam
1939 4562 2080 4616 esse,

512 4636 580 4690 ad
613 4635 714 4688 hoc
743 4649 772 4687 a
801 4635 963 4689 nobis
1001 4632 1359 4687 contradictio
1391 4636 1630 4688 occurrit
1655 4654 1665 4689 :
1693 4635 1792 4688 hoc
1815 4636 1954 4688 enim
1984 4653 2080 4691 no-

511 4741 633 4779 men
663 4727 893 4780 dicimus
921 4725 1402 4781 demonstrativum
1435 4740 1577 4788 esse,
1606 4725 1774 4780 Deum
1799 4727 2080 4796 ingenera-

511 4819 693 4872 hiliter
725 4817 994 4881 substare,
1021 4832 1128 4870 non
1188 4815 1509 4886 ἀγεννησίαν
1538 4833 1659 4871 esse
1693 4816 1859 4871 Deum
1900 4819 2082 4873 :huuc

511 4921 816 4964 sermonem
874 4906 1119 4961 refellere
1175 4916 1422 4961 nostrum
1481 4907 1787 4977 pollicetur.
1821 4909 2078 4975 Quantam

513 4995 678 5066 igitur
706 4995 996 5050 refutatio?
1028 4996 1178 5062 Quod
1210 5007 1328 5051 ante
1361 4998 1630 5051 hominum
1658 5002 2080 5056 constitutionem

510 5101 645 5156 erat,
689 5089 884 5159 inquit,
942 5088 1222 5156 ingenitus.
1253 5090 1391 5155 Quid
1425 5091 1529 5146 hoc
1561 5091 1628 5145 ad
1664 5093 1714 5145 id
1747 5094 1890 5163 quod
1929 5111 2080 5164 qua:-

509 5185 671 5246 ritur,
708 5183 851 5251 quod
886 5195 944 5234 se
968 5178 1457 5234 demonstraturum
1483 5181 1762 5251 profite'tur
1789 5186 1926 5238 idem
1958 5201 2080 5241 esse

510 5265 709 5328 nomen
737 5286 860 5325 cum
891 5267 1176 5337 subjecto?
1221 5269 1518 5321 essentiam
1563 5271 1705 5324 enim
1756 5273 2079 5342 ἁγενυησίαν

509 5366 718 5419 deltnit.
739 5362 996 5427 Ouzcnam
1015 5361 1176 5431 igitur
1195 5360 1641 5431 pollicitationum
1663 5363 2080 5419 demonstratio?

511 5454 894 5510 Demonstrare
922 5469 1136 5524 nempe,
1170 5440 1336 5507 Deum
1365 5453 1629 5508 exsistere
1661 5464 1783 5510 ante
1829 5456 2075 5515 homines

513 5559 646 5598 voce
677 5553 909 5600 utentes.
931 5543 976 5601 Ο
999 5544 1278 5598 mirificam
1309 5544 1849 5612 demonstrationem,
1903 5555 1956 5602 et
1988 5549 2074 5602 cui

524 5634 820 5687 contradici
860 5651 967 5693 non
997 5635 1196 5707 possit}
1233 5636 1346 5694 haec
1393 5645 1566 5694 estex
1622 5639 1925 5695 disserendi
1960 5650 2075 5697 arte

2214 452 2428 521 νόησιν·
2460 451 2555 504 καὶ
2590 450 2703 502 ἔστι
2734 449 2871 520 πρὸς
2894 447 3102 511 τούτοις
3127 449 3222 501 ὅσα
3248 449 3438 513 ὑποϐὰς
3465 451 3711 522 ἐξέρχεται,

2213 542 2402 613 ὥσπερ
2430 542 2549 594 οὐδὲ
2576 543 2751 594 ἐκεῖνο
2781 539 3136 611 φρονούντων,
3179 541 3236 594 τὸ
3253 580 3267 605 ,
3294 543 3409 604 τοὺς
3450 544 3712 615 ἀνθρώπους

2213 633 2415 702 καίπερ
2476 634 2633 696 ὄντας
2685 633 2945 696 ὑστάτους
2996 631 3104 685 τῶν
3149 631 3238 684 τοῦ
3273 632 3400 686 Θεοῦ
3432 633 3716 707 δημιουργη-

2217 725 2401 793 μάτων
2440 724 2761 796 προτάττειν
2803 724 2902 794 τῆς
2947 723 3096 792 σφῶν
3139 723 3314 776 αὐτῶν
3355 725 3586 788 ἐπινοίας.
3628 727 3716 779 Με-

2212 813 2384 883 γάλην
2409 814 2515 885 γὰρ
2535 814 2612 885 τῷ
2637 814 2749 867 ὄντι
2775 815 2870 884 τὴν
2903 815 3053 885 ἰσχὺν
3077 817 3104 867 ὁ
3130 813 3281 882 λόγος
3298 810 3455 884 εἶχεν,
3489 815 3624 885 εἴπερ
3653 834 3717 879 τις

2213 906 2278 958 ἐκ
2312 905 2508 975 μανίας
2545 905 2577 976 ἢ
2619 905 3040 977 παραφροσύνης
3076 905 3311 959 ἐπίνοιαν
3354 901 3482 958 εἶναι
3509 907 3586 958 τὸν
3613 907 3716 959 Θεὸν

2211 996 2558 1064 ἀπεφαίνετο.
2593 997 2658 1049 Εἰ
2685 997 2739 1049 δὲ
2771 993 2924 1060 οὗτος
2951 996 3050 1067 μὲν
3083 999 3111 1048 ό
3133 997 3282 1064 λόγος
3311 995 3426 1050 οὑτε
3453 997 3601 1060 ἐστὶν,
3619 997 3714 1049 οὐτε

2216 1087 2316 1157 μὲν
2346 1083 2793 1157 γεγένηται·(τίς
2830 1087 2938 1158 γάρ
2977 1087 3042 1140 ἂν
3088 1089 3166 1151 εἰς
3197 1087 3348 1141 τοῦτο
3396 1087 3714 1158 παραπληξίας

2212 1177 2475 1244 ἐλάσειεν,
2499 1178 2638 1232 ὥστε
2663 1178 2752 1231 τὸν
2781 1179 2948 1240 ὅντως
2968 1179 3114 1242 ὄντα,
3133 1180 3226 1232 καὶ
3244 1179 3311 1232 τὰ
3327 1178 3454 1232 ἄλλα
3475 1178 3626 1232 πάντα
3641 1180 3718 1232 ὅσα

2212 1269 2358 1322 ἐστὶν
2380 1271 2458 1332 εἰς
2479 1271 2689 1338 γένεσιν
2717 1271 3010 1338 ἀγαγόντα,
3034 1271 3220 1325 τοῦτον
3244 1270 3317 1341 μὴ
3338 1269 3452 1323 καθ’
3476 1269 3718 1322 ὑπόστασιν

2215 1360 2351 1413 ἰδίαν
2378 1360 2556 1428 λέγειν
2595 1356 2760 1425 εἶναι,
2804 1360 2917 1413 ἀλλ’
2943 1362 3182 1414 ἐπίνοιαν
3203 1361 3452 1431 ὀνόματος
3479 1359 3720 1428 ἀποφαίνε-

2214 1446 2452 1515 σθαι;)τί
2484 1450 2658 1521 μάτην
2685 1454 2984 1521 σκιομαχεῖ,
3010 1454 3122 1515 τοῖς
3141 1452 3201 1503 οὐ
3229 1450 3424 1503 τεθεῖσι
3449 1449 3723 1520 μαχόμενος

2211 1539 2245 1610 ἢ
2301 1539 2562 1610 πρόδηλος
2599 1540 2747 1594 αἰτία
2778 1541 2878 1610 τῆς
2914 1542 3142 1610 ἀνοήτου
3187 1541 3386 1610 ταύτης
3425 1537 3719 1608 φιλονεικίας,

2153 1635 2161 1645 ⁸
2213 1631 2293 1683 ὅτι
2323 1632 2448 1694 τούς
2470 1630 2906 1701 ἐξαπατηθέντας
2931 1631 3019 1684 διὰ
3047 1631 3141 1684 τοῦ
3177 1633 3294 1685 κατ’
3330 1629 3621 1699 ἀγεννησίαν
3656 1642 3722 1678 σου

526 1731 630 1786 est,
655 1722 794 1791 quod
822 1722 948 1774 dum
984 1720 1053 1774 ob
1078 1720 1332 1787 deceptos
1363 1719 1608 1788 captioso
1637 1727 1961 1788 argumento
1990 1717 2092 1772 hu-
2125 1711 2166 1765 Β

2123 3049 2164 3107 C

2111 4378 2164 4438 D

2203 1723 2472 1793 φίσματος
2494 1723 2897 1793 αἰσχυνόμενος,
2927 1723 3048 1775 ἐπεὶ
3070 1722 3357 1792 διηλέγχθη
3395 1718 3624 1790 πάμπολυ
3644 1719 3717 1785 τῆς

2202 1813 2342 1866 κατὰ
2371 1811 2467 1883 τὴν
2496 1813 2683 1866 οὐσίαν
2726 1811 3000 1883 σημασίας
3040 1813 3436 1883 κεχωρισμένον
3463 1809 3518 1862 τὸ
3557 1810 3718 1876 ὄνομα,

2203 1904 2344 1958 ἑκὼν
2371 1907 2602 1958 ποιεῖται
2632 1905 2739 1957 τῶν
2767 1904 3073 1975 λεγομένων
3101 1905 3202 1976 τὴν
3241 1904 3507 1973 σύγχυσιν,
3534 1896 3718 1953 ἀπὸτοῦ

2201 1997 2461 2068 ὀνόματος
2486 1999 2576 2050 ἐπὶ
2605 1997 2673 2050 τὰ
2701 1997 2998 2067 πράγματα
3031 1996 3405 2066 μεταϐιϐάζων
3431 1994 3520 2064 τὴν
3557 1990 3718 2062 μάχην.

2200 2091 2273 2154 ὡς
2299 2092 2423 2153 τούς
2473 2089 2860 2152 ἀνεπιστάτους
2890 2089 3128 2153 εὐκόλως
3152 2089 3240 2142 διὰ
3268 2089 3365 2158 τῆς
3389 2085 3616 2152 τοιαύτης
3638 2099 3717 2134 πα-

2206 2181 2604 2253 ρακρουσθῆναι
2637 2180 2966 2251 συγχύσεως,
2993 2179 3368 2250 νομίζονταςῆ
3405 2177 3618 2230 ἐπίνοιαν
3650 2172 3720 2224 τὸν

2200 2272 2332 2324 Θεὸν
2378 2271 2506 2343 παρ’
2552 2270 2710 2342 ἡμῶν
2751 2269 3033 2341 εἰρῆσθαι,
3065 2270 3098 2340 ἢ
3132 2274 3235 2342 τῆς
3281 2269 3386 2322 τῶν
3420 2263 3720 2336 ἀνθρωπίνων

2199 2362 2476 2432 ὀνομάτων
2513 2362 2780 2432 εὑρέσεως
2817 2361 3100 2432 δεύτερον“
3144 2362 3241 2414 καὶ
3280 2359 3366 2413 διὰ
3408 2357 3552 2411 τοῦτο
3590 2367 3720 2407 κατα-

2199 2452 2369 2506 λιπὼν
2413 2453 2736 2521 ἀνέλεγκτον
2783 2452 2843 2506 τὸ
2887 2453 3177 2524 ἡμέτερον,
3223 2449 3506 2523 μεταφέρει
3530 2447 3614 2516 τὴν
3638 2443 3719 2512 μά-

2199 2562 2320 2618 χην.
2351 2546 2424 2598 Τὸ
2469 2545 2578 2616 γὰρ
2621 2545 2750 2616 παρ’
2785 2545 2944 2615 ἡμῶν
2972 2540 3061 2616 ἦν,
3089 2543 3275 2607 καθὼς
3316 2542 3535 2613 εἴρηται,
3567 2537 3616 2588 τὸ
3645 2529 3720 2601 τῆς

2200 2633 2524 2705 ἁγεννησίας
2552 2634 2722 2704 ὄνομα
2752 2636 2825 2705 μὴ
2848 2635 2946 2706 τὴν
2977 2635 3138 2704 φύσιν
3165 2631 3533 2690 ἐνδείκνυσθαι,
3559 2625 3652 2680 ἀλλ’
3675 2623 3719 2687 ἐξ

2200 2721 2438 2783 ἐπινοίας
2478 2721 2806 2792 ἐφαρμόζειν
2850 2726 2916 2793 τῇ
2959 2722 3140 2790 φύσει,
3177 2723 3244 2776 δι’
3270 2717 3334 2794 ἦς
3361 2721 3420 2774 τὸ
3444 2721 3556 2775 ἄνευ
3575 2713 3719 2774 αἰτίας

2199 2811 2358 2865 αὐτὸν
2386 2812 2680 2880 ὑφεστάναι
2703 2812 3051 2882 σημαίνεται·
3075 2813 3138 2866 τὸ
3169 2814 3228 2866 δὲ
3257 2814 3382 2882 παρ’
3404 2809 3566 2865 αὐτῶν
3584 2819 3716 2860 κατα-

2201 2901 2592 2973 σκευαζόμενον
2611 2898 2698 2974 ἦν,
2725 2903 2891 2972 αὐτῆς
2927 2901 3064 2958 εἶναι
3097 2904 3199 2975 τῆς
3225 2905 3408 2966 οὐσίας
3438 2893 3718 2963 ἐνδεικτικὴν

2197 2993 2294 3067 τὴν
2321 2995 2524 3065 φωνήν.
2558 2993 2670 3048 Ποῦ
2707 2995 2884 3048 τοίνυν
2915 2997 3330 3065 κατεσκευάσθη
3358 2995 3414 3048 τὸ
3435 2993 3588 3052 οὓτως
3607 2989 3718 3058 ἔχειν

2197 3079 2294 3152 τὴν
2319 3082 2412 3134 τοῦ
2451 3083 2713 3152 ὀνόματος
2750 3083 3012 3154 δύναμιν;
3057 3085 3198 3140 ἀλλὰ
3226 3085 3394 3140 ταῦτα
3429 3083 3519 3154 μὲν
3553 3076 3716 3149 ἑτέροις

2198 3191 2299 3226 που
2323 3173 2537 3236 πάντως
2555 3176 2898 3244 τεταμίευται
2918 3176 3113 3244 λόγοις.
3155 3177 3218 3231 'O
3237 3178 3292 3230 δὲ
3313 3179 3415 3240 πᾶς
3438 3173 3570 3243 αὐτῷ
3592 3171 3717 3230 πόνος

2197 3263 2276 3326 είς
2309 3262 2368 3316 τὸ
2415 3263 2709 3332 ὑφεστάναι
2757 3265 2848 3318 τὸν
2899 3265 3029 3319 Θεὸν
3079 3269 3391 3339 ἀγεννήτως
3441 3263 3713 3334 ἠσχόληται·

2194 3356 2377 3426 ὅμοιον
2416 3355 2604 3427 ὥσπερ
2633 3356 2701 3410 ἂν
2730 3357 2897 3423 εἴτις
2937 3359 3123 3429 σαφῶς
3169 3363 3298 3430 περὶ
3341 3360 3530 3413 τούτων
3569 3355 3714 3424 ἤρετο.

2194 3447 2313 3499 τίνα
2347 3449 2472 3518 περὶ
2501 3447 2594 3502 τοῦ
2616 3448 2875 3520 ὀνόματος
2900 3451 2998 3520 τῆς
3022 3452 3352 3524 ἀγεννησίας
3373 3452 3479 3521 ἔχει
3503 3448 3713 3502 διάνοιαν,

2195 3537 2301 3588 εἴτε
2341 3536 2416 3599 ὡς
2462 3538 2843 3610 ἐπινοουμένου
2899 3541 3031 3612 πρὸς
3085 3542 3311 3608 ἔνδειξιν
3367 3541 3456 3595 τοῦ
3509 3537 3715 3606 ὰνάρχως

2193 3623 2410 3681 εἶναιτὸ
2443 3629 2657 3699 πρῶτον
2687 3629 2878 3694 αἴτιον,
2910 3631 3018 3684 εἴτε
3046 3633 3142 3686 καὶ
3171 3636 3249 3698 ὡς
3271 3635 3431 3703 αὐτῆς
3463 3621 3711 3698 δηλωτικοῦ

2191 3716 2290 3786 τῆς
2310 3719 2524 3782 οὐσίας·
2555 3720 2583 3771 ό
2614 3720 2670 3772 δὲ
2716 3720 2859 3788 μάλα
2883 3721 3093 3790 σεμνῶς
3133 3725 3229 3776 καὶ
3271 3718 3608 3780 ἐπιστατικῶς
3631 3715 3714 3767 ἀπ-

2191 3811 2453 3881 εκρίνετο,
2481 3813 2541 3866 τὸ
2573 3813 2799 3885 οὐρανοῦ
2830 3813 2922 3866 καὶ
2954 3815 3057 3884 γῆς
3080 3815 3177 3870 τὸν
3199 3817 3330 3870 Θεὸν
3364 3813 3572 3882 ποιητὴν
3603 3805 3710 3860 εἶναι

2194 3903 2267 3972 μὴ
2293 3901 2670 3972 ἁμφιϐάλλειν.
2711 3903 2800 3967 Ὠς
2821 3903 2997 3957 τοίνυν
3024 3900 3181 3972 οὗτος
3211 3911 3238 3963 ὁ
3272 3909 3424 3976 λόγος
3451 3903 3620 3976 ἀπᾴδει
3639 3894 3709 3950 τοῦ

2190 3993 2569 4064 προταθέντος,
2617 3995 2711 4048 καὶ
2750 3995 2810 4048 οὐ
2859 3998 3228 4068 συνήρτηται·
3284 4001 3434 4064 χατὰ,
3461 3995 3546 4049 τὸν
3583 3987 3710 4044 αὐτὸν

2188 4085 2386 4153 τροπὸν
2428 4085 2607 4155 εὕροις
2647 4086 2711 4138 ἂν
2753 4087 2847 4141 καὶ
2884 4090 2974 4142 ἐπὶ
3015 4093 3111 4161 τῆς
3129 4089 3574 4165 καλλιγριφείσ-ης
3591 4076 3708 4145 αὑτῷ

2188 4175 2307 4228 καθ’
2340 4177 2494 4247 ἡμῶν
2535 4179 2711 4248 μάχης
2748 4180 2810 4232 τὸ
2834 4181 2968 4252 πρὸς
3001 4183 3090 4236 τὸν
3124 4183 3323 4237 σκοπὸν
3367 4182 3704 4250 ἀσυνάρτητον-

2187 4268 2396 4321 Οὑτωσὶ
2428 4268 2482 4322 δὲ
2509 4271 2886 4341 σκοπήσωμεν.

2267 4445 2583 4516 Ἀγέννητόν
2623 4464 2754 4516 φασι
2796 4448 2886 4500 τὸν
2928 4449 3058 4502 Θεὸν
3089 4445 3249 4512 εἶναι,
3283 4449 3437 4503 τοῦτο
3472 4445 3558 4498 καὶ
3579 4437 3707 4510 ἡμεῖς

2184 4536 2539 4606 συντιθέμεθα
2562 4555 2576 4568 ’
2604 4537 2739 4592 ἀλλὰ
2767 4540 2861 4592 καὶ
2885 4541 2982 4609 τὴν
3009 4542 3355 4611 ἀγεννησίαν,
3379 4539 3554 4593 οὐσίαν
3575 4528 3703 4586 εἶναι.

2181 4628 2318 4696 πρὸς
2357 4627 2512 4680 τοῦτο
2547 4630 2676 4700 παρ’
2725 4630 2884 4701 ἡμῶν
2931 4633 2962 4701 ἡ
3007 4633 3345 4703 ἀντίρρησις.
3395 4633 3586 4696 Ὀνομα
3621 4617 3706 4688 γὰρ

2179 4717 2335 4770 τοῦτό
2384 4735 2562 4788 φαμεν
2607 4719 2930 4774 ἐνδεικτικὸν
2980 4717 3118 4775 εἶναι
3166 4722 3262 4775 τοῦ
3302 4719 3595 4789 άγεννήτως
3637 4706 3706 4760 ﬁt"

2179 4807 2308 4860 Θεὸν
2373 4811 2705 4879 ὑφεστάναι,
2763 4813 2821 4864 οὑ
2875 4811 3335 4884 τῆν’ἀγεννησίαν
3391 4807 3522 4864 εἶναι
3577 4797 3706 4855 Θεόν¹

2124 4923 2126 4926 ·
2179 4905 2417 4974 ἐλέγχειν
2449 4903 2834 4972 ἐπαγγέλλεται
2857 4904 2946 4958 τὸν
2968 4905 3230 4977 ἡμέτερον
3272 4904 3452 4971 λόγον·
3476 4899 3552 4962 τίς
3581 4891 3659 4947 οὖν
3683 4888 3705 4938 ὁ

2179 4999 2425 5067 ἐλεγχοςς
2457 4997 2578 5048 ’Ὁτι
2607 4995 2725 5063 Πρὸ
2759 4993 2865 5063 τῆς
2889 4995 3006 5049 τῶν
3028 4996 3351 5065 ἀνθρώπων
3389 4986 3704 5047 συστάσεως

2180 5088 2278 5156 ἦν*
2317 5087 2502 5155 φησὶν.
2534 5085 2880 5154 ἀγέννητος.
2915 5087 2980 5139 Τί
3011 5086 3168 5141 τοῦτο
3219 5089 3356 5160 πρὸς
3383 5085 3442 5140 τὸ
3476 5077 3701 5151 ζητούμε-

2179 5196 2288 5241 νον,
2323 5179 2350 5230 ὃ
2393 5177 2584 5243 δείξειν
2611 5169 2764 5240 οὗτος
2793 5179 3322 5248 κατεπαγγέλλεται,
3367 5173 3551 5229 ταύτὸν
3590 5162 3703 5217 εἶναι

2179 5269 2256 5337 τῷ
2281 5267 2620 5338 ὑποκειμένῳ
2645 5268 2706 5320 τὸ
2726 5267 2922 5338 δνομα;
2943 5271 3142 5323 Οὐσίαν
3167 5269 3275 5340 γάρ
3300 5265 3437 5321 εἶναι
3462 5265 3552 5334 τὴν
3571 5261 3701 5325 ἀγεν-

2178 5360 2371 5432 νησίαν
2399 5360 2656 5432 ὁρίζεται.
2695 5362 2790 5423 Τίς
2828 5358 2921 5414 οὖν
2955 5364 2988 5432 ἡ
3019 5363 3129 5417 τῶν
3161 5361 3568 5432 ἐπηγγελμένων
3593 5346 3704 5404 ἁπό-

2177 5453 2373 5520 δειξις;
2415 5455 2488 5507 Τὸ
2539 5455 2708 5522 δεῖξαι
2758 5459 3146 5526 προύφεστῶτα
3205 5457 3314 5509 τῶν
3359 5454 3499 5525 φωνῇ
3537 5459 3704 5515 κεχρη·

2183 5545 2377 5618 μένων,
2410 5546 2500 5599 τὸν
2531 5547 2680 5601 Θεόν.
2720 5549 2783 5600 Ὣ
2828 5549 2927 5618 τῆς
2971 5552 3364 5620 ἀναντιρῤήτου
3398 5545 3487 5598 καὶ
3528 5540 3704 5604 θαυμα-

2180 5639 2310 5710 στῆς
2333 5638 2687 5706 ἀποδείξεωςί
2729 5640 2867 5714 αὐτη
2910 5644 3075 5712 ἐστὶν,
3123 5646 3153 5713 ἡ
3186 5643 3248 5693 ἐκ
3276 5641 3373 5710 τῆς
3401 5622 3701 5692 διαλεκτικῆς
