4054 6152
432 225 545 288 969

1573 239 1850 297 CONTRA
1889 239 2277 311 EUNOMIUM,
2317 244 2446 300 LIB.
2489 243 2602 301 ΧΠ.

3579 256 3682 312 370

431 337 636 441 τίχνης
676 339 865 441 λογικὴ
909 348 1256 418 τεχνουργίας
1293 352 1432 424 Πρδς
1473 354 1539 425 ἢν
1568 355 1651 419 τίς
1676 357 2001 427 ἀντιϐλέψειε

2111 358 2464 430 disceptatrix
2523 360 2797 418 subtilitas
2857 372 2909 419 et
2969 366 3220 435 argutia?
3273 367 3328 422 In
3360 381 3522 439 quam
3557 373 3684 441 quis

432 428 548 482 τῶν
592 432 851 503 ἀμυήτων
900 435 999 506 τῆς
1050 439 1362 512 ἀπορρήτου
1424 445 1784 512 παιδεύσεως;
1847 449 2005 505 Ἀλλὰ

436 520 651 587 σεμνῶς
683 522 811 592 ἡμῖν
855 525 913 578 ὲν
945 529 1065 590 ταῖς
1111 534 1237 602 περὶ
1281 533 1376 603 τῆς
1418 537 1657 600 ἐπινοίας
1703 537 2006 604 διαστολαῖς

434 608 567 662 αὐτὸ
595 610 934 683 διακωμῳδεῖ
975 620 1074 687 τῆς
1124 620 1364 687 ἐπινοίας
1410 625 1466 677 τὸ
1512 625 1702 696 ὄνομα.
1741 627 1861 681 Τῶν
1900 629 2005 699 γὰρ

432 699 575 754 οὕτω
617 704 737 755 κατ’
765 705 1007 760 ἐπίνοιαν
1039 709 1364 782 λεγομένων,
1403 717 1568 786 φησὶ,
1607 717 1676 770 τὰ
1717 719 1834 788 μὲν,
1866 717 2008 771 κατὰ

431 793 531 862 τὴν
559 795 840 866 προφορὰν
881 797 1037 867 μόνον
1075 799 1192 870 ’ἔχει
1229 803 1324 873 τὴν
1361 802 1614 876 ὓπαρξιν,
1646 807 1720 870 ὡς
1743 807 1812 859 τὰ
1841 809 2006 878 μηδὲν

431 883 796 953 σημαίνοντα·
827 886 894 940 τὰ
929 888 985 940 δὲ
1030 890 1151 942 κατ’
1195 892 1327 945 ἰδίαν
1362 893 1599 948 διάνοιαν
1623 912 1635 924 ο
1667 897 1760 950 καὶ
1802 897 2005 950 τούτων

428 972 498 1025 τὰ
529 972 648 1042 μὲν,
697 977 840 1027 κατὰ
889 975 1136 1047 αὔξησιν,
1178 979 1255 1044 ὡς
1295 981 1387 1033 ἐπὶ
1416 980 1524 1035 τῶν
1551 967 1913 1036 κολοσσαίων·
1939 983 2009 1037 τὰ

426 1062 482 1116 δὲ
511 1064 652 1118 κατὰ
685 1066 928 1136 μείωσιν,
956 1068 1030 1131 ὼς
1059 1070 1276 1124 ἐπὶτῶν
1306 1073 1597 1144 πυγμαίων
1619 1091 1632 1104 ·
1660 1074 1729 1128 τὰ
1766 1075 1822 1128 δὲ
1867 1075 2008 1129 κατὰ

426 1157 722 1228 πρόσθεσιν
743 1158 818 1223 ὡς
843 1159 934 1213 ἐπὶ
957 1161 1063 1214 τῶν
1086 1163 1494 1232 πολυκεφάλων,
1517 1165 1548 1235 ἢ
1573 1166 1714 1220 κατὰ
1737 1166 2004 1235 σύνθεσιν,

425 1247 503 1311 ὼς
543 1249 636 1302 ἐπὶ
673 1249 780 1302 τῶν
827 1251 1154 1323 μιξοθὴρων.
1211 1253 1374 1326 Ὁρᾷς
1413 1257 1494 1318 είς
1531 1255 1586 1308 τί
1629 1257 1727 1328 τὴν
1765 1257 2007 1311 ἐπίνοιαν

426 1342 559 1411 ἡμῖν
593 1344 620 1396 ὁ
660 1342 822 1411 σοφὸς
856 1344 1282 1416 διακερματίσας
1316 1349 1625 1421 περαιτέρω
1652 1350 1750 1420 τὴν
1777 1349 2007 1420 δύναμιν

426 1433 597 1504 αὐτῆς
629 1435 908 1506 προελθεῖν
929 1438 1029 1491 οὐκ
1058 1438 1317 1508 ἠξίωσεν·
1361 1443 1674 1513 ἀσήμαντον
1702 1438 1844 1496 εἷναί
1873 1460 2007 1511 φησι

425 1523 525 1595 τὴν
547 1525 809 1592 ἐπίνοιαν,
835 1530 1166 1602 ἀδιανόητον,
1192 1531 1262 1585 τὰ
1281 1533 1430 1604 παρὰ
1454 1533 1618 1602 φύσιν
1644 1534 2010 1605 σοφιζομένην

424 1614 458 1684 ἣ
497 1614 942 1680 διακολοϐοὖσαν,
976 1619 1008 1688 ἢ
1050 1621 1472 1690 ὐπερτείνουσαν
1498 1621 1567 1675 τὰ
1601 1621 1880 1693 ὡρισμένα
1913 1620 2007 1690 μέ·-

425 1724 529 1776 τρα
549 1707 645 1776 τῆς
668 1707 900 1774 φύσεως,
924 1709 956 1778 ἢ
984 1708 1043 1776 ἐξ
1072 1710 1382 1782 ὲτεροφυῶν
1404 1713 1756 1777 συντιθεῖσαν,
1779 1713 1812 1783 ἢ
1842 1730 2000 1785 τερα·
2033 1709 2072 1763 Β

424 1797 721 1868 τευομένην
763 1801 883 1862 ταῖς
911 1800 1218 1864 ἀλλοκότοις
1263 1802 1620 1874 προσθήκαις.
1673 1805 1761 1858 Ἐν
1793 1803 2001 1866 τούτοις

424 1889 767 1956 καταπαίξας
785 1892 880 1945 τοῦ
908 1892 1006 1962 τῆς
1036 1894 1273 1958 ίπινοίας
1294 1894 1574 1965 ὀνόματος,
1599 1896 1869 1967 ἄχρηστον
1903 1897 2002 1950 αὐ-

423 1980 528 2051 τὴν
562 1982 654 2034 καὶ
679 1981 939 2052 ἀνόνητον
967 1983 1046 2053 τῷ
1075 1983 1174 2054 βίῳ
1194 1984 1256 2038 τὸ
1276 1988 1395 2038 κατ’
1417 1985 1580 2040 αὐτὸν
1601 1987 1996 2040 ἀποδείκνυσιν.

425 2071 597 2144 Πόθεν
634 2068 730 2126 οὖν
767 2074 878 2127 τῶν
923 2075 1260 2146 μαθημάτων
1300 2076 1368 2130 τὰ
1397 2071 1731 2150 ὐψηλότερα;
1767 2079 1937 2133 Πόθεν
1966 2081 2000 2151 ἠ

423 2165 754 2236 γεωμετρία,
785 2167 877 2219 καὶ
899 2169 931 2237 ἡ
957 2161 1290 2239 ἀριθμητικὴ
1322 2169 1629 2237 φιλοσοφία,
1657 2171 1751 2224 καὶ
1779 2170 1889 2224 τῶν
1923 2171 2004 2222 λο-

424 2256 598 2324 γικῶν
625 2273 684 2308 τε
710 2259 803 2313 καὶ
829 2259 1074 2326 φυσικῶν
1105 2260 1478 2330 θεωρημάτων
1513 2263 1544 2332 ἡ
1568 2261 1910 2324 διδασκαλία,
1943 2265 2000 2316 αἱ

423 2347 482 2400 δὲ
503 2347 611 2400 τῶν
638 2348 1046 2419 μηχανημάτων
1070 2350 1347 2421 supinam;
1374 2351 1484 2404 Καὶ
1504 2350 1570 2404 τὰ
1598 2352 1685 2406 διὰ
1708 2351 1913 2422 χαλκοῦ
1941 2371 2001 2406 τε

424 2441 518 2491 καὶ
543 2437 731 2503 ὕδατος
754 2441 810 2492 ἐν
831 2440 1191 2512 ὡροσκοπίοις
1217 2441 1501 2513 Qudnam;
1532 2443 1677 2514 Αὐτὴ
1699 2446 1732 2516 ἡ
1760 2446 1885 2514 περὶ
1907 2444 2000 2499 τοῦ

421 2530 573 2594 ὄντος
597 2531 913 2603 φιλοσοφία,
945 2534 1036 2588 καὶ
1057 2537 1091 2606 η
1115 2535 1222 2588 τῶν
1261 2537 1465 2606 νοητῶν
1496 2536 1724 2612 θεωρία,
1754 2541 1848 2594 καὶ
1873 2540 1997 2594 συλ-

421 2621 622 2695 λήσδην
654 2623 837 2693 φάναι,
857 2626 1008 2680 πᾶσά
1035 2643 1093 2679 τε
1119 2628 1152 2697 ἡ
1177 2627 1378 2697 περὶτὰ
1398 2629 1608 2698 μεγάλα
1624 2647 1682 2683 τε
1707 2631 1800 2684 καὶ
1822 2631 2003 2703 ὑψηλὰ

422 2715 524 2783 τῆς
539 2715 716 2785 ψυχῆς
738 2717 961 2786 ἀσχολία
978 2735 992 2781 ;
1021 2717 1085 2772 Τί
1107 2718 1163 2770 δὲ
1181 2719 1212 2788 ἡ
1231 2721 1472 2791 γεωργία
1489 2738 1502 2786 ;
1527 2721 1659 2774 me
1678 2723 1998 2792 ήναυτιλία;

423 2806 490 2858 Τί
525 2806 580 2858 δὲ
609 2808 642 2876 ἡ
679 2805 838 2877 λοιπὴ
863 2806 1004 2859 κατὰ
1026 2807 1116 2860 τὸν
1145 2807 1256 2877 βίον
1283 2810 1440 2879 ἡμῶι
1480 2811 1788 2880 οἰκονομίας
1833 2813 2001 2867 Πόθεν

426 2897 657 2971 βᾰσιμος
677 2899 753 2970 τῷ
774 2900 1047 2970 ἀνθρώπῳ
1072 2903 1097 2970 ἡ
1127 2900 1399 2967 θάλασσας
1425 2903 1549 2966 Πῶς
1568 2903 1904 2959 δεδούλευται
1925 2907 2002 2978 τῷ

423 2990 666 3061 χερσαίῳ
689 2990 747 3044 τὸ
771 2991 1043 3062 ὲναέριονς
1069 2991 1190 3054 Πῶς
1213 2989 1588 3047 τιθασσεύεται
1609 2994 1670 3048 τὸ
1688 2996 1994 3068 ἀνήμερον;

425 3071 548 3146 Πῶς
576 3081 877 3152 δαμάζεται
910 3082 970 3136 τδ
1004 3082 1403 3153 φοϐερώτερον;
1430 3083 1554 3148 Πῶς
1579 3085 1678 3138 οὐκ
1709 3086 1998 3158 ἀφηνιάζει

421 3173 484 3225 τὸ
515 3174 858 3244 ἰσχυρότερον
879 3190 893 3238 ;
917 3167 1040 3245 Ἆρ’
1073 3175 1132 3227 οὐ
1167 3174 1230 3228 δι’
1263 3175 1503 3240 ἐπινοίας
1533 3177 1796 3250 ὲφευρέθη
1824 3181 1997 3236 ταῦτα

423 3257 693 3335 πάντατῇ
726 3263 1041 3338 ἀνθρωπίνῃ
1067 3263 1212 3336 Coiﬁ;
1245 3266 1399 3319 Ἔστι
1437 3266 1544 3338 γὰρ
1577 3267 1719 3322 κατὰ
1746 3269 1836 3323 τὸν
1865 3271 1995 3342 ἐμὸν

423 3356 578 3422 λόγον
604 3355 814 3408 ἐπίνοια
846 3355 1031 3423 ἔφοδος
1055 3356 1307 3427 εὑρετικὴ
1336 3356 1445 3410 τῶν
1478 3357 1875 3430 ἀγνοουμένων,
1907 3362 1995 3415 διὰ

421 3447 530 3500 Ιτῶν
571 3446 849 3518 προσεχῶν
893 3464 950 3499 τε
981 3448 1074 3500 καὶ
1101 3446 1407 3501 ἀκολούθων
1439 3450 1505 3518 τῇ
1545 3449 1736 3520 πρώτῃ
1775 3451 1904 3520 περὶ
1934 3450 1996 3502 τὸ

426 3537 855 3608 σπουδαζόμενον
911 3540 1126 3608 νοήσει,
1183 3537 1244 3590 τὸ
1311 3536 1509 3607 ἐφεξῆς
1585 3537 1990 3610 ἐξευρίσκουσα.

425 3631 732 3700 Νοὴσαντες
758 3631 867 3701 γάρ
888 3648 939 3683 τι
981 3629 1108 3700 περὶ
1135 3626 1229 3681 τοῦ
1269 3626 1603 3698 ζητουμένου
1635 3632 1700 3700 τῇ
1731 3630 1871 3702 ἀρχῇ
1899 3633 1994 3686 τοῦ

421 3719 746 3793 ληφθέντος,
785 3722 872 3776 διὰ
903 3722 1010 3774 τῶν
1046 3721 1520 3792 ἐφευρισκομὲνων
1557 3721 1843 3791 νοημάτων
1871 3741 1998 3777 συν-

420 3814 753 3885 αρμόζοντες
795 3816 856 3867 τὸ
895 3813 1202 3875 ἀκόλουθον,
1236 3814 1314 3875 είς
1337 3811 1396 3864 τὸ
1421 3811 1594 3882 πέρας
1629 3812 1736 3865 τῶν
1767 3815 1999 3868 σπουδα-

421 3905 664 3975 ζομένων
693 3905 791 3976 τὴν
817 3905 1129 3976 ἐγχείρησιν
1160 3903 1386 3974 ἄγομεν.

420 4008 786 4057 consentanea
817 4001 1004 4070 prima:
1045 4000 1111 4052 de
1154 4015 1219 4052 eo
1265 3999 1406 4068 quod
1437 4000 1678 4056 studiose
1743 4002 2025 4071 qumritur,

2112 447 2373 520 profanus
2404 465 2504 504 nec
2533 453 2748 506 arcanis
2779 451 3041 510 doctrinae
3059 455 3301 513 initiatus
3331 458 3643 516 obtuebitur
3663 467 3689 516 γ

2110 541 2218 596 Sed
2255 543 2494 614 graviter
2544 545 2702 600 nobis
2737 545 2790 599 in
2818 546 3138 605 diﬂ‘erentiis
3172 551 3287 606 sive
3316 551 3684 608 distinctioni-

2109 634 2210 688 bus
2243 634 2407 703 hujus
2448 636 2686 691 nominis
2726 637 2987 704 ἐπινοίας,
3039 643 3516 699 commentationis
3569 646 3687 699 sive

2108 727 2524 797 excogitationis
2607 727 2781 796 ipsum
2848 745 3044 784 nomen
3123 733 3366 796 ἐπινοίας
3424 736 3681 791 traducit.

2108 815 2330 879 Eorum,
2367 818 2561 888 inquit,
2598 835 2718 889 qua:
2758 822 3057 876 secundum
3093 821 3354 887 ἐπίνοιαν,
3388 825 3440 880 id
3471 835 3576 889 est,
3617 844 3687 882 ex

2109 905 2389 961 hominum
2439 912 2894 965 commentatione
2948 911 3225 976 dicuntur,
3264 914 3512 983 quaedam
3568 918 3686 971 sola

2109 996 2410 1066 prolatione
2437 999 2770 1062 consistunt,
2806 1007 2864 1053 ut
2891 1017 3012 1069 qua:
3036 1002 3168 1054 nihil
3199 1001 3541 1074 signiﬁcant;
3578 1007 3683 1059 alia

2106 1101 2235 1140 vero
2304 1088 2523 1157 propria
2578 1089 2936 1159 intelligentia
2965 1109 2976 1145 :
3007 1100 3061 1145 et
3089 1091 3282 1147 horum
3328 1093 3433 1148 alia
3464 1095 3685 1166 quidem

2106 1191 2204 1248 per
2232 1177 2724 1248 ampliﬁcationem,
2753 1189 2810 1233 ut
2843 1180 2896 1233 in
2927 1183 3233 1247 colossicis,
3269 1183 3372 1238 alia
3395 1201 3494 1256 per
3525 1186 3687 1240 dimi-

2106 1268 2411 1336 nutionem,
2440 1278 2500 1324 ut
2532 1269 2585 1324 in
2610 1271 2887 1342 pygmznis,
2918 1273 3020 1326 alia
3051 1290 3144 1343 per
3169 1277 3600 1346 appositionem,
3629 1289 3687 1332 ut

2107 1359 2164 1414 in
2202 1357 2643 1429 multicipitibus,
2674 1359 2758 1414 vel
2799 1376 2895 1430 per
2928 1362 3402 1432 compositionem,
3434 1373 3493 1420 ut
3520 1365 3576 1419 in
3603 1382 3691 1420 se-

2107 1445 2338 1502 miferis.
2376 1446 2544 1504 Vides
2569 1465 2830 1520 quorsum
2869 1450 2956 1505 hic
2983 1452 3203 1522 sapiens
3231 1453 3387 1509 nobis
3413 1455 3467 1507 in
3509 1455 3688 1509 minu-

2106 1539 2212 1594 tias
2233 1539 2558 1610 discerptam
2583 1543 2827 1596 ἐπίνοιαν
2856 1543 3086 1598 ulterius
3118 1544 3238 1614 ejus
3259 1546 3365 1598 vim
3391 1546 3688 1616 procedere

2107 1632 2302 1688 noluit.
2329 1632 2478 1687 Nihil
2514 1634 2692 1704 inquit
2744 1634 2986 1688 ἐπίνοιαν
3046 1635 3370 1706 signiﬁcare,
3403 1653 3566 1693 sensu
3595 1652 3687 1692 ca-

2101 1738 2240 1788 rere,
2269 1738 2332 1778 ea
2355 1740 2476 1794 quae
2521 1735 2650 1779 sum
2709 1733 2904 1795 praeter
2934 1733 3184 1780 naturam
3213 1728 3458 1799 captiose
3489 1736 3677 1784 osteno

2103 1813 2341 1880 dentem,
2377 1815 2460 1871 vel
2490 1816 2890 1882 decurtantem,
2929 1817 3008 1871 vel
3033 1825 3241 1872 natura:
3283 1817 3538 1874 deﬁnitos
3564 1834 3681 1874 mo-

2103 1906 2202 1962 dos
2225 1909 2793 1979 superextcndentem,
2818 1911 2900 1965 vel
2939 1926 3005 1966 ex
3041 1911 3272 1966 diversis
3309 1910 3499 1966 formis
3528 1926 3684 1966 com-

2103 2010 2412 2069 ponentem,
2437 2001 2522 2056 vel
2571 2002 2765 2057 alienis
2818 2003 3258 2072 monstrosisque
3308 2001 3682 2058 additionibus

2103 2097 2352 2160 portenta
2383 2089 2694 2161 ﬁngentem.
2724 2091 2781 2145 In
2820 2091 2904 2147 his
2947 2090 3187 2154 ἐπινοίας
3205 2105 3406 2146 nomen
3437 2089 3686 2145 ludiﬁca-

2103 2187 2191 2235 tus
2220 2180 2463 2234 inutilem
2497 2181 2668 2252 ipsam
2701 2197 2928 2254 prorsus
2949 2198 3013 2237 ac
3039 2183 3243 2238 nullius
3278 2183 3552 2238 commodi
3583 2183 3685 2237 hu-

2103 2287 2276 2328 manae
2294 2274 2417 2328 vitae
2441 2289 2506 2330 ex
2545 2275 2660 2329 suis
2691 2275 3049 2331 demonstrat.
3099 2274 3251 2332 Unde
3275 2275 3440 2346 igitur
3460 2275 3684 2330 altiores

2101 2367 2442 2440 disciplinae?
2475 2369 2616 2426 unde
2643 2372 2962 2441 geometria,
2997 2378 3051 2426 et
3074 2369 3400 2425 numerandi
3429 2369 3680 2430 scientia,

2101 2460 2542 2516 sermocinalium
2601 2471 2656 2517 et
2704 2463 3033 2516 naturalium
3089 2471 3500 2531 perceptorum,
3567 2460 3685 2515 sive

2103 2552 2637 2623 speculamentorum
2691 2553 2986 2608 doctrina?
3036 2561 3090 2608 et
3124 2551 3683 2608 machinamentorum

2103 2641 2463 2709 inventiones,
2492 2651 2547 2698 et
2584 2658 2681 2714 per
2703 2658 2780 2698 aes
2809 2653 2862 2698 et
2905 2657 3100 2713 aquam
3143 2642 3199 2696 in
3231 2640 3592 2712 horoscOpiis,
3629 2640 3684 2694 id

2103 2746 2186 2790 est
2214 2734 2473 2790 horarum
2504 2734 2997 2800 observationibus,
3028 2731 3340 2788 miracula?
3370 2731 3600 2803 ipsaque
3613 2730 3684 2786 de

2104 2841 2169 2883 eo
2201 2827 2346 2898 quod
2376 2835 2461 2882 est
2487 2825 2826 2898 philosophia
2846 2825 2870 2880 ?
2889 2833 3072 2896 atque,
3095 2821 3518 2894 intelligibilium
3553 2837 3684 2876 con-

2101 2917 2423 2988 templatio?
2454 2923 2654 2986 atque,
2713 2926 2769 2972 ut
2807 2915 3122 2971 summatim
3168 2913 3369 2978 dicam,
3418 2913 3596 2968 omnis
3624 2913 3680 2966 in

2024 3044 2067 3102 ο
2106 3005 2318 3076 magnis
2362 3013 2417 3060 et
2449 3006 2680 3062 excelsis
2726 3005 2892 3060 animi
2925 3004 3257 3076 occupatio?
3314 3002 3456 3070 Quid
3498 3011 3680 3058 autem

2103 3096 2485 3168 agricultura?
2512 3096 2642 3165 quid
2693 3095 2983 3165 navigandi
3033 3093 3261 3165 peritia?
3285 3092 3416 3164 quid
3465 3094 3675 3162 reliqua

2104 3189 2161 3242 in
2194 3188 2304 3242 vita
2329 3187 2701 3260 dispensatio?
2758 3185 2912 3242 Unde
2963 3186 3210 3256 pervium
3236 3185 3450 3240 homini
3492 3185 3682 3240 mare?

2103 3279 2386 3346 Quomodo
2418 3296 2447 3335 a
2466 3280 2710 3335 terrestri
2739 3276 2884 3350 quod
2924 3279 3008 3332 est
3039 3277 3094 3331 in
3121 3292 3246 3332 aere
3282 3277 3336 3330 in
3364 3278 3678 3332 servitutem

2102 3370 2382 3426 redactum
2408 3370 2536 3426 est?
2558 3367 2844 3440 Quomon
2863 3368 3005 3440 quod
3029 3367 3204 3423 ferum
3239 3375 3322 3421 est
3366 3364 3684 3419 cicuratur?

2102 3459 2386 3526 Quomodo
2410 3461 2664 3516 domatur
2699 3460 2847 3530 quod
2874 3469 2959 3516 est
2990 3459 3310 3515 horribilius
3334 3457 3359 3512 Ἰ
3390 3453 3680 3520 Quomodo

2100 3549 2312 3606 frenum
2370 3567 2481 3606 non
2521 3552 2807 3616 detrectat,
2862 3558 2917 3606 et
2969 3551 3176 3620 respuit
3202 3547 3346 3618 quod
3398 3555 3483 3602 est
3512 3547 3678 3600 robu-

2099 3641 2238 3695 SIius
2265 3641 2502 3696 ?Annon
2563 3657 2658 3712 per
2679 3642 2940 3706 ἐπίνοιαν,
2971 3641 3022 3696 id
3054 3647 3136 3694 est
3170 3637 3679 3693 commentationem

2100 3731 2212 3786 lucc
2293 3733 2472 3786 omnia
2548 3733 2672 3786 vitae
2739 3732 2991 3786 humanae
3066 3732 3282 3784 iuventa
3342 3729 3516 3783 sunt?
3580 3724 3679 3781 Est

2098 3819 2244 3872 enim
2297 3819 2595 3873 secundum
2635 3834 2807 3873 meam
2845 3819 3214 3872 deﬁnitionem
3271 3816 3503 3880 ἐπίνοια,
3536 3815 3679 3868 ratio

2098 3911 2370 3966 inventrix
2398 3927 2583 3966 eorum
2607 3927 2726 3980 quae
2759 3911 3103 3979 ignorantur,
3130 3925 3228 3980 per
3257 3908 3586 3962 adhaerentia
3623 3915 3677 3961 et

2105 4007 2333 4072 notioni,
2377 4007 2521 4077 quod
2552 4007 2807 4075 deinceps
2834 4007 3081 4076 sequitur
3121 4003 3492 4062 adinveniens.
3542 4001 3676 4055 Nam

421 4107 546 4145 cum
609 4093 976 4146 intelleximus
1001 4091 1202 4158 aliquid
1233 4090 1300 4144 de
1333 4105 1400 4145 eo
1423 4091 1569 4161 quod
1633 4095 1920 4161 quzeritur,
1977 4110 2072 4165 per
2107 4098 2432 4168 principium
2482 4097 2602 4168 ejus
2649 4098 2794 4167 quod
2824 4105 3101 4166 sumptum
3151 4105 3253 4159 est,
3285 4112 3381 4168 per
3426 4110 3487 4149 ea
3514 4110 3674 4148 sensu

419 4197 541 4249 quae
574 4183 943 4246 inveniuntur,
985 4183 1128 4254 quod
1160 4198 1502 4253 consequens
1535 4191 1619 4238 cst
1645 4182 1992 4254 adaptantes,
2035 4189 2101 4242 ad
2137 4190 2432 4244 terminum
2459 4204 2648 4244 eorum
2674 4189 2727 4242 in
2759 4189 2959 4258 quibus
3016 4189 3359 4242 elaboramus
3417 4191 3673 4238 conatum

419 4274 762 4330 adduchnus.

490 4369 600 4423 Καὶ
628 4369 678 4420 τί
718 4385 806 4439 μοι
844 4367 911 4421 τὰ
954 4366 1120 4438 μείζω
1165 4369 1256 4420 καὶ
1282 4368 1584 4440 ὑψηλότερα
1615 4367 1723 4421 τῶν
1749 4367 1849 4438 τῆς
1876 4370 1994 4422 ἑπι-

2169 4363 2235 4418 Et
2259 4363 2386 4432 quid
2417 4363 2547 4416 mihi
2582 4377 2804 4416 necesse
2831 4371 2912 4415 est
2940 4359 3180 4421 ἐπινοίας
3205 4364 3671 4418 commentatione

420 4461 566 4522 νοίας
599 4459 1036 4529 κατορθωμάτων
1081 4457 1466 4528 ἁριθμεῖσθαις
1520 4458 1737 4526 Ἔξεστι
1779 4459 1888 4529 γὰρ
1914 4457 1993 4528 τῷ

424 4553 499 4623 μὴ
545 4551 857 4620 φιλονείκως
899 4549 1073 4620 ἔχοντι
1121 4551 1255 4620 προς
1305 4550 1402 4620 τὴν
1438 4550 1690 4621 ἀλήθειαν
1734 4551 1989 4610 κατιδεῖν,

419 4644 502 4695 ὅτι
532 4643 625 4694 καὶ
652 4641 718 4694 τὰ
746 4639 877 4694 ἄλλα
921 4641 1093 4694 πάντα
1126 4639 1493 4710 ὃσα,βιωφελῆ
1541 4658 1599 4692 τε
1628 4642 1720 4694 καὶ
1751 4641 1992 4711 χρήσιμα

421 4735 489 4803 τῇ
517 4733 627 4803 ζωῇ
656 4733 762 4784 τῶν
786 4730 1085 4802 ἀνθρώπων
1116 4734 1144 4783 ό
1173 4732 1362 4801 χρόνος
1385 4731 1631 4802 ἐφεῦρεν,
1657 4733 1752 4802 οὐχ
1775 4734 1993 4802 ἑτέρως,

423 4825 558 4879 ἀλλὰ
578 4825 666 4877 διὰ
697 4825 797 4894 τῆς
827 4824 1066 4886 ἐπινοίας
1097 4822 1411 4895 ἐξηύρηται.
1446 4824 1553 4876 Καί
1585 4841 1673 4893 μοι
1701 4824 1846 4877 δοκεῖ
1864 4825 1996 4878 παν-

422 4933 531 4968 των
576 4916 684 4970 τῶν
735 4916 874 4970 κατὰ
921 4915 1018 4985 τὴν
1064 4914 1204 4984 ζωὴν
1257 4915 1459 4984 ταύτην
1507 4916 1910 4986 ἐνεργουμένων
1941 4919 1996 4970 ὲν

423 5010 553 5078 ἡμῖν
587 5007 805 5071 ἀγαθῶν
832 5007 939 5060 τῶν
969 5009 1090 5068 ταῖς
1120 5005 1318 5077 ψυχαῖς
1365 5005 1517 5075 ἡμῶν
1545 5008 1694 5076 παρὰ
1721 5009 1818 5079 τῆς
1849 5008 1996 5070 θείας

424 5097 765 5168 προμηθείας
795 5098 1228 5166 ἐνυπαρχόντων,
1262 5096 1357 5166 τὴν
1397 5095 1638 5148 ἐπίνοιάν
1680 5115 1762 5159 τις
1815 5115 1997 5167 προτι-

427 5191 661 5258 μοτέραν
698 5188 917 5260 κρίνων,
958 5188 1031 5257 μὴ
1063 5188 1128 5241 ἂν
1152 5188 1249 5257 τῆς
1279 5185 1594 5257 πρεπούσης
1625 5187 1855 5256 κρίσεως
1881 5189 1994 5240 δια-

421 5279 738 5349 ψευσθῆναι.
773 5279 928 5345 Λέγω
956 5279 1020 5348 δὴ
1053 5279 1222 5331 ταῦτα
1251 5278 1397 5350 παρὰ
1427 5277 1520 5330 τοῦ
1566 5277 1682 5329 Ἰὼϐ
1712 5277 1994 5348 διδαχθεὶς,

427 5371 484 5419 ἐν
517 5361 596 5430 οἷς
646 5370 673 5419 ὀ
718 5367 847 5429 Θεὸς
879 5367 1121 5438 τῷλόγῳ
1158 5368 1468 5438 πεποίηται,
1504 5365 1589 5419 διὰ
1621 5365 1878 5429 λαίλαπος
1907 5369 1999 5419 καὶ

422 5458 622 5524 νεφῶν,
654 5457 730 5529 τῷ
758 5457 1046 5524 θεράποντι
1068 5435 1430 5528 ’χρηματίζων
1450 5477 1462 5487 ·
1493 5457 1560 5510 τά
1588 5474 1644 5509 τε
1667 5456 1798 5509 ἄλλα
1827 5456 1999 5524 λέγων

422 5553 521 5606 ὅσα
549 5550 668 5619 Θεῷ
698 5548 902 5620 πρέπον
931 5545 998 5618 ἦν
1026 5548 1224 5615 λέγειν,
1263 5551 1355 5602 καὶ
1398 5549 1479 5602 ὅτι
1525 5549 1684 5612 αὐτὸς
1715 5547 1798 5620 εἴη
1826 5549 1854 5601 ὁ
1880 5551 1999 5611 ταῖς

426 5644 640 5716 τέχναις
669 5642 968 5711 ἐπιστήσας
1011 5640 1098 5692 τὸν
1133 5641 1434 5708 ἄνθρωπον,
1471 5642 1562 5697 καὶ
1594 5641 1807 5712 γυναιξὶ
1844 5657 1999 5713 χαρι-

743 5760 1015 5821 Ριτιοι.
1049 5757 1165 5820 Gn.
1204 5759 1390 5822 XLV.

2101 4457 2364 4512 beneﬁcia
2397 4457 2603 4525 majora
2638 4463 2692 4508 et
2738 4453 3056 4507 sublimiora
3103 4452 3441 4504 numerando
3485 4469 3672 4508 recen-

2100 4547 2264 4604 sere?
2304 4545 2453 4601 Licet
2501 4547 2643 4600 enim
2683 4545 2889 4597 homini
2923 4557 3028 4595 non
3059 4543 3398 4596 contentiosn
3428 4541 3494 4595 ad
3529 4547 3670 4596 veri-

2099 4649 2265 4696 tatem
2297 4640 2623 4710 perspicere,
2661 4637 2802 4706 quod
2834 4636 2937 4689 alia
2971 4635 3154 4689 omnia
3182 4649 3303 4703 quae
3336 4635 3457 4687 vita:
3493 4635 3668 4688 Immi-

2100 4747 2229 4785 num
2265 4731 2414 4784 utilia
2445 4736 2499 4783 et
2532 4725 2838 4782 necessaria
2870 4736 3084 4795 tempus
3116 4727 3341 4787 invenit,
3381 4743 3486 4780 non
3511 4728 3671 4781 aliter

2096 4839 2257 4893 quam
2292 4823 2379 4875 διὰ
2421 4822 2520 4892 τῆς
2559 4820 2822 4882 ἐπινοίας,
2865 4819 2917 4872 id
2962 4828 3066 4881 est,
3118 4820 3574 4874 commentatione
3617 4832 3670 4872 rt

2099 4913 2398 4969 subtilitate
2451 4913 2646 4966 mentis
2694 4911 2909 4963 inventa
2955 4917 3083 4963 sunt
3130 4919 3182 4962 et
3231 4911 3554 4980 excogitata.
3593 4911 3672 4963 Ar.

2099 5005 2228 5058 mihi
2259 5004 2478 5075 quidem
2515 5003 2720 5057 videtur
2743 5002 2995 5056 omnibus
3025 5002 3180 5056 bonis
3213 5018 3332 5070 qua:
3363 5003 3414 5055 in
3437 5003 3537 5054 hac
3558 5001 3670 5052 vita

2097 5098 2403 5153 elﬁciuutur
2431 5095 2484 5148 in
2517 5095 2696 5156 nobis,
2732 5109 2957 5164 qmequc
2988 5094 3184 5147 animis
3212 5093 3410 5145 nostris
3435 5106 3461 5141 a
3487 5091 3668 5143 divina

2100 5187 2441 5241 Providentia
2471 5187 2676 5249 insunt,
2699 5183 2796 5255 τὴν
2817 5184 3076 5247 ἐπίνοιαν,
3105 5183 3210 5234 vim
3244 5179 3667 5236 cormncntandi,

2097 5260 2217 5349 quis
2257 5279 2633 5348 pretiosiorem
2665 5286 2717 5330 et
2749 5276 3208 5330 honorabiliorem
3232 5271 3507 5337 judicans,
3559 5283 3665 5321 non

2099 5385 2130 5422 a
2170 5373 2392 5424 decente
2424 5377 2477 5424 et
2523 5357 2678 5421 're'cto
2714 5367 2920 5434 judicio
2971 5364 3108 5414 falso
3140 5361 3490 5412 aberraturus
3522 5373 3664 5412 esse.

2100 5459 2223 5514 llaec
2259 5469 2438 5514 autem
2470 5461 2592 5514 dico
2621 5476 2647 5510 a
2672 5457 2774 5510 Job
2801 5457 3047 5515 edoctus,
3081 5452 3133 5503 iu
3167 5449 3363 5519 quibus
3387 5447 3527 5503 Deus
3558 5463 3710 5504 ser»

2099 5567 2258 5605 mone
2288 5567 2382 5621 per
2406 5551 2651 5604 turbines
2672 5557 2724 5602 et
2749 5546 2922 5598 nubes
2944 5558 3101 5598 set‘vo
3133 5540 3468 5610 respondens
3493 5539 3669 5594 factus

2099 5650 2204 5707 cst,
2252 5650 2366 5695 tum
2402 5642 2505 5694 alia
2555 5654 2674 5708 qua:
2722 5633 2890 5715 Peum
2938 5633 3090 5688 decet
3137 5630 3318 5685 dicere
3369 5629 3664 5699 proferens,

3314 5748 3391 5808 31
