4054 6152
485 249 582 305 971

1737 252 1790 306 S.
1840 251 2162 310 GHEGORH
2218 255 2506 315 NYSSENI

3667 275 3757 330 972

493 381 615 422 cum
657 367 818 422 etiam
856 365 998 436 quod
1027 367 1141 436 ipse
1172 367 1239 421 sit
1269 370 1360 440 qui
1387 371 1594 426 artibus
1627 372 1898 429 hominem
1934 392 2065 446 prte-

2175 380 2402 450 σάμενος
2437 381 2734 452 ὑφαντικὴν
2784 399 2841 435 τε
2898 385 2988 436 καὶ
3037 384 3394 457 ποικιλτικῇ
3442 390 3747 464 ἐπιστήμην.

494 462 640 521 fecit,
693 469 743 513 et
781 459 994 512 mulieri
1037 461 1371 529 gratificatus
1406 474 1572 519 artem
1624 467 1839 520 texendi
1868 477 1921 521 et
1964 483 2065 521 acu

496 552 746 621 pingendi
783 551 1092 607 scientiam.
1142 554 1294 620 Quod
1336 558 1479 609 enim
1515 575 1621 611 non
1669 566 1790 612 actu
1830 559 2064 628 quodam

493 644 624 697 tales
655 651 801 699 artes
829 644 1034 707 docuit,
1084 645 1198 715 ipse
1227 656 1406 716 operto
1440 649 1757 717 prmsidens,
1804 651 2066 719 quemad-

491 733 708 787 modum
763 736 817 788 in
867 734 950 790 his
981 752 1100 806 qua:
1147 740 1500 806 corporaliter
1547 740 1846 795 edocentur
1883 740 2066 796 videre

491 827 636 887 licet,
693 829 878 882 uultus
929 830 1096 899 plane
1146 832 1553 900 contradixerit,
1613 833 1704 903 qui
1743 833 1979 888 carnalis
2015 842 2066 887 et

493 921 764 974 belluinus
799 937 905 975 non
951 922 1021 976 sit
1052 939 1064 973 :
1092 924 1185 977 s.~d
1235 926 1438 979 dictum
1479 935 1561 980 est
1608 926 1674 979 ab
1716 927 1832 996 ipso
1876 926 2062 979 talium

488 1011 685 1063 artium
713 1012 867 1067 nobis
900 1013 1118 1068 insitam
1149 1031 1270 1070 esse
1300 1017 1623 1080 doctrinam,
1649 1019 1773 1086 quia
1803 1018 2061 1071 nimirum

490 1099 698 1154 dederit
726 1112 933 1156 natunc
961 1104 1302 1173 excogitandi
1331 1114 1382 1159 et
1410 1106 1715 1159 inveniendi
1741 1121 1801 1160 ea
1829 1122 1950 1174 qua:
1979 1106 2060 1160 in-

489 1194 816 1259 quirttnlttr,
866 1195 1172 1250 facultatem
1201 1237 1215 1262 ,
1270 1198 1458 1266 sicque
1501 1199 1616 1266 ipse
1665 1214 1762 1252 nos
1809 1199 1874 1252 ad
1917 1207 2062 1253 artes

490 1286 734 1339 adduxit.
787 1286 849 1339 Et
889 1296 1108 1357 propter
1155 1304 1334 1342 causa,
1384 1290 1647 1342 rationem
1699 1289 1960 1359 quidquid
1997 1305 2061 1343 ex

488 1377 746 1440 ἐπινοίας,
795 1378 845 1431 id
885 1389 963 1433 est
1007 1381 1463 1434 connueutatione
1496 1381 1854 1450 excogitalur,
1893 1389 1945 1434 et
1978 1381 2060 1434 in-

488 1469 704 1522 venitur
732 1477 893 1538 atque
929 1470 1226 1539 perficitur,
1266 1471 1317 1524 in
1355 1471 1652 1540 principem
1689 1472 1852 1539 hujus
1888 1471 2060 1526 facul-

490 1561 616 1613 tatis
640 1570 918 1614 auctorem
949 1559 1200 1614 refertur:
1230 1561 1306 1614 sic
1337 1560 1661 1614 medicinam
1691 1561 1800 1615 vita
1834 1559 2058 1626 invenit,

487 1659 863 1704 verumtamen
918 1650 1009 1703 Dei
1061 1649 1261 1703 donum
1316 1649 1636 1703 medicinam
1695 1651 1787 1720 qui
1840 1651 2054 1714 dixerit,

489 1756 596 1793 non
648 1739 940 1794 aberrahit.
983 1738 1046 1792 Et
1081 1755 1240 1794 omne
1274 1740 1418 1810 quod
1470 1740 1523 1794 in
1556 1741 1662 1794 vita
1696 1741 1931 1795 humana
1969 1743 2053 1797 in-

489 1841 704 1887 ventum
739 1840 842 1894 est,
889 1840 943 1886 et
974 1831 1040 1886 ad
1075 1833 1275 1900 aliquid
1309 1849 1495 1888 eorum
1528 1849 1646 1903 quae
1690 1835 1755 1888 ad
1788 1851 1973 1904 pacem
2005 1846 2059 1890 et

488 1925 687 1977 bellum
725 1923 874 1976 utilia
927 1933 1073 1988 sunt,
1111 1923 1390 1986 conducit.
1448 1940 1556 1979 non
1606 1925 1822 1980 aliunde
1871 1927 2060 1980 habuit

488 2017 716 2080 aditum,
748 2016 838 2069 sed
878 2031 1030 2069 mens
1060 2024 1142 2070 est
1169 2032 1289 2085 quae
1322 2016 1534 2086 singula
1569 2017 1743 2080 nobis,
1772 2028 1933 2088 prout
1966 2035 2061 2073 na-

488 2115 624 2158 tura:
659 2118 858 2160 HOSIrB
909 2107 1179 2176 congruit,
1217 2108 1488 2176 excogitat
1520 2116 1570 2161 et
1628 2109 1852 2164 invenit.
1910 2109 2060 2168 Mens

489 2205 668 2248 autem
703 2211 836 2264 opus
864 2193 956 2248 Dei
1005 2203 1106 2249 est.
1143 2195 1312 2264 igitur
1342 2213 1402 2248 ex
1439 2196 1548 2250 Deo
1593 2200 1772 2252 omnia
1815 2217 1933 2270 quae
1967 2217 2062 2272 per

489 2294 720 2339 mentem
776 2287 931 2339 nobis
994 2287 1334 2355 suppeditata
1375 2297 1523 2343 sunt.
1570 2287 1724 2354 Quod
1780 2300 1956 2346 autem
1995 2293 2061 2347 ah

487 2379 817 2432 adversariis
852 2378 1071 2442 dicitur,
1117 2379 1361 2433 fabulosa
1396 2378 1646 2449 figmenta
1677 2388 1730 2436 et
1781 2383 2060 2436 mendacia

488 2475 801 2543 portentosa
834 2473 934 2526 hac
963 2473 1421 2548 commentatione
1454 2478 1684 2527 conlicta
1712 2491 1834 2529 esse
1860 2484 1912 2529 et
1937 2491 2062 2530 con-

489 2567 710 2633 scripta,
751 2581 923 2632 neque
955 2579 1052 2632 ego
1089 2564 1204 2634 ipse
1235 2564 1508 2633 refragor;
1549 2580 1672 2617 nam
1705 2566 1768 2620 ad
1811 2575 2060 2620 nostrum

489 2671 713 2726 scopum
744 2657 904 2710 etiam
941 2656 1154 2708 illorum
1196 2657 1334 2708 ratio
1375 2657 1607 2708 confert.
1646 2655 1887 2710 Dicimus
1918 2660 2060 2711 enim

492 2761 589 2800 nos
611 2747 854 2799 eamdem
878 2761 997 2800 esse
1020 2745 1418 2799 contrariorum
1446 2747 1750 2812 scientiam,
1775 2755 1826 2802 et
1851 2749 2062 2802 utilium

489 2846 540 2889 et
572 2850 760 2889 eorum
795 2849 914 2903 qua:
947 2835 1223 2889 contrario
1258 2835 1419 2888 modo
1449 2850 1506 2889 se
1540 2835 1760 2901 habent,
1804 2845 1860 2891 ut
1895 2835 2064 2891 medi-

489 2927 689 2990 cinam,
721 2927 1184 2996 gubernatricem,
1221 2933 1272 2980 et
1303 2927 1346 2982 si
1375 2927 1504 2996 quid
1533 2927 1676 2980 aliud
1704 2928 1808 2982 tale
1834 2937 1935 2985 est.
1961 2927 2062 2996 Qui

2175 466 2294 520 Ὅτι
2317 469 2426 538 γὰρ
2446 470 2545 521 οὑκ
2575 471 2824 540 ἐνεργείᾳ
2850 472 2956 524 τινὶ
2984 471 3082 534 τάς
3107 473 3375 536 τοιαύτας
3403 475 3600 544 τέχνας
3619 481 3745 550 ἡμᾶς

2169 555 2441 622 ἐδιδάξατο
2471 557 2629 621 αὑτὸς
2662 560 3076 630 προκαθήμενος
3121 562 3219 630 τῆς
3267 563 3565 629 ἐργασίας,
3600 569 3747 622 καθά-

2168 660 2273 712 περ
2308 644 2364 695 ἐν
2414 647 2524 707 τοῖς
2574 647 2898 714 σωματικῶς
2941 647 3357 718 διδασκομένοις
3411 647 3562 703 ἐστιν
3609 653 3742 717 ἰδεῖν,

2167 729 2336 790 οὐδεὶς
2366 731 2610 782 ἀντείποι
2659 731 2896 798 πάντως,
2949 733 3023 804 μὴ
3060 735 3321 804 σάρκινος
3359 735 3459 789 καὶ
3493 739 3747 810 κτηνώδης

2164 833 2248 878 τις
2295 817 2388 870 ὢν.
2453 817 2613 870 ’Λλλὰ
2648 817 2752 888 μὴν
2781 820 2993 889 εἴρηται
3044 821 3172 891 παρ’
3216 821 3397 874 αὑτοῦ
3438 825 3748 892 γεγενῆσθαι

2165 905 2296 973 ἡμῖν
2339 904 2444 956 τῶν
2481 904 2732 958 τοιούτων
2763 906 2965 976 τεχνῶν
3002 909 3034 977 ἡ
3081 908 3400 978 καθήγησις
3428 927 3441 939 ·
3495 911 3683 964 οὐκοῦν
3725 917 3748 968 ὁ

2163 989 2284 1052 δοὺς
2332 993 2396 1060 τῇ
2441 990 2598 1058 φύσει
2643 991 2741 1062 τὴν
2788 993 3138 1064 ἐπινοητικὴν
3171 995 3271 1048 καὶ
3321 996 3616 1068 εὑρετικὴν
3656 999 3748 1051 τῶν

2165 1078 2510 1148 ζητουμένων
2540 1079 2786 1150 δύναμιν,
2839 1082 3001 1144 αὐτὸς
3045 1084 3191 1154 ἡμᾶς
3239 1084 3388 1155 πρὸς
3436 1085 3538 1148 τὰς
3580 1086 3747 1156 τέχνας

2163 1165 2357 1234 ἠγαγε.
2393 1166 2502 1220 Καὶ
2533 1167 2610 1236 τῷ
2655 1168 2752 1238 τῆς
2781 1168 2959 1232 αἰτίας
3001 1169 3144 1240 λόγῳ
3176 1172 3293 1224 πᾶν
3339 1171 3406 1224 τὺ
3437 1172 3500 1236 ἐξ
3530 1175 3746 1239 ἐπινοίας

2163 1253 2552 1324 εὑρισκόμενόν
2581 1271 2637 1306 τε
2666 1256 2759 1307 καὶ
2799 1256 3260 1326 κατορθούμενον,
3297 1260 3382 1321 εἰς
3408 1259 3502 1312 τὸν
3530 1262 3745 1332 ἀρχηγὸν

2165 1343 2264 1412 τῆς
2305 1341 2588 1412 δυνάμεως
2614 1342 2819 1414 ταύτης
2846 1345 3273 1416 ἐπαναφέρεται.
3313 1345 3508 1411 Οὕτως
3545 1350 3632 1401 καὶ
3663 1350 3744 1420 τὴν

2173 1428 2419 1500 ἰατρικὴν
2453 1431 2480 1481 ὁ
2521 1428 2632 1497 βίος
2673 1428 2904 1500 εὕρατο·
2953 1430 3068 1484 ἀλλ’
3097 1433 3252 1503 ὅμως
3293 1433 3438 1486 Θεοῦ
3473 1433 3640 1505 δῶρον
3663 1438 3746 1506 τὴν

2167 1517 2414 1587 ἰατρικὴν
2475 1514 2643 1568 εἰπών
2696 1535 2779 1579 τις
2839 1519 2938 1588 οὐχ
2990 1521 3404 1591 ἁμαρτήσεται.
3483 1523 3591 1574 Καὶ
3651 1525 3744 1576 πᾶν

2163 1604 2303 1673 ὅπερ
2334 1604 2449 1656 ἐστὶ
2480 1601 2622 1656 κατὰ
2663 1605 2762 1674 τὴν
2793 1605 3140 1677 ἀνθρωπίνην
3188 1606 3346 1677 ζωὴν
3381 1607 3742 1678 ἐξευρημένον,

2088 1723 2127 1777 Β
2162 1693 2279 1744 κατ’
2301 1691 2524 1761 εἰρήνην
2549 1691 2643 1743 καὶ
2672 1691 2926 1760 πόλεμον,
2949 1692 3085 1762 πρός
3111 1710 3164 1746 τι
3187 1693 3306 1747 τῶν
3333 1696 3617 1766 χρησίμων
3647 1697 3743 1748 ἐπι-

2159 1779 2282 1849 τηδε
2291 1779 2383 1841 ίως
2399 1777 2540 1848 ἔχον,
2554 1778 2848 1848 οὐδαμόθεν
2860 1781 2989 1849 ἡμῖν
3002 1779 3126 1849 ἐσχε
3137 1781 3244 1851 τὴν
3257 1782 3341 1834 πά
3348 1781 3739 1852 ροδον,ἀλλὰτοῦ

2159 1866 2250 1920 νοῦ
2279 1865 2345 1918 τά
2363 1865 2482 1918 καθ’
2501 1866 2726 1919 ἕκαστον
2754 1867 2886 1936 ἡμῖν
2917 1866 3277 1936 καταλλήλως
3305 1869 3643 1933 ἐπινοοῦντος
3661 1871 3738 1922 καὶ

2161 1955 2592 2024 ἐφευρίσκοντος’
2618 1953 2740 2015 νοῦς
2757 1953 2815 2006 δὲ
2831 1953 2991 2024 ἔργον
3004 1954 3159 2007 Θεοῦ·
3179 1955 3390 2010 οὐκοῦν
3409 1956 3610 2012 ἐκθεοῦ
3624 1956 3740 2010 πάνο

2159 2059 2227 2096 τοι
2241 2043 2339 2094 ὅσα
2358 2041 2445 2094 διὰ
2460 2040 2552 2093 τοῦ
2568 2040 2660 2094 νοῦ
2676 2043 2806 2110 ἡμῖν
2823 2041 3169 2112 πεπόρισται·
3189 2042 3329 2096 τὸδὲ
3345 2042 3470 2111 λέγε
3479 2042 3598 2096 σθαι
3611 2045 3738 2114 παρὰ

2161 2130 2266 2183 τῶν
2297 2128 2632 2182 ὑπεναντίων
2661 2129 2730 2182 τὰ
2767 2128 2982 2200 μυθώδη
3024 2128 3332 2200 πλάσματα
3370 2131 3561 2185 καὶτὰ
3590 2131 3736 2200 ψευδῆ

2160 2215 2537 2287 τερατεὺματα
2589 2217 2740 2286 παρὰ
2799 2216 2896 2286 τῆς
2927 2216 3172 2281 ἐπινοίας
3207 2216 3614 2286 λογοποιεῖσθαι
3661 2219 3737 2271 καὶ

2164 2303 2510 2365 πλάττεσθαι,
2521 2301 2642 2355 οὐδὲ
2655 2303 2722 2354 αὑ
2731 2301 2817 2365 τὸς
2838 2302 3100 2371 ἀντιλέγω
3119 2318 3133 2332 ⁵
3176 2305 3322 2376 πρὸς
3336 2305 3448 2377 γὰρ
3463 2305 3551 2358 τὸν
3565 2305 3736 2374 ἡμέτε-

2167 2409 2254 2462 ρον
2275 2389 2472 2443 σκοπὸν
2491 2389 2583 2442 καὶ
2600 2390 2628 2441 ὁ
2644 2387 2864 2442 ἐκείνων
2877 2387 3031 2456 λόγος
3065 2406 3127 2441 συ
3135 2390 3439 2462 μφέρεται.
3462 2391 3634 2461 Φαμὲν
3647 2388 3734 2458 γὰρ

2163 2479 2256 2531 καὶ
2288 2480 2476 2548 ἡμεῖς,
2525 2475 2623 2547 τὴν
2656 2476 2826 2544 αὑτὴν
2873 2470 3013 2529 εἶναι
3054 2476 3163 2530 τῶν
3209 2477 3473 2531 ἐναντίων
3516 2479 3608 2548 τὴν
3632 2477 3731 2528 ἐπι-

2166 2567 2398 2636 στὴμην,
2428 2563 2533 2616 τῶν
2565 2580 2621 2615 τε
2654 2563 2968 2632 ὲπωφελῶν,
3009 2564 3102 2618 καὶ
3127 2565 3242 2618 τῶν
3279 2565 3357 2629 ὡς
3389 2565 3584 2636 ἑτέρως
3607 2563 3731 2632 ἐκόνι-

2164 2672 2290 2718 των,
2324 2647 2433 2705 οἷον
2459 2653 2556 2723 τὴν
2585 2652 2854 2722 ἰατρικὴν,
2890 2651 3320 2726 κυϐερνητικὴν,
3349 2655 3440 2707 καὶ
3470 2655 3522 2706 εἴ
3540 2670 3585 2704 τι
3621 2650 3726 2706 ἄλλο

2163 2740 2397 2794 τοιοῦτόν
2421 2741 2582 2792 ἐστιν·
2616 2741 2642 2792 ὁ
2673 2740 2778 2810 γάρ
2803 2739 2955 2803 εἰδὼς
2985 2740 3256 2812 βοηθῆσαι
3281 2745 3394 2806 τοῖς
3422 2738 3727 2814 ἀρρωστοῦσι

2166 2833 2250 2885 διὰ
2282 2831 2606 2903 φαρμάκων,
2640 2831 2886 2901 ἐπιγνοίη
2920 2831 3006 2897 ἂν,
3046 2833 3210 2902 εἴπερ
3245 2834 3340 2886 ἐπὶ
3389 2831 3536 2903 κακῷ
3575 2829 3725 2901 χρῷτο

2166 2925 2232 2995 τῇ
2264 2924 2447 2995 τέχνῃ,
2499 2923 2589 2974 καὶ
2630 2925 2741 2984 τοῖς
2787 2922 3121 2990 ὑγιαίνουσιν
3149 2923 3410 2995 ἐπιτρίψαι
3440 2922 3498 2975 τὺ
3523 2921 3724 2991 δηλητήο

489 3019 633 3072 enim
681 3020 831 3071 novit
873 3034 1030 3089 opem
1077 3017 1216 3072 ferre
1259 3020 1644 3089 tngrotantihus
1677 3036 1770 3090 per
1825 3021 2053 3076 medica-

2173 3036 2280 3090 ριον
2310 3034 2322 3048 ⁸
2381 3019 2472 3071 καὶ
2502 3020 2529 3072 ὀ
2575 3018 2707 3088 πρὸς
2737 3018 2827 3070 τὸν
2854 3015 3044 3087 λιμένα
3071 3016 3371 3072 διευθὺνων
3401 3016 3475 3088 τῷ
3514 3015 3722 3084 πηδαλίῳ

494 3119 692 3175 menta,
729 3111 935 3164 noverit
963 3111 1124 3164 etiam
1163 3111 1238 3180 (si
1280 3112 1495 3182 quidem
1535 3119 1651 3166 arte
1683 3113 1735 3166 in
1767 3114 2062 3183 perniciem

491 3201 638 3254 abuti
670 3203 823 3270 velit)
862 3203 1012 3258 sanis
1038 3201 1375 3257 mortiferum
1409 3220 1672 3259 venenum
1699 3207 1979 3275 ingerere;
2013 3214 2065 3259 et

492 3293 584 3364 qui
634 3293 699 3347 ad
748 3302 960 3364 portum
1008 3296 1376 3365 gubernaculo
1413 3297 1684 3366 navigium
1734 3297 1959 3366 dirigit,
1998 3297 2064 3350 ad

491 3401 621 3440 saxa
651 3385 811 3440 etiam
845 3387 1062 3441 latentia
1093 3397 1145 3442 et
1179 3387 1455 3456 paululum
1501 3385 1821 3446 eminentia,
1855 3394 1908 3439 et
1941 3400 2065 3440 sco-

492 3477 650 3546 pulos
681 3478 952 3547 appellere
989 3477 1209 3546 poterit,
1245 3477 1290 3531 si
1331 3476 1432 3529 hoc
1465 3475 1512 3527 ei
1545 3475 1694 3529 cordi
1731 3474 1893 3530 fuerit
1930 3475 2065 3530 insi-

491 3569 643 3622 diose
680 3569 906 3638 pcrdcre
947 3567 1282 3637 navigantes.
1322 3565 1386 3619 Et
1418 3567 1593 3636 pictor
1645 3566 1830 3621 eadem
1860 3578 1976 3622 arte
2011 3568 2064 3622 in

491 3659 674 3712 tabula
719 3659 1137 3728 pulcherrimam
1189 3658 1414 3713 formam
1466 3661 1724 3724 οδῑεηιίὶῑ,
1775 3670 1827 3715 et
1874 3677 2067 3717 rursus

394 3826 402 3834 ~
491 3751 861 3820 turpissimam
895 3751 1175 3805 evidenter
1207 3751 1452 3807 imitatus
1481 3762 1597 3808 est:
1651 3755 1730 3808 sic
1771 3754 2066 3823 paedotriba

2172 3112 2232 3164 τὸ
2261 3111 2488 3181 σκάφος,
2536 3110 2806 3162 εὑθύνειεν
2850 3107 2913 3162 ἂν
2947 3109 3041 3162 καὶ
3073 3110 3164 3162 ἐπὶ
3199 3111 3455 3182 χοιράδας
3491 3107 3522 3178 ἦ
3552 3105 3718 3158 σκοπέ-

2173 3202 2316 3264 λους,
2365 3204 2412 3254 εί
2455 3201 2610 3253 τοῦτο
2637 3201 2843 3268 γένοιτο
2873 3201 3024 3268 φίλον
3056 3201 3231 3272 αὑτῷ,
3263 3203 3324 3255 τὸ
3367 3203 3431 3255 δι’
3465 3196 3718 3263 ἐπιϐουλῆς

2171 3288 2476 3359 διαφθεῖραι
2518 3285 2642 3352 τοῦς
2672 3290 2952 3352 πλέοντας.
3001 3292 3109 3344 Καὶ
3139 3293 3169 3343 ὁ
3207 3290 3492 3362 ζωγράφος
3521 3291 3581 3358 τῇ
3605 3286 3715 3353 αὑτῇ

2172 3383 2330 3452 τέχνῃ
2351 3383 2446 3452 τήν
2467 3399 2522 3434 τε
2550 3381 2840 3452 καλλίστην
2861 3383 3072 3454 μορφὴν
3094 3384 3189 3437 ἐπὶ
3216 3384 3310 3438 τοῦ
3328 3384 3542 3444 πίνακος
3559 3375 3712 3440 ἔδειξε.

2173 3475 2265 3528 καὶ
2297 3475 2392 3545 τὴν
2417 3473 2698 3543 αἰσχίστην
2733 3475 2892 3528 πάλιν
2922 3474 3168 3545 ἐναργῶς
3199 3477 3504 3547 ἐμιμήσατο
3523 3488 3535 3500 ·
3575 3469 3714 3527 οὕτως

2171 3568 2199 3619 ὁ
2227 3563 2574 3636 παιδοτρίϐης
2601 3566 2659 3618 τὸ
2685 3564 3096 3638 ἐξηρθρωμένον
3132 3568 3303 3636 μέλος
3343 3565 3428 3619 διὰ
3469 3564 3559 3634 τῆς
3598 3560 3716 3612 ἀλει-

2175 3659 2371 3726 πτικῆς
2401 3659 2686 3728 ἐμπειρίας
2717 3659 3002 3728 ἐνήρμοσε,
3038 3658 3133 3711 καὶ
3169 3660 3235 3712 τὸ
3265 3661 3499 3728 ὑγιαῖνον
3530 3657 3573 3707 εί
3611 3650 3710 3722 βού-

2175 3752 2316 3806 λοιτο
2347 3750 2434 3803 διὰ
2461 3752 2558 3820 τῆς
2585 3750 2751 3820 αὑτῆς
2780 3749 2970 3819 τέχνης
3000 3750 3297 3820 ἐξὴρμοσε.

494 3847 608 3898 sive
655 3845 920 3913 palmstraa
969 3845 1244 3915 magister,
1298 3848 1598 3902 membrum
1657 3849 1898 3902 luxatum
1955 3851 2069 3905 sive
2108 3862 2205 3904 sua
2242 3847 2371 3901 sede
2413 3859 2637 3907 metum,
2711 3844 2942 3914 augendi
2994 3847 3187 3916 peritia
3267 3851 3611 3916 congruenter
3645 3849 3713 3890 re-

493 3937 696 4004 stituit;
751 3947 802 3991 et
854 3937 996 4007 quod
1041 3937 1174 3991 bene
1217 3937 1399 3999 habet,
1449 3939 1492 3991 si
1543 3938 1688 4004 vclit,
1741 3938 1926 3993 cadent
1969 3949 2084 3992 arte
2117 3936 2447 3992 deartuabit.

564 4027 626 4080 Et
660 4027 787 4097 quid
821 4043 958 4098 npus
991 4035 1074 4081 est
1099 4027 1310 4096 singula
1341 4029 1674 4082 recensendo
1705 4030 1926 4082 multam
1952 4046 2069 4083 ora-

493 4121 639 4176 tione
665 4120 876 4174 turbam
904 4118 1200 4174 inducere?
1233 4117 1300 4174 Ut
1326 4120 1491 4189 igitur
1516 4119 1600 4176 his
1623 4136 1742 4191 qua:
1772 4121 1915 4174 dicta
1939 4130 2068 4175 sunt

494 4212 673 4265 nullus
705 4209 1117 4272 contradixerit,
1159 4225 1282 4264 eum
1314 4211 1406 4280 qui
1449 4219 1618 4264 artem
1656 4210 1893 4282 aliquam
1921 4212 2051 4266 didi-

491 4305 646 4361 cerit.
690 4306 754 4358 ad
785 4305 835 4357 i-l
863 4302 1006 4375 quod
1035 4311 1118 4357 est
1148 4303 1343 4358 melius
1384 4304 1742 4370 efficiendum,
1780 4320 1941 4374 posse
1969 4320 2062 4359 ea-

2246 4029 2354 4083 Καὶ
2397 4029 2448 4080 τί
2483 4027 2588 4099 χρὴ
2615 4026 2682 4080 τά
2714 4026 2832 4080 καθ’
2874 4015 3098 4080 ἕκαστον
3127 4027 3360 4098 λέγοντα
3403 4025 3557 4078 πολὺν
3582 4020 3706 4090 ὄχλον

2173 4119 2483 4185 ἐπεισάγειν
2517 4115 2591 4185 τῷ
2631 4117 2775 4186 λόγῳ
2805 4135 2818 4183 ;
2875 4116 2962 4179 Ὠς
2985 4116 3160 4170 τοίνυν
3192 4118 3287 4171 ἐπὶ
3316 4115 3421 4169 τῶν
3447 4110 3704 4185 εἰρημένων

2171 4211 2268 4262 οὑκ
2307 4211 2370 4263 ἄν
2403 4227 2484 4271 τις
2516 4209 2776 4272 ἀντείποι,
2808 4207 2899 4260 τὸν
2935 4208 3072 4278 πρὸς
3118 4208 3179 4262 τὸ
3235 4210 3473 4279 κρεῖττον
3504 4201 3702 4272 ἐνεργεῖν

2175 4299 2528 4371 μεμαθηκῦτα
2577 4298 2770 4369 τέχνην
2801 4299 2921 4352 τινά
2965 4298 3222 4353 δύνασθαι
3265 4299 3330 4352 ἂν
3373 4300 3436 4368 τῇ
3481 4294 3600 4362 αὐτῇ
3628 4287 3698 4340 καῖ

491 4399 610 4450 dem
654 4404 767 4450 arte
793 4397 858 4450 azl
891 4412 952 4451 ea
986 4410 1108 4465 qua:
1136 4411 1243 4449 non
1282 4396 1613 4450 conveniunt
1641 4394 1920 4450 cllicienda
1955 4396 2062 4450 uti:

2175 4393 2311 4468 πρὸς
2336 4392 2403 4445 τά
2437 4392 2510 4462 μὴ
2537 4391 2722 4443 δέοντα
2745 4390 3070 4462 χρήσασθαι.
3105 4391 3293 4454 Οὕτως
3323 4389 3493 4459 φαμὲν
3525 4379 3701 4446 καὶτῆς

492 4490 570 4542 sic
603 4489 834 4543 dicimus
869 4489 974 4541 vim
1019 4488 1282 4554 ἐπινοίας,
1321 4490 1818 4553 eommentationis,
1866 4489 1934 4543 ad
1971 4490 2068 4544 ho-

492 4593 620 4630 num
654 4578 870 4645 quidem
921 4592 950 4631 a
986 4576 1093 4632 Deo
1131 4578 1382 4633 humanae
1417 4587 1624 4633 naturae
1658 4579 1882 4634 inditam
1913 4595 2064 4647 esse;

492 4668 840 4723 ahuteutihus
897 4685 1026 4724 vero
1085 4670 1388 4725 inventrice
1442 4671 1698 4724 facultate
1758 4671 2064 4726 ministram
2109 4687 2158 4779 δ

2071 4753 2088 4776 \

2168 4484 2403 4546 ἐπινοίας
2427 4483 2523 4552 τὴν
2545 4483 2770 4552 δύναμιν
2793 4482 2876 4534 ἐπ’
2899 4483 3088 4553 ἀγαθῷ
3117 4483 3219 4553 μὲν
3249 4477 3564 4535 ἐντεθεῖσθαι
3581 4469 3698 4538 παρὰ

2167 4575 2260 4628 τοῦ
2294 4573 2426 4627 Θεοῦ
2468 4577 2532 4645 τῇ
2564 4574 2876 4649 ἀνθρωπίνῃ
2901 4575 3057 4644 φύσει
3087 4591 3098 4602 ⁸
3148 4567 3623 4642 κατακεχρημένων

2169 4666 2328 4720 τινῶν
2358 4669 2422 4736 τῇ
2453 4668 2772 4738 ἐφευρετικῇ
2810 4667 3054 4736 δυνάμει,
3086 4666 3328 4720 διάκονον
3360 4658 3598 4716 πολλάκις
3624 4648 3698 4702 καὶ

493 4771 659 4825 sche'
687 4769 738 4813 et
794 4761 1150 4816 inventricem
1202 4762 1315 4817 ﬁeri
1371 4763 1641 4816 inutilium
1701 4763 2065 4818 inventorum.

2173 4760 2428 4829 συνεργὸν
2449 4759 2694 4828 γίνεσθαι
2720 4760 2826 4811 τῶν
2850 4760 3136 4827 ἀνωφελῶν
3162 4756 3495 4830 εὑρημάτων.
3526 4741 3699 4799 Οὐκοῦν

494 4847 858 4914 Quamobrem
901 4866 1006 4904 non
1054 4853 1308 4920 quoniam
1343 4851 1477 4906 falsa
1521 4860 1574 4908 ct
1606 4868 1711 4908 non
1752 4853 2069 4908 exsistentia

493 4939 849 5010 probabiliter
904 4951 1079 5008 potest
1117 4943 1325 4997 ἐπίνοια
1381 4944 1712 5016 conﬁngere,
1772 4946 1893 5002 ideo
1950 4962 2070 5017 qum

493 5049 619 5088 vere
652 5040 780 5088 sunt
805 5041 857 5086 et
894 5049 1017 5088 vere
1049 5037 1318 5104 substaut,
1354 5039 1685 5101 perscrutari
1718 5054 1824 5094 non
1859 5049 2065 5110 potest;

493 5127 586 5181 sed
619 5127 731 5181 hzec
764 5127 881 5197 ipsa
933 5127 1176 5196 aptitudo
1206 5136 1259 5181 et
1298 5130 1552 5186 habilitas
1591 5146 1752 5202 quam
1806 5131 1966 5188 habet
2000 5133 2066 5186 ad

491 5217 783 5285 ejusmodi,
833 5217 1004 5286 aequis
1034 5223 1088 5272 et
1124 5216 1278 5272 bonis
1334 5217 1606 5274 facultatis
1645 5220 1709 5272 ad
1748 5220 1879 5274 illud
1911 5221 2064 5276 testi-

495 5309 735 5361 monium
762 5316 864 5363 est.
891 5307 1044 5374 Quod
1068 5308 1211 5364 enim
1237 5309 1572 5378 propositum
1597 5319 1680 5364 est
1703 5309 1766 5362 ad
1791 5324 2066 5379 pavorem,

491 5401 574 5452 vel
627 5400 792 5453 animi
846 5400 1261 5455 oblectationem
1301 5399 1534 5468 aliquam
1580 5398 1890 5453 videntibus
1921 5399 2070 5452 cien-
2104 5445 2115 5454 .

492 5489 616 5545 dam
653 5499 704 5542 et
739 5493 1076 5555 movendam,
1122 5481 1580 5547 commentatione
1625 5505 1730 5544 non
1765 5504 1954 5546 carere
2001 5491 2067 5546 ad

494 5580 548 5633 id
598 5576 935 5632 clii-iendum
988 5581 1132 5651 quod
1165 5582 1533 5661 _elaboratur;
1589 5581 1682 5637 sed
1742 5581 1821 5636 vel
1871 5580 2069 5636 multas

496 5682 690 5722 manus
721 5678 771 5722 et
799 5669 961 5722 multa
993 5672 1167 5741 capita
1192 5672 1455 5728 habentes
1483 5672 1750 5739 homines,
1778 5673 1858 5728 vel
1891 5672 2066 5745 ignem

2169 4851 2268 4904 οὑκ
2301 4849 2484 4919 ἐπειδὴ
2516 4849 2736 4904 δύναται
2781 4849 2849 4902 τά
2889 4849 3055 4920 ψευδῆ
3106 4852 3200 4903 καὶ
3234 4847 3538 4914 ἀνύπαρκτα
3562 4832 3692 4887 πιθα-

2170 4943 2272 5005 νῶς
2387 4943 2594 4994 ἐπίνοια
2623 4941 2990 5005 διαπλάσσειν,
3032 4941 3118 4994 διά
3148 4939 3301 4993 τοῦτο
3327 4936 3390 4990 τά
3414 4933 3562 4988 ὅντως
3592 4922 3692 4974 ὄντα

2172 5035 2262 5087 καὶ
2319 5033 2530 5104 άληθῶς
2587 5035 2873 5102 ὑφεστῶτα
2922 5033 3291 5107 διερευνᾶσθαι
3353 5027 3409 5080 οὑ
3466 5020 3685 5114 δύναιαξ

2170 5127 2282 5179 ἀλλ’
2315 5128 2345 5196 ἡ
2387 5125 2517 5194 πρὸς
2547 5127 2604 5177 τὸ
2637 5125 2871 5177 τοιοῦτον
2911 5126 3298 5196 ἐπιτηδειότης,
3328 5110 3577 5206 μαρτυρίῆ
3602 5112 3690 5206 τίξιί

2173 5218 2472 5286 εὐγνώμοσι
2495 5217 2589 5278 τῆς
2619 5217 2755 5284 πρὸς
2781 5218 2952 5269 ἐκεῖνο
2977 5216 3253 5287 δυνάμεως
3279 5213 3488 5280 γίνεται.
3517 5198 3578 5252 Τδ
3601 5203 3686 5290 τις)

2173 5309 2501 5378 προθέμενον
2539 5323 2639 5359 κατ
2659 5305 2875 5376 ’πληξιν
2904 5308 3014 5368 τοῖς
3043 5307 3237 5376 ὁρῶσιν
3266 5303 3295 5372 ῆ
3331 5291 3568 5367 Θυμηδίαν
3589 5291 3683 5388 τξνα

2176 5399 2587 5472 μηχανήσασθαι
2632 5398 2731 5466 τῆς
2781 5399 2914 5468 πρὸς
2944 5399 3002 5451 τὸ
3035 5392 3458 5463 σπουδαζόμείθθψ
3483 5384 3678 5472 ἐπινοίᾳ

2175 5489 2248 5560 μὴ
2275 5491 2580 5558 ἀπορῆσαι-
2630 5489 2801 5566 ἁλλνῆ
2839 5489 3164 5560 πολύχειράς
3193 5479 3393 5548 τινα,ςῆ
3428 5469 3680 5528 πολυκεφα·

2170 5583 2313 5644 λουξη
2347 5581 2379 5650 ἦ
2415 5579 2523 5650 πῦρ
2560 5579 2836 5643 πνέοντας,
2866 5580 2898 5651 ἢ
2930 5581 3234 5652 δρακόντων
3263 5571 3424 5630 ὁλκοῖς
3445 5563 3675 5652 cavsam:

2176 5673 2440 5746 ραμένους
2475 5673 2829 5744 εὶδοποιῆσειι,
2865 5673 2895 5744 ἢ
2935 5672 3069 5745 πρὸς
3101 5672 3159 5727 τὸ
3204 5666 3378 5742 μεῖζον
3413 5653 3578 5720 ἐξᾶραι
3600 5636 3674 5704 τὴν
