4054 6152
344 284 454 344 97'5

1465 293 1747 350 CONTRA
1781 292 2170 366 EUNOMIUM,
2213 296 2338 350 LIB.
2382 297 2498 352 xu.

3508 308 3613 364 9'”

348 405 708 478 σύμμετρίαν,
733 406 766 477 ἦ
788 406 1177 461 διακολοὸῶσαι
1203 408 1338 482 πρὸς
1358 410 1419 463 τὸ
1440 411 1648 479 γελοῖον
1667 411 1735 464 τά
1761 412 1934 483 μέτρα

2052 415 2336 485 spirantes,
2373 416 2455 469 vel
2496 415 2799 472 draconum
2843 418 3008 488 spiris
3049 417 3326 483 involutos
3357 419 3617 480 simulare

345 499 447 570 τῆς
476 499 710 568 φύσεως,
744 499 776 571 ἢ
807 501 989 570 πηγὰς
1010 505 1134 565 τοὺς
1159 501 1479 575 ἀνθρώπους
1509 505 1599 557 καὶ
1625 505 1814 576 δένδρα
1838 507 1933 558 καὶ

346 589 512 661 ὄρνεα
544 591 792 656 γενέσθαι
837 591 925 645 διὰ
975 593 1274 665 μεταϐολῆς
1315 596 1699 667 διηγήσασθαι,
1751 599 1820 652 δι’
1861 592 1935 652 ὧν

346 684 466 735 ἔστι
507 683 861 752 ψυχαγωγίαν
904 685 1026 738 τινὰ
1072 687 1197 749 τοὺς
1246 687 1332 740 διὰ
1374 688 1481 740 τῶν
1525 688 1782 743 τοιούτων
1813 690 1935 760 ἡδο-

351 773 547 842 μένους
587 773 769 844 εὑρεῖν
794 787 810 801 ⁶
859 777 1262 848 ἐναργεστάτην
1295 777 1570 842 ἀπόδειξιν
1603 774 1743 832 εἶναί
1793 797 1936 850 φημι

347 861 442 915 τοῦ
483 865 575 915 καὶ
606 865 675 916 τὰ
703 864 936 936 κρείττω
965 867 1072 919 τῶν
1105 867 1443 939 μαθημάτων
1469 868 1728 922 δύνασθαι
1756 869 1822 924 ἂν
1848 870 1936 925 διά

348 958 448 1025 τῆς
490 955 780 1025 εὑρετικῆς
817 956 1097 1026 δυνάμεως
1144 961 1498 1027 κατανοῆσαι.
1553 959 1626 1011 Ού
1657 960 1768 1031 γὰρ
1800 960 1937 1031 πρὸς

353 1044 454 1115 μὲν
494 1045 594 1116 τὴν
643 1045 751 1098 τῶν
783 1046 1146 1118 ἀνυπάρκτων
1179 1046 1464 1100 διάπλασιν
1494 1047 1714 1118 ἐντελὴς
1747 1051 1879 1119 ἡμῖν
1910 1051 1938 1102 ὁ

349 1135 474 1198 νοῦς
503 1137 652 1206 παρά
669 1136 761 1189 τοῦ
791 1137 1079 1200 δεδωκότος
1101 1138 1416 1208 ἐμπέφυκε·
1453 1140 1588 1208 πρὸς
1620 1139 1677 1192 δὲ
1705 1140 1804 1213 τὴν
1829 1141 1938 1194 τῶν

348 1218 685 1300 ψύχωφελῶν
734 1229 982 1300 εὕρεσιν,
1031 1229 1287 1300 οὐδεμίαν
1335 1231 1560 1301 δύναμιν
1616 1232 1938 1303 ποριστικὴν

349 1322 458 1374 τῶν
510 1321 929 1374 λυσιτελούντων
975 1323 1338 1394 κεκλήρωται.
1399 1323 1560 1376 ’Λλλά
1606 1323 1858 1395 καθάπερ
1903 1326 1937 1394 ἡ

351 1411 625 1482 ὁρμητικη
660 1412 750 1464 καὶ
779 1413 1133 1482 προαιρετική
1163 1413 1263 1483 τῆς
1294 1413 1470 1483 ψυχῆς
1504 1412 1663 1484 ἡμῶν
1688 1413 1938 1484 δύναμις,

353 1503 498 1556 κατά
534 1503 632 1572 μέν
683 1503 743 1554 τὸ
774 1504 1180 1575 προηγούμενον
1231 1505 1365 1576 πρὸς
1405 1505 1504 1575 τὴν
1531 1504 1638 1558 τῶν
1669 1505 1849 1558 καλῶν
1879 1522 1939 1558 τε

354 1597 450 1647 καὶ
467 1595 684 1663 ἀγαθῶν
700 1593 882 1662 ἔφεσιν
902 1597 1096 1662 ἐγκατε
1106 1596 1375 1665 σκευάσθη
1392 1599 1458 1667 τῇ
1475 1596 1654 1665 φύσει’
1675 1597 1939 1666 χρήσαιτο

354 1687 400 1738 δ’
435 1685 499 1738 ἀν
533 1703 614 1748 τις
645 1685 738 1738 καὶ
762 1685 896 1756 πρὸς
911 1685 978 1738 τΞι
1010 1685 1083 1756 μὴ
1106 1684 1293 1739 δέοντα
1327 1689 1394 1757 τῇ
1425 1685 1653 1758 τοιαύτῃ
1687 1689 1897 1756 κινήσει
1922 1703 1937 1717 ·

2037 515 2089 560 ει
2123 507 2343 576 lingere,
2373 508 2454 562 vel
2485 509 2540 561 in
2571 508 2749 578 majus
2791 518 3056 565 staturam
3083 511 3360 575 extollere,
3401 515 3486 568 vel
3517 531 3609 570 na.

2037 605 2174 651 turre
2201 598 2390 652 modos
2418 598 2482 650 ad
2521 598 2810 654 ridiculum
2837 601 3144 666 decurtare,
3177 603 3259 656 vel
3293 603 3542 660 homines
3565 608 3617 660 in

2037 690 2238 751 fontes,
2265 696 2319 744 et
2351 690 2596 753 artiores,
2643 700 2696 744 et
2735 706 2865 746 aves
2904 691 3328 748 transformatos
3371 710 3617 758 narrare,

2037 793 2134 848 per
2158 792 2279 848 quae
2303 779 2427 833 licet
2457 794 2552 833 eos
2593 781 2686 848 qui
2729 782 2931 838 talibus
2959 781 3302 839 delectantur
3331 785 3498 839 animi
3529 801 3622 841 so-

2037 871 2228 925 latium
2260 870 2477 940 aliquod
2510 883 2564 926 et
2603 873 2914 928 illecebram
2967 875 3233 939 invenire,
3273 875 3622 934 evidentissi-

2039 975 2183 1014 mum
2219 975 2342 1016 esse
2386 971 2766 1032 argumentum
2801 963 2948 1029 dico,
3003 960 3240 1034 aliquem
3292 981 3458 1036 posse
3499 985 3623 1038 quae

2039 1051 2250 1120 majora
2284 1060 2415 1106 sunt
2438 1059 2490 1105 et
2522 1055 2900 1121 praestantiora
2935 1056 2988 1109 in
3019 1055 3351 1127 disciplinis,
3403 1059 3507 1114 hac
3538 1061 3624 1114 in-

2038 1142 2280 1196 ventrice
2327 1143 2588 1198 facultate
2627 1146 2961 1215 excogitare.
2996 1146 3115 1202 Non
3147 1149 3292 1203 enim
3323 1150 3392 1204 ad
3430 1166 3621 1207 eorum

2039 1247 2162 1301 qua:
2200 1247 2308 1287 non
2354 1233 2666 1288 subsistunt
2702 1234 2954 1305 figmenta
2997 1238 3239 1305 perfecta
3273 1240 3437 1298 nobis
3469 1259 3624 1298 mens

2041 1324 2109 1378 ab
2157 1339 2222 1378 eo
2261 1325 2354 1394 qui
2403 1323 2572 1386 dedit,
2621 1325 2938 1394 ingenerata
2985 1335 3098 1392 est;
3143 1328 3210 1382 ad
3259 1345 3450 1384 eorum
3493 1347 3625 1386 vero

2040 1430 2162 1484 qua:
2187 1416 2428 1468 animum
2471 1415 2686 1484 juvant,
2720 1415 3115 1482 inventionem,
3159 1419 3364 1473 nullam
3401 1419 3628 1476 faculta-

2043 1512 2148 1558 tem
2188 1503 2400 1558 utilium
2431 1506 2914 1575 suppeditatricem
2953 1489 3144 1564 sortita
3175 1518 3279 1564 est.
3305 1508 3411 1565 Sed
3437 1528 3627 1582 quem-

2043 1595 2335 1651 admodum
2367 1598 2650 1666 impultrix
2673 1606 2725 1652 et
2747 1600 2968 1654 electrix
2998 1601 3165 1655 animi
3194 1604 3366 1658 nostri
3392 1602 3652 1667 facultas,

2044 1687 2318 1758 praecipue
2352 1687 2419 1742 ad
2471 1688 2828 1743 honestorum
2862 1699 2915 1744 et
2962 1692 3228 1747 bonorum
3263 1695 3559 1764 appetitum
3593 1713 3626 1751 a

357 1779 451 1833 καὶ
502 1779 600 1830 οὑκ
631 1779 694 1832 ἄν
737 1797 818 1843 τις
867 1778 1011 1832 εἴποι
1055 1775 1148 1830 τοῦ
1198 1777 1334 1849 πρὸς
1389 1777 1554 1847 μηδὲν
1597 1777 1800 1846 ἀγαθὸν
1845 1779 1944 1848 τὴν

2052 1786 2242 1831 natura
2270 1779 2539 1832 instructa
2573 1789 2678 1843 est,
2709 1781 2844 1834 nihil
2885 1790 3064 1838 tamen
3095 1783 3322 1854 impedit
3351 1786 3485 1854 quin
3527 1787 3628 1840 ali—

356 1872 678 1942 προαίρεσιν
709 1871 916 1941 ῥέπειν,
946 1872 1244 1941 τεκμήριον
1274 1866 1492 1923 εἶναιτὸ
1513 1871 1650 1941 πρὸς
1674 1869 1741 1922 τά
1763 1869 1943 1940 φαῦλά

358 1981 487 2016 ποτε
515 1965 613 2032 τὴν
643 1964 815 2034 ῥοπὴν
839 1963 983 2033 ἔχειν
1015 1980 1028 1992 ·
1080 1962 1252 2026 οὕτως
1282 1963 1431 2032 καὶὴ
1468 1962 1595 2033 περὶ
1629 1964 1696 2015 τὰ
1739 1961 1943 2032 μάταιά

354 2072 415 2108 τε
449 2055 540 2107 καὶ
588 2054 819 2124 ἀνόνητα
852 2055 947 2124 τῆς
983 2055 1219 2117 ἐπινοίας
1267 2054 1497 2125 κίνησις,
1546 2054 1606 2106 οὑ
1641 2053 1943 2124 κατηγορία

355 2147 458 2216 τῆς
493 2147 627 2218 πρὸς
657 2147 718 2200 τὸ
751 2148 1019 2218 χρήσιμον
1069 2146 1371 2215 ἀδυναμίας
1423 2146 1594 2208 ἐστὶν,
1649 2145 1766 2198 ἀλλ’
1809 2143 1944 2196 ἀπό-

357 2238 525 2303 δειξις
575 2236 781 2305 γίνεται
831 2236 924 2290 τοῦ
972 2237 1068 2290 καὶ
1117 2236 1253 2307 πρὸς
1301 2237 1366 2288 τὰ
1405 2233 1700 2306 ψυχωφελῆ
1752 2251 1810 2286 τε
1851 2233 1944 2287 καὶ

358 2332 636 2398 ἀναγκαῖα
670 2329 742 2402 μὴ
776 2329 1058 2399 ἄπρακτος
1097 2325 1257 2382 εἶναι.
1307 2329 1392 2392 Ὠς
1423 2327 1532 2397 γὰρ
1569 2325 1790 2396 ἐξεῦρεν
1829 2328 1944 2378 ἐκεῖ

359 2423 420 2475 τὸ
449 2423 582 2493 πρὸς
609 2423 798 2494 ἡδονὴν
823 2422 853 2491 ἥ
879 2420 1233 2491 κατάπληξιν,
1259 2419 1430 2484 οὕτως
1457 2419 1547 2473 καὶ
1575 2417 1808 2471 ἐνταῦθα
1832 2418 1943 2470 τῶν

360 2515 499 2586 πρδς
539 2515 634 2586 τὴν
668 2503 922 2584 ἀλήθειαν
953 2513 1157 2581 ἐφόδων
1189 2512 1287 2582 οὑχ
1329 2513 1727 2582 ἁμαρτήσεται.
1766 2509 1862 2563 Ἓν
1887 2509 1943 2562 δὲ

359 2607 470 2661 τῶν
503 2607 846 2679 ζητουμένων
876 2602 963 2677 ἦν,
998 2607 1044 2657 εἰ
1089 2603 1148 2657 τὸ
1187 2603 1397 2676 πρῶτον
1442 2601 1634 2664 αἴτιον,
1679 2602 1707 2654 ὅ
1741 2604 1888 2655 ἐστιν
1915 2601 1944 2652 ὁ

361 2698 514 2760 Θεὸς,
543 2698 792 2772 ἀνάρχως
825 2697 991 2762 ἐστὶν,
1034 2696 1068 2768 ἡ
1101 2713 1244 2758 τινος
1288 2695 1459 2766 ἀρχῆς
1491 2692 1796 2763 ἐξημμένον
1831 2691 1944 2761 ἔχει

360 2791 421 2842 τὸ
457 2786 615 2840 εἶναι.
662 2787 1069 2849 Καταλαϐὀντες
1104 2787 1160 2839 δέ
1187 2790 1252 2856 τῇ
1299 2787 1528 2857 διανοίᾳ,
1569 2787 1653 2857 μὴ·
1687 2786 1944 2839 δύνασθαι

364 2877 582 2947 πρῶτον
614 2872 753 2928 εἶναι
797 2875 865 2943 τὸ,
909 2875 969 2940 ἐξ
1001 2876 1188 2946 ἐτέρου
1234 2877 1540 2946 νοούμενον,
1574 2879 1945 2948 ἐπενοήσαμεν

363 2970 541 3040 ὄνομα
569 2970 670 3040 τῆς
693 2969 947 3037 τοιαύτης
978 2969 1286 3045 ἐμφατικῆς
1330 2969 1673 3040 ὑπολήψεως,
1717 2970 1810 3022 καί
1840 2987 1945 3038 φα·

367 3080 470 3134 μεν
517 3063 608 3114 τὸν
663 3063 790 3116 ἄνευ
833 3062 1012 3125 αἰτίας
1053 3061 1454 3131 ὑπερκειμένης
1497 3061 1657 3126 ὄντα,
1695 3061 1947 3131 ἀνάρχως

367 3155 544 3206 εἴτουν
573 3154 880 3224 ἀγεννήτως
908 3151 1075 3206 εἶναι’
1132 3153 1222 3206 τὸν
1250 3154 1304 3206 δὲ
1337 3151 1507 3216 οὑτως
1537 3153 1688 3220 ὄντα,
1721 3153 1949 3224 ἀγέννη-

366 3261 460 3297 τον
491 3243 584 3296 καλ.
630 3244 862 3313 ἄναρχον
893 3243 1274 3315 ὠνομάσαμεν,
1323 3244 1383 3296 οὑ
1434 3243 1488 3296 τί
1516 3243 1684 3309 ἐστιν,
1733 3245 1868 3298 ἀλλὰ
1897 3246 1950 3298 τί

367 3337 469 3390 οὑκ
494 3335 662 3401 ἐστιν,
691 3336 778 3390 διὰ
803 3336 896 3390 τοὺ
924 3336 1188 3406 ὀνόματος
1222 3335 1637 3407 ἐνδεικνύμενοι.
1681 3336 1766 3399 Ὠς
1809 3337 1851 3390 δ’
1885 3337 1951 3391 ἂν

374 3428 610 3499 μάλιστα
637 3429 946 3498 καταφανὲς
980 3427 1040 3481 τὸ
1069 3426 1236 3497 ὄνομα
1261 3427 1492 3495 γένοιτο,
1533 3427 1600 3480 δι’
1631 3427 1952 3498 ὑποδείγμα-

371 3537 461 3583 τος
489 3520 878 3591 ἐναργεστέρου
913 3519 1264 3590 παραστῆσαι
1314 3519 1682 3590 πειράσομαι..
1710 3519 1954 3573 Δεδόσθω

373 3613 502 3682 περὶ
526 3612 741 3684 δένδρου
766 3612 911 3676 τινὸς
948 3609 1088 3665 εἶναι
1129 3611 1227 3682 τὴν
1257 3610 1503 3682 ζήτησιν,
1538 3613 1649 3664 εἴτε
1695 3613 1953 3680 φυτευτόν

372 3707 542 3771 ἐστιν,
571 3705 604 3776 ἢ
631 3705 950 3776 αὐτομάτως
973 3704 1280 3775 γενόμενον.
1315 3705 1376 3756 Εἰ
1406 3704 1504 3776 μὲν
1529 3698 1618 3757 οὖν
1648 3704 1711 3757 ἐκ
1732 3704 1956 3774 φυτείας

373 3797 484 3868 εῐη,
511 3798 771 3865 φυτευτὸν
805 3797 1022 3859 πάντως
1059 3795 1432 3868 προσεροῦμεν
1453 3797 1513 3848 τὸ
1545 3795 1782 3866 δένδρον,
1814 3797 1862 3849 εί
1899 3797 1956 3850 δὲ

377 3889 718 3958 αὐτομάτως,
771 3890 1073 3958 ἀφύτευτον
1105 3906 1119 3918 ·
1177 3887 1238 3940 τὸ
1275 3887 1338 3959 δὴ
1372 3886 1611 3942 τοιοῦτον
1654 3887 1822 3956 ὄνομα
1867 3890 1958 3942 καὶ

374 3980 475 4049 τῆς
503 3979 761 4050 ἀληθείας
804 3981 863 4033 οὑ
891 3979 1293 4050 διασφάλλεται.
1341 3979 1562 4044 Πάντως
1594 3979 1757 4052 γάρῆ
1786 3979 1958 4052 οὕτως

378 4073 411 4143 ἢ
444 4072 646 4143 ἑτέρως
694 4072 845 4125 ἔσται
882 4072 941 4126 τὸ
973 4072 1207 4144 δένδρον,
1252 4073 1344 4127 καὶ
1370 4071 1462 4125 τοῦ
1496 4072 1666 4142 φυτοῦ
1697 4073 1795 4142 τὴν
1828 4072 1960 4124 ἰδιά-

379 4163 576 4228 ζουσαν
625 4163 722 4215 οὑκ
767 4162 1096 4216 ἐνδείκνυται
1145 4163 1325 4232 φύσιν.
1381 4165 1454 4216 Τὸ
1508 4166 1606 4234 μὲν
1654 4163 1763 4235 γὰρ
1801 4163 1960 4215 αὑτο·

380 4255 532 4326 φυῶς
565 4251 722 4320 εἶναι,
746 4253 832 4307 διὰ
860 4253 951 4307 τοὺ
986 4254 1286 4323 ἀφυτεύτου
1324 4255 1602 4325 ἐμάθομεν
1623 4271 1634 4284 ⁸
1671 4255 1720 4306 εί
1748 4253 1802 4306 δέ
1832 4252 1962 4306 πλά-

380 4357 560 4410 τανος,
589 4347 622 4416 ἢ
650 4345 912 4416 ἄμπελος,
937 4346 969 4415 ἢ
992 4345 1117 4399 ἄλλο
1139 4365 1190 4399 τι
1219 4346 1329 4400 τῶν
1352 4346 1606 4399 τοιούτων
1639 4345 1819 4414 φυτῶν
1847 4347 1961 4398 ἐστι

2043 1863 2168 1933 quis
2196 1865 2288 1919 tali
2318 1865 2648 1936 impulsione
2675 1867 2740 1921 ad
2765 1885 2827 1922 ea
2858 1886 2980 1939 qua:
3006 1887 3110 1926 non
3135 1873 3293 1928 decet
3318 1875 3394 1927 uti
3431 1876 3606 1944 possit

2043 1967 2220 2023 neque
2262 1956 2388 2026 quis
2431 1956 2651 2020 dixerit,
2702 1969 2911 2014 certum
2948 1973 3330 2033 argumentum
3366 1976 3420 2020 et
3463 1965 3628 2022 indu-

2043 2045 2272 2099 bitatmn
2297 2046 2513 2116 signum
2540 2065 2661 2104 esse
2691 2052 2836 2120 quod
2869 2053 3063 2108 electio
3091 2055 3300 2110 rmllum
3327 2057 3396 2111 ad
3425 2059 3628 2112 bonum

2044 2145 2253 2206 vergat,
2283 2139 2409 2208 quia
2446 2140 2512 2191 ad
2549 2141 2690 2194 mala
2720 2143 3017 2212 aliquando
3062 2157 3399 2202 momentum
3434 2150 3632 2206 habeat

2043 2236 2096 2282 et
2125 2227 2400 2283 declinet:
2429 2229 2507 2284 sic
2537 2230 2699 2285 etiam
2744 2233 2872 2287 licet
2912 2234 2979 2288 ad
3021 2235 3204 2291 inania
3240 2247 3293 2292 et
3332 2238 3507 2294 futilia
3545 2242 3632 2296 in-

2044 2319 2188 2390 genii
2232 2321 2453 2375 solertia
2497 2333 2800 2386 moveatur,
2849 2326 2973 2380 inde
3022 2335 3202 2382 tamen
3235 2333 3485 2389 accusari
3521 2347 3632 2386 non

2044 2409 2205 2466 debet
2249 2411 2588 2482 impotentim
2635 2415 2702 2468 ad
2759 2415 2813 2470 id
2848 2416 2992 2485 quod
3033 2418 3164 2472 utile
3198 2427 3283 2474 cst
3322 2429 3373 2474 et
3403 2420 3630 2488 bonum,

2046 2502 2158 2558 imo
2191 2518 2322 2558 vero
2386 2504 2438 2558 id
2485 2513 2668 2574 aperte
2715 2506 3078 2570 demonstrat,
3121 2509 3268 2578 quod
3316 2511 3432 2566 tunc
3467 2512 3537 2566 ad
3567 2529 3633 2569 ea

2045 2607 2167 2662 qua:
2222 2596 2406 2648 animo
2459 2603 2688 2663 prosunt
2735 2605 2787 2650 et
2835 2582 3148 2654 necessaria
3203 2609 3352 2665 sunt,
3405 2618 3514 2656 non
3563 2605 3636 2659 sit

2045 2683 2223 2737 Otiosa
2254 2692 2307 2738 et
2336 2686 2504 2742 iners.
2537 2686 2603 2740 Ut
2631 2688 2774 2742 enim
2809 2689 2919 2743 illic
2951 2690 3178 2755 invenit,
3204 2695 3347 2761 quod
3384 2695 3448 2747 ad
3479 2697 3636 2750 volu-

2047 2782 2251 2845 ptatem
2278 2777 2363 2832 vel
2397 2763 2676 2848 stuporem
2709 2779 2945 2844 confert,
2996 2782 3077 2837 sic
3112 2785 3276 2837 etiam
3310 2785 3398 2837 hic.
3441 2786 3510 2840 ab
3548 2786 3637 2842 his

2047 2885 2170 2938 quae
2225 2869 2293 2924 ad
2339 2871 2619 2926 veritatem
2677 2873 2818 2927 viam
2863 2883 3138 2940 sternunt,
3192 2893 3297 2931 non
3333 2879 3633 2934 aberrabit.

2049 2960 2252 3015 Eorum
2309 2971 2488 3016 autem
2547 2981 2668 3032 qua:
2731 2966 3118 3035 qumrcbautur
3164 2977 3282 3021 erat
3331 2985 3522 3034 unum,
3589 2972 3636 3026 si

2052 3053 2228 3123 prima
2283 3069 2452 3109 causa
2501 3072 2622 3125 quae
2668 3057 2808 3112 Deus
2849 3066 2953 3122 est,
2999 3059 3209 3128 origine
3245 3070 3413 3126 caret,
3456 3061 3538 3116 vel
3571 3077 3639 3116 ex

1999 3144 2018 3166 ‘
2052 3145 2238 3215 aliquo
2288 3146 2562 3217 principio
2610 3148 2925 3219 dependens
2965 3152 3130 3206 habet
3165 3168 3307 3208 esse.
3341 3153 3411 3206 At
3459 3163 3640 3208 mente

2053 3237 2437 3308 percipientcs,
2484 3253 2590 3291 non
2626 3254 2788 3307 posse
2816 3239 3045 3308 primam
3094 3258 3316 3297 causam
3346 3260 3468 3300 esse
3495 3247 3638 3315 quod

2053 3345 2115 3384 ex
2161 3329 2335 3383 altero
2372 3329 2712 3398 intelligitur,
2762 3333 3194 3401 excogitavimus
3241 3351 3437 3390 tuomen
3473 3337 3642 3404 huius

2053 3436 2328 3491 expressae
2356 3421 2596 3476 notionis
2621 3421 3035 3490 derlarativum,
3063 3435 3119 3481 et
3145 3427 3380 3485 dicimus
3403 3444 3526 3483 eum
3549 3432 3641 3498 qui

2054 3519 2137 3566 est
2171 3513 2380 3583 absque
2427 3513 2872 3584 supereminente
2917 3532 3110 3583 causa,
3153 3519 3272 3574 sine
3321 3521 3538 3590 origine
3589 3532 3646 3576 et

2058 3605 2349 3676 principio,
2382 3607 2498 3662 sive
2525 3609 2778 3676 ingenito
2807 3610 2968 3666 modo
2997 3627 3142 3666 esse.
3178 3611 3314 3667 Eum
3337 3622 3520 3669 autem
3552 3616 3646 3684 qui

2057 3698 2137 3754 sic
2165 3706 2267 3764 est,
2302 3701 2597 3772 ἀγέννητον
2623 3703 2716 3758 καὶ
2742 3703 2998 3778 ἄναρχον,
3031 3704 3084 3760 id
3109 3717 3216 3773 est,
3258 3709 3550 3779 ingenitum
3587 3719 3641 3764 et

2059 3801 2323 3845 carentem
2352 3793 2631 3862 principio,
2659 3796 3096 3858 nominavimus:
3129 3815 3236 3855 non
3257 3801 3386 3868 quid
3416 3809 3522 3862 est.
3550 3800 3647 3856 sed

2060 3886 2190 3956 quid
2224 3900 2330 3939 non
2360 3895 2446 3940 est
2474 3885 2577 3941 hoc
2609 3885 2830 3942 nomine
2858 3887 3201 3958 indicantes;
3235 3900 3294 3945 ut
3325 3898 3506 3946 autem
3541 3892 3647 3946 hoc

2061 3992 2256 4032 nomen
2321 3976 2627 4030 clarissime
2683 3977 2977 4046 elucescat,
3039 3982 3289 4050 exeutplo
3342 3983 3648 4038 illustriore

2063 4069 2306 4122 conabor
2328 4065 2544 4124 docere.
2573 4067 2737 4122 Detur
2765 4069 2832 4126 de
2857 4071 3038 4142 aliqua
3071 4073 3267 4130 arbore
3292 4076 3647 4146 quaestionem

2061 4175 2204 4223 esse,
2239 4169 2418 4215 utrum
2452 4160 2620 4215 sativa
2667 4171 2750 4219 est
2785 4178 2852 4216 an
2887 4172 3082 4232 sponte
3119 4173 3244 4218 nata
3276 4175 3329 4220 et
3377 4165 3651 4234 agrestis?

2065 4253 2120 4305 Si
2154 4251 2322 4323 igitur
2351 4269 2416 4307 ex
2447 4251 2785 4321 plantatione
2820 4253 3005 4317 fuerit,
3042 4256 3270 4310 salivam
3305 4271 3532 4325 prorsus
3565 4271 3652 4310 ar—

2066 4343 2251 4397 borem
2278 4345 2775 4412 pronuntiabimus,
2805 4346 2851 4401 si
2878 4357 3076 4416 sponte
3101 4347 3221 4400 fusa
3248 4353 3301 4401 et
3334 4345 3501 4411 edita,
3537 4362 3652 4401 non

380 4439 442 4490 τὸ
481 4437 827 4508 δηλούμενον,
861 4435 948 4488 διὰ
980 4436 1078 4506 τῆς
1107 4435 1362 4508 τοιαύτης
1402 4434 1700 4506 ὀνομασίας
1729 4433 1830 4487 οὑκ
1860 4434 1950 4487 ἐδι-

2069 4435 2332 4488 sativam:
2376 4435 2486 4489 tale
2540 4451 2738 4490 nomen
2787 4452 2819 4490 a
2851 4437 3079 4492 veritate
3121 4453 3231 4492 non
3263 4437 3500 4499 aberrat,
3534 4453 3655 4492 om-

381 4529 684 4601 δάχθημεν.

2071 4528 2201 4581 nino
2246 4528 2414 4589 enim,
2477 4528 2559 4582 vel
2612 4529 2714 4594 sic,
2769 4529 2855 4584 vel
2906 4528 3064 4583 aliter
3095 4529 3409 4592 eritarbor,
3455 4529 3656 4600 plantae

383 4633 566 4678 autem
633 4630 882 4674 ruituram
953 4619 1276 4692 peculiarem
1347 4633 1454 4673 non
1517 4617 1758 4685 iudicat;
1831 4631 1955 4670 nam
1998 4625 2191 4686 sponte
2224 4625 2406 4670 natam
2443 4617 2693 4672 arborem
2725 4633 2870 4683 esse,
2901 4619 3028 4686 quia
3060 4633 3170 4672 non
3237 4618 3312 4674 sit
3341 4627 3477 4683 sata,
3539 4620 3657 4675 sive

384 4713 656 4793 planlaia,
708 4719 1034 4783 didicimus;
1081 4717 1127 4770 si
1158 4723 1337 4770 autem
1382 4716 1660 4786 platanus,
1729 4715 1815 4770 vel
1887 4715 2036 4779 vitis,
2077 4715 2160 4770 vel
2207 4715 2396 4768 talium
2456 4714 2765 4784 plantarum
2806 4722 2894 4776 est
2934 4729 2998 4769 ea
3037 4730 3158 4786 qua:
3186 4713 3518 4780 declaratur,
3559 4730 3658 4786 per

384 4822 551 4876 talem
582 4816 1013 4871 nominationem
1047 4828 1156 4866 non
1189 4811 1503 4866 didicimus.

460 4913 522 4964 El
543 4910 608 4981 δὴ
638 4909 885 4978 νενόηται
919 4906 980 4960 τὸ
1005 4905 1328 4974 ὑπόδειγμα,
1363 4904 1552 4976 καιρὸς
1580 4900 1644 4957 άν
1680 4902 1768 4974 εἴη
1802 4921 1965 4974 μετα·

386 5004 610 5058 ϐιϐάσαι
637 5002 727 5056 τὸν
753 5000 909 5069 λόγον
940 4999 1032 5052 ἐπὶ
1076 4996 1136 5054 τὸ
1167 4997 1398 5066 πρᾶγμα
1442 4990 1502 5049 οὑ
1547 4995 1608 5048 τὸ
1641 4995 1964 5065 ὑπόδειγμα.

389 5096 464 5149 Τὸ
492 5095 707 5166 πρῶτον
738 5093 906 5147 αἴτιον
955 5088 1014 5154 ἐξ
1059 5088 1313 5159 οὐδεμιᾶς
1355 5087 1756 5158 ὑπερκειμένης
1785 5088 1970 5149 αἰτίας

390 5187 535 5258 ἔχειν
557 5185 618 5238 τὸ
647 5180 788 5238 εἶναι
815 5181 1245 5250 κατελαὸὀμεθα.
1279 5179 1380 5256 Τὸν
1402 5175 1492 5232 οὖν
1515 5179 1823 5248 ἀγεννήτως
1843 5177 1972 5230 ὄντα

388 5281 546 5342 Θεὸν,
584 5280 662 5340 εἰς
703 5277 963 5346 ὀνόματος
990 5275 1156 5328 τύπον
1184 5274 1281 5342 τὴν
1318 5272 1525 5325 ἔννοιαν
1557 5271 1758 5340 ταύτην
1795 5270 1974 5340 παρά-

391 5387 604 5439 γοντες,
656 5369 946 5437 ἀγέννητον
994 5365 1374 5434 ὠνομάσαμεν.
1435 5364 1557 5415 ’Ὁτι
1611 5363 1709 5432 μὲν
1753 5359 1846 5415 οὖν
1887 5361 1974 5414 διά

393 5462 660 5531 γενέσεως
693 5461 794 5512 οὑκ
839 5459 1004 5520 ἐστιν,
1045 5461 1110 5511 ἐκ
1151 5456 1248 5526 τῆς
1274 5455 1366 5508 τοῦ
1395 5455 1656 5523 ὀνόματος
1686 5453 1974 5523 ἐμφάσεως

395 5551 744 5622 ἐδηλώσαμεν
767 5567 779 5580 ο
829 5547 965 5620 αὑτὴ
1001 5548 1058 5600 δέ
1084 5550 1116 5616 ἡ
1141 5546 1296 5599 οὐσία
1329 5548 1360 5614 ἡ
1392 5546 1701 5616 ἀγεννήτως
1726 5540 1860 5597 οὖσα
1892 5545 1974 5605 τίς

397 5643 540 5698 κατά
576 5641 670 5711 τὴν
702 5640 834 5693 ἰδίαν
869 5637 1029 5708 φύσιν
1057 5636 1224 5699 ἐστὶν,
1263 5635 1412 5688 οὐδὲν
1445 5638 1508 5689 ἐκ
1532 5635 1629 5706 τῆς
1658 5635 1974 5704 ἐπωνυμίας

397 5736 604 5808 ταύτης
646 5736 778 5807 πρὸς
808 5734 868 5788 τὸ
898 5711 1135 5787 κατιδεῖν
1167 5727 1545 5800 ὡδηγήθημεν.
1589 5728 1722 5785 Οὐδὲ
1751 5727 1857 5800 γὰρ
1910 5723 1978 5800 ἦν

2149 4898 2204 4955 Si
2236 4897 2349 4968 jam
2394 4894 2701 4966 exemplum
2736 4892 3073 4949 intellectum
3101 4898 3205 4957 est,
3241 4901 3458 4964 tempus
3489 4893 3657 4950 fuerit

2077 5002 2384 5047 sermonem
2415 4988 2481 5041 ad
2516 5001 2626 5041 rem
2649 4986 2824 5056 ipsam
2847 4981 3168 5049 transferre,
3189 4982 3350 5052 cujus
3378 4994 3462 5039 est
3480 4998 3662 5039 exem-

2067 5085 2247 5154 «plum.
2307 5079 2542 5134 Primam
2598 5092 2820 5134 causam
2884 5092 2950 5133 ex
3005 5077 3154 5132 nulla
3217 5076 3661 5147 supereminente

2079 5188 2245 5231 causa
2270 5172 2471 5226 habere
2488 5185 2610 5225 esse
2640 5159 3174 5239 comprehendimus.
3205 5168 3344 5237 Ergo
3375 5167 3540 5220 Deum
3561 5167 3659 5233 qui

2081 5267 2243 5322 modo
2277 5261 2518 5334 ingenito
2551 5278 2609 5317 se
2645 5262 2828 5325 habet,
2864 5260 2931 5316 ad
2973 5261 3212 5316 nominis
3246 5257 3475 5310 formam
3509 5256 3660 5308 noti-

2079 5357 2212 5411 tiam
2236 5356 2376 5410 ltanc
2397 5352 2728 5408 adducentes
2751 5352 3047 5420 ingenitum
3065 5344 3482 5400 nominavimus.
3502 5341 3660 5406 Quod

2083 5449 2248 5516 igitur
2277 5460 2372 5516 per
2407 5445 2809 5514 generationem
2848 5454 2955 5492 non
3002 5444 3085 5489 est
3121 5448 3182 5486 ex
3216 5431 3457 5485 nominis.
3486 5432 3660 5501 signi-

2084 5539 2333 5593 ficatione
2379 5534 2812 5590 deelaravimus:
2871 5528 2987 5595 ipsa
3039 5531 3219 5578 autem
3259 5523 3497 5577 CSSCHiia
3538 5539 3662 5594 qua:

2082 5637 2167 5685 est
2200 5629 2440 5697 ingenita
2470 5621 2768 5680 secundum
2813 5618 3090 5686 propriam
3127 5623 3375 5668 naturam
3409 5631 3658 5685 qurenam

2083 5732 2189 5785 est,
2255 5719 2386 5774 nihil
2440 5732 2506 5772 ex
2559 5708 3038 5784 cognominatione
3089 5707 3155 5762 ad
3206 5707 3656 5778 conSpicicndum
