4056 6146
519 265 622 325 979

1747 260 1806 315 S.
1831 258 2158 316 GREGORII
2186 257 2480 313 NYSSENI
3627 260 3706 318 930

509 379 927 451 intelligentiam
988 355 1391 435 examinemus.
1449 378 1586 445 Quis
1646 379 1720 433 ita
1772 380 2005 435 stolidus
2037 388 2124 441 et,

2224 380 2286 432 ,αὶ
2330 378 2690 448 Ἐξαγ-αγέτω
2722 377 2793 431 τὰ
2829 375 3036 441 ὕδατα,
3073 376 3168 430 καὶ
3199 375 3366 430 πάντα
3403 377 3494 431 ὅσα
3520 379 3713 450 καθεξῆς

512 488 726 535 vecors,
777 471 871 542 qui
923 471 1132 527 nesciat
1190 471 1436 526 auditum
1481 479 1537 526 et
1581 487 1891 526 sermonem
1941 482 2099 526 natu-

513 563 687 618 ralem
749 562 983 618 interse
1041 562 1243 618 habere
1281 561 1642 630 relationem;
1699 577 1798 617 nec
1853 562 2096 617 auditum

516 667 682 724 posse
725 652 876 724 iungi
924 668 1027 708 suo
1077 667 1307 708 munere
1356 654 1508 708 nullo
1546 655 1822 723 loquente,
1873 655 1952 708 sic
2001 670 2100 709 nec

519 758 831 798 sermonem
861 743 1134 798 «dicacem
1170 759 1296 799 esse
1321 745 1413 814 qui
1450 761 1558 800 non
1592 746 1656 799 ad
1689 745 1936 800 auditum
1968 746 2104 800 diri-

523 837 714 906 gitur?
753 835 811 890 Si
880 837 1050 908 igitur
1103 838 1302 892 asserit
1357 836 1527 892 Deum
1577 839 1800 902 dixisse,
1853 841 2106 893 ostendat

523 929 688 984 nobis
721 929 886 984 etiam
905 931 1147 984 auditum
1190 930 1255 984 ad
1290 946 1450 1000 quem
1483 931 1656 997 dixit;
1697 946 1763 985 an
1791 932 1856 985 ad
1886 947 1944 986 se
1991 933 2107 986 haec

525 1020 717 1075 dicere
753 1021 1142 1091 respondebit?
1174 1021 1314 1092 Ergo
1341 1021 1444 1075 sibi
1496 1020 1600 1090 ipsi
1631 1021 1939 1090 imperabit,
1992 1023 2106 1075 haec

522 1112 746 1182 iubens.
800 1111 1005 1181 Ecquis
1059 1113 1162 1166 hoc
1217 1112 1489 1183 probabit,
1534 1111 1698 1166 Deum
1729 1111 1920 1166 sedere
1961 1111 2105 1180 quod
2164 1107 2168 1110 ’

529 1205 799 1274 agendum
833 1213 915 1260 cst
934 1205 1036 1260 sibi
1063 1205 1440 1273 imperantem,
1473 1211 1597 1258 ctse
1613 1203 1860 1256 ministro
1885 1202 2108 1256 manda-

529 1306 711 1352 torum
741 1307 791 1351 et
817 1304 1139 1352 exsecutore
1159 1303 1396 1350 utentem
1414 1295 1439 1347 ἲ
1465 1294 1618 1360 Quod
1637 1295 1682 1350 si
1701 1296 1825 1364 quis
1843 1294 1943 1349 hoc
1959 1295 2106 1364 pium

531 1404 656 1443 esse
707 1388 889 1442 dcere
937 1389 1293 1453 concesserit,
1333 1388 1458 1457 quis
1505 1391 1558 1442 in
1588 1387 1770 1456 seipso
1824 1390 2007 1443 verbis
2055 1395 2110 1442 et

533 1480 880 1534 sermonibus
920 1479 1230 1549 indigucrit,
1272 1480 1520 1549 quamvis
1555 1478 1718 1532 homo
1751 1478 1862 1532 sit?
1899 1477 2112 1548 Cuique

533 1570 680 1624 enim
716 1573 917 1625 mentis
960 1571 1182 1644 agitatio
1226 1570 1425 1626 snﬂicit
1475 1570 1540 1625 ad
1587 1570 1870 1625 electionis
1916 1569 2113 1640 impul-

535 1659 746 1713 sionem
779 1659 1145 1713 excitandam.
1182 1658 1287 1714 Sed
1319 1675 1442 1714 cum
1488 1658 1628 1712 Filio
1669 1659 1940 1713 disserere
1986 1675 2112 1729 pro-

534 1749 621 1801 cul
646 1748 810 1802 dubio
834 1749 998 1803 dicet.
1025 1749 1085 1801 Et
1108 1749 1237 1818 quid
1269 1764 1406 1819 opus
1428 1758 1546 1804 erat
1571 1749 1637 1802 ad
1665 1749 1768 1803 hoc
1791 1749 1958 1803 voce?
1984 1727 2112 1819 pro-
2145 1727 2184 1780 υ

533 1841 712 1908 prium
759 1840 903 1894 enim
955 1854 1232 1910 corporea:
1277 1847 1484 1894 naturae
1563 1854 1660 1907 per
1705 1839 1870 1893 verba
1929 1838 2113 1893 cordis

535 1932 650 1987 sive
690 1932 855 1986 animi
889 1948 1051 1988 sensa
1091 1933 1398 1987 enuntiare.
1453 1933 1608 1987 Unde
1650 1933 1815 1987 etiam
1859 1933 2116 2002 atquipolo

536 2027 656 2080 lens
687 2025 808 2080 usui
855 2026 1007 2080 vocis
1037 2041 1133 2094 per
1169 2025 1379 2079 litteras
1411 2023 1633 2078 inventu
1666 2032 1749 2078 est
1775 2023 2070 2078 declaratio
2098 2041 2110 2077 :

536 2131 600 2170 ex
632 2132 790 2184 aquo
820 2117 965 2170 enim
1005 2117 1290 2184 loquentes
1329 2124 1383 2169 et
1424 2115 1727 2169 scribentes
1757 2115 1902 2184 quod
1935 2125 2116 2171 mente

539 2217 862 2278 conceptum
910 2216 994 2262 est
1036 2209 1424 2273 enuntiamus;
1486 2207 1580 2262 sed
1631 2222 1821 2261 eorum
1873 2207 1964 2276 qui
2005 2222 2113 2260 non

538 2300 698 2354 valde
731 2299 956 2362 distant,
991 2314 1122 2353 voce
1154 2299 1400 2352 auditmn
1445 2299 1826 2368 pertingimus,
1861 2298 1927 2353 ad
1955 2300 2116 2369 longe

540 2393 793 2448 absentes
847 2393 1042 2447 litteris
1087 2393 1411 2446 sententiam
1464 2392 1830 2454 declaranms,
1880 2391 1947 2446 iis
1988 2406 2116 2445 vero

484 2489 486 2492 ’
540 2486 633 2554 qui
673 2496 972 2555 praesentes
1017 2485 1240 2548 adsunt,
1293 2498 1391 2554 pro
1442 2487 1653 2538 ratione
1690 2483 1985 2547 distantias,
2033 2483 2118 2536 vel

541 2578 693 2629 vocis
733 2588 917 2630 tonum
952 2577 1308 2638 intendimus,
1338 2577 1420 2629 vel
1449 2575 1780 2630 remittimus
1806 2593 1818 2628 ι
1842 2574 2116 2629 interdum

543 2669 707 2722 etiam
740 2671 855 2722 solo
885 2678 1041 2732 nutu,
1083 2669 1212 2738 quid
1247 2667 1511 2737 agendum
1556 2669 1649 2729 sit,
1704 2667 1788 2720 his
1830 2667 1920 2733 qui
1953 2681 2118 2734 prope

544 2769 674 2814 sunt
706 2763 1104 2831 signiﬁcamus,
1148 2769 1200 2815 et
1234 2761 1378 2829 quod
1413 2761 1466 2813 in
1499 2760 1683 2812 animo
1716 2767 1799 2813 est
1831 2760 2118 2812 consilium

546 2853 930 2921 patel’acimus,
966 2863 1018 2907 et
1056 2853 1249 2907 oculus
1295 2851 1385 2905 tali
1427 2850 1844 2920 'quodammodo
1895 2850 2121 2904 allectus

547 2946 831 3009 indicavit,
894 2952 950 2999 et
1001 2959 1194 2999 manus
1241 2941 1486 3012 qumdam
1540 2943 1709 2996 motio
1756 2956 1868 2996 rem
1912 2949 2120 3010 gestam

2199 476 2632 547 ἀναγέγραπται.
2691 472 2902 526 Οὐκοῦν
2944 469 3284 538 ἐξετάσωμεν
3332 469 3423 539 τὴν
3464 469 3561 521 τῶν
3598 472 3717 543 είρη-

2203 566 2377 637 μένων
2398 567 2655 620 διάνοιαν.
2689 564 2785 628 Τίς
2812 565 2911 617 οὐκ
2936 559 3041 617 οἶδε
3065 561 3158 615 καὶ
3181 559 3287 612 τῶν
3321 560 3502 630 κομιδῆ
3527 561 3716 630 νηπίων,

2200 661 2282 714 ὅτι
2328 659 2563 731 φυσικὴν
2607 658 2723 729 ἔχει
2775 656 2912 728 πρὸς
2964 655 3170 726 ἄλληλα
3205 653 3380 723 σχέσιν
3410 653 3535 722 ἀκοή
3566 669 3616 704 τε
3649 655 3722 707 καὶ

2200 751 2375 820 λόγος,
2426 752 2522 804 καὶ
2563 751 2638 812 ὡς
2679 749 2778 802 οὐκ
2811 748 2958 801 ἔστιν
3000 745 3170 816 ἀκοὴν
3213 746 3492 826 ἐνεργῆσαι
3538 743 3722 814 μηδενὸς

2204 843 2598 914 φθεγγομένου,
2619 841 2790 904 οὓτως
2817 840 2936 894 οὐδὲ
2959 839 3115 908 λόγον
3136 837 3351 909 ἐνεργὸν
3378 829 3506 888 εἶναι
3531 833 3596 905 μὴ
3619 835 3725 906 πρὸς

2203 932 2374 1004 ἀκοὴν
2390 931 2773 1002 εὐθυνόμενονς
2789 930 2851 983 Εἰ
2874 925 2966 984 οὖν
2985 929 3133 998 λέγει
3148 929 3207 981 τὸ
3227 926 3496 999 εἰρηκέναι
3512 925 3724 988 τὸνθεόν,

2207 1023 2538 1089 ὑπώειξάτω
2565 1024 2696 1093 ἡμῖν
2726 1021 2821 1076 κώ
2848 1022 2948 1094 τὴν
2981 1021 3148 1092 ἀκοὴν
3171 1020 3306 1091 πρὸς
3331 1020 3394 1088 ἢν
3423 1019 3640 1088 εἴρηκεν.
3675 1017 3729 1068 Ἢ

2208 1115 2345 1186 πρὸς
2400 1116 2590 1169 ἑαυτὸν
2637 1114 2809 1169 ταῦτα
2857 1114 3038 1182 λέγειν
3066 1113 3295 1183 ·φησίν;
3351 1109 3546 1163 Οὐκοῦν
3588 1105 3731 1176 ἑαυτῷ

2209 1206 2539 1277 προστάσσει
2569 1205 2741 1259 ταῦτα
2776 1204 3215 1274 ἐγκελευόμενος.
3263 1203 3373 1257 Καὶ
3401 1200 3480 1264 τίς
3503 1200 3646 1254 τοῦτο
3670 1199 3732 1251 δέ·

2212 1297 2360 1363 ξεται
2390 1298 2661 1368 καθῆσθαι
2686 1297 2776 1350 τὸν
2803 1297 2934 1350 Θεὸν
2967 1295 3028 1349 τὸ
3059 1293 3328 1366 πρακτέον
3359 1291 3540 1346 ἑαυτοῦ
3566 1289 3735 1342 διατὰτι

2209 1407 2392 1452 τοντα,
2444 1389 2538 1441 καὶ
2588 1386 2764 1457 ἑαυτῷ
2799 1386 3027 1456 διακόνῳ
3055 1385 3162 1437 τῶν
3216 1382 3628 1454 προσταγμάτων
3664 1380 3737 1432 καὶ

2212 1482 2460 1554 ὑπηρέτῃ
2504 1479 2816 1552 χρώμενον;
2879 1479 2941 1530 Εἰ
2986 1477 3045 1530 δὲ
3090 1476 3184 1530 καλ.
3222 1474 3380 1528 τοῦτο
3411 1473 3520 1543 δοίη
3563 1489 3636 1534 τις
3666 1471 3737 1522 εὖ·

2211 1577 2340 1643 αγὲς
2369 1569 2507 1626 εἶναι
2530 1573 2727 1641 λέγειν,
2748 1571 2832 1634 τίς
2870 1572 2954 1640 ἐφ’
2979 1570 3168 1622 ἑαυτοῦ
3197 1567 3454 1640 ῥημάτων
3475 1564 3648 1635 ἐδεήθη
3668 1562 3743 1615 καὶ

2212 1647 2402 1736 λόγων,
2455 1664 2558 1718 κᾶν
2610 1653 2992 1734 ἀνθρωποςῇς
3052 1661 3236 1731 Ἀρκεῖ
3287 1659 3394 1730 γὰρ
3443 1656 3636 1724 ἑκάστῳ
3667 1654 3744 1721 τῆς

2213 1758 2451 1820 διανοίας
2483 1759 2514 1828 ἠ
2569 1756 2780 1826 κίνησις
2828 1755 2927 1824 τὴν
2956 1754 3054 1823 τῆς
3081 1751 3450 1822 προαιρέσεως
3482 1747 3636 1818 ὁρμὴν
3669 1746 3746 1814 ἐμ’

2215 1850 2459 1920 ποιῆσαι.
2506 1847 2664 1900 ’Λλλά
2705 1846 2784 1916 τῷ
2845 1845 2959 1916 Υἱῷ
3002 1843 3346 1912 διαλέγεσθαι
3393 1841 3594 1902 πάντως
3638 1837 3745 1908 ipsi.

2214 1943 2324 1996 Καὶ
2346 1942 2430 2004 τίς
2458 1935 2524 2011 ἦν
2565 1937 2722 2010 χρεία
2755 1937 2892 2008 πρὸς
2932 1934 3090 1988 τοῦτο
3117 1935 3301 2004 φωνῆς
3328 1950 3341 1996 ;
3377 1931 3528 1985 Ἴδιον
3551 1929 3645 1999 γὰρ
3671 1926 3748 1995 τῆς

2215 2034 2530 2105 ὲνσωμάτου
2592 2031 2827 2102 φύσεως,
2861 2028 2922 2081 τὸ
2962 2027 3048 2080 διὰ
3079 2027 3340 2097 ῥημάτων
3371 2021 3679 2092 ἐξαγγέλλειν
3699 2020 3751 2071 τὰ

2213 2129 2313 2197 τῆς
2359 2125 2584 2197 καρδίας
2631 2124 2914 2194 νοήματα’
2972 2120 3094 2173 ὅθεν
3140 2119 3237 2172 καὶ
3304 2114 3669 2186 ἰσοδυναμοῦσα
3701 2113 3750 2182 τῇ

2217 2220 2406 2290 χρήσει
2436 2217 2534 2287 τῆς
2570 2215 2773 2284 φωνῆς,
2799 2214 2831 2282 ὴ
2858 2210 2945 2265 διὰ
2989 2209 3098 2262 τῶν
3123 2207 3467 2279 γραμμάτων
3506 2203 3751 2274 ἐξεύρηται

2215 2309 2465 2376 δήλωσις.
2514 2305 2740 2376 Ἐπίσης
2771 2305 2877 2375 γὰρ
2899 2302 3264 2373 φθεγγόμενοι
3291 2318 3350 2354 τε
3368 2300 3458 2354 καὶ
3477 2299 3753 2369 γράφοντες,

2216 2401 2276 2452 τὸ
2307 2397 2496 2469 νοηθὲν
2543 2396 2961 2466 ἐξαγγέλλομεν.
3004 2393 3142 2472 Ἀλλ’
3179 2394 3277 2445 ἐπὶ
3307 2392 3403 2462 μὲν
3444 2391 3547 2442 τῶν
3570 2388 3633 2460 μὴ
3661 2385 3755 2437 λίαν

2218 2491 2622 2561 ἀφεστηκότων,
2660 2491 2811 2558 φωνῇ
2859 2487 2959 2557 τῆς
3001 2487 3167 2556 ἀκοῆς
3195 2483 3623 2555 καθικνούμεθα·
3650 2477 3755 2548 πρὸς

2217 2586 2273 2658 δὲ
2316 2585 2441 2646 τοὺς
2491 2580 2792 2654 πόρρωθεν,
2815 2580 3104 2650 γράμμασι
3136 2578 3409 2650 δηλοῦμεν
3441 2577 3532 2647 τὴν
3555 2572 3756 2642 γνώμην.

2221 2679 2312 2730 καὶ
2344 2678 2433 2730 ἐπὶ
2462 2675 2572 2728 τῶν
2601 2673 2902 2744 παρόντων,
2936 2670 3072 2741 πρὸς
3111 2669 3274 2738 λόγον
3301 2670 3398 2739 τῆς
3434 2664 3755 2721 ἀποστάσεως,

2219 2770 2252 2838 ἣ
2289 2765 2626 2836 ἐπιτείνομεν
2659 2765 2747 2818 τὸν
2773 2763 2923 2815 τόνον
2947 2761 3046 2832 τῆς
3077 2762 3339 2832 φωνῆς,ἢ
3377 2761 3609 2828 ὑφίεμεν.
3635 2753 3759 2805 Ἐστι

2222 2861 2274 2912 δὲ
2298 2861 2384 2913 ὅτε
2424 2860 2515 2912 καὶ
2546 2858 2631 2910 διὰ
2660 2857 2894 2919 νεύσεως
2927 2855 3084 2925 μόνον
3112 2853 3172 2905 τὸ
3204 2851 3477 2924 πρακτέον
3507 2851 3607 2909 τοῖς
3626 2843 3759 2902 πέλας

2223 2950 2651 3018 διεσαφήσαμεν,
2697 2949 2791 3000 καὶ
2841 2947 2939 3016 τὴν
2967 2943 3023 2997 ἐν
3060 2947 3125 3015 τῇ
3179 2945 3334 3015 ψυχῇ
3366 2942 3656 3016 προαίρεσιν
3690 2933 3762 2986 καὶ

548 3037 768 3106 probari
817 3035 902 3089 vel
943 3034 1221 3104 reprohari
1255 3033 1674 3087 demonstravit.
1718 3032 1774 3085 Si
1810 3032 1977 3100 igitur
2029 3031 2119 3100 qui

2225 3041 2499 3110 ὀφθαλμὸς
2548 3039 2769 3093 τοιῶσδε
2806 3037 3073 3100 διατεθεὶς
3121 3036 3446 3101 ἐνεδείξατο,
3497 3032 3583 3086 καὶ
3620 3025 3762 3100 χειρὸς

549 3129 875 3197 corporibus
935 3126 1180 3181 conclusi
1231 3134 1403 3189 sunt,
1465 3125 1664 3180 mentis
1723 3125 1916 3190 abdita
1961 3123 2120 3178 Sensa

550 3221 775 3275 nutibus
797 3208 1002 3289 alisque
1029 3232 1158 3271 voce
1186 3216 1266 3270 vel
1292 3217 1477 3280 verbo,
1510 3217 1593 3269 vel
1627 3215 1900 3284 colloquio
1927 3215 2123 3268 litteris

549 3313 946 3380 comprehenso
970 3325 1110 3380 saepe
1137 3309 1221 3364 bis
1249 3311 1340 3378 qui
1374 3324 1540 3378 prope
1562 3317 1710 3371 sunt,
1736 3318 1863 3361 nota
1894 3307 2120 3365 faciunt,

551 3407 868 3474 nullumque
918 3404 993 3458 rei
1037 3401 1286 3473 gerenda:
1314 3401 1700 3455 detrimentum
1742 3400 1924 3452 attulit
1957 3400 2123 3452 sileo,

551 3499 712 3559 tium,
767 3511 836 3548 an
887 3493 1230 3548 immateriali
1278 3499 1334 3546 et
1377 3490 1629 3554 itttactili,
1675 3496 1730 3543 et
1780 3497 1839 3542 ut
1885 3488 2125 3558 loquitur

556 3588 875 3650 Eunomius,
905 3591 1236 3653 supremzect
1262 3583 1449 3653 primte
1473 3583 1726 3638 essentia:
1764 3582 1948 3636 verbis
1983 3597 2124 3652 opus

558 3682 677 3741 fuit,
707 3693 826 3747 qute
863 3675 1042 3730 Patris
1093 3676 1369 3730 notionem
1422 3675 1787 3736 declararent,
1819 3681 1871 3726 et
1925 3671 2126 3744 Unige-

555 3772 673 3824 nilo
711 3768 1042 3822 voluntatem
1091 3774 1273 3820 notam
1314 3764 1594 3819 lacerent?
1629 3762 1841 3829 Verbis,
1883 3764 2124 3833 inquam,

557 3865 698 3919 sicut
723 3862 797 3914 ait
824 3863 940 3930 ipse
965 3859 1283 3922 Eunomius,
1313 3873 1434 3928 qua:
1459 3857 1622 3912 simul
1654 3873 1774 3911 cum
1801 3871 1932 3910 voce
1953 3857 2126 3910 solent

557 3953 854 4023 dissipari:
892 3951 1035 4005 haud
1065 3951 1177 4005 scio
1202 3949 1247 4004 si
1272 3949 1395 4018 quis
1427 3948 1624 4002 mentis
1647 3963 1891 4018 compos,
1924 3947 2040 4000 hinc
2072 3957 2130 4000 ut

560 4062 684 4101 vera
712 4045 975 4108 admittet,
1014 4044 1313 4114 praesertim
1364 4056 1489 4095 cum
1541 4056 1710 4095 sonus
1743 4040 1920 4094 omnis
1956 4039 2009 4092 in
2044 4055 2132 4093 ae—

559 4157 674 4196 rem
722 4153 950 4209 prorsus
989 4134 1370 4206 profundatur.
1406 4131 1593 4202 Neque
1654 4132 1802 4186 enim
1848 4147 1952 4187 vox
2002 4133 2130 4187 aiibi

559 4233 668 4286 nisi
707 4231 758 4285 in
788 4246 911 4284 aere
942 4228 1053 4283 ﬁeri
1093 4235 1292 4297 potest.
1342 4224 1578 4280 Necesse
1624 4232 1708 4278 est
1755 4233 1982 4294 promtus
2017 4239 2131 4279 me-

559 4323 710 4377 dium
763 4319 1020 4392 quiddam
1067 4321 1230 4373 etiam
1279 4316 1426 4386 ipsos
1477 4324 1804 4386 sopponere,
1857 4315 2002 4370 inter
2055 4317 2134 4370 lo-

2227 3133 2353 3186 ποιά
2379 3133 2595 3199 κίνησις
2649 3131 2681 3200 ἣ
2733 3128 2930 3183 ἀπεῖπέ
2959 3147 3012 3182 τι
3049 3127 3158 3181 τῶν
3188 3123 3558 3198 γινομένων,ῆ
3588 3117 3764 3175 κατεδέ-

2227 3220 2372 3285 ξατο.
2408 3221 2468 3272 Ei
2492 3221 2669 3271 τοίνυν
2702 3221 2749 3270 οἱ
2777 3219 2990 3288 σώμασι
3023 3217 3476 3288 περιειλημμένοι
3509 3214 3570 3266 τὰ
3591 3206 3764 3280 κρυπτά

2223 3313 2321 3382 τῆς
2349 3311 2582 3374 διανοίας
2620 3318 2893 3382 κινήματα
2928 3312 3022 3364 καὶ
3070 3311 3194 3382 δίχα
3243 3310 3428 3381 φωνῆς
3476 3308 3508 3380 ἢ
3547 3307 3763 3379 ῥήματος,

2225 3405 2386 3476 ἢτῆς
2445 3406 2501 3456 ἐν
2558 3405 2881 3475 γράμμασιν
2933 3404 3148 3473 ὁμιλίας
3199 3403 3464 3464 πολλάκις
3505 3401 3605 3460 τοῖς
3635 3393 3766 3451 πέλας

2225 3499 2567 3567 γνωρίζουσι,
2603 3498 2696 3550 καὶ
2755 3495 3008 3566 οὐδεμίαν
3055 3497 3260 3566 ἤνεγκε
3301 3495 3379 3565 τῷ
3410 3482 3767 3554 σπουδαζομένῳ

2229 3589 2512 3660 πράγματι
2561 3588 2763 3658 ζημίαν
2819 3589 2851 3656 ή
2902 3589 3078 3657 σιωπή
3099 3601 3111 3614 ⁶
3146 3582 3265 3658 ἆρα
3292 3589 3385 3640 ἐπὶ
3415 3585 3510 3652 τῆς
3537 3580 3676 3634 eam
3696 3571 3768 3625 καὶ

2214 3681 2483 3752 ἀναφοῦς,
2509 3682 2599 3733 καὶ
2627 3679 2700 3743 ὦς
2729 3697 2888 3749 φησιν
2911 3680 2938 3731 ό
2957 3677 3245 3750 Εὐνόμιος,
3277 3677 3528 3733 ἀνωτάτω
3553 3671 3632 3727 καὶ
3657 3663 3764 3738 πρῶ

2229 3789 2324 3842 της
2379 3774 2583 3835 οὐσίας,
2639 3773 2896 3843 ῥημάτων
2929 3771 3086 3841 χρεία
3128 3771 3240 3825 τῶν
3273 3773 3364 3826 τοῦ
3399 3767 3598 3838 Harpe;
3624 3764 3770 3815 διασα-

2232 3861 2473 3928 φούντων
2500 3860 2559 3912 τὸ
2588 3860 2785 3929 νόημα,
2817 3859 2909 3912 καὶ
2931 3858 3005 3928 τῷ
3041 3859 3343 3926 Μονογενεί
3375 3855 3709 3928 γνωριζόντων
3725 3843 3769 3896 τὺ

2235 3953 2505 4023 βούλημα;
2545 3951 2852 4020 Ῥημάτων,
2881 3950 3061 4013 καθὼς
3089 3952 3259 4014 αὐτός
3289 3952 3521 4022 φησι,τῇ
3549 3945 3676 4015 φωνῇ
3706 3953 3770 3989 πε-

2234 4045 2480 4114 φυκότων
2522 4041 2931 4096 συνδιαλύεσθαι
2961 4060 2976 4076 ο
3025 4043 3125 4095 οὐκ
3181 4039 3306 4095 οἶδα
3358 4044 3513 4104 εἴτις
3550 4037 3644 4090 τῶν
3676 4028 3768 4085 νοῦν

2236 4138 2465 4208 ἐχόντων
2499 4135 2672 4189 ταῦτα
2696 4135 2770 4198 ὡς
2793 4135 2965 4204 ἀληθῆ
2993 4135 3388 4206 παραδέξεται,
3407 4135 3571 4195 ἄλλως
3596 4147 3644 4181 τε
3677 4140 3772 4177 παν·

2235 4229 2326 4290 τὸς
2357 4227 2591 4294 φθόγγου
2622 4229 2700 4288 είς
2725 4226 2860 4296 ἀέρα
2887 4225 3102 4289 πάντως
3134 4227 3523 4297 προχεομένου.
3550 4219 3663 4276 Οὐδὲ
3686 4214 3766 4282 γὰρ

2237 4319 2458 4372 δυνατὸν
2504 4317 2757 4385 γενέσθαι
2815 4317 2998 4387 φωνὴν
3043 4317 3117 4387 μὴ
3146 4319 3205 4369 ὲν
3235 4320 3361 4387 ἀέρι
3410 4309 3767 4381 συνισταμένην-

559 4423 814 4484 quentetn
849 4419 900 4464 et
951 4426 1074 4465 eum
1130 4407 1198 4462 ad
1260 4423 1420 4477 quem
1467 4406 1526 4460 tit
1557 4421 1785 4462 sermo:
1832 4406 1937 4461 nisi
1986 4407 2124 4460 enim

2237 4411 2367 4475 ἀνάγ
2380 4428 2447 4479 κη
2482 4412 2629 4463 πᾶσα
2655 4411 2816 4478 μέσον
2839 4427 2889 4461 τι
2925 4409 3017 4461 τοῦ
3053 4409 3432 4480 φθεγγομένου
3461 4407 3548 4460 καὶ
3574 4397 3650 4456 τοῦ
3668 4395 3768 4464 πρὶς

559 4505 800 4565 medium
839 4503 1185 4572 interiectum
1229 4503 1413 4564 fuerit,
1459 4501 1734 4570 quomodo
1767 4516 1833 4554 ex
1880 4499 2136 4568 loquente

557 4614 665 4653 vox
711 4597 779 4651 ad
834 4596 1141 4650 audientem
1187 4593 1527 4664 permeabit?
1567 4591 1708 4657 Quid
1742 4592 1907 4660 igitur
1954 4591 2138 4645 dicent

562 4692 826 4753 medium,
859 4705 966 4759 quo
1005 4687 1202 4742 Filium
1239 4703 1306 4741 ex
1339 4686 1501 4741 Patre
1543 4684 1971 4740 disterminant?
2000 4682 2137 4737 Cor-

566 4797 759 4850 porum
799 4782 942 4834 enim
979 4781 1032 4834 in
1063 4795 1187 4835 acre
1215 4779 1368 4833 locus
1403 4777 1634 4832 emt-itur
1664 4775 1898 4840 medius,
1926 4775 2019 4844 qui
2057 4782 2139 4828 est

567 4872 715 4926 aliud
765 4872 898 4941 quid
952 4872 1252 4928 secundum
1312 4872 1585 4940 propriam
1641 4877 1895 4922 naturam
1945 4877 2140 4937 praeter

568 4967 938 5021 humanorum
1013 4980 1301 5034 corporum
1368 4963 1749 5018 substantiam.
1801 4960 1906 5026 Qui
1957 4969 2138 5012 autem

567 5066 750 5112 tactus
781 5071 996 5124 expers.
1029 5065 1082 5109 et
1107 5055 1357 5108 informis
1385 5055 1455 5108 ab
1480 5053 1628 5106 omni
1657 5053 2010 5107 concretione
2040 5068 2140 5121 pu-

568 5166 664 5204 rus
697 5159 752 5205 et
780 5147 1041 5200 intn'mnis
1084 5144 1224 5199 Deus
1253 5161 1376 5198 cum
1417 5143 1712 5213 Unigenito
1753 5144 1862 5199 Deo
1897 5146 2145 5214 persimi-

569 5245 717 5305 liter,
757 5241 870 5296 imo
898 5253 1026 5292 vero
1052 5235 1243 5291 eodem
1289 5236 1467 5293 modo.
1509 5236 1857 5288 immateriali
1887 5242 1940 5289 et
1971 5235 2145 5289 incor-

568 5352 736 5403 poreo
783 5333 1129 5402 propriorum
1189 5327 1550 5382 consiliorum
1602 5330 1873 5397 particeps
1919 5336 1974 5380 et
2015 5345 2145 5382 eon-

571 5446 692 5482 sozs
726 5447 739 5479 :
772 5427 815 5480 si
846 5423 1065 5494 quidem
1091 5438 1188 5493 per
1220 5435 1406 5474 vocem
1429 5417 1869 5471 communionem
1899 5417 2140 5482 haberet,

571 5520 700 5585 quid
731 5516 1112 5571 intermedium
1151 5514 1396 5575 haberet,
1430 5526 1525 5582 per
1560 5510 1702 5578 quod
1741 5525 1936 5579 repens
1965 5525 2144 5564 sermo

574 5619 630 5663 ct.
655 5607 944 5662 dimanans
971 5610 1024 5660 in
1059 5623 1216 5661 aures
1253 5605 1528 5675 Unigvniti
1561 5604 1829 5667 inﬂueret,
1861 5613 1913 5656 et
1948 5602 2145 5655 admit-

577 5695 890 5756 teretur?Si
913 5698 1132 5768 quidem
1170 5699 1273 5753 hoc
1300 5706 1357 5751 ttt
1390 5696 1829 5752 consideratione
1866 5695 2145 5766 Indignum

2237 4502 2296 4554 ὃν
2329 4504 2356 4554 ὁ
2381 4501 2536 4569 λόγος
2556 4500 2765 4568 γίνεται
2796 4501 2887 4552 καὶ
2914 4501 3108 4562 αὐτοὺς
3136 4501 3456 4553 ὑποθέσθαι.
3483 4499 3568 4566 Μὴ
3599 4491 3688 4562 γὰρ
3704 4487 3767 4538 δν⁶

2237 4609 2327 4656 τος
2366 4590 2459 4644 τοῦ
2504 4591 2898 4660 μεσιτεύοντος,
2937 4591 3054 4653 πῶς
3097 4593 3160 4644 ἐκ
3192 4591 3288 4643 τοῦ
3314 4575 3769 4652 λαλοῦντοςήφωνὴ

2239 4681 2496 4734 διοδεύσει
2529 4681 2663 4752 πρὸς
2682 4682 2771 4734 τὸν
2803 4681 3066 4734 ἀκούοντα
3091 4699 3104 4744 ;
3137 4681 3200 4734 Τί
3224 4678 3320 4735 οὖν
3342 4681 3524 4752 ἐροῦσι
3554 4677 3608 4730 τὸ
3627 4672 3769 4745 μέσον.

2239 4767 2284 4840 ᾧ
2321 4773 2408 4827 τὸν
2434 4774 2560 4825 Υίθιν
2593 4774 2656 4824 ἐκ
2694 4773 2788 4824 τοῦ
2849 4773 3058 4841 Πατρός
3077 4774 3410 4845 διορίζουσι;
3443 4771 3557 4824 Τῶν
3590 4759 3771 4838 μὲνγὰρ

2244 4867 2529 4936 σωμάτων,
2562 4867 2591 4916 ὁ
2623 4866 2760 4918 κατὰ
2788 4866 2879 4918 τὸν
2908 4867 3049 4937 ἀέρα
3080 4867 3242 4930 τόπος
3263 4867 3473 4935 γίνεται
3493 4864 3656 4934 μέσος,
3678 4854 3774 4909 ἄλλο

2240 4977 2293 5010 τι
2316 4957 2390 5011 ὣν
2421 4959 2562 5011 κατά
2587 4958 2683 5028 τὴν
2723 4957 2857 5009 ίδίαν
2892 4957 3051 5024 φύσιν
3092 4957 3241 5028 παρᾶ
3282 4959 3381 5028 τὴν
3403 4958 3508 5009 τῶν
3549 4941 3772 5018 ἀνθρωπί·

2243 5067 2348 5102 νων
2379 5049 2644 5119 σωμάτων
2676 5048 2880 5102 οὐσίαν.
2910 5049 2969 5101 Ὀ
3011 5049 3066 5102 δὲ
3093 5049 3308 5119 ἀναφὴς
3355 5050 3447 5102 καὶ
3477 5045 3685 5101 ἁνείδεος
3704 5033 3775 5088 καὶ

2245 5143 2426 5212 πάσης
2485 5143 2784 5205 συνθέσεως
2833 5142 3150 5212 καθαρεύων
3213 5142 3371 5205 Θεὸς,
3429 5141 3504 5210 τῷ
3549 5126 3776 5207 μονογενεῖ

2243 5233 2362 5300 Θεῷ
2404 5232 2482 5302 τῷ
2520 5231 2930 5303 παραπλησίως,
2968 5233 3162 5302 μᾶλλον
3202 5233 3260 5284 δὲ
3301 5233 3556 5293 ὡσαύτως
3583 5224 3776 5290 ἀῦλῳτε

2245 5325 2339 5376 καί
2367 5324 2641 5392 ἀσωμάτῳ
2659 5324 2766 5376 τῶν
2791 5323 2934 5376 ἰδίων
2955 5323 3225 5377 κοινωνῶν
3242 5323 3628 5393 βουλευμάτων,
3654 5311 3777 5374 εἴπερ

2245 5415 2333 5468 διὰ
2381 5417 2564 5484 φωνῆς
2614 5417 2848 5469 ἐποιεῖτο
2883 5415 2983 5486 ’τὴν
3033 5414 3340 5473 κοινωνίαν.
3377 5415 3429 5467 τί
3458 5413 3515 5464 τδ
3546 5400 3778 5480 μεσιτεῡον

2246 5501 2381 5574 εἶχε,
2431 5505 2494 5557 δι’
2557 5501 2616 5559 οὗ
2662 5507 2842 5575 ῥέπων
2875 5508 2902 5558 ό
2931 5507 3085 5573 λόγος
3135 5505 3236 5558 καὶ
3297 5504 3665 5574 μεθιστάμεθος
3689 5491 3780 5545 ταῖς

2248 5597 2438 5657 ἀκοαῖς
2483 5595 2574 5648 τοῦ
2621 5597 2956 5663 Μονογενοῦς
2986 5597 3177 5650 είσοικί
3201 5595 3387 5656 ζεται;
3448 5592 3570 5655 Εἴγε
3607 5584 3694 5655 χρὴ
3721 5587 3788 5626 3""

2250 5688 2406 5741 τοῦτο
2436 5687 2810 5759 παραδραμεῖν
2846 5689 3175 5764 ἀθεώρητον,
3234 5687 3294 5739 τὸ
3326 5686 3404 5758 μὴ
3431 5677 3724 5755 μεμερίσθαι
3748 5665 3791 5717 τδ
