  <div class='ocr_page' id='page_1' title='image "/cluster/home/n/w/nwhite01/storage/ocr_20150623/45/mdp.39015011921478/506.png"; bbox 0 0 4056 6146; ppageno 0'>
   <div class='ocr_carea' id='block_1_1' title="bbox 425 257 524 313">
    <p class='ocr_par' dir='ltr' id='par_1_1' title="bbox 425 257 524 313">
     <span class='ocr_line' id='line_1_1' title="bbox 425 257 524 313; baseline 0.01 -2"><span class='ocrx_word' id='word_1_1' title='bbox 425 257 524 313; x_wconf 75' lang='grc'><strong>981</strong></span> 
     </span>
    </p>
   </div>
   <div class='ocr_carea' id='block_1_2' title="bbox 1523 261 2557 329">
    <p class='ocr_par' dir='ltr' id='par_1_2' title="bbox 1523 261 2557 329">
     <span class='ocr_line' id='line_1_2' title="bbox 1523 261 2557 329; baseline -0.003 -8"><span class='ocrx_word' id='word_1_2' title='bbox 1523 265 1801 323; x_wconf 75' lang='lat' dir='ltr'><strong>CONTRA</strong></span> <span class='ocrx_word' id='word_1_3' title='bbox 1842 261 2231 329; x_wconf 76' lang='lat' dir='ltr'><strong>EUNOMIUM,</strong></span> <span class='ocrx_word' id='word_1_4' title='bbox 2267 261 2397 316; x_wconf 84' lang='lat' dir='ltr'>LIB.</span> <span class='ocrx_word' id='word_1_5' title='bbox 2446 261 2557 318; x_wconf 75' lang='lat' dir='ltr'>XII.</span> 
     </span>
    </p>
   </div>
   <div class='ocr_carea' id='block_1_3' title="bbox 3575 249 3682 309">
    <p class='ocr_par' dir='ltr' id='par_1_3' title="bbox 3575 249 3682 309">
     <span class='ocr_line' id='line_1_3' title="bbox 3575 249 3682 309; baseline -0.019 0"><span class='ocrx_word' id='word_1_6' title='bbox 3575 249 3682 309; x_wconf 73' lang='lat'><strong>982</strong></span> 
     </span>
    </p>
   </div>
   <div class='ocr_carea' id='block_1_4' title="bbox 423 389 2006 474">
    <p class='ocr_par' dir='ltr' id='par_1_4' title="bbox 423 391 1998 474">
     <span class='ocr_line' id='line_1_4' title="bbox 423 391 1998 474; baseline 0.009 -30"><span class='ocrx_word' id='word_1_7' title='bbox 423 391 582 445; x_wconf 74' lang='grc' dir='ltr'>Θεῖον</span> <span class='ocrx_word' id='word_1_8' title='bbox 623 395 741 458; x_wconf 77' lang='grc' dir='ltr'>ταῖς</span> <span class='ocrx_word' id='word_1_9' title='bbox 775 395 1188 466; x_wconf 80' lang='grc' dir='ltr'>ἀντιληπτικαῖς</span> <span class='ocrx_word' id='word_1_10' title='bbox 1246 402 1563 474; x_wconf 74' lang='grc' dir='ltr'>ἐνεργείαις,</span> <span class='ocrx_word' id='word_1_11' title='bbox 1606 405 1683 467; x_wconf 85' lang='grc' dir='ltr'>ὡς</span> <span class='ocrx_word' id='word_1_12' title='bbox 1715 403 1843 474; x_wconf 79' lang='grc' dir='ltr'>παρ’</span> <span class='ocrx_word' id='word_1_13' title='bbox 1869 403 1998 472; x_wconf 75' lang='grc' dir='ltr'>ἡμῖν</span> 
     </span>
    </p>
   </div>
   <div class='ocr_carea' id='block_1_5' title="bbox 2109 389 3681 474">
    <p class='ocr_par' dir='ltr' id='par_1_5' title="bbox 2109 389 3681 468">
     <span class='ocr_line' id='line_1_5' title="bbox 2109 389 3681 468; baseline -0.004 -18"><span class='ocrx_word' id='word_1_14' title='bbox 2109 399 2380 467; x_wconf 66' lang='lat' dir='ltr'><strong>praeterire</strong></span> <span class='ocrx_word' id='word_1_15' title='bbox 2413 405 2650 468; x_wconf 90' lang='lat' dir='ltr'><strong>oportet,</strong></span> <span class='ocrx_word' id='word_1_16' title='bbox 2680 395 2847 452; x_wconf 85' lang='lat' dir='ltr'><strong>Deum</strong></span> <span class='ocrx_word' id='word_1_17' title='bbox 2883 392 3296 466; x_wconf 81' lang='lat' dir='ltr'><strong>operationibus</strong></span> <span class='ocrx_word' id='word_1_18' title='bbox 3324 389 3681 460; x_wconf 85' lang='lat' dir='ltr'><strong>comprehen-</strong></span> 
     </span>
    </p>
   </div>
   <div class='ocr_carea' id='block_1_6' title="bbox 416 482 2007 564">
    <p class='ocr_par' dir='ltr' id='par_1_6' title="bbox 416 482 2007 564">
     <span class='ocr_line' id='line_1_6' title="bbox 416 482 2007 564; baseline 0.008 -30"><span class='ocrx_word' id='word_1_19' title='bbox 416 482 760 554; x_wconf 73' lang='grc' dir='ltr'>διῃρημένοις</span> <span class='ocrx_word' id='word_1_20' title='bbox 791 487 1023 542; x_wconf 75' lang='grc' dir='ltr'>ἕκαστον</span> <span class='ocrx_word' id='word_1_21' title='bbox 1047 491 1156 544; x_wconf 87' lang='grc' dir='ltr'>τῶν</span> <span class='ocrx_word' id='word_1_22' title='bbox 1183 493 1549 564; x_wconf 76' lang='grc' dir='ltr'><strong>αἰσθητηρίων</strong></span> <span class='ocrx_word' id='word_1_23' title='bbox 1588 495 1681 548; x_wconf 82' lang='grc' dir='ltr'>τοῦ</span> <span class='ocrx_word' id='word_1_24' title='bbox 1713 493 2007 563; x_wconf 82' lang='grc' dir='ltr'>συγγενοῦς</span> 
     </span>
    </p>
   </div>
   <div class='ocr_carea' id='block_1_7' title="bbox 417 573 2007 655">
    <p class='ocr_par' dir='ltr' id='par_1_7' title="bbox 417 573 2007 655">
     <span class='ocr_line' id='line_1_7' title="bbox 417 573 2007 655; baseline 0.008 -33"><span class='ocrx_word' id='word_1_25' title='bbox 417 573 823 643; x_wconf 73' lang='grc' dir='ltr'>ὲπιδράσσεται,</span> <span class='ocrx_word' id='word_1_26' title='bbox 847 579 940 630; x_wconf 74' lang='grc' dir='ltr'><strong>τοῦ</strong></span> <span class='ocrx_word' id='word_1_27' title='bbox 966 581 1161 650; x_wconf 81' lang='grc' dir='ltr'><strong>ὁρατοῦ</strong></span> <span class='ocrx_word' id='word_1_28' title='bbox 1195 583 1293 651; x_wconf 81' lang='grc' dir='ltr'>μὲν</span> <span class='ocrx_word' id='word_1_29' title='bbox 1320 585 1352 654; x_wconf 81' lang='grc' dir='ltr'>ἡ</span> <span class='ocrx_word' id='word_1_30' title='bbox 1377 585 1587 655; x_wconf 83' lang='grc' dir='ltr'>ὅρασις,</span> <span class='ocrx_word' id='word_1_31' title='bbox 1617 584 1710 638; x_wconf 78' lang='grc' dir='ltr'><strong>τοῦ</strong></span> <span class='ocrx_word' id='word_1_32' title='bbox 1743 582 2007 637; x_wconf 82' lang='grc' dir='ltr'>ἀκουστοῦ</span> 
     </span>
    </p>
   </div>
   <div class='ocr_carea' id='block_1_8' title="bbox 417 661 2007 740">
    <p class='ocr_par' dir='ltr' id='par_1_8' title="bbox 417 661 2007 740">
     <span class='ocr_line' id='line_1_8' title="bbox 417 661 2007 740; baseline 0.006 -28"><span class='ocrx_word' id='word_1_33' title='bbox 417 661 474 712; x_wconf 80' lang='grc' dir='ltr'>δὲ</span> <span class='ocrx_word' id='word_1_34' title='bbox 504 665 534 730; x_wconf 73' lang='grc' dir='ltr'><strong>η</strong></span> <span class='ocrx_word' id='word_1_35' title='bbox 570 663 708 716; x_wconf 77' lang='grc' dir='ltr'>κατὰ</span> <span class='ocrx_word' id='word_1_36' title='bbox 767 667 865 736; x_wconf 83' lang='grc' dir='ltr'><strong>τὴν</strong></span> <span class='ocrx_word' id='word_1_37' title='bbox 921 669 1092 738; x_wconf 78' lang='grc' dir='ltr'>ἀκοὴν</span> <span class='ocrx_word' id='word_1_38' title='bbox 1132 671 1382 740; x_wconf 82' lang='grc' dir='ltr'>αἴσθησις</span> <span class='ocrx_word' id='word_1_39' title='bbox 1403 690 1415 700; x_wconf 91' lang='grc'>·</span> <span class='ocrx_word' id='word_1_40' title='bbox 1447 675 1537 725; x_wconf 76' lang='grc' dir='ltr'>καὶ</span> <span class='ocrx_word' id='word_1_41' title='bbox 1569 673 1690 727; x_wconf 85' lang='grc' dir='ltr'>οὑτε</span> <span class='ocrx_word' id='word_1_42' title='bbox 1722 673 1944 740; x_wconf 87' lang='grc' dir='ltr'>γεύεται</span> <span class='ocrx_word' id='word_1_43' title='bbox 1975 672 2007 738; x_wconf 87' lang='grc' dir='ltr'><strong>ὴ</strong></span> 
     </span>
    </p>
   </div>
   <div class='ocr_carea' id='block_1_9' title="bbox 420 753 2008 835">
    <p class='ocr_par' dir='ltr' id='par_1_9' title="bbox 420 753 2008 835">
     <span class='ocr_line' id='line_1_9' title="bbox 420 753 2008 835; baseline 0.003 -26"><span class='ocrx_word' id='word_1_44' title='bbox 420 753 554 821; x_wconf 63' lang='grc' dir='ltr'><strong>ἁφὴ.</strong></span> <span class='ocrx_word' id='word_1_45' title='bbox 579 753 702 808; x_wconf 72' lang='grc' dir='ltr'>οὔτε</span> <span class='ocrx_word' id='word_1_46' title='bbox 734 759 765 827; x_wconf 81' lang='grc' dir='ltr'>ἡ</span> <span class='ocrx_word' id='word_1_47' title='bbox 795 759 930 829; x_wconf 82' lang='grc' dir='ltr'>ἀκοὴ</span> <span class='ocrx_word' id='word_1_48' title='bbox 956 760 1066 813; x_wconf 81' lang='grc' dir='ltr'><strong>τῶν</strong></span> <span class='ocrx_word' id='word_1_49' title='bbox 1083 762 1272 830; x_wconf 86' lang='grc' dir='ltr'><strong>ἀτμῶν</strong></span> <span class='ocrx_word' id='word_1_50' title='bbox 1304 763 1336 833; x_wconf 82' lang='grc' dir='ltr'>ἦ</span> <span class='ocrx_word' id='word_1_51' title='bbox 1371 764 1481 816; x_wconf 81' lang='grc' dir='ltr'>τῶν</span> <span class='ocrx_word' id='word_1_52' title='bbox 1511 765 1698 835; x_wconf 82' lang='grc' dir='ltr'>χυμῶν</span> <span class='ocrx_word' id='word_1_53' title='bbox 1726 761 2008 833; x_wconf 70' lang='grc' dir='ltr'><strong>ἀντίληψιν</strong></span> 
     </span>
    </p>
   </div>
   <div class='ocr_carea' id='block_1_10' title="bbox 419 843 2009 924">
    <p class='ocr_par' dir='ltr' id='par_1_10' title="bbox 419 843 2009 924">
     <span class='ocr_line' id='line_1_10' title="bbox 419 843 2009 924; baseline 0.008 -30"><span class='ocrx_word' id='word_1_54' title='bbox 419 843 553 912; x_wconf 77' lang='grc' dir='ltr'>ἔχει,</span> <span class='ocrx_word' id='word_1_55' title='bbox 584 846 718 900; x_wconf 72' lang='grc' dir='ltr'>ἀλλὰ</span> <span class='ocrx_word' id='word_1_56' title='bbox 766 850 1071 920; x_wconf 72' lang='grc' dir='ltr'>παραμέιει</span> <span class='ocrx_word' id='word_1_57' title='bbox 1122 853 1352 906; x_wconf 72' lang='grc' dir='ltr'>ἕκαστον</span> <span class='ocrx_word' id='word_1_58' title='bbox 1381 855 1448 923; x_wconf 77' lang='grc' dir='ltr'>τῇ</span> <span class='ocrx_word' id='word_1_59' title='bbox 1489 855 1588 924; x_wconf 81' lang='grc' dir='ltr'><strong>μιᾷ</strong></span> <span class='ocrx_word' id='word_1_60' title='bbox 1630 852 1896 924; x_wconf 58' lang='grc' dir='ltr'>ὶνεργεία,</span> <span class='ocrx_word' id='word_1_61' title='bbox 1925 854 2009 906; x_wconf 78' lang='grc' dir='ltr'><strong>εἰς</strong></span> 
     </span>
    </p>
   </div>
   <div class='ocr_carea' id='block_1_11' title="bbox 325 935 2009 1015">
    <p class='ocr_par' dir='ltr' id='par_1_11' title="bbox 325 935 2009 1015">
     <span class='ocr_line' id='line_1_11' title="bbox 325 935 2009 1015; baseline 0.006 -29"><span class='ocrx_word' id='word_1_62' title='bbox 325 935 336 956; x_wconf 54' lang='grc' dir='ltr'><em>τ</em></span> <span class='ocrx_word' id='word_1_63' title='bbox 420 935 486 1004; x_wconf 68' lang='grc' dir='ltr'><strong>ἢν</strong></span> <span class='ocrx_word' id='word_1_64' title='bbox 519 937 722 1006; x_wconf 73' lang='grc' dir='ltr'>ἐτάχθη</span> <span class='ocrx_word' id='word_1_65' title='bbox 746 941 897 1010; x_wconf 78' lang='grc' dir='ltr'>παρὰ</span> <span class='ocrx_word' id='word_1_66' title='bbox 929 941 1027 1010; x_wconf 84' lang='grc' dir='ltr'>τῆς</span> <span class='ocrx_word' id='word_1_67' title='bbox 1057 941 1292 1010; x_wconf 76' lang='grc' dir='ltr'>φύσεως,</span> <span class='ocrx_word' id='word_1_68' title='bbox 1321 944 1644 1013; x_wconf 87' lang='grc' dir='ltr'>ἀναίσθητον</span> <span class='ocrx_word' id='word_1_69' title='bbox 1669 946 1864 1015; x_wconf 85' lang='grc' dir='ltr'>τρόπον</span> <span class='ocrx_word' id='word_1_70' title='bbox 1889 944 2009 996; x_wconf 77' lang='grc' dir='ltr'>τινὰ</span> 
     </span>
    </p>
   </div>
   <div class='ocr_carea' id='block_1_12' title="bbox 424 1025 2002 1104">
    <p class='ocr_par' dir='ltr' id='par_1_12' title="bbox 424 1025 2002 1104">
     <span class='ocr_line' id='line_1_12' title="bbox 424 1025 2002 1104; baseline 0.006 -28"><span class='ocrx_word' id='word_1_71' title='bbox 424 1025 559 1095; x_wconf 77' lang='grc' dir='ltr'>πρὸς</span> <span class='ocrx_word' id='word_1_72' title='bbox 578 1027 606 1079; x_wconf 84' lang='grc' dir='ltr'><strong>ὃ</strong></span> <span class='ocrx_word' id='word_1_73' title='bbox 631 1029 705 1098; x_wconf 84' lang='grc' dir='ltr'>μὴ</span> <span class='ocrx_word' id='word_1_74' title='bbox 727 1030 936 1097; x_wconf 80' lang='grc' dir='ltr'>πέφυκε</span> <span class='ocrx_word' id='word_1_75' title='bbox 963 1031 1233 1102; x_wconf 72' lang='grc' dir='ltr'><strong>διαμένον,</strong></span> <span class='ocrx_word' id='word_1_76' title='bbox 1255 1033 1350 1087; x_wconf 81' lang='grc' dir='ltr'>καὶ</span> <span class='ocrx_word' id='word_1_77' title='bbox 1370 1029 1632 1102; x_wconf 73' lang='grc' dir='ltr'><strong>ἄγευστον</strong></span> <span class='ocrx_word' id='word_1_78' title='bbox 1655 1034 1752 1104; x_wconf 77' lang='grc' dir='ltr'>τῆς</span> <span class='ocrx_word' id='word_1_79' title='bbox 1767 1034 2002 1088; x_wconf 69' lang='grc' dir='ltr'>ἀπολαύα</span> 
     </span>
    </p>
   </div>
   <div class='ocr_carea' id='block_1_13' title="bbox 423 1112 2009 1196">
    <p class='ocr_par' dir='ltr' id='par_1_13' title="bbox 423 1112 2009 1196">
     <span class='ocr_line' id='line_1_13' title="bbox 423 1112 2009 1196; baseline 0.007 -30"><span class='ocrx_word' id='word_1_80' title='bbox 423 1130 560 1179; x_wconf 85' lang='grc' dir='ltr'>σεως</span> <span class='ocrx_word' id='word_1_81' title='bbox 593 1112 660 1189; x_wconf 82' lang='grc' dir='ltr'>ἧς</span> <span class='ocrx_word' id='word_1_82' title='bbox 695 1119 996 1189; x_wconf 78' lang='grc' dir='ltr'>καρποῦται</span> <span class='ocrx_word' id='word_1_83' title='bbox 1024 1123 1056 1191; x_wconf 82' lang='grc' dir='ltr'>ή</span> <span class='ocrx_word' id='word_1_84' title='bbox 1086 1123 1282 1191; x_wconf 81' lang='grc' dir='ltr'>γείτων</span> <span class='ocrx_word' id='word_1_85' title='bbox 1301 1123 1586 1195; x_wconf 78' lang='grc' dir='ltr'>αἴσθησις.</span> <span class='ocrx_word' id='word_1_86' title='bbox 1649 1127 1796 1179; x_wconf 84' lang='grc' dir='ltr'><strong>Ἑκεί</strong></span> <span class='ocrx_word' id='word_1_87' title='bbox 1827 1126 1880 1179; x_wconf 87' lang='grc' dir='ltr'>δὲ</span> <span class='ocrx_word' id='word_1_88' title='bbox 1911 1126 2009 1196; x_wconf 81' lang='grc' dir='ltr'><strong>οὑχ</strong></span> 
     </span>
    </p>
   </div>
   <div class='ocr_carea' id='block_1_14' title="bbox 421 1207 2006 1290">
    <p class='ocr_par' dir='ltr' id='par_1_14' title="bbox 421 1207 2006 1290">
     <span class='ocr_line' id='line_1_14' title="bbox 421 1207 2006 1290; baseline 0.006 -28"><span class='ocrx_word' id='word_1_89' title='bbox 421 1207 616 1272; x_wconf 75' lang='grc' dir='ltr'>οὕτως,</span> <span class='ocrx_word' id='word_1_90' title='bbox 641 1211 753 1262; x_wconf 82' lang='grc' dir='ltr'>ἀλλ’</span> <span class='ocrx_word' id='word_1_91' title='bbox 779 1212 896 1266; x_wconf 80' lang='grc' dir='ltr'>ὅλον</span> <span class='ocrx_word' id='word_1_92' title='bbox 918 1214 985 1266; x_wconf 75' lang='grc' dir='ltr'>δι’</span> <span class='ocrx_word' id='word_1_93' title='bbox 1013 1215 1133 1268; x_wconf 77' lang='grc' dir='ltr'>ὅλου</span> <span class='ocrx_word' id='word_1_94' title='bbox 1147 1216 1208 1269; x_wconf 79' lang='grc' dir='ltr'>τὸ</span> <span class='ocrx_word' id='word_1_95' title='bbox 1228 1216 1380 1270; x_wconf 87' lang='grc' dir='ltr'>Θεῖον</span> <span class='ocrx_word' id='word_1_96' title='bbox 1400 1219 1590 1289; x_wconf 84' lang='grc' dir='ltr'>ὅρασίς</span> <span class='ocrx_word' id='word_1_97' title='bbox 1617 1221 1731 1272; x_wconf 76' lang='grc' dir='ltr'>ἐστι</span> <span class='ocrx_word' id='word_1_98' title='bbox 1753 1219 1848 1272; x_wconf 75' lang='grc' dir='ltr'>καὶ</span> <span class='ocrx_word' id='word_1_99' title='bbox 1870 1219 2006 1290; x_wconf 83' lang='grc' dir='ltr'>ἀκοὴ</span> 
     </span>
    </p>
   </div>
   <div class='ocr_carea' id='block_1_15' title="bbox 424 1301 2008 1380">
    <p class='ocr_par' dir='ltr' id='par_1_15' title="bbox 424 1301 2008 1380">
     <span class='ocr_line' id='line_1_15' title="bbox 424 1301 2008 1380; baseline 0.006 -26"><span class='ocrx_word' id='word_1_100' title='bbox 424 1301 520 1354; x_wconf 72' lang='grc' dir='ltr'>καὶ</span> <span class='ocrx_word' id='word_1_101' title='bbox 544 1303 762 1368; x_wconf 78' lang='grc' dir='ltr'>γνῶσις.</span> <span class='ocrx_word' id='word_1_102' title='bbox 801 1305 875 1357; x_wconf 85' lang='grc' dir='ltr'><strong>Οὑ</strong></span> <span class='ocrx_word' id='word_1_103' title='bbox 927 1305 1035 1375; x_wconf 77' lang='grc' dir='ltr'><strong>γὰρ</strong></span> <span class='ocrx_word' id='word_1_104' title='bbox 1079 1307 1144 1378; x_wconf 79' lang='grc' dir='ltr'>δὴ</span> <span class='ocrx_word' id='word_1_105' title='bbox 1179 1307 1333 1379; x_wconf 81' lang='grc' dir='ltr'><strong>θέμις</strong></span> <span class='ocrx_word' id='word_1_106' title='bbox 1362 1314 1457 1362; x_wconf 71' lang='grc' dir='ltr'>καὶ</span> <span class='ocrx_word' id='word_1_107' title='bbox 1490 1309 1587 1371; x_wconf 77' lang='grc' dir='ltr'><strong>τὰς</strong></span> <span class='ocrx_word' id='word_1_108' title='bbox 1630 1311 2008 1380; x_wconf 78' lang='grc' dir='ltr'>ζωωδεστέρας</span> 
     </span>
    </p>
   </div>
   <div class='ocr_carea' id='block_1_16' title="bbox 424 1391 2008 1473">
    <p class='ocr_par' dir='ltr' id='par_1_16' title="bbox 424 1391 2008 1473">
     <span class='ocr_line' id='line_1_16' title="bbox 424 1391 2008 1473; baseline 0.006 -30"><span class='ocrx_word' id='word_1_109' title='bbox 424 1391 535 1444; x_wconf 86' lang='grc' dir='ltr'><strong>τῶν</strong></span> <span class='ocrx_word' id='word_1_110' title='bbox 557 1392 860 1464; x_wconf 70' lang='grc' dir='ltr'>αἰσθήσεων</span> <span class='ocrx_word' id='word_1_111' title='bbox 891 1397 1221 1469; x_wconf 76' lang='grc' dir='ltr'><strong>ἐφαρμόζειν</strong></span> <span class='ocrx_word' id='word_1_112' title='bbox 1250 1404 1316 1472; x_wconf 81' lang='grc' dir='ltr'>τῇ</span> <span class='ocrx_word' id='word_1_113' title='bbox 1347 1402 1613 1473; x_wconf 83' lang='grc' dir='ltr'>ἀκηράτῳ</span> <span class='ocrx_word' id='word_1_114' title='bbox 1642 1401 1822 1470; x_wconf 69' lang='grc' dir='ltr'>φύσει,</span> <span class='ocrx_word' id='word_1_115' title='bbox 1871 1401 2008 1471; x_wconf 76' lang='grc' dir='ltr'>πλὴν</span> 
     </span>
    </p>
   </div>
   <div class='ocr_carea' id='block_1_17' title="bbox 427 1487 2007 1561">
    <p class='ocr_par' dir='ltr' id='par_1_17' title="bbox 427 1487 2007 1561">
     <span class='ocr_line' id='line_1_17' title="bbox 427 1487 2007 1561; baseline 0.011 -25"><span class='ocrx_word' id='word_1_116' title='bbox 427 1487 474 1536; x_wconf 87' lang='grc' dir='ltr'>εἰ</span> <span class='ocrx_word' id='word_1_117' title='bbox 502 1487 604 1557; x_wconf 81' lang='grc' dir='ltr'>χρή</span> <span class='ocrx_word' id='word_1_118' title='bbox 634 1503 686 1538; x_wconf 92' lang='grc' dir='ltr'><strong>τι</strong></span> <span class='ocrx_word' id='word_1_119' title='bbox 714 1488 804 1540; x_wconf 80' lang='grc' dir='ltr'>καὶ</span> <span class='ocrx_word' id='word_1_120' title='bbox 827 1490 1076 1542; x_wconf 82' lang='grc' dir='ltr'>ταπεινὸν</span> <span class='ocrx_word' id='word_1_121' title='bbox 1100 1491 1412 1559; x_wconf 75' lang='grc' dir='ltr'><strong>ὑποθέσθαι,</strong></span> <span class='ocrx_word' id='word_1_122' title='bbox 1441 1495 1534 1547; x_wconf 77' lang='grc' dir='ltr'>καὶ</span> <span class='ocrx_word' id='word_1_123' title='bbox 1569 1494 1898 1561; x_wconf 82' lang='grc' dir='ltr'><strong>καταγαγεῖν</strong></span> <span class='ocrx_word' id='word_1_124' title='bbox 1930 1494 2007 1554; x_wconf 82' lang='grc' dir='ltr'><strong>είς</strong></span> 
     </span>
    </p>
   </div>
   <div class='ocr_carea' id='block_1_18' title="bbox 424 1575 2009 1655">
    <p class='ocr_par' dir='ltr' id='par_1_18' title="bbox 424 1575 2009 1655">
     <span class='ocr_line' id='line_1_18' title="bbox 424 1575 2009 1655; baseline -0.003 -14"><span class='ocrx_word' id='word_1_125' title='bbox 424 1575 793 1648; x_wconf 76' lang='grc' dir='ltr'>χαμαιζήλους</span> <span class='ocrx_word' id='word_1_126' title='bbox 842 1581 1136 1651; x_wconf 80' lang='grc' dir='ltr'>ὑπολήψεις</span> <span class='ocrx_word' id='word_1_127' title='bbox 1181 1584 1243 1636; x_wconf 87' lang='grc' dir='ltr'>τὸ</span> <span class='ocrx_word' id='word_1_128' title='bbox 1275 1584 1456 1639; x_wconf 87' lang='grc' dir='ltr'>θεῖον·</span> <span class='ocrx_word' id='word_1_129' title='bbox 1501 1585 1640 1639; x_wconf 80' lang='grc' dir='ltr'>ὥστε</span> <span class='ocrx_word' id='word_1_130' title='bbox 1690 1586 1864 1638; x_wconf 80' lang='grc' dir='ltr'>λαλεῖν</span> <span class='ocrx_word' id='word_1_131' title='bbox 1910 1585 2009 1655; x_wconf 83' lang='grc' dir='ltr'>μὲν</span> 
     </span>
    </p>
   </div>
   <div class='ocr_carea' id='block_1_19' title="bbox 422 1666 2008 1747">
    <p class='ocr_par' dir='ltr' id='par_1_19' title="bbox 422 1666 2008 1747">
     <span class='ocr_line' id='line_1_19' title="bbox 422 1666 2008 1747; baseline 0.007 -31"><span class='ocrx_word' id='word_1_132' title='bbox 422 1666 886 1740; x_wconf 33' lang='grc' dir='ltr'>οἴεσθαιερήματα</span> <span class='ocrx_word' id='word_1_133' title='bbox 928 1672 1014 1725; x_wconf 75' lang='grc' dir='ltr'><strong>διὰ</strong></span> <span class='ocrx_word' id='word_1_134' title='bbox 1051 1673 1314 1741; x_wconf 85' lang='grc' dir='ltr'>στόματος</span> <span class='ocrx_word' id='word_1_135' title='bbox 1358 1677 1449 1729; x_wconf 78' lang='grc' dir='ltr'>τὸν</span> <span class='ocrx_word' id='word_1_136' title='bbox 1488 1677 1725 1747; x_wconf 85' lang='grc' dir='ltr'>Πατέρα.</span> <span class='ocrx_word' id='word_1_137' title='bbox 1771 1679 2008 1746; x_wconf 76' lang='grc' dir='ltr'>ἐνεργεῖν</span> 
     </span>
    </p>
   </div>
   <div class='ocr_carea' id='block_1_20' title="bbox 2111 484 3682 558">
    <p class='ocr_par' dir='ltr' id='par_1_20' title="bbox 2111 484 3682 558">
     <span class='ocr_line' id='line_1_20' title="bbox 2111 484 3682 558; baseline -0.007 -14"><span class='ocrx_word' id='word_1_138' title='bbox 2111 490 2241 545; x_wconf 74' lang='lat' dir='ltr'><strong>siris</strong></span> <span class='ocrx_word' id='word_1_139' title='bbox 2274 505 2380 543; x_wconf 93' lang='lat' dir='ltr'><strong>non</strong></span> <span class='ocrx_word' id='word_1_140' title='bbox 2411 505 2533 544; x_wconf 80' lang='lat' dir='ltr'><strong>esse.</strong></span> <span class='ocrx_word' id='word_1_141' title='bbox 2565 489 2933 558; x_wconf 88' lang='lat' dir='ltr'><strong>dispertitum,</strong></span> <span class='ocrx_word' id='word_1_142' title='bbox 2978 487 3121 542; x_wconf 86' lang='lat' dir='ltr'><strong>sicut</strong></span> <span class='ocrx_word' id='word_1_143' title='bbox 3153 484 3295 556; x_wconf 85' lang='lat' dir='ltr'><strong>apud</strong></span> <span class='ocrx_word' id='word_1_144' title='bbox 3330 498 3430 538; x_wconf 91' lang='lat' dir='ltr'><strong>nos</strong></span> <span class='ocrx_word' id='word_1_145' title='bbox 3459 496 3682 551; x_wconf 85' lang='lat' dir='ltr'><strong>separa-</strong></span> 
     </span>
    </p>
   </div>
   <div class='ocr_carea' id='block_1_21' title="bbox 2111 573 3680 646">
    <p class='ocr_par' dir='ltr' id='par_1_21' title="bbox 2111 573 3680 646">
     <span class='ocr_line' id='line_1_21' title="bbox 2111 573 3680 646; baseline -0.005 -13"><span class='ocrx_word' id='word_1_146' title='bbox 2111 581 2204 633; x_wconf 87' lang='lat' dir='ltr'><strong>tim</strong></span> <span class='ocrx_word' id='word_1_147' title='bbox 2237 581 2504 635; x_wconf 87' lang='lat' dir='ltr'><strong>sentiendi</strong></span> <span class='ocrx_word' id='word_1_148' title='bbox 2526 580 3017 636; x_wconf 79' lang='lat' dir='ltr'><strong>instrumentorum</strong></span> <span class='ocrx_word' id='word_1_149' title='bbox 3052 576 3502 646; x_wconf 79' lang='lat' dir='ltr'><strong>unumquodque,</strong></span> <span class='ocrx_word' id='word_1_150' title='bbox 3536 573 3680 642; x_wconf 85' lang='lat' dir='ltr'><strong>quod</strong></span> 
     </span>
    </p>
   </div>
   <div class='ocr_carea' id='block_1_22' title="bbox 2109 665 3683 742">
    <p class='ocr_par' dir='ltr' id='par_1_22' title="bbox 2109 665 3683 742">
     <span class='ocr_line' id='line_1_22' title="bbox 2109 665 3683 742; baseline -0.004 -17"><span class='ocrx_word' id='word_1_151' title='bbox 2109 672 2210 726; x_wconf 77' lang='lat' dir='ltr'><strong>sibi</strong></span> <span class='ocrx_word' id='word_1_152' title='bbox 2247 684 2534 741; x_wconf 85' lang='lat' dir='ltr'><strong>cognatum</strong></span> <span class='ocrx_word' id='word_1_153' title='bbox 2569 673 2817 742; x_wconf 85' lang='lat' dir='ltr'><strong>percipit,</strong></span> <span class='ocrx_word' id='word_1_154' title='bbox 2846 673 3059 726; x_wconf 83' lang='lat' dir='ltr'><strong>visibilc</strong></span> <span class='ocrx_word' id='word_1_155' title='bbox 3093 670 3312 741; x_wconf 88' lang='lat' dir='ltr'><strong>quidem</strong></span> <span class='ocrx_word' id='word_1_156' title='bbox 3344 665 3564 722; x_wconf 83' lang='lat' dir='ltr'><strong>videndi</strong></span> <span class='ocrx_word' id='word_1_157' title='bbox 3603 666 3683 718; x_wconf 77' lang='lat' dir='ltr'><strong>fa-</strong></span> 
     </span>
    </p>
   </div>
   <div class='ocr_carea' id='block_1_23' title="bbox 2110 763 3683 827">
    <p class='ocr_par' dir='ltr' id='par_1_23' title="bbox 2110 763 3683 827">
     <span class='ocr_line' id='line_1_23' title="bbox 2110 763 3683 827; baseline -0.004 -12"><span class='ocrx_word' id='word_1_158' title='bbox 2110 764 2307 825; x_wconf 84' lang='lat' dir='ltr'><strong>cultas,</strong></span> <span class='ocrx_word' id='word_1_159' title='bbox 2365 765 2602 818; x_wconf 89' lang='lat' dir='ltr'><strong>audibile</strong></span> <span class='ocrx_word' id='word_1_160' title='bbox 2648 763 2903 818; x_wconf 79' lang='lat' dir='ltr'><strong>audiendi</strong></span> <span class='ocrx_word' id='word_1_161' title='bbox 2965 778 3161 818; x_wconf 87' lang='lat' dir='ltr'><strong>sensus</strong></span> <span class='ocrx_word' id='word_1_162' title='bbox 3207 779 3222 815; x_wconf 87' lang='lat'><strong>:</strong></span> <span class='ocrx_word' id='word_1_163' title='bbox 3271 774 3445 827; x_wconf 87' lang='lat' dir='ltr'><strong>neque</strong></span> <span class='ocrx_word' id='word_1_164' title='bbox 3506 764 3683 810; x_wconf 81' lang='lat' dir='ltr'><strong>lactus</strong></span> 
     </span>
    </p>
   </div>
   <div class='ocr_carea' id='block_1_24' title="bbox 2111 846 3680 926">
    <p class='ocr_par' dir='ltr' id='par_1_24' title="bbox 2111 846 3680 926">
     <span class='ocr_line' id='line_1_24' title="bbox 2111 846 3680 926; baseline -0.008 -17"><span class='ocrx_word' id='word_1_165' title='bbox 2111 865 2507 926; x_wconf 84' lang='lat' dir='ltr'><strong>gustat,neque</strong></span> <span class='ocrx_word' id='word_1_166' title='bbox 2535 855 2754 909; x_wconf 89' lang='lat' dir='ltr'><strong>auditus</strong></span> <span class='ocrx_word' id='word_1_167' title='bbox 2787 869 3015 924; x_wconf 83' lang='lat' dir='ltr'><strong>vapores</strong></span> <span class='ocrx_word' id='word_1_168' title='bbox 3057 861 3111 910; x_wconf 89' lang='lat' dir='ltr'><strong>et</strong></span> <span class='ocrx_word' id='word_1_169' title='bbox 3154 867 3381 922; x_wconf 78' lang='lat' dir='ltr'><strong>sapores</strong></span> <span class='ocrx_word' id='word_1_170' title='bbox 3427 846 3680 918; x_wconf 84' lang='lat' dir='ltr'><strong>percipit,</strong></span> 
     </span>
    </p>
   </div>
   <div class='ocr_carea' id='block_1_25' title="bbox 2111 939 3682 1018">
    <p class='ocr_par' dir='ltr' id='par_1_25' title="bbox 2111 939 3682 1018">
     <span class='ocr_line' id='line_1_25' title="bbox 2111 939 3682 1018; baseline -0.005 -16"><span class='ocrx_word' id='word_1_171' title='bbox 2111 949 2204 1002; x_wconf 87' lang='lat' dir='ltr'><strong>sed</strong></span> <span class='ocrx_word' id='word_1_172' title='bbox 2238 949 2664 1018; x_wconf 85' lang='lat' dir='ltr'><strong>unumquodque</strong></span> <span class='ocrx_word' id='word_1_173' title='bbox 2692 950 2746 1002; x_wconf 93' lang='lat' dir='ltr'><strong>in</strong></span> <span class='ocrx_word' id='word_1_174' title='bbox 2792 965 2895 1002; x_wconf 93' lang='lat' dir='ltr'><strong>una</strong></span> <span class='ocrx_word' id='word_1_175' title='bbox 2933 946 3247 1017; x_wconf 79' lang='lat' dir='ltr'><strong>Operatione</strong></span> <span class='ocrx_word' id='word_1_176' title='bbox 3269 951 3571 1013; x_wconf 78' lang='lat' dir='ltr'><strong>permanet,</strong></span> <span class='ocrx_word' id='word_1_177' title='bbox 3616 939 3682 991; x_wconf 84' lang='lat' dir='ltr'><strong>ad</strong></span> 
     </span>
    </p>
   </div>
   <div class='ocr_carea' id='block_1_26' title="bbox 2111 1033 3684 1111">
    <p class='ocr_par' dir='ltr' id='par_1_26' title="bbox 2111 1033 3684 1111">
     <span class='ocr_line' id='line_1_26' title="bbox 2111 1033 3684 1111; baseline -0.007 -15"><span class='ocrx_word' id='word_1_178' title='bbox 2111 1058 2272 1111; x_wconf 88' lang='lat' dir='ltr'><strong>quam</strong></span> <span class='ocrx_word' id='word_1_179' title='bbox 2321 1036 2350 1096; x_wconf 88' lang='lat' dir='ltr'><strong>a</strong></span> <span class='ocrx_word' id='word_1_180' title='bbox 2405 1052 2600 1097; x_wconf 88' lang='lat' dir='ltr'><strong>natura</strong></span> <span class='ocrx_word' id='word_1_181' title='bbox 2649 1043 2962 1098; x_wconf 89' lang='lat' dir='ltr'><strong>ordinatum</strong></span> <span class='ocrx_word' id='word_1_182' title='bbox 3011 1050 3115 1106; x_wconf 88' lang='lat' dir='ltr'><strong>est,</strong></span> <span class='ocrx_word' id='word_1_183' title='bbox 3163 1054 3230 1094; x_wconf 90' lang='lat' dir='ltr'><strong>ac</strong></span> <span class='ocrx_word' id='word_1_184' title='bbox 3280 1033 3684 1108; x_wconf 87' lang='lat' dir='ltr'><strong>quodammodo</strong></span> 
     </span>
    </p>
   </div>
   <div class='ocr_carea' id='block_1_27' title="bbox 2111 1133 3681 1204">
    <p class='ocr_par' dir='ltr' id='par_1_27' title="bbox 2111 1133 3681 1204">
     <span class='ocr_line' id='line_1_27' title="bbox 2111 1133 3681 1204; baseline -0.008 -14"><span class='ocrx_word' id='word_1_185' title='bbox 2111 1149 2276 1190; x_wconf 64' lang='lat' dir='ltr'><strong>sensu</strong></span> <span class='ocrx_word' id='word_1_186' title='bbox 2310 1144 2460 1190; x_wconf 91' lang='lat' dir='ltr'><strong>caret</strong></span> <span class='ocrx_word' id='word_1_187' title='bbox 2505 1135 2569 1188; x_wconf 88' lang='lat' dir='ltr'><strong>ad</strong></span> <span class='ocrx_word' id='word_1_188' title='bbox 2617 1133 2667 1188; x_wconf 94' lang='lat' dir='ltr'><strong>id</strong></span> <span class='ocrx_word' id='word_1_189' title='bbox 2701 1137 2844 1204; x_wconf 88' lang='lat' dir='ltr'><strong>quod</strong></span> <span class='ocrx_word' id='word_1_190' title='bbox 2879 1151 2987 1189; x_wconf 93' lang='lat' dir='ltr'><strong>non</strong></span> <span class='ocrx_word' id='word_1_191' title='bbox 3019 1151 3049 1188; x_wconf 89' lang='lat' dir='ltr'><strong>a</strong></span> <span class='ocrx_word' id='word_1_192' title='bbox 3079 1140 3274 1186; x_wconf 88' lang='lat' dir='ltr'><strong>natura</strong></span> <span class='ocrx_word' id='word_1_193' title='bbox 3303 1136 3681 1199; x_wconf 85' lang='lat' dir='ltr'><strong>comparatum</strong></span> 
     </span>
    </p>
   </div>
   <div class='ocr_carea' id='block_1_28' title="bbox 2109 1217 3685 1297">
    <p class='ocr_par' dir='ltr' id='par_1_28' title="bbox 2109 1217 3685 1297">
     <span class='ocr_line' id='line_1_28' title="bbox 2109 1217 3685 1297; baseline -0.008 -16"><span class='ocrx_word' id='word_1_194' title='bbox 2109 1234 2214 1289; x_wconf 88' lang='lat' dir='ltr'><strong>est,</strong></span> <span class='ocrx_word' id='word_1_195' title='bbox 2254 1242 2354 1281; x_wconf 92' lang='lat' dir='ltr'><strong>nec</strong></span> <span class='ocrx_word' id='word_1_196' title='bbox 2382 1227 2502 1296; x_wconf 88' lang='lat' dir='ltr'><strong>ejus</strong></span> <span class='ocrx_word' id='word_1_197' title='bbox 2538 1227 2825 1282; x_wconf 90' lang='lat' dir='ltr'><strong>suavitatis</strong></span> <span class='ocrx_word' id='word_1_198' title='bbox 2859 1235 3075 1297; x_wconf 85' lang='lat' dir='ltr'><strong>gustum</strong></span> <span class='ocrx_word' id='word_1_199' title='bbox 3122 1223 3306 1287; x_wconf 87' lang='lat' dir='ltr'><strong>habet,</strong></span> <span class='ocrx_word' id='word_1_200' title='bbox 3353 1220 3511 1289; x_wconf 80' lang='lat' dir='ltr'><strong>cujus</strong></span> <span class='ocrx_word' id='word_1_201' title='bbox 3555 1217 3685 1269; x_wconf 84' lang='lat' dir='ltr'><strong>\ici-</strong></span> 
     </span>
    </p>
   </div>
   <div class='ocr_carea' id='block_1_29' title="bbox 2113 1308 3680 1389">
    <p class='ocr_par' dir='ltr' id='par_1_29' title="bbox 2113 1308 3680 1389">
     <span class='ocr_line' id='line_1_29' title="bbox 2113 1308 3680 1389; baseline -0.007 -18"><span class='ocrx_word' id='word_1_202' title='bbox 2113 1334 2215 1372; x_wconf 90' lang='lat' dir='ltr'><strong>nus</strong></span> <span class='ocrx_word' id='word_1_203' title='bbox 2242 1335 2442 1373; x_wconf 87' lang='lat' dir='ltr'><strong>sensus</strong></span> <span class='ocrx_word' id='word_1_204' title='bbox 2477 1321 2808 1389; x_wconf 87' lang='lat' dir='ltr'><strong>voluptatem</strong></span> <span class='ocrx_word' id='word_1_205' title='bbox 2844 1319 3010 1386; x_wconf 88' lang='lat' dir='ltr'><strong>capit.</strong></span> <span class='ocrx_word' id='word_1_206' title='bbox 3054 1316 3167 1369; x_wconf 91' lang='lat' dir='ltr'><strong>Illic</strong></span> <span class='ocrx_word' id='word_1_207' title='bbox 3203 1321 3383 1367; x_wconf 88' lang='lat' dir='ltr'><strong>autem</strong></span> <span class='ocrx_word' id='word_1_208' title='bbox 3430 1325 3537 1364; x_wconf 92' lang='lat' dir='ltr'><strong>non</strong></span> <span class='ocrx_word' id='word_1_209' title='bbox 3580 1308 3680 1366; x_wconf 78' lang='lat' dir='ltr'><strong>sic,</strong></span> 
     </span>
    </p>
   </div>
   <div class='ocr_carea' id='block_1_30' title="bbox 2111 1403 3686 1481">
    <p class='ocr_par' dir='ltr' id='par_1_30' title="bbox 2111 1403 3686 1481">
     <span class='ocr_line' id='line_1_30' title="bbox 2111 1403 3686 1481; baseline -0.01 -14"><span class='ocrx_word' id='word_1_210' title='bbox 2111 1413 2206 1467; x_wconf 88' lang='lat' dir='ltr'><strong>sed</strong></span> <span class='ocrx_word' id='word_1_211' title='bbox 2241 1420 2390 1466; x_wconf 89' lang='lat' dir='ltr'><strong>totus</strong></span> <span class='ocrx_word' id='word_1_212' title='bbox 2420 1427 2512 1481; x_wconf 89' lang='lat' dir='ltr'><strong>per</strong></span> <span class='ocrx_word' id='word_1_213' title='bbox 2545 1420 2718 1464; x_wconf 86' lang='lat' dir='ltr'><strong>totum</strong></span> <span class='ocrx_word' id='word_1_214' title='bbox 2765 1411 2905 1464; x_wconf 87' lang='lat' dir='ltr'><strong>Deus</strong></span> <span class='ocrx_word' id='word_1_215' title='bbox 2934 1403 3045 1471; x_wconf 8' lang='lat' dir='ltr'><strong>est,»</strong></span> <span class='ocrx_word' id='word_1_216' title='bbox 3089 1407 3240 1461; x_wconf 83' lang='lat' dir='ltr'><strong>visus</strong></span> <span class='ocrx_word' id='word_1_217' title='bbox 3273 1412 3326 1459; x_wconf 92' lang='lat' dir='ltr'><strong>et</strong></span> <span class='ocrx_word' id='word_1_218' title='bbox 3367 1403 3586 1457; x_wconf 89' lang='lat' dir='ltr'><strong>auditus</strong></span> <span class='ocrx_word' id='word_1_219' title='bbox 3631 1409 3686 1453; x_wconf 83' lang='lat' dir='ltr'><strong>et</strong></span> 
     </span>
    </p>
   </div>
   <div class='ocr_carea' id='block_1_31' title="bbox 2110 1489 3682 1572">
    <p class='ocr_par' dir='ltr' id='par_1_31' title="bbox 2110 1489 3682 1572">
     <span class='ocr_line' id='line_1_31' title="bbox 2110 1489 3682 1572; baseline -0.011 -15"><span class='ocrx_word' id='word_1_220' title='bbox 2110 1503 2370 1572; x_wconf 78' lang='lat' dir='ltr'><strong>cognitio.</strong></span> <span class='ocrx_word' id='word_1_221' title='bbox 2407 1501 2524 1556; x_wconf 85' lang='lat' dir='ltr'><strong>Non</strong></span> <span class='ocrx_word' id='word_1_222' title='bbox 2559 1503 2702 1556; x_wconf 90' lang='lat' dir='ltr'><strong>enim</strong></span> <span class='ocrx_word' id='word_1_223' title='bbox 2731 1501 2841 1569; x_wconf 86' lang='lat' dir='ltr'><strong>jam</strong></span> <span class='ocrx_word' id='word_1_224' title='bbox 2882 1499 2962 1552; x_wconf 75' lang='lat' dir='ltr'><strong>fas</strong></span> <span class='ocrx_word' id='word_1_225' title='bbox 3007 1506 3090 1554; x_wconf 90' lang='lat' dir='ltr'><strong>est</strong></span> <span class='ocrx_word' id='word_1_226' title='bbox 3134 1504 3341 1551; x_wconf 63' lang='lat' dir='ltr'><strong>natura;</strong></span> <span class='ocrx_word' id='word_1_227' title='bbox 3389 1489 3682 1546; x_wconf 87' lang='lat' dir='ltr'><strong>immortali</strong></span> 
     </span>
    </p>
   </div>
   <div class='ocr_carea' id='block_1_32' title="bbox 2114 1586 3686 1662">
    <p class='ocr_par' dir='ltr' id='par_1_32' title="bbox 2114 1586 3686 1662">
     <span class='ocr_line' id='line_1_32' title="bbox 2114 1586 3686 1662; baseline -0.01 -14"><span class='ocrx_word' id='word_1_228' title='bbox 2114 1611 2309 1649; x_wconf 84' lang='lat' dir='ltr'><strong>sensus</strong></span> <span class='ocrx_word' id='word_1_229' title='bbox 2343 1594 2515 1662; x_wconf 81' lang='lat' dir='ltr'><strong>magis</strong></span> <span class='ocrx_word' id='word_1_230' title='bbox 2543 1592 2808 1658; x_wconf 85' lang='lat' dir='ltr'><strong>animales</strong></span> <span class='ocrx_word' id='word_1_231' title='bbox 2831 1590 3151 1652; x_wconf 86' lang='lat' dir='ltr'><strong>attribuere,</strong></span> <span class='ocrx_word' id='word_1_232' title='bbox 3177 1586 3280 1640; x_wconf 85' lang='lat' dir='ltr'><strong>nisi</strong></span> <span class='ocrx_word' id='word_1_233' title='bbox 3314 1600 3435 1639; x_wconf 88' lang='lat' dir='ltr'><strong>cum</strong></span> <span class='ocrx_word' id='word_1_234' title='bbox 3470 1589 3686 1650; x_wconf 78' lang='lat' dir='ltr'><strong>Oportet</strong></span> 
     </span>
    </p>
   </div>
   <div class='ocr_carea' id='block_1_33' title="bbox 2114 1673 3684 1752">
    <p class='ocr_par' dir='ltr' id='par_1_33' title="bbox 2114 1673 3684 1752">
     <span class='ocr_line' id='line_1_33' title="bbox 2114 1673 3684 1752; baseline -0.008 -16"><span class='ocrx_word' id='word_1_235' title='bbox 2114 1683 2318 1752; x_wconf 88' lang='lat' dir='ltr'><strong>aliquid</strong></span> <span class='ocrx_word' id='word_1_236' title='bbox 2361 1682 2563 1736; x_wconf 88' lang='lat' dir='ltr'><strong>humile</strong></span> <span class='ocrx_word' id='word_1_237' title='bbox 2597 1695 2924 1750; x_wconf 87' lang='lat' dir='ltr'><strong>supponere,</strong></span> <span class='ocrx_word' id='word_1_238' title='bbox 2975 1686 3030 1733; x_wconf 89' lang='lat' dir='ltr'><strong>et</strong></span> <span class='ocrx_word' id='word_1_239' title='bbox 3072 1677 3146 1730; x_wconf 88' lang='lat' dir='ltr'><strong>ad.</strong></span> <span class='ocrx_word' id='word_1_240' title='bbox 3194 1674 3352 1728; x_wconf 79' lang='lat' dir='ltr'><strong>humi</strong></span> <span class='ocrx_word' id='word_1_241' title='bbox 3395 1673 3684 1741; x_wconf 84' lang='lat' dir='ltr'><strong>depressas</strong></span> 
     </span>
    </p>
   </div>
   <div class='ocr_carea' id='block_1_34' title="bbox 422 1756 2006 1845">
    <p class='ocr_par' dir='ltr' id='par_1_34' title="bbox 422 1756 2006 1839">
     <span class='ocr_line' id='line_1_34' title="bbox 422 1756 2006 1839; baseline 0.008 -32"><span class='ocrx_word' id='word_1_242' title='bbox 422 1756 596 1826; x_wconf 80' lang='grc' dir='ltr'>δὲτὴν</span> <span class='ocrx_word' id='word_1_243' title='bbox 631 1760 800 1830; x_wconf 83' lang='grc' dir='ltr'>ἀκοὴν</span> <span class='ocrx_word' id='word_1_244' title='bbox 834 1763 927 1815; x_wconf 83' lang='grc' dir='ltr'>τοῦ</span> <span class='ocrx_word' id='word_1_245' title='bbox 957 1764 1109 1828; x_wconf 82' lang='grc' dir='ltr'><strong>Υίοῦ,</strong></span> <span class='ocrx_word' id='word_1_246' title='bbox 1158 1766 1210 1818; x_wconf 86' lang='grc' dir='ltr'><strong>τί</strong></span> <span class='ocrx_word' id='word_1_247' title='bbox 1237 1767 1296 1819; x_wconf 86' lang='grc' dir='ltr'>τὸ</span> <span class='ocrx_word' id='word_1_248' title='bbox 1347 1768 1508 1839; x_wconf 83' lang='grc' dir='ltr'>μέσον</span> <span class='ocrx_word' id='word_1_249' title='bbox 1557 1768 1922 1839; x_wconf 79' lang='grc' dir='ltr'>ὑποτιθέμεθα</span> <span class='ocrx_word' id='word_1_250' title='bbox 1948 1769 2006 1821; x_wconf 84' lang='grc' dir='ltr'>τὸ</span> 
     </span>
    </p>
   </div>
   <div class='ocr_carea' id='block_1_35' title="bbox 2109 1756 3682 1845">
    <p class='ocr_par' dir='ltr' id='par_1_35' title="bbox 2111 1762 3682 1845">
     <span class='ocr_line' id='line_1_35' title="bbox 2111 1762 3682 1845; baseline -0.01 -15"><span class='ocrx_word' id='word_1_251' title='bbox 2111 1775 2400 1845; x_wconf 84' lang='lat' dir='ltr'><strong>Opiniones</strong></span> <span class='ocrx_word' id='word_1_252' title='bbox 2446 1773 2590 1841; x_wconf 87' lang='lat' dir='ltr'><strong>quod</strong></span> <span class='ocrx_word' id='word_1_253' title='bbox 2631 1772 2879 1826; x_wconf 90' lang='lat' dir='ltr'><strong>divinum</strong></span> <span class='ocrx_word' id='word_1_254' title='bbox 2919 1777 3006 1825; x_wconf 87' lang='lat' dir='ltr'><strong>est</strong></span> <span class='ocrx_word' id='word_1_255' title='bbox 3055 1767 3347 1823; x_wconf 85' lang='lat' dir='ltr'><strong>deducere.</strong></span> <span class='ocrx_word' id='word_1_256' title='bbox 3405 1766 3585 1830; x_wconf 80' lang='lat' dir='ltr'><strong>Quare</strong></span> <span class='ocrx_word' id='word_1_257' title='bbox 3637 1762 3682 1816; x_wconf 89' lang='lat' dir='ltr'><strong>si</strong></span> 
     </span>
    </p>
   </div>
   <div class='ocr_carea' id='block_1_36' title="bbox 421 1849 2004 1931">
    <p class='ocr_par' dir='ltr' id='par_1_36' title="bbox 421 1849 2004 1931">
     <span class='ocr_line' id='line_1_36' title="bbox 421 1849 2004 1931; baseline 0.008 -29"><span class='ocrx_word' id='word_1_258' title='bbox 421 1849 606 1918; x_wconf 84' lang='grc' dir='ltr'>διὰγον</span> <span class='ocrx_word' id='word_1_259' title='bbox 622 1852 721 1922; x_wconf 82' lang='grc' dir='ltr'>τὴν</span> <span class='ocrx_word' id='word_1_260' title='bbox 756 1857 1024 1928; x_wconf 78' lang='grc' dir='ltr'>πατρικὴν</span> <span class='ocrx_word' id='word_1_261' title='bbox 1058 1858 1238 1928; x_wconf 80' lang='grc' dir='ltr'>φωνὴν</span> <span class='ocrx_word' id='word_1_262' title='bbox 1267 1861 1347 1924; x_wconf 84' lang='grc' dir='ltr'>εἰς</span> <span class='ocrx_word' id='word_1_263' title='bbox 1370 1861 1468 1931; x_wconf 85' lang='grc' dir='ltr'>τὴν</span> <span class='ocrx_word' id='word_1_264' title='bbox 1508 1861 1602 1914; x_wconf 82' lang='grc' dir='ltr'><strong>τοῦ</strong></span> <span class='ocrx_word' id='word_1_265' title='bbox 1646 1861 1773 1914; x_wconf 81' lang='grc' dir='ltr'>Υίού</span> <span class='ocrx_word' id='word_1_266' title='bbox 1799 1863 2004 1931; x_wconf 85' lang='grc' dir='ltr'>ἀκοήν;</span> 
     </span>
    </p>
   </div>
   <div class='ocr_carea' id='block_1_37' title="bbox 423 1940 2008 2020">
    <p class='ocr_par' dir='ltr' id='par_1_37' title="bbox 423 1940 2008 2020">
     <span class='ocr_line' id='line_1_37' title="bbox 423 1940 2008 2020; baseline 0.008 -28"><span class='ocrx_word' id='word_1_267' title='bbox 423 1941 657 1995; x_wconf 82' lang='grc' dir='ltr'>Κτιστὺν</span> <span class='ocrx_word' id='word_1_268' title='bbox 705 1940 844 1998; x_wconf 84' lang='grc' dir='ltr'>εἶναι</span> <span class='ocrx_word' id='word_1_269' title='bbox 886 1949 990 2017; x_wconf 80' lang='grc' dir='ltr'>χρὴ</span> <span class='ocrx_word' id='word_1_270' title='bbox 1025 1947 1181 2002; x_wconf 83' lang='grc' dir='ltr'>τοῦτο</span> <span class='ocrx_word' id='word_1_271' title='bbox 1233 1949 1266 2020; x_wconf 82' lang='grc' dir='ltr'>ἢ</span> <span class='ocrx_word' id='word_1_272' title='bbox 1306 1951 1590 2005; x_wconf 86' lang='grc' dir='ltr'>ἄκτιστον·</span> <span class='ocrx_word' id='word_1_273' title='bbox 1623 1953 1758 2005; x_wconf 82' lang='grc' dir='ltr'>ἀλλὰ</span> <span class='ocrx_word' id='word_1_274' title='bbox 1792 1953 2008 2005; x_wconf 86' lang='grc' dir='ltr'>κτιστὺν</span> 
     </span>
    </p>
   </div>
   <div class='ocr_carea' id='block_1_38' title="bbox 427 2036 2008 2114">
    <p class='ocr_par' dir='ltr' id='par_1_38' title="bbox 427 2036 2008 2114">
     <span class='ocr_line' id='line_1_38' title="bbox 427 2036 2008 2114; baseline 0.006 -28"><span class='ocrx_word' id='word_1_275' title='bbox 427 2036 527 2101; x_wconf 83' lang='grc' dir='ltr'><strong>μὲν</strong></span> <span class='ocrx_word' id='word_1_276' title='bbox 555 2036 656 2088; x_wconf 89' lang='grc' dir='ltr'><strong>οὑκ</strong></span> <span class='ocrx_word' id='word_1_277' title='bbox 685 2036 832 2090; x_wconf 78' lang='grc' dir='ltr'>ἐστιν</span> <span class='ocrx_word' id='word_1_278' title='bbox 863 2041 1057 2105; x_wconf 76' lang='grc' dir='ltr'>εἰπεῖν,</span> <span class='ocrx_word' id='word_1_279' title='bbox 1099 2044 1204 2114; x_wconf 72' lang='grc' dir='ltr'><strong>πρὸ</strong></span> <span class='ocrx_word' id='word_1_280' title='bbox 1235 2045 1344 2114; x_wconf 85' lang='grc' dir='ltr'><strong>γὰρ</strong></span> <span class='ocrx_word' id='word_1_281' title='bbox 1370 2043 1463 2097; x_wconf 83' lang='grc' dir='ltr'>τοῦ</span> <span class='ocrx_word' id='word_1_282' title='bbox 1495 2045 1863 2114; x_wconf 80' lang='grc' dir='ltr'>συστῆναιτὴν</span> <span class='ocrx_word' id='word_1_283' title='bbox 1895 2044 2008 2098; x_wconf 88' lang='grc' dir='ltr'>κτί-</span> 
     </span>
    </p>
   </div>
   <div class='ocr_carea' id='block_1_39' title="bbox 425 2126 2008 2205">
    <p class='ocr_par' dir='ltr' id='par_1_39' title="bbox 425 2126 2008 2205">
     <span class='ocr_line' id='line_1_39' title="bbox 425 2126 2008 2205; baseline 0.008 -30"><span class='ocrx_word' id='word_1_284' title='bbox 425 2141 510 2176; x_wconf 89' lang='grc' dir='ltr'><strong>σιν</strong></span> <span class='ocrx_word' id='word_1_285' title='bbox 541 2126 570 2178; x_wconf 89' lang='grc' dir='ltr'><strong>ὁ</strong></span> <span class='ocrx_word' id='word_1_286' title='bbox 601 2126 772 2193; x_wconf 86' lang='grc' dir='ltr'><strong>Λόγος</strong></span> <span class='ocrx_word' id='word_1_287' title='bbox 799 2128 1033 2196; x_wconf 82' lang='grc' dir='ltr'>ἐγένετο.</span> <span class='ocrx_word' id='word_1_288' title='bbox 1063 2132 1350 2187; x_wconf 79' lang='grc' dir='ltr'>Ἀκτιστον</span> <span class='ocrx_word' id='word_1_289' title='bbox 1378 2134 1434 2187; x_wconf 83' lang='grc' dir='ltr'>δὲ</span> <span class='ocrx_word' id='word_1_290' title='bbox 1457 2133 1594 2204; x_wconf 85' lang='grc' dir='ltr'>πλὴν</span> <span class='ocrx_word' id='word_1_291' title='bbox 1614 2135 1712 2205; x_wconf 81' lang='grc' dir='ltr'>τῆς</span> <span class='ocrx_word' id='word_1_292' title='bbox 1739 2133 1886 2197; x_wconf 82' lang='grc' dir='ltr'>θείας</span> <span class='ocrx_word' id='word_1_293' title='bbox 1916 2132 2008 2204; x_wconf 75' lang='grc' dir='ltr'>φύ-</span> 
     </span>
    </p>
   </div>
   <div class='ocr_carea' id='block_1_40' title="bbox 425 2217 2008 2295">
    <p class='ocr_par' dir='ltr' id='par_1_40' title="bbox 425 2217 2008 2295">
     <span class='ocr_line' id='line_1_40' title="bbox 425 2217 2008 2295; baseline 0.006 -28"><span class='ocrx_word' id='word_1_294' title='bbox 425 2233 582 2279; x_wconf 80' lang='grc' dir='ltr'>σεως,</span> <span class='ocrx_word' id='word_1_295' title='bbox 611 2217 762 2270; x_wconf 66' lang='grc' dir='ltr'>ἐστὶν</span> <span class='ocrx_word' id='word_1_296' title='bbox 782 2219 954 2274; x_wconf 81' lang='grc' dir='ltr'>οὐδέν.</span> <span class='ocrx_word' id='word_1_297' title='bbox 997 2222 1059 2274; x_wconf 83' lang='grc' dir='ltr'><strong>Εἰ</strong></span> <span class='ocrx_word' id='word_1_298' title='bbox 1095 2218 1188 2276; x_wconf 82' lang='grc' dir='ltr'><strong>οὖν</strong></span> <span class='ocrx_word' id='word_1_299' title='bbox 1217 2223 1394 2288; x_wconf 74' lang='grc' dir='ltr'>κτίσις</span> <span class='ocrx_word' id='word_1_300' title='bbox 1422 2225 1521 2278; x_wconf 87' lang='grc' dir='ltr'><strong>οὑκ</strong></span> <span class='ocrx_word' id='word_1_301' title='bbox 1552 2220 1639 2295; x_wconf 68' lang='grc' dir='ltr'><strong>ἦν,</strong></span> <span class='ocrx_word' id='word_1_302' title='bbox 1664 2227 1690 2277; x_wconf 87' lang='grc' dir='ltr'>ὁ</span> <span class='ocrx_word' id='word_1_303' title='bbox 1720 2224 1777 2278; x_wconf 76' lang='grc' dir='ltr'>δὲ</span> <span class='ocrx_word' id='word_1_304' title='bbox 1801 2241 2008 2294; x_wconf 88' lang='grc' dir='ltr'>μνημο-</span> 
     </span>
    </p>
   </div>
   <div class='ocr_carea' id='block_1_41' title="bbox 422 2307 2001 2387">
    <p class='ocr_par' dir='ltr' id='par_1_41' title="bbox 422 2307 2001 2387">
     <span class='ocr_line' id='line_1_41' title="bbox 422 2307 2001 2387; baseline 0.006 -29"><span class='ocrx_word' id='word_1_305' title='bbox 422 2307 631 2372; x_wconf 75' lang='grc' dir='ltr'>νευθεὶς</span> <span class='ocrx_word' id='word_1_306' title='bbox 660 2311 718 2362; x_wconf 85' lang='grc' dir='ltr'><strong>ἐν</strong></span> <span class='ocrx_word' id='word_1_307' title='bbox 748 2314 813 2380; x_wconf 84' lang='grc' dir='ltr'>τῇ</span> <span class='ocrx_word' id='word_1_308' title='bbox 837 2316 1200 2385; x_wconf 64' lang='grc' dir='ltr'>κοσμοιγενείᾳι</span> <span class='ocrx_word' id='word_1_309' title='bbox 1214 2315 1392 2385; x_wconf 84' lang='grc' dir='ltr'>λόγος,</span> <span class='ocrx_word' id='word_1_310' title='bbox 1410 2317 1507 2387; x_wconf 83' lang='grc' dir='ltr'><strong>τῆς</strong></span> <span class='ocrx_word' id='word_1_311' title='bbox 1519 2317 1748 2378; x_wconf 78' lang='grc' dir='ltr'>κτίσεως</span> <span class='ocrx_word' id='word_1_312' title='bbox 1769 2315 2001 2385; x_wconf 75' lang='grc' dir='ltr'>πρεσϐύ-</span> 
     </span>
    </p>
   </div>
   <div class='ocr_carea' id='block_1_42' title="bbox 425 2397 2008 2480">
    <p class='ocr_par' dir='ltr' id='par_1_42' title="bbox 425 2397 2008 2480">
     <span class='ocr_line' id='line_1_42' title="bbox 425 2397 2008 2480; baseline 0.008 -31"><span class='ocrx_word' id='word_1_313' title='bbox 425 2415 582 2470; x_wconf 82' lang='grc' dir='ltr'>τερος</span> <span class='ocrx_word' id='word_1_314' title='bbox 600 2397 686 2472; x_wconf 78' lang='grc' dir='ltr'><strong>ἦν.</strong></span> <span class='ocrx_word' id='word_1_315' title='bbox 721 2404 862 2472; x_wconf 71' lang='grc' dir='ltr'>Ἄρα</span> <span class='ocrx_word' id='word_1_316' title='bbox 901 2405 929 2457; x_wconf 79' lang='grc' dir='ltr'>ὁ</span> <span class='ocrx_word' id='word_1_317' title='bbox 959 2404 1131 2472; x_wconf 85' lang='grc' dir='ltr'>λέγων</span> <span class='ocrx_word' id='word_1_318' title='bbox 1161 2408 1380 2476; x_wconf 80' lang='grc' dir='ltr'>ῥήματα</span> <span class='ocrx_word' id='word_1_319' title='bbox 1417 2409 1510 2460; x_wconf 78' lang='grc' dir='ltr'>καὶ</span> <span class='ocrx_word' id='word_1_320' title='bbox 1543 2410 1724 2478; x_wconf 82' lang='grc' dir='ltr'><strong>φωνῆς</strong></span> <span class='ocrx_word' id='word_1_321' title='bbox 1751 2404 1888 2480; x_wconf 82' lang='grc' dir='ltr'>ἦχον</span> <span class='ocrx_word' id='word_1_322' title='bbox 1920 2408 2008 2463; x_wconf 78' lang='grc' dir='ltr'>διὰ</span> 
     </span>
    </p>
   </div>
   <div class='ocr_carea' id='block_1_43' title="bbox 425 2489 2009 2569">
    <p class='ocr_par' dir='ltr' id='par_1_43' title="bbox 425 2489 2009 2569">
     <span class='ocr_line' id='line_1_43' title="bbox 425 2489 2009 2569; baseline 0.006 -23"><span class='ocrx_word' id='word_1_323' title='bbox 425 2489 522 2546; x_wconf 80' lang='grc' dir='ltr'>τοῦ</span> <span class='ocrx_word' id='word_1_324' title='bbox 566 2492 724 2561; x_wconf 85' lang='grc' dir='ltr'>λόγου</span> <span class='ocrx_word' id='word_1_325' title='bbox 791 2495 1172 2565; x_wconf 84' lang='grc' dir='ltr'>σημαίνεσθαι,</span> <span class='ocrx_word' id='word_1_326' title='bbox 1205 2499 1256 2551; x_wconf 89' lang='grc' dir='ltr'><strong>τί</strong></span> <span class='ocrx_word' id='word_1_327' title='bbox 1305 2498 1364 2552; x_wconf 85' lang='grc' dir='ltr'>τὸ</span> <span class='ocrx_word' id='word_1_328' title='bbox 1399 2499 1599 2569; x_wconf 79' lang='grc' dir='ltr'>μεταξὺ</span> <span class='ocrx_word' id='word_1_329' title='bbox 1635 2501 1728 2554; x_wconf 78' lang='grc' dir='ltr'>τοῦ</span> <span class='ocrx_word' id='word_1_330' title='bbox 1763 2500 1892 2554; x_wconf 82' lang='grc' dir='ltr'><strong>Υἱοῦ</strong></span> <span class='ocrx_word' id='word_1_331' title='bbox 1917 2503 2009 2555; x_wconf 77' lang='grc' dir='ltr'>καὶ</span> 
     </span>
    </p>
   </div>
   <div class='ocr_carea' id='block_1_44' title="bbox 423 2582 2008 2662">
    <p class='ocr_par' dir='ltr' id='par_1_44' title="bbox 423 2582 2008 2662">
     <span class='ocr_line' id='line_1_44' title="bbox 423 2582 2008 2662; baseline 0.006 -27"><span class='ocrx_word' id='word_1_332' title='bbox 423 2583 519 2635; x_wconf 81' lang='grc' dir='ltr'>τοῦ</span> <span class='ocrx_word' id='word_1_333' title='bbox 555 2585 765 2655; x_wconf 73' lang='grc' dir='ltr'>Πατρός</span> <span class='ocrx_word' id='word_1_334' title='bbox 798 2585 1148 2658; x_wconf 81' lang='grc' dir='ltr'>ὑποθήσεται,</span> <span class='ocrx_word' id='word_1_335' title='bbox 1171 2582 1215 2657; x_wconf 78' lang='grc' dir='ltr'><strong>ᾧ</strong></span> <span class='ocrx_word' id='word_1_336' title='bbox 1243 2590 1561 2643; x_wconf 81' lang='grc' dir='ltr'>διετυποῦτο</span> <span class='ocrx_word' id='word_1_337' title='bbox 1587 2593 1618 2661; x_wconf 86' lang='grc' dir='ltr'><strong>ή</strong></span> <span class='ocrx_word' id='word_1_338' title='bbox 1642 2592 1792 2662; x_wconf 79' lang='grc' dir='ltr'>φωνὴ</span> <span class='ocrx_word' id='word_1_339' title='bbox 1823 2593 1917 2644; x_wconf 69' lang='grc' dir='ltr'>καὶ</span> <span class='ocrx_word' id='word_1_340' title='bbox 1940 2593 2008 2646; x_wconf 80' lang='grc' dir='ltr'>τὰ</span> 
     </span>
    </p>
   </div>
   <div class='ocr_carea' id='block_1_45' title="bbox 425 2677 2007 2754">
    <p class='ocr_par' dir='ltr' id='par_1_45' title="bbox 425 2677 2007 2754">
     <span class='ocr_line' id='line_1_45' title="bbox 425 2677 2007 2754; baseline -0.001 -16"><span class='ocrx_word' id='word_1_341' title='bbox 425 2677 677 2746; x_wconf 57' lang='lat' dir='ltr'><strong>Mli-31a;</strong></span> <span class='ocrx_word' id='word_1_342' title='bbox 715 2679 775 2730; x_wconf 88' lang='grc' dir='ltr'><strong>Εἰ</strong></span> <span class='ocrx_word' id='word_1_343' title='bbox 798 2678 906 2749; x_wconf 83' lang='grc' dir='ltr'>γάρ</span> <span class='ocrx_word' id='word_1_344' title='bbox 939 2681 1054 2732; x_wconf 72' lang='grc' dir='ltr'>ἐστι</span> <span class='ocrx_word' id='word_1_345' title='bbox 1086 2681 1268 2750; x_wconf 80' lang='grc' dir='ltr'>μέσον,</span> <span class='ocrx_word' id='word_1_346' title='bbox 1298 2683 1353 2734; x_wconf 82' lang='grc' dir='ltr'><strong>ἐν</strong></span> <span class='ocrx_word' id='word_1_347' title='bbox 1383 2681 1658 2754; x_wconf 76' lang='grc' dir='ltr'>ἰδιαζούσῃ</span> <span class='ocrx_word' id='word_1_348' title='bbox 1687 2683 1845 2750; x_wconf 82' lang='grc' dir='ltr'>φύσει</span> <span class='ocrx_word' id='word_1_349' title='bbox 1874 2683 2007 2736; x_wconf 88' lang='grc' dir='ltr'>πάν-</span> 
     </span>
    </p>
   </div>
   <div class='ocr_carea' id='block_1_46' title="bbox 423 2769 2008 2846">
    <p class='ocr_par' dir='ltr' id='par_1_46' title="bbox 423 2769 2008 2846">
     <span class='ocr_line' id='line_1_46' title="bbox 423 2769 2008 2846; baseline 0.004 -27"><span class='ocrx_word' id='word_1_350' title='bbox 423 2784 533 2831; x_wconf 80' lang='grc' dir='ltr'><strong>τως</strong></span> <span class='ocrx_word' id='word_1_351' title='bbox 555 2769 722 2827; x_wconf 76' lang='grc' dir='ltr'>ἐστὶν.</span> <span class='ocrx_word' id='word_1_352' title='bbox 750 2769 825 2833; x_wconf 84' lang='grc' dir='ltr'>ὡς</span> <span class='ocrx_word' id='word_1_353' title='bbox 847 2772 983 2842; x_wconf 83' lang='grc' dir='ltr'>μήτε</span> <span class='ocrx_word' id='word_1_354' title='bbox 1019 2770 1096 2841; x_wconf 83' lang='grc' dir='ltr'>τῷ</span> <span class='ocrx_word' id='word_1_355' title='bbox 1130 2772 1334 2843; x_wconf 84' lang='grc' dir='ltr'>Πατέρι</span> <span class='ocrx_word' id='word_1_356' title='bbox 1363 2773 1557 2826; x_wconf 75' lang='grc' dir='ltr'>ταύτὸν</span> <span class='ocrx_word' id='word_1_357' title='bbox 1578 2769 1734 2835; x_wconf 82' lang='grc' dir='ltr'>εἶναι,</span> <span class='ocrx_word' id='word_1_358' title='bbox 1763 2776 1899 2846; x_wconf 85' lang='grc' dir='ltr'>μήτε</span> <span class='ocrx_word' id='word_1_359' title='bbox 1931 2775 2008 2846; x_wconf 83' lang='grc' dir='ltr'>τῷ</span> 
     </span>
    </p>
   </div>
   <div class='ocr_carea' id='block_1_47' title="bbox 425 2855 2009 2933">
    <p class='ocr_par' dir='ltr' id='par_1_47' title="bbox 425 2855 2009 2933">
     <span class='ocr_line' id='line_1_47' title="bbox 425 2855 2009 2933; baseline 0.004 -25"><span class='ocrx_word' id='word_1_360' title='bbox 425 2855 542 2927; x_wconf 85' lang='grc' dir='ltr'><strong>Υίῷ</strong></span> <span class='ocrx_word' id='word_1_361' title='bbox 563 2855 701 2910; x_wconf 84' lang='grc' dir='ltr'>κατὰ</span> <span class='ocrx_word' id='word_1_362' title='bbox 729 2857 826 2928; x_wconf 81' lang='grc' dir='ltr'>τὴν</span> <span class='ocrx_word' id='word_1_363' title='bbox 847 2858 1006 2927; x_wconf 86' lang='grc' dir='ltr'>φύσιν</span> <span class='ocrx_word' id='word_1_364' title='bbox 1031 2859 1367 2929; x_wconf 75' lang='grc' dir='ltr'>συμϐαίνειν.</span> <span class='ocrx_word' id='word_1_365' title='bbox 1409 2861 1548 2913; x_wconf 80' lang='grc' dir='ltr'>Ἀλλ’</span> <span class='ocrx_word' id='word_1_366' title='bbox 1583 2861 1768 2933; x_wconf 75' lang='grc' dir='ltr'>ἕτερόν</span> <span class='ocrx_word' id='word_1_367' title='bbox 1789 2881 1840 2916; x_wconf 89' lang='grc' dir='ltr'><strong>τι</strong></span> <span class='ocrx_word' id='word_1_368' title='bbox 1873 2865 2009 2917; x_wconf 85' lang='grc' dir='ltr'>πάν-</span> 
     </span>
    </p>
   </div>
   <div class='ocr_carea' id='block_1_48' title="bbox 425 2950 2008 3024">
    <p class='ocr_par' dir='ltr' id='par_1_48' title="bbox 425 2950 2008 3024">
     <span class='ocr_line' id='line_1_48' title="bbox 425 2950 2008 3024; baseline 0.004 -21"><span class='ocrx_word' id='word_1_369' title='bbox 425 2951 617 3010; x_wconf 70' lang='grc' dir='ltr'>τωςόν</span> <span class='ocrx_word' id='word_1_370' title='bbox 643 2950 907 3021; x_wconf 86' lang='grc' dir='ltr'>διίστησιν</span> <span class='ocrx_word' id='word_1_371' title='bbox 962 2953 1056 3005; x_wconf 85' lang='grc' dir='ltr'><strong>ἀπ’</strong></span> <span class='ocrx_word' id='word_1_372' title='bbox 1103 2952 1346 3024; x_wconf 83' lang='grc' dir='ltr'>ἀλλήλων</span> <span class='ocrx_word' id='word_1_373' title='bbox 1401 2954 1492 3007; x_wconf 76' lang='grc' dir='ltr'>τὸν</span> <span class='ocrx_word' id='word_1_374' title='bbox 1522 2956 1740 3024; x_wconf 82' lang='grc' dir='ltr'>Πατέρα</span> <span class='ocrx_word' id='word_1_375' title='bbox 1780 2957 1874 3010; x_wconf 78' lang='grc' dir='ltr'>καὶ</span> <span class='ocrx_word' id='word_1_376' title='bbox 1919 2958 2008 3009; x_wconf 69' lang='grc' dir='ltr'>τὸν</span> 
     </span>
    </p>
   </div>
   <div class='ocr_carea' id='block_1_49' title="bbox 427 3041 2004 3116">
    <p class='ocr_par' dir='ltr' id='par_1_49' title="bbox 427 3041 2004 3116">
     <span class='ocr_line' id='line_1_49' title="bbox 427 3041 2004 3116; baseline 0.003 -21"><span class='ocrx_word' id='word_1_377' title='bbox 427 3041 575 3108; x_wconf 78' lang='grc' dir='ltr'>Υἱδν,</span> <span class='ocrx_word' id='word_1_378' title='bbox 613 3043 815 3113; x_wconf 83' lang='grc' dir='ltr'>μεταξὺ</span> <span class='ocrx_word' id='word_1_379' title='bbox 843 3043 951 3097; x_wconf 85' lang='grc' dir='ltr'>τῶν</span> <span class='ocrx_word' id='word_1_380' title='bbox 983 3043 1076 3098; x_wconf 80' lang='grc' dir='ltr'><strong>δύο</strong></span> <span class='ocrx_word' id='word_1_381' title='bbox 1121 3045 1590 3116; x_wconf 84' lang='grc' dir='ltr'>παρενειρόμενον.</span> <span class='ocrx_word' id='word_1_382' title='bbox 1617 3046 1680 3098; x_wconf 89' lang='grc' dir='ltr'>Τί</span> <span class='ocrx_word' id='word_1_383' title='bbox 1704 3043 1795 3098; x_wconf 76' lang='grc' dir='ltr'><strong>οὖν</strong></span> <span class='ocrx_word' id='word_1_384' title='bbox 1827 3047 2004 3112; x_wconf 56' lang='grc' dir='ltr'>τούτω</span> 
     </span>
    </p>
   </div>
   <div class='ocr_carea' id='block_1_50' title="bbox 428 3125 2004 3208">
    <p class='ocr_par' dir='ltr' id='par_1_50' title="bbox 428 3125 2004 3208">
     <span class='ocr_line' id='line_1_50' title="bbox 428 3125 2004 3208; baseline 0.005 -24"><span class='ocrx_word' id='word_1_385' title='bbox 428 3125 658 3186; x_wconf 61' lang='grc' dir='ltr'>Κτιστὶν</span> <span class='ocrx_word' id='word_1_386' title='bbox 685 3135 783 3188; x_wconf 86' lang='grc' dir='ltr'><strong>οὑκ</strong></span> <span class='ocrx_word' id='word_1_387' title='bbox 832 3135 946 3187; x_wconf 77' lang='grc' dir='ltr'>ἐστι</span> <span class='ocrx_word' id='word_1_388' title='bbox 970 3151 984 3165; x_wconf 82' lang='lat'><strong><em>°</em></strong></span> <span class='ocrx_word' id='word_1_389' title='bbox 1021 3135 1256 3206; x_wconf 86' lang='grc' dir='ltr'>νεωτέρα</span> <span class='ocrx_word' id='word_1_390' title='bbox 1283 3137 1391 3208; x_wconf 78' lang='grc' dir='ltr'><strong>γὰρ</strong></span> <span class='ocrx_word' id='word_1_391' title='bbox 1422 3139 1454 3208; x_wconf 79' lang='grc' dir='ltr'>ἡ</span> <span class='ocrx_word' id='word_1_392' title='bbox 1486 3136 1661 3201; x_wconf 74' lang='grc' dir='ltr'>κτίσις</span> <span class='ocrx_word' id='word_1_393' title='bbox 1692 3136 1782 3191; x_wconf 82' lang='grc' dir='ltr'>τοῦ</span> <span class='ocrx_word' id='word_1_394' title='bbox 1807 3139 2004 3208; x_wconf 83' lang='grc' dir='ltr'>Λόγου,</span> 
     </span>
    </p>
   </div>
   <div class='ocr_carea' id='block_1_51' title="bbox 426 3225 2008 3303">
    <p class='ocr_par' dir='ltr' id='par_1_51' title="bbox 426 3225 2008 3303">
     <span class='ocr_line' id='line_1_51' title="bbox 426 3225 2008 3303; baseline 0.004 -27"><span class='ocrx_word' id='word_1_395' title='bbox 426 3225 681 3294; x_wconf 83' lang='grc' dir='ltr'>γεννητὸν</span> <span class='ocrx_word' id='word_1_396' title='bbox 718 3228 807 3277; x_wconf 69' lang='grc' dir='ltr'>τὸν</span> <span class='ocrx_word' id='word_1_397' title='bbox 839 3227 1115 3297; x_wconf 82' lang='grc' dir='ltr'>Μονογενῆ</span> <span class='ocrx_word' id='word_1_398' title='bbox 1146 3227 1518 3298; x_wconf 74' lang='grc' dir='ltr'>ἐδιδάχθημεν,</span> <span class='ocrx_word' id='word_1_399' title='bbox 1553 3230 1843 3299; x_wconf 84' lang='grc' dir='ltr'>ἀγέννητον</span> <span class='ocrx_word' id='word_1_400' title='bbox 1871 3232 2008 3303; x_wconf 77' lang='grc' dir='ltr'>πλὴν</span> 
     </span>
    </p>
   </div>
   <div class='ocr_carea' id='block_1_52' title="bbox 427 3315 2008 3393">
    <p class='ocr_par' dir='ltr' id='par_1_52' title="bbox 427 3315 2008 3393">
     <span class='ocr_line' id='line_1_52' title="bbox 427 3315 2008 3393; baseline 0.007 -27"><span class='ocrx_word' id='word_1_401' title='bbox 427 3315 521 3367; x_wconf 83' lang='grc' dir='ltr'><strong>τοῦ</strong></span> <span class='ocrx_word' id='word_1_402' title='bbox 557 3317 766 3387; x_wconf 77' lang='grc' dir='ltr'>Πατρός</span> <span class='ocrx_word' id='word_1_403' title='bbox 792 3321 938 3371; x_wconf 76' lang='grc' dir='ltr'>ἐστιν</span> <span class='ocrx_word' id='word_1_404' title='bbox 970 3319 1139 3373; x_wconf 77' lang='grc' dir='ltr'>οὐδέν.</span> <span class='ocrx_word' id='word_1_405' title='bbox 1164 3319 1371 3374; x_wconf 84' lang='grc' dir='ltr'>Οὑκοῦν</span> <span class='ocrx_word' id='word_1_406' title='bbox 1399 3321 1456 3385; x_wconf 79' lang='grc' dir='ltr'>ἐξ</span> <span class='ocrx_word' id='word_1_407' title='bbox 1487 3320 1730 3390; x_wconf 78' lang='grc' dir='ltr'>ἀνάγκης</span> <span class='ocrx_word' id='word_1_408' title='bbox 1757 3323 1817 3376; x_wconf 81' lang='grc' dir='ltr'>τὸ</span> <span class='ocrx_word' id='word_1_409' title='bbox 1846 3324 2008 3393; x_wconf 82' lang='grc' dir='ltr'>μηδὲν</span> 
     </span>
    </p>
   </div>
   <div class='ocr_carea' id='block_1_53' title="bbox 428 3402 2011 3485">
    <p class='ocr_par' dir='ltr' id='par_1_53' title="bbox 428 3402 2011 3485">
     <span class='ocr_line' id='line_1_53' title="bbox 428 3402 2011 3485; baseline 0.006 -26"><span class='ocrx_word' id='word_1_410' title='bbox 428 3402 567 3460; x_wconf 75' lang='grc' dir='ltr'>εἶναι</span> <span class='ocrx_word' id='word_1_411' title='bbox 590 3409 752 3478; x_wconf 83' lang='grc' dir='ltr'>μέσον</span> <span class='ocrx_word' id='word_1_412' title='bbox 786 3409 878 3462; x_wconf 75' lang='grc' dir='ltr'><strong>τοῦ</strong></span> <span class='ocrx_word' id='word_1_413' title='bbox 907 3411 1117 3480; x_wconf 75' lang='grc' dir='ltr'>Πατρὺς</span> <span class='ocrx_word' id='word_1_414' title='bbox 1146 3411 1238 3463; x_wconf 74' lang='grc' dir='ltr'>καὶ</span> <span class='ocrx_word' id='word_1_415' title='bbox 1264 3410 1358 3466; x_wconf 79' lang='grc' dir='ltr'><strong>τοῦ</strong></span> <span class='ocrx_word' id='word_1_416' title='bbox 1381 3411 1510 3466; x_wconf 83' lang='grc' dir='ltr'><strong>Υἱοῦ</strong></span> <span class='ocrx_word' id='word_1_417' title='bbox 1530 3415 1670 3466; x_wconf 89' lang='grc' dir='ltr'>νοεῖν</span> <span class='ocrx_word' id='word_1_418' title='bbox 1693 3414 1720 3466; x_wconf 85' lang='grc' dir='ltr'>ὁ</span> <span class='ocrx_word' id='word_1_419' title='bbox 1755 3415 1852 3485; x_wconf 83' lang='grc' dir='ltr'>τῆς</span> <span class='ocrx_word' id='word_1_420' title='bbox 1880 3415 2011 3485; x_wconf 83' lang='grc' dir='ltr'>ἀλη-</span> 
     </span>
    </p>
   </div>
   <div class='ocr_carea' id='block_1_54' title="bbox 429 3499 2009 3569">
    <p class='ocr_par' dir='ltr' id='par_1_54' title="bbox 429 3499 2009 3569">
     <span class='ocr_line' id='line_1_54' title="bbox 429 3499 2009 3569; baseline 0.004 -17"><span class='ocrx_word' id='word_1_421' title='bbox 429 3499 580 3563; x_wconf 86' lang='grc' dir='ltr'>θείας</span> <span class='ocrx_word' id='word_1_422' title='bbox 631 3501 784 3569; x_wconf 85' lang='grc' dir='ltr'>λόγος</span> <span class='ocrx_word' id='word_1_423' title='bbox 839 3502 1250 3568; x_wconf 76' lang='grc' dir='ltr'>συναναγκὰζει.</span> <span class='ocrx_word' id='word_1_424' title='bbox 1301 3502 1473 3555; x_wconf 82' lang='grc' dir='ltr'>Ὅπου</span> <span class='ocrx_word' id='word_1_425' title='bbox 1519 3504 1574 3556; x_wconf 77' lang='grc' dir='ltr'>δὲ</span> <span class='ocrx_word' id='word_1_426' title='bbox 1602 3503 1878 3567; x_wconf 78' lang='grc' dir='ltr'>διάστασις</span> <span class='ocrx_word' id='word_1_427' title='bbox 1910 3506 2009 3558; x_wconf 77' lang='grc' dir='ltr'><strong>οὑκ</strong></span> 
     </span>
    </p>
   </div>
   <div class='ocr_carea' id='block_1_55' title="bbox 428 3589 2006 3663">
    <p class='ocr_par' dir='ltr' id='par_1_55' title="bbox 428 3589 2006 3663">
     <span class='ocr_line' id='line_1_55' title="bbox 428 3589 2006 3663; baseline 0.005 -23"><span class='ocrx_word' id='word_1_428' title='bbox 428 3590 744 3656; x_wconf 74' lang='grc' dir='ltr'>ἐπινοεῖται,</span> <span class='ocrx_word' id='word_1_429' title='bbox 795 3589 858 3641; x_wconf 74' lang='grc' dir='ltr'>τὸ</span> <span class='ocrx_word' id='word_1_430' title='bbox 905 3590 1249 3660; x_wconf 83' lang='grc' dir='ltr'>συνημμένον</span> <span class='ocrx_word' id='word_1_431' title='bbox 1292 3591 1505 3654; x_wconf 83' lang='grc' dir='ltr'>πάντως</span> <span class='ocrx_word' id='word_1_432' title='bbox 1537 3593 1876 3663; x_wconf 82' lang='grc' dir='ltr'>ὁμολογεῖται</span> <span class='ocrx_word' id='word_1_433' title='bbox 1901 3611 1914 3627; x_wconf 75' lang='grc'><strong>⁸</strong></span> <span class='ocrx_word' id='word_1_434' title='bbox 1946 3596 2006 3648; x_wconf 85' lang='grc' dir='ltr'>τὸ</span> 
     </span>
    </p>
   </div>
   <div class='ocr_carea' id='block_1_56' title="bbox 425 3679 2008 3755">
    <p class='ocr_par' dir='ltr' id='par_1_56' title="bbox 425 3679 2008 3755">
     <span class='ocr_line' id='line_1_56' title="bbox 425 3679 2008 3755; baseline 0.003 -23"><span class='ocrx_word' id='word_1_435' title='bbox 425 3679 486 3732; x_wconf 81' lang='grc' dir='ltr'>δὲ</span> <span class='ocrx_word' id='word_1_436' title='bbox 517 3679 605 3732; x_wconf 73' lang='grc' dir='ltr'><strong>διὰ</strong></span> <span class='ocrx_word' id='word_1_437' title='bbox 631 3681 848 3734; x_wconf 79' lang='grc' dir='ltr'>πάντων</span> <span class='ocrx_word' id='word_1_438' title='bbox 893 3682 1253 3751; x_wconf 82' lang='grc' dir='ltr'>συνημμένον,</span> <span class='ocrx_word' id='word_1_439' title='bbox 1287 3685 1437 3754; x_wconf 82' lang='grc' dir='ltr'>φωνῇ</span> <span class='ocrx_word' id='word_1_440' title='bbox 1469 3685 1560 3736; x_wconf 63' lang='grc' dir='ltr'>καὶ</span> <span class='ocrx_word' id='word_1_441' title='bbox 1591 3684 1734 3753; x_wconf 87' lang='grc' dir='ltr'>λόγῳ</span> <span class='ocrx_word' id='word_1_442' title='bbox 1764 3685 1822 3738; x_wconf 81' lang='grc' dir='ltr'>οὐ</span> <span class='ocrx_word' id='word_1_443' title='bbox 1861 3703 2008 3755; x_wconf 66' lang='grc' dir='ltr'>μεσι-</span> 
     </span>
    </p>
   </div>
   <div class='ocr_carea' id='block_1_57' title="bbox 426 3771 2002 3845">
    <p class='ocr_par' dir='ltr' id='par_1_57' title="bbox 426 3771 2002 3845">
     <span class='ocr_line' id='line_1_57' title="bbox 426 3771 2002 3845; baseline 0.004 -23"><span class='ocrx_word' id='word_1_444' title='bbox 426 3771 644 3823; x_wconf 84' lang='grc' dir='ltr'>τεύεται</span> <span class='ocrx_word' id='word_1_445' title='bbox 662 3788 676 3804; x_wconf 78' lang='grc' dir='ltr'><strong><em>ο</em></strong></span> <span class='ocrx_word' id='word_1_446' title='bbox 699 3773 1040 3843; x_wconf 82' lang='grc' dir='ltr'>συνημμένον</span> <span class='ocrx_word' id='word_1_447' title='bbox 1065 3773 1121 3826; x_wconf 81' lang='grc' dir='ltr'>δὲ</span> <span class='ocrx_word' id='word_1_448' title='bbox 1147 3773 1289 3842; x_wconf 90' lang='grc' dir='ltr'>λέγω</span> <span class='ocrx_word' id='word_1_449' title='bbox 1306 3775 1368 3827; x_wconf 82' lang='grc' dir='ltr'><strong>τὺ</strong></span> <span class='ocrx_word' id='word_1_450' title='bbox 1395 3777 1452 3827; x_wconf 81' lang='grc' dir='ltr'><strong>ἐν</strong></span> <span class='ocrx_word' id='word_1_451' title='bbox 1479 3774 1641 3827; x_wconf 76' lang='grc' dir='ltr'>πᾶσιν</span> <span class='ocrx_word' id='word_1_452' title='bbox 1671 3775 1969 3845; x_wconf 80' lang='grc' dir='ltr'>ἀχώριστον</span> <span class='ocrx_word' id='word_1_453' title='bbox 1992 3793 2002 3805; x_wconf 91' lang='grc'><strong>·</strong></span> 
     </span>
    </p>
   </div>
   <div class='ocr_carea' id='block_1_58' title="bbox 425 3863 2004 3936">
    <p class='ocr_par' dir='ltr' id='par_1_58' title="bbox 425 3863 2004 3936">
     <span class='ocr_line' id='line_1_58' title="bbox 425 3863 2004 3936; baseline 0.002 -19"><span class='ocrx_word' id='word_1_454' title='bbox 425 3863 488 3917; x_wconf 84' lang='grc' dir='ltr'><strong>οὑ</strong></span> <span class='ocrx_word' id='word_1_455' title='bbox 522 3863 630 3934; x_wconf 69' lang='grc' dir='ltr'>γὰρ</span> <span class='ocrx_word' id='word_1_456' title='bbox 655 3865 970 3935; x_wconf 83' lang='grc' dir='ltr'>σωματικήν</span> <span class='ocrx_word' id='word_1_457' title='bbox 1002 3882 1122 3918; x_wconf 90' lang='grc' dir='ltr'>τινα</span> <span class='ocrx_word' id='word_1_458' title='bbox 1154 3867 1429 3935; x_wconf 67' lang='grc' dir='ltr'>συμφυΐαν</span> <span class='ocrx_word' id='word_1_459' title='bbox 1462 3867 1552 3918; x_wconf 75' lang='grc' dir='ltr'><strong>ἐπὶ</strong></span> <span class='ocrx_word' id='word_1_460' title='bbox 1585 3867 1682 3936; x_wconf 77' lang='grc' dir='ltr'>τῆς</span> <span class='ocrx_word' id='word_1_461' title='bbox 1701 3869 1887 3936; x_wconf 63' lang='grc' dir='ltr'>νοερᾶς</span> <span class='ocrx_word' id='word_1_462' title='bbox 1906 3867 2004 3935; x_wconf 65' lang='grc' dir='ltr'>φύν</span> 
     </span>
    </p>
   </div>
   <div class='ocr_carea' id='block_1_59' title="bbox 429 3955 2005 4030">
    <p class='ocr_par' dir='ltr' id='par_1_59' title="bbox 429 3955 2005 4030">
     <span class='ocr_line' id='line_1_59' title="bbox 429 3955 2005 4030; baseline 0.003 -22"><span class='ocrx_word' id='word_1_463' title='bbox 429 3961 568 4019; x_wconf 83' lang='grc' dir='ltr'>σεως</span> <span class='ocrx_word' id='word_1_464' title='bbox 603 3955 663 4008; x_wconf 81' lang='grc' dir='ltr'>τὸ</span> <span class='ocrx_word' id='word_1_465' title='bbox 695 3957 864 4027; x_wconf 78' lang='grc' dir='ltr'>ὄνομα</span> <span class='ocrx_word' id='word_1_466' title='bbox 889 3959 988 4029; x_wconf 80' lang='grc' dir='ltr'>τῆς</span> <span class='ocrx_word' id='word_1_467' title='bbox 1017 3959 1312 4028; x_wconf 80' lang='grc' dir='ltr'>συναφείας</span> <span class='ocrx_word' id='word_1_468' title='bbox 1351 3958 1700 4022; x_wconf 85' lang='grc' dir='ltr'>ἐνδείκνυται,</span> <span class='ocrx_word' id='word_1_469' title='bbox 1730 3959 1864 4012; x_wconf 77' lang='grc' dir='ltr'>ἀλλὰ</span> <span class='ocrx_word' id='word_1_470' title='bbox 1906 3960 2005 4030; x_wconf 82' lang='grc' dir='ltr'><strong>τὴν</strong></span> 
     </span>
    </p>
   </div>
   <div class='ocr_carea' id='block_1_60' title="bbox 425 4046 2008 4121">
    <p class='ocr_par' dir='ltr' id='par_1_60' title="bbox 425 4046 2008 4121">
     <span class='ocr_line' id='line_1_60' title="bbox 425 4046 2008 4121; baseline 0.003 -22"><span class='ocrx_word' id='word_1_471' title='bbox 425 4046 524 4100; x_wconf 75' lang='grc' dir='ltr'><strong>τοῦ</strong></span> <span class='ocrx_word' id='word_1_472' title='bbox 557 4047 746 4117; x_wconf 79' lang='grc' dir='ltr'>νοητοῦ</span> <span class='ocrx_word' id='word_1_473' title='bbox 785 4047 922 4120; x_wconf 82' lang='grc' dir='ltr'>πρὸς</span> <span class='ocrx_word' id='word_1_474' title='bbox 963 4049 1024 4102; x_wconf 84' lang='grc' dir='ltr'>τὸ</span> <span class='ocrx_word' id='word_1_475' title='bbox 1051 4049 1240 4119; x_wconf 83' lang='grc' dir='ltr'>νοητὸν</span> <span class='ocrx_word' id='word_1_476' title='bbox 1277 4048 1364 4104; x_wconf 72' lang='grc' dir='ltr'><strong>διὰ</strong></span> <span class='ocrx_word' id='word_1_477' title='bbox 1402 4049 1502 4118; x_wconf 83' lang='grc' dir='ltr'>τῆς</span> <span class='ocrx_word' id='word_1_478' title='bbox 1539 4050 1862 4121; x_wconf 81' lang='grc' dir='ltr'>ταυτότητος</span> <span class='ocrx_word' id='word_1_479' title='bbox 1899 4051 2008 4103; x_wconf 82' lang='grc' dir='ltr'><strong>τῶν</strong></span> 
     </span>
    </p>
   </div>
   <div class='ocr_carea' id='block_1_61' title="bbox 428 4135 1545 4210">
    <p class='ocr_par' dir='ltr' id='par_1_61' title="bbox 428 4135 1545 4210">
     <span class='ocr_line' id='line_1_61' title="bbox 428 4135 1545 4210; baseline 0.001 -20"><span class='ocrx_word' id='word_1_480' title='bbox 428 4135 770 4208; x_wconf 81' lang='grc' dir='ltr'>θελημάτων,</span> <span class='ocrx_word' id='word_1_481' title='bbox 801 4138 994 4192; x_wconf 74' lang='grc' dir='ltr'>ἕνωσίν</span> <span class='ocrx_word' id='word_1_482' title='bbox 1021 4156 1079 4192; x_wconf 88' lang='grc' dir='ltr'><strong>τε</strong></span> <span class='ocrx_word' id='word_1_483' title='bbox 1106 4139 1198 4193; x_wconf 81' lang='grc' dir='ltr'>καὶ</span> <span class='ocrx_word' id='word_1_484' title='bbox 1227 4139 1545 4210; x_wconf 84' lang='grc' dir='ltr'>ἀνάκρασιν.</span> 
     </span>
    </p>
   </div>
   <div class='ocr_carea' id='block_1_62' title="bbox 2113 1857 3684 1939">
    <p class='ocr_par' dir='ltr' id='par_1_62' title="bbox 2113 1857 3684 1939">
     <span class='ocr_line' id='line_1_62' title="bbox 2113 1857 3684 1939; baseline -0.011 -14"><span class='ocrx_word' id='word_1_485' title='bbox 2113 1878 2366 1939; x_wconf 89' lang='lat' dir='ltr'><strong>putemus</strong></span> <span class='ocrx_word' id='word_1_486' title='bbox 2403 1867 2617 1922; x_wconf 76' lang='lat' dir='ltr'><strong>Patrem</strong></span> <span class='ocrx_word' id='word_1_487' title='bbox 2653 1881 2749 1936; x_wconf 87' lang='lat' dir='ltr'><strong>per</strong></span> <span class='ocrx_word' id='word_1_488' title='bbox 2791 1881 2856 1920; x_wconf 91' lang='lat' dir='ltr'><strong>os</strong></span> <span class='ocrx_word' id='word_1_489' title='bbox 2903 1864 3068 1920; x_wconf 86' lang='lat' dir='ltr'><strong>ver-ba</strong></span> <span class='ocrx_word' id='word_1_490' title='bbox 3115 1861 3373 1922; x_wconf 81' lang='lat' dir='ltr'><strong>fundere,</strong></span> <span class='ocrx_word' id='word_1_491' title='bbox 3409 1857 3684 1911; x_wconf 82' lang='lat' dir='ltr'><strong>auditum-</strong></span> 
     </span>
    </p>
   </div>
   <div class='ocr_carea' id='block_1_63' title="bbox 2110 1947 3683 2032">
    <p class='ocr_par' dir='ltr' id='par_1_63' title="bbox 2110 1947 3683 2032">
     <span class='ocr_line' id='line_1_63' title="bbox 2110 1947 3683 2032; baseline -0.012 -17"><span class='ocrx_word' id='word_1_492' title='bbox 2110 1952 2216 2032; x_wconf 84' lang='lat' dir='ltr'><strong>q-ue</strong></span> <span class='ocrx_word' id='word_1_493' title='bbox 2269 1960 2390 2014; x_wconf 82' lang='lat' dir='ltr'><strong>Filii</strong></span> <span class='ocrx_word' id='word_1_494' title='bbox 2443 1957 2695 2013; x_wconf 88' lang='lat' dir='ltr'><strong>audiendi</strong></span> <span class='ocrx_word' id='word_1_495' title='bbox 2729 1956 2884 2026; x_wconf 80' lang='lat' dir='ltr'><strong>fungi</strong></span> <span class='ocrx_word' id='word_1_496' title='bbox 2929 1968 3155 2008; x_wconf 89' lang='lat' dir='ltr'><strong>munere</strong></span> <span class='ocrx_word' id='word_1_497' title='bbox 3200 1949 3374 2020; x_wconf 89' lang='lat' dir='ltr'><strong>:quid</strong></span> <span class='ocrx_word' id='word_1_498' title='bbox 3446 1947 3683 2002; x_wconf 87' lang='lat' dir='ltr'><strong>medium</strong></span> 
     </span>
    </p>
   </div>
   <div class='ocr_carea' id='block_1_64' title="bbox 2110 2045 3686 2123">
    <p class='ocr_par' dir='ltr' id='par_1_64' title="bbox 2110 2045 3686 2123">
     <span class='ocr_line' id='line_1_64' title="bbox 2110 2045 3686 2123; baseline -0.014 -14"><span class='ocrx_word' id='word_1_499' title='bbox 2110 2067 2508 2123; x_wconf 82' lang='lat' dir='ltr'><strong>supponemus,</strong></span> <span class='ocrx_word' id='word_1_500' title='bbox 2549 2049 2692 2119; x_wconf 87' lang='lat' dir='ltr'><strong>quod</strong></span> <span class='ocrx_word' id='word_1_501' title='bbox 2739 2049 2806 2102; x_wconf 83' lang='lat' dir='ltr'><strong>ad</strong></span> <span class='ocrx_word' id='word_1_502' title='bbox 2841 2045 2961 2100; x_wconf 83' lang='lat' dir='ltr'><strong>Filii</strong></span> <span class='ocrx_word' id='word_1_503' title='bbox 2995 2045 3238 2098; x_wconf 84' lang='lat' dir='ltr'><strong>auditum</strong></span> <span class='ocrx_word' id='word_1_504' title='bbox 3280 2051 3556 2112; x_wconf 85' lang='lat' dir='ltr'><strong>paternam</strong></span> <span class='ocrx_word' id='word_1_505' title='bbox 3594 2053 3686 2088; x_wconf 87' lang='lat' dir='ltr'><strong>vo-</strong></span> 
     </span>
    </p>
   </div>
   <div class='ocr_carea' id='block_1_65' title="bbox 2108 2131 3686 2211">
    <p class='ocr_par' dir='ltr' id='par_1_65' title="bbox 2108 2131 3686 2211">
     <span class='ocr_line' id='line_1_65' title="bbox 2108 2131 3686 2211; baseline -0.014 -10"><span class='ocrx_word' id='word_1_506' title='bbox 2108 2160 2226 2201; x_wconf 83' lang='lat' dir='ltr'><strong>cem</strong></span> <span class='ocrx_word' id='word_1_507' title='bbox 2260 2143 2517 2199; x_wconf 76' lang='lat' dir='ltr'><strong>deducit?</strong></span> <span class='ocrx_word' id='word_1_508' title='bbox 2548 2141 2661 2194; x_wconf 86' lang='lat' dir='ltr'><strong>Iloc</strong></span> <span class='ocrx_word' id='word_1_509' title='bbox 2703 2146 2918 2211; x_wconf 78' lang='lat' dir='ltr'><strong>oportet</strong></span> <span class='ocrx_word' id='word_1_510' title='bbox 2938 2146 3182 2192; x_wconf 90' lang='lat' dir='ltr'><strong>creatum</strong></span> <span class='ocrx_word' id='word_1_511' title='bbox 3211 2149 3334 2189; x_wconf 87' lang='lat' dir='ltr'><strong>esse</strong></span> <span class='ocrx_word' id='word_1_512' title='bbox 3357 2132 3438 2186; x_wconf 84' lang='lat' dir='ltr'><strong>vel</strong></span> <span class='ocrx_word' id='word_1_513' title='bbox 3474 2131 3686 2182; x_wconf 73' lang='lat' dir='ltr'><strong>increa-</strong></span> 
     </span>
    </p>
   </div>
   <div class='ocr_carea' id='block_1_66' title="bbox 2110 2223 3683 2293">
    <p class='ocr_par' dir='ltr' id='par_1_66' title="bbox 2110 2223 3683 2293">
     <span class='ocr_line' id='line_1_66' title="bbox 2110 2223 3683 2293; baseline -0.011 -5"><span class='ocrx_word' id='word_1_514' title='bbox 2110 2235 2369 2290; x_wconf 86' lang='lat' dir='ltr'><strong>tum&#39;sed</strong></span> <span class='ocrx_word' id='word_1_515' title='bbox 2404 2233 2861 2288; x_wconf 75' lang='lat' dir='ltr'><strong>creatumdicere</strong></span> <span class='ocrx_word' id='word_1_516' title='bbox 2913 2230 2993 2284; x_wconf 79' lang='lat' dir='ltr'><strong>fas</strong></span> <span class='ocrx_word' id='word_1_517' title='bbox 3042 2244 3147 2282; x_wconf 91' lang='lat' dir='ltr'><strong>non</strong></span> <span class='ocrx_word' id='word_1_518' title='bbox 3190 2235 3311 2293; x_wconf 85' lang='lat' dir='ltr'><strong>est;</strong></span> <span class='ocrx_word' id='word_1_519' title='bbox 3366 2223 3683 2293; x_wconf 75' lang='lat' dir='ltr'><strong>priusquam</strong></span> 
     </span>
    </p>
   </div>
   <div class='ocr_carea' id='block_1_67' title="bbox 2108 2313 3741 2386">
    <p class='ocr_par' dir='ltr' id='par_1_67' title="bbox 2108 2313 3741 2386">
     <span class='ocr_line' id='line_1_67' title="bbox 2108 2313 3741 2386; baseline -0.011 -5"><span class='ocrx_word' id='word_1_520' title='bbox 2108 2327 2256 2381; x_wconf 86' lang='lat' dir='ltr'><strong>enim</strong></span> <span class='ocrx_word' id='word_1_521' title='bbox 2313 2334 2566 2382; x_wconf 86' lang='lat' dir='ltr'><strong>creatura</strong></span> <span class='ocrx_word' id='word_1_522' title='bbox 2617 2324 2967 2386; x_wconf 84' lang='lat' dir='ltr'><strong>consisteret,</strong></span> <span class='ocrx_word' id='word_1_523' title='bbox 3002 2318 3240 2374; x_wconf 79' lang='lat' dir='ltr'><strong>Verbum</strong></span> <span class='ocrx_word' id='word_1_524' title='bbox 3279 2324 3418 2371; x_wconf 89' lang='lat' dir='ltr'><strong>erat.</strong></span> <span class='ocrx_word' id='word_1_525' title='bbox 3471 2313 3684 2366; x_wconf 89' lang='lat' dir='ltr'><strong>lncrea-</strong></span> <span class='ocrx_word' id='word_1_526' title='bbox 3737 2316 3741 2320; x_wconf 80' lang='grc'><strong>’</strong></span> 
     </span>
    </p>
   </div>
   <div class='ocr_carea' id='block_1_68' title="bbox 2109 2399 3683 2480">
    <p class='ocr_par' dir='ltr' id='par_1_68' title="bbox 2109 2399 3683 2480">
     <span class='ocr_line' id='line_1_68' title="bbox 2109 2399 3683 2480; baseline -0.008 -16"><span class='ocrx_word' id='word_1_527' title='bbox 2109 2421 2225 2465; x_wconf 90' lang='lat' dir='ltr'><strong>tum</strong></span> <span class='ocrx_word' id='word_1_528' title='bbox 2261 2420 2443 2466; x_wconf 85' lang='lat' dir='ltr'><strong>autem</strong></span> <span class='ocrx_word' id='word_1_529' title='bbox 2486 2412 2619 2465; x_wconf 86' lang='lat' dir='ltr'><strong>nihil</strong></span> <span class='ocrx_word' id='word_1_530' title='bbox 2652 2419 2737 2466; x_wconf 86' lang='lat' dir='ltr'><strong>est</strong></span> <span class='ocrx_word' id='word_1_531' title='bbox 2769 2418 3130 2480; x_wconf 69' lang='lat' dir='ltr'><strong>prseterquam</strong></span> <span class='ocrx_word' id='word_1_532' title='bbox 3161 2405 3343 2459; x_wconf 66' lang='lat' dir='ltr'><strong>divina</strong></span> <span class='ocrx_word' id='word_1_533' title='bbox 3378 2411 3590 2456; x_wconf 87' lang='lat' dir='ltr'><strong>natura.</strong></span> <span class='ocrx_word' id='word_1_534' title='bbox 3628 2399 3683 2454; x_wconf 85' lang='lat' dir='ltr'><strong>Si</strong></span> 
     </span>
    </p>
   </div>
   <div class='ocr_carea' id='block_1_69' title="bbox 2109 2491 3688 2575">
    <p class='ocr_par' dir='ltr' id='par_1_69' title="bbox 2109 2491 3688 2575">
     <span class='ocr_line' id='line_1_69' title="bbox 2109 2491 3688 2575; baseline -0.009 -19"><span class='ocrx_word' id='word_1_535' title='bbox 2109 2504 2277 2575; x_wconf 76' lang='lat' dir='ltr'><strong>igitur</strong></span> <span class='ocrx_word' id='word_1_536' title='bbox 2320 2517 2429 2556; x_wconf 86' lang='lat' dir='ltr'><strong>non</strong></span> <span class='ocrx_word' id='word_1_537' title='bbox 2491 2511 2607 2556; x_wconf 87' lang='lat' dir='ltr'><strong>erat</strong></span> <span class='ocrx_word' id='word_1_538' title='bbox 2660 2508 2934 2561; x_wconf 84' lang='lat' dir='ltr'><strong>creatura,</strong></span> <span class='ocrx_word' id='word_1_539' title='bbox 2993 2511 3173 2552; x_wconf 87' lang='lat' dir='ltr'><strong>sermo</strong></span> <span class='ocrx_word' id='word_1_540' title='bbox 3217 2495 3376 2564; x_wconf 83' lang='lat' dir='ltr'><strong>cujus</strong></span> <span class='ocrx_word' id='word_1_541' title='bbox 3427 2491 3568 2545; x_wconf 84' lang='lat' dir='ltr'><strong>facta</strong></span> <span class='ocrx_word' id='word_1_542' title='bbox 3602 2498 3688 2544; x_wconf 85' lang='lat' dir='ltr'><strong>est</strong></span> 
     </span>
    </p>
   </div>
   <div class='ocr_carea' id='block_1_70' title="bbox 2110 2589 3682 2658">
    <p class='ocr_par' dir='ltr' id='par_1_70' title="bbox 2110 2589 3682 2658">
     <span class='ocr_line' id='line_1_70' title="bbox 2110 2589 3682 2658; baseline -0.01 -9"><span class='ocrx_word' id='word_1_543' title='bbox 2110 2596 2314 2651; x_wconf 88' lang='lat' dir='ltr'><strong>mentio</strong></span> <span class='ocrx_word' id='word_1_544' title='bbox 2341 2594 2392 2648; x_wconf 90' lang='lat' dir='ltr'><strong>in</strong></span> <span class='ocrx_word' id='word_1_545' title='bbox 2419 2594 2606 2650; x_wconf 88' lang='lat' dir='ltr'><strong>mundi</strong></span> <span class='ocrx_word' id='word_1_546' title='bbox 2638 2594 2932 2652; x_wconf 86' lang='lat' dir='ltr'><strong>creatione,</strong></span> <span class='ocrx_word' id='word_1_547' title='bbox 2962 2589 3238 2658; x_wconf 88' lang='lat' dir='ltr'><strong>antiquior</strong></span> <span class='ocrx_word' id='word_1_548' title='bbox 3264 2592 3380 2640; x_wconf 87' lang='lat' dir='ltr'><strong>erat</strong></span> <span class='ocrx_word' id='word_1_549' title='bbox 3410 2591 3682 2637; x_wconf 86' lang='lat' dir='ltr'><strong>creatura.</strong></span> 
     </span>
    </p>
   </div>
   <div class='ocr_carea' id='block_1_71' title="bbox 2112 2679 3683 2756">
    <p class='ocr_par' dir='ltr' id='par_1_71' title="bbox 2112 2679 3683 2756">
     <span class='ocr_line' id='line_1_71' title="bbox 2112 2679 3683 2756; baseline -0.012 -15"><span class='ocrx_word' id='word_1_550' title='bbox 2112 2685 2251 2756; x_wconf 85' lang='lat' dir='ltr'><strong>Ergo</strong></span> <span class='ocrx_word' id='word_1_551' title='bbox 2270 2685 2361 2755; x_wconf 90' lang='lat' dir='ltr'><strong>qui</strong></span> <span class='ocrx_word' id='word_1_552' title='bbox 2395 2683 2557 2739; x_wconf 84' lang='lat' dir='ltr'><strong>verba</strong></span> <span class='ocrx_word' id='word_1_553' title='bbox 2586 2682 2720 2736; x_wconf 71' lang='lat' dir='ltr'><strong>dicit</strong></span> <span class='ocrx_word' id='word_1_554' title='bbox 2752 2690 2806 2738; x_wconf 89' lang='lat' dir='ltr'><strong>et</strong></span> <span class='ocrx_word' id='word_1_555' title='bbox 2838 2679 2996 2735; x_wconf 81' lang='lat' dir='ltr'><strong>vocis</strong></span> <span class='ocrx_word' id='word_1_556' title='bbox 3028 2693 3221 2733; x_wconf 92' lang='lat' dir='ltr'><strong>sonum</strong></span> <span class='ocrx_word' id='word_1_557' title='bbox 3264 2691 3357 2745; x_wconf 88' lang='lat' dir='ltr'><strong>per</strong></span> <span class='ocrx_word' id='word_1_558' title='bbox 3379 2687 3683 2728; x_wconf 88' lang='lat' dir='ltr'><strong>sermonem</strong></span> 
     </span>
    </p>
   </div>
   <div class='ocr_carea' id='block_1_72' title="bbox 2110 2764 3685 2844">
    <p class='ocr_par' dir='ltr' id='par_1_72' title="bbox 2110 2764 3685 2844">
     <span class='ocr_line' id='line_1_72' title="bbox 2110 2764 3685 2844; baseline -0.011 -13"><span class='ocrx_word' id='word_1_559' title='bbox 2110 2775 2431 2844; x_wconf 77' lang='lat' dir='ltr'><strong>signiﬁcari,</strong></span> <span class='ocrx_word' id='word_1_560' title='bbox 2480 2775 2609 2844; x_wconf 88' lang='lat' dir='ltr'><strong>quid</strong></span> <span class='ocrx_word' id='word_1_561' title='bbox 2681 2773 2919 2827; x_wconf 90' lang='lat' dir='ltr'><strong>medium</strong></span> <span class='ocrx_word' id='word_1_562' title='bbox 2963 2773 3106 2824; x_wconf 89' lang='lat' dir='ltr'><strong>inter</strong></span> <span class='ocrx_word' id='word_1_563' title='bbox 3135 2767 3351 2821; x_wconf 90' lang='lat' dir='ltr'><strong>Patrem</strong></span> <span class='ocrx_word' id='word_1_564' title='bbox 3405 2775 3460 2819; x_wconf 91' lang='lat' dir='ltr'><strong>et</strong></span> <span class='ocrx_word' id='word_1_565' title='bbox 3490 2764 3685 2819; x_wconf 85' lang='lat' dir='ltr'><strong>Filium</strong></span> 
     </span>
    </p>
   </div>
   <div class='ocr_carea' id='block_1_73' title="bbox 2109 2853 3686 2936">
    <p class='ocr_par' dir='ltr' id='par_1_73' title="bbox 2109 2853 3686 2936">
     <span class='ocr_line' id='line_1_73' title="bbox 2109 2853 3686 2936; baseline -0.011 -14"><span class='ocrx_word' id='word_1_566' title='bbox 2109 2866 2383 2936; x_wconf 72' lang='lat' dir='ltr'><strong>subiiciet,</strong></span> <span class='ocrx_word' id='word_1_567' title='bbox 2414 2881 2521 2935; x_wconf 86' lang='lat' dir='ltr'><strong>quo</strong></span> <span class='ocrx_word' id='word_1_568' title='bbox 2550 2880 2649 2918; x_wconf 77' lang='lat' dir='ltr'><strong>vox</strong></span> <span class='ocrx_word' id='word_1_569' title='bbox 2681 2871 2735 2918; x_wconf 88' lang='lat' dir='ltr'><strong>et</strong></span> <span class='ocrx_word' id='word_1_570' title='bbox 2767 2863 2931 2917; x_wconf 86' lang='lat' dir='ltr'><strong>verba</strong></span> <span class='ocrx_word' id='word_1_571' title='bbox 2967 2856 3432 2915; x_wconf 59' lang='lat' dir='ltr'><strong>elIorn‘uabanlur?</strong></span> <span class='ocrx_word' id='word_1_572' title='bbox 3460 2853 3518 2908; x_wconf 88' lang='lat' dir='ltr'><strong>Si</strong></span> <span class='ocrx_word' id='word_1_573' title='bbox 3539 2855 3686 2909; x_wconf 85' lang='lat' dir='ltr'><strong>enim</strong></span> 
     </span>
    </p>
   </div>
   <div class='ocr_carea' id='block_1_74' title="bbox 2109 2953 3688 3025">
    <p class='ocr_par' dir='ltr' id='par_1_74' title="bbox 2109 2953 3688 3025">
     <span class='ocr_line' id='line_1_74' title="bbox 2109 2953 3688 3025; baseline -0.007 -16"><span class='ocrx_word' id='word_1_574' title='bbox 2109 2969 2192 3011; x_wconf 86' lang='lat' dir='ltr'><strong>est</strong></span> <span class='ocrx_word' id='word_1_575' title='bbox 2241 2956 2504 3021; x_wconf 82' lang='lat' dir='ltr'><strong>medium,</strong></span> <span class='ocrx_word' id='word_1_576' title='bbox 2559 2957 2612 3009; x_wconf 94' lang='lat' dir='ltr'><strong>in</strong></span> <span class='ocrx_word' id='word_1_577' title='bbox 2659 2954 2924 3025; x_wconf 87' lang='lat' dir='ltr'><strong>peculiari</strong></span> <span class='ocrx_word' id='word_1_578' title='bbox 2970 2962 3025 3007; x_wconf 87' lang='lat' dir='ltr'><strong>et</strong></span> <span class='ocrx_word' id='word_1_579' title='bbox 3059 2959 3309 3020; x_wconf 85' lang='lat' dir='ltr'><strong>separata</strong></span> <span class='ocrx_word' id='word_1_580' title='bbox 3360 2957 3558 3002; x_wconf 86' lang='lat' dir='ltr'><strong>natura</strong></span> <span class='ocrx_word' id='word_1_581' title='bbox 3603 2953 3688 3000; x_wconf 85' lang='lat' dir='ltr'><strong>est</strong></span> 
     </span>
    </p>
   </div>
   <div class='ocr_carea' id='block_1_75' title="bbox 2063 3037 3686 3124">
    <p class='ocr_par' dir='ltr' id='par_1_75' title="bbox 2063 3037 3686 3124">
     <span class='ocr_line' id='line_1_75' title="bbox 2063 3037 3686 3124; baseline -0.007 -24"><span class='ocrx_word' id='word_1_582' title='bbox 2063 3107 2073 3124; x_wconf 38' lang='grc' dir='ltr'><strong><em>η</em></strong></span> <span class='ocrx_word' id='word_1_583' title='bbox 2114 3049 2298 3118; x_wconf 83' lang='lat' dir='ltr'><strong>procul</strong></span> <span class='ocrx_word' id='word_1_584' title='bbox 2332 3048 2520 3103; x_wconf 89' lang='lat' dir='ltr'><strong>dubio.</strong></span> <span class='ocrx_word' id='word_1_585' title='bbox 2549 3046 2622 3100; x_wconf 90' lang='lat' dir='ltr'><strong>Ita</strong></span> <span class='ocrx_word' id='word_1_586' title='bbox 2675 3054 2732 3100; x_wconf 92' lang='lat' dir='ltr'><strong>ut</strong></span> <span class='ocrx_word' id='word_1_587' title='bbox 2784 3047 3084 3114; x_wconf 77' lang='lat' dir='ltr'><strong>contingat,</strong></span> <span class='ocrx_word' id='word_1_588' title='bbox 3133 3057 3310 3110; x_wconf 81' lang='lat' dir='ltr'><strong>neque</strong></span> <span class='ocrx_word' id='word_1_589' title='bbox 3356 3055 3480 3094; x_wconf 90' lang='lat' dir='ltr'><strong>cum</strong></span> <span class='ocrx_word' id='word_1_590' title='bbox 3525 3037 3686 3090; x_wconf 80' lang='lat' dir='ltr'><strong>Patre</strong></span> 
     </span>
    </p>
   </div>
   <div class='ocr_carea' id='block_1_76' title="bbox 2112 3133 3684 3208">
    <p class='ocr_par' dir='ltr' id='par_1_76' title="bbox 2112 3133 3684 3208">
     <span class='ocr_line' id='line_1_76' title="bbox 2112 3133 3684 3208; baseline -0.011 -15"><span class='ocrx_word' id='word_1_591' title='bbox 2112 3140 2252 3196; x_wconf 86' lang='lat' dir='ltr'><strong>idem</strong></span> <span class='ocrx_word' id='word_1_592' title='bbox 2301 3156 2446 3206; x_wconf 85' lang='lat' dir='ltr'><strong>esse,</strong></span> <span class='ocrx_word' id='word_1_593' title='bbox 2498 3154 2676 3208; x_wconf 84' lang='lat' dir='ltr'><strong>neque</strong></span> <span class='ocrx_word' id='word_1_594' title='bbox 2726 3154 2849 3192; x_wconf 92' lang='lat' dir='ltr'><strong>cum</strong></span> <span class='ocrx_word' id='word_1_595' title='bbox 2887 3135 3026 3190; x_wconf 86' lang='lat' dir='ltr'><strong>Filio</strong></span> <span class='ocrx_word' id='word_1_596' title='bbox 3069 3133 3368 3190; x_wconf 83' lang='lat' dir='ltr'><strong>secundum</strong></span> <span class='ocrx_word' id='word_1_597' title='bbox 3408 3139 3684 3188; x_wconf 87' lang='lat' dir='ltr'><strong>naturam,</strong></span> 
     </span>
    </p>
   </div>
   <div class='ocr_carea' id='block_1_77' title="bbox 2109 3221 3686 3301">
    <p class='ocr_par' dir='ltr' id='par_1_77' title="bbox 2109 3221 3686 3301">
     <span class='ocr_line' id='line_1_77' title="bbox 2109 3221 3686 3301; baseline -0.013 -10"><span class='ocrx_word' id='word_1_598' title='bbox 2109 3232 2205 3292; x_wconf 81' lang='lat' dir='ltr'><strong>sed</strong></span> <span class='ocrx_word' id='word_1_599' title='bbox 2235 3232 2372 3301; x_wconf 78' lang='lat' dir='ltr'><strong>quid</strong></span> <span class='ocrx_word' id='word_1_600' title='bbox 2386 3230 2610 3284; x_wconf 88' lang='lat' dir='ltr'><strong>omnino</strong></span> <span class='ocrx_word' id='word_1_601' title='bbox 2633 3230 2909 3283; x_wconf 86' lang='lat' dir='ltr'><strong>diversum</strong></span> <span class='ocrx_word' id='word_1_602' title='bbox 2935 3228 3076 3297; x_wconf 91' lang='lat' dir='ltr'><strong>quod</strong></span> <span class='ocrx_word' id='word_1_603' title='bbox 3103 3227 3317 3280; x_wconf 87' lang='lat' dir='ltr'><strong>Patrem</strong></span> <span class='ocrx_word' id='word_1_604' title='bbox 3351 3231 3405 3276; x_wconf 84' lang='lat' dir='ltr'><strong>et</strong></span> <span class='ocrx_word' id='word_1_605' title='bbox 3440 3221 3633 3274; x_wconf 86' lang='lat' dir='ltr'><strong>Filium</strong></span> <span class='ocrx_word' id='word_1_606' title='bbox 3657 3233 3686 3270; x_wconf 90' lang='lat' dir='ltr'><strong>a</strong></span> 
     </span>
    </p>
   </div>
   <div class='ocr_carea' id='block_1_78' title="bbox 2111 3311 3688 3392">
    <p class='ocr_par' dir='ltr' id='par_1_78' title="bbox 2111 3311 3688 3392">
     <span class='ocr_line' id='line_1_78' title="bbox 2111 3311 3688 3392; baseline -0.011 -13"><span class='ocrx_word' id='word_1_607' title='bbox 2111 3340 2170 3379; x_wconf 91' lang='lat' dir='ltr'><strong>se</strong></span> <span class='ocrx_word' id='word_1_608' title='bbox 2199 3321 2507 3392; x_wconf 82' lang='lat' dir='ltr'><strong>distinguit,</strong></span> <span class='ocrx_word' id='word_1_609' title='bbox 2533 3320 2675 3390; x_wconf 92' lang='lat' dir='ltr'><strong>quod</strong></span> <span class='ocrx_word' id='word_1_610' title='bbox 2700 3321 2841 3374; x_wconf 89' lang='lat' dir='ltr'><strong>inter</strong></span> <span class='ocrx_word' id='word_1_611' title='bbox 2861 3319 3001 3374; x_wconf 87' lang='lat' dir='ltr'><strong>duos</strong></span> <span class='ocrx_word' id='word_1_612' title='bbox 3024 3319 3306 3371; x_wconf 86' lang='lat' dir='ltr'><strong>inseritur.</strong></span> <span class='ocrx_word' id='word_1_613' title='bbox 3345 3312 3484 3380; x_wconf 83' lang='lat' dir='ltr'><strong>Quid</strong></span> <span class='ocrx_word' id='word_1_614' title='bbox 3521 3311 3688 3380; x_wconf 78' lang='lat' dir='ltr'><strong>igitur</strong></span> 
     </span>
    </p>
   </div>
   <div class='ocr_carea' id='block_1_79' title="bbox 2112 3405 3684 3492">
    <p class='ocr_par' dir='ltr' id='par_1_79' title="bbox 2112 3405 3684 3492">
     <span class='ocr_line' id='line_1_79' title="bbox 2112 3405 3684 3492; baseline -0.011 -22"><span class='ocrx_word' id='word_1_615' title='bbox 2112 3417 2216 3470; x_wconf 87' lang='lat' dir='ltr'><strong>hoc</strong></span> <span class='ocrx_word' id='word_1_616' title='bbox 2234 3414 2432 3492; x_wconf 57' lang='lat' dir='ltr'><strong>guerit?</strong></span> <span class='ocrx_word' id='word_1_617' title='bbox 2452 3413 2568 3467; x_wconf 83' lang='lat' dir='ltr'><strong>Non</strong></span> <span class='ocrx_word' id='word_1_618' title='bbox 2586 3423 2668 3467; x_wconf 90' lang='lat' dir='ltr'><strong>est</strong></span> <span class='ocrx_word' id='word_1_619' title='bbox 2685 3419 2946 3476; x_wconf 89' lang='lat' dir='ltr'><strong>creatum,</strong></span> <span class='ocrx_word' id='word_1_620' title='bbox 2966 3410 3151 3481; x_wconf 88' lang='lat' dir='ltr'><strong>junior</strong></span> <span class='ocrx_word' id='word_1_621' title='bbox 3171 3409 3313 3463; x_wconf 89' lang='lat' dir='ltr'><strong>enim</strong></span> <span class='ocrx_word' id='word_1_622' title='bbox 3341 3405 3516 3458; x_wconf 82' lang='lat' dir='ltr'><strong>Verbo</strong></span> <span class='ocrx_word' id='word_1_623' title='bbox 3537 3417 3684 3456; x_wconf 83' lang='lat' dir='ltr'><strong>crea-</strong></span> 
     </span>
    </p>
   </div>
   <div class='ocr_carea' id='block_1_80' title="bbox 2112 3496 3684 3575">
    <p class='ocr_par' dir='ltr' id='par_1_80' title="bbox 2112 3496 3684 3575">
     <span class='ocr_line' id='line_1_80' title="bbox 2112 3496 3684 3575; baseline -0.011 -16"><span class='ocrx_word' id='word_1_624' title='bbox 2112 3514 2256 3570; x_wconf 89' lang='lat' dir='ltr'><strong>tura,</strong></span> <span class='ocrx_word' id='word_1_625' title='bbox 2283 3506 2570 3575; x_wconf 85' lang='lat' dir='ltr'><strong>unigenam</strong></span> <span class='ocrx_word' id='word_1_626' title='bbox 2605 3503 2773 3556; x_wconf 86' lang='lat' dir='ltr'><strong>Deum</strong></span> <span class='ocrx_word' id='word_1_627' title='bbox 2807 3503 3048 3572; x_wconf 82' lang='lat' dir='ltr'><strong>genitum</strong></span> <span class='ocrx_word' id='word_1_628' title='bbox 3093 3517 3215 3556; x_wconf 89' lang='lat' dir='ltr'><strong>esse</strong></span> <span class='ocrx_word' id='word_1_629' title='bbox 3255 3496 3430 3553; x_wconf 88' lang='lat' dir='ltr'><strong>edocti</strong></span> <span class='ocrx_word' id='word_1_630' title='bbox 3473 3509 3684 3554; x_wconf 86' lang='lat' dir='ltr'><strong>sumus,</strong></span> 
     </span>
    </p>
   </div>
   <div class='ocr_carea' id='block_1_81' title="bbox 2113 3585 3688 3667">
    <p class='ocr_par' dir='ltr' id='par_1_81' title="bbox 2113 3585 3688 3667">
     <span class='ocr_line' id='line_1_81' title="bbox 2113 3585 3688 3667; baseline -0.01 -17"><span class='ocrx_word' id='word_1_631' title='bbox 2113 3597 2413 3667; x_wconf 83' lang='lat' dir='ltr'><strong>ingenitum</strong></span> <span class='ocrx_word' id='word_1_632' title='bbox 2440 3603 2643 3659; x_wconf 84' lang='lat' dir='ltr'><strong>autem,</strong></span> <span class='ocrx_word' id='word_1_633' title='bbox 2674 3596 2830 3650; x_wconf 87' lang='lat' dir='ltr'><strong>Patre</strong></span> <span class='ocrx_word' id='word_1_634' title='bbox 2853 3604 3100 3663; x_wconf 80' lang='lat' dir='ltr'><strong>excepto,</strong></span> <span class='ocrx_word' id='word_1_635' title='bbox 3132 3592 3263 3660; x_wconf 85' lang='lat' dir='ltr'><strong>nihil</strong></span> <span class='ocrx_word' id='word_1_636' title='bbox 3295 3597 3398 3643; x_wconf 85' lang='lat' dir='ltr'><strong>est.</strong></span> <span class='ocrx_word' id='word_1_637' title='bbox 3427 3585 3688 3639; x_wconf 78' lang='lat' dir='ltr'><strong>Necessa-</strong></span> 
     </span>
    </p>
   </div>
   <div class='ocr_carea' id='block_1_82' title="bbox 2111 3679 3689 3757">
    <p class='ocr_par' dir='ltr' id='par_1_82' title="bbox 2111 3679 3689 3757">
     <span class='ocr_line' id='line_1_82' title="bbox 2111 3679 3689 3757; baseline -0.01 -16"><span class='ocrx_word' id='word_1_638' title='bbox 2111 3689 2196 3741; x_wconf 86' lang='lat' dir='ltr'><strong>rio</strong></span> <span class='ocrx_word' id='word_1_639' title='bbox 2229 3689 2395 3757; x_wconf 80' lang='lat' dir='ltr'><strong>igitur</strong></span> <span class='ocrx_word' id='word_1_640' title='bbox 2423 3687 2554 3740; x_wconf 91' lang='lat' dir='ltr'><strong>nihil</strong></span> <span class='ocrx_word' id='word_1_641' title='bbox 2577 3690 2716 3740; x_wconf 87' lang='lat' dir='ltr'><strong>inter</strong></span> <span class='ocrx_word' id='word_1_642' title='bbox 2746 3685 2962 3740; x_wconf 89' lang='lat' dir='ltr'><strong>Patrem</strong></span> <span class='ocrx_word' id='word_1_643' title='bbox 2993 3692 3045 3739; x_wconf 90' lang='lat' dir='ltr'><strong>et</strong></span> <span class='ocrx_word' id='word_1_644' title='bbox 3071 3683 3268 3736; x_wconf 87' lang='lat' dir='ltr'><strong>Filium</strong></span> <span class='ocrx_word' id='word_1_645' title='bbox 3302 3679 3538 3734; x_wconf 90' lang='lat' dir='ltr'><strong>medium</strong></span> <span class='ocrx_word' id='word_1_646' title='bbox 3567 3688 3689 3728; x_wconf 72' lang='lat' dir='ltr'><strong>esse</strong></span> 
     </span>
    </p>
   </div>
   <div class='ocr_carea' id='block_1_83' title="bbox 2112 3765 3686 3850">
    <p class='ocr_par' dir='ltr' id='par_1_83' title="bbox 2112 3765 3686 3850">
     <span class='ocr_line' id='line_1_83' title="bbox 2112 3765 3686 3850; baseline -0.011 -17"><span class='ocrx_word' id='word_1_647' title='bbox 2112 3780 2357 3850; x_wconf 85' lang='lat' dir='ltr'><strong>cogitare</strong></span> <span class='ocrx_word' id='word_1_648' title='bbox 2391 3792 2573 3833; x_wconf 84' lang='lat' dir='ltr'><strong>sermo</strong></span> <span class='ocrx_word' id='word_1_649' title='bbox 2603 3776 2850 3831; x_wconf 86' lang='lat' dir='ltr'><strong>veritatis</strong></span> <span class='ocrx_word' id='word_1_650' title='bbox 2892 3776 3079 3846; x_wconf 81' lang='lat' dir='ltr'><strong>adigit.</strong></span> <span class='ocrx_word' id='word_1_651' title='bbox 3135 3774 3233 3829; x_wconf 86' lang='lat' dir='ltr'><strong>Ubi</strong></span> <span class='ocrx_word' id='word_1_652' title='bbox 3269 3787 3398 3826; x_wconf 89' lang='lat' dir='ltr'><strong>vero</strong></span> <span class='ocrx_word' id='word_1_653' title='bbox 3426 3765 3686 3824; x_wconf 86' lang='lat' dir='ltr'><strong>distantia</strong></span> 
     </span>
    </p>
   </div>
   <div class='ocr_carea' id='block_1_84' title="bbox 2113 3869 3687 3940">
    <p class='ocr_par' dir='ltr' id='par_1_84' title="bbox 2113 3869 3687 3940">
     <span class='ocr_line' id='line_1_84' title="bbox 2113 3869 3687 3940; baseline -0.011 -16"><span class='ocrx_word' id='word_1_654' title='bbox 2113 3886 2219 3924; x_wconf 89' lang='lat' dir='ltr'><strong>non</strong></span> <span class='ocrx_word' id='word_1_655' title='bbox 2246 3871 2587 3940; x_wconf 80' lang='lat' dir='ltr'><strong>intelligitur,</strong></span> <span class='ocrx_word' id='word_1_656' title='bbox 2618 3869 2721 3922; x_wconf 88' lang='lat' dir='ltr'><strong>hoc</strong></span> <span class='ocrx_word' id='word_1_657' title='bbox 2752 3875 3092 3936; x_wconf 89' lang='lat' dir='ltr'><strong>compactum</strong></span> <span class='ocrx_word' id='word_1_658' title='bbox 3124 3874 3178 3922; x_wconf 93' lang='lat' dir='ltr'><strong>ct</strong></span> <span class='ocrx_word' id='word_1_659' title='bbox 3201 3876 3509 3918; x_wconf 84' lang='lat' dir='ltr'><strong>connexum</strong></span> <span class='ocrx_word' id='word_1_660' title='bbox 3535 3871 3687 3927; x_wconf 81' lang='lat' dir='ltr'><strong>pror-</strong></span> 
     </span>
    </p>
   </div>
   <div class='ocr_carea' id='block_1_85' title="bbox 2114 3953 3797 4030">
    <p class='ocr_par' dir='ltr' id='par_1_85' title="bbox 2114 3953 3797 4030">
     <span class='ocr_line' id='line_1_85' title="bbox 2114 3953 3797 4030; baseline -0.013 -10"><span class='ocrx_word' id='word_1_661' title='bbox 2114 3979 2209 4020; x_wconf 89' lang='lat' dir='ltr'><strong>sus</strong></span> <span class='ocrx_word' id='word_1_662' title='bbox 2240 3962 2593 4029; x_wconf 77' lang='lat' dir='ltr'><strong>conceditur;</strong></span> <span class='ocrx_word' id='word_1_663' title='bbox 2623 3959 2766 4030; x_wconf 85' lang='lat' dir='ltr'><strong>quod</strong></span> <span class='ocrx_word' id='word_1_664' title='bbox 2800 3968 2980 4014; x_wconf 83' lang='lat' dir='ltr'><strong>autem</strong></span> <span class='ocrx_word' id='word_1_665' title='bbox 3010 3973 3109 4027; x_wconf 89' lang='lat' dir='ltr'><strong>per</strong></span> <span class='ocrx_word' id='word_1_666' title='bbox 3137 3957 3317 4009; x_wconf 89' lang='lat' dir='ltr'><strong>omnia</strong></span> <span class='ocrx_word' id='word_1_667' title='bbox 3344 3959 3684 4020; x_wconf 87' lang='lat' dir='ltr'><strong>compactum</strong></span> <span class='ocrx_word' id='word_1_668' title='bbox 3779 3953 3797 3968; x_wconf 84' lang='lat'><strong><em>‘</em></strong></span> 
     </span>
    </p>
   </div>
   <div class='ocr_carea' id='block_1_86' title="bbox 2112 4043 3687 4115">
    <p class='ocr_par' dir='ltr' id='par_1_86' title="bbox 2112 4043 3687 4115">
     <span class='ocr_line' id='line_1_86' title="bbox 2112 4043 3687 4115; baseline -0.012 -5"><span class='ocrx_word' id='word_1_669' title='bbox 2112 4065 2218 4115; x_wconf 87' lang='lat' dir='ltr'><strong>est.</strong></span> <span class='ocrx_word' id='word_1_670' title='bbox 2250 4055 2426 4108; x_wconf 88' lang='lat' dir='ltr'><strong>media</strong></span> <span class='ocrx_word' id='word_1_671' title='bbox 2486 4069 2618 4108; x_wconf 91' lang='lat' dir='ltr'><strong>voce</strong></span> <span class='ocrx_word' id='word_1_672' title='bbox 2675 4061 2728 4107; x_wconf 90' lang='lat' dir='ltr'><strong>et</strong></span> <span class='ocrx_word' id='word_1_673' title='bbox 2782 4065 3034 4108; x_wconf 90' lang='lat' dir='ltr'><strong>sermone</strong></span> <span class='ocrx_word' id='word_1_674' title='bbox 3073 4065 3180 4103; x_wconf 88' lang='lat' dir='ltr'><strong>non</strong></span> <span class='ocrx_word' id='word_1_675' title='bbox 3227 4047 3413 4102; x_wconf 90' lang='lat' dir='ltr'><strong>utitur.</strong></span> <span class='ocrx_word' id='word_1_676' title='bbox 3451 4043 3687 4107; x_wconf 82' lang='lat' dir='ltr'><strong>Compa-</strong></span> 
     </span>
    </p>
   </div>
   <div class='ocr_carea' id='block_1_87' title="bbox 2114 4132 3682 4212">
    <p class='ocr_par' dir='ltr' id='par_1_87' title="bbox 2114 4132 3682 4212">
     <span class='ocr_line' id='line_1_87' title="bbox 2114 4132 3682 4212; baseline -0.013 -12"><span class='ocrx_word' id='word_1_677' title='bbox 2114 4153 2262 4200; x_wconf 89' lang='lat' dir='ltr'><strong>ctum</strong></span> <span class='ocrx_word' id='word_1_678' title='bbox 2296 4154 2475 4198; x_wconf 88' lang='lat' dir='ltr'><strong>autem</strong></span> <span class='ocrx_word' id='word_1_679' title='bbox 2505 4144 2784 4212; x_wconf 80' lang='lat' dir='ltr'><strong>dicoquol</strong></span> <span class='ocrx_word' id='word_1_680' title='bbox 2815 4143 2868 4196; x_wconf 93' lang='lat' dir='ltr'><strong>in</strong></span> <span class='ocrx_word' id='word_1_681' title='bbox 2892 4142 3148 4196; x_wconf 90' lang='lat' dir='ltr'><strong>omnibus</strong></span> <span class='ocrx_word' id='word_1_682' title='bbox 3176 4147 3260 4194; x_wconf 89' lang='lat' dir='ltr'><strong>est</strong></span> <span class='ocrx_word' id='word_1_683' title='bbox 3292 4132 3682 4202; x_wconf 68' lang='lat' dir='ltr'><strong>inseparabile;</strong></span> 
     </span>
    </p>
   </div>
   <div class='ocr_carea' id='block_1_88' title="bbox 428 4221 3686 4304">
    <p class='ocr_par' dir='ltr' id='par_1_88' title="bbox 428 4221 3686 4304">
     <span class='ocr_line' id='line_1_88' title="bbox 428 4221 3686 4304; baseline -0.002 -24"><span class='ocrx_word' id='word_1_684' title='bbox 428 4241 539 4282; x_wconf 87' lang='lat' dir='ltr'><strong>non</strong></span> <span class='ocrx_word' id='word_1_685' title='bbox 561 4231 706 4284; x_wconf 92' lang='lat' dir='ltr'><strong>enim</strong></span> <span class='ocrx_word' id='word_1_686' title='bbox 738 4230 1076 4297; x_wconf 86' lang='lat' dir='ltr'><strong>corporalem</strong></span> <span class='ocrx_word' id='word_1_687' title='bbox 1109 4231 1692 4300; x_wconf 81' lang='lat' dir='ltr'><strong>aliquam-compagem</strong></span> <span class='ocrx_word' id='word_1_688' title='bbox 1729 4230 1780 4283; x_wconf 91' lang='lat' dir='ltr'><strong>in</strong></span> <span class='ocrx_word' id='word_1_689' title='bbox 1816 4231 2148 4302; x_wconf 71' lang='lat' dir='ltr'><strong>intelligente</strong></span> <span class='ocrx_word' id='word_1_690' title='bbox 2184 4247 2376 4291; x_wconf 90' lang='lat' dir='ltr'><strong>natura</strong></span> <span class='ocrx_word' id='word_1_691' title='bbox 2449 4251 2644 4291; x_wconf 84' lang='lat' dir='ltr'><strong>nomen</strong></span> <span class='ocrx_word' id='word_1_692' title='bbox 2704 4235 2981 4304; x_wconf 87' lang='lat' dir='ltr'><strong>compagis</strong></span> <span class='ocrx_word' id='word_1_693' title='bbox 3029 4233 3256 4294; x_wconf 88' lang='lat' dir='ltr'><strong>indicat,</strong></span> <span class='ocrx_word' id='word_1_694' title='bbox 3322 4227 3413 4283; x_wconf 84' lang='lat' dir='ltr'><strong>sed</strong></span> <span class='ocrx_word' id='word_1_695' title='bbox 3485 4221 3686 4278; x_wconf 88' lang='lat' dir='ltr'><strong>intelli-</strong></span> 
     </span>
    </p>
   </div>
   <div class='ocr_carea' id='block_1_89' title="bbox 425 4321 2987 4397">
    <p class='ocr_par' dir='ltr' id='par_1_89' title="bbox 425 4321 2987 4397">
     <span class='ocr_line' id='line_1_89' title="bbox 425 4321 2987 4397; baseline 0.002 -24"><span class='ocrx_word' id='word_1_696' title='bbox 425 4321 612 4393; x_wconf 79' lang='lat' dir='ltr'><strong>gibilis</strong></span> <span class='ocrx_word' id='word_1_697' title='bbox 634 4339 757 4376; x_wconf 89' lang='lat' dir='ltr'><strong>cum</strong></span> <span class='ocrx_word' id='word_1_698' title='bbox 787 4322 1135 4393; x_wconf 83' lang='lat' dir='ltr'><strong>intelligibili,</strong></span> <span class='ocrx_word' id='word_1_699' title='bbox 1162 4339 1256 4394; x_wconf 90' lang='lat' dir='ltr'><strong>per</strong></span> <span class='ocrx_word' id='word_1_700' title='bbox 1279 4324 1616 4379; x_wconf 82' lang='lat' dir='ltr'><strong>identitatem</strong></span> <span class='ocrx_word' id='word_1_701' title='bbox 1643 4324 2003 4390; x_wconf 78' lang='lat' dir='ltr'><strong>voluntatum,</strong></span> <span class='ocrx_word' id='word_1_702' title='bbox 2041 4329 2406 4397; x_wconf 87' lang='lat' dir='ltr'><strong>unionemque</strong></span> <span class='ocrx_word' id='word_1_703' title='bbox 2427 4336 2481 4384; x_wconf 87' lang='lat' dir='ltr'><strong>et</strong></span> <span class='ocrx_word' id='word_1_704' title='bbox 2515 4328 2987 4397; x_wconf 87' lang='lat' dir='ltr'><strong>temperationem.</strong></span> 
     </span>
    </p>
   </div>
   <div class='ocr_carea' id='block_1_90' title="bbox 397 4432 2006 4509">
    <p class='ocr_par' dir='ltr' id='par_1_90' title="bbox 397 4433 2006 4506">
     <span class='ocr_line' id='line_1_90' title="bbox 397 4433 2006 4506; baseline 0.001 -19"><span class='ocrx_word' id='word_1_705' title='bbox 397 4469 402 4472; x_wconf 93' lang='lat'><strong>-</strong></span> <span class='ocrx_word' id='word_1_706' title='bbox 499 4435 645 4488; x_wconf 87' lang='grc' dir='ltr'>Διότι</span> <span class='ocrx_word' id='word_1_707' title='bbox 693 4435 813 4488; x_wconf 88' lang='grc' dir='ltr'>οὑδέ</span> <span class='ocrx_word' id='word_1_708' title='bbox 848 4436 965 4486; x_wconf 74' lang='grc' dir='ltr'>ἐστι</span> <span class='ocrx_word' id='word_1_709' title='bbox 994 4433 1222 4506; x_wconf 69' lang='grc' dir='ltr'>διαφορὰ</span> <span class='ocrx_word' id='word_1_710' title='bbox 1255 4434 1346 4488; x_wconf 82' lang='grc' dir='ltr'>τοῦ</span> <span class='ocrx_word' id='word_1_711' title='bbox 1372 4433 1502 4488; x_wconf 86' lang='grc' dir='ltr'><strong>Υἱοῦ</strong></span> <span class='ocrx_word' id='word_1_712' title='bbox 1542 4435 1636 4488; x_wconf 79' lang='grc' dir='ltr'>καὶ</span> <span class='ocrx_word' id='word_1_713' title='bbox 1665 4434 1762 4488; x_wconf 84' lang='grc' dir='ltr'>τοῦ</span> <span class='ocrx_word' id='word_1_714' title='bbox 1798 4435 2006 4506; x_wconf 83' lang='grc' dir='ltr'>[ἰατρὸς</span> 
     </span>
    </p>
   </div>
   <div class='ocr_carea' id='block_1_91' title="bbox 2109 4432 3680 4509">
    <p class='ocr_par' dir='ltr' id='par_1_91' title="bbox 2181 4432 3680 4509">
     <span class='ocr_line' id='line_1_91' title="bbox 2181 4432 3680 4509; baseline -0.007 -17"><span class='ocrx_word' id='word_1_715' title='bbox 2181 4439 2450 4504; x_wconf 88' lang='lat' dir='ltr'><strong>Quocirca</strong></span> <span class='ocrx_word' id='word_1_716' title='bbox 2481 4453 2658 4509; x_wconf 85' lang='lat' dir='ltr'><strong>neque</strong></span> <span class='ocrx_word' id='word_1_717' title='bbox 2701 4445 2785 4492; x_wconf 73' lang='lat' dir='ltr'><strong>est</strong></span> <span class='ocrx_word' id='word_1_718' title='bbox 2819 4436 3122 4490; x_wconf 77' lang='lat' dir='ltr'><strong>diﬂ&#39;erentia</strong></span> <span class='ocrx_word' id='word_1_719' title='bbox 3164 4433 3284 4486; x_wconf 85' lang='lat' dir='ltr'><strong>Filii</strong></span> <span class='ocrx_word' id='word_1_720' title='bbox 3317 4440 3371 4487; x_wconf 90' lang='lat' dir='ltr'><strong>et</strong></span> <span class='ocrx_word' id='word_1_721' title='bbox 3413 4432 3587 4484; x_wconf 85' lang='lat' dir='ltr'><strong>Patris</strong></span> <span class='ocrx_word' id='word_1_722' title='bbox 3631 4434 3680 4483; x_wconf 89' lang='lat' dir='ltr'><strong>in</strong></span> 
     </span>
    </p>
   </div>
   <div class='ocr_carea' id='block_1_92' title="bbox 425 4527 2010 4600">
    <p class='ocr_par' dir='ltr' id='par_1_92' title="bbox 425 4527 2010 4600">
     <span class='ocr_line' id='line_1_92' title="bbox 425 4527 2010 4600; baseline -0.001 -17"><span class='ocrx_word' id='word_1_723' title='bbox 425 4529 486 4583; x_wconf 84' lang='grc' dir='ltr'><strong>ὲν</strong></span> <span class='ocrx_word' id='word_1_724' title='bbox 510 4527 812 4597; x_wconf 82' lang='grc' dir='ltr'>θελήματι·</span> <span class='ocrx_word' id='word_1_725' title='bbox 840 4527 975 4580; x_wconf 84' lang='grc' dir='ltr'><strong>ἀλλά</strong></span> <span class='ocrx_word' id='word_1_726' title='bbox 997 4528 1138 4581; x_wconf 84' lang='grc' dir='ltr'>κατὰ</span> <span class='ocrx_word' id='word_1_727' title='bbox 1159 4528 1219 4580; x_wconf 81' lang='grc' dir='ltr'>τὸ</span> <span class='ocrx_word' id='word_1_728' title='bbox 1230 4528 1536 4599; x_wconf 82' lang='grc' dir='ltr'>ἀρχέτυπον</span> <span class='ocrx_word' id='word_1_729' title='bbox 1550 4529 1646 4600; x_wconf 81' lang='grc' dir='ltr'>τῆς</span> <span class='ocrx_word' id='word_1_730' title='bbox 1675 4528 2010 4598; x_wconf 85' lang='grc' dir='ltr'>ἀγαθότητος</span> 
     </span>
    </p>
   </div>
   <div class='ocr_carea' id='block_1_93' title="bbox 425 4608 2012 4693">
    <p class='ocr_par' dir='ltr' id='par_1_93' title="bbox 425 4608 2012 4693">
     <span class='ocr_line' id='line_1_93' title="bbox 425 4608 2012 4693; baseline -0.001 -19"><span class='ocrx_word' id='word_1_731' title='bbox 425 4620 642 4683; x_wconf 73' lang='grc' dir='ltr'>κάλλος,</span> <span class='ocrx_word' id='word_1_732' title='bbox 679 4621 773 4674; x_wconf 73' lang='grc' dir='ltr'>καὶ</span> <span class='ocrx_word' id='word_1_733' title='bbox 799 4621 830 4690; x_wconf 83' lang='grc' dir='ltr'><strong>ἡ</strong></span> <span class='ocrx_word' id='word_1_734' title='bbox 859 4619 1023 4673; x_wconf 79' lang='grc' dir='ltr'>εἰκών</span> <span class='ocrx_word' id='word_1_735' title='bbox 1050 4622 1166 4672; x_wconf 80' lang='grc' dir='ltr'>ἐστι</span> <span class='ocrx_word' id='word_1_736' title='bbox 1190 4620 1290 4688; x_wconf 84' lang='grc' dir='ltr'>τῆς</span> <span class='ocrx_word' id='word_1_737' title='bbox 1307 4608 1661 4690; x_wconf 79' lang='grc' dir='ltr'>ἀγαθότητος.</span> <span class='ocrx_word' id='word_1_738' title='bbox 1693 4621 1804 4676; x_wconf 77' lang='grc' dir='ltr'><strong>Καὶ</strong></span> <span class='ocrx_word' id='word_1_739' title='bbox 1823 4621 2012 4693; x_wconf 80' lang='grc' dir='ltr'>ὥσπερ</span> 
     </span>
    </p>
   </div>
   <div class='ocr_carea' id='block_1_94' title="bbox 423 4709 2011 4782">
    <p class='ocr_par' dir='ltr' id='par_1_94' title="bbox 423 4709 2011 4782">
     <span class='ocr_line' id='line_1_94' title="bbox 423 4709 2011 4782; baseline -0.001 -18"><span class='ocrx_word' id='word_1_740' title='bbox 423 4712 480 4764; x_wconf 74' lang='grc' dir='ltr'><strong>εἰ</strong></span> <span class='ocrx_word' id='word_1_741' title='bbox 506 4729 590 4774; x_wconf 87' lang='grc' dir='ltr'><strong>τις</strong></span> <span class='ocrx_word' id='word_1_742' title='bbox 611 4710 802 4764; x_wconf 75' lang='grc' dir='ltr'>ἑαυτὸν</span> <span class='ocrx_word' id='word_1_743' title='bbox 836 4711 894 4763; x_wconf 75' lang='grc' dir='ltr'><strong>ὲν</strong></span> <span class='ocrx_word' id='word_1_744' title='bbox 927 4711 1218 4781; x_wconf 83' lang='grc' dir='ltr'>κατόπτρῳ</span> <span class='ocrx_word' id='word_1_745' title='bbox 1250 4709 1436 4780; x_wconf 77' lang='grc' dir='ltr'>βλέποι</span> <span class='ocrx_word' id='word_1_746' title='bbox 1467 4709 1688 4778; x_wconf 80' lang='grc' dir='ltr'>(κωλύει</span> <span class='ocrx_word' id='word_1_747' title='bbox 1722 4711 1830 4782; x_wconf 85' lang='grc' dir='ltr'><strong>γὰρ</strong></span> <span class='ocrx_word' id='word_1_748' title='bbox 1859 4711 2011 4764; x_wconf 81' lang='grc' dir='ltr'>οὐδὲν</span> 
     </span>
    </p>
   </div>
   <div class='ocr_carea' id='block_1_95' title="bbox 425 4800 2017 4873">
    <p class='ocr_par' dir='ltr' id='par_1_95' title="bbox 425 4800 2017 4873">
     <span class='ocr_line' id='line_1_95' title="bbox 425 4800 2017 4873; baseline 0 -17"><span class='ocrx_word' id='word_1_749' title='bbox 425 4804 762 4870; x_wconf 83' lang='grc' dir='ltr'>σωματικοῖς</span> <span class='ocrx_word' id='word_1_750' title='bbox 797 4801 1159 4871; x_wconf 74' lang='grc' dir='ltr'>ὑποδείγμασι</span> <span class='ocrx_word' id='word_1_751' title='bbox 1178 4801 1526 4872; x_wconf 77' lang='grc' dir='ltr'>παραστῆσαι</span> <span class='ocrx_word' id='word_1_752' title='bbox 1547 4800 1606 4854; x_wconf 80' lang='grc' dir='ltr'>τὸ</span> <span class='ocrx_word' id='word_1_753' title='bbox 1621 4802 1718 4873; x_wconf 59' lang='grc' dir='ltr'>γόη</span> <span class='ocrx_word' id='word_1_754' title='bbox 1727 4806 1845 4870; x_wconf 84' lang='grc' dir='ltr'>μα),</span> <span class='ocrx_word' id='word_1_755' title='bbox 1871 4804 2017 4856; x_wconf 70' lang='grc' dir='ltr'>κατάι</span> 
     </span>
    </p>
   </div>
   <div class='ocr_carea' id='block_1_96' title="bbox 428 4890 2007 4964">
    <p class='ocr_par' dir='ltr' id='par_1_96' title="bbox 428 4890 2007 4964">
     <span class='ocr_line' id='line_1_96' title="bbox 428 4890 2007 4964; baseline -0.001 -16"><span class='ocrx_word' id='word_1_756' title='bbox 428 4893 608 4948; x_wconf 85' lang='grc' dir='ltr'>πάντα</span> <span class='ocrx_word' id='word_1_757' title='bbox 637 4896 773 4963; x_wconf 78' lang='grc' dir='ltr'>πρὸς</span> <span class='ocrx_word' id='word_1_758' title='bbox 804 4893 865 4945; x_wconf 79' lang='grc' dir='ltr'>τὸ</span> <span class='ocrx_word' id='word_1_759' title='bbox 888 4893 1243 4963; x_wconf 87' lang='grc' dir='ltr'>πρωτότυπον</span> <span class='ocrx_word' id='word_1_760' title='bbox 1272 4893 1366 4944; x_wconf 80' lang='grc' dir='ltr'>καὶ</span> <span class='ocrx_word' id='word_1_761' title='bbox 1393 4894 1426 4962; x_wconf 78' lang='grc' dir='ltr'><strong>ἡ</strong></span> <span class='ocrx_word' id='word_1_762' title='bbox 1456 4890 1618 4945; x_wconf 85' lang='grc' dir='ltr'>εἰκὼν</span> <span class='ocrx_word' id='word_1_763' title='bbox 1653 4893 2007 4964; x_wconf 80' lang='grc' dir='ltr'>μορφωθήσε-</span> 
     </span>
    </p>
   </div>
   <div class='ocr_carea' id='block_1_97' title="bbox 424 4983 2007 5056">
    <p class='ocr_par' dir='ltr' id='par_1_97' title="bbox 424 4983 2007 5056">
     <span class='ocr_line' id='line_1_97' title="bbox 424 4983 2007 5056; baseline 0.001 -18"><span class='ocrx_word' id='word_1_764' title='bbox 424 5003 536 5050; x_wconf 83' lang='grc' dir='ltr'>ται,</span> <span class='ocrx_word' id='word_1_765' title='bbox 571 4986 646 5048; x_wconf 84' lang='grc' dir='ltr'>ὡς</span> <span class='ocrx_word' id='word_1_766' title='bbox 676 4985 851 5039; x_wconf 72' lang='grc' dir='ltr'>αἰτίαν</span> <span class='ocrx_word' id='word_1_767' title='bbox 875 4985 972 5055; x_wconf 82' lang='grc' dir='ltr'>τῆς</span> <span class='ocrx_word' id='word_1_768' title='bbox 990 4987 1048 5038; x_wconf 76' lang='grc' dir='ltr'>ἐν</span> <span class='ocrx_word' id='word_1_769' title='bbox 1072 4983 1150 5054; x_wconf 82' lang='grc' dir='ltr'>τῷ</span> <span class='ocrx_word' id='word_1_770' title='bbox 1178 4984 1468 5054; x_wconf 85' lang='grc' dir='ltr'>κατόπτρῳ</span> <span class='ocrx_word' id='word_1_771' title='bbox 1500 4984 1711 5053; x_wconf 67' lang='grc' dir='ltr'>μορφῆς</span> <span class='ocrx_word' id='word_1_772' title='bbox 1739 4983 1879 5038; x_wconf 82' lang='grc' dir='ltr'>εἶναι</span> <span class='ocrx_word' id='word_1_773' title='bbox 1909 4985 2007 5056; x_wconf 80' lang='grc' dir='ltr'>τὴν</span> 
     </span>
    </p>
   </div>
   <div class='ocr_carea' id='block_1_98' title="bbox 424 5073 2004 5147">
    <p class='ocr_par' dir='ltr' id='par_1_98' title="bbox 424 5073 2004 5147">
     <span class='ocr_line' id='line_1_98' title="bbox 424 5073 2004 5147; baseline 0 -18"><span class='ocrx_word' id='word_1_774' title='bbox 424 5076 702 5145; x_wconf 82' lang='grc' dir='ltr'>ὲνορῶσαν</span> <span class='ocrx_word' id='word_1_775' title='bbox 731 5077 946 5147; x_wconf 72' lang='grc' dir='ltr'>μορερήν</span> <span class='ocrx_word' id='word_1_776' title='bbox 968 5091 981 5104; x_wconf 86' lang='grc'><strong>·</strong></span> <span class='ocrx_word' id='word_1_777' title='bbox 1015 5075 1108 5128; x_wconf 76' lang='grc' dir='ltr'>καὶ</span> <span class='ocrx_word' id='word_1_778' title='bbox 1132 5076 1269 5145; x_wconf 86' lang='grc' dir='ltr'>μήτε</span> <span class='ocrx_word' id='word_1_779' title='bbox 1309 5073 1595 5134; x_wconf 88' lang='grc' dir='ltr'>κινεῖσθαι,</span> <span class='ocrx_word' id='word_1_780' title='bbox 1631 5076 1769 5146; x_wconf 87' lang='grc' dir='ltr'>μήτε</span> <span class='ocrx_word' id='word_1_781' title='bbox 1792 5077 2004 5130; x_wconf 73' lang='grc' dir='ltr'>ἐπικλίο</span> 
     </span>
    </p>
   </div>
   <div class='ocr_carea' id='block_1_99' title="bbox 425 5164 2006 5239">
    <p class='ocr_par' dir='ltr' id='par_1_99' title="bbox 425 5164 2006 5239">
     <span class='ocr_line' id='line_1_99' title="bbox 425 5164 2006 5239; baseline -0.001 -17"><span class='ocrx_word' id='word_1_782' title='bbox 425 5167 612 5222; x_wconf 78' lang='grc' dir='ltr'>νεσθαι</span> <span class='ocrx_word' id='word_1_783' title='bbox 638 5167 761 5222; x_wconf 86' lang='grc' dir='ltr'>καθ’</span> <span class='ocrx_word' id='word_1_784' title='bbox 787 5167 984 5239; x_wconf 73' lang='grc' dir='ltr'>ἑαυτὴν</span> <span class='ocrx_word' id='word_1_785' title='bbox 1015 5168 1111 5237; x_wconf 80' lang='grc' dir='ltr'>τὴν</span> <span class='ocrx_word' id='word_1_786' title='bbox 1134 5166 1337 5232; x_wconf 77' lang='grc' dir='ltr'>εἰκόνα,</span> <span class='ocrx_word' id='word_1_787' title='bbox 1370 5165 1445 5237; x_wconf 78' lang='grc' dir='ltr'>μὴ</span> <span class='ocrx_word' id='word_1_788' title='bbox 1478 5164 1568 5218; x_wconf 81' lang='grc' dir='ltr'>τοῦ</span> <span class='ocrx_word' id='word_1_789' title='bbox 1584 5166 1888 5236; x_wconf 83' lang='grc' dir='ltr'>ἀρχετύπου</span> <span class='ocrx_word' id='word_1_790' title='bbox 1908 5168 2006 5237; x_wconf 81' lang='grc' dir='ltr'>τῆς</span> 
     </span>
    </p>
   </div>
   <div class='ocr_carea' id='block_1_100' title="bbox 427 5256 2000 5333">
    <p class='ocr_par' dir='ltr' id='par_1_100' title="bbox 427 5256 2000 5333">
     <span class='ocr_line' id='line_1_100' title="bbox 427 5256 2000 5333; baseline 0 -23"><span class='ocrx_word' id='word_1_791' title='bbox 427 5257 810 5329; x_wconf 75' lang='grc' dir='ltr'>ἑπικλίσεωςῆ</span> <span class='ocrx_word' id='word_1_792' title='bbox 842 5256 940 5327; x_wconf 78' lang='grc' dir='ltr'>τῆς</span> <span class='ocrx_word' id='word_1_793' title='bbox 964 5258 1229 5333; x_wconf 79' lang='grc' dir='ltr'>κινήσεως</span> <span class='ocrx_word' id='word_1_794' title='bbox 1273 5256 1554 5322; x_wconf 80' lang='grc' dir='ltr'>ἄρξαντος.</span> <span class='ocrx_word' id='word_1_795' title='bbox 1585 5257 1644 5308; x_wconf 86' lang='grc' dir='ltr'><strong>Εἰ</strong></span> <span class='ocrx_word' id='word_1_796' title='bbox 1667 5257 1720 5308; x_wconf 78' lang='grc' dir='ltr'>δὲ</span> <span class='ocrx_word' id='word_1_797' title='bbox 1756 5257 2000 5328; x_wconf 85' lang='grc' dir='ltr'>κινηθείη</span> 
     </span>
    </p>
   </div>
   <div class='ocr_carea' id='block_1_101' title="bbox 423 5347 2002 5420">
    <p class='ocr_par' dir='ltr' id='par_1_101' title="bbox 423 5347 2002 5420">
     <span class='ocr_line' id='line_1_101' title="bbox 423 5347 2002 5420; baseline -0.001 -18"><span class='ocrx_word' id='word_1_798' title='bbox 423 5350 487 5402; x_wconf 74' lang='grc' dir='ltr'>τὸ</span> <span class='ocrx_word' id='word_1_799' title='bbox 531 5349 959 5420; x_wconf 81' lang='grc' dir='ltr'>προηγούμενον,</span> <span class='ocrx_word' id='word_1_800' title='bbox 1001 5347 1369 5416; x_wconf 82' lang='grc' dir='ltr'>συγκινεῖσθαι</span> <span class='ocrx_word' id='word_1_801' title='bbox 1399 5347 1614 5409; x_wconf 82' lang='grc' dir='ltr'>πάντως</span> <span class='ocrx_word' id='word_1_802' title='bbox 1645 5348 1816 5400; x_wconf 76' lang='grc' dir='ltr'>καὶτὸ</span> <span class='ocrx_word' id='word_1_803' title='bbox 1845 5351 1900 5401; x_wconf 83' lang='grc' dir='ltr'><strong>ὲν</strong></span> <span class='ocrx_word' id='word_1_804' title='bbox 1925 5349 2002 5419; x_wconf 80' lang='grc' dir='ltr'><strong>τῷ</strong></span> 
     </span>
    </p>
   </div>
   <div class='ocr_carea' id='block_1_102' title="bbox 425 5436 1998 5512">
    <p class='ocr_par' dir='ltr' id='par_1_102' title="bbox 425 5436 1998 5512">
     <span class='ocr_line' id='line_1_102' title="bbox 425 5436 1998 5512; baseline -0.001 -18"><span class='ocrx_word' id='word_1_805' title='bbox 425 5440 714 5512; x_wconf 79' lang='grc' dir='ltr'>κατόπτρῳ</span> <span class='ocrx_word' id='word_1_806' title='bbox 745 5440 1110 5510; x_wconf 86' lang='grc' dir='ltr'>δεικνύμενον.</span> <span class='ocrx_word' id='word_1_807' title='bbox 1151 5439 1305 5492; x_wconf 74' lang='grc' dir='ltr'>Οὕτω</span> <span class='ocrx_word' id='word_1_808' title='bbox 1337 5438 1516 5508; x_wconf 82' lang='grc' dir='ltr'>φαμὲν</span> <span class='ocrx_word' id='word_1_809' title='bbox 1554 5437 1646 5490; x_wconf 77' lang='grc' dir='ltr'>καὶ</span> <span class='ocrx_word' id='word_1_810' title='bbox 1675 5436 1772 5507; x_wconf 83' lang='grc' dir='ltr'><strong>τὴν</strong></span> <span class='ocrx_word' id='word_1_811' title='bbox 1818 5439 1998 5493; x_wconf 77' lang='grc' dir='ltr'>εἰκόνα</span> 
     </span>
    </p>
   </div>
   <div class='ocr_carea' id='block_1_103' title="bbox 426 5530 1994 5606">
    <p class='ocr_par' dir='ltr' id='par_1_103' title="bbox 426 5530 1994 5606">
     <span class='ocr_line' id='line_1_103' title="bbox 426 5530 1994 5606; baseline -0.001 -20"><span class='ocrx_word' id='word_1_812' title='bbox 426 5533 520 5587; x_wconf 83' lang='grc' dir='ltr'>τοῦ</span> <span class='ocrx_word' id='word_1_813' title='bbox 553 5533 687 5586; x_wconf 78' lang='grc' dir='ltr'>Θεοῦ</span> <span class='ocrx_word' id='word_1_814' title='bbox 714 5533 806 5588; x_wconf 78' lang='grc' dir='ltr'>τοῦ</span> <span class='ocrx_word' id='word_1_815' title='bbox 833 5533 1087 5605; x_wconf 84' lang='grc' dir='ltr'>ἀοράτου,</span> <span class='ocrx_word' id='word_1_816' title='bbox 1116 5533 1203 5586; x_wconf 85' lang='grc' dir='ltr'>τὸν</span> <span class='ocrx_word' id='word_1_817' title='bbox 1245 5532 1464 5606; x_wconf 80' lang='grc' dir='ltr'>Κύριον,</span> <span class='ocrx_word' id='word_1_818' title='bbox 1489 5530 1620 5602; x_wconf 78' lang='grc' dir='ltr'>πρὸς</span> <span class='ocrx_word' id='word_1_819' title='bbox 1639 5533 1818 5587; x_wconf 77' lang='grc' dir='ltr'>πᾶσαν</span> <span class='ocrx_word' id='word_1_820' title='bbox 1841 5531 1994 5605; x_wconf 78' lang='grc' dir='ltr'>θελή-</span> 
     </span>
    </p>
   </div>
   <div class='ocr_carea' id='block_1_104' title="bbox 2107 4523 3776 4597">
    <p class='ocr_par' dir='ltr' id='par_1_104' title="bbox 2107 4523 3776 4597">
     <span class='ocr_line' id='line_1_104' title="bbox 2107 4523 3776 4597; baseline -0.005 -15"><span class='ocrx_word' id='word_1_821' title='bbox 2107 4531 2410 4594; x_wconf 84' lang='lat' dir='ltr'><strong>voluntate,</strong></span> <span class='ocrx_word' id='word_1_822' title='bbox 2436 4529 2530 4584; x_wconf 86' lang='lat' dir='ltr'><strong>sed</strong></span> <span class='ocrx_word' id='word_1_823' title='bbox 2560 4527 2860 4585; x_wconf 77' lang='lat' dir='ltr'><strong>secundum</strong></span> <span class='ocrx_word' id='word_1_824' title='bbox 2888 4525 3267 4597; x_wconf 80' lang='lat' dir='ltr'><strong>primigeniam</strong></span> <span class='ocrx_word' id='word_1_825' title='bbox 3293 4523 3554 4578; x_wconf 86' lang='lat' dir='ltr'><strong>bonitatis</strong></span> <span class='ocrx_word' id='word_1_826' title='bbox 3577 4523 3685 4590; x_wconf 87' lang='lat' dir='ltr'><strong>pul-</strong></span> <span class='ocrx_word' id='word_1_827' title='bbox 3769 4547 3776 4557; x_wconf 96' lang='lat'>-</span> 
     </span>
    </p>
   </div>
   <div class='ocr_carea' id='block_1_105' title="bbox 2107 4614 3684 4688">
    <p class='ocr_par' dir='ltr' id='par_1_105' title="bbox 2107 4614 3684 4688">
     <span class='ocr_line' id='line_1_105' title="bbox 2107 4614 3684 4688; baseline -0.008 -11"><span class='ocrx_word' id='word_1_828' title='bbox 2107 4623 2500 4685; x_wconf 84' lang='lat' dir='ltr'><strong>chritudinem,</strong></span> <span class='ocrx_word' id='word_1_829' title='bbox 2521 4621 2692 4675; x_wconf 88' lang='lat' dir='ltr'><strong>etiam</strong></span> <span class='ocrx_word' id='word_1_830' title='bbox 2714 4619 2893 4688; x_wconf 83' lang='lat' dir='ltr'><strong>imago</strong></span> <span class='ocrx_word' id='word_1_831' title='bbox 2915 4625 2999 4672; x_wconf 91' lang='lat' dir='ltr'><strong>est</strong></span> <span class='ocrx_word' id='word_1_832' title='bbox 3024 4616 3299 4671; x_wconf 88' lang='lat' dir='ltr'><strong>bonitatis.</strong></span> <span class='ocrx_word' id='word_1_833' title='bbox 3332 4614 3395 4670; x_wconf 91' lang='lat' dir='ltr'><strong>Et</strong></span> <span class='ocrx_word' id='word_1_834' title='bbox 3424 4614 3684 4684; x_wconf 86' lang='lat' dir='ltr'><strong>quemad-</strong></span> 
     </span>
    </p>
   </div>
   <div class='ocr_carea' id='block_1_106' title="bbox 2109 4709 3682 4784">
    <p class='ocr_par' dir='ltr' id='par_1_106' title="bbox 2109 4709 3682 4784">
     <span class='ocr_line' id='line_1_106' title="bbox 2109 4709 3682 4784; baseline -0.004 -16"><span class='ocrx_word' id='word_1_835' title='bbox 2109 4713 2327 4768; x_wconf 88' lang='lat' dir='ltr'><strong>modum</strong></span> <span class='ocrx_word' id='word_1_836' title='bbox 2363 4714 2409 4769; x_wconf 89' lang='lat' dir='ltr'><strong>si</strong></span> <span class='ocrx_word' id='word_1_837' title='bbox 2437 4713 2562 4784; x_wconf 84' lang='lat' dir='ltr'><strong>quis</strong></span> <span class='ocrx_word' id='word_1_838' title='bbox 2590 4711 2832 4780; x_wconf 84' lang='lat' dir='ltr'><strong>seipsum</strong></span> <span class='ocrx_word' id='word_1_839' title='bbox 2869 4715 2922 4764; x_wconf 89' lang='lat' dir='ltr'><strong>in</strong></span> <span class='ocrx_word' id='word_1_840' title='bbox 2959 4710 3183 4779; x_wconf 86' lang='lat' dir='ltr'><strong>speculo</strong></span> <span class='ocrx_word' id='word_1_841' title='bbox 3220 4709 3682 4776; x_wconf 86' lang='lat' dir='ltr'><strong>contemplaretur</strong></span> 
     </span>
    </p>
   </div>
   <div class='ocr_carea' id='block_1_107' title="bbox 2111 4801 3684 4878">
    <p class='ocr_par' dir='ltr' id='par_1_107' title="bbox 2111 4801 3684 4878">
     <span class='ocr_line' id='line_1_107' title="bbox 2111 4801 3684 4878; baseline -0.001 -20"><span class='ocrx_word' id='word_1_842' title='bbox 2111 4806 2266 4878; x_wconf 87' lang='lat' dir='ltr'><strong>(nihil</strong></span> <span class='ocrx_word' id='word_1_843' title='bbox 2305 4806 2448 4860; x_wconf 89' lang='lat' dir='ltr'><strong>enim</strong></span> <span class='ocrx_word' id='word_1_844' title='bbox 2482 4812 2626 4859; x_wconf 87' lang='lat' dir='ltr'><strong>vetat</strong></span> <span class='ocrx_word' id='word_1_845' title='bbox 2658 4803 2937 4873; x_wconf 90' lang='lat' dir='ltr'><strong>corporeis</strong></span> <span class='ocrx_word' id='word_1_846' title='bbox 2976 4802 3240 4872; x_wconf 78' lang='lat' dir='ltr'><strong>exemplis</strong></span> <span class='ocrx_word' id='word_1_847' title='bbox 3285 4801 3561 4855; x_wconf 85' lang='lat' dir='ltr'><strong>notionem</strong></span> <span class='ocrx_word' id='word_1_848' title='bbox 3597 4816 3684 4856; x_wconf 87' lang='lat' dir='ltr'><strong>re-</strong></span> 
     </span>
    </p>
   </div>
   <div class='ocr_carea' id='block_1_108' title="bbox 2111 4894 3683 4966">
    <p class='ocr_par' dir='ltr' id='par_1_108' title="bbox 2111 4894 3683 4966">
     <span class='ocr_line' id='line_1_108' title="bbox 2111 4894 3683 4966; baseline -0.001 -18"><span class='ocrx_word' id='word_1_849' title='bbox 2111 4896 2484 4966; x_wconf 65' lang='lat' dir='ltr'><strong>pracsentare),</strong></span> <span class='ocrx_word' id='word_1_850' title='bbox 2516 4911 2609 4964; x_wconf 88' lang='lat' dir='ltr'><strong>per</strong></span> <span class='ocrx_word' id='word_1_851' title='bbox 2640 4895 2822 4949; x_wconf 89' lang='lat' dir='ltr'><strong>omnia</strong></span> <span class='ocrx_word' id='word_1_852' title='bbox 2857 4895 2920 4948; x_wconf 89' lang='lat' dir='ltr'><strong>ad</strong></span> <span class='ocrx_word' id='word_1_853' title='bbox 2955 4895 3230 4962; x_wconf 62' lang='lat' dir='ltr'><strong>«exemplar</strong></span> <span class='ocrx_word' id='word_1_854' title='bbox 3262 4895 3443 4961; x_wconf 75' lang='lat' dir='ltr'><strong>imago</strong></span> <span class='ocrx_word' id='word_1_855' title='bbox 3480 4894 3683 4946; x_wconf 83' lang='lat' dir='ltr'><strong>forma-</strong></span> 
     </span>
    </p>
   </div>
   <div class='ocr_carea' id='block_1_109' title="bbox 2111 4983 3680 5053">
    <p class='ocr_par' dir='ltr' id='par_1_109' title="bbox 2111 4983 3680 5053">
     <span class='ocr_line' id='line_1_109' title="bbox 2111 4983 3680 5053; baseline -0.004 -13"><span class='ocrx_word' id='word_1_856' title='bbox 2111 4985 2274 5047; x_wconf 86' lang='lat' dir='ltr'><strong>bitur,</strong></span> <span class='ocrx_word' id='word_1_857' title='bbox 2301 4995 2356 5039; x_wconf 90' lang='lat' dir='ltr'><strong>ut</strong></span> <span class='ocrx_word' id='word_1_858' title='bbox 2384 4999 2552 5039; x_wconf 87' lang='lat' dir='ltr'><strong>causa</strong></span> <span class='ocrx_word' id='word_1_859' title='bbox 2586 4985 2658 5040; x_wconf 90' lang='lat' dir='ltr'><strong>sit</strong></span> <span class='ocrx_word' id='word_1_860' title='bbox 2690 4983 2879 5038; x_wconf 66' lang='lat' dir='ltr'><strong>forma:</strong></span> <span class='ocrx_word' id='word_1_861' title='bbox 2908 4999 3029 5053; x_wconf 75' lang='lat' dir='ltr'><strong>qua:</strong></span> <span class='ocrx_word' id='word_1_862' title='bbox 3061 4993 3143 5037; x_wconf 82' lang='lat' dir='ltr'><strong>est</strong></span> <span class='ocrx_word' id='word_1_863' title='bbox 3173 4983 3225 5036; x_wconf 91' lang='lat' dir='ltr'><strong>in</strong></span> <span class='ocrx_word' id='word_1_864' title='bbox 3256 4984 3479 5052; x_wconf 85' lang='lat' dir='ltr'><strong>speculo</strong></span> <span class='ocrx_word' id='word_1_865' title='bbox 3506 4984 3680 5035; x_wconf 82' lang='lat' dir='ltr'><strong>forma</strong></span> 
     </span>
    </p>
   </div>
   <div class='ocr_carea' id='block_1_110' title="bbox 2109 5073 3679 5143">
    <p class='ocr_par' dir='ltr' id='par_1_110' title="bbox 2109 5073 3679 5143">
     <span class='ocr_line' id='line_1_110' title="bbox 2109 5073 3679 5143; baseline -0.003 -16"><span class='ocrx_word' id='word_1_866' title='bbox 2109 5089 2229 5143; x_wconf 74' lang='lat' dir='ltr'><strong>qua:</strong></span> <span class='ocrx_word' id='word_1_867' title='bbox 2262 5075 2504 5128; x_wconf 78' lang='lat' dir='ltr'><strong>intuetur</strong></span> <span class='ocrx_word' id='word_1_868' title='bbox 2547 5093 2560 5127; x_wconf 88' lang='lat'><strong>:</strong></span> <span class='ocrx_word' id='word_1_869' title='bbox 2605 5073 2679 5126; x_wconf 85' lang='lat' dir='ltr'><strong>ita</strong></span> <span class='ocrx_word' id='word_1_870' title='bbox 2735 5083 2794 5127; x_wconf 91' lang='lat' dir='ltr'><strong>ut</strong></span> <span class='ocrx_word' id='word_1_871' title='bbox 2829 5089 3004 5142; x_wconf 74' lang='lat' dir='ltr'><strong>neque</strong></span> <span class='ocrx_word' id='word_1_872' title='bbox 3045 5085 3349 5136; x_wconf 85' lang='lat' dir='ltr'><strong>moveatur,</strong></span> <span class='ocrx_word' id='word_1_873' title='bbox 3395 5089 3570 5140; x_wconf 72' lang='lat' dir='ltr'><strong>neque</strong></span> <span class='ocrx_word' id='word_1_874' title='bbox 3598 5073 3679 5124; x_wconf 88' lang='lat' dir='ltr'><strong>in-</strong></span> 
     </span>
    </p>
   </div>
   <div class='ocr_carea' id='block_1_111' title="bbox 2109 5164 3679 5236">
    <p class='ocr_par' dir='ltr' id='par_1_111' title="bbox 2109 5164 3679 5236">
     <span class='ocr_line' id='line_1_111' title="bbox 2109 5164 3679 5236; baseline -0.001 -18"><span class='ocrx_word' id='word_1_875' title='bbox 2109 5167 2344 5220; x_wconf 85' lang='lat' dir='ltr'><strong>clinetur</strong></span> <span class='ocrx_word' id='word_1_876' title='bbox 2376 5181 2471 5236; x_wconf 89' lang='lat' dir='ltr'><strong>per</strong></span> <span class='ocrx_word' id='word_1_877' title='bbox 2502 5167 2740 5236; x_wconf 89' lang='lat' dir='ltr'><strong>seipsam</strong></span> <span class='ocrx_word' id='word_1_878' title='bbox 2778 5168 2974 5236; x_wconf 83' lang='lat' dir='ltr'><strong>imago,</strong></span> <span class='ocrx_word' id='word_1_879' title='bbox 3024 5167 3129 5221; x_wconf 87' lang='lat' dir='ltr'><strong>nisi</strong></span> <span class='ocrx_word' id='word_1_880' title='bbox 3165 5169 3442 5235; x_wconf 84' lang='lat' dir='ltr'><strong>exemplar</strong></span> <span class='ocrx_word' id='word_1_881' title='bbox 3470 5164 3679 5233; x_wconf 44' lang='lat' dir='ltr'><strong>princi‘</strong></span> 
     </span>
    </p>
   </div>
   <div class='ocr_carea' id='block_1_112' title="bbox 2110 5255 3675 5328">
    <p class='ocr_par' dir='ltr' id='par_1_112' title="bbox 2110 5255 3675 5328">
     <span class='ocr_line' id='line_1_112' title="bbox 2110 5255 3675 5328; baseline -0.003 -17"><span class='ocrx_word' id='word_1_882' title='bbox 2110 5259 2254 5328; x_wconf 91' lang='lat' dir='ltr'><strong>pium</strong></span> <span class='ocrx_word' id='word_1_883' title='bbox 2291 5257 2503 5312; x_wconf 82' lang='lat' dir='ltr'><strong>dederit</strong></span> <span class='ocrx_word' id='word_1_884' title='bbox 2543 5259 2912 5314; x_wconf 82' lang='lat' dir='ltr'><strong>inclinationis</strong></span> <span class='ocrx_word' id='word_1_885' title='bbox 2969 5261 3050 5312; x_wconf 89' lang='lat' dir='ltr'><strong>vel</strong></span> <span class='ocrx_word' id='word_1_886' title='bbox 3097 5259 3370 5312; x_wconf 82' lang='lat' dir='ltr'><strong>motionis.</strong></span> <span class='ocrx_word' id='word_1_887' title='bbox 3422 5255 3574 5318; x_wconf 85' lang='lat' dir='ltr'><strong>Quod</strong></span> <span class='ocrx_word' id='word_1_888' title='bbox 3631 5258 3675 5309; x_wconf 85' lang='lat' dir='ltr'><strong>si</strong></span> 
     </span>
    </p>
   </div>
   <div class='ocr_carea' id='block_1_113' title="bbox 2108 5345 3678 5420">
    <p class='ocr_par' dir='ltr' id='par_1_113' title="bbox 2108 5345 3678 5420">
     <span class='ocr_line' id='line_1_113' title="bbox 2108 5345 3678 5420; baseline -0.001 -19"><span class='ocrx_word' id='word_1_889' title='bbox 2108 5350 2250 5418; x_wconf 74' lang='lat' dir='ltr'><strong>quod</strong></span> <span class='ocrx_word' id='word_1_890' title='bbox 2283 5352 2436 5419; x_wconf 56' lang='lat' dir='ltr'><strong>praeit</strong></span> <span class='ocrx_word' id='word_1_891' title='bbox 2466 5358 2671 5404; x_wconf 88' lang='lat' dir='ltr'><strong>motum</strong></span> <span class='ocrx_word' id='word_1_892' title='bbox 2693 5350 2876 5411; x_wconf 80' lang='lat' dir='ltr'><strong>fuerit,</strong></span> <span class='ocrx_word' id='word_1_893' title='bbox 2902 5349 3062 5403; x_wconf 87' lang='lat' dir='ltr'><strong>simul</strong></span> <span class='ocrx_word' id='word_1_894' title='bbox 3095 5349 3256 5400; x_wconf 89' lang='lat' dir='ltr'><strong>etiam</strong></span> <span class='ocrx_word' id='word_1_895' title='bbox 3287 5345 3488 5420; x_wconf 65' lang='lat' dir='ltr'><strong>nmveri</strong></span> <span class='ocrx_word' id='word_1_896' title='bbox 3521 5346 3678 5412; x_wconf 83' lang='lat' dir='ltr'><strong>plane</strong></span> 
     </span>
    </p>
   </div>
   <div class='ocr_carea' id='block_1_114' title="bbox 2108 5436 3675 5514">
    <p class='ocr_par' dir='ltr' id='par_1_114' title="bbox 2108 5436 3675 5514">
     <span class='ocr_line' id='line_1_114' title="bbox 2108 5436 3675 5514; baseline -0.004 -19"><span class='ocrx_word' id='word_1_897' title='bbox 2108 5443 2251 5513; x_wconf 88' lang='lat' dir='ltr'><strong>quod</strong></span> <span class='ocrx_word' id='word_1_898' title='bbox 2292 5445 2343 5497; x_wconf 91' lang='lat' dir='ltr'><strong>in</strong></span> <span class='ocrx_word' id='word_1_899' title='bbox 2376 5444 2600 5514; x_wconf 86' lang='lat' dir='ltr'><strong>speculo</strong></span> <span class='ocrx_word' id='word_1_900' title='bbox 2641 5449 3080 5512; x_wconf 63' lang='lat' dir='ltr'><strong>repraesentatur.</strong></span> <span class='ocrx_word' id='word_1_901' title='bbox 3128 5439 3217 5491; x_wconf 82' lang='lat' dir='ltr'><strong>Sic</strong></span> <span class='ocrx_word' id='word_1_902' title='bbox 3257 5436 3492 5488; x_wconf 88' lang='lat' dir='ltr'><strong>dicimus</strong></span> <span class='ocrx_word' id='word_1_903' title='bbox 3543 5437 3675 5490; x_wconf 80' lang='lat' dir='ltr'><strong>ima—</strong></span> 
     </span>
    </p>
   </div>
   <div class='ocr_carea' id='block_1_115' title="bbox 2105 5527 3676 5607">
    <p class='ocr_par' dir='ltr' id='par_1_115' title="bbox 2105 5527 3676 5607">
     <span class='ocr_line' id='line_1_115' title="bbox 2105 5527 3676 5607; baseline -0.004 -20"><span class='ocrx_word' id='word_1_904' title='bbox 2105 5537 2282 5607; x_wconf 75' lang='lat' dir='ltr'><strong>ginem</strong></span> <span class='ocrx_word' id='word_1_905' title='bbox 2317 5534 2407 5590; x_wconf 88' lang='lat' dir='ltr'><strong>Dci</strong></span> <span class='ocrx_word' id='word_1_906' title='bbox 2453 5535 2742 5589; x_wconf 84' lang='lat' dir='ltr'><strong>invisibilis</strong></span> <span class='ocrx_word' id='word_1_907' title='bbox 2783 5530 3095 5592; x_wconf 78' lang='lat' dir='ltr'><strong>Dominum,</strong></span> <span class='ocrx_word' id='word_1_908' title='bbox 3140 5527 3204 5581; x_wconf 87' lang='lat' dir='ltr'><strong>ad</strong></span> <span class='ocrx_word' id='word_1_909' title='bbox 3237 5541 3450 5582; x_wconf 87' lang='lat' dir='ltr'><strong>omnem</strong></span> <span class='ocrx_word' id='word_1_910' title='bbox 3486 5529 3676 5583; x_wconf 76' lang='lat' dir='ltr'><strong>volun-</strong></span> 
     </span>
    </p>
   </div>
  </div>
