4056 6146
502 256 608 319 985

500 388 630 442 tatis
670 387 985 448 motionem,
1045 382 1355 438 immediate
1417 390 1469 438 et
1527 384 1734 452 absque
1785 384 2070 439 intervallo
2101 385 2142 442 Α

501 496 629 534 eum
681 479 842 533 Patre
889 478 1050 532 aﬂici.
1090 475 1272 530 Voluit
1311 476 1516 546 aliquid
1560 475 1738 539 Pater,
1785 485 1838 532 et
1890 479 1981 547 qui
2020 479 2074 531 in

501 572 663 626 Patre
693 579 775 626 est
807 570 976 625 Filius
1002 569 1178 623 Patris
1209 569 1544 622 voluntatem
1572 570 1721 622 novit
1749 585 1763 622 :
1801 570 1911 623 into
1948 585 2076 622 vero

504 667 620 734 ipse
649 663 826 717 Patris
851 665 1103 717 voluntas
1133 670 1236 716 est.
1264 660 1366 726 Qui
1399 662 1541 714 enim
1583 661 1766 714 omnia
1795 675 1916 730 qua:
1949 666 2079 714 sunt

504 755 686 812 Patris
731 757 787 810 in
817 756 996 825 seipso
1027 755 1212 815 habet,
1263 753 1399 807 nihil
1445 763 1749 808 esteorum
1789 767 1910 822 quae
1952 761 2079 805 sunt

506 847 653 917 quod
693 863 802 900 non
846 847 1059 900 habent.
1124 842 1179 898 Si
1221 844 1331 914 jam
1362 844 1544 898 omnia
1597 843 1760 896 habet
1805 843 1858 896 in
1897 842 2080 911 seipso

509 957 631 1012 qua;
669 947 895 1009 paterna
950 944 1109 1001 sunt,
1163 937 1270 990 imo
1323 950 1452 988 vero
1503 943 1558 988 et
1609 935 1787 1003 ipsum
1844 932 2077 998 Patrem,

511 1031 734 1104 omnino
763 1046 887 1084 cum
920 1028 1081 1082 Patre
1112 1036 1165 1081 et
1201 1027 1285 1082 bis
1324 1040 1445 1096 quae
1477 1036 1603 1080 sunt
1658 1023 1853 1087 Patris,
1912 1033 2080 1076 totam

510 1126 848 1179 voluntatem
889 1131 1168 1192 paternam
1215 1121 1267 1172 in
1330 1120 1512 1188 seipse
1564 1118 1744 1170 habet.
1801 1117 1918 1170 Non
1966 1125 2086 1185 eget

511 1217 681 1286 igitur
733 1213 913 1267 Patris
969 1212 1300 1266 voluntatem
1351 1224 1448 1278 per
1493 1223 1799 1262 sermonem
1849 1206 2082 1266 discere,

514 1308 632 1375 ipse
665 1320 789 1360 cum
825 1305 897 1358 sit
939 1301 1116 1356 Patris
1172 1300 1388 1361 Sermo,
1442 1299 1761 1353 sublimiore
1813 1297 2084 1353 sermonis

516 1395 939 1466 signiﬁcatione.
973 1392 1106 1458 Quis
1131 1392 1299 1460 igitur
1335 1391 1422 1444 ille
1451 1404 1631 1444 sermo
1665 1389 1758 1458 qui
1790 1389 1847 1442 tit
1871 1389 1936 1442 ad
1959 1403 2083 1443 eum

516 1484 612 1552 qui
671 1497 796 1537 vere
833 1491 917 1536 est
965 1480 1194 1535 Sermo?
1238 1491 1290 1534 et
1347 1477 1622 1548 quomodo
1675 1479 1768 1548 qui
1822 1493 1947 1534 vere
2003 1486 2087 1532 cst

520 1573 734 1637 Sermo,
769 1587 958 1628 rursus
989 1572 1096 1624 alio
1125 1585 1376 1626 sermone
1406 1569 1470 1623 ad
1505 1569 1813 1624 doetrinam
1850 1570 2088 1640 indiget?

521 1666 627 1730 Qui
664 1666 716 1717 in
747 1663 854 1718 Deo
879 1674 987 1729 est,
1021 1663 1164 1718 sicut
1196 1663 1271 1715 ait
1305 1663 1620 1731 Apostolus,
1655 1671 1702 1715 et
1726 1663 1904 1714 omnia
1938 1677 2087 1714 acru—

520 1766 687 1817 tatur,
713 1756 873 1808 etiam
911 1754 1174 1822 profunda
1207 1753 1303 1807 Dei
1338 1755 1402 1807 "’.
1439 1754 1495 1807 Si
1533 1755 1695 1822 igitur
1732 1753 1956 1808 verbum
1987 1754 2088 1806 ali—

519 1847 666 1918 quod
697 1846 837 1902 Deus
874 1847 1098 1916 proli-rt,
1147 1847 1327 1900 omnis
1372 1855 1549 1900 autem
1591 1860 1770 1900 sermo
1801 1847 1855 1900 in
1902 1845 2088 1900 auditu

521 1944 801 2003 operatur,
830 1936 905 1990 illi
933 1937 1024 2006 qui
1060 1935 1225 1990 Deum
1259 1937 1472 2005 operari
1503 1936 1853 1991 sermonibus
1877 1935 2092 1991 discur-

525 2028 658 2082 sivis
701 2036 975 2093 asserunt,
1006 2037 1192 2081 notum
1213 2026 1416 2080 faciant
1442 2027 1602 2082 nobis
1632 2027 1940 2082 divinorum
1974 2043 2092 2083 ser-

523 2135 747 2176 monum
772 2120 1124 2174 auditorium.
1158 2120 1236 2173 Ad
1267 2121 1502 2189 seipsutn
1542 2121 1689 2189 loqui
1724 2136 1831 2174 non
1869 2122 2091 2190 indiget,

525 2226 626 2265 nec
665 2222 782 2266 erat
815 2210 988 2268 Filius
1016 2213 1232 2283 indigns
1273 2215 1392 2282 ejus
1429 2214 1693 2268 doctrina:
1723 2232 1842 2284 qua:
1880 2223 2097 2268 constat

523 2303 707 2358 verbis
739 2321 750 2356 :
786 2302 1043 2369 Spiritus.
1075 2293 1285 2376 inquit,
1325 2307 1502 2359 omnia
1525 2315 1903 2367 perscrutatur,
1935 2306 2094 2359 etiam

521 2393 788 2464 profunda
825 2395 942 2450 Dei.
1014 2395 1274 2452 Crcalura
1333 2398 1577 2453 nondum
1626 2406 1763 2451 erat.
1805 2398 1887 2453 Ad
1937 2413 2097 2467 quem

524 2503 706 2542 sermo
762 2489 938 2543 tactus
986 2489 1111 2542 est?
1139 2487 1245 2543 Sed
1295 2505 1425 2556 non,
1463 2490 1557 2552 ait,
1612 2487 1778 2544 Hosis
1815 2486 2096 2559 Scriptura

526 2578 808 2642 mentitur,
845 2593 942 2647 per
977 2594 1140 2648 quam
1187 2579 1353 2634 Deum
1400 2579 1604 2650 aliquid
1648 2580 1856 2636 dixisse
1888 2580 2100 2635 audivi-

528 2685 674 2723 mus.
716 2667 900 2738 Neque
933 2686 1160 2740 magnus
1198 2669 1364 2726 David
1393 2680 1474 2726 est
1505 2689 1534 2725 e
1564 2686 1790 2725 numero
1835 2672 2101 2727 mentien-

528 2759 688 2823 tium,
719 2761 852 2813 dicit
900 2761 1044 2814 enim
1092 2760 1380 2816 manifeste
1411 2762 1492 2817 sic
1538 2761 1606 2816 ad
1661 2761 1908 2827 verbum,
1955 2762 2100 2831 quod

531 2848 662 2907 ϐαειὶ
708 2862 961 2905 enim-ant
1006 2852 1230 2922 gloriam
1279 2853 1394 2915 Dei,
1433 2863 1482 2908 et
1537 2869 1664 2921 opus
1699 2870 1951 2907 manuum
1987 2855 2102 2923 ejus

2123 1725 2163 1779 Β

532 2943 812 2996 annuntiat
833 2944 1245 3012 ﬁrmamentum.
1286 2943 1405 2999 Dies
1430 2944 1533 3000 diei
1557 2954 1763 2999 eructat
1797 2949 2030 3012 verbum,
2053 2955 2103 3000 et

533 3045 640 3083 nos:
697 3032 836 3084 nocti
874 3031 1070 3085 indicat
1111 3034 1474 3092 scientiam“.
1518 3035 1582 3088 Et
1613 3051 1734 3089 cum
1769 3037 1906 3091 dixit
1935 3038 2104 3093 caelos

533 3125 589 3172 et
615 3119 1039 3188 ﬁrmamentum,
1088 3132 1142 3176 et
1174 3138 1202 3176 a
1243 3123 1350 3186 die,
1381 3136 1434 3178 et
1474 3140 1503 3177 a
1547 3133 1705 3180 nocte
1737 3126 2104 3195 cegnitionem

533 3219 590 3267 et
617 3211 780 3267 verba
821 3215 1159 3278 annuntiari,
1197 3207 1388 3272 rursus
1427 3217 1590 3274 dictis
1623 3218 1926 3290 subjungit,
1959 3222 2104 3290 quod

537 3303 653 3358 haec
686 3320 792 3359 non
819 3307 1185 3377 suntloquelte
1212 3326 1387 3378 neque
1411 3325 1718 3375 sermones,
1742 3327 1918 3380 neque
1946 3329 2106 3368 voces

537 3392 734 3448 horum
788 3396 1101 3452 audiuntur.
1164 3398 1448 3464 Quomodo
1500 3400 1664 3470 igitur
1710 3402 2104 3463 enarrationes.

539 3475 915 3542 nuntiationes
942 3496 995 3541 et
1027 3491 1187 3543 verba
1213 3491 1442 3559 loquelae
1485 3506 1590 3545 non
1619 3499 1767 3556 sunt,
1803 3509 1979 3562 neque
2007 3510 2108 3549 vox

539 3595 660 3644 qua:
697 3579 951 3632 audiendi
984 3594 1145 3633 sensu
1171 3580 1514 3648 percipitur?
1546 3581 1628 3635 An
1663 3582 1765 3636 sibi
1792 3583 1894 3653 ipsi
1923 3583 2113 3639 adver-

541 3675 697 3724 satur
731 3667 1040 3738 Propheta?
1072 3672 1155 3723 An
1198 3671 1401 3741 aliquid
1436 3687 1624 3727 eorum
1673 3689 1794 3743 quae
1837 3691 1942 3729 non
1990 3692 2113 3731 con-

539 3757 764 3828 tingunt
801 3760 1059 3828 explicat,
1094 3763 1315 3816 verbum
1349 3763 1470 3818 soni
1495 3779 1692 3834 expers
1725 3775 1778 3820 et
1804 3768 2112 3821 enarratio-

543 3864 666 3902 nem
720 3849 837 3904 sine
893 3851 1102 3920 loquela
1162 3860 1215 3907 et
1276 3855 1672 3910 nuntiationem
1727 3856 1934 3928 absque
1986 3873 2115 3915 voce

542 3941 783 3995 docens?
818 3941 901 3996 An
955 3946 1134 4012 potius
1172 3947 1387 4014 penitus
1434 3964 1623 4003 verum
1660 3957 1745 4004 est
1796 3951 2113 4006 vaticinium

542 4032 688 4100 quod
726 4048 818 4103 per
852 4033 996 4088 dicta
1029 4036 1129 4090 hoc
1163 4039 1406 4103 instruit,
1440 4038 1584 4108 quod
1612 4043 1892 4095 enarratio
1925 4044 2118 4099 males-

544 4128 615 4180 tis
654 4133 708 4181 et
753 4127 979 4182 verbum
1015 4131 1157 4200 quod
1193 4146 1221 4184 a
1262 4132 1350 4186 die
1395 4133 1685 4198 clamatur,
1739 4150 1839 4188 vox
1896 4137 2114 4206 quidem

545 4219 838 4273 articulata
874 4236 983 4276 non
1015 4230 1120 4286 est,
1157 4239 1335 4293 neque
1364 4225 1578 4294 loquela
1611 4241 1706 4294 per
1729 4241 1812 4292 os,
1851 4227 1943 4282 sed
1985 4228 2119 4281 doc-

546 4311 691 4365 trina
737 4311 937 4368 divina:
993 4317 1280 4384 potestatis
1330 4321 1384 4370 lit
1427 4317 1492 4372 iis
1546 4319 1636 4387 qui
1685 4319 1876 4374 audire
1936 4321 2119 4375 sciunt

546 4412 760 4459 tacente
786 4407 964 4460 voce?

619 4497 758 4562 Quid
788 4499 953 4568 igitur
985 4500 1053 4556 de
1083 4500 1167 4554 his
1183 4500 1945 4570 existimavimus?(Fortasse
1970 4504 2116 4558 enim

548 4587 596 4642 si
631 4589 734 4643 hoc
771 4593 1111 4657 noverimus,
1147 4601 1200 4646 et
1232 4607 1353 4662 quae
1378 4607 1407 4646 a
1443 4591 1591 4648 Mose
1635 4595 1839 4663 scripta
1874 4603 2005 4649 sunt.
2047 4596 2118 4648 in-

555 4681 901 4753 telligemus.)
941 4683 1094 4754 Saepe
1127 4682 1409 4754 Scriptura
1434 4685 1498 4739 ad
1529 4685 1734 4738 claram
1755 4684 2120 4754 cognitionem

555 4771 632 4824 rei
654 4787 775 4840 qua:
805 4772 1138 4840 declaratur,
1172 4775 1513 4845 corporalius
1543 4790 1729 4828 eorum
1761 4790 1883 4844 quae
1919 4775 2122 4830 intelli-

553 4863 734 4931 gentia
823 4867 1202 4937 percipiuntur
1285 4869 1801 4936 contemplationem
1881 4877 2124 4938 przcstat,

553 4955 716 5026 quale
742 4955 853 5026 jam
908 4958 1012 5014 hoc
1046 4970 1134 5016 est
1184 4961 1489 5026 decretum,
1531 4962 1676 5031 quod
1725 4963 1945 5032 quidem
1997 4965 2126 5018 mihi

554 5048 773 5104 videtur
806 5047 974 5102 David
1032 5051 1334 5119 declarare,
1395 5053 1497 5108 hoc
1554 5070 1647 5123 per
1680 5069 1744 5110 ea
1800 5069 1920 5124 quze
1965 5055 2126 5117 dixit,

554 5141 929 5204 docens,nihil
961 5156 1150 5196 eorum
1196 5160 1317 5212 qua:
1383 5159 1510 5199 sunt
1554 5161 1619 5199 ex
1661 5146 1846 5216 aliquo
1904 5148 2129 5201 fortuito

555 5247 690 5287 casu
722 5232 1010 5297 chistcre,
1040 5233 1498 5302 quemadmodum
1524 5237 1742 5304 quidam
1762 5236 1967 5305 opinati
1999 5246 2128 5290 sunt

559 5325 815 5382 fortuitas
853 5335 907 5380 et
957 5327 1168 5381 ratione
1203 5335 1456 5380 carentes
1484 5328 1784 5394 primorum
1830 5329 2126 5383 elemento-

557 5432 679 5471 rum
710 5420 1082 5475 connexiones
1132 5417 1393 5473 mundum
1429 5426 1600 5472 totum
1643 5427 1696 5473 et
1741 5435 1864 5489 quae
1914 5419 1968 5473 in
2011 5421 2130 5490 ipso

559 5517 690 5561 sunt
719 5508 984 5574 olfecisse,
1039 5511 1186 5564 nulla
1236 5509 1577 5581 providentia
1619 5526 1712 5579 per
1741 5527 1803 5565 ea
1848 5526 1970 5582 qua:
2003 5520 2132 5567 sunt

633 5621 678 5654 ³⁷
717 5619 738 5673 ι
773 5621 897 5676 Cor.
930 5639 987 5691 tt,
1023 5624 1108 5678 10.
1183 5626 1227 5658 ³⁸
1258 5624 1401 5681 i’sal.
1439 5642 1590 5692 xvtn,
1627 5626 1650 5680 1
1683 5640 1808 5695 sqq.

1727 265 1784 321 S.
1828 261 2155 320 GREGORII
2178 260 2474 318 NYSSENI

3613 271 3694 327 986

2175 399 2340 452 ματος
2365 383 2598 452 κίνησιν,
2645 381 2869 450 ἀμέσως
2897 397 2955 432 τε
2987 383 3080 432 καὶ
3124 381 3446 447 samem;
3481 386 3703 442 συνδιατί-

2177 475 2364 527 θεσθαι
2393 472 2470 542 τῷ
2497 471 2690 543 Πατρί.
2727 471 2986 543 Ἦοέλησέ
3024 489 3077 524 τι
3106 473 3136 524 ό
3170 475 3374 543 Πατὴρ,
3406 479 3493 528 καὶ
3518 479 3544 530 ό
3573 481 3623 531 ὲν
3643 482 3706 552 τῷ

2177 568 2352 638 Πατρὶ
2381 565 2455 620 ὢν
2481 566 2608 629 Υίὸς
2635 561 2742 619 εἶδε
2779 567 2842 618 τὸ
2871 567 3080 638 θέλημα
3113 568 3208 620 τοῦ
3252 569 3455 638 Πατρός
3480 586 3492 601 ³
3541 573 3706 642 μᾶλλον

2175 659 2232 712 δὲ
2265 657 2424 721 αὐτὸς
2442 658 2534 710 τοῦ
2574 657 2786 728 Πατρὸς
2818 659 3036 725 ἐγένετο
3079 658 3304 730 θέλημα.
3350 661 3406 714 'U
3433 661 3533 734 γὰρ
3563 661 3710 719 πάντα

2178 747 2244 799 τὰ
2268 748 2359 801 τοῦ
2385 746 2596 821 Πατρρς
2621 746 2758 816 ἔχων
2785 747 2842 798 ἐν
2886 746 3082 816 ἐαυτῷ,
3107 748 3206 798 οὐκ
3244 746 3386 799 ἔστιν
3407 749 3433 800 ὅ
3451 765 3498 799 τι
3518 749 3612 801 τῶν
3635 751 3708 803 τοῦ

2181 840 2392 908 Πατρός
2418 839 2518 892 οὐκ
2570 837 2699 909 ἔχει.
2730 839 2792 892 Εἰ
2821 839 2878 892 δὲ
2905 840 3084 893 πάντα
3124 839 3236 908 ἔχει
3270 843 3326 893 ἐν
3358 840 3525 911 ἑαυτῷ
3549 842 3610 894 τὰ
3634 861 3711 896 πα·

2180 932 2333 1002 τρῷα
2350 948 2364 961 ’
2407 933 2603 1002 μᾶλλον
2628 931 2685 984 δὲ
2709 932 2802 984 καὶ
2829 932 2992 984 αὑτὸν
3020 932 3112 985 τόν
3133 933 3353 1002 Πατέρα
3372 935 3574 997 πάντως
3601 935 3714 1003 μετὰ

2181 1021 2274 1075 τοῦ
2330 1021 2542 1093 Πατρός
2575 1023 2668 1075 καὶ
2694 1022 2803 1076 τῶν
2827 1021 2919 1075 τοῦ
2951 1025 3181 1094 Πατρὺς,
3220 1018 3340 1076 ὅλον
3372 1024 3431 1076 τὸ
3451 1023 3639 1094 Θέλημα
3668 1029 3713 1078 ὲν

2183 1112 2359 1182 ἐαυτῷ
2383 1111 2494 1182 ἔχει
2533 1114 2592 1165 τὸ
2637 1100 2916 1185 πατρῷον..
2941 1115 3016 1168 Ού
3052 1115 3242 1186 χρῄζει
3267 1116 3441 1168 τοίνυν
3481 1117 3608 1185 λόγῳ
3631 1135 3714 1186 μαι

2185 1205 2296 1258 θεῖν
2325 1203 2418 1258 τοῦ
2475 1205 2689 1277 Πατρὸς
2719 1207 2780 1259 τὸ
2813 1205 3045 1278 θέλημα,
3073 1207 3234 1270 αὐτὸς
3267 1206 3342 1259 ὢν
3373 1206 3461 1260 τοῦ
3491 1207 3716 1276 Πατρδςό

2187 1300 2359 1367 Λόγος
2417 1298 2556 1351 κατὰ
2603 1298 2700 1369 τὴν
2734 1297 3070 1370 ὑψηλοτέραν
3118 1300 3394 1369 σημασίαν
3435 1298 3521 1351 τοῦ
3561 1299 3713 1367 λόγου.

2187 1392 2282 1456 Τίς
2301 1388 2392 1445 οὖν
2414 1393 2617 1455 ἐκεῖνος
2649 1395 2676 1444 6
2696 1392 2852 1459 λόγος
2883 1392 2910 1443 6
2943 1391 3078 1460 πρὸς
3097 1391 3186 1444 τὸν
3219 1391 3386 1454 ὅντως
3413 1391 3570 1459 Λόγον
3602 1392 3718 1457 γινόο

2190 1500 2380 1554 μενος;
2425 1484 2532 1536 Καὶ
2584 1483 2698 1545 πῶς
2728 1484 2756 1535 ό
2783 1483 2952 1546 ὅντως
2977 1485 3148 1552 Λόγος
3183 1483 3340 1551 λόγου
3390 1485 3540 1537 πάλιν
3565 1483 3719 1555 ἑτέρου

2188 1577 2325 1646 πρὸς
2353 1576 2704 1630 διδασκαλίαν
2738 1575 3091 1646 προσδέεται;
3130 1578 3227 1640 Ὃς
3254 1577 3323 1629 ἐν
3359 1574 3435 1640 τῷ
3473 1574 3582 1640 Θεῴ
3596 1577 3718 1635 ἐστι,

2189 1666 2372 1730 καθώς
2411 1685 2574 1737 φησιν
2610 1670 2636 1720 ό
2674 1667 3013 1730 Ἀπόστολος,
3052 1669 3149 1721 καὶ
3183 1667 3377 1721 πάντα
3405 1665 3620 1736 ἐρευνᾷ,
3643 1668 3722 1719 καὶ

2194 1759 2267 1814 τὰ
2284 1757 2445 1825 ,ϐάθη
2469 1759 2572 1812 τοῦ
2594 1759 2761 1813 Θεοῦ.
2791 1759 2854 1811 Ei
2877 1755 2968 1812 οὖν
2999 1761 3202 1828 ῥήματι
3234 1757 3521 1828 φθέγγεται
3551 1760 3575 1811 6
3600 1756 3723 1819 Θεὸς.

2196 1854 2304 1914 πᾶς
2330 1851 2385 1904 δὲ
2415 1851 2568 1919 λόγος
2589 1851 2680 1902 ἐπὶ
2701 1851 2868 1921 ἀκοῆς
2889 1850 3214 1921 ἐνεργεῖται,
3245 1853 3293 1904 οί
3320 1851 3382 1921 δη
3393 1849 3726 1921 μιουργεῖντδν

2195 1942 2326 1996 Θεὸν
2343 1942 2649 2007 διεξοδικῶς
2670 1942 2848 2009 λόγοις
2872 1941 3320 2013 ἀποφαινόμενοι,
3348 1942 3726 2014 γνωρισάτωσαν

2195 2037 2326 2106 ἡμῖν
2355 2035 2447 2088 καὶ
2474 2035 2534 2087 τὸ
2559 2034 2664 2088 τῶν
2691 2033 2849 2086 θείων
2871 2033 3046 2102 λόγων
3073 2035 3452 2105 ἀκροατήριον.
3480 2034 3606 2101 Πρὸς
3631 2034 3728 2084 ἑαυ-

2196 2129 2286 2182 τὸν
2331 2126 2511 2182 λαλεῖν
2552 2127 2650 2181 οὐκ
2676 2127 2933 2187 ὲνδέεται,
2962 2126 2990 2178 ὁ
3013 2127 3136 2190 Υίὺς
3166 2127 3470 2199 ἀπροσδεὴς
3500 2123 3562 2198 ἦν
3581 2125 3664 2196 τῆς
3681 2126 3731 2176 ὲκ

2201 2221 2459 2290 ῥημάτων
2523 2218 2903 2282 διδασκαλίας·
2932 2218 3006 2273 Τὸ
3062 2220 3306 2289 Πνεῦμα
3341 2217 3544 2281 πάντα,
3577 2217 3728 2286 φησὶν,

2197 2309 2432 2379 ἐρευνᾷ,
2467 2309 2565 2363 καὶ
2597 2311 2668 2362 τὰ
2692 2310 2854 2376 ,ϐάθη
2883 2310 2988 2364 τοῦ
3017 2309 3165 2364 Θεοῦ
3185 2325 3201 2339 ⁸
3237 2312 3270 2382 ἠ
3301 2310 3471 2374 κτίσις
3496 2308 3631 2362 ούπω
3661 2303 3729 2378 ἦν.

2200 2402 2342 2473 Πρὸς
2363 2401 2482 2455 τίνα
2501 2403 2529 2453 6
2565 2401 2720 2468 λόγος
2744 2400 2983 2468 ἐγίνετος
3026 2401 3166 2454 Ἀλλ’
3205 2402 3267 2454 ού
3298 2401 3554 2469 ψεύδεται,
3580 2399 3730 2470 φησιν,

2201 2497 2234 2566 ἡ
2267 2494 2359 2548 τοῦ
2383 2495 2624 2558 Μωσέως
2657 2494 2869 2566 Γραφὴ,
2889 2493 2955 2548 δι’
2975 2489 3041 2564 ἦς
3065 2494 3124 2547 τὸ
3153 2485 3434 2565 εἰρηκέναι
3453 2511 3503 2547 τι
3522 2494 3602 2545 τὸν
3630 2491 3734 2544 θεὸν

2201 2586 2412 2655 ἁκηκόα
2421 2601 2538 2655 μεν.
2573 2585 2704 2637 Οὐδὲ
2737 2585 2846 2654 γὰρ
2867 2585 2893 2635 ό
2920 2585 3094 2655 μέγας
3119 2584 3290 2637 Δαὸὶδ
3311 2583 3416 2638 τῶν
3439 2583 3733 2654 ψευδομένων

2201 2678 2318 2730 ἐστί
2341 2693 2354 2705 ·
2389 2676 2534 2746 λέγει
2554 2679 2610 2729 δὲ
2629 2676 2812 2745 σαφῶς
2839 2676 3011 2739 οὕτως
3039 2675 3181 2731 κατὰ
3223 2677 3386 2744 λέξιν,
3413 2677 3488 2728 ὅτι
3520 2678 3577 2727 Οἱ
3601 2675 3736 2740 cepa-

2201 2773 2295 2827 νοί
2357 2770 2696 2840 διηγοῦνται
2730 2770 2918 2835 δόξαν
2949 2770 3119 2834 Θεοῦ,
3150 2771 3257 2825 καὶ
3297 2771 3534 2839 ποίησιν
3562 2765 3737 2838 χειρῶν·

2203 2863 2386 2918 αὐτοῦ
2426 2861 2780 2931 ἀναγγέλλει
2819 2862 2884 2914 τὸ
2916 2862 3243 2931 στερέωμα,
3278 2861 3477 2933 Ἡμέρα
3497 2859 3563 2929 τῇ
3587 2857 3737 2927 ἡμέρᾳ

2205 2956 2502 3023 ἐρεύγεται
2513 2952 2692 3023 ῥῆμα,
2719 2953 2814 3006 καί
2839 2952 2955 3019 νὺξ
2971 2953 3335 3023 ἀναγγέλλει
3355 2955 3566 3024 γνῶσιν
3579 2949 3733 3005 νυκτί.

2133 3064 2175 3121 C
2210 3049 2317 3100 Καὶ
2349 3045 2515 3100 εἰπὼν
2541 3044 2840 3116 διηγεῖσθαι
2870 3045 2994 3107 τοὺς
3007 3045 3276 3114 οὐρανοὺς
3292 3047 3382 3100 καὶ
3401 3046 3459 3099 τὺ
3482 3043 3734 3114 στερέωμα,

2210 3140 2304 3193 καὶ
2326 3139 2474 3209 παρὰ
2498 3141 2594 3206 τῆς
2621 3139 2834 3208 ἡμέρας
2874 3137 2970 3190 καὶ
3007 3139 3103 3206 τῆς
3137 3140 3335 3202 νυκτὸς
3359 3133 3737 3204 ἀπαγγέλλεσθαι

2209 3231 2407 3299 γνῶσιν
2435 3230 2530 3282 καὶ
2558 3231 2794 3300 ῥήματα,
2825 3229 2986 3282 πάλιν
3009 3231 3206 3298 ἐπάγει
3241 3233 3349 3293 τοῖς
3374 3227 3649 3301 εἰρημένοις
3674 3224 3737 3275 ὅτι

2209 3321 2379 3374 ταῦτα
2409 3319 2585 3372 λαλιαὶ
2625 3319 2723 3372 οὐκ
2769 3320 2906 3373 είσὶν
2939 3319 3060 3373 οὐδὲ
3109 3320 3285 3389 λόγοι,
3323 3321 3436 3374 οὐδὲ
3465 3318 3619 3390 φωναὶ
3644 3313 3738 3368 τού-

2210 3430 2317 3465 των
2346 3411 2652 3465 ἀκούονται.
2708 3411 2832 3476 ne;
2865 3407 2957 3465 οὖν
2979 3411 3320 3482 διηγήματα,
3357 3414 3446 3467 καὶ
3473 3406 3739 3478 ἁναγγελίαι

2212 3505 2308 3557 καὶ
2360 3505 2580 3576 ῥήματα
2638 3503 2815 3558 λα).ιαὶ
2857 3504 2956 3557 ούκ
3025 3505 3183 3569 εἰσιν,
3227 3506 3346 3559 οὐδὲ
3397 3503 3539 3575 φωνὴ
3559 3499 3633 3555 διὰ
3662 3497 3737 3566 τῆς

2213 3595 2543 3663 ἀκουστικῆς
2599 3594 2900 3665 αἰσθήσεως
2957 3595 3325 3666 ἐγγινομένη;
3371 3593 3510 3666 τΔρα
3553 3589 3738 3662 μάχεται

2215 3686 2351 3757 πρὸς
2380 3687 2565 3739 ἑαυτὸν
2597 3688 2625 3738 ό
2655 3687 2980 3758 Προφήτης;
3008 3683 3156 3756 'Apo’t
3179 3706 3237 3742 τι
3265 3688 3370 3741 τῶν
3398 3687 3492 3739 ούκ
3510 3677 3738 3750 ἐνδεχομέ-

2215 3795 2319 3830 νων
2353 3778 2623 3843 διέξεισιν,
2671 3777 2942 3848 ἄφθογγον
2980 3779 3153 3850 ῥῆμα,
3189 3781 3289 3832 καὶ
3331 3779 3565 3850 διήγησιν
3586 3770 3740 3827 ἀλαλην

2217 3871 2308 3922 καὶ
2336 3870 2593 3938 ἀγγελίαν
2617 3869 2736 3939 δίχα
2766 3870 2947 3938 φωνῆς
2979 3869 3251 3922 διδάσκων
3278 3888 3292 3935 ;
3337 3871 3402 3921 Ἥ
3433 3864 3610 3925 παντὸς
3637 3856 3741 3931 μᾶλο

2216 3961 2305 4014 λον
2336 3961 2540 4030 ἀληθὴς
2577 3963 2610 4031 ἡ
2648 3959 2951 4030 προφητεία
2985 3961 3019 4031 ἠ
3053 3960 3212 4012 τοῦτο
3243 3961 3329 4014 διὰ
3363 3959 3464 4014 τῶν
3487 3951 3740 4026 είρημένων

2219 4053 2578 4117 παιδεύουσα,
2649 4057 2736 4109 ὅτι
2798 4055 2858 4105 τὸ
2909 4053 3151 4124 διήγημα
3199 4055 3263 4106 τὸ
3311 4053 3563 4124 οὐράνιον,
3594 4037 3740 4098 καὶτὸ

2222 4145 2370 4214 ῥῆμα
2400 4143 2460 4196 τὸ
2489 4143 2636 4215 παρὰ
2664 4145 2761 4214 τῆς
2783 4145 2994 4216 ἡμέρας
3019 4146 3314 4217 βοώμενον,
3348 4143 3489 4214 φωνὴ
3513 4137 3738 4212 μὲνέναρ·

2221 4235 2347 4306 Θρος
2381 4237 2479 4288 οὐκ
2513 4235 2677 4301 ἔστιν,
2701 4234 2824 4289 οὕτε
2854 4235 3011 4290 λαλιὰ
3031 4236 3120 4290 διὰ
3151 4239 3414 4309 στόματος
3436 4253 3447 4264 ·
3477 4222 3738 4286 διδασκαλία

2220 4328 2276 4381 δὲ
2301 4327 2401 4397 τῆς
2448 4327 2598 4390 Θείας
2645 4325 2924 4396 δυνάμεως
2951 4327 3156 4394 γίνεται
3199 4330 3314 4389 τοῖς
3336 4325 3535 4380 ἐπαΐειν
3557 4322 3736 4373 ἐπιστα-

2153 4410 2196 4464 D
2227 4420 2408 4492 μένοις
2433 4417 2720 4488 σιωπώσης
2743 4419 2924 4488 φωνῆς
2954 4435 2969 4478 ἶ

2296 4510 2361 4563 Τί
2375 4504 2466 4562 οὖν
2481 4509 2609 4580 περὶ
2619 4509 2821 4562 τούτων
2838 4510 3218 4580 ὑπειλήφαμεν
3235 4510 3391 4580 (τάχα
3404 4507 3471 4576 γά
3477 4522 3505 4577 ρ
3520 4503 3602 4557 ἐὰν
3618 4493 3738 4552 τοῦτο

2224 4605 2526 4673 νοήσωμεν,
2557 4600 2729 4654 καὶτὰ
2753 4601 2903 4672 παρὰ
2933 4603 3176 4664 Μωσέως
3187 4599 3494 4671 νενοηκότες
3513 4583 3736 4660 ἐσόμεθα)ς

2228 4694 2495 4756 Πολλάκις
2523 4693 2557 4764 ἡ
2602 4681 2791 4765 Γραφὴ
2821 4693 2957 4764 πρὸς
3001 4693 3203 4764 ὲναργῆ
3230 4689 3546 4759 κατανόησιν
3572 4678 3651 4734 τοῦ
3667 4675 3740 4765 δῃ-

2229 4786 2487 4856 λουμένου
2511 4763 2851 4854 πράγματος,
2871 4763 3222 4854 σωματικώτε
3231 4801 3320 4855 ρον
3339 4774 3650 4837 διασκευάζει
3667 4763 3741 4833 τὴν

2224 4879 2333 4933 τῶν
2381 4877 2586 4948 νοητῶν
2633 4876 2884 4948 Θεωρίαν,
2929 4872 3041 4928 οἷον
3071 4875 3132 4947 δὴ
3181 4881 3276 4929 καὶ
3332 4871 3485 4926 τοῦτο
3522 4866 3576 4918 τὸ
3601 4859 3739 4925 δόγμα

2225 4973 2390 5032 ἐστὶν,
2421 4971 2557 5039 ὅπερ
2576 4969 2720 5023 δοκεῖ
2745 4987 2833 5038 μοι
2860 4972 2888 5023 6
2917 4970 3080 5023 Δαδὶδ
3109 4965 3511 5038 ἀποφαίνεσθαι,
3540 4957 3672 5012 τοῦτο
3687 4949 3739 5002 δι’

2225 5055 2298 5115 ὧν
2334 5057 2474 5124 εἷπε,
2509 5061 2774 5114 διδάσκων
2803 5061 2954 5114 οὐδὲν
2981 5060 3088 5113 τῶν
3111 5061 3278 5114 ὄντων
3299 5059 3362 5111 ἐκ
3387 5069 3522 5116 τινος
3544 5039 3741 5111 αὑτομά·

2226 5167 2320 5202 του
2345 5149 2632 5219 συντυχίας
2673 5149 2771 5219 τὴν
2810 5150 3108 5203 ὑπόστασιν
3144 5151 3307 5221 ἔχειν,
3341 5144 3574 5210 καθάπερ
3598 5130 3743 5205 ᾠήθη·

2237 5243 2333 5295 σάν
2363 5259 2506 5305 τινες
2533 5243 2758 5312 τυχαίας
2793 5259 2854 5294 τε
2883 5244 2977 5296 καὶ
3001 5243 3227 5311 ἀλόγους
3252 5240 3358 5294 τῶν
3399 5234 3608 5305 πρώτων
3633 5237 3743 5277 στοί-

2236 5333 2396 5403 χείων
2425 5333 2824 5402 αὑτεμπλοκὶς,
2867 5335 2959 5388 τὸν
2985 5335 3187 5404 κόσμον
3215 5333 3344 5402 ἡμῖν
3373 5330 3486 5383 ὅλον
3511 5321 3594 5376 καὶ
3618 5313 3742 5404 τὰ-ἒν

2238 5421 2385 5492 αύτῷ
2414 5423 2870 5494 κατεργάσασθαι,
2903 5425 3156 5494 οὐδεμιᾶς
3185 5420 3430 5493 προνοίας
3465 5413 3544 5468 διὰ
3569 5409 3660 5503 τῷν
3678 5401 3744 5503 δι’,

2238 5530 2345 5566 των
2378 5515 2616 5586 ἡκούσης
2639 5535 2650 5546 ·
2684 5517 2795 5571 ἀλλ’
2821 5518 2934 5571 ἔστι
2952 5535 3000 5571 τι
3024 5516 3120 5587 τῆς
3150 5515 3240 5570 τοῦ
3267 5511 3458 5573 παντὸς
3487 5496 3742 5558 συστάσεως
