4054 6152
400 207 503 263 985

1462 220 1736 278 CONTRA
1772 216 2156 281 EUNOMlUM,
2181 217 2309 274 UB.
2339 217 2451 273 XII.

3510 221 3616 278 988

380 344 443 382 τε
466 330 563 383 καὶ
582 329 897 411 διοικήσεως
926 330 1116 394 αἴτιον,
1160 328 1221 387 οὗ
1272 335 1418 387 πᾶσα
1447 335 1681 406 έξῆπται
1705 337 1739 406 ἡ
1771 334 1940 402 φύσις.

2060 340 2380 402 penetrante
2397 372 2413 398 ,
2442 333 2538 387 sed
2567 332 2815 402 quaedam
2843 342 2928 388 est
2950 334 3190 389 universi
3216 334 3625 390 constitutionis

382 422 637 475 κάκεῖθεν
671 423 766 485 τὰς
820 424 995 494 ἀρχὰς
1042 426 1135 478 καὶ
1157 425 1456 490 τάςάίτίας
1492 428 1623 499 ἔχει,
1672 430 1766 481 καὶ
1813 429 1951 499 πρὸς

382 515 588 568 halm
635 513 853 567 νένευγέ
904 532 964 567 τε
1028 518 1121 570 καὶ
1157 518 1681 589 intenderant,an
1717 521 1777 571 tv
1802 519 1951 589 αὑτῷ

379 602 641 673 διαμένει.
702 604 809 654 Καὶ
841 605 1049 674 ἐπειδὴ,
1090 607 1271 670 καθώς
1304 626 1468 677 φησιν
1492 610 1520 659 ὁ
1552 609 1887 674 Ἀπόστολος,
1914 611 1950 681 ή

379 693 546 755 ἀίδιος
574 693 736 746 αὑτοῦ
768 694 1007 765 δύναμις,
1026 699 1120 750 καὶ
1151 698 1360 769 θειότης
1375 700 1482 753 ἀπὸ
1496 700 1595 771 τῆς
1620 700 1715 754 τοῦ
1742 702 1949 771 κόσμου

378 783 606 846 κτίσεως
639 788 901 856 νοουμένη
944 787 1263 858 καθορᾶται,
1297 791 1384 845 διὰ
1413 791 1573 845 τοῦτο
1604 794 1752 846 πᾶσα
1776 795 1810 863 ὴ
1834 794 1951 846 κτί-

379 892 485 937 σις,
512 877 619 930 καὶ
648 878 753 947 πρό
783 895 845 946 γε
873 879 1111 944 πάντων,
1142 882 1325 945 καθώς
1354 900 1517 952 φησιν
1548 887 1577 939 ὁ
1627 885 1803 952 λόγος,
1834 887 1867 955 ἡ
1891 886 1950 938 ὲν

374 966 489 1027 τοῖς
534 966 780 1036 οὐρανοῖς
825 967 1202 1039 διακόσμησις,
1256 972 1343 1025 διά
1392 973 1492 1042 τῆς
1545 975 1950 1045 ἐμφαινομένης

372 1059 486 1112 τοῖς
550 1060 797 1126 γεγονόσι
846 1062 1060 1133 τέχνης,
1096 1065 1196 1134 τὴν
1225 1065 1318 1117 τοῦ
1374 1068 1728 1138 πεποιηκότος
1757 1069 1949 1138 σοφίαν

372 1147 729 1204 ἐνδείκνυται.
766 1154 875 1205 Καὶ
906 1154 1060 1207 τοῦτό
1096 1172 1185 1224 μοι
1218 1154 1364 1212 δοκεῖ
1402 1159 1747 1229 παραστῆσαι
1780 1160 1949 1214 θέλων

370 1238 473 1309 τὴν
501 1241 564 1292 ὲκ
609 1241 716 1294 τῶν
757 1244 1094 1313 φαινομένων
1124 1246 1448 1317 μαρτυρίαν,
1499 1249 1591 1301 τοῦ
1633 1250 1812 1318 σοφῶς
1855 1253 1950 1305 καὶ

372 1329 639 1399 mewi
677 1332 745 1384 τὰ
787 1332 914 1386 ὄντα
958 1336 1411 1400 κατεσκευάσθαι,
1450 1339 1541 1391 καὶ
1574 1340 1746 1393 εἰσαεὶ
1771 1341 1950 1412 ὁιαμέ·

370 1436 483 1472 νειν
509 1422 568 1473 έν
594 1423 658 1491 τῇ
697 1421 918 1493 δυνάμει
965 1424 1059 1478 τοῦ
1091 1427 1151 1479 τὸ
1185 1429 1296 1481 πᾶν
1336 1428 1687 1494 οίακίζοντος.
1718 1433 1925 1496 Αὐτοὺς

373 1516 513 1582 φησὶ
561 1516 685 1576 τοὺς
719 1515 998 1586 οὐρανοὺς,
1029 1519 1098 1571 δι’
1128 1512 1203 1572 ὧν
1244 1520 1340 1590 τὴν
1379 1522 1570 1591 σοφίαν
1600 1521 1693 1576 τοῦ
1724 1541 1950 1595 πεποιη-

371 1602 528 1668 κότος
577 1604 929 1669 δεικνύουσιν,
976 1610 1256 1679 μονονουχὶ
1303 1611 1484 1681 φωνὴν
1505 1614 1783 1681 ἀφιέντας,
1821 1614 1949 1684 βοᾷν

2051 430 2107 478 et
2132 424 2636 480 administrationis
2662 442 2853 490 causa,
2890 443 2958 482 ex
2994 441 3100 497 qua
3132 427 3314 482 omnis
3350 427 3623 497 dependet

2053 521 2272 578 natura,
2302 524 2465 583 atque
2489 516 2640 570 illine
2662 517 2928 585 principia
2952 526 3006 572 et
3030 533 3225 573 causas
3255 517 3442 581 habet,
3469 527 3523 573 et
3551 518 3620 572 ad

2053 604 2206 657 illum
2237 615 2413 669 nutat,
2443 616 2499 661 et
2538 609 2896 669 convertitur.
2933 617 2993 663 et
3020 610 3075 663 in
3105 624 3173 664 eo
3206 619 3504 677 permanet.
3542 608 3619 662 Ae

2049 696 2337 764 quoniam,
2369 697 2512 753 sicut
2539 699 2614 752 ait
2655 699 2951 767 Apostolus
2974 700 3040 763 ⁸⁸,
3072 700 3404 769 sempiterna
3448 700 3621 753 virtus

2052 795 2109 841 et
2140 786 2319 843 deitas
2350 804 2380 842 a
2421 788 2610 842 mundi
2643 799 2896 843 creatura
2931 792 3062 845 dum
3099 791 3442 861 intelligitur,
3488 805 3621 844 con-

2058 878 2311 949 spicitur,
2346 890 2633 950 propterea
2663 882 2843 937 omnis
2874 890 3146 949 creatura,
3176 891 3232 937 et
3255 892 3381 938 ante
3411 882 3619 945 omnia,

2050 970 2195 1025 sicut
2226 972 2359 1025 dicit
2401 989 2601 1035 sermo,
2636 975 2691 1027 iu
2723 974 2876 1029 caelis
2899 987 3148 1037 ornatus,
3179 989 3275 1045 per
3303 984 3473 1029 artem
3500 991 3622 1045 qua:

2051 1062 2106 1116 in
2139 1064 2224 1119 his
2257 1080 2379 1134 quae
2417 1065 2560 1119 facta
2606 1075 2735 1120 sunt
2778 1076 3024 1136 apparet,
3066 1067 3185 1135 ejus
3239 1066 3335 1136 qui
3374 1067 3620 1121 condidit

2050 1154 2374 1223 sapientiam
2423 1156 2781 1210 demonstrat.
2840 1159 3017 1226 Atque
3078 1159 3181 1211 hoc
3236 1158 3367 1211 mihi
3406 1158 3620 1212 videtur

2051 1247 2190 1301 velle
2241 1262 2305 1302 ex
2342 1248 2428 1303 his
2463 1264 2585 1321 qum
2629 1261 2893 1319 apparent
2937 1249 3308 1305 testimonium
3340 1250 3617 1310 exhibere,

2049 1336 2194 1404 quod
2213 1352 2273 1391 ea
2293 1354 2413 1407 quae
2432 1348 2559 1394 sunt
2588 1341 2864 1408 sapienter
2883 1351 2936 1393 et
2963 1340 3260 1394 artiﬁciose
3281 1359 3293 1389 ι
3311 1349 3616 1403 onstructa,

2050 1438 2372 1496 permanent
2405 1430 2458 1484 in
2492 1440 2812 1500 perpetuum
2837 1432 2891 1485 in
2928 1432 3125 1485 virtute
3158 1433 3279 1499 ejus
3308 1431 3400 1499 qui
3432 1433 3616 1483 onuiia

2049 1518 2338 1587 gubernat.
2372 1520 2523 1590 Ipsos
2574 1523 2752 1590 inquit
2802 1523 2995 1587 ctelos,
3023 1536 3118 1591 per
3147 1538 3269 1592 qua:
3293 1524 3615 1591 sapientiam

2048 1608 2168 1677 ejus
2193 1609 2284 1679 qui
2309 1612 2551 1666 condidit
2575 1612 2975 1677 demonstrant,
3005 1614 3397 1683 propemodum
3424 1628 3613 1667 vocmn

372 1693 467 1745 καὶ
512 1693 893 1766 διακηρύσσειν
942 1698 1034 1750 τοῦ
1074 1699 1405 1770 δημιουργοῦ
1458 1702 1557 1772 τὴν
1608 1704 1797 1772 σοφίαν
1822 1681 1940 1774 δίχα

2052 1703 2367 1759 entittentes
2395 1706 2631 1760 clamare
2666 1715 2721 1760 ct
2749 1706 3045 1775 praedicare
3071 1706 3189 1760 sine
3220 1721 3369 1768 voce,
3407 1706 3617 1774 opiﬁcis

370 1785 576 1855 φωνῆς.
638 1788 851 1852 Ἔξεστι
872 1789 981 1860 γὰρ
1018 1791 1179 1844 ohvsi.
1222 1792 1366 1863 λόγῳ
1395 1793 1566 1848 ταῦτα
1595 1795 1949 1850 διδασκόντων

368 1875 610 1941 ἀκούειν,
637 1878 718 1932 ὃτι
739 1880 875 1950 Πρὸς
907 1883 1054 1951 ἡμᾶς
1080 1883 1337 1952 ὁρῶντες,
1370 1880 1415 1940 ὦ
1440 1886 1737 1957 ἄνθρωποι,
1767 1889 1862 1944 καὶ
1887 1889 1949 1942 τὸ

368 1968 428 2021 ὲν
454 1968 585 2039 ἡμῖν
617 1969 810 2033 κάλλος
843 1973 936 2025 καὶ
966 1973 1214 2042 μέγεθος.
1248 1976 1341 2028 καὶ
1370 1978 1468 2046 τὴν
1494 1977 1797 2048 ἀεικίνητον
1814 1981 1945 2033 ταύ-

366 2076 467 2129 την
494 2062 816 2132 περιφορὰν,
855 2066 949 2116 καὶ
987 2064 1084 2135 τὴν
1115 2064 1377 2121 εὔτακτόν
1403 2085 1461 2120 τε
1485 2070 1578 2122 καὶ
1607 2072 1945 2141 ἐναρμόνιον,

369 2154 465 2205 καὶ
496 2154 582 2207 ἀεὶ
613 2156 752 2208 κατὰ
785 2155 853 2209 τὰ
896 2157 1035 2211 αὑτά
1057 2159 1153 2211 καὶ
1173 2159 1431 2225 ὡσαύτως
1459 2161 1685 2231 ἔχουσαν
1713 2164 1942 2234 κίνησιν,

366 2247 596 2317 νοήσατε
630 2248 718 2299 τὸν
748 2249 1139 2303 ἐπιστατοῦντα
1176 2253 1274 2322 τῆς
1307 2254 1581 2323 ἡμετέρας
1613 2254 1943 2318 συστάσεως,

368 2340 463 2391 καί
489 2339 575 2393 διά
611 2340 704 2393 τοῦ
736 2342 1057 2413 φαινομένου
1105 2344 1355 2409 κάλλους,
1389 2344 1451 2397 τὸ
1480 2348 1828 2414 πρωτότυπον
1851 2347 1946 2400 καὶ

364 2430 596 2500 ἀόρατον
646 2432 837 2496 κάλλος
876 2434 1285 2503 ἀναλογίσασθε.
1333 2436 1501 2490 Οὑδὲν
1554 2437 1663 2507 γὰρ
1706 2438 1763 2489 ἐν
1811 2439 1945 2508 ημῖν

367 2523 663 2576 ἀδέσποτον
691 2526 723 2595 ἦ
756 2526 1181 2598 αὑτοκίνητον,ἢ
1208 2528 1511 2598 αὐτόματον
1531 2546 1544 2559 ·
1587 2530 1722 2585 ἀλλά
1753 2533 1861 2585 πᾶν
1883 2532 1945 2585 τὸ

367 2617 688 2686 φαινόμενόν
716 2635 773 2670 τε
796 2620 923 2689 περὶ
950 2621 1098 2690 ἡμᾶς
1136 2621 1229 2674 καὶ
1266 2622 1571 2692 νοούμενον,
1606 2624 1703 2693 τῆς
1734 2624 1944 2695 ὑψηλῆς

364 2721 426 2758 τε
454 2707 550 2760 καὶ
579 2708 856 2777 ἀφράστου
889 2712 1167 2781 δυνάμεως
1187 2714 1437 2785 ἢρτηται.
1466 2716 1649 2768 Ἰαὖτα
1662 2716 1819 2785 λόγος
1844 2719 1942 2788 μὲν

2051 1795 2403 1863 sapientiam.
2436 1795 2589 1851 Licet
2619 1798 2766 1850 enim
2803 1798 2949 1851 velut
2976 1812 3228 1852 Sermone
3265 1797 3379 1849 haec
3409 1797 3609 1850 docen-

2048 1890 2133 1939 tes
2166 1887 2376 1951 audire,
2416 1890 2559 1956 quod
2596 1889 2655 1943 In
2687 1904 2789 1944 nos
2831 1897 3138 1951 cernentes,
3182 1903 3216 1942 ο
3260 1887 3531 1949 homines,
3563 1896 3618 1941 et

2049 1992 2170 2046 qua:
2191 1979 2244 2031 in
2279 1979 2439 2035 nobis
2469 1988 2552 2035 est
2577 1980 3060 2050 pulchritudinem,
3091 1988 3149 2037 et
3186 1981 3613 2051 magnitudinem

2048 2085 2369 2140 semperque
2414 2071 2671 2128 mobilem
2718 2074 2860 2129 hanc
2907 2073 2961 2127 in
3012 2074 3199 2128 orbein
3258 2074 3615 2139 lationem,et

2047 2159 2185 2214 bene
2215 2162 2551 2225 ordinatum,
2584 2177 2649 2217 ac
2686 2163 3013 2218 concinnum
3059 2178 3155 2233 per
3180 2163 3369 2217 eadem
3400 2178 3617 2231 semper

2046 2258 2101 2304 et
2130 2250 2322 2305 eodem
2352 2252 2828 2309 modohabentem
2865 2262 3095 2319 rnatum,
3127 2254 3321 2308 animis
3351 2254 3617 2308 adVertite

2045 2350 2245 2396 nostra:
2271 2342 2683 2399 constitutionis
2715 2353 2997 2400 auctorem
3026 2354 3080 2399 et
3103 2345 3411 2414 praesident,
3435 2354 3488 2398 et
3519 2360 3615 2413 per

2045 2444 2396 2503 apparentem
2421 2436 2883 2504 pulchritudinem
2914 2438 3231 2505 primariam
3261 2448 3315 2491 et
3334 2440 3615 2508 exeinpla-

2044 2540 2181 2589 rem,
2210 2534 2374 2596 atque
2397 2527 2726 2583 invisibilem
2755 2529 3219 2598 pulchritudinem
3248 2531 3458 2584 ratione
3487 2545 3612 2599 per-

2046 2618 2282 2687 pendite.
2332 2616 2481 2673 Nihil
2526 2620 2581 2674 in
2627 2620 2787 2675 nobis
2848 2623 3055 2691 absque
3108 2620 3339 2676 Domino
3371 2630 3425 2676 et
3463 2630 3615 2677 certo

2041 2719 2289 2774 auctore,
2329 2710 2464 2764 nihil
2513 2726 2611 2780 per
2657 2726 2718 2766 se
2751 2713 2952 2766 mobile
2992 2715 3072 2767 vel
3113 2727 3245 2766 casu
3291 2720 3346 2767 et
3386 2712 3614 2767 fortuito

366 2795 627 2867 ἔναρθρος
655 2798 754 2850 οὑκ
782 2799 949 2865 ἐστιν,
991 2801 1232 2873 ἐντίθησι
1260 2803 1317 2855 δὲ
1355 2803 1445 2859 διὰ
1472 2802 1583 2856 τῶν
1608 2807 1940 2874 φαινομένων

2042 2799 2371 2866 incitatum;
2412 2799 2509 2856 sed
2559 2802 2821 2872 quidquid
2873 2803 2927 2855 in
2972 2802 3132 2857 nobis
3173 2812 3399 2873 apparet
3446 2813 3501 2857 et
3531 2806 3615 2859 in-

366 2890 489 2951 ταῖς
518 2888 716 2958 ψυχαῖς
739 2888 839 2959 τὴν
865 2891 1068 2957 γνῶσιν
1094 2893 1191 2962 τῆς
1218 2892 1368 2956 θείας
1406 2894 1705 2964 δυνάμεως,
1744 2898 1940 2967 μᾶλλον

2042 2890 2320 2958 telligitur,
2346 2905 2410 2945 ex
2438 2891 2661 2945 sublimi
2715 2902 2771 2947 et
2814 2892 3184 2962 inexplicabili
3208 2894 3445 2963 potentia
3476 2908 3611 2963 pen-

365 2978 402 3049 ἢ
431 2980 479 3032 εί
506 2978 593 3032 διά
625 2980 806 3051 φωνῆς
847 2982 875 3033 ὁ
929 2982 1089 3050 λόγος
1135 2984 1458 3055 ἐκήρυσσεν.
1513 2986 1720 3057 Ὥσπερ
1765 2987 1940 3041 τοίνυν

2043 2981 2154 3035 det.
2188 2981 2313 3035 llaec
2353 2983 2569 3052 quidem
2603 3000 2709 3038 non
2740 2992 2869 3039 sunt
2908 2999 3089 3039 sermo
3132 2984 3474 3049 articulatus,
3513 2983 3611 3040 sed

362 3069 628 3141 διηγεῖται
655 3073 683 3125 ό
720 3072 965 3143 οὐρανὸς,
994 3074 1089 3126 καὶ
1113 3075 1173 3127 οὑ
1208 3075 1523 3144 φθέγγεται,
1550 3080 1642 3131 καὶ
1680 3079 1942 3147 ἀναγγέλ-

364 3162 451 3215 λει
480 3162 540 3214 τὸ
580 3162 865 3233 στερέωμα
910 3164 1007 3236 τὴν
1038 3165 1132 3218 τοῦ
1163 3165 1298 3219 Θεοῦ
1338 3167 1575 3239 ποίησιν,
1626 3170 1719 3223 καὶ⁵
1761 3173 1941 3243 φωνῆς

365 3254 427 3307 ού
476 3254 812 3324 προσδέεται,
852 3256 944 3309 καὶ
972 3256 1125 3327 ῥῆμα
1153 3256 1214 3309 οὑ
1249 3259 1495 3328 προΐεται
1545 3260 1578 3330 ἡ
1617 3260 1818 3331 ἡμέρα,
1850 3264 1943 3316 καὶ

366 3347 525 3399 λαλιά
548 3349 647 3401 οὑκ
674 3348 847 3400 ἔστιν’
882 3351 975 3402 καὶ
1002 3350 1099 3402 οὑκ
1130 3349 1195 3403 ἄν
1219 3367 1304 3414 τις
1347 3352 1489 3407 εἴποι
1522 3352 1940 3422 διασφάλλεσθαι

346 3439 465 3507 ,τὴν
510 3441 843 3510 προφητείαν
871 3453 885 3467 ·
912 3441 1052 3493 κατὰ.
1084 3441 1173 3493 τὸν
1193 3442 1353 3496 αὑτὸν
1386 3444 1605 3515 τρόπον,
1641 3446 1827 3517 ἐπειδὴ
1861 3441 1941 3509 εἷς

366 3532 691 3602 ἀμφοτέροις
722 3532 798 3603 τῷ
818 3533 1003 3585 Minae!
1031 3535 1125 3586 καὶ
1153 3532 1230 3604 τῷ
1268 3532 1431 3587 Δαϐὶδ
1460 3536 1489 3588 ό
1515 3534 1850 3601 διδάσκαλος,
1879 3538 1939 3590 τὸ

366 3623 586 3693 Πνεῦμα
621 3624 766 3692 λέγω
807 3624 867 3677 τὸ
903 3625 1076 3692 ἅγιον,
1111 3628 1140 3679 ὁ
1180 3627 1240 3679 τὸ
1275 3628 1601 3697 πρόσταγμα
1625 3629 1937 3700 καθηγήσα-

366 3714 489 3768 σθαι
517 3717 615 3783 τῆς
637 3717 864 3780 κτίσεως
884 3716 1076 3785 λέγων,
1104 3718 1164 3771 οὑ
1184 3720 1442 3791 ῥημάτων
1462 3721 1591 3790 ἡμῖν
1614 3721 1939 3794 δημιουργὸν

363 3806 456 3859 τὸν
485 3806 617 3859 Θεὸν
663 3807 995 3871 ὑποτίθεται,
1036 3809 1174 3862 ἀλλὰ
1216 3814 1557 3881 πραγμάτων
1586 3812 1673 3867 διὰ
1705 3816 1801 3883 τῆς
1832 3814 1938 3867 τῶν

367 3899 628 3969 ῥημάτων
659 3900 931 3968 σημασίας
982 3901 1414 3972 γνωριζομένων.
1441 3905 1555 3956 Ἵνα
1583 3905 1690 3975 γὰρ
1714 3906 1789 3977 μὴ
1813 3905 1935 3959 ἀδέ-

367 3988 543 4041 σποτα
573 4006 693 4042 τινα
738 3991 830 4042 καὶ
852 3990 1097 4061 αὑτοφυῆ
1127 3991 1224 4062 τὴν
1255 3993 1429 4046 κτίσιν
1461 3990 1598 4047 εἶναι
1632 3998 1933 4066 νοήσωμεν,

363 4082 457 4133 καὶ
504 4080 829 4151 γεγενῆσθαι
884 4081 1087 4152 ταύτην
1139 4083 1289 4152 παρὰ
1316 4086 1413 4155 τῆς
1445 4086 1646 4152 τάξεως
1674 4088 1933 4159 φιλοσοφῇ

360 4168 472 4222 τῶν
500 4169 642 4222 κατά
668 4170 768 4240 τὴν
796 4170 1149 4241 κοσμοποιίαν
1180 4173 1284 4225 ὑπὸ
1317 4174 1410 4227 τοῦ
1431 4175 1673 4237 Μωσέως
1698 4179 1755 4229 ἐν
1796 4178 1937 4231 ἱστο-

363 4261 486 4332 ρίας
534 4264 837 4334 χαρακτῆρι
881 4263 1222 4334 δογματικῶς
1272 4268 1593 4338 εἰρημένων.
1631 4268 1697 4322 Ἢ
1731 4269 1839 4343 γὰρ
1868 4270 1934 4324 ἂν

2042 3086 2141 3140 per
2171 3086 2233 3126 ea
2265 3088 2383 3141 quae
2413 3083 2677 3142 apparent
2705 3075 2878 3144 magis
2906 3076 3157 3131 inserunt
3183 3075 3383 3129 animis
3410 3075 3611 3129 divinae

2046 3162 2265 3218 virtutis
2314 3165 2702 3233 cognitionem,
2761 3165 2942 3233 potius
2985 3182 3151 3236 quam
3202 3167 3247 3221 si
3286 3182 3380 3235 per
3424 3181 3609 3222 vocem

2041 3268 2223 3321 sermo
2269 3254 2629 3323 praedicaret.
2672 3254 3140 3320 Quemadmodum
3194 3258 3359 3326 igitur
3408 3259 3608 3314 emtum

2039 3352 2278 3409 enarrat,
2324 3358 2423 3397 nec
2461 3343 2729 3414 loquitur,
2775 3354 2830 3400 et
2868 3347 3157 3398 annuntiat
3207 3348 3608 3400 ﬁrmamentum

2040 3433 2135 3489 Dei
2164 3436 2560 3504 operationem,
2598 3450 2775 3505 neque
2804 3452 2936 3491 voce
2976 3438 3203 3507 indiget,
3239 3453 3342 3493 nec
3379 3438 3608 3491 verbum

2038 3524 2157 3580 dies
2208 3526 2445 3596 projicit,
2496 3536 2550 3581 et
2581 3544 2689 3583 non
2743 3537 2828 3583 est
2879 3529 3095 3599 loquela
3125 3569 3139 3590 ,
3199 3545 3376 3598 neque
3407 3530 3611 3584 dixerit

2037 3616 2325 3686 quisquam
2372 3619 2688 3673 vaticinium
2735 3634 2993 3674 errasse:
3027 3619 3219 3676 eodem
3276 3622 3437 3677 modo
3471 3638 3608 3691 quo-

2038 3708 2183 3762 niam
2219 3724 2359 3763 unus
2396 3712 2663 3766 ambobus
2697 3710 2831 3765 Mosi
2865 3721 2920 3765 et
2954 3709 3415 3784 David(Spiritus,
3449 3715 3598 3780 dico,

2039 3796 2479 3864 sanetus)doctor
2509 3802 2631 3865 fuit,
2657 3801 2749 3871 qui
2773 3802 2990 3870 jussum
3024 3814 3289 3859 creatura:
3319 3807 3607 3875 praluisse

2038 3891 2195 3955 dicit,
2234 3907 2344 3947 non
2368 3892 2657 3948 verborum
2692 3896 2851 3949 nobis
2871 3896 3119 3965 opiﬁcem
3153 3897 3320 3953 Deum
3352 3902 3603 3970 subjicit,

2037 3984 2135 4040 sed
2178 4000 2359 4039 rerum
2409 4002 2533 4057 qua:
2583 3988 2871 4041 verborum
2918 3989 3317 4058 signiﬁcatione
3387 3995 3605 4050 innate—

2036 4082 2217 4131 scunt.
2232 4076 2314 4131 Ne
2330 4077 2475 4130 enim
2507 4076 2751 4146 quadarn
2782 4077 2903 4132 sine
2927 4087 3077 4133 certo
3092 4088 3314 4135 auctore
3334 4090 3387 4135 et
3415 4092 3607 4151 sponte

2036 4180 2135 4219 sua
2161 4168 2309 4221 edita
2350 4182 2495 4233 esse,
2534 4168 2714 4238 quoad
2751 4169 3109 4231 creationem,
3159 4171 3342 4224 animo
3377 4187 3605 4241 capere-

2036 4273 2179 4320 mus,
2228 4260 2390 4311 etiam
2427 4258 2567 4313 hanc
2612 4260 2849 4330 genitam
2898 4276 3018 4316 esse
3059 4261 3131 4314 ab
3168 4261 3362 4318 ordine
3410 4279 3604 4319 eorum

364 4351 584 4420 μᾶλλον,
609 4352 675 4405 δι’
716 4353 944 4407 ἑκάστου
971 4355 1079 4408 τῶν
1116 4359 1531 4428 γεγραμμένων,
1568 4359 1627 4412 τὸ
1657 4361 1933 4433 πεπλανη-

2042 4364 2157 4420 quae
2191 4350 2247 4405 in
2300 4350 2488 4404 'nundi
2537 4351 2814 4405 creatione
2839 4367 2870 4404 a
2898 4351 3048 4406 Mose
3090 4352 3145 4405 in
3194 4354 3435 4409 historia:
3474 4355 3607 4410 cha-

362 4444 522 4514 μένον
562 4462 622 4498 τε
680 4448 771 4499 καὶ
802 4447 1029 4517 μάταιον
1064 4448 1163 4518 τῆς
1198 4449 1305 4501 τῶν
1332 4452 1585 4505 ἐναντίων
1617 4453 1932 4525 ὑπολήψεως

358 4534 607 4605 φανερῶς
667 4537 979 4607 διηλέγχθη.
1020 4537 1237 4603 Ἔξεστι
1284 4540 1341 4592 δὲ
1379 4541 1456 4610 τῷ
1492 4541 1795 4615 βουλομένῳ
1818 4548 1931 4610 τοῖς

356 4629 437 4689 εἰς
461 4627 559 4699 τὴν
612 4628 825 4682 Γένεσιν
872 4630 1270 4699 πεπονημένοις
1300 4632 1431 4700 ἡμῖν
1462 4634 1756 4703 ἐντυχόντι,
1785 4635 1930 4689 δοκι-

360 4718 529 4788 μάσαι
556 4719 663 4772 τῶν
710 4736 768 4772 τε
805 4720 1085 4791 ἡμετέρων
1116 4723 1210 4775 καὶ
1239 4722 1347 4776 τῶν
1376 4723 1707 4781 ὑπεναντίων
1735 4727 1929 4798 δογμά-

354 4825 463 4861 των
485 4810 575 4862 τὺν
605 4809 1020 4881 ἀκολουθότερον
1061 4811 1234 4880 λόγον.
1276 4812 1412 4865 Ἀλλ’
1450 4814 1542 4866 ἐπὶ
1566 4815 1669 4886 ,τὴν
1707 4832 1929 4886 προκει-

357 4898 527 4969 μένην
550 4902 679 4971 ήμίν
712 4902 944 4972 σπουδὴν
973 4902 1304 4956 ἐπανακτέον
1340 4905 1431 4957 τὸν
1464 4905 1630 4973 λόγον.

430 5156 552 5207 Ὅτι
584 5157 645 5208 οὑ
677 5158 891 5221 πάντως
927 5160 1019 5210 ἐπὶ
1058 5159 1191 5213 Θεοῦ
1230 5163 1414 5232 φωνὴν
1459 5165 1550 5217 καὶ
1586 5166 1737 5237 ῥῆμα
1765 5169 1799 5235 ἡ
1837 5169 1929 5223 τοῦ

351 5248 699 5316 εἰπεῖν-λέξις
722 5252 1070 5318 ἐνδείκνυται,
1098 5255 1230 5309 ἀλλὰ
1255 5254 1330 5326 τῷ
1356 5257 1651 5327 βουλήματι
1678 5259 1770 5311 τοῦ
1797 5260 1931 5315 Θεοῦ

356 5343 654 5411 σύνδρομον
680 5344 1051 5412 ἀποφαίνουσα
1075 5350 1171 5419 τὴν
1200 5348 1446 5420 δύναμιν,
1474 5350 1930 5422 αἰσθητικώτερον

356 5434 487 5502 ἡμῖν
517 5432 615 5501 τὴν
644 5434 836 5503 νοητὴν
876 5435 1215 5491 ὑποδείκνυσι
1267 5439 1519 5511 θεωρίαν.
1566 5442 1778 5513 Ἐπειδὴ
1825 5445 1933 5515 γάρ

355 5522 618 5592 θελήματι
653 5522 745 5574 τοῦ
767 5524 899 5576 Θεοῦ
916 5528 1141 5597 συνέστη
1169 5531 1234 5583 τὰ
1264 5532 1459 5597 πάντα,
1491 5533 1715 5604 σύνηθες
1741 5535 1796 5587 δὲ
1819 5539 1930 5599 τοῖς

354 5613 661 5684 ἀνθρώποις
711 5614 852 5685 λόγῳ
892 5617 1107 5701 πρῶτον
1157 5621 1530 5694 διασημαίνειν
1568 5626 1625 5679 τὸ
1656 5625 1924 5699 βούλημα,

379 5762 389 5775 .
419 5726 471 5760 ιθ
499 5722 657 5782 Rom.
689 5740 728 5794 ι,
757 5722 845 5782 20.

2032 4449 2247 4497 ractere
2302 4441 2611 4510 dogmatiee
2644 4442 2790 4496 dicta
2828 4449 2979 4508 sunt,
3030 4442 3241 4498 discere
3275 4445 3424 4501 licet.
3482 4445 3608 4502 Ete-

2033 4535 2169 4600 nim,
2206 4549 2271 4588 ει
2309 4548 2642 4603 unoquoque
2685 4534 2985 4604 Scriptura:
3016 4537 3158 4602 loco,
3191 4543 3327 4591 vana
3368 4546 3423 4592 et
3453 4554 3607 4594 erro-

2034 4641 2133 4681 nea
2156 4625 2601 4681 adversariorum
2624 4626 2811 4695 Opinio
2832 4626 3004 4696 magis
3028 4636 3214 4696 aperte
3236 4628 3600 4699 redarguitur.

2029 4714 2184 4771 Licet
2213 4725 2397 4771 autem
2428 4717 2655 4771 cuilibet
2688 4719 2868 4786 legere
2893 4719 3095 4772 volenti
3128 4734 3249 4789 quae
3280 4723 3603 4791 scripsimus

2037 4810 2091 4864 in
2122 4808 2373 4864 Genesim
2407 4809 2764 4879 perpendere,
2792 4811 3040 4880 nunquid
3068 4814 3141 4866 sit
3166 4826 3477 4869 nostrorum
3504 4816 3600 4871 de-

2034 4912 2309 4955 cretorum
2341 4900 2482 4953 ratio
2510 4899 2682 4970 magis
2708 4911 3101 4965 consentanea,
3144 4920 3213 4958 an
3256 4906 3603 4962 adversario-

2034 5007 2177 5045 rum.
2213 4989 2320 5046 Sed
2343 4989 2411 5045 ad
2442 4991 2785 5062 propositum
2818 4994 2980 5049 nobis
3025 4997 3265 5052 studium
3298 5000 3601 5055 revocanda

2031 5092 2116 5138 cst
2151 5082 2347 5135 oratio.

2101 5172 2253 5238 Quod
2286 5172 2340 5225 in
2368 5170 2476 5226 Deo
2504 5187 2689 5227 vocem
2716 5182 2771 5229 et
2794 5175 3017 5230 verbum
3048 5176 3217 5231 dictio
3248 5177 3382 5243 haec,
3415 5175 3599 5242 Dixit,

2034 5266 2255 5320 minime
2285 5266 2656 5327 demonstrat,
2689 5266 2783 5321 sed
2816 5268 2905 5320 Dei
2938 5267 3198 5321 voluntati
3231 5269 3483 5319 comitem
3516 5284 3605 5336 po-

2034 5364 2255 5409 tentiam
2277 5354 2565 5410 declarans
2588 5397 2602 5421 ,
2628 5356 2883 5409 sensibus
2908 5353 3375 5409 accommodatius
3402 5355 3603 5411 intelli-

2033 5447 2251 5515 gibilem
2286 5447 2527 5502 ostendit
2559 5446 3092 5514 contemplationem.
3132 5444 3401 5508 Quoniam
3437 5447 3603 5517 igitur

2032 5537 2126 5591 Dei
2158 5539 2435 5591 voluntate
2473 5536 2781 5591 consistunt
2822 5535 3025 5598 omnia,
3071 5534 3381 5593 hominibus
3424 5552 3601 5594 autem

2035 5638 2356 5685 consuetum
2384 5639 2436 5684 et
2468 5626 2739 5683 lamiﬁare
2782 5640 3032 5683 sermone
3074 5626 3307 5699 primum
3358 5632 3607 5691 volunta-
