  <div class='ocr_page' id='page_1' title='image "/cluster/home/n/w/nwhite01/storage/ocr_20150623/45/mdp.39015011921478/509.png"; bbox 0 0 4056 6146; ppageno 0'>
   <div class='ocr_carea' id='block_1_1' title="bbox 566 231 671 296">
    <p class='ocr_par' dir='ltr' id='par_1_1' title="bbox 566 231 671 296">
     <span class='ocr_line' id='line_1_1' title="bbox 566 231 671 296; baseline 0 -17"><span class='ocrx_word' id='word_1_1' title='bbox 566 231 671 296; x_wconf 65' lang='lat'><strong>931</strong></span> 
     </span>
    </p>
   </div>
   <div class='ocr_carea' id='block_1_2' title="bbox 1770 221 3761 293">
    <p class='ocr_par' dir='ltr' id='par_1_2' title="bbox 1770 221 3761 293">
     <span class='ocr_line' id='line_1_2' title="bbox 1770 221 3761 293; baseline -0.005 -11"><span class='ocrx_word' id='word_1_2' title='bbox 1770 224 1828 282; x_wconf 76' lang='grc' dir='ltr'>ε.</span> <span class='ocrx_word' id='word_1_3' title='bbox 1863 221 2189 281; x_wconf 75' lang='grc' dir='ltr'>οιιεοοιιιι</span> <span class='ocrx_word' id='word_1_4' title='bbox 2242 221 2535 281; x_wconf 75' lang='lat' dir='ltr'><strong>uvsssm</strong></span> <span class='ocrx_word' id='word_1_5' title='bbox 3686 238 3761 293; x_wconf 57' lang='grc' dir='ltr'><strong>αι,</strong></span> 
     </span>
    </p>
   </div>
   <div class='ocr_carea' id='block_1_3' title="bbox 567 338 2146 418">
    <p class='ocr_par' dir='ltr' id='par_1_3' title="bbox 567 338 2146 412">
     <span class='ocr_line' id='line_1_3' title="bbox 567 338 2146 412; baseline -0.001 -19"><span class='ocrx_word' id='word_1_6' title='bbox 567 345 683 393; x_wconf 83' lang='lat' dir='ltr'><strong>tem</strong></span> <span class='ocrx_word' id='word_1_7' title='bbox 726 338 1070 412; x_wconf 78' lang='lat' dir='ltr'><strong>signiﬁcare,</strong></span> <span class='ocrx_word' id='word_1_8' title='bbox 1123 345 1181 395; x_wconf 88' lang='lat' dir='ltr'><strong>et</strong></span> <span class='ocrx_word' id='word_1_9' title='bbox 1235 338 1317 396; x_wconf 83' lang='lat' dir='ltr'><strong>sic</strong></span> <span class='ocrx_word' id='word_1_10' title='bbox 1363 353 1504 410; x_wconf 86' lang='lat' dir='ltr'><strong>opus</strong></span> <span class='ocrx_word' id='word_1_11' title='bbox 1529 338 1799 396; x_wconf 71' lang='lat' dir='ltr'><strong>voluntati</strong></span> <span class='ocrx_word' id='word_1_12' title='bbox 1846 353 2146 396; x_wconf 86' lang='lat' dir='ltr'><strong>consonum</strong></span> 
     </span>
    </p>
   </div>
   <div class='ocr_carea' id='block_1_4' title="bbox 2245 338 3760 418">
    <p class='ocr_par' dir='ltr' id='par_1_4' title="bbox 2257 339 3760 418">
     <span class='ocr_line' id='line_1_4' title="bbox 2257 339 3760 418; baseline 0.006 -26"><span class='ocrx_word' id='word_1_13' title='bbox 2257 339 2352 392; x_wconf 80' lang='grc' dir='ltr'>καὶ</span> <span class='ocrx_word' id='word_1_14' title='bbox 2371 339 2545 404; x_wconf 84' lang='grc' dir='ltr'>οὕτως</span> <span class='ocrx_word' id='word_1_15' title='bbox 2560 340 2786 409; x_wconf 77' lang='grc' dir='ltr'>ἐπάγειν</span> <span class='ocrx_word' id='word_1_16' title='bbox 2807 339 2867 394; x_wconf 77' lang='grc' dir='ltr'>τὸ</span> <span class='ocrx_word' id='word_1_17' title='bbox 2882 341 3039 413; x_wconf 72' lang='grc' dir='ltr'>ἔργον</span> <span class='ocrx_word' id='word_1_18' title='bbox 3070 344 3388 412; x_wconf 76' lang='grc' dir='ltr'><strong>συμφωνοῦν</strong></span> <span class='ocrx_word' id='word_1_19' title='bbox 3407 342 3479 416; x_wconf 75' lang='grc' dir='ltr'><strong>τῷ</strong></span> <span class='ocrx_word' id='word_1_20' title='bbox 3499 344 3760 418; x_wconf 69' lang='grc' dir='ltr'>βουλήματιο</span> 
     </span>
    </p>
   </div>
   <div class='ocr_carea' id='block_1_5' title="bbox 568 429 2153 501">
    <p class='ocr_par' dir='ltr' id='par_1_5' title="bbox 568 429 2153 501">
     <span class='ocr_line' id='line_1_5' title="bbox 568 429 2153 501; baseline 0.001 -18"><span class='ocrx_word' id='word_1_21' title='bbox 568 430 868 499; x_wconf 83' lang='lat' dir='ltr'><strong>inducere;</strong></span> <span class='ocrx_word' id='word_1_22' title='bbox 920 431 1206 501; x_wconf 72' lang='lat' dir='ltr'><strong>Scriptura</strong></span> <span class='ocrx_word' id='word_1_23' title='bbox 1268 437 1451 485; x_wconf 89' lang='lat' dir='ltr'><strong>autem</strong></span> <span class='ocrx_word' id='word_1_24' title='bbox 1507 430 1578 486; x_wconf 89' lang='lat' dir='ltr'><strong>de</strong></span> <span class='ocrx_word' id='word_1_25' title='bbox 1634 429 1829 486; x_wconf 90' lang='lat' dir='ltr'><strong>mundi</strong></span> <span class='ocrx_word' id='word_1_26' title='bbox 1876 430 2153 485; x_wconf 78' lang='lat' dir='ltr'><strong>creatione</strong></span> 
     </span>
    </p>
   </div>
   <div class='ocr_carea' id='block_1_6' title="bbox 566 520 2151 593">
    <p class='ocr_par' dir='ltr' id='par_1_6' title="bbox 566 520 2151 593">
     <span class='ocr_line' id='line_1_6' title="bbox 566 520 2151 593; baseline 0.001 -20"><span class='ocrx_word' id='word_1_27' title='bbox 566 520 975 590; x_wconf 87' lang='lat' dir='ltr'><strong>quodammodo</strong></span> <span class='ocrx_word' id='word_1_28' title='bbox 1038 521 1108 576; x_wconf 88' lang='lat' dir='ltr'><strong>ad</strong></span> <span class='ocrx_word' id='word_1_29' title='bbox 1181 520 1274 577; x_wconf 87' lang='lat' dir='ltr'><strong>Dei</strong></span> <span class='ocrx_word' id='word_1_30' title='bbox 1334 522 1702 593; x_wconf 71' lang='lat' dir='ltr'><strong>cognitionem</strong></span> <span class='ocrx_word' id='word_1_31' title='bbox 1762 522 2151 591; x_wconf 86' lang='lat' dir='ltr'><strong>incipientibus</strong></span> 
     </span>
    </p>
   </div>
   <div class='ocr_carea' id='block_1_7' title="bbox 564 614 2151 685">
    <p class='ocr_par' dir='ltr' id='par_1_7' title="bbox 564 614 2151 685">
     <span class='ocr_line' id='line_1_7' title="bbox 564 614 2151 685; baseline -0.001 -16"><span class='ocrx_word' id='word_1_32' title='bbox 564 614 969 669; x_wconf 87' lang='lat' dir='ltr'><strong>introductoria</strong></span> <span class='ocrx_word' id='word_1_33' title='bbox 999 622 1116 679; x_wconf 88' lang='lat' dir='ltr'><strong>est,</strong></span> <span class='ocrx_word' id='word_1_34' title='bbox 1148 630 1246 684; x_wconf 87' lang='lat' dir='ltr'><strong>per</strong></span> <span class='ocrx_word' id='word_1_35' title='bbox 1277 629 1339 670; x_wconf 82' lang='lat' dir='ltr'><strong>ea</strong></span> <span class='ocrx_word' id='word_1_36' title='bbox 1367 629 1488 685; x_wconf 68' lang='lat' dir='ltr'><strong>quae</strong></span> <span class='ocrx_word' id='word_1_37' title='bbox 1533 624 1662 670; x_wconf 82' lang='lat' dir='ltr'><strong>sunt</strong></span> <span class='ocrx_word' id='word_1_38' title='bbox 1705 615 2044 685; x_wconf 82' lang='lat' dir='ltr'><strong>promptiora</strong></span> <span class='ocrx_word' id='word_1_39' title='bbox 2082 614 2151 667; x_wconf 88' lang='lat' dir='ltr'><strong>ad</strong></span> 
     </span>
    </p>
   </div>
   <div class='ocr_carea' id='block_1_8' title="bbox 564 705 2152 776">
    <p class='ocr_par' dir='ltr' id='par_1_8' title="bbox 564 705 2152 776">
     <span class='ocr_line' id='line_1_8' title="bbox 564 705 2152 776; baseline 0.002 -17"><span class='ocrx_word' id='word_1_40' title='bbox 564 705 972 775; x_wconf 78' lang='lat' dir='ltr'><strong>cognitionem,</strong></span> <span class='ocrx_word' id='word_1_41' title='bbox 1020 706 1190 759; x_wconf 89' lang='lat' dir='ltr'><strong>robur</strong></span> <span class='ocrx_word' id='word_1_42' title='bbox 1237 714 1292 760; x_wconf 92' lang='lat' dir='ltr'><strong>et</strong></span> <span class='ocrx_word' id='word_1_43' title='bbox 1341 708 1641 776; x_wconf 79' lang='lat' dir='ltr'><strong>potentiam</strong></span> <span class='ocrx_word' id='word_1_44' title='bbox 1690 708 1889 761; x_wconf 70' lang='lat' dir='ltr'><strong>divinae</strong></span> <span class='ocrx_word' id='word_1_45' title='bbox 1940 716 2152 762; x_wconf 60' lang='lat' dir='ltr'><strong>naturae</strong></span> 
     </span>
    </p>
   </div>
   <div class='ocr_carea' id='block_1_9' title="bbox 565 801 2182 870">
    <p class='ocr_par' dir='ltr' id='par_1_9' title="bbox 565 801 2182 870">
     <span class='ocr_line' id='line_1_9' title="bbox 565 801 2182 870; baseline 0.001 -17"><span class='ocrx_word' id='word_1_46' title='bbox 565 806 959 868; x_wconf 72' lang='lat' dir='ltr'><strong>repraesentat.</strong></span> <span class='ocrx_word' id='word_1_47' title='bbox 998 801 1304 869; x_wconf 84' lang='lat' dir='ltr'><strong>promptior</strong></span> <span class='ocrx_word' id='word_1_48' title='bbox 1338 810 1519 854; x_wconf 85' lang='lat' dir='ltr'><strong>autem</strong></span> <span class='ocrx_word' id='word_1_49' title='bbox 1562 809 1648 855; x_wconf 91' lang='lat' dir='ltr'><strong>est</strong></span> <span class='ocrx_word' id='word_1_50' title='bbox 1694 801 1760 854; x_wconf 88' lang='lat' dir='ltr'><strong>ad</strong></span> <span class='ocrx_word' id='word_1_51' title='bbox 1804 816 1996 855; x_wconf 90' lang='lat' dir='ltr'><strong>eorum</strong></span> <span class='ocrx_word' id='word_1_52' title='bbox 2029 816 2182 870; x_wconf 71' lang='lat' dir='ltr'><strong>quin.</strong></span> 
     </span>
    </p>
   </div>
   <div class='ocr_carea' id='block_1_10' title="bbox 570 891 2147 961">
    <p class='ocr_par' dir='ltr' id='par_1_10' title="bbox 570 891 2147 961">
     <span class='ocr_line' id='line_1_10' title="bbox 570 891 2147 961; baseline 0.001 -17"><span class='ocrx_word' id='word_1_53' title='bbox 570 891 954 960; x_wconf 88' lang='lat' dir='ltr'><strong>intelliguntur</strong></span> <span class='ocrx_word' id='word_1_54' title='bbox 992 892 1360 959; x_wconf 80' lang='lat' dir='ltr'><strong>cognitionem</strong></span> <span class='ocrx_word' id='word_1_55' title='bbox 1404 907 1468 947; x_wconf 87' lang='lat' dir='ltr'><strong>ea</strong></span> <span class='ocrx_word' id='word_1_56' title='bbox 1506 908 1629 961; x_wconf 72' lang='lat' dir='ltr'><strong>qua:</strong></span> <span class='ocrx_word' id='word_1_57' title='bbox 1676 892 1733 946; x_wconf 82' lang='lat' dir='ltr'><strong>lit</strong></span> <span class='ocrx_word' id='word_1_58' title='bbox 1787 908 1883 961; x_wconf 88' lang='lat' dir='ltr'><strong>per</strong></span> <span class='ocrx_word' id='word_1_59' title='bbox 1925 907 2147 947; x_wconf 84' lang='lat' dir='ltr'><strong>sensum</strong></span> 
     </span>
    </p>
   </div>
   <div class='ocr_carea' id='block_1_11' title="bbox 566 981 2150 1054">
    <p class='ocr_par' dir='ltr' id='par_1_11' title="bbox 566 981 2150 1054">
     <span class='ocr_line' id='line_1_11' title="bbox 566 981 2150 1054; baseline 0.001 -18"><span class='ocrx_word' id='word_1_60' title='bbox 566 982 1017 1050; x_wconf 84' lang='lat' dir='ltr'><strong>comprehensio:</strong></span> <span class='ocrx_word' id='word_1_61' title='bbox 1049 981 1216 1052; x_wconf 85' lang='lat' dir='ltr'><strong>hujus</strong></span> <span class='ocrx_word' id='word_1_62' title='bbox 1247 998 1413 1037; x_wconf 86' lang='lat' dir='ltr'><strong>causa</strong></span> <span class='ocrx_word' id='word_1_63' title='bbox 1448 984 1624 1039; x_wconf 83' lang='lat' dir='ltr'><strong>Moses</strong></span> <span class='ocrx_word' id='word_1_64' title='bbox 1657 1000 1753 1054; x_wconf 89' lang='lat' dir='ltr'><strong>per</strong></span> <span class='ocrx_word' id='word_1_65' title='bbox 1792 983 1843 1037; x_wconf 89' lang='lat' dir='ltr'><strong>id</strong></span> <span class='ocrx_word' id='word_1_66' title='bbox 1888 984 2033 1053; x_wconf 88' lang='lat' dir='ltr'><strong>quod</strong></span> <span class='ocrx_word' id='word_1_67' title='bbox 2063 984 2150 1038; x_wconf 93' lang='lat' dir='ltr'><strong>di-</strong></span> 
     </span>
    </p>
   </div>
   <div class='ocr_carea' id='block_1_12' title="bbox 568 1074 2151 1148">
    <p class='ocr_par' dir='ltr' id='par_1_12' title="bbox 568 1074 2151 1148">
     <span class='ocr_line' id='line_1_12' title="bbox 568 1074 2151 1148; baseline 0.004 -22"><span class='ocrx_word' id='word_1_68' title='bbox 568 1074 647 1128; x_wconf 89' lang='lat' dir='ltr'><strong>xit</strong></span> <span class='ocrx_word' id='word_1_69' title='bbox 676 1074 843 1129; x_wconf 86' lang='lat' dir='ltr'><strong>Deum</strong></span> <span class='ocrx_word' id='word_1_70' title='bbox 868 1075 1103 1143; x_wconf 87' lang='lat' dir='ltr'><strong>jussisse</strong></span> <span class='ocrx_word' id='word_1_71' title='bbox 1136 1075 1287 1139; x_wconf 93' lang='lat' dir='ltr'><strong>ﬁeri,</strong></span> <span class='ocrx_word' id='word_1_72' title='bbox 1319 1077 1648 1131; x_wconf 83' lang='lat' dir='ltr'><strong>excitanteni</strong></span> <span class='ocrx_word' id='word_1_73' title='bbox 1679 1079 1974 1132; x_wconf 81' lang='lat' dir='ltr'><strong>voluntatis</strong></span> <span class='ocrx_word' id='word_1_74' title='bbox 2001 1089 2151 1148; x_wconf 80' lang='lat' dir='ltr'><strong>pote.-</strong></span> 
     </span>
    </p>
   </div>
   <div class='ocr_carea' id='block_1_13' title="bbox 565 1167 2145 1239">
    <p class='ocr_par' dir='ltr' id='par_1_13' title="bbox 565 1167 2145 1239">
     <span class='ocr_line' id='line_1_13' title="bbox 565 1167 2145 1239; baseline 0.001 -18"><span class='ocrx_word' id='word_1_75' title='bbox 565 1174 762 1221; x_wconf 75' lang='lat' dir='ltr'><strong>statem</strong></span> <span class='ocrx_word' id='word_1_76' title='bbox 791 1167 1071 1235; x_wconf 76' lang='lat' dir='ltr'><strong>exprimit.</strong></span> <span class='ocrx_word' id='word_1_77' title='bbox 1097 1167 1232 1220; x_wconf 82' lang='lat' dir='ltr'><strong>Cum</strong></span> <span class='ocrx_word' id='word_1_78' title='bbox 1268 1168 1496 1237; x_wconf 82' lang='lat' dir='ltr'><strong>adjecit,</strong></span> <span class='ocrx_word' id='word_1_79' title='bbox 1534 1168 1601 1222; x_wconf 82' lang='lat' dir='ltr'><strong>Et</strong></span> <span class='ocrx_word' id='word_1_80' title='bbox 1634 1170 1709 1222; x_wconf 77' lang='lat' dir='ltr'><strong>ita</strong></span> <span class='ocrx_word' id='word_1_81' title='bbox 1741 1170 1943 1239; x_wconf 77' lang='lat' dir='ltr'><strong>factum</strong></span> <span class='ocrx_word' id='word_1_82' title='bbox 1972 1180 2049 1223; x_wconf 83' lang='lat' dir='ltr'><strong>est</strong></span> <span class='ocrx_word' id='word_1_83' title='bbox 2079 1171 2145 1234; x_wconf 81' lang='grc'><strong>³⁸,</strong></span> 
     </span>
    </p>
   </div>
   <div class='ocr_carea' id='block_1_14' title="bbox 565 1256 2147 1330">
    <p class='ocr_par' dir='ltr' id='par_1_14' title="bbox 565 1256 2147 1330">
     <span class='ocr_line' id='line_1_14' title="bbox 565 1256 2147 1330; baseline 0.003 -21"><span class='ocrx_word' id='word_1_84' title='bbox 565 1256 770 1309; x_wconf 84' lang='lat' dir='ltr'><strong>nullam</strong></span> <span class='ocrx_word' id='word_1_85' title='bbox 802 1272 925 1310; x_wconf 87' lang='lat' dir='ltr'><strong>esse</strong></span> <span class='ocrx_word' id='word_1_86' title='bbox 960 1257 1256 1311; x_wconf 78' lang='lat' dir='ltr'><strong>voluntatis</strong></span> <span class='ocrx_word' id='word_1_87' title='bbox 1286 1266 1341 1311; x_wconf 90' lang='lat' dir='ltr'><strong>et</strong></span> <span class='ocrx_word' id='word_1_88' title='bbox 1372 1267 1529 1314; x_wconf 84' lang='lat' dir='ltr'><strong>actus</strong></span> <span class='ocrx_word' id='word_1_89' title='bbox 1575 1259 1629 1313; x_wconf 87' lang='lat' dir='ltr'><strong>in</strong></span> <span class='ocrx_word' id='word_1_90' title='bbox 1676 1259 1861 1314; x_wconf 87' lang='lat' dir='ltr'><strong>divina</strong></span> <span class='ocrx_word' id='word_1_91' title='bbox 1905 1262 2147 1330; x_wconf 89' lang='lat' dir='ltr'><strong>potentia</strong></span> 
     </span>
    </p>
   </div>
   <div class='ocr_carea' id='block_1_15' title="bbox 564 1346 2145 1413">
    <p class='ocr_par' dir='ltr' id='par_1_15' title="bbox 564 1346 2145 1413">
     <span class='ocr_line' id='line_1_15' title="bbox 564 1346 2145 1413; baseline 0.003 -13"><span class='ocrx_word' id='word_1_92' title='bbox 564 1346 932 1400; x_wconf 70' lang='lat' dir='ltr'><strong>dill‘erentiam</strong></span> <span class='ocrx_word' id='word_1_93' title='bbox 962 1349 1201 1402; x_wconf 85' lang='lat' dir='ltr'><strong>os&#39;endit</strong></span> <span class='ocrx_word' id='word_1_94' title='bbox 1222 1390 1236 1413; x_wconf 96' lang='lat'><strong>,</strong></span> <span class='ocrx_word' id='word_1_95' title='bbox 1267 1349 1361 1404; x_wconf 87' lang='lat' dir='ltr'><strong>sed</strong></span> <span class='ocrx_word' id='word_1_96' title='bbox 1395 1349 1554 1405; x_wconf 87' lang='lat' dir='ltr'><strong>docet</strong></span> <span class='ocrx_word' id='word_1_97' title='bbox 1588 1351 1641 1403; x_wconf 90' lang='lat' dir='ltr'><strong>in</strong></span> <span class='ocrx_word' id='word_1_98' title='bbox 1672 1350 1779 1405; x_wconf 89' lang='lat' dir='ltr'><strong>Deo</strong></span> <span class='ocrx_word' id='word_1_99' title='bbox 1812 1353 2145 1409; x_wconf 85' lang='lat' dir='ltr'><strong>intellectum</strong></span> 
     </span>
    </p>
   </div>
   <div class='ocr_carea' id='block_1_16' title="bbox 565 1438 2145 1513">
    <p class='ocr_par' dir='ltr' id='par_1_16' title="bbox 565 1438 2145 1513">
     <span class='ocr_line' id='line_1_16' title="bbox 565 1438 2145 1513; baseline 0.004 -22"><span class='ocrx_word' id='word_1_100' title='bbox 565 1438 711 1491; x_wconf 80' lang='lat' dir='ltr'><strong>actui</strong></span> <span class='ocrx_word' id='word_1_101' title='bbox 739 1439 963 1507; x_wconf 61' lang='grc' dir='ltr'>ιιι-πῖνε,</span> <span class='ocrx_word' id='word_1_102' title='bbox 989 1454 1095 1493; x_wconf 92' lang='lat' dir='ltr'><strong>non</strong></span> <span class='ocrx_word' id='word_1_103' title='bbox 1126 1447 1305 1495; x_wconf 89' lang='lat' dir='ltr'><strong>tamen</strong></span> <span class='ocrx_word' id='word_1_104' title='bbox 1328 1450 1510 1495; x_wconf 89' lang='lat' dir='ltr'><strong>actum</strong></span> <span class='ocrx_word' id='word_1_105' title='bbox 1536 1444 1758 1513; x_wconf 87' lang='lat' dir='ltr'><strong>cognito</strong></span> <span class='ocrx_word' id='word_1_106' title='bbox 1788 1446 2145 1513; x_wconf 74' lang='lat' dir='ltr'><strong>posteriorem</strong></span> 
     </span>
    </p>
   </div>
   <div class='ocr_carea' id='block_1_17' title="bbox 564 1531 2147 1597">
    <p class='ocr_par' dir='ltr' id='par_1_17' title="bbox 564 1531 2147 1597">
     <span class='ocr_line' id='line_1_17' title="bbox 564 1531 2147 1597; baseline 0.006 -14"><span class='ocrx_word' id='word_1_107' title='bbox 564 1546 721 1592; x_wconf 85' lang='lat' dir='ltr'><strong>esse,</strong></span> <span class='ocrx_word' id='word_1_108' title='bbox 756 1531 851 1585; x_wconf 90' lang='lat' dir='ltr'><strong>sed</strong></span> <span class='ocrx_word' id='word_1_109' title='bbox 886 1532 1046 1585; x_wconf 86' lang='lat' dir='ltr'><strong>simul</strong></span> <span class='ocrx_word' id='word_1_110' title='bbox 1085 1532 1228 1597; x_wconf 91' lang='lat' dir='ltr'><strong>duo,</strong></span> <span class='ocrx_word' id='word_1_111' title='bbox 1260 1544 1314 1588; x_wconf 91' lang='lat' dir='ltr'><strong>et</strong></span> <span class='ocrx_word' id='word_1_112' title='bbox 1356 1535 1659 1590; x_wconf 81' lang='lat' dir='ltr'><strong>secundum</strong></span> <span class='ocrx_word' id='word_1_113' title='bbox 1705 1536 1848 1591; x_wconf 90' lang='lat' dir='ltr'><strong>idem</strong></span> <span class='ocrx_word' id='word_1_114' title='bbox 1892 1538 2147 1593; x_wconf 88' lang='lat' dir='ltr'><strong>conside-</strong></span> 
     </span>
    </p>
   </div>
   <div class='ocr_carea' id='block_1_18' title="bbox 567 1624 2142 1699">
    <p class='ocr_par' dir='ltr' id='par_1_18' title="bbox 567 1624 2142 1699">
     <span class='ocr_line' id='line_1_18' title="bbox 567 1624 2142 1699; baseline 0.006 -24"><span class='ocrx_word' id='word_1_115' title='bbox 567 1624 706 1684; x_wconf 87' lang='lat' dir='ltr'><strong>rari,</strong></span> <span class='ocrx_word' id='word_1_116' title='bbox 737 1634 790 1678; x_wconf 90' lang='lat' dir='ltr'><strong>et</strong></span> <span class='ocrx_word' id='word_1_117' title='bbox 816 1624 1100 1678; x_wconf 90' lang='lat' dir='ltr'><strong>elcctivam</strong></span> <span class='ocrx_word' id='word_1_118' title='bbox 1136 1627 1338 1682; x_wconf 87' lang='lat' dir='ltr'><strong>mentis</strong></span> <span class='ocrx_word' id='word_1_119' title='bbox 1372 1628 1668 1684; x_wconf 88' lang='lat' dir='ltr'><strong>motionem</strong></span> <span class='ocrx_word' id='word_1_120' title='bbox 1708 1638 1762 1683; x_wconf 91' lang='lat' dir='ltr'><strong>et</strong></span> <span class='ocrx_word' id='word_1_121' title='bbox 1792 1630 2142 1699; x_wconf 80' lang='lat' dir='ltr'><strong>perlectivam</strong></span> 
     </span>
    </p>
   </div>
   <div class='ocr_carea' id='block_1_19' title="bbox 2252 429 3761 505">
    <p class='ocr_par' dir='ltr' id='par_1_19' title="bbox 2252 429 3761 505">
     <span class='ocr_line' id='line_1_19' title="bbox 2252 429 3761 505; baseline 0.004 -22"><span class='ocrx_word' id='word_1_122' title='bbox 2252 431 2286 499; x_wconf 86' lang='grc' dir='ltr'><strong>ή</strong></span> <span class='ocrx_word' id='word_1_123' title='bbox 2314 430 2372 483; x_wconf 70' lang='grc' dir='ltr'>δὲ</span> <span class='ocrx_word' id='word_1_124' title='bbox 2424 429 2615 502; x_wconf 77' lang='grc' dir='ltr'>Γραφὴ</span> <span class='ocrx_word' id='word_1_125' title='bbox 2669 431 2767 501; x_wconf 82' lang='grc' dir='ltr'>τῆς</span> <span class='ocrx_word' id='word_1_126' title='bbox 2811 432 3195 501; x_wconf 85' lang='grc' dir='ltr'>κοσμογενείας</span> <span class='ocrx_word' id='word_1_127' title='bbox 3229 436 3549 505; x_wconf 80' lang='grc' dir='ltr'>είσαγωγική</span> <span class='ocrx_word' id='word_1_128' title='bbox 3592 441 3761 500; x_wconf 77' lang='grc' dir='ltr'>πωςιίς</span> 
     </span>
    </p>
   </div>
   <div class='ocr_carea' id='block_1_20' title="bbox 2252 520 3761 599">
    <p class='ocr_par' dir='ltr' id='par_1_20' title="bbox 2252 520 3761 599">
     <span class='ocr_line' id='line_1_20' title="bbox 2252 520 3761 599; baseline 0.005 -26"><span class='ocrx_word' id='word_1_129' title='bbox 2252 520 2582 590; x_wconf 84' lang='grc' dir='ltr'>θεογνωσίαν</span> <span class='ocrx_word' id='word_1_130' title='bbox 2610 522 2722 584; x_wconf 73' lang='grc' dir='ltr'>τοῖς</span> <span class='ocrx_word' id='word_1_131' title='bbox 2748 520 3073 593; x_wconf 81' lang='grc' dir='ltr'>ἀρχομένοις</span> <span class='ocrx_word' id='word_1_132' title='bbox 3084 524 3225 587; x_wconf 70' lang='grc' dir='ltr'>ἐστὶ,</span> <span class='ocrx_word' id='word_1_133' title='bbox 3247 524 3337 577; x_wconf 68' lang='grc' dir='ltr'><strong>διὰ</strong></span> <span class='ocrx_word' id='word_1_134' title='bbox 3349 527 3451 576; x_wconf 80' lang='grc' dir='ltr'>τῶν</span> <span class='ocrx_word' id='word_1_135' title='bbox 3467 527 3761 599; x_wconf 72' lang='grc' dir='ltr'><strong>ἑτοιμοτέρων</strong></span> 
     </span>
    </p>
   </div>
   <div class='ocr_carea' id='block_1_21' title="bbox 2250 612 3761 689">
    <p class='ocr_par' dir='ltr' id='par_1_21' title="bbox 2250 612 3761 689">
     <span class='ocr_line' id='line_1_21' title="bbox 2250 612 3761 689; baseline 0.006 -26"><span class='ocrx_word' id='word_1_136' title='bbox 2250 614 2332 677; x_wconf 87' lang='grc' dir='ltr'><strong>εἰς</strong></span> <span class='ocrx_word' id='word_1_137' title='bbox 2350 612 2678 683; x_wconf 80' lang='grc' dir='ltr'><strong>κατανόησιν</strong></span> <span class='ocrx_word' id='word_1_138' title='bbox 2698 612 2795 682; x_wconf 84' lang='grc' dir='ltr'><strong>τὴν</strong></span> <span class='ocrx_word' id='word_1_139' title='bbox 2816 614 2970 684; x_wconf 77' lang='grc' dir='ltr'>ἰσχὺν</span> <span class='ocrx_word' id='word_1_140' title='bbox 2992 617 3091 685; x_wconf 80' lang='grc' dir='ltr'>τῆς</span> <span class='ocrx_word' id='word_1_141' title='bbox 3113 616 3260 679; x_wconf 80' lang='grc' dir='ltr'><strong>Θείας</strong></span> <span class='ocrx_word' id='word_1_142' title='bbox 3278 618 3559 689; x_wconf 77' lang='grc' dir='ltr'><strong>παρίστησι</strong></span> <span class='ocrx_word' id='word_1_143' title='bbox 3577 621 3761 689; x_wconf 75' lang='grc' dir='ltr'>φύσεως,</span> 
     </span>
    </p>
   </div>
   <div class='ocr_carea' id='block_1_22' title="bbox 2250 704 3763 780">
    <p class='ocr_par' dir='ltr' id='par_1_22' title="bbox 2250 704 3763 780">
     <span class='ocr_line' id='line_1_22' title="bbox 2250 704 3763 780; baseline 0.006 -24"><span class='ocrx_word' id='word_1_144' title='bbox 2250 704 2667 775; x_wconf 86' lang='grc' dir='ltr'><strong>προχειρότερον</strong></span> <span class='ocrx_word' id='word_1_145' title='bbox 2686 704 2744 760; x_wconf 83' lang='grc' dir='ltr'>δὲ</span> <span class='ocrx_word' id='word_1_146' title='bbox 2774 707 2854 769; x_wconf 86' lang='grc' dir='ltr'><strong>είς</strong></span> <span class='ocrx_word' id='word_1_147' title='bbox 2874 707 3073 774; x_wconf 84' lang='grc' dir='ltr'>γνῶσιν</span> <span class='ocrx_word' id='word_1_148' title='bbox 3090 708 3197 760; x_wconf 82' lang='grc' dir='ltr'>τῶν</span> <span class='ocrx_word' id='word_1_149' title='bbox 3225 709 3519 777; x_wconf 82' lang='grc' dir='ltr'><strong>νοουμένων</strong></span> <span class='ocrx_word' id='word_1_150' title='bbox 3541 706 3571 773; x_wconf 86' lang='grc' dir='ltr'>ἡ</span> <span class='ocrx_word' id='word_1_151' title='bbox 3607 711 3680 763; x_wconf 66' lang='grc' dir='ltr'><strong>διὰ</strong></span> <span class='ocrx_word' id='word_1_152' title='bbox 3695 715 3763 780; x_wconf 77' lang='grc' dir='ltr'>τῆς</span> 
     </span>
    </p>
   </div>
   <div class='ocr_carea' id='block_1_23' title="bbox 2250 797 3766 872">
    <p class='ocr_par' dir='ltr' id='par_1_23' title="bbox 2250 797 3766 872">
     <span class='ocr_line' id='line_1_23' title="bbox 2250 797 3766 872; baseline 0.003 -22"><span class='ocrx_word' id='word_1_153' title='bbox 2250 797 2555 868; x_wconf 75' lang='grc' dir='ltr'>αἰσθήσεως</span> <span class='ocrx_word' id='word_1_154' title='bbox 2586 798 2891 869; x_wconf 77' lang='grc' dir='ltr'>κατάληψις</span> <span class='ocrx_word' id='word_1_155' title='bbox 2924 800 3164 867; x_wconf 84' lang='grc' dir='ltr'>γίνεται⁶</span> <span class='ocrx_word' id='word_1_156' title='bbox 3193 800 3380 854; x_wconf 84' lang='grc' dir='ltr'>τούτου</span> <span class='ocrx_word' id='word_1_157' title='bbox 3414 802 3564 872; x_wconf 81' lang='grc' dir='ltr'><strong>χάριν</strong></span> <span class='ocrx_word' id='word_1_158' title='bbox 3593 800 3619 852; x_wconf 89' lang='lat'><strong>6</strong></span> <span class='ocrx_word' id='word_1_159' title='bbox 3644 804 3766 856; x_wconf 83' lang='grc' dir='ltr'>Μωῠ-</span> 
     </span>
    </p>
   </div>
   <div class='ocr_carea' id='block_1_24' title="bbox 2252 890 3763 963">
    <p class='ocr_par' dir='ltr' id='par_1_24' title="bbox 2252 890 3763 963">
     <span class='ocr_line' id='line_1_24' title="bbox 2252 890 3763 963; baseline 0.002 -21"><span class='ocrx_word' id='word_1_160' title='bbox 2252 891 2350 960; x_wconf 84' lang='grc' dir='ltr'>σῆς</span> <span class='ocrx_word' id='word_1_161' title='bbox 2378 890 2465 943; x_wconf 84' lang='grc' dir='ltr'>διὰ</span> <span class='ocrx_word' id='word_1_162' title='bbox 2493 890 2585 944; x_wconf 80' lang='grc' dir='ltr'>τοῦ</span> <span class='ocrx_word' id='word_1_163' title='bbox 2619 892 2797 945; x_wconf 78' lang='grc' dir='ltr'>εἰπεῖν</span> <span class='ocrx_word' id='word_1_164' title='bbox 2817 892 2907 944; x_wconf 85' lang='grc' dir='ltr'>τὸν</span> <span class='ocrx_word' id='word_1_165' title='bbox 2939 892 3072 946; x_wconf 75' lang='grc' dir='ltr'>Θεὸν</span> <span class='ocrx_word' id='word_1_166' title='bbox 3092 891 3209 944; x_wconf 81' lang='grc' dir='ltr'>τόδε</span> <span class='ocrx_word' id='word_1_167' title='bbox 3230 893 3480 961; x_wconf 79' lang='grc' dir='ltr'>γενέσθαι</span> <span class='ocrx_word' id='word_1_168' title='bbox 3500 895 3763 963; x_wconf 74' lang='grc' dir='ltr'>προστάξαι.</span> 
     </span>
    </p>
   </div>
   <div class='ocr_carea' id='block_1_25' title="bbox 2249 982 3763 1056">
    <p class='ocr_par' dir='ltr' id='par_1_25' title="bbox 2249 982 3763 1056">
     <span class='ocr_line' id='line_1_25' title="bbox 2249 982 3763 1056; baseline 0.003 -22"><span class='ocrx_word' id='word_1_169' title='bbox 2249 982 2346 1052; x_wconf 87' lang='grc' dir='ltr'>τὴν</span> <span class='ocrx_word' id='word_1_170' title='bbox 2378 982 2684 1053; x_wconf 80' lang='grc' dir='ltr'>ὁρμητικὴν</span> <span class='ocrx_word' id='word_1_171' title='bbox 2729 983 2823 1036; x_wconf 83' lang='grc' dir='ltr'><strong>τοῦ</strong></span> <span class='ocrx_word' id='word_1_172' title='bbox 2872 983 3173 1055; x_wconf 82' lang='grc' dir='ltr'><strong>θελήματος</strong></span> <span class='ocrx_word' id='word_1_173' title='bbox 3206 982 3449 1048; x_wconf 73' lang='grc' dir='ltr'><strong>ἐξουσίαν</strong></span> <span class='ocrx_word' id='word_1_174' title='bbox 3494 985 3763 1056; x_wconf 68' lang='grc' dir='ltr'>παρίστησι·</span> 
     </span>
    </p>
   </div>
   <div class='ocr_carea' id='block_1_26' title="bbox 2250 1072 3767 1146">
    <p class='ocr_par' dir='ltr' id='par_1_26' title="bbox 2250 1072 3767 1146">
     <span class='ocr_line' id='line_1_26' title="bbox 2250 1072 3767 1146; baseline 0.003 -21"><span class='ocrx_word' id='word_1_175' title='bbox 2250 1072 2337 1129; x_wconf 82' lang='grc' dir='ltr'>διὰ</span> <span class='ocrx_word' id='word_1_176' title='bbox 2378 1073 2433 1125; x_wconf 87' lang='grc' dir='ltr'>δὲ</span> <span class='ocrx_word' id='word_1_177' title='bbox 2457 1074 2550 1127; x_wconf 83' lang='grc' dir='ltr'>τοῦ</span> <span class='ocrx_word' id='word_1_178' title='bbox 2585 1075 2897 1145; x_wconf 87' lang='grc' dir='ltr'>προσθεῖναι</span> <span class='ocrx_word' id='word_1_179' title='bbox 2925 1074 3123 1140; x_wconf 76' lang='grc' dir='ltr'>τὸ,Καὶ</span> <span class='ocrx_word' id='word_1_180' title='bbox 3145 1075 3383 1145; x_wconf 74' lang='grc' dir='ltr'>ἐγένετο</span> <span class='ocrx_word' id='word_1_181' title='bbox 3403 1078 3595 1143; x_wconf 80' lang='grc' dir='ltr'>οὕτως,</span> <span class='ocrx_word' id='word_1_182' title='bbox 3616 1078 3667 1129; x_wconf 81' lang='grc' dir='ltr'>τὸ</span> <span class='ocrx_word' id='word_1_183' title='bbox 3692 1096 3767 1146; x_wconf 83' lang='grc' dir='ltr'>μη-</span> 
     </span>
    </p>
   </div>
   <div class='ocr_carea' id='block_1_27' title="bbox 2247 1164 3765 1239">
    <p class='ocr_par' dir='ltr' id='par_1_27' title="bbox 2247 1164 3765 1239">
     <span class='ocr_line' id='line_1_27' title="bbox 2247 1164 3765 1239; baseline 0.002 -21"><span class='ocrx_word' id='word_1_184' title='bbox 2247 1164 2438 1237; x_wconf 89' lang='grc' dir='ltr'>δεμίαν</span> <span class='ocrx_word' id='word_1_185' title='bbox 2484 1165 2624 1221; x_wconf 78' lang='grc' dir='ltr'>εἶναι</span> <span class='ocrx_word' id='word_1_186' title='bbox 2666 1168 2931 1237; x_wconf 81' lang='grc' dir='ltr'>διαφορὰν</span> <span class='ocrx_word' id='word_1_187' title='bbox 2966 1167 3306 1238; x_wconf 84' lang='grc' dir='ltr'>βουλήματός</span> <span class='ocrx_word' id='word_1_188' title='bbox 3344 1185 3403 1221; x_wconf 84' lang='grc' dir='ltr'><strong>τε</strong></span> <span class='ocrx_word' id='word_1_189' title='bbox 3430 1169 3518 1222; x_wconf 81' lang='grc' dir='ltr'>καὶ</span> <span class='ocrx_word' id='word_1_190' title='bbox 3544 1170 3765 1239; x_wconf 63' lang='grc' dir='ltr'>ἐνεργείας</span> 
     </span>
    </p>
   </div>
   <div class='ocr_carea' id='block_1_28' title="bbox 2248 1259 3765 1329">
    <p class='ocr_par' dir='ltr' id='par_1_28' title="bbox 2248 1259 3765 1329">
     <span class='ocr_line' id='line_1_28' title="bbox 2248 1259 3765 1329; baseline 0.001 -18"><span class='ocrx_word' id='word_1_191' title='bbox 2248 1260 2365 1312; x_wconf 70' lang='grc' dir='ltr'>ἐπὶ·</span> <span class='ocrx_word' id='word_1_192' title='bbox 2399 1260 2500 1328; x_wconf 82' lang='grc' dir='ltr'>τῆς</span> <span class='ocrx_word' id='word_1_193' title='bbox 2550 1259 2697 1324; x_wconf 81' lang='grc' dir='ltr'><strong>θείας</strong></span> <span class='ocrx_word' id='word_1_194' title='bbox 2729 1260 3063 1314; x_wconf 72' lang='grc' dir='ltr'><strong>ἐνδείκνυται</strong></span> <span class='ocrx_word' id='word_1_195' title='bbox 3121 1260 3361 1329; x_wconf 85' lang='grc' dir='ltr'>φύσεως,</span> <span class='ocrx_word' id='word_1_196' title='bbox 3414 1260 3543 1313; x_wconf 77' lang='grc' dir='ltr'>ἀλλὰ</span> <span class='ocrx_word' id='word_1_197' title='bbox 3578 1260 3765 1313; x_wconf 74' lang='grc' dir='ltr'><strong>διδάσκει</strong></span> 
     </span>
    </p>
   </div>
   <div class='ocr_carea' id='block_1_29' title="bbox 2248 1351 3766 1424">
    <p class='ocr_par' dir='ltr' id='par_1_29' title="bbox 2248 1351 3766 1424">
     <span class='ocr_line' id='line_1_29' title="bbox 2248 1351 3766 1424; baseline -0.002 -19"><span class='ocrx_word' id='word_1_198' title='bbox 2248 1351 2607 1424; x_wconf 81' lang='grc' dir='ltr'><strong>καθηγεῖσθαι</strong></span> <span class='ocrx_word' id='word_1_199' title='bbox 2657 1354 2753 1423; x_wconf 78' lang='grc' dir='ltr'><strong>μὲν</strong></span> <span class='ocrx_word' id='word_1_200' title='bbox 2796 1353 2889 1407; x_wconf 74' lang='grc' dir='ltr'>ἐπὶ</span> <span class='ocrx_word' id='word_1_201' title='bbox 2917 1352 3010 1407; x_wconf 81' lang='grc' dir='ltr'>τοῦ</span> <span class='ocrx_word' id='word_1_202' title='bbox 3067 1353 3201 1407; x_wconf 82' lang='grc' dir='ltr'><strong>Θεοῦ</strong></span> <span class='ocrx_word' id='word_1_203' title='bbox 3262 1355 3363 1424; x_wconf 76' lang='grc' dir='ltr'><strong>τῆς</strong></span> <span class='ocrx_word' id='word_1_204' title='bbox 3402 1354 3657 1423; x_wconf 78' lang='grc' dir='ltr'>ἐνεργείας</span> <span class='ocrx_word' id='word_1_205' title='bbox 3695 1353 3766 1421; x_wconf 73' lang='grc' dir='ltr'>τὴν</span> 
     </span>
    </p>
   </div>
   <div class='ocr_carea' id='block_1_30' title="bbox 2248 1442 3766 1515">
    <p class='ocr_par' dir='ltr' id='par_1_30' title="bbox 2248 1442 3766 1515">
     <span class='ocr_line' id='line_1_30' title="bbox 2248 1442 3766 1515; baseline -0.001 -19"><span class='ocrx_word' id='word_1_206' title='bbox 2248 1442 2453 1512; x_wconf 87' lang='grc' dir='ltr'>νόησιν,</span> <span class='ocrx_word' id='word_1_207' title='bbox 2485 1443 2584 1496; x_wconf 85' lang='grc' dir='ltr'><strong>οὐκ</strong></span> <span class='ocrx_word' id='word_1_208' title='bbox 2612 1444 2987 1515; x_wconf 75' lang='grc' dir='ltr'>ἐφυστερίζειν</span> <span class='ocrx_word' id='word_1_209' title='bbox 3002 1444 3059 1497; x_wconf 76' lang='grc' dir='ltr'>δὲ</span> <span class='ocrx_word' id='word_1_210' title='bbox 3082 1444 3222 1514; x_wconf 84' lang='grc' dir='ltr'>μετὰ</span> <span class='ocrx_word' id='word_1_211' title='bbox 3240 1445 3302 1498; x_wconf 78' lang='grc' dir='ltr'>τὸ</span> <span class='ocrx_word' id='word_1_212' title='bbox 3331 1444 3515 1515; x_wconf 78' lang='grc' dir='ltr'><strong>νοηθὲν</strong></span> <span class='ocrx_word' id='word_1_213' title='bbox 3550 1445 3635 1513; x_wconf 82' lang='grc' dir='ltr'>τὴν</span> <span class='ocrx_word' id='word_1_214' title='bbox 3652 1444 3766 1513; x_wconf 80' lang='grc' dir='ltr'>ἐνέρ-</span> 
     </span>
    </p>
   </div>
   <div class='ocr_carea' id='block_1_31' title="bbox 2247 1536 3767 1606">
    <p class='ocr_par' dir='ltr' id='par_1_31' title="bbox 2247 1536 3767 1606">
     <span class='ocr_line' id='line_1_31' title="bbox 2247 1536 3767 1606; baseline -0.001 -18"><span class='ocrx_word' id='word_1_215' title='bbox 2247 1552 2421 1604; x_wconf 86' lang='grc' dir='ltr'>γειαν.</span> <span class='ocrx_word' id='word_1_216' title='bbox 2445 1536 2557 1589; x_wconf 79' lang='grc' dir='ltr'>ἀλλ’</span> <span class='ocrx_word' id='word_1_217' title='bbox 2589 1536 2706 1605; x_wconf 84' lang='grc' dir='ltr'>ἆμα</span> <span class='ocrx_word' id='word_1_218' title='bbox 2741 1537 2808 1589; x_wconf 85' lang='grc' dir='ltr'>τὰ</span> <span class='ocrx_word' id='word_1_219' title='bbox 2830 1537 2943 1599; x_wconf 78' lang='grc' dir='ltr'>δύο,</span> <span class='ocrx_word' id='word_1_220' title='bbox 2974 1536 3069 1590; x_wconf 67' lang='grc' dir='ltr'><strong>καὶ</strong></span> <span class='ocrx_word' id='word_1_221' title='bbox 3096 1536 3236 1590; x_wconf 82' lang='grc' dir='ltr'>κατὰ</span> <span class='ocrx_word' id='word_1_222' title='bbox 3259 1536 3452 1589; x_wconf 81' lang='grc' dir='ltr'><strong>ταύτὸν</strong></span> <span class='ocrx_word' id='word_1_223' title='bbox 3487 1536 3767 1606; x_wconf 83' lang='grc' dir='ltr'>θεωρεῖσθαι,</span> 
     </span>
    </p>
   </div>
   <div class='ocr_carea' id='block_1_32' title="bbox 2248 1626 3769 1699">
    <p class='ocr_par' dir='ltr' id='par_1_32' title="bbox 2248 1626 3769 1699">
     <span class='ocr_line' id='line_1_32' title="bbox 2248 1626 3769 1699; baseline 0 -19"><span class='ocrx_word' id='word_1_224' title='bbox 2248 1629 2348 1698; x_wconf 85' lang='grc' dir='ltr'><strong>τήν</strong></span> <span class='ocrx_word' id='word_1_225' title='bbox 2377 1645 2436 1681; x_wconf 84' lang='grc' dir='ltr'><strong>τε</strong></span> <span class='ocrx_word' id='word_1_226' title='bbox 2471 1628 2861 1699; x_wconf 79' lang='grc' dir='ltr'><strong>προαιρετικὴν</strong></span> <span class='ocrx_word' id='word_1_227' title='bbox 2883 1628 2976 1682; x_wconf 83' lang='grc' dir='ltr'><strong>τοῦ</strong></span> <span class='ocrx_word' id='word_1_228' title='bbox 3017 1628 3106 1681; x_wconf 78' lang='grc' dir='ltr'><strong>νοῦ</strong></span> <span class='ocrx_word' id='word_1_229' title='bbox 3138 1626 3354 1698; x_wconf 88' lang='grc' dir='ltr'>κίνησιν</span> <span class='ocrx_word' id='word_1_230' title='bbox 3395 1630 3485 1681; x_wconf 73' lang='grc' dir='ltr'>καὶ</span> <span class='ocrx_word' id='word_1_231' title='bbox 3510 1628 3597 1698; x_wconf 85' lang='grc' dir='ltr'><strong>τήν</strong></span> <span class='ocrx_word' id='word_1_232' title='bbox 3618 1629 3769 1681; x_wconf 72' lang='grc' dir='ltr'>ἀπατε-</span> 
     </span>
    </p>
   </div>
   <div class='ocr_carea' id='block_1_33' title="bbox 564 1700 2146 1792">
    <p class='ocr_par' dir='ltr' id='par_1_33' title="bbox 564 1713 2146 1782">
     <span class='ocr_line' id='line_1_33' title="bbox 564 1713 2146 1782; baseline 0.007 -16"><span class='ocrx_word' id='word_1_233' title='bbox 564 1713 644 1768; x_wconf 87' lang='lat' dir='ltr'><strong>rci</strong></span> <span class='ocrx_word' id='word_1_234' title='bbox 677 1716 997 1782; x_wconf 80' lang='lat' dir='ltr'><strong>potentiam.</strong></span> <span class='ocrx_word' id='word_1_235' title='bbox 1029 1716 1247 1771; x_wconf 87' lang='lat' dir='ltr'><strong>Nullum</strong></span> <span class='ocrx_word' id='word_1_236' title='bbox 1293 1720 1439 1774; x_wconf 89' lang='lat' dir='ltr'><strong>enim</strong></span> <span class='ocrx_word' id='word_1_237' title='bbox 1485 1719 1635 1775; x_wconf 84' lang='lat' dir='ltr'><strong>dedit</strong></span> <span class='ocrx_word' id='word_1_238' title='bbox 1673 1721 1911 1775; x_wconf 90' lang='lat' dir='ltr'><strong>medium</strong></span> <span class='ocrx_word' id='word_1_239' title='bbox 1956 1724 2146 1777; x_wconf 84' lang='lat' dir='ltr'><strong>intelli-</strong></span> 
     </span>
    </p>
   </div>
   <div class='ocr_carea' id='block_1_34' title="bbox 2245 1700 3771 1792">
    <p class='ocr_par' dir='ltr' id='par_1_34' title="bbox 2249 1719 3771 1792">
     <span class='ocr_line' id='line_1_34' title="bbox 2249 1719 3771 1792; baseline -0.003 -18"><span class='ocrx_word' id='word_1_240' title='bbox 2249 1720 2504 1791; x_wconf 86' lang='grc' dir='ltr'>λεστικὴν</span> <span class='ocrx_word' id='word_1_241' title='bbox 2532 1719 2626 1773; x_wconf 78' lang='grc' dir='ltr'><strong>τοῦ</strong></span> <span class='ocrx_word' id='word_1_242' title='bbox 2657 1721 2984 1791; x_wconf 81' lang='grc' dir='ltr'>πράγματος</span> <span class='ocrx_word' id='word_1_243' title='bbox 3014 1720 3268 1792; x_wconf 80' lang='grc' dir='ltr'>δύναμιν.</span> <span class='ocrx_word' id='word_1_244' title='bbox 3303 1720 3465 1773; x_wconf 79' lang='grc' dir='ltr'>Οὐδὲν</span> <span class='ocrx_word' id='word_1_245' title='bbox 3488 1720 3587 1791; x_wconf 85' lang='grc' dir='ltr'>γὰρ</span> <span class='ocrx_word' id='word_1_246' title='bbox 3615 1720 3771 1771; x_wconf 80' lang='grc' dir='ltr'>ἔδωκεν</span> 
     </span>
    </p>
   </div>
   <div class='ocr_carea' id='block_1_35' title="bbox 563 1805 2148 1882">
    <p class='ocr_par' dir='ltr' id='par_1_35' title="bbox 563 1805 2148 1882">
     <span class='ocr_line' id='line_1_35' title="bbox 563 1805 2148 1882; baseline 0.006 -23"><span class='ocrx_word' id='word_1_247' title='bbox 563 1805 800 1875; x_wconf 89' lang='lat' dir='ltr'><strong>gendum</strong></span> <span class='ocrx_word' id='word_1_248' title='bbox 842 1807 983 1861; x_wconf 82' lang='lat' dir='ltr'><strong>ratio</strong></span> <span class='ocrx_word' id='word_1_249' title='bbox 1022 1809 1312 1865; x_wconf 87' lang='lat' dir='ltr'><strong>electionis</strong></span> <span class='ocrx_word' id='word_1_250' title='bbox 1358 1819 1412 1864; x_wconf 91' lang='lat' dir='ltr'><strong>ct</strong></span> <span class='ocrx_word' id='word_1_251' title='bbox 1442 1812 1719 1878; x_wconf 87' lang='lat' dir='ltr'><strong>actionis;</strong></span> <span class='ocrx_word' id='word_1_252' title='bbox 1757 1814 1851 1868; x_wconf 75' lang='lat' dir='ltr'><strong>sed</strong></span> <span class='ocrx_word' id='word_1_253' title='bbox 1884 1815 2148 1882; x_wconf 82' lang='lat' dir='ltr'><strong>quemad-</strong></span> 
     </span>
    </p>
   </div>
   <div class='ocr_carea' id='block_1_36' title="bbox 562 1898 2149 1977">
    <p class='ocr_par' dir='ltr' id='par_1_36' title="bbox 562 1898 2149 1977">
     <span class='ocr_line' id='line_1_36' title="bbox 562 1898 2149 1977; baseline 0.008 -27"><span class='ocrx_word' id='word_1_254' title='bbox 562 1898 785 1951; x_wconf 86' lang='lat' dir='ltr'><strong>modum</strong></span> <span class='ocrx_word' id='word_1_255' title='bbox 814 1914 937 1953; x_wconf 91' lang='lat' dir='ltr'><strong>cum</strong></span> <span class='ocrx_word' id='word_1_256' title='bbox 970 1902 1298 1957; x_wconf 85' lang='lat' dir='ltr'><strong>accensione</strong></span> <span class='ocrx_word' id='word_1_257' title='bbox 1332 1901 1563 1958; x_wconf 68' lang='lat' dir='ltr'><strong>ﬂamma:</strong></span> <span class='ocrx_word' id='word_1_258' title='bbox 1609 1906 1773 1959; x_wconf 90' lang='lat' dir='ltr'><strong>etiam</strong></span> <span class='ocrx_word' id='word_1_259' title='bbox 1826 1907 2002 1976; x_wconf 80' lang='lat' dir='ltr'><strong>fulgor</strong></span> <span class='ocrx_word' id='word_1_260' title='bbox 2051 1923 2149 1977; x_wconf 62' lang='lat' dir='ltr'><strong>ap.</strong></span> 
     </span>
    </p>
   </div>
   <div class='ocr_carea' id='block_1_37' title="bbox 563 1990 2145 2068">
    <p class='ocr_par' dir='ltr' id='par_1_37' title="bbox 563 1990 2145 2068">
     <span class='ocr_line' id='line_1_37' title="bbox 563 1990 2145 2068; baseline 0.008 -28"><span class='ocrx_word' id='word_1_261' title='bbox 563 1996 750 2057; x_wconf 88' lang='lat' dir='ltr'><strong>paret,</strong></span> <span class='ocrx_word' id='word_1_262' title='bbox 782 1990 877 2058; x_wconf 85' lang='lat' dir='ltr'><strong>qui</strong></span> <span class='ocrx_word' id='word_1_263' title='bbox 904 2005 969 2045; x_wconf 90' lang='lat' dir='ltr'><strong>ex</strong></span> <span class='ocrx_word' id='word_1_264' title='bbox 1002 1990 1092 2044; x_wconf 92' lang='lat' dir='ltr'><strong>illa</strong></span> <span class='ocrx_word' id='word_1_265' title='bbox 1123 2001 1244 2058; x_wconf 88' lang='lat' dir='ltr'><strong>est,</strong></span> <span class='ocrx_word' id='word_1_266' title='bbox 1276 2003 1329 2048; x_wconf 88' lang='lat' dir='ltr'><strong>et</strong></span> <span class='ocrx_word' id='word_1_267' title='bbox 1359 2008 1483 2048; x_wconf 92' lang='lat' dir='ltr'><strong>cum</strong></span> <span class='ocrx_word' id='word_1_268' title='bbox 1516 1996 1634 2065; x_wconf 89' lang='lat' dir='ltr'><strong>ipsa</strong></span> <span class='ocrx_word' id='word_1_269' title='bbox 1663 1996 1924 2068; x_wconf 81' lang='lat' dir='ltr'><strong>eﬁ‘ulget:</strong></span> <span class='ocrx_word' id='word_1_270' title='bbox 1956 2000 2145 2055; x_wconf 89' lang='lat' dir='ltr'><strong>eodem</strong></span> 
     </span>
    </p>
   </div>
   <div class='ocr_carea' id='block_1_38' title="bbox 563 2078 2150 2159">
    <p class='ocr_par' dir='ltr' id='par_1_38' title="bbox 563 2078 2150 2159">
     <span class='ocr_line' id='line_1_38' title="bbox 563 2078 2150 2159; baseline 0.01 -29"><span class='ocrx_word' id='word_1_271' title='bbox 563 2078 729 2131; x_wconf 87' lang='lat' dir='ltr'><strong>modo</strong></span> <span class='ocrx_word' id='word_1_272' title='bbox 755 2094 890 2147; x_wconf 86' lang='lat' dir='ltr'><strong>opus</strong></span> <span class='ocrx_word' id='word_1_273' title='bbox 916 2081 1136 2149; x_wconf 90' lang='lat' dir='ltr'><strong>quidem</strong></span> <span class='ocrx_word' id='word_1_274' title='bbox 1161 2083 1360 2138; x_wconf 69' lang='lat' dir='ltr'><strong>divinae</strong></span> <span class='ocrx_word' id='word_1_275' title='bbox 1384 2086 1678 2143; x_wconf 82' lang='lat' dir='ltr'><strong>voluntatis</strong></span> <span class='ocrx_word' id='word_1_276' title='bbox 1702 2098 1785 2143; x_wconf 90' lang='lat' dir='ltr'><strong>est</strong></span> <span class='ocrx_word' id='word_1_277' title='bbox 1810 2104 2000 2144; x_wconf 90' lang='lat' dir='ltr'><strong>eorum</strong></span> <span class='ocrx_word' id='word_1_278' title='bbox 2028 2106 2150 2159; x_wconf 65' lang='lat' dir='ltr'><strong>qua:</strong></span> 
     </span>
    </p>
   </div>
   <div class='ocr_carea' id='block_1_39' title="bbox 566 2167 2150 2239">
    <p class='ocr_par' dir='ltr' id='par_1_39' title="bbox 566 2167 2150 2239">
     <span class='ocr_line' id='line_1_39' title="bbox 566 2167 2150 2239; baseline 0.011 -18"><span class='ocrx_word' id='word_1_279' title='bbox 566 2167 710 2222; x_wconf 80' lang='lat' dir='ltr'><strong>facta</strong></span> <span class='ocrx_word' id='word_1_280' title='bbox 751 2180 882 2225; x_wconf 89' lang='lat' dir='ltr'><strong>sunt</strong></span> <span class='ocrx_word' id='word_1_281' title='bbox 912 2173 1223 2227; x_wconf 84' lang='lat' dir='ltr'><strong>substantia</strong></span> <span class='ocrx_word' id='word_1_282' title='bbox 1252 2213 1267 2237; x_wconf 93' lang='lat'><strong>,</strong></span> <span class='ocrx_word' id='word_1_283' title='bbox 1301 2191 1408 2230; x_wconf 93' lang='lat' dir='ltr'><strong>non</strong></span> <span class='ocrx_word' id='word_1_284' title='bbox 1452 2186 1631 2234; x_wconf 86' lang='lat' dir='ltr'><strong>tamen</strong></span> <span class='ocrx_word' id='word_1_285' title='bbox 1673 2180 1867 2237; x_wconf 88' lang='lat' dir='ltr'><strong>ordine</strong></span> <span class='ocrx_word' id='word_1_286' title='bbox 1904 2185 2150 2239; x_wconf 88' lang='lat' dir='ltr'><strong>secundo</strong></span> 
     </span>
    </p>
   </div>
   <div class='ocr_carea' id='block_1_40' title="bbox 564 2262 2149 2342">
    <p class='ocr_par' dir='ltr' id='par_1_40' title="bbox 564 2262 2149 2342">
     <span class='ocr_line' id='line_1_40' title="bbox 564 2262 2149 2342; baseline 0.011 -29"><span class='ocrx_word' id='word_1_287' title='bbox 564 2262 816 2330; x_wconf 74' lang='lat' dir='ltr'><strong>sequitur</strong></span> <span class='ocrx_word' id='word_1_288' title='bbox 852 2271 974 2331; x_wconf 92' lang='lat' dir='ltr'><strong>post</strong></span> <span class='ocrx_word' id='word_1_289' title='bbox 1010 2264 1369 2324; x_wconf 83' lang='lat' dir='ltr'><strong>voluntatem.</strong></span> <span class='ocrx_word' id='word_1_290' title='bbox 1412 2267 1530 2323; x_wconf 84' lang='lat' dir='ltr'><strong>Non</strong></span> <span class='ocrx_word' id='word_1_291' title='bbox 1566 2272 1715 2325; x_wconf 91' lang='lat' dir='ltr'><strong>enim</strong></span> <span class='ocrx_word' id='word_1_292' title='bbox 1739 2311 1754 2335; x_wconf 88' lang='lat'><strong>,</strong></span> <span class='ocrx_word' id='word_1_293' title='bbox 1788 2276 2149 2342; x_wconf 87' lang='lat' dir='ltr'><strong>quemadmo—</strong></span> 
     </span>
    </p>
   </div>
   <div class='ocr_carea' id='block_1_41' title="bbox 565 2351 2151 2429">
    <p class='ocr_par' dir='ltr' id='par_1_41' title="bbox 565 2351 2151 2429">
     <span class='ocr_line' id='line_1_41' title="bbox 565 2351 2151 2429; baseline 0.012 -25"><span class='ocrx_word' id='word_1_294' title='bbox 565 2351 697 2405; x_wconf 90' lang='lat' dir='ltr'><strong>dum</strong></span> <span class='ocrx_word' id='word_1_295' title='bbox 731 2354 784 2406; x_wconf 91' lang='lat' dir='ltr'><strong>in</strong></span> <span class='ocrx_word' id='word_1_296' title='bbox 813 2354 937 2408; x_wconf 83' lang='lat' dir='ltr'><strong>aliis</strong></span> <span class='ocrx_word' id='word_1_297' title='bbox 963 2355 1165 2425; x_wconf 83' lang='lat' dir='ltr'><strong>quibus</strong></span> <span class='ocrx_word' id='word_1_298' title='bbox 1191 2359 1372 2427; x_wconf 88' lang='lat' dir='ltr'><strong>aliqua</strong></span> <span class='ocrx_word' id='word_1_299' title='bbox 1406 2363 1649 2429; x_wconf 87' lang='lat' dir='ltr'><strong>potentia</strong></span> <span class='ocrx_word' id='word_1_300' title='bbox 1679 2366 1858 2418; x_wconf 88' lang='lat' dir='ltr'><strong>activa</strong></span> <span class='ocrx_word' id='word_1_301' title='bbox 1889 2376 1971 2421; x_wconf 89' lang='lat' dir='ltr'><strong>cst</strong></span> <span class='ocrx_word' id='word_1_302' title='bbox 2004 2383 2030 2420; x_wconf 90' lang='lat' dir='ltr'><strong>a</strong></span> <span class='ocrx_word' id='word_1_303' title='bbox 2061 2384 2151 2422; x_wconf 89' lang='lat' dir='ltr'><strong>na-</strong></span> 
     </span>
    </p>
   </div>
   <div class='ocr_carea' id='block_1_42' title="bbox 564 2444 2160 2520">
    <p class='ocr_par' dir='ltr' id='par_1_42' title="bbox 564 2444 2160 2520">
     <span class='ocr_line' id='line_1_42' title="bbox 564 2444 2160 2520; baseline 0.011 -22"><span class='ocrx_word' id='word_1_304' title='bbox 564 2452 687 2498; x_wconf 83' lang='lat' dir='ltr'><strong>tura</strong></span> <span class='ocrx_word' id='word_1_305' title='bbox 710 2484 723 2507; x_wconf 89' lang='lat'><strong>,</strong></span> <span class='ocrx_word' id='word_1_306' title='bbox 759 2446 862 2501; x_wconf 91' lang='lat' dir='ltr'><strong>hoc</strong></span> <span class='ocrx_word' id='word_1_307' title='bbox 890 2448 1110 2516; x_wconf 84' lang='lat' dir='ltr'><strong>quidem</strong></span> <span class='ocrx_word' id='word_1_308' title='bbox 1143 2452 1384 2518; x_wconf 86' lang='lat' dir='ltr'><strong>potentia</strong></span> <span class='ocrx_word' id='word_1_309' title='bbox 1421 2455 1689 2520; x_wconf 86' lang='lat' dir='ltr'><strong>cernitur,</strong></span> <span class='ocrx_word' id='word_1_310' title='bbox 1725 2456 1857 2510; x_wconf 88' lang='lat' dir='ltr'><strong>illud</strong></span> <span class='ocrx_word' id='word_1_311' title='bbox 1889 2473 2021 2513; x_wconf 84' lang='lat' dir='ltr'><strong>vero</strong></span> <span class='ocrx_word' id='word_1_312' title='bbox 2064 2444 2160 2515; x_wconf 47' lang='lat' dir='ltr'><strong>se;</strong></span> 
     </span>
    </p>
   </div>
   <div class='ocr_carea' id='block_1_43' title="bbox 564 2538 2147 2619">
    <p class='ocr_par' dir='ltr' id='par_1_43' title="bbox 564 2538 2147 2619">
     <span class='ocr_line' id='line_1_43' title="bbox 564 2538 2147 2619; baseline 0.009 -29"><span class='ocrx_word' id='word_1_313' title='bbox 564 2538 807 2592; x_wconf 87' lang='lat' dir='ltr'><strong>cundum</strong></span> <span class='ocrx_word' id='word_1_314' title='bbox 862 2546 1018 2594; x_wconf 84' lang='lat' dir='ltr'><strong>actus</strong></span> <span class='ocrx_word' id='word_1_315' title='bbox 1074 2543 1587 2612; x_wconf 77' lang='lat' dir='ltr'><strong>complementum;</strong></span> <span class='ocrx_word' id='word_1_316' title='bbox 1645 2548 1880 2617; x_wconf 83' lang='lat' dir='ltr'><strong>exempli</strong></span> <span class='ocrx_word' id='word_1_317' title='bbox 1935 2550 2147 2619; x_wconf 84' lang='lat' dir='ltr'><strong>gratia,</strong></span> 
     </span>
    </p>
   </div>
   <div class='ocr_carea' id='block_1_44' title="bbox 565 2631 2146 2699">
    <p class='ocr_par' dir='ltr' id='par_1_44' title="bbox 565 2631 2146 2699">
     <span class='ocr_line' id='line_1_44' title="bbox 565 2631 2146 2699; baseline 0.009 -16"><span class='ocrx_word' id='word_1_318' title='bbox 565 2645 785 2699; x_wconf 82' lang='lat' dir='ltr'><strong>semper</strong></span> <span class='ocrx_word' id='word_1_319' title='bbox 811 2631 1030 2699; x_wconf 90' lang='lat' dir='ltr'><strong>quidem</strong></span> <span class='ocrx_word' id='word_1_320' title='bbox 1062 2632 1296 2689; x_wconf 87' lang='lat' dir='ltr'><strong>dicimus</strong></span> <span class='ocrx_word' id='word_1_321' title='bbox 1324 2650 1448 2691; x_wconf 83' lang='lat' dir='ltr'><strong>esse</strong></span> <span class='ocrx_word' id='word_1_322' title='bbox 1495 2639 1713 2692; x_wconf 77' lang='lat' dir='ltr'><strong>navium</strong></span> <span class='ocrx_word' id='word_1_323' title='bbox 1762 2640 2146 2697; x_wconf 83' lang='lat' dir='ltr'><strong>fabricatorem</strong></span> 
     </span>
    </p>
   </div>
   <div class='ocr_carea' id='block_1_45' title="bbox 564 2720 2148 2790">
    <p class='ocr_par' dir='ltr' id='par_1_45' title="bbox 564 2720 2148 2790">
     <span class='ocr_line' id='line_1_45' title="bbox 564 2720 2148 2790; baseline 0.011 -17"><span class='ocrx_word' id='word_1_324' title='bbox 564 2720 620 2773; x_wconf 89' lang='lat' dir='ltr'><strong>in</strong></span> <span class='ocrx_word' id='word_1_325' title='bbox 674 2721 910 2790; x_wconf 88' lang='lat' dir='ltr'><strong>potentia</strong></span> <span class='ocrx_word' id='word_1_326' title='bbox 965 2723 1250 2778; x_wconf 85' lang='lat' dir='ltr'><strong>habentem</strong></span> <span class='ocrx_word' id='word_1_327' title='bbox 1300 2735 1473 2782; x_wconf 84' lang='lat' dir='ltr'><strong>artem</strong></span> <span class='ocrx_word' id='word_1_328' title='bbox 1527 2732 1748 2784; x_wconf 77' lang='lat' dir='ltr'><strong>navium</strong></span> <span class='ocrx_word' id='word_1_329' title='bbox 1803 2732 2148 2790; x_wconf 77' lang='lat' dir='ltr'><strong>fabricanda-</strong></span> 
     </span>
    </p>
   </div>
   <div class='ocr_carea' id='block_1_46' title="bbox 564 2814 2144 2890">
    <p class='ocr_par' dir='ltr' id='par_1_46' title="bbox 564 2814 2144 2890">
     <span class='ocr_line' id='line_1_46' title="bbox 564 2814 2144 2890; baseline 0.013 -27"><span class='ocrx_word' id='word_1_330' title='bbox 564 2826 727 2882; x_wconf 84' lang='lat' dir='ltr'><strong>rum,</strong></span> <span class='ocrx_word' id='word_1_331' title='bbox 774 2814 991 2882; x_wconf 86' lang='lat' dir='ltr'><strong>operari</strong></span> <span class='ocrx_word' id='word_1_332' title='bbox 1038 2823 1219 2870; x_wconf 90' lang='lat' dir='ltr'><strong>autem</strong></span> <span class='ocrx_word' id='word_1_333' title='bbox 1268 2832 1391 2871; x_wconf 89' lang='lat' dir='ltr'><strong>eum</strong></span> <span class='ocrx_word' id='word_1_334' title='bbox 1442 2820 1497 2873; x_wconf 91' lang='lat' dir='ltr'><strong>in</strong></span> <span class='ocrx_word' id='word_1_335' title='bbox 1546 2823 1804 2890; x_wconf 82' lang='lat' dir='ltr'><strong>Operibus</strong></span> <span class='ocrx_word' id='word_1_336' title='bbox 1852 2827 2144 2882; x_wconf 87' lang='lat' dir='ltr'><strong>scientiam</strong></span> 
     </span>
    </p>
   </div>
   <div class='ocr_carea' id='block_1_47' title="bbox 564 2904 2146 2989">
    <p class='ocr_par' dir='ltr' id='par_1_47' title="bbox 564 2904 2146 2989">
     <span class='ocr_line' id='line_1_47' title="bbox 564 2904 2146 2989; baseline 0.01 -31"><span class='ocrx_word' id='word_1_337' title='bbox 564 2906 825 2960; x_wconf 85' lang='lat' dir='ltr'><strong>ostendit.</strong></span> <span class='ocrx_word' id='word_1_338' title='bbox 866 2904 983 2989; x_wconf 87' lang='lat' dir='ltr'><strong>Non</strong></span> <span class='ocrx_word' id='word_1_339' title='bbox 1027 2908 1111 2961; x_wconf 90' lang='lat' dir='ltr'><strong>sie</strong></span> <span class='ocrx_word' id='word_1_340' title='bbox 1152 2910 1204 2961; x_wconf 90' lang='lat' dir='ltr'><strong>in</strong></span> <span class='ocrx_word' id='word_1_341' title='bbox 1253 2909 1409 2964; x_wconf 87' lang='lat' dir='ltr'><strong>beata</strong></span> <span class='ocrx_word' id='word_1_342' title='bbox 1453 2913 1598 2979; x_wconf 88' lang='lat' dir='ltr'><strong>vita,</strong></span> <span class='ocrx_word' id='word_1_343' title='bbox 1645 2916 1737 2969; x_wconf 86' lang='lat' dir='ltr'><strong>sed</strong></span> <span class='ocrx_word' id='word_1_344' title='bbox 1784 2926 1953 2971; x_wconf 90' lang='lat' dir='ltr'><strong>totum</strong></span> <span class='ocrx_word' id='word_1_345' title='bbox 2000 2921 2146 2989; x_wconf 86' lang='lat' dir='ltr'><strong>quod</strong></span> 
     </span>
    </p>
   </div>
   <div class='ocr_carea' id='block_1_48' title="bbox 2249 1812 3771 1885">
    <p class='ocr_par' dir='ltr' id='par_1_48' title="bbox 2249 1812 3771 1885">
     <span class='ocr_line' id='line_1_48' title="bbox 2249 1812 3771 1885; baseline -0.002 -19"><span class='ocrx_word' id='word_1_346' title='bbox 2249 1813 2499 1884; x_wconf 86' lang='grc' dir='ltr'>ἐννοῆσαι</span> <span class='ocrx_word' id='word_1_347' title='bbox 2558 1812 2723 1884; x_wconf 76' lang='grc' dir='ltr'>μέσον</span> <span class='ocrx_word' id='word_1_348' title='bbox 2769 1814 2798 1865; x_wconf 99' lang='lat'><strong>6</strong></span> <span class='ocrx_word' id='word_1_349' title='bbox 2833 1813 2989 1880; x_wconf 82' lang='grc' dir='ltr'><strong>λόγος</strong></span> <span class='ocrx_word' id='word_1_350' title='bbox 3033 1813 3135 1883; x_wconf 83' lang='grc' dir='ltr'>τῆς</span> <span class='ocrx_word' id='word_1_351' title='bbox 3176 1813 3548 1885; x_wconf 85' lang='grc' dir='ltr'>προαιρέσεως</span> <span class='ocrx_word' id='word_1_352' title='bbox 3586 1812 3771 1878; x_wconf 79' lang='grc' dir='ltr'>καὶτῆς</span> 
     </span>
    </p>
   </div>
   <div class='ocr_carea' id='block_1_49' title="bbox 2250 1903 3770 1976">
    <p class='ocr_par' dir='ltr' id='par_1_49' title="bbox 2250 1903 3770 1976">
     <span class='ocr_line' id='line_1_49' title="bbox 2250 1903 3770 1976; baseline -0.003 -19"><span class='ocrx_word' id='word_1_353' title='bbox 2250 1904 2525 1976; x_wconf 78' lang='grc' dir='ltr'>πράξεως,</span> <span class='ocrx_word' id='word_1_354' title='bbox 2576 1904 2691 1959; x_wconf 81' lang='grc' dir='ltr'>ἀλλ’</span> <span class='ocrx_word' id='word_1_355' title='bbox 2731 1903 2922 1976; x_wconf 82' lang='grc' dir='ltr'>ὥσπερ</span> <span class='ocrx_word' id='word_1_356' title='bbox 2953 1908 3019 1975; x_wconf 79' lang='grc' dir='ltr'>τῇ</span> <span class='ocrx_word' id='word_1_357' title='bbox 3063 1904 3257 1974; x_wconf 66' lang='grc' dir='ltr'>ἐξάψει</span> <span class='ocrx_word' id='word_1_358' title='bbox 3304 1908 3405 1975; x_wconf 83' lang='grc' dir='ltr'>τῆς</span> <span class='ocrx_word' id='word_1_359' title='bbox 3445 1904 3625 1973; x_wconf 76' lang='grc' dir='ltr'>φλογὸς</span> <span class='ocrx_word' id='word_1_360' title='bbox 3651 1904 3770 1969; x_wconf 72' lang='grc' dir='ltr'>καὶὴ</span> 
     </span>
    </p>
   </div>
   <div class='ocr_carea' id='block_1_50' title="bbox 2249 1989 3772 2072">
    <p class='ocr_par' dir='ltr' id='par_1_50' title="bbox 2249 1989 3772 2072">
     <span class='ocr_line' id='line_1_50' title="bbox 2249 1989 3772 2072; baseline -0.004 -18"><span class='ocrx_word' id='word_1_361' title='bbox 2249 2000 2390 2072; x_wconf 83' lang='grc' dir='ltr'>αὐγὴ</span> <span class='ocrx_word' id='word_1_362' title='bbox 2414 2000 2848 2070; x_wconf 81' lang='grc' dir='ltr'>συνεκφαίνεται,</span> <span class='ocrx_word' id='word_1_363' title='bbox 2869 1989 2965 2052; x_wconf 77' lang='grc' dir='ltr'>καὶ</span> <span class='ocrx_word' id='word_1_364' title='bbox 2992 2000 3050 2065; x_wconf 74' lang='grc' dir='ltr'>ἐξ</span> <span class='ocrx_word' id='word_1_365' title='bbox 3068 1999 3287 2070; x_wconf 80' lang='grc' dir='ltr'>ἐκείνης</span> <span class='ocrx_word' id='word_1_366' title='bbox 3304 1995 3459 2064; x_wconf 79' lang='grc' dir='ltr'>οὖσα,</span> <span class='ocrx_word' id='word_1_367' title='bbox 3474 2000 3560 2052; x_wconf 78' lang='grc' dir='ltr'>καὶ</span> <span class='ocrx_word' id='word_1_368' title='bbox 3583 1998 3681 2069; x_wconf 81' lang='grc' dir='ltr'>μετ’</span> <span class='ocrx_word' id='word_1_369' title='bbox 3700 1998 3772 2048; x_wconf 72' lang='grc' dir='ltr'><strong>αὖα</strong></span> 
     </span>
    </p>
   </div>
   <div class='ocr_carea' id='block_1_51' title="bbox 2246 2091 3772 2165">
    <p class='ocr_par' dir='ltr' id='par_1_51' title="bbox 2246 2091 3772 2165">
     <span class='ocr_line' id='line_1_51' title="bbox 2246 2091 3772 2165; baseline -0.007 -16"><span class='ocrx_word' id='word_1_370' title='bbox 2246 2097 2346 2165; x_wconf 77' lang='grc' dir='ltr'>τῆς</span> <span class='ocrx_word' id='word_1_371' title='bbox 2361 2093 2833 2160; x_wconf 84' lang='grc' dir='ltr'>συνεκλάμπουσα,</span> <span class='ocrx_word' id='word_1_372' title='bbox 2867 2091 3008 2146; x_wconf 85' lang='grc' dir='ltr'>κατὰ</span> <span class='ocrx_word' id='word_1_373' title='bbox 3032 2091 3124 2145; x_wconf 82' lang='grc' dir='ltr'>τὸν</span> <span class='ocrx_word' id='word_1_374' title='bbox 3142 2092 3309 2146; x_wconf 81' lang='grc' dir='ltr'>αὑτὸν</span> <span class='ocrx_word' id='word_1_375' title='bbox 3323 2093 3518 2163; x_wconf 75' lang='grc' dir='ltr'>τρόπον</span> <span class='ocrx_word' id='word_1_376' title='bbox 3547 2092 3682 2160; x_wconf 74' lang='grc' dir='ltr'>ἔργον</span> <span class='ocrx_word' id='word_1_377' title='bbox 3701 2091 3772 2158; x_wconf 78' lang='grc' dir='ltr'>μὲν</span> 
     </span>
    </p>
   </div>
   <div class='ocr_carea' id='block_1_52' title="bbox 2246 2184 3771 2257">
    <p class='ocr_par' dir='ltr' id='par_1_52' title="bbox 2246 2184 3771 2257">
     <span class='ocr_line' id='line_1_52' title="bbox 2246 2184 3771 2257; baseline -0.004 -16"><span class='ocrx_word' id='word_1_378' title='bbox 2246 2187 2341 2241; x_wconf 84' lang='grc' dir='ltr'>τοῦ</span> <span class='ocrx_word' id='word_1_379' title='bbox 2368 2186 2515 2240; x_wconf 86' lang='grc' dir='ltr'>θείου</span> <span class='ocrx_word' id='word_1_380' title='bbox 2539 2186 2841 2257; x_wconf 81' lang='grc' dir='ltr'>θελήματος</span> <span class='ocrx_word' id='word_1_381' title='bbox 2874 2188 2907 2255; x_wconf 83' lang='grc' dir='ltr'>ἡ</span> <span class='ocrx_word' id='word_1_382' title='bbox 2948 2185 3058 2238; x_wconf 84' lang='grc' dir='ltr'>τῶν</span> <span class='ocrx_word' id='word_1_383' title='bbox 3087 2185 3392 2255; x_wconf 81' lang='grc' dir='ltr'>γεγονότων</span> <span class='ocrx_word' id='word_1_384' title='bbox 3420 2184 3557 2238; x_wconf 73' lang='grc' dir='ltr'>ἐστὶν</span> <span class='ocrx_word' id='word_1_385' title='bbox 3580 2184 3771 2237; x_wconf 72' lang='grc' dir='ltr'>ὑπόστα-</span> 
     </span>
    </p>
   </div>
   <div class='ocr_carea' id='block_1_53' title="bbox 2250 2270 3770 2351">
    <p class='ocr_par' dir='ltr' id='par_1_53' title="bbox 2250 2270 3770 2351">
     <span class='ocr_line' id='line_1_53' title="bbox 2250 2270 3770 2351; baseline -0.005 -18"><span class='ocrx_word' id='word_1_386' title='bbox 2250 2297 2353 2342; x_wconf 85' lang='grc' dir='ltr'>σις,</span> <span class='ocrx_word' id='word_1_387' title='bbox 2386 2280 2447 2332; x_wconf 79' lang='grc' dir='ltr'><strong>οὐ</strong></span> <span class='ocrx_word' id='word_1_388' title='bbox 2484 2270 2605 2351; x_wconf 80' lang='grc' dir='ltr'>μὴν</span> <span class='ocrx_word' id='word_1_389' title='bbox 2644 2279 2952 2348; x_wconf 80' lang='grc' dir='ltr'>δευτερεύει</span> <span class='ocrx_word' id='word_1_390' title='bbox 2994 2281 3061 2350; x_wconf 79' lang='grc' dir='ltr'>τῇ</span> <span class='ocrx_word' id='word_1_391' title='bbox 3107 2278 3263 2343; x_wconf 79' lang='grc' dir='ltr'>τάξει</span> <span class='ocrx_word' id='word_1_392' title='bbox 3297 2278 3433 2349; x_wconf 83' lang='grc' dir='ltr'>μετὰ</span> <span class='ocrx_word' id='word_1_393' title='bbox 3467 2279 3525 2331; x_wconf 78' lang='grc' dir='ltr'>τὸ</span> <span class='ocrx_word' id='word_1_394' title='bbox 3556 2276 3770 2347; x_wconf 76' lang='grc' dir='ltr'>βούλημα.</span> 
     </span>
    </p>
   </div>
   <div class='ocr_carea' id='block_1_54' title="bbox 2249 2366 3771 2442">
    <p class='ocr_par' dir='ltr' id='par_1_54' title="bbox 2249 2366 3771 2442">
     <span class='ocr_line' id='line_1_54' title="bbox 2249 2366 3771 2442; baseline -0.003 -19"><span class='ocrx_word' id='word_1_395' title='bbox 2249 2372 2323 2423; x_wconf 80' lang='grc' dir='ltr'><strong>Οὐ</strong></span> <span class='ocrx_word' id='word_1_396' title='bbox 2352 2370 2481 2441; x_wconf 77' lang='grc' dir='ltr'>γὰρ,</span> <span class='ocrx_word' id='word_1_397' title='bbox 2511 2371 2699 2442; x_wconf 80' lang='grc' dir='ltr'>ὥσπερ</span> <span class='ocrx_word' id='word_1_398' title='bbox 2732 2372 2821 2425; x_wconf 72' lang='grc' dir='ltr'>ἐπὶ</span> <span class='ocrx_word' id='word_1_399' title='bbox 2860 2371 2968 2424; x_wconf 81' lang='grc' dir='ltr'><strong>τῶν</strong></span> <span class='ocrx_word' id='word_1_400' title='bbox 3002 2370 3179 2425; x_wconf 81' lang='grc' dir='ltr'>ἄλλων</span> <span class='ocrx_word' id='word_1_401' title='bbox 3205 2366 3291 2434; x_wconf 75' lang='grc' dir='ltr'>οἷς</span> <span class='ocrx_word' id='word_1_402' title='bbox 3317 2388 3403 2434; x_wconf 86' lang='grc' dir='ltr'><strong>τις</strong></span> <span class='ocrx_word' id='word_1_403' title='bbox 3434 2368 3681 2441; x_wconf 83' lang='grc' dir='ltr'>πρακτικὴ</span> <span class='ocrx_word' id='word_1_404' title='bbox 3703 2366 3771 2419; x_wconf 69' lang='grc' dir='ltr'><strong>δὲ-</strong></span> 
     </span>
    </p>
   </div>
   <div class='ocr_carea' id='block_1_55' title="bbox 2249 2459 3776 2534">
    <p class='ocr_par' dir='ltr' id='par_1_55' title="bbox 2249 2459 3776 2534">
     <span class='ocr_line' id='line_1_55' title="bbox 2249 2459 3776 2534; baseline -0.002 -19"><span class='ocrx_word' id='word_1_405' title='bbox 2249 2479 2412 2532; x_wconf 87' lang='grc' dir='ltr'>ναμις</span> <span class='ocrx_word' id='word_1_406' title='bbox 2447 2464 2511 2515; x_wconf 89' lang='grc' dir='ltr'><strong>ἐκ</strong></span> <span class='ocrx_word' id='word_1_407' title='bbox 2540 2461 2754 2532; x_wconf 79' lang='grc' dir='ltr'>φύσεώς</span> <span class='ocrx_word' id='word_1_408' title='bbox 2784 2465 2920 2528; x_wconf 81' lang='grc' dir='ltr'>ἐστι,</span> <span class='ocrx_word' id='word_1_409' title='bbox 2949 2463 3007 2516; x_wconf 83' lang='grc' dir='ltr'>τὸ</span> <span class='ocrx_word' id='word_1_410' title='bbox 3045 2462 3144 2534; x_wconf 83' lang='grc' dir='ltr'>μὲν</span> <span class='ocrx_word' id='word_1_411' title='bbox 3174 2463 3409 2534; x_wconf 84' lang='grc' dir='ltr'>δυνάμει</span> <span class='ocrx_word' id='word_1_412' title='bbox 3436 2463 3706 2533; x_wconf 74' lang='grc' dir='ltr'>θεωρεῖται,</span> <span class='ocrx_word' id='word_1_413' title='bbox 3731 2459 3776 2509; x_wconf 76' lang='grc' dir='ltr'>τὸ</span> 
     </span>
    </p>
   </div>
   <div class='ocr_carea' id='block_1_56' title="bbox 2248 2553 3774 2628">
    <p class='ocr_par' dir='ltr' id='par_1_56' title="bbox 2248 2553 3774 2628">
     <span class='ocr_line' id='line_1_56' title="bbox 2248 2553 3774 2628; baseline -0.005 -19"><span class='ocrx_word' id='word_1_414' title='bbox 2248 2556 2305 2609; x_wconf 83' lang='grc' dir='ltr'>δὲ</span> <span class='ocrx_word' id='word_1_415' title='bbox 2345 2559 2487 2611; x_wconf 86' lang='grc' dir='ltr'>κατὰ</span> <span class='ocrx_word' id='word_1_416' title='bbox 2519 2557 2617 2628; x_wconf 84' lang='grc' dir='ltr'><strong>τὴν</strong></span> <span class='ocrx_word' id='word_1_417' title='bbox 2645 2556 2748 2626; x_wconf 80' lang='grc' dir='ltr'>τῆς</span> <span class='ocrx_word' id='word_1_418' title='bbox 2781 2556 3062 2627; x_wconf 78' lang='grc' dir='ltr'>ἐνεργείας</span> <span class='ocrx_word' id='word_1_419' title='bbox 3091 2556 3443 2628; x_wconf 70' lang='grc' dir='ltr'>ἐκπλήρωσιν</span> <span class='ocrx_word' id='word_1_420' title='bbox 3461 2573 3474 2585; x_wconf 90' lang='grc'><strong>·</strong></span> <span class='ocrx_word' id='word_1_421' title='bbox 3496 2553 3701 2622; x_wconf 66' lang='grc' dir='ltr'>ὼς,ςίρε</span> <span class='ocrx_word' id='word_1_422' title='bbox 3720 2553 3774 2602; x_wconf 79' lang='grc' dir='ltr'>εἰ·</span> 
     </span>
    </p>
   </div>
   <div class='ocr_carea' id='block_1_57' title="bbox 2251 2645 3774 2725">
    <p class='ocr_par' dir='ltr' id='par_1_57' title="bbox 2251 2645 3774 2725">
     <span class='ocr_line' id='line_1_57' title="bbox 2251 2645 3774 2725; baseline -0.008 -18"><span class='ocrx_word' id='word_1_423' title='bbox 2251 2657 2397 2719; x_wconf 85' lang='grc' dir='ltr'>πεῖν,</span> <span class='ocrx_word' id='word_1_424' title='bbox 2426 2654 2513 2707; x_wconf 79' lang='grc' dir='ltr'><strong>ἀεὶ</strong></span> <span class='ocrx_word' id='word_1_425' title='bbox 2559 2654 2655 2725; x_wconf 85' lang='grc' dir='ltr'>μὲν</span> <span class='ocrx_word' id='word_1_426' title='bbox 2689 2646 2826 2706; x_wconf 82' lang='grc' dir='ltr'>εἶναι</span> <span class='ocrx_word' id='word_1_427' title='bbox 2868 2652 3146 2723; x_wconf 85' lang='grc' dir='ltr'>ναυπηγόν</span> <span class='ocrx_word' id='word_1_428' title='bbox 3177 2670 3363 2723; x_wconf 81' lang='grc' dir='ltr'>φαμεν</span> <span class='ocrx_word' id='word_1_429' title='bbox 3392 2654 3455 2721; x_wconf 79' lang='grc' dir='ltr'>τῇ</span> <span class='ocrx_word' id='word_1_430' title='bbox 3484 2645 3774 2725; x_wconf 30' lang='grc' dir='ltr'>δυνάμει-τὸν</span> 
     </span>
    </p>
   </div>
   <div class='ocr_carea' id='block_1_58' title="bbox 2248 2738 3775 2816">
    <p class='ocr_par' dir='ltr' id='par_1_58' title="bbox 2248 2738 3775 2816">
     <span class='ocr_line' id='line_1_58' title="bbox 2248 2738 3775 2816; baseline -0.007 -16"><span class='ocrx_word' id='word_1_431' title='bbox 2248 2744 2346 2816; x_wconf 83' lang='grc' dir='ltr'><strong>τὴν</strong></span> <span class='ocrx_word' id='word_1_432' title='bbox 2375 2744 2720 2816; x_wconf 82' lang='grc' dir='ltr'>ναυπηγικὴν</span> <span class='ocrx_word' id='word_1_433' title='bbox 2758 2744 3175 2815; x_wconf 79' lang='grc' dir='ltr'>ἔχοντατέχνην,</span> <span class='ocrx_word' id='word_1_434' title='bbox 3208 2744 3448 2815; x_wconf 77' lang='grc' dir='ltr'>ἐνεργεῖν</span> <span class='ocrx_word' id='word_1_435' title='bbox 3482 2741 3534 2794; x_wconf 70' lang='grc' dir='ltr'>δὲ</span> <span class='ocrx_word' id='word_1_436' title='bbox 3554 2738 3659 2792; x_wconf 84' lang='grc' dir='ltr'>τότε</span> <span class='ocrx_word' id='word_1_437' title='bbox 3679 2738 3775 2791; x_wconf 77' lang='grc' dir='ltr'>ὅταν</span> 
     </span>
    </p>
   </div>
   <div class='ocr_carea' id='block_1_59' title="bbox 2210 2827 3775 2908">
    <p class='ocr_par' dir='ltr' id='par_1_59' title="bbox 2210 2827 3775 2908">
     <span class='ocr_line' id='line_1_59' title="bbox 2210 2827 3775 2908; baseline -0.007 -17"><span class='ocrx_word' id='word_1_438' title='bbox 2210 2835 2215 2839; x_wconf 77' lang='grc'><strong>’</strong></span> <span class='ocrx_word' id='word_1_439' title='bbox 2249 2839 2340 2891; x_wconf 74' lang='grc' dir='ltr'>ἐπὶ</span> <span class='ocrx_word' id='word_1_440' title='bbox 2371 2836 2481 2891; x_wconf 83' lang='grc' dir='ltr'><strong>τῶν</strong></span> <span class='ocrx_word' id='word_1_441' title='bbox 2508 2836 2682 2908; x_wconf 76' lang='grc' dir='ltr'>ἔργων</span> <span class='ocrx_word' id='word_1_442' title='bbox 2726 2836 2872 2908; x_wconf 79' lang='grc' dir='ltr'>δείξῃ</span> <span class='ocrx_word' id='word_1_443' title='bbox 2903 2837 3000 2906; x_wconf 76' lang='grc' dir='ltr'>τὴν</span> <span class='ocrx_word' id='word_1_444' title='bbox 3025 2837 3359 2906; x_wconf 82' lang='grc' dir='ltr'>ἐπιστήμην.</span> <span class='ocrx_word' id='word_1_445' title='bbox 3394 2834 3500 2903; x_wconf 75' lang='grc' dir='ltr'><strong>Οὐχ</strong></span> <span class='ocrx_word' id='word_1_446' title='bbox 3532 2831 3682 2893; x_wconf 77' lang='grc' dir='ltr'>οὕτως</span> <span class='ocrx_word' id='word_1_447' title='bbox 3707 2827 3775 2880; x_wconf 73' lang='grc' dir='ltr'>καὶ</span> 
     </span>
    </p>
   </div>
   <div class='ocr_carea' id='block_1_60' title="bbox 2250 2922 3775 3003">
    <p class='ocr_par' dir='ltr' id='par_1_60' title="bbox 2250 2922 3775 3003">
     <span class='ocr_line' id='line_1_60' title="bbox 2250 2922 3775 3003; baseline -0.008 -20"><span class='ocrx_word' id='word_1_448' title='bbox 2250 2933 2340 2985; x_wconf 77' lang='grc' dir='ltr'>ἐπὶ</span> <span class='ocrx_word' id='word_1_449' title='bbox 2365 2932 2465 3003; x_wconf 78' lang='grc' dir='ltr'>τῆς</span> <span class='ocrx_word' id='word_1_450' title='bbox 2517 2931 2792 3003; x_wconf 85' lang='grc' dir='ltr'>μακαρίας</span> <span class='ocrx_word' id='word_1_451' title='bbox 2824 2930 2989 3000; x_wconf 74' lang='grc' dir='ltr'>ζωῆς,</span> <span class='ocrx_word' id='word_1_452' title='bbox 3024 2931 3137 2985; x_wconf 78' lang='grc' dir='ltr'>ἀλλ’</span> <span class='ocrx_word' id='word_1_453' title='bbox 3161 2931 3289 2984; x_wconf 75' lang='grc' dir='ltr'>ὅλον</span> <span class='ocrx_word' id='word_1_454' title='bbox 3320 2930 3348 2983; x_wconf 86' lang='grc' dir='ltr'><strong>ὅ</strong></span> <span class='ocrx_word' id='word_1_455' title='bbox 3395 2928 3450 2982; x_wconf 81' lang='grc' dir='ltr'><strong>τί</strong></span> <span class='ocrx_word' id='word_1_456' title='bbox 3473 2927 3569 2998; x_wconf 81' lang='grc' dir='ltr'><strong>πέρ</strong></span> <span class='ocrx_word' id='word_1_457' title='bbox 3590 2929 3711 2979; x_wconf 83' lang='grc' dir='ltr'>ἐστιν</span> <span class='ocrx_word' id='word_1_458' title='bbox 3732 2922 3775 2973; x_wconf 86' lang='grc' dir='ltr'><strong>ὲν</strong></span> 
     </span>
    </p>
   </div>
   <div class='ocr_carea' id='block_1_61' title="bbox 565 2986 2146 3097">
    <p class='ocr_par' dir='ltr' id='par_1_61' title="bbox 565 2986 2146 3074">
     <span class='ocr_line' id='line_1_61' title="bbox 565 2986 2146 3074; baseline 0.013 -27"><span class='ocrx_word' id='word_1_459' title='bbox 565 2996 785 3066; x_wconf 82' lang='lat' dir='ltr'><strong>quidem</strong></span> <span class='ocrx_word' id='word_1_460' title='bbox 840 2998 894 3052; x_wconf 92' lang='lat' dir='ltr'><strong>in</strong></span> <span class='ocrx_word' id='word_1_461' title='bbox 946 2986 1041 3052; x_wconf 80' lang='lat' dir='ltr'><strong>illa</strong></span> <span class='ocrx_word' id='word_1_462' title='bbox 1095 3000 1439 3070; x_wconf 74' lang='lat' dir='ltr'><strong>intelligitur,</strong></span> <span class='ocrx_word' id='word_1_463' title='bbox 1493 3006 1680 3061; x_wconf 82' lang='lat' dir='ltr'><strong>ellicax</strong></span> <span class='ocrx_word' id='word_1_464' title='bbox 1722 3017 1842 3074; x_wconf 86' lang='lat' dir='ltr'><strong>est,</strong></span> <span class='ocrx_word' id='word_1_465' title='bbox 1894 3018 1945 3065; x_wconf 88' lang='lat' dir='ltr'><strong>et</strong></span> <span class='ocrx_word' id='word_1_466' title='bbox 1989 2986 2146 3069; x_wconf 73' lang='lat' dir='ltr'><strong>actus</strong></span> 
     </span>
    </p>
   </div>
   <div class='ocr_carea' id='block_1_62' title="bbox 2245 2986 3775 3097">
    <p class='ocr_par' dir='ltr' id='par_1_62' title="bbox 2251 2986 3775 3097">
     <span class='ocr_line' id='line_1_62' title="bbox 2251 2986 3775 3097; baseline -0.003 -21"><span class='ocrx_word' id='word_1_467' title='bbox 2251 2986 3041 3097; x_wconf 48' lang='grc' dir='ltr'>ἐκείνη’νοούμενον,’ἐνεργές,</span> <span class='ocrx_word' id='word_1_468' title='bbox 3078 3022 3172 3076; x_wconf 77' lang='grc' dir='ltr'>καὶ</span> <span class='ocrx_word' id='word_1_469' title='bbox 3204 3022 3402 3095; x_wconf 81' lang='grc' dir='ltr'>πρᾶξίς</span> <span class='ocrx_word' id='word_1_470' title='bbox 3430 2986 3775 3088; x_wconf 71' lang='grc' dir='ltr'>ἔστιν,ἀμὲσως</span> 
     </span>
    </p>
   </div>
   <div class='ocr_carea' id='block_1_63' title="bbox 566 3088 2146 3189">
    <p class='ocr_par' dir='ltr' id='par_1_63' title="bbox 566 3088 2145 3171">
     <span class='ocr_line' id='line_1_63' title="bbox 566 3088 2145 3171; baseline 0.013 -32"><span class='ocrx_word' id='word_1_471' title='bbox 566 3095 683 3149; x_wconf 87' lang='lat' dir='ltr'><strong>est,</strong></span> <span class='ocrx_word' id='word_1_472' title='bbox 716 3088 997 3142; x_wconf 79' lang='lat' dir='ltr'><strong>voluntate</strong></span> <span class='ocrx_word' id='word_1_473' title='bbox 1022 3090 1139 3144; x_wconf 87' lang='lat' dir='ltr'><strong>sine</strong></span> <span class='ocrx_word' id='word_1_474' title='bbox 1171 3094 1350 3146; x_wconf 87' lang='lat' dir='ltr'><strong>medio</strong></span> <span class='ocrx_word' id='word_1_475' title='bbox 1375 3094 1440 3147; x_wconf 89' lang='lat' dir='ltr'><strong>ad</strong></span> <span class='ocrx_word' id='word_1_476' title='bbox 1477 3094 1634 3151; x_wconf 87' lang='lat' dir='ltr'><strong>linem</strong></span> <span class='ocrx_word' id='word_1_477' title='bbox 1665 3099 1770 3153; x_wconf 88' lang='lat' dir='ltr'><strong>sibi</strong></span> <span class='ocrx_word' id='word_1_478' title='bbox 1803 3104 2145 3171; x_wconf 90' lang='lat' dir='ltr'><strong>propositum</strong></span> 
     </span>
    </p>
   </div>
   <div class='ocr_carea' id='block_1_64' title="bbox 2245 3088 3774 3189">
    <p class='ocr_par' dir='ltr' id='par_1_64' title="bbox 2250 3088 3774 3189">
     <span class='ocr_line' id='line_1_64' title="bbox 2250 3088 3774 3189; baseline -0.003 -19"><span class='ocrx_word' id='word_1_479' title='bbox 2250 3116 2346 3170; x_wconf 84' lang='grc' dir='ltr'>τοῦ</span> <span class='ocrx_word' id='word_1_480' title='bbox 2383 3088 2721 3189; x_wconf 63' lang='grc' dir='ltr'>βουλήματος</span> <span class='ocrx_word' id='word_1_481' title='bbox 2749 3088 2983 3186; x_wconf 45' lang='grc' dir='ltr'>πρὸς-τὺ</span> <span class='ocrx_word' id='word_1_482' title='bbox 3028 3114 3170 3169; x_wconf 83' lang='grc' dir='ltr'>κατά</span> <span class='ocrx_word' id='word_1_483' title='bbox 3225 3088 3475 3187; x_wconf 80' lang='grc' dir='ltr'>πρόθεσιν</span> <span class='ocrx_word' id='word_1_484' title='bbox 3498 3114 3632 3177; x_wconf 82' lang='grc' dir='ltr'>τέλος</span> <span class='ocrx_word' id='word_1_485' title='bbox 3676 3108 3774 3181; x_wconf 77' lang='grc' dir='ltr'>μεθ-</span> 
     </span>
    </p>
   </div>
   <div class='ocr_carea' id='block_1_65' title="bbox 566 3179 2148 3267">
    <p class='ocr_par' dir='ltr' id='par_1_65' title="bbox 566 3179 2148 3267">
     <span class='ocr_line' id='line_1_65' title="bbox 566 3179 2148 3267; baseline 0.014 -39"><span class='ocrx_word' id='word_1_486' title='bbox 566 3184 907 3234; x_wconf 87' lang='lat' dir='ltr'><strong>transeunte.</strong></span> <span class='ocrx_word' id='word_1_487' title='bbox 942 3179 1012 3235; x_wconf 90' lang='lat' dir='ltr'><strong>Ut</strong></span> <span class='ocrx_word' id='word_1_488' title='bbox 1048 3182 1218 3250; x_wconf 85' lang='lat' dir='ltr'><strong>igitur</strong></span> <span class='ocrx_word' id='word_1_489' title='bbox 1250 3185 1340 3253; x_wconf 89' lang='lat' dir='ltr'><strong>qui</strong></span> <span class='ocrx_word' id='word_1_490' title='bbox 1387 3186 1441 3240; x_wconf 90' lang='lat' dir='ltr'><strong>in</strong></span> <span class='ocrx_word' id='word_1_491' title='bbox 1474 3191 1614 3242; x_wconf 76' lang='lat' dir='ltr'><strong>cmlo</strong></span> <span class='ocrx_word' id='word_1_492' title='bbox 1655 3198 1739 3245; x_wconf 87' lang='lat' dir='ltr'><strong>est</strong></span> <span class='ocrx_word' id='word_1_493' title='bbox 1767 3203 1999 3251; x_wconf 87' lang='lat' dir='ltr'><strong>ornatus</strong></span> <span class='ocrx_word' id='word_1_494' title='bbox 2018 3197 2148 3267; x_wconf 88' lang='lat' dir='ltr'><strong>Opi-</strong></span> 
     </span>
    </p>
   </div>
   <div class='ocr_carea' id='block_1_66' title="bbox 564 3265 2145 3354">
    <p class='ocr_par' dir='ltr' id='par_1_66' title="bbox 564 3265 2145 3354">
     <span class='ocr_line' id='line_1_66' title="bbox 564 3265 2145 3354; baseline 0.015 -36"><span class='ocrx_word' id='word_1_495' title='bbox 564 3265 657 3320; x_wconf 88' lang='lat' dir='ltr'><strong>ﬁei</strong></span> <span class='ocrx_word' id='word_1_496' title='bbox 685 3267 915 3338; x_wconf 78' lang='lat' dir='ltr'><strong>gloriam</strong></span> <span class='ocrx_word' id='word_1_497' title='bbox 948 3272 1290 3340; x_wconf 87' lang='lat' dir='ltr'><strong>testiﬁcatur,</strong></span> <span class='ocrx_word' id='word_1_498' title='bbox 1317 3283 1369 3331; x_wconf 85' lang='lat' dir='ltr'><strong>et</strong></span> <span class='ocrx_word' id='word_1_499' title='bbox 1398 3295 1522 3331; x_wconf 89' lang='lat' dir='ltr'><strong>eum</strong></span> <span class='ocrx_word' id='word_1_500' title='bbox 1553 3281 1645 3349; x_wconf 90' lang='lat' dir='ltr'><strong>qui</strong></span> <span class='ocrx_word' id='word_1_501' title='bbox 1681 3280 1806 3337; x_wconf 81' lang='lat' dir='ltr'><strong>fecit</strong></span> <span class='ocrx_word' id='word_1_502' title='bbox 1833 3265 2145 3354; x_wconf 80' lang='lat' dir='ltr'><strong>conﬁtetur,</strong></span> 
     </span>
    </p>
   </div>
   <div class='ocr_carea' id='block_1_67' title="bbox 565 3363 2144 3446">
    <p class='ocr_par' dir='ltr' id='par_1_67' title="bbox 565 3363 2144 3446">
     <span class='ocr_line' id='line_1_67' title="bbox 565 3363 2144 3446; baseline 0.015 -36"><span class='ocrx_word' id='word_1_503' title='bbox 565 3371 666 3411; x_wconf 89' lang='lat' dir='ltr'><strong>nec</strong></span> <span class='ocrx_word' id='word_1_504' title='bbox 695 3369 877 3414; x_wconf 90' lang='lat' dir='ltr'><strong>tamen</strong></span> <span class='ocrx_word' id='word_1_505' title='bbox 904 3376 1039 3418; x_wconf 90' lang='lat' dir='ltr'><strong>voce</strong></span> <span class='ocrx_word' id='word_1_506' title='bbox 1068 3363 1274 3435; x_wconf 76' lang='lat' dir='ltr'><strong>indiget</strong></span> <span class='ocrx_word' id='word_1_507' title='bbox 1298 3380 1313 3419; x_wconf 84' lang='lat'><strong>;</strong></span> <span class='ocrx_word' id='word_1_508' title='bbox 1341 3366 1421 3428; x_wconf 81' lang='lat' dir='ltr'><strong>sic</strong></span> <span class='ocrx_word' id='word_1_509' title='bbox 1452 3379 1643 3423; x_wconf 84' lang='lat' dir='ltr'><strong>contra</strong></span> <span class='ocrx_word' id='word_1_510' title='bbox 1675 3373 1799 3440; x_wconf 82' lang='lat' dir='ltr'><strong>quis</strong></span> <span class='ocrx_word' id='word_1_511' title='bbox 1831 3385 2051 3446; x_wconf 87' lang='lat' dir='ltr'><strong>sumpto</strong></span> <span class='ocrx_word' id='word_1_512' title='bbox 2080 3395 2144 3433; x_wconf 83' lang='lat' dir='ltr'><strong>cx</strong></span> 
     </span>
    </p>
   </div>
   <div class='ocr_carea' id='block_1_68' title="bbox 564 3446 2146 3535">
    <p class='ocr_par' dir='ltr' id='par_1_68' title="bbox 564 3446 2146 3535">
     <span class='ocr_line' id='line_1_68' title="bbox 564 3446 2146 3535; baseline 0.015 -35"><span class='ocrx_word' id='word_1_513' title='bbox 564 3446 733 3503; x_wconf 84' lang='lat' dir='ltr'><strong>Mosis</strong></span> <span class='ocrx_word' id='word_1_514' title='bbox 767 3449 1051 3521; x_wconf 82' lang='lat' dir='ltr'><strong>Scriptura</strong></span> <span class='ocrx_word' id='word_1_515' title='bbox 1078 3452 1233 3520; x_wconf 88' lang='lat' dir='ltr'><strong>loco,</strong></span> <span class='ocrx_word' id='word_1_516' title='bbox 1260 3472 1472 3511; x_wconf 87' lang='lat' dir='ltr'><strong>mecum</strong></span> <span class='ocrx_word' id='word_1_517' title='bbox 1518 3469 1770 3528; x_wconf 84' lang='lat' dir='ltr'><strong>reputet,</strong></span> <span class='ocrx_word' id='word_1_518' title='bbox 1815 3467 1959 3535; x_wconf 87' lang='lat' dir='ltr'><strong>quod</strong></span> <span class='ocrx_word' id='word_1_519' title='bbox 2006 3468 2146 3525; x_wconf 90' lang='lat' dir='ltr'><strong>Deus</strong></span> 
     </span>
    </p>
   </div>
   <div class='ocr_carea' id='block_1_69' title="bbox 562 3540 2150 3630">
    <p class='ocr_par' dir='ltr' id='par_1_69' title="bbox 562 3540 2150 3630">
     <span class='ocr_line' id='line_1_69' title="bbox 562 3540 2150 3630; baseline 0.017 -41"><span class='ocrx_word' id='word_1_520' title='bbox 562 3540 656 3609; x_wconf 88' lang='lat' dir='ltr'><strong>qui</strong></span> <span class='ocrx_word' id='word_1_521' title='bbox 691 3559 792 3596; x_wconf 90' lang='lat' dir='ltr'><strong>suo</strong></span> <span class='ocrx_word' id='word_1_522' title='bbox 815 3544 973 3612; x_wconf 86' lang='lat' dir='ltr'><strong>jussu</strong></span> <span class='ocrx_word' id='word_1_523' title='bbox 1046 3547 1304 3602; x_wconf 83' lang='lat' dir='ltr'><strong>universa</strong></span> <span class='ocrx_word' id='word_1_524' title='bbox 1345 3550 1400 3603; x_wconf 89' lang='lat' dir='ltr'><strong>in</strong></span> <span class='ocrx_word' id='word_1_525' title='bbox 1445 3566 1626 3605; x_wconf 88' lang='lat' dir='ltr'><strong>rerum</strong></span> <span class='ocrx_word' id='word_1_526' title='bbox 1663 3562 1915 3612; x_wconf 84' lang='lat' dir='ltr'><strong>naturam</strong></span> <span class='ocrx_word' id='word_1_527' title='bbox 1954 3562 2150 3630; x_wconf 85' lang='lat' dir='ltr'><strong>produ-</strong></span> 
     </span>
    </p>
   </div>
   <div class='ocr_carea' id='block_1_70' title="bbox 563 3634 2148 3714">
    <p class='ocr_par' dir='ltr' id='par_1_70' title="bbox 563 3634 2148 3714">
     <span class='ocr_line' id='line_1_70' title="bbox 563 3634 2148 3714; baseline 0.015 -29"><span class='ocrx_word' id='word_1_528' title='bbox 563 3634 679 3698; x_wconf 87' lang='lat' dir='ltr'><strong>xit,</strong></span> <span class='ocrx_word' id='word_1_529' title='bbox 714 3637 977 3689; x_wconf 89' lang='lat' dir='ltr'><strong>mundum</strong></span> <span class='ocrx_word' id='word_1_530' title='bbox 1008 3636 1145 3691; x_wconf 87' lang='lat' dir='ltr'><strong>dicit</strong></span> <span class='ocrx_word' id='word_1_531' title='bbox 1176 3655 1330 3694; x_wconf 86' lang='lat' dir='ltr'><strong>suam</strong></span> <span class='ocrx_word' id='word_1_532' title='bbox 1363 3657 1488 3698; x_wconf 89' lang='lat' dir='ltr'><strong>esse</strong></span> <span class='ocrx_word' id='word_1_533' title='bbox 1518 3655 1860 3714; x_wconf 80' lang='lat' dir='ltr'><strong>creaturam,</strong></span> <span class='ocrx_word' id='word_1_534' title='bbox 1894 3667 1993 3706; x_wconf 90' lang='lat' dir='ltr'><strong>nec</strong></span> <span class='ocrx_word' id='word_1_535' title='bbox 2028 3668 2148 3708; x_wconf 85' lang='lat' dir='ltr'><strong>ver-</strong></span> 
     </span>
    </p>
   </div>
   <div class='ocr_carea' id='block_1_71' title="bbox 563 3724 2148 3814">
    <p class='ocr_par' dir='ltr' id='par_1_71' title="bbox 563 3724 2148 3814">
     <span class='ocr_line' id='line_1_71' title="bbox 563 3724 2148 3814; baseline 0.012 -35"><span class='ocrx_word' id='word_1_536' title='bbox 563 3724 652 3780; x_wconf 84' lang='lat' dir='ltr'><strong>bis</strong></span> <span class='ocrx_word' id='word_1_537' title='bbox 688 3726 755 3778; x_wconf 91' lang='lat' dir='ltr'><strong>ad</strong></span> <span class='ocrx_word' id='word_1_538' title='bbox 794 3726 955 3794; x_wconf 82' lang='lat' dir='ltr'><strong>hujus</strong></span> <span class='ocrx_word' id='word_1_539' title='bbox 986 3729 1197 3785; x_wconf 67' lang='lat' dir='ltr'><strong>notitia:</strong></span> <span class='ocrx_word' id='word_1_540' title='bbox 1228 3731 1650 3789; x_wconf 82' lang='lat' dir='ltr'><strong>declarationem</strong></span> <span class='ocrx_word' id='word_1_541' title='bbox 1688 3738 1912 3810; x_wconf 85' lang='lat' dir='ltr'><strong>indiget.</strong></span> <span class='ocrx_word' id='word_1_542' title='bbox 1946 3741 2016 3797; x_wconf 89' lang='lat' dir='ltr'><strong>Ut</strong></span> <span class='ocrx_word' id='word_1_543' title='bbox 2054 3745 2148 3814; x_wconf 80' lang='lat' dir='ltr'><strong>igi-</strong></span> 
     </span>
    </p>
   </div>
   <div class='ocr_carea' id='block_1_72' title="bbox 563 3816 2144 3893">
    <p class='ocr_par' dir='ltr' id='par_1_72' title="bbox 563 3816 2144 3893">
     <span class='ocr_line' id='line_1_72' title="bbox 563 3816 2144 3893; baseline 0.015 -26"><span class='ocrx_word' id='word_1_544' title='bbox 563 3824 657 3869; x_wconf 87' lang='lat' dir='ltr'><strong>tur</strong></span> <span class='ocrx_word' id='word_1_545' title='bbox 684 3816 777 3886; x_wconf 92' lang='lat' dir='ltr'><strong>qui</strong></span> <span class='ocrx_word' id='word_1_546' title='bbox 810 3819 1016 3873; x_wconf 81' lang='lat' dir='ltr'><strong>audivit</strong></span> <span class='ocrx_word' id='word_1_547' title='bbox 1043 3823 1243 3877; x_wconf 65' lang='lat' dir='ltr'><strong>caelum</strong></span> <span class='ocrx_word' id='word_1_548' title='bbox 1280 3840 1543 3881; x_wconf 85' lang='lat' dir='ltr'><strong>enarrare</strong></span> <span class='ocrx_word' id='word_1_549' title='bbox 1564 3872 1577 3893; x_wconf 90' lang='lat'><strong>,</strong></span> <span class='ocrx_word' id='word_1_550' title='bbox 1628 3845 1939 3888; x_wconf 88' lang='lat' dir='ltr'><strong>sermonem</strong></span> <span class='ocrx_word' id='word_1_551' title='bbox 1983 3853 2144 3891; x_wconf 86' lang='lat' dir='ltr'><strong>enar-</strong></span> 
     </span>
    </p>
   </div>
   <div class='ocr_carea' id='block_1_73' title="bbox 564 3907 2146 3992">
    <p class='ocr_par' dir='ltr' id='par_1_73' title="bbox 564 3907 2146 3992">
     <span class='ocr_line' id='line_1_73' title="bbox 564 3907 2146 3992; baseline 0.014 -34"><span class='ocrx_word' id='word_1_552' title='bbox 564 3907 801 3960; x_wconf 86' lang='lat' dir='ltr'><strong>rativum</strong></span> <span class='ocrx_word' id='word_1_553' title='bbox 834 3924 941 3962; x_wconf 93' lang='lat' dir='ltr'><strong>non</strong></span> <span class='ocrx_word' id='word_1_554' title='bbox 970 3912 1509 3980; x_wconf 63' lang='lat' dir='ltr'><strong>quasivitmiundus</strong></span> <span class='ocrx_word' id='word_1_555' title='bbox 1533 3918 1678 3971; x_wconf 91' lang='lat' dir='ltr'><strong>enim</strong></span> <span class='ocrx_word' id='word_1_556' title='bbox 1711 3935 1890 3977; x_wconf 88' lang='lat' dir='ltr'><strong>mente</strong></span> <span class='ocrx_word' id='word_1_557' title='bbox 1920 3925 2146 3992; x_wconf 65' lang='lat' dir='ltr'><strong>praedito</strong></span> 
     </span>
    </p>
   </div>
   <div class='ocr_carea' id='block_1_74' title="bbox 563 4000 2144 4085">
    <p class='ocr_par' dir='ltr' id='par_1_74' title="bbox 563 4000 2144 4085">
     <span class='ocr_line' id='line_1_74' title="bbox 563 4000 2144 4085; baseline 0.011 -31"><span class='ocrx_word' id='word_1_558' title='bbox 563 4000 810 4070; x_wconf 83' lang='lat' dir='ltr'><strong>loquitur</strong></span> <span class='ocrx_word' id='word_1_559' title='bbox 841 4016 936 4069; x_wconf 91' lang='lat' dir='ltr'><strong>per</strong></span> <span class='ocrx_word' id='word_1_560' title='bbox 976 4018 1041 4057; x_wconf 87' lang='lat' dir='ltr'><strong>ea</strong></span> <span class='ocrx_word' id='word_1_561' title='bbox 1085 4020 1207 4074; x_wconf 69' lang='lat' dir='ltr'><strong>qua:</strong></span> <span class='ocrx_word' id='word_1_562' title='bbox 1252 4005 1425 4070; x_wconf 84' lang='lat' dir='ltr'><strong>ﬁunt,</strong></span> <span class='ocrx_word' id='word_1_563' title='bbox 1469 4007 1893 4066; x_wconf 84' lang='lat' dir='ltr'><strong>declarationem</strong></span> <span class='ocrx_word' id='word_1_564' title='bbox 1934 4032 2054 4085; x_wconf 76' lang='lat' dir='ltr'><strong>qua:</strong></span> <span class='ocrx_word' id='word_1_565' title='bbox 2089 4019 2144 4071; x_wconf 90' lang='lat' dir='ltr'><strong>lit</strong></span> 
     </span>
    </p>
   </div>
   <div class='ocr_carea' id='block_1_75' title="bbox 563 4093 2140 4163">
    <p class='ocr_par' dir='ltr' id='par_1_75' title="bbox 563 4093 2140 4163">
     <span class='ocr_line' id='line_1_75' title="bbox 563 4093 2140 4163; baseline 0.011 -17"><span class='ocrx_word' id='word_1_566' title='bbox 563 4093 746 4147; x_wconf 85' lang='lat' dir='ltr'><strong>verbis</strong></span> <span class='ocrx_word' id='word_1_567' title='bbox 801 4094 981 4150; x_wconf 87' lang='lat' dir='ltr'><strong>valere</strong></span> <span class='ocrx_word' id='word_1_568' title='bbox 1023 4097 1252 4151; x_wconf 85' lang='lat' dir='ltr'><strong>sincns:</strong></span> <span class='ocrx_word' id='word_1_569' title='bbox 1299 4098 1380 4153; x_wconf 89' lang='lat' dir='ltr'><strong>sic</strong></span> <span class='ocrx_word' id='word_1_570' title='bbox 1417 4108 1473 4153; x_wconf 93' lang='lat' dir='ltr'><strong>et</strong></span> <span class='ocrx_word' id='word_1_571' title='bbox 1523 4100 1725 4155; x_wconf 82' lang='lat' dir='ltr'><strong>Mosem</strong></span> <span class='ocrx_word' id='word_1_572' title='bbox 1774 4104 2045 4162; x_wconf 87' lang='lat' dir='ltr'><strong>dicentem</strong></span> <span class='ocrx_word' id='word_1_573' title='bbox 2095 4113 2140 4163; x_wconf 93' lang='lat' dir='ltr'><strong>si</strong></span> 
     </span>
    </p>
   </div>
   <div class='ocr_carea' id='block_1_76' title="bbox 561 4186 2140 4265">
    <p class='ocr_par' dir='ltr' id='par_1_76' title="bbox 561 4186 2140 4265">
     <span class='ocr_line' id='line_1_76' title="bbox 561 4186 2140 4265; baseline 0.011 -27"><span class='ocrx_word' id='word_1_574' title='bbox 561 4186 687 4256; x_wconf 82' lang='lat' dir='ltr'><strong>quis</strong></span> <span class='ocrx_word' id='word_1_575' title='bbox 714 4187 983 4252; x_wconf 87' lang='lat' dir='ltr'><strong>audierit,</strong></span> <span class='ocrx_word' id='word_1_576' title='bbox 1021 4186 1189 4243; x_wconf 86' lang='lat' dir='ltr'><strong>Deum</strong></span> <span class='ocrx_word' id='word_1_577' title='bbox 1218 4190 1540 4245; x_wconf 88' lang='lat' dir='ltr'><strong>nominatim</strong></span> <span class='ocrx_word' id='word_1_578' title='bbox 1573 4186 1640 4247; x_wconf 83' lang='lat' dir='ltr'><strong>de</strong></span> <span class='ocrx_word' id='word_1_579' title='bbox 1672 4195 1912 4265; x_wconf 86' lang='lat' dir='ltr'><strong>singulis</strong></span> <span class='ocrx_word' id='word_1_580' title='bbox 1948 4202 2140 4255; x_wconf 88' lang='lat' dir='ltr'><strong>mundi</strong></span> 
     </span>
    </p>
   </div>
   <div class='ocr_carea' id='block_1_77' title="bbox 561 4280 2137 4359">
    <p class='ocr_par' dir='ltr' id='par_1_77' title="bbox 561 4280 2137 4359">
     <span class='ocr_line' id='line_1_77' title="bbox 561 4280 2137 4359; baseline 0.01 -28"><span class='ocrx_word' id='word_1_581' title='bbox 561 4281 816 4348; x_wconf 87' lang='lat' dir='ltr'><strong>partibus</strong></span> <span class='ocrx_word' id='word_1_582' title='bbox 845 4280 1151 4335; x_wconf 88' lang='lat' dir='ltr'><strong>edicentem</strong></span> <span class='ocrx_word' id='word_1_583' title='bbox 1179 4289 1230 4335; x_wconf 88' lang='lat' dir='ltr'><strong>et</strong></span> <span class='ocrx_word' id='word_1_584' title='bbox 1256 4280 1537 4349; x_wconf 89' lang='lat' dir='ltr'><strong>jubentem</strong></span> <span class='ocrx_word' id='word_1_585' title='bbox 1557 4326 1570 4349; x_wconf 88' lang='lat'><strong>,</strong></span> <span class='ocrx_word' id='word_1_586' title='bbox 1606 4302 1780 4356; x_wconf 90' lang='lat' dir='ltr'><strong>neque</strong></span> <span class='ocrx_word' id='word_1_587' title='bbox 1817 4291 2137 4359; x_wconf 84' lang='lat' dir='ltr'><strong>prophetam</strong></span> 
     </span>
    </p>
   </div>
   <div class='ocr_carea' id='block_1_78' title="bbox 2253 3201 3774 3280">
    <p class='ocr_par' dir='ltr' id='par_1_78' title="bbox 2253 3201 3774 3280">
     <span class='ocr_line' id='line_1_78' title="bbox 2253 3201 3774 3280; baseline 0.001 -21"><span class='ocrx_word' id='word_1_588' title='bbox 2253 3209 2562 3277; x_wconf 84' lang='grc' dir='ltr'>ισταμένου.</span> <span class='ocrx_word' id='word_1_589' title='bbox 2594 3209 2681 3270; x_wconf 78' lang='grc' dir='ltr'><strong>Ὠς</strong></span> <span class='ocrx_word' id='word_1_590' title='bbox 2742 3208 2923 3260; x_wconf 84' lang='grc' dir='ltr'>τοίνυν</span> <span class='ocrx_word' id='word_1_591' title='bbox 2951 3211 3227 3280; x_wconf 84' lang='grc' dir='ltr'>μαρτυρεῖ</span> <span class='ocrx_word' id='word_1_592' title='bbox 3262 3208 3342 3279; x_wconf 86' lang='grc' dir='ltr'><strong>τῷ</strong></span> <span class='ocrx_word' id='word_1_593' title='bbox 3378 3203 3675 3279; x_wconf 77' lang='grc' dir='ltr'>Δημιουργῷ</span> <span class='ocrx_word' id='word_1_594' title='bbox 3701 3201 3774 3269; x_wconf 72' lang='grc' dir='ltr'>τὴν</span> 
     </span>
    </p>
   </div>
   <div class='ocr_carea' id='block_1_79' title="bbox 2248 3296 3773 3373">
    <p class='ocr_par' dir='ltr' id='par_1_79' title="bbox 2248 3296 3773 3373">
     <span class='ocr_line' id='line_1_79' title="bbox 2248 3296 3773 3373; baseline -0.005 -18"><span class='ocrx_word' id='word_1_595' title='bbox 2248 3300 2404 3365; x_wconf 83' lang='grc' dir='ltr'>δόξαν</span> <span class='ocrx_word' id='word_1_596' title='bbox 2429 3303 2461 3371; x_wconf 89' lang='grc' dir='ltr'><strong>ή</strong></span> <span class='ocrx_word' id='word_1_597' title='bbox 2500 3301 2650 3371; x_wconf 87' lang='grc' dir='ltr'>ἐντῷ</span> <span class='ocrx_word' id='word_1_598' title='bbox 2684 3299 2898 3372; x_wconf 79' lang='grc' dir='ltr'>οὐρανῷ</span> <span class='ocrx_word' id='word_1_599' title='bbox 2921 3302 3307 3372; x_wconf 83' lang='grc' dir='ltr'>διακόσμησις.</span> <span class='ocrx_word' id='word_1_600' title='bbox 3339 3304 3429 3356; x_wconf 71' lang='grc' dir='ltr'>καὶ</span> <span class='ocrx_word' id='word_1_601' title='bbox 3460 3301 3681 3373; x_wconf 79' lang='grc' dir='ltr'>ὁμολογεῖ</span> <span class='ocrx_word' id='word_1_602' title='bbox 3706 3296 3773 3347; x_wconf 79' lang='grc' dir='ltr'><strong>τὸν</strong></span> 
     </span>
    </p>
   </div>
   <div class='ocr_carea' id='block_1_80' title="bbox 2251 3388 3774 3466">
    <p class='ocr_par' dir='ltr' id='par_1_80' title="bbox 2251 3388 3774 3466">
     <span class='ocr_line' id='line_1_80' title="bbox 2251 3388 3774 3466; baseline -0.004 -19"><span class='ocrx_word' id='word_1_603' title='bbox 2251 3394 2607 3466; x_wconf 84' lang='grc' dir='ltr'>πεποιηκότα,</span> <span class='ocrx_word' id='word_1_604' title='bbox 2647 3395 2742 3448; x_wconf 76' lang='grc' dir='ltr'>καὶ</span> <span class='ocrx_word' id='word_1_605' title='bbox 2772 3395 2956 3464; x_wconf 78' lang='grc' dir='ltr'>φωνῆς</span> <span class='ocrx_word' id='word_1_606' title='bbox 3001 3396 3061 3448; x_wconf 81' lang='grc' dir='ltr'><strong>οὺ</strong></span> <span class='ocrx_word' id='word_1_607' title='bbox 3095 3396 3439 3466; x_wconf 80' lang='grc' dir='ltr'>προσδέεται.</span> <span class='ocrx_word' id='word_1_608' title='bbox 3476 3394 3603 3447; x_wconf 77' lang='grc' dir='ltr'>οὕτω</span> <span class='ocrx_word' id='word_1_609' title='bbox 3635 3408 3707 3460; x_wconf 87' lang='grc' dir='ltr'>μοι</span> <span class='ocrx_word' id='word_1_610' title='bbox 3730 3388 3774 3438; x_wconf 69' lang='grc' dir='ltr'><strong>τὸ</strong></span> 
     </span>
    </p>
   </div>
   <div class='ocr_carea' id='block_1_81' title="bbox 2249 3477 3772 3557">
    <p class='ocr_par' dir='ltr' id='par_1_81' title="bbox 2249 3477 3772 3557">
     <span class='ocr_line' id='line_1_81' title="bbox 2249 3477 3772 3557; baseline -0.007 -19"><span class='ocrx_word' id='word_1_611' title='bbox 2249 3485 2484 3555; x_wconf 78' lang='grc' dir='ltr'>ἔμπαλιν</span> <span class='ocrx_word' id='word_1_612' title='bbox 2546 3486 2610 3537; x_wconf 83' lang='grc' dir='ltr'><strong>ἐκ</strong></span> <span class='ocrx_word' id='word_1_613' title='bbox 2658 3486 2760 3555; x_wconf 73' lang='grc' dir='ltr'>τῆς</span> <span class='ocrx_word' id='word_1_614' title='bbox 2802 3484 2895 3537; x_wconf 77' lang='grc' dir='ltr'><strong>τοῦ</strong></span> <span class='ocrx_word' id='word_1_615' title='bbox 2942 3486 3225 3549; x_wconf 81' lang='grc' dir='ltr'>Μωῦσὲως</span> <span class='ocrx_word' id='word_1_616' title='bbox 3262 3486 3479 3557; x_wconf 78' lang='grc' dir='ltr'>Γραφῆς</span> <span class='ocrx_word' id='word_1_617' title='bbox 3512 3477 3772 3554; x_wconf 72' lang='grc' dir='ltr'>μεταλαϐὼν</span> 
     </span>
    </p>
   </div>
   <div class='ocr_carea' id='block_1_82' title="bbox 2249 3572 3773 3650">
    <p class='ocr_par' dir='ltr' id='par_1_82' title="bbox 2249 3572 3773 3650">
     <span class='ocr_line' id='line_1_82' title="bbox 2249 3572 3773 3650; baseline -0.007 -19"><span class='ocrx_word' id='word_1_618' title='bbox 2249 3578 2313 3632; x_wconf 83' lang='grc' dir='ltr'><strong>ἄν</strong></span> <span class='ocrx_word' id='word_1_619' title='bbox 2340 3596 2422 3641; x_wconf 85' lang='grc' dir='ltr'><strong>τις</strong></span> <span class='ocrx_word' id='word_1_620' title='bbox 2449 3577 2742 3647; x_wconf 86' lang='grc' dir='ltr'>λογίσαιτο,</span> <span class='ocrx_word' id='word_1_621' title='bbox 2777 3579 2857 3630; x_wconf 81' lang='grc' dir='ltr'>ὅτι</span> <span class='ocrx_word' id='word_1_622' title='bbox 2890 3578 2984 3630; x_wconf 73' lang='grc' dir='ltr'>καὶ</span> <span class='ocrx_word' id='word_1_623' title='bbox 3017 3576 3216 3631; x_wconf 80' lang='grc' dir='ltr'>ἑαυτοῦ</span> <span class='ocrx_word' id='word_1_624' title='bbox 3250 3579 3450 3650; x_wconf 79' lang='grc' dir='ltr'>κτίσμα</span> <span class='ocrx_word' id='word_1_625' title='bbox 3476 3580 3501 3631; x_wconf 89' lang='grc' dir='ltr'>ὁ</span> <span class='ocrx_word' id='word_1_626' title='bbox 3520 3576 3635 3638; x_wconf 79' lang='grc' dir='ltr'>Θεὸς</span> <span class='ocrx_word' id='word_1_627' title='bbox 3660 3572 3773 3637; x_wconf 80' lang='grc' dir='ltr'>λέγει</span> 
     </span>
    </p>
   </div>
   <div class='ocr_carea' id='block_1_83' title="bbox 2248 3662 3771 3740">
    <p class='ocr_par' dir='ltr' id='par_1_83' title="bbox 2248 3662 3771 3740">
     <span class='ocr_line' id='line_1_83' title="bbox 2248 3662 3771 3740; baseline -0.001 -19"><span class='ocrx_word' id='word_1_628' title='bbox 2248 3668 2338 3723; x_wconf 71' lang='grc' dir='ltr'><strong>τὸν</strong></span> <span class='ocrx_word' id='word_1_629' title='bbox 2363 3669 2565 3739; x_wconf 87' lang='grc' dir='ltr'>κόσμον</span> <span class='ocrx_word' id='word_1_630' title='bbox 2597 3671 2624 3722; x_wconf 95' lang='lat'><strong>6</strong></span> <span class='ocrx_word' id='word_1_631' title='bbox 2660 3667 2738 3739; x_wconf 83' lang='grc' dir='ltr'>τῷ</span> <span class='ocrx_word' id='word_1_632' title='bbox 2784 3670 3163 3740; x_wconf 83' lang='grc' dir='ltr'>προστάγματι</span> <span class='ocrx_word' id='word_1_633' title='bbox 3188 3670 3254 3724; x_wconf 84' lang='grc' dir='ltr'>τὸ</span> <span class='ocrx_word' id='word_1_634' title='bbox 3281 3672 3388 3724; x_wconf 77' lang='grc' dir='ltr'><strong>πᾶν</strong></span> <span class='ocrx_word' id='word_1_635' title='bbox 3412 3668 3670 3728; x_wconf 77' lang='grc' dir='ltr'>οὑσιώσας,</span> <span class='ocrx_word' id='word_1_636' title='bbox 3702 3662 3771 3714; x_wconf 59' lang='grc' dir='ltr'><strong>καὶ</strong></span> 
     </span>
    </p>
   </div>
   <div class='ocr_carea' id='block_1_84' title="bbox 2250 3760 3771 3831">
    <p class='ocr_par' dir='ltr' id='par_1_84' title="bbox 2250 3760 3771 3831">
     <span class='ocr_line' id='line_1_84' title="bbox 2250 3760 3771 3831; baseline -0.006 -15"><span class='ocrx_word' id='word_1_637' title='bbox 2250 3762 2510 3831; x_wconf 72' lang='grc' dir='ltr'>ῥημάτων</span> <span class='ocrx_word' id='word_1_638' title='bbox 2557 3760 2690 3831; x_wconf 83' lang='grc' dir='ltr'>πρὸς</span> <span class='ocrx_word' id='word_1_639' title='bbox 2719 3760 2947 3831; x_wconf 75' lang='grc' dir='ltr'>δήλωσιν</span> <span class='ocrx_word' id='word_1_640' title='bbox 2976 3760 3077 3830; x_wconf 77' lang='grc' dir='ltr'>τῆς</span> <span class='ocrx_word' id='word_1_641' title='bbox 3124 3760 3339 3825; x_wconf 80' lang='grc' dir='ltr'>ἐννοίας</span> <span class='ocrx_word' id='word_1_642' title='bbox 3365 3761 3556 3831; x_wconf 77' lang='grc' dir='ltr'>ταύτης</span> <span class='ocrx_word' id='word_1_643' title='bbox 3581 3760 3665 3811; x_wconf 72' lang='grc' dir='ltr'>οὐκ</span> <span class='ocrx_word' id='word_1_644' title='bbox 3686 3760 3771 3807; x_wconf 76' lang='grc' dir='ltr'>ἐπι-</span> 
     </span>
    </p>
   </div>
   <div class='ocr_carea' id='block_1_85' title="bbox 2247 3844 3770 3920">
    <p class='ocr_par' dir='ltr' id='par_1_85' title="bbox 2247 3844 3770 3920">
     <span class='ocr_line' id='line_1_85' title="bbox 2247 3844 3770 3920; baseline -0.007 -15"><span class='ocrx_word' id='word_1_645' title='bbox 2247 3852 2445 3907; x_wconf 81' lang='grc' dir='ltr'>δέεται.</span> <span class='ocrx_word' id='word_1_646' title='bbox 2488 3851 2577 3915; x_wconf 85' lang='grc' dir='ltr'>Ὠς</span> <span class='ocrx_word' id='word_1_647' title='bbox 2606 3847 2699 3904; x_wconf 75' lang='grc' dir='ltr'><strong>οὖν</strong></span> <span class='ocrx_word' id='word_1_648' title='bbox 2728 3852 2755 3903; x_wconf 90' lang='lat'><strong>6</strong></span> <span class='ocrx_word' id='word_1_649' title='bbox 2787 3849 3024 3914; x_wconf 81' lang='grc' dir='ltr'>ἀκούσας</span> <span class='ocrx_word' id='word_1_650' title='bbox 3050 3850 3289 3919; x_wconf 80' lang='grc' dir='ltr'>οὐρανοῦ</span> <span class='ocrx_word' id='word_1_651' title='bbox 3328 3850 3675 3920; x_wconf 81' lang='grc' dir='ltr'>διηγουμένου.</span> <span class='ocrx_word' id='word_1_652' title='bbox 3714 3844 3770 3895; x_wconf 86' lang='grc' dir='ltr'>δι-</span> 
     </span>
    </p>
   </div>
   <div class='ocr_carea' id='block_1_86' title="bbox 2246 3933 3769 4013">
    <p class='ocr_par' dir='ltr' id='par_1_86' title="bbox 2246 3933 3769 4013">
     <span class='ocr_line' id='line_1_86' title="bbox 2246 3933 3769 4013; baseline -0.009 -18"><span class='ocrx_word' id='word_1_653' title='bbox 2246 3943 2484 4008; x_wconf 83' lang='grc' dir='ltr'>εξοδικὸν</span> <span class='ocrx_word' id='word_1_654' title='bbox 2506 3942 2605 3996; x_wconf 83' lang='grc' dir='ltr'>οὐκ</span> <span class='ocrx_word' id='word_1_655' title='bbox 2633 3940 2861 4013; x_wconf 78' lang='grc' dir='ltr'>ἐζήτησε</span> <span class='ocrx_word' id='word_1_656' title='bbox 2883 3940 3040 4009; x_wconf 87' lang='grc' dir='ltr'>λόγον</span> <span class='ocrx_word' id='word_1_657' title='bbox 3063 3953 3077 3967; x_wconf 89' lang='grc'><strong>·</strong></span> <span class='ocrx_word' id='word_1_658' title='bbox 3103 3934 3261 3993; x_wconf 78' lang='grc' dir='ltr'>λαλεῖ</span> <span class='ocrx_word' id='word_1_659' title='bbox 3285 3940 3391 4011; x_wconf 87' lang='grc' dir='ltr'>γὰρ</span> <span class='ocrx_word' id='word_1_660' title='bbox 3406 3938 3479 4009; x_wconf 85' lang='grc' dir='ltr'><strong>τῷ</strong></span> <span class='ocrx_word' id='word_1_661' title='bbox 3504 3937 3612 3990; x_wconf 80' lang='grc' dir='ltr'>νοῦν</span> <span class='ocrx_word' id='word_1_662' title='bbox 3637 3933 3769 4002; x_wconf 76' lang='grc' dir='ltr'>ἔχοντι</span> 
     </span>
    </p>
   </div>
   <div class='ocr_carea' id='block_1_87' title="bbox 2246 4026 3768 4105">
    <p class='ocr_par' dir='ltr' id='par_1_87' title="bbox 2246 4026 3768 4105">
     <span class='ocr_line' id='line_1_87' title="bbox 2246 4026 3768 4105; baseline -0.01 -16"><span class='ocrx_word' id='word_1_663' title='bbox 2246 4036 2335 4089; x_wconf 70' lang='grc' dir='ltr'>διὰ</span> <span class='ocrx_word' id='word_1_664' title='bbox 2366 4036 2473 4088; x_wconf 82' lang='grc' dir='ltr'><strong>τῶν</strong></span> <span class='ocrx_word' id='word_1_665' title='bbox 2503 4034 2804 4105; x_wconf 81' lang='grc' dir='ltr'>γινομένων</span> <span class='ocrx_word' id='word_1_666' title='bbox 2854 4033 2882 4085; x_wconf 93' lang='lat'><strong>6</strong></span> <span class='ocrx_word' id='word_1_667' title='bbox 2924 4034 3147 4103; x_wconf 88' lang='grc' dir='ltr'>κόσμος,</span> <span class='ocrx_word' id='word_1_668' title='bbox 3181 4033 3286 4105; x_wconf 77' lang='grc' dir='ltr'><strong>τὴν</strong></span> <span class='ocrx_word' id='word_1_669' title='bbox 3324 4032 3411 4085; x_wconf 76' lang='grc' dir='ltr'><strong>διὰ</strong></span> <span class='ocrx_word' id='word_1_670' title='bbox 3440 4032 3540 4083; x_wconf 84' lang='grc' dir='ltr'>τῶν</span> <span class='ocrx_word' id='word_1_671' title='bbox 3560 4026 3768 4098; x_wconf 69' lang='grc' dir='ltr'>ῥημάτων</span> 
     </span>
    </p>
   </div>
   <div class='ocr_carea' id='block_1_88' title="bbox 2245 4114 3770 4199">
    <p class='ocr_par' dir='ltr' id='par_1_88' title="bbox 2245 4114 3770 4199">
     <span class='ocr_line' id='line_1_88' title="bbox 2245 4114 3770 4199; baseline -0.008 -17"><span class='ocrx_word' id='word_1_672' title='bbox 2245 4128 2474 4199; x_wconf 70' lang='grc' dir='ltr'>δήλωσιν</span> <span class='ocrx_word' id='word_1_673' title='bbox 2520 4128 2729 4198; x_wconf 87' lang='grc' dir='ltr'>χαίρειν</span> <span class='ocrx_word' id='word_1_674' title='bbox 2768 4126 2967 4188; x_wconf 85' lang='grc' dir='ltr'>ἐάσας·</span> <span class='ocrx_word' id='word_1_675' title='bbox 3004 4124 3146 4177; x_wconf 73' lang='grc' dir='ltr'>οὕτω</span> <span class='ocrx_word' id='word_1_676' title='bbox 3184 4126 3294 4179; x_wconf 73' lang='grc' dir='ltr'><strong>κᾶν</strong></span> <span class='ocrx_word' id='word_1_677' title='bbox 3322 4124 3411 4178; x_wconf 80' lang='grc' dir='ltr'><strong>τοῦ</strong></span> <span class='ocrx_word' id='word_1_678' title='bbox 3439 4120 3682 4180; x_wconf 80' lang='grc' dir='ltr'>Μωῦσέως</span> <span class='ocrx_word' id='word_1_679' title='bbox 3706 4114 3770 4165; x_wconf 77' lang='grc' dir='ltr'><strong>λέ·</strong></span> 
     </span>
    </p>
   </div>
   <div class='ocr_carea' id='block_1_89' title="bbox 2246 4203 3766 4286">
    <p class='ocr_par' dir='ltr' id='par_1_89' title="bbox 2246 4203 3766 4286">
     <span class='ocr_line' id='line_1_89' title="bbox 2246 4203 3766 4286; baseline -0.011 -15"><span class='ocrx_word' id='word_1_680' title='bbox 2246 4219 2434 4286; x_wconf 88' lang='grc' dir='ltr'>γοντός</span> <span class='ocrx_word' id='word_1_681' title='bbox 2469 4235 2550 4281; x_wconf 89' lang='grc' dir='ltr'><strong>τις</strong></span> <span class='ocrx_word' id='word_1_682' title='bbox 2582 4215 2812 4286; x_wconf 79' lang='grc' dir='ltr'><strong>ἀκούσῃ.</strong></span> <span class='ocrx_word' id='word_1_683' title='bbox 2862 4215 2937 4278; x_wconf 78' lang='grc' dir='ltr'><strong>ὡς</strong></span> <span class='ocrx_word' id='word_1_684' title='bbox 2987 4214 3083 4267; x_wconf 78' lang='grc' dir='ltr'>τοῦ</span> <span class='ocrx_word' id='word_1_685' title='bbox 3108 4213 3247 4267; x_wconf 81' lang='grc' dir='ltr'>Θεοῦ</span> <span class='ocrx_word' id='word_1_686' title='bbox 3288 4213 3541 4285; x_wconf 75' lang='grc' dir='ltr'>ὀνομαστὶ</span> <span class='ocrx_word' id='word_1_687' title='bbox 3568 4203 3766 4278; x_wconf 80' lang='grc' dir='ltr'>περὶτῶν</span> 
     </span>
    </p>
   </div>
   <div class='ocr_carea' id='block_1_90' title="bbox 2246 4294 3767 4376">
    <p class='ocr_par' dir='ltr' id='par_1_90' title="bbox 2246 4294 3767 4376">
     <span class='ocr_line' id='line_1_90' title="bbox 2246 4294 3767 4376; baseline -0.008 -13"><span class='ocrx_word' id='word_1_688' title='bbox 2246 4310 2365 4363; x_wconf 76' lang='grc' dir='ltr'>καθ’</span> <span class='ocrx_word' id='word_1_689' title='bbox 2394 4310 2623 4362; x_wconf 79' lang='grc' dir='ltr'>ἕκαστον</span> <span class='ocrx_word' id='word_1_690' title='bbox 2645 4308 2738 4359; x_wconf 82' lang='grc' dir='ltr'>τοῦ</span> <span class='ocrx_word' id='word_1_691' title='bbox 2774 4306 2977 4375; x_wconf 88' lang='grc' dir='ltr'>κόσμου</span> <span class='ocrx_word' id='word_1_692' title='bbox 3017 4306 3198 4376; x_wconf 84' lang='grc' dir='ltr'>μερῶν</span> <span class='ocrx_word' id='word_1_693' title='bbox 3228 4303 3589 4365; x_wconf 81' lang='grc' dir='ltr'>διατάττοντός</span> <span class='ocrx_word' id='word_1_694' title='bbox 3624 4317 3670 4352; x_wconf 86' lang='grc' dir='ltr'><strong>τε</strong></span> <span class='ocrx_word' id='word_1_695' title='bbox 3698 4294 3767 4347; x_wconf 69' lang='grc' dir='ltr'>καὶ</span> 
     </span>
    </p>
   </div>
   <div class='ocr_carea' id='block_1_91' title="bbox 563 4372 2146 4468">
    <p class='ocr_par' dir='ltr' id='par_1_91' title="bbox 563 4372 2136 4443">
     <span class='ocr_line' id='line_1_91' title="bbox 563 4372 2136 4443; baseline 0.009 -20"><span class='ocrx_word' id='word_1_696' title='bbox 563 4372 785 4424; x_wconf 89' lang='lat' dir='ltr'><strong>mentiri</strong></span> <span class='ocrx_word' id='word_1_697' title='bbox 837 4373 1170 4440; x_wconf 64' lang='lat' dir='ltr'><strong>suspicetur,</strong></span> <span class='ocrx_word' id='word_1_698' title='bbox 1221 4388 1397 4443; x_wconf 86' lang='lat' dir='ltr'><strong>neque</strong></span> <span class='ocrx_word' id='word_1_699' title='bbox 1444 4375 1680 4432; x_wconf 79' lang='lat' dir='ltr'><strong>exilibus</strong></span> <span class='ocrx_word' id='word_1_700' title='bbox 1727 4387 1780 4432; x_wconf 88' lang='lat' dir='ltr'><strong>et</strong></span> <span class='ocrx_word' id='word_1_701' title='bbox 1836 4380 2136 4438; x_wconf 90' lang='lat' dir='ltr'><strong>humilibus</strong></span> 
     </span>
    </p>
   </div>
   <div class='ocr_carea' id='block_1_92' title="bbox 2245 4372 3764 4468">
    <p class='ocr_par' dir='ltr' id='par_1_92' title="bbox 2245 4391 3764 4468">
     <span class='ocr_line' id='line_1_92' title="bbox 2245 4391 3764 4468; baseline -0.005 -14"><span class='ocrx_word' id='word_1_702' title='bbox 2245 4400 2572 4465; x_wconf 80' lang='grc' dir='ltr'>κελεύοντος,</span> <span class='ocrx_word' id='word_1_703' title='bbox 2598 4399 2732 4468; x_wconf 87' lang='grc' dir='ltr'>μήτε</span> <span class='ocrx_word' id='word_1_704' title='bbox 2761 4396 3049 4465; x_wconf 69' lang='grc' dir='ltr'>ψεύδεσθαι</span> <span class='ocrx_word' id='word_1_705' title='bbox 3075 4398 3165 4450; x_wconf 83' lang='grc' dir='ltr'>τὸν</span> <span class='ocrx_word' id='word_1_706' title='bbox 3200 4400 3485 4468; x_wconf 82' lang='grc' dir='ltr'>προφήτην</span> <span class='ocrx_word' id='word_1_707' title='bbox 3508 4391 3764 4448; x_wconf 69' lang='grc' dir='ltr'>ὑπονοείτων</span> 
     </span>
    </p>
   </div>
   <div class='ocr_carea' id='block_1_93' title="bbox 563 4462 2134 4542">
    <p class='ocr_par' dir='ltr' id='par_1_93' title="bbox 563 4462 2134 4542">
     <span class='ocr_line' id='line_1_93' title="bbox 563 4462 2134 4542; baseline 0.008 -27"><span class='ocrx_word' id='word_1_708' title='bbox 563 4462 882 4517; x_wconf 74' lang='lat' dir='ltr'><strong>nationibus</strong></span> <span class='ocrx_word' id='word_1_709' title='bbox 912 4462 1122 4517; x_wconf 88' lang='lat' dir='ltr'><strong>deterat</strong></span> <span class='ocrx_word' id='word_1_710' title='bbox 1146 4462 1459 4518; x_wconf 88' lang='lat' dir='ltr'><strong>sublimium</strong></span> <span class='ocrx_word' id='word_1_711' title='bbox 1488 4468 1915 4535; x_wconf 82' lang='lat' dir='ltr'><strong>Speculationem</strong></span> <span class='ocrx_word' id='word_1_712' title='bbox 1935 4510 1948 4534; x_wconf 91' lang='lat'><strong>,</strong></span> <span class='ocrx_word' id='word_1_713' title='bbox 1979 4475 2134 4542; x_wconf 81' lang='lat' dir='ltr'><strong>quasi</strong></span> 
     </span>
    </p>
   </div>
   <div class='ocr_carea' id='block_1_94' title="bbox 561 4553 2139 4625">
    <p class='ocr_par' dir='ltr' id='par_1_94' title="bbox 561 4553 2139 4625">
     <span class='ocr_line' id='line_1_94' title="bbox 561 4553 2139 4625; baseline 0.01 -18"><span class='ocrx_word' id='word_1_714' title='bbox 561 4553 901 4609; x_wconf 81' lang='lat' dir='ltr'><strong>divinitatem</strong></span> <span class='ocrx_word' id='word_1_715' title='bbox 922 4570 1017 4625; x_wconf 87' lang='lat' dir='ltr'><strong>per</strong></span> <span class='ocrx_word' id='word_1_716' title='bbox 1038 4555 1351 4624; x_wconf 88' lang='lat' dir='ltr'><strong>hujusmodi</strong></span> <span class='ocrx_word' id='word_1_717' title='bbox 1374 4558 1438 4610; x_wconf 92' lang='lat' dir='ltr'><strong>ad</strong></span> <span class='ocrx_word' id='word_1_718' title='bbox 1463 4559 1700 4615; x_wconf 91' lang='lat' dir='ltr'><strong>hominis</strong></span> <span class='ocrx_word' id='word_1_719' title='bbox 1724 4564 1942 4617; x_wconf 90' lang='lat' dir='ltr'><strong>modum</strong></span> <span class='ocrx_word' id='word_1_720' title='bbox 1968 4575 2139 4622; x_wconf 82' lang='lat' dir='ltr'><strong>trans-</strong></span> 
     </span>
    </p>
   </div>
   <div class='ocr_carea' id='block_1_95' title="bbox 564 4646 2137 4725">
    <p class='ocr_par' dir='ltr' id='par_1_95' title="bbox 564 4646 2137 4725">
     <span class='ocr_line' id='line_1_95' title="bbox 564 4646 2137 4725; baseline 0.009 -26"><span class='ocrx_word' id='word_1_721' title='bbox 564 4646 779 4711; x_wconf 80' lang='lat' dir='ltr'><strong>ferens,</strong></span> <span class='ocrx_word' id='word_1_722' title='bbox 827 4655 881 4699; x_wconf 87' lang='lat' dir='ltr'><strong>et</strong></span> <span class='ocrx_word' id='word_1_723' title='bbox 931 4655 1122 4702; x_wconf 89' lang='lat' dir='ltr'><strong>nostro</strong></span> <span class='ocrx_word' id='word_1_724' title='bbox 1183 4663 1333 4702; x_wconf 90' lang='lat' dir='ltr'><strong>more</strong></span> <span class='ocrx_word' id='word_1_725' title='bbox 1377 4650 1577 4705; x_wconf 86' lang='lat' dir='ltr'><strong>emissa</strong></span> <span class='ocrx_word' id='word_1_726' title='bbox 1613 4652 1868 4707; x_wconf 87' lang='lat' dir='ltr'><strong>mandata</strong></span> <span class='ocrx_word' id='word_1_727' title='bbox 1900 4665 1953 4710; x_wconf 89' lang='lat' dir='ltr'><strong>et</strong></span> <span class='ocrx_word' id='word_1_728' title='bbox 1981 4657 2137 4725; x_wconf 89' lang='lat' dir='ltr'><strong>jussa</strong></span> 
     </span>
    </p>
   </div>
   <div class='ocr_carea' id='block_1_96' title="bbox 564 4739 2139 4815">
    <p class='ocr_par' dir='ltr' id='par_1_96' title="bbox 564 4739 2139 4815">
     <span class='ocr_line' id='line_1_96' title="bbox 564 4739 2139 4815; baseline 0.008 -24"><span class='ocrx_word' id='word_1_729' title='bbox 564 4753 888 4806; x_wconf 88' lang='lat' dir='ltr'><strong>percensere</strong></span> <span class='ocrx_word' id='word_1_730' title='bbox 917 4754 1251 4809; x_wconf 82' lang='lat' dir='ltr'><strong>suppnncns.</strong></span> <span class='ocrx_word' id='word_1_731' title='bbox 1287 4739 1392 4794; x_wconf 87' lang='lat' dir='ltr'><strong>Sed</strong></span> <span class='ocrx_word' id='word_1_732' title='bbox 1424 4740 1638 4810; x_wconf 90' lang='lat' dir='ltr'><strong>jussum</strong></span> <span class='ocrx_word' id='word_1_733' title='bbox 1673 4746 1910 4815; x_wconf 78' lang='lat' dir='ltr'><strong>explicet</strong></span> <span class='ocrx_word' id='word_1_734' title='bbox 1947 4751 2139 4804; x_wconf 89' lang='lat' dir='ltr'><strong>volun-</strong></span> 
     </span>
    </p>
   </div>
   <div class='ocr_carea' id='block_1_97' title="bbox 563 4836 2138 4907">
    <p class='ocr_par' dir='ltr' id='par_1_97' title="bbox 563 4836 2138 4907">
     <span class='ocr_line' id='line_1_97' title="bbox 563 4836 2138 4907; baseline 0.01 -27"><span class='ocrx_word' id='word_1_735' title='bbox 563 4837 730 4882; x_wconf 85' lang='lat' dir='ltr'><strong>tatem</strong></span> <span class='ocrx_word' id='word_1_736' title='bbox 760 4846 775 4894; x_wconf 92' lang='lat'><strong>;</strong></span> <span class='ocrx_word' id='word_1_737' title='bbox 813 4844 994 4881; x_wconf 86' lang='lat' dir='ltr'><strong>rerum</strong></span> <span class='ocrx_word' id='word_1_738' title='bbox 1028 4838 1209 4883; x_wconf 89' lang='lat' dir='ltr'><strong>autem</strong></span> <span class='ocrx_word' id='word_1_739' title='bbox 1244 4839 1555 4885; x_wconf 83' lang='lat' dir='ltr'><strong>creatarunt</strong></span> <span class='ocrx_word' id='word_1_740' title='bbox 1590 4836 1809 4889; x_wconf 89' lang='lat' dir='ltr'><strong>nomina</strong></span> <span class='ocrx_word' id='word_1_741' title='bbox 1844 4838 2014 4907; x_wconf 86' lang='lat' dir='ltr'><strong>ipsam</strong></span> <span class='ocrx_word' id='word_1_742' title='bbox 2051 4857 2138 4895; x_wconf 90' lang='lat' dir='ltr'><strong>re-</strong></span> 
     </span>
    </p>
   </div>
   <div class='ocr_carea' id='block_1_98' title="bbox 564 4918 2142 4994">
    <p class='ocr_par' dir='ltr' id='par_1_98' title="bbox 564 4918 2142 4994">
     <span class='ocr_line' id='line_1_98' title="bbox 564 4918 2142 4994; baseline 0.01 -23"><span class='ocrx_word' id='word_1_743' title='bbox 564 4934 684 4972; x_wconf 91' lang='lat' dir='ltr'><strong>rum</strong></span> <span class='ocrx_word' id='word_1_744' title='bbox 722 4918 990 4972; x_wconf 77' lang='lat' dir='ltr'><strong>factarum</strong></span> <span class='ocrx_word' id='word_1_745' title='bbox 1034 4921 1398 4976; x_wconf 89' lang='lat' dir='ltr'><strong>substantiam</strong></span> <span class='ocrx_word' id='word_1_746' title='bbox 1436 4925 1786 4994; x_wconf 82' lang='lat' dir='ltr'><strong>signiﬁcent:</strong></span> <span class='ocrx_word' id='word_1_747' title='bbox 1821 4930 1894 4982; x_wconf 88' lang='lat' dir='ltr'><strong>ita</strong></span> <span class='ocrx_word' id='word_1_748' title='bbox 1929 4943 1986 4985; x_wconf 90' lang='lat' dir='ltr'><strong>ut</strong></span> <span class='ocrx_word' id='word_1_749' title='bbox 2033 4933 2142 4987; x_wconf 90' lang='lat' dir='ltr'><strong>duo</strong></span> 
     </span>
    </p>
   </div>
   <div class='ocr_carea' id='block_1_99' title="bbox 2249 4488 3763 4565">
    <p class='ocr_par' dir='ltr' id='par_1_99' title="bbox 2249 4488 3763 4565">
     <span class='ocr_line' id='line_1_99' title="bbox 2249 4488 3763 4565; baseline -0.009 -19"><span class='ocrx_word' id='word_1_750' title='bbox 2249 4495 2382 4565; x_wconf 86' lang='grc' dir='ltr'>μήτε</span> <span class='ocrx_word' id='word_1_751' title='bbox 2420 4491 2632 4561; x_wconf 76' lang='grc' dir='ltr'>μικροῖς</span> <span class='ocrx_word' id='word_1_752' title='bbox 2652 4489 2747 4541; x_wconf 70' lang='grc' dir='ltr'>καὶ</span> <span class='ocrx_word' id='word_1_753' title='bbox 2784 4488 3142 4559; x_wconf 76' lang='grc' dir='ltr'>χαμαιζήλοις</span> <span class='ocrx_word' id='word_1_754' title='bbox 3173 4490 3411 4559; x_wconf 85' lang='grc' dir='ltr'>νοήμασι</span> <span class='ocrx_word' id='word_1_755' title='bbox 3449 4498 3763 4554; x_wconf 79' lang='grc' dir='ltr'>κατασμικρν·</span> 
     </span>
    </p>
   </div>
   <div class='ocr_carea' id='block_1_100' title="bbox 2244 4574 3763 4651">
    <p class='ocr_par' dir='ltr' id='par_1_100' title="bbox 2244 4574 3763 4651">
     <span class='ocr_line' id='line_1_100' title="bbox 2244 4574 3763 4651; baseline -0.001 -15"><span class='ocrx_word' id='word_1_756' title='bbox 2244 4585 2380 4636; x_wconf 79' lang='grc' dir='ltr'>νέτω</span> <span class='ocrx_word' id='word_1_757' title='bbox 2412 4583 2509 4651; x_wconf 81' lang='grc' dir='ltr'>τὴν</span> <span class='ocrx_word' id='word_1_758' title='bbox 2542 4580 2650 4634; x_wconf 81' lang='grc' dir='ltr'><strong>τῶν</strong></span> <span class='ocrx_word' id='word_1_759' title='bbox 2697 4579 2919 4651; x_wconf 67' lang='grc' dir='ltr'>ὑψηλῶν</span> <span class='ocrx_word' id='word_1_760' title='bbox 2962 4580 3214 4651; x_wconf 87' lang='grc' dir='ltr'>θεωρίαν,</span> <span class='ocrx_word' id='word_1_761' title='bbox 3261 4575 3373 4634; x_wconf 74' lang='grc' dir='ltr'>οἷον</span> <span class='ocrx_word' id='word_1_762' title='bbox 3407 4574 3763 4649; x_wconf 70' lang='grc' dir='ltr'>ἐξανθρωπίξων</span> 
     </span>
    </p>
   </div>
   <div class='ocr_carea' id='block_1_101' title="bbox 2244 4662 3764 4741">
    <p class='ocr_par' dir='ltr' id='par_1_101' title="bbox 2244 4662 3764 4741">
     <span class='ocr_line' id='line_1_101' title="bbox 2244 4662 3764 4741; baseline -0.011 -11"><span class='ocrx_word' id='word_1_763' title='bbox 2244 4677 2333 4731; x_wconf 71' lang='grc' dir='ltr'><strong>διὰ</strong></span> <span class='ocrx_word' id='word_1_764' title='bbox 2372 4675 2480 4728; x_wconf 82' lang='grc' dir='ltr'><strong>τῶν</strong></span> <span class='ocrx_word' id='word_1_765' title='bbox 2531 4672 2787 4726; x_wconf 80' lang='grc' dir='ltr'>τοιούτων</span> <span class='ocrx_word' id='word_1_766' title='bbox 2834 4672 2893 4725; x_wconf 78' lang='grc' dir='ltr'>τὸ</span> <span class='ocrx_word' id='word_1_767' title='bbox 2924 4673 3098 4731; x_wconf 81' lang='grc' dir='ltr'>Θεῖον,</span> <span class='ocrx_word' id='word_1_768' title='bbox 3132 4672 3227 4725; x_wconf 74' lang='grc' dir='ltr'>καὶ</span> <span class='ocrx_word' id='word_1_769' title='bbox 3258 4671 3398 4724; x_wconf 74' lang='grc' dir='ltr'>κατὰ</span> <span class='ocrx_word' id='word_1_770' title='bbox 3428 4670 3520 4741; x_wconf 83' lang='grc' dir='ltr'>τὴν</span> <span class='ocrx_word' id='word_1_771' title='bbox 3545 4662 3764 4738; x_wconf 71' lang='grc' dir='ltr'>ήμετέραν</span> 
     </span>
    </p>
   </div>
   <div class='ocr_carea' id='block_1_102' title="bbox 2248 4758 3763 4839">
    <p class='ocr_par' dir='ltr' id='par_1_102' title="bbox 2248 4758 3763 4839">
     <span class='ocr_line' id='line_1_102' title="bbox 2248 4758 3763 4839; baseline -0.014 -19"><span class='ocrx_word' id='word_1_772' title='bbox 2248 4766 2532 4839; x_wconf 86' lang='grc' dir='ltr'>συνήθειαν</span> <span class='ocrx_word' id='word_1_773' title='bbox 2554 4766 2718 4835; x_wconf 76' lang='grc' dir='ltr'><strong>-φωνῇ</strong></span> <span class='ocrx_word' id='word_1_774' title='bbox 2757 4762 2827 4815; x_wconf 73' lang='grc' dir='ltr'>τὰ</span> <span class='ocrx_word' id='word_1_775' title='bbox 2874 4762 3269 4833; x_wconf 70' lang='grc' dir='ltr'>προστάγματα</span> <span class='ocrx_word' id='word_1_776' title='bbox 3301 4760 3600 4828; x_wconf 78' lang='grc' dir='ltr'>διεξοδεύειν</span> <span class='ocrx_word' id='word_1_777' title='bbox 3624 4758 3763 4808; x_wconf 74' lang='grc' dir='ltr'>ὑποτι-</span> 
     </span>
    </p>
   </div>
   <div class='ocr_carea' id='block_1_103' title="bbox 2242 4840 3761 4930">
    <p class='ocr_par' dir='ltr' id='par_1_103' title="bbox 2242 4840 3761 4930">
     <span class='ocr_line' id='line_1_103' title="bbox 2242 4840 3761 4930; baseline -0.013 -18"><span class='ocrx_word' id='word_1_778' title='bbox 2242 4859 2485 4930; x_wconf 78' lang='grc' dir='ltr'>θέμενος,</span> <span class='ocrx_word' id='word_1_779' title='bbox 2511 4855 2646 4909; x_wconf 77' lang='grc' dir='ltr'>ἀλλὰ</span> <span class='ocrx_word' id='word_1_780' title='bbox 2679 4855 2739 4906; x_wconf 78' lang='grc' dir='ltr'>τὸ</span> <span class='ocrx_word' id='word_1_781' title='bbox 2779 4853 2875 4924; x_wconf 80' lang='grc' dir='ltr'>μὲν</span> <span class='ocrx_word' id='word_1_782' title='bbox 2910 4853 3237 4924; x_wconf 77' lang='grc' dir='ltr'>πρόσταγμα</span> <span class='ocrx_word' id='word_1_783' title='bbox 3290 4854 3522 4922; x_wconf 83' lang='grc' dir='ltr'>δηλούτω</span> <span class='ocrx_word' id='word_1_784' title='bbox 3550 4850 3635 4919; x_wconf 74' lang='grc' dir='ltr'>τὴν</span> <span class='ocrx_word' id='word_1_785' title='bbox 3668 4840 3761 4912; x_wconf 67' lang='grc' dir='ltr'><strong>βού-</strong></span> 
     </span>
    </p>
   </div>
   <div class='ocr_carea' id='block_1_104' title="bbox 2238 4940 3764 5018">
    <p class='ocr_par' dir='ltr' id='par_1_104' title="bbox 2238 4940 3764 5018">
     <span class='ocr_line' id='line_1_104' title="bbox 2238 4940 3764 5018; baseline -0.009 -17"><span class='ocrx_word' id='word_1_786' title='bbox 2238 4950 2393 5018; x_wconf 86' lang='grc' dir='ltr'>λησιν</span> <span class='ocrx_word' id='word_1_787' title='bbox 2411 4964 2424 4977; x_wconf 85' lang='grc'><strong>·</strong></span> <span class='ocrx_word' id='word_1_788' title='bbox 2446 4945 2514 4998; x_wconf 80' lang='grc' dir='ltr'>τὰ</span> <span class='ocrx_word' id='word_1_789' title='bbox 2533 4945 2587 4997; x_wconf 83' lang='grc' dir='ltr'>δὲ</span> <span class='ocrx_word' id='word_1_790' title='bbox 2614 4944 2719 4997; x_wconf 85' lang='grc' dir='ltr'><strong>τῶν</strong></span> <span class='ocrx_word' id='word_1_791' title='bbox 2742 4942 3068 4997; x_wconf 80' lang='grc' dir='ltr'>χτισθέντων</span> <span class='ocrx_word' id='word_1_792' title='bbox 3084 4943 3319 5013; x_wconf 84' lang='grc' dir='ltr'>ὀνόματα</span> <span class='ocrx_word' id='word_1_793' title='bbox 3348 4943 3509 5011; x_wconf 78' lang='grc' dir='ltr'>αὐτὴν</span> <span class='ocrx_word' id='word_1_794' title='bbox 3528 4940 3764 5018; x_wconf 63' lang='grc' dir='ltr'>διασημαιέ</span> 
     </span>
    </p>
   </div>
   <div class='ocr_carea' id='block_1_105' title="bbox 562 5010 2146 5106">
    <p class='ocr_par' dir='ltr' id='par_1_105' title="bbox 562 5010 2141 5085">
     <span class='ocr_line' id='line_1_105' title="bbox 562 5010 2141 5085; baseline 0.011 -23"><span class='ocrx_word' id='word_1_795' title='bbox 562 5025 659 5081; x_wconf 82' lang='lat' dir='ltr'><strong>per</strong></span> <span class='ocrx_word' id='word_1_796' title='bbox 688 5010 805 5064; x_wconf 60' lang='lat' dir='ltr'><strong>hac</strong></span> <span class='ocrx_word' id='word_1_797' title='bbox 830 5010 974 5063; x_wconf 88' lang='lat' dir='ltr'><strong>dicta</strong></span> <span class='ocrx_word' id='word_1_798' title='bbox 1011 5013 1187 5066; x_wconf 75' lang='lat' dir='ltr'><strong>discat</strong></span> <span class='ocrx_word' id='word_1_799' title='bbox 1212 5056 1224 5078; x_wconf 90' lang='lat'><strong>,</strong></span> <span class='ocrx_word' id='word_1_800' title='bbox 1258 5022 1311 5068; x_wconf 91' lang='lat' dir='ltr'><strong>et</strong></span> <span class='ocrx_word' id='word_1_801' title='bbox 1339 5017 1484 5085; x_wconf 89' lang='lat' dir='ltr'><strong>quod</strong></span> <span class='ocrx_word' id='word_1_802' title='bbox 1534 5017 1675 5072; x_wconf 86' lang='lat' dir='ltr'><strong>Deus</strong></span> <span class='ocrx_word' id='word_1_803' title='bbox 1720 5022 1901 5074; x_wconf 86' lang='lat' dir='ltr'><strong>omnia</strong></span> <span class='ocrx_word' id='word_1_804' title='bbox 1950 5024 2141 5079; x_wconf 76' lang='lat' dir='ltr'><strong>volens</strong></span> 
     </span>
    </p>
   </div>
   <div class='ocr_carea' id='block_1_106' title="bbox 2245 5010 3762 5106">
    <p class='ocr_par' dir='ltr' id='par_1_106' title="bbox 2245 5020 3762 5106">
     <span class='ocr_line' id='line_1_106' title="bbox 2245 5020 3762 5106; baseline -0.01 -13"><span class='ocrx_word' id='word_1_805' title='bbox 2245 5040 2373 5094; x_wconf 81' lang='grc' dir='ltr'><strong>νέτω</strong></span> <span class='ocrx_word' id='word_1_806' title='bbox 2403 5036 2500 5106; x_wconf 80' lang='grc' dir='ltr'><strong>τὴν</strong></span> <span class='ocrx_word' id='word_1_807' title='bbox 2523 5036 2632 5088; x_wconf 85' lang='grc' dir='ltr'>τῶν</span> <span class='ocrx_word' id='word_1_808' title='bbox 2662 5036 2961 5103; x_wconf 81' lang='grc' dir='ltr'>γεγονότων</span> <span class='ocrx_word' id='word_1_809' title='bbox 3000 5036 3326 5089; x_wconf 84' lang='grc' dir='ltr'>ὑπόστασιν·</span> <span class='ocrx_word' id='word_1_810' title='bbox 3353 5033 3487 5085; x_wconf 83' lang='grc' dir='ltr'>ὥστε</span> <span class='ocrx_word' id='word_1_811' title='bbox 3512 5030 3571 5082; x_wconf 75' lang='grc' dir='ltr'>τὰ</span> <span class='ocrx_word' id='word_1_812' title='bbox 3602 5026 3678 5078; x_wconf 80' lang='grc' dir='ltr'><strong>δύο</strong></span> <span class='ocrx_word' id='word_1_813' title='bbox 3698 5020 3762 5071; x_wconf 64' lang='grc' dir='ltr'>δια</span> 
     </span>
    </p>
   </div>
   <div class='ocr_carea' id='block_1_107' title="bbox 559 5105 2141 5177">
    <p class='ocr_par' dir='ltr' id='par_1_107' title="bbox 559 5105 2141 5177">
     <span class='ocr_line' id='line_1_107' title="bbox 559 5105 2141 5177; baseline 0.008 -22"><span class='ocrx_word' id='word_1_814' title='bbox 559 5110 822 5171; x_wconf 86' lang='lat' dir='ltr'><strong>operatus</strong></span> <span class='ocrx_word' id='word_1_815' title='bbox 858 5111 976 5166; x_wconf 89' lang='lat' dir='ltr'><strong>est,</strong></span> <span class='ocrx_word' id='word_1_816' title='bbox 1008 5110 1062 5155; x_wconf 86' lang='lat' dir='ltr'><strong>et</strong></span> <span class='ocrx_word' id='word_1_817' title='bbox 1090 5105 1232 5170; x_wconf 88' lang='lat' dir='ltr'><strong>quod</strong></span> <span class='ocrx_word' id='word_1_818' title='bbox 1276 5106 1485 5175; x_wconf 90' lang='lat' dir='ltr'><strong>absque</strong></span> <span class='ocrx_word' id='word_1_819' title='bbox 1530 5125 1693 5177; x_wconf 82' lang='lat' dir='ltr'><strong>opera</strong></span> <span class='ocrx_word' id='word_1_820' title='bbox 1738 5120 1793 5164; x_wconf 92' lang='lat' dir='ltr'><strong>et</strong></span> <span class='ocrx_word' id='word_1_821' title='bbox 1838 5112 2022 5168; x_wconf 88' lang='lat' dir='ltr'><strong>labore</strong></span> <span class='ocrx_word' id='word_1_822' title='bbox 2064 5115 2141 5169; x_wconf 80' lang='lat' dir='ltr'><strong>(li-</strong></span> 
     </span>
    </p>
   </div>
   <div class='ocr_carea' id='block_1_108' title="bbox 560 5192 1430 5258">
    <p class='ocr_par' dir='ltr' id='par_1_108' title="bbox 560 5192 1430 5258">
     <span class='ocr_line' id='line_1_108' title="bbox 560 5192 1430 5258; baseline 0.006 -13"><span class='ocrx_word' id='word_1_823' title='bbox 560 5193 684 5248; x_wconf 79' lang='lat' dir='ltr'><strong>vina</strong></span> <span class='ocrx_word' id='word_1_824' title='bbox 713 5192 969 5248; x_wconf 86' lang='lat' dir='ltr'><strong>voluntas</strong></span> <span class='ocrx_word' id='word_1_825' title='bbox 991 5232 1004 5258; x_wconf 93' lang='lat'><strong>,</strong></span> <span class='ocrx_word' id='word_1_826' title='bbox 1037 5201 1232 5246; x_wconf 87' lang='lat' dir='ltr'><strong>natura</strong></span> <span class='ocrx_word' id='word_1_827' title='bbox 1268 5194 1430 5250; x_wconf 87' lang='lat' dir='ltr'><strong>ﬁebat</strong></span> 
     </span>
    </p>
   </div>
   <div class='ocr_carea' id='block_1_109' title="bbox 626 5392 2130 5464">
    <p class='ocr_par' dir='ltr' id='par_1_109' title="bbox 626 5392 2130 5464">
     <span class='ocr_line' id='line_1_109' title="bbox 626 5392 2130 5464; baseline 0.008 -20"><span class='ocrx_word' id='word_1_828' title='bbox 626 5394 782 5458; x_wconf 85' lang='lat' dir='ltr'><strong>Quod</strong></span> <span class='ocrx_word' id='word_1_829' title='bbox 827 5395 870 5450; x_wconf 87' lang='lat' dir='ltr'><strong>si</strong></span> <span class='ocrx_word' id='word_1_830' title='bbox 922 5396 1048 5464; x_wconf 80' lang='lat' dir='ltr'><strong>quis</strong></span> <span class='ocrx_word' id='word_1_831' title='bbox 1095 5392 1263 5459; x_wconf 85' lang='lat' dir='ltr'><strong>illud,</strong></span> <span class='ocrx_word' id='word_1_832' title='bbox 1299 5392 1446 5448; x_wconf 64' lang='lat' dir='ltr'><strong>Dixit</strong></span> <span class='ocrx_word' id='word_1_833' title='bbox 1502 5394 1636 5448; x_wconf 79' lang='lat' dir='ltr'><strong>Deus</strong></span> <span class='ocrx_word' id='word_1_834' title='bbox 1669 5396 1732 5457; x_wconf 84' lang='grc'><strong>³¹,</strong></span> <span class='ocrx_word' id='word_1_835' title='bbox 1762 5400 2041 5455; x_wconf 82' lang='lat' dir='ltr'><strong>carnalius</strong></span> <span class='ocrx_word' id='word_1_836' title='bbox 2083 5410 2130 5455; x_wconf 80' lang='lat' dir='ltr'><strong>et</strong></span> 
     </span>
    </p>
   </div>
   <div class='ocr_carea' id='block_1_110' title="bbox 555 5488 2131 5559">
    <p class='ocr_par' dir='ltr' id='par_1_110' title="bbox 555 5488 2131 5559">
     <span class='ocr_line' id='line_1_110' title="bbox 555 5488 2131 5559; baseline 0.006 -20"><span class='ocrx_word' id='word_1_837' title='bbox 555 5490 800 5542; x_wconf 72' lang='lat' dir='ltr'><strong>crassius</strong></span> <span class='ocrx_word' id='word_1_838' title='bbox 832 5488 1241 5559; x_wconf 72' lang='lat' dir='ltr'><strong>intcrpietctur,</strong></span> <span class='ocrx_word' id='word_1_839' title='bbox 1284 5495 1341 5539; x_wconf 81' lang='lat' dir='ltr'><strong>ut</strong></span> <span class='ocrx_word' id='word_1_840' title='bbox 1375 5504 1467 5553; x_wconf 78' lang='lat' dir='ltr'><strong>per</strong></span> <span class='ocrx_word' id='word_1_841' title='bbox 1500 5490 1599 5541; x_wconf 83' lang='lat' dir='ltr'><strong>hoc</strong></span> <span class='ocrx_word' id='word_1_842' title='bbox 1631 5491 1977 5547; x_wconf 74' lang='lat' dir='ltr'><strong>articulatum</strong></span> <span class='ocrx_word' id='word_1_843' title='bbox 2016 5509 2131 5548; x_wconf 85' lang='lat' dir='ltr'><strong>scr-</strong></span> 
     </span>
    </p>
   </div>
   <div class='ocr_carea' id='block_1_111' title="bbox 624 5659 1710 5739">
    <p class='ocr_par' dir='ltr' id='par_1_111' title="bbox 624 5659 1710 5739">
     <span class='ocr_line' id='line_1_111' title="bbox 624 5659 1710 5739; baseline 0.009 -25"><span class='ocrx_word' id='word_1_844' title='bbox 624 5662 669 5693; x_wconf 80' lang='lat'><strong>”</strong></span> <span class='ocrx_word' id='word_1_845' title='bbox 700 5659 834 5717; x_wconf 77' lang='lat' dir='ltr'><strong>Gen.</strong></span> <span class='ocrx_word' id='word_1_846' title='bbox 869 5682 909 5731; x_wconf 90' lang='grc' dir='ltr'><strong>ι,</strong></span> <span class='ocrx_word' id='word_1_847' title='bbox 941 5664 970 5717; x_wconf 83' lang='lat'><strong>7</strong></span> <span class='ocrx_word' id='word_1_848' title='bbox 1004 5682 1122 5734; x_wconf 76' lang='lat' dir='ltr'><strong>sqq.</strong></span> <span class='ocrx_word' id='word_1_849' title='bbox 1204 5669 1244 5699; x_wconf 87' lang='grc'><strong>³¹</strong></span> <span class='ocrx_word' id='word_1_850' title='bbox 1282 5666 1414 5723; x_wconf 86' lang='lat' dir='ltr'><strong>Gen.</strong></span> <span class='ocrx_word' id='word_1_851' title='bbox 1453 5682 1487 5734; x_wconf 86' lang='grc' dir='ltr'><strong>ι,</strong></span> <span class='ocrx_word' id='word_1_852' title='bbox 1521 5667 1553 5721; x_wconf 88' lang='grc'><strong>’5</strong></span> <span class='ocrx_word' id='word_1_853' title='bbox 1587 5684 1710 5739; x_wconf 83' lang='lat' dir='ltr'><strong>sqq.</strong></span> 
     </span>
    </p>
   </div>
   <div class='ocr_carea' id='block_1_112' title="bbox 2236 5108 3763 5199">
    <p class='ocr_par' dir='ltr' id='par_1_112' title="bbox 2236 5108 3763 5199">
     <span class='ocr_line' id='line_1_112' title="bbox 2236 5108 3763 5199; baseline -0.004 -17"><span class='ocrx_word' id='word_1_854' title='bbox 2236 5128 2344 5182; x_wconf 81' lang='grc' dir='ltr'><strong>τῶν</strong></span> <span class='ocrx_word' id='word_1_855' title='bbox 2378 5128 2684 5199; x_wconf 84' lang='grc' dir='ltr'>εἰρημένων</span> <span class='ocrx_word' id='word_1_856' title='bbox 2726 5126 2938 5196; x_wconf 84' lang='grc' dir='ltr'>μαθεῖν,</span> <span class='ocrx_word' id='word_1_857' title='bbox 2985 5128 3077 5179; x_wconf 67' lang='grc' dir='ltr'>καὶ</span> <span class='ocrx_word' id='word_1_858' title='bbox 3118 5128 3197 5179; x_wconf 83' lang='grc' dir='ltr'><strong>ὅτι</strong></span> <span class='ocrx_word' id='word_1_859' title='bbox 3231 5124 3508 5195; x_wconf 78' lang='grc' dir='ltr'>βουληθεὶς</span> <span class='ocrx_word' id='word_1_860' title='bbox 3531 5124 3556 5173; x_wconf 90' lang='lat'><strong>6</strong></span> <span class='ocrx_word' id='word_1_861' title='bbox 3580 5116 3690 5176; x_wconf 76' lang='grc' dir='ltr'>Θεὸς</span> <span class='ocrx_word' id='word_1_862' title='bbox 3712 5108 3763 5160; x_wconf 49' lang='grc' dir='ltr'><strong>τὰ</strong></span> 
     </span>
    </p>
   </div>
   <div class='ocr_carea' id='block_1_113' title="bbox 2246 5199 3761 5286">
    <p class='ocr_par' dir='ltr' id='par_1_113' title="bbox 2246 5199 3761 5286">
     <span class='ocr_line' id='line_1_113' title="bbox 2246 5199 3761 5286; baseline -0.013 -16"><span class='ocrx_word' id='word_1_863' title='bbox 2246 5219 2426 5272; x_wconf 75' lang='grc' dir='ltr'>πάντα</span> <span class='ocrx_word' id='word_1_864' title='bbox 2451 5216 2861 5286; x_wconf 84' lang='grc' dir='ltr'>κατείργασται,</span> <span class='ocrx_word' id='word_1_865' title='bbox 2886 5216 2980 5269; x_wconf 74' lang='grc' dir='ltr'>καὶ</span> <span class='ocrx_word' id='word_1_866' title='bbox 2996 5218 3076 5270; x_wconf 78' lang='grc' dir='ltr'>ὅτι</span> <span class='ocrx_word' id='word_1_867' title='bbox 3097 5215 3459 5285; x_wconf 76' lang='grc' dir='ltr'>ἀπραγμόνως</span> <span class='ocrx_word' id='word_1_868' title='bbox 3487 5228 3539 5263; x_wconf 88' lang='grc' dir='ltr'><strong>τε</strong></span> <span class='ocrx_word' id='word_1_869' title='bbox 3564 5208 3643 5261; x_wconf 68' lang='grc' dir='ltr'><strong>καὶ</strong></span> <span class='ocrx_word' id='word_1_870' title='bbox 3661 5199 3761 5255; x_wconf 61' lang='lat' dir='ltr'><strong>d16-</strong></span> 
     </span>
    </p>
   </div>
   <div class='ocr_carea' id='block_1_114' title="bbox 2246 5307 3351 5379">
    <p class='ocr_par' dir='ltr' id='par_1_114' title="bbox 2246 5307 3351 5379">
     <span class='ocr_line' id='line_1_114' title="bbox 2246 5307 3351 5379; baseline -0.003 -17"><span class='ocrx_word' id='word_1_871' title='bbox 2246 5327 2363 5369; x_wconf 81' lang='grc' dir='ltr'><strong>πως</strong></span> <span class='ocrx_word' id='word_1_872' title='bbox 2392 5309 2454 5361; x_wconf 82' lang='grc' dir='ltr'>τὸ</span> <span class='ocrx_word' id='word_1_873' title='bbox 2482 5309 2622 5361; x_wconf 85' lang='grc' dir='ltr'>θεῖον</span> <span class='ocrx_word' id='word_1_874' title='bbox 2665 5308 2907 5379; x_wconf 76' lang='grc' dir='ltr'>βούλημα</span> <span class='ocrx_word' id='word_1_875' title='bbox 2937 5308 3096 5377; x_wconf 78' lang='grc' dir='ltr'>φύσις</span> <span class='ocrx_word' id='word_1_876' title='bbox 3128 5307 3351 5375; x_wconf 84' lang='grc' dir='ltr'>ἐγίνετο.</span> 
     </span>
    </p>
   </div>
   <div class='ocr_carea' id='block_1_115' title="bbox 2316 5386 3761 5476">
    <p class='ocr_par' dir='ltr' id='par_1_115' title="bbox 2316 5386 3761 5476">
     <span class='ocr_line' id='line_1_115' title="bbox 2316 5386 3761 5476; baseline -0.003 -25"><span class='ocrx_word' id='word_1_877' title='bbox 2316 5400 2377 5451; x_wconf 86' lang='grc' dir='ltr'>Εἰ</span> <span class='ocrx_word' id='word_1_878' title='bbox 2405 5398 2461 5451; x_wconf 80' lang='grc' dir='ltr'><strong>δέ</strong></span> <span class='ocrx_word' id='word_1_879' title='bbox 2495 5416 2576 5461; x_wconf 82' lang='grc' dir='ltr'><strong>τις</strong></span> <span class='ocrx_word' id='word_1_880' title='bbox 2602 5399 2692 5461; x_wconf 75' lang='grc' dir='ltr'>τὸ,</span> <span class='ocrx_word' id='word_1_881' title='bbox 2722 5395 2905 5451; x_wconf 77' lang='grc' dir='ltr'>Εἶπεν</span> <span class='ocrx_word' id='word_1_882' title='bbox 2933 5403 2965 5453; x_wconf 82' lang='grc' dir='ltr'><strong>ό</strong></span> <span class='ocrx_word' id='word_1_883' title='bbox 3011 5399 3171 5465; x_wconf 79' lang='grc' dir='ltr'>Θεὸς,</span> <span class='ocrx_word' id='word_1_884' title='bbox 3206 5397 3592 5466; x_wconf 80' lang='grc' dir='ltr'>σαρκικὼτερον</span> <span class='ocrx_word' id='word_1_885' title='bbox 3621 5386 3761 5476; x_wconf 61' lang='grc' dir='ltr'>ἑρμης</span> 
     </span>
    </p>
   </div>
   <div class='ocr_carea' id='block_1_116' title="bbox 2244 5473 3759 5560">
    <p class='ocr_par' dir='ltr' id='par_1_116' title="bbox 2244 5473 3759 5560">
     <span class='ocr_line' id='line_1_116' title="bbox 2244 5473 3759 5560; baseline -0.014 -17"><span class='ocrx_word' id='word_1_886' title='bbox 2244 5491 2405 5559; x_wconf 71' lang='grc' dir='ltr'>νεύοι,</span> <span class='ocrx_word' id='word_1_887' title='bbox 2435 5490 2505 5553; x_wconf 79' lang='grc' dir='ltr'>ὡς</span> <span class='ocrx_word' id='word_1_888' title='bbox 2545 5490 2630 5545; x_wconf 78' lang='grc' dir='ltr'>διὰ</span> <span class='ocrx_word' id='word_1_889' title='bbox 2662 5491 2846 5543; x_wconf 66' lang='grc' dir='ltr'>τούτου</span> <span class='ocrx_word' id='word_1_890' title='bbox 2876 5492 2963 5545; x_wconf 74' lang='grc' dir='ltr'><strong>τὸν</strong></span> <span class='ocrx_word' id='word_1_891' title='bbox 3008 5489 3262 5560; x_wconf 78' lang='grc' dir='ltr'>ἔναρθρον</span> <span class='ocrx_word' id='word_1_892' title='bbox 3303 5488 3452 5549; x_wconf 75' lang='grc' dir='ltr'>λόγον</span> <span class='ocrx_word' id='word_1_893' title='bbox 3483 5480 3599 5551; x_wconf 71' lang='grc' dir='ltr'>παρ’</span> <span class='ocrx_word' id='word_1_894' title='bbox 3631 5473 3759 5529; x_wconf 78' lang='grc' dir='ltr'>αὐτου</span> 
     </span>
    </p>
   </div>
  </div>
