4054 6152
358 203 468 260 989

1442 205 1721 264 CONTRA
1746 205 2133 271 EUNOMIUM,
2186 204 2311 260 LIB.
2349 203 2465 263 XII.

3527 210 3637 269 990

364 324 696 395 γεγενῆσθαι
748 326 1198 391 κατασκευάζειν,
1244 328 1273 380 6
1321 328 1484 393 αὐτὸς
1538 321 1695 391 οὗτος
1739 328 1954 391 καὶτὸ,

2067 343 2276 381 monem
2322 326 2389 381 ab
2429 342 2495 381 eo
2544 327 2747 382 factum
2795 343 2917 383 esse
2959 327 3244 389 adstruat,
3282 328 3370 383 hic
3405 329 3545 384 idem
3580 340 3636 386 et

368 413 549 471 Εἶδον
573 420 605 472 ὀ
626 418 792 483 Θεὸς,
822 418 964 472 κατά
985 419 1083 490 τὴν
1105 419 1494 491 ἀντιληπτικὴν
1524 422 1557 491 ἡ
1566 421 1680 490 μῶν
1705 419 1956 488 αἴσθησιν

367 508 459 561 διὰ
496 510 595 579 τῆς
623 508 730 562 τῶν
762 509 1055 580 ὀφθαλμῶν
1088 512 1368 582 ἐνεργείας
1408 511 1697 580 γινώσκειν
1740 511 1958 573 πάντως

371 602 679 671 ὐπονοήσει.
716 602 825 655 Καὶ
854 602 1204 676 τδ,Ἦκουσε
1242 606 1457 672 Κύριος
1487 605 1584 658 καὶ
1614 600 1840 671 ἠλέησέ
1858 618 1954 670 με,

372 694 488 757 καὶ,
527 691 865 761 Ὀσφρὸνθη
901 693 1103 762 ὀσμὴν
1132 694 1410 760 εὐωδίας,
1446 696 1539 748 καὶ
1563 695 1664 747 ὅσα
1702 693 1829 763 περὶ
1862 710 1955 745 κε-

370 786 547 856 φαλῆς
573 786 745 849 θείας,
765 786 798 856 ἧ
822 787 1002 853 ποδὸς,
1030 788 1063 858 ἦ
1087 788 1286 858 χειρὸς,
1315 788 1347 857 ἢ
1380 788 1684 857 βλεφάρων,
1708 788 1740 857 ἢ
1766 786 1957 839 δακτύ-
1986 831 1993 835 .

368 878 500 942 λων,
539 878 574 948 ἢ
605 878 949 949 ὑποδήματος
981 882 1015 949 ὴ
1046 880 1235 951 Γραφὴ
1270 879 1725 951 σωματικὼτερον
1746 877 1954 949 διεξέρ-

368 985 546 1037 χεται,
572 968 750 1022 πάντα
774 968 916 1022 κατά
945 969 1005 1022 τὸ
1035 971 1339 1041 προχείρως
1370 971 1768 1041 σημαινόμενον
1792 970 1956 1022 ἐκλαο

368 1058 501 1123 θὼν,
553 1059 952 1128 ἀνθρωποειδὲς
996 1063 1126 1131 ἡμῖν
1176 1062 1463 1131 διαγράφει
1509 1063 1572 1115 τὸ
1614 1064 1788 1125 Θείον,
1836 1061 1955 1113 καθ’

366 1150 664 1220 ὁμοιότητα
695 1150 801 1203 τῶν
839 1152 898 1202 ἐν
934 1152 1064 1220 ἡμῖν
1099 1152 1458 1221 φαινομένων.
1498 1154 1559 1205 Εἰ
1587 1152 1645 1205 δὲ
1678 1151 1956 1204 δακτύλων

366 1257 457 1304 τις
486 1241 623 1311 ἔργα
654 1242 780 1304 τοὺς
809 1242 1068 1312 οὐρανοὺς
1100 1243 1331 1307 ἀκούων,
1361 1243 1451 1295 καὶ
1476 1244 1633 1314 χεῖρα
1662 1243 1954 1313 κραταιὰν,

366 1333 464 1385 καὶ
498 1332 765 1402 βραχίονα
796 1331 1020 1402 ὑψηλὸν,
1066 1332 1160 1385 καὶ
1203 1332 1502 1402 ὀφθαλμὸν,
1554 1333 1647 1387 καὶ
1682 1333 1958 1403 βλέφαρα,

368 1423 465 1475 καὶ
492 1422 647 1486 πόδα,
676 1424 771 1474 καὶ
798 1423 1138 1492 ὑποδήματα,
1170 1422 1490 1494 θεοπρεπείς
1516 1424 1720 1485 ἐννοίας
1742 1424 1807 1476 δι’
1835 1423 1963 1475 ἑκά-

370 1529 499 1565 στου
528 1512 636 1565 τῶν
665 1513 973 1582 εἰρημένων
1003 1513 1403 1581 ἀναλογίζεται,
1437 1515 1532 1567 καὶ
1562 1516 1621 1568 ού
1652 1515 1961 1584 διαμολύνει

366 1606 460 1657 τὸν
488 1604 735 1675 περὶτῆς
760 1604 1009 1676 καθαρᾶς
1040 1604 1271 1671 φύσεως,
1288 1605 1444 1673 λόγον
1472 1609 1592 1669 ταῖς
1624 1610 1962 1677 σωματικαῖς

2061 419 2205 481 hoc,
2242 417 2384 472 Vidit
2423 419 2560 474 Deus
2589 421 2654 482 ",
2689 427 2850 488 prout
2894 435 3091 475 sensos
3138 428 3324 475 noster
3368 433 3634 491 percipit,

2059 524 2154 579 per
2182 509 2472 563 oculorum
2517 510 2787 563 actionem
2818 524 3153 580 cognoscere
3184 526 3414 579 prorsus
3443 514 3629 581 suspi-

2057 600 2295 654 cabitur.
2342 598 2407 653 Et
2452 600 2586 653 illud
2610 641 2625 663 ,
2655 600 2872 654 Audiuit
2911 601 3197 668 Dominus,
3229 612 3280 655 et
3315 604 3415 656 mei
3449 605 3635 658 miscr-

2060 700 2141 743 tus
2169 700 2247 743 est
2283 690 2366 756 ³³;
2397 700 2487 753 et,
2523 690 2792 745 Odoralus
2825 700 2900 743 est
2931 690 3144 745 odarem
3173 694 3454 746 suavitatis
3490 694 3555 755 ³⁸,
3583 701 3638 749 et

2058 796 2400 850 quaecunque
2428 782 2495 835 de
2524 782 2700 851 capite
2730 783 2917 835 divino
2939 822 2954 846 ,
2988 784 3069 838 vel
3102 784 3239 852 pede
3262 824 3275 847 ,
3309 786 3393 839 vel
3426 800 3588 839 manu
3620 825 3634 849 ,
3722 772 3725 775 ⁷

2059 875 2141 927 vel
2186 873 2495 944 palpebris,
2546 875 2628 927 vel
2650 875 2887 944 digitis,
2934 874 3015 928 vel
3061 876 3439 930 cnlceamento
3481 874 3636 930 Scri-

2058 970 2218 1032 ptura
2251 964 2592 1032 corporalius
2621 974 2837 1025 narrat,
2860 966 3044 1019 omnia
3072 976 3322 1035 prompto
3347 978 3401 1021 et
3426 969 3635 1037 vulgari

2060 1054 2367 1124 signiﬁcato
2402 1056 2681 1124 accipiens
2702 1095 2715 1118 ,
2754 1057 2916 1111 nobis
2954 1059 3192 1113 humana
3226 1059 3407 1127 specie
3441 1060 3637 1128 prsidi-

2060 1153 2174 1198 tum
2215 1143 2426 1200 Numen
2450 1145 2723 1216 tlepinget,
2753 1163 2846 1217 per
2868 1150 3280 1205 similitudinem
3306 1166 3495 1223 eorum
3516 1168 3638 1221 qua:

2060 1237 2114 1290 in
2148 1237 2306 1293 nobis
2340 1248 2623 1308 apparent.
2658 1237 2814 1304 Quod
2847 1241 2892 1295 si
2926 1242 3220 1309 digitorum
3266 1258 3433 1312 opera
3467 1246 3639 1299 caelos

2061 1328 2319 1391 audiens,
2362 1336 2416 1382 et
2462 1344 2683 1382 manum
2730 1329 2974 1395 ﬁrmam,
3018 1338 3073 1385 et
3125 1332 3410 1387 brachium
3459 1334 3641 1389 excel-

2064 1436 2181 1474 sum
2202 1462 2216 1479 ,
2249 1430 2302 1473 et
2331 1419 2551 1475 oculum
2575 1463 2590 1489 ,
2622 1431 2674 1477 et
2706 1423 2994 1493 palpebras
3015 1463 3031 1487 ,
3060 1431 3116 1478 et
3162 1424 3353 1494 pedem
3375 1464 3391 1489 ,
3410 1484 3413 1485 ν
3433 1434 3484 1480 et
3527 1427 3641 1481 cal-

2064 1516 2384 1574 etamenta,
2437 1509 2546 1565 Deo
2592 1512 2826 1568 decoras
2870 1514 3093 1569 notitias
3140 1531 3236 1585 per
3279 1518 3472 1570 horum
3518 1532 3641 1587 quae

2066 1600 2209 1653 dicta
2242 1608 2373 1655 sunt
2415 1605 2846 1675 unumquodque
2883 1613 3127 1674 reputat,
3180 1623 3280 1663 nec
3330 1609 3523 1677 polluit
3572 1611 3641 1664 de

368 1701 672 1770 ὑπολήψεσι
705 1703 1149 1771 καταρυπαίνων,
1193 1700 1481 1754 ἀκόλουθον
1512 1699 1579 1752 ἂν
1610 1699 1697 1767 εἴη
1734 1699 1828 1752 καὶ
1863 1698 1961 1761 τὰς

2067 1708 2201 1761 pura
2235 1703 2432 1749 natura
2474 1710 2784 1752 sermonem
2832 1700 3117 1769 corporeis
3157 1701 3515 1770 opinionibus
3558 1703 3643 1758 in-

367 1792 478 1845 τῶν
509 1792 772 1862 Ιόημάτων
813 1794 1152 1862 ἐκφωνήσεις
1196 1790 1533 1854 ὲνδεικτικάς
1575 1790 1673 1860 μὲν
1714 1789 1962 1859 ηγείσοαι

367 1884 465 1937 τοῦ
498 1884 645 1937 θείου
691 1883 1058 1954 βουλήματος,
1117 1883 1191 1954 μὴ
1226 1883 1409 1954 μέντοι
1452 1882 1634 1951 φωνὰς
1668 1882 1963 1953 ἐνάρθρους

371 1975 800 2045 ὑωλαμὸάνειν,
841 1975 954 2027 ἀλλ’
992 1976 1167 2028 ἐκεῖνο
1199 1972 1531 2042 λογίζεσθαι,
1563 1973 1643 2027 ὅτι
1674 1974 1703 2025 ὁ
1742 1975 1841 2042 τῆς
1873 1972 1954 2025 λο-

370 2065 536 2135 γικῆς
557 2064 772 2134 φύσεως
796 2065 1135 2136 Δημιουργὺς
1163 2063 1528 2132 ἀναλογοῦντα
1554 2063 1632 2133 τῷ
1657 2062 1839 2134 μέτρῳ
1865 2066 1963 2133 τῆς

369 2157 587 2226 φύσεως
623 2157 714 2208 τὸν
756 2155 911 2223 λόγον
958 2158 1089 2226 ἡμῖν
1141 2154 1474 2227 δεδώρηται,
1529 2154 1604 2217 ὡς
1635 2154 1701 2206 ἂν
1747 2153 1962 2223 ἔχοιμεν

371 2248 719 2317 ἐξαγγέλλειν
749 2247 815 2300 δι’
844 2247 1007 2301 αὑτοῦ
1034 2247 1136 2317 τῆς
1161 2247 1339 2317 ψυχῆς
1366 2247 1435 2307 τὰ
1470 2247 1769 2315 κινήματα.
1799 2248 1962 2299 Ὀσον

370 2341 430 2395 δὲ
464 2340 658 2410 ἀπέχει
700 2341 734 2409 ή
786 2338 947 2408 φύσις
991 2339 1088 2409 τῆς
1137 2338 1380 2406 φύσεως,
1432 2340 1465 2407 ή
1518 2337 1637 2389 θεία
1682 2337 1825 2405 λέγω
1864 2336 1963 2405 τῆς

370 2433 665 2502 ἡμετέρας,
697 2430 837 2483 κατὰ
856 2429 917 2482 τὸ
938 2425 1054 2483 ἴσον
1080 2429 1275 2500 μέτρον
1296 2429 1395 2496 τῆς
1414 2426 1765 2490 ὑποστάσεως
1788 2427 1961 2480 πάντα

370 2524 443 2577 τὰ
473 2526 600 2594 περὶ
628 2521 797 2591 αὐτὴν
829 2521 959 2575 ὅντα
987 2520 1095 2575 τῶν
1132 2522 1191 2573 ὲν
1225 2522 1356 2590 ἡμῖν
1386 2518 1795 2589 θεωρουμένων,
1827 2516 1963 2587 πρὸς

371 2616 435 2667 τὸ
467 2613 881 2684 μεγαλειότερόν
915 2630 973 2665 τε
1002 2612 1097 2666 καὶ
1126 2610 1594 2681 Θεοπρεπέστερον
1622 2609 1721 2680 τὴν
1750 2607 1963 2679 παραλ-

372 2706 548 2776 λαγὴν
574 2706 706 2775 ἔχει.
735 2708 843 2761 Καὶ
872 2707 947 2768 ὡς
979 2707 1013 2773 ἡ
1044 2703 1275 2772 δύναμις
1309 2703 1343 2771 ἠ
1371 2702 1490 2755 καθ’
1520 2703 1666 2771 ἡμᾶς
1697 2701 1831 2771 πρὸς
1863 2701 1962 2771 τὴν

373 2797 471 2849 τοῦ
507 2797 643 2849 Θεοῦ
678 2797 969 2866 κρινομένη
1009 2794 1071 2846 τὸ
1116 2794 1279 2864 μηδέν
1308 2796 1443 2858 ἐστι,
1478 2795 1573 2846 καὶ
1610 2795 1642 2861 ἡ
1674 2792 1787 2861 ζωὴ
1825 2790 1963 2861 πρὸς

375 2888 477 2959 τὴν
506 2887 672 2956 ζωὴν,
700 2886 795 2940 καὶ
826 2886 895 2940 τὰ
926 2884 1062 2939 ἄλλα
1112 2885 1288 2937 πάντα
1332 2881 1400 2936 τά
1446 2884 1693 2952 ἡμέτερα
1736 2882 1870 2952 πρὸς
1896 2882 1965 2933 τά

377 2982 437 3032 ὲν
460 2979 653 3049 ἐκείνῳ
679 2977 995 3050 κρινόμενα,
1026 2976 1101 3038 ὡς
1133 2975 1291 3028 οὐθὲν
1314 2972 1545 3027 ἐνώπιον
1571 2973 1754 3035 αὑτοῦ,
1787 2971 1966 3033 καθὼς

377 3072 412 3138 ἡ
441 3070 751 3140 προφητεία
771 3068 954 3140 φησίν·
985 3066 1159 3129 οὕτως
1183 3066 1275 3119 καὶ
1302 3068 1331 3118 6
1361 3065 1624 3135 ἡμέτερος
1656 3063 1811 3131 λόγος
1835 3063 1966 3134 πρὶς

378 3162 469 3213 τὸν
508 3161 678 3222 ὅντως
707 3160 838 3213 ὄντα
872 3159 1046 3226 Λόγον
1078 3156 1395 3225 κρινόμενός
1421 3156 1567 3207 ἐστιν
1592 3154 1762 3208 οὐδέν.
1801 3147 1967 3216 Οὗτος

384 3250 483 3318 μὲν
516 3248 624 3318 γὰρ
650 3251 706 3301 ὲν
728 3249 871 3318 ἀρχῇ
918 3247 1017 3298 οὐκ
1059 3241 1148 3316 ἦν,
1183 3245 1318 3297 ἀλλὰ
1349 3248 1414 3314 τῇ
1447 3244 1692 3314 ἡμετέρᾳ
1734 3261 1966 3312 συγκατ-

380 3339 689 3409 taxandan
713 3338 782 3407 φύ
792 3353 891 3390 σειο
916 3336 1038 3389 οὔτε
1055 3336 1175 3389 κατ’
1197 3335 1331 3388 ἰδίαν
1346 3334 1627 3404 Οεωρείται
1650 3334 1964 3398 ὑπόστασιν,

382 3432 499 3485 ἀλλ’
528 3430 603 3493 ὥς
631 3430 762 3500 φησί
789 3446 891 3485 που
918 3431 945 3481 6
964 3428 1299 3489 διδάσκαλος,
1324 3426 1401 3495 τῷ
1419 3426 1575 3495 ψόφῳ
1601 3426 1696 3495 τῆς
1718 3425 1967 3495 γλώσσης

386 3522 821 3593 συναφανίζεται·
861 3520 983 3576 οὔτε
1034 3520 1193 3591 ἔργον
1229 3520 1348 3575 ἐστι
1394 3518 1587 3571 τούτου
1633 3523 1822 3590 νοῆσαι
1873 3521 1968 3573 τοῦ

384 3615 564 3683 λόγου,
595 3614 707 3666 ἀλλ’
743 3616 799 3666 ὲν
836 3612 974 3683 μόνῃ
1006 3612 1154 3679 φωνῇ
1179 3610 1269 3662 καὶ
1294 3610 1583 3679 γράμματι
1606 3608 1705 3679 τὴν
1728 3611 1967 3664 ὑπόστα-

387 3724 471 3759 σιν
502 3705 635 3774 ἔχει.
679 3705 737 3756 '0
770 3703 826 3756 δὲ
857 3704 921 3754 ὲκ
952 3701 1044 3754 τοῦ
1084 3699 1217 3753 Θεοῦ
1251 3700 1442 3767 Λόγος,
1473 3700 1604 3762 Θεός
1630 3701 1765 3764 ἐστι,
1800 3701 1971 3769 Λόγος

382 3796 443 3847 ὲν
469 3794 612 3863 ἀρχῇ
639 3794 713 3845 ὢν
742 3793 835 3845 καὶ
861 3791 1035 3843 εἰσαεὶ
1075 3790 1363 3859 διαμένων.
1395 3788 1462 3841 δι’
1490 3783 1549 3843 οῦ
1578 3790 1645 3842 τὰ
1672 3790 1847 3843 πάντα
1876 3791 1971 3843 καὶ

382 3890 499 3940 ἔστι
534 3886 628 3938 καὶ
675 3884 970 3951 συνέστηκε
992 3920 1007 3943 ,
1041 3882 1135 3935 καὶ
1163 3879 1256 3933 τοῦ
1292 3880 1489 3942 παντὸς
1538 3881 1843 3946 ἐπιστατεῖ,
1876 3882 1972 3935 καὶ

385 3981 567 4032 πᾶσαν
590 3978 703 4047 ἔχει
737 3975 835 4045 τὴν
866 3973 1111 4040 ἐξουσίαν
1143 3972 1249 4025 τῶν
1281 3975 1338 4024 ὲν
1375 3972 1594 4042 οὐρανῷ
1620 3973 1714 4024 καὶ
1743 3972 1851 4025 τῶν
1877 3974 1971 4026 ἐπὶ

383 4070 488 4138 τῆς
513 4071 637 4138 γῆς,
667 4066 799 4136 ζωὴ,
830 4065 921 4119 καὶ
945 4064 1192 4133 ἀλήθεια,
1219 4064 1312 4117 καὶ
1347 4063 1681 4131 δικαιοσύνη,
1711 4064 1803 4117 καὶ
1832 4063 1967 4132 φῶς,

386 4160 484 4213 καὶ
518 4161 624 4210 πᾶν
654 4158 855 4225 ἀγαθὸν
893 4156 989 4218 ὢν,
1024 4156 1118 4208 καὶ
1156 4154 1225 4207 τὰ
1255 4153 1433 4207 πάντα
1475 4156 1531 4206 ὲν
1570 4152 1647 4222 τῷ
1685 4150 1823 4207 εἶναι
1854 4155 1969 4207 δια-

389 4251 629 4325 κρατῶν.
664 4250 915 4303 Τοιούτου
947 4247 1125 4300 τοίνυν
1159 4248 1311 4311 ὄντος
1342 4248 1434 4299 καὶ
1470 4246 1722 4298 τοσούτου
1754 4244 1847 4297 τοῦ
1868 4244 1971 4297 Λό-

2064 1784 2305 1852 quinans
2325 1826 2340 1849 ,
2374 1800 2723 1856 consequens
2754 1787 2919 1843 fuerit
2947 1790 3115 1844 etiam
3145 1793 3435 1847 verborum
3467 1809 3641 1847 enun-

2064 1876 2323 1931 tiationes
2372 1879 2595 1948 quidem
2651 1879 2852 1935 divina:
2905 1883 3202 1939 voluntatis
3252 1885 3466 1941 indices
3514 1901 3642 1943 esse

2063 1970 2421 2034 existimare,
2466 1988 2578 2027 non
2621 1981 2773 2029 certe
2818 1989 2981 2028 voces
3024 1976 3348 2033 articulatas
3390 1978 3639 2046 opinari.

2064 2059 2158 2113 scd
2186 2060 2320 2115 illud
2347 2063 2558 2117 ratione
2587 2065 2915 2132 complecti,
2940 2065 3086 2134 quod
3115 2076 3326 2120 natura-
3352 2068 3641 2121 rationalis

2063 2150 2245 2221 Opifex
2275 2160 2484 2207 natura:
2513 2154 2674 2222 modo
2705 2156 3181 2224 proportionatum
3207 2172 3516 2211 sermonem
3541 2172 3641 2211 no-

2063 2242 2149 2297 bis
2197 2242 2456 2310 donavit,
2508 2251 2568 2299 ut
2616 2261 2713 2315 per
2752 2261 2877 2300 eum
2920 2246 3089 2300 animi
3135 2258 3319 2303 motus
3353 2264 3639 2317 possemus

2062 2335 2369 2390 enuntiare.
2406 2334 2683 2403 Quantum
2721 2347 2903 2393 autem
2932 2348 3131 2393 natura
3158 2340 3312 2394 abest
3341 2356 3370 2392 a
3404 2349 3603 2393 natura
3624 2380 3638 2406 ,

2063 2426 2245 2482 divina
2276 2426 2401 2482 dico
2430 2443 2463 2482 a
2507 2438 2728 2493 nostra,
2772 2437 2986 2484 tantum
3029 2446 3151 2499 qua:
3201 2433 3348 2485 circa
3393 2441 3637 2487 nostram

2063 2521 2477 2576 subsistentiam
2510 2521 2955 2589 considerantur,
3002 2522 3263 2578 dill‘erunt
3293 2524 3363 2579 ab
3394 2539 3462 2578 eo
3492 2523 3639 2593 quod

2063 2618 2151 2667 est
2201 2612 2257 2666 in
2314 2612 2425 2668 Deo
2479 2614 2916 2684 magnificentius
2951 2622 3005 2669 et
3050 2616 3153 2684 ipsi
3201 2616 3639 2672 convenientius.

2064 2701 2131 2757 Et
2186 2711 2246 2757 ut
2308 2713 2494 2760 nostra
2548 2713 2793 2774 potestas
2849 2721 2971 2759 cum
3017 2705 3112 2761 Dei
3164 2706 3403 2775 potentia
3444 2708 3641 2761 collata

2063 2793 2201 2847 nihil
2233 2801 2353 2859 est,
2381 2803 2438 2850 et
2468 2797 2575 2850 vita
2607 2812 2732 2849 cum
2785 2797 2927 2861 vita,
2973 2805 3033 2875 et
3079 2798 3182 2851 alia
3226 2800 3407 2851 omnia
3452 2806 3640 2853 nostra

2067 2899 2195 2940 cum
2228 2885 2313 2939 his
2341 2901 2464 2954 qua:
2494 2887 2548 2939 in
2586 2887 2678 2940 illo
2724 2897 2850 2942 sunt
2903 2899 3216 2956 comparata
3240 2929 3254 2947 ,
3304 2898 3356 2942 ut
3408 2890 3640 2944 nihilum

1996 3011 2036 3066 ε
2069 2989 2252 3028 coram
2284 2977 2426 3046 ipso,
2454 2978 2597 3033 sicut
2625 2979 2699 3032 ait
2728 2979 3013 3048 prophetia
3041 2980 3109 3033 ":
3141 2980 3223 3033 sic
3252 2981 3419 3034 etiam
3453 2989 3643 3036 noster

2071 3076 2252 3116 sermo
2290 3078 2417 3117 cum
2458 3080 2523 3119 eo
2553 3066 2646 3133 qui
2700 3082 2825 3120 vere
2877 3075 2962 3121 est
3007 3067 3221 3131 Sermo,
3260 3081 3641 3139 comparatus,

2071 3154 2206 3207 nihil
2240 3163 2344 3210 est.
2379 3154 2479 3208 Hic
2507 3157 2653 3210 enim
2692 3157 2744 3208 in
2771 3159 3041 3225 principio
3069 3174 3179 3213 non
3205 3168 3359 3223 erat,
3388 3162 3481 3215 sed
3518 3176 3641 3215 cum

2072 3255 2263 3299 nostra
2313 3254 2509 3301 natura
2559 3256 2925 3303 constructus
2974 3258 3097 3315 est;
3140 3266 3316 3314 neque
3340 3252 3642 3306 secundum

2072 3337 2348 3406 propriam
2394 3347 2674 3407 spectatur
2700 3339 3150 3403 subsistentiam,
3185 3342 3279 3395 sed
3301 3380 3316 3404 ,
3360 3342 3506 3395 sicut
3544 3342 3647 3396 ali-

2073 3427 2200 3482 cubi
2231 3428 2362 3483 dicit
2388 3430 2669 3499 magister,
2696 3444 2820 3484 cum
2853 3431 3048 3500 linguae
3074 3432 3304 3501 strepitu
3334 3434 3643 3497 evanescit,

2073 3534 2251 3587 neque
2295 3520 2460 3588 hujus
2506 3521 2780 3575 sermonis
2821 3536 2960 3590 opus
3010 3523 3228 3591 aliquod
3278 3524 3404 3579 licet
3445 3526 3647 3579 intelli-

2072 3625 2220 3679 gere,
2243 3610 2338 3665 sed
2367 3611 2420 3664 in
2445 3612 2560 3667 sola
2586 3628 2717 3667 voce
2741 3622 2793 3667 et
2816 3614 2993 3668 littera
3016 3614 3425 3669 subsistentiam
3455 3617 3641 3674 habet.

2075 3701 2182 3757 Sed
2210 3703 2304 3773 qui
2332 3718 2398 3758 ex
2428 3703 2538 3758 Deo
2562 3713 2648 3759 est
2671 3704 2889 3769 Sermo,
2913 3705 3058 3761 Deus
3083 3714 3169 3761 est
3187 3749 3202 3773 ,
3228 3705 3465 3762 Verbum
3497 3709 3643 3778 quod

2072 3801 2156 3849 est
2190 3796 2241 3847 in
2289 3794 2561 3864 principio
2609 3803 2663 3849 et
2709 3795 2762 3849 in
2816 3806 3132 3865 perpetuum
3183 3805 3498 3866 permanet,
3549 3814 3646 3866 per

2073 3902 2232 3953 quem
2264 3885 2445 3940 omnia
2471 3894 2526 3941 et
2556 3895 2684 3941 sunt
2709 3894 2762 3940 et
2795 3895 3082 3950 constant,
3116 3895 3167 3942 et
3204 3889 3461 3942 universo
3506 3904 3643 3957 pra:-

2073 3978 2214 4033 sidet
2245 3993 2571 4047 omnemque
2597 3977 2757 4031 habet
2781 3993 2970 4032 eorum
3002 3994 3125 4047 quae
3158 3986 3289 4033 sunt
3317 3979 3368 4031 in
3411 3981 3552 4034 cmlo
3589 3988 3644 4034 et

2073 4070 2127 4123 in
2160 4078 2303 4125 terra
2336 4077 2661 4137 potestatem
2681 4109 2695 4131 ,
2718 4071 2826 4124 vita
2853 4077 2909 4124 et
2937 4071 3167 4134 veritas,
3197 4071 3415 4138 justitia
3443 4080 3497 4124 et
3526 4072 3642 4135 lux,

2071 4170 2125 4216 et
2155 4177 2317 4215 omne
2344 4161 2548 4215 bonum
2573 4160 2848 4216 exsistens
2869 4202 2884 4221 ,
2917 4170 2971 4214 et
2997 4161 3182 4214 omnia
3219 4161 3273 4214 in
3317 4169 3543 4226 natura,
3583 4170 3646 4216 ut

2072 4250 2187 4304 sint
2228 4248 2539 4303 continens.
2583 4248 2732 4304 Talis
2777 4250 2942 4319 igitur
2969 4258 3023 4303 et
3072 4257 3260 4303 tantus
3292 4248 3486 4303 Sermo
3515 4266 3641 4304 cum

389 4362 488 4412 γου
536 4342 629 4396 τοῦ
674 4343 801 4412 περὶ
826 4341 916 4395 τὸν
940 4340 1071 4393 Θεὸν
1099 4340 1388 4409 νοουμένου
1409 4380 1424 4405 ,
1459 4332 1613 4401 οὗτος
1652 4338 1743 4390 τὸν
1775 4338 1832 4390 ἐν
1860 4336 1966 4390 ὀνό-

2079 4341 2151 4393 sit
2180 4346 2235 4393 et
2264 4339 2319 4392 in
2352 4336 2460 4392 Deo
2492 4339 2850 4407 intelligatur,
2896 4339 3003 4392 iste
3065 4353 3402 4405 sermonem,
3452 4340 3543 4408 qui
3589 4340 3642 4392 in

394 4453 531 4507 μασι
562 4435 654 4488 καὶ
683 4436 892 4505 ῥήμασι
943 4433 1038 4485 καὶ
1077 4432 1395 4500 συνδέσμοις
1447 4430 1977 4501 συναπαρτιζόμενον

393 4527 571 4593 λόγον,
602 4524 675 4587 ὥς
721 4541 770 4575 τι
803 4524 943 4592 μέγα
974 4522 1252 4590 χαρίζεται
1280 4520 1418 4588 Θεῷ,
1447 4520 1653 4587 ἀγνοῶν
1678 4520 1759 4571 ὅτι
1790 4518 1978 4588 ὥσπερ

393 4620 423 4670 ὁ
452 4616 549 4687 τὴν
575 4615 883 4686 πρακτικὴν
903 4616 967 4682 τῇ
987 4611 1145 4680 φύσει
1169 4611 1325 4680 ἡμῶν
1347 4612 1708 4680 χαρισάμενος
1726 4610 1975 4679 δύναμιν,

396 4708 457 4757 οὐ
484 4704 552 4757 τὰ
590 4702 710 4756 καθ’
738 4704 966 4754 ἕκαστον
989 4701 1143 4771 ἡμῶν
1169 4700 1306 4770 ἔργα
1348 4700 1701 4769 δημιουργεῖν
1736 4701 1976 4767 λέγεται,

395 4787 511 4844 ἀλλ’
575 4796 603 4847 6
632 4794 730 4865 μὲν
757 4794 923 4846 ἔδωκε
950 4795 1015 4862 τῇ
1050 4792 1207 4860 φύσει
1241 4791 1337 4861 τὴν
1384 4791 1632 4860 δύναμιν,
1676 4794 1974 4862 ἐνεργεῖται

394 4888 452 4939 δὲ
490 4888 615 4957 παρ’
653 4886 809 4957 ⁴ἡμῶν
840 4885 1006 4946 οἰκία,
1043 4883 1133 4937 καὶ
1180 4883 1396 4953 βάθρον,
1428 4883 1521 4935 καὶ
1564 4883 1837 4952 ῥομφαία,
1882 4884 1976 4937 καὶ

396 4980 648 5047 ἄροτρον,
680 4978 774 5030 καὶ
820 4978 1055 5045 ὅτουπερ
1086 4975 1151 5028 ἂν
1182 4976 1209 5026 6
1253 4974 1364 5042 βίος
1396 4976 1533 5043 τύχῃ
1576 4974 1825 5044 δεόμενος
1861 4988 1873 5001 ·
1903 4971 1977 5024 ὼν

398 5073 467 5121 τὰ
495 5070 614 5123 καθ’
659 5070 889 5124 ἕκαστον
925 5071 1041 5120 ἐστι
1074 5069 1170 5138 μὲν
1207 5067 1341 5136 ἔργα
1387 5067 1662 5136 ἡμέτερα,
1694 5068 1770 5127 είς
1800 5066 1857 5118 δὲ
1884 5065 1974 5116 τὸν

400 5161 558 5231 ἡμῶν
586 5161 763 5213 αὐτῶν
786 5161 955 5213 αἴτιον
1006 5159 1102 5230 τὴν
1134 5159 1409 5227 ἀναφορὰν
1439 5158 1573 5226 ἔχει,
1604 5159 1693 5209 τὸν
1729 5158 1980 5225 δεκτικὴν

404 5253 584 5320 πάσης
627 5253 931 5320 ἐπιστήμης
956 5250 1055 5321 τὴν
1083 5250 1243 5320 φύσιν
1283 5250 1440 5320 ἡμῶν
1482 5249 1975 5318 δημιουργήσαντα·

402 5342 576 5405 οὕτως
606 5344 699 5396 καὶ
731 5345 763 5411 ὴ
808 5342 900 5395 τοῦ
936 5343 1092 5410 λόγου
1126 5343 1375 5412 δύναμις,
1412 5343 1571 5413 ἔργον
1615 5342 1711 5410 μὲν
1745 5341 1857 5392 ἔστι
1886 5341 1978 5392 τοῦ

406 5433 660 5502 τοιαύτην
686 5436 718 5503 ἡ
728 5433 842 5503 μῶν
872 5433 1229 5503 πεποιηκότος
1252 5434 1350 5503 τὴν
1371 5433 1552 5501 φύσιν,
1590 5433 1621 5501 ἡ
1648 5432 1703 5483 δὲ
1731 5430 1836 5483 τῶν
1859 5432 1978 5483 καθ’

484 5619 529 5651 ³¹
565 5616 695 5673 Gen.
726 5632 771 5684 ς,
801 5616 831 5670 4
856 5630 978 5686 sqq.
1060 5616 1102 5645 ³⁸
1130 5614 1272 5669 Psal.
1317 5632 1465 5682 xxxx,
1503 5616 1583 5671 ll.

2074 4430 2389 4485 nominibus
2417 4436 2471 4483 et
2499 4428 2682 4485 verbis
2709 4435 2763 4483 et
2806 4428 3297 4497 conjunctionibus
3340 4429 3643 4499 compingi-

2075 4528 2183 4584 tur,
2207 4517 2503 4587 velutquid
2530 4533 2780 4586 magnum
2804 4517 2914 4572 Deo
2938 4518 3185 4587 largitur,
3214 4519 3473 4589 ignorans
3497 4518 3641 4587 quod

2073 4610 2533 4681 quemadmodum
2564 4610 2656 4678 qui
2686 4610 2917 4665 activam
2952 4611 3249 4681 potentiam
3293 4620 3502 4664 natura:
3548 4626 3643 4664 no-

2072 4711 2199 4757 stra;
2230 4700 2574 4772 gratiﬁcatus
2603 4708 2689 4755 est
2716 4742 2731 4766 ,
2763 4718 2874 4754 non
2902 4718 3021 4771 quae
3047 4710 3175 4756 sunt
3205 4703 3257 4756 in
3283 4718 3501 4771 quoque
3547 4716 3643 4755 no-

2081 4804 2256 4848 strum
2281 4807 2443 4862 opera
2465 4791 2674 4847 edicere
2699 4792 2931 4849 dicitur,
2961 4792 3050 4847 sed
3084 4793 3172 4848 ille
3200 4794 3417 4862 quidem
3446 4804 3647 4849 nostrae

2081 4892 2296 4937 naturae
2325 4883 2430 4936 vim
2463 4882 2644 4943 dedit,
2675 4898 2704 4935 a
2737 4883 2896 4939 nobis
2928 4898 3054 4937 vero
3087 4883 3282 4939 domus
3310 4884 3560 4950 elﬁcitur,
3591 4894 3647 4939 et

2082 4989 2405 5035 scamnum,
2438 4982 2492 5028 et
2516 4974 2761 5044 gladius,
2791 4982 2846 5027 et
2876 4985 3114 5029 aratrum
3138 5016 3151 5039 ,
3185 4987 3239 5032 et
3282 4979 3647 5047 quodcunque

2080 5080 2219 5132 opus
2246 5081 2354 5133 quo
2380 5065 2487 5119 vita
2513 5073 2702 5120 nostra
2727 5065 2999 5133 indigeat:
3022 5084 3253 5136 quorum
3280 5069 3492 5135 singula
3519 5076 3648 5121 sunt

2080 5156 2295 5223 quidem
2326 5171 2489 5224 opera
2522 5166 2705 5211 nostra
2735 5196 2748 5219 ,
2778 5158 2873 5211 sed
2907 5158 2974 5210 ad
3001 5167 3250 5212 nostrum
3285 5158 3523 5224 ipsorum
3559 5172 3646 5209 au-

2080 5257 2284 5302 rtorem
2318 5249 2635 5302 relationem
2670 5249 2873 5309 habent
2897 5290 2911 5312 ,
2948 5250 3038 5317 qui
3074 5248 3252 5301 omnis
3285 5246 3528 5299 scientia:
3566 5261 3647 5299 ca-

2083 5355 2267 5407 parem
2306 5352 2559 5393 naturam
2600 5350 2844 5395 nostram
2883 5340 3126 5393 condidit
3159 5358 3170 5390 :
3212 5338 3291 5390 sic
3325 5337 3488 5389 ctiam
3534 5354 3647 5393 ser-

2082 5433 2256 5485 monis
2310 5434 2547 5500 po:entia
2597 5448 2736 5500 opus
2787 5431 3002 5500 quidem
3054 5436 3135 5481 est
3179 5427 3297 5495 ejus
3346 5426 3440 5496 qui
3487 5428 3653 5482 talem

1660 5618 1703 5649 ³ι
1733 5616 1866 5671 Gt‘n.
1901 5633 2017 5683 vm,
2056 5617 2182 5669 Ξί..
2223 5616 2263 5645 εδ
2312 5615 2458 5671 I‘sal.
2501 5627 2728 5676 \xxmt,
2758 5613 2809 5664 6.
