4056 6146
464 254 568 313 99!

1707 241 1762 298 S.
1796 239 2117 298 CREGURII
2149 239 2438 296 NYSSEM

3600 236 3705 293 θοι

461 371 708 421 nostram
752 361 881 417 fecit
922 358 1175 415 naturam
1201 402 1215 426 ,
1259 360 1504 416 inventio
1550 375 1682 416 vero
1735 361 2029 416 verborum

2139 361 2362 414 ἕκαστον
2405 361 2664 431 ῥημάτων
2690 358 2928 430 εὒρεσις,
2974 358 3105 429 πρὸς
3136 356 3233 427 τὴν
3255 358 3446 427 χρείαν
3473 358 3571 429 τῆς
3603 358 3709 409 τῶν

461 455 806 525 singulorum
850 452 916 506 ad
962 467 1141 506 rerum
1182 452 1564 522 signiﬁcantia:
1605 467 1764 508 usum
1799 467 1829 506 a
1872 452 2029 506 nobis

464 548 600 618 ipsis
629 544 934 613 excogitata
962 554 1063 598 est.
1100 542 1257 608 Quod
1288 544 1417 598 hinc
1449 542 1739 599 manifeste
1765 550 1991 614 apparet
2014 585 2028 611 ,

463 638 591 707 quia
623 635 1024 705 quamplurima
1058 648 1178 703 quae
1201 635 1458 690 dicuntur
1484 636 1661 705 turpia
1693 642 1744 690 et
1777 635 2032 689 indecora

464 742 691 799 prorsus
724 743 847 782 esse
880 737 1196 791 censemur,
1222 743 1454 797 quorum
1482 729 1668 782 nullus
1690 737 1871 783 mente
1905 743 2037 798 prm-

464 821 614 875 ditus
658 821 1002 876 inventorem
1045 821 1214 875 Deum
1264 822 1579 891 suspicatus
1626 820 1805 876 fuerit.
1855 821 2036 887 Quare

464 913 683 967 tametsi
716 928 779 967 ex
818 912 909 966 Dei
946 928 1180 983 persona
1216 914 1459 981 qumdam
1495 928 1524 966 a
1559 928 1714 968 sacra
1750 911 2036 984 Scriptura

466 1005 628 1058 verba
663 1004 825 1057 nobis
859 1003 1147 1056 familiaria
1184 1013 1238 1057 et
1269 1014 1488 1057 assueta
1524 1004 1804 1066 dicantur,
1835 1020 2039 1074 cogno-

463 1097 728 1152 scendum
759 1104 837 1151 est
870 1097 1014 1165 quod
1047 1096 1286 1165 Spiritus
1317 1105 1541 1151 sanctus
1583 1113 1649 1150 ex
1693 1097 1895 1151 nostris
1938 1113 2039 1151 no.

465 1186 678 1240 biscum
707 1185 967 1238 disserit:
999 1184 1458 1253 quemadmodum
1492 1184 1544 1237 in
1577 1187 1835 1240 Act-orum
1871 1187 2043 1241 histo-

464 1277 549 1330 ria
576 1276 874 1330 didicimus
893 1276 961 1341 “,
986 1275 1128 1344 quod
1163 1276 1541 1345 unusquisque
1567 1277 1619 1329 in
1646 1292 1743 1331 sua
1779 1279 1957 1346 lingua
1987 1279 2039 1332 in

466 1382 577 1437 qua
606 1374 768 1420 natus
795 1374 946 1430 erat,
974 1367 1279 1421 doctrinam
1315 1367 1652 1436 accipiebat,
1686 1384 1781 1437 per
1812 1369 1912 1423 sibi
1947 1385 2040 1423 co-

468 1459 619 1532 gnita
650 1457 814 1511 verba
842 1457 949 1511 vim
974 1471 1287 1511 sermonum
1318 1457 1569 1512 audiens.

544 1549 607 1603 Et
657 1549 800 1620 quod
851 1549 966 1603 hasc
1018 1564 1143 1602 vera
1198 1552 1329 1613 sint,
1383 1551 1558 1620 magis
1614 1549 1885 1615 didicerit,
1948 1552 2040 1622 qui

471 1641 789 1710 diligentius
836 1649 887 1694 et
929 1641 1240 1694 accuratius
1274 1640 1566 1695 chiticam
1597 1643 1770 1710 legum
1806 1645 2044 1698 sanctio-

2133 450 2503 520 ὑποκειμένων
2544 451 2816 521 σημασίας
2853 452 2980 520 παρ’
3021 451 3176 520 ἡμῶν
3215 450 3392 503 αὐτῶν
3420 450 3707 519 ἐπενοήθη.

2132 542 2444 614 Τεκμήριον
2476 542 2531 595 δὲ
2553 585 2567 607 ,
2598 543 2676 595 ὅτι
2715 542 2887 596 πολλὰ
2917 543 3027 596 τῶν
3069 543 3379 612 λεγομένων
3424 545 3625 611 αἰσχρά
3651 558 3710 593 τε

2134 635 2226 687 καὶ
2256 634 2478 705 ἀπρεπῆ
2519 636 2859 689 παντάπασιν
2888 632 3025 689 εἶναι
3059 635 3368 705 νενόμισται
3394 677 3406 697 ,
3426 627 3502 686 ὧν
3522 635 3625 687 οὐκ
3646 634 3714 686 άν

2133 742 2218 788 τις
2261 726 2371 779 τῶν
2407 725 2531 779 νοῦν
2576 726 2806 797 ἐχόντων
2849 728 3077 799 εὑρετὴν
3121 725 3212 778 τὸν
3252 726 3386 778 Θεὸν
3429 724 3710 778 ὑπολάϐοι.

2138 815 2299 867 Ὥστε
2328 814 2431 868 κᾶν
2458 817 2523 868 ὲκ
2549 814 2843 886 προσώπου
2870 815 2962 868 τοῦ
2991 814 3126 868 Θεοῦ
3152 812 3382 885 λέγηται
3413 831 3534 866 τινα
3560 812 3715 881 παρὰ

2136 908 2232 976 τῆς
2260 905 2408 969 θείας
2441 907 2666 977 Γραφῆς
2693 906 2800 959 τῶν
2824 909 2955 977 ἡμῖν
2990 908 3234 977 συνήθων
3263 908 3540 978 ῥημάτων,
3567 923 3715 975 γνωο

2140 1001 2294 1052 στὲον
2329 1001 2503 1053 ὅτιτὸ
2533 1000 2754 1071 Πνεῦμα
2778 1001 3020 1067 τὸᾶγιον
3050 1003 3113 1053 ἐκ
3137 1000 3242 1052 τῶν
3269 1000 3555 1071 ἡμετέρων
3582 1002 3716 1070 ἡμῖν

2135 1089 2464 1157 διαλέγεται.
2496 1089 2761 1159 Καθάπερ
2791 1090 2885 1142 καὶ
2906 1090 2998 1141 ἐπὶ
3021 1089 3118 1158 τῆς
3144 1087 3253 1140 τῶν
3282 1088 3538 1159 Πράξεων
3570 1092 3715 1141 im-

2144 1182 2264 1253 ρίας
2291 1181 2583 1251 ἐμάθομεν,
2608 1181 2687 1234 ὅτι
2716 1181 2943 1242 ἕκαστος
2977 1183 3034 1233 ὲν
3060 1183 3126 1251 τῇ
3158 1180 3263 1251 ίδίᾳ
3298 1179 3565 1249 διαλέκτῳ
3594 1182 3655 1231 ὲν

2141 1272 2370 1342 ἐγενήθη
2394 1273 2492 1341 τὴν
2520 1272 2864 1325 διδασκαλίαν
2910 1272 3139 1342 ἐδέχετο,
3164 1272 3253 1325 διὰ
3287 1272 3396 1325 τῶν
3422 1273 3716 1342 γνωρίμων

2141 1361 2291 1433 αὑτῴ
2323 1363 2580 1434 ῥημάτων
2604 1366 2701 1434 τῆς
2718 1363 3003 1434 δυνάμεως
3025 1364 3230 1417 ἐπαῐων
3255 1363 3365 1425 τῶν
3395 1364 3589 1431 λόγων.

2215 1545 2324 1598 Καὶ
2362 1545 2443 1597 ὅτι
2477 1543 2652 1613 ἀληθῆ
2683 1544 2887 1606 ταῦτα,
2923 1546 3123 1616 μᾶλλον
3156 1546 3222 1601 ἄν
3251 1563 3335 1609 τις
3373 1545 3530 1617 μάθοι
3571 1546 3717 1614 φιλο-

2148 1638 2449 1708 πονώτερον
2488 1636 2586 1708 τὴν
2629 1637 2917 1707 Λευῖτικὴν
2960 1639 3281 1708 νομοθεσίαν
3322 1638 3717 1703 κατεξετάζων.

471 1751 594 1789 nem
650 1732 1013 1801 perpenderit.
1052 1731 1164 1785 Illic
1190 1733 1232 1764 ³⁷
1249 1732 1391 1787 enim
1427 1734 1748 1803 sartaginis,
1778 1742 1832 1788 et
1864 1735 2036 1805 lagani

2142 1730 2388 1798 Τηγάνου
2414 1728 2524 1800 γὰρ
2547 1731 2682 1791 ἐκεῖ,
2716 1731 2807 1782 καὶ
2855 1730 3093 1798 λαγάνου
3134 1731 3228 1783 καὶ
3261 1731 3594 1800 σεμιδάλεως
3621 1733 3718 1784 καὶ

475 1826 591 1880 sive
633 1824 910 1893 placcntm,
953 1832 1007 1878 et
1051 1823 1264 1885 similae,
1322 1833 1378 1876 et
1426 1823 1694 1892 ejusmodi
1758 1826 2037 1879 nominum

469 1916 717 1971 meminit
768 1916 822 1969 in
868 1914 1113 1986 mysticis
1161 1913 1470 1977 sacriﬁciis,
1518 1916 1815 1986 symbolice
1862 1925 1916 1972 et
1951 1933 2043 1986 per

469 2008 757 2076 aenigmata
808 2007 1004 2060 animae
1048 2007 1203 2059 utilia
1264 2007 1511 2075 quasdam
1553 2009 1806 2076 dogmata
1854 2010 2043 2064 subin—

469 2098 680 2152 dicans.
716 2097 1023 2162 Quinetiam
1053 2110 1339 2151 mensuras
1365 2098 1626 2166 quasdam
1666 2100 1911 2153 nominat
1951 2116 2042 2155 so-

470 2188 567 2242 lito
612 2196 722 2241 tum
773 2202 942 2253 more,
992 2188 1157 2258 hyphi
1204 2186 1476 2256 quoddam
1532 2188 1720 2245 dicens
1766 2199 1820 2243 et
1864 2192 2041 2256 nebel,

467 2285 524 2332 et
560 2279 635 2343 in,
671 2286 725 2332 et
757 2280 926 2331 multa
964 2278 1086 2347 ejus
1121 2280 1358 2349 generis.
1408 2278 1548 2334 Num
1597 2282 1693 2336 has
1726 2285 2041 2352 appellatio-

470 2384 567 2423 nes
605 2370 864 2439 imposuit
910 2379 963 2424 t-t
1016 2371 1439 2435 nominationes,
1470 2379 1523 2424 et
1569 2388 1599 2425 a
1655 2374 1922 2443 principio
1965 2376 2045 2429 sic

470 2461 802 2530 praescripsit
832 2459 945 2514 lieri
974 2468 1030 2514 et
1074 2459 1210 2521 dici,
1266 2461 1339 2513 ita
1372 2468 1431 2513 ut
1467 2461 1569 2515 hoc
1610 2462 1826 2531 quidem
1859 2478 2042 2517 semen

468 2551 800 2605 frumentum
835 2548 1062 2609 diceret.
1110 2550 1275 2619 hujus
1309 2557 1488 2604 autem
1533 2552 1822 2605 medullam
1868 2554 2043 2606 nomi-

468 2649 625 2695 naret
677 2640 952 2707 similam;
992 2655 1117 2709 qua:
1158 2656 1287 2695 vero
1330 2641 1385 2695 in
1431 2642 1719 2709 superficie
1758 2651 2040 2711 apparent,

465 2739 521 2785 et
551 2738 679 2785 sunt
705 2731 1087 2784 membranosa
1116 2739 1171 2785 et
1202 2740 1561 2799 supernatant
1582 2731 1824 2795 bellaria,
1851 2732 2042 2803 lagana

467 2820 766 2889 appellaret
790 2834 801 2868 ε
826 2826 884 2872 ct
908 2836 1001 2876 vas
1026 2821 1133 2875 tale
1178 2819 1231 2874 in
1266 2836 1377 2891 quo
1423 2835 1602 2876 massa
1643 2821 1860 2877 humida
1895 2838 2045 2878 exas-

467 2917 621 2961 satur
661 2915 826 2975 atque
872 2907 1210 2969 exsiccatnr,
1249 2909 1579 2979 sartagiuem
1608 2910 1833 2980 jusserit
1865 2914 2043 2965 nomi-

466 3000 621 3066 nari;
662 2997 869 3052 humidi
896 3012 1024 3053 vero
1054 3006 1254 3052 tantam
1286 3002 1641 3069 quantitatem
1681 3003 1734 3055 in
1773 3003 1853 3058 vel
1886 3005 2039 3058 nebel

2141 1822 2249 1875 τῶν
2278 1822 2534 1874 τοιούτων
2575 1823 2847 1892 μέμνηται
2876 1822 3155 1892 ὀνομάτων
3186 1824 3245 1875 ὲν
3278 1826 3396 1885 ταῖς
3428 1828 3718 1892 μυστικαῖς

2146 1911 2492 1983 ἱερουργίαις,
2518 1910 2854 1981 ιιί.›μ6ολι>ιῶ‹⁵
2877 1912 2970 1963 καὶ
2994 1911 3059 1962 δι’
3084 1912 3402 1979 αίνίγματος
3423 1912 3717 1982 ψυχωφελῆ

2142 2016 2263 2053 τινα
2294 2000 2538 2070 δόγματα
2570 2001 2965 2070 ὑφηγούμενος.
2994 2001 3103 2054 Καὶ
3135 2001 3308 2072 μέτρα
3351 2002 3471 2054 τινὰ
3504 2019 3721 2054 κατονο-

2148 2092 2307 2160 μάζει
2348 2091 2489 2143 κατὰ
2515 2092 2613 2162 τὴν
2649 2093 2767 2144 τότε
2817 2091 3123 2162 συνήθειαν,
3167 2093 3262 2163 ὖιρι
3300 2110 3352 2145 τι
3396 2093 3591 2161 λέγων,
3629 2098 3719 2149 καὶ

2144 2182 2317 2244 νέδελ,
2344 2185 2439 2235 καὶ
2470 2184 2542 2245 ἲν,
2576 2185 2667 2236 καὶ
2700 2184 2865 2235 πολλὰ
2892 2182 3135 2238 τοιαῦτα.
3173 2181 3317 2256 Ἀρά
3358 2189 3589 2257 ποιήσας
3621 2192 3720 2252 τάς

2145 2272 2510 2342 προσηγορίας
2532 2277 2731 2336 ταύτας
2762 2275 2853 2325 καὶ
2872 2274 3182 2343 ὀνομασίας,
3210 2277 3243 2347 ἢ
3268 2276 3364 2347 τὴν
3386 2278 3559 2349 ἀρχὴν
3580 2280 3721 2332 obus

2144 2364 2529 2435 διαταξάμενος
2580 2367 2823 2435 γίνεσθαι
2860 2368 2954 2419 καὶ
2999 2367 3287 2435 λέγεσθαι,
3328 2371 3467 2424 ὥστε
3510 2374 3571 2425 τὸ
3621 2377 3719 2443 μὲν

2144 2455 2381 2509 τοιοῦτον
2412 2457 2631 2526 σπέρμα
2661 2460 2808 2511 σῖτον
2833 2462 3026 2512 εἰπεῖν·
3051 2461 3241 2514 τούτου
3276 2463 3332 2514 δὲ
3372 2465 3470 2536 τὴν
3484 2466 3720 2534 ἐντεριώ-

2145 2562 2243 2616 νην
2270 2546 2528 2615 ὀνομάσαι
2571 2548 2867 2618 σεμίδαλιν·
2898 2553 2991 2603 καὶ
3026 2551 3094 2604 τά
3133 2554 3422 2606 ἐπιπόλαια
3462 2559 3554 2609 καὶ
3583 2558 3717 2626 ὑμε-

2145 2634 2284 2703 νώδη
2314 2637 2405 2688 καὶ
2430 2636 2783 2706 διηπ).ωμένα
2808 2638 2917 2690 τῶν
2941 2642 3266 2710 πεμμάτων,
3300 2642 3508 2711 λάγανα
3547 2661 3719 2713 προσ-

2146 2728 2321 2779 ειπεῖν
2348 2730 2363 2746 ⁸
2390 2726 2485 2778 καὶ
2508 2725 2568 2779 τὸ
2588 2728 2787 2783 τοιόνδε
2816 2729 3008 2793 σκεῦος
3040 2734 3097 2783 ἐν
3202 2734 3266 2783 τὸ
3299 2734 3464 2803 ὑγρὸν
3497 2734 3590 2788 τοῦ
3621 2754 3720 2804 φυ-

2149 2817 2390 2887 ράματος
2421 2816 2714 2898 ἐξοπτᾶται
2748 2822 2839 2874 καὶ
2867 2821 3241 2893 ὲξικμάζεται,
3271 2827 3505 2894 τήγανον
3533 2829 3722 2898 ὀνομα-

2146 2909 2334 2980 σθῆναι
2361 2910 2678 2981 προστάξαι·
2701 2894 2795 2965 τοῦ
2815 2931 2872 2965 τε
2892 2914 3059 2983 ὑγροῦ
3084 2916 3184 2986 τὴν
3203 2918 3424 2986 τοσήνδε
3446 2894 3720 2989 ποσότητα

2144 3001 2222 3070 τῷ
2256 3001 2350 3054 τοῦ
2420 3002 2473 3054 ἲν
2522 3003 2555 3074 ἢ
2601 3002 2756 3057 νέὄελ
2798 3005 3020 3075 ὀνόματι
3062 3007 3417 3077 διατορεύειν,
3464 3013 3559 3063 καὶ
3596 3013 3721 3074 τοὺς

467 3091 690 3144 nomine
724 3090 1017 3159 appellare,
1053 3097 1107 3143 et
1137 3088 1345 3145 fructus
1381 3091 1647 3146 aridiures
1680 3094 1856 3147 metiri
1886 3110 2036 3148 meu-

2146 3068 2469 3163 ξηροτέρους
2495 3068 2739 3165 καρποὺς
2768 3068 3173 3167 διαμετρεῖσθαι
3195 3068 3273 3170 τῷ
3301 3068 3512 3173 γόμορ;
3551 3068 3721 3158 Φλυαζ

466 3196 597 3236 sura
631 3181 776 3236 dicta
817 3182 1048 3251 gomor?
1093 3179 1259 3251 Nugas
1297 3192 1344 3236 et
1389 3184 1600 3236 vanitas
1641 3183 1886 3249 Iudaica,
1924 3203 2041 3255 qua:

464 3271 795 3342 permultum
821 3287 851 3326 a
893 3272 1334 3327 Christianorum
1370 3274 1589 3329 sublimi
1624 3285 1818 3330 natura
1857 3288 1910 3331 et
1942 3294 2038 3332 ex-

464 3362 716 3416 cellentia
762 3362 986 3429 excidit,
1031 3363 1288 3415 nimirum
1335 3371 1528 3431 putare
1573 3378 1828 3434 magnum
1861 3376 1915 3419 et
1950 3384 2041 3419 ex-

464 3451 862 3518 celsissimum,
927 3460 983 3505 et
1047 3468 1210 3520 supra
1263 3466 1425 3505 mune
1489 3466 1685 3506 nomen
1753 3463 1808 3507 et
1870 3457 2037 3510 animi

463 3546 849 3613 cogitationem
896 3544 1090 3608 Deum,
1138 3548 1232 3613 qui
1277 3546 1391 3598 sida
1428 3544 1725 3599 voluntatis
1776 3555 2040 3615 potestate

465 3636 782 3689 universum
834 3643 1006 3700 creat,
1052 3644 1106 3688 et
1147 3636 1215 3689 ad
1257 3637 1660 3706 generationem
1704 3640 1945 3704 adducit,
1984 3650 2039 3695 et

465 3725 523 3781 in
567 3740 665 3780 sua
713 3735 911 3779 natura
954 3729 1132 3796 ipsum
1163 3736 1473 3793 conservat,
1506 3738 1566 3782 ut
1596 3730 1830 3800 aliquem
1860 3748 2039 3802 gram-

463 3816 763 3879 matistam,
816 3815 869 3869 id
918 3828 1004 3871 est
1044 3817 1155 3871 ludi
1203 3818 1456 3873 litterarii
1497 3821 1837 3890 magistrum,
1890 3823 2038 3892 ejus-

464 3907 613 3960 modi
672 3909 952 3963 nominum
1023 3910 1326 3979 positiones
1396 3911 1634 3966 inaniter
1696 3924 2034 3982 operantem,

463 3997 673 4052 sederc.
718 3995 825 4052 Sed
863 3999 1322 4067 quemadmodum
1366 4002 1547 4056 surdis
1582 4002 1754 4073 signis
1785 4014 1838 4058 et
1869 4006 2036 4074 gesti-

461 4088 564 4142 bus
596 4088 725 4157 quid
768 4103 928 4158 agere
972 4090 1225 4153 debeant,
1260 4091 1589 4156 indicamus,
1631 4110 1737 4148 non
1768 4097 1898 4164 quia
1935 4097 2033 4166 ipsi

459 4192 649 4233 vocent
686 4194 792 4234 nou
825 4181 1145 4249 habeamus,
1178 4198 1300 4237 cum
1350 4185 1453 4237 hoc
1494 4183 1745 4248 facimus,
1780 4187 1875 4241 sed
1905 4188 2034 4258 quia

460 4272 685 4325 omnino
728 4272 802 4326 sit
842 4272 1048 4327 inutilis
1087 4288 1195 4327 non
1230 4273 1579 4329 audientibus
1604 4292 1724 4346 qua:
1766 4276 1825 4331 fit
1856 4279 2036 4335 verbis

2149 3184 2236 3252 ρία
2259 3184 2429 3237 ταῦτα
2456 3186 2548 3237 καὶ
2577 3187 2873 3258 ματαιότης
2914 3189 3174 3261 ἰουδαῖκὴ
3208 3192 3464 3262 πάμπολυ
3485 3195 3587 3264 τῆς
3612 3198 3721 3249 τῶν

2142 3276 2481 3344 Χριστιανῶν
2506 3277 2874 3346 μεγαλοερυῖας
2891 3282 3292 3346 ὲκπεπτωκυῖα,
3318 3286 3379 3337 τὸ
3403 3288 3610 3341 οἴεσθαι
3631 3290 3720 3341 τὸν

2145 3366 2338 3432 μέγαν,
2369 3366 2459 3418 καὶ
2483 3365 2724 3435 ὕψιστον,
2752 3370 2843 3421 καὶ
2862 3371 3000 3441 ὑπὲρ
3018 3375 3125 3426 πᾶν
3144 3374 3312 3445 ὄνομά
3330 3395 3388 3429 τε
3418 3380 3508 3431 καὶ
3538 3381 3713 3451 νόημα

2140 3456 2292 3521 Θεὸν,
2329 3458 2419 3509 τὸν
2457 3458 2589 3529 μόνῃ
2632 3464 2698 3531 τῇ
2744 3461 2836 3514 τοῦ
2870 3463 3209 3534 βουλήματος
3254 3470 3483 3539 δυνάμει
3511 3472 3571 3525 τὸ
3610 3478 3717 3527 πᾶν

2139 3543 2529 3615 διακρατοῦντα
2560 3549 2653 3601 καὶ
2677 3552 2752 3613 είς
2792 3552 3007 3617 γένεσιν
3030 3555 3250 3622 ἄγοντα,
3278 3559 3371 3611 καὶ
3395 3562 3450 3612 ἐν
3477 3561 3553 3631 τῷ
3578 3559 3715 3617 εἶναι

2138 3633 2517 3705 διατηροῦντα,
2564 3638 2752 3694 τοῦτον
2791 3641 2865 3705 ὥς
2880 3661 3003 3696 τινα
3037 3650 3457 3721 γραμματιστὴν
3479 3655 3578 3717 τὰς
3605 3673 3715 3708 τοι-

2141 3724 2267 3778 άσδε
2310 3727 2418 3780 τῶν
2473 3731 2750 3800 ὀνομάτων
2809 3734 2985 3799 θέσεις
3020 3737 3538 3812 διαλεπτουργοῦντα
3584 3749 3714 3800 καθ-

2139 3817 2321 3887 ῆσθαι.
2385 3821 2520 3875 Ἀλλ’
2550 3824 2737 3897 ὥσπερ
2777 3830 2885 3891 τοῖς
2929 3834 3129 3898 κωφοῖς
3166 3833 3713 3907 διασχηματιζόμενοι

2139 3908 2231 3959 καὶ
2261 3913 2701 3982 χειρονομοῦντες
2720 3917 2779 3968 τὸ
2808 3919 3077 3987 πρακτέον
3104 3923 3571 3993 ὑποσημαίνομεν,
3595 3930 3714 3996 οὐχὶ

2137 3999 2214 4069 τῷ
2243 4001 2316 4072 μὴ
2345 4002 2488 4073 ἔχειν
2518 4006 2654 4059 ἰδίαν
2692 4009 2845 4062 αὐτοὶ
2871 4014 3075 4081 φωνὴν,
3107 4015 3232 4066 ὅταν
3267 4016 3423 4068 τοῦτο
3449 4019 3709 4088 ποιῶμεν,

2138 4094 2274 4147 ἀλλὰ
2290 4096 2365 4165 τῷ
2388 4099 2734 4154 παντάπασιν
2752 4103 3024 4174 ἄχρηστον
3045 4104 3183 4160 εἶναι
3205 4116 3314 4171 τοῖς
3334 4113 3433 4165 οὐκ
3456 4115 3709 4167 ἀκούουσι

2136 4186 2234 4256 τὴν
2263 4187 2350 4241 διὰ
2379 4189 2486 4242 τῶν
2521 4192 2783 4262 ῥημάτων
2817 4197 3109 4268 ύφήγησιψ
3156 4201 3298 4255 οὕτω
3342 4206 3435 4257 καὶ
3479 4208 3577 4277 τῆς
3617 4209 3705 4260 dv-

2136 4274 2416 4349 θρωπίνης
2442 4282 2656 4348 φύσεως
2679 4289 3029 4358 κωφευούσης
3055 4293 3252 4361 τρόπον
3284 4299 3407 4349 τινὰ
3444 4274 3544 4352 καὶ*
3564 4301 3708 4356 οὐδὲν

459 4364 737 4417 enarratio
773 4382 785 4417 :
819 4365 900 4418 sic
944 4372 1138 4418 natura
1187 4365 1425 4420 humana
1476 4382 1600 4421 cum
1648 4369 1719 4422 sit
1765 4370 2035 4437 quodam-

2139 4369 2245 4421 τῶν
2273 4371 2492 4440 ὑψηλῶν
2534 4375 2832 4448 ὲπαῖούσης
2854 4422 2868 4446 ,
2904 4382 3001 4452 τὴν
3028 4384 3119 4436 τοῦ
3163 4386 3299 4439 Θεοῦ
3336 4390 3497 4461 χάριν
3535 4396 3707 4465 φαμὲν

462 4455 624 4509 modo
661 4455 827 4509 surda
871 4464 925 4509 et
966 4456 1097 4509 nihil
1146 4457 1423 4511 excelsum
1458 4467 1511 4513 et
1552 4459 1783 4514 Sublime
1824 4461 2031 4523 audiat,

462 4547 556 4601 Dei
599 4547 828 4616 gratiam
864 4545 1111 4602 dicitnus’
1133 4547 1485 4602 multifariam
1518 4549 1816 4619 tuultisquc
1858 4550 2034 4604 modis

462 4639 515 4690 iu
583 4639 863 4709 prephetis
917 4640 1227 4708 loquentem
1249 4639 1317 4703 ⁸⁸,
1355 4654 1456 4709 pro
1520 4648 1681 4710 captu
1737 4649 1930 4695 nostro
1979 4648 2034 4696 et

460 4730 761 4783 secundum
808 4730 859 4783 id
908 4730 1053 4799 quod
1086 4731 1245 4785 nobis
1292 4741 1376 4785 est
1413 4740 1736 4786 consuetum
1782 4738 1833 4786 et
1877 4732 2033 4786 fami-

461 4819 595 4872 liare
639 4828 951 4874 sanctorum
1003 4820 1387 4891 prophetarum
1438 4821 1650 4891 linguas
1679 4822 2029 4877 conforman-

460 4919 591 4971 tem,
626 4922 725 4977 per
753 4909 866 4962 lucc
900 4926 1000 4965 nos
1039 4911 1107 4965 ad
1137 4912 1449 4966 sublimium
1483 4915 1849 4985 cognitionem
1884 4918 2032 4972 velut

458 5012 624 5052 manu
670 4997 893 5062 ducere,
947 5016 1052 5054 non
1100 5017 1232 5055 vero
1283 5003 1585 5059 secundum
1623 5020 1777 5060 suam
1822 5010 2032 5080 magni-

456 5092 705 5146 tudinem
755 5099 809 5147 et
857 5093 1245 5150 sublimitatem
1279 5096 1583 5153 doctrinam
1631 5098 1853 5155 facere:
1894 5115 2030 5169 quo-

455 5186 617 5242 modo
638 5201 783 5241 enim
818 5185 872 5240 in
912 5185 1109 5255 exiguo
1132 5189 1277 5255 quod
1318 5204 1569 5259 magnum
1597 5202 1679 5245 est
1709 5191 2032 5261 caperetur?

454 5277 546 5333 sed
597 5278 727 5349 quia
786 5278 852 5332 ad
911 5278 1231 5349 parvitatem
1280 5288 1523 5333 nostram
1590 5298 1649 5337 se
1705 5284 1788 5336 vis
1846 5283 2028 5337 divina

452 5370 708 5425 demittit.
749 5368 813 5423 Et
857 5369 1313 5440 quemadmodum
1362 5372 1643 5424 motricem
1695 5372 1913 5426 animali
1949 5374 2022 5425 fa-

452 5462 709 5518 cultatem
764 5462 906 5519 Deus
945 5478 1068 5517 cum
1122 5461 1292 5526 dedit,
1335 5477 1441 5516 non
1492 5464 1727 5534 amplius
1775 5464 2020 5534 singulos

527 5637 571 5670 ⁸ο
596 5637 713 5693 Act.
760 5654 819 5705 tt,
847 5642 898 5697 8.
976 5646 1016 5678 ³⁷
1050 5645 1223 5705 Levit.
1255 5665 1312 5715 tt,
1357 5649 1391 5705 5
1418 5664 1538 5723 sqq.
1616 5652 1661 5685 ³⁸
1695 5649 1857 5709 Hebr.
1889 5667 1927 5723 ι,
1968 5652 2013 5708 1.

2138 4464 2460 4536 πολυμερῶς
2485 4469 2577 4520 καὶ
2609 4469 2955 4543 πολυτρόπως
2978 4477 3034 4529 ὲν
3058 4480 3169 4542 τοῖς
3198 4484 3504 4551 προφήταις
3524 4464 3706 4540 λαλοῦ-

2137 4571 2257 4617 σαν,
2285 4556 2423 4609 κατὰ
2451 4560 2511 4611 τὸ
2535 4561 2664 4630 ἡμῖν
2691 4565 3015 4621 εὐσύνοπτόν
3037 4587 3095 4622 τε
3124 4573 3218 4623 καὶ
3237 4573 3465 4643 σύνηθες
3485 4580 3584 4642 τὰς
3605 4580 3708 4631 τῶν

2137 4646 2304 4715 ἁγίων
2332 4651 2622 4720 προφητῶν
2648 4654 3172 4736 διασχηματίζουσαν
3194 4664 3463 4730 γλώσσας,
3490 4669 3575 4721 διὰ
3598 4672 3707 4723 τού-

2134 4755 2241 4791 των
2273 4740 2418 4809 ἡμᾶς
2448 4744 2528 4807 εἰς
2548 4744 2643 4817 τὴν
2667 4746 2774 4800 τῶν
2808 4750 3027 4820 ὑψηλῶν
3051 4761 3412 4825 χειραγωγεῖν
3443 4765 3705 4831 κατανόη-

2136 4845 2242 4925 σιν,
2277 4832 2338 4883 ού
2374 4836 2513 4888 κατὰ
2547 4836 2645 4906 τὴν
2670 4839 2805 4892 ἰδίαν
2845 4844 3214 4914 μεγαλοφυῖαν
3250 4852 3583 4923 ποιουμένην
3612 4856 3705 4925 τὴν

2129 4916 2496 4977 διδασκαλίαν.
2539 4925 2661 4989 Πῶς
2696 4928 2801 4999 γὰρ
2831 4930 2896 4984 ἂν
2921 4934 2977 4985 ἐν
3006 4933 3085 5003 τῷ
3124 4936 3305 5008 μικρῷ
3336 4916 3612 5013 χωρηθείη
3646 4916 3702 4997 τὸ

2134 5014 2312 5082 μέγας
2361 5015 2520 5069 Ἀλλὰ
2545 5022 2609 5089 τῇ
2642 5020 2937 5093 βραχύτητι
2960 5026 3056 5095 τῆς
3081 5029 3354 5100 ἡμετέρας
3385 5037 3703 5102 συγκατιοῦ-

2132 5119 2228 5157 σαν
2273 5105 2574 5176 δυνάμεως.
2631 5113 2738 5164 Καὶ
2780 5112 2968 5183 ὥσπερ
3009 5118 3107 5189 τὴν
3146 5123 3434 5194 κινητικὴν
3465 5126 3544 5196 τῷ
3581 5130 3701 5197 ζὼῳ

2129 5196 2357 5267 δύναμιν
2378 5199 2500 5262 δοὺς
2528 5203 2555 5255 ὁ
2598 5203 2748 5267 Θεὸς,
2780 5206 2959 5259 οὐκέτι
3001 5208 3323 5282 δημιουργεῖ
3345 5218 3437 5269 καὶ
3475 5220 3544 5271 τά
3580 5196 3697 5272 καθ’

2130 5286 2358 5343 ἑκαστον
2406 5291 2741 5363 διαϐήματω
2788 5296 2935 5362 ἅπαξ
2974 5301 3083 5371 γάρ
3120 5302 3218 5374 τὴν
3250 5305 3425 5376 ἀρχὴν
3464 5308 3699 5364 λαϐοῦσα

2134 5380 2283 5450 παρὰ
2306 5381 2399 5433 τοῦ
2434 5386 2794 5456 πεποιηκότος
2831 5392 2863 5459 ή
2907 5391 3066 5457 φύσις
3111 5394 3309 5466 ἑαυτὴν
3343 5401 3485 5449 κινεῖ
3511 5416 3567 5451 τε
3610 5404 3699 5453 καὶ

2128 5470 2390 5543 διεξάγει,
2440 5477 2573 5548 πρὸς
2605 5478 2666 5531 τὸ
2703 5481 2915 5553 ἑκάστῳ
2956 5500 3013 5536 τε
3050 5484 3238 5539 δοκοῦν
3273 5489 3569 5559 ὲνεργοῦςα
3607 5494 3696 5562 την
