4056 6146
379 277 488 333 993

1472 270 1752 329 CONTRA
1808 271 2176 332 EUNOMIUM
2202 316 2216 340 ,
2257 273 2384 330 LIB.
2430 270 2536 327 XII.

3521 264 3628 322 9M

379 393 595 460 κίνησιν
619 386 793 458 (πλὴν
815 384 965 458 παρὰ
993 386 1199 456 Κυρίου
1223 385 1524 456 λέγεταιτά
1549 388 1858 460 ῑιαὸήματα
1884 390 1962 461 τῷ

2088 408 2288 473 gressus
2323 392 2506 450 edicit.
2549 385 2720 448 semel
2762 385 2908 442 enim
2955 383 3283 455 principium
3313 380 3383 437 ab
3429 395 3495 436 eo
3537 383 3632 452 qui

380 480 536 551 ἀνδρὶ
564 475 986 532 κατευθύνεσθαι
1005 479 1020 547 )
1037 517 1054 543 ,
1082 477 1256 541 οὑτως
1289 482 1383 532 καὶ
1406 480 1466 533 τὸ
1493 479 1753 533 δύνασθαι
1775 480 1958 535 λαλεῖν

383 587 439 621 τε
498 569 591 621 καὶ
622 565 950 636 φθέγγεσθαι
982 565 1077 617 καὶ
1104 565 1164 618 τὸ
1185 565 1273 618 διὰ
1314 567 1494 635 φωνῆς
1528 564 1869 634 ἐξαγγέλλειν
1901 564 1961 620 τὺ

383 658 630 728 βούλημα
660 657 808 725 παρὰ
834 655 929 708 τοῦ
969 655 1103 708 Θεοῦ
1138 655 1395 720 λαϐοῦσα,
1430 656 1533 726 ὁδῷ
1558 657 1847 727 πορεύεται
1870 657 1957 710 διὰ

382 745 492 797 τῶν
535 745 936 816 πραγμάτωνὴ
980 743 1141 811 φύσις
1176 745 1376 815 σημεῖά
1403 762 1523 797 τινα
1562 748 1675 808 τοῖς
1712 739 1832 798 οὖσι
1876 745 1962 798 διὰ

383 837 483 908 τῆς
515 839 673 900 ποιᾶς
710 835 818 889 τῶν
856 834 1106 904 φθόγγων
1136 834 1397 906 διαφορᾶς
1429 834 1813 890 ἐπιϐάλλουσαι.
1854 835 1964 888 Ka‘t

385 927 558 983 ταῦτά
590 931 705 982 ἐστι
736 927 803 980 τά
836 929 965 998 παρ’
1000 925 1155 997 ἡμῶν
1193 925 1460 998 λεγόμενα
1504 927 1724 999 ῥήματά
1765 943 1823 980 τε
1869 928 1964 980 καὶ¹

384 1022 624 1091 ὀνόματα
651 1015 731 1084 οἷς
757 1020 856 1090 τὴν
888 1019 1118 1088 δύναμιν
1145 1015 1254 1070 τῶν
1295 1019 1633 1088 πραγμάτων
1676 1017 1965 1088 διασημαί-

386 1129 568 1182 νομεν.
599 1113 715 1164 Κᾶν
737 1110 963 1178 λέγηται
991 1107 1140 1178 παρά
1168 1105 1261 1159 τοῦ
1293 1106 1569 1170 Μωῦσέως
1595 1106 1701 1178 πρὸ
1729 1107 1829 1176 τῆς
1856 1105 1966 1159 τῶν

387 1202 615 1273 καρπῶν
647 1201 909 1270 γενέσεως
936 1201 964 1252 ὁ
990 1198 1219 1270 καρπὸς,
1245 1199 1342 1253 καὶ
1373 1198 1478 1269 πρὸ
1496 1197 1605 1252 τῶν
1629 1198 1966 1269 σπερμάτων

388 1295 456 1347 τὰ
502 1295 809 1364 σπέρματα.
851 1292 949 1344 οῦκ
975 1290 1183 1359 tumst
1215 1291 1304 1342 τὸν
1331 1291 1598 1362 ἡμέτερον
1631 1289 1809 1357 λόγον,
1844 1288 1966 1342 οὐδὲ

391 1389 627 1458 μάχεται
659 1389 768 1448 τοῖς
791 1384 1040 1456 περὶτῆς
1071 1382 1310 1446 ἐπινοίας
1351 1381 1659 1452 εἰρημένοις
1689 1383 1722 1450 ή
1756 1379 1849 1433 τοῦ
1881 1397 1968 1432 νο-

392 1480 621 1550 μοθέτου
663 1478 884 1531 διάνοια.
937 1476 1002 1526 '0
1048 1475 1157 1545 γὰρ
1201 1475 1360 1544 ἡμεῖς
1412 1473 1583 1543 πέρας
1633 1470 1970 1542 ὀνομάζομεν

390 1572 490 1641 τῆς
532 1568 904 1642 παρελθούσης
930 1566 1200 1636 γεωργίας
1229 1564 1440 1637 καρπὸν
1485 1564 1732 1632 λέγοντες
1753 1603 1769 1628 ,
1797 1562 1969 1634 ἀρχὴν

388 1661 447 1714 δὲ
477 1661 573 1730 τῆς
605 1657 899 1728 μελλούσης
930 1655 1149 1728 σπέρμα
1189 1652 1701 1725 προσαγορεύοντες,
1730 1652 1888 1705 τοῦτο
1912 1653 1972 1704 τὺ

2060 483 2188 540 fecit
2227 471 2419 553 adepta
2467 488 2664 536 natura
2701 477 2937 546 seipsam
2968 481 3147 528 movet
3183 483 3236 528 et
3285 472 3526 536 deducit,
3563 471 3635 526 ad

2059 553 2426 648 quddcnnqne
2457 573 2671 630 libitum
2703 579 2787 626 est
2813 577 3020 624 motum
3063 565 3304 622 ediciens
3337 564 3464 635 (nisi
3495 562 3634 617 forte

2061 680 2282 736 gressus
2336 660 2574 716 hominis
2621 673 2652 713 a
2709 657 2939 713 Domino
2994 654 3153 725 dirigi
3202 651 3500 723 dicantur).
3553 651 3633 705 sic

2063 757 2210 824 loqui
2255 770 2438 826 posse.
2488 760 2543 806 et
2579 764 2744 808 sonos
2792 749 2952 805 edere
2999 761 3064 800 ac
3096 761 3191 815 per
3220 758 3406 798 vocem
3437 742 3637 796 volun-

2063 859 2228 905 tatem
2269 844 2559 901 enuntiare
2607 856 2637 894 a
2697 840 2805 894 Deo
2847 853 2970 892 cum
3019 837 3249 914 accepit,
3281 834 3423 888 viam
3463 833 3636 903 pergit

2065 946 2262 994 natura
2292 950 2387 1005 per
2413 946 2501 986 res
2526 931 2681 1000 signa
2711 927 2958 998 quaedam
3004 927 3168 980 rebus
3206 933 3354 978 certa
3399 921 3634 992 quadam

2065 1043 2325 1087 sonorum
2365 1024 2667 1081 diﬂerentia
2719 1023 3025 1093 imponens.
3073 1017 3136 1072 Et
3190 1018 3302 1072 lnee
3355 1022 3638 1084 suntquae

2065 1137 2096 1176 a
2143 1119 2304 1176 nobis
2354 1119 2615 1174 dicuntur
2655 1115 2824 1170 verba
2873 1120 2929 1169 et
2968 1114 3190 1167 nomina
3224 1109 3424 1180 quibus
3450 1122 3637 1162 rerum

2066 1213 2174 1268 vim
2223 1209 2615 1282 signiﬁcamus.
2659 1207 2724 1262 Et
2760 1207 2887 1262 licet
2934 1221 2965 1259 a
3005 1206 3150 1260 Mose
3197 1212 3323 1258 ante
3365 1201 3638 1256 fructuum

2070 1303 2481 1373 generationem
2539 1300 2744 1356 dicitur
2787 1297 3022 1361 fructus,
3079 1305 3134 1351 et
3184 1304 3309 1349 ante
3366 1293 3639 1349 seminum

2069 1400 2248 1445 ortum
2297 1389 2531 1455 semina,
2588 1404 2695 1442 non
2751 1397 2930 1443 tamen
2985 1387 3087 1440 hoc
3135 1394 3382 1439 nostrum
3444 1382 3642 1436 refellit

2070 1497 2401 1545 sermonem,
2438 1496 2612 1551 neque
2645 1481 2731 1537 his
2768 1495 2890 1550 qua:
2921 1479 3066 1534 dicta
3097 1483 3226 1533 sunt
3262 1475 3329 1530 de
3359 1488 3641 1528 commen-

2071 1576 2278 1630 tatione
2323 1582 2590 1644 repugnat
2617 1570 2946 1642 legislatoris
2979 1569 3268 1624 sententia.
3298 1563 3456 1632 Quod
3496 1564 3642 1618 enim

2075 1681 2175 1720 nos
2215 1665 2507 1719 terminum
2551 1661 2904 1733 agriculturae.
2936 1659 3224 1730 praeteritas
3268 1655 3504 1710 fructum
3539 1668 3640 1706 no-

390 1751 626 1822 πρᾶγμα
673 1749 732 1800 τὸ
772 1749 886 1810 τοῖς
925 1746 1182 1815 ὀνόμασιν
1230 1745 1604 1816 ὑποκείμενον,
1646 1745 1754 1797 εἴτε
1801 1747 1966 1805 σῖτον.

427 1842 447 1853 u
633 1839 708 1853 ur“
822 1837 847 1849 ο
932 1837 957 1853 α
989 1836 1001 1853 ι
1100 1851 1152 1853 _,
1208 1835 1263 1853 Ω.
1347 1833 1366 1853 κ
1419 1832 1444 1853 Λ
1472 1851 1490 1853 η
1523 1833 1539 1853 I
1581 1850 1617 1853 _,
1652 1851 1679 1853 __
1737 1831 1967 1853 b_§.’__-__-

2091 1759 2366 1821 ninamus,
2381 1755 2705 1826 principium
2723 1767 2851 1809 vero
2870 1752 3064 1806 futurae
3083 1764 3268 1804 semen
3283 1747 3640 1816 appellamus,

390 1842 503 1894 εἴτε
544 1857 595 1891 τι
626 1839 752 1894 ἄλλο
780 1837 889 1890 τῶν
929 1836 1016 1890 διὰ
1058 1835 1266 1905 σπορᾶς
1305 1832 1702 1904 πληθυνόντων,
1732 1831 1972 1885 διδάσκει

2088 1865 2215 1906 sane
2256 1864 2369 1904 rem
2400 1863 2521 1917 quae
2548 1846 2856 1902 nominibus
2893 1843 3207 1913 subjicitur,
3242 1841 3358 1896 sive
3399 1838 3640 1894 frumen-

394 1930 473 2002 μὴ
511 1930 831 2000 αὐτομάτως
858 1927 1128 1998 γενέσθαι,
1171 1925 1284 1980 ἀλλ’
1326 1929 1382 1979 ὲν
1429 1924 1694 1996 θελήματι
1751 1923 1845 1977 τοῦ
1879 1939 1974 1976 πε-

2088 1956 2210 2004 ιυιιι,
2243 1940 2358 1995 sive
2411 1935 2613 2008 aliquid
2644 1950 2834 1992 eorum
2880 1948 3000 2003 qua:
3032 1947 3128 2002 per
3156 1929 3422 1989 saU'onem
3458 1926 3646 1981 multi-

395 2023 687 2093 ποιηκότος
729 2021 868 2092 μετά
912 2019 1012 2090 τῆς
1071 2018 1353 2087 δυνάμεως
1397 2015 1601 2087 ταύτης
1647 2015 1970 2084 ἀναφυῆναι·

2088 2031 2369 2101 plicantur,
2417 2026 2574 2081 docet
2619 2040 2725 2080 non
2775 2038 2908 2077 casu
2955 2030 3012 2076 et
3064 2020 3291 2074 fortuito
3327 2016 3495 2087 gigni,
3545 2015 3642 2070 sed

393 2113 535 2167 ὥστε
558 2113 648 2167 τὸν
679 2111 839 2166 αὐτόν
869 2127 929 2164 τε
958 2107 1202 2180 γίνεσθαι
1229 2106 1462 2178 καρπὸν,
1493 2105 1684 2160 ἑαυτόν
1715 2121 1775 2159 τε
1818 2104 1976 2160 πάλιν

2088 2123 2198 2191 ejus
2233 2120 2325 2191 qui
2382 2117 2510 2174 fecit
2559 2115 2837 2172 voluntate
2885 2128 3007 2168 cum
3067 2111 3170 2165 hac
3211 2109 3263 2164 vi
3319 2107 3643 2179 productum

394 2207 550 2274 ἄγειν
580 2205 798 2274 σπέρμα
824 2203 1124 2272 γινόμενον,
1155 2201 1248 2254 καὶ
1267 2199 1342 2269 τῷ
1365 2197 1734 2269 περιττεύοντι
1759 2197 1977 2268 τρέφειν

2088 2229 2240 2270 esse:
2301 2213 2375 2266 ita
2421 2217 2476 2264 nt
2532 2208 2673 2264 idem
2712 2207 2928 2262 fructus
2973 2212 3252 2266 nascatur,
3298 2202 3652 2270 seipsumque
3765 2255 3774 2264 ,

395 2296 488 2348 τὸν
521 2293 826 2365 ἄνθρωπον,
856 2291 1050 2362 φύεται
1081 2292 1136 2346 δὲ
1155 2291 1296 2345 κατὰ
1321 2289 1379 2342 τὸ
1403 2288 1544 2342 θεῖον
1563 2287 1806 2358 βούλημα
1835 2289 1978 2358 πρᾶ-

398 2405 519 2458 γμα
565 2388 664 2440 οὐκ
709 2385 896 2456 ὄνομα.
952 2385 1114 2437 ’Ὥστε
1159 2382 1220 2435 τὸ
1261 2381 1360 2452 μὲν
1403 2380 1525 2433 καθ’
1571 2379 1868 2433 ὑπόστασιν
1922 2377 1980 2431 ὃν

398 2481 632 2552 πρᾶγμα
669 2477 767 2549 τῆς
797 2476 892 2530 τοῦ
931 2474 1292 2545 πεποιηκότος
1325 2473 1608 2542 δυνάμεως
1641 2470 1796 2542 ἔργον
1819 2465 1978 2531 εἶναι,

398 2571 498 2633 τὰς
521 2571 578 2624 δὲ
606 2567 970 2638 γνωριστικὰς
994 2565 1104 2619 τῶν
1147 2565 1315 2618 ὅντων
1342 2562 1547 2632 φωνὰς,
1578 2562 1643 2614 δι’
1665 2555 1738 2614 ὧν
1764 2560 1832 2614 τὰ
1862 2559 1982 2636 καθ’

399 2633 632 2716 ἕκαστον
661 2633 796 2728 πρὸς
824 2657 1026 2730 ἀκριϐῆ
1066 2673 1126 2710 τε
1158 2655 1252 2709 καί¹
1291 2654 1595 2725 ἀσύγχυτον
1636 2633 1985 2706 διδασκαλίαν

400 2751 818 2824 ὲπισημειοῦται
846 2752 874 2803 ὁ
899 2750 1055 2818 λόγος
1073 2788 1090 2814 ,
1122 2746 1299 2802 ταῦτα
1323 2746 1423 2817 τῆς
1453 2743 1677 2814 λογικῆς
1706 2741 1987 2812 δυνάμεως

403 2849 545 2918 ἔργα
576 2863 635 2899 τε
658 2846 756 2899 καὶ
781 2845 1069 2914 εὑρήματα
1091 2839 1293 2911 ἀὐτὴν
1324 2840 1378 2894 δὲ
1409 2838 1612 2909 ταύτην
1641 2837 1740 2908 τὴν
1766 2834 1987 2905 λογικὴν

402 2937 633 3011 δύναμίν
665 2955 726 2991 τε
756 2938 850 2990 καὶ
889 2935 1072 3006 φύσιν,
1099 2933 1258 3005 ἔργον
1281 2930 1436 2986 Θεοῦ.
1473 2930 1581 2984 Kal
1606 2927 1790 2998 ἐπειδὴ
1810 2927 1870 2980 τὸ
1905 2926 1990 2978 λο-

405 3028 560 3097 γικὸν
591 3029 649 3082 ἐν
673 3027 836 3080 πᾶσιν
861 3023 1167 3096 ἀνθρώποις
1186 3064 1202 3089 ,
1231 3019 1538 3090 ἀναγκαίως
1569 3017 1708 3072 κατά
1746 3016 1845 3080 τὰς
1883 3015 1991 3069 τῶν

403 3117 578 3172 ἐθνῶν
613 3115 892 3187 διαφορὰς,
923 3113 1016 3168 καὶ
1049 3113 1104 3166 ai
1134 3111 1240 3165 τῶν
1276 3110 1553 3181 ὀνομάτων
1583 3105 1837 3176 διαφοραὶ
1857 3105 1990 3159 θεω-

411 3208 653 3280 ροῦνται.
677 3205 743 3260 El
768 3206 831 3276 δή
859 3222 940 3268 τις
993 3201 1354 3275 ἀνθρωπικῶς
1382 3199 1442 3252 τὸ
1467 3198 1602 3267 φῶς,
1640 3197 1672 3268 ἢ
1702 3199 1792 3250 τὸν
1823 3197 1988 3266 οὑρα-

409 3300 524 3366 νὺν,
549 3298 583 3369 ἢ
613 3297 708 3370 τὴν
736 3298 858 3368 γῆν,
883 3297 916 3366 ἢ
943 3295 1008 3350 τὰ
1034 3294 1324 3365 σπέρματα
1351 3291 1502 3362 παρά
1528 3289 1622 3344 τοῦ
1661 3287 1796 3343 Θεοῦ
1833 3304 1992 3360 προσ-

409 3387 664 3461 ειρῆσθαι
689 3386 859 3455 λέγοι,
904 3385 1120 3461 πάντως
1147 3384 1228 3437 ὅτι
1258 3381 1398 3435 κατὰ
1430 3381 1561 3452 μίαν
1589 3379 1710 3433 τινὰ
1742 3378 1992 3448 γλώσσης

415 3457 653 3550 ἰδιότητα
700 3474 1027 3547 γεγενῆσθαι
1075 3457 1475 3526 κατασκευάσει
1520 3469 1612 3522 τδν
1658 3466 1834 3536 λόγον.
1893 3465 1990 3529 Τίς

411 3565 508 3625 οῦν
539 3568 680 3638 αῦτη
699 3609 714 3632 ,
748 3567 993 3634 δειξάτω.
1026 3565 1129 3620 Τὸν
1169 3565 1279 3635 γάρ
1310 3565 1484 3616 ἐκεῖνο
1515 3560 1869 3630 γινώσκοντα,
1901 3557 1994 3610 καὶ

411 3663 572 3718 τοῦτο
602 3662 676 3735 μὴ
704 3662 916 3730 ἀγνοεῖν
959 3658 1177 3720 πάντως
1203 3658 1303 3710 οὑκ
1333 3656 1438 3724 ἔξω
1466 3653 1558 3708 τοῦ
1595 3652 1802 3714 εἰκότος
1855 3649 1990 3703 ὲστί.

414 3755 529 3810 Καὶ
558 3755 666 3828 γὰρ
698 3755 790 3808 καὶ
815 3756 871 3808 ὲν
896 3751 972 3824 τῷ
1014 3749 1252 3823 Ἰορδάνῃ
1279 3747 1415 3819 μετὰ
1437 3747 1537 3816 τὴν
1554 3743 1648 3798 τοῦ
1681 3741 1819 3796 Πνεύ
1828 3758 1995 3828 ματος

413 3826 662 3915 δύναμιν,
699 3841 790 3898 καὶ
819 3841 980 3898 πάλιν
1024 3841 1080 3893 ὲν
1112 3839 1300 3900 ἀκοαῖς
1326 3834 1434 3888 τῶν
1485 3830 1772 3894 Ἰουδαίων,
1820 3826 1908 3880 καὶ
1939 3829 1995 3879 ὲν

415 3941 485 4008 τῇ
512 3931 962 4008 μεταμορφώσει,
1003 3930 1153 4001 φωνὴ
1181 3927 1391 3997 γίνεται
1428 3921 1634 3978 ἄνωθεν
1672 3917 1998 3972 διδάσκουσα

415 4006 545 4091 τοὺς
574 4006 912 4097 ἀνθρώπους,
943 4008 1034 4076 καδι
1064 4018 1248 4090 σχῆ
1271 4033 1320 4068 τι
1359 4014 1434 4086 μὴ
1457 4013 1516 4066 τὸ
1539 4009 1862 4080 φαινόμενον
1887 4006 1997 4060 οἶε-

421 4121 548 4176 σθαι
583 4121 760 4191 μόνον,
803 4115 940 4170 ἀλλὰ
972 4115 1064 4166 καὶ
1096 4113 1185 4166 τὸν
1227 4106 1506 4178 ἀγαπητὸν
1555 4102 1684 4156 Υἱδν
1727 4098 1821 4154 τοῦ
1862 4097 1996 4151 Θεοῦ

420 4211 699 4266 πιστεύειν
734 4205 872 4262 εἶναι
901 4206 1094 4276 ἀληθῆ.
1139 4203 1376 4271 Τοιαύτη
1410 4198 1562 4269 φωνὴ
1595 4194 1730 4268 πρὸς
1747 4194 1858 4266 -τὴν
1892 4193 1998 4245 τῶν

422 4301 728 4355 ἀκουόντων
761 4297 972 4351 σύνεσιν
1019 4296 1076 4349 ὲν
1117 4292 1194 4364 τῷ
1236 4291 1406 4362 ἀερίῳ
1449 4287 1661 4358 σώματι
1708 4282 1861 4354 παρά
1905 4279 1997 4335 τοῦ

2082 2320 2276 2360 rursus
2313 2303 2601 2374 producat,
2637 2315 2763 2356 cum
2807 2300 2864 2353 tit
2893 2313 3105 2360 semen,-
3146 2305 3198 2351 et
3227 2312 3294 2350 eo
3323 2293 3466 2364 quod
3496 2307 3652 2348 exsu-

2081 2407 2239 2468 perat
2283 2395 2560 2449 hominem
2599 2392 2742 2458 alat;
2787 2389 2974 2444 divina
3019 2394 3198 2442 autem
3239 2385 3516 2440 voluntate
3563 2397 3652 2438 res

2084 2505 2194 2544 non
2238 2501 2435 2541 nomen
2475 2483 2744 2539 nascitur.
2785 2481 2967 2547 Quare
2993 2494 3081 2535 res
3119 2476 3338 2547 quidem
3369 2490 3491 2544 qua:
3520 2473 3653 2529 sub-

2085 2590 2195 2637 stat
2235 2579 2539 2635 conditoris
2585 2591 2724 2645 opus
2769 2581 2855 2630 est
2907 2574 3147 2636 virtutis,
3184 2585 3346 2626 voces
3376 2585 3505 2625 vero
3533 2584 3657 2638 quae

2086 2689 2175 2730 res
2219 2672 2369 2742 ipsas
2413 2668 2718 2729 notiﬁcant,
2768 2681 2864 2736 per
2893 2679 3034 2736 quas
3064 2663 3282 2732 singula
3316 2662 3382 2716 ad
3409 2669 3654 2716 exactam

2086 2775 2141 2820 et
2190 2762 2534 2818 inconfusam
2568 2759 2876 2815 doctrinam
2905 2771 3085 2812 sermo
3113 2756 3380 2825 designat,
3416 2753 3498 2807 hae
3528 2760 3657 2807 sunt

2091 2857 2280 2926 logica:
2322 2852 2595 2908 facultatis
2625 2864 2790 2919 opera
2823 2857 2879 2904 et
2906 2849 3146 2903 inventa.
3178 2846 3303 2901 lhec
3327 2853 3506 2900 autem
3539 2845 3658 2912 ipsa

2089 2941 2397 3000 disserendi
2435 2951 2491 2996 et
2537 2938 2903 2996 ratiocinandi
2950 2937 3184 2992 facultas
3224 2945 3278 2990 et
3320 2943 3513 2988 natura
3562 2931 3657 2986 Dei

2091 3047 2366 3106 estopus.
2396 3034 2460 3088 Et
2496 3034 2755 3104 quoniam
2795 3030 3062 3087 omnibus
3095 3027 3410 3083 hominibus
3440 3026 3662 3079 ratioci-

2094 3127 2261 3184 nandi
2286 3127 2517 3180 l‘acnltas
2548 3125 2711 3184 inest.
2743 3121 3056 3177 necessario
3079 3118 3380 3174 secundum
3417 3117 3659 3187 gentium

2094 3222 2408 3285 varietates,
2441 3217 2608 3273 etiam
2654 3215 2934 3270 nominum
2972 3210 3290 3265 dill‘erentiae
3324 3216 3660 3277 spectantur.

2093 3314 2251 3379 Quod
2297 3313 2344 3368 si
2393 3310 2516 3381 quis
2559 3306 2880 3363 humanitus
2932 3304 3131 3362 lucem,
3184 3301 3264 3355 vel
3327 3299 3550 3364 malum,
3580 3295 3676 3351 vel"

2091 3416 2322 3464 terram.
2352 3403 2436 3457 vel
2469 3401 2679 3457 semina
2719 3412 2750 3451 a
2783 3395 2894 3450 Deo
2928 3392 3200 3464 appellata
3233 3389 3406 3446 fuisse
3429 3395 3663 3449 asserat,

2093 3498 2283 3571 procul
2313 3495 2483 3551 dubio
2515 3489 2824 3548 secundum
2846 3502 3010 3541 unam
3051 3484 3288 3552 aliquam
3317 3482 3512 3550 lingua:
3541 3494 3668 3548 pro-

2095 3592 2381 3662 primatem
2407 3587 2613 3640 factum
2649 3595 2776 3638 esse
2803 3591 3111 3636 sermnem
3145 3579 3373 3628 astruet.
3401 3571 3662 3638 Quaenam

2096 3684 2262 3754 igitur
2302 3681 2440 3744 haec,
2479 3677 2838 3732 demonstret.
2885 3669 3022 3723 Eum
3071 3669 3217 3722 enim
3261 3665 3360 3734 qui
3411 3663 3542 3718 illud
3577 3677 3672 3715 co-

2095 3752 2332 3846 gnoscit,
2378 3777 2434 3824 et
2479 3767 2584 3822 hoc
2617 3779 2726 3819 non
2753 3765 3006 3831 ignorare
3037 3759 3202 3828 plane
3235 3763 3320 3826 est
3349 3752 3666 3810 verisimile.

2097 3863 2309 3920 Etenim
2330 3861 2382 3914 in
2408 3857 2645 3914 Iordane
2676 3861 2799 3924 post
2827 3851 3068 3922 Spiritus
3114 3847 3436 3917 potentiam,
3463 3854 3516 3898 et
3545 3857 3668 3896 rur-

2097 3971 2194 4014 sus
2236 3955 2291 4009 in
2349 3951 2580 4006 auribus
2625 3945 2960 4004 Judaaorum,
3005 3949 3168 4010 atque
3219 3938 3274 3992 in
3314 3934 3672 4005 transﬁgura-

2097 4050 2247 4105 tione
2298 4060 2402 4100 vos
2453 4043 2514 4100 lit
2561 4041 2799 4108 desuper
2845 4035 3053 4090 docens
3115 4029 3362 4086 homines
3413 4043 3480 4081 ne
3526 4023 3670 4096 quod

2097 4137 2394 4206 apparebat
2418 4133 2646 4202 ﬁguram
2667 4142 2790 4182 esse
2813 4123 3120 4193 simplicem
3143 4119 3544 4183 existimarent,
3576 4115 3670 4169 sed

2096 4228 2263 4283 etiam
2288 4224 2546 4278 dilectum
2573 4218 2773 4274 Filium
2803 4215 2898 4270 Dei
2929 4227 3115 4268 verum
3144 4224 3266 4264 esse
3286 4206 3573 4262 crederent
3603 4206 3671 4260 ”.

2101 4315 2425 4388 Huiusmodi
2473 4327 2576 4366 vox
2629 4310 2696 4364 ad
2743 4304 3083 4363 audientium
3141 4295 3554 4367 intelligentiam
3617 4295 3673 4348 in

423 4391 561 4446 Θεοῦ
598 4387 905 4460 διετυπώθη
927 4384 1064 4440 κατά
1084 4385 1183 4455 τὴν
1205 4379 1607 4451 ἐπικρατοῦσαν
1635 4375 1744 4430 τῶν
1769 4374 1987 4446 ιςιθιςγγο⁴

2105 4427 2268 4467 aereo
2316 4420 2547 4475 corpore
2576 4418 2604 4455 a
2653 4401 2762 4455 Deo
2791 4397 3022 4452 formata
3053 4402 3158 4454 est,
3191 4387 3494 4445 secundum
3522 4384 3676 4439 inva-

427 4481 606 4554 μένων
661 4480 947 4550 συνήθειαν
1001 4473 1286 4546 γενομένη.
1346 4470 1502 4525 Οὕτω
1552 4466 1647 4522 τοῦ
1678 4464 1836 4529 Θεοῦ,
1893 4464 1999 4516 τοῦ

427 4571 659 4638 πάντας
684 4570 962 4635 θέλοντος
979 4565 1244 4634 σωθῆναι
1271 4562 1369 4617 καὶ
1397 4565 1482 4627 εὶς
1502 4561 1828 4630 ἐπίγνωσιν
1853 4557 2003 4622 άλλη·

427 4664 592 4729 θείας
634 4660 852 4726 ἐλθεῖν,
892 4658 1026 4728 πρὸς
1067 4657 1160 4710 τὸν
1204 4654 1404 4708 σκοπὸν
1440 4654 1537 4723 τῆς
1580 4647 1852 4720 σωτηρίας
1895 4645 2004 4697 τῶν

427 4752 735 4810 ἀκουόντων
764 4753 821 4806 ὲν
850 4749 928 4820 τῷ
950 4749 1071 4820 ἀέρι
1092 4749 1182 4801 τὸν
1209 4746 1365 4815 λόγον
1389 4741 1790 4814 ἀρθρώσαντος,
1825 4733 2004 4798 καθώς

432 4863 568 4916 φησι
606 4843 700 4897 καὶ
729 4842 864 4914 πρὸς
891 4842 1017 4903 τοὺς
1053 4837 1336 4900 Ἰουδαίους
1371 4839 1398 4890 ὁ
1430 4833 1633 4904 Κύριος
1674 4829 1798 4893 τοὺς
1826 4825 2006 4897 οἰομέ-

429 4953 555 4999 νους
586 4933 811 5005 βροντὴν
839 4931 1152 5002 γεγονέναι,
1180 4928 1268 4982 διὰ
1295 4927 1352 4980 τὸ
1381 4927 1438 4980 ὲν
1469 4924 1592 4994 ἀέρι
1631 4919 1891 4990 συστῆναι
1919 4915 2012 4970 τὸν

429 5023 586 5098 ἦχον,
616 5027 696 5079 ὅτι
734 5027 816 5078 Οὑ
844 5023 918 5078 δι’
951 5020 1054 5092 ἐμὲ
1082 5021 1119 5088 ἡ
1162 5019 1332 5090 φωνὴ
1369 5016 1519 5082 αὕτη
1550 5014 1814 5084 γέγονεν,
1854 5007 2014 5098 ἀλλὰ

431 5097 506 5173 δι’
531 5117 704 5187 ῠμιῖς-
741 5115 854 5188 Πρὸ
879 5115 934 5169 δὲ
970 5114 1066 5185 τῆς
1102 5112 1196 5167 τοῦ
1240 5108 1441 5171 παντὸς
1466 5105 1774 5165 συστάσεως
1803 5097 2011 5162 οὐδενὸς

435 5213 582 5273 (uso;
629 5207 724 5262 τοῦ
769 5206 1164 5277 ὑποδεχομένου
1218 5202 1308 5255 τὸν
1356 5201 1533 5266 λόγον,
1577 5196 1610 5268 ἢ
1655 5191 2012 5264 σωματώδους

436 5301 700 5372 στοιχείου
723 5300 865 5362 τινδς
891 5297 983 5350 τοῦ
1027 5294 1274 5349 τυπῶσαι
1303 5292 1399 5363 τὴν
1425 5288 1683 5361 ἔναρθρον
1711 5282 2008 5354 δυναμένου

437 5368 640 5462 φωνην,
687 5393 716 5444 ὁ
758 5389 930 5456 λέγων
967 5387 1173 5458 ῥήμασι
1207 5383 1304 5436 τὸν
1341 5381 1475 5434 Θεὸν
1518 5373 1853 5447 κεχρῆσθαι,
1893 5368 2010 5432 πῶς

435 5482 704 5539 ἀποδώσει
745 5481 806 5532 τὸ
831 5477 973 5540 εἰκὸς
995 5475 1071 5545 τῷ
1091 5473 1264 5542 Mm);
1299 5471 1465 5532 Λὺτδς
1489 5466 1800 5537 ἀσώματος,
1829 5463 1862 5533 ἡ
1896 5463 2008 5513 κτί-

2106 4507 2399 4562 lescentem
2458 4495 2794 4567 loquentium
2861 4483 3314 4544 consuetudinem
3368 4477 3532 4533 facta.
3587 4477 3680 4530 Sic

2105 4598 2270 4653 etiam
2312 4607 2436 4650 cum
2490 4589 2651 4644 Deus.
2717 4585 2808 4654 qui
2865 4595 3042 4634 omnes
3097 4576 3210 4630 vult
3253 4572 3430 4628 salvos
3469 4570 3587 4640 ﬁeri
3631 4579 3678 4622 et

2109 4690 2178 4744 ad
2211 4686 2529 4759 agnitione»:
2552 4677 2786 4733 veritatis
2815 4671 2987 4727 uenire
3013 4669 3082 4732 “,
3121 4667 3190 4721 ad
3227 4677 3452 4733 scopum
3485 4661 3683 4717 salutis

2109 4756 2444 4837 audientium
2481 4775 2535 4827 in
2584 4783 2710 4823 aere
2748 4777 3055 4822 sermonem
3105 4756 3683 4826 articulasset,quem-

2112 4871 2403 4929 admodum
2437 4869 2512 4920 ait
2560 4863 2624 4917 ad
2647 4860 2864 4915 Judreos
2900 4855 3164 4908 Dominus
3193 4850 3400 4904 tonitru
3448 4862 3571 4903 esse
3605 4845 3684 4900 ia-

2111 4976 2261 5022 ctum
2309 4968 2581 5033 putantes,
2612 4955 2741 5024 quia
2776 4952 2831 5005 in
2874 4963 3002 5002 aere
3036 4959 3208 5001 sonus
3251 4947 3500 5004 steterat,
3532 4939 3681 5009 quia,

2115 5058 2167 5113 Ν
2174 5074 2238 5112 an
2263 5031 2472 5125 propter
2494 5065 2575 5103 me
2605 5049 2714 5102 haec
2741 5057 2840 5099 vos:
2864 5041 3008 5112 facta
3032 5047 3132 5100 est,
3148 5036 3249 5092 sed
3271 5045 3481 5106 propter
3508 5050 3596 5086 vos
3619 5031 3684 5084 “.

2114 5123 2404 5202 Ante-vero
2429 5139 2669 5194 universi
2699 5129 3150 5189 constitutionem
3177 5142 3300 5182 eum
3325 5123 3507 5177 nullus
3539 5124 3686 5172 esset

2113 5241 2208 5312 qui
2246 5248 2552 5295 sermonem
2598 5228 2926 5299 susciperet,
2969 5225 3053 5279 vel
3099 5230 3420 5288 corporeum
3447 5214 3686 5267 elemen-

2117 5305 2233 5388 t-um
2291 5330 2436 5400 quod
2490 5332 2674 5397 posset
2729 5334 2916 5375 vocem
2955 5314 3305 5371 articulatam
3351 5305 3683 5373 exprimere,

2117 5429 2208 5499 qui
2240 5397 2371 5481 dicit
2407 5421 2573 5477 Deum
2613 5417 2796 5473 verbis
2824 5426 2984 5468 usum
3019 5406 3207 5466 fuisse,
3236 5397 3511 5470 quomodo
3537 5402 3682 5466 qucd

521 5667 540 5695 ³
595 5665 782 5719 Matth.
826 5677 909 5727 Ill,
943 5661 1046 5726 l7;
1082 5657 1248 5710 Marc.
1279 5653 1402 5720 1,9;
1457 5648 1592 5702 Luc.
1629 5661 1705 5711 Ix,
1743 5643 1794 5698 5.
1874 5639 1918 5672 “
1950 5636 1970 5692 l

2088 5633 2244 5690 notb.
2281 5647 2362 5697 In,
2400 5630 2451 5683 4.
2533 5627 2572 5658 ⁵¹
2607 5623 2762 5678 Joan.
2805 5633 2904 5680 χιι,
2946 5613 3037 5667 29.
