4056 6146
479 328 584 387 935

1746 321 1799 377 S.
1847 310 2176 377 GRECOR“
2232 302 2528 370 NYSSENI

3632 307 3729 363 996

478 440 678 497 rationi
706 444 1129 494 consentaneum
1158 441 1242 489 cst
1268 433 1507 489 sermoni
1535 448 1636 488 suo
1665 434 1899 488 reddet?
1931 434 2046 502 ipse

2164 445 2232 490 τις
2270 428 2369 479 οὐκ
2404 422 2490 497 ἦν,
2533 424 2683 479 οὐδὲν
2728 424 2851 494 περὶ
2877 422 3037 476 αὑτὸν
3070 422 3267 485 ὑλῶδες
3293 424 3320 475 ὁ
3355 420 3511 488 λόγος
3539 421 3731 473 ἐννοεῖν

480 532 836 600 incorporeus
882 536 986 592 est,
1046 531 1298 580 creatura
1344 538 1453 579 non
1514 532 1654 588 erat,
1721 525 1855 577 nihil
1908 523 2053 577 circa

479 624 655 692 ipsum
692 618 970 673 materiale
998 617 1137 670 ratio
1169 616 1434 685 permittit
1460 615 1783 685 intelligere,
1815 614 2053 667 nondum

479 714 568 781 qui
611 726 705 780 per
739 710 981 762 auditum
1019 707 1409 773 adjuvarentur
1451 707 1543 758 ulli
1591 712 1767 768 erant,
1818 704 2056 758 homini-

481 803 583 855 bus
610 809 789 853 autem
824 816 927 851 non
966 798 1381 861 cxsistcntibus,
1427 812 1603 865 neque
1628 798 1774 852 ullus
1798 798 2053 867 loquendi

482 893 678 946 modus
723 890 1024 943 secundum
1065 892 1244 958 gentis
1276 888 1509 956 alicujus
1560 890 1944 957 proprietatem
1976 887 2056 941 ef-

482 982 749 1035 formatus
789 989 907 1033 erat
966 995 1211 1049 prorsus.
1262 979 1364 1044 Qui
1425 979 1590 1047 igitur
1633 976 1700 1032 ad
1745 978 1938 1032 erilem
2002 985 2055 1033 et

481 1073 680 1127 nudam
730 1072 966 1124 litteram
1018 1078 1248 1139 spectat,
1298 1070 1501 1139 quibus
1552 1068 1858 1123 rationibus
1907 1070 2055 1123 hunc

482 1164 654 1220 fulcit.
690 1178 753 1216 ac
797 1165 841 1217 si
886 1162 1023 1217 Deus
1065 1162 1177 1215 haec
1210 1162 1374 1215 verba
1412 1169 1467 1215 et
1504 1176 1665 1216 sensa
1705 1160 2057 1231 loqueretur?

551 1253 857 1317 Quinetiam
889 1268 950 1305 ex
980 1252 1064 1304 his
1095 1265 1427 1319 cognoscere
1458 1252 1584 1305 licet
1620 1252 1917 1304 vanitatem
1970 1266 2057 1304 eo-

484 1358 603 1395 rum
664 1343 757 1410 qui
817 1342 944 1393 talia
1005 1342 1324 1409 loquuntur.
1385 1339 1850 1405 Quemadmodum
1908 1342 2053 1393 enim

483 1435 878 1486 eleuientorum
908 1440 1134 1487 naturae.
1161 1445 1281 1500 quae
1308 1440 1436 1483 sunt
1462 1445 1603 1498 opus
1630 1428 1750 1497 ejus
1779 1430 1869 1498 qui
1906 1429 2052 1494 fecit,

483 1522 739 1575 omnibus
759 1523 946 1574 eodem
974 1522 1139 1574 modo
1164 1528 1448 1590 apparent,
1476 1522 1734 1590 nullaque
1755 1521 2053 1575 secundum

485 1630 706 1668 sensum
769 1613 1082 1667 hominibus
1141 1620 1225 1667 est
1274 1611 1581 1667 diﬂ‘erentia
1633 1614 1687 1666 in
1750 1613 1911 1683 ignis,
1972 1613 2054 1666 vel

486 1706 651 1765 aeris,
689 1705 768 1758 vel
799 1720 951 1772 aqua:
995 1704 1431 1773 participatione,
1468 1704 1563 1759 sed
1603 1718 1708 1757 una
1753 1713 1837 1758 est
1870 1714 1923 1759 et
1957 1705 2057 1757 im-

2152 520 2385 585 δίδωσιν,
2413 520 2461 571 οἱ
2488 517 2857 587 ὠφεληθέντες
2882 513 2946 567 ἂν
2972 515 3058 567 διὰ
3079 516 3177 584 τῆς
3208 514 3395 581 ἀκοῆς,
3422 511 3574 564 οὖπω
3614 528 3721 563 συν-

2153 611 2408 680 έστησαν,
2440 609 2740 678 ἀνθρώπων
2767 607 2821 658 δὲ
2851 606 2927 677 μὴ
2951 608 3137 667 ὄντων,
3158 604 3277 656 οὐδὲ
3307 603 3588 657 διαλέκτου
3614 605 3730 673 190'-

2154 720 2252 765 πος
2292 703 2432 754 κατά
2462 718 2581 753 τινα
2608 700 2773 753 έθνων
2812 699 3045 768 ἰδιότητα
3074 696 3351 749 τετύπωτο
3388 696 3626 757 πάντως.
3679 696 3732 746 'U

2152 794 2328 847 τοίνυν
2357 793 2491 863 πρὸς
2529 792 2589 844 τὸ
2626 791 2858 862 γράμμα
2880 790 3031 859 ψιλὸν
3066 789 3298 858 βλέπων,
3325 787 3432 838 τίσι
3460 785 3732 854 λογισμοξ

2152 889 2219 957 τῇ
2256 885 2479 954 τοιαύτῃ
2515 884 2722 954 διανοίᾳ
2763 882 3091 953 παρίσταται
3136 880 3211 941 ὡς
3248 877 3341 931 τοῦ
3384 877 3518 930 Θεοῦ
3563 876 3731 931 ταῦτα

2155 976 2527 1047 φθεγγομένου
2555 974 2625 1028 τά
2658 975 2877 1046 ῥήματά
2904 991 2962 1026 τε
2999 973 3092 1026 καὶ
3119 972 3185 1024 τὰ
3212 973 3492 1042 νοήματα;

2226 1239 2419 1293 Καίτοι
2468 1239 2562 1292 καὶ
2607 1236 2697 1291 διὰ
2738 1236 2943 1290 τούτων
2991 1236 3141 1306 γνοίη
3188 1253 3272 1298 τις
3318 1235 3381 1289 ἂν
3416 1235 3475 1287 τὸ
3510 1234 3732 1306 μάταιον

2159 1330 2266 1383 τῶν
2293 1330 2361 1383 τά
2404 1330 2626 1381 τοιαῦτα
2657 1328 2941 1396 λεγόντων.
2976 1328 3186 1396 Ὥσπερ
3214 1325 3321 1397 γάρ
3360 1327 3415 1378 αἱ
3439 1325 3549 1378 τῶν
3599 1343 3733 1378 στοι-

2157 1420 2319 1490 χείων
2368 1419 2557 1487 φύσεις
2600 1418 2759 1488 ἔργον
2797 1413 2950 1470 οὖσαι
3002 1415 3097 1468 τοῦ
3148 1416 3535 1485 πεποιηκότος,
3574 1416 3735 1467 πᾶσιν

2158 1509 2418 1572 ὡσαύτως
2451 1509 2754 1577 φαίνονται,
2793 1509 2887 1560 καὶ
2919 1507 3143 1577 οὐδεμία
3185 1506 3323 1559 κατὰ
3352 1509 3450 1577 τὴν
3489 1505 3735 1571 αἴσθησιν

2158 1603 2270 1663 τοῖς
2296 1598 2602 1669 ἀνθρώποις
2642 1598 2756 1651 ἐστὶ
2784 1598 3013 1668 διαφορά
3046 1600 3102 1650 ὲν
3137 1599 3202 1667 τῇ
3228 1595 3321 1648 τοῦ
3354 1594 3542 1666 πυρὸς,
3578 1595 3611 1666 ἢ
3644 1594 3733 1646 τοῦ

2158 1691 2352 1760 ἀέρος,
2385 1691 2419 1760 ἢ
2457 1688 2551 1741 τοῦ
2598 1688 2789 1751 ὓδατος
2844 1689 3130 1759 μετουσίᾳ,
3179 1686 3313 1740 ἀλλὰ
3362 1688 3461 1755 μία
3492 1687 3609 1739 ἐστὶ
3644 1689 3735 1739 καὶ

485 1796 701 1849 mobilis
740 1796 793 1848 in
825 1796 1080 1850 omnibus
1111 1803 1328 1857 natura,
1372 1797 1563 1851 eodem
1598 1797 1761 1851 modo
1796 1813 2051 1867 operans,

2164 1783 2412 1852 ἀκίνητος
2443 1782 2533 1835 ἐπὶ
2571 1782 2786 1834 πάντων
2835 1780 2868 1851 ὴ
2908 1779 3097 1848 φύσις,
3141 1779 3403 1841 ὡσαύτως
3439 1778 3736 1850 ὲνεργοῦσα

482 1896 537 1941 ct
571 1888 623 1939 in
663 1887 811 1939 nulla
848 1902 906 1940 re
952 1896 1171 1955 propter
1221 1902 1410 1942 eorum
1446 1889 1535 1957 qui
1588 1888 1914 1958 participant
1949 1889 2059 1942 dif-

482 1976 746 2032 ferentias
785 1979 1064 2031 immutata
1118 1996 1131 2032 :
1166 1979 1247 2032 sic
1288 1989 1343 2033 et
1380 1980 1665 2034 nominum
1702 1980 1926 2050 positio,
2012 1978 2057 2035 si

483 2070 701 2138 quidem
732 2084 760 2120 a
798 2068 906 2124 Deo
938 2077 1084 2125 esset
1114 2070 1276 2124 rebus
1303 2072 1593 2140 applicata,
1627 2073 1881 2126 omnibUs
1911 2076 2058 2125 esset

493 2160 703 2213 eadem.
749 2158 907 2214 Nunc
956 2168 1136 2214 autem
1186 2176 1369 2215 rerum
1412 2170 1627 2224 natura,
1662 2170 1854 2231 utpote
1891 2178 1917 2213 a
1951 2162 2060 2217 Deo

484 2252 614 2316 ﬁsa,
651 2261 831 2304 manet
866 2251 1200 2316 immobilis;
1232 2267 1394 2306 voces
1429 2264 1612 2307 autem
1662 2252 1854 2307 horum
1892 2256 2061 2325 signi-

485 2340 719 2393 flcativae
762 2339 827 2392 ad
860 2348 936 2391 tot
981 2340 1288 2408 linguartmt
1321 2340 1657 2395 differentias
1697 2340 1885 2394 divisa:
1909 2348 2057 2403 sunt,

484 2438 544 2482 ut
596 2446 770 2499 neque
804 2430 1208 2483 multitudinem
1242 2445 1534 2485 numerare
1573 2431 1728 2486 facile
1774 2431 1864 2487 sit.
1905 2432 2059 2497 Quod

483 2522 529 2576 si
561 2521 684 2591 quis
724 2522 1102 2575 confusionem
1132 2537 1250 2591 qua:
1279 2522 1333 2575 in
1361 2523 1738 2577 exstructione
1769 2524 1937 2578 turris
1972 2539 2062 2578 ac-

483 2614 615 2667 cidit
658 2621 717 2666 ut
763 2614 925 2667 dictis
960 2615 1294 2667 contrariam
1342 2612 1571 2682 profert,
1605 2629 1781 2683 neque
1810 2615 1923 2669 illic
1952 2615 2060 2669 lin-

485 2719 621 2772 guas
662 2704 941 2756 hominum
1000 2703 1180 2757 facere
1222 2704 1368 2758 Deus
1403 2704 1623 2769 dicitur,
1670 2704 1766 2759 sed
1799 2721 1920 2776 qua:
1943 2714 2063 2760 erat

484 2808 605 2847 eam
674 2810 689 2845 (
734 2793 1041 2858 nfundere,
1092 2807 1152 2847 ut
1208 2809 1318 2848 non
1366 2809 1559 2849 omnes
1604 2810 1767 2849 unam
1818 2797 2060 2851 omnium

485 2885 690 2939 audiret
788 2886 855 2938 “.
911 2884 1163 2951 Quaudiu
1218 2886 1362 2939 enim
1407 2894 1526 2941 erat
1581 2887 1768 2942 eadem
1818 2889 1950 2952 vita,
2008 2898 2063 2944 et

486 2978 689 3027 nonde.
784 2990 835 3026 In
875 2975 1077 3027 multas
1111 2975 1358 3044 gentium
1392 2974 1731 3031 diﬂ'erentias
1786 2976 2061 3046 dispertiti

486 3067 731 3127 fuerunt,
809 3081 875 3118 na
908 3080 1041 3119 voce
1071 3066 1373 3136 eodemque
1396 3081 1658 3121 sermone
1704 3079 1864 3122 utens
1898 3069 2059 3123 simul

483 3156 703 3210 vivebat
723 3157 964 3209 omnium
989 3156 1268 3210 hominum
1291 3157 1600 3226 plenitudo;
1621 3168 1908 3227 postquam
1936 3171 2062 3212 vero

485 3247 670 3302 divina
701 3249 982 3302 voluntate
1007 3250 1249 3317 oportuit
1276 3264 1494 3303 omnem
1522 3250 1590 3304 ab
1618 3251 1931 3304 hominibus
1957 3259 2065 3305 ter-

484 3352 603 3392 ram
636 3338 891 3402 habitari,
918 3347 1049 3393 tunc
1081 3340 1278 3395 divulsi
1308 3344 1612 3395 secundum
1637 3342 1789 3396 vocis
1820 3356 2066 3395 commu-

487 3428 712 3482 nionem
752 3430 842 3482 alii
896 3426 1005 3482 alio
1048 3428 1287 3497 dispersi
1342 3426 1583 3494 fuerant,
1612 3438 1666 3482 et
1707 3444 1830 3481 cum
1862 3428 1973 3483 alio
2012 3437 2067 3483 et

485 3520 598 3573 alio
652 3524 944 3573 verborum
1006 3527 1063 3573 et
1108 3521 1260 3573 vocis
1315 3519 1636 3573 charactere
1683 3518 1965 3589 conjuncti
2012 3529 2068 3575 et

486 3610 884 3663 accommodati
913 3609 1156 3671 fuerunt,
1187 3609 1613 3663 conciliati-iectu
1634 3611 1924 3679 quamdam
1949 3626 2068 3664 mu-

486 3707 595 3751 tuae
644 3698 954 3751 concordia:
1000 3697 1276 3752 sermonis
1312 3700 1732 3752 consonantiam
1775 3699 1978 3762 sortiti,
2010 3701 2065 3755 in

488 3803 671 3842 rerum
701 3788 921 3856 quidem
962 3787 1281 3856 cognitione
1321 3803 1431 3843 non
1453 3789 1854 3853 discordantes,
1882 3793 1975 3847 sed
2011 3794 2065 3846 in

489 3882 771 3934 nominum
824 3879 997 3933 forma
1036 3879 1377 3934 differentes.
1422 3878 1541 3943 Non
1575 3881 1722 3933 enim
1752 3882 1882 3950 quid
1919 3883 2065 3937 aliud

490 3971 634 4040 apud
680 3970 821 4026 alios
869 3970 1034 4039 lapis,
1085 3971 1168 4024 vel
1220 3971 1424 4041 lignum
1492 3971 1728 4033 videtur,
1782 3972 1878 4026 scd
1924 3974 2066 4043 apud

489 4060 741 4129 singulos
798 4060 1040 4114 materiae
1091 4060 1311 4113 nomina
1349 4060 1624 4115 differunt.
1668 4060 1849 4126 Quare
1889 4078 2069 4118 sermo

489 4153 656 4207 nobis
682 4152 823 4205 fixus
844 4160 1049 4215 manet,
1077 4150 1172 4222 qui
1196 4166 1358 4207 voces
1390 4153 1661 4207 humanas
1683 4163 1884 4207 nostra:
1912 4170 2067 4209 men-

493 4245 565 4298 tis
606 4245 721 4298 sive
774 4243 1151 4313 intelligentia
1196 4242 1418 4298 inventa
1468 4259 1591 4298 esse
1643 4244 1850 4298 definit.
1882 4244 2069 4315 Neque

490 4336 635 4390 enim
666 4350 695 4387 a
723 4334 997 4405 principio
1019 4335 1261 4404 quandiu
1290 4350 1591 4390 consonum
1616 4335 1718 4389 sibi
1744 4336 1847 4405 ipsi
1879 4337 2068 4390 huma-

2088 3108 2131 3165 ϐ

2160 1874 2255 1927 καὶ
2291 1872 2444 1926 οὐδὲν
2487 1872 2622 1943 πρὸς
2665 1873 2761 1935 τὰς
2804 1871 3063 1942 διαφορὰς
3111 1871 3218 1923 τῶν
3260 1871 3595 1940 μετεχόντων
3644 1872 3736 1923 ἁλ-

2158 1962 2476 2033 λοιουμένη·
2523 1962 2694 2024 οὕτως
2733 1961 2825 2013 καὶ
2854 1963 2887 2031 ἡ
2924 1961 3032 2013 τῶν
3070 1959 3348 2030 ὀνομάτων
3382 1959 3548 2027 θέσις,
3583 1961 3736 2031 εἴπερ

2158 2050 2225 2129 ἦν
2252 2058 2315 2109 ἐκ
2347 2056 2439 2108 τοῦ
2468 2055 2601 2108 Θεοῦ
2635 2058 2747 2115 τοῖς
2777 2055 3095 2124 πράγμασιν
3127 2053 3542 2124 ὲφηρμοσμένη,
3574 2054 3736 2104 πᾶσιν

2161 2148 2226 2201 ἀν
2257 2150 2289 2219 ἡ
2321 2148 2458 2217 αὑτὴ
2481 2142 2567 2218 ἦν.
2598 2144 2733 2198 Νυνὶ
2762 2145 2818 2198 δὲ
2845 2144 2934 2197 τὸν
2960 2144 3068 2197 τῶν
3096 2143 3436 2215 πραγμάτων
3456 2145 3489 2213 η
3516 2143 3674 2213 cpia;
3691 2143 3745 2197 ᾶ-

2160 2256 2219 2292 τε
2242 2239 2304 2309 δὴ
2324 2238 2473 2310 παρά
2503 2236 2596 2290 τοῦ
2617 2234 2751 2288 Θεοῦ
2782 2237 3081 2304 πεπηγυῖα,
3118 2235 3266 2304 μένει
3296 2233 3572 2302 ἀκίνητος,
3601 2232 3652 2282 αἱ
3684 2230 3737 2281 δὲ

2164 2330 2495 2400 σημαντικαὶ
2525 2327 2728 2380 τούτων
2774 2326 2949 2395 φωναὶ
2997 2326 3134 2398 πρὸς
3178 2324 3445 2386 τοσαύτας
3478 2321 3736 2390 γλωσσῶν

2160 2421 2420 2491 διαφορὰς
2461 2418 2877 2489 διεσχίσθησαν,
2926 2417 3001 2480 ὡς
3053 2416 3185 2487 μηδὲ
3240 2412 3647 2485 ἀριθμήσασθαι
3679 2411 3737 2465 τὸ

2162 2514 2363 2583 πλῆθος
2399 2511 2619 2564 εὔκολον
2656 2505 2813 2563 εἶναι.
2848 2510 2907 2562 Ei
2937 2508 2994 2560 δέ
3026 2525 3109 2571 τις
3146 2506 3243 2578 τὴν
3267 2507 3358 2558 ἐπὶ
3392 2504 3492 2573 τῆς
3531 2520 3738 2571 πυργο-

2162 2605 2343 2666 reeitat;
2389 2602 2669 2671 σύγχυσιν,
2719 2600 2794 2662 ὡς
2836 2597 3251 2667 ἐναντιουμένην
3285 2595 3398 2656 τοῖς
3429 2592 3741 2663 εἰρημένοις

2164 2695 2457 2769 προφέρει,
2504 2692 2621 2745 οὐδὲ
2661 2694 2776 2745 ἐκεῖ
2818 2692 2991 2744 ποιεῖν
3031 2688 3246 2757 λέγεται
3274 2684 3528 2754 γλώσσας
3553 2687 3582 2738 6
3612 2683 3740 2743 Θεὸς

2162 2786 2269 2843 τῶν
2308 2786 2631 2858 ἀνθρώπων,
2679 2785 2813 2837 ἀλλά
2851 2785 3068 2852 συγχεῖν
3110 2780 3207 2851 τὴν
3233 2775 3397 2832 οὖσαν
3442 2777 3520 2839 ὡς
3565 2775 3634 2829 ἃν
3669 2774 3743 2844 μὴ

2164 2880 2362 2943 πάντες
2406 2878 2623 2931 πάντων
2664 2876 2932 2931 ἀκούοιεν,
2968 2874 3114 2936 Ἕως
3160 2872 3268 2942 γὰρ
3316 2866 3384 2940 ἦν
3424 2866 3565 2921 ῖπᾶσι
3621 2868 3742 2919 κατ’

2164 2970 2381 3040 αὐτὸνή
2416 2968 2548 3039 ζωὴ,
2579 2966 2671 3023 καὶ
2703 2966 2855 3020 οὔπω
2887 2964 3021 3037 πρὸς
3054 2962 3253 3025 πολλὰς
3282 2960 3452 3014 ἐθνῶν
3479 2958 3743 3028 διαφορὰς

2164 3061 2553 3133 ἐμερίσθησαν,
2597 3060 2692 3130 μιᾷ
2729 3057 2962 3121 συνέζων
2998 3057 3148 3125 φωνῇ
3181 3054 3396 3107 πάντων
3441 3050 3745 3121 ἀνθρώπων

2164 3156 2225 3207 τὸ
2255 3154 2530 3223 πλήρωμα
2550 3167 2563 3180 ·
2592 3151 2711 3203 ἐπεὶ
2731 3150 2785 3203 δὲ
2812 3146 2953 3201 κατὰ
2975 3146 3124 3199 θείαν
3153 3144 3405 3215 βούλησιν
3430 3142 3538 3195 ἔδει
3564 3142 3744 3194 πᾶσαν

2166 3247 2271 3300 ὑπὸ
2297 3246 2405 3298 τῶν
2435 3242 2735 3314 ἀνθρώπων
2769 3238 3159 3309 κατοικηθῆναι
3187 3239 3287 3308 τὴν
3315 3237 3442 3305 γῆν,
3468 3234 3592 3287 τότε
3632 3233 3746 3286 διαο

2169 3336 2501 3398 σπασθέντες
2542 3333 2683 3387 κατὰ
2722 3332 2819 3403 τὴν
2870 3330 2971 3401 τῆς
3016 3331 3199 3399 φωνῆς
3248 3325 3533 3381 κοινωνίαν
3588 3325 3745 3388 ἄλλος

2167 3429 2372 3499 ἀλλαχῆ
2418 3426 2811 3496 διεσπάρησαν,
2841 3425 2934 3476 καὶ
2964 3422 3100 3492 πρὸς
3130 3420 3289 3474 ἄλλον
3320 3418 3416 3472 καὶ
3449 3417 3611 3472 ἄλλον
3646 3434 3743 3487 χα-

2171 3521 2416 3591 ρακτῆρα
2444 3518 2705 3588 ῥημάτων
2734 3516 2827 3569 καὶ
2858 3515 3039 3583 φωνῆς
3075 3510 3533 3583 μεθηρμόσθησαν
3564 3508 3748 3560 συνδε-

2166 3612 2323 3681 τικὴν
2346 3626 2467 3663 τινα
2485 3609 2581 3678 τῆς
2607 3607 2741 3678 πρὸς
2762 3604 3020 3677 ἀλλήλους
3042 3602 3291 3672 ὁμονοίας
3311 3601 3410 3670 τὴν
3431 3598 3745 3669 ὁμοφωνίαν

2167 3702 2423 3774 λαχόντες
2442 3741 2457 3764 ,
2507 3700 2641 3770 πρὸς
2672 3700 2770 3770 μὲν
2796 3698 2892 3767 τὴν
2916 3697 3023 3748 τῶν
3070 3693 3411 3766 πραγμάτων
3447 3691 3509 3743 ού
3538 3691 3746 3759 διαφω-

2168 3794 2383 3855 νοῦντες
2407 3792 2626 3861 γνῶσιν,
2653 3789 2788 3860 πρὸς
2810 3789 2865 3841 δὲ
2890 3787 2981 3840 τὸν
3006 3787 3110 3839 τῶν
3139 3783 3417 3854 ὀνομάτων
3432 3782 3606 3835 τύπον
3633 3782 3748 3835 δια⁹

2169 3886 2479 3954 φερόμενοι.
2511 3882 2584 3932 Οὐ
2620 3880 2729 3951 γὰρ
2763 3879 2889 3932 ἄλλο
2916 3895 2968 3930 τι
2998 3878 3126 3949 παρ’
3150 3875 3328 3937 ἄλλοις
3360 3876 3388 3927 6
3414 3873 3582 3937 λίθος,
3625 3872 3658 3943 ἢ
3688 3872 3751 3925 τὺ

2170 3973 2323 4040 ξύλον
2353 3975 2529 4030 δοκεῖ.
2559 3972 2789 4042 διάφορα
2818 3970 2874 4024 δὲ
2919 3970 3052 4043 παρ’
3089 3969 3337 4029 ἑκάστοις
3365 3965 3434 4019 τὰ
3477 3966 3580 4040 τῆς
3617 3964 3750 4039 ὕλης

2167 4064 2428 4133 ὀνόματα.
2479 4061 2642 4113 Ὥστε
2693 4062 2840 4130 μένει
2894 4060 3088 4127 πάγιος
3133 4058 3262 4130 ἡμῖν
3303 4058 3330 4112 6
3370 4055 3554 4126 λόγος,
3590 4062 3619 4113 6
3647 4059 3747 4123 τάς

2168 4154 2511 4226 ἀνθρωπίνας
2540 4154 2722 4223 φωνὰς
2758 4153 2854 4223 τῆς
2894 4153 3166 4223 ἡμετέρας
3194 4152 3434 4215 διανοίας
3459 4153 3748 4223 εὑρήματα

2169 4242 2307 4301 εἶναι
2347 4232 2727 4319 διοριζόμενος.
2764 4243 2901 4296 Οὔτε
2933 4244 3041 4315 γὰρ
3074 4243 3133 4310 ἐξ
3174 4243 3344 4315 ἀρχῆς
3393 4243 3498 4306 ἕως
3529 4245 3748 4313 ὁμόφω-

2169 4358 2257 4393 νον
2297 4339 2441 4392 ἆπαν
2477 4334 2543 4409 ἦν
2582 4336 2758 4406 ἐαυτῷ
2799 4336 2859 4387 τὸ
2900 4334 3255 4405 ἀνθρώπινον,
3304 4332 3441 4386 Θεοῦ
3485 4335 3748 4404 ῥημάτων

492 4440 622 4478 num
664 4439 839 4494 genus
873 4424 1194 4479 universum
1229 4424 1351 4486 fuit,
1384 4424 1672 4478 verborum
1704 4423 1795 4479 Dei
1831 4426 2062 4495 aliquam

2170 4430 2290 4482 τινὰ
2317 4427 2659 4482 διδασκαλίαν
2708 4426 3034 4494 γεγενῆσθαι
3070 4427 3181 4486 τοῖς
3236 4423 3547 4492 ἀνθρώποις
3597 4423 3748 4493 παρᾶ

491 4516 799 4569 doctrinam
874 4514 1073 4570 factam
1130 4530 1256 4570 esse
1305 4514 1735 4570 hominibusex
1786 4515 2067 4584 Scriptura

488 4604 821 4671 didicimus;
865 4620 1043 4674 neque
1093 4612 1383 4673 postquam
1436 4604 1490 4658 in
1531 4606 1711 4659 varias
1761 4606 2067 4674 linguarum

490 4693 830 4749 differentias
877 4692 1151 4762 dispertiti
1212 4692 1433 4747 fuerunt
1480 4694 1748 4760 homines,
1793 4696 2068 4765 quomodo

492 4785 731 4853 quisque.
787 4786 1100 4853 loqueretur
1145 4782 1330 4837 divina
1364 4784 1450 4839 lex
1492 4786 1807 4854 praestituit,
1850 4786 1943 4841 sed
1975 4802 2067 4840 vo-

492 4878 615 4930 lens
660 4875 801 4930 Deus
848 4876 1102 4931 homines
1150 4875 1389 4932 diversis
1431 4877 1510 4931 uti
1542 4879 1765 4949 linguis,
1814 4888 2064 4932 naturam

491 4966 724 5030 dimisit,
779 4974 838 5018 ut
888 4975 1136 5037 pergeret
1191 4982 1290 5036 pro
1344 4969 1574 5023 arbitrio
1623 4971 1765 5039 apud
1823 4972 2067 5039 singulos

492 5072 693 5113 sonum
768 5056 1067 5112 articulare
1126 5058 1193 5112 ad
1255 5061 1692 5130 explanationem
1759 5061 2062 5116 hominum.

493 5153 685 5223 Itaque
725 5148 926 5211 Moses,
972 5149 1164 5204 multis
1210 5151 1429 5206 saeculis
1478 5160 1600 5220 post
1636 5151 1805 5206 turris
1834 5152 2067 5206 aedifica—

491 5244 696 5297 tionem
750 5248 935 5305 natus,
990 5253 1099 5293 una
1147 5254 1212 5293 ex
1260 5241 1660 5309 posterioribus
1714 5241 1896 5310 lingua
1934 5258 2066 5296 usus

492 5342 597 5399 est,
653 5332 919 5388 historice
955 5330 1118 5385 nobis
1164 5330 1354 5384 mundi
1382 5330 1718 5385 creationem
1768 5345 2069 5398 exponens,

490 5433 653 5491 a'quc
692 5424 906 5492 aliquas
939 5436 1101 5477 voces
1132 5420 1243 5477 Deo
1284 5421 1543 5491 applicat,
1590 5436 1689 5478 sua
1736 5422 1910 5491 ipsius
1944 5426 2106 5476 vote‘

493 5513 546 5566 in
595 5531 699 5583 qua
751 5514 1039 5570 institutus
1092 5513 1197 5569 fuit
1246 5523 1300 5573 ct
1344 5521 1600 5571 assuetus
1636 5514 1749 5571 haec
1783 5529 2071 5582 enarratis,

586 5691 628 5722 δ’
661 5692 793 5744 Ccn.
825 5708 901 5757 ιι,
938 5695 987 5762 ι,
1019 5710 1141 5765 sqq.

2169 4521 2267 4590 τῆς
2296 4520 2516 4591 Γραφῆς
2550 4518 2946 4589 μεμαθήκαμεν
2969 4532 2982 4545 ·
3019 4505 3153 4568 οὔτε
3176 4517 3255 4577 είς
3284 4514 3539 4578 ποικίλας
3574 4515 3748 4582 γλωσ-

2172 4611 2279 4663 σῶν
2307 4609 2564 4682 διαφορὰς
2594 4608 3020 4679 διατμηθέντων,
3051 4607 3196 4668 ὅπως
3224 4603 3290 4658 ἂν
3317 4604 3550 4667 ἕκαστος
3583 4604 3747 4674 φθέγ⁴

2170 4719 2317 4769 γοιτο
2359 4702 2498 4764 θεῖος
2532 4701 2865 4768 ὲπεστάτησε
2906 4698 3085 4767 νόμος,
3123 4696 3256 4749 ἀλλὰ
3296 4695 3530 4765 θελήσας
3562 4699 3591 4748 ὀ
3618 4695 3747 4755 Θεὸς

2168 4791 2293 4852 τοὺς
2317 4788 2634 4859 ἀνθρώπους
2665 4789 2721 4840 ὲν
2743 4786 2925 4848 ἄλλαις
2950 4784 3195 4853 γενέσθαι
3222 4783 3513 4849 γλώσσαις,
3538 4785 3747 4853 ἀφῆκεν

2171 4878 2273 4948 ὁδῷ
2315 4879 2414 4948 τὴν
2460 4877 2619 4946 φύσιν
2658 4874 3014 4946 πορεύεσθαι,
3046 4874 3185 4927 κατά
3223 4875 3283 4925 τὸ
3327 4874 3563 4943 ἀρέσκον
3595 4875 3747 4941 διαρ-

2174 4968 2407 5039 θροῦσαν
2440 4968 2568 5038 παρ’
2592 4966 2839 5027 ἑκάστοις
2868 4965 2955 5018 τὸν
2980 4961 3111 5035 ἦχον
3142 4964 3274 5034 πρὸς
3294 4965 3393 5033 τὴν
3421 4964 3533 5017 τῶν
3561 4964 3747 5033 ἀνομά-

2171 5078 2277 5113 των
2315 5060 2629 5129 σαφήνειαν.
2672 5058 2733 5109 Ὀ
2763 5057 2940 5109 τοίνυν
2974 5056 3240 5126 Μωῦσῆς,
3268 5055 3491 5119 πολλαῖς
3523 5056 3751 5129 ὕστερον

2171 5154 2385 5221 γενεαῖς
2432 5151 2528 5220 τῆς
2572 5148 2929 5220 πυργοποιῖας
2958 5148 3279 5217 γενόμενος,
3324 5148 3423 5217 μιᾷ
3474 5148 3583 5200 τῶν
3611 5147 3752 5218 μετὰ

2170 5245 2342 5300 ταῦτα
2384 5243 2645 5313 κέχρηται
2680 5239 2920 5310 γλώσσῃ,
2952 5237 3235 5308 ίστορικῶς
3258 5238 3356 5306 τὴν
3385 5238 3748 5308 κοσμογενίαν

2167 5335 2199 5401 ἡ
2210 5335 2299 5401 μῖν
2318 5331 2687 5401 διηγούμενος,
2708 5329 2800 5382 καί
2817 5345 2968 5391 τινας
2986 5328 3061 5397 τῷ
3082 5328 3198 5397 Θεῷ
3221 5329 3525 5398 προσάπτει
3544 5329 3745 5397 φωνὰς.

2168 5427 2230 5492 τῇ
2265 5422 2455 5474 ἑαυτοῦ
2487 5420 2707 5493 γλώσσῃ
2746 5419 2864 5473 καθ’
2895 5419 2959 5490 ἢν
2986 5418 3313 5471 πεπαίδευτό
3346 5436 3406 5472 τε
3446 5421 3539 5472 καὶ
3574 5420 3749 5471 συνεί-

2172 5513 2322 5565 θιστο
2359 5511 2529 5567 ταῦτα
2576 5509 2806 5576 διεξιὼν,
2863 5509 2955 5564 καὶ
3002 5509 3102 5562 οὐκ
3158 5508 3444 5563 ἀλλάσσων
3496 5510 3594 5572 τὰς
3653 5509 3744 5569 τοῦ
