4054 6152
299 304 404 362 997

1295 346 1304 355 .
1393 304 1674 363 CONTRA
1714 296 2118 370 EUNOMIUM,
2158 302 2289 358 LIB.
2329 303 2442 360 ΧΠ.

3448 306 3552 362 998

301 423 441 478 Θεοῦ
471 426 652 495 φωνὰς
703 428 1068 499 ἁλλοιοτρόπῳ
1109 430 1212 482 τινὶ
1262 431 1354 482 καὶ
1393 429 1651 495 ξενίζοντι
1701 430 1884 498 φωνῆς

1993 440 2088 480 nec
2120 425 2214 482 Dei
2243 442 2406 483 voces
2446 427 2748 485 immutans
2781 428 2890 485 alio
2915 428 3152 500 quodam
3181 436 3233 483 et
3269 429 3559 499 peregrino

305 521 635 590 χαρακτῆρι,
671 520 806 573 ὥστε
838 521 926 574 διά
972 521 1066 574 τοῦ
1117 521 1268 586 ξένου
1315 522 1415 591 τῆς
1455 520 1742 590 συνηθείας
1788 520 1884 573 καὶ

305 613 759 682 παρηλλαγμένον
788 614 898 666 τῶν
922 613 1222 684 ὀνομάτων,
1256 612 1422 666 αὑτοῦ
1449 612 1540 666 τοῦ
1573 611 1711 666 Θεοῦ
1745 607 1883 666 εἶναι

303 705 401 765 τὶς
445 703 624 774 φωνὰς
678 705 1140 770 κατασκευάζειν,
1188 705 1324 758 ἀλλά
1367 707 1436 775 τῇ
1475 705 1692 774 συνήθει
1737 703 1880 775 χρώ-

308 810 468 863 μενος
531 792 772 866 γλώσσῃ,
807 797 1009 866 ὁμοίως
1055 797 1125 850 τά
1168 813 1226 848 τε
1278 795 1474 850 ἑαυτοῦ
1529 797 1622 849 καὶ
1667 795 1735 848 τὰ
1789 794 1883 846 τοῦ

295 884 436 938 Θεοῦ
472 885 822 956 διεξέρχεται.
852 886 991 941 Φασὶ
1032 887 1093 940 δέ
1134 904 1278 950 τινες
1314 887 1423 940 τῶν
1463 884 1884 956 ἐπιμελέστερον

300 980 420 1036 ταῖς
455 977 697 1046 Γραφαῐς
750 978 1268 1049 ὲπηκολουθηκότων
1306 979 1440 1050 μηδὲ
1472 977 1754 1049 ἀρχαῖςειν
1785 977 1882 1047 τὴν

313 1064 584 1134 Ἐϐραίων
617 1066 808 1136 ,φωνὴν
849 1069 970 1124 καθ’
1009 1069 1300 1139 ὁμοιότητα
1339 1068 1448 1120 τῶν
1497 1067 1720 1132 λοιπῶν,
1748 1067 1884 1121 ἀλλά

297 1157 446 1225 μετά
475 1156 584 1210 τῶν
627 1157 802 1212 ἄλλων
854 1159 1168 1229 θαυμάτων,
1203 1161 1297 1212 καὶ
1329 1159 1486 1212 τοῦτο
1512 1163 1625 1223 τοῖς
1670 1159 1882 1230 Ἰσραη-

299 1246 478 1309 λίταις
526 1245 1101 1319 θαυματοποιηθῆναι,
1153 1248 1215 1300 τὸ
1260 1249 1360 1318 τὴν
1395 1247 1644 1315 γλῶσσαν
1680 1247 1883 1317 ταύτην

300 1336 514 1406 ἁθρόως
540 1339 678 1406 μετά
723 1340 820 1410 τὴν
862 1340 1136 1408 Αἴγυπτον
1169 1340 1553 1410 σχεδιασθῆναι
1595 1340 1672 1410 τῷ
1713 1339 1880 1393 ἔθνει.

305 1425 413 1479 Καί
446 1425 528 1486 τίς
559 1428 676 1480 ἐστι
699 1428 793 1481 τοῦ
820 1427 1100 1500 Προφήτω
1123 1428 1279 1497 λόγος
1310 1429 1371 1482 τὸ
1392 1430 1630 1483 τοιοῦτον
1663 1429 1886 1483 πιστού-

300 1528 465 1581 μενος
487 1529 501 1541 ⁸
540 1517 638 1568 Ἑν
666 1515 774 1590 γὰρ
806 1515 884 1582 τῷ
907 1516 1176 1581 ἐξελθεῖν
1211 1517 1417 1581 αὐτὸν,
1459 1519 1646 1589 φησὶν,
1677 1519 1744 1572 ἐκ
1773 1518 1885 1588 γῆς

305 1605 619 1673 Αἰγύπτου,
663 1609 794 1661 τότε
814 1609 1106 1678 γλῶσσαν
1148 1610 1228 1678 ἦν
1262 1615 1372 1667 οὐκ
1404 1611 1556 1680 ἔγνω
1595 1612 1880 1681 ἤκουσεν.

298 1695 370 1746 Εἰ
398 1691 489 1747 οὖν
529 1695 777 1767 Ἐϐραῖος
815 1700 1078 1770 Μωῦσῆς,
1109 1701 1392 1757 τελευταία
1417 1703 1474 1756 δὲ
1508 1702 1615 1756 τῶν
1647 1701 1821 1756 ἄλλων
1845 1704 1879 1773 ή

1984 517 2136 572 vocis
2189 518 2530 584 charactere,
2579 519 2654 573 ita
2698 527 2758 574 ut
2813 520 3119 590 peregrinis
3164 530 3220 575 et
3278 521 3556 574 inusitatis

1985 611 2304 667 nominibus
2353 612 2532 681 ipsius
2577 611 2674 666 Dei
2728 627 2892 668 voces
2936 628 3063 669 esse
3106 620 3414 683 praestruat,
3461 615 3557 668 sed

1986 699 2244 756 familiari
2303 710 2462 758 utens
2502 703 2708 773 lingua,
2759 703 3018 758 similiter
3061 711 3114 759 et
3152 719 3271 773 qua:
3301 718 3398 760 sua
3431 714 3560 757 sunt

1981 799 2038 844 et
2095 808 2216 860 quae
2275 794 2448 864 ipsius
2498 794 2591 850 Dei
2647 802 2886 852 enarrat.
2941 794 3172 861 Quidam
3231 803 3411 849 autem
3463 795 3554 865 qui

1983 882 2320 936 exactiorem
2372 882 2780 952 Scripturarum
2821 884 3188 954 cognitionem
3227 893 3357 940 sunt
3411 899 3559 941 asse-

1983 971 2094 1024 cuti
2125 980 2384 1028 asserunt
2415 973 2656 1044 linguam
2699 973 3024 1030 Hebraieam
3064 989 3169 1029 non
3207 975 3280 1028 ita
3312 985 3558 1031 vetusta-

1984 1068 2092 1116 tem
2132 1062 2380 1118 redolere
2409 1063 2552 1119 sicut
2575 1064 2824 1134 reliqum,
2845 1064 2942 1120 sed
2978 1081 3101 1119 cum
3125 1065 3251 1120 aliis
3280 1067 3558 1122 miraculis

1983 1159 2038 1206 et
2090 1153 2194 1207 hoc
2239 1153 2499 1210 lsraelitis
2531 1156 2863 1211 miraculose
2894 1157 3184 1220 accidisse,
3232 1172 3426 1227 nempe
3451 1158 3556 1212 lin-

1984 1255 2144 1311 gnam
2191 1244 2331 1300 hanc
2374 1245 2661 1301 confertim
2709 1247 2871 1302 simul
2909 1255 3032 1318 post
3074 1248 3446 1318 egressionem
3491 1263 3558 1302 ex

1983 1333 2222 1406 Egypto
2282 1338 2428 1404 genti
2490 1338 2915 1408 extemporalem
2985 1339 3183 1392 factam
3247 1338 3438 1394 fuisse.
3493 1339 3560 1393 Et

1985 1425 2175 1488 nescio
2207 1427 2332 1495 quis
2358 1427 2644 1498 Propheta;
2692 1443 2873 1484 sermo
2904 1429 3013 1484 tale
3062 1428 3195 1498 quid
3236 1429 3557 1494 confirmat;

1987 1531 2136 1583 nam,
2181 1516 2321 1571 Dum
2368 1534 2434 1572 ea:
2467 1517 2700 1590 Egypto
2735 1521 2844 1588 ipse
2879 1521 3227 1592 egrederetur,
3276 1531 3426 1584 tunc.
3475 1522 3562 1576 in-

1988 1606 2146 1675 quit,
2198 1607 2437 1680 linguam
2504 1625 2664 1679 quam
2718 1627 2822 1665 non
2873 1620 3086 1666 noverat
3133 1611 3335 1666 audivit
3378 1613 3443 1666 ⁸³.
3500 1611 3558 1666 Si

1994 1697 2158 1766 igitur
2215 1697 2395 1754 Moses
2447 1698 2735 1766 Hebraeus,
2775 1701 2898 1756 aliis
2945 1711 3128 1758 autem
3167 1704 3437 1771 posterior
3477 1713 3562 1758 est

305 1786 413 1840 τῶν
457 1788 723 1858 Ἐϐραίων
778 1791 952 1880 φωνὴ,
981 1793 1010 1844 ὁ
1049 1795 1186 1864 μετά
1233 1795 1329 1866 τὴν
1375 1795 1470 1849 τοῦ
1527 1796 1734 1865 κόσμου
1786 1796 1881 1848 σύ-

1993 1787 2344 1844 Hebraeorum
2389 1791 2598 1861 lingua,
2632 1793 2724 1862 qui
2771 1793 2932 1864 longe
2961 1802 3089 1864 post
3131 1795 3318 1848 mundi
3351 1795 3562 1849 consti-

300 1895 492 1931 στασιν
546 1879 770 1953 ὕστερον
811 1879 1083 1952 γεγονὼς,
1122 1887 1214 1940 καὶ
1256 1890 1321 1958 τῇ
1351 1889 1473 1940 κατ’
1506 1887 1697 1941 ἑαυτὸν
1733 1890 1883 1958 φωνῇ

303 1968 402 2030 τὰς
440 1968 534 2020 τοῦ
581 1970 715 2023 Θεοῦ
757 1970 1110 2044 διηγούμενος
1157 1977 1376 2046 ῥήσεις,
1426 1971 1516 2047 ἆρ’
1553 1978 1676 2047 οὐχ).
1702 1979 1888 2047 σαφῶς

302 2060 542 2116 διδάσκει
580 2061 640 2115 τὸ
677 2063 753 2136 μὴ
784 2063 1038 2136 τοιαύτην
1085 2067 1267 2136 φωνὴν
1295 2068 1392 2137 τὴν
1419 2068 1559 2120 κατὰ
1603 2068 1888 2139 ἄνθρωπον

306 2151 784 2225 σχηματιζομένην
831 2155 1170 2226 ἀναγράφειν
1215 2158 1308 2210 ἐπὶ
1336 2156 1496 2216 Θεοῦ.
1535 2158 1671 2212 ἀλλά
1715 2157 1887 2212 ταῦτα

301 2243 408 2312 μὲν
470 2243 646 2313 λέγειν
694 2244 783 2298 διὰ
844 2245 905 2299 τὸ
958 2247 1092 2319 μηδὲ
1144 2247 1366 2301 δυνατὸν
1409 2245 1546 2303 εἶναι
1601 2248 1662 2302 τὸ
1701 2249 1888 2320 νοηθὲν

303 2332 506 2405 ἑτέρως
545 2336 719 2414 εἰοπεῖν
763 2335 1190 2408 ἢάνθρωπίναις
1232 2342 1466 2408 φωναῖς·
1517 2339 1798 2410 σημαίνειν
1830 2339 1887 2393 δὲ

300 2425 397 2478 διὰ
434 2426 541 2479 τῶν
587 2426 892 2498 λεγομένων
949 2429 1226 2501 θεοπρεπῆ
1261 2449 1380 2485 τινα
1429 2431 1522 2485 καὶ
1555 2432 1890 2502 μεγαλοφυε-

308 2517 503 2588 στέραν
532 2517 801 2586 διὰνοιαν;
825 2520 896 2573 Τὸ
925 2519 1033 2592 γὰρ
1063 2521 1269 2595 οἴεσθαι
1297 2525 1362 2593 τῇ
1405 2522 1643 2593 Ἐϐραΐδι
1669 2523 1890 2596 γλώσσῃ

309 2607 400 2660 τὸν
448 2607 579 2660 Θεὸν
633 2610 966 2681 κεχρῆσθαι,
1007 2613 1235 2682 μηδενὸς
1288 2613 1440 2677 ὄντος
1489 2613 1584 2666 τοῦ
1632 2613 1889 2685 τοιαύτης

307 2699 492 2769 φωνῆς
533 2701 834 2765 ὲπαῖοντος,
865 2703 969 2754 οὐκ
1003 2700 1120 2756 οἴδα
1154 2704 1268 2767 πῶς
1298 2707 1325 2757 ό
1351 2705 1728 2776 λελογισμένος
1762 2724 1888 2759 συν-

309 2780 558 2861 θήσεται.
612 2793 698 2844 Ἐν
741 2795 858 2856 ταῖς
889 2794 1126 2864 Πρὰξεσι
1161 2796 1560 2867 μεμαθήκαμεν
1607 2798 1696 2850 διὰ
1734 2799 1890 2852 τοῦτο

309 2883 412 2951 τὴν
447 2883 597 2936 θείαν
629 2871 853 2955 δῦναμιν
886 2887 963 2949 εις
1004 2885 1200 2950 πολλὰς
1244 2888 1542 2956 διεσχίσθαι
1580 2890 1783 2958 φωνὰς,
1815 2891 1891 2954 ὡς

309 2973 384 3026 ἂν
409 2974 598 3044 μηδεὶς
626 2974 732 3028 τῶν
766 2975 1182 3046 ἑτερογλώσσων
1221 2979 1574 3049 ἀποστεροῖτο
1619 2983 1722 3051 τῆς
1750 2981 1862 3049 ὼφε
1873 3011 1898 3050 -_

1989 1880 2260 1935 tutioncm
2313 1889 2480 1938 natus
2538 1893 2642 1946 est,
2691 1892 2746 1939 et
2799 1886 2904 1954 qui.
2953 1886 3172 1957 propria
3227 1885 3408 1956 lingua
3465 1884 3561 1940 Dei

1986 1971 2296 2030 locutiones
2329 1985 2572 2040 enarrat,
2599 1991 2670 2032 an
2697 1993 2806 2032 non
2833 1978 2981 2033 clare
3014 1979 3193 2042 docet,
3230 1979 3371 2033 hanc
3398 1978 3559 2034 talem

1989 2077 2176 2117 vocem
2212 2063 2282 2118 ad
2338 2065 2637 2121 humanum
2686 2068 2908 2122 modum
2959 2068 3248 2139 ﬁguratam
3294 2067 3404 2124 Deo
3451 2083 3560 2124 non

1989 2154 2288 2218 ascribere,
2337 2156 2434 2212 sed
2474 2156 2591 2212 hac
2631 2158 2854 2228 quidem
2901 2159 3107 2227 dicere,
3142 2162 3269 2230 quia
3308 2160 3422 2214 fieri
3452 2175 3566 2215 non

1989 2246 2161 2314 possit
2195 2256 2253 2300 ut
2293 2249 2442 2317 quod
2468 2251 2766 2320 cogitatum
2809 2257 2896 2307 est
2945 2253 3101 2307 aliter
3133 2267 3297 2322 quam
3328 2254 3563 2306 vocibus

1992 2337 2254 2394 humanis
2287 2342 2658 2409 exprimatur;
2691 2358 2788 2413 per
2815 2357 2880 2398 ea
2926 2351 3110 2398 autem
3161 2359 3282 2414 quae
3307 2343 3567 2398 dicuntur

1969 2427 2102 2484 .Deo
2151 2431 2407 2486 decoram
2441 2440 2497 2487 et
2529 2433 2873 2503 magnificam
2919 2435 3214 2504 quamdam
3255 2434 3568 2502 intelligeno

1991 2521 2121 2574 tiam
2178 2523 2527 2591 significare?
2593 2521 2878 2596 Siquidem
2920 2535 3114 2595 putare
3161 2523 3329 2580 Deum
3382 2525 3566 2594 lingua

1991 2611 2260 2668 Hebraica
2301 2629 2460 2670 usum
2500 2615 2692 2680 fuisse,
2726 2632 2852 2672 cum
2886 2617 3071 2672 nullus
3097 2626 3248 2672 esset
3274 2617 3366 2685 qui
3403 2615 3566 2670 talem

1991 2718 2178 2759 vocem
2231 2704 2470 2771 audiret,
2503 2707 2696 2762 nescio
2733 2710 3004 2777 quomodo
3032 2708 3130 2776 qui
3176 2715 3326 2761 recta
3356 2707 3569 2760 ratione

1991 2811 2127 2851 usus
2179 2795 2343 2850 fuerit
2383 2801 2741 2855 asscntietur.
2785 2798 2850 2853 In
2893 2800 3044 2855 Actis
3070 2799 3440 2869 apostolorum
3481 2799 3568 2853 di-

1990 2887 2248 2951 dicimus,
2301 2887 2507 2942 idcirco
2557 2889 2662 2942 vim
2721 2888 2958 2944 divinant
3011 2891 3065 2944 in
3117 2891 3316 2945 multas
3353 2891 3566 2961 linguas

1980 2976 2226 3030 divisam
2251 2975 2441 3038 fuisse,
2471 2986 2530 3032 ut
2557 2979 2742 3034 nullus
2766 2994 2959 3034 eorum
2983 2979 3076 3049 qui
3101 2980 3332 3035 diversis
3363 2981 3570 3049 linguis

313 3066 493 3128 λείας.
535 3067 591 3119 Ὀ
617 3066 672 3120 δὲ
702 3067 833 3132 Θεὸς
873 3069 977 3139 πρὸ
1019 3069 1116 3139 τῆς
1146 3070 1375 3134 κτίσεως
1403 3071 1762 3142 ἀνθρωπικῶς
1787 3074 1890 3127 διε-

1995 3074 2283 3126 uterentur
2334 3069 2570 3123 utilitate
2624 3070 2954 3138 privaretur.
3011 3070 3156 3127 Deus
3207 3079 3390 3133 autem
3441 3084 3571 3127 ante

312 3158 522 3225 λέγετο,
556 3159 677 3212 τίνα
702 3159 930 3228 ὠφελεῖν
957 3159 1164 3230 μέλλων
1189 3161 1252 3214 ὲκ
1280 3161 1376 3230 τῆς
1399 3163 1649 3231 τοιαύτης
1674 3163 1889 3234 φωνῆς;

311 3249 378 3302 τὸ
429 3249 527 3320 μὲν
567 3250 676 3323 γὰρ
727 3249 1156 3305 συνδιατίθεσθαι
1204 3255 1270 3322 τῇ
1314 3252 1421 3307 τῶν
1470 3254 1773 3307 ἀκουόντων
1801 3255 1893 3308 δυ-

315 3341 480 3412 νάμει
515 3341 607 3393 τὸν
639 3340 794 3409 λόγον
827 3341 960 3412 πρὸς
991 3340 1080 3394 τὸν
1108 3341 1207 3410 τῆς
1234 3341 1501 3410 ὠφελείας
1529 3343 1746 3408 σκοπὸν,
1773 3344 1893 3397 οὐδὲ

313 3433 384 3486 ἂν
409 3449 493 3495 τις
515 3431 732 3497 ἀνάξιον
775 3432 874 3501 τῆς
903 3431 1052 3494 θείας
1090 3427 1227 3485 εἶναι
1263 3433 1667 3504 φιλανθρωπίας
1698 3435 1893 3502 ὑποτο-

317 3525 567 3593 πήσειεν,
592 3523 714 3576 ἐπεὶ
743 3523 838 3577 καὶ
857 3521 1066 3586 Παῦλος
1093 3525 1121 3576 ὁ
1151 3524 1394 3594 μιμητὴς
1412 3524 1506 3577 τοῦ
1529 3525 1732 3596 Κυρίου
1759 3526 1893 3597 πρὸς

315 3613 416 3676 τάς
444 3613 552 3667 τῶν
576 3613 878 3667 ἀκουόντων
916 3613 1078 3680 ἕξεις,
1114 3609 1253 3667 οἶδεν
1301 3616 1574 3687 ἁρμοδίως
1601 3616 1692 3670 τὸν
1737 3617 1894 3685 λόγον

319 3705 826 3777 μεταχειρίζεσθαιο
862 3705 1002 3774 γάλα
1033 3707 1145 3770 τοῖς
1181 3707 1396 3776 νηπίοις
1441 3708 1723 3778 γινόμενος
1744 3748 1760 3772 ,
1799 3710 1895 3763 καὶ

317 3797 518 3866 στερεά
545 3799 656 3860 τοῖς
696 3797 920 3860 τελείοις
955 3798 1150 3868 τροφή.
1199 3798 1272 3850 Τὸ
1322 3799 1549 3870 μηδενὸς
1599 3800 1896 3870 κατορθου-

320 3888 725 3955 μένου³σκοποῦ
757 3889 845 3942 διὰ
873 3888 974 3960 τῆς
1001 3889 1096 3943 τοῦ
1134 3890 1292 3958 λόγου
1330 3890 1585 3960 τοιαύτης
1621 3893 1890 3963 χρήσεως,

318 3981 511 4033 ἔπειτα
545 3979 970 4045 κατασκευάζειν
1007 3981 1183 4035 τοιάδε
1214 3981 1338 4035 τινὰ
1381 3963 1602 4054 ῥήματα
1637 3983 1727 4037 τὸν
1765 3983 1896 4038 Θεὸν

318 4074 407 4142 ἐφ’
449 4073 639 4126 ἑαυτοῦ
664 4072 951 4143 ῥαψῳδεῖν,
978 4073 1079 4126 οὐκ
1107 4072 1258 4137 δντος
1283 4073 1377 4126 τοῦ
1406 4073 1658 4143 δεομένου
1681 4074 1780 4145 τῆς
1808 4075 1898 4128 διὰ

318 4161 432 4218 τῶν
465 4161 719 4215 τοιούτων
757 4161 949 4232 φωνῶν
1004 4161 1313 4233 σημασίας,
1341 4148 1447 4215 ὀὐκ
1475 4158 1590 4216 οἶδα
1625 4162 1740 4224 πῶς
1781 4164 1896 4215 ἐστι

324 4256 400 4325 μὴ
432 4253 835 4322 καταγέλαστον
884 4253 998 4323 ἅμα
1039 4255 1132 4308 καὶ
1183 4254 1498 4325 βλάσφημον
1553 4255 1614 4308 τὸ
1660 4241 1897 4308 τοιοῦτον

320 4346 553 4400 οἴεσθαι.
603 4344 738 4399 Οῦτε
770 4340 862 4398 οὖν
915 4345 1139 4416 Ἐὅραία
1171 4345 1264 4400 τοῦ
1307 4346 1440 4400 Θεοῦ
1486 4348 1519 4418 ὴ
1557 4347 1730 4417 φωνὴ,
1774 4346 1896 4400 οὔτε

1993 3158 2332 3216 creationem
2399 3159 2638 3214 humano
2683 3176 2836 3216 more
2897 3162 3225 3226 disserebat,
3271 3178 3564 3234 quemnam

1993 3251 2099 3305 hac
2152 3251 2247 3304 tali
2277 3265 2410 3306 voce
2443 3251 2772 3320 adjuturus?
2805 3267 3108 3306 sermonem
3137 3255 3282 3308 enim
3327 3254 3568 3310 ati‘ectio—

1995 3356 2118 3395 nem
2159 3340 2449 3410 quamdam
2490 3342 2692 3397 habere
2738 3357 2861 3396 cum
2909 3344 3251 3398 audientium
3311 3344 3570 3400 facultate

1995 3431 2062 3485 ad
2108 3431 2362 3486 utilitatis
2411 3447 2664 3502 scopum,
2721 3435 2906 3490 nullus
2947 3434 3133 3488 divina
3191 3435 3568 3490 benevolentia

1995 3535 2124 3591 erga
2173 3537 2350 3592 genus
2401 3523 2696 3578 humanum
2743 3539 2867 3579 esse
2917 3525 3198 3594 indignum
3258 3527 3569 3595 suspicatus

1997 3611 2187 3679 fuerit,
2233 3613 2490 3683 quoniam
2545 3613 2754 3670 Paulus
2801 3615 3008 3669 Domini
3063 3616 3306 3672 imitator
3362 3618 3426 3670 ad
3471 3631 3570 3671 au-

1999 3704 2263 3759 dientium
2301 3705 2520 3762 habitus
2575 3707 2721 3761 novit
2753 3708 3140 3764 convenienter
3166 3715 3219 3762 et
3247 3723 3570 3765 accommo-

1997 3797 2124 3850 date
2154 3811 2469 3852 sermonem
2510 3797 2916 3860 adniinistrare,
2958 3799 3040 3852 lac
3065 3797 3286 3868 quidem
3325 3800 3567 3868 parvulis

2000 3889 2204 3952 factus,
2251 3888 2452 3945 adultis
2493 3904 2624 3944 vero
2658 3899 2712 3944 et
2765 3889 3022 3958 perfectis
3063 3889 3218 3944 cibus
3247 3889 3458 3944 solidus
3499 3890 3566 3946 ⁵³.

1998 3978 2153 4046 Quod
2195 3980 2240 4035 si
2283 3995 2406 4034 cum
2461 3980 2648 4034 nullus
2696 3979 2964 4049 dirigatur
3016 3995 3216 4049 seopus
3262 3996 3359 4050 per
3405 3981 3567 4035 talem

1999 4072 2270 4127 sermonis
2291 4087 2474 4137 usum,
2510 4071 2637 4141 quis
2663 4081 2877 4126 astruat
2913 4070 3079 4126 Deum
3114 4071 3168 4126 in
3207 4073 3388 4140 seipse
3419 4081 3568 4127 certa

1998 4162 2245 4232 quaedam
2296 4162 2460 4217 verba
2509 4178 2797 4226 consuere,
2859 4164 2902 4218 si
2953 4178 3062 4217 non
3113 4171 3198 4217 est
3264 4164 3359 4230 qui
3413 4172 3570 4232 egeat

1999 4253 2398 4322 significatione
2455 4269 2576 4323 quae
2625 4255 2682 4308 tit
2721 4269 2815 4322 per
2871 4253 3143 4322 ejusmodi
3189 4267 3372 4314 voces,
3425 4252 3569 4306 haud

2001 4345 2117 4401 scio
2158 4345 2432 4412 quomodo
2481 4361 2588 4399 non
2631 4346 2734 4400 hoc
2773 4345 2934 4398 liceat
2976 4344 3264 4398 ridiculum
3306 4343 3472 4398 simul
3517 4351 3571 4397 et

323 4437 446 4492 καθ’
478 4437 735 4507 ἑκάτερόν
762 4453 883 4489 τινα
910 4437 1078 4490 τύπον
1103 4437 1211 4492 τῶν
1249 4439 1306 4492 ὲν
1338 4443 1450 4502 τοῖς
1482 4439 1658 4492 ἔθνεσι
1685 4456 1890 4509 νενομι-

2002 4438 2228 4506 impium
2275 4437 2574 4492 convitium
2625 4449 2837 4506 putare.
2893 4435 3078 4504 Neque
3125 4435 3290 4505 igitur
3340 4433 3566 4488 Hebraea

323 4525 540 4596 σμὲνων
573 4525 976 4597 προφερομένη,
1001 4526 1114 4580 ἀλλ’
1139 4528 1254 4581 ὅσοι
1281 4527 1374 4580 τοῦ
1401 4528 1532 4582 Θεοῦ
1566 4529 1714 4597 λόγοι
1746 4527 1898 4601 παρά

319 4616 418 4669 τοῦ
452 4615 754 4682 Μωῦσέως,
801 4616 834 4686 ἢ
875 4616 982 4671 τῶν
1020 4617 1318 4689 προφητῶν
1356 4619 1762 4690 ἀνεγράφησαν,
1813 4621 1899 4671 ὲν-

319 4709 514 4774 δείξεις
548 4710 655 4762 εἰσὶ
697 4708 792 4761 τοῦ
825 4708 968 4762 θείου
1004 4708 1305 4780 θελήματος
1325 4750 1340 4774 ,
1387 4711 1561 4774 ἄλλως
1591 4713 1684 4765 καὶ
1725 4713 1896 4777 ἄλλως

322 4801 463 4857 κατά
498 4800 595 4870 τὴν
626 4800 779 4868 ἀξίαν
811 4800 919 4854 τῶν
952 4803 1285 4872 μετεχόντων
1317 4803 1414 4873 τῆς
1441 4803 1661 4872 χάριτος
1692 4803 1768 4874 τῷ
1804 4821 1899 4857 κα-

325 4893 480 4964 θαρῷ
519 4910 576 4946 τε
639 4894 729 4946 καὶ
779 4891 1087 4964 ἡγεμονικῷ
1131 4893 1238 4947 τῶν
1289 4894 1458 4963 ἁγίων
1500 4893 1894 4965 ὲλλάμπουσαι.

323 4987 533 5041 Οὐκοῦν
579 4987 873 5056 ἐφθέγγετο
918 4988 1017 5058 μὲν
1066 4989 1094 5040 ὁ
1140 4986 1379 5055 Μωῦσῆς
1410 4985 1485 5048 ὡς
1533 4986 1794 5054 ἐπεφύκει
1839 5004 1898 5039 τε

324 5082 422 5134 καὶ
447 5079 829 5132 ὲπεπαίδευτο’
879 5078 1187 5150 προσετίθει
1225 5078 1281 5130 δὲ
1325 5077 1400 5148 τῷ
1440 5076 1558 5147 Θεῷ
1587 5077 1684 5141 τὰς
1718 5075 1900 5146 φωνὰς

321 5169 556 5232 ταύτας.
591 5169 774 5241 καθὼς
823 5170 1040 5241 εἴρηται
1091 5167 1376 5230 πολλάκις,
1424 5165 1511 5218 διὰ
1540 5166 1599 5218 τὸ
1631 5165 1899 5235 νηπιῶδες

322 5262 433 5315 τῶν
471 5261 595 5331 ἄρτι
629 5264 695 5330 τῇ
722 5261 1019 5330 θεογνωσίᾳ
1048 5257 1494 5330 προσαγομένων,
1532 5255 1665 5326 πρὸς
1695 5257 1896 5327 ἐναργῆ

319 5369 381 5404 τε
434 5350 774 5418 παράστασιν
826 5349 918 5402 τοῦ
950 5350 1103 5402 Θείου
1159 5349 1522 5419 βουλήματος,
1577 5346 1670 5399 καὶ
1720 5345 1794 5408 ὡς
1832 5345 1899 5400 ἂν

320 5439 772 5510 εὐπειθεστέρους
791 5441 1162 5511 ἀπεργάσαιτο
1193 5442 1317 5504 τοὺς
1344 5439 1637 5504 ἀκούοντας
1663 5442 1728 5513 τῇ
1752 5439 1897 5508 ἀξιο-

321 5533 518 5604 πιστίᾳ
546 5531 638 5585 τοῦ
661 5532 941 5603 εἰρηκότος
963 5533 1430 5603 δυσωπουμένους.

395 5713 441 5747 ⁸³
468 5711 614 5768 i‘sal.
648 5727 814 5776 Lux,
846 5711 898 5766 6.
975 5709 1021 5740 “
1053 5707 1216 5766 ll-cbr.
1253 5726 1302 5775 v,
1341 5710 1426 5765 12.

2003 4527 2097 4581 Dei
2140 4543 2266 4592 vox,
2319 4544 2498 4598 neque
2548 4529 2847 4583 secundum
2898 4528 3058 4581 aliam
3109 4526 3337 4581 formam
3379 4541 3570 4581 eorum

2004 4634 2125 4689 quae
2165 4621 2219 4673 in
2268 4618 2525 4689 gentibus
2567 4633 2667 4672 usu
2714 4627 2930 4686 recepta
2975 4624 3123 4679 sunt,
3175 4615 3570 4686 proferebatur,

2004 4709 2098 4765 sed
2129 4710 2448 4780 quicunque
2481 4708 2570 4763 Dei
2607 4723 2890 4763 sermones
2919 4722 2947 4760 a
2989 4706 3136 4761 Mosc
3174 4707 3256 4761 vel
3293 4705 3572 4776 prophetis

2005 4800 2267 4871 descripti
2316 4811 2466 4862 sunt,
2494 4800 2690 4855 divinae
2711 4799 3006 4853 voluntttis
3032 4805 3158 4852 sunt
3190 4796 3570 4861 indicationes,

2001 4889 2159 4943 aliter
2201 4897 2368 4958 atque
2413 4889 2570 4942 aliter
2609 4903 2708 4958 pro
2761 4889 2972 4941 ratione
3019 4901 3206 4940 eorum
3257 4886 3348 4955 qui
3383 4891 3573 4959 gratus

2004 4983 2138 5035 tiunt
2167 4981 2484 5049 participes,
2519 4991 2834 5034 sanctorum
2867 4993 3000 5045 puro
3025 4985 3078 5031 et
3111 4977 3342 5033 rationis
3369 4978 3571 5032 tenenti

2003 5070 2370 5141 principatum
2417 5069 2715 5124 intellectui
2759 5069 3163 5125 illucescentes.
3206 5068 3349 5139 Ergo
3388 5070 3572 5137 loque-

2003 5165 2164 5219 batur
2213 5161 2393 5216 Moses
2440 5162 2582 5216 sicut
2641 5168 2809 5215 natus
2858 5170 2976 5214 erat
3017 5167 3071 5215 et
3120 5160 3400 5222 eruditus;
3468 5156 3573 5207 lteo

2003 5267 2186 5313 autem
2212 5257 2544 5312 attribuebat
2569 5256 2670 5312 has
2700 5271 2884 5320 voces,
2909 5256 3201 5312 ut.dictum
3235 5260 3320 5307 est
3353 5249 3572 5317 sa'pittS.

2005 5357 2228 5418 propter
2255 5340 2520 5418 puerilem
2560 5347 2992 5403 imbecillitatem
3029 5355 3218 5397 eorum
3252 5339 3346 5406 qui
3379 5340 3446 5390 ad
3483 5335 3573 5390 Dei

2005 5436 2372 5508 cognitionem
2421 5435 2866 5498 adducebantur,
2923 5440 2977 5488 et
3027 5429 3096 5484 ad
3160 5425 3466 5482 evidentem
3523 5433 3576 5479 et

2006 5527 2208 5585 claram
2245 5528 2443 5586 divine
2490 5527 2787 5582 voluntatis
2820 5521 3252 5593 expressionem,
3281 5529 3336 5576 et
3367 5529 3426 5575 ut
3455 5520 3589 5576 obc-
