4056 6146
630 288 738 346 999

1838 282 1897 341 S.
1929 279 2259 339 GREGOBII
2300 279 2598 340 NYSSE‘NI

3699 300 3799 357 ιοοο

629 398 933 457 dientiores
968 409 1021 455 et
1078 398 1144 455 ad
1215 398 1519 469 parendum
1586 398 1859 455 faciliores
1928 398 2167 455 ediceret
2237 398 2544 463 auditores,
2591 401 2801 458 veritos
2860 406 3245 460 auctoritatem
3300 416 3352 462 et
3406 410 3680 481 dignitatem
3719 417 3801 485 ejus

632 493 724 563 qui
783 494 935 561 ipsos
981 499 1127 546 esset
1188 492 1479 547 allocutus.

703 584 810 639 Sed
862 593 1020 654 negat
1056 583 1376 646 Eutomius,
1424 585 1518 654 qui
1568 585 1698 639 talia
1729 585 1785 641 in
1832 601 1935 641 nos
1982 584 2219 639 convitia
2249 586 2296 642 Δ

2200 599 2219 637 1
2249 586 2296 642 Α
2407 578 2548 635 Ἀλλ’
2576 582 2638 636 οὗ
2681 600 2849 655 φησιν
2884 586 2913 638 ὁ
2944 585 3226 655 Εὖνόμιος,
3248 589 3276 641 ὀ
3303 588 3541 653 τοιαύτας
3573 591 3674 645 καθ’
3694 595 3802 663 ἡμῶν

631 675 860 746 profert,
924 678 1015 747 qui
1064 678 1269 733 illicitae
1316 686 1370 733 et
1418 677 1640 734 nefariaa
1686 677 2103 734 consuetudinis
2143 678 2229 731 est

633 770 804 824 haeres
845 777 899 823 et
943 777 1240 839 patronus;
1287 785 1550 826 conversa
1600 772 1747 824 enim
1794 770 2128 825 contumelia
2172 768 2227 821 in

633 862 808 931 ipsius
850 862 1205 931 ignominiam
1250 863 1490 933 propriis
1535 878 1659 917 eum
1704 863 1888 919 verbis
1936 860 2226 930 excipiam.

634 950 739 1007 Sed
774 954 952 1022 ipsum
986 953 1091 1007 sibi
1134 952 1339 1007 Mosem
1393 953 1714 1009 testimonio
1760 968 1863 1008 suo
1897 948 2228 1022 patrocinari

630 1043 942 1104 conﬁrmat,
978 1044 1127 1115 quod
1162 1045 1415 1099 videlicet
1456 1059 1485 1097 ο
1528 1044 1639 1099 Deo
1670 1044 1762 1114 qui
1806 1052 2058 1098 naturam
2098 1055 2231 1097 con-

631 1137 791 1197 didit,
823 1147 877 1191 et
907 1153 1096 1191 eorum
1127 1152 1250 1206 quae
1279 1137 1635 1191 nominantur
1681 1144 1735 1192 et
1779 1135 2062 1189 nominum
2098 1149 2229 1188 usus

633 1227 946 1281 hominibus
975 1226 1135 1280 datus
1164 1238 1267 1291 est,
1296 1234 1352 1281 et
1385 1227 1534 1297 quod
1565 1241 1755 1281 eorum
1783 1240 1906 1296 quae
1941 1224 2069 1279 data
2099 1232 2231 1280 sunt

633 1318 925 1386 appellatio
975 1320 1243 1371 utentium
1307 1318 1660 1383 generatione
1701 1325 1780 1372 est
1824 1318 2099 1387 superior,
2149 1318 2230 1372 sic

634 1410 820 1464 omnia
878 1408 945 1462 ad
1007 1410 1234 1463 verbum
1288 1410 1506 1465 locutus
1538 1448 1552 1474 ,
1614 1408 1886 1478 siquidem
1948 1408 2228 1479 proprium

634 1511 835 1555 nactus
860 1509 941 1556 est
975 1502 1209 1570 aliquem
1243 1498 1468 1567 Hosem,
1496 1516 1527 1555 a
1554 1516 1667 1572 quo
1699 1503 1815 1556 haec
1868 1501 2087 1556 erudita
2126 1499 2228 1554 do-

635 1604 811 1658 cetur,
842 1602 1003 1663 atque
1036 1594 1185 1647 illine
1225 1593 1485 1650 incitatus
1529 1596 1733 1650 talibus
1762 1592 1990 1649 confidit
2018 1606 2230 1648 sermo-

638 1687 820 1747 nibus,
845 1686 990 1754 quod
1031 1685 1171 1741 Deus
1220 1687 1335 1757 lege
1368 1687 1567 1749 sancit,
1603 1687 1747 1741 sicut
1778 1687 1866 1741 hic
1911 1686 2030 1755 ipse
2073 1685 2228 1748 dicit,

638 1776 919 1830 hominum
950 1776 1241 1842 dictiones,
1273 1777 1354 1832 sic
1388 1777 1588 1846 jubens
1621 1786 1675 1833 et
1723 1778 1881 1832 aliter
1929 1777 2228 1847 prohibens

635 1868 803 1923 rebus
826 1882 989 1922 voces
1022 1868 1229 1938 imponi
1265 1876 1450 1922 utatur
1485 1884 1588 1938 pro
1620 1885 1723 1924 suo
1752 1869 2017 1923 arbitratu
2047 1869 2227 1939 nugis,

638 1958 942 2027 adiutorem
975 1959 1183 2014 habens
1207 1963 1475 2016 sermonis
1494 1960 1770 2014 occultum
1801 1960 1967 2015 istum
1999 1959 2227 2015 Mosem.

649 2052 805 2118 Quod
840 2053 883 2105 si
907 2054 1057 2107 solus
1086 2060 1168 2107 est
1200 2050 1396 2116 Moses,
1422 2052 1582 2121 cujus
1612 2052 1894 2123 Scriptura
1920 2054 2231 2108 Communis

634 2152 721 2198 est
752 2143 1041 2212 disciplina
1072 2144 1154 2197 his
1186 2144 1278 2212 qui
1310 2143 1557 2198 divinum
1585 2158 1893 2198 sermonem
1927 2142 2072 2197 docti
2098 2144 2229 2215 sint,

635 2234 1144 2289 condemnationem
1170 2234 1524 2305 accipiemus,
1555 2235 1601 2288 si
1635 2248 1667 2288 a
1698 2233 1865 2291 Hosis
1891 2235 2007 2305 lege
2045 2234 2232 2290 redar-

636 2327 873 2395 guimur.
909 2323 1140 2379 Ubinam
1164 2341 1293 2397 ergo
1320 2326 1388 2382 de
1414 2327 1595 2382 verbis
1622 2334 1679 2381 et
1719 2326 2031 2381 nominibus
2060 2326 2229 2397 legem

638 2418 881 2471 invenit?
916 2416 974 2470 In
1001 2416 1122 2486 ejus
1159 2418 1383 2487 scriptis
1415 2418 1737 2488 proponitur
1766 2416 1952 2470 mundi
1999 2416 2227 2480 creatio,

635 2517 692 2563 et
733 2508 992 2578 deinceps
1047 2509 1327 2564 hominum
1390 2510 1804 2581 generationum
1859 2507 2129 2571 recensio,
2178 2516 2233 2563 et

636 2602 1003 2671 quarumdam
1070 2616 1256 2656 rerum
1315 2602 1565 2667 historia,
1623 2608 1679 2657 et
1736 2602 1889 2657 varia
1943 2600 2229 2671 legislatio,

635 2693 814 2764 deque
841 2693 929 2749 his
957 2707 1077 2763 quae
1126 2693 1195 2747 ad
1230 2707 1422 2747 verum
1454 2692 1549 2747 Dei
1586 2692 1794 2747 cultum
1841 2690 2137 2760 pertinent,
2177 2698 2234 2745 et

638 2798 761 2853 qua:
790 2783 842 2837 in
883 2782 1009 2836 vitae
1064 2783 1277 2837 ratione
1320 2788 1449 2836 sunt
1510 2778 1873 2845 observanda,
1933 2779 2047 2834 hac
2104 2786 2233 2835 sunt

641 2873 813 2929 Musis
840 2872 1136 2944 Scriptura:
1173 2873 1449 2943 praecipua
1488 2872 1689 2942 capita.
1723 2869 1881 2937 Quod
1930 2871 1975 2926 si
2010 2871 2100 2926 hic
2132 2885 2231 2925 au-

638 2974 813 3021 tumat
836 2980 959 3020 esse
988 2965 1227 3035 aliquam
1269 2967 1561 3019 verborum
1597 2962 2011 3034 Iegislationem,
2048 2969 2233 3016 osten-

637 3056 733 3111 dat
765 3057 961 3125 legem,
989 3063 1043 3109 et
1071 3069 1174 3125 ego
1219 3055 1433 3110 tacebo.
1475 3054 1581 3110 Sed
1621 3068 1731 3109 non
1778 3061 1967 3125 posset
2010 3054 2229 3118 dicere;

641 3163 748 3202 non
778 3148 926 3204 enim
967 3146 1298 3202 clarioribus
1337 3147 1561 3203 omissis
1593 3145 2106 3201 confirmationibus
2139 3144 2230 3199 illa

2329 672 2427 736 τὰς
2458 672 2728 744 λοιδορίας
2780 676 3098 746 προφέρων,
3135 679 3163 731 δ
3191 678 3291 747 τῆς
3320 678 3568 750 ὲκθέσμου
3594 683 3804 752 συνηθείας

2332 764 2661 833 κληρονόμος
2672 781 2730 817 τε
2748 765 2843 819 καὶ
2862 768 3173 839 συνήγορος·
3191 768 3490 836 ὑπαλλάξας
3504 773 3599 843 γὰρ
3609 773 3687 843 τὴν
3697 772 3805 845 ὓϐριν

2330 856 2410 917 είς
2450 855 2678 925 ἀτιμίαν
2705 859 2819 920 τοῖς
2854 856 3004 922 ἰδίοις
3035 859 3196 912 αὑτὸν
3226 860 3555 932 δεξιώσομαι.
3596 865 3706 917 Ἀλλ’
3744 872 3807 919 αὐ-

2329 946 2421 997 τὸν
2447 945 2594 1016 αὑτῷ
2622 951 2919 1020 μαρτυρεῖν
2944 950 3037 1003 τὸν
3065 952 3303 1006 Μωῦσέα
3323 952 3688 1024 διῖσχυρίζεται,
3706 960 3807 1028 παρὰ

2330 1037 2425 1089 τοῦ
2485 1037 3022 1110 δημιουργήσαντος,
3063 1042 3161 1114 τὴν
3211 1042 3369 1112 φύσιν
3417 1044 3702 1116 δεδωρῆσθαι
3735 1052 3808 1110 τοῖς

2324 1129 2640 1202 ’ἀνθρώποις
2677 1132 2787 1186 τῶν
2814 1151 2872 1187 τε
2921 1134 3337 1205 ὀνομαζομένων
3371 1136 3462 1189 καὶ
3487 1137 3582 1190 τῶν
3606 1139 3808 1209 ὀνομάτων

2329 1220 2431 1290 τὴν
2453 1220 2669 1291 χρῆσιν,
2700 1222 2795 1275 καὶ
2825 1223 2922 1295 τήν
2960 1240 3025 1292 γε
3055 1225 3163 1277 τῶν
3199 1224 3491 1295 δεδομένων
3532 1227 3690 1297 κλῆσιν
3718 1231 3809 1283 ἀνω-

2331 1311 2495 1381 τέραν
2542 1309 2685 1366 εἶναι
2739 1313 2840 1383 τῆς
2888 1315 2997 1368 τῶν
3039 1315 3335 1386 χρωμένων
3378 1316 3635 1384 γενέσεως,
3675 1320 3809 1374 οὑτωσὶ

2332 1406 2511 1458 πάντα
2544 1406 2684 1459 κατὰ
2710 1406 2856 1474 λέξιν
2896 1408 3023 1461 είπιῖ
3046 1424 3068 1459 ν
3089 1426 3104 1439 ·
3140 1410 3188 1462 εί
3222 1410 3319 1479 μὲν
3357 1404 3446 1463 οὖν
3476 1410 3590 1464 ἴδιον
3623 1413 3809 1481 κέκτηταί

2330 1515 2453 1552 τινα
2503 1498 2737 1553 Μωῦσέα
2787 1501 2916 1570 παρ’
2962 1492 3024 1552 οὗ
3064 1500 3132 1553 τὰ
3174 1501 3315 1570 σοφά
3360 1502 3523 1556 ταῦτα
3566 1504 3810 1566 διδάσκεται,

2331 1591 2584 1644 κάκεῖθεν
2630 1591 2948 1662 ὁρμώμενος
2997 1594 3111 1656 τοῖς
3149 1594 3408 1657 τοιούτοις
3460 1594 3703 1666 ἐπιθαρσεί
3741 1596 3813 1648 τῶν

2331 1680 2524 1749 λόγων,
2569 1683 2652 1735 ὅτι
2684 1683 2818 1746 Θεὸς
2858 1683 3271 1755 διαθεσμοθετετ
3292 1726 3305 1749 ,
3350 1684 3523 1749 καθὼς
3555 1680 3682 1751 οὗτος
3703 1688 3811 1750 αὖτίς

2333 1789 2487 1841 φησι,
2513 1773 2622 1827 τῶν
2647 1773 2948 1846 ἀνθρώπων
2971 1775 3069 1840 τὰς
3097 1778 3305 1848 ῥήσεις,
3334 1776 3522 1831 οὑτωσί
3550 1795 3600 1831 τε
3627 1778 3811 1840 minim,

2330 1864 2427 1916 καὶ
2470 1863 2670 1935 ἑτέρως
2714 1866 3071 1938 ἀπαγορεύων
3125 1868 3226 1931 τὰς
3276 1868 3367 1922 ἐπὶ
3413 1868 3515 1922 τῶν
3558 1870 3812 1940 πραγμάτων

2334 1955 2547 2009 κεῖσθαι
2574 1956 2779 2024 φωνὰς,
2804 1959 3090 2029 κεχρήσθω
3117 1959 3257 2031 πρὸς
3276 1959 3338 2014 τὸ
3359 1960 3538 2014 δοκοῦν
3556 1964 3650 2023 τοῖς
3669 1961 3812 2031 λήροις,

2337 2045 2627 2118 σύμμαχον
2665 2047 2804 2119 ἔχων
2834 2048 2926 2102 τοῦ
2959 2050 3119 2119 λόγου
3154 2051 3248 2104 τὸν
3287 2052 3519 2123 κρυπτὸν
3545 2051 3738 2106 Μωῡσέα
3774 2052 3814 2106 Ei

2331 2136 2388 2191 δὲ
2420 2138 2582 2209 μόνον
2623 2139 2739 2193 ἐστὶ
2785 2141 3024 2212 Μωῦσῆς
3063 2136 3126 2194 οὗ
3158 2145 3193 2214 ἡ
3236 2142 3421 2215 Γραφὴ
3462 2142 3617 2198 κοινὸν
3654 2141 3816 2213 μάθημα

2332 2231 2445 2295 τοῖς
2472 2230 2563 2285 τὸν
2597 2230 2738 2285 θεῖον
2758 2232 2917 2290 λόγον
2945 2234 3354 2305 παιδευομένοις
3381 2236 3509 2301 ἐστὶ,
3529 2234 3739 2304 δεξόμεθα
3753 2233 3815 2301 τὴν

2332 2323 2703 2391 κατάγνωσιν,
2748 2326 2797 2377 εί
2836 2325 2941 2379 ὑπὸ
2984 2325 3092 2378 τῶν
3126 2326 3224 2379 τοῦ
3255 2328 3523 2391 Μωῦσέως
3562 2324 3815 2396 ἐλεγχόμεθα

2333 2414 2536 2485 νόμων.
2573 2414 2684 2467 Ποῦ
2712 2417 2893 2469 τοίνυν
2925 2417 3016 2470 τὸν
3048 2419 3179 2490 περὶ
3212 2420 3465 2490 ῥημάτων
3488 2437 3541 2474 τε
3572 2419 3650 2472 καὶ
3678 2416 3815 2486 ὀνομά-

2331 2522 2440 2559 των
2489 2504 2689 2576 εὕρατο
2727 2506 2923 2577 νόμον;
2992 2509 3110 2561 Ἐπ’
3161 2510 3340 2564 αὐτῶν
3380 2510 3613 2564 ἐκθέσθαι
3648 2507 3730 2562 τῶν
3754 2523 3816 2575 γε⁸

2332 2597 2686 2669 γραμμένων,
2715 2601 3075 2670 κοσμογένεια
3102 2604 3199 2655 καὶ
3218 2603 3325 2657 τῶν
3356 2603 3573 2673 καθεξῆς
3595 2599 3816 2671 ἀνθρώπων

2331 2690 2687 2759 γενεαλογία,
2723 2690 2817 2745 καὶ
2864 2693 3211 2763 πραγμάτων
3257 2695 3415 2749 τινῶν
3458 2694 3665 2764 ἱστορία,
3701 2689 3816 2756 καὶὴ

2333 2782 2552 2854 ποικίλη
2594 2783 2905 2856 νομοθεσία,
2948 2785 3074 2857 περί
3100 2803 3161 2839 τε
3191 2786 3299 2839 τῶν
3326 2787 3460 2840 κατὰ
3491 2787 3580 2855 τὴν
3616 2782 3814 2853 λατρείαν,

2333 2876 2428 2929 καὶ
2459 2874 2571 2930 τῶν
2609 2874 2752 2930 κατὰ
2783 2876 2874 2930 τὸν
2908 2875 3020 2947 βίον
3062 2879 3555 2951 παρατηρημάτων.
3580 2874 3728 2928 Ταῦτα
3754 2869 3818 2937 τῆς

2333 2969 2613 3031 Μωῦσέως
2646 2968 2870 3041 Γραφῆς
2908 2967 2977 3022 τὰ
3006 2971 3306 3039 κεφάλαια.
3357 2972 3417 3024 Ei
3453 2969 3505 3022 δέ
3550 2983 3686 3037 φησιν
3713 2958 3818 3023 οὗτος

2333 3055 2473 3113 εἷναί
2502 3077 2624 3113 τινα
2656 3060 2915 3131 ῥημάτων
2945 3062 3291 3131 νομοθεσίαν,
3334 3060 3547 3128 δειξάτω
3586 3059 3661 3111 τὸν
3691 3056 3817 3124 νόμον,

2333 3152 2489 3218 κάγὼ
2518 3153 2885 3224 σιωπήσομαι.
2930 3153 3071 3207 Ἀλλ’
3112 3156 3217 3207 οὐκ
3248 3155 3314 3208 ἂν
3346 3156 3509 3207 εἰπεῖν
3544 3151 3664 3221 ἔχοι·
3686 3148 3732 3200 οὒ
3748 3144 3819 3212 γὰρ

641 3248 1061 3310 persequeretur
1108 3238 1313 3309 quibus
1360 3239 1631 3294 ridiculus
1671 3239 1848 3309 magis
1884 3252 2049 3309 quam
2095 3252 2228 3307 pro.

2216 3266 2228 3280 ’
2256 3258 2299 3316 C
2331 3238 2397 3293 ἂν
2440 3238 2551 3292 τῶν
2590 3241 2996 3310 ἐναργεστέρων
3030 3242 3304 3314 ἀφέμενος
3332 3240 3655 3306 ἀποδείξεων,
3693 3236 3818 3287 ἐκεῖνο

640 3331 838 3386 babilis
871 3331 1147 3385 videretur
1177 3332 1264 3387 his
1312 3332 1408 3403 qui
1448 3339 1628 3387 mente
1660 3338 1789 3385 sunt
1828 3330 2040 3401 praediti
2065 3341 2119 3386 et
2145 3345 2234 3386 θα·-

638 3422 815 3492 piunt.
852 3421 987 3475 Nam
1031 3422 1133 3476 hoc
1171 3431 1362 3492 putare
1389 3436 1514 3476 esse
1562 3422 1781 3489 pietatis
1813 3429 1999 3490 caput,
2042 3436 2235 3491 nempe

640 3514 927 3568 verborum
955 3512 1321 3565 inventionem
1372 3510 1483 3565 Deo
1522 3510 1842 3574 attribuere,
1888 3512 1982 3565 cui
2035 3525 2234 3582 parvus

640 3604 706 3657 ad
728 3603 1148 3657 celebrationem
1183 3609 1334 3656 totus
1363 3600 1621 3662 mundus,
1656 3610 1711 3656 et
1743 3615 1866 3672 quae
1890 3602 1942 3656 in
1973 3602 2089 3672 ipso
2107 3612 2235 3658 sunt

641 3696 927 3756 miracula,
990 3693 1266 3762 quomodo
1322 3707 1431 3746 non
1483 3702 1739 3748 extremae
1798 3703 1885 3751 est
1947 3694 2233 3762 fatuitatis,

642 3786 855 3855 magnis
901 3785 1125 3840 omissis
1178 3799 1245 3840 ex
1300 3787 1558 3842 humanis
1612 3786 1781 3842 Deum
1843 3789 2238 3860 magnificare?

638 3876 863 3931 Iussum
913 3878 1247 3930 creationem
1306 3877 1606 3946 praecessit,
1661 3877 1867 3931 dictum
1923 3878 2143 3947 quidem
2204 3892 2237 3931 a

644 3970 789 4023 Mose
828 3968 1069 4022 humano
1098 3981 1271 4035 more,
1316 3967 1426 4023 Deo
1458 3982 1590 4023 vero
1618 3970 2007 4023 convenienter
2045 3977 2101 4023 et
2143 3968 2238 4023 de-

640 4074 769 4114 eore
795 4059 1016 4113 factum.
1047 4056 1247 4111 Eorum
1273 4058 1438 4129 igitur
1472 4073 1595 4127 quae
1626 4058 1814 4112 divina
1840 4059 2081 4128 potentia
2109 4069 2239 4115 sunt

641 4150 941 4206 constituta
992 4149 1247 4204 voluntas
1299 4156 1384 4204 est
1429 4148 1711 4213 eﬂectrix;
1759 4149 1900 4203 hanc
1948 4151 2236 4205 verborum

638 4242 945 4297 doctrinam
994 4250 1291 4297 accuratus
1315 4250 1367 4296 et
1396 4239 1630 4311 diligens
1692 4242 2102 4310 Scripturarum
2145 4257 2240 4297 eo-

637 4334 822 4404 gnitor
849 4332 1186 4401 pronuntiat.
1220 4331 1285 4386 Et
1325 4332 1549 4402 perinde
1597 4348 1661 4387 ac
1703 4333 1747 4388 si
1799 4333 1939 4389 Deus
1988 4334 2236 4397 dixisset,

640 4425 760 4479 Fiat
816 4424 1063 4490 verbum,
1138 4424 1222 4478 vel
1292 4440 1473 4479 sermo
1526 4425 1931 4490 constituatur,
1991 4427 2073 4479 vel
2135 4426 2239 4479 hoc

637 4516 801 4570 talem
828 4514 1119 4585 quamdam
1160 4515 1424 4570 sortiatur
1454 4516 1893 4585 appellationem,
1924 4518 2005 4571 sic
2040 4517 2106 4571 ad
2142 4533 2239 4587 pa—

638 4608 930 4662 trocinium
950 4621 1169 4662 suarum
1195 4622 1463 4676 nugarum
1492 4607 1745 4677 proponit
1770 4608 2065 4662 motionem
2085 4609 2229 4663 illam
2264 4592 2311 4651 D

636 4716 758 4770 qua
798 4707 884 4754 est
930 4700 984 4753 in
1042 4699 1226 4752 divina
1282 4701 1562 4753 voluntate
1624 4714 1806 4753 rerum
1848 4700 2227 4765 conditricem,

638 4806 750 4860 pra:
794 4792 962 4845 multa
992 4791 1291 4845 attentione
1327 4788 1739 4859 Scripturarum
1788 4800 1839 4845 et
1868 4792 2225 4860 experientia,

640 4897 817 4950 neque
861 4883 965 4936 hoc
1025 4882 1226 4947 sciens,
1286 4883 1429 4953 quod
1480 4883 1790 4937 intellectus
1823 4883 2076 4951 impulsio
2125 4898 2227 4936 vox

637 4988 782 5043 saepe
810 4988 839 5026 a
887 4973 1166 5044 Scriptura
1218 4982 1410 5030 sancta
1450 4976 1783 5029 nominetur.
1831 4974 2009 5043 Atque
2064 4973 2228 5041 hujus

638 5063 797 5118 testis
829 5061 1005 5117 Moses
1043 5064 1178 5131 ipse,
1217 5078 1377 5131 quem
1421 5064 1623 5132 passim
1672 5064 2004 5131 detorquens
2034 5064 2086 5116 in
2127 5064 2226 5117 hac

638 5162 792 5224 parte
819 5152 1109 5223 ignoravit.
1147 5153 1282 5218 Quis
1323 5156 1467 5209 enim
1504 5156 1588 5210 vel
1613 5157 1881 5209 tantillum
1919 5156 1971 5209 in
2015 5157 2135 5224 ejus
2165 5159 2228 5210 li-

641 5250 861 5299 brorum
919 5245 1153 5299 lectione
1207 5251 1458 5299 versatus
1516 5248 1750 5315 ignorat,
1801 5248 1944 5315 quod
1998 5249 2229 5317 populus

638 5338 990 5402 tsraeliticus,
1026 5337 1121 5406 qui
1170 5350 1342 5404 nuper
1382 5350 1449 5389 ex
1500 5336 1734 5407 Egypto
1776 5338 2009 5407 fugerat,
2059 5338 2227 5409 Egy-

636 5428 875 5496 ptiorum
910 5430 1190 5483 incursum
1235 5426 1522 5483 confertim
1554 5428 1609 5481 in
1639 5427 1857 5482 deserto
1887 5430 2230 5484 vehementer

637 5519 928 5571 extinmit?
952 5518 1088 5572 Cum
1115 5528 1295 5573 autem
1324 5517 1564 5589 undique
1592 5520 1778 5589 gravia
1810 5520 1944 5589 ipsis
1988 5522 2227 5590 pericula

637 5609 1029 5679 objiccrentur,
1078 5610 1231 5665 illinc
1279 5611 1416 5666 mari
1466 5612 1757 5666 transitum
1814 5611 2141 5676 obvallaute,
2197 5627 2227 5664 a

640 5705 792 5763 tergo
838 5698 1088 5755 hostibus
1141 5699 1322 5772 fugam
1383 5702 1847 5773 impedientibus,
1903 5704 2222 5775 prephctam

2330 3328 2529 3402 διεξῄει
2555 3329 2622 3383 δι’
2659 3322 2730 3382 ὧν
2754 3331 3162 3399 καταγέλαστος
3194 3334 3411 3405 μᾶλλον,
3437 3333 3468 3403 ἢ
3490 3328 3680 3391 πιθανὸς
3702 3323 3819 3378 ἐδόκει

2330 3424 2443 3485 τοῖς
2480 3438 2545 3489 γε
2575 3422 2701 3476 νοῦν
2732 3421 2933 3493 έχουσι.
2972 3423 3044 3475 Τὸ
3076 3423 3191 3494 γὰρ
3220 3425 3422 3478 οἴεσθαι
3463 3422 3603 3476 τοῦτο
3628 3416 3735 3471 εἶναι
3754 3413 3819 3479 τῆς

2334 3512 2614 3577 εὐσεϐείας
2648 3514 2958 3583 κεφάλαιον,
2988 3515 3067 3578 τὸ,
3101 3517 3365 3586 ῥημάτων
3393 3515 3588 3587 εὕρεσιν
3614 3522 3819 3582 11:10:91.0-

2332 3606 2517 3676 τυρεῖν
2544 3603 2623 3675 τῷ
2644 3605 2783 3676 Θεῷ,
2810 3598 2854 3673 ᾧ
2880 3606 3076 3676 μικρὸς
3098 3609 3183 3671 εἰς
3204 3609 3473 3679 εὐφημίαν
3496 3607 3599 3667 ὅλος
3618 3607 3640 3655 ὁ
3660 3602 3816 3667 κόσμος.

2334 3697 2430 3749 καὶ
2485 3695 2555 3749 τὰ
2604 3698 2663 3748 ὲν
2722 3698 2871 3767 αὑτῷ
2912 3698 3196 3769 θαύματα,
3250 3700 3365 3764 πῶς
3410 3700 3466 3753 οὐ
3508 3700 3594 3768 τῆς
3651 3693 3818 3762 ἐσχάτης

2335 3787 2558 3858 εὐηθίας
2591 3790 2735 3853 εστι,
2767 3789 2872 3841 τῶν
2903 3776 3158 3859 μεγάλιιῐν
3190 3792 3457 3862 ἀφέμενον
3485 3792 3541 3843 ἐκ
3561 3788 3653 3840 τῶν
3670 3783 3816 3845 ἀνθρωσ

2337 3880 2508 3933 πίνων
2539 3880 2826 3950 σεμνύνειν
2859 3881 2918 3933 τὸ
2957 3882 3143 3947 Θεῖονς
3199 3883 3525 3954 Πρόσταγμα
3553 3879 3636 3950 τῆς
3659 3874 3817 3929 κτίσεως

2336 3972 2707 4044 καθηγήσατο,
2733 3972 2894 4043 ῥηθὲν
2920 3973 3017 4043 μὲν
3042 3974 3195 4044 παρὰ
3219 3975 3313 4027 τοῦ
3339 3975 3595 4035 Μωῦσέως
3623 3967 3816 4034 ἀνθρωπι-

2339 4066 2471 4132 κῶς,
2515 4063 2919 4135 θεοπρεπῶςδὲ
2959 4065 3274 4135 γενόμενον.
3318 4066 3390 4119 Τὸ
3425 4065 3585 4117 τοίνυν
3617 4048 3815 4141 ποιητικὸν

2338 4156 2446 4209 τῶν
2474 4156 2596 4227 θείᾳ
2635 4156 2863 4226 δυνάμει
2910 4158 3322 4226 συνεστηκότων
3352 4157 3578 4226 θέλημαο
3609 4149 3730 4203 τοῦτο
3752 4144 3813 4209 ρη-

2344 4248 2527 4317 μάτων
2555 4246 2903 4299 διδασκαλίαν
2936 4246 2963 4298 ὁ
2991 4247 3229 4318 ἀκριϐὴς
3258 4248 3513 4316 ἑπιῖστωρ
3538 4242 3629 4295 τῶν
3656 4230 3813 4305 Γραφῶν

2339 4338 2720 4406 ἀποφαίνεται.
2763 4339 2870 4390 Καὶ
2918 4336 3105 4409 ὥσπερ
3140 4339 3386 4401 εἰπόντος
3412 4337 3502 4390 τοῦ
3538 4331 3669 4395 Θεοῦ,
3704 4326 3811 4388 Γενιο

2341 4428 2487 4499 θήτω
2531 4427 2712 4497 ῥῆμαο
2748 4427 2781 4497 ἢ
2827 4429 3076 4497 συστήτω
3118 4428 3309 4496 λόγος,
3359 4428 3391 4499 ἢ
3426 4427 3533 4480 τάδε
3565 4419 3728 4476 τοιάνδε
3752 4413 3811 4464 λα’

2341 4518 2482 4587 χέτω
2516 4516 2614 4586 τὴν
2639 4514 2851 4585 κλῆσιν,
2894 4516 3067 4579 οὕτως
3093 4520 3172 4580 είς
3209 4518 3524 4589 συνηγορίαν
3546 4506 3809 4583 προδάὶλεται

2336 4608 2442 4661 τῶν
2469 4606 2615 4661 ἰδίων
2639 4606 2820 4678 λήρων
2847 4608 2943 4680 τὴν
2966 4611 3337 4684 ὑποστατικην
3364 4613 3460 4682 τῆς
3490 4609 3683 4663 κτίσεως
3702 4602 3741 4651 ἐν
3766 4591 3808 4659 il?

2338 4698 2468 4769 θείῳ
2499 4698 2762 4769 θελήματι
2809 4701 3041 4771 κίνησιν,
3100 4704 3206 4756 ὑπὸ
3236 4704 3431 4773 πολλῆς
3482 4696 3711 4773 προσοχῆς
3747 4686 3813 4739 τῶν

2337 4790 2571 4860 Γραφῶν
2616 4790 2711 4843 καὶ
2764 4793 3057 4863 ἐμπειρίας
3104 4795 3226 4847 οὐδὲ
3272 4796 3427 4847 τοῦτο
3467 4790 3622 4851 εἰδὼς,
3653 4789 3714 4838 ὅτι
3756 4774 3813 4829 καὶ

2334 4883 2479 4953 ὁρμὴ
2534 4884 2772 4946 διανοίας
2828 4885 2979 4956 φωνὴ
3031 4887 3294 4951 πολλάκις
3344 4885 3490 4957 παρὰ
3534 4883 3618 4953 τῆς
3662 4878 3814 4945 regii;

2335 4974 2676 5044 ὀνομάζεται.
2732 4976 2837 5027 Καὶ
2875 4976 3064 5029 τούτου
3111 4981 3323 5049 μάρτυς
3355 4976 3577 5045 Μωῦσῆς
3615 4959 3814 5025 α’)τδςνδ’¹

2334 5066 2575 5135 πολλαχῆ
2610 5066 2921 5137 περισύρων
2965 5068 3106 5121 κατὰ
3150 5070 3307 5122 τοῦτο
3342 5069 3401 5121 τὸ
3445 5067 3593 5138 μέρος
3634 5056 3813 5127 ἠγνόηκε

2332 5158 2427 5220 Τίς
2459 5158 2566 5227 γὰρ
2590 5159 2691 5210 οὐκ
2731 5153 2839 5211 οἶδε
2863 5159 2970 5211 τῶν
2997 5160 3243 5215 ὁπωσοῦν
3269 5157 3675 5230 καθομιληκότων
3700 5148 3745 5215 τῇ
3766 5140 3817 5210 ἕλ’

2335 5249 2464 5320 ὅλῳ,
2492 5251 2572 5303 ὅτι
2600 5251 3022 5321 κατεπλάγησαν
3056 5254 3152 5322 μὲν
3184 5252 3393 5322 ἀθρόως
3417 5253 3471 5303 ἐν
3496 5251 3552 5319 τῇ
3575 5244 3727 5315 ἐρήμῳ
3746 5232 3817 5283 τὼν

2335 5340 2645 5408 Αἰγυπτίων
2677 5342 2775 5412 τὴν
2809 5343 2993 5411 ἔφοδον
3025 5346 3052 5397 ὁ
3106 5346 3441 5415 Ἰσραηλίτης
3472 5341 3608 5401 λαὸς,
3636 5335 3730 5401 ἄρτι
3753 5324 3816 5421 τὴν

2337 5433 2609 5500 Αἴγυπτον
2645 5433 3013 5503 ἀποδράντες;
3062 5436 3400 5504 Πανταχόθεν
3440 5434 3491 5486 δὲ
3530 5428 3817 5499 προσφερίλμί⁸

2336 5542 2441 5578 νων
2473 5525 2657 5588 αὐτοῖς
2689 5526 2798 5577 τῶν
2850 5527 3072 5592 δεινῶν,
3108 5527 3313 5581 ἐκεῖθεν
3357 5530 3450 5596 τῆς
3474 5510 3814 5605 θαλάσσης

2335 5614 2677 5685 τειχιζούσης
2700 5616 2796 5687 τὴν
2827 5619 3078 5689 πάροδον,
3117 5619 3343 5673 κατόπιν
3381 5616 3483 5670 τῶν
3515 5604 3814 5693 ττολτῖὲλίίυνῖἶἲν

2338 5707 2513 5780 φυγὴν
2543 5708 2880 5778 κωλυόντων,
2912 5713 3197 5774 συστάντες
3228 5711 3359 5781 πρὲς
3384 5710 3468 5763 τὸν
3498 5702 3730 5775 προφήτην
3749 5697 3813 5749 iii
