4054 6152
629 251 767 305 1005

1857 255 1911 309 S.
1941 254 2264 310 GREGORII
2295 254 2584 311 NYSSE-Nl

3667 270 3683 321 l
3693 270 3765 326 0N

627 365 877 434 quamvis
894 379 997 419 una
1024 373 1220 419 natura
1247 363 1302 420 in
1330 377 1561 436 utroque
1586 370 1800 423 nomine
1831 372 2188 442 significetur,

2260 422 2262 429 .
2292 371 2382 426 τὸν
2412 374 2570 426 αὑτὸν
2604 373 2802 444 τρόπον
2837 373 2928 427 καὶ
2957 373 3048 424 ἐπὶ
3078 371 3170 426 τοῦ
3203 374 3419 444 ούρανοῦ
3447 417 3458 438 ,
3488 377 3566 429 καὶ
3595 380 3665 432 τοῦ
3688 401 3764 437 στι.

627 466 805 511 tamen
833 457 1110 526 proprium
1156 458 1411 528 quiddam
1448 475 1636 515 eorum
1666 477 1784 531 qum
1824 464 1875 516 in
1910 464 2009 518 hac
2046 479 2199 518 crea-

625 562 745 604 tura
783 549 934 614 fiunt,
988 551 1269 604 nominum
1329 551 1633 607 diﬂ'ercnlia
1678 554 1952 624 exprimit.
2021 553 2200 621 Quare

627 632 726 697 nos
752 642 818 696 ad
850 643 950 697 hoc
982 643 1276 705 intuentes,
1310 645 1457 699 aliud
1488 646 1614 713 quid
1650 646 1913 702 discimus
1949 647 2072 702 (δα)ὶί
2102 661 2195 716 ap-

626 733 937 802 pellatione,
975 734 1121 788 aliud
1167 749 1292 789 vero
1348 735 1688 791 ﬁrmamenti.
1715 737 1848 790 Cum
1888 738 2033 792 enim
2078 756 2194 795 sen-

627 826 804 880 sibilis
860 833 1123 880 creatura:
1153 828 1441 880 terminum
1492 828 1756 883 describit
1813 844 2014 893 sermo,
2078 841 2199 901 post

627 931 788 984 quam
821 917 1174 988 intelligibilis
1190 928 1240 973 et
1261 920 1688 974 transmundana
1717 929 1968 975 creatura
2001 937 2197 978 succc-

628 1007 763 1064 dens
825 1009 1048 1071 desinit,
1097 1012 1504 1080 comparatione
1547 1012 1666 1081 ejus
1710 1013 1855 1083 quod
1898 1016 2045 1083 tangi
2091 1031 2198 1069 non

630 1110 806 1169 potest
836 1109 888 1156 et
907 1104 1286 1172 incorporeum
1309 1114 1392 1160 est
1414 1112 1467 1158 et
1494 1103 1666 1159 forma
1696 1115 1867 1167 caret,
1900 1105 2202 1162 firmamen-

631 1202 744 1245 tum
772 1193 994 1260 dicitur,
1056 1195 1380 1264 principium
1405 1206 1460 1249 et
1521 1194 1642 1250 linis
1672 1197 1853 1252 omnis
1903 1197 2201 1251 materialis

630 1285 967 1339 substantiae.
1000 1285 1134 1340 Cum
1161 1292 1339 1340 autem
1392 1285 1710 1341 inferiorum
1757 1303 2046 1357 corporum
2083 1303 2198 1341 am-

632 1374 796 1428 bitum
825 1375 1182 1443 exquirimus,
1216 1391 1324 1446 quo
1354 1377 1530 1432 omnis
1566 1379 1862 1433 materialis
1890 1382 2202 1434 continetur

631 1473 844 1528 natura,
880 1465 980 1518 huc
1010 1467 1204 1520 ccelum
1233 1467 1568 1536 appellamus
1597 1469 1739 1537 quod
1760 1470 2053 1524 visibilium
2085 1488 2202 1525 om-

631 1556 781 1609 nium
845 1558 1110 1612 terminus
1138 1557 1389 1612 efﬁcitur.
1434 1559 1634 1613 Eodem
1686 1560 1846 1614 modo
1875 1569 1928 1616 et
1964 1563 2016 1615 in
2058 1570 2200 1616 terra

631 1649 801 1717 arida,
833 1651 1088 1720 quoniam
1129 1653 1181 1706 in
1217 1652 1328 1707 haec
1353 1653 1462 1707 duo
1487 1653 1749 1707 elementa
1789 1655 2041 1709 deorsum
2075 1671 2197 1709 ver—

630 1744 726 1810 git,
763 1749 817 1796 et
854 1744 1034 1812 gravis
1068 1753 1257 1798 natura
1288 1745 1580 1800 distributa
1618 1755 1722 1812 est,
1757 1756 1956 1801 terram
1989 1749 2114 1803 dico
2145 1756 2197 1803 cl

628 1849 820 1903 aquas,
851 1835 966 1890 hzrc
990 1837 1206 1905 quidem
1245 1835 1409 1891 aridae
1434 1838 1722 1908 appellatio
1753 1839 2041 1910 distinguit
2075 1856 2204 1909 quu-

628 1923 918 1988 dammodo
957 1925 1026 1978 ab
1064 1941 1123 1978 ea
1161 1926 1420 1994 qualitate
1465 1942 1585 1996 quae
1629 1942 1691 1980 ex
1724 1927 1951 1982 adverso
1982 1927 2085 1996 ipsi
2121 1943 2205 1981 rc-

629 2014 887 2083 spondet;
911 2017 1252 2085 oppositione
1285 2017 1428 2070 enim
1460 2017 1523 2070 ad
1557 2017 1607 2070 id
1634 2017 1774 2086 quod
1807 2025 1890 2072 est
1922 2017 2202 2070 humidum

630 2106 781 2160 arida
808 2109 1187 2176 cognominata
1219 2119 1321 2172 est,
1343 2122 1467 2161 cum
1521 2108 1706 2162 divino
1733 2108 1986 2162 mandato
2009 2125 2202 2179 aquam

630 2195 1019 2252 circumfusam
1048 2213 1254 2252 exuens
1289 2199 1340 2252 in
1374 2201 1588 2268 propria
1616 2199 1878 2268 qualitate
1931 2200 2200 2271 apparuit.

629 2285 835 2341 Nomen
885 2297 1062 2343 autem
1116 2296 1272 2343 terra:
1323 2305 1431 2342 non
1478 2288 1712 2358 amplius
1762 2289 1922 2342 unius
1974 2289 2205 2358 alicujus

627 2393 815 2432 carum
840 2379 1158 2448 qualitatum
1190 2396 1312 2449 quae
1353 2380 1406 2433 in
1443 2381 1557 2448 ipsa
1590 2386 1738 2442 sunt,
1781 2378 2198 2448 signiﬁcantiam

629 2463 998 2528 demonstrat,
1050 2467 1142 2521 sed
1191 2483 1287 2537 per
1331 2468 1438 2521 vim
1474 2467 1886 2537 signiﬁcalivam
1924 2483 2044 2537 quae
2077 2469 2204 2523 huic

628 2554 856 2609 dictioni
891 2557 1052 2619 inest,
1086 2571 1249 2611 cunne
1276 2557 1675 2626 complectitur,
1710 2556 1850 2626 quod
1881 2555 1934 2608 in
1975 2556 2075 2611 hoc
2097 2558 2207 2611 ele—

631 2652 814 2699 mento
857 2645 1193 2716 intelligitur,
1236 2657 1294 2700 ut
1323 2648 1464 2716 quod
1496 2648 1715 2710 durum,
1753 2649 1896 2718 quod
1948 2649 2202 2710 densum,

630 2735 772 2804 quod
810 2751 992 2804 grave,
1028 2738 1170 2805 quod
1213 2740 1467 2802 resistit,
1499 2740 1642 2809 quod
1695 2740 1763 2794 ad
1809 2755 2026 2795 omnem
2088 2739 2206 2792 fru-

630 2835 815 2881 ctuum
851 2837 904 2881 et
927 2828 1240 2883 animalium
1272 2831 1628 2884 nutritionem
1679 2841 1863 2901 aptum
1898 2841 2002 2887 est.
2040 2830 2207 2902 Igitur

631 2935 738 2974 non
771 2935 800 2972 a
830 2936 1078 2976 sermone
1127 2925 1507 2992 cognominata
1553 2933 1637 2980 est
1693 2926 1864 2989 arida,
1901 2933 1958 2979 ut
1991 2927 2061 2980 sit
2090 2926 2193 2979 hoc

2301 462 2578 534 ρεὼματος
2601 506 2614 527 ,
2653 465 2780 535 μιᾶς
2826 464 3038 533 φύσεως
3078 465 3135 516 ὲν
3167 465 3401 535 ἑκατέρῳ
3441 466 3537 518 τῶν
3561 470 3767 539 ὀνομάτων

2301 571 2366 625 ση
2375 556 2723 626 μαινομένης,
2755 555 2882 608 ῐδιόν
2903 572 2953 608 τι
2976 554 3084 607 τῶν
3114 556 3168 609 ἑν
3188 558 3253 625 τῇ
3271 556 3430 609 κτίσει
3455 557 3605 630 ταύτῃ
3618 563 3770 632 γινομέ-

2301 647 2457 716 νωνή
2487 647 2715 719 διαφορά
2742 647 2848 700 τῶν
2876 637 3152 717 όνομᾶτων
3183 648 3656 718 παρίστησιν.“Ωστε
3678 655 3770 722 πρὶς

2299 737 2454 792 τοῦτο
2497 738 2786 807 βλέποντας
2820 739 2965 809 ἡμᾶς
2991 779 3004 800 ,
3039 738 3165 790 ἄλλο
3202 756 3254 790 τι
3293 738 3470 808 μαθεῖν
3504 739 3578 793 διὰ
3606 744 3682 812 τῆς
3709 743 3770 796 τοῦ

2300 831 2525 900 ούρανοῦ
2553 829 2938 901 προσηγορίας,
2963 829 3146 900 ἕτερον
3171 829 3227 882 δὲ
3249 829 3332 882 διὰ
3352 829 3439 882 τοῦ
3462 830 3769 901 στερεὼματος.

2303 922 2471 973 Ὅταν
2500 920 2598 990 μὲν
2620 920 2727 992 γὰρ
2757 921 2817 973 τὸ
2847 921 3018 992 πέρας
3051 920 3152 990 τῆς
3178 920 3435 990 αἰσθητῆς
3464 919 3659 984 κτίσεως
3682 924 3772 975 iam.

2301 1013 2487 1086 γράφῃ
2513 1017 2542 1066 ὁ
2577 1013 2731 1081 λόγος
2753 1053 2766 1077 ,
2802 1012 2920 1084 μεθ’
2948 1013 3012 1082 ἢν
3045 1015 3078 1082 ἡ
3111 1012 3270 1083 νοητή
3300 1028 3357 1064 τε
3380 1012 3468 1064 καὶ
3493 1012 3775 1084 ὑπερκόσμιος

2301 1105 2600 1175 διαδέχεται
2641 1104 2792 1175 λῆξις
2819 1146 2831 1169 ,
2868 1102 3150 1174 συγκρίσει
3181 1105 3248 1174 τῇ
3290 1102 3418 1173 πρὸς
3458 1102 3512 1155 τὸ
3534 1103 3698 1171 ἀναφὲς
3715 1107 3776 1156 καὶ

2301 1197 2588 1266 ἀσώματον
2614 1195 2707 1250 καὶ
2734 1195 2988 1258 ἀνείδεον,
3015 1194 3300 1265 στερέωμα
3322 1192 3540 1261 λέγεται,
3567 1193 3720 1264 ἡάρχὴ
3739 1211 3776 1245 τε

2301 1287 2396 1342 κού⁸
2426 1287 2487 1340 τὸ
2519 1287 2689 1359 πέρας
2720 1287 2898 1357 πάσης
2929 1287 3026 1356 τῆς
3064 1286 3251 1354 ὑλικῆς
3291 1284 3622 1346 ὑποστάσεως.
3661 1286 3776 1337 Ὅταν

2301 1379 2356 1432 δὲ
2394 1379 2490 1447 τὴν
2529 1378 2636 1430 τῶν
2688 1376 3060 1448 ὑποκειμένων
3105 1373 3362 1445 περιοχὴν
3404 1373 3714 1442 ἐξετάζωμεν,
3750 1367 3779 1438 ᾧ

2303 1473 2451 1525 πᾶσα
2485 1472 2516 1541 ἡ
2554 1469 2712 1540 ὑλικὴ
2760 1469 3169 1540 περικρατεῖται
3203 1466 3391 1534 φύσις,
3422 1464 3620 1534 οὐρανὸν
3647 1462 3780 1515 τοῦτον

2303 1561 2776 1633 προσαγορεύομεν
2811 1560 2900 1612 τὸν
2929 1559 3035 1612 τῶν
3073 1556 3282 1628 ὁρατῶν
3314 1556 3520 1610 πάντων
3552 1556 3654 1626 ὅρον
3680 1556 3780 1621 γινό-

2307 1671 2484 1724 μενον.
2524 1653 2626 1705 Τὸν
2672 1651 2835 1704 αὑτὸν
2881 1649 3079 1720 τρόπον
3127 1648 3220 1701 καὶ
3251 1648 3344 1701 ἐπὶ
3391 1647 3483 1716 τῆς
3508 1645 3596 1714 γῆς
3625 1644 3782 1712 καὶτῆς

2307 1749 2495 1820 ξηρᾶς,
2530 1745 2712 1816 ἐπειδὴ
2745 1744 2878 1814 πρὸς
2901 1742 2994 1795 δύο
3020 1741 3194 1795 ταῦτα
3228 1741 3459 1809 στοιχεῖα
3483 1738 3512 1807 ἡ
3537 1734 3783 1805 κατωφερὴς

2306 1843 2397 1895 καὶ
2429 1839 2616 1910 βαρεῖα
2654 1835 2812 1905 φύσις
2843 1833 3156 1904 διεμερίσθη
3179 1875 3192 1894 ,
3227 1831 3359 1902 πρός
3383 1847 3438 1882 τε
3476 1829 3561 1899 τὴν
3585 1829 3666 1897 γῆν
3687 1843 3783 1894 φημι

2279 1997 2281 2000 ι
2305 1933 2397 1985 καὶ
2417 1931 2485 1984 τά
2515 1931 2701 1993 ὕδατα,
2728 1932 2760 1998 ἡ
2798 1927 2896 1998 μὲν
2916 1927 3016 1996 τῆς
3039 1925 3209 1996 ξηρᾶς
3239 1921 3576 1993 προσηγορία,
3603 1918 3786 1972 6mm).-

2305 2023 2426 2093 τική
2461 2039 2577 2084 πως
2598 2022 2695 2090 τῆς
2714 2016 3153 2088 ἁντιστοιχούσης
3185 2016 3457 2090 ποιότητος
3471 2055 3484 2078 ,
3511 2015 3568 2082 τῇ
3588 2010 3676 2079 γὰρ
3693 2008 3784 2078 πρὸς

2305 2115 2366 2168 τὸ
2408 2114 2571 2184 ὑγρὸν
2620 2108 3075 2181 ἀντιπαραθέσει,
3111 2107 3256 2180 ξηρὰ
3300 2105 3700 2174 κατωνόμασται,
3726 2100 3782 2151 ὅτε

2306 2204 2687 2275 ἀποδυσαμένη
2740 2201 2867 2272 θείῳ
2917 2201 3299 2271 προστάγματι
3349 2197 3405 2249 τὸ
3445 2191 3784 2265 περικεχυμένον

2308 2299 2449 2369 ’ὑδωρ
2474 2338 2486 2360 ,
2511 2298 2602 2348 ἐπὶ
2627 2295 2725 2364 τῆς
2751 2294 2886 2356 ἰδίας
2929 2292 3215 2362 ποιότητος
3252 2289 3440 2360 ἐφάνη.
3464 2289 3530 2340 Τὸ
3551 2287 3598 2340 δὲ
3617 2289 3693 2354 τῆς
3717 2281 3785 2351 γῆς

2306 2389 2495 2459 ὄνομα,
2541 2385 2722 2438 οὐκέτι
2758 2385 2884 2454 μιᾶς
2911 2400 3052 2446 τινος
3075 2381 3186 2435 τῶν
3226 2382 3352 2452 περὶ
3381 2379 3535 2445 αὑτὴν
3564 2375 3786 2442 ποιοτήτων

2305 2481 2404 2552 τὴν
2433 2477 2706 2550 σημασίαν
2732 2476 3081 2537 ἐνδείκνυται,
3108 2474 3249 2527 ἀλλά
3277 2474 3380 2526 πᾶν
3409 2465 3788 2542 ἐμπεριλαμϐάνει

2307 2570 2393 2624 διά
2441 2571 2538 2640 τῆς
2585 2567 2905 2638 ἐγκειμένης
2954 2565 3249 2636 ἐμφάσεως
3290 2564 3350 2616 τὸ
3396 2566 3448 2615 ὲν
3496 2560 3564 2630 τῷ
3607 2555 3788 2624 στοιχείῳ

2307 2659 2614 2728 νοούμενον,
2637 2651 2747 2710 οἷον
2776 2656 2836 2708 τὸ
2857 2654 3069 2717 ναστὸν,
3099 2654 3165 2707 τὸ
3191 2652 3406 2717 πυκνὸν,
3437 2650 3492 2703 τὸ
3515 2645 3733 2720 ἐμϐριθὲς,
3751 2640 3791 2693 τδ

2309 2749 2618 2811 ἀντίτυπον,
2642 2748 2702 2800 τὸ
2735 2748 2868 2819 πρὸς
2903 2749 3080 2800 πᾶσαν
3110 2745 3343 2815 καρπῶν
3366 2760 3422 2796 τε
3452 2742 3536 2795 καὶ
3557 2737 3788 2803 ζώωνάνει-

2306 2843 2509 2912 τροφὴν
2567 2840 2894 2911 ἐπιτήδειον.
2953 2837 3168 2891 Οὐκοῦν
3206 2837 3265 2889 οὑ
3305 2829 3652 2906 μετωνομάσθη
3689 2823 3792 2893 περὶ

2307 2930 2400 2982 τοῦ
2430 2930 2588 2998 λόγου
2617 2931 2649 2999 ἡ
2675 2928 2829 2998 ξηρὰ,
2853 2927 2988 2996 πρὸς
3007 2927 3066 2979 τὸ
3093 2925 3402 2978 τελευταῖον
3432 2918 3678 2989 ἐπικληθὲν
3700 2914 3790 2979 αὐτῇ

631 3022 964 3082 postremum
1017 3014 1066 3068 ei
1098 3031 1294 3070 nomen
1327 3016 1580 3071 inditum.
1614 3016 1732 3072 Non
1785 3019 1927 3073 enim
1956 3019 2204 3088 deposuit

2260 3046 2276 3100 ι
2310 3020 2500 3091 ὄνομα.
2537 3021 2612 3072 Οὑ
2636 3019 2742 3090 γὰρ
2770 3017 3000 3071 ἀπέθετο
3029 3017 3116 3070 διὰ
3147 3015 3244 3070 τοῦ
3274 3013 3510 3082 δευτέρον
3535 3008 3739 3077 ὀνόματος
3754 3001 3792 3051 τὸ

632 3121 728 3176 per
751 3105 1053 3160 secundum
1115 3122 1310 3162 nomen
1342 3115 1399 3162 ut
1425 3108 1576 3163 arida
1627 3113 1697 3165 sit
1731 3118 1783 3164 et
1807 3109 2044 3178 dicatur,
2079 3111 2199 3174 sed,

633 3208 880 3257 manente
907 3200 1265 3271 appellatione
1292 3208 1345 3254 et
1373 3201 1472 3256 hac
1501 3201 1695 3268 et.illa,
1719 3203 1905 3273 utique
1932 3204 2210 3258 nominum

631 3295 847 3364 propria
879 3293 1125 3366 quaedam
1169 3293 1357 3348 subest
1406 3294 1732 3364 signiﬁcatio
1795 3315 1808 3348 :
1842 3296 1955 3349 hzec
1994 3295 2208 3364 quidem

631 3401 750 3454 qua:
775 3385 965 3440 dividit
1012 3399 1076 3438 ac
1104 3385 1439 3454 distinguita
1469 3384 1669 3438 diversi
1700 3387 1913 3455 generis
1934 3395 2128 3440 natura
2159 3396 2213 3442 et

634 3477 1009 3546 proprietate;
1048 3475 1138 3528 illa
1196 3488 1326 3527 vero
1379 3488 1500 3541 quae
1537 3487 1751 3527 omnem
1803 3489 1923 3543 quae
1992 3477 2046 3530 in
2095 3477 2211 3546 ipsa

633 3574 910 3636 spectatur
953 3565 1249 3634 potentiam
1307 3564 1731 3634 complectitur:
1773 3566 1852 3620 sic
1893 3575 1946 3622 et
2003 3569 2057 3621 in
2094 3570 2212 3624 luce

633 3667 687 3712 ct
720 3658 834 3722 die,
863 3658 943 3712 sic
975 3671 1175 3712 rursus
1225 3657 1281 3711 in
1318 3665 1477 3712 nocte
1513 3665 1568 3712 et
1597 3659 1840 3713 tenebris
1879 3659 2208 3723 invenimus,

633 3765 740 3805 non
776 3747 994 3821 syllaba:
1028 3763 1224 3804 sonum
1261 3749 1328 3803 ab
1361 3748 1600 3805 universi
1660 3750 1943 3806 conditore
1982 3749 2207 3819 factum,

635 3841 728 3898 sed
767 3855 948 3896 rerum
981 3842 1343 3899 substantiam
1377 3858 1513 3912 quas
1548 3859 1645 3914 per
1688 3844 1786 3900 has
1816 3847 2210 3916 appellationes

634 3932 1037 4002 cognoscimus.
1067 3930 1366 3985 Solvuntur
1382 3931 1472 3986 Dei
1499 3932 1774 3986 voluntate
1792 3933 1930 3989 lucis
1958 3933 2210 4004 ingressu

634 4026 870 4080 tenebrae
902 4024 1259 4095 pmvalentes
1284 4039 1380 4093 per
1434 4023 1663 4094 primam
1720 4032 2062 4092 creaturam;
2112 4026 2209 4081 sed

635 4119 889 4188 quoniam
926 4124 1070 4172 terra
1106 4116 1160 4170 in
1196 4114 1375 4170 medio
1426 4115 1926 4187 comprehenditur,
1957 4129 2019 4171 ac
2046 4117 2209 4171 undi-

633 4220 739 4274 que
760 4218 880 4258 eam
903 4203 1246 4258 diversorum
1265 4202 1656 4258 elementorum
1689 4204 1925 4259 ambitus
1949 4206 2202 4272 sustinet,

633 4296 776 4350 sicut
807 4295 883 4348 ait
911 4292 1013 4349 Job
1055 4292 1191 4358 ιριιί
1223 4293 1467 4362 appendit
1489 4303 1685 4348 terram
1706 4311 1863 4364 super
1887 4298 2112 4352 nihilum
2134 4298 2202 4364 ⁸⁸,

2318 3111 2456 3182 ξηρὰ
2489 3112 2582 3165 καὶ
2630 3107 2763 3163 εἶναι
2797 3110 2888 3162 καὶ
2935 3108 3230 3177 λέγεσθαι,
3272 3105 3432 3167 ἀλλὰ,
3470 3101 3694 3174 μενούσης
3729 3094 3793 3160 τῆς

2315 3202 2560 3272 κλήσεως
2580 3201 2672 3254 καὶ
2691 3201 2894 3271 ταύτης
2914 3198 3205 3266 κάκείνης,
3228 3197 3462 3266 ἐκατέρῳ
3484 3193 3578 3246 τῶν
3592 3185 3793 3256 ὀνομάτων

2317 3295 2419 3349 ίδία
2439 3311 2522 3356 τις
2551 3292 2758 3364 ὑπέστη
2796 3292 3071 3363 σημασία·
3115 3291 3154 3361 ἡ
3187 3290 3306 3361 μὲν,
3340 3277 3707 3356 ἀντιδιαιρετικὴ
3727 3274 3794 3364 τῆς

2314 3383 2656 3457 ἐτερογενοῦς
2681 3382 2893 3452 φύσεώς
2917 3400 2977 3435 τε
3007 3381 3098 3434 καὶ
3130 3381 3414 3452 ἰδιότητος,
3437 3377 3532 3449 ἡδὲ
3557 3363 3794 3443 περιεκτικὴ

2314 3475 2494 3546 πάσης
2541 3473 2642 3545 τῆς
2677 3475 2734 3526 ἐν
2773 3474 2908 3543 αὑτῇ
2955 3471 3342 3542 θεωρουμένης
3374 3468 3648 3537 δυνάμεως·
3675 3457 3795 3546 οὕτως

2313 3567 2407 3621 καὶ
2435 3543 2528 3618 ἐπὶ
2565 3543 2657 3618 τοῦ
2692 3564 2867 3634 φωτὸς
2911 3563 3004 3617 καὶ
3052 3547 3161 3632 τῆς
3196 3563 3422 3634 ἡμέρας,
3461 3560 3545 3612 καὶ
3589 3543 3794 3606 πάλινὲπὶ

2310 3660 2409 3730 τῆς
2437 3659 2629 3721 νυκτὸς
2668 3659 2760 3710 καὶ
2792 3655 2883 3708 τοῦ
2929 3655 3160 3719 σκότους
3193 3655 3523 3726 εὑρίσκομεν,
3566 3647 3615 3700 οὐ
3657 3640 3794 3695 συλλει·

2313 3748 2423 3802 ϐῶν
2462 3744 2594 3820 ἦχον
2646 3746 2795 3818 παρά
2837 3744 2931 3798 τοῦ
2971 3745 3203 3817 ποιητοῦ
3237 3745 3346 3797 τῶν
3390 3744 3515 3795 ὅλων
3544 3737 3621 3791 ἐπὶ
3650 3730 3794 3828 sciter!

2311 3819 2839 3912 δημιουργούμενον,
2879 3838 3013 3892 ἀλλά
3062 3838 3406 3909 πραγμάτων
3450 3833 3699 3888 ὑπόστασιν
3737 3819 3793 3919 διξ

2312 3932 2419 3986 τῶν
2452 3929 2833 4002 προσηγοριῶν
2863 3929 3068 3982 τούτων
3104 3929 3464 3999 γινώσκομεν.
3510 3921 3674 3976 Λύεται
3700 3927 3795 3967 κιτι

2309 4024 2370 4076 τὸ
2408 4023 2532 4094 ϐέλη
2544 4041 2617 4094 μα
2643 4022 2736 4075 τοῦ
2760 4021 2892 4075 Θεοῦ
2922 4023 2987 4092 τῇ
3020 4021 3214 4092 εἰσόδῳ
3242 4020 3334 4073 τοῦ
3367 4017 3528 4088 φωτὸς
3550 4014 3601 4065 τὺ
3630 4013 3793 4073 ἐπικρα-

2310 4117 2438 4171 τοῦν
2469 4116 2661 4178 σκότος
2694 4114 2845 4186 παρά
2874 4114 2972 4184 τὴν
2999 4112 3228 4185 πρώτην
3259 4114 3450 4175 κτίσιν,
3478 4109 3566 4177 τῆς
3588 4105 3633 4158 δὲ
3661 4099 3736 4167 γῆς
3758 4107 3794 4143 εν

2260 4245 2262 4248 -
2309 4209 2387 4281 τῷ
2414 4209 2563 4280 μέσῳ
2594 4205 3005 4278 περισχεθείσης
3024 4246 3039 4272 ,
3067 4205 3165 4257 καὶ
3194 4207 3258 4275 τῇ
3287 4199 3594 4271 πανταχόθεν
3620 4187 3794 4281 τῶν

2315 4279 2541 4372 ροφυῶν
2557 4300 2832 4369 στοιχείων
2855 4297 3109 4369 περιϐολῇ
3142 4297 3338 4368 ἑαυτὴν
3361 4293 3641 4364 ἀνεχούσης,
3669 4279 3793 4335 καθωῖ

633 4405 858 4452 necesse
880 4397 1016 4456 erat,
1054 4404 1175 4444 cum
1208 4403 1302 4458 per
1327 4405 1487 4444 unam
1541 4397 1748 4460 partem
1812 4392 1904 4447 lux
1950 4393 2125 4450 obiret
2154 4399 2204 4449 et

2260 4386 2474 4462 )φησιν
2531 4393 2559 4441 ὁ
2611 4390 2759 4444 Ἰώϐ-
2808 4391 2889 4442 ὃτι
2935 4387 3245 4458 ιιζρεμάζων
3289 4387 3404 4458 γῆν
3450 4385 3538 4438 ἐπὶ
3581 4372 3789 4450 μηδενέςν

633 4483 934 4552 oppositam
990 4491 1196 4551 partem
1257 4481 1401 4535 mole
1439 4495 1537 4536 sua
1566 4489 1711 4537 terra
1768 4483 2097 4551 Obstrueret,
2150 4493 2208 4539 ut

633 4575 1034 4650 relinqueretur
1062 4574 1243 4644 aliqua
1269 4588 1396 4644 pars
1426 4574 1771 4628 tenebrarum
1806 4590 1902 4643 per
1923 4576 2209 4630 obumbra-

633 4667 858 4722 tionem.
889 4665 1156 4732 Quoniam
1180 4682 1309 4721 vero
1331 4675 1586 4737 perpetuo
1617 4676 1768 4722 motu
1799 4667 1944 4722 circa
1968 4683 2026 4722 se
2049 4667 2208 4738 polus

634 4760 958 4830 circumagit
989 4761 1148 4814 istam
1171 4774 1299 4830 ,quae
1328 4774 1394 4814 ex
1423 4759 1837 4815 obumbratione
1861 4761 2080 4815 advenit
2116 4775 2208 4814 ca-

638 4848 880 4917 ligincm,
933 4865 1157 4905 necesse
1218 4849 1320 4904 fuit
1350 4849 1518 4906 Deum
1559 4851 1705 4907 hunc
1734 4853 2060 4909 circularem
2101 4870 2213 4909 am-

635 4939 806 4992 bitum
839 4938 1146 5005 ordinasse,
1180 4951 1238 4999 ut
1259 4957 1509 4998 mensura
1538 4944 1851 5013 temporalis
1873 4945 2210 5001 extensionis

641 5032 808 5084 lierel.
842 5027 968 5082 Haec
983 5038 1162 5084 autem
1194 5048 1446 5088 mensura
1463 5042 1547 5090 est
1564 5050 1672 5090 nox
1687 5045 1740 5089 et
1760 5034 1896 5090 dies.
1917 5033 2208 5106 Pr0pterca

640 5137 736 5189 pro
761 5135 860 5175 sua
896 5119 1161 5188 sapientia
1193 5121 1451 5178 historice
1476 5126 1604 5179 talia
1626 5127 1877 5196 dogmata
1903 5115 2079 5184 llicses
2109 5145 2208 5183 no-

636 5212 718 5267 his
746 5211 1052 5276 declarans,
1074 5211 1214 5267 hanc
1236 5228 1302 5268 ex
1336 5214 1714 5272 obstructione
1735 5219 2054 5274 subeuntem
2081 5221 2212 5276 eali-

635 5303 813 5372 ginem
849 5302 1054 5373 absque
1092 5303 1211 5360 luce
1259 5305 1476 5375 quidem
1511 5315 1566 5362 et
1623 5309 1860 5364 tenebris
1886 5311 2207 5379 nominavit,

635 5404 690 5449 et
716 5411 834 5450 eam
867 5413 990 5467 qua:
1020 5395 1080 5451 ﬁt
1109 5399 1370 5455 continuo
1399 5399 1612 5456 circum
1653 5401 1833 5456 locum
1866 5410 2204 5478 terrestrem,

636 5485 776 5540 lucis
805 5487 871 5540 ad
895 5487 1151 5545 tenebras
1194 5501 1566 5548 mensuratam
1608 5492 2035 5561 successionem,
2066 5493 2208 5551 diem

709 5665 754 5696 ⁸⁵³
777 5665 875 5723 Job
901 5687 1045 5733 xxvi,
1081 5673 1131 5727 7.

2317 4485 2624 4552 ἐπάναγκες
2650 4479 2736 4554 ἦν,
2773 4483 2891 4536 καθ’
2935 4482 2991 4534 ἓν
3027 4481 3192 4552 μέρος
3224 4481 3317 4534 τοῦ
3346 4479 3511 4548 φωτὸς
3535 4469 3789 4564 διοδεύονῗςι

2317 4551 2780 4646 ἀντιφραττούσης
2833 4573 2973 4624 κατὰ
3012 4571 3073 4622 τὸ
3103 4551 3486 4639 ἀντικείμενον
3534 4565 3584 4614 ὲν
3620 4555 3680 4626 τῷ

2317 4666 2463 4736 δγκῳ
2496 4665 2592 4734 τῆς
2631 4665 2751 4734 γῆς’
2789 4660 3175 4730 ὑπολειφθῆναί
3207 4677 3327 4712 τινα
3372 4659 3452 4711 διὰ
3491 4653 3572 4707 τοῦ
3598 4651 3789 4702 ἀποσκία-

2323 4775 2524 4830 σματος
2554 4757 2746 4827 μοῖραν
2771 4753 2863 4806 τού
2889 4753 3128 4814 σκότους.
3165 4752 3278 4821 Τῆς
3311 4751 3365 4803 δὲ
3395 4746 3662 4812 ἀεικινὴτου
3688 4743 3792 4832 ﬂii"

2321 4849 2492 4919 φορᾶς
2523 4845 2616 4898 τοῦ
2641 4844 2799 4898 πόλου
2833 4842 3316 4915 συμπεριαγούσης
3352 4840 3508 4907 ἑαυτῇ
3551 4829 3652 4887 κατ’
3675 4828 3791 4919 φηγ.

2316 4957 2418 5010 κην
2451 4940 2545 4990 καὶ
2585 4937 2673 4990 τὸν
2717 4939 2779 4988 ὲκ
2816 4934 2910 4988 τοῦ
2943 4934 3390 5005 ἀποσκιάσματος
3421 4917 3792 5010 ὲπισυμδαίνξκξλ

2316 5029 2496 5099 ζόφονν
2529 5028 2624 5098 τὴν
2651 5025 2934 5095 ἐγκύκλιον
2961 5025 3162 5096 ταύτην
3197 5023 3436 5094 περίοδον
3462 5018 3600 5081 τάξαι
3619 5011 3689 5064 τὸν
3704 5003 3795 5057 θέλ)

2314 5125 2394 5185 εἰς
2446 5121 2510 5174 τὺ
2552 5119 2800 5188 γενέσθαι
2833 5119 3028 5189 μέτρον
3072 5120 3170 5186 τῆς
3205 5115 3455 5188 χρονικῆς
3495 5102 3792 5194 παρατάσεως·

2317 5216 2390 5270 Τὸ
2416 5215 2472 5268 δὲ
2514 5213 2708 5283 μέτρον
2744 5211 2900 5263 τοῦτό
2939 5211 3085 5263 ἐστιν
3114 5209 3300 5280 ήμέρα
3331 5207 3420 5260 καὶ
3453 5201 3554 5267 νύξ.
3583 5193 3664 5250 Διά
3685 5193 3796 5286 τοὺξπ

2318 5305 2458 5360 κατά
2476 5305 2573 5375 τὴν
2591 5301 2782 5361 ἑαυτοῦ
2810 5303 2998 5371 σοφίαν
3023 5299 3335 5370 ἱστορικὼτε
3345 5315 3430 5369 ρον
3449 5295 3510 5348 τὰ
3528 5288 3796 5375 confitsz

2316 5372 2600 5468 δογμάτων
2641 5397 2668 5448 ὀ
2697 5394 2938 5465 Μωῡσῆς
2982 5395 3109 5465 ἡμῖν
3149 5390 3457 5463 σαφηνίζων
3493 5381 3573 5434 τὶν
3603 5372 3797 5468 ὲξλάνῖί·

2316 5466 2564 5560 φράξεως
2595 5483 2902 5538 ἐπεισιόντα
2934 5482 3094 5553 ζόφον
3114 5483 3283 5554 χωρὶς
3308 5481 3403 5552 μὲν
3435 5473 3591 5548 φωτὸς
3615 5466 3686 5521 καὶ
3709 5466 3798 5511 σκ6⁶
