4056 6146
320 305 462 357 1005

1384 303 1660 358 CONTRA
1703 303 2105 369 EUNOMIUM,
2163 305 2289 360 LIB.
2334 305 2448 358 ΧΗ.

3430 306 3566 357 Μίείῑ

320 437 444 484 τους
468 419 717 491 ὠνόμασε
743 460 756 482 ,
790 421 882 474 καὶ
913 420 1010 491 τὴν
1042 421 1128 474 ἀεὶ
1160 423 1448 494 γινομένην
1494 426 1620 495 περὶ
1651 425 1711 477 τὸ
1740 427 1894 495 περί-

2009 433 2053 480 et
2087 435 2297 481 noctem
2339 425 2649 496 appellavit.
2698 425 2874 488 Quare
2935 437 3038 476 non
3088 439 3206 491 quae
3233 422 3344 491 jam
3381 431 3568 476 vocata

322 523 470 574 γειον
496 507 670 578 χῶρον
703 506 796 559 τοῦ
820 507 994 576 φωτὸς
1031 508 1164 578 πρὸς
1189 510 1248 562 τὸ
1277 512 1461 575 σκότος
1485 512 1758 585 ἔμμετρον
1785 514 1895 566 δια-

320 592 503 664 δοχὴν,
529 593 736 664 ἡμέραν
767 594 858 646 καὶ
881 593 1050 648 νύκτα
1084 600 1395 666 προσεῖπεν.
1430 599 1592 653 Ὥστε
1627 601 1745 671 οὐχ).
1773 602 1890 654 ἐπί-

323 685 519 755 κλητον
564 685 623 737 τὸ
658 684 773 754 φῶς
819 686 1000 756 ἡμέρα
1053 689 1499 762 προσηγορεύθη,
1546 691 1660 744 ἀλλ’
1708 692 1894 763 ὥσπερ

323 776 539 842 ἐγένετο
570 776 705 844 φῶς,
727 777 819 829 καὶ
848 778 967 847 οὐχ).
990 777 1118 850 ψιλὴ
1143 781 1480 852 προσηγορία
1504 784 1699 851 φωτὸς,
1724 784 1895 845 οὕτως

321 868 414 920 καὶ
446 867 662 934 ἐγένετο
690 867 782 920 τοῦ
815 869 1007 939 χρόνου
1037 870 1098 922 τὸ
1146 870 1341 942 μέτρον
1361 889 1372 902 ·
1409 873 1814 946 ἐπηκολούθησε
1838 876 1893 926 δὲ

325 955 398 1027 τῷ
428 958 609 1028 μέτρῳ
633 959 691 1010 τὸ
711 959 881 1030 ὄνομα
900 1002 912 1021 ,
937 960 1036 1014 οὐκ
1066 961 1125 1012 ἐν
1157 963 1414 1032 ῥημάτων
1436 964 1590 1036 ψόφῳ
1618 966 1768 1035 παρὰ
1800 966 1894 1019 τοῦ

325 1051 684 1120 πεποιηκότος
721 1050 1012 1122 γενόμενον
1040 1091 1053 1114 ,
1087 1053 1199 1105 ἀλλ’
1231 1055 1400 1124 αὐτῆς
1431 1055 1529 1108 τοῦ
1573 1058 1894 1128 πράγματος

326 1139 540 1208 φύσεως
571 1141 1026 1214 ὲπισπασαμένης
1047 1145 1144 1213 τὴν
1160 1144 1247 1198 διὰ
1273 1145 1372 1215 τῆς
1395 1148 1578 1216 φωνῆς
1601 1150 1892 1220 σημασίαν.

326 1231 439 1284 Καὶ
471 1231 660 1303 ὥσπερ
685 1235 732 1286 εί
761 1234 920 1288 τοῦτο
951 1236 1139 1304 σαφῶς
1169 1239 1352 1308 εἴρητο
1376 1239 1528 1311 παρὰ
1557 1241 1648 1294 τοῦ
1683 1245 1897 1314 νομοθέ-

325 1339 451 1390 του,
491 1325 574 1377 ὅτι
620 1327 726 1378 πᾶν
758 1326 819 1379 τὸ
861 1327 1182 1397 φαινόμενον
1216 1330 1308 1383 καὶ
1340 1330 1754 1403 ὀνομαζόμενον,
1797 1337 1895 1389 οὐκ

329 1412 601 1482 αὐτοφυές
649 1416 794 1468 ἐστιν
839 1416 958 1469 οὐδὲ
1013 1418 1295 1488 ἀποίητον,
1349 1420 1464 1473 ἀλλ’
1509 1424 1573 1474 ἐκ
1621 1423 1754 1476 Θεοῦ
1797 1426 1896 1497 τὴν

331 1503 628 1558 ὑπόστασιν
683 1505 812 1576 ἔχει,
856 1508 948 1577 ἀφ’
1003 1509 1212 1562 ἑαυτῶν
1273 1509 1338 1563 ἂν
1393 1513 1787 1584 συνεθήκαμεν,
1839 1518 1898 1569 τὸ

330 1591 508 1644 πάντα
539 1592 628 1644 τὸν
655 1593 853 1662 κόσμον
883 1595 976 1648 καὶ
1017 1592 1084 1650 τὰ
1109 1598 1167 1650 ὲν
1199 1599 1345 1669 αὐτῷ
1372 1600 1530 1672 μέρη,
1563 1603 1656 1654 καὶ
1689 1602 1785 1674 τὴν
1815 1606 1899 1658 ἐν·

328 1681 709 1759 θεωρουμένην
751 1682 902 1750 τάξιν
938 1687 1030 1745 καὶ
1059 1689 1157 1758 τὴν
1198 1692 1558 1762 γνωριστικὴν
1590 1693 1696 1746 τῶν
1733 1695 1897 1749 ὄντων

2001 515 2168 570 fuerat
2232 516 2342 580 lux,
2376 516 2492 571 dies
2534 516 2798 584 appellata
2837 523 2940 576 cst,
2984 513 3076 568 sed
3105 513 3246 567 sicut
3296 513 3432 567 facta
3483 524 3568 568 ett

2002 607 2112 668 lux,
2138 622 2310 676 neque
2343 606 2484 660 nuda
2522 607 2660 661 lucis
2685 606 2997 676 appellatio,
3032 604 3111 658 sic
3132 603 3293 657 etiam
3322 604 3462 658 facta
3485 615 3570 658 est

2001 698 2259 766 temporis
2307 711 2560 751 mensura
2599 716 2610 750 :
2640 709 2949 750 mensuram
2987 700 3167 748 autem
3204 701 3452 748 secutum
3486 701 3571 748 est

1999 800 2216 848 nomen,
2247 800 2356 838 non
2388 800 2451 838 ex
2485 785 2770 838 verborum
2807 798 2940 837 sono
2971 797 3000 835 a
3031 783 3311 837 conditore
3341 790 3567 841 tactum.

1999 876 2092 929 sed
2119 877 2232 946 ipsa
2269 876 2343 930 l‘ci
2371 883 2561 929 natura
2589 875 2839 928 trahente
2859 874 2959 928 sibi
2993 890 3110 928 eam
3139 891 3258 944 quae
3282 875 3424 929 inest
3453 877 3569 928 voci

1999 965 2468 1036 signiﬁcationem.
2501 968 2578 1020 Ac
2610 967 2755 1020 velut
2779 965 2876 1020 sia
2901 965 3212 1036 legislatore
3242 966 3343 1020 hoc
3386 974 3574 1035 aperte

1997 1058 2202 1113 dictum
2215 1067 2380 1123 esset,
2407 1059 2550 1128 quod
2581 1074 2739 1112 omne
2753 1057 2897 1128 quod
2921 1066 3142 1127 apparet
3166 1068 3214 1111 et
3237 1059 3571 1119 nominatur,

1998 1166 2104 1203 non
2136 1158 2329 1220 sponte
2375 1161 2558 1205 natum
2589 1166 2765 1222 neque
2805 1166 2912 1205 non
2943 1151 3144 1205 factum
3200 1160 3304 1212 est,
3367 1149 3461 1205 sed
3507 1167 3572 1203 ex

2001 1241 2108 1296 Deo
2137 1241 2545 1297 subsistentiam
2584 1242 2765 1298 habet.
2798 1258 2861 1295 cx
2901 1242 3057 1296 nobis
3079 1242 3213 1310 ipsis
3235 1257 3564 1309 componere

2000 1334 2159 1390 facile
2185 1335 2576 1404 potuissemus,
2613 1314 2802 1402 nempe
2851 1334 3164 1388 universum
3225 1333 3485 1388 mundum
3523 1343 3575 1388 ct

1999 1442 2189 1481 omnes
2223 1442 2343 1496 quae
2369 1427 2420 1479 in
2455 1442 2522 1480 eo
2552 1434 2678 1481 sunt
2708 1433 2910 1493 partes,
2952 1433 3005 1480 et
3033 1425 3123 1494 qui
3158 1427 3210 1478 in
3245 1425 3364 1494 ipso
3397 1428 3578 1478 cerni-

1999 1523 2087 1566 tur
2121 1513 2367 1568 ordinem
2418 1521 2470 1566 ct
2511 1514 2637 1579 vim,
2677 1530 2797 1583 quae
2850 1514 3090 1568 notiﬁcat
3148 1530 3210 1568 ca
3273 1531 3393 1584 qua:
3429 1523 3576 1582 sunt,

2002 1604 2166 1658 Deum
2191 1604 2384 1661 fecisse
2415 1625 2426 1659 :
2467 1605 2546 1659 sic
2574 1620 2790 1675 quoque
2817 1621 2910 1675 per
2934 1621 2994 1659 ea
3024 1622 3144 1674 qua:
3176 1605 3312 1659 dixit
3342 1606 3408 1660 ad
3437 1606 3576 1658 hanc

2004 1712 2100 1750 nos
2137 1695 2342 1750 inducit
2372 1696 2802 1766 intelligentiam,
2833 1695 3192 1751 utcredamus
3227 1697 3361 1751 nihil
3389 1712 3574 1751 eorum

326 1769 557 1844 δύναμιν
574 1772 664 1824 τὸν
695 1773 827 1827 Θεὸν
858 1777 1242 1841 πεποιηκέναι·
1277 1779 1449 1845 οὕτως
1472 1783 1564 1836 καὶ
1589 1783 1656 1835 δι’
1680 1780 1754 1838 ὧν
1780 1781 1899 1838 εἷπε

2009 1802 2124 1855 qua:
2185 1796 2310 1842 sunt
2356 1787 2628 1858 principio
2683 1801 2893 1842 carere.
2941 1785 3004 1839 Et
3039 1787 3104 1841 ad
3139 1787 3242 1841 hoc
3278 1787 3577 1856 respiciens

329 1863 468 1932 πρὸς
499 1863 702 1935 ταύτην
740 1866 922 1934 ἐνάγει
957 1869 1104 1936 ἡμᾶς
1143 1870 1240 1940 τὴν
1285 1869 1524 1925 διάνοιαν
1558 1875 1638 1936 είς
1675 1875 1735 1927 τὸ
1781 1892 1902 1928 πισ-

327 1955 506 2007 τεύειν
532 1955 592 2007 τὸ
625 1955 789 2027 μηδὲν
822 1957 930 2010 τῶν
963 1958 1130 2011 ὄντων
1171 1959 1406 2031 ἄναρχον
1436 1958 1593 2018 εἶναι.
1624 1965 1734 2018 Καὶ
1769 1968 1904 2036 πρὸς

327 2043 488 2099 τοῦτο
522 2045 756 2115 βλέπων,
779 2047 882 2117 ὀδῷ
908 2049 999 2101 καὶ
1019 2049 1169 2116 τάξει
1197 2051 1265 2104 τὰ
1285 2051 1520 2123 καθεξῆς
1546 2055 1900 2126 διεξέρχεται,

329 2136 428 2206 τὴν
496 2138 604 2191 τῶν
657 2140 956 2208 γεγονότων
1015 2141 1334 2197 ἀκολουθίαν
1399 2145 1898 2217 άπαριθμούμενος.

305 2227 516 2292 ⁴Ταῦτα
542 2229 600 2282 δὲ
631 2231 730 2283 οὐκ
763 2226 834 2301 ἦν
855 2232 1028 2295 ἄλλως
1057 2235 1510 2306 παραστήσασθαι
1537 2237 1612 2306 τῷ
1637 2239 1798 2310 λόγῳ,
1829 2240 1902 2310 μὴ

327 2319 420 2372 διὰ
443 2319 548 2372 τῶν
569 2322 942 2392 γνωριστικῶν
970 2324 1247 2393 ὀνομάτων
1276 2327 1376 2395 τὴν
1412 2328 1686 2397 σημασίαν
1721 2329 1903 2382 ποιού-

333 2429 512 2481 μενον.
555 2413 704 2466 Ἐπεὶ
741 2411 834 2466 οἷν
871 2416 1176 2485 γέγραπται
1217 2417 1296 2468 ὅτι
1336 2417 1594 2471 ἐκάλεσεν
1624 2422 1652 2472 ό
1681 2421 1812 2483 Θεὸς
1843 2421 1903 2472 τὸ

330 2505 449 2572 φῶς
497 2506 729 2577 ἡμέραν,
772 2507 1011 2576 νοητέον,
1055 2509 1134 2560 ὅτι
1175 2508 1427 2579 ἐποίησεν
1468 2512 1496 2563 ὸ
1534 2510 1666 2574 Θεὸς
1706 2515 1769 2564 ἐκ
1808 2513 1900 2564 τοῦ

329 2595 510 2663 φωτὸς
543 2597 772 2668 ἡμέραν,
804 2599 988 2670 ἕτερόν
1011 2617 1062 2652 τι
1084 2595 1247 2654 οὖσαν
1273 2602 1413 2654 κατὰ
1436 2603 1526 2654 τὸν
1556 2603 1686 2656 ἴδιον
1714 2603 1898 2671 λόγον’

329 2687 390 2739 οὗ
423 2689 530 2757 γὰρ
573 2690 637 2740 ἂν
681 2689 772 2742 τὸν
818 2691 978 2744 αὐτὸν
1012 2692 1269 2764 άποδοίης
1318 2692 1494 2762 φωτὸς
1538 2695 1633 2747 καὶ
1681 2695 1895 2765 ἡμέρας

331 2778 509 2847 λόγον,
543 2780 676 2833 ἀλλὰ
700 2781 813 2850 φῶς
844 2781 941 2850 μὲν
965 2783 1024 2836 τὸ
1050 2785 1112 2836 ὲκ
1144 2783 1235 2838 τοῦ
1267 2785 1505 2838 ἐναντίου
1536 2785 1669 2856 πρὸς
1691 2787 1751 2839 τὸ
1781 2787 1902 2840 σκό-

330 2887 426 2933 τος
459 2871 742 2939 νοούμενον
767 2889 779 2901 °
812 2875 992 2945 ἡμέρα
1015 2875 1099 2938 δὲ,
1131 2875 1188 2927 τὸ
1220 2875 1430 2928 τοσόνδε
1454 2875 1547 2928 τοῦ
1577 2877 1635 2927 ὲν
1662 2875 1738 2944 τῷ
1767 2876 1903 2944 φωτὶ

330 2963 696 3034 διαστήματος
729 2965 942 3036 μέτρον.
983 2967 1254 3031 Ὡσαύτως
1278 2967 1371 3020 καὶ
1400 2967 1568 3020 νύκτα
1592 2969 1686 3020 καὶ
1716 2967 1904 3030 σκότος

331 3053 478 3107 κατὰ
528 3055 626 3125 τὴν
661 3055 828 3127 αὐτὴν
870 3056 962 3109 τοῦ
1001 3057 1160 3125 λόγου
1207 3058 1473 3129 διαίρεσιν
1513 3060 1900 3130 κατανοήσεις,

331 3145 529 3208 σκότος
565 3146 661 3216 μὲν
705 3147 765 3208 τὸ
812 3147 869 3214 ἐξ
903 3148 1143 3202 ἐναντίου
1192 3149 1325 3222 πρὸς
1363 3151 1424 3202 τὸ
1460 3151 1574 3220 φῶς
1617 3149 1904 3220 νοούμενον

331 3235 682 3307 ὁριζόμενοςο
716 3236 886 3291 νύκτα
914 3237 970 3291 δὲ
1002 3240 1100 3309 τὴν
1124 3239 1342 3310 τοσήνδε
1373 3239 1464 3293 τοῦ
1500 3240 1723 3305 σκότους
1750 3259 1905 3312 περι-

335 3326 556 3398 γραφὴν
579 3327 877 3398 ὀνομάζων.
919 3331 1125 3384 Οὐκοῦν
1149 3330 1382 3402 ἔρρωται
1416 3332 1503 3386 διὰ
1533 3333 1748 3387 πάντων
1777 3335 1906 3403 ἡμῖν

333 3419 364 3470 ὁ
399 3416 592 3487 λόγος,
627 3423 674 3472 εί
705 3421 797 3473 καὶ
836 3421 910 3492 μὴ
940 3422 1202 3493 τεχνικῶς
1235 3424 1376 3476 κατὰ
1417 3424 1484 3476 τὰ
1517 3427 1774 3496 σχήματα
1811 3426 1908 3495 τῆς

334 3510 686 3582 διαλεκτικῆς
718 3514 1080 3583 συγκροτῆται
1101 3530 1112 3540 ’
1141 3513 1353 3577 δεικνὺς
1382 3516 1462 3567 ὅτι
1494 3515 1624 3578 Θεὸς
1651 3517 1909 3587 πραγμά-

335 3619 450 3655 των
493 3603 610 3655 ὲστὶ
651 3603 1011 3674 δημιουργὸς,
1058 3604 1117 3656 ού
1166 3606 1424 3674 ῥημάτων
1457 3605 1659 3674 ψιλῶν·
1705 3608 1765 3660 οὐ
1803 3607 1908 3678 γάρ

336 3693 550 3746 ἐκείνου
575 3695 752 3764 χάριν,
777 3695 890 3748 ἀλλ’
918 3694 1072 3764 ἡμῶν
1088 3695 1272 3746 ἕνεκεν
1302 3695 1570 3748 ἐπίκειται
1597 3697 1708 3756 τοῖς
1734 3696 1910 3765 πράγ-

340 3802 478 3856 μασι
508 3784 575 3838 τά
602 3785 860 3855 ὀνόματα.
1401 3836 1404 3840 .

411 3878 512 3930 Διὰ
540 3877 644 3949 γὰρ
680 3877 740 3931 τὸ
773 3878 846 3948 μὴ
888 3878 1113 3931 πάντοτε
1142 3877 1362 3931 δυνατὸν
1395 3879 1525 3948 ἡμῖν
1559 3873 1698 3930 εἶναι
1738 3879 1912 3932 πάντα

336 3971 399 4022 ἑν
437 3968 733 4039 ὀφθαλμοῖς
765 3968 908 4039 ἔχειν
937 3968 1004 4021 τὰ
1030 3968 1156 4022 ὄντα
1181 4009 1195 4027 .
1239 3971 1299 4020 τὸ
1341 3967 1439 4038 μέν
1467 3985 1518 4019 τι
1549 3967 1656 4020 τῶν
1693 3969 1778 4020 ἀεὶ
1817 3986 1914 4021 πα-

339 4063 546 4134 ρόντων
572 4059 927 4132 γινώσκομεν,
952 4061 1018 4114 τὰ
1043 4061 1098 4112 δὲ
1129 4063 1193 4131 τῇ
1219 4061 1406 4131 μνήμῃ
1439 4060 1910 4129 ὲναπογράφομεν.

344 4152 558 4216 Ἀλλως
581 4152 636 4204 δὲ
663 4153 762 4205 οὐκ
781 4151 926 4205 ἔστιν
953 4151 1254 4222 άσύγχυτον
1278 4150 1616 4221 φυλαχθῆναι
1651 4151 1781 4220 ἡμῖν
1815 4151 1914 4219 τὴν

344 4244 592 4314 μνήμην.
623 4243 696 4312 μὴ
723 4243 820 4312 τῆς
845 4242 953 4296 τῶν
984 4243 1262 4312 ὀνομάτων
1288 4241 1559 4313 σημασίας
1582 4240 1918 4294 διαστελλού-

342 4353 445 4405 σης
463 4336 556 4388 ἀπ’
570 4333 810 4404 ἀλλήλων
821 4333 888 4386 τὰ
899 4334 1291 4402 ὲναποκείμενα
1302 4336 1366 4403 τῇ
1380 4332 1584 4403 διανοίᾳ
1598 4332 1745 4403 πράγ
1752 4349 1852 4402 ματ
1861 4349 1915 4384 α.

2009 1879 2087 1932 via
2113 1885 2167 1933 et
2194 1879 2383 1933 ordine
2408 1894 2469 1933 ea
2503 1893 2623 1949 quae
2677 1878 2932 1948 deinceps
2978 1885 3282 1948 sequuntur
3333 1889 3576 1939 enarrat,

2006 1968 2396 2038 productorum
2460 1969 2656 2024 seriem
2697 1985 3044 2028 enumerans.
3105 1967 3228 2023 Ilaec
3264 1961 3440 2023 autem
3470 1985 3574 2022 non

2005 2055 2162 2111 aliter
2203 2056 2325 2125 quis
2361 2071 2613 2112 sermone
2672 2057 2976 2126 exprimere
3037 2064 3268 2126 poterat,
3325 2059 3427 2112 nisi
3467 2058 3579 2112 lucc

2005 2163 2099 2216 per
2126 2148 2345 2203 nomina
2364 2143 2482 2216 qua:
2509 2163 2620 2201 rem
2654 2146 2900 2200 indicant
2933 2147 3286 2217 signilicaret.
3307 2145 3578 2211 Quoniam

2007 2239 2169 2309 igitur
2205 2240 2466 2309 scriptum
2498 2248 2581 2294 est
2610 2237 2756 2308 quod
2809 2237 2950 2292 Deus
2973 2240 3184 2291 vocavit
3217 2239 3389 2292 lucem
3414 2238 3577 2299 diem,

2005 2327 2413 2398 intelligendum
2448 2339 2531 2384 est
2562 2327 2730 2382 Deum
2765 2343 2828 2381 ex
2863 2329 2984 2382 luce
3014 2327 3156 2382 diem
3214 2327 3429 2387 fecisse.
3461 2343 3583 2397 quae

2003 2427 2087 2474 est
2118 2419 2247 2488 quid
2278 2419 2506 2474 alterum
2566 2417 2866 2474 secundum
2930 2420 3206 2488 prepriam
3255 2420 3530 2472 rationem
3567 2436 3581 2475 :

2005 2525 2112 2562 non
2143 2511 2284 2564 enim
2320 2510 2560 2564 eamdem
2597 2508 2900 2563 reddideris
2925 2509 3060 2564 lucis
3089 2517 3141 2563 et
3172 2510 3275 2562 diei
3312 2510 3580 2564 deﬁnitio-

2004 2607 2147 2666 nem',
2177 2601 2270 2656 sed
2293 2601 2382 2653 lux
2416 2602 2632 2670 quidem
2660 2609 2740 2653 est
2765 2600 2908 2668 quod
2943 2615 3008 2654 ex
3039 2602 3310 2654 contrario
3350 2601 3584 2654 tenebris

2005 2692 2314 2762 oppositum
2365 2691 2730 2760 intelligitur;
2788 2691 2906 2745 dies
2946 2706 3076 2744 vero
3130 2706 3384 2745 mensura
3432 2699 3583 2744 tanta

2006 2783 2273 2836 intervalli
2302 2783 2445 2851 quod
2475 2789 2558 2836 est
2582 2782 2637 2834 in
2673 2782 2811 2834 luce.
2849 2781 3110 2834 Similiter
3139 2789 3352 2834 noctem
3406 2789 3457 2833 et
3500 2791 3583 2833 tc-

2006 2871 2200 2925 nebras
2235 2886 2328 2940 per
2384 2872 2627 2926 eamdem
2693 2871 3023 2926 definitionis
3105 2872 3423 2926 divisionem
3496 2887 3584 2925 co-

2007 2978 2255 3032 gnosces,
2288 2963 2334 3017 si
2356 2963 2610 3018 tenebras
2639 2963 2854 3032 quidem
2882 2963 3157 3018 deﬁnieris
3178 2964 3320 3034 quod
3345 2980 3408 3017 ex
3447 2979 3579 3017 con-

2007 3056 2176 3109 trario
2208 3055 2311 3108 luci
2346 3055 2653 3126 oppositum
2689 3055 3029 3124 intelligitur,
3055 3065 3276 3111 noctem
3305 3071 3432 3111 vero
3468 3064 3588 3109 tan-

2009 3158 2116 3199 tam
2175 3146 2520 3201 tenebrarum
2579 3147 3139 3217 circumscriptionem
3195 3148 3583 3202 nominaveris.

2010 3237 2190 3302 Quare
2220 3252 2316 3307 per
2356 3238 2538 3292 omnia
2575 3238 2735 3292 nobis
2769 3237 3089 3292 conﬁrmata
3130 3248 3212 3293 est
3237 3241 3432 3304 oratio,
3463 3241 3586 3294 licet

2009 3343 2116 3382 non
2153 3328 2448 3383 artiﬁciose
2524 3344 2617 3397 per
2646 3330 2847 3399 ﬁguras
2905 3330 3039 3383 artis
3091 3329 3394 3384 disserendi
3449 3344 3584 3383 COn-

2011 3427 2218 3474 structa
2239 3426 2344 3478 est.
2377 3419 2763 3475 demonstrans
2802 3421 2948 3489 quod
2997 3420 3142 3474 Deus
3173 3434 3352 3473 rerum
3389 3427 3442 3472 et
3465 3419 3584 3487 opi-

2013 3513 2098 3569 fex
2132 3523 2184 3568 et
2212 3513 2480 3577 conditor,
2525 3529 2633 3568 non
2663 3515 2948 3569 verborum
2974 3498 3274 3576 nudorum;
3301 3528 3409 3565 non
3442 3512 3583 3565 enim

2014 3605 2162 3658 illius
2192 3606 2384 3674 gratia,
2420 3605 2514 3658 sed
2565 3607 2737 3660 nostri
2773 3621 2935 3661 causa
2976 3605 3137 3659 rebus
3180 3615 3301 3658 sunt
3336 3603 3586 3671 imposita

2013 3709 2251 3748 nomina.

2084 3867 2352 3934 Quoniam
2379 3869 2522 3922 enim
2560 3883 2670 3923 non
2703 3882 2916 3937 semper
2945 3881 3232 3936 possumus
3251 3865 3431 3919 omnia
3467 3878 3585 3932 qum

2016 3967 2142 4013 sunt
2193 3974 2304 4029 prae
2353 3960 2528 4014 oculis
2590 3959 2812 4022 habere,
2869 3972 3081 4026 semper
3143 3955 3358 4026 quidem
3398 3969 3584 4007 eorum

2016 4064 2136 4120 quae
2195 4049 2394 4105 adsunt
2451 4049 2654 4120 aliquid
2713 4049 3114 4118 cognoscimus,
3171 4047 3276 4099 alia
3331 4061 3456 4099 vero
3531 4045 3584 4096 in

2018 4141 2278 4195 memOria
2332 4141 2705 4195 inscribimus.
2765 4140 3020 4208 Alioquin
3077 4136 3338 4191 memoria
3398 4135 3588 4188 incon-

2021 4229 2140 4286 fusa
2193 4231 2351 4285 aliter
2417 4230 2732 4286 conservari
2798 4245 2906 4282 non
2979 4235 3181 4296 posset,
3250 4223 3356 4278 hisi
3416 4224 3588 4278 nomi-

2019 4335 2147 4373 num
2175 4318 2500 4388 signiﬁcatio
2529 4334 2616 4372 res
2641 4334 2760 4386 qum
2796 4317 2847 4369 in
2882 4324 3060 4370 mente
3086 4313 3420 4382 consignatae
3439 4320 3583 4372 sunt,

341 4424 463 4494 Θεῷ
486 4425 539 4478 δὲ
567 4425 740 4478 πάντα
764 4424 1012 4495 πάρεστι,
1029 4425 1120 4477 καὶ
1134 4424 1281 4477 οὐδὲν
1295 4425 1375 4476 δεῖ
1394 4425 1611 4494 μνήμης
1629 4422 1777 4493 αὑτῷ
1793 4423 1899 4476 πάν

2025 4422 2054 4460 a
2090 4407 2392 4461 seinvicem
2415 4407 2790 4477 distingueret.
2830 4404 2942 4460 Deo
2963 4415 3139 4459 autem
3165 4403 3362 4456 adsunt
3385 4403 3584 4465 omnia,

341 4534 453 4571 των
491 4519 555 4586 τῇ
584 4516 861 4588 διορατικῇ
901 4515 1125 4584 δυνάμει
1168 4515 1682 4586 περικρατουμενων
1721 4531 1781 4565 τε
1821 4513 1916 4566 καὶ

342 4607 851 4676 θεωρουμένων.’1“ίς
866 4601 955 4658 οὖν
971 4605 1055 4658 ἐπ’
1072 4605 1234 4658 αὐτοῦ
1251 4605 1406 4675 χρεία
1423 4605 1662 4674 ῥήματος
1675 4605 1707 4675 ἢ
1721 4605 1918 4674 ὀνόμα-

340 4717 456 4763 τος,
474 4699 639 4760 αὐτῆς
660 4697 760 4768 τῆς
787 4699 844 4750 ὲν
859 4697 1006 4768 αὐτῷ
1034 4697 1220 4766 σοφίας
1246 4713 1303 4748 τε
1322 4694 1727 4764 καὶδυνάμεως,
1749 4694 1918 4762 ἀσύγ-

341 4790 506 4862 χυτόν
533 4807 590 4843 τε
617 4791 709 4844 καὶ
733 4788 1151 4860 διακεκριμένην
1168 4788 1264 4857 τὴν
1293 4785 1399 4839 τῶν
1424 4784 1591 4836 όντων
1623 4783 1785 4850 φύσιν
1815 4799 1910 4834 πε-

346 4881 654 4955 ριεχούσηςς
668 4881 873 4934 Οὐκοῦν
891 4897 964 4933 πα
973 4879 1038 4948 ρὰ
1050 4877 1182 4932 Θεοῦ
1201 4879 1297 4946 μὲν
1313 4877 1379 4929 τὰ
1393 4877 1518 4928 ὂντα
1532 4874 1623 4927 καὶ
1637 4872 1919 4941 ὑφεστῶτα

344 4972 556 5034 πάντα,
592 4971 691 5040 τῆς
718 4969 774 5022 δὲ
809 4967 1086 5040 ἡμετέρας
1109 4966 1292 5018 ἕνεκεν
1319 4963 1561 5033 ὁδηγίας,
1599 4962 1786 5016 ἔπεστι
1809 4963 1918 5023 τοῖς

341 5059 467 5117 οὖσι
487 5061 555 5114 τὰ
585 5060 924 5132 σημειωτικόι
955 5058 1062 5112 τῶν
1085 5057 1422 5129 πραγμάτων
1442 5055 1697 5124 ὀνόματα.
1727 5051 1914 5106 Ταῦτα

341 5157 426 5222 δὲ,
457 5155 600 5208 κατὰ
629 5154 690 5207 τὸ
721 5154 952 5224 ἀρέσκον
981 5154 1099 5214 ταῖς
1126 5149 1232 5202 τῶν
1265 5147 1566 5220 ἀνθρώπων
1608 5143 1916 5215 συνηθείαις

342 5245 599 5318 γίνεσθαί
633 5263 717 5308 τις
740 5242 927 5304 εἰπὼν,
963 5242 1113 5294 οὐδὲν
1143 5241 1222 5303 είς
1239 5239 1328 5292 τὸν
1353 5239 1448 5308 τῆς
1477 5236 1727 5307 προνοίας
1751 5235 1853 5304 πλη
1864 5252 1922 5304 μ-

347 5337 579 5408 μελήσει
602 5335 777 5403 λόγον.
805 5335 877 5386 Οὐ
912 5333 1018 5404 γάρ
1043 5333 1141 5402 τὴν
1164 5331 1322 5399 φύσιν
1351 5329 1459 5381 τῶν
1484 5327 1652 5380 ὄντων
1676 5324 1920 5394 γίνεσθαι

354 5423 489 5494 παρ’
515 5424 549 5493 ή
559 5422 694 5492 μῶν,
724 5419 858 5472 ἀλλὰ
884 5421 949 5473 τά
979 5421 1211 5489 ὀνόματα
1232 5415 1697 5487 λέγομεν.¹⁷Αλλως
1725 5414 1920 5484 ὀνομά-

348 5518 434 5580 ζει
466 5513 557 5566 τὸν
579 5511 805 5580 οὐρανὸν
831 5511 857 5563 ὁ
885 5509 1150 5581 Ἐϐραῖος,
1179 5508 1272 5560 καὶ
1301 5507 1498 5577 ἑτέρως
1526 5507 1553 5559 ὁ
1583 5505 1917 5565 Χαναναῖος·

341 5604 456 5656 νοεῖ
476 5601 532 5654 δὲ
549 5598 808 5662 ὡσαύτως
827 5598 1100 5669 ἑκάτερος,
1122 5597 1272 5650 οὐδὲν
1297 5599 1361 5667 τῇ
1377 5594 1610 5665 διαφορᾷ
1630 5592 1737 5645 τῶν
1758 5592 1920 5661 φθόγ-

347 5711 461 5762 γων
481 5710 545 5744 πε
557 5692 608 5764 pl.
635 5691 731 5762 τὴν
761 5689 1084 5758 κατανόησιν
1103 5688 1193 5741 τοῦ
1222 5687 1577 5758 ὑποκειμένου
1594 5683 1917 5753 διασφαλλό-

2025 4512 2199 4567 neque
2238 4497 2288 4551 ei
2337 4511 2472 4564 opus
2502 4505 2586 4552 est
2618 4497 2899 4558 memoria,
2934 4510 3055 4567 cum
3104 4493 3223 4564 ejus
3274 4494 3589 4562 perspicace

2018 4587 2258 4656 potentia
2280 4588 2461 4642 omnia
2478 4587 2861 4642 contineantur
2874 4597 2925 4640 et
2943 4592 3259 4640 cernantur.
3276 4584 3409 4648 Quis
3427 4584 3554 4652 igitu
3567 4600 3590 4633 r

2017 4681 2072 4734 in
2099 4696 2162 4734 eo
2187 4679 2338 4734 verbi
2369 4677 2711 4748 velnominis
2750 4693 2905 4742 usus,
2935 4692 3059 4731 cum
3093 4677 3207 4745 ipsa
3251 4689 3372 4745 qua:
3420 4675 3473 4727 in
3524 4689 3587 4727 co

2017 4779 2102 4824 est
2157 4768 2421 4837 sapientia
2475 4777 2528 4823 ct
2588 4768 2830 4837 potentia
2881 4765 3223 4846 inconfusam
3287 4773 3340 4819 et
3395 4765 3587 4819 distin-

2017 4871 2162 4916 ctam
2196 4875 2382 4915 eorum
2415 4874 2538 4929 quae
2582 4867 2709 4912 sunt
2739 4867 2994 4916 naturam
3029 4857 3346 4911 contineat?
3383 4856 3586 4922 Quam-

2017 4953 2204 5006 obrem
2254 4967 2285 5004 a
2325 4950 2433 5005 Deo
2482 4949 2699 5020 quidem
2759 4958 2885 5004 sunt
2943 4965 3005 5003 ea
3053 4963 3174 5018 quae
3251 4957 3378 5004 sunt
3439 4964 3585 5018 qua:-

2017 5060 2123 5114 que
2179 5041 2490 5098 subsistunt
2539 5041 2758 5105 omnia,
2817 5041 2910 5096 sed
2974 5048 3174 5094 nostra:
3244 5039 3586 5094 deduCtionis

2017 5148 2184 5188 causa
2203 5134 2289 5188 his
2319 5148 2438 5202 qua:
2461 5141 2589 5187 sunt
2627 5132 2987 5202 signiﬁcativa
3019 5146 3202 5185 rerum
3233 5116 3586 5199 imponuntur

2019 5228 2257 5281 nomina.
2293 5224 2414 5280 llaec
2442 5235 2643 5288 autem,
2692 5232 2747 5277 ut
2779 5225 3052 5278 hominum
3097 5222 3217 5276 usui
3250 5228 3303 5274 et
3355 5232 3585 5270 consue-

2017 5315 2197 5369 tudini
2249 5315 2451 5388 placet,
2482 5316 2527 5368 si
2561 5314 2686 5384 quis
2718 5314 2915 5368 dixerit
2959 5313 3094 5373 ﬁeri,
3153 5310 3286 5362 nihil
3319 5307 3372 5359 in
3409 5306 3588 5374 provi-

2021 5406 2212 5460 dentia:
2255 5409 2514 5462 rationem
2543 5407 2871 5475 peccaverit.
2924 5403 3040 5455 Non
3084 5401 3224 5453 enim
3253 5412 3442 5452 eorum
3467 5413 3586 5466 qut:

2020 5505 2150 5553 sunt
2185 5507 2454 5559 naturam,
2482 5497 2576 5551 sed
2600 5497 2819 5548 nomina
2852 5494 2966 5546 ﬁeri
3002 5507 3031 5543 τι
3069 5491 3228 5543 nobis
3258 5489 3580 5544 asscrimus.

2019 5590 2193 5644 Aliter
2219 5590 2474 5644 Hebraeus
2513 5586 2710 5640 coelum
2739 5583 3003 5645 nominat,
3029 5581 3187 5635 aliter
3215 5578 3583 5643 Chananarus;

2025 5682 2119 5738 sed
2175 5681 2360 5736 eodem
2415 5677 2576 5732 modo
2623 5673 2871 5744 intelligit
2903 5681 3148 5741 uterque,
3186 5671 3318 5725 nihil
3370 5678 3583 5741 propter
