4056 6146
527 306 657 362 “207

1747 314 1806 366 S.
1858 311 2182 369 δικάζοι-ιιι
2230 313 2513 368 NYSSlCNl

3609 319 3731 372 tuus

514 423 1150 478 sonorumditl‘crentiam
1191 427 1242 479 in
1284 427 1514 496 subjecti
1557 431 1866 498 cognitione
1922 433 2076 484 aber-

2191 450 2361 501 μενος.
2404 435 2465 486 'll
2495 435 2549 486 δὲ
2578 434 2691 487 λίαν
2728 434 2957 503 εὐλαϐὴς
2987 429 3089 486 τῶν
3124 431 3300 500 σοφῶν
3326 433 3527 486 τούτων
3567 435 3736 488 ἐθελο-

515 533 659 570 rans.
703 515 804 569 Sed
839 517 1030 570 horum
1059 520 1360 588 sapientum
1397 522 1623 574 nimium
1666 529 1824 575 cauta
1850 531 1903 575 et
1934 522 2076 573 timi-

511 602 579 655 da.
629 605 966 671 superstitio,
1011 622 1106 674 per
1162 624 1281 676 qua:
1333 611 1550 671 asserit,
1599 593 1743 678 quod
1788 611 1832 663 si
1887 611 2074 664 datum

515 694 678 748 fuerit
718 695 786 749 ab
819 696 1131 750 hominibus
1164 699 1364 754 inditas
1392 716 1511 755 esse
1551 701 1713 755 rebus
1753 716 1934 765 voces,
1984 701 2078 751 ho-

514 787 687 839 mines
737 786 844 841 Deo
883 789 1298 858 principaliores
1345 806 1488 855 esse,
1530 806 1668 844 vana
1712 807 1834 846 esse
1891 790 2076 844 redar-

513 881 713 947 guitur,
747 887 940 950 etquae
958 882 1256 937 subsietere
1277 883 1481 952 nequit,
1502 898 1562 935 ac
1580 899 1672 952 per
1695 883 1873 952 ipsum
1913 882 2077 935 Mosis

512 973 819 1041 exemplum
866 975 1011 1042 quod
1079 975 1234 1030 nobis
1293 976 1346 1028 in
1396 975 1677 1044 Scriptura
1744 990 2075 1028 commemo-

515 1072 664 1117 ratur
696 1064 758 1117 δ’.
823 1064 954 1130 Quis
1024 1067 1167 1120 enim
1231 1067 1330 1133 ipsi
1393 1067 1524 1121 Μοδί
1589 1067 1784 1120 indidit
1842 1067 2080 1120 nomen?

514 1153 706 1218 Nonne
730 1155 834 1209 ﬁlia
863 1155 1181 1223 Pharaonis,
1213 1174 1331 1227 qua:
1358 1175 1478 1211 eum
1503 1175 1563 1211 ex
1595 1169 1790 1212 eventu
1834 1158 2080 1212 nomina-

519 1246 629 1299 vit?
660 1246 835 1304 Moses
869 1249 1011 1303 enim
1046 1248 1422 1320 [Egyptiorum
1460 1251 1637 1319 l.ingua
1674 1251 1873 1305 dicitur
1917 1267 2074 1319 aqua.

514 1335 779 1402 Quoniam
815 1339 980 1408 igitur
1018 1339 1312 1395 secundmn
1335 1341 1547 1412 tyranni
1568 1342 1801 1396 edictum
1832 1342 1884 1394 in
1914 1356 2076 1410 capsa

515 1433 630 1484 sive
660 1431 794 1485 cista
834 1431 1140 1501 impositum
1174 1433 1430 1487 infantem
1465 1441 1713 1502 parentes
1744 1433 1961 1486 ﬂuentis
1985 1433 2078 1486 dc-

516 1519 707 1572 derant
742 1521 844 1588 (sic
876 1521 1018 1573 ettim
1051 1521 1270 1590 quidam
1308 1521 1693 1576 historicorum
1722 1521 1788 1575 de
1819 1523 1934 1590 ipso
1961 1538 2079 1576 nar-

517 1612 812 1678 raveruut),
854 1611 967 1666 hcce
1016 1629 1143 1667 vero
1194 1614 1331 1666 cista
1367 1613 1547 1667 divina
1582 1615 1856 1666 voluntate
1903 1613 2076 1666 unda-

517 1718 634 1754 rum
665 1701 870 1755 vortice
899 1700 1185 1764 ﬂuctuans,
1242 1704 1372 1773 ripa:
1407 1704 1620 1757 admota
1649 1712 1748 1767 est,
1781 1711 1833 1757 et
1883 1719 1911 1755 a
1972 1703 2077 1755 tilia

2185 524 2447 595 θρησκεία
2487 526 2550 578 δι’
2585 521 2657 578 ὧν
2688 528 2734 578 εί
2759 525 2933 595 δοθείη
2964 525 3112 594 παρὰ
3139 524 3437 594 ἀνθρώπων
3471 521 3607 578 εἶναι
3639 530 3735 587 τοῖς

2187 616 2472 684 πράγμασι
2515 615 2614 678 τὰς
2650 616 2852 685 φωνὰς,
2880 615 2941 667 τὸ
2979 614 3459 685 άρχηγικωτέρους
3492 610 3628 668 εἶναί
3653 617 3735 668 τοῦ

2184 706 2317 758 Θεοῦ
2350 709 2473 769 τοὺς
2516 706 2833 778 ἀνθρώπους
2872 691 3304 772 κατασκευάζει,
3337 707 3614 776 ἐλέγχεται
3648 726 3738 777 μα-

2184 796 2310 850 ταία
2350 815 2432 859 τις
2472 793 2605 850 οῦσα
2648 797 2739 850 καὶ
2784 798 3179 862 ἀνυπόστατος,
3214 798 3308 850 καὶ
3341 797 3408 850 δι’
3451 798 3614 851 αὑτοῦ
3655 797 3736 850 τοῦ

2187 889 2326 942 κατὰ
2354 889 2444 942 τὸν
2478 889 2721 944 Μωῦσέα
2756 889 3216 960 μνημονευθέντος
3248 891 3379 959 ἡμῖν
3415 890 3738 960 ὑποδείγμα-

2185 998 2294 1043 τος.
2317 978 2472 1049 Λῦτῷ
2495 980 2600 1051 γάρ
2623 979 2698 1050 τῷ
2719 982 2923 1050 Μωῦσῇ
2952 981 3035 1043 τίς
3058 979 3207 1032 ἔθετο
3233 979 3327 1050 τὴν
3350 981 3738 1050 προσηγορίκνς

2186 1072 2296 1141 Οὐχ
2328 1074 2360 1142 ἡ
2397 1072 2637 1142 θυγάτηρ
2676 1071 2766 1123 τοῦ
2806 1070 3002 1142 Φαραὼ
3029 1073 3091 1123 ἐκ
3119 1070 3209 1124 τοῦ
3244 1071 3546 1140 συμϐάντος
3569 1075 3740 1123 ἐτονο·

2189 1165 2438 1232 μάσασα;
2472 1163 2706 1231 Μωῦσῆς
2752 1161 2858 1233 γὰρ
2891 1164 2950 1214 τὸ
2990 1163 3143 1230 ὕδωρ
3180 1161 3395 1228 λέγεται
3424 1166 3489 1231 τῇ
3522 1163 3627 1214 τῶν
3658 1165 3740 1214 Αἰ-

2185 1253 2425 1322 γυπτίων
2473 1256 2642 1324 φωνῇ.
2682 1255 2834 1306 Ἐπεὶ
2877 1250 2968 1305 οὖν
3009 1253 3146 1305 κατὰ
3187 1253 3248 1304 τὸ
3298 1253 3622 1323 πρόσταγμα
3657 1252 3739 1305 τοῦ

2183 1345 2463 1414 τυράννου,
2491 1342 2702 1413 κιϐωτῷ
2721 1343 2779 1395 τὸ
2809 1342 3003 1413 βρέφος
3027 1343 3266 1406 ἐνθέντες
3293 1344 3340 1394 0i
3360 1343 3740 1412 γεννησάμενοι

2183 1439 2292 1498 τοῖς
2316 1435 2547 1506 ῥείθροις
2563 1433 2784 1487 ἔδωκανο
2804 1433 2943 1486 οὕτω
2968 1433 3074 1503 γάρ
3091 1451 3232 1496 τινες
3254 1433 3358 1485 τῶν
3383 1433 3662 1504 ἱστορικῶν
3683 1434 3742 1486 τὰ

2184 1529 2298 1580 κατ’
2331 1527 2490 1578 αὑτὸν
2519 1526 2869 1596 διηγήσαντοσ
2899 1527 2932 1594 ἡ
2960 1524 3013 1577 δὲ
3039 1526 3177 1577 κατὰ
3207 1524 3346 1576 θεῖον
3375 1524 3622 1593 βούλημα
3645 1526 3738 1576 ῦπδ

2182 1617 2282 1686 τῆς
2307 1616 2454 1686 δίνης
2480 1615 2586 1667 τῶν
2612 1616 2866 1684 κυμάτων
2893 1615 3290 1684 έκκυμανθεῖσα
3315 1614 3657 1683 προσηνέχθη
3681 1616 3741 1684 τῇ

2185 1707 2336 1778 ὄχθῃ,
2367 1709 2459 1759 καὶ
2483 1708 2697 1778 εὕρημα
2725 1705 2820 1774 τῆς
2861 1704 3127 1774 βασιλίδος
3149 1705 3267 1758 κατ’
3296 1705 3486 1774 ἐκείνῳ
3523 1704 3600 1771 τῷ
3630 1704 3743 1756 λου-

517 1791 661 1861 regis
698 1791 933 1856 inventa,
967 1809 1086 1862 qua:
1127 1801 1254 1846 tunc
1281 1795 1332 1846 in
1365 1795 1454 1846 illo
1484 1792 1704 1846 nurnine
1737 1809 1933 1862 corpus
1980 1794 2078 1848 ab-

2191 1798 2294 1868 τρῷ
2323 1800 2381 1850 τὸ
2413 1798 2569 1868 σῶμα
2612 1797 3040 1868 ψαιὸρυνομένης
3083 1796 3323 1864 ἐγένετο,
3355 1795 3428 1857 ὡς
3461 1796 3516 1860 ἐξ
3563 1794 3743 1857 ὕδατος

517 1880 722 1947 luebat,
752 1894 804 1939 et
832 1885 972 1952 quod
1004 1902 1067 1939 ex
1102 1900 1238 1955 aqua
1277 1901 1408 1954 puer
1442 1885 1544 1957 ipsi
1577 1886 1878 1955 acquisitus
1916 1895 2077 1949 esset,

517 1983 928 2029 monumentum
961 1975 1165 2030 fortuiti
1197 1987 1424 2030 eventus
1454 1993 1623 2046 puero
1672 1977 1871 2030 dicitur
1906 1979 2082 2046 impo-

522 2066 698 2118 suisse
735 2081 950 2121 nomen.
1004 2067 1122 2132 Quo
1149 2069 1310 2121 etiam
1340 2068 1479 2122 Deus
1507 2069 1621 2137 ipse
1650 2069 1700 2120 in
1740 2083 1840 2123 suo
1882 2069 2083 2123 famulo

520 2155 596 2206 uti
635 2171 740 2209 non
774 2158 1097 2226 dedignatus
1124 2167 1226 2222 est,
1284 2174 1459 2226 neque
1509 2159 1787 2227 indignum
1823 2157 2085 2227 judicavit

518 2246 764 2301 barbarae
794 2249 1129 2303 vocationem
1161 2250 1213 2302 in
1253 2250 1509 2319 pro;.heta
1537 2249 1806 2318 propriam
1861 2250 2041 2303 sinere
2068 2267 2079 2301 :

521 2338 600 2391 sic
631 2326 754 2392 ante
787 2340 929 2392 hunc
962 2339 1127 2394 Jacob
1161 2340 1345 2395 fratris
1383 2340 1565 2410 planta
1595 2355 1754 2393 manu
1793 2339 2086 2408 apprehen-

520 2444 601 2492 sa,
633 2429 1010 2498 supplantator
1037 2447 1100 2484 ex
1132 2431 1300 2500 ﬁgura
1339 2446 1446 2501 qua
1476 2431 1655 2486 editus
1692 2442 1775 2485 cst
1803 2431 1854 2483 in
1885 2431 2082 2499 lucem,

520 2523 819 2590 appellatus
851 2530 934 2575 est
964 2521 1032 2575 ³ο.
1067 2523 1146 2576 Ad
1173 2524 1273 2577 hoc
1307 2524 1450 2576 enim
1480 2523 1619 2577 ferre
1651 2523 1886 2576 nominis
1913 2521 2084 2576 Jacob

519 2612 1021 2681 interpretationem
1062 2614 1112 2666 in
1150 2613 1391 2668 Graecam
1425 2630 1610 2669 vocem
1655 2623 2082 2683 transsumptam

521 2705 597 2758 illi
629 2707 719 2774 qui
760 2706 884 2758 talia
917 2714 1184 2760 noverunt
1216 2706 1445 2772 docent;
1489 2716 1541 2760 et
1588 2707 1787 2761 Phares
1822 2707 2085 2761 obstetrix

520 2812 712 2852 rursus
743 2814 805 2852 ex
841 2807 1034 2852 eventu
1073 2798 1163 2867 qui
1201 2799 1397 2852 accidit
1429 2801 1480 2851 in
1513 2805 1666 2868 partu
1691 2798 1990 2864 nominavit
2015 2799 2082 2850 δι.

521 2891 585 2944 Et
613 2891 799 2945 nullus
840 2891 984 2955 ideo,
1013 2891 1310 2945 secundum
1337 2890 1684 2951 Eunomium,
1717 2891 1818 2944 sibi
1881 2890 2086 2959 princi-

523 2992 706 3050 patum
739 2981 832 3036 Dei
868 2991 1133 3050 potestate
1169 2983 1531 3052 antiquiorem
1580 2984 1866 3038 ambitiose
1920 2984 2088 3036 voluit

519 3090 796 3145 arrogare.
833 3074 936 3130 Sed
969 3085 1021 3129 et
1057 3077 1384 3146 patriarchis
1427 3083 1631 3130 matres
1665 3077 1882 3130 nemina
1914 3077 2084 3145 impo-
2113 3115 2156 3174 Ο

519 3174 688 3232 nunt;
721 3166 932 3232 Ruben,
979 3167 1221 3233 Simeon,
1273 3167 1398 3223 Levi
1429 3169 1495 3233 η,
1541 3177 1593 3223 et
1648 3169 1874 3237 reliquis
1911 3167 2084 3220 omni-

520 3261 620 3316 bus
647 3261 903 3332 deinceps
944 3262 1215 3318 similiter.
1263 3261 1328 3313 Et
1373 3262 1556 3315 nullus
1600 3259 1897 3314 secundum
1941 3259 2087 3312 hunc

520 3363 840 3426 nugatorem
869 3357 923 3410 in
967 3357 1076 3411 illis
1106 3354 1445 3422 temporibus
1491 3353 1691 3407 divinae
1739 3351 2089 3419 providentia:

520 3447 788 3500 sollicitus
837 3455 1058 3498 curator
1107 3443 1337 3506 exstitit,
1388 3442 1482 3509 qui
1540 3441 1848 3509 prohiberet
1884 3454 1951 3493 ne
1998 3455 2091 3508 per

521 3538 660 3590 hanc
689 3536 967 3588 nominum
1003 3531 1403 3601 impositionem
1436 3530 1772 3584 mulierculae
1809 3529 1917 3583 Deo
1942 3531 2090 3598 priu-

521 3629 812 3696 cipaliorcs
843 3627 1048 3680 ﬁerent.
1084 3624 1216 3689 Quis
1239 3632 1417 3678 autem
1450 3623 1663 3692 singula
1690 3638 1810 3691 quae
1843 3638 1905 3676 ex
1933 3635 2089 3676 saera

524 3719 802 3788 Scriptura
830 3718 1071 3788 depromi
1101 3725 1347 3787 possunt,
1368 3717 1542 3770 valeat
1575 3731 1875 3770 recensere:
1895 3729 2090 3784 aquam

522 3810 994 3874 contradictionis,
1044 3816 1097 3864 et
1127 3810 1306 3863 locum
1343 3809 1543 3871 luctus,
1573 3815 1625 3860 et
1655 3806 1843 3861 collem
1878 3821 2092 3874 praepu-

526 3905 746 3966 tiormn,
782 3909 837 3957 et
869 3902 1062 3954 vallem
1095 3901 1316 3962 rarcmi,
1344 3908 1397 3953 et
1446 3913 1634 3968 agrum
1677 3896 1980 3966 sanguinis,
2040 3903 2093 3949 et

523 3999 707 4050 omnia
742 3992 1056 4064 huiusmodi
1093 3992 1334 4054 nomina,
1361 4007 1481 4059 qua:
1513 3989 1728 4058 quidem
1754 3989 1823 4040 ab
1855 3986 2092 4040 homini-

525 4089 627 4143 DZIS
653 4087 924 4156 imposita,
960 4099 1102 4154 saepe
1127 4083 1289 4136 etiam
1340 4097 1399 4135 ex
1440 4095 1671 4150 persona
1714 4077 1805 4133 Dei
1852 4093 2094 4132 comme-

526 4184 849 4249 morantur?
890 4178 992 4232 Per
1043 4193 1162 4245 qua:
1203 4175 1327 4229 licet
1354 4174 1561 4228 discere
1595 4172 1736 4241 quod
1771 4186 1949 4240 neque
1999 4186 2093 4224 su-

527 4284 623 4338 pra
674 4267 966 4320 humanam
1000 4265 1319 4334 dignitatem
1355 4272 1439 4318 est
1469 4279 1531 4317 ea
1563 4277 1682 4331 qua:
1727 4260 1782 4314 ﬁt
1830 4261 1895 4314 de
1930 4262 2094 4315 rebus

526 4375 623 4430 per
653 4359 816 4414 verba
847 4358 1165 4422 declaratio,
1200 4371 1374 4423 neque
1409 4371 1502 4420 per
1536 4355 1649 4408 hzec
1698 4352 1899 4407 divinae
1938 4363 2095 4406 natu-

524 4467 597 4505 ra:
625 4450 862 4520 potentia
893 4449 1013 4517 plus
1040 4445 1380 4501 auctoritatis
1415 4446 1596 4498 habet.

600 4541 706 4598 Sed
746 4543 880 4594 alias
909 4540 1124 4610 quidem
1177 4554 1349 4607 nugas
1405 4553 1542 4607 quas
1573 4545 1762 4591 contra
1811 4535 2093 4590 veritatem

525 4643 758 4703 nugatus
786 4641 869 4687 est
901 4633 1126 4699 delirus,
1161 4640 1220 4685 ut
1251 4631 1458 4685 nullum
1485 4638 1672 4684 contra
1714 4629 1965 4697 dogmata
2007 4641 2097 4681 ro-

526 4727 628 4778 bur
663 4726 920 4778 habentes
949 4723 1168 4778 silentio
1192 4723 1505 4793 praeteribo,
1539 4736 1938 4790 supervacuum
1973 4735 2097 4776 esse

523 4817 775 4884 judicans
811 4817 865 4869 in
901 4809 1055 4872 vanis
1085 4816 1288 4882 diutius
1311 4815 1609 4869 immorari.
1661 4813 1793 4878 Quis
1827 4815 1970 4867 enim
2021 4816 2096 4867 ita

525 4906 750 4960 demens
783 4916 835 4959 et
867 4908 1182 4962 melioribus
1227 4907 1374 4962 curis
1406 4921 1628 4965 vacuus,
1661 4915 1718 4958 ut
1771 4920 1991 4974 operam
2044 4913 2097 4959 et

524 4997 769 5054 studium
803 4997 859 5050 in
897 4999 1240 5053 sermonibus
1273 4999 1580 5052 amentibus
1609 5005 1662 5052 et
1705 4997 1914 5051 insanis
1971 5012 2096 5065 per—

525 5091 654 5144 dere
686 5088 838 5152 velit,
883 5096 938 5142 et
972 5087 1222 5142 altercari
1270 5089 1530 5144 adversus
1565 5106 1658 5144 eos
1701 5090 1794 5158 qui
1841 5093 2097 5143 asserunt

525 5201 625 5239 nos
685 5181 959 5236 afﬁrmare
1025 5180 1170 5247 quod
1226 5179 1505 5233 hominum
1573 5196 1704 5234 cura
1763 5179 1858 5232 Dei
1946 5177 2096 5232 solli-

525 5271 765 5325 t-itudine
851 5276 904 5324 et
982 5281 1114 5322 cura
1179 5267 1530 5337 principalior
1603 5277 1706 5329 est,
1794 5276 1847 5322 et
1916 5267 2094 5336 potio-

525 5379 638 5418 rem
716 5363 1100 5417 auctoritatem
1165 5358 1372 5426 habet,
1457 5366 1509 5414 et
1585 5359 1729 5428 quod
1814 5360 2093 5429 negligen-

525 5455 656 5507 tiam
699 5470 820 5524 quae
867 5454 1160 5510 solutiores
1215 5452 1429 5507 animos
1482 5450 1774 5518 disturbat,
1832 5451 1899 5506 ad
1948 5452 2095 5507 illius

528 5543 914 5598 transierimus
963 5544 1395 5614 providentiam?
1448 5540 1576 5595 Haec
1625 5541 1691 5595 ad
1730 5542 1952 5596 verbum
1992 5559 2097 5596 vox

528 5632 918 5689 calumniantis
947 5649 1046 5688 nos
1070 5635 1312 5703 protulit.
1353 5632 1464 5702 Ego
1487 5639 1666 5686 autem
1695 5632 1902 5701 :equale
1952 5633 2097 5686 arbi-

603 5727 647 5758 "
673 5726 842 5780 Exod.
879 5745 938 5795 ll,
973 5730 1059 5783 10.
1133 5731 1177 5762 ⁸ο
1210 5729 1344 5784 Gen.
1385 5745 1512 5796 xxv,
1551 5729 1640 5783 25.

1717 5729 1756 5760 ⁵¹
1789 5727 1923 5782 Gen.
1959 5745 2184 5798 xxxvm,
2225 5729 2313 5784 29.

2183 1891 2316 1959 αὐτῇ
2355 1888 2447 1941 τοῦ
2491 1889 2673 1951 παιδὸς
2699 1888 3007 1956 κτηθέντος,
3048 1886 3386 1956 μνημόσυνον
3426 1885 3527 1952 τῆς
3565 1901 3740 1935 συντυ-

2183 1984 2303 2053 χίας
2332 1981 2546 2048 λέγεται
2576 1980 2650 2051 τῷ
2677 1979 2823 2032 παιδὶ
2850 1979 3033 2032 θέσθαι
3064 1978 3125 2030 τὸ
3148 1978 3336 2046 ὄνομα.
3369 1969 3438 2045 ft)
3469 1975 3566 2051 καὶ
3592 1975 3740 2034 αὐτὸς

2183 2079 2208 2128 ὁ
2237 2077 2365 2138 Θεὸς
2394 2077 2486 2128 ἐπὶ
2504 2075 2595 2128 τοῦ
2617 2075 2943 2144 θεράποντος
2966 2069 3266 2142 κεχρῆσθαι
3291 2071 3388 2121 οὐκ
3417 2067 3743 2138 ἀπηξίωσεν,

2183 2167 2302 2220 οὐδὲ
2332 2166 2546 2232 ἀνάξιον
2576 2166 2756 2236 ἔκρινε
2780 2165 2876 2235 τὴν
2899 2166 2995 2233 τῆς
3028 2162 3299 2233 βαρϐάρου
3329 2161 3514 2228 κλῆσιν
3539 2160 3631 2210 ἐπὶ
3658 2157 3744 2210 τοῦ

2187 2260 2464 2330 προφήτου
2489 2258 2677 2328 κυρίαν
2709 2256 2898 2308 ἐάσαι·
2928 2253 3099 2316 οὕτως
3127 2254 3262 2322 πρὸς
3305 2252 3492 2304 τούτου
3535 2248 3743 2306 Ἰακὼϐ,

2183 2349 2282 2418 τῆς
2312 2348 2405 2400 τοῦ
2429 2348 2687 2415 συγγόνου
2721 2346 2956 2416 πτέρνης
2987 2344 3405 2414 ἐπειλημμένος,
3429 2340 3747 2411 πτερνῑστὴς

2186 2442 2248 2493 ἐκ
2291 2439 2383 2491 τοῦ
2438 2439 2710 2508 σχήματος
2751 2430 2794 2504 ᾧ
2846 2435 3257 2504 συναπεκυήθη,
3315 2430 3745 2503 προσηγορεύθη.

2186 2531 2281 2593 Εἰς
2311 2527 2466 2581 τοῦτο
2501 2527 2605 2597 γάρ
2637 2527 2820 2596 φέρειν
2857 2526 2948 2578 τοῦ
2997 2523 3188 2578 Ἰακὼϐ
3223 2523 3320 2594 τὴν
3351 2522 3649 2592 ἑρμηνείαν
3679 2522 3751 2582 εἰς

2197 2619 2420 2672 Ἐλλάδα
2454 2617 2635 2688 φωνὴν
2682 2616 3112 2687 μεταληφθεῖσαν
3147 2615 3194 2666 0i
3232 2614 3297 2665 τά
3321 2611 3544 2665 τοιαῦτα
3573 2628 3750 2679 νενοη-

2188 2712 2338 2774 κότες
2373 2711 2743 2763 διδάσκουσιν·
2783 2711 2875 2761 καλ⁵
2906 2707 2994 2760 τὸν
3032 2706 3206 2777 Φαρὲς
3240 2708 3272 2776 ἡ
3311 2705 3445 2775 μαία
3485 2703 3647 2756 πάλιν
3691 2705 3753 2753 ἐκ

2188 2802 2278 2855 τοῦ
2310 2804 2434 2872 περὶ
2474 2802 2562 2854 τὸν
2596 2802 2749 2853 τόκον
2784 2798 3082 2869 συμϐάντος
3113 2798 3382 2866 ὠνόμασε.
3426 2797 3534 2848 Καὶ
3565 2794 3754 2855 οὐδεὶς,

2190 2894 2329 2948 κατὰ
2375 2893 2650 2962 Εὐνόμιον,
2695 2892 2769 2953 ὡς
2813 2888 3260 2960 ἁρχηγικωτέραν
3313 2887 3483 2954 αὐτὴν
3531 2885 3629 2954 τῆς
3669 2882 3758 2937 τοῦ

2189 2987 2323 3039 Θεοῦ
2349 2986 2590 3050 ἐξουσίας
2616 2983 3028 3051 ἐζηλοτῦπησεν.
3050 2980 3208 3031 Ἀλλὰ
3239 2980 3329 3031 καί
3357 2981 3464 3040 τοῖς
3492 2978 3760 3046 πατριάρο

2194 3099 2314 3151 χαις
2366 3082 2419 3132 αἱ
2474 3077 2704 3148 μητέρες
2748 3074 2817 3127 τά
2868 3075 3106 3144 ὀνόματα
3162 3072 3430 3124 τίθενται’
3480 3069 3759 3137 Ῥουϐεὶμ,

2193 3168 2444 3238 Συμεὼν,
2479 3166 2570 3218 καὶ
2595 3165 2744 3228 Λευὶ,
2786 3163 2878 3216 καὶ
2915 3165 3027 3224 τοῖς
3060 3161 3291 3228 καθεξῆς
3325 3161 3488 3212 πᾶσιν
3535 3159 3754 3227 ὁμοίως.

2193 3259 2298 3310 Καὶ
2336 3256 2508 3317 οὐδεὶς
2561 3253 2700 3308 κατᾶ
2744 3252 2834 3304 τὸν
2882 3251 2977 3304 νῦν
3023 3250 3361 3319 λογογράφον
3401 3249 3458 3299 ὲν
3493 3249 3606 3309 τοῖς
3643 3247 3763 3298 τότε

2190 3349 2398 3420 χρόνοις
2427 3348 2522 3416 τῆς
2551 3344 2698 3407 θείας
2730 3343 2982 3414 προνοίας
3025 3339 3274 3411 κηδεμὼν
3317 3341 3581 3409 ἀνεφάνη,
3625 3344 3766 3394 ὥστε

2192 3436 2429 3492 κωλῦσαι
2465 3437 2551 3489 διὰ
2589 3435 2685 3506 τῆς
2717 3433 2823 3487 τῶν
2848 3433 3129 3503 ὀνομάτων
3173 3432 3372 3494 θέσεως
3397 3471 3408 3488 ,
3448 3429 3765 3501 ἀρχηγικὼ-

2190 3547 2321 3601 τερα
2356 3527 2450 3581 τοῦ
2493 3527 2625 3581 Θεοῦ
2665 3526 2914 3595 γενέσθαι
2943 3524 3011 3576 τὰ
3053 3523 3271 3591 γύναια.
3301 3523 3367 3574 Τί
3401 3522 3444 3574 δ’
3486 3523 3550 3574 ἄν
3585 3537 3667 3582 τις
3699 3519 3765 3571 τά

2193 3618 2313 3671 καθ’
2343 3618 2569 3670 ἕκαστον
2597 3618 2659 3669 ἐκ
2689 3617 2786 3686 τῆς
2811 3613 3053 3685 ἱστορίας
3074 3613 3241 3680 λέγοι,
3271 3611 3413 3681 ὕδωρ
3439 3609 3764 3676 ἀντιλογίας,

2195 3709 2286 3762 καὶ
2315 3709 2477 3761 τόπον
2508 3707 2752 3770 πένθους,
2782 3708 2873 3758 καὶ
2903 3703 3088 3775 βουνὸν
3120 3701 3513 3771 ἀκροϐυστιῶν,
3549 3701 3641 3752 καὶ
3667 3699 3765 3767 gi—

2197 3818 2372 3873 ραγγα
2405 3800 2624 3871 βότρυος
2646 3840 2660 3864 ,
2696 3799 2790 3850 καὶ
2816 3796 2980 3867 ἀγρὸν
3019 3793 3249 3864 αἵματος
3270 3837 3282 3860 ,
3315 3794 3410 3846 καὶ
3447 3792 3514 3843 τὰ
3543 3790 3764 3842 τοιαῦτα

2197 3893 2373 3946 πάντα
2398 3891 2504 3943 τῶν
2536 3889 2834 3960 ὀνομάτων,
2862 3886 3083 3941 τεθέντα
3118 3886 3214 3956 μὲν
3245 3884 3392 3955 παρὰ
3417 3885 3524 3936 τῶν
3563 3879 3766 3952 ἀνθρά-

2196 4001 2333 4047 πων,
2369 3981 2813 4052 μνημονευόμενα
2840 3978 2898 4030 δὲ
2941 3977 3196 4040 πολλάκις
3234 3977 3325 4029 καὶ
3370 3979 3434 4028 ἐκ
3474 3975 3762 4046 προσώπου

2195 4074 2288 4126 τοῦ
2307 4073 2469 4136 Θεοῦ;
2490 4074 2565 4124 Δι’
2587 4065 2660 4125 ὧν
2685 4071 2798 4122 ἔστι
2825 4069 3014 4139 μαθεῖν
3038 4069 3110 4133 ὡς
3139 4068 3261 4120 οὔτε
3282 4068 3422 4137 ὑπὲρ
3444 4068 3542 4136 τὴν
3559 4068 3763 4135 ἀνθρω-

2197 4164 2357 4235 πίνην
2392 4163 2546 4228 ἀξίαν
2575 4160 2719 4213 ἐστὶν
2748 4162 2781 4230 ἡ
2808 4159 2895 4212 διὰ
2921 4159 3178 4229 ῥημάτων
3209 4157 3472 4226 γινομένη
3496 4156 3633 4208 κατὰ
3659 4154 3763 4206 τῶν

2198 4255 2538 4328 πραγμάτων
2585 4253 2919 4323 σημείωσις,
2957 4249 3079 4304 οὒτε
3125 4253 3157 4320 ἡ
3209 4250 3309 4317 τῆς
3357 4250 3508 4312 θείας
3557 4248 3764 4316 φύσεως

2196 4350 2422 4419 δύναμις
2453 4346 2540 4398 διὰ
2573 4345 2776 4398 τούτων
2802 4344 2897 4415 τὴν
2936 4343 3237 4414 μαρτυρίαν
3281 4340 3414 4410 ἔχει.

2283 4523 2444 4578 Ἀλλὰ
2475 4523 2598 4585 τοὺς
2637 4522 2734 4592 μὲν
2763 4521 2952 4584 ἄλλους
2986 4518 3297 4588 φληνάφους
3319 4557 3334 4581 ,
3364 4516 3459 4579 οὓς
3497 4515 3635 4568 κατὰ
3673 4515 3766 4581 τῆς

2199 4616 2455 4686 ἀληθείας
2495 4614 2779 4684 ἐλήρησεν,
2829 4611 2903 4673 ὡς
2938 4607 3192 4678 οὐδεμίαν
3231 4606 3456 4676 ἔχοντας
3482 4604 3622 4657 κατὰ
3665 4602 3768 4653 τῶν

2199 4709 2480 4780 δογμάτων
2527 4706 2697 4774 ἰσχὺν,
2741 4701 3152 4772 ὑπερϐήσομαι,
3191 4699 3445 4770 περιττὸν
3477 4694 3615 4752 εἶναι
3653 4695 3771 4765 κρί-

2202 4821 2307 4857 νων
2365 4798 2759 4872 ἐμφιλοχωρεῖν
2816 4797 2928 4857 τοῖς
2985 4793 3251 4864 ματαίοις.
3296 4792 3392 4854 Τίς
3443 4791 3555 4862 γὰρ
3603 4787 3774 4845 οὕτως

2203 4896 2409 4963 ἄφρων,
2441 4890 2523 4952 τίς
2550 4888 2655 4942 τῶν
2687 4885 3115 4955 σπουδαιοτέρων
3148 4881 3466 4952 φροντίδων,
3497 4881 3638 4935 ὥστε
3666 4880 3776 4938 10E;

2203 4988 2446 5054 ἀνοήτοις
2474 4981 2582 5034 τῶν
2602 4980 2772 5048 λόγων
2795 4977 3244 5048 προσαναλίσκειν
3267 4975 3366 5045 τὴν
3399 4975 3658 5044 σπουδὴν,
3686 4969 3781 5023 καὶ

2201 5073 2563 5148 διαμάχεσθαι
2599 5070 2732 5142 πρὸς
2763 5070 2890 5131 τοὺς
2918 5069 3172 5136 λέγοντας
3208 5066 3290 5117 ὅτι
3319 5062 3783 5136 ἀρχηγικωτέραν

2207 5170 2304 5241 μὲν
2346 5169 2436 5221 καὶ
2461 5161 2796 5236 κυριωτέραν
2823 5159 3193 5238 ἀποφαίνομεν
3215 5157 3313 5227 τὴν
3337 5157 3447 5209 τῶν
3475 5154 3784 5225 ἀνθρώπων

2204 5259 2476 5334 φροντίδα,
2502 5257 2600 5326 τῆς
2630 5252 2724 5306 τοῦ
2759 5251 2892 5304 Θεοῦ
2923 5249 3266 5320 κηδεμονίας,
3298 5247 3393 5318 τὴν
3421 5247 3478 5300 δὲ
3506 5250 3615 5308 τοῖς
3643 5247 3788 5312 ἀμε-

2202 5353 2479 5423 λεστέροις
2509 5347 2828 5418 ἐνοχλοῦσαν
2856 5343 3169 5415 ὀλιγωρίαν,
3206 5342 3282 5403 εἰς
3305 5341 3403 5410 τὴν
3439 5340 3648 5392 ἐκείνου
3689 5353 3788 5403 μεο

2202 5447 2514 5517 ταφέρομεν
2555 5442 2836 5514 πρόνοιαν;
2865 5437 3049 5491 Ταῦτα
3083 5435 3173 5488 ἐπὶ
3207 5432 3404 5497 λέξεως
3443 5435 3477 5502 ἡ
3523 5430 3613 5483 τοῦ
3667 5427 3789 5478 δια-

2204 5538 2488 5598 ϐάλλοντος
2507 5534 2651 5604 ἡμᾶς
2679 5530 2789 5600 ἔχει
2820 5528 2990 5597 φωνή.
3018 5523 3158 5593 Ἐγὼ
3177 5524 3232 5576 δὲ
3255 5525 3367 5576 ἴσον
3387 5521 3523 5592 ἡγοῦ
3533 5538 3622 5591 μαι
3650 5515 3787 5584 περί

2203 5650 2260 5685 τε
2294 5629 2363 5682 τά
2390 5626 2610 5681 τοιαῦτα
2643 5619 2962 5683 σπουδάζειν
2996 5619 3088 5671 καὶ
3118 5615 3355 5688 γραῖδων
3386 5615 3613 5684 ὀνείροις
3647 5611 3786 5661 ἀπο-

2393 5726 2437 5756 “
2473 5722 2606 5777 Gen.
2647 5734 2798 5783 xm,
2825 5715 3009 5769 32'5l.
