4056 6146
377 283 512 336 1009

1420 279 1694 334 (ΞΟΒΤΗᾹ
1739 275 2111 334 EUNOMIUM
2141 317 2154 337 ,
2211 275 2341 330 LIB.
2389 276 2498 332 ΧΠ.

3487 281 3622 338 101θ

374 400 674 474 σχολάζειν.
713 402 784 453 Τὸ
819 402 922 471 γὰρ
961 401 1014 451 ἐν
1052 399 1202 468 τύπῳ
1247 399 1496 468 φθόγγων
1543 401 1702 454 τινῶν
1751 401 1950 453 οἴεσθαι

2062 409 2174 452 tror
2202 399 2254 451 in
2293 399 2494 453 talibus
2525 397 2762 453 studium
2810 401 2862 454 ei
2892 409 3114 469 operam
3166 415 3364 468 ponere
3399 416 3462 455 ac
3510 404 3624 454 aui-

374 496 441 563 τῇ
475 489 600 561 θείαῐ
627 490 784 560 φύσει
817 491 877 542 τὸ
915 493 1014 560 τῆς
1043 490 1217 561 ἀρχῆς
1249 489 1343 544 καὶ
1383 493 1699 562 κυριότητος
1738 492 1952 561 ἀξίωμα

374 582 777 652 διαφυλάσσειν,
813 583 906 635 καὶ
935 583 1031 651 τὴν
1075 583 1316 652 μεγάλην
1347 583 1438 636 τοῦ
1469 583 1602 636 Θεοῦ
1630 585 1854 653 δύναμιν
1897 586 1954 636 ἐν

373 673 549 744 τούτῳ
577 673 863 737 δεικνύειν,
899 673 1122 741 ἀμελεῖν
1157 693 1212 726 τε
1246 675 1405 727 πάλιν
1439 675 1526 726 τὸν
1559 675 1689 726 Θεὸν
1734 675 1826 726 καὶ
1852 674 1954 726 ὀλι-

376 766 576 834 γωρεῖν
625 765 723 834 τῆς
770 765 1153 834 προσηκούσης
1196 765 1344 834 αὐτῷ
1393 764 1678 834 προνοίας,
1716 766 1860 834 ἡμᾶς
1894 783 1954 818 τε

374 856 679 909 διαϐάλλειν
700 898 714 921 ,
743 859 824 910 ὅτι
857 858 957 926 τὴν
997 857 1220 926 λογικὴν
1255 856 1480 927 δύναμιν
1511 856 1662 926 παρά
1698 856 1790 908 τοῦ
1816 855 1952 908 Θεοῦ

377 945 630 1009 λαΰόντες
659 949 706 999 oi
749 946 1048 1018 ἄνθρωποι,
1085 948 1274 999 ἔπειτα
1306 949 1426 1000 κατ’
1458 945 1703 1011 ἐξουσίαν
1728 949 1836 1008 τοῖς
1864 946 1951 999 λό-

378 1056 493 1106 γοις
531 1039 666 1109 πρὸς
705 1047 802 1109 τὴν
840 1038 949 1091 τῶν
984 1039 1322 1108 πραγμάτων
1351 1038 1580 1109 δήλωσιν
1624 1039 1948 1108 κέχρηνται,

377 1130 427 1179 τί
477 1129 603 1182 ἄλλο
644 1129 676 1198 ἢ
719 1129 840 1199 οὐχὶ
888 1127 1138 1198 γραώδης
1214 1128 1380 1199 μῦθος
1439 1128 1471 1198 ἢ
1522 1127 1951 1198 κραιπαλώντων

377 1222 586 1291 ὄνειρος
619 1221 677 1274 τὺ
721 1220 956 1273 τοιοῦτόν
986 1221 1131 1272 ἐστιν
1159 1238 1173 1283 ;
1218 1220 1278 1271 Ἦ
1309 1219 1416 1288 γὰρ
1446 1219 1648 1289 ἀληθὴς
1691 1218 1783 1271 τοῦ
1815 1219 1949 1270 Θεοῦ

378 1309 606 1379 δύναμίς
636 1329 695 1363 τε
726 1311 818 1364 καὶ
850 1311 1083 1375 ἐξουσία,
1107 1311 1199 1364 καὶ
1237 1311 1377 1381 ἀρχὴ
1415 1311 1506 1361 καὶ
1532 1310 1785 1380 κνριότης
1811 1311 1952 1362 κατά

381 1425 445 1474 γε
475 1409 565 1461 τὸν
587 1409 851 1479 ἡμέτερον
872 1408 1026 1475 λόγον
1055 1409 1152 1461 οὐκ
1175 1408 1231 1459 ἐν
1259 1408 1543 1471 συλλαϐαῖς
1565 1409 1622 1460 τὸ
1655 1405 1791 1460 εἶναι
1817 1407 1947 1476 ἔχει,

380 1499 412 1566 ἢ
449 1499 618 1560 οὕτως
648 1499 712 1552 ἂν
737 1501 812 1562 είς
833 1499 1096 1570 ὁμότιμον
1132 1499 1274 1551 ἔλθοι
1315 1499 1392 1568 τῷ
1419 1499 1536 1568 Θεῷ
1564 1501 1668 1562 πᾶς
1701 1497 1949 1551 ὁστισοῦν

379 1589 608 1660 εὑρέτης
654 1590 913 1660 ῥημάτων
952 1590 1230 1659 γινόμενος
1260 1630 1274 1652 ,
1307 1590 1420 1641 ἀλλ’
1466 1590 1660 1651 αἰῶνες
1700 1589 1946 1659 ἄπειροι,

378 1683 474 1735 καὶ
508 1683 710 1751 κόσμου
738 1681 908 1750 κάλλη
935 1724 948 1744 ,
980 1683 1070 1734 καὶ
1093 1683 1392 1751 φωστὴρων
1416 1683 1602 1749 αὐγαὶ,
1644 1682 1737 1734 καὶ
1761 1683 1828 1734 τά
1856 1682 1946 1733 ἐπὶ

375 1775 479 1843 γῆς
508 1773 599 1824 καὶ
643 1772 907 1842 θαλάττης
952 1773 1238 1843 θαύματα,
1283 1773 1527 1840 ἀγγέλων
1566 1791 1622 1824 τε
1657 1773 1939 1842 στρατιαὶ,

375 1867 472 1919 καὶ
511 1865 869 1936 ὑπερκόσμιοι
913 1865 1185 1935 δυνάμεις,
1216 1866 1310 1918 καὶ
1343 1867 1393 1918 εί
1427 1881 1477 1918 τι
1516 1864 1642 1918 ἄλλο
1677 1865 1815 1917 κατὰ
1845 1866 1944 1934 τὴν

377 1957 490 2010 ἄνω
531 1956 682 2026 λῆξιν
724 1957 874 2027 παρὰ
907 1957 1006 2025 τῆς
1053 1957 1274 2027 Γραφῆς
1321 1951 1457 2009 εἶναι
1495 1957 1560 2008 δι’
1608 1956 1943 2026 αἰνιγμάτων

379 2045 667 2116 ἀκούομεν,
714 2046 889 2099 ταῦτά
927 2047 1138 2099 ἐστιτὰ
1181 2047 1560 2118 μαρτυροῦντα
1597 2047 1673 2116 τῷ
1701 2047 1819 2117 Θεῴ
1848 2046 1943 2116 τὴν

381 2138 518 2208 ὑπὲρ
559 2138 738 2191 πάντα
782 2137 1030 2208 δύναμιν.
1065 2140 1252 2207 Φωνῆς
1288 2139 1343 2191 δὲ
1374 2135 1508 2210 ἦχον
1538 2141 1647 2202 τοῖς
1678 2140 1942 2208 πεφυκόσι

381 2227 707 2296 φθέγγεσθαι
738 2231 1026 2300 μαρτυρῶν
1047 2248 1148 2294 τις,
1171 2231 1321 2283 οὐδὲν
1347 2233 1424 2294 είς
1447 2233 1536 2284 τὸν
1561 2231 1827 2284 δεδωκότα
1846 2233 1945 2301 τὴν

382 2318 562 2388 ιρωνὴν
600 2320 887 2390 άσεϐήσει·
925 2322 1044 2375 οὐδὲ
1083 2322 1190 2392 γὰρ
1233 2323 1375 2392 μέγα
1409 2341 1461 2375 τι
1497 2323 1653 2375 τοῦτο
1684 2323 1941 2393 οἰόμεθα,

381 2410 442 2461 τὸ
477 2412 808 2480 σημαντικὰς
844 2411 951 2464 τῶν
993 2413 1327 2483 πραγμάτων
1375 2414 1708 2484 ἐξευρίσκειν
1740 2415 1942 2482 φωνάς.

382 2493 451 2570 ᾮ
486 2503 589 2571 γὰρ
625 2505 655 2570 ἡ
695 2503 882 2573 Γραφὴ
911 2504 1051 2556 κατὰ
1088 2505 1186 2574 τὴν
1216 2506 1490 2576 ἱστορικὴν
1532 2507 1941 2576 κοσμογένειαν,

382 2592 665 2664 ἀνθρώπου
696 2595 862 2665 ὄνομα
893 2596 968 2666 τῷ
992 2597 1110 2649 καθ’
1146 2600 1292 2667 ἡμᾶς
1322 2598 1472 2651 ἔθετο
1502 2599 1800 2669 πλάσματι,
1830 2599 1945 2651 τοῦ·

381 2703 474 2740 τον
509 2688 536 2738 ὁ
585 2686 702 2739 ’1ὼό
747 2687 933 2758 βροτὸν
974 2689 1256 2758 ὀνομάζει,
1291 2691 1382 2743 καί
1416 2709 1560 2754 τινες
1605 2691 1712 2743 τῶν
1750 2689 1946 2753 ἔξωθεν

381 2775 558 2844 φῶτα,
593 2778 683 2829 καὶ
716 2778 922 2846 μέροπα
960 2779 1132 2850 ἕτεροι
1155 2821 1168 2838 .
1205 2781 1292 2834 ἵνα
1325 2783 1469 2834 ἐάσω
1492 2782 1588 2844 τὰς
1623 2784 1762 2836 κατὰ
1795 2782 1946 2846 ἔθνος

378 2864 573 2916 τούτου
601 2866 878 2936 διαφοράς.
924 2864 1048 2939 ’Ἆρ’
1087 2865 1176 2922 οὖν
1223 2872 1301 2932 είς
1336 2870 1449 2922 ἴσον
1487 2873 1692 2940 ἄγομεν
1718 2872 1794 2941 τῷ
1829 2873 1947 2941 Θεῷ

381 2956 478 3007 καὶ
514 2954 612 3018 τὰς
642 2956 859 3009 ἐκείνων
898 2958 1062 3028 τιμάς
1085 3000 1098 3022 ,
1126 2960 1208 3012 δτι
1242 2957 1357 3013 ἴσον
1380 2961 1722 3030 δυναμούσας
1753 2965 1818 3032 τῇ
1854 2961 1946 3015 τοῦ

2057 491 2302 546 Cularum
2330 491 2556 545 smnniis
2586 493 2862 560 occupari.
2895 493 3025 545 Nam
3053 494 3104 545 in
3159 494 3330 546 forma
3366 511 3622 549 sonorum

2056 582 2414 652 quorumdam
2454 591 2645 652 putare
2676 583 2871 637 divinae
2919 591 3126 638 naturae
3189 585 3525 653 principatus
3572 595 3627 638 et

2056 673 2450 728 dominationis
2479 674 2820 744 majestatem
2866 690 3211 740 conservare,
3267 685 3320 730 et
3376 693 3624 748 magnam

2057 760 2149 814 Dei
2183 763 2478 830 potentiam
2530 763 2585 815 in
2633 762 2735 816 hoc
2790 778 2910 817 esse
2947 764 3175 832 positam
3225 763 3621 827 demonstrare,

2056 869 2358 922 rursusque
2392 869 2492 907 nos
2531 852 2696 907 Deum
2727 856 2999 924 negligere
3020 870 3083 908 ac
3117 871 3211 924 pro
3233 856 3402 910 nihilo
3426 857 3626 910 habere

2057 945 2161 1012 ipsi
2197 945 2604 999 convenientem
2657 947 3075 1014 providentiam,
3129 949 3366 1016 itemque
3419 949 3616 1001 calum-

2054 1039 2214 1101 niari,
2251 1036 2398 1106 quod
2431 1038 2790 1091 ratiocinandi
2821 1038 3130 1093 facultatem
3164 1055 3194 1091 a
3228 1039 3335 1093 Deo
3375 1041 3623 1095 homines

2057 1129 2236 1196 adepti
2275 1129 2470 1182 exinde
2508 1143 2606 1197 pro
2656 1123 2883 1183 arbitrio
2927 1131 3273 1186 sermonibus
3319 1133 3383 1186 ad
3442 1149 3622 1187 rerum

2053 1217 2478 1272 declarationem
2531 1219 2613 1272 usi
2663 1226 2811 1285 sunt,
2862 1221 2992 1290 quid
3040 1223 3185 1275 aliud
3227 1224 3328 1276 hoc
3380 1233 3464 1278 est
3518 1226 3626 1278 nisi

2053 1309 2216 1362 anilis
2252 1309 2431 1362 fabula
2471 1310 2548 1362 vel
2580 1310 2919 1364 ebriosorum
2956 1314 3272 1366 somnium?
3305 1313 3443 1368 Vera
3477 1315 3622 1370 enim

2053 1400 2148 1454 Dei
2181 1401 2354 1456 virtus
2377 1411 2441 1458 ,ιιι
2473 1409 2734 1471 potestas,
2764 1411 2816 1456 et
2846 1403 3187 1473 principatus
3223 1414 3276 1458 et
3325 1406 3626 1458 dominatio

2053 1494 2352 1546 secundum
2393 1502 2638 1547 nostrum
2678 1509 2981 1549 sermonem
3016 1511 3122 1549 non
3159 1497 3211 1550 in
3245 1497 3466 1566 syllabis
3504 1514 3626 1551 esse

2054 1584 2237 1646 habet,
2276 1583 2357 1637 vel
2397 1584 2468 1636 ita
2497 1593 2643 1638 certe
2678 1585 2742 1637 ad
2799 1601 2980 1653 parem
3035 1586 3291 1640 honorem
3342 1602 3468 1640 cum
3517 1588 3627 1641 Deo

2053 1675 2262 1728 venerit
2323 1675 2635 1744 quicunque
2668 1677 2954 1729 verbormu
3002 1675 3166 1731 fuerit
3197 1679 3485 1745 inventor;
3531 1680 3625 1734 sed

2052 1764 2267 1819 inﬁnita
2325 1767 2546 1830 smcula,
2585 1774 2639 1820 ct
2678 1767 2863 1820 mundi
2906 1767 3279 1836 pulchritudo,
3317 1780 3367 1824 et
3397 1772 3628 1825 Iuntina-

2047 1857 2188 1910 rium
2228 1857 2569 1926 splendores,
2617 1865 2669 1912 et
2725 1874 2844 1927 quae
2910 1870 3037 1913 sunt
3093 1862 3144 1914 in
3194 1863 3329 1914 mari
3378 1871 3430 1916 et
3481 1871 3624 1917 terra

2048 1949 2331 2013 miracula,
2359 1951 2784 2024 angelorumque
2821 1952 3044 2013 militia},
3095 1961 3148 2007 et
3203 1959 3624 2023 superinundia-

2051 2041 2129 2094 les
2161 2041 2412 2105 virtutes,
2445 2051 2498 2096 et
2529 2043 2574 2096 si
2608 2044 2736 2111 quid
2789 2051 2876 2098 est
2907 2044 3052 2097 aliud
3091 2046 3236 2114 quod
3279 2047 3332 2099 in
3390 2063 3624 2117 superna

2053 2134 2179 2188 sede
2209 2149 2237 2186 a
2263 2132 2544 2203 Scriptura
2585 2151 2681 2204 per
2705 2136 2990 2205 {enigmata
3033 2137 3303 2202 audimus,
3337 2139 3450 2192 lucc
3501 2149 3628 2195 sunt

2053 2223 2567 2295 qure'testilicantur
2589 2226 2699 2281 Deo
2728 2243 2847 2296 quae
2890 2235 2974 2282 est
3028 2244 3191 2297 supra
3227 2232 3407 2284 omnia
3463 2234 3626 2286 virtu-

2055 2326 2182 2372 tem.
2216 2316 2380 2372 V’oeis
2409 2324 2800 2372 autemsonum
2827 2319 2911 2376 his
2937 2322 3029 2390 qui
3055 2322 3376 2375 naturaliter
3396 2325 3627 2392 Ιοιμιιιιι-

2056 2418 2145 2462 tur
2196 2409 2285 2478 qui
2334 2408 2601 2471 attribuit",
2661 2408 2794 2461 nihil
2829 2408 2882 2461 in
2940 2424 3062 2464 eum
3102 2411 3193 2479 qui
3241 2426 3425 2464 vocem
3481 2411 3628 2466 dedit

2059 2502 2220 2570 impie
2263 2502 2446 2566 dicet;
2490 2516 2665 2564 neque
2723 2499 2865 2554 enim
2910 2517 3162 2570 magnum
3218 2503 3421 2571 aliquid
3464 2515 3623 2572 puta-

2059 2607 2204 2655 mus,
2249 2607 2440 2660 nempe
2464 2590 2853 2659 signiﬁcativas
2897 2607 3076 2646 rerum
3105 2608 3266 2648 voces
3299 2596 3623 2665 excogitare.

2058 2682 2156 2747 Cui
2203 2682 2347 2735 enim
2407 2681 2688 2749 Scriptura
2735 2683 3034 2736 secundum
3083 2683 3394 2738 historicam
3442 2688 3622 2740 mund'

2058 2774 2391 2828 creationem
2420 2774 2659 2827 humano
2693 2774 2819 2828 huic
2855 2776 3110 2844 tigtnento
3133 2776 3418 2847 ἀνθρώπου
3453 2779 3623 2832 Ιιοηιὶη

2057 2866 2138 2919 nis
2198 2880 2395 2919 nomen
2431 2865 2624 2918 indidit
2664 2866 2729 2930 ⁵³,
2765 2866 2910 2919 hunc
2949 2865 3050 2920 Job
3103 2866 3314 2938 βροτόν,
3351 2870 3623 2924 mortalem

2059 2955 2304 3008 nominat
2338 2955 2407 3019 5",
2449 2965 2502 3008 et
2527 2955 2745 3024 quidam
2795 2957 3003 3010 externi
3051 2958 3224 3024 φῶτα,
3276 2961 3432 3028 quasi
3476 2960 3626 3014 dicas

380 3043 664 3113 ἀνθρώπου
691 3046 1028 3118 προσηγορία.
1049 3050 1288 3103 κάκεῖνοί
1312 3069 1462 3113 τινας
1491 3052 1712 3122 ἐξεῦρον
1747 3053 1947 3121 φωνάς,

2061 3047 2321 3100 hominem
2359 3047 2650 3116 loquentem
2686 3057 2740 3102 et
2769 3050 2858 3102 alii
2901 3050 3110 3120 μέροπα
3150 3052 3202 3106 id
3247 3060 3350 3120 est,
3408 3052 3626 3108 diversi-

382 3137 408 3151 μ
434 3137 446 3154 ς

377 3137 446 3189 δι’
483 3132 555 3190 ὧν
583 3139 779 3208 ὁμοίως
801 3138 1051 3209 δηλοῦται
1080 3140 1140 3193 τὸ
1168 3141 1548 3212 ὑποκείμενον;
1587 3143 1721 3196 ἀλλὰ
1746 3143 1950 3215 ταύτην

386 3225 489 3294 μὲν
508 3225 603 3294 τὴν
643 3227 1023 3295 ματαιολογίαν
1051 3229 1233 3282 ἐατέον
1267 3232 1416 3300 ἡμῖν,
1453 3231 1632 3295 καθὼς
1667 3236 1948 3303 προεῖπον,

382 3321 479 3369 καὶ
507 3315 602 3378 τὰς
624 3314 818 3386 ἐφεξῆς
841 3318 1101 3389 λοιδορίας
1123 3322 1179 3372 ἐν
1207 3321 1417 3384 οὐδενὸς
1441 3323 1595 3394 μέρει
1619 3323 1818 3390 θετέον.
1866 3325 1954 3376 Ἐν

384 3402 474 3469 αῖς
503 3409 926 3476 καταψεύδεσθαι
960 3411 1065 3462 τῶν
1099 3409 1256 3463 θείων
1287 3413 1433 3482 ἡμᾶς
1463 3413 1655 3482 λογίων
1679 3416 1832 3486 φησὶ,
1861 3417 1955 3470 καὶ

385 3498 526 3551 κατὰ
556 3500 731 3552 πᾶσαν
765 3500 944 3553 ἄδειαν
993 3507 1369 3572 συκοφαντεῖν,
1394 3505 1463 3558 τά
1491 3523 1552 3558 τε
1580 3505 1713 3558 ἄλλα
1752 3507 1953 3569 πάντα,

384 3593 480 3644 καὶ
507 3593 664 3645 αὑτὸν
689 3592 776 3645 τὸν
805 3594 954 3648 Θεόν.
983 3595 1340 3666 Μετέλθωμεν
1368 3597 1424 3648 δὲ
1450 3596 1526 3666 τῷ
1560 3597 1702 3670 λόγῳ
1732 3601 1866 3671 πρὸς
1889 3601 1956 3653 τά

384 3678 698 3750 λειπόμενα.

2059 3141 2304 3210 linguem,
2339 3140 2418 3193 vel
2449 3140 2716 3194 diversam
2747 3147 2801 3193 et
2826 3141 3166 3195 articulatam
3202 3159 3386 3198 vocem
3428 3145 3628 3199 haben-

2061 3237 2190 3293 tem,
2227 3237 2284 3282 ut
2316 3229 2563 3282 omittam
2595 3229 2894 3282 secundum
2935 3231 3180 3299 singulas
3227 3242 3416 3302 gentes
3470 3236 3629 3303 hujus

2063 3321 2302 3374 nominis
2338 3321 2696 3375 differentias.
2741 3319 2877 3375 Num
2930 3321 3095 3390 igitur
3127 3324 3476 3395 adzequamus
3525 3329 3632 3383 Deo

2059 3414 2223 3469 etiam
2259 3414 2476 3467 illorum
2516 3414 2774 3476 honores,
2801 3414 2926 3483 quia
2965 3416 3348 3485 arquivalentes
3398 3420 3630 3478 hominis

2064 3504 2416 3573 appellationi
2440 3505 2603 3557 etiam
2643 3503 2720 3557 illi
2747 3519 2909 3560 voces
2932 3505 3276 3571 invenerunt,
3306 3511 3507 3578 quibus
3558 3513 3632 3564 si-

2065 3596 2264 3650 militer
2295 3596 2610 3649 declaratur
2637 3595 2976 3664 subjectum?
3006 3595 3111 3652 Sed
3146 3598 3260 3654 haac
3285 3602 3628 3671 vaniloquen-

2063 3691 2136 3741 tia
2191 3687 2493 3741 omittenda
2531 3696 2617 3742 est
2656 3688 2837 3753 nobis,
2901 3688 3045 3744 sicut
3097 3692 3348 3760 praedixi,
3403 3703 3457 3748 et
3511 3712 3631 3764 que

393 3773 656 3842 deinceps
682 3781 989 3843 sequuntur
1017 3775 1254 3828 convitia
1285 3791 1384 3844 pro
1443 3777 1612 3831 nihilo
1646 3788 1772 3833 sunt
1848 3781 2178 3852 reputando,
2222 3779 2424 3848 quibus
2489 3794 2592 3833 nos
2669 3789 2861 3834 contra
2904 3782 3084 3836 divina
3133 3786 3355 3840 oracula
3416 3790 3633 3842 mentiri

387 3874 654 3932 autumat,
690 3874 852 3937 atque
904 3868 1050 3921 omni
1119 3876 1265 3923 metu
1333 3870 1548 3926 sublato
1597 3874 1946 3943 calumniari,
1989 3878 2205 3945 aliaque
2238 3874 2423 3928 omnia
2445 3881 2499 3927 et
2533 3873 2711 3944 ipsum
2743 3872 2931 3929 Deum.
2975 3875 3080 3931 Sed
3120 3877 3195 3932 ad
3253 3879 3460 3950 reliqua
3511 3897 3627 3949 per-

384 3975 601 4030 gamus.

458 4053 750 4124 Προτίθησι
798 4052 957 4107 πάλιν
1003 4053 1096 4107 τοῦ
1143 4055 1460 4111 διδασκάλου
1517 4063 1674 4134 ῥῆσιν
1725 4067 1954 4140 ἔχουσαν

384 4145 590 4210 οὕτως·
617 4149 1054 4215 Παραπλησίως
1096 4149 1164 4201 δὲ
1198 4152 1296 4205 κοί
1341 4153 1522 4207 οὐδὲν
1571 4159 1957 4232 ἀλλοιότερον

387 4239 504 4306 τὴν
548 4237 657 4306 τῆς
699 4240 965 4305 ἐπινοίας
1016 4240 1236 4309 χρῆσιν
1267 4244 1425 4310 παρὰ
1469 4247 1574 4301 τοῦ
1613 4251 1775 4306 θείου
1807 4255 1959 4309 δεδι-

387 4330 650 4400 δάγομεθα
677 4317 952 4401 .1671)va
982 4333 1194 4398 Κύριος
1220 4335 1384 4402 ἡμῶν
1423 4337 1653 4405 Ἰησοῦς
1685 4345 1953 4413 Χριστὸς,

2133 4076 2396 4147 Proponit
2449 4088 2642 4130 rursus
2687 4071 2932 4141 magistri
2991 4069 3153 4126 verba
3190 4084 3309 4139 quae
3342 4069 3414 4123 ita
3442 4068 3634 4124 seba-

2062 4168 2322 4237 bcnt:(a)
2353 4166 2703 4221 Persimiliter
2733 4173 2906 4216 autem
2951 4170 3000 4214 et
3029 4178 3132 4214 non
3170 4160 3443 4213 diversiori
3477 4160 3632 4212 modo

2065 4258 2518 4311 commentationis
2555 4270 2709 4308 usum
2731 4270 2794 4307 ex
2847 4253 2997 4305 verbo
3030 4250 3205 4304 divino
3254 4251 3396 4302 docti
3426 4265 3629 4302 sumus.

2068 4346 2326 4399 Dominus
2380 4357 2556 4400 noster
2611 4343 2767 4397 Jesus
2819 4340 3062 4395 Christus
3120 4348 3367 4392 naturam
3420 4337 3632 4392 deitatis

387 4423 504 4489 τὴν
535 4424 724 4491 φύσιν
769 4423 878 4490 τῆς
917 4423 1192 4490 θεότητος
1234 4424 1356 4491 τοῖς
1402 4427 1726 4498 ἀνθρώποις
1773 4452 1950 4504 παρα.

2062 4437 2361 4491 hominibus
2398 4437 2701 4497 declarans,
2731 4432 3137 4502 proprietatibus
3177 4430 3490 4500 quibusdam
3518 4447 3634 4498 qua:

387 4514 631 4580 δηλῶν,
691 4514 964 4583 ἱδιώμασί
1015 4531 1135 4568 τισι
1188 4515 1311 4580 τοῖς
1363 4522 1787 4592 θεωρουμένοις
1829 4531 1963 4597 περὶ

385 4605 576 4658 αὑτὸν
604 4605 1003 4673 ἀποσημαίνει
1057 4609 1315 4676 ταύτηνσ
1368 4614 1556 4679 θύραν
1604 4616 1820 4670 ἑαυτὸν
1863 4619 1963 4673 λέ-

386 4711 509 4764 γων
538 4694 635 4746 καὶ
667 4693 879 4761 ἄρτον,
915 4695 1012 4748 καὶ
1051 4695 1226 4761 ὁδὸν,
1257 4697 1354 4750 καὶ
1378 4698 1673 4767 ἄμπελον,
1706 4705 1804 4757 καὶ
1834 4719 1961 4759 ποι-

379 4783 559 4854 μένα,
597 4783 694 4838 καὶ
721 4783 866 4853 φῶς.
904 4785 983 4837 Τὰ
1019 4787 1115 4854 μὲν
1139 4783 1231 4839 οὖν
1271 4790 1355 4857 ἐφ’
1392 4788 1547 4860 ὕϐρει
1580 4791 1809 4862 ρηθέντα
1844 4796 1962 4848 καθ’

385 4877 546 4947 ἡμῶν
600 4878 726 4946 παρ’
775 4875 937 4928 αὐτοῦ
971 4877 1062 4928 ἐπὶ
1107 4877 1312 4953 τούτοις
1348 4879 1528 4950 (οὕτω
1573 4882 1680 4953 γὰρ
1721 4884 1880 4937 αὐτὸν
1925 4888 1958 4956 ἡ

383 4967 695 5035 διαλεκτικὴ
730 4966 996 5036 μάχεσθαι
1037 4969 1146 5029 τοῖς
1188 4968 1554 5036 ἀντιλέγουσιν
1606 4972 1958 5046 ἐδιδάξατο),

386 5059 633 5132 παριδεῖν
666 5054 818 5127 οἶμαι
851 5059 1079 5128 πρέπειν
1105 5097 1118 5120 ,
1155 5061 1248 5112 καὶ
1278 5061 1441 5129 μηδὲν
1473 5063 1607 5132 πρὸς
1634 5065 1732 5128 τάς
1765 5084 1956 5137 μειρα-

384 5147 600 5210 κιώδεις
654 5148 838 5210 ἀνοίας
893 5148 1383 5218 ὑποταράσσεσθαι.
1454 5152 1610 5206 Ἀλλὰ
1673 5157 1734 5207 τὸ
1793 5157 1954 5229 δριμὺ

382 5245 545 5299 τοῦτο
594 5244 686 5297 καὶ
719 5245 955 5311 ἄφυκτον
1001 5243 1150 5312 ῥῆμα
1185 5241 1627 5312 κατεξετάσωμεν
1654 5286 1668 5307 ,
1716 5246 1850 5316 ὅπερ
1879 5251 1958 5311 εἰς

382 5335 698 5406 ἀνατροπὴν
745 5335 837 5386 τοῦ
885 5334 1008 5386 καθ’
1055 5335 1198 5404 ἡμᾶς
1247 5334 1582 5406 προτείνεται
1628 5335 1803 5404 λόγου.
1839 5341 1954 5402 Τίς,

383 5428 540 5499 φησι,
568 5427 674 5480 τῶν
709 5426 876 5494 ἁγίων
903 5426 1068 5490 ἐστὶν,
1095 5426 1152 5488 ὃς
1185 5428 1300 5479 κατ’
1337 5426 1578 5480 ἐπίνοιαν
1603 5427 1852 5497 λέγεσθαι
1882 5433 1956 5504 τῷ

457 5563 502 5595 ⁸³
527 5559 660 5616 Gen.
700 5578 738 5624 ι,
767 5561 853 5615 ‘26.
965 5561 1011 5594 ³⁸
1037 5561 1136 5617 Job
1171 5578 1280 5627 xw,
1316 5563 1364 5615 l.

460 5707 535 5774 ta)
569 5703 626 5755 D.
661 5702 891 5758 Basilius
926 5717 1108 5758 contra
1145 5677 1478 5770 Eunomia";
1515 5706 1607 5762 lib.

1636 5793 1646 5816 ι

2060 4529 2113 4581 in
2137 4530 2249 4597 ipso
2265 4528 2603 4594 peculiariter
2628 4534 2950 4594 spectantur,
2977 4525 3110 4576 hanc
3137 4523 3410 4592 designat:
3439 4523 3634 4576 ostium

2061 4619 2287 4686 seipsum
2322 4617 2519 4679 dicens,
2545 4627 2594 4669 et
2623 4631 2829 4684 panem,
2862 4626 2911 4670 et
2935 4617 3094 4680 viam,
3116 4626 3164 4668 et
3189 4618 3425 4677 vitem,et
3456 4624 3634 4682 pasto-

2061 4726 2190 4774 rem,
2231 4718 2280 4762 et
2319 4709 2505 4762 lucem.
2542 4707 2673 4772 Qua:
2717 4709 2882 4778 igitur
2920 4723 3018 4778 per
3043 4707 3421 4761 contumeliam
3444 4715 3634 4760 contra

2061 4816 2162 4855 nos
2196 4801 2264 4854 ab
2289 4801 2406 4869 ipso
2438 4800 2507 4854 ob
2534 4799 2646 4853 haac
2680 4800 2827 4853 dicta
2860 4798 3108 4868 sunt(sic
3147 4799 3289 4853 enim
3319 4799 3496 4867 ipsum
3525 4797 3636 4852 dia-

2063 4891 2255 4945 lectica
2289 4890 2790 4946 contradicentibus
2813 4892 3095 4946 decertare
3123 4891 3328 4960 docuit)
3353 4891 3634 4960 despicere

2062 4981 2304 5035 arbitror
2334 4981 2526 5036 decere
2548 5019 2562 5045 ,
2587 4989 2640 5036 et
2662 4981 2796 5034 nihil
2825 4982 2890 5034 ad
2920 4981 3189 5051 juveniles
3219 4984 3482 5036 amentias
3507 4980 3635 5034 sub-

2061 5071 2291 5124 turbari.
2328 5070 2432 5124 Sed
2468 5071 2570 5126 hoc
2602 5087 2727 5127 acre
2757 5073 2979 5126 verbum
3009 5080 3062 5126 et
3093 5073 3404 5127 inevitabile
3431 5070 3634 5123 exami—

2061 5177 2274 5225 nemus,
2323 5163 2469 5231 quod
2514 5163 2580 5216 ad
2619 5163 2953 5218 eversionem
2987 5164 3160 5218 nostri
3212 5161 3479 5217 sermonis
3507 5170 3634 5222 pro-

2059 5253 2251 5306 tendit.
2288 5252 2421 5318 Quis
2455 5263 2794 5318 sanctorum,
2832 5256 3027 5324 inquit,
3065 5263 3166 5317 est,
3197 5254 3285 5321 qui
3336 5264 3430 5318 per
3481 5262 3636 5299 coms

2063 5344 2444 5400 mentationem
2475 5345 2585 5399 hmc
2607 5347 2825 5400 nomina
2860 5345 3084 5398 Domino
3109 5340 3330 5394 attribui
3367 5337 3636 5392 testctur?

2064 5434 2196 5500 Quis
2227 5447 2404 5493 autem
2454 5438 2732 5508 prohibet,
2789 5438 2853 5491 ad
2913 5437 3089 5504 ipsum
3148 5431 3330 5485 hercle
3374 5427 3629 5490 dixerim.
