4056 6146
500 248 622 297 Hii!

1724 257 1777 309 S.
1819 256 2144 315 GllEGORll
2186 261 2473 315 NYSSENI

3608 263 3751 309 ιίιιτ

495 362 863 431 blasphemum
896 380 1015 418 esse
1057 364 1311 433 judicans
1344 368 1397 420 in
1458 374 1914 431 commentatione
1939 392 2065 447 spc-

2177 378 2354 446 Κυρίῳ
2389 375 2558 428 ταῦτα
2600 378 2868 445 μαρτυρεί
2903 376 2968 428 τά
3000 376 3274 445 ὀνόματα;
3314 375 3408 439 Τίς
3453 375 3507 428 δὲ
3541 376 3753 442 ἀπα-,τοι

496 464 644 508 ctare
679 458 959 509 nominum
1011 459 1203 512 usum?
1234 458 1290 513 Si
1338 464 1481 515 enim
1536 464 1663 533 quia
1705 464 1908 521 dictum
1961 458 2070 523 non

494 554 598 606 est,
638 546 688 598 id
719 558 1094 616 argumentum
1123 566 1242 607 esse
1291 555 1509 620 asserit,
1543 557 1689 625 quod
1727 559 1798 613 sit
1826 560 2068 629 prohibi—

495 648 631 698 tum,
670 639 831 691 etiam
870 641 994 709 quia
1028 644 1255 696 vetitum
1309 660 1418 699 non
1442 655 1544 708 est,
1581 648 1633 702 id
1681 648 1895 720 signum
1942 666 2072 706 con-

494 742 707 780 cessum
729 742 850 781 esse
873 731 1059 797 procul
1078 731 1244 791 dubio
1270 735 1618 789 asseutietur.
1644 737 1737 793 [lis
1760 740 2073 794 nominibus

500 817 759 872 llominus
805 822 1136 888 nominatur,
1168 840 1234 877 an
1264 826 1427 879 etiam
1472 828 1587 883 litec
1636 832 1855 900 negabit
1890 831 2073 887 Euno-

500 911 677 963 mius?
697 908 799 965 Sed
831 914 875 967 si
902 923 1059 983 neget
1091 917 1187 970 has
1216 916 1283 971 de
1311 918 1530 974 Christo
1545 936 1703 977 voces
1726 939 1848 978 esse
1874 924 2071 985 dictas,

498 1001 618 1053 sine
676 1018 852 1072 pugna
907 1005 1156 1061 vicimus.
1208 1007 1463 1071 Quaenam
1505 1011 1648 1064 enim
1694 1014 1958 1070 illustrior
1984 1017 2075 1070 ﬁat

500 1093 723 1147 victoria
748 1110 906 1162 quam
940 1112 1057 1165 qure
1083 1097 1418 1153 demonstret
1448 1100 1821 1157 adversarium
1848 1104 1957 1161 Deo
1987 1124 2073 1163 re-

500 1183 721 1246 bellare,
759 1187 881 1255 quia
925 1188 1139 1243 divinas
1168 1190 1450 1260 Evangelii
1505 1210 1667 1248 voces
1710 1197 1893 1252 irritas
1948 1197 2077 1253 facit

499 1284 553 1326 et
583 1279 882 1345 pervertit?
913 1277 1066 1344 Quod
1101 1282 1146 1335 si
1192 1298 1314 1336 vere
1345 1283 1635 1339 conﬁtetur
1663 1286 1941 1341 Christum
1989 1290 2076 1345 bis

504 1367 820 1437 nominibus
852 1371 1133 1438 appellari,
1164 1371 1313 1426 dicat
1336 1375 1554 1429 modum
1579 1392 1687 1446 quo
1712 1379 1799 1446 pie
1826 1377 2077 1451 Uuigeni-

503 1468 557 1505 to
609 1462 1092 1518 accommodantur
1126 1464 1239 1519 inec
1273 1468 1514 1521 nomina.
1547 1466 1685 1522 Num
1724 1480 1931 1527 natura:
1959 1474 2076 1543 ejus

510 1548 737 1616 lapidem
759 1566 880 1606 esse
903 1554 1132 1608 indicem
1162 1555 1389 1611 deﬁnit?
1418 1576 1546 1613 num
1580 1563 1875 1615 essentiam
1900 1565 2075 1633 ipsius

506 1655 601 1706 per
634 1642 837 1696 asciam
872 1645 986 1699 sive
1022 1648 1259 1701 securim
1290 1650 1737 1707 intellexit?num
1762 1670 1857 1723 per
1874 1658 2074 1709 ostium

505 1729 776 1803 linigeuiti
809 1736 1025 1792 deitatis
1072 1740 1375 1809 proprietas
1419 1744 1788 1813 signiﬁcatur,
1842 1748 1925 1802 vel
1972 1764 2071 1817 per

507 1826 930 1896 unumquodque
952 1830 1179 1883 aliorum
1214 1835 1304 1899 (ne
1333 1834 1557 1888 multam
1588 1837 1801 1890 turbam
1828 1840 2068 1895 sermoni

506 1916 804 1991 inferamus
835 1921 1014 1972 omnia
1068 1932 1414 1980 recensentes
1465 1928 1707 1997 nomina)
1738 1944 1845 1983 non
1882 1940 2073 1985 natura

507 2006 779 2077 Unigeniti
816 2014 1235 2082 unumquodque
1271 2018 1464 2071 horum
1513 2021 1792 2075 nominum
1820 2031 1925 2087 est,
1965 2039 2071 2077 non

505 2100 700 2166 deitas,
746 2118 855 2157 non
902 2109 1152 2161 essentia:
1196 2111 1952 2185 proprietas?Verumtamen
1987 2118 2073 2173 his

505 2189 819 2244 nominibus
852 2203 1098 2259 vocatur,
1131 2204 1184 2251 et
1221 2200 1509 2268 appellatio
1552 2202 1757 2271 aliquid
1793 2207 2071 2275 proprium

507 2281 557 2331 in
583 2296 641 2335 se
664 2284 927 2339 continet.
953 2284 1095 2340 Nihil
1122 2289 1263 2343 enim
1300 2291 1555 2354 otiosum,
1589 2294 1726 2348 nihil
1773 2296 1917 2365 quod
1964 2314 2073 2353 non

503 2373 786 2440 signiﬁcet,
844 2378 895 2430 in
932 2378 1131 2435 divinis
1162 2383 1383 2439 vocibus
1411 2386 1556 2453 pium
1598 2394 1682 2442 est
1717 2396 1771 2442 et
1822 2400 2074 2445 sanctum

502 2466 840 2522 existimare.
897 2468 1036 2541 Ergo
1110 2472 1373 2527 rationem
1429 2475 1576 2530 dicat
1630 2478 1677 2533 si
1724 2472 2070 2549 aspernatur,

504 2571 695 2625 nempe
729 2562 1025 2614 secundum
1069 2569 1585 2622 commentationem
1623 2571 1753 2634 dici,
1787 2573 1927 2627 unde
1961 2573 2075 2629 haec

502 2646 721 2699 nomina
770 2650 987 2704 Christo
1034 2666 1359 2725 congruunt.
1413 2658 1520 2713 Nos
1567 2661 1784 2729 quidem
1840 2664 2073 2720 dicimus

503 2738 667 2803 quod,
718 2754 839 2793 eum
889 2742 1293 2799 multiformiter
1344 2747 1603 2803 Dominus
1660 2751 1908 2807 humanm
1950 2755 2074 2809 vita)

503 2830 804 2895 provideat,
839 2848 1066 2902 quazque
1099 2835 1342 2889 hcneﬁcii
1374 2840 1585 2906 species
1616 2855 1708 2909 per
1731 2845 2074 2913 unumquod-

503 2936 609 2987 que
640 2923 825 2976 talium
850 2926 1128 2979 nominum
1160 2939 1520 2997 congruenter
1552 2931 1909 3001 dignoscitur,
1950 2951 2074 3005 pro-

504 3012 741 3065 videntia
798 3026 849 3068 et
899 3019 1214 3085 operatione
1269 3036 1389 3089 quae
1448 3022 1500 3075 in
1533 3023 1651 3092 ipso
1690 3034 1990 3092 spectatur,
2018 3028 2071 3080 in

506 3104 741 3161 nominis
790 3106 1017 3162 formam
1050 3118 1385 3170 transeunte.
1415 3113 1620 3171 Nomen
1671 3128 1850 3172 autem
1883 3120 2076 3189 hujus-

505 3197 645 3251 modi
677 3198 877 3254 dicitur
929 3205 1125 3268 mentis
1160 3208 1558 3277 excogitatione
1591 3212 1703 3265 sive
1742 3222 2077 3269 commenta-

505 3291 652 3343 t‘one
708 3291 997 3347 nominari.
1035 3294 1186 3359 Quod
1221 3297 1265 3350 si
1302 3298 1403 3352 hoc
1450 3298 1782 3355 adversariis
1815 3319 1921 3356 non
1959 3306 2074 3373 pla-

504 3390 608 3443 ret,
643 3384 915 3451 quomodo
969 3388 1167 3456 cuique
1200 3388 1471 3453 videatur,
1504 3392 1582 3444 sic
1622 3408 1680 3445 se
1708 3393 1921 3448 habeat.
1970 3396 2073 3450 Sed

506 3477 588 3528 his
618 3492 737 3545 qum
779 3479 1037 3532 dicuntur
1066 3482 1407 3549 adversatur,
1433 3485 1524 3552 qui
1568 3486 1848 3539 nominum
1878 3505 1997 3558 qute
2022 3491 2075 3544 in

506 3568 804 3636 Scripturis
829 3568 938 3622 Deo
964 3571 1353 3637 attribuuntur,
1389 3574 1541 3629 rudis
1570 3586 1651 3630 est
1676 3584 1728 3631 et
1747 3577 1986 3646 ignarus.
2018 3580 2075 3634 Si

503 3659 650 3711 enim
700 3661 912 3715 divinas
943 3676 1107 3718 voces
1150 3664 1448 3729 didicisset,
1481 3669 1666 3738 utique
1722 3682 1906 3727 nosset
1930 3675 2073 3743 quod

504 3753 667 3805 etiam
712 3752 1056 3807 maledictum
1101 3762 1153 3811 et
1186 3765 1500 3826 peccatum,
1546 3771 1597 3815 et
1627 3762 1857 3831 juvenca
1906 3776 2076 3824 (nstro

506 3844 732 3910 percita,
763 3854 815 3898 et
842 3845 1058 3901 catulus
1107 3847 1345 3913 leonum,
1375 3858 1428 3905 et
1461 3867 1586 3907 ursa
1644 3854 1829 3922 dubia,
1860 3867 1914 3912 et
1946 3874 2075 3927 par-

504 3935 664 3997 dalis,
720 3945 767 3988 et
812 3952 932 4005 qua:
983 3935 1247 4003 ejusmodi
1284 3942 1581 3996 secundum
1632 3945 1875 4003 diversas
1925 3964 2077 4004 com-

505 4027 865 4081 mentationes
899 4042 926 4078 a
961 4026 1241 4097 Scriptura
1273 4028 1535 4088 Dominus
1562 4034 1766 4088 dicitur
1797 4054 1811 4089 :
1841 4055 1936 4107 per
1956 4056 2076 4110 qum

505 4118 726 4171 nomina
760 4120 933 4173 sancti
963 4127 1015 4174 et
1058 4128 1377 4187 praestantes
1408 4124 1511 4178 viri
1556 4140 1778 4195 scopum
1811 4130 2072 4197 notionis,

505 4212 557 4263 in
581 4227 738 4281 quem
759 4212 966 4265 directo
987 4211 1342 4281 aspiciebant,
1361 4213 1504 4269 clare
1523 4218 1832 4285 explanant.
1852 4221 2073 4278 Etiamsi

504 4306 706 4371 passim
758 4312 1021 4374 usurpata
1055 4304 1344 4359 videantur
1382 4308 1783 4375 quodammodo
1823 4313 1935 4369 haec
1976 4332 2072 4371 no-

2176 468 2341 538 psu’st,
2382 468 2515 538 πρὸς
2537 469 2697 521 αὑτὸν
2729 468 2931 537 εἴποιμ’
2962 467 3028 520 ἂν
3049 507 3064 530 ,
3098 468 3420 536 βλάσφημον
3453 463 3595 520 εἶναι
3631 468 3754 535 κρί-

2174 576 2278 611 νων
2300 559 2361 611 τὸ
2388 562 2446 611 ἐν
2476 560 2688 630 ἐπινοίᾳ
2721 560 2941 630 θεωρεῖν
2965 558 3074 611 τῶν
3100 558 3382 626 ὀνομάτων
3402 557 3499 628 τὴν
3521 558 3750 629 χρῆσινς

2174 651 2235 703 Εἰ
2277 650 2386 720 γὰρ
2429 651 2505 703 τὸ·
2539 652 2600 704 οὐ
2648 651 2721 722 μὴ
2765 650 3013 721 εἰρῆσθαι
3059 649 3153 703 τοῦ
3209 649 3549 703 κεκωλύσθαι
3605 649 3752 716 λέγει

2175 743 2473 812 τεκμήριον
2505 738 2666 806 εἶναι,
2707 742 2800 795 καὶ
2832 742 2892 795 τὸ
2938 742 3011 813 μὴ
3053 739 3396 797 κεκωλύσθαι
3425 741 3515 793 τοῦ
3555 756 3753 807 συγκε-

2176 831 2453 901 χωρῆσθαι
2488 833 2710 901 σημεῖον
2764 828 2904 883 εἶναι
2956 831 3173 894 πάντως
3218 830 3561 899 συνθήσεται.
3607 831 3753 882 Ὀνο-

2180 920 2408 988 μάζεται
2441 923 2553 983 τοῖς
2579 921 2803 990 ὀνόμασι
2837 920 3048 983 τούτοις
3078 922 3106 973 6
3135 922 3370 991 Κύριος,
3412 919 3445 990 ἦ
3488 920 3581 972 καὶ
3624 922 3753 990 περ)⁵

2176 1012 2382 1064 τούτων
2432 1012 2657 1082 ἔξαρνος
2702 1015 2729 1065 6
2785 1013 3047 1082 Εὐνόμιος
3101 1014 3345 1081 γίνεται;
3390 1013 3530 1065 Ἀλλ’
3568 1014 3615 1064 εί
3655 1015 3755 1081 μὲν

2178 1104 2420 1173 ἀρνεῖται
2452 1103 2515 1156 τὸ
2539 1103 2790 1171 λέγεσθαι
2815 1104 3018 1165 ταύτας
3044 1105 3136 1156 ἐπὶ
3162 1103 3399 1175 Χριστοῦ
3424 1104 3522 1166 τὰς
3547 1103 3750 1171 φωνάς,

2178 1195 2421 1263 ἀμαχητὶ
2464 1196 2899 1265 κεκρατήκαμεν.
2936 1195 3032 1258 Τίς
3077 1195 3185 1266 γάρ
3213 1194 3279 1249 ἂν
3313 1194 3752 1264 περιφανεστέρα

2177 1283 2401 1353 γένηται
2453 1285 2574 1354 νίκη
2630 1284 2723 1336 τοῦ
2754 1283 2920 1348 δεῖξαι
2951 1285 3201 1355 φανερῶς
3258 1284 3631 1355 θεομαχοῦντα
3664 1287 3752 1337 τὶν

2177 1377 2569 1447 ἀντικείμενον,
2605 1377 2691 1429 διὰ
2720 1377 2812 1430 τοῦ
2840 1360 2938 1441 τάς
2969 1377 3116 1441 Θείας
3149 1378 3241 1431 τοῦ
3274 1374 3607 1446 Εὖαγγελίου
3642 1396 3752 1446 φω-

2178 1466 2273 1529 νάς
2299 1467 2784 1538 παραγράφεσθαι;
2828 1469 2887 1519 Εἰ
2925 1468 2980 1520 δὲ
3020 1467 3235 1537 άληθῶς
3278 1468 3533 1539 ὁμολογεῖ
3578 1468 3752 1521 ταῦτα

2178 1557 2270 1609 τὸν
2323 1560 2557 1627 Χριστὸν
2588 1560 2977 1630 ὀνομάζεσθαι,
3012 1560 3217 1628 λεγέτω
3249 1559 3341 1613 τόν
3374 1560 3577 1630 τρόπον
3631 1560 3748 1612 καθ’

2178 1649 2236 1701 ὃν
2270 1649 2505 1713 εὐσεϐῶς
2535 1651 2899 1721 ἐφαρμόζεται
2933 1650 3007 1721 τῷ
3046 1652 3340 1720 Μονογενεῖ
3371 1650 3490 1721 Θεῴ
3531 1651 3598 1703 τά
3635 1650 3752 1702 ὀνό-

2182 1756 2345 1809 ματα.
2376 1740 2467 1811 Μὴ
2506 1741 2603 1809 τῆς
2637 1739 2851 1808 φύσεως
2898 1739 3061 1792 αὑτοῦ
3100 1739 3191 1792 τὸν
3230 1739 3377 1792 λίθον
3426 1738 3753 1792 ἐνδεικτικδν

2177 1831 2502 1901 διορίζεταις
2553 1832 2643 1902 Μὴ
2692 1831 2790 1901 τὴν
2836 1830 3021 1883 οὐσίαν
3072 1830 3236 1883 αὐτοῦ
3276 1830 3363 1883 διά
3413 1830 3512 1900 τῆς
3566 1830 3755 1899 ἀξίνης

2180 1900 2433 1993 ἐνόησενς
2464 1921 2551 1992 Μὴ
2582 1900 2668 1974 διά
2694 1900 2794 1989 τῆς
2838 1921 3005 1991 θύρας
3031 1924 3063 1991 ἡ
3100 1922 3198 1990 τῆς
3234 1920 3485 1988 θεότητος
3514 1920 3609 1972 τοῦ
3640 1918 3755 1973 Mo—

2180 2012 2425 2081 νογενοῦς
2454 2014 2650 2081 ἰδιότης
2683 2012 3036 2083 σημαίνεται,
3083 2012 3115 2082 ἢ
3156 2011 3221 2064 δι’
3255 2012 3486 2064 ἑκάστου
3529 2011 3639 2063 τῶν
3667 2011 3755 2063 άλ-

2178 2108 2283 2160 λων
2311 2106 2418 2176 (ἵνα
2449 2105 2522 2177 μὴ
2565 2106 2727 2159 πολὺν
2773 2107 3065 2175 ἐπάγωμεν
3097 2106 3250 2175 ὄχλον
3281 2105 3357 2175 τῷ
3389 2104 3535 2175 λόγῳ
3580 2104 3753 2156 πάντα

2180 2200 2569 2269 καταλέγοντες
2622 2201 2689 2253 τὰ
2733 2200 3042 2270 ὀνόματα),
3074 2200 3135 2252 οὗ
3175 2199 3334 2268 φύσις
3381 2198 3478 2250 τοῦ
3518 2199 3753 2263 Μονογε-

2179 2288 2301 2352 νοῦς
2322 2290 2547 2342 ἕκαστον
2577 2289 2779 2342 τούτων
2811 2288 2918 2341 τῶν
2942 2288 3218 2358 ὀνομάτων
3240 2287 3386 2357 ἐστὶν
3405 2328 3418 2349 ,
3450 2286 3513 2338 οὐ
3541 2285 3753 2354 θεότης,

2180 2382 2276 2434 οὐκ
2320 2382 2503 2445 οὐσίας
2553 2381 2781 2453 ίδίωμα;
2835 2380 2995 2433 Ἀλλά
3037 2380 3140 2451 μὴν
3185 2378 3508 2448 ὀνομάζεται
3559 2378 3751 2433 ταῦτα.

2182 2474 2271 2526 καὶ¹
2300 2475 2332 2543 ἡ
2365 2474 2554 2543 κλῆσις
2590 2474 2650 2525 τὸ
2691 2475 2880 2544 κύριον
2925 2472 3056 2543 ἔχει.
3103 2471 3268 2524 Οὐδὲν
3311 2469 3419 2539 γὰρ
3455 2469 3623 2540 ἀργδν
3664 2470 3753 2521 καὶ

2180 2567 2488 2636 ἀσήμαντον
2522 2565 2578 2616 ἐν
2610 2567 2728 2627 ταῖς
2779 2563 2953 2626 θείαις
2998 2564 3202 2631 φωναῖς
3231 2561 3432 2645 εὐαγές
3464 2563 3612 2613 ἐστιν
3646 2562 3752 2613 ofs-

2183 2656 2325 2709 σθαι.
2385 2655 2593 2709 Οὐκοῦν
2638 2655 2847 2708 εἰπάτω
2891 2654 3169 2721 τὸνλόγον
3209 2654 3257 2705 εί
3308 2652 3491 2705 ἀθετεῖ
3520 2652 3583 2705 τὸ
3635 2655 3753 2705 κατ’

2180 2746 2420 2799 ἐπίνοιαν
2472 2744 2765 2812 λέγεσθαι,
2816 2744 2979 2797 πόθεν
3028 2741 3394 2813 ἐφαρμόζεται
3456 2742 3629 2795 ταῦτα
3680 2743 3756 2811 τῷ

2180 2838 2398 2909 Χριστῷ
2438 2839 2507 2891 τά
2546 2838 2803 2907 ὀνόματα.
2848 2838 3039 2906 Ἡμεῖς
3084 2837 3181 2907 μὲν
3216 2837 3324 2908 γάρ
3366 2836 3527 2889 τοῦτό
3555 2852 3757 2904 φαμεν,

2178 2930 2279 2990 ὅτι,
2309 2929 2599 2993 πολυειδῶς
2621 2928 2712 2981 τοῦ
2743 2929 2943 2999 Κυρίου
2969 2932 3067 2999 τῆς
3088 2928 3432 2999 ἀνθρωπίνης
3465 2926 3755 2998 προνοοῦν-

2178 3037 2270 3083 τος
2303 3019 2479 3091 ζωῆς,
2507 3020 2734 3073 ἕκαστον
2770 3020 3087 3091 εὐεργεσίας
3118 3016 3254 3084 εἶδος
3278 3020 3343 3073 δι’
3382 3020 3615 3073 ἑκάστου
3650 3020 3758 3071 τῶν

2176 3111 2432 3163 τοιούτων
2475 3111 2753 3181 ὀνομάτων
2811 3112 3159 3182 καταλλήλως
3221 3112 3548 3181 γνωρίζεται
3584 3153 3596 3171 ,
3658 3112 3755 3178 τῆς

2178 3202 2555 3272 θεωρουμένης
2584 3202 2732 3270 αὑτῷ
2779 3203 3036 3274 προνοίας
3070 3204 3162 3255 καὶ
3211 3202 3488 3272 ἐνεργείας
3525 3205 3604 3265 εἰς
3636 3204 3751 3255 ὀνό-

2181 3306 2350 3359 ματος
2389 3290 2559 3344 τύπον
2613 3291 3062 3362 μεταϐαινούσης.
3110 3293 3183 3345 Τὸ
3224 3293 3280 3344 δὲ
3310 3293 3549 3346 τοιοῦτον
3584 3293 3754 3363 ὄνομα

2178 3384 2309 3454 παρ’
2346 3383 2504 3453 ἡμῶν
2555 3385 2767 3438 ἐπίνοια
2806 3385 3021 3452 λέγεται
3068 3385 3448 3455 ὀνομάζεσθαι.
3486 3385 3553 3439 ΕΞ
3582 3385 3638 3438 δέ
3680 3384 3752 3454 μὴ

2176 3474 2333 3528 τοῦτο
2365 3475 2513 3545 φίλον
2562 3480 2675 3540 τοῖς
2732 3476 3118 3545 ἀντιλέγουσιν,
3173 3478 3322 3540 ὅπως
3372 3476 3438 3529 ἄν
3476 3494 3555 3546 τῳ
3599 3476 3748 3544 δοκῇ,

2178 3565 2365 3633 ἐχέτω.
2413 3563 2551 3617 Ἀλλ’
2586 3566 2858 3633 ἀντιλέγει
2891 3569 3004 3629 τοῖς
3050 3567 3364 3638 λεγομένοις
3394 3568 3423 3618 6
3460 3566 3571 3619 τῶν
3617 3584 3748 3636 γρα-

2177 3658 2353 3725 φικῶν
2403 3658 2683 3729 ὀνομάτων
2732 3661 2980 3731 ἀνήκοος.
3028 3662 3091 3714 El
3142 3661 3252 3731 γάρ
3298 3662 3625 3714 πεπαίδευτο
3656 3661 3748 3724 τὰς

2177 3749 2325 3813 θείας
2356 3750 2572 3819 φωνὰς,
2609 3750 2754 3819 ἐγνω
2795 3754 3010 3815 πάντως
3052 3752 3117 3806 ἂν
3150 3752 3232 3805 ὅτι
3278 3754 3371 3805 καὶ
3416 3754 3632 3820 κατάρα
3662 3754 3747 3805 καὶ

2177 3838 2416 3911 ἁμαρτία
2445 3878 2458 3903 ,
2488 3841 2582 3893 καὶ
2628 3838 3017 3910 παροιστρῶσα
3057 3840 3325 3911 δάμαλις,
3371 3842 3464 3894 καὶ
3517 3842 3746 3912 σκύμνος

2175 3934 2425 3997 λεόντων,
2456 3933 2550 3986 καὶ
2573 3932 2771 4001 ἄρκτος
2799 3932 3170 4003 ἀπορουμένη,
3206 3933 3298 3986 καὶ
3329 3934 3628 4004 πάρδαλις,
3659 3935 3744 3987 καὶ

2174 4025 2242 4076 τὰ
2279 4024 2502 4076 τοιαῦτα
2533 4021 2673 4076 κατὰ
2699 4021 2987 4093 διαφόρους
3016 4023 3259 4087 ἐπινοίας
3285 4025 3436 4096 παρὰ
3472 4026 3576 4095 τῆς
3613 4025 3743 4095 Ppu-

2176 4117 2279 4186 φῆς
2320 4119 2348 4170 ὁ
2386 4116 2589 4187 Κύριος
2617 4115 2868 4184 λέγεται·
2895 4116 3007 4169 τῶν
3034 4117 3206 4185 άγίων
3242 4135 3301 4171 τε
3348 4118 3442 4171 καὶ
3477 4118 3738 4189 διαφόρων

2167 4206 2381 4281 ’ἆνδρῶν
2427 4211 2516 4263 τὸν
2552 4211 2751 4263 σκοπὸν
2800 4213 2891 4265 τοῦ
2934 4213 3233 4283 νοήματος,
3274 4213 3411 4284 πρὸς
3462 4214 3523 4268 ὃν
3574 4214 3741 4283 ἀφεώο

2179 4319 2312 4372 ρων,
2345 4300 2645 4363 εὐθυϐόλως
2669 4306 2779 4366 τοῖς
2806 4304 3031 4374 ὀνόμασι
3056 4304 3265 4368 τούτοις
3292 4306 3731 4378 διατρανούντων.

504 4398 669 4460 mina,
687 4397 982 4451 secundum
1001 4404 1307 4467 promptam
1334 4406 1387 4453 et
1404 4399 1584 4455 tritam
1604 4402 2072 4473 significationem,

2185 4393 2244 4445 Ei
2276 4391 2333 4445 δὲ
2388 4392 2481 4444 καὶ
2524 4391 2908 4462 διαϐεϐλῆσθαι
2938 4392 3111 4448 ταῦτα
3144 4394 3292 4449 δοκεῖ
3318 4413 3437 4460 πως
3460 4398 3601 4451 κατὰ
3653 4399 3740 4466 τὴν

504 4505 625 4555 qua:
656 4489 875 4558 quidem
909 4489 1121 4559 singula
1158 4489 1259 4545 nisi
1281 4491 1405 4559 quis
1432 4506 1527 4560 per
1562 4498 2075 4553 commentationem

507 4585 556 4635 in
585 4582 689 4636 Deo
713 4584 797 4652 pie
839 4582 945 4636 diei
989 4584 1349 4647 concesserit,
1379 4598 1485 4637 non
1523 4598 1654 4652 pura
1677 4586 1781 4639 erit
1812 4586 1978 4642 dictio
2009 4589 2078 4644 ab

506 4673 668 4740 impia
688 4673 1021 4741 suspicione.
1040 4673 1117 4727 Ac
1144 4674 1415 4743 prolixum
1433 4673 1651 4742 quidem
1669 4684 1812 4731 esset
1833 4680 2073 4732 omnium

505 4776 895 4833 repraasentare
925 4775 977 4820 et
1000 4766 1277 4820 denudare
1299 4768 1413 4820 sive
1442 4769 1654 4837 aperire
1679 4783 1921 4837 sensum,
1941 4787 2075 4840 quo-

505 4853 667 4908 modo
722 4858 837 4909 haec
882 4858 1045 4910 etiam
1076 4856 1237 4927 vulgo
1276 4868 1535 4929 usurpata
1595 4856 1733 4915 sunt'
1774 4863 2073 4916 secundum

504 4961 847 5001 communem
903 4949 1359 5005 existimationem
1390 4964 1453 5005 ex
1500 4960 1751 5022 prompta
1799 4954 2074 5023 signiﬁca-

502 5041 683 5103 tione,
722 5039 977 5107 quoniam
1028 5043 1166 5096 ratio
1220 5046 1694 5099 commentationis
1740 5044 1924 5114 pietati
1975 5044 2071 5100 Dei

501 5131 719 5187 nomina
757 5130 1034 5185 conciliat.
1061 5130 1167 5186 Sed
1208 5134 1275 5187 ad
1307 5148 1369 5189 ea
1392 5150 1513 5205 quae
1553 5135 1809 5203 deinceps
1835 5150 2074 5205 sequun-

502 5231 608 5288 tur,
642 5221 1073 5292 progrediamur.

578 5314 792 5371 ltursus
832 5314 1064 5385 repetito
1121 5327 1391 5378 sermone,
1436 5315 1702 5384 ejusmodi
1761 5316 1981 5369 nomina
2021 5316 2075 5370 in

505 5405 733 5460 Domino
765 5406 1044 5469 dicuntur,
1084 5421 1181 5462 nec
1212 5421 1399 5460 corum
1453 5404 1740 5475 quisquam
1777 5408 1867 5475 qui
1906 5408 1957 5461 in
1988 5408 2073 5461 di—

506 5495 709 5547 vinitus
747 5496 1027 5564 inspiratis
1073 5494 1371 5565 Scripturis
1387 5502 1637 5550 versatus
1661 5494 1842 5557 fuerit,
1866 5496 2076 5552 inﬁcias

508 5586 628 5647 ibit.
662 5588 776 5641 haec
818 5590 947 5642 diei.
975 5589 1115 5655 Quid
1160 5590 1346 5658 igitur,
1378 5605 1505 5644 num
1542 5588 1715 5659 ipsius
1759 5595 1971 5643 natura:
2001 5588 2076 5643 si-

508 5677 845 5743 gniﬁcalivas
900 5697 1055 5735 voces
1102 5682 1404 5737 deliniant?
1438 5680 1597 5752 Ergo,
1641 5681 1835 5751 inquit,
1891 5678 2075 5733 multi-

2181 4482 2467 4552 πρόχειρον
2495 4479 2717 4547 ἔνδειξιν
2745 4482 2810 4534 τά
2838 4482 3076 4553 ὀνόματα
3100 4522 3114 4547 ,
3151 4485 3295 4556 άπερ
3328 4486 3559 4541 ἕκαστον
3597 4490 3643 4541 εἰ
3674 4489 3738 4557 μὴ

2182 4572 2323 4625 κατά
2350 4569 2472 4623 τινά
2497 4587 2583 4633 τις
2621 4570 2865 4625 ἐπίνοιαν
2893 4572 3109 4640 εὐαγῶς
3148 4574 3499 4643 ἐπιλέγεσθαι
3528 4578 3607 4648 τῷ
3637 4578 3741 4647 Θεῷ

2179 4663 2601 4733 συγχωρήσειεν,
2636 4662 2695 4712 οὐ
2730 4661 3060 4731 καθαρεύσει
3096 4664 3196 4733 τῆς
3220 4667 3593 4741 άσεϐεστέρας
3622 4670 3739 4721 ὑπο-

2176 4754 2323 4816 νοίας
2352 4755 2384 4823 ἡ
2410 4752 2574 4818 λέξις.
2611 4752 2719 4804 Καὶ
2752 4753 2958 4822 μακρὸν
2998 4753 3064 4806 ἂν
3105 4753 3188 4825 εἴη
3220 4756 3349 4827 περὶ
3395 4760 3615 4813 πάντων
3645 4776 3742 4812 πα-

2179 4848 2367 4915 ριστᾷν
2398 4860 2458 4896 τε
2484 4845 2577 4896 καὶ
2614 4843 2965 4911 ἀπογυμνοῦν
2998 4844 3096 4915 τὴν
3122 4842 3357 4900 διάνοιαν
3386 4888 3400 4911 ,
3434 4851 3554 4913 πῶς
3583 4850 3745 4903 ταῦτα

2177 4938 2270 4991 καὶ
2312 4937 2663 5007 διαϐέϐληται
2707 4935 2846 4988 κατὰ
2879 4935 2979 5006 τὴν
3026 4938 3208 5008 κοινὴν
3250 4939 3521 5012 ὑπόληψιν
3564 4945 3627 4995 ἐκ
3654 4943 3746 5011 τῆς

2176 5030 2467 5100 προχείρου
2494 5030 2804 5099 ἐμφάσεως,
2828 5028 2921 5082 καὶ
2940 5030 2969 5080 ὀ
2992 5030 3089 5098 τῆς
3116 5031 3356 5093 ἐπινοίας
3382 5032 3541 5101 λόγος
3565 5036 3748 5087 οίκειοῖ

2176 5126 2241 5193 τῇ
2293 5121 2541 5192 εὐσεϐείᾳ
2575 5120 2668 5174 τοῦ
2717 5120 2851 5174 Θεοῦ
2889 5121 2957 5174 τὰ
2990 5122 3244 5191 ὀνόματα.
3302 5124 3466 5178 Ἀλλά
3511 5127 3648 5198 πρὸς
3693 5126 3749 5177 τδ

2180 5216 2398 5285 συνεχὲς
2421 5216 2518 5285 τῆς
2550 5214 2871 5278 ἀκολουθίας
2900 5212 3269 5286 προέλθωμεν.

2248 5308 2416 5362 Πάλιν
2444 5307 2871 5372 ἐπαναλαϐόντες
2892 5309 2980 5361 τὸν
3006 5310 3181 5378 λόγον,
3201 5310 3417 5377 λέγεται
3442 5310 3510 5364 τά
3531 5312 3748 5365 τοιαῦτα

2176 5400 2283 5453 τῶν
2314 5398 2591 5469 ὀνομάτων
2621 5400 2712 5451 ἐπὶ
2742 5400 2835 5453 τοῦ
2866 5401 3092 5471 Κυρίου,
3125 5401 3218 5453 καὶ
3244 5401 3343 5452 οὐκ
3374 5400 3438 5454 ἄν
3468 5418 3553 5465 τις
3584 5400 3749 5453 ἀντεί-

2179 5509 2268 5544 ποι
2300 5490 2406 5542 τῶν
2438 5489 2893 5559 καθωμιληκότων
2926 5493 3044 5553 ταῖς
3091 5490 3466 5552 θεοπνεύστοις
3509 5491 3545 5542 Γ
3552 5493 3747 5559 ραφαῖς

2176 5582 2343 5635 ταῦτα
2394 5581 2468 5651 μὴ
2506 5581 2781 5649 λέγεσθαι.
2832 5582 2895 5634 Τί
2936 5577 3025 5635 οὖν
3062 5577 3168 5651 ἆρα
3198 5581 3365 5650 αὐτῆς
3396 5582 3495 5649 τῆς
3536 5582 3747 5650 φύσεως

2184 5674 2515 5747 σημαντικὰς
2542 5673 2720 5745 φωνάς
2752 5674 3035 5745 διορίζεται
3057 5690 3070 5735 ;
3096 5673 3299 5725 Οὐκοῦν
3332 5672 3582 5731 πολυειδῆ
3604 5690 3744 5738 τινα,
