4056 6146
372 228 510 282 1015

1438 241 1832 307 CONTl-lA'EU
1845 250 2060 309 NOMIU
2073 254 2118 307 Μ
2141 295 2154 320 ,
2201 256 2328 310 LIB.
2376 259 2488 313 ΧΠ.

3481 266 3614 320 1014

369 347 502 417 φησι
528 385 542 410 ,
574 346 671 417 τὴν
701 347 850 403 θείαν
894 351 1086 420 φύσιν,
1121 357 1212 410 καὶ
1253 360 1642 418 πολυσύνθετον
1673 368 1812 422 κατά
1844 372 1917 422 τάκ

2047 368 2273 428 formem
2306 376 2600 446 quamdam
2637 376 2875 434 divinam
2909 387 3185 444 naturam,
3230 380 3615 450 multiplicem-

365 438 626 507 διαφορὰς
652 439 759 492 τῶν
788 441 845 492 ἐν
878 445 990 507 τοῖς
1017 444 1241 516 ὀνόμασι
1271 456 1699 526 σημαινομένων,
1731 461 1791 512 τὸ
1820 479 1942 514 ποι-

368 528 516 580 κίλον
546 527 979 602 ἐνδεικνυμένην.
1018 536 1092 588 Οὐ
1134 537 1242 609 γὰρ
1275 542 1307 612 ἡ
1343 544 1479 615 αὐτὴ
1519 545 1613 599 τοῦ
1653 549 1816 619 ἄρτου
1851 553 1943 604 καὶ

363 621 459 670 τοῦ
489 619 698 683 λέοντος
726 624 970 692 σημασία
995 666 1010 689 ,
1050 627 1169 681 οὐδὲ
1201 629 1370 702 θύρας
1413 653 1472 687 τε
1514 638 1605 690 καὶ
1636 639 1938 710 δαμάλεως,

363 707 482 760 οὐδὲ
520 708 707 778 ἀξίνης
743 713 833 765 καὶ
863 713 1086 782 ὕδατος,
1123 719 1236 773 ἀλλ’
1261 722 1489 795 ἑκάστου
1523 728 1629 781 τῶν
1663 707 1939 801 ὀνομάτων

364 799 492 850 ἴδιόν
522 803 669 854 ἐστιν
706 805 931 874 ὁρισμὸν
961 810 1276 872 ἀποδοῦναι,
1319 817 1438 868 κατ’
1469 819 1619 872 οὐδὲν
1657 799 1937 877 ἐπικοινω-

362 890 553 944 νοῦντα
581 896 691 956 τοῖς
718 894 914 959 ἄλλοις.
958 901 1166 954 υύκοῦν
1201 903 1359 974 φύσιν
1406 908 1504 978 μὲν
1543 911 1603 962 ού
1641 915 1936 981 σημαίνου-

364 997 474 1031 σιν·
504 983 705 1055 ἄκυρον
731 987 785 1038 δέ
815 1005 899 1051 τις
938 991 1030 1044 καὶ
1060 994 1372 1063 ἀσήμαντον
1403 1001 1576 1052 εἰπεῖν
1618 1003 1716 1073 τὴν
1746 1003 1936 1075 κλῆσιν

359 1071 467 1124 τῶν
497 1073 792 1146 ὀνομάτων,
823 1081 922 1134 οὐκ
958 1082 1024 1135 ἂν
1048 1084 1388 1156 τολμήσειεν.
1422 1092 1482 1144 Εἰ
1508 1071 1686 1148 τοίνυν
1719 1071 1934 1164 λέγεται

363 1164 485 1230 μὲν,
519 1168 580 1218 οὐ
621 1171 760 1224 κατὰ
792 1171 951 1240 φύσιν
974 1173 1051 1237 δὲ,
1085 1178 1192 1230 πᾶν
1221 1179 1275 1232 δὲ
1315 1181 1374 1233 τὸ
1405 1183 1552 1254 παρά
1591 1185 1691 1254 τῆς
1718 1187 1935 1258 Γραφῆς

362 1256 648 1326 λεγόμενον
683 1262 868 1332 κύριον
911 1267 1128 1330 πάντως
1158 1270 1275 1322 ἐστὶ
1307 1274 1398 1326 καὶ
1429 1276 1724 1345 προσφυῶς
1754 1281 1934 1333 ἐπιλέ-

359 1367 539 1419 γεται,
578 1354 660 1418 τίς
703 1353 885 1426 ἕτερος
913 1357 1256 1414 ὑπολείπεται
1285 1362 1438 1432 λόγος
1471 1367 1561 1419 τοῦ
1589 1369 1931 1439 ἁρμοζόντως

358 1441 438 1510 τῷ
480 1444 773 1512 Μονογενεῖ
823 1447 940 1518 Θεῷ
976 1449 1073 1513 τὰς
1112 1453 1363 1520 τοιαύτας
1421 1458 1677 1529 τετάχθαι
1725 1463 1928 1530 φωνὰς,

358 1537 499 1604 πλὴν
525 1535 616 1588 τοῦ
651 1541 768 1590 κατ’
797 1540 1037 1596 ἐπίνοιαν
1063 1545 1301 1615 τρόπου;
1334 1549 1507 1619 Δῆλον
1539 1552 1757 1622 γάρνότι
1792 1558 1928 1627 πρὸς

353 1626 415 1676 τὸ
447 1627 686 1679 ποικίλον
720 1630 826 1682 τῶν
857 1633 1145 1708 ὲμεργειῶν
1168 1637 1307 1690 κατά
1334 1639 1620 1711 διαφόρους
1656 1626 1927 1714 σημασίας

350 1717 816 1787 ὀνοματοποιείται
878 1723 936 1776 τὸ
971 1725 1132 1789 θεῖον,
1170 1728 1318 1792 ὅπως
1352 1730 1420 1784 ἂν
1449 1713 1738 1805 νοήσωμεν
1755 1736 1926 1801 οὕτως
1961 1713 1999 1766 Β

348 1809 765 1881 ὀνομαζόμενον.
807 1815 871 1867 Τί
908 1812 998 1869 οὖν
1038 1817 1355 1887 λυμαίνεται
1383 1825 1492 1887 τοῖς
1522 1825 1924 1898 εὐσεϐεστέροις

350 1904 382 1969 ὴ
415 1901 506 1954 τοῦ
538 1903 628 1955 νοῦ
664 1904 819 1974 ἡμῶν
859 1908 985 1978 πρὸς
1011 1909 1110 1981 τὴν
1140 1913 1462 1984 κατανόησιν
1488 1917 1594 1968 τῶν
1624 1921 1923 1989 γινομένων

347 1991 595 2061 ἐνέργεια
621 2035 635 2058 ,
670 1995 734 2065 ἢν
765 1998 924 2066 ἡμεῖς
964 2000 1060 2068 μὲν
1093 2002 1335 2056 ἐπίνοιαν
1370 2004 1617 2076 λέγομεν.
1655 2010 1717 2062 Εἰ
1751 2009 1806 2062 δέ
1841 2029 1923 2073 τις

346 2083 532 2153 ἕτερόν
571 2102 622 2137 τι
654 2086 837 2139 καλεῖν
865 2089 1056 2154 ἐθέλοι,
1091 2093 1151 2144 οὐ
1186 2093 1515 2166 διοισόμεθα.
1559 2099 1694 2151 Ἀλλ’
1724 2101 1785 2154 οὐ
1823 2120 1921 2171 με·

347 2176 514 2246 θὶησι,
539 2177 784 2250 καθάπερ
805 2181 852 2232 οἱ
884 2180 1044 2234 δεινοὶ
1071 2183 1177 2235 τῶν
1201 2186 1536 2252 ἀγωνιστῶν,
1561 2190 1659 2259 τὴν
1682 2191 1920 2259 ἄφυκτον

342 2269 548 2338 ταύτην
579 2269 698 2322 καθ’
729 2272 884 2341 ἡμῶν
922 2273 1108 2345 λαϐὴν,
1142 2276 1234 2328 καί
1269 2294 1429 2346 φησιν
1460 2277 1630 2343 οὕτως
1661 2282 1797 2334 κατὰ
1832 2282 1918 2335 λέ-⁶

345 2361 428 2424 ξιν
455 2401 468 2422 ,
500 2364 580 2415 ὅτι
615 2363 804 2418 Ταῦτα
852 2365 927 2418 δι’
961 2367 1230 2434 ἐπινοίας
1264 2369 1640 2438 ἀνθρωπίνης
1687 2373 1818 2426 ἐστὶ
1846 2375 1918 2428 τὰ

342 2455 634 2523 ιἰιιόματα,
659 2456 754 2509 καὶ
789 2460 914 2510 κατ’
941 2458 1212 2513 ἐπίνοιαν
1241 2460 1479 2528 λέγεται
1512 2482 1708 2531 τινων,
1745 2465 1782 2519 ἃ
1812 2469 1914 2521 οὐ·

340 2545 468 2610 θεὶς
499 2547 856 2601 ἀποστόλων
885 2551 1022 2603 οὔτε
1052 2550 1168 2602 τῶν
1191 2554 1634 2623 εὐαγγελιστῶν
1656 2557 1912 2622 ἐδίδαξε.

340 2640 454 2691 Καὶ
488 2641 625 2708 μετὰ
657 2641 754 2709 τὴν
789 2641 1000 2711 ἄμαχον
1034 2643 1235 2712 ταύτην
1266 2645 1626 2716 ἐπιχείρησιν,
1666 2650 1914 2720 ἐπιφέρει

335 2732 439 2800 τὴν
464 2731 613 2801 ἱερὰν
639 2732 847 2802 ἐκείνην
873 2733 1074 2803 φωνὴν,
1094 2740 1159 2805 τῇ
1184 2736 1582 2808 πεπαιδευμένη
1606 2741 1671 2792 τὰ
1693 2741 1913 2794 τοιαῦτα

336 2825 494 2892 φωνῇ
543 2823 642 2892 τὴν
688 2823 894 2893 δυσώδη
950 2826 1110 2879 πάλιν
1156 2826 1277 2879 καθ’
1327 2827 1483 2897 ἡμῶν
1524 2830 1789 2902 λοιδορίαν
1817 2835 1912 2887 ὲκ-

337 2915 546 2968 πτύων.
593 2916 876 2986 Τοιγάρτοι
903 2919 1036 2986 φησὶ
1060 2919 1158 2988 τὴν
1199 2919 1256 2984 ἐξ
1287 2920 1573 2988 ἀναλογίας
1599 2924 1912 2994 ὁμωνυμίαν

2045 479 2151 532 que
2179 461 2474 521 Secundum
2507 467 2840 526 diﬁ‘ereutias
2879 472 3313 542 signiﬁcatorum
3347 488 3466 540 quae
3491 483 3617 526 sunt

2043 557 2099 611 in
2131 557 2215 629 his
2256 559 2571 616 nominibus
2595 561 2738 630 quod
2770 564 2979 616 varium
3015 572 3096 618 est
3125 564 3614 620 demonstrantem.

2041 641 2159 698 Non
2187 647 2328 699 enim
2360 649 2547 703 eadem
2581 649 2737 718 panis
2782 656 2836 705 et
2876 651 3052 705 leonis
3096 652 3480 722 signiﬁcantia,
3518 667 3615 706 ne-

2041 751 2145 804 que
2185 739 2310 792 ostii
2356 747 2410 792 ct
2440 740 2642 801 vitulte,
2682 756 2859 810 neque
2885 742 3044 796 ascite
3085 750 3138 797 et
3183 759 3356 814 aquae,
3388 742 3481 798 sed
3513 758 3611 796 cu-

2035 828 2237 897 jusque
2259 831 2496 884 nomiuis
2528 832 2746 900 propria
2779 832 3020 887 deﬁnitio
3058 834 3328 889 reddenda
3355 842 3460 900 est,
3492 850 3612 904 qua:

2040 919 2188 971 nulla
2233 920 2286 972 in
2311 935 2368 974 re
2413 922 2535 975 aliis
2585 924 2876 978 convenire
2921 925 3111 994 possit.
3166 924 3306 996 Ergo
3350 934 3602 980 naturam

2036 1009 2256 1078 quidem
2284 1025 2390 1062 non
2427 1010 2755 1080 signiﬁcant,
2786 1014 3140 1084 impropriam
3169 1026 3348 1070 autem
3373 1026 3428 1071 et
3466 1016 3604 1070 nihil

2037 1099 2430 1170 significantem
2480 1103 2760 1157 nominum
2806 1106 3218 1174 appellationem
3249 1106 3429 1160 dicere
3483 1121 3594 1160 non

2036 1206 2207 1246 ausus
2241 1191 2423 1246 fuerit.
2467 1193 2521 1246 Si
2561 1193 2744 1262 itaque
2792 1195 3053 1249 dicuntur
3091 1197 3330 1265 quidem,
3373 1212 3480 1250 non
3508 1213 3606 1250 au-

2035 1291 2140 1337 tcm
2166 1285 2466 1339 secundum
2486 1293 2754 1352 naturam,
2779 1286 3041 1357 quidquid
3071 1295 3250 1341 autem
3277 1285 3606 1356 aSeriptura

2033 1376 2267 1441 dicitur,
2309 1379 2588 1447 proprium
2635 1392 2729 1434 est-
2769 1380 2992 1434 omnino
3039 1390 3094 1434 et
3146 1387 3353 1433 naturae
3407 1394 3602 1434 conve-

2031 1468 2245 1524 nienter
2298 1470 2548 1527 dicitur:
2601 1483 2846 1542 quaenam
2896 1473 3058 1541 igitur
3111 1471 3216 1524 alia
3275 1471 3602 1537 relinquitur

2030 1562 2168 1615 ratio
2183 1577 2282 1616 cur
2305 1560 2573 1630 ejusmodi
2603 1576 2763 1614 voces
2796 1559 2902 1615 Deo
2927 1560 3212 1631 Unigenito
3238 1570 3600 1632 congruenter

2029 1653 2300 1707 attributae
2329 1653 2461 1714 sint,
2517 1660 2710 1722 praeter
2759 1652 2976 1706 modmn
3027 1653 3120 1722 qui
3160 1653 3360 1706 dicitur
3403 1669 3600 1708 secun-

2029 1743 2157 1797 dum
2186 1743 2736 1798 commentationem?
2770 1742 3126 1812 Perspicuum
3157 1743 3301 1796 enim
3329 1750 3412 1797 est
3450 1743 3594 1812 quod

2027 1849 2127 1904 pro
2178 1835 2440 1889 varietate
2491 1835 2869 1904 operationum
2925 1835 3225 1889 secundum
3278 1833 3598 1897 _dil]‘crentcs

2029 1925 2420 1994 signiﬁcantias
2449 1925 2592 1981 Deus
2623 1926 2954 1992 nominatur,
2996 1933 3053 1980 ut
3087 1926 3451 1995 intclligau'tus
3471 1942 3594 1979 eum

2026 2016 2106 2071 sic
2156 2016 2711 2082 nominatum-Quid
2770 2018 2937 2087 igitur
2983 2017 3086 2087 piis
3115 2017 3395 2071 mentibus
3435 2024 3597 2070 nocet

2022 2107 2198 2164 nostri
2233 2108 2540 2165 intellectus
2589 2110 2834 2180 operatio
2878 2110 2944 2163 ad
2995 2109 3358 2180 cognitionem
3405 2123 3595 2162 eorum

2022 2214 2142 2268 quae
2173 2206 2322 2262 sunt,
2361 2215 2524 2269 quam
2575 2215 2679 2254 nos
2720 2200 2940 2268 quidem
2973 2200 3210 2253 ἐπίνοιαν
3249 2198 3505 2261 dicimus,
3541 2197 3593 2250 id

2021 2297 2102 2344 est
2131 2292 2665 2346 commentationem?
2714 2290 2868 2356 Quod
2899 2292 2944 2346 si
2989 2291 3112 2360 quis
3159 2290 3317 2345 aliter
3346 2289 3477 2344 velit
3505 2303 3595 2342 vo-

2021 2397 2167 2446 care,
2207 2398 2318 2437 non
2362 2383 2783 2453 refragabimur.
2827 2382 2932 2446 Sed
2967 2398 3073 2435 non
3110 2382 3360 2443 remittit,
3405 2394 3594 2448 quem.-

2019 2474 2310 2529 admodmn
2390 2473 2741 2529 vehementer
2809 2481 3109 2528 certatores
3183 2471 3604 2527 ineluetabilem.

2016 2566 2159 2620 hanc
2213 2575 2409 2620 contra
2441 2582 2541 2621 nos
2577 2581 2765 2622 ansam
2821 2575 2874 2621 et
2919 2565 3335 2634 prehensionem
3381 2570 3434 2617 et
3461 2562 3594 2615 dicit

2016 2654 2096 2710 sic
2119 2655 2185 2708 ad
2219 2655 2648 2724 verbum,‘quod
2677 2637 2805 2709 litvo
2838 2671 2928 2724 per
2960 2653 3444 2708 commentationem
3495 2651 3593 2703 Ιιιι-

2014 2764 2174 2800 mana
2204 2758 2325 2801 sunt
2365 2749 2578 2802 nomina
2605 2759 2653 2801 et
2705 2763 2795 2817 per
2827 2746 3317 2802 commentationem
3342 2759 3593 2814 quorum-

2013 2839 2136 2892 dam
2170 2839 2440 2905 dicuntur,
2467 2855 2582 2909 qua:
2615 2839 2792 2894 nullus
2837 2837 3190 2906 apostolorum
3232 2848 3391 2905 neque
3436 2851 3592 2888 ctutu-

2013 2927 2320 2997 gelistarum
2369 2928 2566 2982 docuit.
2622 2928 2689 2982 Et
2757 2938 2878 2998 post
2928 2929 3069 2982 hanc
3118 2926 3587 2996 inexpugnabilem

337 3006 635 3078 προφέρειν
665 3009 744 3070 εἰς
776 3008 1118 3078 ἀνθρωπίνην
1149 3011 1416 3077 ἐπίνοιαν,
1437 3013 1612 3084 ψυχῆς
1641 3014 1798 3086 ἔργον
1824 3017 1912 3069 τὸν

2017 3022 2448 3090 aggressionem.
2486 3035 2701 3075 sacram
2741 3021 2888 3074 illam
2919 3020 3084 3074 infert
3130 3032 3341 3080 vocem,
3377 3017 3588 3071 erudita

311 3100 444 3170 ’μὲν
473 3099 782 3170 ἐρρωμένον
815 3099 939 3153 νοῦν
980 3102 1120 3155 κατά
1147 3103 1302 3172 δίκην
1345 3107 1743 3178 παρῃρημένης
1768 3147 1783 3171 ,
1814 3109 1913 3179 ἀρ-

339 3191 532 3262 ρώστῳ
563 3191 620 3244 δὲ
665 3192 875 3264 διανοίᾳ
929 3195 1022 3246 καὶ
1074 3196 1448 3269 πεφωρημένῃ
1490 3200 1597 3251 τινὶ
1657 3200 1912 3272 συνηθείᾳ

333 3284 466 3344 τοὺς
503 3282 589 3334 τοῦ
640 3282 845 3353 Κυρίου
895 3282 1085 3349 λόγους
1137 3285 1556 3356 ἐπισκοπούσης.
1599 3286 1768 3340 Βαϐαῖ
1814 3289 1910 3360 τῆς

334 3375 677 3445 διαλεκτικῆς
705 3374 1032 3440 ἀποδείξεως
1054 3415 1069 3438 ,
1119 3375 1195 3438 ὡς
1222 3377 1483 3447 τεχνικῶς
1513 3378 1542 3430 ὁ
1573 3379 1728 3447 λόγος
1763 3381 1910 3452 αὑτῷ

335 3467 475 3538 πρὸς
504 3467 592 3519 τὸν
625 3466 824 3518 σκοπὸν
857 3466 1315 3536 συμπεραίνεται;
1345 3469 1440 3532 Τίς
1472 3470 1538 3523 ἂν
1572 3469 1654 3524 ἔτι
1681 3474 1907 3542 συσταίη

333 3560 415 3629 τῷ
467 3561 585 3612 κατ’
619 3560 860 3612 ἐπίνοιαν
909 3559 1090 3628 λόγῳ;
1147 3560 1426 3630 Τοσαύτης
1471 3562 1647 3632 ὀσμῆς
1701 3566 1765 3618 ἐκ
1815 3567 1907 3619 τοῦ

335 3651 603 3720 στόματος
627 3649 790 3702 αὐτοῦ
816 3651 925 3712 τοῖς
953 3649 1286 3721 ἐπιχειροῦσί
1321 3668 1372 3702 τι
1397 3651 1576 3720 λέγειν
1615 3657 1910 3725 προχεομέ-

331 3758 468 3811 νη;;
520 3738 645 3811 'Ap'
689 3735 782 3793 οὖν
840 3740 1103 3808 ἀφεκτέον
1155 3741 1249 3793 καὶ
1288 3743 1415 3811 ἡμῖν
1465 3742 1553 3795 διὰ
1605 3743 1760 3798 τοῦτο
1796 3749 1907 3811 τοῖς

332 3831 742 3903 ἑπιχειροῦσίτι
762 3831 940 3898 λέγειν
971 3831 1069 3900 τῆς
1104 3831 1237 3901 πρὸς
1273 3833 1434 3884 αὐτὸν
1471 3833 1756 3902 τοῦλόγου
1782 3853 1908 3889 συν-ο

331 3925 634 3988 εξετάσεως
654 3964 668 3987 ,
694 3922 768 3986 ὡς
801 3923 865 3975 ἂν
903 3921 978 3993 μὴ
1003 3923 1123 3975 καθ’
1154 3923 1309 3992 ἡμῶν
1342 3922 1437 3992 τὴν
1461 3925 1682 3996 ἀμάραν
1705 3927 1907 3997 ταύτην

329 4017 435 4084 τῆς
459 4013 722 4085 λοιδορίας
755 4013 1130 4084 ὑποκινήσειεν
1153 4052 1166 4076 ,
1205 4012 1238 4081 ἢ
1293 4013 1641 4084 μικροψύχων
1684 4017 1799 4069 ἐστὶ
1846 4017 1906 4070 τὸ

330 4107 471 4174 πρὸς
507 4105 605 4168 τὰς
637 4103 922 4174 νηπιώδεις
957 4102 1381 4173 παραφροσύνας
1403 4105 1904 4177 ἀντιτραχύνεσθαι.

330 4197 543 4253 Οὐκοῦν
575 4197 952 4268 συγχωρητέον
977 4195 1054 4266 τῷ
1086 4197 1311 4267 ὑϐριστῇ
1344 4197 1646 4268 κεχρῆσθαι
1685 4200 1818 4270 πρὸς
1837 4201 1906 4253 ’τὸ

326 4288 518 4342 δοκοῦν
563 4288 642 4359 τῷ
693 4288 898 4357 τρόπῳ.
951 4286 1387 4357 Ἐπαναληπτέον
1441 4287 1498 4340 δὲ
1552 4289 1642 4344 τὸν
1694 4291 1901 4346 ἐκείνου

2014 3111 2080 3163 ad
2103 3110 2218 3164 haec
2232 3124 2363 3164 voce
2393 3109 2620 3164 fetidum
2643 3118 2831 3163 contra
2854 3125 2952 3164 nos
2978 3107 3276 3164 convitium
3293 3121 3585 3176 exspuens.

2011 3197 2194 3263 Nam;
2240 3200 2444 3268 inquit,
2511 3199 2919 3270 homonymiam
2983 3215 3050 3254 ex
3110 3200 3291 3269 aliqua
3341 3199 3588 3267 analogia

2011 3291 2351 3361 desumptam
2406 3291 2462 3345 in
2510 3291 2747 3345 medium
2799 3290 3046 3359 proferre
3094 3292 3159 3344 ad
3207 3289 3585 3344 stabiliendam

2010 3382 2304 3436 humanam
2337 3382 2479 3436 hanc
2522 3381 3061 3448 commentationem,
3105 3381 3272 3433 animi
3315 3392 3452 3448 opus
3480 3385 3584 3437 est.

2010 3481 2189 3530 mente
2226 3473 2447 3544 quidem
2506 3474 2686 3529 valida
2733 3478 2788 3527 in
2816 3473 3026 3543 judicio
3082 3471 3327 3542 spoliati,
3372 3469 3586 3523 inﬁrma
3633 3527 3643 3536 θ

2009 3581 2138 3620 vero
2192 3565 2550 3634 intelligentia
2598 3575 2652 3620 et
2699 3564 3036 3635 deprehensa
3086 3562 3318 3633 quadam
3357 3576 3587 3616 consue-

2010 3655 2203 3710 tudine
2238 3655 2454 3712 Domini
2493 3670 2776 3711 sermones
2829 3655 3188 3725 explorantis.
3219 3653 3403 3723 Papae!
3440 3667 3582 3722 qua»

2009 3761 2134 3800 nam
2170 3747 2285 3800 haec
2342 3746 2629 3801 dialectica
2683 3747 3118 3802 demonstratio?
3159 3747 3366 3801 siccine
3415 3743 3586 3797 artill-

2007 3839 2156 3898 ciose
2202 3838 2250 3892 ei
2297 3839 2438 3892 ratio
2488 3838 2557 3892 ad
2600 3853 2826 3907 scopum
2881 3837 3270 3892 concluditur?
3318 3835 3584 3903 Quisnam

2006 3928 2241 3998 amplius
2266 3930 2498 3999 probare
2536 3929 2770 3985 voluerit
2815 3944 3122 3985 sermonem
3164 3929 3584 3984 commentatio-

2005 4024 2112 4085 nis,
2141 4027 2251 4075 tam
2283 4022 2432 4092 gravi
2474 4021 2644 4077 odore
2689 4036 2756 4076 ex
2805 4035 2901 4077 ore
2951 4021 3072 4089 ejus
3117 4021 3173 4075 in
3207 4035 3302 4075 eos
3351 4019 3446 4089 qui
3484 4019 3584 4071 ali-
3668 4044 3679 4057 ο

2005 4113 2138 4181 quid
2166 4110 2350 4168 dicere
2405 4113 2818 4184 aggrediuntur,
2870 4112 3213 4182 proﬂuente?
3247 4110 3388 4176 Quin
3417 4111 3597 4164 etiam.

2005 4210 2166 4263 nobis
2210 4212 2496 4278 propterea
2521 4206 2724 4276 aliquid
2761 4205 2943 4260 dicere
2994 4203 3458 4275 aggredientibus,
3493 4201 3588 4254 ab.-

2005 4298 2319 4353 stinendum
2356 4305 2439 4352 est
2490 4296 2558 4350 ab
2589 4295 2968 4351 examinando.
2995 4303 3049 4349 et
3075 4291 3437 4348 discutiendo.
3462 4290 3582 4360 ejus

327 4381 486 4447 λόγον
510 4420 525 4444 ,
563 4379 638 4442 ὡς
665 4379 730 4432 ἂν
776 4378 1028 4432 κάκεῖθεν
1059 4377 1266 4446 γένοιτο
1295 4381 1577 4451 συμμαχία
1624 4383 1760 4453 πρὸς
1798 4385 1898 4457 τὴν

2017 4403 2276 4451 sermone,
2314 4403 2383 4442 ne
2431 4395 2625 4442 contra
2671 4401 2771 4440 nos
2801 4387 3043 4440 cloacam
3086 4382 3311 4438 convitii
3345 4395 3583 4435 commo-

326 4469 607 4542 ἀλήθειαν.

1979 4520 1984 4525 .
2010 4487 2151 4546 veat,
2181 4480 2265 4534 vel
2295 4494 2364 4534 ne
2393 4479 2579 4547 pusilli
2607 4478 2772 4532 animi
2821 4493 2944 4532 esse
2978 4477 3226 4532 videatur
3258 4475 3324 4528 ad
3350 4473 3579 4545 puerilia

325 4561 522 4616 deliria
553 4569 744 4614 contra
789 4560 1123 4630 exasperari.
1199 4556 1339 4629 Ergo
1407 4565 1814 4624 contumelioso
1869 4570 2218 4624 convitiatori
2274 4567 2684 4624 concedendum
2736 4575 2860 4632 est,
2908 4583 3007 4637 pro
3075 4567 3297 4622 libidine
3351 4565 3428 4619 uti
3481 4580 3581 4619 suo

327 4648 513 4704 modo.
547 4648 930 4705 Resumendus
995 4657 1079 4706 est
1133 4658 1314 4704 autem
1371 4651 1518 4708 illius
1587 4669 1804 4723 sermo,
1856 4663 2102 4717 utetiam
2135 4661 2288 4717 illinc
2314 4660 2530 4716 veritati
2573 4660 2781 4714 feratur
2813 4661 3098 4714 auxilium.

411 4745 726 4815 Ἀναλογίας
760 4745 1002 4816 ἐμνήσθη
1025 4785 1040 4808 ,
1079 4747 1172 4799 καὶ
1211 4747 1309 4816 τὴν
1352 4749 1417 4800 ἐκ
1447 4749 1652 4819 ταύτης
1690 4754 1900 4822 ὀμωνυ..

325 4835 461 4906 μίαν
489 4836 699 4907 ἐνόησε.
731 4835 902 4890 Πόθεν
929 4836 1104 4889 ταῦτα
1139 4836 1343 4907 μαθὼν,
1372 4840 1464 4892 καὶ
1491 4841 1640 4909 παρὰ
1669 4843 1812 4907 τίνος
1832 4848 1900 4901 τὰ

325 4928 394 4998 pii;
405 4944 584 4996 ματα;
621 4927 857 4998 Μωῡσῆς
887 4928 988 4980 οὐκ
1015 4923 1135 4979 εἷπε
1156 4970 1169 4994 ,
1217 4929 1510 5000 προφητῶν
1539 4933 1634 4984 καὶ
1673 4934 1899 4991 ἀποστό-

321 5017 430 5070 λων
464 5018 564 5070 οὐκ
607 5019 858 5089 ἤκουσεν,
891 5019 1274 5087 εὐαγγελισταὶ
1305 5021 1404 5084 τὰς
1430 5025 1681 5089 τοιαύτας
1714 5028 1898 5095 φωνὰς

321 5111 680 5180 σεσιγήκασιν
697 5149 712 5173 ,
744 5110 996 5180 οὐδεμιᾶς
1025 5109 1140 5163 ἐστι
1171 5111 1212 5162 Γ
1218 5111 1392 5184 ραφῆς
1417 5113 1589 5167 ταῦτα
1614 5116 1895 5172 διδασκού-

319 5218 424 5270 σης
458 5201 666 5271 μαθεῖν.
700 5203 868 5255 Πόθεν
908 5199 1003 5256 οὖν
1029 5202 1178 5274 αὐτῷ
1221 5204 1282 5257 τὸ
1326 5204 1499 5270 οὕτως
1532 5208 1743 5280 εἰπεῖν;
1770 5205 1895 5282 Ἆρ’

315 5293 444 5362 οὐχὶ
472 5293 572 5362 τῆς
614 5292 707 5345 τοῦ
751 5294 995 5358 εἰπόντος
1025 5294 1264 5358 διανοίας
1299 5293 1518 5367 εὕρημα
1541 5336 1556 5361 ,
1599 5299 1629 5350 ὀ
1660 5301 1898 5364 τοιοῦτος

317 5385 481 5452 λόγος
531 5385 714 5449 ἐστὶν,
753 5387 780 5438 ὀ
822 5385 921 5456 τὴν
974 5385 1132 5440 ποιὰν
1164 5385 1258 5440 τοῦ
1310 5389 1580 5458 νοήματος
1625 5394 1895 5462 σημασίαν

316 5476 615 5545 ἀναλογίαν
646 5478 1085 5548 προσαγορεύων.
1120 5478 1244 5543 Πῶς
1287 5475 1378 5534 οὖν
1427 5483 1485 5534 οὐ
1532 5483 1774 5555 συνίησιν
1815 5482 1897 5549 οἷς

319 5569 592 5638 πολεμεῖ,
627 5568 836 5633 τούτοις
875 5572 1177 5642 συμμάχοις
1209 5573 1345 5642 πρὸς
1371 5573 1462 5627 τὸν
1491 5575 1721 5644 πόλεμον
1754 5577 1896 5648 χρώ-

328 5676 513 5731 μενος;
556 5659 788 5726 Πολεμεῖ
821 5660 875 5713 δὲ
926 5661 1041 5712 κατ’
1091 5663 1329 5715 ἐπίνοιαν
1383 5663 1523 5734 λόγῳ
1572 5666 1762 5729 αὐτὸς,
1809 5667 1894 5720 διὰ

2079 4757 2353 4828 Analogia;
2379 4758 2646 4822 meminit,
2660 4764 2714 4811 et
2736 4773 2799 4811 ex
2819 4772 2886 4810 ea
2901 4754 3324 4824 homonymiam,
3341 4753 3454 4808 sive
3470 4768 3573 4808 no-

2009 4848 2176 4904 minis
2221 4849 2660 4904 communionem
2704 4849 2874 4902 novit.
2906 4846 3064 4903 Unde
3098 4847 3288 4902 didicit
3317 4855 3370 4901 et
3403 4861 3432 4900 a
3472 4861 3580 4916 quo

2007 4939 2169 4992 verba
2199 4939 2345 4992 haec?
2365 4938 2541 4994 Moses
2571 4954 2680 4993 non
2702 4939 2868 5002 dixit,
2897 4939 3187 5009 prophetas
3209 4946 3263 4994 et
3294 4941 3570 5008 apostolos

2007 5029 2092 5083 his
2123 5029 2347 5085 vocibus
2383 5037 2601 5085 utentes
2647 5045 2755 5084 non
2795 5029 3021 5096 audivit,
3064 5031 3407 5100 evangelistae
3443 5029 3577 5081 tales

2003 5135 2167 5176 voces
2222 5121 2440 5178 silentio
2470 5123 2775 5188 involvunt,
2823 5138 2998 5194 neque
3037 5138 3102 5178 ex
3151 5123 3259 5176 ulla
3292 5120 3572 5188 Scriptura

2007 5213 2120 5268 haec
2153 5213 2384 5270 docente
2420 5214 2548 5269 licet
2593 5215 2890 5286 percipere.
2929 5215 3084 5270 Unde
3109 5215 3272 5282 igitur
3299 5210 3498 5264 accidit
3524 5212 3572 5264 ei

2003 5305 2084 5359 sic
2110 5305 2332 5361 dicere?
2357 5306 2441 5361 An
2481 5320 2590 5360 non
2629 5307 2904 5363 inventum
2941 5303 3307 5372 intelligentia:
3338 5300 3572 5370 ejus-qui

2001 5409 2123 5450 eum
2159 5397 2403 5462 protulit,
2436 5398 2560 5453 talis
2599 5409 2682 5453 est
2719 5412 2918 5459 sermo,
2953 5394 3046 5464 qui
3089 5393 3245 5446 talem
3279 5389 3572 5459 quamdam

2001 5484 2241 5539 notiouis
2291 5486 2705 5554 signiticantiam
2763 5480 3068 5550 analogiam
3116 5477 3370 5547 appellat.
3412 5474 3560 5542 Quo-

2005 5577 2165 5630 modo
2223 5578 2386 5646 igitur
2439 5593 2546 5631 non
2624 5575 2874 5643 intelligit
2930 5586 3068 5640 quos
3125 5578 3400 5639 oppugnat
3483 5569 3566 5624 his

2004 5668 2413 5728 auxiliatoribus
2437 5667 2498 5720 ad
2519 5666 2715 5720 bellum
2740 5663 3066 5735 uti?Bcllum
3092 5670 3268 5717 autem
3291 5659 3423 5730 gerit
3452 5661 3567 5731 ipse
