  <div class='ocr_page' id='page_1' title='image "/cluster/home/n/w/nwhite01/storage/ocr_20150623/45/mdp.39015011921478/523.png"; bbox 0 0 4056 6146; ppageno 0'>
   <div class='ocr_carea' id='block_1_1' title="bbox 548 290 685 344">
    <p class='ocr_par' dir='ltr' id='par_1_1' title="bbox 548 290 685 344">
     <span class='ocr_line' id='line_1_1' title="bbox 548 290 685 344; baseline 0.007 -1"><span class='ocrx_word' id='word_1_1' title='bbox 548 290 685 344; x_wconf 70' lang='grc'>1015</span> 
     </span>
    </p>
   </div>
   <div class='ocr_carea' id='block_1_2' title="bbox 1819 279 2580 346">
    <p class='ocr_par' dir='ltr' id='par_1_2' title="bbox 1819 279 2580 346">
     <span class='ocr_line' id='line_1_2' title="bbox 1819 279 2580 346; baseline -0.001 -3"><span class='ocrx_word' id='word_1_2' title='bbox 1819 290 1877 344; x_wconf 89' lang='lat' dir='ltr'>S.</span> <span class='ocrx_word' id='word_1_3' title='bbox 1918 289 2252 346; x_wconf 77' lang='lat' dir='ltr'>GREGORII</span> <span class='ocrx_word' id='word_1_4' title='bbox 2292 279 2580 346; x_wconf 68' lang='lat' dir='ltr'>NYSSENI</span> 
     </span>
    </p>
   </div>
   <div class='ocr_carea' id='block_1_3' title="bbox 3655 287 3783 340">
    <p class='ocr_par' dir='ltr' id='par_1_3' title="bbox 3655 287 3783 340">
     <span class='ocr_line' id='line_1_3' title="bbox 3655 287 3783 340; baseline 0 0"><span class='ocrx_word' id='word_1_5' title='bbox 3655 287 3783 340; x_wconf 74' lang='grc' dir='ltr'>ιθίϐ</span> 
     </span>
    </p>
   </div>
   <div class='ocr_carea' id='block_1_4' title="bbox 545 401 2089 478">
    <p class='ocr_par' dir='ltr' id='par_1_4' title="bbox 545 406 2089 475">
     <span class='ocr_line' id='line_1_4' title="bbox 545 406 2089 475; baseline 0.002 -17"><span class='ocrx_word' id='word_1_6' title='bbox 545 413 737 470; x_wconf 77' lang='lat' dir='ltr'>contra</span> <span class='ocrx_word' id='word_1_7' title='bbox 779 420 1103 468; x_wconf 88' lang='lat' dir='ltr'>sermonem,</span> <span class='ocrx_word' id='word_1_8' title='bbox 1145 406 1236 474; x_wconf 91' lang='lat' dir='ltr'>qui</span> <span class='ocrx_word' id='word_1_9' title='bbox 1288 416 1370 461; x_wconf 77' lang='lat' dir='ltr'>es;</span> <span class='ocrx_word' id='word_1_10' title='bbox 1428 407 1726 461; x_wconf 78' lang='lat' dir='ltr'>secundum</span> <span class='ocrx_word' id='word_1_11' title='bbox 1780 417 2089 475; x_wconf 81' lang='lat' dir='ltr'>commenta</span> 
     </span>
    </p>
   </div>
   <div class='ocr_carea' id='block_1_5' title="bbox 2192 401 3784 478">
    <p class='ocr_par' dir='ltr' id='par_1_5' title="bbox 2192 401 3784 478">
     <span class='ocr_line' id='line_1_5' title="bbox 2192 401 3784 478; baseline -0.003 -19"><span class='ocrx_word' id='word_1_12' title='bbox 2192 460 2194 466; x_wconf 77' lang='grc'>,</span> <span class='ocrx_word' id='word_1_13' title='bbox 2222 407 2326 459; x_wconf 85' lang='grc' dir='ltr'>τῶν</span> <span class='ocrx_word' id='word_1_14' title='bbox 2355 407 2453 478; x_wconf 85' lang='grc' dir='ltr'>τῆς</span> <span class='ocrx_word' id='word_1_15' title='bbox 2481 405 2722 467; x_wconf 79' lang='grc' dir='ltr'>ἐπινοίας</span> <span class='ocrx_word' id='word_1_16' title='bbox 2748 404 2920 472; x_wconf 78' lang='grc' dir='ltr'>λόγων</span> <span class='ocrx_word' id='word_1_17' title='bbox 2945 444 2958 459; x_wconf 85' lang='grc'>.</span> <span class='ocrx_word' id='word_1_18' title='bbox 2991 403 3052 456; x_wconf 85' lang='grc' dir='ltr'>τὸ</span> <span class='ocrx_word' id='word_1_19' title='bbox 3082 401 3155 473; x_wconf 82' lang='grc' dir='ltr'>μὴ</span> <span class='ocrx_word' id='word_1_20' title='bbox 3182 403 3291 455; x_wconf 88' lang='grc' dir='ltr'>δεῖν</span> <span class='ocrx_word' id='word_1_21' title='bbox 3321 404 3440 454; x_wconf 78' lang='grc' dir='ltr'>κατ’</span> <span class='ocrx_word' id='word_1_22' title='bbox 3471 402 3706 455; x_wconf 80' lang='grc' dir='ltr'>ἐπίνοιάν</span> <span class='ocrx_word' id='word_1_23' title='bbox 3738 419 3784 457; x_wconf 86' lang='grc' dir='ltr'>τι</span> 
     </span>
    </p>
   </div>
   <div class='ocr_carea' id='block_1_6' title="bbox 547 498 2114 566">
    <p class='ocr_par' dir='ltr' id='par_1_6' title="bbox 547 498 2114 566">
     <span class='ocr_line' id='line_1_6' title="bbox 547 498 2114 566; baseline 0.004 -18"><span class='ocrx_word' id='word_1_24' title='bbox 547 499 784 560; x_wconf 73' lang='lat' dir='ltr'>tionem,</span> <span class='ocrx_word' id='word_1_25' title='bbox 825 512 919 564; x_wconf 87' lang='lat' dir='ltr'>per</span> <span class='ocrx_word' id='word_1_26' title='bbox 970 511 1252 551; x_wconf 87' lang='lat' dir='ltr'>sermones</span> <span class='ocrx_word' id='word_1_27' title='bbox 1297 498 1388 566; x_wconf 92' lang='lat' dir='ltr'>qui</span> <span class='ocrx_word' id='word_1_28' title='bbox 1434 506 1566 551; x_wconf 89' lang='lat' dir='ltr'>sunt</span> <span class='ocrx_word' id='word_1_29' title='bbox 1617 501 2114 562; x_wconf 88' lang='lat' dir='ltr'>commentationis,</span> 
     </span>
    </p>
   </div>
   <div class='ocr_carea' id='block_1_7' title="bbox 543 591 2117 660">
    <p class='ocr_par' dir='ltr' id='par_1_7' title="bbox 543 591 2117 660">
     <span class='ocr_line' id='line_1_7' title="bbox 543 591 2117 660; baseline 0.005 -22"><span class='ocrx_word' id='word_1_30' title='bbox 543 602 650 639; x_wconf 87' lang='lat' dir='ltr'>non</span> <span class='ocrx_word' id='word_1_31' title='bbox 705 596 954 655; x_wconf 67' lang='lat' dir='ltr'>oportere</span> <span class='ocrx_word' id='word_1_32' title='bbox 994 603 1090 656; x_wconf 90' lang='lat' dir='ltr'>per</span> <span class='ocrx_word' id='word_1_33' title='bbox 1135 591 1646 644; x_wconf 84' lang='lat' dir='ltr'>counnentationem</span> <span class='ocrx_word' id='word_1_34' title='bbox 1703 591 1906 660; x_wconf 88' lang='lat' dir='ltr'>aliquid</span> <span class='ocrx_word' id='word_1_35' title='bbox 1936 592 2117 646; x_wconf 87' lang='lat' dir='ltr'>dicere</span> 
     </span>
    </p>
   </div>
   <div class='ocr_carea' id='block_1_8' title="bbox 541 677 2116 750">
    <p class='ocr_par' dir='ltr' id='par_1_8' title="bbox 541 677 2116 750">
     <span class='ocr_line' id='line_1_8' title="bbox 541 677 2116 750; baseline 0.003 -19"><span class='ocrx_word' id='word_1_36' title='bbox 541 679 668 731; x_wconf 90' lang='lat' dir='ltr'>dum</span> <span class='ocrx_word' id='word_1_37' title='bbox 694 679 912 732; x_wconf 83' lang='lat' dir='ltr'>astruit.</span> <span class='ocrx_word' id='word_1_38' title='bbox 948 677 1052 732; x_wconf 85' lang='lat' dir='ltr'>Sed</span> <span class='ocrx_word' id='word_1_39' title='bbox 1086 679 1284 745; x_wconf 86' lang='lat' dir='ltr'>nullus,</span> <span class='ocrx_word' id='word_1_40' title='bbox 1311 681 1506 750; x_wconf 88' lang='lat' dir='ltr'>inquit.</span> <span class='ocrx_word' id='word_1_41' title='bbox 1534 689 1848 736; x_wconf 89' lang='lat' dir='ltr'>sanctorum</span> <span class='ocrx_word' id='word_1_42' title='bbox 1889 683 1992 736; x_wconf 88' lang='lat' dir='ltr'>hoc</span> <span class='ocrx_word' id='word_1_43' title='bbox 2019 683 2116 735; x_wconf 84' lang='lat' dir='ltr'>do-</span> 
     </span>
    </p>
   </div>
   <div class='ocr_carea' id='block_1_9' title="bbox 542 769 2116 842">
    <p class='ocr_par' dir='ltr' id='par_1_9' title="bbox 542 769 2116 842">
     <span class='ocr_line' id='line_1_9' title="bbox 542 769 2116 842; baseline 0.003 -19"><span class='ocrx_word' id='word_1_44' title='bbox 542 772 675 823; x_wconf 84' lang='lat' dir='ltr'>cuit.</span> <span class='ocrx_word' id='word_1_45' title='bbox 730 769 809 821; x_wconf 80' lang='lat' dir='ltr'>Tu</span> <span class='ocrx_word' id='word_1_46' title='bbox 880 786 1008 824; x_wconf 84' lang='lat' dir='ltr'>vero</span> <span class='ocrx_word' id='word_1_47' title='bbox 1067 771 1120 824; x_wconf 87' lang='lat' dir='ltr'>in</span> <span class='ocrx_word' id='word_1_48' title='bbox 1189 787 1348 840; x_wconf 83' lang='lat' dir='ltr'>quem</span> <span class='ocrx_word' id='word_1_49' title='bbox 1398 781 1640 826; x_wconf 87' lang='lat' dir='ltr'>veterum</span> <span class='ocrx_word' id='word_1_50' title='bbox 1701 774 1905 828; x_wconf 79' lang='lat' dir='ltr'>referre</span> <span class='ocrx_word' id='word_1_51' title='bbox 1965 783 2116 842; x_wconf 85' lang='lat' dir='ltr'>potes</span> 
     </span>
    </p>
   </div>
   <div class='ocr_carea' id='block_1_10' title="bbox 539 862 2113 932">
    <p class='ocr_par' dir='ltr' id='par_1_10' title="bbox 539 862 2113 932">
     <span class='ocr_line' id='line_1_10' title="bbox 539 862 2113 932; baseline 0.003 -19"><span class='ocrx_word' id='word_1_52' title='bbox 539 862 863 932; x_wconf 71' lang='grc' dir='ltr'>ἀγεννησίας</span> <span class='ocrx_word' id='word_1_53' title='bbox 891 876 1096 925; x_wconf 81' lang='lat' dir='ltr'>vocem,</span> <span class='ocrx_word' id='word_1_54' title='bbox 1129 870 1181 916; x_wconf 86' lang='lat' dir='ltr'>et</span> <span class='ocrx_word' id='word_1_55' title='bbox 1211 863 1352 932; x_wconf 88' lang='lat' dir='ltr'>quod</span> <span class='ocrx_word' id='word_1_56' title='bbox 1383 866 1488 917; x_wconf 88' lang='lat' dir='ltr'>tale</span> <span class='ocrx_word' id='word_1_57' title='bbox 1506 878 1700 916; x_wconf 87' lang='lat' dir='ltr'>nomen</span> <span class='ocrx_word' id='word_1_58' title='bbox 1730 864 1796 917; x_wconf 87' lang='lat' dir='ltr'>de</span> <span class='ocrx_word' id='word_1_59' title='bbox 1818 863 2113 918; x_wconf 84' lang='lat' dir='ltr'>Deicssen-</span> 
     </span>
    </p>
   </div>
   <div class='ocr_carea' id='block_1_11' title="bbox 540 951 2112 1022">
    <p class='ocr_par' dir='ltr' id='par_1_11' title="bbox 540 951 2112 1022">
     <span class='ocr_line' id='line_1_11' title="bbox 540 951 2112 1022; baseline 0.003 -18"><span class='ocrx_word' id='word_1_60' title='bbox 540 957 611 1004; x_wconf 85' lang='lat' dir='ltr'>tia</span> <span class='ocrx_word' id='word_1_61' title='bbox 631 951 973 1020; x_wconf 63' lang='grc' dir='ltr'>ριιυάιυιιιυιο,</span> <span class='ocrx_word' id='word_1_62' title='bbox 997 951 1105 1004; x_wconf 87' lang='lat' dir='ltr'>imo</span> <span class='ocrx_word' id='word_1_63' title='bbox 1138 968 1263 1005; x_wconf 85' lang='lat' dir='ltr'>vero</span> <span class='ocrx_word' id='word_1_64' title='bbox 1297 953 1472 1022; x_wconf 83' lang='lat' dir='ltr'>ipsum</span> <span class='ocrx_word' id='word_1_65' title='bbox 1494 953 1791 1022; x_wconf 84' lang='lat' dir='ltr'>ingenitum</span> <span class='ocrx_word' id='word_1_66' title='bbox 1812 962 1896 1008; x_wconf 89' lang='lat' dir='ltr'>est</span> <span class='ocrx_word' id='word_1_67' title='bbox 1925 951 2112 1009; x_wconf 82' lang='lat' dir='ltr'>esseh-</span> 
     </span>
    </p>
   </div>
   <div class='ocr_carea' id='block_1_12' title="bbox 541 1041 2111 1114">
    <p class='ocr_par' dir='ltr' id='par_1_12' title="bbox 541 1041 2111 1114">
     <span class='ocr_line' id='line_1_12' title="bbox 541 1041 2111 1114; baseline 0.003 -21"><span class='ocrx_word' id='word_1_68' title='bbox 541 1042 652 1093; x_wconf 74' lang='lat' dir='ltr'>tia?</span> <span class='ocrx_word' id='word_1_69' title='bbox 679 1041 759 1092; x_wconf 77' lang='lat' dir='ltr'>An</span> <span class='ocrx_word' id='word_1_70' title='bbox 787 1041 878 1095; x_wconf 92' lang='lat' dir='ltr'>tibi</span> <span class='ocrx_word' id='word_1_71' title='bbox 922 1041 1136 1110; x_wconf 86' lang='lat' dir='ltr'>quidem</span> <span class='ocrx_word' id='word_1_72' title='bbox 1172 1043 1317 1108; x_wconf 87' lang='lat' dir='ltr'>licet,</span> <span class='ocrx_word' id='word_1_73' title='bbox 1359 1043 1409 1095; x_wconf 90' lang='lat' dir='ltr'>in</span> <span class='ocrx_word' id='word_1_74' title='bbox 1435 1043 1632 1111; x_wconf 84' lang='lat' dir='ltr'>quibus</span> <span class='ocrx_word' id='word_1_75' title='bbox 1657 1044 1859 1112; x_wconf 90' lang='lat' dir='ltr'>aliquid</span> <span class='ocrx_word' id='word_1_76' title='bbox 1890 1045 2111 1114; x_wconf 86' lang='lat' dir='ltr'>impium</span> 
     </span>
    </p>
   </div>
   <div class='ocr_carea' id='block_1_13' title="bbox 537 1132 2113 1206">
    <p class='ocr_par' dir='ltr' id='par_1_13' title="bbox 537 1132 2113 1206">
     <span class='ocr_line' id='line_1_13' title="bbox 537 1132 2113 1206; baseline 0.003 -21"><span class='ocrx_word' id='word_1_77' title='bbox 537 1132 976 1186; x_wconf 89' lang='lat' dir='ltr'>concludendum</span> <span class='ocrx_word' id='word_1_78' title='bbox 1034 1141 1151 1196; x_wconf 92' lang='lat' dir='ltr'>est,</span> <span class='ocrx_word' id='word_1_79' title='bbox 1202 1134 1476 1206; x_wconf 74' lang='lat' dir='ltr'>placentes</span> <span class='ocrx_word' id='word_1_80' title='bbox 1527 1150 1685 1189; x_wconf 85' lang='lat' dir='ltr'>voces</span> <span class='ocrx_word' id='word_1_81' title='bbox 1747 1136 2009 1191; x_wconf 84' lang='lat' dir='ltr'>innovare</span> <span class='ocrx_word' id='word_1_82' title='bbox 2059 1145 2113 1191; x_wconf 87' lang='lat' dir='ltr'>et</span> 
     </span>
    </p>
   </div>
   <div class='ocr_carea' id='block_1_14' title="bbox 535 1224 2110 1295">
    <p class='ocr_par' dir='ltr' id='par_1_14' title="bbox 535 1224 2110 1295">
     <span class='ocr_line' id='line_1_14' title="bbox 535 1224 2110 1295; baseline 0.003 -18"><span class='ocrx_word' id='word_1_83' title='bbox 535 1224 888 1293; x_wconf 74' lang='lat' dir='ltr'>excogitare?</span> <span class='ocrx_word' id='word_1_84' title='bbox 938 1224 982 1278; x_wconf 93' lang='lat' dir='ltr'>si</span> <span class='ocrx_word' id='word_1_85' title='bbox 1031 1231 1210 1277; x_wconf 87' lang='lat' dir='ltr'>autem</span> <span class='ocrx_word' id='word_1_86' title='bbox 1256 1225 1458 1294; x_wconf 87' lang='lat' dir='ltr'>aliquid</span> <span class='ocrx_word' id='word_1_87' title='bbox 1511 1225 1574 1278; x_wconf 89' lang='lat' dir='ltr'>ad</span> <span class='ocrx_word' id='word_1_88' title='bbox 1627 1227 1920 1295; x_wconf 78' lang='lat' dir='ltr'>impietatis</span> <span class='ocrx_word' id='word_1_89' title='bbox 1958 1245 2110 1284; x_wconf 88' lang='lat' dir='ltr'>ever-</span> 
     </span>
    </p>
   </div>
   <div class='ocr_carea' id='block_1_15' title="bbox 536 1315 2112 1388">
    <p class='ocr_par' dir='ltr' id='par_1_15' title="bbox 536 1315 2112 1388">
     <span class='ocr_line' id='line_1_15' title="bbox 536 1315 2112 1388; baseline 0.002 -20"><span class='ocrx_word' id='word_1_90' title='bbox 536 1317 743 1369; x_wconf 81' lang='lat' dir='ltr'>sionem</span> <span class='ocrx_word' id='word_1_91' title='bbox 774 1318 840 1368; x_wconf 90' lang='lat' dir='ltr'>ab</span> <span class='ocrx_word' id='word_1_92' title='bbox 877 1317 983 1368; x_wconf 88' lang='lat' dir='ltr'>alio</span> <span class='ocrx_word' id='word_1_93' title='bbox 1028 1315 1257 1380; x_wconf 80' lang='lat' dir='ltr'>dicatur,</span> <span class='ocrx_word' id='word_1_94' title='bbox 1290 1317 1679 1370; x_wconf 84' lang='lat' dir='ltr'>contradicenti</span> <span class='ocrx_word' id='word_1_95' title='bbox 1712 1318 1851 1371; x_wconf 89' lang='lat' dir='ltr'>hanc</span> <span class='ocrx_word' id='word_1_96' title='bbox 1879 1328 2112 1388; x_wconf 31' lang='lat' dir='ltr'>potestas</span> 
     </span>
    </p>
   </div>
   <div class='ocr_carea' id='block_1_16' title="bbox 453 1403 2109 1477">
    <p class='ocr_par' dir='ltr' id='par_1_16' title="bbox 453 1403 2109 1477">
     <span class='ocr_line' id='line_1_16' title="bbox 453 1403 2109 1477; baseline 0.004 -21"><span class='ocrx_word' id='word_1_97' title='bbox 453 1403 458 1408; x_wconf 84' lang='grc'><em>’</em></span> <span class='ocrx_word' id='word_1_98' title='bbox 534 1416 640 1458; x_wconf 83' lang='lat' dir='ltr'>tem</span> <span class='ocrx_word' id='word_1_99' title='bbox 678 1405 913 1466; x_wconf 74' lang='lat' dir='ltr'>aufcrre,</span> <span class='ocrx_word' id='word_1_100' title='bbox 969 1421 1122 1458; x_wconf 74' lang='lat' dir='ltr'>szcvac</span> <span class='ocrx_word' id='word_1_101' title='bbox 1179 1405 1480 1476; x_wconf 73' lang='lat' dir='ltr'>tyrannidis</span> <span class='ocrx_word' id='word_1_102' title='bbox 1547 1423 1670 1462; x_wconf 88' lang='lat' dir='ltr'>reus</span> <span class='ocrx_word' id='word_1_103' title='bbox 1739 1407 2109 1477; x_wconf 67' lang='lat' dir='ltr'>deprehensus</span> 
     </span>
    </p>
   </div>
   <div class='ocr_carea' id='block_1_17' title="bbox 533 1497 2110 1568">
    <p class='ocr_par' dir='ltr' id='par_1_17' title="bbox 533 1497 2110 1568">
     <span class='ocr_line' id='line_1_17' title="bbox 533 1497 2110 1568; baseline 0.002 -20"><span class='ocrx_word' id='word_1_104' title='bbox 533 1498 724 1562; x_wconf 80' lang='lat' dir='ltr'>fueris,</span> <span class='ocrx_word' id='word_1_105' title='bbox 758 1497 802 1551; x_wconf 92' lang='lat' dir='ltr'>si</span> <span class='ocrx_word' id='word_1_106' title='bbox 852 1498 992 1551; x_wconf 89' lang='lat' dir='ltr'>hanc</span> <span class='ocrx_word' id='word_1_107' title='bbox 1045 1499 1138 1551; x_wconf 91' lang='lat' dir='ltr'>tibi</span> <span class='ocrx_word' id='word_1_108' title='bbox 1192 1499 1292 1568; x_wconf 87' lang='lat' dir='ltr'>ipsi</span> <span class='ocrx_word' id='word_1_109' title='bbox 1343 1509 1666 1568; x_wconf 82' lang='lat' dir='ltr'>potestatem</span> <span class='ocrx_word' id='word_1_110' title='bbox 1727 1503 2001 1565; x_wconf 73' lang='lat' dir='ltr'>vindices,</span> <span class='ocrx_word' id='word_1_111' title='bbox 2053 1510 2110 1555; x_wconf 89' lang='lat' dir='ltr'>ut</span> 
     </span>
    </p>
   </div>
   <div class='ocr_carea' id='block_1_18' title="bbox 532 1589 2110 1657">
    <p class='ocr_par' dir='ltr' id='par_1_18' title="bbox 532 1589 2110 1657">
     <span class='ocr_line' id='line_1_18' title="bbox 532 1589 2110 1657; baseline 0.004 -16"><span class='ocrx_word' id='word_1_112' title='bbox 532 1603 652 1656; x_wconf 81' lang='lat' dir='ltr'>quae</span> <span class='ocrx_word' id='word_1_113' title='bbox 701 1589 756 1640; x_wconf 94' lang='lat' dir='ltr'>in</span> <span class='ocrx_word' id='word_1_114' title='bbox 807 1589 927 1642; x_wconf 85' lang='lat' dir='ltr'>aliis</span> <span class='ocrx_word' id='word_1_115' title='bbox 976 1589 1266 1657; x_wconf 79' lang='lat' dir='ltr'>prohibes,</span> <span class='ocrx_word' id='word_1_116' title='bbox 1303 1592 1414 1644; x_wconf 76' lang='lat' dir='ltr'>luce</span> <span class='ocrx_word' id='word_1_117' title='bbox 1469 1591 1644 1646; x_wconf 82' lang='lat' dir='ltr'>facere</span> <span class='ocrx_word' id='word_1_118' title='bbox 1681 1593 1782 1647; x_wconf 91' lang='lat' dir='ltr'>soli</span> <span class='ocrx_word' id='word_1_119' title='bbox 1822 1594 1916 1652; x_wconf 89' lang='lat' dir='ltr'>tibi</span> <span class='ocrx_word' id='word_1_120' title='bbox 1948 1593 2110 1648; x_wconf 91' lang='lat' dir='ltr'>licere</span> 
     </span>
    </p>
   </div>
   <div class='ocr_carea' id='block_1_19' title="bbox 531 1680 2104 1751">
    <p class='ocr_par' dir='ltr' id='par_1_19' title="bbox 531 1680 2104 1751">
     <span class='ocr_line' id='line_1_19' title="bbox 531 1680 2104 1751; baseline 0.005 -19"><span class='ocrx_word' id='word_1_121' title='bbox 531 1680 832 1745; x_wconf 71' lang='lat' dir='ltr'>existimes,</span> <span class='ocrx_word' id='word_1_122' title='bbox 871 1691 921 1734; x_wconf 91' lang='lat' dir='ltr'>et</span> <span class='ocrx_word' id='word_1_123' title='bbox 956 1696 1075 1748; x_wconf 70' lang='lat' dir='ltr'>quae</span> <span class='ocrx_word' id='word_1_124' title='bbox 1111 1681 1226 1750; x_wconf 80' lang='lat' dir='ltr'>ipse</span> <span class='ocrx_word' id='word_1_125' title='bbox 1266 1699 1366 1751; x_wconf 87' lang='lat' dir='ltr'>pro</span> <span class='ocrx_word' id='word_1_126' title='bbox 1419 1683 1634 1738; x_wconf 82' lang='lat' dir='ltr'>licentia</span> <span class='ocrx_word' id='word_1_127' title='bbox 1679 1685 1869 1750; x_wconf 85' lang='lat' dir='ltr'>audes,</span> <span class='ocrx_word' id='word_1_128' title='bbox 1903 1686 1970 1740; x_wconf 92' lang='lat' dir='ltr'>ab</span> <span class='ocrx_word' id='word_1_129' title='bbox 2020 1686 2104 1740; x_wconf 91' lang='lat' dir='ltr'>his</span> 
     </span>
    </p>
   </div>
   <div class='ocr_carea' id='block_1_20' title="bbox 2223 494 3783 566">
    <p class='ocr_par' dir='ltr' id='par_1_20' title="bbox 2223 494 3783 566">
     <span class='ocr_line' id='line_1_20' title="bbox 2223 494 3783 566; baseline -0.003 -16"><span class='ocrx_word' id='word_1_130' title='bbox 2223 499 2400 566; x_wconf 82' lang='grc' dir='ltr'>λέγειν</span> <span class='ocrx_word' id='word_1_131' title='bbox 2429 496 2870 559; x_wconf 71' lang='grc' dir='ltr'>κατασκευάζων.</span> <span class='ocrx_word' id='word_1_132' title='bbox 2902 495 3039 548; x_wconf 83' lang='grc' dir='ltr'>Ἀλλ’</span> <span class='ocrx_word' id='word_1_133' title='bbox 3069 495 3244 556; x_wconf 73' lang='grc' dir='ltr'>οὐδεὶς</span> <span class='ocrx_word' id='word_1_134' title='bbox 3270 534 3283 557; x_wconf 94' lang='grc'>,</span> <span class='ocrx_word' id='word_1_135' title='bbox 3321 497 3476 564; x_wconf 64' lang='grc' dir='ltr'>φησι,</span> <span class='ocrx_word' id='word_1_136' title='bbox 3502 494 3659 546; x_wconf 74' lang='grc' dir='ltr'>τοῦτο</span> <span class='ocrx_word' id='word_1_137' title='bbox 3685 495 3783 546; x_wconf 80' lang='grc' dir='ltr'>τῶν</span> 
     </span>
    </p>
   </div>
   <div class='ocr_carea' id='block_1_21' title="bbox 2218 585 3779 656">
    <p class='ocr_par' dir='ltr' id='par_1_21' title="bbox 2218 585 3779 656">
     <span class='ocr_line' id='line_1_21' title="bbox 2218 585 3779 656; baseline -0.003 -14"><span class='ocrx_word' id='word_1_138' title='bbox 2218 589 2388 656; x_wconf 87' lang='grc' dir='ltr'>ἁγίων</span> <span class='ocrx_word' id='word_1_139' title='bbox 2444 587 2700 651; x_wconf 80' lang='grc' dir='ltr'>ἐδίδαξεν.</span> <span class='ocrx_word' id='word_1_140' title='bbox 2756 589 2826 640; x_wconf 75' lang='grc' dir='ltr'>Συ</span> <span class='ocrx_word' id='word_1_141' title='bbox 2870 588 2926 641; x_wconf 80' lang='grc' dir='ltr'>δὲ</span> <span class='ocrx_word' id='word_1_142' title='bbox 2957 589 3035 650; x_wconf 85' lang='grc' dir='ltr'>εἰς</span> <span class='ocrx_word' id='word_1_143' title='bbox 3067 586 3185 640; x_wconf 85' lang='grc' dir='ltr'>τίνα</span> <span class='ocrx_word' id='word_1_144' title='bbox 3225 586 3332 638; x_wconf 81' lang='grc' dir='ltr'>τῶν</span> <span class='ocrx_word' id='word_1_145' title='bbox 3378 585 3622 655; x_wconf 81' lang='grc' dir='ltr'>ἀρχαίων</span> <span class='ocrx_word' id='word_1_146' title='bbox 3663 586 3779 638; x_wconf 84' lang='grc' dir='ltr'>ἀνα·</span> 
     </span>
    </p>
   </div>
   <div class='ocr_carea' id='block_1_22' title="bbox 2219 678 3778 753">
    <p class='ocr_par' dir='ltr' id='par_1_22' title="bbox 2219 678 3778 753">
     <span class='ocr_line' id='line_1_22' title="bbox 2219 678 3778 753; baseline -0.021 3"><span class='ocrx_word' id='word_1_147' title='bbox 2219 683 2401 753; x_wconf 66' lang='grc' dir='ltr'>φέρειν</span> <span class='ocrx_word' id='word_1_148' title='bbox 2423 681 2564 752; x_wconf 72' lang='grc' dir='ltr'>ἔχεις</span> <span class='ocrx_word' id='word_1_149' title='bbox 2593 681 2690 752; x_wconf 72' lang='grc' dir='ltr'>τὴν</span> <span class='ocrx_word' id='word_1_150' title='bbox 2718 681 2818 750; x_wconf 74' lang='grc' dir='ltr'>τῆς</span> <span class='ocrx_word' id='word_1_151' title='bbox 2835 680 3157 750; x_wconf 79' lang='grc' dir='ltr'>ἀγεννησίας</span> <span class='ocrx_word' id='word_1_152' title='bbox 3173 678 3375 750; x_wconf 72' lang='grc' dir='ltr'>φωνὴν.</span> <span class='ocrx_word' id='word_1_153' title='bbox 3405 679 3500 731; x_wconf 72' lang='grc' dir='ltr'>καὶ</span> <span class='ocrx_word' id='word_1_154' title='bbox 3523 679 3605 731; x_wconf 78' lang='grc' dir='ltr'>ὅτι</span> <span class='ocrx_word' id='word_1_155' title='bbox 3625 679 3778 748; x_wconf 71' lang='grc' dir='ltr'>αὐτῆς</span> 
     </span>
    </p>
   </div>
   <div class='ocr_carea' id='block_1_23' title="bbox 2218 769 3778 843">
    <p class='ocr_par' dir='ltr' id='par_1_23' title="bbox 2218 769 3778 843">
     <span class='ocr_line' id='line_1_23' title="bbox 2218 769 3778 843; baseline -0.004 -17"><span class='ocrx_word' id='word_1_156' title='bbox 2218 777 2598 843; x_wconf 70' lang='grc' dir='ltr'>κατηγορεῖται</span> <span class='ocrx_word' id='word_1_157' title='bbox 2622 771 2682 823; x_wconf 70' lang='grc' dir='ltr'>τὸ</span> <span class='ocrx_word' id='word_1_158' title='bbox 2708 773 2880 841; x_wconf 75' lang='grc' dir='ltr'>ὄνομα</span> <span class='ocrx_word' id='word_1_159' title='bbox 2909 770 3000 823; x_wconf 74' lang='grc' dir='ltr'>τοῦ</span> <span class='ocrx_word' id='word_1_160' title='bbox 3029 769 3163 823; x_wconf 80' lang='grc' dir='ltr'>Θεοῦ</span> <span class='ocrx_word' id='word_1_161' title='bbox 3208 770 3305 839; x_wconf 80' lang='grc' dir='ltr'>τῆς</span> <span class='ocrx_word' id='word_1_162' title='bbox 3331 769 3519 831; x_wconf 74' lang='grc' dir='ltr'>οὐσίας</span> <span class='ocrx_word' id='word_1_163' title='bbox 3549 810 3562 832; x_wconf 91' lang='grc'>,</span> <span class='ocrx_word' id='word_1_164' title='bbox 3593 769 3778 836; x_wconf 70' lang='grc' dir='ltr'>μᾶλλον</span> 
     </span>
    </p>
   </div>
   <div class='ocr_carea' id='block_1_24' title="bbox 2215 861 3778 934">
    <p class='ocr_par' dir='ltr' id='par_1_24' title="bbox 2215 861 3778 934">
     <span class='ocr_line' id='line_1_24' title="bbox 2215 861 3778 934; baseline -0.005 -16"><span class='ocrx_word' id='word_1_165' title='bbox 2215 866 2269 918; x_wconf 70' lang='grc' dir='ltr'>δὲ</span> <span class='ocrx_word' id='word_1_166' title='bbox 2304 865 2432 918; x_wconf 84' lang='grc' dir='ltr'>αὐτό</span> <span class='ocrx_word' id='word_1_167' title='bbox 2479 866 2625 918; x_wconf 83' lang='grc' dir='ltr'>ἐστιν</span> <span class='ocrx_word' id='word_1_168' title='bbox 2674 863 3030 934; x_wconf 80' lang='grc' dir='ltr'>ἁγέννητονὴ</span> <span class='ocrx_word' id='word_1_169' title='bbox 3087 861 3281 924; x_wconf 74' lang='grc' dir='ltr'>οὐσίας</span> <span class='ocrx_word' id='word_1_170' title='bbox 3326 862 3399 913; x_wconf 81' lang='grc' dir='ltr'>’Ἥ</span> <span class='ocrx_word' id='word_1_171' title='bbox 3433 877 3516 913; x_wconf 85' lang='grc' dir='ltr'>σοι</span> <span class='ocrx_word' id='word_1_172' title='bbox 3578 862 3672 931; x_wconf 76' lang='grc' dir='ltr'>μὲν</span> <span class='ocrx_word' id='word_1_173' title='bbox 3704 861 3778 925; x_wconf 65' lang='lat' dir='ltr'>sg—</span> 
     </span>
    </p>
   </div>
   <div class='ocr_carea' id='block_1_25' title="bbox 2215 951 3775 1025">
    <p class='ocr_par' dir='ltr' id='par_1_25' title="bbox 2215 951 3775 1025">
     <span class='ocr_line' id='line_1_25' title="bbox 2215 951 3775 1025; baseline -0.003 -19"><span class='ocrx_word' id='word_1_174' title='bbox 2215 973 2360 1008; x_wconf 71' lang='grc' dir='ltr'>εττιν</span> <span class='ocrx_word' id='word_1_175' title='bbox 2383 956 2438 1005; x_wconf 82' lang='grc' dir='ltr'>ἐν</span> <span class='ocrx_word' id='word_1_176' title='bbox 2459 951 2538 1018; x_wconf 79' lang='grc' dir='ltr'>οἷς</span> <span class='ocrx_word' id='word_1_177' title='bbox 2568 956 2633 1009; x_wconf 83' lang='grc' dir='ltr'>ἂν</span> <span class='ocrx_word' id='word_1_178' title='bbox 2663 954 2830 1025; x_wconf 82' lang='grc' dir='ltr'>μέλλῃ</span> <span class='ocrx_word' id='word_1_179' title='bbox 2854 971 2906 1005; x_wconf 91' lang='grc' dir='ltr'>τι</span> <span class='ocrx_word' id='word_1_180' title='bbox 2933 952 3038 1005; x_wconf 84' lang='grc' dir='ltr'>τῶν</span> <span class='ocrx_word' id='word_1_181' title='bbox 3071 951 3279 1004; x_wconf 76' lang='grc' dir='ltr'>ἀσεϐῶν</span> <span class='ocrx_word' id='word_1_182' title='bbox 3303 968 3367 1002; x_wconf 92' lang='grc' dir='ltr'>συ</span> <span class='ocrx_word' id='word_1_183' title='bbox 3376 951 3775 1020; x_wconf 80' lang='grc' dir='ltr'>μπεραίνεσθαι,</span> 
     </span>
    </p>
   </div>
   <div class='ocr_carea' id='block_1_26' title="bbox 2215 1043 3777 1116">
    <p class='ocr_par' dir='ltr' id='par_1_26' title="bbox 2215 1043 3777 1116">
     <span class='ocr_line' id='line_1_26' title="bbox 2215 1043 3777 1116; baseline -0.001 -18"><span class='ocrx_word' id='word_1_184' title='bbox 2215 1049 2555 1116; x_wconf 72' lang='grc' dir='ltr'>καινοτομεῖν</span> <span class='ocrx_word' id='word_1_185' title='bbox 2611 1064 2668 1099; x_wconf 87' lang='grc' dir='ltr'>τε</span> <span class='ocrx_word' id='word_1_186' title='bbox 2709 1047 2802 1100; x_wconf 77' lang='grc' dir='ltr'>καὶ</span> <span class='ocrx_word' id='word_1_187' title='bbox 2859 1046 3244 1116; x_wconf 77' lang='grc' dir='ltr'>παρευρίσκειν</span> <span class='ocrx_word' id='word_1_188' title='bbox 3301 1043 3399 1105; x_wconf 81' lang='grc' dir='ltr'>τὰς</span> <span class='ocrx_word' id='word_1_189' title='bbox 3451 1043 3777 1112; x_wconf 76' lang='grc' dir='ltr'>ἀρεσκούσας</span> 
     </span>
    </p>
   </div>
   <div class='ocr_carea' id='block_1_27' title="bbox 2215 1131 3777 1206">
    <p class='ocr_par' dir='ltr' id='par_1_27' title="bbox 2215 1131 3777 1206">
     <span class='ocr_line' id='line_1_27' title="bbox 2215 1131 3777 1206; baseline -0.003 -18"><span class='ocrx_word' id='word_1_190' title='bbox 2215 1136 2396 1204; x_wconf 66' lang='grc' dir='ltr'>φωνάς</span> <span class='ocrx_word' id='word_1_191' title='bbox 2423 1153 2436 1199; x_wconf 93' lang='grc'>;</span> <span class='ocrx_word' id='word_1_192' title='bbox 2489 1138 2536 1188; x_wconf 90' lang='grc' dir='ltr'>εἰ</span> <span class='ocrx_word' id='word_1_193' title='bbox 2566 1135 2621 1189; x_wconf 88' lang='grc' dir='ltr'>δέ</span> <span class='ocrx_word' id='word_1_194' title='bbox 2652 1153 2702 1188; x_wconf 91' lang='grc' dir='ltr'>τι</span> <span class='ocrx_word' id='word_1_195' title='bbox 2736 1135 2871 1206; x_wconf 74' lang='grc' dir='ltr'>πρὸς</span> <span class='ocrx_word' id='word_1_196' title='bbox 2921 1135 3021 1204; x_wconf 84' lang='grc' dir='ltr'>τὴν</span> <span class='ocrx_word' id='word_1_197' title='bbox 3047 1135 3143 1203; x_wconf 80' lang='grc' dir='ltr'>τῆς</span> <span class='ocrx_word' id='word_1_198' title='bbox 3187 1132 3442 1195; x_wconf 75' lang='grc' dir='ltr'>ἀσεϐείας</span> <span class='ocrx_word' id='word_1_199' title='bbox 3471 1131 3777 1198; x_wconf 70' lang='grc' dir='ltr'>καθαίρεσιν</span> 
     </span>
    </p>
   </div>
   <div class='ocr_carea' id='block_1_28' title="bbox 2215 1223 3776 1296">
    <p class='ocr_par' dir='ltr' id='par_1_28' title="bbox 2215 1223 3776 1296">
     <span class='ocr_line' id='line_1_28' title="bbox 2215 1223 3776 1296; baseline -0.001 -20"><span class='ocrx_word' id='word_1_200' title='bbox 2215 1227 2343 1296; x_wconf 86' lang='grc' dir='ltr'>παρ’</span> <span class='ocrx_word' id='word_1_201' title='bbox 2372 1225 2558 1296; x_wconf 83' lang='grc' dir='ltr'>ἑτέρου</span> <span class='ocrx_word' id='word_1_202' title='bbox 2587 1225 2795 1289; x_wconf 85' lang='grc' dir='ltr'>λέγοιτο</span> <span class='ocrx_word' id='word_1_203' title='bbox 2819 1269 2831 1289; x_wconf 87' lang='grc'>,</span> <span class='ocrx_word' id='word_1_204' title='bbox 2868 1224 3254 1294; x_wconf 74' lang='grc' dir='ltr'>παραιρεῖσθαι</span> <span class='ocrx_word' id='word_1_205' title='bbox 3296 1223 3395 1293; x_wconf 73' lang='grc' dir='ltr'>τῆς</span> <span class='ocrx_word' id='word_1_206' title='bbox 3425 1223 3668 1289; x_wconf 84' lang='grc' dir='ltr'>ἐξουσίας</span> <span class='ocrx_word' id='word_1_207' title='bbox 3695 1225 3776 1274; x_wconf 72' lang='grc' dir='ltr'>τὸν</span> 
     </span>
    </p>
   </div>
   <div class='ocr_carea' id='block_1_29' title="bbox 2213 1315 3772 1388">
    <p class='ocr_par' dir='ltr' id='par_1_29' title="bbox 2213 1315 3772 1388">
     <span class='ocr_line' id='line_1_29' title="bbox 2213 1315 3772 1388; baseline -0.003 -18"><span class='ocrx_word' id='word_1_208' title='bbox 2213 1318 2555 1386; x_wconf 84' lang='grc' dir='ltr'>ἀντιλέγοντα</span> <span class='ocrx_word' id='word_1_209' title='bbox 2579 1360 2594 1381; x_wconf 90' lang='grc'>,</span> <span class='ocrx_word' id='word_1_210' title='bbox 2647 1318 2888 1388; x_wconf 75' lang='grc' dir='ltr'>μεγάλης</span> <span class='ocrx_word' id='word_1_211' title='bbox 2948 1317 2996 1370; x_wconf 85' lang='grc' dir='ltr'>τ’</span> <span class='ocrx_word' id='word_1_212' title='bbox 3031 1317 3097 1369; x_wconf 87' lang='grc' dir='ltr'>ἂν</span> <span class='ocrx_word' id='word_1_213' title='bbox 3131 1316 3248 1384; x_wconf 78' lang='grc' dir='ltr'>εἴης</span> <span class='ocrx_word' id='word_1_214' title='bbox 3295 1315 3605 1384; x_wconf 77' lang='grc' dir='ltr'>τυραννίδος</span> <span class='ocrx_word' id='word_1_215' title='bbox 3638 1317 3772 1366; x_wconf 60' lang='grc' dir='ltr'>ἐπειι</span> 
     </span>
    </p>
   </div>
   <div class='ocr_carea' id='block_1_30' title="bbox 2211 1405 3775 1478">
    <p class='ocr_par' dir='ltr' id='par_1_30' title="bbox 2211 1405 3775 1478">
     <span class='ocr_line' id='line_1_30' title="bbox 2211 1405 3775 1478; baseline -0.001 -21"><span class='ocrx_word' id='word_1_216' title='bbox 2211 1408 2515 1478; x_wconf 79' lang='grc' dir='ltr'>λημμένος,</span> <span class='ocrx_word' id='word_1_217' title='bbox 2549 1411 2597 1460; x_wconf 84' lang='grc' dir='ltr'>εί</span> <span class='ocrx_word' id='word_1_218' title='bbox 2643 1407 2844 1476; x_wconf 83' lang='grc' dir='ltr'>ταύτην</span> <span class='ocrx_word' id='word_1_219' title='bbox 2895 1405 3101 1476; x_wconf 80' lang='grc' dir='ltr'>σεαυτῷ</span> <span class='ocrx_word' id='word_1_220' title='bbox 3145 1405 3241 1475; x_wconf 86' lang='grc' dir='ltr'>τὴν</span> <span class='ocrx_word' id='word_1_221' title='bbox 3287 1405 3537 1469; x_wconf 74' lang='grc' dir='ltr'>ἐξουσίαν</span> <span class='ocrx_word' id='word_1_222' title='bbox 3582 1405 3775 1472; x_wconf 74' lang='grc' dir='ltr'>κρατύ-</span> 
     </span>
    </p>
   </div>
   <div class='ocr_carea' id='block_1_31' title="bbox 2211 1495 3774 1569">
    <p class='ocr_par' dir='ltr' id='par_1_31' title="bbox 2211 1495 3774 1569">
     <span class='ocr_line' id='line_1_31' title="bbox 2211 1495 3774 1569; baseline -0.003 -18"><span class='ocrx_word' id='word_1_223' title='bbox 2211 1515 2357 1561; x_wconf 78' lang='grc' dir='ltr'>νειας</span> <span class='ocrx_word' id='word_1_224' title='bbox 2380 1540 2394 1560; x_wconf 84' lang='grc'><strong>.</strong></span> <span class='ocrx_word' id='word_1_225' title='bbox 2430 1499 2504 1562; x_wconf 84' lang='grc' dir='ltr'>ὡς</span> <span class='ocrx_word' id='word_1_226' title='bbox 2548 1500 2690 1569; x_wconf 78' lang='grc' dir='ltr'>άπερ</span> <span class='ocrx_word' id='word_1_227' title='bbox 2740 1499 2832 1550; x_wconf 71' lang='grc' dir='ltr'>ἐπὶ</span> <span class='ocrx_word' id='word_1_228' title='bbox 2870 1498 2976 1551; x_wconf 78' lang='grc' dir='ltr'>τῶν</span> <span class='ocrx_word' id='word_1_229' title='bbox 3006 1497 3180 1550; x_wconf 78' lang='grc' dir='ltr'>ἄλλων</span> <span class='ocrx_word' id='word_1_230' title='bbox 3207 1497 3437 1558; x_wconf 83' lang='grc' dir='ltr'>κωλύεις</span> <span class='ocrx_word' id='word_1_231' title='bbox 3459 1536 3473 1559; x_wconf 88' lang='grc'>,</span> <span class='ocrx_word' id='word_1_232' title='bbox 3508 1496 3590 1549; x_wconf 88' lang='grc' dir='ltr'>σο¹ι</span> <span class='ocrx_word' id='word_1_233' title='bbox 3615 1495 3774 1548; x_wconf 75' lang='grc' dir='ltr'>ταῦτα</span> 
     </span>
    </p>
   </div>
   <div class='ocr_carea' id='block_1_32' title="bbox 2212 1588 3775 1660">
    <p class='ocr_par' dir='ltr' id='par_1_32' title="bbox 2212 1588 3775 1660">
     <span class='ocr_line' id='line_1_32' title="bbox 2212 1588 3775 1660; baseline 0 -19"><span class='ocrx_word' id='word_1_234' title='bbox 2212 1593 2379 1642; x_wconf 84' lang='grc' dir='ltr'>ποιεῖν</span> <span class='ocrx_word' id='word_1_235' title='bbox 2410 1590 2608 1653; x_wconf 84' lang='grc' dir='ltr'>ἐξεῖναι</span> <span class='ocrx_word' id='word_1_236' title='bbox 2655 1591 2834 1660; x_wconf 78' lang='grc' dir='ltr'>μόνῳ,</span> <span class='ocrx_word' id='word_1_237' title='bbox 2876 1589 2968 1641; x_wconf 73' lang='grc' dir='ltr'>καὶ</span> <span class='ocrx_word' id='word_1_238' title='bbox 3008 1591 3160 1658; x_wconf 60' lang='grc' dir='ltr'>άπερκ</span> <span class='ocrx_word' id='word_1_239' title='bbox 3181 1588 3341 1651; x_wconf 67' lang='grc' dir='ltr'>αὑτὸς</span> <span class='ocrx_word' id='word_1_240' title='bbox 3380 1591 3497 1641; x_wconf 84' lang='grc' dir='ltr'>κατ’</span> <span class='ocrx_word' id='word_1_241' title='bbox 3538 1589 3775 1655; x_wconf 77' lang='grc' dir='ltr'>ἐξουσίαν</span> 
     </span>
    </p>
   </div>
   <div class='ocr_carea' id='block_1_33' title="bbox 2209 1679 3773 1750">
    <p class='ocr_par' dir='ltr' id='par_1_33' title="bbox 2209 1679 3773 1750">
     <span class='ocr_line' id='line_1_33' title="bbox 2209 1679 3773 1750; baseline 0.002 -21"><span class='ocrx_word' id='word_1_242' title='bbox 2209 1679 2411 1750; x_wconf 79' lang='grc' dir='ltr'>τολμᾷς</span> <span class='ocrx_word' id='word_1_243' title='bbox 2434 1720 2447 1743; x_wconf 96' lang='grc'>,</span> <span class='ocrx_word' id='word_1_244' title='bbox 2472 1679 2673 1732; x_wconf 86' lang='grc' dir='ltr'>τούτων</span> <span class='ocrx_word' id='word_1_245' title='bbox 2703 1680 2985 1750; x_wconf 83' lang='grc' dir='ltr'>ἀπείργειν</span> <span class='ocrx_word' id='word_1_246' title='bbox 3019 1679 3142 1742; x_wconf 73' lang='grc' dir='ltr'>τοὺς</span> <span class='ocrx_word' id='word_1_247' title='bbox 3171 1679 3380 1739; x_wconf 75' lang='grc' dir='ltr'>ἄλλους.</span> <span class='ocrx_word' id='word_1_248' title='bbox 3413 1679 3510 1732; x_wconf 79' lang='grc' dir='ltr'>Διὰ</span> <span class='ocrx_word' id='word_1_249' title='bbox 3541 1681 3773 1750; x_wconf 80' lang='grc' dir='ltr'>προστά-</span> 
     </span>
    </p>
   </div>
   <div class='ocr_carea' id='block_1_34' title="bbox 529 1764 2089 1847">
    <p class='ocr_par' dir='ltr' id='par_1_34' title="bbox 529 1770 2089 1847">
     <span class='ocr_line' id='line_1_34' title="bbox 529 1770 2089 1847; baseline 0.006 -25"><span class='ocrx_word' id='word_1_250' title='bbox 529 1770 666 1823; x_wconf 87' lang='lat' dir='ltr'>alios</span> <span class='ocrx_word' id='word_1_251' title='bbox 712 1785 917 1824; x_wconf 70' lang='lat' dir='ltr'>arcere.</span> <span class='ocrx_word' id='word_1_252' title='bbox 960 1771 1122 1836; x_wconf 82' lang='lat' dir='ltr'>Quasi</span> <span class='ocrx_word' id='word_1_253' title='bbox 1159 1788 1254 1840; x_wconf 71' lang='lat' dir='ltr'>per</span> <span class='ocrx_word' id='word_1_254' title='bbox 1300 1774 1536 1828; x_wconf 85' lang='lat' dir='ltr'>edictum</span> <span class='ocrx_word' id='word_1_255' title='bbox 1591 1776 1820 1846; x_wconf 79' lang='lat' dir='ltr'>abrogas</span> <span class='ocrx_word' id='word_1_256' title='bbox 1867 1777 1978 1831; x_wconf 74' lang='lat' dir='ltr'>hcce</span> <span class='ocrx_word' id='word_1_257' title='bbox 2008 1795 2089 1847; x_wconf 72' lang='lat' dir='ltr'>per</span> 
     </span>
    </p>
   </div>
   <div class='ocr_carea' id='block_1_35' title="bbox 2192 1764 3774 1847">
    <p class='ocr_par' dir='ltr' id='par_1_35' title="bbox 2204 1770 3774 1842">
     <span class='ocr_line' id='line_1_35' title="bbox 2204 1770 3774 1842; baseline 0.003 -22"><span class='ocrx_word' id='word_1_258' title='bbox 2204 1788 2411 1839; x_wconf 78' lang='grc' dir='ltr'>γματος</span> <span class='ocrx_word' id='word_1_259' title='bbox 2447 1770 2658 1834; x_wconf 77' lang='grc' dir='ltr'>ἀθετεῖς</span> <span class='ocrx_word' id='word_1_260' title='bbox 2684 1771 2744 1822; x_wconf 85' lang='grc' dir='ltr'>τὺ</span> <span class='ocrx_word' id='word_1_261' title='bbox 2773 1771 2892 1823; x_wconf 83' lang='grc' dir='ltr'>κατ’</span> <span class='ocrx_word' id='word_1_262' title='bbox 2932 1771 3172 1824; x_wconf 81' lang='grc' dir='ltr'>ἐπίνοιαν</span> <span class='ocrx_word' id='word_1_263' title='bbox 3205 1772 3458 1838; x_wconf 82' lang='grc' dir='ltr'>λέγεσθαι</span> <span class='ocrx_word' id='word_1_264' title='bbox 3491 1772 3663 1825; x_wconf 78' lang='grc' dir='ltr'>ταῦτα</span> <span class='ocrx_word' id='word_1_265' title='bbox 3702 1773 3774 1842; x_wconf 81' lang='grc' dir='ltr'>τῷ</span> 
     </span>
    </p>
   </div>
   <div class='ocr_carea' id='block_1_36' title="bbox 525 1862 2101 1940">
    <p class='ocr_par' dir='ltr' id='par_1_36' title="bbox 525 1862 2101 1940">
     <span class='ocr_line' id='line_1_36' title="bbox 525 1862 2101 1940; baseline 0.007 -27"><span class='ocrx_word' id='word_1_266' title='bbox 525 1862 980 1932; x_wconf 74' lang='lat' dir='ltr'>excogitationem</span> <span class='ocrx_word' id='word_1_267' title='bbox 1053 1863 1156 1917; x_wconf 89' lang='lat' dir='ltr'>dici</span> <span class='ocrx_word' id='word_1_268' title='bbox 1239 1864 1317 1938; x_wconf 21' lang='lat' dir='ltr'>de.</span> <span class='ocrx_word' id='word_1_269' title='bbox 1372 1864 1594 1920; x_wconf 84' lang='lat' dir='ltr'>Christo</span> <span class='ocrx_word' id='word_1_270' title='bbox 1651 1869 1911 1931; x_wconf 88' lang='lat' dir='ltr'>nomina,</span> <span class='ocrx_word' id='word_1_271' title='bbox 1975 1873 2101 1940; x_wconf 88' lang='lat' dir='ltr'>quia</span> 
     </span>
    </p>
   </div>
   <div class='ocr_carea' id='block_1_37' title="bbox 525 1956 2101 2027">
    <p class='ocr_par' dir='ltr' id='par_1_37' title="bbox 525 1956 2101 2027">
     <span class='ocr_line' id='line_1_37' title="bbox 525 1956 2101 2027; baseline 0.007 -22"><span class='ocrx_word' id='word_1_272' title='bbox 525 1956 706 2009; x_wconf 84' lang='lat' dir='ltr'>nullus</span> <span class='ocrx_word' id='word_1_273' title='bbox 740 1963 1050 2009; x_wconf 86' lang='lat' dir='ltr'>sanctorum</span> <span class='ocrx_word' id='word_1_274' title='bbox 1096 1968 1349 2025; x_wconf 79' lang='lat' dir='ltr'>Oportere</span> <span class='ocrx_word' id='word_1_275' title='bbox 1387 1958 1468 2013; x_wconf 86' lang='lat' dir='ltr'>sic</span> <span class='ocrx_word' id='word_1_276' title='bbox 1500 1957 1612 2012; x_wconf 90' lang='lat' dir='ltr'>diei</span> <span class='ocrx_word' id='word_1_277' title='bbox 1673 1961 1924 2016; x_wconf 73' lang='lat' dir='ltr'>edixerit.</span> <span class='ocrx_word' id='word_1_278' title='bbox 1955 1961 2101 2027; x_wconf 81' lang='lat' dir='ltr'>Quo-</span> 
     </span>
    </p>
   </div>
   <div class='ocr_carea' id='block_1_38' title="bbox 525 2044 2099 2126">
    <p class='ocr_par' dir='ltr' id='par_1_38' title="bbox 525 2044 2099 2126">
     <span class='ocr_line' id='line_1_38' title="bbox 525 2044 2099 2126; baseline 0.01 -30"><span class='ocrx_word' id='word_1_279' title='bbox 525 2044 686 2098; x_wconf 86' lang='lat' dir='ltr'>modo</span> <span class='ocrx_word' id='word_1_280' title='bbox 719 2046 884 2116; x_wconf 85' lang='lat' dir='ltr'>igitur</span> <span class='ocrx_word' id='word_1_281' title='bbox 937 2062 1031 2114; x_wconf 88' lang='lat' dir='ltr'>per</span> <span class='ocrx_word' id='word_1_282' title='bbox 1080 2049 1306 2118; x_wconf 77' lang='lat' dir='ltr'>ingeniti</span> <span class='ocrx_word' id='word_1_283' title='bbox 1352 2066 1536 2106; x_wconf 78' lang='lat' dir='ltr'>vocem</span> <span class='ocrx_word' id='word_1_284' title='bbox 1590 2055 1733 2107; x_wconf 87' lang='lat' dir='ltr'>velut</span> <span class='ocrx_word' id='word_1_285' title='bbox 1772 2056 1938 2124; x_wconf 80' lang='lat' dir='ltr'>legem</span> <span class='ocrx_word' id='word_1_286' title='bbox 1972 2073 2099 2126; x_wconf 88' lang='lat' dir='ltr'>pro-</span> 
     </span>
    </p>
   </div>
   <div class='ocr_carea' id='block_1_39' title="bbox 525 2135 2102 2216">
    <p class='ocr_par' dir='ltr' id='par_1_39' title="bbox 525 2135 2102 2216">
     <span class='ocr_line' id='line_1_39' title="bbox 525 2135 2102 2216; baseline 0.012 -32"><span class='ocrx_word' id='word_1_287' title='bbox 525 2135 739 2204; x_wconf 86' lang='lat' dir='ltr'>mulgas</span> <span class='ocrx_word' id='word_1_288' title='bbox 773 2135 839 2188; x_wconf 91' lang='lat' dir='ltr'>de</span> <span class='ocrx_word' id='word_1_289' title='bbox 881 2138 1170 2191; x_wconf 82' lang='lat' dir='ltr'>verborum</span> <span class='ocrx_word' id='word_1_290' title='bbox 1206 2142 1551 2208; x_wconf 81' lang='lat' dir='ltr'>rectitudine,</span> <span class='ocrx_word' id='word_1_291' title='bbox 1590 2153 1646 2197; x_wconf 90' lang='lat' dir='ltr'>ut</span> <span class='ocrx_word' id='word_1_292' title='bbox 1671 2162 1732 2198; x_wconf 86' lang='lat' dir='ltr'>ca</span> <span class='ocrx_word' id='word_1_293' title='bbox 1773 2147 1886 2201; x_wconf 90' lang='lat' dir='ltr'>sola</span> <span class='ocrx_word' id='word_1_294' title='bbox 1923 2148 2102 2216; x_wconf 80' lang='lat' dir='ltr'>profe-</span> 
     </span>
    </p>
   </div>
   <div class='ocr_carea' id='block_1_40' title="bbox 521 2227 2099 2306">
    <p class='ocr_par' dir='ltr' id='par_1_40' title="bbox 521 2227 2099 2306">
     <span class='ocr_line' id='line_1_40' title="bbox 521 2227 2099 2306; baseline 0.011 -28"><span class='ocrx_word' id='word_1_295' title='bbox 521 2233 714 2279; x_wconf 85' lang='lat' dir='ltr'>rantur</span> <span class='ocrx_word' id='word_1_296' title='bbox 742 2242 860 2295; x_wconf 72' lang='lat' dir='ltr'>quae</span> <span class='ocrx_word' id='word_1_297' title='bbox 896 2243 922 2279; x_wconf 90' lang='lat' dir='ltr'>a</span> <span class='ocrx_word' id='word_1_298' title='bbox 956 2227 1062 2282; x_wconf 91' lang='lat' dir='ltr'>Deo</span> <span class='ocrx_word' id='word_1_299' title='bbox 1118 2229 1416 2299; x_wconf 85' lang='lat' dir='ltr'>inspiratus</span> <span class='ocrx_word' id='word_1_300' title='bbox 1461 2250 1640 2289; x_wconf 71' lang='lat' dir='ltr'>sermo</span> <span class='ocrx_word' id='word_1_301' title='bbox 1669 2236 1964 2306; x_wconf 67' lang='lat' dir='ltr'>Scriptum</span> <span class='ocrx_word' id='word_1_302' title='bbox 2002 2256 2099 2294; x_wconf 80' lang='lat' dir='ltr'>ex-</span> 
     </span>
    </p>
   </div>
   <div class='ocr_carea' id='block_1_41' title="bbox 521 2319 2099 2396">
    <p class='ocr_par' dir='ltr' id='par_1_41' title="bbox 521 2319 2099 2396">
     <span class='ocr_line' id='line_1_41' title="bbox 521 2319 2099 2396; baseline 0.011 -26"><span class='ocrx_word' id='word_1_303' title='bbox 521 2319 808 2384; x_wconf 83' lang='lat' dir='ltr'>posuerit?</span> <span class='ocrx_word' id='word_1_304' title='bbox 842 2319 915 2372; x_wconf 79' lang='lat' dir='ltr'><strong>Ex</strong></span> <span class='ocrx_word' id='word_1_305' title='bbox 947 2321 1056 2374; x_wconf 91' lang='lat' dir='ltr'>tuis</span> <span class='ocrx_word' id='word_1_306' title='bbox 1086 2321 1249 2390; x_wconf 83' lang='lat' dir='ltr'>igitur</span> <span class='ocrx_word' id='word_1_307' title='bbox 1276 2326 1495 2394; x_wconf 89' lang='lat' dir='ltr'>scriptis</span> <span class='ocrx_word' id='word_1_308' title='bbox 1527 2327 1747 2396; x_wconf 75' lang='lat' dir='ltr'>inget‘titi</span> <span class='ocrx_word' id='word_1_309' title='bbox 1781 2346 1972 2384; x_wconf 86' lang='lat' dir='ltr'>nomen</span> <span class='ocrx_word' id='word_1_310' title='bbox 2004 2333 2099 2386; x_wconf 85' lang='lat' dir='ltr'>de-</span> 
     </span>
    </p>
   </div>
   <div class='ocr_carea' id='block_1_42' title="bbox 517 2407 2095 2478">
    <p class='ocr_par' dir='ltr' id='par_1_42' title="bbox 517 2407 2095 2478">
     <span class='ocr_line' id='line_1_42' title="bbox 517 2407 2095 2478; baseline 0.01 -17"><span class='ocrx_word' id='word_1_311' title='bbox 517 2407 738 2461; x_wconf 87' lang='lat' dir='ltr'>lendum</span> <span class='ocrx_word' id='word_1_312' title='bbox 789 2417 892 2475; x_wconf 88' lang='lat' dir='ltr'>est,</span> <span class='ocrx_word' id='word_1_313' title='bbox 930 2411 1055 2478; x_wconf 87' lang='lat' dir='ltr'>quia</span> <span class='ocrx_word' id='word_1_314' title='bbox 1112 2413 1296 2467; x_wconf 86' lang='lat' dir='ltr'>nullus</span> <span class='ocrx_word' id='word_1_315' title='bbox 1354 2427 1669 2471; x_wconf 89' lang='lat' dir='ltr'>sanctorum</span> <span class='ocrx_word' id='word_1_316' title='bbox 1721 2437 1905 2474; x_wconf 85' lang='lat' dir='ltr'>vocem</span> <span class='ocrx_word' id='word_1_317' title='bbox 1957 2423 2095 2478; x_wconf 87' lang='lat' dir='ltr'>hanc</span> 
     </span>
    </p>
   </div>
   <div class='ocr_carea' id='block_1_43' title="bbox 519 2500 2094 2578">
    <p class='ocr_par' dir='ltr' id='par_1_43' title="bbox 519 2500 2094 2578">
     <span class='ocr_line' id='line_1_43' title="bbox 519 2500 2094 2578; baseline 0.01 -28"><span class='ocrx_word' id='word_1_318' title='bbox 519 2500 851 2554; x_wconf 83' lang='lat' dir='ltr'>auctoritate</span> <span class='ocrx_word' id='word_1_319' title='bbox 897 2516 995 2554; x_wconf 90' lang='lat' dir='ltr'>sua</span> <span class='ocrx_word' id='word_1_320' title='bbox 1042 2503 1326 2570; x_wconf 82' lang='lat' dir='ltr'>probavit;</span> <span class='ocrx_word' id='word_1_321' title='bbox 1363 2506 1459 2558; x_wconf 82' lang='lat' dir='ltr'>sed</span> <span class='ocrx_word' id='word_1_322' title='bbox 1500 2518 1716 2578; x_wconf 84' lang='lat' dir='ltr'>propter</span> <span class='ocrx_word' id='word_1_323' title='bbox 1763 2512 2094 2567; x_wconf 87' lang='lat' dir='ltr'>intellectum</span> 
     </span>
    </p>
   </div>
   <div class='ocr_carea' id='block_1_44' title="bbox 516 2593 2095 2672">
    <p class='ocr_par' dir='ltr' id='par_1_44' title="bbox 516 2593 2095 2672">
     <span class='ocr_line' id='line_1_44' title="bbox 516 2593 2095 2672; baseline 0.011 -29"><span class='ocrx_word' id='word_1_324' title='bbox 516 2594 608 2660; x_wconf 93' lang='lat' dir='ltr'>qui</span> <span class='ocrx_word' id='word_1_325' title='bbox 648 2593 774 2646; x_wconf 82' lang='lat' dir='ltr'>huic</span> <span class='ocrx_word' id='word_1_326' title='bbox 807 2593 1072 2648; x_wconf 87' lang='lat' dir='ltr'>vocabulo</span> <span class='ocrx_word' id='word_1_327' title='bbox 1107 2596 1316 2658; x_wconf 84' lang='lat' dir='ltr'>subest,</span> <span class='ocrx_word' id='word_1_328' title='bbox 1350 2598 1642 2654; x_wconf 86' lang='lat' dir='ltr'>dictionem</span> <span class='ocrx_word' id='word_1_329' title='bbox 1675 2604 2095 2672; x_wconf 85' lang='lat' dir='ltr'>approbas.Nos</span> 
     </span>
    </p>
   </div>
   <div class='ocr_carea' id='block_1_45' title="bbox 517 2682 2092 2756">
    <p class='ocr_par' dir='ltr' id='par_1_45' title="bbox 517 2682 2092 2756">
     <span class='ocr_line' id='line_1_45' title="bbox 517 2682 2092 2756; baseline 0.01 -22"><span class='ocrx_word' id='word_1_330' title='bbox 517 2683 686 2735; x_wconf 83' lang='lat' dir='ltr'>simili</span> <span class='ocrx_word' id='word_1_331' title='bbox 717 2682 874 2738; x_wconf 87' lang='lat' dir='ltr'>modo</span> <span class='ocrx_word' id='word_1_332' title='bbox 901 2692 1122 2752; x_wconf 83' lang='lat' dir='ltr'>propter</span> <span class='ocrx_word' id='word_1_333' title='bbox 1154 2702 1373 2740; x_wconf 86' lang='lat' dir='ltr'>sensum</span> <span class='ocrx_word' id='word_1_334' title='bbox 1407 2690 1458 2742; x_wconf 93' lang='lat' dir='ltr'>in</span> <span class='ocrx_word' id='word_1_335' title='bbox 1487 2706 1546 2743; x_wconf 89' lang='lat' dir='ltr'>ea</span> <span class='ocrx_word' id='word_1_336' title='bbox 1577 2691 1866 2756; x_wconf 89' lang='lat' dir='ltr'>inclusum,</span> <span class='ocrx_word' id='word_1_337' title='bbox 1907 2712 2092 2751; x_wconf 88' lang='lat' dir='ltr'>vocem</span> 
     </span>
    </p>
   </div>
   <div class='ocr_carea' id='block_1_46' title="bbox 517 2773 2093 2851">
    <p class='ocr_par' dir='ltr' id='par_1_46' title="bbox 517 2773 2093 2851">
     <span class='ocr_line' id='line_1_46' title="bbox 517 2773 2093 2851; baseline 0.01 -27"><span class='ocrx_word' id='word_1_338' title='bbox 517 2775 654 2826; x_wconf 87' lang='lat' dir='ltr'>hanc</span> <span class='ocrx_word' id='word_1_339' title='bbox 688 2773 946 2839; x_wconf 83' lang='grc' dir='ltr'>ἐπινοίας,</span> <span class='ocrx_word' id='word_1_340' title='bbox 977 2775 1025 2826; x_wconf 90' lang='lat' dir='ltr'>id</span> <span class='ocrx_word' id='word_1_341' title='bbox 1051 2785 1131 2829; x_wconf 88' lang='lat' dir='ltr'>est</span> <span class='ocrx_word' id='word_1_342' title='bbox 1161 2780 1616 2832; x_wconf 80' lang='lat' dir='ltr'>commentationis</span> <span class='ocrx_word' id='word_1_343' title='bbox 1642 2783 1983 2851; x_wconf 71' lang='lat' dir='ltr'>at&#39;lmisimus,</span> <span class='ocrx_word' id='word_1_344' title='bbox 2011 2787 2093 2842; x_wconf 80' lang='lat' dir='ltr'>vel</span> 
     </span>
    </p>
   </div>
   <div class='ocr_carea' id='block_1_47' title="bbox 516 2863 2090 2947">
    <p class='ocr_par' dir='ltr' id='par_1_47' title="bbox 516 2863 2090 2947">
     <span class='ocr_line' id='line_1_47' title="bbox 516 2863 2090 2947; baseline 0.009 -32"><span class='ocrx_word' id='word_1_345' title='bbox 516 2863 626 2916; x_wconf 90' lang='lat' dir='ltr'>duo</span> <span class='ocrx_word' id='word_1_346' title='bbox 658 2880 720 2918; x_wconf 86' lang='lat' dir='ltr'>ex</span> <span class='ocrx_word' id='word_1_347' title='bbox 757 2883 857 2920; x_wconf 91' lang='lat' dir='ltr'>usu</span> <span class='ocrx_word' id='word_1_348' title='bbox 907 2867 1230 2931; x_wconf 74' lang='lat' dir='ltr'>eximemus,</span> <span class='ocrx_word' id='word_1_349' title='bbox 1264 2870 1346 2923; x_wconf 90' lang='lat' dir='ltr'>vel</span> <span class='ocrx_word' id='word_1_350' title='bbox 1401 2879 1652 2925; x_wconf 88' lang='lat' dir='ltr'>neutrum</span> <span class='ocrx_word' id='word_1_351' title='bbox 1696 2873 1911 2940; x_wconf 86' lang='lat' dir='ltr'>horum,</span> <span class='ocrx_word' id='word_1_352' title='bbox 1944 2878 2090 2947; x_wconf 83' lang='lat' dir='ltr'>quia,</span> 
     </span>
    </p>
   </div>
   <div class='ocr_carea' id='block_1_48' title="bbox 511 2954 2090 3032">
    <p class='ocr_par' dir='ltr' id='par_1_48' title="bbox 511 2954 2090 3032">
     <span class='ocr_line' id='line_1_48' title="bbox 511 2954 2090 3032; baseline 0.009 -26"><span class='ocrx_word' id='word_1_353' title='bbox 511 2954 691 3018; x_wconf 82' lang='lat' dir='ltr'>sitiat,</span> <span class='ocrx_word' id='word_1_354' title='bbox 717 2972 812 3024; x_wconf 86' lang='lat' dir='ltr'>per</span> <span class='ocrx_word' id='word_1_355' title='bbox 834 2965 1062 3025; x_wconf 87' lang='lat' dir='ltr'>utraque</span> <span class='ocrx_word' id='word_1_356' title='bbox 1095 2959 1393 3014; x_wconf 88' lang='lat' dir='ltr'>vincemus.</span> <span class='ocrx_word' id='word_1_357' title='bbox 1431 2960 1562 3014; x_wconf 82' lang='lat' dir='ltr'>Nam</span> <span class='ocrx_word' id='word_1_358' title='bbox 1598 2963 1641 3016; x_wconf 88' lang='lat' dir='ltr'>si</span> <span class='ocrx_word' id='word_1_359' title='bbox 1679 2966 1892 3032; x_wconf 82' lang='lat' dir='ltr'>penitus</span> <span class='ocrx_word' id='word_1_360' title='bbox 1920 2967 2090 3021; x_wconf 81' lang='lat' dir='ltr'>dictio</span> 
     </span>
    </p>
   </div>
   <div class='ocr_carea' id='block_1_49' title="bbox 511 3043 2085 3114">
    <p class='ocr_par' dir='ltr' id='par_1_49' title="bbox 511 3043 2085 3114">
     <span class='ocr_line' id='line_1_49' title="bbox 511 3043 2085 3114; baseline 0.011 -20"><span class='ocrx_word' id='word_1_361' title='bbox 511 3043 836 3114; x_wconf 83' lang='grc' dir='ltr'>ἁγεννησίας</span> <span class='ocrx_word' id='word_1_362' title='bbox 872 3046 1090 3100; x_wconf 86' lang='lat' dir='ltr'>silentio</span> <span class='ocrx_word' id='word_1_363' title='bbox 1121 3048 1405 3113; x_wconf 84' lang='lat' dir='ltr'>obruatur,</span> <span class='ocrx_word' id='word_1_364' title='bbox 1443 3053 1622 3107; x_wconf 91' lang='lat' dir='ltr'>omnis</span> <span class='ocrx_word' id='word_1_365' title='bbox 1648 3054 2085 3112; x_wconf 81' lang='lat' dir='ltr'>adversariorum</span> 
     </span>
    </p>
   </div>
   <div class='ocr_carea' id='block_1_50' title="bbox 510 3137 2086 3219">
    <p class='ocr_par' dir='ltr' id='par_1_50' title="bbox 510 3137 2086 3219">
     <span class='ocr_line' id='line_1_50' title="bbox 510 3137 2086 3219; baseline 0.012 -34"><span class='ocrx_word' id='word_1_366' title='bbox 510 3141 699 3188; x_wconf 86' lang='lat' dir='ltr'>contra</span> <span class='ocrx_word' id='word_1_367' title='bbox 734 3137 1009 3191; x_wconf 89' lang='lat' dir='ltr'>veritatem</span> <span class='ocrx_word' id='word_1_368' title='bbox 1063 3156 1159 3192; x_wconf 83' lang='lat' dir='ltr'>vox</span> <span class='ocrx_word' id='word_1_369' title='bbox 1198 3144 1464 3196; x_wconf 78' lang='lat' dir='ltr'>exstincta</span> <span class='ocrx_word' id='word_1_370' title='bbox 1511 3153 1614 3198; x_wconf 86' lang='lat' dir='ltr'>est.</span> <span class='ocrx_word' id='word_1_371' title='bbox 1657 3145 1829 3216; x_wconf 79' lang='lat' dir='ltr'>Atque</span> <span class='ocrx_word' id='word_1_372' title='bbox 1884 3147 2086 3219; x_wconf 81' lang='lat' dir='ltr'>Unige-</span> 
     </span>
    </p>
   </div>
   <div class='ocr_carea' id='block_1_51' title="bbox 509 3225 2084 3308">
    <p class='ocr_par' dir='ltr' id='par_1_51' title="bbox 509 3225 2084 3308">
     <span class='ocr_line' id='line_1_51' title="bbox 509 3225 2084 3308; baseline 0.011 -31"><span class='ocrx_word' id='word_1_373' title='bbox 509 3225 626 3278; x_wconf 88' lang='lat' dir='ltr'>nite</span> <span class='ocrx_word' id='word_1_374' title='bbox 663 3225 769 3280; x_wconf 88' lang='lat' dir='ltr'>Deo</span> <span class='ocrx_word' id='word_1_375' title='bbox 801 3229 971 3295; x_wconf 80' lang='lat' dir='ltr'>gloria</span> <span class='ocrx_word' id='word_1_376' title='bbox 1002 3232 1070 3284; x_wconf 89' lang='lat' dir='ltr'>ab</span> <span class='ocrx_word' id='word_1_377' title='bbox 1095 3233 1349 3288; x_wconf 87' lang='lat' dir='ltr'>omnibus</span> <span class='ocrx_word' id='word_1_378' title='bbox 1393 3234 1688 3305; x_wconf 75' lang='lat' dir='ltr'>etTulgebit,</span> <span class='ocrx_word' id='word_1_379' title='bbox 1717 3241 1841 3308; x_wconf 88' lang='lat' dir='ltr'>quia</span> <span class='ocrx_word' id='word_1_380' title='bbox 1878 3226 2084 3295; x_wconf 79' lang='lat' dir='ltr'>nullum</span> 
     </span>
    </p>
   </div>
   <div class='ocr_carea' id='block_1_52' title="bbox 506 3316 2081 3398">
    <p class='ocr_par' dir='ltr' id='par_1_52' title="bbox 506 3316 2081 3398">
     <span class='ocr_line' id='line_1_52' title="bbox 506 3316 2081 3398; baseline 0.013 -32"><span class='ocrx_word' id='word_1_381' title='bbox 506 3316 609 3368; x_wconf 88' lang='lat' dir='ltr'>erit</span> <span class='ocrx_word' id='word_1_382' title='bbox 640 3333 834 3371; x_wconf 89' lang='lat' dir='ltr'>nomen</span> <span class='ocrx_word' id='word_1_383' title='bbox 878 3336 943 3374; x_wconf 81' lang='lat' dir='ltr'>ex</span> <span class='ocrx_word' id='word_1_384' title='bbox 977 3325 1251 3377; x_wconf 87' lang='lat' dir='ltr'>contraria</span> <span class='ocrx_word' id='word_1_385' title='bbox 1291 3327 1652 3395; x_wconf 73' lang='lat' dir='ltr'>oppositione,</span> <span class='ocrx_word' id='word_1_386' title='bbox 1688 3331 1831 3398; x_wconf 83' lang='lat' dir='ltr'>quod</span> <span class='ocrx_word' id='word_1_387' title='bbox 1868 3331 2081 3387; x_wconf 85' lang='lat' dir='ltr'>Domini</span> 
     </span>
    </p>
   </div>
   <div class='ocr_carea' id='block_1_53' title="bbox 511 3407 2086 3486">
    <p class='ocr_par' dir='ltr' id='par_1_53' title="bbox 511 3407 2086 3486">
     <span class='ocr_line' id='line_1_53' title="bbox 511 3407 2086 3486; baseline 0.01 -28"><span class='ocrx_word' id='word_1_388' title='bbox 511 3407 853 3476; x_wconf 70' lang='lat' dir='ltr'>maiestatem</span> <span class='ocrx_word' id='word_1_389' title='bbox 897 3411 1204 3466; x_wconf 88' lang='lat' dir='ltr'>imminuat.</span> <span class='ocrx_word' id='word_1_390' title='bbox 1258 3413 1312 3466; x_wconf 86' lang='lat' dir='ltr'>Si</span> <span class='ocrx_word' id='word_1_391' title='bbox 1367 3417 1525 3466; x_wconf 86' lang='lat' dir='ltr'>ambo</span> <span class='ocrx_word' id='word_1_392' title='bbox 1574 3426 1849 3480; x_wconf 86' lang='lat' dir='ltr'>maneant,</span> <span class='ocrx_word' id='word_1_393' title='bbox 1909 3430 1961 3486; x_wconf 80' lang='lat' dir='ltr'>et</span> <span class='ocrx_word' id='word_1_394' title='bbox 2007 3424 2086 3478; x_wconf 89' lang='lat' dir='ltr'>sic</span> 
     </span>
    </p>
   </div>
   <div class='ocr_carea' id='block_1_54' title="bbox 504 3499 2086 3575">
    <p class='ocr_par' dir='ltr' id='par_1_54' title="bbox 504 3499 2086 3575">
     <span class='ocr_line' id='line_1_54' title="bbox 504 3499 2086 3575; baseline 0.009 -26"><span class='ocrx_word' id='word_1_395' title='bbox 504 3499 791 3554; x_wconf 87' lang='lat' dir='ltr'>nobiseum</span> <span class='ocrx_word' id='word_1_396' title='bbox 841 3503 1022 3555; x_wconf 89' lang='lat' dir='ltr'>vincet</span> <span class='ocrx_word' id='word_1_397' title='bbox 1055 3506 1277 3564; x_wconf 85' lang='lat' dir='ltr'>veritas.</span> <span class='ocrx_word' id='word_1_398' title='bbox 1313 3503 1379 3556; x_wconf 88' lang='lat' dir='ltr'>ad</span> <span class='ocrx_word' id='word_1_399' title='bbox 1426 3505 1691 3570; x_wconf 83' lang='grc' dir='ltr'>ἐπίνοιαν,</span> <span class='ocrx_word' id='word_1_400' title='bbox 1726 3508 1779 3562; x_wconf 85' lang='lat' dir='ltr'>id</span> <span class='ocrx_word' id='word_1_401' title='bbox 1809 3519 1911 3575; x_wconf 89' lang='lat' dir='ltr'>est,</span> <span class='ocrx_word' id='word_1_402' title='bbox 1945 3528 2086 3566; x_wconf 89' lang='lat' dir='ltr'>com-</span> 
     </span>
    </p>
   </div>
   <div class='ocr_carea' id='block_1_55' title="bbox 504 3593 2087 3671">
    <p class='ocr_par' dir='ltr' id='par_1_55' title="bbox 504 3593 2087 3671">
     <span class='ocr_line' id='line_1_55' title="bbox 504 3593 2087 3671; baseline 0.013 -31"><span class='ocrx_word' id='word_1_403' title='bbox 504 3593 894 3654; x_wconf 80' lang='lat' dir='ltr'>menmtionem,</span> <span class='ocrx_word' id='word_1_404' title='bbox 929 3611 993 3647; x_wconf 85' lang='lat' dir='ltr'>ex</span> <span class='ocrx_word' id='word_1_405' title='bbox 1039 3597 1279 3649; x_wconf 89' lang='lat' dir='ltr'>essentia</span> <span class='ocrx_word' id='word_1_406' title='bbox 1327 3599 1591 3652; x_wconf 82' lang='lat' dir='ltr'>translato</span> <span class='ocrx_word' id='word_1_407' title='bbox 1641 3603 1965 3671; x_wconf 81' lang='grc' dir='ltr'>ἀγεννησίας</span> <span class='ocrx_word' id='word_1_408' title='bbox 1993 3622 2087 3659; x_wconf 91' lang='lat' dir='ltr'>no-</span> 
     </span>
    </p>
   </div>
   <div class='ocr_carea' id='block_1_56' title="bbox 506 3679 2084 3762">
    <p class='ocr_par' dir='ltr' id='par_1_56' title="bbox 506 3679 2084 3762">
     <span class='ocr_line' id='line_1_56' title="bbox 506 3679 2084 3762; baseline 0.014 -33"><span class='ocrx_word' id='word_1_409' title='bbox 506 3679 671 3732; x_wconf 86' lang='lat' dir='ltr'>mine.</span> <span class='ocrx_word' id='word_1_410' title='bbox 716 3679 820 3732; x_wconf 85' lang='lat' dir='ltr'>Sed</span> <span class='ocrx_word' id='word_1_411' title='bbox 861 3683 1096 3750; x_wconf 87' lang='lat' dir='ltr'>quaudiu</span> <span class='ocrx_word' id='word_1_412' title='bbox 1145 3701 1210 3739; x_wconf 82' lang='lat' dir='ltr'>ex</span> <span class='ocrx_word' id='word_1_413' title='bbox 1254 3686 1368 3740; x_wconf 90' lang='lat' dir='ltr'>suis</span> <span class='ocrx_word' id='word_1_414' title='bbox 1398 3689 1615 3759; x_wconf 81' lang='lat' dir='ltr'>scriptis</span> <span class='ocrx_word' id='word_1_415' title='bbox 1647 3690 1870 3762; x_wconf 83' lang='lat' dir='ltr'>ingeniti</span> <span class='ocrx_word' id='word_1_416' title='bbox 1897 3711 2084 3751; x_wconf 87' lang='lat' dir='ltr'>vocem</span> 
     </span>
    </p>
   </div>
   <div class='ocr_carea' id='block_1_57' title="bbox 502 3769 2085 3850">
    <p class='ocr_par' dir='ltr' id='par_1_57' title="bbox 502 3769 2085 3850">
     <span class='ocr_line' id='line_1_57' title="bbox 502 3769 2085 3850; baseline 0.015 -31"><span class='ocrx_word' id='word_1_417' title='bbox 502 3781 611 3819; x_wconf 84' lang='lat' dir='ltr'>non</span> <span class='ocrx_word' id='word_1_418' title='bbox 647 3769 857 3834; x_wconf 77' lang='lat' dir='ltr'>eximit,</span> <span class='ocrx_word' id='word_1_419' title='bbox 908 3773 1145 3841; x_wconf 83' lang='lat' dir='ltr'>seipsum</span> <span class='ocrx_word' id='word_1_420' title='bbox 1195 3775 1515 3832; x_wconf 88' lang='lat' dir='ltr'>abbortetur</span> <span class='ocrx_word' id='word_1_421' title='bbox 1565 3781 1654 3850; x_wconf 92' lang='lat' dir='ltr'>qui</span> <span class='ocrx_word' id='word_1_422' title='bbox 1713 3798 1812 3838; x_wconf 88' lang='lat' dir='ltr'>nos</span> <span class='ocrx_word' id='word_1_423' title='bbox 1869 3785 2085 3843; x_wconf 77' lang='lat' dir='ltr'>lacessit</span> 
     </span>
    </p>
   </div>
   <div class='ocr_carea' id='block_1_58' title="bbox 501 3854 2078 3952">
    <p class='ocr_par' dir='ltr' id='par_1_58' title="bbox 501 3854 2078 3952">
     <span class='ocr_line' id='line_1_58' title="bbox 501 3854 2078 3952; baseline 0.016 -44"><span class='ocrx_word' id='word_1_424' title='bbox 501 3854 829 3920; x_wconf 74' lang='lat' dir='ltr'>Phariszeus.</span> <span class='ocrx_word' id='word_1_425' title='bbox 857 3878 924 3915; x_wconf 90' lang='lat' dir='ltr'>ne</span> <span class='ocrx_word' id='word_1_426' title='bbox 950 3865 1101 3932; x_wconf 87' lang='lat' dir='ltr'>prius</span> <span class='ocrx_word' id='word_1_427' title='bbox 1121 3865 1185 3919; x_wconf 88' lang='lat' dir='ltr'>ad</span> <span class='ocrx_word' id='word_1_428' title='bbox 1212 3876 1453 3922; x_wconf 88' lang='lat' dir='ltr'>nostram</span> <span class='ocrx_word' id='word_1_429' title='bbox 1478 3870 1744 3925; x_wconf 83' lang='lat' dir='ltr'>festucam</span> <span class='ocrx_word' id='word_1_430' title='bbox 1767 3877 2078 3952; x_wconf 47' lang='lat' dir='ltr'>perspiciat.</span> 
     </span>
    </p>
   </div>
   <div class='ocr_carea' id='block_1_59' title="bbox 498 3951 2080 4019">
    <p class='ocr_par' dir='ltr' id='par_1_59' title="bbox 498 3951 2080 4019">
     <span class='ocr_line' id='line_1_59' title="bbox 498 3951 2080 4019; baseline 0.013 -21"><span class='ocrx_word' id='word_1_431' title='bbox 498 3963 660 4015; x_wconf 87' lang='lat' dir='ltr'>quam</span> <span class='ocrx_word' id='word_1_432' title='bbox 709 3951 915 4004; x_wconf 87' lang='lat' dir='ltr'>trabem</span> <span class='ocrx_word' id='word_1_433' title='bbox 953 3953 1055 4008; x_wconf 89' lang='lat' dir='ltr'>sibi</span> <span class='ocrx_word' id='word_1_434' title='bbox 1115 3956 1516 4012; x_wconf 88' lang='lat' dir='ltr'>incumbentem</span> <span class='ocrx_word' id='word_1_435' title='bbox 1570 3969 1625 4015; x_wconf 90' lang='lat' dir='ltr'>et</span> <span class='ocrx_word' id='word_1_436' title='bbox 1675 3965 1958 4018; x_wconf 85' lang='lat' dir='ltr'>molestam</span> <span class='ocrx_word' id='word_1_437' title='bbox 2008 3951 2080 4019; x_wconf 59' lang='lat' dir='ltr'>et</span> 
     </span>
    </p>
   </div>
   <div class='ocr_carea' id='block_1_60' title="bbox 499 4042 2075 4118">
    <p class='ocr_par' dir='ltr' id='par_1_60' title="bbox 499 4042 2075 4118">
     <span class='ocr_line' id='line_1_60' title="bbox 499 4042 2075 4118; baseline 0.013 -26"><span class='ocrx_word' id='word_1_438' title='bbox 499 4042 680 4093; x_wconf 87' lang='lat' dir='ltr'>oculis</span> <span class='ocrx_word' id='word_1_439' title='bbox 720 4043 990 4111; x_wconf 64' lang='lat' dir='ltr'>eiiciat&quot;.</span> <span class='ocrx_word' id='word_1_440' title='bbox 1024 4045 1128 4100; x_wconf 89' lang='lat' dir='ltr'>Sed</span> <span class='ocrx_word' id='word_1_441' title='bbox 1166 4045 1330 4112; x_wconf 90' lang='lat' dir='ltr'>Deus,</span> <span class='ocrx_word' id='word_1_442' title='bbox 1367 4051 1565 4118; x_wconf 91' lang='lat' dir='ltr'>inquit,</span> <span class='ocrx_word' id='word_1_443' title='bbox 1600 4060 1652 4105; x_wconf 87' lang='lat' dir='ltr'>et</span> <span class='ocrx_word' id='word_1_444' title='bbox 1685 4053 2075 4112; x_wconf 80' lang='lat' dir='ltr'>infirmissimis</span> 
     </span>
    </p>
   </div>
   <div class='ocr_carea' id='block_1_61' title="bbox 496 4136 2078 4212">
    <p class='ocr_par' dir='ltr' id='par_1_61' title="bbox 496 4136 2078 4212">
     <span class='ocr_line' id='line_1_61' title="bbox 496 4136 2078 4212; baseline 0.012 -27"><span class='ocrx_word' id='word_1_445' title='bbox 496 4147 686 4185; x_wconf 90' lang='lat' dir='ltr'>eorum</span> <span class='ocrx_word' id='word_1_446' title='bbox 737 4149 857 4203; x_wconf 65' lang='lat' dir='ltr'>quae</span> <span class='ocrx_word' id='word_1_447' title='bbox 914 4136 966 4189; x_wconf 92' lang='lat' dir='ltr'>in</span> <span class='ocrx_word' id='word_1_448' title='bbox 997 4144 1140 4191; x_wconf 88' lang='lat' dir='ltr'>terra</span> <span class='ocrx_word' id='word_1_449' title='bbox 1198 4141 1492 4204; x_wconf 79' lang='lat' dir='ltr'>exsistunt,</span> <span class='ocrx_word' id='word_1_450' title='bbox 1543 4144 1938 4212; x_wconf 85' lang='lat' dir='ltr'>pretiosissima</span> <span class='ocrx_word' id='word_1_451' title='bbox 1984 4151 2078 4204; x_wconf 86' lang='lat' dir='ltr'>tri-</span> 
     </span>
    </p>
   </div>
   <div class='ocr_carea' id='block_1_62' title="bbox 498 4226 2078 4312">
    <p class='ocr_par' dir='ltr' id='par_1_62' title="bbox 498 4226 2078 4312">
     <span class='ocr_line' id='line_1_62' title="bbox 498 4226 2078 4312; baseline 0.011 -35"><span class='ocrx_word' id='word_1_452' title='bbox 498 4226 618 4278; x_wconf 82' lang='lat' dir='ltr'>buit</span> <span class='ocrx_word' id='word_1_453' title='bbox 648 4228 892 4293; x_wconf 74' lang='lat' dir='ltr'>nonnina,</span> <span class='ocrx_word' id='word_1_454' title='bbox 937 4245 1045 4284; x_wconf 92' lang='lat' dir='ltr'>non</span> <span class='ocrx_word' id='word_1_455' title='bbox 1085 4231 1407 4302; x_wconf 84' lang='lat' dir='ltr'>dignitatum</span> <span class='ocrx_word' id='word_1_456' title='bbox 1439 4237 1799 4303; x_wconf 72' lang='lat' dir='ltr'>a3qualitatem</span> <span class='ocrx_word' id='word_1_457' title='bbox 1836 4239 2078 4312; x_wconf 86' lang='lat' dir='ltr'>imperti-</span> 
     </span>
    </p>
   </div>
   <div class='ocr_carea' id='block_1_63' title="bbox 494 4319 2074 4391">
    <p class='ocr_par' dir='ltr' id='par_1_63' title="bbox 494 4319 2074 4391">
     <span class='ocr_line' id='line_1_63' title="bbox 494 4319 2074 4391; baseline 0.01 -20"><span class='ocrx_word' id='word_1_458' title='bbox 494 4327 603 4381; x_wconf 91' lang='lat' dir='ltr'>tus,</span> <span class='ocrx_word' id='word_1_459' title='bbox 653 4327 706 4372; x_wconf 86' lang='lat' dir='ltr'>et</span> <span class='ocrx_word' id='word_1_460' title='bbox 757 4319 1234 4391; x_wconf 87' lang='lat' dir='ltr'>principalissimis</span> <span class='ocrx_word' id='word_1_461' title='bbox 1283 4325 1585 4391; x_wconf 84' lang='lat' dir='ltr'>vilissima,</span> <span class='ocrx_word' id='word_1_462' title='bbox 1633 4345 1738 4383; x_wconf 91' lang='lat' dir='ltr'>non</span> <span class='ocrx_word' id='word_1_463' title='bbox 1789 4339 1967 4386; x_wconf 85' lang='lat' dir='ltr'>tamen</span> <span class='ocrx_word' id='word_1_464' title='bbox 2010 4349 2074 4387; x_wconf 76' lang='lat' dir='ltr'>ex</span> 
     </span>
    </p>
   </div>
   <div class='ocr_carea' id='block_1_64' title="bbox 2203 1861 3773 1934">
    <p class='ocr_par' dir='ltr' id='par_1_64' title="bbox 2203 1861 3773 1934">
     <span class='ocr_line' id='line_1_64' title="bbox 2203 1861 3773 1934; baseline 0.001 -21"><span class='ocrx_word' id='word_1_465' title='bbox 2203 1861 2422 1932; x_wconf 82' lang='grc' dir='ltr'>Χριστῷ</span> <span class='ocrx_word' id='word_1_466' title='bbox 2453 1861 2520 1914; x_wconf 82' lang='grc' dir='ltr'>τὰ</span> <span class='ocrx_word' id='word_1_467' title='bbox 2549 1862 2785 1932; x_wconf 72' lang='grc' dir='ltr'>ὀνόματα</span> <span class='ocrx_word' id='word_1_468' title='bbox 2811 1904 2824 1926; x_wconf 92' lang='grc'>,</span> <span class='ocrx_word' id='word_1_469' title='bbox 2865 1863 2946 1916; x_wconf 85' lang='grc' dir='ltr'>ὅτι</span> <span class='ocrx_word' id='word_1_470' title='bbox 2984 1863 3172 1934; x_wconf 72' lang='grc' dir='ltr'>μηδείς</span> <span class='ocrx_word' id='word_1_471' title='bbox 3214 1864 3320 1916; x_wconf 81' lang='grc' dir='ltr'>τῶν</span> <span class='ocrx_word' id='word_1_472' title='bbox 3357 1864 3526 1932; x_wconf 81' lang='grc' dir='ltr'>ἁγίων</span> <span class='ocrx_word' id='word_1_473' title='bbox 3564 1864 3623 1917; x_wconf 73' lang='grc' dir='ltr'>τὸ</span> <span class='ocrx_word' id='word_1_474' title='bbox 3670 1865 3773 1917; x_wconf 83' lang='grc' dir='ltr'>δεῖν</span> 
     </span>
    </p>
   </div>
   <div class='ocr_carea' id='block_1_65' title="bbox 2201 1949 3772 2024">
    <p class='ocr_par' dir='ltr' id='par_1_65' title="bbox 2201 1949 3772 2024">
     <span class='ocr_line' id='line_1_65' title="bbox 2201 1949 3772 2024; baseline 0.001 -20"><span class='ocrx_word' id='word_1_475' title='bbox 2201 1952 2342 2005; x_wconf 73' lang='grc' dir='ltr'>οὓτω</span> <span class='ocrx_word' id='word_1_476' title='bbox 2370 1952 2620 2019; x_wconf 83' lang='grc' dir='ltr'>λέγεσθαι</span> <span class='ocrx_word' id='word_1_477' title='bbox 2649 1954 2948 2019; x_wconf 79' lang='grc' dir='ltr'>διετάξατο.</span> <span class='ocrx_word' id='word_1_478' title='bbox 2987 1953 3110 2016; x_wconf 81' lang='grc' dir='ltr'>Πῶς</span> <span class='ocrx_word' id='word_1_479' title='bbox 3139 1949 3230 2006; x_wconf 76' lang='grc' dir='ltr'>οὖν</span> <span class='ocrx_word' id='word_1_480' title='bbox 3257 1957 3322 2024; x_wconf 80' lang='grc' dir='ltr'>τῇ</span> <span class='ocrx_word' id='word_1_481' title='bbox 3353 1953 3446 2006; x_wconf 76' lang='grc' dir='ltr'>τοῦ</span> <span class='ocrx_word' id='word_1_482' title='bbox 3482 1956 3772 2023; x_wconf 78' lang='grc' dir='ltr'>ἁγεννήτου</span> 
     </span>
    </p>
   </div>
   <div class='ocr_carea' id='block_1_66' title="bbox 2201 2041 3772 2112">
    <p class='ocr_par' dir='ltr' id='par_1_66' title="bbox 2201 2041 3772 2112">
     <span class='ocr_line' id='line_1_66' title="bbox 2201 2041 3772 2112; baseline 0.002 -18"><span class='ocrx_word' id='word_1_483' title='bbox 2201 2044 2352 2112; x_wconf 81' lang='grc' dir='ltr'>φωνῇ</span> <span class='ocrx_word' id='word_1_484' title='bbox 2379 2041 2687 2111; x_wconf 77' lang='grc' dir='ltr'>νομοθετεῖς</span> <span class='ocrx_word' id='word_1_485' title='bbox 2719 2042 2822 2094; x_wconf 81' lang='grc' dir='ltr'>τῶν</span> <span class='ocrx_word' id='word_1_486' title='bbox 2870 2042 3127 2112; x_wconf 69' lang='grc' dir='ltr'>ῥημάτων</span> <span class='ocrx_word' id='word_1_487' title='bbox 3156 2043 3454 2112; x_wconf 82' lang='grc' dir='ltr'>ὀρθότητας</span> <span class='ocrx_word' id='word_1_488' title='bbox 3478 2084 3492 2108; x_wconf 95' lang='grc'>,</span> <span class='ocrx_word' id='word_1_489' title='bbox 3525 2046 3584 2097; x_wconf 77' lang='grc' dir='ltr'>τὸ</span> <span class='ocrx_word' id='word_1_490' title='bbox 3619 2045 3772 2112; x_wconf 66' lang='grc' dir='ltr'>μόνον</span> 
     </span>
    </p>
   </div>
   <div class='ocr_carea' id='block_1_67' title="bbox 2201 2134 3772 2206">
    <p class='ocr_par' dir='ltr' id='par_1_67' title="bbox 2201 2134 3772 2206">
     <span class='ocr_line' id='line_1_67' title="bbox 2201 2134 3772 2206; baseline 0.003 -21"><span class='ocrx_word' id='word_1_491' title='bbox 2201 2135 2382 2186; x_wconf 83' lang='grc' dir='ltr'>ἐκεῖνα</span> <span class='ocrx_word' id='word_1_492' title='bbox 2413 2134 2744 2202; x_wconf 81' lang='grc' dir='ltr'>φθέγγεσθαι</span> <span class='ocrx_word' id='word_1_493' title='bbox 2776 2137 2917 2206; x_wconf 70' lang='grc' dir='ltr'>άπερ</span> <span class='ocrx_word' id='word_1_494' title='bbox 2945 2135 3011 2188; x_wconf 81' lang='grc' dir='ltr'>ἂν</span> <span class='ocrx_word' id='word_1_495' title='bbox 3041 2138 3067 2188; x_wconf 90' lang='grc' dir='ltr'>ὀ</span> <span class='ocrx_word' id='word_1_496' title='bbox 3102 2135 3457 2200; x_wconf 82' lang='grc' dir='ltr'>θεόπνευστος</span> <span class='ocrx_word' id='word_1_497' title='bbox 3498 2137 3654 2204; x_wconf 87' lang='grc' dir='ltr'>λόγος</span> <span class='ocrx_word' id='word_1_498' title='bbox 3679 2138 3772 2205; x_wconf 80' lang='grc' dir='ltr'>τῆς</span> 
     </span>
    </p>
   </div>
   <div class='ocr_carea' id='block_1_68' title="bbox 2200 2225 3770 2298">
    <p class='ocr_par' dir='ltr' id='par_1_68' title="bbox 2200 2225 3770 2298">
     <span class='ocr_line' id='line_1_68' title="bbox 2200 2225 3770 2298; baseline 0.002 -22"><span class='ocrx_word' id='word_1_499' title='bbox 2200 2225 2423 2295; x_wconf 80' lang='grc' dir='ltr'>Γραφῆς</span> <span class='ocrx_word' id='word_1_500' title='bbox 2455 2227 2838 2296; x_wconf 50' lang='lat' dir='ltr'>eamme-qtae;</span> <span class='ocrx_word' id='word_1_501' title='bbox 2882 2227 3253 2291; x_wconf 81' lang='grc' dir='ltr'>Ἐξαλειπτέον</span> <span class='ocrx_word' id='word_1_502' title='bbox 3296 2226 3362 2280; x_wconf 85' lang='grc' dir='ltr'>ἂν</span> <span class='ocrx_word' id='word_1_503' title='bbox 3394 2227 3479 2298; x_wconf 73' lang='grc' dir='ltr'>εἴη</span> <span class='ocrx_word' id='word_1_504' title='bbox 3506 2227 3616 2281; x_wconf 79' lang='grc' dir='ltr'>τῶν</span> <span class='ocrx_word' id='word_1_505' title='bbox 3647 2245 3770 2293; x_wconf 81' lang='grc' dir='ltr'>συγ-</span> 
     </span>
    </p>
   </div>
   <div class='ocr_carea' id='block_1_69' title="bbox 2199 2317 3772 2390">
    <p class='ocr_par' dir='ltr' id='par_1_69' title="bbox 2199 2317 3772 2390">
     <span class='ocr_line' id='line_1_69' title="bbox 2199 2317 3772 2390; baseline 0.001 -22"><span class='ocrx_word' id='word_1_506' title='bbox 2199 2317 2538 2385; x_wconf 85' lang='grc' dir='ltr'>γραμμάτων</span> <span class='ocrx_word' id='word_1_507' title='bbox 2579 2335 2672 2370; x_wconf 91' lang='grc' dir='ltr'>σου</span> <span class='ocrx_word' id='word_1_508' title='bbox 2696 2357 2709 2380; x_wconf 95' lang='grc'>,</span> <span class='ocrx_word' id='word_1_509' title='bbox 2734 2318 2794 2370; x_wconf 83' lang='grc' dir='ltr'>τὸ</span> <span class='ocrx_word' id='word_1_510' title='bbox 2829 2317 3121 2387; x_wconf 79' lang='grc' dir='ltr'>ἀγέννητον</span> <span class='ocrx_word' id='word_1_511' title='bbox 3145 2319 3313 2389; x_wconf 75' lang='grc' dir='ltr'>ὄνομα</span> <span class='ocrx_word' id='word_1_512' title='bbox 3337 2361 3352 2385; x_wconf 87' lang='grc'>,</span> <span class='ocrx_word' id='word_1_513' title='bbox 3391 2319 3619 2390; x_wconf 85' lang='grc' dir='ltr'>μηδενὸς</span> <span class='ocrx_word' id='word_1_514' title='bbox 3667 2319 3772 2372; x_wconf 78' lang='grc' dir='ltr'>τῶν</span> 
     </span>
    </p>
   </div>
   <div class='ocr_carea' id='block_1_70' title="bbox 2199 2407 3772 2480">
    <p class='ocr_par' dir='ltr' id='par_1_70' title="bbox 2199 2407 3772 2480">
     <span class='ocr_line' id='line_1_70' title="bbox 2199 2407 3772 2480; baseline 0.001 -21"><span class='ocrx_word' id='word_1_515' title='bbox 2199 2407 2366 2474; x_wconf 80' lang='grc' dir='ltr'>ἁγίων</span> <span class='ocrx_word' id='word_1_516' title='bbox 2385 2409 2483 2478; x_wconf 83' lang='grc' dir='ltr'>τὴν</span> <span class='ocrx_word' id='word_1_517' title='bbox 2513 2409 2696 2480; x_wconf 75' lang='grc' dir='ltr'>φωνὴν</span> <span class='ocrx_word' id='word_1_518' title='bbox 2721 2407 2921 2478; x_wconf 85' lang='grc' dir='ltr'>ταύτην</span> <span class='ocrx_word' id='word_1_519' title='bbox 2954 2408 3448 2480; x_wconf 80' lang='grc' dir='ltr'>θεσμοθετήσαντος</span> <span class='ocrx_word' id='word_1_520' title='bbox 3471 2427 3484 2439; x_wconf 87' lang='grc'>·</span> <span class='ocrx_word' id='word_1_521' title='bbox 3519 2409 3657 2462; x_wconf 72' lang='grc' dir='ltr'>ἀλλὰ</span> <span class='ocrx_word' id='word_1_522' title='bbox 3685 2411 3772 2461; x_wconf 70' lang='grc' dir='ltr'>διὰ</span> 
     </span>
    </p>
   </div>
   <div class='ocr_carea' id='block_1_71' title="bbox 2196 2499 3770 2572">
    <p class='ocr_par' dir='ltr' id='par_1_71' title="bbox 2196 2499 3770 2572">
     <span class='ocr_line' id='line_1_71' title="bbox 2196 2499 3770 2572; baseline 0.002 -22"><span class='ocrx_word' id='word_1_523' title='bbox 2196 2499 2287 2551; x_wconf 79' lang='grc' dir='ltr'>τὸν</span> <span class='ocrx_word' id='word_1_524' title='bbox 2319 2501 2633 2570; x_wconf 78' lang='grc' dir='ltr'>ἐγκείμενον</span> <span class='ocrx_word' id='word_1_525' title='bbox 2658 2500 2734 2570; x_wconf 84' lang='grc' dir='ltr'>τῷ</span> <span class='ocrx_word' id='word_1_526' title='bbox 2764 2502 3113 2571; x_wconf 85' lang='grc' dir='ltr'>προσρήματι</span> <span class='ocrx_word' id='word_1_527' title='bbox 3139 2501 3310 2572; x_wconf 82' lang='grc' dir='ltr'>τούτῳ</span> <span class='ocrx_word' id='word_1_528' title='bbox 3338 2501 3461 2555; x_wconf 71' lang='grc' dir='ltr'>νοῦν</span> <span class='ocrx_word' id='word_1_529' title='bbox 3492 2501 3770 2571; x_wconf 79' lang='grc' dir='ltr'>παραδέχῃ</span> 
     </span>
    </p>
   </div>
   <div class='ocr_carea' id='block_1_72' title="bbox 2197 2589 3770 2662">
    <p class='ocr_par' dir='ltr' id='par_1_72' title="bbox 2197 2589 3770 2662">
     <span class='ocr_line' id='line_1_72' title="bbox 2197 2589 3770 2662; baseline 0.001 -20"><span class='ocrx_word' id='word_1_530' title='bbox 2197 2589 2468 2660; x_wconf 82' lang='grc' dir='ltr'>τὴνλέξιν.</span> <span class='ocrx_word' id='word_1_531' title='bbox 2501 2591 2608 2642; x_wconf 78' lang='grc' dir='ltr'>Καὶ</span> <span class='ocrx_word' id='word_1_532' title='bbox 2643 2593 2803 2661; x_wconf 72' lang='grc' dir='ltr'>ἡμεῖς</span> <span class='ocrx_word' id='word_1_533' title='bbox 2841 2592 3102 2654; x_wconf 80' lang='grc' dir='ltr'>ὡσαύτως</span> <span class='ocrx_word' id='word_1_534' title='bbox 3150 2592 3237 2645; x_wconf 76' lang='grc' dir='ltr'>διὰ</span> <span class='ocrx_word' id='word_1_535' title='bbox 3289 2592 3388 2662; x_wconf 77' lang='grc' dir='ltr'>τὴν</span> <span class='ocrx_word' id='word_1_536' title='bbox 3444 2593 3770 2662; x_wconf 80' lang='grc' dir='ltr'>ἐγκειμένην</span> 
     </span>
    </p>
   </div>
   <div class='ocr_carea' id='block_1_73' title="bbox 2196 2678 3770 2754">
    <p class='ocr_par' dir='ltr' id='par_1_73' title="bbox 2196 2678 3770 2754">
     <span class='ocr_line' id='line_1_73' title="bbox 2196 2678 3770 2754; baseline 0.004 -24"><span class='ocrx_word' id='word_1_537' title='bbox 2196 2678 2418 2744; x_wconf 78' lang='grc' dir='ltr'>ἔννοιαν,</span> <span class='ocrx_word' id='word_1_538' title='bbox 2445 2679 2541 2751; x_wconf 84' lang='grc' dir='ltr'>τὴν</span> <span class='ocrx_word' id='word_1_539' title='bbox 2571 2683 2750 2751; x_wconf 54' lang='grc' dir='ltr'>φωνὴν</span> <span class='ocrx_word' id='word_1_540' title='bbox 2775 2683 2871 2749; x_wconf 81' lang='grc' dir='ltr'>τῆς</span> <span class='ocrx_word' id='word_1_541' title='bbox 2902 2683 3143 2745; x_wconf 82' lang='grc' dir='ltr'>ἐπινοίας</span> <span class='ocrx_word' id='word_1_542' title='bbox 3172 2682 3604 2754; x_wconf 79' lang='grc' dir='ltr'>παρεδεξάμεοα.</span> <span class='ocrx_word' id='word_1_543' title='bbox 3631 2684 3770 2736; x_wconf 61' lang='grc' dir='ltr'>Οὐκ-</span> 
     </span>
    </p>
   </div>
   <div class='ocr_carea' id='block_1_74' title="bbox 2194 2769 3768 2846">
    <p class='ocr_par' dir='ltr' id='par_1_74' title="bbox 2194 2769 3768 2846">
     <span class='ocr_line' id='line_1_74' title="bbox 2194 2769 3768 2846; baseline 0.002 -24"><span class='ocrx_word' id='word_1_544' title='bbox 2194 2770 2286 2823; x_wconf 80' lang='grc' dir='ltr'>οῦν</span> <span class='ocrx_word' id='word_1_545' title='bbox 2317 2771 2350 2842; x_wconf 83' lang='grc' dir='ltr'>ἢ</span> <span class='ocrx_word' id='word_1_546' title='bbox 2376 2771 2445 2823; x_wconf 76' lang='grc' dir='ltr'>τὰ</span> <span class='ocrx_word' id='word_1_547' title='bbox 2469 2769 2560 2824; x_wconf 81' lang='grc' dir='ltr'>δύο</span> <span class='ocrx_word' id='word_1_548' title='bbox 2587 2771 2686 2842; x_wconf 83' lang='grc' dir='ltr'>τῆς</span> <span class='ocrx_word' id='word_1_549' title='bbox 2736 2773 2984 2842; x_wconf 84' lang='grc' dir='ltr'>χρήσεως</span> <span class='ocrx_word' id='word_1_550' title='bbox 3011 2771 3397 2846; x_wconf 77' lang='grc' dir='ltr'>ἐξαιρήσομεν,</span> <span class='ocrx_word' id='word_1_551' title='bbox 3430 2773 3463 2844; x_wconf 88' lang='grc' dir='ltr'>ἢ</span> <span class='ocrx_word' id='word_1_552' title='bbox 3501 2773 3613 2826; x_wconf 73' lang='grc' dir='ltr'>οὗθ’</span> <span class='ocrx_word' id='word_1_553' title='bbox 3650 2774 3768 2827; x_wconf 73' lang='grc' dir='ltr'>ἕτε-</span> 
     </span>
    </p>
   </div>
   <div class='ocr_carea' id='block_1_75' title="bbox 2195 2859 3768 2933">
    <p class='ocr_par' dir='ltr' id='par_1_75' title="bbox 2195 2859 3768 2933">
     <span class='ocr_line' id='line_1_75' title="bbox 2195 2859 3768 2933; baseline 0.002 -20"><span class='ocrx_word' id='word_1_554' title='bbox 2195 2879 2286 2931; x_wconf 84' lang='grc' dir='ltr'>ρον</span> <span class='ocrx_word' id='word_1_555' title='bbox 2305 2878 2317 2892; x_wconf 72' lang='grc'>⁸</span> <span class='ocrx_word' id='word_1_556' title='bbox 2342 2863 2370 2915; x_wconf 83' lang='grc' dir='ltr'>ὅ</span> <span class='ocrx_word' id='word_1_557' title='bbox 2388 2877 2442 2913; x_wconf 90' lang='grc' dir='ltr'>τι</span> <span class='ocrx_word' id='word_1_558' title='bbox 2464 2861 2509 2914; x_wconf 79' lang='grc' dir='ltr'>δ’</span> <span class='ocrx_word' id='word_1_559' title='bbox 2550 2859 2615 2913; x_wconf 86' lang='grc' dir='ltr'>ἂν</span> <span class='ocrx_word' id='word_1_560' title='bbox 2649 2861 2872 2932; x_wconf 78' lang='grc' dir='ltr'>γένηται</span> <span class='ocrx_word' id='word_1_561' title='bbox 2920 2862 3124 2915; x_wconf 82' lang='grc' dir='ltr'>τούτων</span> <span class='ocrx_word' id='word_1_562' title='bbox 3150 2903 3164 2927; x_wconf 91' lang='grc'>,</span> <span class='ocrx_word' id='word_1_563' title='bbox 3199 2863 3266 2914; x_wconf 82' lang='grc' dir='ltr'>δι’</span> <span class='ocrx_word' id='word_1_564' title='bbox 3294 2863 3572 2933; x_wconf 77' lang='grc' dir='ltr'>ἑκατέρων</span> <span class='ocrx_word' id='word_1_565' title='bbox 3610 2864 3768 2932; x_wconf 73' lang='grc' dir='ltr'>νική-</span> 
     </span>
    </p>
   </div>
   <div class='ocr_carea' id='block_1_76' title="bbox 2195 2952 3769 3024">
    <p class='ocr_par' dir='ltr' id='par_1_76' title="bbox 2195 2952 3769 3024">
     <span class='ocr_line' id='line_1_76' title="bbox 2195 2952 3769 3024; baseline -0.006 -20"><span class='ocrx_word' id='word_1_566' title='bbox 2195 2969 2376 3022; x_wconf 89' lang='grc' dir='ltr'>σομεν.</span> <span class='ocrx_word' id='word_1_567' title='bbox 2411 2952 2785 3022; x_wconf 75' lang='grc' dir='ltr'>Σιωπηθείσης</span> <span class='ocrx_word' id='word_1_568' title='bbox 2843 2953 2941 3022; x_wconf 83' lang='grc' dir='ltr'>μὲν</span> <span class='ocrx_word' id='word_1_569' title='bbox 2986 2953 3092 3024; x_wconf 78' lang='grc' dir='ltr'>γάρ</span> <span class='ocrx_word' id='word_1_570' title='bbox 3142 2953 3368 3006; x_wconf 82' lang='grc' dir='ltr'>καθόλου</span> <span class='ocrx_word' id='word_1_571' title='bbox 3398 2958 3495 3023; x_wconf 81' lang='grc' dir='ltr'>τῆς</span> <span class='ocrx_word' id='word_1_572' title='bbox 3539 2956 3769 3022; x_wconf 79' lang='grc' dir='ltr'>ἀγεννη-</span> 
     </span>
    </p>
   </div>
   <div class='ocr_carea' id='block_1_77' title="bbox 2194 3042 3772 3114">
    <p class='ocr_par' dir='ltr' id='par_1_77' title="bbox 2194 3042 3772 3114">
     <span class='ocr_line' id='line_1_77' title="bbox 2194 3042 3772 3114; baseline 0.001 -18"><span class='ocrx_word' id='word_1_573' title='bbox 2194 3043 2314 3106; x_wconf 86' lang='grc' dir='ltr'>σίας</span> <span class='ocrx_word' id='word_1_574' title='bbox 2333 3085 2346 3107; x_wconf 89' lang='grc'>,</span> <span class='ocrx_word' id='word_1_575' title='bbox 2382 3045 2529 3096; x_wconf 77' lang='grc' dir='ltr'>πᾶσα</span> <span class='ocrx_word' id='word_1_576' title='bbox 2556 3042 2998 3114; x_wconf 80' lang='grc' dir='ltr'>συγκατεσϐέσθη</span> <span class='ocrx_word' id='word_1_577' title='bbox 3027 3044 3135 3096; x_wconf 85' lang='grc' dir='ltr'>τῶν</span> <span class='ocrx_word' id='word_1_578' title='bbox 3157 3043 3412 3098; x_wconf 79' lang='grc' dir='ltr'>ἐναντίων</span> <span class='ocrx_word' id='word_1_579' title='bbox 3442 3045 3473 3114; x_wconf 87' lang='grc' dir='ltr'><strong>ή</strong></span> <span class='ocrx_word' id='word_1_580' title='bbox 3504 3045 3647 3097; x_wconf 75' lang='grc' dir='ltr'>κατὰ</span> <span class='ocrx_word' id='word_1_581' title='bbox 3672 3047 3772 3114; x_wconf 76' lang='grc' dir='ltr'>τῆς</span> 
     </span>
    </p>
   </div>
   <div class='ocr_carea' id='block_1_78' title="bbox 2190 3131 3756 3208">
    <p class='ocr_par' dir='ltr' id='par_1_78' title="bbox 2190 3131 3756 3208">
     <span class='ocr_line' id='line_1_78' title="bbox 2190 3131 3756 3208; baseline 0.003 -21"><span class='ocrx_word' id='word_1_582' title='bbox 2190 3135 2444 3206; x_wconf 82' lang='grc' dir='ltr'>ἀληθείας</span> <span class='ocrx_word' id='word_1_583' title='bbox 2464 3136 2633 3206; x_wconf 61' lang='grc' dir='ltr'>φωνὴ,</span> <span class='ocrx_word' id='word_1_584' title='bbox 2663 3137 2756 3188; x_wconf 72' lang='grc' dir='ltr'>καὶ</span> <span class='ocrx_word' id='word_1_585' title='bbox 2777 3136 3058 3208; x_wconf 84' lang='grc' dir='ltr'>πρέπουσα</span> <span class='ocrx_word' id='word_1_586' title='bbox 3079 3137 3158 3206; x_wconf 82' lang='grc' dir='ltr'>τῷ</span> <span class='ocrx_word' id='word_1_587' title='bbox 3181 3131 3476 3205; x_wconf 78' lang='grc' dir='ltr'>Μονογενεῖ</span> <span class='ocrx_word' id='word_1_588' title='bbox 3494 3138 3614 3208; x_wconf 80' lang='grc' dir='ltr'>Θεῷ</span> <span class='ocrx_word' id='word_1_589' title='bbox 3629 3140 3756 3205; x_wconf 81' lang='grc' dir='ltr'>δόξα</span> 
     </span>
    </p>
   </div>
   <div class='ocr_carea' id='block_1_79' title="bbox 2189 3225 3768 3298">
    <p class='ocr_par' dir='ltr' id='par_1_79' title="bbox 2189 3225 3768 3298">
     <span class='ocr_line' id='line_1_79' title="bbox 2189 3225 3768 3298; baseline 0.003 -21"><span class='ocrx_word' id='word_1_590' title='bbox 2189 3225 2337 3296; x_wconf 72' lang='grc' dir='ltr'>παρὰ</span> <span class='ocrx_word' id='word_1_591' title='bbox 2373 3225 2589 3277; x_wconf 87' lang='grc' dir='ltr'>πάντων</span> <span class='ocrx_word' id='word_1_592' title='bbox 2618 3227 2885 3297; x_wconf 65' lang='grc' dir='ltr'>ἐκλάμψει</span> <span class='ocrx_word' id='word_1_593' title='bbox 2906 3269 2920 3293; x_wconf 94' lang='grc'>,</span> <span class='ocrx_word' id='word_1_594' title='bbox 2950 3227 3176 3298; x_wconf 75' lang='grc' dir='ltr'>μηδενὸς</span> <span class='ocrx_word' id='word_1_595' title='bbox 3205 3227 3356 3291; x_wconf 74' lang='grc' dir='ltr'>ὄντος</span> <span class='ocrx_word' id='word_1_596' title='bbox 3385 3230 3648 3298; x_wconf 83' lang='grc' dir='ltr'>ὀνόματος</span> <span class='ocrx_word' id='word_1_597' title='bbox 3673 3230 3768 3286; x_wconf 71' lang='grc' dir='ltr'>τοῦ</span> 
     </span>
    </p>
   </div>
   <div class='ocr_carea' id='block_1_80' title="bbox 2190 3316 3768 3392">
    <p class='ocr_par' dir='ltr' id='par_1_80' title="bbox 2190 3316 3768 3392">
     <span class='ocr_line' id='line_1_80' title="bbox 2190 3316 3768 3392; baseline 0.004 -23"><span class='ocrx_word' id='word_1_598' title='bbox 2190 3316 2249 3381; x_wconf 80' lang='grc' dir='ltr'>ἐξ</span> <span class='ocrx_word' id='word_1_599' title='bbox 2281 3317 2715 3388; x_wconf 82' lang='grc' dir='ltr'>άντιδιαιρέσεως</span> <span class='ocrx_word' id='word_1_600' title='bbox 2740 3320 2800 3372; x_wconf 83' lang='grc' dir='ltr'>τὸ</span> <span class='ocrx_word' id='word_1_601' title='bbox 2836 3321 3118 3390; x_wconf 86' lang='grc' dir='ltr'>μεγαλεῖον</span> <span class='ocrx_word' id='word_1_602' title='bbox 3147 3321 3240 3374; x_wconf 84' lang='grc' dir='ltr'>τοῦ</span> <span class='ocrx_word' id='word_1_603' title='bbox 3261 3321 3466 3392; x_wconf 82' lang='grc' dir='ltr'>Κυρίου</span> <span class='ocrx_word' id='word_1_604' title='bbox 3493 3339 3768 3392; x_wconf 79' lang='grc' dir='ltr'>κατασμι-</span> 
     </span>
    </p>
   </div>
   <div class='ocr_carea' id='block_1_81' title="bbox 2189 3407 3767 3483">
    <p class='ocr_par' dir='ltr' id='par_1_81' title="bbox 2189 3407 3767 3483">
     <span class='ocr_line' id='line_1_81' title="bbox 2189 3407 3767 3483; baseline 0.004 -23"><span class='ocrx_word' id='word_1_605' title='bbox 2189 3407 2498 3480; x_wconf 88' lang='grc' dir='ltr'>κρύνοντος.</span> <span class='ocrx_word' id='word_1_606' title='bbox 2536 3410 2596 3461; x_wconf 83' lang='grc' dir='ltr'>ΕΞ</span> <span class='ocrx_word' id='word_1_607' title='bbox 2621 3410 2675 3462; x_wconf 81' lang='grc' dir='ltr'>δὲ</span> <span class='ocrx_word' id='word_1_608' title='bbox 2710 3410 2859 3480; x_wconf 87' lang='grc' dir='ltr'>μένοι</span> <span class='ocrx_word' id='word_1_609' title='bbox 2892 3411 3195 3481; x_wconf 74' lang='grc' dir='ltr'>ἀμφότερα,</span> <span class='ocrx_word' id='word_1_610' title='bbox 3225 3414 3318 3465; x_wconf 75' lang='grc' dir='ltr'>καὶ</span> <span class='ocrx_word' id='word_1_611' title='bbox 3342 3413 3514 3476; x_wconf 74' lang='grc' dir='ltr'>οὕτως</span> <span class='ocrx_word' id='word_1_612' title='bbox 3541 3415 3767 3483; x_wconf 79' lang='grc' dir='ltr'>ἐπικρα-</span> 
     </span>
    </p>
   </div>
   <div class='ocr_carea' id='block_1_82' title="bbox 2185 3501 3765 3573">
    <p class='ocr_par' dir='ltr' id='par_1_82' title="bbox 2185 3501 3765 3573">
     <span class='ocr_line' id='line_1_82' title="bbox 2185 3501 3765 3573; baseline 0.003 -21"><span class='ocrx_word' id='word_1_613' title='bbox 2185 3503 2336 3571; x_wconf 77' lang='grc' dir='ltr'>τήσει</span> <span class='ocrx_word' id='word_1_614' title='bbox 2372 3501 2492 3570; x_wconf 87' lang='grc' dir='ltr'>μεθ’</span> <span class='ocrx_word' id='word_1_615' title='bbox 2523 3501 2678 3571; x_wconf 86' lang='grc' dir='ltr'>ἡμῶν</span> <span class='ocrx_word' id='word_1_616' title='bbox 2707 3503 2739 3572; x_wconf 88' lang='grc' dir='ltr'>ἠ</span> <span class='ocrx_word' id='word_1_617' title='bbox 2777 3501 3006 3572; x_wconf 82' lang='grc' dir='ltr'>ἀληθεία</span> <span class='ocrx_word' id='word_1_618' title='bbox 3025 3543 3038 3566; x_wconf 93' lang='grc'>,</span> <span class='ocrx_word' id='word_1_619' title='bbox 3074 3504 3153 3566; x_wconf 86' lang='grc' dir='ltr'>εἰς</span> <span class='ocrx_word' id='word_1_620' title='bbox 3179 3503 3275 3570; x_wconf 80' lang='grc' dir='ltr'>τὴν</span> <span class='ocrx_word' id='word_1_621' title='bbox 3299 3504 3544 3557; x_wconf 81' lang='grc' dir='ltr'>ἐπίνοιαν</span> <span class='ocrx_word' id='word_1_622' title='bbox 3570 3507 3632 3556; x_wconf 81' lang='grc' dir='ltr'>ἐκ</span> <span class='ocrx_word' id='word_1_623' title='bbox 3666 3506 3765 3573; x_wconf 75' lang='grc' dir='ltr'>τῆς</span> 
     </span>
    </p>
   </div>
   <div class='ocr_carea' id='block_1_83' title="bbox 2184 3591 3760 3665">
    <p class='ocr_par' dir='ltr' id='par_1_83' title="bbox 2184 3591 3760 3665">
     <span class='ocr_line' id='line_1_83' title="bbox 2184 3591 3760 3665; baseline 0.003 -20"><span class='ocrx_word' id='word_1_624' title='bbox 2184 3592 2371 3655; x_wconf 81' lang='grc' dir='ltr'>οὐσίας</span> <span class='ocrx_word' id='word_1_625' title='bbox 2430 3591 2814 3662; x_wconf 84' lang='grc' dir='ltr'>μετατεθέντος</span> <span class='ocrx_word' id='word_1_626' title='bbox 2859 3592 2952 3644; x_wconf 81' lang='grc' dir='ltr'>τοῦ</span> <span class='ocrx_word' id='word_1_627' title='bbox 2982 3594 3080 3664; x_wconf 83' lang='grc' dir='ltr'>τῆς</span> <span class='ocrx_word' id='word_1_628' title='bbox 3111 3593 3438 3664; x_wconf 83' lang='grc' dir='ltr'>ἀγεννησίας</span> <span class='ocrx_word' id='word_1_629' title='bbox 3477 3597 3760 3665; x_wconf 84' lang='grc' dir='ltr'>ὀνόματος.</span> 
     </span>
    </p>
   </div>
   <div class='ocr_carea' id='block_1_84' title="bbox 2197 3682 3757 3757">
    <p class='ocr_par' dir='ltr' id='par_1_84' title="bbox 2197 3682 3757 3757">
     <span class='ocr_line' id='line_1_84' title="bbox 2197 3682 3757 3757; baseline 0.003 -22"><span class='ocrx_word' id='word_1_630' title='bbox 2197 3682 2334 3735; x_wconf 83' lang='grc' dir='ltr'>Ἀλλ’</span> <span class='ocrx_word' id='word_1_631' title='bbox 2381 3683 2484 3746; x_wconf 78' lang='grc' dir='ltr'>ἕως</span> <span class='ocrx_word' id='word_1_632' title='bbox 2530 3684 2630 3737; x_wconf 82' lang='grc' dir='ltr'>οὐκ</span> <span class='ocrx_word' id='word_1_633' title='bbox 2669 3682 2874 3754; x_wconf 84' lang='grc' dir='ltr'>ἐξαιρεῖ</span> <span class='ocrx_word' id='word_1_634' title='bbox 2923 3683 3032 3736; x_wconf 82' lang='grc' dir='ltr'>τῶν</span> <span class='ocrx_word' id='word_1_635' title='bbox 3096 3683 3238 3738; x_wconf 90' lang='grc' dir='ltr'>ἰδίων</span> <span class='ocrx_word' id='word_1_636' title='bbox 3284 3684 3460 3752; x_wconf 87' lang='grc' dir='ltr'>λόγων</span> <span class='ocrx_word' id='word_1_637' title='bbox 3507 3686 3603 3757; x_wconf 84' lang='grc' dir='ltr'>τὴν</span> <span class='ocrx_word' id='word_1_638' title='bbox 3666 3687 3757 3740; x_wconf 76' lang='grc' dir='ltr'>τοῦ</span> 
     </span>
    </p>
   </div>
   <div class='ocr_carea' id='block_1_85' title="bbox 2183 3774 3760 3848">
    <p class='ocr_par' dir='ltr' id='par_1_85' title="bbox 2183 3774 3760 3848">
     <span class='ocr_line' id='line_1_85' title="bbox 2183 3774 3760 3848; baseline 0.003 -21"><span class='ocrx_word' id='word_1_639' title='bbox 2183 3775 2474 3843; x_wconf 79' lang='grc' dir='ltr'>ἀγεννήτου</span> <span class='ocrx_word' id='word_1_640' title='bbox 2530 3774 2743 3845; x_wconf 83' lang='grc' dir='ltr'>φωνὴν,</span> <span class='ocrx_word' id='word_1_641' title='bbox 2801 3775 3174 3845; x_wconf 83' lang='grc' dir='ltr'>νουθετησάτω</span> <span class='ocrx_word' id='word_1_642' title='bbox 3220 3776 3410 3829; x_wconf 81' lang='grc' dir='ltr'>ἑαυτὸν</span> <span class='ocrx_word' id='word_1_643' title='bbox 3459 3778 3580 3830; x_wconf 83' lang='grc' dir='ltr'>καθ’</span> <span class='ocrx_word' id='word_1_644' title='bbox 3612 3780 3760 3848; x_wconf 65' lang='grc' dir='ltr'>ἡμᾶς</span> 
     </span>
    </p>
   </div>
   <div class='ocr_carea' id='block_1_86' title="bbox 2180 3864 3757 3936">
    <p class='ocr_par' dir='ltr' id='par_1_86' title="bbox 2180 3864 3757 3936">
     <span class='ocr_line' id='line_1_86' title="bbox 2180 3864 3757 3936; baseline 0.003 -20"><span class='ocrx_word' id='word_1_645' title='bbox 2180 3866 2468 3934; x_wconf 84' lang='grc' dir='ltr'>Φαρισαῖος</span> <span class='ocrx_word' id='word_1_646' title='bbox 2487 3905 2500 3927; x_wconf 92' lang='grc'>,</span> <span class='ocrx_word' id='word_1_647' title='bbox 2529 3864 2601 3934; x_wconf 85' lang='grc' dir='ltr'>μὴ</span> <span class='ocrx_word' id='word_1_648' title='bbox 2631 3865 2890 3934; x_wconf 89' lang='grc' dir='ltr'>πρότερον</span> <span class='ocrx_word' id='word_1_649' title='bbox 2913 3865 3050 3936; x_wconf 67' lang='grc' dir='ltr'>πρὸς</span> <span class='ocrx_word' id='word_1_650' title='bbox 3079 3865 3139 3917; x_wconf 80' lang='grc' dir='ltr'>τὸ</span> <span class='ocrx_word' id='word_1_651' title='bbox 3165 3866 3426 3936; x_wconf 81' lang='grc' dir='ltr'>ἡμέτερον</span> <span class='ocrx_word' id='word_1_652' title='bbox 3454 3868 3757 3922; x_wconf 76' lang='grc' dir='ltr'>διαϐλέπειν</span> 
     </span>
    </p>
   </div>
   <div class='ocr_carea' id='block_1_87' title="bbox 2181 3955 3757 4026">
    <p class='ocr_par' dir='ltr' id='par_1_87' title="bbox 2181 3955 3757 4026">
     <span class='ocr_line' id='line_1_87' title="bbox 2181 3955 3757 4026; baseline -0.007 -16"><span class='ocrx_word' id='word_1_653' title='bbox 2181 3956 2422 4026; x_wconf 72' lang='grc' dir='ltr'>κάρφος,</span> <span class='ocrx_word' id='word_1_654' title='bbox 2475 3955 2610 4025; x_wconf 78' lang='grc' dir='ltr'>πρὸς</span> <span class='ocrx_word' id='word_1_655' title='bbox 2641 3957 2738 4024; x_wconf 76' lang='grc' dir='ltr'>τὴν</span> <span class='ocrx_word' id='word_1_656' title='bbox 2781 3955 3106 4026; x_wconf 80' lang='grc' dir='ltr'>ἐγκειμένην</span> <span class='ocrx_word' id='word_1_657' title='bbox 3143 3956 3291 4026; x_wconf 78' lang='grc' dir='ltr'>αὐτῷ</span> <span class='ocrx_word' id='word_1_658' title='bbox 3341 3958 3496 4012; x_wconf 70' lang='grc' dir='ltr'>δοκὸν</span> <span class='ocrx_word' id='word_1_659' title='bbox 3553 3960 3757 4013; x_wconf 60' lang='lat' dir='ltr'>am-</span> 
     </span>
    </p>
   </div>
   <div class='ocr_carea' id='block_1_88' title="bbox 2180 4045 3755 4118">
    <p class='ocr_par' dir='ltr' id='par_1_88' title="bbox 2180 4045 3755 4118">
     <span class='ocr_line' id='line_1_88' title="bbox 2180 4045 3755 4118; baseline 0.003 -20"><span class='ocrx_word' id='word_1_660' title='bbox 2180 4047 2290 4098; x_wconf 84' lang='grc' dir='ltr'>λεῖν</span> <span class='ocrx_word' id='word_1_661' title='bbox 2339 4046 2446 4098; x_wconf 83' lang='grc' dir='ltr'>τῶν</span> <span class='ocrx_word' id='word_1_662' title='bbox 2503 4046 2784 4116; x_wconf 83' lang='grc' dir='ltr'>ὀμμάτων,</span> <span class='ocrx_word' id='word_1_663' title='bbox 2831 4045 2967 4097; x_wconf 83' lang='grc' dir='ltr'>Ἀλλ’</span> <span class='ocrx_word' id='word_1_664' title='bbox 3014 4049 3042 4098; x_wconf 90' lang='grc' dir='ltr'>ὀ</span> <span class='ocrx_word' id='word_1_665' title='bbox 3075 4047 3206 4111; x_wconf 82' lang='grc' dir='ltr'>Θεὸς</span> <span class='ocrx_word' id='word_1_666' title='bbox 3230 4087 3244 4109; x_wconf 91' lang='grc'>,</span> <span class='ocrx_word' id='word_1_667' title='bbox 3303 4051 3437 4118; x_wconf 76' lang='grc' dir='ltr'>φησί</span> <span class='ocrx_word' id='word_1_668' title='bbox 3458 4091 3472 4112; x_wconf 88' lang='grc'>,</span> <span class='ocrx_word' id='word_1_669' title='bbox 3504 4054 3598 4104; x_wconf 75' lang='grc' dir='ltr'>καὶ</span> <span class='ocrx_word' id='word_1_670' title='bbox 3646 4054 3755 4114; x_wconf 82' lang='grc' dir='ltr'>τοῖς</span> 
     </span>
    </p>
   </div>
   <div class='ocr_carea' id='block_1_89' title="bbox 2178 4137 3749 4210">
    <p class='ocr_par' dir='ltr' id='par_1_89' title="bbox 2178 4137 3749 4210">
     <span class='ocr_line' id='line_1_89' title="bbox 2178 4137 3749 4210; baseline 0.003 -20"><span class='ocrx_word' id='word_1_671' title='bbox 2178 4137 2584 4200; x_wconf 83' lang='grc' dir='ltr'>ἀσθενεστάτοις</span> <span class='ocrx_word' id='word_1_672' title='bbox 2635 4137 2742 4189; x_wconf 81' lang='grc' dir='ltr'>τῶν</span> <span class='ocrx_word' id='word_1_673' title='bbox 2776 4137 2901 4208; x_wconf 71' lang='grc' dir='ltr'>περὶ</span> <span class='ocrx_word' id='word_1_674' title='bbox 2945 4137 3046 4206; x_wconf 77' lang='grc' dir='ltr'>γῆν</span> <span class='ocrx_word' id='word_1_675' title='bbox 3078 4140 3418 4208; x_wconf 81' lang='grc' dir='ltr'>τιμιωτάτων</span> <span class='ocrx_word' id='word_1_676' title='bbox 3457 4143 3749 4210; x_wconf 85' lang='grc' dir='ltr'>μεταδέδω-</span> 
     </span>
    </p>
   </div>
   <div class='ocr_carea' id='block_1_90' title="bbox 2179 4226 3751 4302">
    <p class='ocr_par' dir='ltr' id='par_1_90' title="bbox 2179 4226 3751 4302">
     <span class='ocr_line' id='line_1_90' title="bbox 2179 4226 3751 4302; baseline 0.001 -21"><span class='ocrx_word' id='word_1_677' title='bbox 2179 4247 2272 4282; x_wconf 89' lang='grc' dir='ltr'>κεν</span> <span class='ocrx_word' id='word_1_678' title='bbox 2301 4229 2581 4298; x_wconf 85' lang='grc' dir='ltr'>ὀνομάτων</span> <span class='ocrx_word' id='word_1_679' title='bbox 2600 4267 2613 4291; x_wconf 91' lang='grc'>,</span> <span class='ocrx_word' id='word_1_680' title='bbox 2649 4226 2723 4298; x_wconf 79' lang='grc' dir='ltr'>μὴ</span> <span class='ocrx_word' id='word_1_681' title='bbox 2758 4227 3135 4298; x_wconf 83' lang='grc' dir='ltr'>συμμεταδοὺς</span> <span class='ocrx_word' id='word_1_682' title='bbox 3166 4232 3265 4300; x_wconf 81' lang='grc' dir='ltr'>τῆς</span> <span class='ocrx_word' id='word_1_683' title='bbox 3291 4229 3400 4284; x_wconf 79' lang='grc' dir='ltr'>τῶν</span> <span class='ocrx_word' id='word_1_684' title='bbox 3429 4233 3751 4302; x_wconf 80' lang='grc' dir='ltr'>ἀξιωμάτων</span> 
     </span>
    </p>
   </div>
   <div class='ocr_carea' id='block_1_91' title="bbox 2179 4318 3749 4390">
    <p class='ocr_par' dir='ltr' id='par_1_91' title="bbox 2179 4318 3749 4390">
     <span class='ocr_line' id='line_1_91' title="bbox 2179 4318 3749 4390; baseline 0.003 -17"><span class='ocrx_word' id='word_1_685' title='bbox 2179 4319 2512 4390; x_wconf 89' lang='grc' dir='ltr'>ἰσομοιρίας,</span> <span class='ocrx_word' id='word_1_686' title='bbox 2565 4318 2658 4370; x_wconf 80' lang='grc' dir='ltr'>καὶ</span> <span class='ocrx_word' id='word_1_687' title='bbox 2705 4321 2818 4380; x_wconf 88' lang='grc' dir='ltr'>τοῖς</span> <span class='ocrx_word' id='word_1_688' title='bbox 2871 4319 3257 4389; x_wconf 86' lang='grc' dir='ltr'>κυριωτάτοις,</span> <span class='ocrx_word' id='word_1_689' title='bbox 3300 4321 3409 4373; x_wconf 83' lang='grc' dir='ltr'>τῶν</span> <span class='ocrx_word' id='word_1_690' title='bbox 3436 4323 3749 4376; x_wconf 72' lang='grc' dir='ltr'>εὐτελεστάο</span> 
     </span>
    </p>
   </div>
   <div class='ocr_carea' id='block_1_92' title="bbox 491 4407 2089 4500">
    <p class='ocr_par' dir='ltr' id='par_1_92' title="bbox 491 4411 2063 4476">
     <span class='ocr_line' id='line_1_92' title="bbox 491 4411 2063 4476; baseline 0.008 -13"><span class='ocrx_word' id='word_1_691' title='bbox 491 4411 804 4467; x_wconf 89' lang='lat' dir='ltr'>nominibus</span> <span class='ocrx_word' id='word_1_692' title='bbox 827 4414 1042 4467; x_wconf 82' lang='lat' dir='ltr'>coillala</span> <span class='ocrx_word' id='word_1_693' title='bbox 1066 4416 1299 4468; x_wconf 86' lang='lat' dir='ltr'>naturali</span> <span class='ocrx_word' id='word_1_694' title='bbox 1336 4417 1559 4474; x_wconf 85' lang='lat' dir='ltr'>vilitate.</span> <span class='ocrx_word' id='word_1_695' title='bbox 1595 4419 1717 4474; x_wconf 71' lang='lat' dir='ltr'>Haec</span> <span class='ocrx_word' id='word_1_696' title='bbox 1747 4421 1811 4476; x_wconf 90' lang='lat' dir='ltr'>ad</span> <span class='ocrx_word' id='word_1_697' title='bbox 1843 4425 2063 4476; x_wconf 86' lang='lat' dir='ltr'>verbum</span> 
     </span>
    </p>
   </div>
   <div class='ocr_carea' id='block_1_93' title="bbox 2192 4407 3742 4500">
    <p class='ocr_par' dir='ltr' id='par_1_93' title="bbox 2192 4407 3742 4488">
     <span class='ocr_line' id='line_1_93' title="bbox 2192 4407 3742 4488; baseline -0.009 -20"><span class='ocrx_word' id='word_1_698' title='bbox 2192 4426 2278 4462; x_wconf 78' lang='grc' dir='ltr'>των</span> <span class='ocrx_word' id='word_1_699' title='bbox 2299 4450 2313 4474; x_wconf 84' lang='grc'>,</span> <span class='ocrx_word' id='word_1_700' title='bbox 2347 4407 2419 4478; x_wconf 84' lang='grc' dir='ltr'>μὴ</span> <span class='ocrx_word' id='word_1_701' title='bbox 2457 4409 2873 4479; x_wconf 78' lang='grc' dir='ltr'>συμφερομένης</span> <span class='ocrx_word' id='word_1_702' title='bbox 2901 4409 3003 4461; x_wconf 83' lang='grc' dir='ltr'>ὑπὸ</span> <span class='ocrx_word' id='word_1_703' title='bbox 3030 4409 3137 4463; x_wconf 85' lang='grc' dir='ltr'>τῶν</span> <span class='ocrx_word' id='word_1_704' title='bbox 3183 4412 3463 4488; x_wconf 79' lang='grc' dir='ltr'>ὀνομάτων</span> <span class='ocrx_word' id='word_1_705' title='bbox 3502 4415 3600 4482; x_wconf 81' lang='grc' dir='ltr'>τῆς</span> <span class='ocrx_word' id='word_1_706' title='bbox 3649 4431 3742 4481; x_wconf 73' lang='grc' dir='ltr'>φυ-</span> 
     </span>
    </p>
   </div>
   <div class='ocr_carea' id='block_1_94' title="bbox 490 4500 2063 4581">
    <p class='ocr_par' dir='ltr' id='par_1_94' title="bbox 490 4500 2063 4581">
     <span class='ocr_line' id='line_1_94' title="bbox 490 4500 2063 4581; baseline 0.009 -29"><span class='ocrx_word' id='word_1_707' title='bbox 490 4500 634 4554; x_wconf 87' lang='lat' dir='ltr'>dicta</span> <span class='ocrx_word' id='word_1_708' title='bbox 680 4511 828 4565; x_wconf 82' lang='lat' dir='ltr'>sunt,</span> <span class='ocrx_word' id='word_1_709' title='bbox 861 4505 1004 4557; x_wconf 90' lang='lat' dir='ltr'>sicut</span> <span class='ocrx_word' id='word_1_710' title='bbox 1055 4505 1124 4559; x_wconf 90' lang='lat' dir='ltr'>ab</span> <span class='ocrx_word' id='word_1_711' title='bbox 1172 4506 1324 4574; x_wconf 87' lang='lat' dir='ltr'>ipsis,</span> <span class='ocrx_word' id='word_1_712' title='bbox 1375 4507 1455 4560; x_wconf 88' lang='lat' dir='ltr'>sic</span> <span class='ocrx_word' id='word_1_713' title='bbox 1503 4524 1532 4560; x_wconf 91' lang='lat' dir='ltr'>a</span> <span class='ocrx_word' id='word_1_714' title='bbox 1582 4511 1740 4566; x_wconf 90' lang='lat' dir='ltr'>nobis</span> <span class='ocrx_word' id='word_1_715' title='bbox 1789 4511 2063 4581; x_wconf 85' lang='lat' dir='ltr'>descripta</span> 
     </span>
    </p>
   </div>
   <div class='ocr_carea' id='block_1_95' title="bbox 490 4590 2069 4664">
    <p class='ocr_par' dir='ltr' id='par_1_95' title="bbox 490 4590 2069 4664">
     <span class='ocr_line' id='line_1_95' title="bbox 490 4590 2069 4664; baseline 0.008 -22"><span class='ocrx_word' id='word_1_716' title='bbox 490 4598 637 4644; x_wconf 89' lang='lat' dir='ltr'>sunt.</span> <span class='ocrx_word' id='word_1_717' title='bbox 670 4590 724 4644; x_wconf 87' lang='lat' dir='ltr'>Si</span> <span class='ocrx_word' id='word_1_718' title='bbox 759 4593 994 4662; x_wconf 89' lang='lat' dir='ltr'>aliquam</span> <span class='ocrx_word' id='word_1_719' title='bbox 1027 4595 1080 4647; x_wconf 94' lang='lat' dir='ltr'>in</span> <span class='ocrx_word' id='word_1_720' title='bbox 1139 4596 1409 4664; x_wconf 80' lang='lat' dir='ltr'>profundo</span> <span class='ocrx_word' id='word_1_721' title='bbox 1441 4601 1746 4653; x_wconf 86' lang='lat' dir='ltr'>abstrusam</span> <span class='ocrx_word' id='word_1_722' title='bbox 1792 4601 1950 4654; x_wconf 89' lang='lat' dir='ltr'>habet</span> <span class='ocrx_word' id='word_1_723' title='bbox 1985 4603 2069 4654; x_wconf 89' lang='lat' dir='ltr'>in-</span> 
     </span>
    </p>
   </div>
   <div class='ocr_carea' id='block_1_96' title="bbox 489 4683 2068 4760">
    <p class='ocr_par' dir='ltr' id='par_1_96' title="bbox 489 4683 2068 4760">
     <span class='ocr_line' id='line_1_96' title="bbox 489 4683 2068 4760; baseline 0.009 -27"><span class='ocrx_word' id='word_1_724' title='bbox 489 4683 844 4751; x_wconf 85' lang='lat' dir='ltr'>telligentiam</span> <span class='ocrx_word' id='word_1_725' title='bbox 880 4701 1002 4754; x_wconf 67' lang='lat' dir='ltr'>quae</span> <span class='ocrx_word' id='word_1_726' title='bbox 1033 4701 1132 4740; x_wconf 88' lang='lat' dir='ltr'>nos</span> <span class='ocrx_word' id='word_1_727' title='bbox 1160 4686 1349 4756; x_wconf 77' lang='lat' dir='ltr'>fugiat,</span> <span class='ocrx_word' id='word_1_728' title='bbox 1380 4689 1672 4760; x_wconf 86' lang='lat' dir='ltr'>dicantqui</span> <span class='ocrx_word' id='word_1_729' title='bbox 1709 4693 2068 4759; x_wconf 85' lang='lat' dir='ltr'>comprehen-</span> 
     </span>
    </p>
   </div>
   <div class='ocr_carea' id='block_1_97' title="bbox 488 4771 2064 4851">
    <p class='ocr_par' dir='ltr' id='par_1_97' title="bbox 488 4771 2064 4851">
     <span class='ocr_line' id='line_1_97' title="bbox 488 4771 2064 4851; baseline 0.009 -29"><span class='ocrx_word' id='word_1_730' title='bbox 488 4771 686 4824; x_wconf 47' lang='lat' dir='ltr'>derunt</span> <span class='ocrx_word' id='word_1_731' title='bbox 712 4789 772 4826; x_wconf 90' lang='lat' dir='ltr'>ea</span> <span class='ocrx_word' id='word_1_732' title='bbox 803 4790 921 4843; x_wconf 57' lang='lat' dir='ltr'>quae</span> <span class='ocrx_word' id='word_1_733' title='bbox 966 4776 1180 4845; x_wconf 81' lang='lat' dir='ltr'>longius</span> <span class='ocrx_word' id='word_1_734' title='bbox 1230 4779 1429 4831; x_wconf 86' lang='lat' dir='ltr'>absunt</span> <span class='ocrx_word' id='word_1_735' title='bbox 1467 4795 1492 4832; x_wconf 90' lang='lat' dir='ltr'>a</span> <span class='ocrx_word' id='word_1_736' title='bbox 1531 4791 1720 4836; x_wconf 90' lang='lat' dir='ltr'>nostro</span> <span class='ocrx_word' id='word_1_737' title='bbox 1748 4792 2064 4851; x_wconf 87' lang='lat' dir='ltr'>conspectu,</span> 
     </span>
    </p>
   </div>
   <div class='ocr_carea' id='block_1_98' title="bbox 487 4862 2065 4937">
    <p class='ocr_par' dir='ltr' id='par_1_98' title="bbox 487 4862 2065 4937">
     <span class='ocr_line' id='line_1_98' title="bbox 487 4862 2065 4937; baseline 0.011 -25"><span class='ocrx_word' id='word_1_738' title='bbox 487 4862 578 4929; x_wconf 87' lang='lat' dir='ltr'>qui</span> <span class='ocrx_word' id='word_1_739' title='bbox 611 4864 806 4917; x_wconf 89' lang='lat' dir='ltr'>initiati</span> <span class='ocrx_word' id='word_1_740' title='bbox 835 4876 963 4920; x_wconf 89' lang='lat' dir='ltr'>sunt</span> <span class='ocrx_word' id='word_1_741' title='bbox 994 4877 1046 4920; x_wconf 89' lang='lat' dir='ltr'>et</span> <span class='ocrx_word' id='word_1_742' title='bbox 1072 4868 1248 4921; x_wconf 92' lang='lat' dir='ltr'>edocti</span> <span class='ocrx_word' id='word_1_743' title='bbox 1300 4871 1548 4924; x_wconf 89' lang='lat' dir='ltr'>intimam</span> <span class='ocrx_word' id='word_1_744' title='bbox 1586 4873 1767 4937; x_wconf 88' lang='lat' dir='ltr'>istam,</span> <span class='ocrx_word' id='word_1_745' title='bbox 1791 4883 1843 4927; x_wconf 89' lang='lat' dir='ltr'>et</span> <span class='ocrx_word' id='word_1_746' title='bbox 1874 4874 2065 4928; x_wconf 73' lang='lat' dir='ltr'>inetia-</span> 
     </span>
    </p>
   </div>
   <div class='ocr_carea' id='block_1_99' title="bbox 486 4954 2066 5036">
    <p class='ocr_par' dir='ltr' id='par_1_99' title="bbox 486 4954 2066 5036">
     <span class='ocr_line' id='line_1_99' title="bbox 486 4954 2066 5036; baseline 0.007 -28"><span class='ocrx_word' id='word_1_747' title='bbox 486 4954 648 5008; x_wconf 60' lang='lat' dir='ltr'>bilem</span> <span class='ocrx_word' id='word_1_748' title='bbox 685 4955 1063 5012; x_wconf 88' lang='lat' dir='ltr'>initiationem.</span> <span class='ocrx_word' id='word_1_749' title='bbox 1108 4961 1260 5024; x_wconf 75' lang='lat' dir='ltr'>Quod</span> <span class='ocrx_word' id='word_1_750' title='bbox 1295 4962 1340 5016; x_wconf 88' lang='lat' dir='ltr'>si</span> <span class='ocrx_word' id='word_1_751' title='bbox 1391 4963 1525 5016; x_wconf 90' lang='lat' dir='ltr'>nihil</span> <span class='ocrx_word' id='word_1_752' title='bbox 1562 4965 1792 5033; x_wconf 87' lang='lat' dir='ltr'>amplius</span> <span class='ocrx_word' id='word_1_753' title='bbox 1835 4967 1917 5019; x_wconf 80' lang='lat' dir='ltr'>his</span> <span class='ocrx_word' id='word_1_754' title='bbox 1946 4982 2066 5036; x_wconf 76' lang='lat' dir='ltr'>quae</span> 
     </span>
    </p>
   </div>
   <div class='ocr_carea' id='block_1_100' title="bbox 485 5048 2064 5123">
    <p class='ocr_par' dir='ltr' id='par_1_100' title="bbox 485 5048 2064 5123">
     <span class='ocr_line' id='line_1_100' title="bbox 485 5048 2064 5123; baseline 0.009 -25"><span class='ocrx_word' id='word_1_755' title='bbox 485 5048 539 5099; x_wconf 87' lang='lat' dir='ltr'>in</span> <span class='ocrx_word' id='word_1_756' title='bbox 569 5053 822 5114; x_wconf 88' lang='lat' dir='ltr'>promptu</span> <span class='ocrx_word' id='word_1_757' title='bbox 873 5048 1249 5117; x_wconf 81' lang='lat' dir='ltr'>intelliguntur</span> <span class='ocrx_word' id='word_1_758' title='bbox 1287 5054 1741 5123; x_wconf 85' lang='lat' dir='ltr'>interpretantur,</span> <span class='ocrx_word' id='word_1_759' title='bbox 1775 5057 1916 5111; x_wconf 84' lang='lat' dir='ltr'>haud</span> <span class='ocrx_word' id='word_1_760' title='bbox 1949 5059 2064 5112; x_wconf 89' lang='lat' dir='ltr'>scio</span> 
     </span>
    </p>
   </div>
   <div class='ocr_carea' id='block_1_101' title="bbox 484 5135 2060 5211">
    <p class='ocr_par' dir='ltr' id='par_1_101' title="bbox 484 5135 2060 5211">
     <span class='ocr_line' id='line_1_101' title="bbox 484 5135 2060 5211; baseline 0.01 -24"><span class='ocrx_word' id='word_1_761' title='bbox 484 5144 638 5188; x_wconf 87' lang='lat' dir='ltr'>utros</span> <span class='ocrx_word' id='word_1_762' title='bbox 687 5135 875 5190; x_wconf 88' lang='lat' dir='ltr'>alteris</span> <span class='ocrx_word' id='word_1_763' title='bbox 929 5137 1352 5194; x_wconf 82' lang='lat' dir='ltr'>miserabiliores</span> <span class='ocrx_word' id='word_1_764' title='bbox 1403 5147 1798 5211; x_wconf 68' lang='lat' dir='ltr'>reputaverint,</span> <span class='ocrx_word' id='word_1_765' title='bbox 1853 5164 1920 5200; x_wconf 87' lang='lat' dir='ltr'>an</span> <span class='ocrx_word' id='word_1_766' title='bbox 1965 5164 2060 5203; x_wconf 83' lang='lat' dir='ltr'>eos</span> 
     </span>
    </p>
   </div>
   <div class='ocr_carea' id='block_1_102' title="bbox 481 5225 2053 5304">
    <p class='ocr_par' dir='ltr' id='par_1_102' title="bbox 481 5225 2053 5304">
     <span class='ocr_line' id='line_1_102' title="bbox 481 5225 2053 5304; baseline 0.008 -27"><span class='ocrx_word' id='word_1_767' title='bbox 481 5227 573 5295; x_wconf 82' lang='lat' dir='ltr'>qui</span> <span class='ocrx_word' id='word_1_768' title='bbox 601 5226 726 5278; x_wconf 89' lang='lat' dir='ltr'>talia</span> <span class='ocrx_word' id='word_1_769' title='bbox 752 5225 963 5287; x_wconf 89' lang='lat' dir='ltr'>dicunt,</span> <span class='ocrx_word' id='word_1_770' title='bbox 1004 5242 1072 5280; x_wconf 85' lang='lat' dir='ltr'>an</span> <span class='ocrx_word' id='word_1_771' title='bbox 1116 5243 1208 5282; x_wconf 89' lang='lat' dir='ltr'>eos</span> <span class='ocrx_word' id='word_1_772' title='bbox 1239 5231 1332 5297; x_wconf 88' lang='lat' dir='ltr'>qui</span> <span class='ocrx_word' id='word_1_773' title='bbox 1367 5247 1527 5288; x_wconf 84' lang='lat' dir='ltr'>aures</span> <span class='ocrx_word' id='word_1_774' title='bbox 1557 5236 1758 5290; x_wconf 86' lang='lat' dir='ltr'>talibus</span> <span class='ocrx_word' id='word_1_775' title='bbox 1793 5238 2053 5304; x_wconf 63' lang='lat' dir='ltr'>praebent.</span> 
     </span>
    </p>
   </div>
   <div class='ocr_carea' id='block_1_103' title="bbox 484 5317 2056 5391">
    <p class='ocr_par' dir='ltr' id='par_1_103' title="bbox 484 5317 2056 5391">
     <span class='ocr_line' id='line_1_103' title="bbox 484 5317 2056 5391; baseline 0.009 -22"><span class='ocrx_word' id='word_1_776' title='bbox 484 5317 898 5381; x_wconf 75' lang='lat' dir='ltr'>Infirmissimis,</span> <span class='ocrx_word' id='word_1_777' title='bbox 935 5319 1031 5381; x_wconf 88' lang='lat' dir='ltr'>ait,</span> <span class='ocrx_word' id='word_1_778' title='bbox 1062 5322 1403 5375; x_wconf 90' lang='lat' dir='ltr'>terrestrium</span> <span class='ocrx_word' id='word_1_779' title='bbox 1442 5325 1834 5391; x_wconf 88' lang='lat' dir='ltr'>pretiosissima</span> <span class='ocrx_word' id='word_1_780' title='bbox 1865 5329 2056 5383; x_wconf 90' lang='lat' dir='ltr'>tribuit</span> 
     </span>
    </p>
   </div>
   <div class='ocr_carea' id='block_1_104' title="bbox 481 5409 2054 5483">
    <p class='ocr_par' dir='ltr' id='par_1_104' title="bbox 481 5409 2054 5483">
     <span class='ocr_line' id='line_1_104' title="bbox 481 5409 2054 5483; baseline 0.01 -24"><span class='ocrx_word' id='word_1_781' title='bbox 481 5409 727 5473; x_wconf 78' lang='lat' dir='ltr'>nemina,</span> <span class='ocrx_word' id='word_1_782' title='bbox 785 5426 892 5464; x_wconf 92' lang='lat' dir='ltr'>non</span> <span class='ocrx_word' id='word_1_783' title='bbox 944 5411 1103 5465; x_wconf 88' lang='lat' dir='ltr'>simul</span> <span class='ocrx_word' id='word_1_784' title='bbox 1159 5413 1484 5483; x_wconf 70' lang='lat' dir='ltr'>dignitatium</span> <span class='ocrx_word' id='word_1_785' title='bbox 1540 5433 1546 5438; x_wconf 77' lang='grc'><em>’</em></span> <span class='ocrx_word' id='word_1_786' title='bbox 2019 5443 2054 5462; x_wconf 71' lang='grc'>’-</span> 
     </span>
    </p>
   </div>
   <div class='ocr_carea' id='block_1_105' title="bbox 481 5498 648 5566">
    <p class='ocr_par' dir='ltr' id='par_1_105' title="bbox 481 5498 648 5566">
     <span class='ocr_line' id='line_1_105' title="bbox 481 5498 648 5566; baseline 0.018 -19"><span class='ocrx_word' id='word_1_787' title='bbox 481 5498 648 5566; x_wconf 77' lang='lat' dir='ltr'>gitus.</span> 
     </span>
    </p>
   </div>
   <div class='ocr_carea' id='block_1_106' title="bbox 548 5694 1178 5773">
    <p class='ocr_par' dir='ltr' id='par_1_106' title="bbox 548 5694 1178 5773">
     <span class='ocr_line' id='line_1_106' title="bbox 548 5694 1178 5773; baseline 0.021 -27"><span class='ocrx_word' id='word_1_788' title='bbox 548 5698 592 5726; x_wconf 86' lang='grc'>⁵⁵</span> <span class='ocrx_word' id='word_1_789' title='bbox 631 5694 813 5749; x_wconf 74' lang='lat' dir='ltr'>Matth.</span> <span class='ocrx_word' id='word_1_790' title='bbox 851 5717 944 5768; x_wconf 83' lang='lat' dir='ltr'>vlt,</span> <span class='ocrx_word' id='word_1_791' title='bbox 981 5703 1029 5758; x_wconf 80' lang='grc'>5.</span> <span class='ocrx_word' id='word_1_792' title='bbox 1064 5720 1178 5773; x_wconf 85' lang='lat' dir='ltr'>sqq.</span> 
     </span>
    </p>
   </div>
   <div class='ocr_carea' id='block_1_107' title="bbox 2172 4498 3747 4576">
    <p class='ocr_par' dir='ltr' id='par_1_107' title="bbox 2172 4498 3747 4576">
     <span class='ocr_line' id='line_1_107' title="bbox 2172 4498 3747 4576; baseline 0.004 -25"><span class='ocrx_word' id='word_1_793' title='bbox 2172 4503 2329 4569; x_wconf 81' lang='grc' dir='ltr'>σικῆς</span> <span class='ocrx_word' id='word_1_794' title='bbox 2382 4498 2670 4561; x_wconf 83' lang='grc' dir='ltr'>εὐτελείας.</span> <span class='ocrx_word' id='word_1_795' title='bbox 2733 4499 2916 4552; x_wconf 78' lang='grc' dir='ltr'>Ταῦτα</span> <span class='ocrx_word' id='word_1_796' title='bbox 2965 4503 3084 4552; x_wconf 85' lang='grc' dir='ltr'>κατ’</span> <span class='ocrx_word' id='word_1_797' title='bbox 3143 4503 3312 4572; x_wconf 80' lang='grc' dir='ltr'>αὐτὴν</span> <span class='ocrx_word' id='word_1_798' title='bbox 3370 4503 3589 4575; x_wconf 78' lang='grc' dir='ltr'>εἴρηται</span> <span class='ocrx_word' id='word_1_799' title='bbox 3654 4504 3747 4576; x_wconf 81' lang='grc' dir='ltr'>τὴν</span> 
     </span>
    </p>
   </div>
   <div class='ocr_carea' id='block_1_108' title="bbox 2171 4588 3742 4668">
    <p class='ocr_par' dir='ltr' id='par_1_108' title="bbox 2171 4588 3742 4668">
     <span class='ocr_line' id='line_1_108' title="bbox 2171 4588 3742 4668; baseline 0.003 -27"><span class='ocrx_word' id='word_1_800' title='bbox 2171 4589 2334 4653; x_wconf 81' lang='grc' dir='ltr'>λέξιν,</span> <span class='ocrx_word' id='word_1_801' title='bbox 2357 4588 2501 4642; x_wconf 73' lang='grc' dir='ltr'>οὕτω</span> <span class='ocrx_word' id='word_1_802' title='bbox 2528 4593 2653 4660; x_wconf 84' lang='grc' dir='ltr'>παρ’</span> <span class='ocrx_word' id='word_1_803' title='bbox 2675 4591 2853 4644; x_wconf 80' lang='grc' dir='ltr'>αὐτῶν</span> <span class='ocrx_word' id='word_1_804' title='bbox 2881 4593 2956 4654; x_wconf 84' lang='grc' dir='ltr'>ὡς</span> <span class='ocrx_word' id='word_1_805' title='bbox 2980 4594 3106 4660; x_wconf 83' lang='grc' dir='ltr'>παρ’</span> <span class='ocrx_word' id='word_1_806' title='bbox 3132 4594 3164 4662; x_wconf 84' lang='grc' dir='ltr'><strong>ἡ</strong></span> <span class='ocrx_word' id='word_1_807' title='bbox 3173 4593 3288 4661; x_wconf 83' lang='grc' dir='ltr'>μῶν</span> <span class='ocrx_word' id='word_1_808' title='bbox 3313 4594 3742 4668; x_wconf 81' lang='grc' dir='ltr'>ἀναγέγραπται,</span> 
     </span>
    </p>
   </div>
   <div class='ocr_carea' id='block_1_109' title="bbox 2172 4679 3746 4759">
    <p class='ocr_par' dir='ltr' id='par_1_109' title="bbox 2172 4679 3746 4759">
     <span class='ocr_line' id='line_1_109' title="bbox 2172 4679 3746 4759; baseline 0.007 -27"><span class='ocrx_word' id='word_1_809' title='bbox 2172 4679 2239 4732; x_wconf 86' lang='grc' dir='ltr'>Εἰ</span> <span class='ocrx_word' id='word_1_810' title='bbox 2277 4681 2374 4751; x_wconf 87' lang='grc' dir='ltr'>μέν</span> <span class='ocrx_word' id='word_1_811' title='bbox 2401 4698 2522 4734; x_wconf 90' lang='grc' dir='ltr'>τινα</span> <span class='ocrx_word' id='word_1_812' title='bbox 2557 4681 2695 4734; x_wconf 82' lang='grc' dir='ltr'>κατὰ</span> <span class='ocrx_word' id='word_1_813' title='bbox 2728 4682 2788 4733; x_wconf 85' lang='grc' dir='ltr'>τὺ</span> <span class='ocrx_word' id='word_1_814' title='bbox 2819 4682 2980 4751; x_wconf 85' lang='grc' dir='ltr'>βάθος</span> <span class='ocrx_word' id='word_1_815' title='bbox 3007 4686 3462 4758; x_wconf 77' lang='grc' dir='ltr'>ὲγκεκρυμμένην</span> <span class='ocrx_word' id='word_1_816' title='bbox 3493 4690 3607 4759; x_wconf 80' lang='grc' dir='ltr'>ἔχει</span> <span class='ocrx_word' id='word_1_817' title='bbox 3640 4691 3746 4743; x_wconf 79' lang='grc' dir='ltr'>διά-</span> 
     </span>
    </p>
   </div>
   <div class='ocr_carea' id='block_1_110' title="bbox 2171 4772 3749 4844">
    <p class='ocr_par' dir='ltr' id='par_1_110' title="bbox 2171 4772 3749 4844">
     <span class='ocr_line' id='line_1_110' title="bbox 2171 4772 3749 4844; baseline 0.004 -18"><span class='ocrx_word' id='word_1_818' title='bbox 2171 4790 2321 4826; x_wconf 88' lang='grc' dir='ltr'>νοιαν</span> <span class='ocrx_word' id='word_1_819' title='bbox 2353 4773 2452 4843; x_wconf 81' lang='grc' dir='ltr'>τὴν</span> <span class='ocrx_word' id='word_1_820' title='bbox 2477 4774 2624 4844; x_wconf 81' lang='grc' dir='ltr'>ἡμᾶς</span> <span class='ocrx_word' id='word_1_821' title='bbox 2651 4772 3080 4841; x_wconf 85' lang='grc' dir='ltr'>διαφεύγουσαν,</span> <span class='ocrx_word' id='word_1_822' title='bbox 3124 4775 3437 4842; x_wconf 87' lang='grc' dir='ltr'>λεγέτωσαν</span> <span class='ocrx_word' id='word_1_823' title='bbox 3469 4781 3520 4831; x_wconf 89' lang='grc' dir='ltr'>οί</span> <span class='ocrx_word' id='word_1_824' title='bbox 3570 4797 3749 4834; x_wconf 76' lang='grc' dir='ltr'>κατειο</span> 
     </span>
    </p>
   </div>
   <div class='ocr_carea' id='block_1_111' title="bbox 2173 4866 3749 4941">
    <p class='ocr_par' dir='ltr' id='par_1_111' title="bbox 2173 4866 3749 4941">
     <span class='ocr_line' id='line_1_111' title="bbox 2173 4866 3749 4941; baseline 0.004 -23"><span class='ocrx_word' id='word_1_825' title='bbox 2173 4866 2405 4937; x_wconf 83' lang='grc' dir='ltr'>ληφότες</span> <span class='ocrx_word' id='word_1_826' title='bbox 2452 4867 2520 4920; x_wconf 65' lang='grc' dir='ltr'>τά</span> <span class='ocrx_word' id='word_1_827' title='bbox 2551 4867 2737 4937; x_wconf 76' lang='grc' dir='ltr'>πόρρω</span> <span class='ocrx_word' id='word_1_828' title='bbox 2774 4867 2874 4934; x_wconf 83' lang='grc' dir='ltr'>τῆς</span> <span class='ocrx_word' id='word_1_829' title='bbox 2921 4869 3188 4939; x_wconf 85' lang='grc' dir='ltr'>ἡμετέρας</span> <span class='ocrx_word' id='word_1_830' title='bbox 3227 4871 3510 4938; x_wconf 75' lang='grc' dir='ltr'>ἐπόψεως,</span> <span class='ocrx_word' id='word_1_831' title='bbox 3556 4875 3604 4925; x_wconf 80' lang='lat' dir='ltr'>oi</span> <span class='ocrx_word' id='word_1_832' title='bbox 3656 4889 3749 4941; x_wconf 86' lang='grc' dir='ltr'>με·</span> 
     </span>
    </p>
   </div>
   <div class='ocr_carea' id='block_1_112' title="bbox 2177 4958 3749 5034">
    <p class='ocr_par' dir='ltr' id='par_1_112' title="bbox 2177 4958 3749 5034">
     <span class='ocr_line' id='line_1_112' title="bbox 2177 4958 3749 5034; baseline 0.004 -23"><span class='ocrx_word' id='word_1_833' title='bbox 2177 4959 2442 5029; x_wconf 82' lang='grc' dir='ltr'>μυημένοι</span> <span class='ocrx_word' id='word_1_834' title='bbox 2478 4960 2605 5028; x_wconf 85' lang='grc' dir='ltr'>παρ’</span> <span class='ocrx_word' id='word_1_835' title='bbox 2632 4958 2795 5010; x_wconf 84' lang='grc' dir='ltr'>αὑτοῦ</span> <span class='ocrx_word' id='word_1_836' title='bbox 2826 4958 2922 5028; x_wconf 83' lang='grc' dir='ltr'>τὴν</span> <span class='ocrx_word' id='word_1_837' title='bbox 2961 4961 3293 5031; x_wconf 82' lang='grc' dir='ltr'>ἐσωτερικήν</span> <span class='ocrx_word' id='word_1_838' title='bbox 3329 4979 3388 5013; x_wconf 86' lang='grc' dir='ltr'>τε</span> <span class='ocrx_word' id='word_1_839' title='bbox 3438 4965 3534 5016; x_wconf 81' lang='grc' dir='ltr'>καὶ</span> <span class='ocrx_word' id='word_1_840' title='bbox 3575 4965 3749 5034; x_wconf 76' lang='grc' dir='ltr'>ἀπόρο</span> 
     </span>
    </p>
   </div>
   <div class='ocr_carea' id='block_1_113' title="bbox 2173 5050 3749 5126">
    <p class='ocr_par' dir='ltr' id='par_1_113' title="bbox 2173 5050 3749 5126">
     <span class='ocr_line' id='line_1_113' title="bbox 2173 5050 3749 5126; baseline 0.001 -23"><span class='ocrx_word' id='word_1_841' title='bbox 2173 5055 2334 5121; x_wconf 80' lang='grc' dir='ltr'>ρητον</span> <span class='ocrx_word' id='word_1_842' title='bbox 2360 5051 2576 5121; x_wconf 78' lang='grc' dir='ltr'>μύησιν.</span> <span class='ocrx_word' id='word_1_843' title='bbox 2591 5051 2654 5102; x_wconf 84' lang='grc' dir='ltr'><strong>Εἰ</strong></span> <span class='ocrx_word' id='word_1_844' title='bbox 2682 5050 2737 5102; x_wconf 83' lang='grc' dir='ltr'>δὲ</span> <span class='ocrx_word' id='word_1_845' title='bbox 2759 5050 2920 5102; x_wconf 86' lang='grc' dir='ltr'>πλέον</span> <span class='ocrx_word' id='word_1_846' title='bbox 2945 5052 3098 5104; x_wconf 80' lang='grc' dir='ltr'>οὐδὲν</span> <span class='ocrx_word' id='word_1_847' title='bbox 3117 5052 3223 5104; x_wconf 84' lang='grc' dir='ltr'>τῶν</span> <span class='ocrx_word' id='word_1_848' title='bbox 3244 5055 3308 5106; x_wconf 85' lang='grc' dir='ltr'>ἐκ</span> <span class='ocrx_word' id='word_1_849' title='bbox 3329 5054 3422 5106; x_wconf 75' lang='grc' dir='ltr'>τοῦ</span> <span class='ocrx_word' id='word_1_850' title='bbox 3455 5057 3749 5126; x_wconf 83' lang='grc' dir='ltr'>προχείρου</span> 
     </span>
    </p>
   </div>
   <div class='ocr_carea' id='block_1_114' title="bbox 2169 5138 3750 5214">
    <p class='ocr_par' dir='ltr' id='par_1_114' title="bbox 2169 5138 3750 5214">
     <span class='ocr_line' id='line_1_114' title="bbox 2169 5138 3750 5214; baseline 0.001 -20"><span class='ocrx_word' id='word_1_851' title='bbox 2169 5141 2472 5210; x_wconf 88' lang='grc' dir='ltr'>νοουμένων</span> <span class='ocrx_word' id='word_1_852' title='bbox 2501 5139 2965 5209; x_wconf 83' lang='grc' dir='ltr'>διερμηνεύουσιν,</span> <span class='ocrx_word' id='word_1_853' title='bbox 2994 5142 3092 5194; x_wconf 89' lang='grc' dir='ltr'>ούκ</span> <span class='ocrx_word' id='word_1_854' title='bbox 3126 5138 3244 5195; x_wconf 79' lang='grc' dir='ltr'>οἰδα</span> <span class='ocrx_word' id='word_1_855' title='bbox 3276 5144 3539 5214; x_wconf 86' lang='grc' dir='ltr'>ποτέρους</span> <span class='ocrx_word' id='word_1_856' title='bbox 3569 5146 3633 5198; x_wconf 82' lang='grc' dir='ltr'>ἄν</span> <span class='ocrx_word' id='word_1_857' title='bbox 3667 5160 3750 5205; x_wconf 85' lang='grc' dir='ltr'>τις</span> 
     </span>
    </p>
   </div>
   <div class='ocr_carea' id='block_1_115' title="bbox 2168 5230 3754 5302">
    <p class='ocr_par' dir='ltr' id='par_1_115' title="bbox 2168 5230 3754 5302">
     <span class='ocr_line' id='line_1_115' title="bbox 2168 5230 3754 5302; baseline 0.002 -19"><span class='ocrx_word' id='word_1_858' title='bbox 2168 5231 2560 5302; x_wconf 83' lang='grc' dir='ltr'>ἐλεεινοτέρους</span> <span class='ocrx_word' id='word_1_859' title='bbox 2587 5230 2692 5282; x_wconf 84' lang='grc' dir='ltr'>τῶν</span> <span class='ocrx_word' id='word_1_860' title='bbox 2730 5231 2929 5301; x_wconf 83' lang='grc' dir='ltr'>ἐτέρων</span> <span class='ocrx_word' id='word_1_861' title='bbox 2954 5232 3256 5298; x_wconf 88' lang='grc' dir='ltr'>λογίσαιτο,</span> <span class='ocrx_word' id='word_1_862' title='bbox 3302 5235 3428 5297; x_wconf 74' lang='grc' dir='ltr'>τοὺς</span> <span class='ocrx_word' id='word_1_863' title='bbox 3474 5236 3544 5288; x_wconf 73' lang='grc' dir='ltr'>τὰ</span> <span class='ocrx_word' id='word_1_864' title='bbox 3569 5234 3754 5287; x_wconf 79' lang='grc' dir='ltr'>τοιαῦ-</span> 
     </span>
    </p>
   </div>
   <div class='ocr_carea' id='block_1_116' title="bbox 2161 5301 3748 5390">
    <p class='ocr_par' dir='ltr' id='par_1_116' title="bbox 2161 5301 3748 5390">
     <span class='ocr_line' id='line_1_116' title="bbox 2161 5301 3748 5390; baseline 0.001 -15"><span class='ocrx_word' id='word_1_865' title='bbox 2161 5341 2228 5375; x_wconf 88' lang='grc' dir='ltr'>τα</span> <span class='ocrx_word' id='word_1_866' title='bbox 2256 5301 2541 5389; x_wconf 83' lang='grc' dir='ltr'>λέγοντας,</span> <span class='ocrx_word' id='word_1_867' title='bbox 2586 5320 2774 5390; x_wconf 81' lang='grc' dir='ltr'>ἢτοὺς</span> <span class='ocrx_word' id='word_1_868' title='bbox 2814 5321 2911 5383; x_wconf 83' lang='grc' dir='ltr'>τὰς</span> <span class='ocrx_word' id='word_1_869' title='bbox 2953 5323 3120 5386; x_wconf 85' lang='grc' dir='ltr'>ἀκοὰς</span> <span class='ocrx_word' id='word_1_870' title='bbox 3165 5327 3278 5388; x_wconf 87' lang='grc' dir='ltr'>τοῖς</span> <span class='ocrx_word' id='word_1_871' title='bbox 3325 5326 3584 5389; x_wconf 87' lang='grc' dir='ltr'>τοιούτοις</span> <span class='ocrx_word' id='word_1_872' title='bbox 3613 5324 3748 5377; x_wconf 82' lang='grc' dir='ltr'>ύπέ-</span> 
     </span>
    </p>
   </div>
   <div class='ocr_carea' id='block_1_117' title="bbox 2159 5411 3742 5485">
    <p class='ocr_par' dir='ltr' id='par_1_117' title="bbox 2159 5411 3742 5485">
     <span class='ocr_line' id='line_1_117' title="bbox 2159 5411 3742 5485; baseline 0.001 -19"><span class='ocrx_word' id='word_1_873' title='bbox 2159 5431 2372 5485; x_wconf 86' lang='grc' dir='ltr'>χοντας.</span> <span class='ocrx_word' id='word_1_874' title='bbox 2415 5415 2538 5474; x_wconf 89' lang='grc' dir='ltr'>Τοῖς</span> <span class='ocrx_word' id='word_1_875' title='bbox 2585 5411 3032 5477; x_wconf 86' lang='grc' dir='ltr'>ἀσθενεστάτοις,</span> <span class='ocrx_word' id='word_1_876' title='bbox 3084 5416 3249 5485; x_wconf 70' lang='grc' dir='ltr'>φησι,</span> <span class='ocrx_word' id='word_1_877' title='bbox 3293 5418 3402 5470; x_wconf 83' lang='grc' dir='ltr'>τῶν</span> <span class='ocrx_word' id='word_1_878' title='bbox 3453 5415 3581 5485; x_wconf 79' lang='grc' dir='ltr'>περὶ</span> <span class='ocrx_word' id='word_1_879' title='bbox 3612 5413 3742 5483; x_wconf 81' lang='grc' dir='ltr'>γῆν,</span> 
     </span>
    </p>
   </div>
   <div class='ocr_carea' id='block_1_118' title="bbox 2160 5505 3741 5583">
    <p class='ocr_par' dir='ltr' id='par_1_118' title="bbox 2160 5505 3741 5583">
     <span class='ocr_line' id='line_1_118' title="bbox 2160 5505 3741 5583; baseline 0.002 -25"><span class='ocrx_word' id='word_1_880' title='bbox 2160 5506 2265 5558; x_wconf 82' lang='grc' dir='ltr'>τῶν</span> <span class='ocrx_word' id='word_1_881' title='bbox 2291 5505 2632 5575; x_wconf 87' lang='grc' dir='ltr'>τιμιωτάτων</span> <span class='ocrx_word' id='word_1_882' title='bbox 2674 5505 3043 5574; x_wconf 88' lang='grc' dir='ltr'>μεταδέδωκεν</span> <span class='ocrx_word' id='word_1_883' title='bbox 3078 5508 3389 5579; x_wconf 83' lang='grc' dir='ltr'>ὀνομάτων,</span> <span class='ocrx_word' id='word_1_884' title='bbox 3445 5509 3521 5583; x_wconf 77' lang='grc' dir='ltr'>μὴ</span> <span class='ocrx_word' id='word_1_885' title='bbox 3569 5522 3741 5578; x_wconf 75' lang='grc' dir='ltr'>μετα-</span> 
     </span>
    </p>
   </div>
   <div class='ocr_carea' id='block_1_119' title="bbox 2159 5596 3266 5671">
    <p class='ocr_par' dir='ltr' id='par_1_119' title="bbox 2159 5596 3266 5671">
     <span class='ocr_line' id='line_1_119' title="bbox 2159 5596 3266 5671; baseline 0.007 -25"><span class='ocrx_word' id='word_1_886' title='bbox 2159 5596 2280 5658; x_wconf 74' lang='grc' dir='ltr'>δοὺς</span> <span class='ocrx_word' id='word_1_887' title='bbox 2311 5599 2408 5667; x_wconf 79' lang='grc' dir='ltr'>τῆς</span> <span class='ocrx_word' id='word_1_888' title='bbox 2441 5596 2547 5649; x_wconf 82' lang='grc' dir='ltr'>τῶν</span> <span class='ocrx_word' id='word_1_889' title='bbox 2585 5596 2908 5667; x_wconf 81' lang='grc' dir='ltr'>ἀξιωμάτων</span> <span class='ocrx_word' id='word_1_890' title='bbox 2947 5599 3266 5671; x_wconf 84' lang='grc' dir='ltr'>ἰσομοιρίας.</span> 
     </span>
    </p>
   </div>
  </div>
