4020 6140
381 259 516 312 illi?

455 378 663 432 Οὐκοῦν
695 380 1053 450 σκοπήσωμεν
1080 380 1176 451 τὴν
1209 381 1315 435 τῶν
1347 381 1648 451 εἰρημένων
1676 380 1913 434 διάνοιαν
1936 398 1949 411 ·
1984 387 2028 440 Α

388 471 463 522 Τὰ
486 469 910 532 ἀσθενέστατα,
948 473 1101 540 φησὶ,
1137 471 1329 540 ψιλῆς
1352 472 1657 535 ἀξιοῦνται
1687 471 1796 541 τῆς
1833 471 1952 526 τῶν

1457 259 1731 316 CONTRA
1776 259 2162 326 LUNOlllUll,
2204 261 2334 318 LIB.
2380 261 2492 320 ΧΗ.
3495 264 3628 319 illis

2129 379 2270 451 Ergo
2303 381 2574 434 dictorum
2618 393 2843 433 sensum
2877 378 3320 442 consideremus,
3348 378 3621 447 Ili/innis-

2055 473 2211 537 sima,
2264 473 2465 542 inquit,
2523 471 2686 541 digna
2730 480 3007 524 censentur
3059 470 3187 524 exili
3239 471 3628 524 honorulzilium

380 563 588 630 τιμίων
625 563 1030 631 προσηγορίας
1052 605 1066 625 ,
1101 566 1213 617 οὐκ
1246 565 1390 617 ὄντα
1417 563 1532 631 τὴν
1576 566 1765 633 φύσιν
1801 564 1950 630 ἅπερ

380 653 852 722 κατονομάζεται.
891 655 999 708 Καὶ
1043 655 1196 708 τοῦτο
1239 655 1396 727 ἔργον
1429 652 1567 710 εἶναι
1611 657 1754 724 λέγει
1792 655 1948 722 Θεοῦ,

380 742 438 794 τὸ
466 743 840 813 διαᾷεύδεσθαι
885 749 951 818 τῇ
988 743 1300 818 ’τιμιωτέρᾳ
1347 748 1532 818 κλήσει
1589 747 1685 819 τὴν
1736 747 1950 818 χείρονα

379 834 572 901 φύσιν,
600 837 784 890 καὶτὸ
825 837 1060 908 ἔμπαλιν
1109 839 1208 903 τὰς
1257 839 1580 910 ἀτιμοτέρας
1627 839 1808 908 φωνὰς
1839 842 1950 903 τοῖς

377 925 516 978 κατά
564 925 724 995 φύσιν
776 928 1066 998 προέχουσι
1103 930 1195 983 τὸν
1229 929 1358 982 Θεὸν
1405 931 1735 1000 ἐφαρμόζειν
1776 931 1946 998 λέγει,

379 1017 454 1087 μὴ
496 1017 1038 1088 συμμετατιθεμένης
1089 1021 1152 1089 τῇ
1201 1019 1390 1090 κλήσει
1440 1020 1542 1091 τῆς
1583 1020 1815 1089 φύσεως.
1863 1021 1948 1084 Ὠς

375 1108 420 1161 δ’
453 1108 518 1162 ἂν
553 1109 783 1180 μάλιστα
811 1111 1117 1180 καταφανὲς
1151 1112 1280 1182 ἡμῖν
1310 1112 1368 1163 τὸ
1396 1112 1682 1180 λεγόμενον
1717 1113 1946 1180 γένοιτο,

376 1202 465 1254 ἐπ’
499 1200 676 1254 αὐτῶν
722 1200 1059 1271 δειχθήσεται
1105 1201 1216 1254 τῶν
1260 1202 1600 1272 πραγμάτων
1648 1205 1679 1273 ἡ
1727 1204 1945 1258 ἀτοπία.

377 1290 446 1342 Εἴ
469 1307 553 1354 τις
580 1291 668 1343 τὸν
700 1290 787 1379 διὰ
835 1291 1014 1363 πάσης
1055 1291 1252 1362 ἀρετῆς
1301 1292 1582 1364 εὐδόκιμον
1605 1335 1618 1356 ,
1652 1293 1947 1347 ἀκόλαστον

373 1383 557 1451 λέγοι·
588 1383 619 1453 ἢ
651 1384 992 1456 ἀναστρέψας
1019 1423 1032 1447 ,
1061 1384 1151 1436 τὸν
1189 1383 1276 1455 ἴσῃ
1307 1385 1476 1456 κακίᾳ
1507 1385 1945 1456 διαϐεϐλημένον,

375 1474 577 1542 ἀγαθὸν
603 1476 744 1527 εἴποι
771 1475 862 1528 καὶ
895 1477 1120 1546 κόσμιον
1139 1493 1150 1506 ·
1177 1473 1284 1548 ἆρα
1310 1481 1605 1548 σωφρονεῖν
1629 1481 1656 1532 6
1685 1479 1944 1543 τοιοῦτος,

374 1568 408 1636 ἠ
447 1585 567 1620 τινα
605 1568 702 1636 τῆς
730 1566 985 1636 ἀληθείας
1028 1568 1169 1639 ἔχειν
1202 1569 1454 1640 φροντίδα
1503 1569 1652 1640 παρά
1682 1573 1794 1633 τοῖς
1821 1569 1946 1623 νοῦν

375 1660 554 1728 ἔχουσι
592 1659 1009 1730 νομισθήσεται,
1043 1660 1444 1732 ἐνηλλαγμένας
1474 1663 1609 1733 πρὸς
1638 1662 1945 1717 τούναντίον

374 1750 474 1812 τὰς
504 1749 872 1820 προσηγορίας
925 1749 1272 1820 ποιούμενος,
1328 1751 1401 1823 μὴ
1451 1751 1944 1822 συμμαρτυρούσης
1979 1740 2018 1795 Β

326 1874 349 1889 ι
374 1841 439 1910 τῇ
480 1840 723 1918 σημασίᾳ
769 1841 876 1894 τῶν
911 1841 1188 1911 ὀνομάτων
1236 1842 1335 1911 τῆς
1378 1843 1624 1911 φύσεως;
1666 1843 1805 1912 Ἐγὼ
1849 1846 1946 1914 μὲν

373 1935 472 1985 οὐκ
509 1927 682 2001 οἶμαι.
711 1933 895 1986 Ταῦτα
924 1933 1101 1986 τοίνυν
1133 1932 1261 2004 περὶ
1298 1935 1389 1986 τοῦ
1417 1934 1551 1988 Θεοῦ
1580 1935 1823 2004 γίνεσθαί
1844 1954 1948 2007 φη-

376 2039 460 2074 σιν
509 2015 662 2087 οὗτος
688 2063 702 2086 ,
734 2021 768 2076 ἃ
809 2022 932 2075 οὔτε
981 2026 1098 2088 ταῖς
1140 2027 1344 2088 κοιναῖς
1391 2025 1498 2078 τῶν
1543 2027 1792 2091 ἐννοιῶν,
1823 2026 1946 2080 οὕτε

372 2116 492 2176 ταῖς
543 2117 837 2185 γραφικαῖς
875 2115 1200 2187 μαρτυρίαις
1236 2117 1540 2187 συμϐαίνει.
1586 2119 1674 2171 Ἐν
1714 2120 1810 2189 μὲν
1839 2120 1946 2190 γὰρ

373 2207 438 2276 τῇ
476 2206 614 2258 κατά
651 2207 740 2258 τὸν
773 2205 884 2275 βίον
911 2206 1067 2276 ἡμῶν
1094 2207 1369 2278 συνηθείᾳ,
1404 2209 1577 2279 μόνων
1614 2209 1722 2262 τῶν
1752 2212 1815 2263 ἐκ
1847 2212 1946 2280 μέ-

377 2298 476 2368 θης
513 2297 545 2369 ἢ
584 2299 885 2369 φρενίτιδος
929 2301 1349 2369 παραπαιόντων
1377 2301 1491 2353 ἐστὶ
1519 2341 1532 2365 ,
1567 2301 1628 2354 τὸ
1659 2301 1948 2357 διαπλανᾶ-

377 2391 499 2442 σθαι
532 2391 666 2462 πρὸς
687 2390 756 2443 τὰ
779 2391 1035 2462 ὀνόματα,
1064 2393 1155 2445 καὶ
1185 2393 1258 2462 μὴ
1288 2392 1426 2445 κατά
1455 2392 1516 2445 τὸ
1550 2395 1944 2464 σημαινόμενον

372 2483 492 2544 ταῖς
527 2482 617 2534 ἐπὶ
671 2482 776 2536 τῶν
810 2485 1150 2554 πραγμάτων
1195 2485 1493 2556 κεχρῆσθαι
1534 2489 1768 2555 φωναῖς,
1809 2487 1946 2542 ἀλλὰ

374 2572 512 2624 κύνα
545 2573 642 2642 μὲν
675 2573 872 2643 λέγειν,
908 2576 974 2628 ἂν
1001 2574 1173 2640 οὕτως
1198 2575 1313 2648 ἔχῃ,
1348 2577 1438 2630 τὸν
1476 2557 1757 2648 ἄνθρωπόν
1778 2596 1792 2610 ·
1823 2579 1946 2632 κυνὶ

372 2663 626 2738 δὲιπάλιν
661 2664 990 2733 ἐφαρμόζειν
1037 2665 1320 2735 ἀνθρώπου
1361 2667 1746 2738 προσηγορίαν.
1792 2667 1856 2720 Ἦ
1887 2666 1944 2720 δὲ

375 2753 495 2806 θεία
518 2752 709 2823 Γραφὴ
743 2754 991 2807 τοσοῦτον
1039 2757 1229 2825 ἀπέχει
1259 2757 1352 2809 τοῦ
1385 2760 1448 2827 τῇ
1488 2758 1744 2829 συγχύσει
1771 2757 1944 2832 ταύτῃ

377 2841 736 2905 συντίθεσθαι,
770 2843 909 2894 ὥστε
947 2845 1039 2895 καὶ
1070 2845 1314 2916 φανερῶς
1340 2844 1454 2897 ἔστι
1488 2847 1584 2916 τῆς
1610 2849 1945 2917 προφητείας

376 2932 470 2984 ἐπὶ
517 2931 726 2994 τούτοις
755 2931 1172 3002 σχετλιαζούσης
1214 2931 1450 2985 ἀκούειν.
1497 2933 1645 2986 Οὐαί
1672 2936 1704 2986 ό
1731 2935 1943 3003 λέγων,

375 3024 528 3092 φησὶ,
566 3023 632 3075 τὸ
669 3022 795 3091 φῶς
827 3024 1078 3088 σκότος,
1115 3022 1211 3076 καὶ
1239 3021 1303 3076 τὸ
1333 3023 1552 3089 σκότος
1594 3024 1719 3092 φῶς
1741 3066 1756 3091 ,
1799 3009 1834 3078 ὁ
1860 3042 1944 3078 τι·

374 3115 497 3180 θείς
527 3114 593 3167 τὸ
626 3115 840 3182 πικρὸν
864 3115 1080 3183 γλυκὺ,
1113 3114 1300 3168 καὶτὸ
1329 3115 1518 3184 γλυκὺ
1541 3117 1774 3184 πικρόν.
1803 3115 1946 3189 Πρὸς

372 3205 426 3256 τί
457 3204 635 3257 τοίνυν
667 3203 876 3273 βλέπων
897 3204 997 3274 τὴν
1025 3204 1253 3257 ἀτοπίαν
1273 3204 1476 3274 ταύτην
1505 3209 1946 3276 προσμαρτυρεῖν

374 3296 540 3368 οἴεται
570 3295 677 3349 δεῖν
715 3294 791 3364 τῷ
827 3294 939 3365 ίδίῳ
967 3294 1118 3364 Θεῷ;
1151 3296 1477 3349 Είπάτωσαν
1509 3297 1555 3349 οἱ
1589 3313 1948 3369 μυσταγωγη-

376 3385 558 3449 θέντες
595 3385 724 3456 παρ’
755 3385 902 3457 αὐτῷ
946 3385 1013 3439 τὰ
1045 3386 1330 3459 ἀπόρρητα
1355 3425 1370 3450 ,
1425 3387 1479 3440 τί
1507 3386 1616 3440 τῶν
1661 3388 1790 3459 περὶ
1840 3387 1947 3457 γῆν

374 3478 762 3533 ἀσθενέστατον
821 3477 1132 3548 κρίνουσιν,
1195 3477 1223 3529 ὃ
1271 3479 1392 3541 ταῖς
1447 3477 1806 3548 τιμιωτάταις
1837 3477 1946 3532 τῶν

375 3569 697 3640 ὲπωνυμιῶν
725 3568 875 3640 παρά
902 3567 994 3621 τοῦ
1018 3567 1152 3621 Θεοῦ
1185 3567 1523 3638 σεμνύνεται.
1557 3569 1946 3624 Ἀσθενέστατα

374 3661 481 3714 τῶν
511 3661 679 3714 ὄντων
712 3660 779 3713 τὰ
804 3659 1024 3712 τοιαῦτα
1043 3659 1150 3712 τῶν
1176 3658 1328 3724 ζώων
1360 3661 1506 3714 ἐστὶν
1527 3702 1541 3728 ,
1569 3656 1650 3724 οἷς
1675 3665 1706 3732 ἠ
1733 3664 1947 3731 γένεσις

375 3752 484 3806 ἀπὸ
515 3753 728 3824 σήψεως
753 3752 935 3824 ὑγρῶν
970 3751 1068 3822 τὴν
1100 3750 1355 3806 σύστασιν
1396 3752 1527 3822 ἔχει.
1552 3753 1866 3823 Τιμιιὶντατα
1891 3757 1948 3810 δὲ

293 3846 302 3852 ’
374 3845 484 3897 τῶν
519 3844 687 3900 ὄντων
713 3844 877 3914 ἀρετή
901 3861 960 3896 τε
995 3843 1086 3896 καὶ
1125 3843 1376 3914 ἀγιότης,
1409 3845 1502 3897 καὶ
1529 3847 1582 3898 εἴ
1612 3862 1663 3898 τι
1694 3845 1844 3915 φίλον
1869 3847 1948 3918 τῷ

375 3934 515 4005 Θεῷ.
550 3931 678 4006 ’Ἆρ’
707 3931 800 3988 οὖν
833 3936 1006 4004 μυῖαι,
1040 3935 1133 3988 καὶ
1163 3933 1350 3997 κνίπες
1370 3975 1383 3998 ,
1420 3936 1514 3988 καὶ
1544 3935 1822 4008 βάτραχοι,
1853 3941 1948 3994 καὶ

375 4021 456 4088 οἷς
480 4026 544 4077 ἐκ
568 4025 774 4095 κόπρου
800 4026 833 4094 ή
867 4023 1078 4090 γένεσις
1098 4064 1112 4088 ,
1134 4023 1308 4080 ταῦτα
1327 4026 1392 4095 τῇ
1418 4023 1514 4078 τοῦ
1539 4027 1695 4095 ἁγίου
1718 4069 1731 4092 ,
1760 4030 1851 4082 καὶ
1878 4033 1944 4101 τῇ

375 4115 475 4185 τῆς
504 4116 702 4186 ἀρετ-’ἧς
734 4117 1016 4191 ἐπωνυμίᾳ
1057 4114 1374 4186 τετίμηται,
1406 4116 1545 4170 ὥστε
1593 4119 1946 4189 σεμνύνεσθαι

380 4206 477 4275 μὲν
506 4209 616 4266 τοῖς
644 4206 842 4276 τιμίοις
885 4205 993 4260 τῶν
1023 4206 1301 4277 ὀνομάτων
1322 4249 1336 4275 ,
1363 4208 1438 4278 μὴ
1495 4210 1856 4281 συμμετέχειν
1891 4211 1946 4265 δὲ

376 4298 475 4364 τῆς
523 4293 632 4348 τῶν
667 4295 992 4365 ἀξιωμάτων
1021 4295 1320 4365 ἰσομοιρίας
1338 4339 1352 4361 ,
1389 4294 1570 4360 καθώς
1599 4315 1760 4367 φησιν
1788 4299 1816 4351 6
1845 4300 1948 4351 Εὐ-

2054 563 2422 632 uppellalione,
2451 579 2569 617 cum
2591 579 2693 616 non
2724 563 2832 616 sint
2863 575 3059 616 natura
3101 564 3236 616 sicut
3262 564 3622 620 nominantur.

2051 657 2129 710 Ac
2161 655 2252 710 Dei
2284 672 2421 726 opus
2444 656 2544 710 hoc
2568 671 2687 710 esse
2708 656 2804 715 ait.
2835 656 3197 725 appellatione
3219 656 3624 710 honorabiliore

2053 760 2302 802 naturam
2359 747 2687 802 deteriorem
2743 747 3034 810 ementiri,
3083 762 3146 801 ac
3216 763 3408 802 rursus
3465 763 3624 805 voces

2053 841 2234 894 minus
2286 839 2656 902 honorabiles,
2695 848 2888 892 natura
2937 841 3410 908 praestantioribus
3457 840 3622 894 Deum

2051 931 2352 985 attribuere
2382 931 2538 994 dicit,
2572 939 2767 984 natura
2799 947 2896 1001 per
2931 933 3349 1001 appellationem
3399 933 3624 988 minime

2051 1023 2354 1076 immutata.
2402 1021 2469 1077 Ut
2525 1030 2706 1076 autem
2745 1024 2889 1093 qum
2925 1023 3148 1088 dicitur,
3208 1026 3444 1080 maxime
3497 1042 3621 1094 per-

2051 1115 2300 1184 spicuum
2333 1115 2491 1168 nobis
2521 1113 2635 1178 ﬁat,
2680 1115 2732 1167 in
2789 1117 2925 1186 ipsis
2961 1118 3122 1172 rebus
3159 1118 3625 1173 demonstrabitur

2049 1204 2382 1258 absurditas.
2413 1201 2472 1256 Si
2498 1204 2622 1273 quis
2644 1204 2792 1257 omni
2824 1206 3042 1259 virtutis
3072 1206 3229 1261 laude
3258 1209 3617 1274 cumulatum,

2049 1293 2496 1363 intemperantem
2539 1291 2723 1357 dicat;
2765 1293 2850 1347 vel
2879 1308 2907 1346 e
2939 1296 3216 1347 contrario
3267 1297 3456 1364 ιεψιιιιί
3491 1299 3621 1350 vitio

2049 1387 2596 1447 damnatum,bonum
2617 1394 2671 1441 et
2700 1386 3004 1440 modestum
3031 1386 3249 1447 dixerit,
3277 1396 3454 1440 utrum
3477 1404 3622 1442 same

2050 1481 2250 1533 mentis
2283 1479 2447 1533 homo
2467 1479 2594 1532 talis
2617 1493 2760 1541 esse,
2789 1477 2871 1530 vel
2895 1477 3134 1546 aliquam
3168 1478 3411 1532 veritatis
3435 1494 3619 1533 curam

2050 1570 2256 1625 habere
2296 1568 2440 1639 apud
2477 1567 2674 1623 mentis
2711 1579 2987 1636 compotes
3028 1568 3366 1635 censebitur,
3407 1570 3458 1622 in
3492 1585 3622 1624 con-

2049 1662 2278 1716 trarium
2342 1661 2760 1730 appellationem
2830 1667 3196 1722 commutatis,
3259 1661 3620 1730 signiﬁcantia

2049 1754 2330 1808 nominum
2367 1768 2474 1806 non
2537 1752 2896 1806 conveniente
2933 1751 3181 1805 naturae?
3212 1751 3322 1821 Ego
3370 1754 3621 1823 equidem

2047 1861 2157 1899 non
2211 1845 2471 1900 arbitror.
2533 1843 2659 1898 llazc
2713 1844 2877 1913 igitur
2915 1842 2981 1897 de
3019 1841 3127 1896 Deo
3164 1843 3278 1898 ﬁeri
3330 1844 3418 1897 hic
3466 1845 3618 1907 dicit,

2047 1954 2168 2009 qum
2201 1954 2379 2007 neque
2402 1936 2786 1991 communibus
2819 1935 3062 2001 notitiis,
3102 1951 3276 2004 neque
3329 1936 3622 2004 Scriptura:

2048 2030 2725 2098 testimoniiscongruunt.
2751 2025 2881 2079 Nam
2920 2026 2972 2079 in
2993 2027 3388 2081 consuetudine
3423 2037 3622 2083 nostra:

2049 2123 2170 2176 vitae
2201 2121 2443 2175 solorum
2485 2127 2569 2174 est
2609 2119 2873 2173 ebrietate
2904 2119 2985 2171 vel
3020 2119 3324 2186 phrenitide
3349 2119 3621 2189 desipien-

2047 2214 2203 2280 tium,
2225 2213 2278 2266 in
2309 2211 2622 2265 nominibus
2650 2224 2867 2273 errare;
2905 2216 2956 2262 et
2987 2225 3094 2262 non
3128 2211 3429 2264 secundum
3459 2211 3622 2281 signi-

2047 2303 2265 2356 ﬁcatum
2309 2301 2364 2354 in
2404 2300 2566 2354 rebus
2601 2299 2676 2352 uti
2713 2298 2973 2364 vocibus;
3021 2298 3115 2352 sed
3160 2313 3349 2352 canem
3397 2299 3618 2369 quidem

2046 2393 2228 2448 dicere
2256 2393 2561 2458 hominem;
2615 2393 2738 2445 cani
2772 2405 2900 2444 vero
2932 2399 3122 2443 contra
3149 2389 3386 2445 hominis
3433 2393 3618 2461 appel-

2045 2481 2303 2536 lationem
2353 2481 2788 2534 accommodare.
2845 2477 3078 2531 Tantum
3126 2487 3306 2531 autem
3358 2478 3512 2532 abest
3562 2489 3621 2532 ut

2046 2573 2229 2628 divina
2277 2572 2558 2642 Scriptura
2602 2563 2736 2624 huic
2793 2569 3102 2624 confusioni
3153 2570 3508 2635 assentiatur,
3559 2581 3620 2624 ut

2045 2666 2206 2720 etiam
2240 2663 2526 2718 manifeste
2548 2662 2737 2716 audire
2758 2661 2917 2714 liccat
2951 2659 3265 2729 prophetam
3292 2661 3360 2713 oh
3385 2661 3495 2713 haec
3517 2661 3617 2713 do-

2046 2757 2265 2812 lentem.
2300 2753 2410 2819 Vaz,
2438 2753 2632 2824 inquit,
2649 2751 2738 2823 qui
2761 2753 2885 2805 dicit
2912 2753 3077 2805 lucem
3111 2751 3368 2817 tenuliras,
3394 2761 3443 2805 et
3478 2764 3618 2806 tene-

2047 2847 2166 2899 bras
2218 2846 2404 2908 lucem,
2437 2853 2486 2898 et
2540 2847 2629 2915 qui
2668 2844 2812 2913 ponit
2867 2859 3112 2896 amarum
3163 2843 3334 2908 dulce,
3377 2853 3424 2897 et
3467 2844 3622 2899 dulce

2049 2925 2292 2990 rimarum
2313 2937 2378 2989 ³⁸.
2413 2935 2554 3002 Quid
2593 2936 2756 3005 igitur
2803 2945 3058 3004 spectans
3100 2935 3239 2989 hanc
3282 2942 3487 2987 tantam
3522 2937 3619 2988 ah—

1974 3067 2019 3130 c
2049 3029 2369 3082 surditatem
2427 3033 2580 3096 putat
2613 3035 2867 3096 oportere
2903 3025 3011 3080 Deo
3053 3025 3389 3079 attrihucre?
3428 3025 3619 3078 Dicant

2049 3117 2141 3186 qui
2210 3116 2330 3186 ejus
2375 3116 2594 3169 arcanis
2639 3116 2836 3168 initiati
2873 3125 3022 3182 sunt,
3072 3118 3330 3186 quidnam
3381 3119 3435 3172 in
3477 3128 3620 3173 terra

2050 3206 2479 3260 inﬁrmissimum
2504 3205 2753 3275 judicant
2795 3206 2940 3273 quod
2999 3207 3495 3262 honorabilissimis
3522 3225 3619 3278 ap-

2049 3296 2436 3368 pellationibus
2463 3311 2492 3350 a
2521 3295 2633 3349 Deo
2654 3294 2997 3350 nobilitatur.
3028 3293 3404 3352 lnﬁrmissima
3427 3314 3619 3352 eorum

2047 3403 2167 3459 quae
2209 3393 2336 3442 sunt
2388 3401 2452 3441 ea
2503 3392 2632 3440 sunt
2684 3385 2960 3450 animalia,
3015 3386 3217 3454 quibus
3261 3390 3540 3456 generatio
3589 3406 3619 3444 a

2047 3479 2337 3552 putredine
2392 3477 2739 3531 humidorum
2795 3477 3076 3532 censistit:
3143 3477 3618 3534 honorabilissima

2047 3589 2176 3629 vero
2199 3586 2387 3628 eorum
2445 3585 2567 3639 qua:
2613 3577 2760 3633 sunt,
2798 3568 2974 3623 virtus
3015 3576 3067 3622 et
3117 3571 3402 3634 sanctitas,
3459 3582 3513 3624 et
3568 3572 3613 3626 si

2047 3664 2175 3737 quid
2213 3663 2322 3718 Deo
2352 3661 2600 3717 charum.
2633 3659 2713 3712 An
2753 3659 2937 3729 igitur,
2988 3674 3196 3723 musca,
3223 3661 3450 3728 culices,
3476 3678 3621 3717 rana:

2047 3762 2100 3810 ct
2128 3753 2324 3824 quibus
2351 3766 2380 3805 e
2405 3759 2648 3804 stercore
2673 3757 2846 3812 ortus,
2884 3749 2996 3802 haec
3028 3764 3096 3803 ne
3124 3751 3296 3804 sancti
3329 3758 3382 3802 et
3401 3751 3618 3806 νίτιυιῐς

2049 3842 2410 3915 appellatione
2433 3839 2698 3894 honorata
2723 3845 2870 3903 sunt,
2901 3839 2974 3892 ita
3001 3848 3060 3893 ut
3090 3840 3498 3898 honorabilibus
3519 3859 3618 3898 no-

2049 3938 2288 3993 minibus
2345 3934 2729 3998 illustrentur,
2791 3933 3014 3988 minime
3069 3949 3197 3988 vero
3251 3937 3615 4004 aequalitatem

2050 4031 2374 4102 dignitatum
2403 4025 2752 4101 participent,
2793 4025 3251 4096 quemadmodum
3303 4027 3378 4080 ait
3425 4027 3614 4083 Euno-

2049 4122 2224 4177 mius?
2262 4119 2366 4175 Sed
2409 4118 2651 4172 nondum
2685 4118 2793 4172 tale
2841 4117 2969 4188 quid
3021 4117 3349 4181 audivimus,
3379 4121 3524 4188 quod
3554 4137 3618 4174 ea

2005 4271 2016 4284 ,
2048 4229 2168 4285 qua:
2200 4219 2327 4268 sunt
2355 4210 2570 4264 inﬁrma
2596 4208 3151 4279 magniﬁcentioribus
3177 4210 3487 4266 nominibus
3520 4228 3615 4282 ap-

2049 4306 2245 4376 pellata
2280 4303 2407 4368 sint,
2437 4303 2519 4358 vel
2545 4301 2688 4370 quod
2739 4316 2990 4370 magnum
3043 4309 3096 4354 et
3147 4302 3466 4357 honerabile
3515 4321 3618 4358 na-

376 4385 580 4454 νόμιος.
625 4384 763 4437 Ἀλλ’
796 4383 947 4436 οὔπω
995 4383 1055 4436 τὸ
1104 4384 1342 4438 τοιοῦτον
1385 4386 1730 4457 ἠκούσαμεν,
1761 4388 1842 4441 ὅτι
1881 4388 1948 4442 τὰ

2053 4407 2194 4459 tura,
2219 4395 2414 4449 horum
2445 4393 2610 4446 unius
2637 4392 2999 4460 appellatione
3030 4393 3422 4453 contumeliosa
3455 4392 3619 4450 fuerit

377 4475 578 4544 ἀσθενῆ
611 4474 785 4528 ταῦτα
813 4475 932 4537 ταῖς
964 4474 1493 4547 μεγαλοφυεστέραις
1535 4477 1643 4531 τῶν
1676 4494 1950 4551 προσηγο-

382 4565 510 4637 ριῶν
543 4565 977 4634 κατωνόμασται,
1019 4565 1052 4634 ἢ
1081 4566 1162 4618 ὅτι
1189 4565 1250 4618 τὺ
1283 4565 1425 4636 μέγα
1457 4569 1522 4638 τῇ
1553 4567 1710 4637 φύσει
1739 4571 1833 4623 καὶ
1865 4570 1948 4623 τί-

383 4673 539 4728 μιον,
588 4659 654 4727 τῇ
687 4655 804 4718 ἐνὸς
835 4655 1036 4708 τούτων
1080 4655 1438 4726 καθυϐρίσθαι
1467 4662 1822 4732 προσηγορίᾳ.
1862 4664 1950 4716 Δί-

380 4743 630 4818 καιος-ἧν
658 4749 686 4800 6
725 4746 884 4809 Νῶε,
927 4749 1090 4816 φησὶν
1123 4748 1155 4816 ἠ
1186 4747 1373 4820 Γραφὴ
1400 4788 1413 4812 ,
1451 4749 1638 4813 πιστὸς
1678 4753 1946 4826 Ἀϐραὰμ,

380 4837 476 4891 καὶ
502 4837 680 4909 πραῢς
711 4837 949 4906 Μωῦσῆς
970 4877 985 4901 ,
1019 4835 1113 4888 καὶ
1143 4836 1304 4904 σοφὸς
1336 4836 1532 4908 Δανιὴλ
1550 4878 1564 4903 ,
1600 4840 1694 4893 καὶ
1721 4840 1950 4915 σώφρων

379 4930 408 4982 6
455 4926 689 5000 Ἰωσὴφ,
741 4927 837 4981 καὶ
893 4928 1181 4996 ἄμεμπτος
1220 4926 1372 4993 Ἰὼϐ,
1418 4929 1512 4980 καὶ
1569 4932 1951 5003 μακροθυμίαν

380 5018 765 5091 κατωρθωκὼς
800 5021 830 5072 6
857 5017 1036 5072 Aa6l8.
1066 5019 1390 5073 Είπάτωσαν
1415 5021 1615 5086 τοίνυν,
1655 5025 1709 5078 ετ
1730 5042 1804 5094 πη
1833 5026 1952 5079 τού-

379 5129 486 5166 των
513 5111 741 5173 έκαστος
770 5112 834 5163 ἐκ
860 5109 968 5164 τῶν
1006 5109 1265 5164 ἐναντίων
1292 5109 1391 5175 τὰς
1426 5114 1738 5183 ἐπωνυμίας
1772 5116 1949 5188 ἔσχεν,

380 5204 414 5274 ἢ
443 5204 538 5256 καὶ
577 5205 668 5255 ἐπὶ
700 5202 808 5255 τῶν
851 5202 986 5273 πρὸς
1020 5203 1080 5255 τὸ
1104 5205 1284 5273 χεῖρον
1318 5207 1777 5276 μαρτυρουμένων
1799 5251 1812 5275 ,
1842 5205 1952 5264 οἷον

383 5291 575 5343 Νάϐαλ
617 5293 646 5343 6
679 5292 1022 5362 Καρμήλιος,
1054 5294 1147 5346 καὶ
1175 5295 1373 5366 Φαραὼ
1404 5298 1432 5349 6
1479 5297 1774 5367 Αἰγύπτιος
1798 5340 1811 5364 ,
1857 5303 1950 5356 καὶ

397 5379 687 5450 Ἀϐιμέλεχ
715 5385 742 5436 ό
784 5382 1077 5452 ἀλλόφυλος
1101 5425 1115 5448 ,
1170 5387 1260 5438 καὶ
1304 5386 1504 5451 πάντες
1543 5391 1592 5442 οΞ
1642 5391 1735 5444 ἐπὶ
1783 5396 1950 5466 κακίᾳ

388 5471 868 5544 μνημονευόμενοι,
901 5477 947 5528 εί
977 5477 1094 5538 ταῖς
1124 5475 1467 5549 δεξιωτέραις
1491 5479 1599 5537 τῶν
1629 5483 1950 5555 ἐπωνυμιῶν

454 5651 499 5683 ³⁸
534 5651 639 5707 lsa.
668 5667 719 5718 ν,
750 5649 837 5705 20.

2053 4487 2328 4542 allectum.
2359 4483 2547 4539 Justus
2581 4490 2699 4538 erat
2725 4480 2860 4547 Noe,
2889 4482 3065 4551 inquit
3102 4482 3402 4552 Scriptura,
3448 4485 3619 4543 ﬁdelis

2053 4580 2349 4643 Abraham,
2386 4583 2439 4631 et
2469 4583 2787 4630 mansuetus
2816 4573 3013 4638 Moses,
3044 4583 3096 4628 et
3129 4575 3349 4644 sapiens
3398 4575 3615 4644 Daniel,

2051 4681 2105 4726 et
2156 4679 2469 4740 temperans
2505 4665 2728 4736 Joseph,
2771 4673 2824 4722 et
2895 4667 3205 4735 inculpatus
3243 4665 3367 4732 Job,
3420 4678 3474 4724 et
3527 4673 3620 4740 qui

2053 4770 2236 4832 partes
2299 4773 2488 4813 omnes
2539 4755 2961 4826 mquanimitatis
3022 4756 3136 4812 sive
3181 4759 3620 4816 mansuetudinis

2054 4851 2316 4923 implevit,
2383 4848 2571 4903 David.
2630 4847 2823 4901 Dicant
2869 4847 3053 4917 igitur,
3089 4849 3136 4903 si
3166 4849 3368 4904 alicubi
3422 4851 3616 4907 horum

2054 4943 2262 5011 quique
2297 4955 2363 4994 ex
2391 4937 2685 4993 contrariis
2716 4938 2937 4992 nomina
2965 4939 3143 5001 sortiti
3171 4941 3301 5008 sint,
3348 4957 3417 4996 an
3455 4943 3621 4998 etiam

2058 5033 2113 5087 hi
2141 5047 2375 5102 quorum
2407 5031 2596 5085 vitium
2634 5029 2917 5100 Scriptura
2957 5039 3208 5100 testatur,
3252 5035 3399 5088 velut
3450 5033 3620 5089 Nabal

2057 5123 2383 5186 Carmelius,
2441 5129 2496 5176 et
2559 5119 2771 5176 Pharao
2828 5120 3141 5194 Egyptius,
3197 5131 3252 5178 et
3308 5110 3620 5175 Abimelech

2057 5215 2385 5284 alienigena,
2414 5221 2576 5283 atque
2607 5227 2797 5268 omnes
2822 5215 2916 5284 qui
2949 5216 3018 5269 ob
3055 5215 3181 5268 vitia
3211 5211 3622 5266 commemorati

2007 5354 2012 5358 .
2057 5317 2204 5370 sunt,
2237 5322 2326 5371 an,
2363 5307 2608 5376 inquam,
2655 5305 3126 5360 favorabilioribus
3146 5311 3199 5357 et
3233 5301 3624 5357 faventioribns

2056 5397 2370 5452 nominibus
2392 5411 2422 5450 a
2459 5397 2643 5452 divina
2675 5411 2810 5450 voce
2845 5394 3116 5448 honestati
3164 5390 3331 5446 sunt?
3359 5391 3478 5446 Non
3510 5392 3624 5446 haec

2060 5489 2134 5544 ita
2163 5496 2311 5554 sunt,
2352 5489 2447 5545 sed
2478 5495 2538 5545 ut
2571 5503 2630 5543 se
2654 5488 2816 5542 habet
2847 5493 3040 5539 natura
3063 5491 3114 5538 et
3143 5482 3370 5551 veritas,
3420 5483 3499 5540 sic
3536 5498 3623 5539 res
