4056 6146
439 252 575 306 1319
636 241 642 246 ’

1689 243 1743 296 S.
1784 236 2111 296 GREGORII
2144 237 2440 294 NYSSENI

3549 235 3684 292 I020

438 385 468 422 a
508 368 618 422 Deo
663 366 979 435 judicantur
1009 371 1061 419 et
1111 362 1389 426 dicuntur,
1453 375 1562 414 non
1616 367 1676 414 ut
1723 357 2004 413 contrario

2112 355 2256 428 παρὰ
2288 357 2386 428 τῆς
2411 354 2556 419 θείας
2587 354 2770 425 φωνῆς
2800 352 3172 424 ἐτιμήθησανς
3201 351 3315 404 Ούκ
3345 349 3459 403 ἔστι
3490 349 3684 409 ταῦτα,

439 458 598 512 modo
625 473 682 510 se
707 457 906 510 habent
931 455 1243 518 nominata},
1267 455 1360 508 sed
1387 462 1444 506 ttt
1466 467 1585 521 quae
1626 450 2006 521 signiﬁcantur

440 547 724 601 manifesta
761 546 912 609 ﬁant,
955 545 1190 616 propriis
1237 543 1340 598 sibi
1377 550 1430 597 et
1457 532 1887 611 congruentibus
1913 553 2006 607 ap-

436 624 824 704 pellationibus
852 638 1230 708 enuntiantur.

510 901 612 958 Iste
626 919 752 957 vero
770 903 859 973 qui
890 911 1068 957 mente
1085 901 1241 956 ﬁrma
1263 900 1520 972 praeditus
1539 907 1642 966 est,
1669 900 1762 970 qui
1793 899 2009 954 usitata:

370 1058 373 1061 _
439 995 854 1051 consuetudinis
882 1003 1170 1051 accusator
1183 1004 1283 1059 est,
1304 995 1395 1066 qui
1420 993 1696 1064 injudicio
1715 994 2009 1047 ratiocina-

439 1091 586 1143 tione
619 1089 878 1158 spoliatos
923 1088 1278 1150 convitiatur,
1324 1090 1440 1142 haec
1474 1088 1541 1142 de
1573 1087 1757 1141 divina
1811 1095 2008 1140 natura

440 1195 771 1251 cognoscere
799 1180 1072 1249 supponit,
1097 1180 1194 1234 has
1215 1179 1282 1233 de
1312 1177 1421 1234 Deo
1441 1179 1730 1249 Opiniones
1763 1181 2007 1250 exponit,

442 1273 598 1336 quasi
632 1287 720 1326 res
750 1273 896 1340 ipsas
924 1271 1358 1326 falsinominibus
1405 1271 1630 1326 vocibus
1660 1271 1924 1334 derideat,
1956 1283 2010 1326 et

444 1361 834 1414 inﬁrmissimis
889 1361 1395 1415 honorabilissimas
1461 1361 1852 1430 appellationes
1900 1362 2008 1415 lar-

442 1455 644 1520 giatur,
678 1461 730 1506 et
759 1451 1098 1506 honorabilia
1131 1452 1330 1522 probro
1367 1450 1561 1506 alliciat
1603 1468 1784 1506 rerum
1819 1453 2003 1507 vilium

443 1543 664 1597 nomina
713 1544 845 1612 ipsis
876 1544 1313 1599 communicans.
1368 1543 1510 1600 Fieri
1560 1544 1777 1614 quidem
1832 1553 2010 1615 potest

443 1642 504 1688 ut
534 1635 716 1698 homo,
764 1636 978 1688 etiamsi
1016 1634 1178 1688 fuerit
1209 1650 1272 1689 ex
1308 1650 1496 1690 eorum
1528 1652 1758 1692 numero
1804 1637 1898 1707 qui
1953 1637 2004 1690 in

443 1731 724 1783 veritatem
777 1729 1077 1792 intuentur,
1130 1735 1282 1782 extra
1346 1729 1630 1784 veritatem
1682 1729 2007 1799 plerumque

442 1823 709 1877 abductus
739 1837 848 1891 pra:
887 1821 1092 1891 pudore
1131 1821 1508 1876 absorbeatur.
1541 1820 1602 1874 At
1626 1821 1727 1876 iste
1775 1819 1884 1876 Deo
1915 1821 2012 1877 de-

441 1929 628 1967 corum
665 1914 924 1968 honorem
953 1913 1229 1966 existimat
1249 1912 1417 1966 videri
1447 1927 1530 1966 res
1554 1911 2008 1981 appellationibus

442 2006 596 2061 falsis
633 2004 902 2060 ementiri.
950 2003 1067 2058 Non
1117 2005 1233 2058 haec
1282 2003 1479 2056 divinae
1520 2014 1730 2057 natura:
1785 2004 2009 2056 oracula

443 2095 708 2146 tribuunt.
734 2091 1077 2162 Longanimis
1105 2100 1153 2145 et
1181 2091 1404 2144 multant
1433 2091 1731 2146 misericors
1757 2101 1805 2145 et
1859 2109 2009 2146 verus

445 2186 610 2248 Deus,
643 2186 713 2238 ait
742 2183 908 2238 David
940 2185 982 2216 ⁸⁷
1015 2202 1026 2236 :
1061 2184 1334 2254 quomodo
1365 2184 1530 2253 igitur
1561 2199 1744 2247 verus,
1779 2186 1870 2254 qui
1920 2202 2008 2242 res

443 2277 756 2335 ementitur,
798 2277 997 2344 quique
1039 2274 1321 2328 nominum
1377 2272 1868 2343 signiﬁcationibus
1907 2275 2010 2328 im-

444 2375 618 2421 mutat
651 2367 968 2421 veritatem?
999 2367 1202 2420 liectus
1237 2365 1500 2420 Dominus
1541 2363 1683 2419 Deus
1718 2367 1786 2420 ab
1820 2366 2008 2421 eodem

449 2475 642 2515 rursus
683 2460 987 2528 appellatur
1014 2459 1076 2510 ⁵⁸.
1111 2456 1303 2512 Utrum
1365 2457 1530 2528 igitur
1549 2458 1894 2513 rectitudinis
1930 2467 2013 2514 est

443 2550 940 2604 honorabilissimis
991 2549 1303 2604 nominibus
1379 2549 1670 2604 honestare
1725 2549 2008 2618 ignobilia,

443 2645 750 2710 exilemque
780 2642 1208 2696 nominationem
1264 2641 1506 2696 tribuere
1555 2650 1608 2695 et
1655 2649 2010 2710 apparentem

444 2735 500 2786 in
537 2733 702 2787 verbo
735 2732 1048 2801 dignitatem
1100 2730 1344 2786 invidere
1381 2732 1429 2786 ei
1465 2731 1556 2800 qui
1592 2732 2010 2800 appellationem

445 2823 697 2892 accepit?
730 2821 844 2876 [loc
885 2822 1257 2892 theologorum
1313 2823 1543 2875 istorum
1575 2822 1645 2876 de
1692 2836 1833 2876 novo
1898 2822 2009 2878 Deo

443 2914 859 2978 testimonium;
915 2913 1004 2968 hic
1058 2915 1387 2983 pervulgatae
1422 2913 1725 2970 dialecticae
1775 2915 2012 2970 solertia:

2109 447 2221 498 ἀλλ’
2261 450 2337 511 ὠς
2377 447 2488 518 ἔχει
2528 446 2688 515 φύσις
2715 464 2774 500 τε
2820 445 2913 499 καὶ
2944 444 3169 515 ἀλήθεια
3196 485 3210 510 ,
3253 442 3393 495 οὕτω
3439 441 3508 494 τὰ
3556 442 3690 494 ὄντα

2106 541 2259 611 ποιρά
2284 539 2376 592 τοῦ
2401 538 2534 592 Θεοῦ
2559 537 2804 608 κρίνεται
2828 554 2886 588 τε
2925 536 3016 589 καὶ
3043 535 3275 602 λέγεται,
3296 533 3396 584 οὐκ
3426 532 3690 589 ἐναντίως

2106 635 2216 695 τοῖς
2247 628 2394 684 οὖσιν
2425 629 2823 701 ὀνομαζόμενα.
2867 626 2981 680 ἀλλ’
3015 625 3089 689 ὡς
3131 623 3197 678 ἂν
3233 622 3466 694 μάλιστα
3517 636 3692 674 κατα.-

2109 725 2252 793 φανῆ
2294 723 2503 792 γένοιτο
2549 719 2618 774 τά
2668 720 3037 790 σημαινόμενα
3083 720 3202 780 ταῖς
3241 715 3471 778 οἰκείαις
3513 729 3688 782 προσ-

2108 812 2357 884 ηγορίαις
2387 806 2837 880 ἐξαγγελλόμενα.

2179 903 2364 959 Ταῦτα
2391 905 2418 956 6
2455 903 2713 974 εύσθενὴς
2742 901 2838 973 τὴν
2872 900 3131 962 διάνοιαν,
3161 900 3189 951 6
3223 898 3321 967 τῆς
3352 897 3688 968 πεφωρημέ-

2108 1016 2204 1068 νης
2244 995 2529 1066 συνηθείας
2576 995 2900 1064 κατήγορος,
2933 993 2961 1045 6
2999 991 3124 1054 τοὺς
3157 989 3582 1062 παρῃρημένους
3629 989 3687 1039 ἐν

2108 1089 2230 1159 δίκῃ
2259 1089 2350 1142 τὸν
2391 1086 2648 1156 λογισμὸν
2679 1084 2969 1155 διασύρων,
3016 1081 3186 1135 ταῦτα
3225 1080 3513 1150 γινώσκειν
3555 1080 3688 1150 περὶ

2109 1182 2205 1250 τῆς
2240 1180 2388 1242 θείας
2417 1177 2728 1231 ὑποτίθεται
2761 1175 2994 1256 φύσεος,
3020 1171 3222 1235 ταύτας
3257 1171 3384 1240 περὶ
3426 1170 3558 1224 Θεοῦ
3587 1171 3688 1233 τάς

2109 1273 2266 1339 δόξας
2291 1269 2582 1334 ἐκτίθεται,
2617 1268 2691 1331 ὡς
2733 1263 3262 1336 κατειρωνευομένου
3297 1262 3405 1314 τῶν
3436 1263 3689 1333 πραγμάο

2108 1384 2216 1418 των
2236 1367 2356 1426 ταῖς
2376 1361 2617 1433 ψευδωνύ
2628 1377 2748 1431 μοις
2776 1359 2999 1427 φωναῖς,
3022 1355 3115 1410 καὶ
3140 1357 3250 1418 τοῖς
3273 1353 3689 1415 ἀσθενεστάτοις

2109 1459 2208 1521 τὰς
2255 1455 2587 1526 τιμιωτάτας
2639 1450 2996 1524 χαριζομένου
3043 1446 3432 1517 προσηγορίας,
3475 1446 3566 1498 καὶ
3622 1446 3689 1498 τά

2109 1550 2264 1620 τίμια
2309 1545 2726 1616 καθυϐρίζοντες
2763 1545 2829 1614 τῇ
2881 1541 3016 1612 πρὸς
3057 1538 3125 1590 τὰ
3160 1538 3338 1607 φαῦλα
3379 1537 3487 1590 τῶν
3520 1537 3688 1589 ὄντων

2105 1635 2418 1710 ὁμωνυμίᾳ.
2451 1636 2560 1689 Καὶ
2598 1635 2882 1704 ἄνθρωπος
2920 1631 3018 1702 μέν
3049 1648 3130 1694 τις
3167 1629 3274 1682 τῶν
3323 1627 3458 1697 πρὸς
3487 1626 3684 1697 ἀρετὴν

2114 1730 2416 1801 βλεπόντων
2444 1727 2548 1792 ἔξω
2584 1727 2685 1796 τῆς
2716 1725 2971 1795 ἀληθείας
2995 1724 3088 1776 καὶ
3122 1721 3394 1783 ἀκουσίως
3428 1721 3688 1784 πολλάκις

2112 1820 2485 1893 παρενεχθεὶς,
2521 1819 2610 1872 ὑπ’
2651 1818 2832 1882 αἰδοῦς
2855 1817 3203 1870 καταδύεται.
3227 1813 3346 1884 Θεῷ
3371 1814 3428 1866 δὲ
3456 1814 3693 1884 πρέπου-

2114 1932 2212 1968 σαν
2245 1916 2460 1985 ἡγεῖται
2506 1913 2670 1982 τιμὴν
2715 1910 2774 1963 τὸ
2817 1909 3052 1978 φανῆναι
3103 1907 3518 1976 διαψευδόμενον
3566 1908 3689 1967 ταῖς

2111 2004 2446 2074 ἐπωνυμίαις
2467 2003 2534 2057 τά
2565 2005 2880 2072 πράγματα.
2915 2002 2989 2053 Οὐ
3019 1999 3191 2053 ταῦτα
3236 1997 3602 2070 μαρτυροῦσιν
3633 2000 3689 2049 αἱ

2113 2099 2439 2168 προφητεῖαι
2467 2098 2532 2166 τῇ
2572 2094 2689 2165 θείᾳ
2716 2092 2893 2162 φύσει.
2933 2094 3316 2160 Μακρόθυμος
3349 2090 3444 2143 καὶ
3477 2087 3692 2142 πολυέ-

2110 2193 2251 2255 λεος
2293 2189 2389 2242 καί
2424 2189 2714 2256 ἀληθινὸς
2748 2186 2914 2252 Θεὸς,
2947 2186 3108 2258 φησὶν
3148 2186 3176 2237 6
3208 2183 3388 2238 Δαϐίδ.
3434 2183 3558 2247 Πῶς
3597 2179 3692 2235 οὖν

2111 2277 2360 2352 ἀληθινὸς
2413 2283 2440 2333 6
2499 2279 2608 2334 τῶν
2657 2279 2996 2351 πραγμάτων
3051 2277 3538 2348 καταψευδόμενος,
3595 2277 3688 2329 καὶ

2112 2373 2463 2426 ὲπαλλάσσων
2523 2375 2578 2424 ἐν
2628 2374 2744 2435 ταῖς
2794 2371 2902 2424 τῶν
2954 2370 3233 2441 ὀνομάτων
3277 2371 3547 2441 ἐμφάσεσι
3587 2371 3689 2442 τὴν

2113 2462 2402 2532 ἀλήθειανς
2437 2460 2610 2526 Εὐθὺς
2645 2461 2848 2531 Κύριος
2876 2463 2903 2514 ὁ
2932 2461 3061 2523 Θεὸς
3095 2460 3243 2532 παρά
3270 2459 3363 2513 τοῦ
3395 2461 3560 2514 αὐτοῦ
3586 2461 3690 2513 πά-

2111 2553 2194 2605 λιν
2227 2553 2710 2624 προσαγορεύεται·
2737 2549 2825 2623 ἄρ’
2842 2548 2934 2606 οὖν
2957 2552 3248 2624 εὐθύτητός
3278 2554 3391 2606 ἐστι
3418 2553 3476 2606 τὸ
3499 2554 3696 2622 σεμνὲ-

2113 2662 2223 2698 νειν
2253 2647 2365 2708 τοῖς
2402 2646 2747 2713 τιμιωτάτοις
2793 2645 2900 2696 τῶν
2951 2644 3230 2712 ὀνομάτων
3265 2644 3334 2697 τὰ
3367 2643 3559 2714 ἄτιμα,
3593 2646 3692 2696 καὶ

2113 2735 2210 2806 τὴν
2239 2735 2552 2805 ἐπωνυμίαν
2577 2734 2783 2788 διδόντα
2805 2734 2962 2806 ψιλὴν
2985 2736 3081 2804 τῆς
3107 2736 3510 2806 ἐμφαινομένης
3534 2737 3696 2800 ἀξίας

2112 2825 2189 2895 τῷ
2219 2827 2421 2896 ῥήματι
2455 2824 2766 2894 βασκαίνειν
2793 2825 2872 2896 τῷ
2904 2825 3250 2896 μετειληφότι
3290 2825 3390 2896 τῆς
3423 2826 3693 2898 κλήσεωςζ

2112 2915 2262 2986 Αὕτη
2307 2915 2413 2969 τῶν
2453 2915 2715 2984 θεολόγων
2761 2915 2966 2968 τούτων
3015 2916 3048 2986 ἡ
3084 2917 3209 2987 περὶ
3256 2915 3350 2968 τοῦ
3399 2917 3521 2970 νέου
3555 2917 3693 2970 Θεοῦ

445 3004 735 3071 terminus,
794 3003 1172 3058 demonstrare
1206 3003 1372 3058 Deum
1426 3004 1667 3074 ipsorum
1727 3004 2009 3060 fraudibus

2117 3011 2390 3080 μαρτυρία
2415 3027 2427 3039 ο
2486 3008 2643 3062 τοῦτο
2701 3010 2798 3079 τῆς
2855 3009 3287 3081 πολυθρυλλήτου
3344 3009 3693 3080 διαλεκτικῆς

445 3090 725 3159 delectari,
762 3109 861 3149 nec
919 3094 1133 3148 invidiae
1163 3095 1298 3149 vitio
1325 3111 1522 3166 purum
1576 3112 1718 3153 esse.
1779 3097 2011 3152 Fraudis

446 3186 618 3251 enim,
655 3200 760 3239 non
789 3195 848 3240 ut
881 3201 938 3240 se
969 3185 1131 3240 habet
1166 3194 1365 3241 natura
1392 3195 1446 3243 et
1467 3188 1706 3259 dignitas
1739 3205 1826 3245 res
1858 3190 2008 3244 inlir-

448 3290 569 3331 mas
615 3276 932 3337 nominare,
966 3275 1058 3330 sed
1108 3291 1172 3332 ex
1207 3279 1640 3346 praacellentibus
1700 3279 2014 3351 desumptas

449 3367 838 3434 appellationes
867 3367 999 3436 ipsis
1040 3367 1239 3423 frustra
1272 3369 1456 3439 largiri
1484 3409 1498 3433 ,
1533 3385 1640 3424 non
1673 3385 1798 3425 cum
1827 3373 2014 3442 appel-

445 3455 648 3511 latione
698 3473 880 3512 rerum
933 3473 1053 3526 quae
1108 3458 1462 3510 nominantur
1516 3460 1717 3512 virtute
1767 3460 2010 3515 collata:

445 3541 661 3602 invidia:
695 3558 899 3612 autem,
932 3557 989 3602 ιιι
1043 3551 1136 3618 qui
1181 3549 1354 3617 possit
1387 3549 1764 3604 honorabilius
1816 3567 2011 3607 nomen

445 3636 631 3701 rebus,
663 3638 960 3691 secundum
982 3636 1034 3690 id
1060 3641 1202 3705 quod
1232 3640 1671 3707 praestantiusest
1694 3641 2009 3707 nominatis,

445 3726 762 3798 gratiﬁcari,
809 3728 985 3797 ipsum
1017 3730 1247 3798 gratiam
1275 3729 1404 3787 dare
1443 3731 1642 3802 pigeat.
1674 3749 1738 3790 ac
1787 3735 1834 3790 si
1886 3751 2015 3806 pro-

449 3818 627 3888 prium
660 3818 917 3873 damnum
956 3819 1230 3888 judicaret
1260 3822 1622 3878 inﬁrmiorum
1672 3825 2010 3883 felicitatem.

449 3907 552 3962 Sed
581 3923 681 3980 ego
730 3909 1086 3979 prudentibus
1117 3913 1508 3977 consuluerim,
1534 3919 1752 3974 tametsi
1817 3921 2012 3977 horum

447 3997 817 4067 gnosticorum
879 3998 1022 4054 Deus
1066 3999 1192 4055 talis
1251 4017 1374 4057 esse
1427 4004 1702 4060 rationum
1753 4008 2012 4065 violentia

445 4087 682 4156 cogitur,
736 4103 842 4142 non
885 4089 964 4143 sic
996 4103 1182 4144 verum
1223 4089 1390 4146 Deum
1445 4093 1794 4166 Unigenitum
1845 4099 2014 4157 Deum

444 4186 659 4244 putare,
696 4178 790 4235 sed
833 4179 1012 4248 ipsum
1047 4182 1113 4236 ad
1163 4183 1532 4253 subjectorum
1570 4189 1853 4247 veritatem
1889 4208 2012 4250 cer-

444 4284 596 4333 nere,
627 4281 678 4323 et
709 4272 906 4342 cuique
936 4288 1032 4350 pro
1062 4276 1254 4330 merito
1277 4277 1541 4344 tribuere,
1574 4291 1736 4352 atque
1757 4300 1820 4340 ex
1847 4288 2012 4345 rebus

443 4365 849 4434 cognominare.
919 4365 1116 4435 Venite,
1148 4368 1344 4439 inquit,
1378 4369 1634 4428 benedicti
1667 4375 1710 4408 ‘9
1739 4394 1752 4431 :
1782 4387 1852 4443 et,
1904 4378 2006 4446 Ite,

446 4455 716 4510 maledicti
746 4459 825 4514 ⁸ος
864 4475 1038 4528 neque
1083 4475 1206 4516 cum
1240 4461 1332 4532 qui
1379 4466 1760 4523 maledictione
1811 4470 2008 4544 dignus

441 4558 546 4612 est,
571 4548 966 4606 benedictionis
1009 4552 1226 4607 nomine
1266 4554 1565 4624 honorans,
1597 4575 1774 4630 neque
1813 4573 2005 4621 contra

439 4655 563 4692 eum
594 4643 683 4709 qui
710 4641 1135 4699 benedictionem
1160 4644 1263 4700 sibi
1295 4645 1704 4721 thesaurizavit,
1737 4669 1862 4711 cum
1890 4674 2010 4714 sce-

441 4729 628 4786 leratis
658 4732 938 4800 abjiciens.

441 4822 688 4891 εὐλογίας
729 4827 961 4895 τιμήσας
992 4827 1246 4900 ὀνόματι,
1285 4831 1408 4885 οὔτε
1447 4834 1507 4887 τὸ
1551 4835 1752 4908 ἔμπαλι

440 4918 921 4986 ἀποπεμψάμενος.

513 5008 616 5062 Sed
644 5008 772 5078 quid
805 5008 947 5102 dicta
966 5001 1214 5084 scriptori
1250 5019 1478 5077 volunt?
1507 5023 1571 5078 Et
1599 5028 1663 5083 ad
1688 5047 1848 5102 quem
1880 5053 2004 5094 sco-

441 5114 567 5170 pum
633 5107 841 5169 spectat
886 5101 1006 5170 ejus
1049 5109 1232 5161 ratio?
1265 5109 1343 5166 Ne
1387 5131 1518 5170 vero
1553 5121 1842 5192 quisquam
1903 5133 2008 5185 hoc

441 5194 770 5264 suspicetur,
834 5197 980 5266 quod
1036 5201 1323 5257 verborum
1372 5208 1552 5277 inopia
1616 5213 1895 5282 laborans,
1954 5231 2011 5276 ut

437 5303 599 5356 quam
635 5290 870 5346 maxime
930 5290 1176 5346 videatur
1225 5295 1279 5347 in
1323 5297 1666 5356 latitudinem
1718 5310 2010 5367 extendere

438 5380 764 5443 orationem,
790 5381 842 5434 in
877 5381 1200 5451 quibusdam
1247 5400 1412 5442 sensu
1465 5395 1781 5452 carentibus
1817 5399 2006 5455 debla-

437 5475 620 5524 teratis
706 5475 1079 5541 garrulitatem
1121 5478 1383 5536 extendit.
1439 5481 1544 5540 Sed
1588 5488 1750 5543 etiam
1805 5493 2004 5562 aliquid

509 5627 554 5658 ⁸⁷
591 5625 732 5683 Psal.
765 5649 955 5706 L_XXX\',
994 5640 1044 5704 5,
1081 5641 1174 5710 l5;
1201 5659 1378 5713 cxuv,
1407 5647 1460 5703 8.
1539 5651 1582 5682 ⁵³
1623 5651 1763 5708 Psal.
1803 5671 1908 5722 xm,
1946 5659 2026 5712 16.

2116 3101 2392 3171 ἀγχινοίας
2433 3100 2493 3154 τὸ
2522 3100 2710 3171 πέρας,
2755 3099 2823 3152 τὸ
2856 3099 3027 3166 δεῖξαι
3061 3101 3152 3153 τὸν
3201 3101 3332 3154 Θεὸν
3381 3101 3560 3154 αὐτῶν
3596 3104 3693 3156 καὶ

2114 3195 2231 3254 ταῖς
2260 3193 2496 3254 ἀπάταις
2525 3191 3010 3263 περιτερπὸμενον,
3044 3193 3250 3246 καὶτοῦ
3283 3193 3424 3246 κατά
3453 3194 3544 3248 τὸν
3567 3194 3694 3263 φθό-

2115 3300 2204 3335 νον
2232 3284 2436 3346 πάθους
2481 3283 2540 3335 ού
2593 3283 2985 3352 καθαρεύοντα.
3026 3284 3265 3355 Ἀπάτης
3305 3286 3401 3356 μὲν
3430 3287 3538 3357 γάρ
3572 3288 3692 3339 ἐστι

2117 3376 2174 3429 τὸ
2210 3375 2283 3447 μὴ
2312 3376 2388 3440 ὡς
2421 3374 2532 3446 ἔχει
2572 3374 2786 3445 φύσεώς
2818 3393 2876 3428 τε
2923 3377 3016 3429 καὶ
3048 3377 3201 3441 ἀξίας
3243 3376 3312 3431 τὰ
3339 3377 3540 3448 ἀσθενῆ
3581 3379 3692 3432 τῶν

2120 3466 2457 3536 πραγμάτων
2502 3469 2909 3539 κατονομάζειν,
2940 3469 3052 3522 ἀλλ’
3081 3471 3144 3523 ἐκ
3172 3469 3282 3523 τῶν
3311 3469 3688 3540 ὑπερεχόντων

2115 3559 2214 3620 τὰς
2242 3559 2556 3628 ἐπωνυμίας
2593 3561 2775 3624 αὐτοῖς
2827 3561 3004 3633 μάτην
3034 3560 3376 3634 χαρίζεσθαι,
3421 3563 3497 3634 μὴ
3545 3582 3686 3634 συμ-

2119 3647 2471 3716 μετατιθέντα
2521 3653 2587 3722 τῇ
2638 3651 2824 3724 κλήσει
2859 3652 2966 3706 τῶν
3016 3654 3538 3725 κατονομαζομένων
3589 3657 3688 3726 τὴν

2116 3739 2376 3810 δύναμιν·
2431 3741 2624 3811 φθόνου
2673 3743 2729 3795 δὲ
2781 3743 2842 3796 τὸ
2886 3743 3182 3814 δυνάμενον
3210 3745 3308 3817 τὴν
3356 3749 3686 3818 τιμιωτέραν

2115 3830 2258 3898 λέξιν
2296 3835 2406 3896 τοῖς
2436 3835 2571 3905 πρὸς
2595 3834 2656 3887 τὸ
2691 3836 2934 3906 κρεῖττον
2961 3836 3306 3907 ὀνομασθεῖσι
3340 3840 3682 3909 χαρίζεσθαι,

2114 3930 2293 3986 ὀκνεῖν
2332 3932 2426 4003 τὴν
2469 3933 2648 4003 χάριν,
2675 3933 2839 3986 οἱονεὶ
2879 3935 3080 4003 ζημίαν
3129 3933 3266 3988 ίδίαν
3306 3937 3564 4004 κρίνοντα
3589 3933 3686 4004 τὴν

2115 4025 2223 4078 τῶν
2247 4024 2488 4080 ἀσθενῶν
2514 4025 2841 4096 εὐπραγίαν.
2891 4025 3029 4100 ’.ἁλλ’
3069 4025 3180 4095 ἐγὼ
3226 4025 3682 4097 συμϐουλεύσαιμ’

2117 4117 2184 4171 ἂν
2215 4121 2328 4180 τοῖς
2355 4134 2418 4184 γε
2441 4117 2563 4170 νοῦν
2587 4117 2790 4187 ἔχουσι,
2821 4117 2926 4172 κᾶν
2955 4119 2984 4170 6
3015 4118 3123 4171 τῶν
3164 4119 3540 4191 γνωριστικῶν
3566 4119 3680 4172 τού-

2115 4226 2222 4262 των
2243 4210 2376 4274 Θεὸς
2406 4209 2644 4273 τοιοῦτος
2680 4205 2819 4264 εἶναι
2853 4211 2956 4265 ὑπὸ
2985 4211 3082 4282 τῆς
3109 4197 3220 4264 ⁴ἰῶν
3257 4211 3532 4281 λογισμῶν
3567 4211 3680 4280 βίας

2118 4302 2615 4372 καταναγκάζηται,
2644 4301 2719 4372 μὴ
2748 4301 2890 4356 οὕτω
2916 4302 3010 4356 καὶ
3030 4303 3121 4356 τὸν
3147 4301 3394 4372 ἀληθινὸν
3423 4305 3574 4368 Θεὸν,
3595 4304 3678 4355 τὸν

2111 4394 2388 4463 Μονογενῆ
2417 4392 2547 4445 Θεὸν
2573 4392 2802 4457 οἴεσθαι,
2836 4393 2971 4447 ἀλλά
2996 4393 3132 4464 πρὸς
3159 4393 3256 4465 τὴν
3284 4394 3546 4465 ἀλήθειαν
3580 4393 3679 4446 τῶν

2115 4486 2486 4557 ὑποκειμένων
2513 4486 2665 4556 όρᾷν,
2695 4486 2790 4539 καὶ¹
2817 4487 2879 4540 τὸ
2920 4487 3040 4540 κατ’
3084 4486 3241 4553 ἀξίαν
3273 4488 3490 4557 ἑκάστῳ
3520 4505 3679 4561 προσ-

2117 4579 2430 4648 μαρτυρεῖν,
2476 4577 2570 4630 καὶ
2627 4576 2692 4629 ἐκ
2733 4576 2841 4630 τῶν
2886 4578 3228 4649 πραγμάτων
3273 4580 3679 4650 κατονομάζειν.

2110 4673 2307 4735 Δεῦτε,
2357 4672 2542 4742 φησὶν,
2573 4674 2626 4725 οἱ
2667 4670 3077 4740 εὐλογημένοι,
3101 4671 3216 4738 καὶ,
3249 4674 3602 4739 Πορεύεσθε,
3632 4675 3680 4725 οε

2111 4759 2507 4829 κατηραμένοι
2538 4800 2553 4824 ,
2607 4757 2728 4812 οὔτε
2779 4759 2869 4812 τὸν
2929 4760 3170 4831 κατάρας
3233 4761 3382 4828 ἄξιον
3449 4763 3530 4834 τῷ
3587 4763 3681 4832 τῆς

1757 4860 1786 4896 ν
1821 4847 1912 4901 τὸν
1945 4850 2042 4924 τὴν
2091 4855 2341 4924 εὐλογίαν
2389 4851 3005 4939 ἐαυτῷθησαυρίσαντα
3057 4855 3194 4926 μετά
3229 4855 3338 4910 τῶν
3382 4855 3677 4926 ἐξαγίστων

2190 5046 2350 5100 Ἀλλά
2370 5047 2420 5098 τί
2452 5045 2698 5116 βούλεται
2718 5044 2797 5114 τῷ
2826 5047 3151 5118 λογογράφῳ
3173 5046 3241 5101 τά
3260 5049 3549 5120 είρημένα;
3578 5051 3682 5106 Καὶ

2107 5138 2244 5208 πρὸς
2288 5138 2409 5191 τίνα
2436 5138 2619 5206 βλέπει
2663 5138 2862 5191 σκοπὸν
2889 5139 2918 5190 6
2945 5139 3098 5206 λόγος
3124 5139 3288 5192 αὑτοῦ
3313 5160 3325 5207 ;
3363 5144 3454 5212 Μὴ
3486 5145 3593 5214 γὰρ
3620 5143 3684 5214 δὴ

2104 5226 2260 5279 τοῦτό
2283 5245 2366 5290 τις
2405 5229 2718 5292 ὑπονοείτω,
2751 5229 2832 5282 ὅτι
2864 5230 2930 5283 δι’
2953 5231 3185 5301 ἀπορίαν
3219 5234 3484 5304 ῥημάτων
3511 5237 3588 5301 ὡς
3617 5237 3683 5290 ἂν

2110 5319 2344 5388 μάλιστα
2365 5319 2565 5384 δόξειεν
2587 5323 2664 5384 είς
2694 5322 2893 5386 πλάτος
2923 5324 3184 5378 ἐκτείνειν
3213 5328 3305 5380 τὸν
3332 5328 3508 5398 λόγον,
3537 5331 3682 5383 ἀδια-

2114 5408 2321 5477 νοήτοις
2350 5411 2490 5460 τισὶν
2507 5409 2946 5480 -ὲμὸατταρίζων,
2975 5413 3074 5486 τὴν
3103 5415 3371 5486 φλυαρίαν
3395 5419 3678 5484 ἐξέτεινεν.

2127 5497 2263 5550 Ἀλλ’
2293 5497 2405 5568 ἔχει
2431 5517 2482 5552 τι
2511 5501 2605 5552 καὶ
2633 5501 2692 5553 τὸ
2721 5502 2944 5572 ἀνόητον
2971 5504 3080 5557 τῶν
3111 5508 3415 5579 εἰρημένων
3447 5511 3523 5576 ὡς
3549 5513 3679 5579 πρὸς

2110 5660 2148 5691 δί’
2179 5657 2368 5713 Matth.
2405 5675 2529 5729 xxv,
2559 5662 2644 5716 55.
2725 5664 2768 5694 ⁸⁸
2800 5659 2928 5719 find.
2962 5666 3047 5720 41.
