4056 6146
347 242 475 296 1021

1427 237 1700 293 CONTRA
1738 233 2127 304 EUNOMIUM,
2161 235 2285 292 LIB.
2322 237 2441 292 XII.

3469 242 3605 297 10‘2‘2

347 360 446 427 τὴν
492 356 705 428 αἵρεσιν
753 356 1012 410 ὕποπτον.
1051 356 1123 409 Τὸ
1166 356 1272 427 γὰρ
1307 357 1478 410 εἰπεῖν
1529 358 1597 411 τὰ
1626 355 1922 427 τιμιώτατα

2032 354 2194 410 habet
2242 356 2385 425 quod
2434 354 2599 411 etiam
2648 355 2924 411 dictorum
2961 364 3252 411 amentiam
3300 355 3509 411 redolet
3550 363 3605 410 et

348 449 455 503 τῶν
500 448 779 519 ὀνομάτων
826 448 918 501 καὶ
958 451 1068 511 τοῖς
1106 448 1514 512 ἀσθενεστάτοις
1557 448 1925 516 ἐπιλέγεσθαι,

350 543 454 595 κᾶν
484 542 556 613 μὴ
591 541 968 613 ίσομοιροῦντα
1000 541 1138 615 τύχῃ
1173 542 1311 595 κατά
1335 542 1432 612 τὴν
1463 541 1623 611 φύσιν
1653 540 1748 594 τοῦ
1775 539 1930 607 ἀξιὼ-

354 650 541 701 ματος,
572 634 885 700 κατασκευή
914 632 995 696 τίς
1020 633 1171 685 ἐστιν
1196 632 1344 703 αὐτῷ
1368 633 1509 686 κατά
1532 633 1591 685 τὸ
1620 632 1841 703 λεληθὸς
1862 636 1927 703 τῇ

352 724 667 794 βλασφημίᾳ
716 725 815 794 τὴν
852 724 1169 777 ἀκολουθίαν
1212 726 1705 799 ὑπευτρεπίζουσα,
1744 726 1819 789 ὼς
1864 725 1930 779 ἂν

349 814 504 867 τοῦτο
544 814 673 885 παρ’
705 815 872 868 αὑτοῦ
918 816 1139 885 μάθοιεν
1183 818 1233 869 οἱ
1273 817 1339 870 τὰ
1384 816 1591 870 ἐκείνου
1633 817 1929 887 μανθάνον-

354 924 478 970 τες,
534 908 613 960 ὅτι
666 906 765 961 κᾶν
813 907 945 970 Θεὸς
993 910 1020 961 6
1070 908 1377 980 Μονογενὴς
1431 908 1795 980 ὀνομάζηται,
1838 910 1930 963 καὶ

354 999 543 1068 σοφία,
596 998 690 1052 καὶ
738 997 1003 1069 δύναμις,
1056 1000 1148 1053 καὶ
1200 1000 1348 1068 φῶς,
1400 1001 1493 1053 καὶ
1540 1001 1794 1072 ἀλήθεια,
1834 1000 1929 1054 καὶ

353 1091 546 1161 κριτὴς
568 1129 582 1154 ,
622 1091 715 1143 καὶ
766 1090 1019 1161 βασιλεὺς
1042 1130 1057 1153 ,
1115 1092 1207 1144 καὶ
1242 1093 1335 1145 ἐπὶ
1368 1092 1586 1145 πάντων
1635 1091 1798 1155 Θεὸς,
1835 1092 1929 1145 καὶ

358 1182 533 1251 μέγας
590 1181 721 1244 Θεὸς
778 1182 872 1235 καὶ
926 1182 1107 1253 ἄρχων
1165 1183 1414 1253 εἰρήνης,
1463 1182 1557 1236 καὶ
1596 1183 1784 1253 Πατὴρ
1835 1182 1927 1235 τοῦ

359 1272 642 1341 μέλλοντος
680 1272 893 1337 αἰῶνος,
926 1272 1019 1325 καὶ
1052 1271 1228 1325 πάντα
1253 1272 1322 1326 τά
1342 1272 1586 1337 τοιαῦτα,
1626 1274 1785 1345 μέχρι
1821 1275 1931 1328 ὀνό-

360 1382 531 1431 ματος
566 1364 711 1434 αὑτῷ
746 1365 902 1433 μόνον
936 1365 1139 1435 ἐστίνὴ
1170 1366 1326 1435 τιμή.
1352 1364 1426 1439 Οὐ
1460 1366 1567 1439 γὰρ
1600 1367 1927 1438 συμμετέχει

358 1454 453 1506 καὶ
477 1455 577 1523 τῆς
600 1450 754 1519 ἀξίας
784 1454 850 1525 ἣν
883 1454 1135 1526 ἐμφαίνει
1175 1453 1282 1507 τῶν
1307 1438 1585 1526 ὀνομάτων
1610 1458 1643 1527 ἡ
1678 1456 1923 1526 δύναμις.

359 1544 471 1597 Καὶ
498 1545 632 1615 ὅπερ
663 1546 833 1597 ἐποίει
867 1548 980 1609 τοῖς
1026 1545 1389 1609 Βαϐυλωνίοις
1436 1547 1464 1598 6
1498 1546 1660 1615 σοφὸς
1708 1548 1925 1619 Δανιὴλ,

354 1635 727 1705 διορθούμενος
761 1638 943 1691 αὐτῶν
977 1637 1075 1709 τὴν
1107 1638 1329 1708 περὶτὰ
1361 1639 1556 1693 εἴδωλα
1595 1641 1821 1712 πλάνην,
1852 1642 1927 1706 ὡς

354 1722 419 1775 ἂν
448 1723 521 1795 μὴ
556 1724 647 1777 τὸν
673 1726 893 1796 χαλκὸν,
925 1724 956 1799 ἢ
994 1727 1087 1780 τὸν
1116 1727 1383 1799 δράκοντα
1421 1728 1647 1796 σέϐοιεν,
1680 1732 1739 1785 τὸ
1759 1732 1929 1802 ὄνομα

354 1814 448 1868 τιιῦ
477 1816 634 1880 Θεοῦ,
667 1818 726 1870 τὸ
756 1820 907 1890 παρά
939 1817 1047 1871 τῶν
1089 1820 1333 1889 ματαίων
1373 1821 1555 1884 αὑτοῖς
1592 1824 1930 1893 ἐπιπεφημι-

358 1905 552 1975 σμένον
578 1906 906 1977 αἰδούμενοι,
938 1909 1029 1962 καὶ
1072 1909 1258 1977 σαφῶς
1286 1909 1353 1963 δι’
1390 1904 1465 1963 ὧν
1492 1911 1745 1981 ἐποίησεν
1794 1911 1930 1964 ἔδει·

357 1996 465 2060 ξεν,
492 1998 572 2050 ὅτι
606 1999 665 2050 οὑ
696 1998 979 2069 συμϐαίνει
1017 2000 1077 2052 τὸ
1108 1999 1307 2070 ὑψηλὸν
1334 2004 1431 2071 τῆς
1468 2001 1719 2073 θεότητος
1759 2002 1927 2073 ὄνομα

357 2088 491 2158 πρός
526 2105 583 2140 τε
629 2089 689 2141 τὸ
740 2091 964 2160 ἑρπετὸν
995 2091 1204 2164 θηρίου,
1239 2094 1333 2147 καὶ
1384 2093 1518 2164 πρὸς
1566 2094 1627 2147 τὸ
1674 2096 1856 2167 σχῆμα
1885 2090 1929 2164 ᾧ

354 2180 551 2248 χαλκὸς
600 2180 927 2236 ἐτετύπωτο.
977 2184 1163 2238 Ταῦτα
1209 2186 1342 2257 πρὸς
1379 2185 1439 2237 τὸ
1490 2184 1731 2239 ἐναντίον
1777 2186 1871 2239 καὶ
1901 2188 1930 2240 6

355 2272 449 2341 ἐχθ
460 2273 546 2343 ρδς
574 2274 666 2327 τοῦ
689 2274 823 2328 Θεοῦ
850 2276 942 2328 ἐπὶ
964 2277 1057 2329 τοῦ
1083 2277 1420 2346 Μονογενοῦς
1440 2277 1573 2331 Θεοῦ
1600 2280 1931 2333 κατασκευά-

356 2364 468 2426 ζειν
497 2364 581 2417 διὰ
631 2365 739 2419 τῶν
777 2366 1060 2437 δογμάτων
1094 2368 1405 2438 φιλονεικεῖ,
1457 2371 1613 2424 τοῦτο
1660 2371 1797 2441 βοῶν
1841 2372 1927 2427 διὰ

352 2457 552 2527 ταύτης
584 2459 683 2529 τῆς
707 2461 1071 2531 προκειμένης
1120 2460 1267 2532 αύτῷ
1295 2463 1538 2533 ρήσεως,
1570 2464 1651 2517 ὃτι
1674 2464 1765 2535 Μὴ
1792 2465 1927 2536 πρὸς

351 2548 419 2601 τὰ
448 2548 686 2618 ὀνόματα
714 2550 807 2603 τοῦ
835 2551 1038 2622 Κυρίου
1084 2550 1310 2621 βλέπετε
1354 2548 1429 2606 ὧν
1468 2554 1811 2624 μετείληφεν,
1853 2555 1928 2618 ὡς

351 2641 416 2692 ἐκ
439 2642 640 2695 τούτων
666 2642 725 2695 τδ
763 2643 1039 2710 ἄφραστον
1068 2643 1232 2697 αὑτοῦ
1266 2644 1357 2698 καὶ
1391 2644 1592 2716 ὑψηλὸν
1616 2645 1717 2716 τῆς
1742 2647 1927 2709 οὐσίας

350 2732 677 2801 λογίζεσθαι.
709 2734 886 2787 Πολλά
914 2735 1022 2804 γὰρ
1063 2736 1156 2789 καὶ¹
1188 2735 1321 2789 ἄλλα
1367 2735 1475 2791 τῶν
1521 2736 1927 2792 ἀσθενεστάτων

349 2826 472 2886 ταῖς
505 2824 894 2895 ὑπερεχούσαις
928 2828 1265 2897 ἐπωνυμίαις
1306 2829 1612 2900 τετίμηται,
1652 2825 1727 2884 ὧν
1764 2833 1797 2899 ὴ
1830 2832 1927 2901 μὲν

350 2917 547 2985 κλῆσις
576 2917 635 2969 τὸ
659 2917 859 2989 ὑψηλὸν
890 2916 1024 2988 ἔχει,
1052 2921 1084 2988 ἡ
1118 2919 1174 2971 δὲ
1207 2919 1367 2988 φύσις
1396 2922 1532 2991 πρὸς
1554 2922 1614 2975 τὸ
1644 2923 1926 2992 μεγαλεῖον

2030 447 2095 502 ad
2148 448 2397 503 haeresim
2430 458 2743 518 suspectum
2802 457 2904 504 est.
2949 447 3083 501 Nam
3144 449 3338 503 aﬂ‘erre
3384 449 3604 503 nomina

2028 538 2508 596 honorabilissima
2569 540 2677 596 dici
2739 540 2807 595 de
2864 541 3288 605 inﬁrmissimis,
3357 542 3607 610 quamvis

2027 629 2293 697 aqualem
2330 628 2632 685 secundum
2681 627 2996 699 dignitatem
3033 638 3284 684 naturam
3344 646 3452 683 nim
3505 630 3604 683 lia-

2030 721 2211 782 beant,
2244 720 2493 789 quadam
2548 726 2634 775 est
2679 720 2945 774 astructio
2986 720 3215 775 latenter
3256 719 3605 788 blasphemize

2029 812 2474 866 consecutionem
2507 825 2844 881 praeparans,
2878 820 2939 865 ut
2988 813 3091 866 hoc
3134 812 3203 865 ab
3240 812 3359 882 ipso
3387 812 3605 867 discant

2028 902 2122 970 qui
2152 902 2302 957 illius
2357 902 2608 972 dogmata
2643 903 2984 973 percipiunt,
3021 904 3279 972 quoniam
3330 904 3432 957 etsi
3462 902 3602 956 Deus

2033 991 2363 1062 Unigenitus
2388 993 2729 1058 nominatur,
2779 1001 2834 1048 et
2880 995 3165 1063 sapientia,
3209 1002 3262 1050 et
3304 995 3499 1056 virtus,
3549 1002 3603 1048 et

2028 1083 2143 1146 lux,
2182 1092 2235 1138 et
2280 1082 2501 1146 veritas,
2549 1090 2603 1138 et
2654 1084 2843 1152 judex,
2874 1092 2929 1138 et
2981 1099 3097 1150 rex,
3145 1093 3200 1139 et
3254 1084 3308 1137 in
3343 1084 3600 1138 omnibus

2030 1172 2194 1237 Deus,
2226 1181 2282 1229 et
2319 1189 2548 1245 magnus
2579 1172 2745 1238 Deus,
2771 1180 2825 1227 et
2854 1174 3112 1243 princeps
3150 1174 3323 1243 pacis,
3357 1181 3413 1229 et
3443 1166 3600 1227 Pater

2029 1265 2199 1320 futuri
2227 1264 2433 1329 saeculi,
2463 1272 2517 1319 ct
2537 1264 2720 1318 omnia
2735 1278 2855 1334 quae
2885 1271 3012 1319 sunt
3038 1265 3365 1326 istiusmodi,
3384 1264 3601 1317 nomine

2028 1363 2188 1410 tenus
2221 1353 2323 1424 ipsi
2352 1353 2527 1409 solmn
2564 1360 2648 1408 est
2674 1352 2869 1408 honor.
2904 1351 3022 1407 Non
3049 1355 3193 1405 enim
3221 1359 3303 1405 est
3331 1353 3600 1421 particeps

2028 1446 2306 1515 dignitatis
2361 1459 2522 1515 quam
2575 1444 2816 1499 ostendit
2874 1444 3155 1497 nominum
3208 1442 3310 1497 vis.
3368 1441 3432 1495 Et
3456 1443 3600 1510 quod

2032 1540 2346 1612 Babyloniis
2390 1539 2622 1595 faciebat
2672 1538 2890 1608 sapiens
2933 1536 3141 1602 Daniel,
3178 1537 3421 1607 ipsorum
3453 1537 3599 1591 circa

2030 1634 2173 1688 idola
2210 1647 2449 1689 errorem
2478 1632 2790 1695 emendans,
2825 1646 2893 1685 ne
2916 1646 2989 1686 :cs
3019 1630 3103 1685 vel
3124 1630 3417 1684 draconem
3453 1630 3600 1683 cole-

1958 1709 2001 1770 Β
2033 1732 2172 1791 rent,
2194 1740 2390 1779 nomen
2424 1723 2540 1790 Dei,
2575 1723 2720 1794 quod
2771 1737 2800 1776 a
2843 1722 2999 1778 vanis
3031 1722 3151 1776 istis
3192 1721 3503 1776 hominibus
3532 1721 3598 1775 de

2033 1814 2167 1884 ipsis
2217 1814 2622 1879 celebrabatur,
2672 1821 3005 1879 reverentes,
3060 1823 3113 1867 et
3150 1819 3334 1881 aperte
3387 1826 3483 1880 per
3534 1826 3596 1867 ea

2030 1923 2150 1976 qua:
2175 1906 2301 1962 fecit
2351 1905 2607 1970 ostendit,
2656 1904 2800 1973 quod
2846 1904 3124 1959 excelsum
3167 1902 3467 1956 divinitatis
3501 1917 3599 1955 no-

2030 2008 2155 2048 men
2188 2002 2242 2049 et
2272 1994 2325 2047 in
2368 1993 2615 2063 reptilem
2649 1992 2818 2046 feram
2864 2005 2974 2045 non
3008 1992 3175 2054 cadit,
3204 2001 3258 2044 et
3285 1991 3337 2043 in
3369 1989 3596 2059 ﬁguram

2030 2102 2137 2156 qua
2164 2101 2239 2141 aes
2266 2082 2607 2141 en‘ormatum
2658 2090 2797 2153 erat.
2832 2082 2956 2138 llazc
2981 2084 3035 2137 in
3065 2082 3398 2137 contrarium
3433 2080 3597 2134 etiam

2031 2176 2124 2231 Dei
2154 2177 2411 2231 inimicus
2442 2174 2495 2229 in
2528 2173 2818 2245 Unigenito
2843 2174 2954 2229 Deo
2990 2182 3312 2243 przcstrnere
3353 2184 3447 2240 per
3467 2167 3600 2238 dog-

2028 2276 2173 2323 mata
2205 2282 2534 2339 magnopere
2564 2265 2865 2329 contendit,
2893 2265 2995 2319 hoc
3026 2264 3311 2318 clamitans
3339 2276 3435 2332 per
3458 2260 3599 2312 hanc

2029 2361 2131 2432 ipsi
2180 2360 2513 2442 propositam
2548 2358 2841 2413 dictionem
2877 2374 2889 2410 :
2932 2355 3010 2411 Ne
3053 2354 3360 2424 respiciatis
3405 2350 3473 2404 ad
3502 2365 3601 2404 no-

2029 2454 2174 2507 mina
2216 2451 2426 2506 Domini
2465 2464 2695 2521 quorum
2724 2456 2808 2504 est
2852 2449 3142 2519 particeps,
3192 2446 3263 2499 ita
3304 2452 3363 2497 ut
3412 2458 3475 2497 ex
3513 2442 3601 2497 bis

2030 2543 2352 2597 ineﬂ‘abiletn
2386 2542 2506 2610 ejus
2555 2549 2608 2596 et
2632 2540 2906 2596 excelsam
2935 2538 3229 2595 essentiam
3268 2534 3600 2606 cogitatione

2029 2633 2311 2703 percipere
2355 2631 2536 2686 liceat.
2586 2628 2751 2683 Multa
2795 2629 2940 2683 enim
2978 2629 3137 2683 etiam
3187 2627 3290 2679 alia
3321 2639 3441 2695 qua:
3472 2630 3604 2679 sunt

2030 2722 2406 2777 inﬁrmissima
2439 2720 2979 2791 supereminentibus
3018 2715 3470 2788 appellationibus
3504 2715 3601 2767 lio—

2030 2823 2220 2871 norata
2241 2823 2387 2879 sunt,
2410 2827 2642 2884 quorum
2671 2812 2959 2882 appellatio
2974 2810 3189 2881 quidem
3214 2808 3598 2863 sublimita'em

2028 2908 2085 2962 in
2136 2922 2196 2963 se
2253 2908 2522 2970 continet,
2566 2913 2763 2960 natura
2820 2914 2998 2959 autem
3044 2903 3099 2956 in
3147 2901 3464 2971 dignitatem
3505 2913 3600 2966 ap-

347 3010 449 3079 τῆς
478 3009 849 3079 προσηγορίας
881 3010 981 3063 οὑκ
1011 3009 1415 3076 ἐξαλλάσσεται.
1444 2990 1547 3066 γΔιὰ
1575 2990 1733 3066 τούτο
1779 3012 1922 3081 λέγει

2030 3000 2338 3071 pellationis
2368 3014 2477 3053 non
2516 2999 2854 3052 immutatur.
2904 2994 3197 3066 Propterea
3243 2992 3377 3047 dicit
3417 2990 3596 3044 nomi-

354 3102 545 3171 μέχρις
571 3101 850 3171 ὀνομάτων
878 3101 1047 3171 ψιλῶν
1077 3102 1323 3171 γίνεσθαι
1355 3104 1505 3176 παρὰ
1527 3103 1619 3157 τοῦ
1648 3103 1781 3157 Θεοῦ
1812 3108 1923 3168 τοῖς

351 3194 717 3265 ὑποϐεϐηκόσι
740 3193 838 3263 τὴν
855 3193 950 3264 τῆς
980 3194 1140 3264 τιμῆς
1163 3195 1470 3264 μετουσίαν,
1498 3194 1571 3266 μὴ
1597 3194 1921 3247 συνακολου-

350 3285 549 3355 θούσης
577 3288 640 3356 τῇ
670 3285 856 3357 κλήσει
880 3285 977 3352 τῆς
1000 3284 1141 3339 κατά
1165 3285 1262 3357 τὴν
1290 3285 1444 3349 ἀξίαν
1470 3286 1729 3357 ἰσότητος.
1761 3286 1921 3338 Ὥστε

350 3378 528 3432 πάντα
564 3379 688 3448 περὶ
715 3376 810 3430 τοῦ
835 3376 966 3429 Υἱοῦ
1000 3376 1289 3447 μαθόντας,
1315 3377 1414 3429 ὅσα
1442 3374 1542 3447 τῆς
1564 3376 1773 3446 ὑψηλῆς
1805 3377 1921 3429 ἐστι

350 3471 648 3540 σημασίας,
701 3471 893 3541 μέχρις
921 3470 1183 3540 ὀνόματος
1207 3470 1411 3523 οἴεσθαι
1437 3469 1535 3541 τὴν
1570 3474 1628 3523 ἐν
1655 3473 1775 3535 ταῖς
1818 3488 1921 3540 φω-

348 3563 467 3624 ναῖς
489 3559 651 3631 τιμὴν
684 3556 1223 3631 πῳσμαρτυρεῖσθαι
1247 3559 1394 3630 αὑτῷ
1410 3574 1423 3587 ⁸
1446 3559 1546 3629 τῆς
1578 3559 1634 3612 δὲ
1663 3559 1804 3613 κατά
1824 3559 1921 3631 τὴν

346 3650 505 3716 ἀξίαν
541 3651 841 3721 ἰσομοιρίας
875 3648 1141 3719 ἀμέτοχον
1169 3649 1309 3703 κατά
1340 3650 1437 3721 τὴν
1463 3650 1521 3703 ἐν
1553 3651 1663 3714 τοῖς
1696 3651 1919 3722 εἰρημέο

346 3759 457 3807 νοις
490 3740 851 3812 τεχνολογίαν.

429 4005 590 4085 ’Δλλά
639 4004 747 4077 γὰρ
800 4002 1140 4075 ἐνσχολάζων
1190 4006 1302 4069 τοῖς
1350 4005 1614 4076 ἀνοήτοις,
1666 4004 1817 4060 ἐοικά
1864 4023 1917 4060 τι

345 4095 490 4149 κατά
527 4095 589 4149 τὸ
621 4095 843 4165 λεληθὸς
873 4098 986 4160 τοῖς
1019 4096 1076 4150 ἐν
1106 4096 1366 4160 ἐναντίοις
1408 4094 1746 4167 χαρίζεσθαι.
1776 4098 1919 4169 Πρὸς

344 4189 457 4258 γὰρ
486 4187 555 4241 τὰ
604 4187 805 4257 μάταια
842 4187 950 4241 τῶν
987 4188 1291 4261 εἰρημένων
1333 4187 1619 4251 ἀντιτιθεὶς
1644 4188 1743 4260 τὴν
1788 4188 1919 4261 ἀλή-

344 4280 519 4343 θειαν,
567 4280 881 4333 ἀποκναίειν
917 4296 1006 4349 μοι
1048 4279 1188 4334 δοκῶ
1214 4280 1342 4344 τοὺς
1382 4279 1809 4351 καθομιλοῦντας
1840 4279 1916 4350 τῷ

2028 3092 2193 3147 nibus
2222 3090 2457 3147 exilibus
2505 3097 2665 3145 tenus
2707 3104 2737 3143 a
2790 3088 2899 3143 Deo
2926 3086 3278 3143 inferioribus
3328 3083 3596 3138 creaturis

2028 3184 2257 3239 honoris
2296 3182 2767 3253 participationem
2816 3180 2966 3243 ﬁeri,
3010 3179 3262 3248 quamvis
3315 3176 3597 3247 aequalitas

2028 3278 2313 3349 dignitatis
2348 3275 2766 3345 appellationem
2798 3288 2905 3326 non
2939 3282 3218 3341 sequatur.
3252 3269 3431 3334 Quare
3473 3269 3599 3322 licet

2026 3367 2094 3423 de
2148 3365 2285 3420 Filio
2339 3365 2693 3420 didicerimus
2748 3362 2929 3418 omnia
2986 3374 3325 3431 quaecunque
3370 3358 3599 3415 excelsa

2027 3468 2155 3516 sunt
2208 3456 2645 3529 significationis,
2682 3468 2862 3510 tamen
2915 3454 3135 3509 nomine
3178 3463 3336 3509 tenus
3382 3460 3597 3523 Oportet

2026 3558 2219 3621 putare
2244 3549 2508 3603 honorem
2555 3547 2784 3602 vocibus
2824 3545 3279 3616 comprehensum
3314 3544 3417 3614 ipsi
3457 3543 3600 3599 assi-

2025 3641 2205 3713 gnari,
2242 3639 2571 3710 chualitatis
2607 3652 2736 3693 vero
2793 3636 3094 3694 secundum
3138 3635 3457 3706 dignitatem
3498 3650 3595 3690 ex-

2026 3739 2235 3804 pertem
2266 3747 2390 3789 esse
2414 3730 2717 3787 secundum
2749 3729 3041 3786 artificium
3102 3728 3249 3801 quod
3321 3725 3376 3784 in
3435 3726 3595 3783 dictis

2026 3823 2245 3879 illorum
2283 3830 2527 3895 apparet.

2096 4000 2203 4057 Sed
2264 4004 2408 4057 enim
2466 4001 2521 4056 in
2571 4000 2819 4059 futilibus
2858 4012 2913 4060 et
2948 4002 3219 4060 sententia
3279 4004 3597 4062 carentibus

2026 4096 2350 4161 immorans,
2394 4094 2584 4150 videor
2626 4095 2829 4167 aliquid
2867 4096 3007 4152 clam
3036 4096 3362 4152 adversariis
3391 4096 3596 4167 gratiﬁ-

2024 4189 2160 4244 cari.
2191 4186 2327 4242 Nam
2354 4188 2511 4243 vanis
2544 4195 2599 4244 et
2624 4188 2879 4244 inanibus
2910 4188 3073 4243 dictis
3100 4187 3385 4242 veritatem
3419 4202 3592 4259 Oppo-

2025 4294 2182 4346 nens,
2205 4278 2423 4334 taedium
2459 4278 2592 4335 mihi
2629 4279 2820 4335 videor
2851 4270 3045 4335 afferre
3072 4279 3140 4334 iis
3166 4279 3259 4350 qui
3298 4290 3593 4350 praesentes

342 4372 490 4441 λόγῳ
536 4370 642 4442 πρὸ
693 4371 790 4441 τῆς
840 4370 947 4423 τῶν
992 4370 1418 4441 καρτερωτέρων
1471 4370 1668 4441 μάχης.
1709 4369 1918 4424 Οὐκοῦν

2024 4374 2223 4430 adsunt
2259 4372 2387 4427 huic
2436 4371 2815 4442 disputationi,
2863 4377 3150 4441 antequam
3185 4369 3251 4425 ad
3304 4368 3590 4424 fortiorum

343 4457 518 4511 ταῦτα
535 4459 681 4521 ὅπως
702 4458 766 4511 ἂν
790 4457 909 4529 ἔχῃ,
932 4460 1043 4522 τοῖς
1068 4459 1579 4530 ἐπιστατικωτέροις
1593 4459 1699 4513 τῶν
1722 4461 1921 4530 ἀκροα-

341 4547 456 4601 τῶν
478 4548 681 4614 ὲατέον,
705 4551 839 4618 ἡμῖν
860 4548 918 4601 δὲ
948 4549 1085 4620 πρὸς
1105 4550 1174 4602 τὰ
1204 4549 1537 4620 προκείμενα
1574 4552 1920 4621 μετενεκτέον

339 4640 435 4694 τὸν
465 4641 648 4710 λόγον’
684 4640 923 4709 σιγάσθω
952 4641 1010 4694 δὲ
1035 4641 1127 4695 καὶ
1166 4641 1227 4694 τὸ
1266 4642 1544 4713 προσεχῶς
1576 4646 1687 4707 τοῖς
1729 4644 1921 4716 ἐξητα-

344 4733 563 4802 σμένοις
600 4734 980 4804 προκείμενον,
1032 4733 1113 4785 ὅτι
1153 4733 1326 4787 ταῦτα
1361 4733 1541 4803 μέντοι
1574 4734 1759 4788 τοῦτον
1799 4737 1919 4789 δια-

339 4826 598 4879 τέτακται
631 4825 722 4879 τὸν
750 4827 969 4896 τρόπον,
1005 4825 1064 4877 οὑ
1098 4824 1199 4894 τῆς
1223 4826 1464 4888 ἐπινοίας
1494 4824 1603 4878 τῶν
1621 4826 1919 4898 ἀνθρώπων

338 4918 612 4989 λαχούσης
639 4918 737 4988 τὴν
766 4918 1012 4985 ἐξουσίαν
1042 4916 1150 4969 τῶν
1179 4917 1477 4987 ὀνομάτων.
1507 4918 1602 4982 Τίς
1626 4919 1735 4989 γὰρ
1761 4920 1918 4975 τοῦτό

338 5029 499 5082 φησι,
548 5010 605 5063 τὸ
642 5009 715 5082 μὴ
759 5010 879 5064 κατ’
916 5010 1049 5064 ἰδίαν
1093 5010 1386 5063 ὑπόστασιν
1440 5009 1918 5081 θεωρούμενον,’ἐν

337 5101 561 5173 ἐξουσίᾳ
605 5103 927 5173 πράγματος
956 5099 1094 5156 εἷναί
1138 5119 1311 5169 τινος;
1344 5102 1536 5157 Μόνων
1564 5103 1671 5175 γάρ
1704 5105 1814 5161 τῶν
1839 5110 1917 5161 oi-

337 5193 468 5264 κείςι
494 5194 597 5247 τινὶ
627 5194 939 5265 προαιρέσει
984 5193 1387 5264 διοικουμένων,
1428 5192 1489 5247 τὸ
1517 5196 1635 5247 κατ’
1667 5195 1915 5261 ἐξουσίαν

336 5302 393 5337 τι
427 5285 684 5355 πράττειν
731 5286 895 5339 ἐστίν.
934 5285 999 5339 Ἠ
1027 5286 1084 5339 δὲ
1122 5285 1332 5340 ἐπίνοια
1366 5284 1466 5354 τῆς
1508 5286 1782 5357 ἡμετέρας
1807 5289 1917 5342 δια-

339 5374 489 5439 νοίας
512 5377 657 5429 ἐστὶν
689 5376 955 5447 ἐνέργεια,
981 5377 1073 5430 καὶ
1094 5377 1192 5449 τῆς
1212 5376 1320 5430 τῶν
1344 5376 1730 5449 φθεγγομένων
1757 5382 1893 5454 ἧρτη

340 5485 431 5520 ται
461 5467 849 5538 προαιρέσεως,
879 5467 941 5519 ού
985 5467 1102 5520 καθ’
1132 5467 1329 5537 ἑαυτὴν
1372 5468 1675 5536 ὑφεστῶσα,
1705 5471 1817 5525 ἀλλ’
1857 5476 1914 5527 ἐν

341 5562 404 5627 τῇ
463 5558 573 5610 τῶν
622 5558 928 5629 λεγομένων
980 5559 1122 5629 ὁρμῇ
1176 5561 1278 5631 ’τὴν
1333 5559 1627 5614 ὑπόστασιν
1694 5561 1909 5633 ἔχουσα.

352 5651 508 5705 Ἀλλ’
543 5648 749 5715 αὐτοῦ,
788 5650 937 5721 φησὶ,
970 5650 1153 5703 ταῦτα
1197 5650 1389 5704 πάντα
1437 5650 1909 5726 δημιοψγήσαι·-

2022 4473 2259 4533 pugnam
2295 4459 2668 4515 deveniamus.
2719 4458 2845 4514 llaec
2894 4458 3061 4529 igitur
3101 4457 3594 4528 quomodocunquc

2021 4569 2081 4609 se
2130 4553 2388 4619 habeant,
2438 4552 2779 4609 doctioribus
2835 4552 3178 4607 auditoribus
3233 4554 3590 4624 relinquenda

2021 4656 2171 4711 sunt,
2214 4646 2375 4701 nobis
2409 4656 2589 4702 autem
2652 4645 2716 4700 ad
2748 4646 3028 4717 proposita
3074 4644 3452 4702 transferenda
3507 4653 3592 4701 est

2020 4738 2216 4793 oratio.
2268 4734 2530 4804 Quocirca
2567 4737 2783 4794 silentio
2820 4745 3228 4809 praetereamus,
3288 4737 3430 4809 quod
3463 4753 3590 4808 pro-

2018 4829 2162 4883 xime
2185 4834 2270 4885 est
2307 4828 2641 4903 conjunctim
2673 4843 2795 4882 cum
2825 4828 2909 4883 his
2934 4842 3055 4897 qua:
3078 4828 3190 4898 jam
3224 4838 3352 4883 sunt
3382 4828 3591 4883 exami-

2019 4928 2145 4973 nata
2183 4919 2523 4989 proponitur,
2548 4918 2692 4989 quod
2726 4919 2839 4975 lucc
2864 4918 3081 4989 quidem
3108 4918 3174 4973 ad
3197 4919 3344 4975 hunc
3364 4918 3587 4974 modum

2018 5011 2265 5065 ordinata
2298 5018 2511 5077 sunt,ut
2546 5027 2653 5065 non
2683 5011 2928 5068 dicamus
2950 5013 3460 5068 commentationem
3489 5011 3589 5064 ho-

2018 5103 2223 5159 minum
2265 5105 2512 5160 sortitam
2567 5120 2689 5161 esse
2717 5107 2998 5161 nominum
3053 5113 3396 5177 potestatem.
3450 5100 3588 5166 Qnis

2017 5196 2162 5251 enim
2190 5196 2294 5252 hoc
2324 5197 2493 5279 dicit.
2512 5206 2571 5253 ut
2601 5198 2653 5253 id
2687 5198 2832 5269 quod
2853 5214 2961 5253 non
2998 5198 3053 5252 in
3088 5198 3306 5267 propria
3329 5192 3587 5248 substan-

2018 5289 2091 5343 tia
2120 5290 2519 5357 consideratur,
2571 5292 2650 5347 rei
2701 5292 2934 5362 alieujus
2972 5290 3167 5343 habeat
3222 5285 3591 5356 potestatem?

2017 5379 2215 5435 Eorum
2238 5381 2381 5436 enim
2413 5390 2496 5437 est
2519 5383 2693 5438 solum
2715 5384 2805 5453 qui
2829 5380 3046 5452 propria
3067 5376 3298 5447 quadam
3325 5374 3588 5432 electione

2016 5481 2068 5527 et
2096 5475 2374 5528 voluntate
2422 5464 2707 5546 reguntur,
2750 5487 2848 5543 pro
2898 5470 3125 5525 arbitrio
3154 5469 3357 5538 aliquid
3403 5484 3585 5539 agere.

2028 5566 2272 5621 Ἐπίνοια
2335 5574 2540 5629 autem,
2577 5565 2627 5619 id
2659 5572 2762 5631 est,
2810 5563 3198 5626 commentatio,
3251 5560 3448 5616 mentis
3503 5570 3585 5618 est

2017 5658 2278 5726 operatio,
2326 5666 2485 5726 atque
2520 5674 2590 5724 cx.
2623 5656 2885 5712 electione
2942 5655 3053 5711 sive
3087 5655 3317 5711 consilio
3363 5653 3582 5724 loquen-
