4056 6146
500 249 638 303 1025

1698 245 1755 300 8.
1788 242 2114 299 GREGORII
2153 242 2444 300 NYSSENI

3628 247 3763 301 10Ξὸ

499 364 634 414 tium
669 360 885 430 pendet,
938 375 1043 414 non
1080 374 1176 429 per
1203 374 1262 414 se
1285 360 1615 425 subsistens,
1664 360 1757 415 sed
1795 362 1849 413 in
1881 375 2067 415 eorum

2174 378 2275 425 τος
2311 358 2480 425 Θεοῦ,
2520 356 2790 427 σχέσεώς
2824 374 2884 410 τε
2917 357 3011 410 καὶ
3052 357 3373 425 ἐνεργείας,
3415 356 3513 408 καὶ
3547 357 3761 410 ἀναλι-

497 466 618 520 qua:
667 451 922 502 dicuntur
971 449 1299 518 impulsione
1351 449 1765 504 subsistentiam
1836 449 2068 503 habens.

499 543 622 606 Sed,
657 542 850 610 inquit,
888 542 997 594 [nec
1049 545 1165 610 ipsa
1196 541 1372 594 omnia
1409 541 1504 594 Dei
1560 550 1683 594 sunt
1715 542 2072 595 universorum

495 635 802 696 conditoris,
837 645 992 704 atque
1045 635 1209 701 ipsius
1242 635 1514 688 relationis
1544 643 1593 688 et
1650 636 1974 702 operationis
2027 646 2074 688 et

493 725 863 791 proportionis,
900 733 948 777 et
976 727 1062 794 qui
1079 726 1276 795 legibus
1307 735 1646 794 congruentes
1671 727 1855 796 cuique
1888 743 2074 782 eorum

493 831 610 882 qua!
641 817 978 868 nominantur
1002 816 1377 884 appellationes
1410 818 1792 870 accommodat.
1827 816 1950 870 Haec
1976 833 2075 870 au.

495 912 601 956 tem
638 906 720 957 vcl
769 905 994 959 omnino
1028 923 1249 965 sensum
1309 923 1415 960 non
1451 909 1672 970 habent,
1702 910 1786 962 vel
1823 909 1907 964 his
1956 925 2077 978 qua:

495 993 645 1060 prius
674 994 740 1046 ab
794 995 913 1062 ipso
953 997 1197 1064 exposita
1238 1006 1366 1051 sunt
1399 997 1783 1053 adversantur.
1838 997 1896 1052 Si
1931 1000 2076 1054 enim

493 1086 656 1138 rebus
689 1088 1069 1140 convenienter
1092 1095 1276 1157 aptare
1310 1089 1532 1142 nomina
1557 1088 1724 1142 Deum
1749 1089 1911 1143 modo
1951 1104 2078 1157 pro-

493 1175 696 1238 ﬁtetur,
726 1177 1000 1245 quomodo
1034 1177 1088 1230 in
1143 1179 1526 1249 superioribus
1564 1179 1780 1243 asserit,
1819 1179 2076 1248 ignobili-

492 1265 594 1318 bus
623 1264 790 1319 Deum
813 1267 1132 1320 sublimiora
1154 1270 1371 1322 nomina
1398 1267 1713 1337 gratiﬁcari,
1740 1258 1846 1320 nOn
1896 1274 2078 1321 tamen

492 1355 772 1426 dignitatis
803 1373 922 1427 quae
949 1360 1000 1410 in
1021 1359 1298 1413 nominum
1328 1359 1724 1428 signiﬁcatione
1745 1358 2075 1420 declaratur,

493 1451 645 1520 ipsos
671 1451 961 1520 participes
1000 1451 1178 1505 facere
1202 1470 1225 1519 _:
1269 1459 1323 1504 et
1355 1459 1546 1504 contra
1578 1466 1699 1518 quae
1733 1464 1926 1519 magna
1954 1458 2079 1504 sunt

493 1550 707 1606 natura,
758 1542 1086 1610 ignobilibus
1128 1541 1353 1594 vocibus
1382 1540 1741 1599 dedecorare,
1803 1539 1928 1594 licet
1953 1554 2076 1593 cum

490 1635 695 1686 vilitate
757 1632 1042 1685 verborum
1092 1640 1283 1685 natura
1316 1647 1426 1684 non
1478 1631 1812 1685 immutctur.
1878 1631 2076 1686 Verum

491 1725 723 1778 fortasse
740 1725 859 1792 ejus
885 1725 1176 1778 amentiam
1208 1723 1405 1792 injuria
1436 1721 1720 1788 allicimus,
1760 1722 1900 1779 hanc
1947 1740 2073 1778 ver-

489 1816 678 1870 borum
739 1830 1052 1885 compagem
1086 1815 1290 1869 talibus
1323 1813 1770 1868 accusationibus
1799 1815 2074 1871 insectan-

489 1915 590 1961 tes.
627 1905 751 1961 llicc
805 1907 948 1961 enim
982 1909 1163 1960 omnia
1211 1907 1277 1959 ab
1309 1907 1455 1960 omni
1505 1922 1667 1960 sensu
1716 1916 1844 1962 sunt
1872 1911 2070 1976 aliena,

489 2013 598 2051 non
629 1999 802 2054 solum
828 1998 951 2051 dico
979 2013 1007 2050 a
1040 2005 1190 2051 recta
1221 1997 1273 2050 in
1301 1996 1465 2051 Deum
1502 1997 1724 2066 pietate,
1762 2000 1855 2054 sed
1890 2017 2066 2070 neque

489 2104 816 2157 quocunque
843 2088 1003 2142 modo
1033 2089 1198 2142 ullius
1235 2089 1465 2142 rationis
1502 2104 1624 2143 esse
1658 2089 1968 2159 participia,
2001 2093 2067 2145 ab

491 2177 576 2230 his
603 2178 692 2245 qui
718 2177 783 2230 ad
824 2177 1084 2230 amussim
1125 2176 1439 2229 examinare
1473 2177 1755 2240 sciverint,
1791 2178 2073 2234 imenien-

491 2276 599 2320 tur.
636 2266 900 2332 Quoniam
931 2266 1092 2336 igitur
1140 2264 1310 2318 instar
1367 2264 1682 2334 pulmonum
1733 2268 2069 2322 marinorum

491 2369 756 2413 tmnorcm
789 2359 1077 2429 quemdam
1129 2358 1326 2412 habere
1352 2359 1625 2421 videntur,
1678 2366 1857 2411 tumor
1884 2367 2063 2413 autem

487 2462 572 2506 est
610 2452 855 2521 phlegma
895 2451 1008 2504 sive
1026 2449 1222 2503 humor
1255 2448 1473 2518 quidam
1507 2464 1787 2518 spumeus,
1811 2450 1929 2504 visu
1956 2451 2072 2519 qui-

487 2544 609 2596 dem
649 2541 1046 2606 abominabilis,
1095 2540 1186 2595 sed
1223 2539 1662 2601 abominabilior,
1701 2539 1744 2592 si
1793 2539 1846 2592 in
1879 2555 2072 2595 manus

488 2636 805 2703 accipiatur.
843 2633 1135 2702 Propterea
1188 2631 1253 2684 ad
1307 2631 1420 2684 hzee
1453 2645 1590 2684 vana
1621 2629 2068 2685 decentissimum

2177 452 2328 520 γιίις,
2363 452 2460 503 καὶ
2509 451 2713 517 νόμοις
2745 448 3071 516 προσφυῶς
3104 447 3340 513 ἑκάστῳ
3386 446 3506 500 τῶν
3552 449 3762 517 dropa—

2182 541 2437 610 ζὶνμένων
2473 540 2578 606 τὰς
2613 541 3017 608 προσηγορίας
3057 539 3557 608 συναρμόζοντας.
3585 538 3766 592 Ταῦτα

2175 632 2229 684 δὲ
2262 631 2292 701 ἢ
2327 631 2554 684 καθόλου
2585 630 2707 684 νοῦν
2738 631 2836 682 οὐκ
2869 630 3004 699 ἔχει,
3047 629 3080 700 ἢ
3109 629 3446 691 ὑπεναντίως
3480 632 3590 692 τοῖς
3637 647 3763 696 προ-

2177 721 2473 774 εκτεθεῖσιν
2499 722 2630 792 ἔχει.
2663 723 2724 774 Εἰ
2749 722 2854 791 γὰρ
2890 721 3182 790 προσφυῶς
3206 719 3468 791 ἁρμόζειν
3498 723 3608 782 τοῖς
3638 721 3761 770 ὑπο-

2178 813 2448 884 κειμένοις
2486 816 2754 884 μαρτυρεῖ
2779 813 2873 865 νῦν
2912 811 2988 882 τῷ
3018 811 3136 882 Θεῷ
3165 812 3232 864 τὰ
3265 812 3528 881 ὀνόματα,
3569 812 3680 874 πῶς

2177 907 2288 966 τοῖς
2332 905 2623 973 ἀνωτέροις
2659 903 3056 966 κατασκευάζει
3092 903 3184 955 τὸν
3231 903 3363 954 Θεὸν
3406 905 3518 965 τοῖς
3551 903 3759 972 ἀτίμοις

2178 995 2248 1046 τὰ
2276 993 2580 1064 ὑψηλότερα
2614 994 2720 1046 τῶν
2760 994 3038 1063 ὀνομάτων
3094 991 3442 1062 χαρίζεσθαι,
3498 991 3573 1062 μὴ
3628 1009 3760 1061 συμ-

2183 1084 2526 1155 μεταδιδόντα
2545 1086 2641 1154 τῆς
2673 1084 3073 1155 ἐμφαινομένης
3091 1087 3154 1152 τῇ
3182 1085 3424 1154 σημασίᾳ
3449 1085 3555 1136 τῶν
3571 1085 3762 1153 ὀνομά-

2179 1194 2287 1229 των
2317 1175 2494 1239 ἀξίας,
2517 1177 2612 1227 καὶ
2641 1175 2802 1228 πάλιν
2828 1175 2896 1228 τά
2923 1175 3134 1245 μεγάλα
3162 1175 3303 1228 κατά
3341 1175 3438 1244 τὴν
3468 1175 3628 1243 φύσιν
3664 1195 3759 1228 κα-

2181 1265 2456 1336 θυϐρίζειν
2502 1269 2619 1329 ταῖς
2661 1266 2873 1335 ἀτίμοις
2909 1268 3129 1334 φωναῖς,
3161 1270 3227 1336 τῇ
3277 1268 3626 1336 ταπεινότητι
3659 1268 3760 1318 τῶν

2182 1351 2441 1421 ῥημάτων
2489 1352 2546 1403 οῦ
2592 1352 3131 1423 συμμετατιθεμένης
3178 1353 3279 1422 τῆς
3331 1353 3566 1422 φύσεως.
3626 1356 3757 1407 Ἀλλ’

2179 1442 2469 1513 ἀδικοῦμεν
2508 1444 2646 1513 τάχα
2692 1443 2788 1514 τὴν
2837 1444 3149 1514 ἀδιανόητον
3196 1445 3362 1497 αὐτοῦ
3409 1446 3612 1516 ταύτην
3657 1448 3759 1499 τῶν

2184 1536 2443 1606 ῥημάτων
2470 1535 2763 1605 συνθήκην,
2796 1538 2912 1598 ταῖς
2941 1535 3214 1600 τοιαύταις
3243 1539 3596 1607 κατηγορίαις
3625 1541 3760 1591 ὑπά-

2181 1643 2387 1694 γοντες.
2418 1625 2600 1679 Ταῦτα
2625 1626 2733 1697 γάρ
2762 1626 2990 1679 καθόλου
3017 1626 3195 1695 πάσης
3220 1629 3335 1678 ἐστί
3359 1628 3596 1692 διανοίας
3616 1630 3762 1682 ἀλλό-

2181 1735 2324 1786 τρια,
2361 1718 2421 1772 οὐ
2485 1719 2641 1788 μόνον
2682 1717 2781 1789 τῆς
2808 1717 2974 1791 ὀρθῆς
3016 1719 3158 1788 λέγω
3196 1718 3294 1790 τῆς
3334 1721 3412 1782 εἰς
3457 1720 3755 1785 εὐσέϐειαν,

2182 1809 2296 1861 ἀλλ’
2325 1809 2441 1861 οὐδὲ
2467 1809 2714 1862 ὁπωσοῦν
2744 1810 3036 1880 μετέχοντά
3057 1827 3198 1873 τινος
3223 1810 3482 1879 λογισμοῦ
3514 1814 3624 1873 τοῖς
3650 1811 3762 1875 ἐξε-

2179 1899 2360 1962 τάζειν
2397 1900 2638 1970 ἀκριϐῶς
2688 1900 3074 1969 ἐπισταμένοις
3114 1900 3446 1972 εὑρίσκεται.
3491 1901 3642 1952 Ἐπεὶ
3671 1898 3758 1953 οὖν

2180 1990 2300 2042 καθ’
2332 1989 2621 2060 ὁμοιότητα
2647 1989 2755 2041 τῶν
2785 1988 3090 2042 θαλασσίων
3122 1989 3436 2059 πνευμόνιον
3469 1990 3630 2056 ὄγκον
3666 1992 3758 2058 μέν

2177 2099 2300 2134 τινα
2336 2083 2395 2133 τὸ
2448 2081 2767 2158 φαινόμενον
2809 2080 2950 2149 ἔχειν
2997 2081 3162 2144 δοκεῖ,
3191 2081 3218 2132 ό
3266 2080 3322 2132 δὲ
3349 2080 3511 2147 ὄγκος
3544 2081 3759 2150 φλέγμα

2181 2171 2632 2240 ὲστὶ,,βδελυκτὺν
2668 2171 2764 2242 μὲν
2816 2172 2962 2236 ἰδεῖν,
3013 2169 3420 2241 βδελυκτότερον
3445 2171 3500 2223 δὲ
3540 2174 3619 2234 εἰς
3649 2176 3758 2241 χεῖ-

2183 2281 2278 2335 ρας
2323 2263 2527 2316 λαϐεῖν.
2558 2263 2654 2315 Διά
2688 2263 2842 2314 τοῦτο
2879 2262 3336 2333 πρεπωδεστάτην
3385 2263 3518 2333 πρὸς
3557 2265 3622 2315 τὰ
3658 2267 3760 2333 μά-

2177 2373 2304 2406 ταια
2325 2355 2421 2425 τὴν
2444 2354 2650 2424 σιωπὴν
2677 2355 2876 2425 κρίνων
2904 2355 3369 2425 παραδραμοῦμαι
3397 2356 3463 2407 τὰ
3493 2357 3758 2426 εἰρημένα

2181 2447 2327 2515 σιγῇ.
2365 2445 2481 2496 Τίνι
2515 2443 2622 2514 γὰρ
2657 2444 2937 2496 διοικεῖται
2967 2445 3116 2514 νόμῳ
3146 2445 3392 2514 ἐνέργειά
3419 2463 3476 2497 τε
3505 2447 3597 2498 καὶ
3633 2447 3762 2498 ἀνα-

2177 2536 2353 2604 λογία,
2385 2535 2478 2588 καὶ
2505 2535 2723 2604 σχέσις;
2748 2537 2860 2588 Καὶ
2887 2537 2968 2599 τίς
2998 2539 3025 2589 ὁ
3051 2536 3352 2616 νομοθετῶν
3385 2536 3461 2606 τῷ
3500 2537 3617 2604 Θεῲ
3638 2539 3762 2598 τοὺς

2178 2628 2278 2699 τῆς
2311 2628 2598 2695 ἀναλογίας
2633 2628 2726 2679 καὶ
2757 2627 2992 2697 σχέσεως
3024 2627 3218 2698 νόμους
3248 2627 3341 2678 καὶ
3364 2628 3626 2697 epoto-ag;

489 2726 764 2779 silentium
794 2723 1066 2792 judicans,
1130 2737 1248 2791 qua:
1271 2721 1413 2774 dicta
1456 2727 1585 2776 sunt
1634 2721 1834 2775 tacitus
1875 2722 2183 2791 praeteribo.
2235 2719 2482 2786 Quanam
2536 2720 2680 2776 enim
2720 2722 2835 2790 lege
2895 2720 3300 2790 rcgunturhrec
3335 2735 3440 2772 no.1
3467 2721 3557 2773 iua
3592 2720 3661 2773 ab
3698 2735 3763 2772 eo

489 2819 698 2889 prolata
727 2799 746 2870 ε¹
777 2817 1038 2886 operatio,
1074 2816 1354 2886 proportio
1389 2819 1456 2869 et'
1471 2815 1710 2870 relatio?
1745 2816 1809 2870 Et
1847 2819 1970 2887 quis
2004 2819 2376 2888 proportionis
2412 2825 2465 2873 et
2495 2818 2779 2873 relationis
2817 2818 2962 2887 leges
3013 2827 3063 2869 et
3093 2816 3286 2872 modos
3330 2817 3440 2871 Deo
3493 2817 3766 2886 imperat?

559 2907 673 2962 Hoc
705 2909 897 2962 melius
929 2907 1093 2962 fuerit
1125 2924 1345 2962 manere
1380 2908 1730 2970 inexeussum
1770 2925 1930 2979 quam
1971 2927 2064 2980 per

2246 2913 2504 2981 Κρεῖττον
2565 2912 2630 2964 ἂν
2683 2910 2769 2981 εἴη
2825 2910 3002 2981 μένειν
3041 2910 3392 2975 ἀνεξέταστον
3440 2911 3471 2981 ἢ
3526 2911 3612 2962 διὰ
3666 2913 3762 2980 τῆς

488 3001 728 3055 studium
765 2999 820 3054 in
856 3001 942 3054 his
988 3015 1247 3054 nauseam
1299 3000 1647 3056 audientibus
1678 3017 1916 3064 movere,
1951 3011 2004 3056 et
2036 2999 2066 3056 a

2176 3002 2304 3073 περὶ
2324 3003 2493 3055 ταῦτα
2523 3003 2777 3072 σπουδῆς,
2803 3002 3023 3056 ναυτίαν
3053 3021 3110 3054 τε
3144 3005 3318 3056 ποιεῖν
3346 3005 3458 3065 τοῖς
3479 3002 3759 3064 ἀκούουσι,

488 3093 696 3161 majore
728 3091 907 3146 studio
933 3091 1110 3161 dignis
1132 3107 1438 3146 sermonem
1463 3107 1712 3148 avocare.
1748 3092 1851 3149 Sed
1877 3110 2070 3150 vereor

487 3199 558 3237 ne
583 3183 762 3235 omnia
788 3181 1077 3236 identidem
1097 3197 1217 3250 qua),
1241 3197 1302 3235 ex
1336 3181 1634 3252 scriptione
1657 3181 1908 3250 Eunomii
1941 3193 2070 3238 sunt

487 3276 790 3345 proposita,
820 3275 980 3329 nobis
1031 3275 1141 3330 sint
1173 3274 1414 3344 quaidam
1445 3276 1752 3345 phlegmata
1784 3283 1837 3329 et
1868 3277 2064 3329 marini

487 3368 793 3437 pulmones.
825 3364 1003 3432 Quare
1036 3367 1349 3420 necessario
1391 3367 1550 3421 nobis
1582 3367 1637 3419 in
1663 3365 1749 3421 his
1772 3381 1893 3435 quae
1922 3367 2067 3420 dicta

486 3466 634 3521 sunt,
662 3457 960 3528 disputatio
991 3456 1226 3516 desinat,
1264 3462 1322 3508 ut
1371 3470 1491 3523 qua:
1521 3455 1723 3507 nullam
1751 3472 1816 3507 ex
1850 3457 2068 3526 scriptis

486 3549 768 3602 materiam
801 3547 869 3600 ad
904 3545 1241 3615 Operandum
1295 3544 1553 3598 inveniat.
1588 3543 1656 3598 Ut
1685 3545 1828 3599 enim
1864 3544 2065 3610 fuluus,

485 3639 570 3693 vel
601 3639 774 3707 caligo
800 3651 1044 3690 crassum
1081 3633 1298 3702 quidem
1329 3633 1458 3689 facit
1486 3643 1540 3690 et
1585 3636 1860 3690 turbidum
1893 3636 2070 3691 reddit

485 3744 663 3783 aerem
706 3747 718 3781 :
748 3728 800 3781 in
832 3741 939 3796 quo
960 3726 1005 3780 si
1033 3725 1362 3789 constiterit,
1388 3727 1548 3781 etiam
1578 3728 1880 3781 naturalem
1916 3729 2067 3782 visus

485 3821 786 3874 orationem
819 3817 1065 3887 impedit,
1098 3833 1202 3872 non
1231 3826 1410 3872 tamen
1433 3818 1506 3870 ita
1531 3816 1790 3871 densatur
1823 3819 1874 3870 in
1906 3833 1982 3880 se,
2011 3827 2069 3871 ut

483 3909 578 3978 qui
611 3908 739 3962 velit
780 3915 968 3975 carpat
994 3916 1046 3960 et
1087 3907 1280 3975 palmis
1327 3907 1624 3970 contineat,
1669 3914 1720 3960 et
1762 3906 1916 3960 reniti
1947 3921 2069 3975 per-

484 3997 714 4052 cutienti
747 3997 938 4066 possit.
975 3995 1104 4060 Tale
1159 3995 1290 4066 quid
1329 3997 1493 4049 etiam
1520 3995 1586 4049 de
1621 3996 1722 4049 hac
1753 3996 1903 4065 gravi
1933 3997 2069 4051 scri-

482 4088 670 4158 ptione
708 4087 753 4142 si
785 4087 908 4155 quis
932 4085 1154 4148 dixerit,
1184 4100 1212 4137 a
1236 4084 1349 4138 veri
1371 4081 1686 4160 conjectura
1707 4100 1814 4137 non
1843 4085 2066 4139 aberra-

482 4183 643 4236 verit.
679 4178 1062 4234 Multaeautem
1110 4177 1163 4230 in
1198 4177 1300 4231 hoc
1331 4175 1541 4230 tumido
1573 4184 1627 4231 et
1651 4185 1913 4231 aestuante
1947 4193 2065 4232 ser-

481 4288 642 4330 mone
671 4286 828 4342 nugaa
853 4279 979 4326 sunt
1008 4270 1315 4332 elaboratae,
1339 4275 1392 4322 et
1415 4268 1463 4322 ei
1501 4268 1798 4338 praesertim
1833 4269 1925 4338 qui
1956 4286 2064 4324 non

478 4374 565 4420 est
593 4365 776 4418 animo
798 4363 953 4416 valde
978 4360 1301 4433 perspicaci,
1326 4359 1490 4414 veluti
1513 4359 1688 4430 caligo
1711 4375 1739 4414 e
1764 4359 2064 4430 longinquo

480 4457 722 4512 cernenti
760 4454 1170 4510 consistentiam
1203 4450 1494 4522 quamdam
1530 4460 1584 4506 et
1616 4451 2061 4522 imaginationem

481 4549 679 4604 habere
734 4548 968 4602 videtur.
1007 4545 1163 4612 Quod
1217 4545 1263 4599 si
1320 4544 1444 4613 quis
1501 4544 1585 4598 sui
1616 4558 1842 4612 compos
1892 4543 2065 4598 liate'.

477 4639 722 4708 diligenti
759 4637 1112 4708 inquisitione
1141 4646 1193 4691 et
1222 4635 1578 4705 intelligentia
1608 4650 1729 4704 quae
1761 4635 1904 4688 dicta
1936 4642 2063 4687 sunt

477 4730 732 4799 attingat,
747 4727 880 4782 fumi
899 4729 1074 4784 instar
1099 4726 1588 4796 apprehensionem
1610 4725 1876 4795 eﬂ’ugiunt
1895 4726 2064 4781 notiov

477 4834 597 4881 nes,
632 4827 795 4887 atque
833 4820 885 4872 in
918 4819 1148 4873 nihilum
1183 4818 1562 4886 dissipantur;
1592 4833 1767 4886 neque
1794 4817 1920 4871 ulla-
1935 4817 2063 4871 soli-

477 4912 647 4965 ditate
697 4919 749 4964 et
781 4911 1068 4965 renitentia
1100 4908 1379 4964 ferientem
1425 4909 1698 4978 recipiunt
1728 4924 2058 4964 sermonem.

476 5003 617 5070 Quid
644 5002 809 5070 igitur
838 5001 1108 5072 agendum
1153 5002 1242 5065 sit,
1300 5000 1525 5055 dubium
1565 5008 1621 5055 et
1649 5001 1938 5056 incertum.
1967 4998 2063 5056 Est

477 5097 620 5150 enim
646 5093 787 5164 apud
814 5093 1070 5162 querulos
1103 5093 1157 5145 in
1193 5101 1479 5161 utramque
1526 5099 1730 5161 partem
1777 5093 2062 5146 calumnia:

474 5186 724 5256 exposita
761 5185 934 5255 optio,
967 5182 1086 5236 sive
1105 5183 1249 5236 enim
1278 5183 1444 5236 veluti
1474 5198 1570 5253 per
1596 5184 1783 5236 vallem
1805 5184 2061 5240 salientes

474 5274 639 5330 Istam
707 5290 902 5330 vocum
967 5270 1284 5326 inanitatem
1340 5271 1406 5324 ad
1449 5272 1679 5325 liberum
1735 5271 2062 5341 planumque

473 5380 728 5438 campum
769 5378 1077 5421 sermonem
1101 5361 1421 5432 dirigamus,
1458 5361 1720 5415 adversus
1745 5377 1806 5415 ea
1837 5377 1956 5431 quae
1983 5363 2062 5416 vi-

475 5458 676 5512 dentur
707 5459 814 5511 vim
839 5458 1077 5526 aliquam
1113 5455 1313 5509 habere
1339 5459 1528 5506 contra
1563 5453 1866 5519 veritatem,
1911 5462 2061 5508 stan-

477 5555 561 5599 tes
589 5561 682 5613 per
718 5546 1229 5610 contradictionem,
1285 5544 1396 5599 sive
1425 5544 1588 5598 etiam
1627 5543 1770 5595 omni
1826 5546 2060 5612 garruli-

478 5637 588 5685 tate
627 5648 856 5700 pugnam
889 5633 954 5688 ad
1001 5649 1138 5688 vana
1171 5644 1218 5689 et
1274 5631 1447 5690 iutilia
1495 5633 1889 5689 contendamus
1930 5653 1941 5688 :
1980 5634 2058 5690 sic

2173 3094 2267 3146 καὶ
2318 3095 2550 3162 ἀπάγειν
2597 3093 2706 3146 τῶν
2761 3095 3188 3164 σπουδαιοτέρων
3226 3094 3319 3146 τὸν
3362 3093 3538 3160 λόγον.
3596 3093 3763 3145 Ἀλλὰ

2170 3184 2382 3236 δέδοικα
2409 3185 2484 3255 μὴ
2514 3185 2690 3238 πάντα
2714 3188 2844 3255 ἡμῖν
2870 3185 3061 3254 ἐπίσης
3086 3185 3153 3237 τὰ
3179 3187 3241 3236 ἐκ
3262 3185 3360 3254 τῆς
3385 3184 3758 3254 λογογραφίας

2169 3275 2262 3327 τοῦ
2300 3275 2564 3346 Εὐνομίου
2601 3277 2956 3348 προκείμενα,
2995 3277 3278 3346 φλέγματά
3309 3296 3428 3331 τινα
3537 3279 3628 3329 καὶ
3669 3277 3760 3328 θα-

2169 3367 2381 3420 λάσσιοι
2436 3369 2753 3439 πνεύμονες.
2798 3370 2959 3421 Ὥστε
3012 3372 3129 3422 κατ’
3183 3371 3425 3439 ἀνάγκην
3485 3373 3614 3439 ἡμῖν
3668 3370 3757 3422 τὸν

2169 3459 2324 3526 λόγον
2353 3463 2465 3522 τοῖς
2507 3461 2814 3532 εἰρημένοις
2857 3461 3204 3529 ὲναπολῆξαι,
3244 3461 3511 3532 μηδεμίαν
3557 3464 3620 3512 ἐκ
3648 3461 3757 3512 τῶν

2169 3550 2571 3620 γεγραμμένων
2600 3549 2730 3620 ὓλην
2755 3551 2832 3614 είς
2862 3551 3123 3621 ἐργασίαν
3151 3553 3492 3621 εὑρίσκοντα.
3531 3553 3614 3613 Ὠς
3646 3554 3754 3620 γάρ

2167 3659 2250 3703 τις
2283 3641 2486 3704 καπνὸς
2529 3640 2786 3712 ἦόμίχλη
2823 3641 3039 3711 βαθύνει
3097 3644 3192 3712 μὲν
3231 3646 3321 3696 καὶ
3368 3643 3617 3695 ἀναθολοῖ
3663 3645 3752 3694 τὸν

2168 3732 2337 3803 ἀέρα·
2377 3735 2434 3786 ὲν
2463 3727 2615 3805 ᾧπερ
2658 3733 2722 3786 ἂν
2752 3733 2849 3804 τὴν
2883 3734 3138 3790 σύστασιν
3173 3735 3332 3807 λάϐῃ,
3370 3737 3463 3788 καὶ
3494 3739 3624 3806 πρὸς
3658 3735 3750 3804 τὴν

2170 3821 2310 3874 κατὰ
2362 3821 2523 3890 φύσιν
2557 3824 2836 3894 ἐνέργειαν
2887 3825 3082 3876 κωλύει
3135 3825 3233 3894 τὴν
3270 3825 3476 3894 ὅρασιν,
3532 3826 3592 3876 οὐ
3644 3824 3748 3894 μῆν

2167 3912 2309 3965 οὕτω
2341 3914 2778 3968 καταπυκνοῦται
2805 3915 2938 3985 πρὸς
2969 3915 3184 3986 ἑαυτὴν,
3209 3915 3283 3978 ὡς
3323 3917 3416 3968 καὶ
3450 3916 3746 3985 δράξασθαι

2169 4004 2514 4076 βουλόμενον,
2543 4007 2638 4060 καὶ
2671 4009 2950 4078 περισχεῖν
2980 4009 3101 4070 ταῖς
3138 4007 3436 4077 παλάμαις,
3475 4009 3567 4060 καὶ
3597 4009 3742 4060 ἀντι-

2167 4099 2398 4168 τοπῆσαι
2451 4098 2529 4169 τῷ
2579 4099 2880 4168 πλήττοντι.
2921 4099 3171 4154 Τοιοῦτόν
3223 4118 3277 4152 τι
3327 4101 3420 4153 καὶ
3471 4103 3598 4172 περὶ
3653 4101 3745 4167 τῆς

2169 4192 2368 4261 σεμνῆς
2420 4190 2619 4262 ταύτης
2649 4191 3013 4262 λογογραφίας
3062 4192 3228 4245 εἰπών
3270 4210 3372 4255 τις,
3409 4193 3511 4244 οὐκ
3555 4191 3619 4244 ἂν
3649 4192 3742 4258 τῆς

2167 4280 2397 4351 ἀληθοῦς
2419 4282 2668 4346 εἰκασίας
2698 4283 2950 4354 ἁμάρτοι.
2983 4283 3152 4346 Πολὺς
3188 4285 3214 4336 ὁ
3245 4282 3400 4346 ὕθλος
3437 4285 3496 4334 ἐν
3523 4280 3741 4348 ὁγκώδει

2093 4393 2142 4454 D
2170 4373 2261 4424 καὶ
2291 4373 2672 4442 φλεγμαίνοντι
2707 4373 2848 4444 λόγῳ
2881 4375 3274 4445 πεπονημένος,
3298 4374 3392 4428 καὶ
3420 4373 3495 4442 τῷ
3527 4374 3597 4443 μὴ
3625 4372 3740 4423 λίαν

2166 4461 2455 4534 διορατικῷ
2488 4464 2586 4532 τὴν
2634 4463 2833 4540 ψυχὴν,
2876 4465 3063 4535 ὥσπερ
3115 4464 3280 4534 ἀχλὺς
3333 4463 3409 4532 τῷ
3467 4462 3738 4532 πόρρωθεν

2167 4550 2434 4619 βλέποντι,
2470 4549 2726 4604 σύστασιν
2765 4551 2908 4622 ἔχειν
2949 4552 3069 4605 τινὰ
3106 4554 3198 4606 καὶ
3228 4553 3531 4621 φαντασίαν
3576 4551 3735 4603 δοκεῖ.

2165 4644 2227 4694 Εἰ
2265 4643 2321 4695 δέ
2348 4660 2432 4703 τις
2460 4643 2578 4695 κατ’
2615 4644 2774 4697 αὐτὸν
2805 4644 3033 4712 γένοιτο,
3067 4645 3160 4697 καὶ
3188 4648 3253 4715 τῇ
3291 4643 3612 4713 ὲξεταστικῇ
3635 4642 3739 4694 δια·

2163 4733 2278 4803 νοίᾳ
2306 4732 2413 4786 τῶν
2443 4733 2746 4803 εἰρημένων
2777 4735 3087 4803 ἐφάπτοιτο,
3121 4735 3324 4788 καπνοῦ
3350 4736 3504 4805 δίκην
3530 4736 3738 4806 διαρρεῖ

2163 4823 2261 4892 τῆς
2297 4822 2466 4892 λαϐῆς
2499 4823 2566 4876 τά
2605 4827 2867 4894 νοήματα,
2908 4826 3000 4879 καὶ
3031 4828 3108 4889 εἰς
3143 4827 3204 4879 τὸ
3240 4827 3315 4897 μὴ
3346 4826 3403 4878 ὃν
3431 4826 3738 4878 διασκίδνα-

2161 4931 2270 4976 ται,
2300 4914 2392 4967 καὶ
2430 4915 2488 4967 ού
2522 4914 2732 4986 δέχεται
2778 4915 2867 4968 διά
2898 4934 3038 4980 τινος
3074 4919 3429 4989 στερρότητος
3469 4920 3563 4970 καὶ
3589 4920 3740 4971 ἀντι-

2161 5005 2360 5070 τυπίας
2397 5006 2489 5058 τὸν
2536 5007 2839 5077 πλήττοντα
2875 5008 3050 5076 λόγον.
3086 5011 3148 5061 Τί
3181 5006 3271 5063 οὖν
3314 5013 3419 5080 χρὴ
3455 5012 3736 5081 πράττειν,

2161 5093 2384 5167 ἄπορον.
2438 5095 2918 5168 Εύσυκοφάντητος
2951 5098 3058 5170 γὰρ
3106 5099 3240 5170 πρὸς
3287 5101 3548 5171 ἑκάτερον
3592 5100 3742 5168 παρᾶ

2160 5189 2270 5250 τοῖς
2293 5185 2575 5254 φιλαιτίοις
2599 5189 2632 5258 ἡ
2666 5189 2893 5258 αἵρεσις,
2920 5190 3027 5242 εἴτε
3059 5190 3305 5261 καθάπερ
3333 5190 3456 5243 τινὰ
3483 5192 3742 5261 φάραγγα

2160 5276 2586 5346 διαπηδήσαντες
2638 5277 2736 5347 τὴν
2787 5279 3138 5347 κενοφωνίαν,
3173 5281 3266 5332 ἐπὶ
3315 5279 3384 5333 τὰ
3417 5281 3596 5351 πρανῆ
3646 5280 3742 5330 καὶ

2161 5368 2426 5439 ὲπίδρομα
2444 5369 2533 5421 τὸν
2554 5369 2708 5438 λόγον
2729 5369 3058 5442 εὐθύνωμεν,
3080 5375 3191 5436 τοῖς
3212 5372 3424 5425 δοκοῦσί
3452 5390 3576 5425 τινα
3601 5369 3743 5424 κατὰ

2159 5459 2257 5528 τῆς
2287 5459 2540 5529 ἀληθείας
2592 5460 2743 5531 ἰσχὺν
2773 5459 2935 5530 ἔχειν,
2985 5463 3337 5526 συσταθέντες
3375 5464 3464 5516 διὰ
3512 5464 3612 5532 τῆς
3642 5463 3739 5513 ἀν-

2161 5550 2484 5620 τιρρήσεως,
2508 5549 2616 5602 εἴτε
2638 5551 2731 5606 καὶ
2755 5553 2900 5623 πάσῃ
2933 5556 3461 5626 σ·.›μπαρατείνιι›μεν
3490 5559 3553 5625 τῇ
3579 5555 3736 5621 9164:!-

2165 5640 2253 5711 ρίᾳ
2292 5640 2388 5712 τὴν
2430 5642 2566 5713 πρὸς
2594 5643 2660 5695 τὰ
2691 5645 2891 5717 μάταια
2925 5646 3131 5718 μάχην·
3168 5649 3307 5702 οὓτω
3339 5648 3434 5717 μὲν
3467 5648 3572 5718 γὰρ
3604 5646 3733 5701 ἐπα-
