  <div class='ocr_page' id='page_1' title='image "/cluster/home/n/w/nwhite01/storage/ocr_20150623/45/mdp.39015011921478/528.png"; bbox 0 0 4056 6146; ppageno 0'>
   <div class='ocr_carea' id='block_1_1' title="bbox 416 241 557 292">
    <p class='ocr_par' dir='ltr' id='par_1_1' title="bbox 416 241 557 292">
     <span class='ocr_line' id='line_1_1' title="bbox 416 241 557 292; baseline 0.021 -3"><span class='ocrx_word' id='word_1_1' title='bbox 416 245 438 289; x_wconf 75' lang='lat' dir='ltr'><strong>t</strong></span> <span class='ocrx_word' id='word_1_2' title='bbox 451 241 557 292; x_wconf 64' lang='grc' dir='ltr'><strong>υϊὸ</strong></span> 
     </span>
    </p>
   </div>
   <div class='ocr_carea' id='block_1_2' title="bbox 1573 238 2594 310">
    <p class='ocr_par' dir='ltr' id='par_1_2' title="bbox 1573 238 2594 310">
     <span class='ocr_line' id='line_1_2' title="bbox 1573 238 2594 310; baseline 0.009 -17"><span class='ocrx_word' id='word_1_3' title='bbox 1573 238 1851 295; x_wconf 62' lang='lat' dir='ltr'><strong>CONTRA</strong></span> <span class='ocrx_word' id='word_1_4' title='bbox 1881 241 2269 310; x_wconf 75' lang='lat' dir='ltr'><strong>EUNOMIUM,</strong></span> <span class='ocrx_word' id='word_1_5' title='bbox 2314 245 2420 300; x_wconf 81' lang='lat' dir='ltr'><strong>LIB</strong></span> <span class='ocrx_word' id='word_1_6' title='bbox 2482 246 2594 302; x_wconf 81' lang='grc' dir='ltr'><strong>ΧΗ.</strong></span> 
     </span>
    </p>
   </div>
   <div class='ocr_carea' id='block_1_3' title="bbox 3527 255 3664 309">
    <p class='ocr_par' dir='ltr' id='par_1_3' title="bbox 3527 255 3664 309">
     <span class='ocr_line' id='line_1_3' title="bbox 3527 255 3664 309; baseline 0.007 -1"><span class='ocrx_word' id='word_1_7' title='bbox 3527 255 3664 309; x_wconf 63' lang='lat' dir='ltr'><strong>i096</strong></span> 
     </span>
    </p>
   </div>
   <div class='ocr_carea' id='block_1_4' title="bbox 416 350 2000 428">
    <p class='ocr_par' dir='ltr' id='par_1_4' title="bbox 416 350 1989 426">
     <span class='ocr_line' id='line_1_4' title="bbox 416 350 1989 426; baseline 0.008 -29"><span class='ocrx_word' id='word_1_8' title='bbox 416 353 550 423; x_wconf 75' lang='grc' dir='ltr'>χθὴς</span> <span class='ocrx_word' id='word_1_9' title='bbox 581 350 732 404; x_wconf 78' lang='grc' dir='ltr'>ἔσται</span> <span class='ocrx_word' id='word_1_10' title='bbox 773 354 883 414; x_wconf 82' lang='grc' dir='ltr'>τοῖς</span> <span class='ocrx_word' id='word_1_11' title='bbox 911 351 1250 421; x_wconf 70' lang='grc' dir='ltr'>ἀφιλοπόνοις</span> <span class='ocrx_word' id='word_1_12' title='bbox 1286 354 1318 424; x_wconf 82' lang='grc' dir='ltr'>ἡ</span> <span class='ocrx_word' id='word_1_13' title='bbox 1356 352 1557 423; x_wconf 77' lang='grc' dir='ltr'>σπουδὴ</span> <span class='ocrx_word' id='word_1_14' title='bbox 1592 355 1684 407; x_wconf 75' lang='grc' dir='ltr'><strong>καὶ</strong></span> <span class='ocrx_word' id='word_1_15' title='bbox 1715 354 1989 426; x_wconf 78' lang='grc' dir='ltr'>ἀνόνητος,</span> 
     </span>
    </p>
   </div>
   <div class='ocr_carea' id='block_1_5' title="bbox 2101 350 3678 428">
    <p class='ocr_par' dir='ltr' id='par_1_5' title="bbox 2101 357 3678 428">
     <span class='ocr_line' id='line_1_5' title="bbox 2101 357 3678 428; baseline 0.006 -19"><span class='ocrx_word' id='word_1_16' title='bbox 2101 357 2316 426; x_wconf 86' lang='lat' dir='ltr'><strong>quidem</strong></span> <span class='ocrx_word' id='word_1_17' title='bbox 2352 358 2437 414; x_wconf 90' lang='lat' dir='ltr'><strong>his</strong></span> <span class='ocrx_word' id='word_1_18' title='bbox 2466 359 2559 428; x_wconf 99' lang='lat' dir='ltr'><strong>qui</strong></span> <span class='ocrx_word' id='word_1_19' title='bbox 2587 359 2823 413; x_wconf 99' lang='lat' dir='ltr'><strong>laborem</strong></span> <span class='ocrx_word' id='word_1_20' title='bbox 2865 362 3191 427; x_wconf 76' lang='lat' dir='ltr'><strong>detrectant,</strong></span> <span class='ocrx_word' id='word_1_21' title='bbox 3226 363 3464 418; x_wconf 90' lang='lat' dir='ltr'><strong>studium</strong></span> <span class='ocrx_word' id='word_1_22' title='bbox 3497 369 3678 425; x_wconf 67' lang='lat' dir='ltr'><strong>iu,o|e~.</strong></span> 
     </span>
    </p>
   </div>
   <div class='ocr_carea' id='block_1_6' title="bbox 416 443 1994 518">
    <p class='ocr_par' dir='ltr' id='par_1_6' title="bbox 416 443 1994 518">
     <span class='ocr_line' id='line_1_6' title="bbox 416 443 1994 518; baseline 0.003 -22"><span class='ocrx_word' id='word_1_23' title='bbox 416 447 474 497; x_wconf 89' lang='grc' dir='ltr'><strong>ἐν</strong></span> <span class='ocrx_word' id='word_1_24' title='bbox 508 443 728 507; x_wconf 79' lang='grc' dir='ltr'>πολλαῖς</span> <span class='ocrx_word' id='word_1_25' title='bbox 771 444 917 497; x_wconf 88' lang='grc' dir='ltr'>ἐπῶν</span> <span class='ocrx_word' id='word_1_26' title='bbox 952 444 1184 515; x_wconf 75' lang='grc' dir='ltr'><strong>χιλιάσιν</strong></span> <span class='ocrx_word' id='word_1_27' title='bbox 1209 446 1294 498; x_wconf 83' lang='grc' dir='ltr'>ἐπ’</span> <span class='ocrx_word' id='word_1_28' title='bbox 1325 446 1495 498; x_wconf 72' lang='grc' dir='ltr'>οὐδενὶ</span> <span class='ocrx_word' id='word_1_29' title='bbox 1523 448 1777 518; x_wconf 79' lang='grc' dir='ltr'><strong>χρησίμῳ</strong></span> <span class='ocrx_word' id='word_1_30' title='bbox 1821 465 1994 518; x_wconf 85' lang='grc' dir='ltr'>μηκυ-</span> 
     </span>
    </p>
   </div>
   <div class='ocr_carea' id='block_1_7' title="bbox 415 536 1993 608">
    <p class='ocr_par' dir='ltr' id='par_1_7' title="bbox 415 536 1993 608">
     <span class='ocr_line' id='line_1_7' title="bbox 415 536 1993 608; baseline 0.003 -21"><span class='ocrx_word' id='word_1_31' title='bbox 415 538 634 606; x_wconf 82' lang='grc' dir='ltr'>νομένη.</span> <span class='ocrx_word' id='word_1_32' title='bbox 686 538 744 589; x_wconf 83' lang='grc' dir='ltr'>Εἰ</span> <span class='ocrx_word' id='word_1_33' title='bbox 785 536 842 589; x_wconf 85' lang='grc' dir='ltr'>δὲ</span> <span class='ocrx_word' id='word_1_34' title='bbox 881 538 987 590; x_wconf 74' lang='grc' dir='ltr'><strong>τῶν</strong></span> <span class='ocrx_word' id='word_1_35' title='bbox 1030 537 1329 591; x_wconf 75' lang='grc' dir='ltr'><strong>δοκούντων</strong></span> <span class='ocrx_word' id='word_1_36' title='bbox 1362 538 1506 608; x_wconf 76' lang='grc' dir='ltr'>ἔχειν</span> <span class='ocrx_word' id='word_1_37' title='bbox 1550 539 1671 592; x_wconf 78' lang='grc' dir='ltr'>τινά</span> <span class='ocrx_word' id='word_1_38' title='bbox 1718 539 1860 592; x_wconf 83' lang='grc' dir='ltr'>κατὰ</span> <span class='ocrx_word' id='word_1_39' title='bbox 1900 539 1993 608; x_wconf 80' lang='grc' dir='ltr'>τῆς</span> 
     </span>
    </p>
   </div>
   <div class='ocr_carea' id='block_1_8' title="bbox 414 628 1995 701">
    <p class='ocr_par' dir='ltr' id='par_1_8' title="bbox 414 628 1995 701">
     <span class='ocr_line' id='line_1_8' title="bbox 414 628 1995 701; baseline 0.002 -21"><span class='ocrx_word' id='word_1_40' title='bbox 414 628 671 698; x_wconf 80' lang='grc' dir='ltr'><strong>ἀληθείας</strong></span> <span class='ocrx_word' id='word_1_41' title='bbox 728 630 880 699; x_wconf 76' lang='grc' dir='ltr'>ἰσχὺν</span> <span class='ocrx_word' id='word_1_42' title='bbox 928 631 1104 698; x_wconf 80' lang='grc' dir='ltr'>μόνων</span> <span class='ocrx_word' id='word_1_43' title='bbox 1153 629 1603 700; x_wconf 76' lang='grc' dir='ltr'>ἀντιλαϐοίμεθα,</span> <span class='ocrx_word' id='word_1_44' title='bbox 1661 629 1995 701; x_wconf 78' lang='grc' dir='ltr'>κατηγορίας</span> 
     </span>
    </p>
   </div>
   <div class='ocr_carea' id='block_1_9' title="bbox 416 719 1994 791">
    <p class='ocr_par' dir='ltr' id='par_1_9' title="bbox 416 719 1994 791">
     <span class='ocr_line' id='line_1_9' title="bbox 416 719 1994 791; baseline 0.001 -20"><span class='ocrx_word' id='word_1_45' title='bbox 416 719 671 789; x_wconf 82' lang='grc' dir='ltr'>ἀφορμὴν</span> <span class='ocrx_word' id='word_1_46' title='bbox 697 721 810 783; x_wconf 86' lang='grc' dir='ltr'>τοῖς</span> <span class='ocrx_word' id='word_1_47' title='bbox 835 720 1175 781; x_wconf 78' lang='grc' dir='ltr'><strong>ὑπεναντίοις</strong></span> <span class='ocrx_word' id='word_1_48' title='bbox 1209 720 1538 791; x_wconf 70' lang='grc' dir='ltr'><strong>παρέξομεν,</strong></span> <span class='ocrx_word' id='word_1_49' title='bbox 1570 721 1646 784; x_wconf 85' lang='grc' dir='ltr'>ὡς</span> <span class='ocrx_word' id='word_1_50' title='bbox 1673 721 1994 791; x_wconf 84' lang='grc' dir='ltr'>παρεικότες</span> 
     </span>
    </p>
   </div>
   <div class='ocr_carea' id='block_1_10' title="bbox 415 811 1997 884">
    <p class='ocr_par' dir='ltr' id='par_1_10' title="bbox 415 811 1997 884">
     <span class='ocr_line' id='line_1_10' title="bbox 415 811 1997 884; baseline 0.001 -21"><span class='ocrx_word' id='word_1_51' title='bbox 415 811 535 863; x_wconf 72' lang='grc' dir='ltr'>τινὰ</span> <span class='ocrx_word' id='word_1_52' title='bbox 577 812 685 864; x_wconf 89' lang='grc' dir='ltr'><strong>τῶν</strong></span> <span class='ocrx_word' id='word_1_53' title='bbox 722 812 782 864; x_wconf 83' lang='grc' dir='ltr'><strong>οὑ</strong></span> <span class='ocrx_word' id='word_1_54' title='bbox 825 812 1131 882; x_wconf 79' lang='grc' dir='ltr'>δεχομένων</span> <span class='ocrx_word' id='word_1_55' title='bbox 1168 813 1505 883; x_wconf 73' lang='grc' dir='ltr'>ἀντίρρησιν.</span> <span class='ocrx_word' id='word_1_56' title='bbox 1554 812 1770 884; x_wconf 81' lang='grc' dir='ltr'>Ἐπειδὴ</span> <span class='ocrx_word' id='word_1_57' title='bbox 1819 812 1997 865; x_wconf 78' lang='grc' dir='ltr'>τοίνυν</span> 
     </span>
    </p>
   </div>
   <div class='ocr_carea' id='block_1_11' title="bbox 413 901 1995 974">
    <p class='ocr_par' dir='ltr' id='par_1_11' title="bbox 413 901 1995 974">
     <span class='ocr_line' id='line_1_11' title="bbox 413 901 1995 974; baseline 0.001 -20"><span class='ocrx_word' id='word_1_58' title='bbox 413 901 507 954; x_wconf 85' lang='grc' dir='ltr'><strong>δύο</strong></span> <span class='ocrx_word' id='word_1_59' title='bbox 536 903 912 973; x_wconf 80' lang='grc' dir='ltr'><strong>προκειμένων</strong></span> <span class='ocrx_word' id='word_1_60' title='bbox 943 905 1093 974; x_wconf 80' lang='grc' dir='ltr'>ἡμῖν,</span> <span class='ocrx_word' id='word_1_61' title='bbox 1128 904 1221 957; x_wconf 83' lang='grc' dir='ltr'><strong>τοῦ</strong></span> <span class='ocrx_word' id='word_1_62' title='bbox 1252 921 1311 957; x_wconf 87' lang='grc' dir='ltr'><strong>τε</strong></span> <span class='ocrx_word' id='word_1_63' title='bbox 1339 904 1426 957; x_wconf 67' lang='grc' dir='ltr'><strong>διὰ</strong></span> <span class='ocrx_word' id='word_1_64' title='bbox 1475 904 1692 958; x_wconf 85' lang='grc' dir='ltr'>πάντων</span> <span class='ocrx_word' id='word_1_65' title='bbox 1724 904 1815 957; x_wconf 77' lang='grc' dir='ltr'>τὸν</span> <span class='ocrx_word' id='word_1_66' title='bbox 1839 903 1995 972; x_wconf 87' lang='grc' dir='ltr'>λόγον</span> 
     </span>
    </p>
   </div>
   <div class='ocr_carea' id='block_1_12' title="bbox 415 995 1997 1067">
    <p class='ocr_par' dir='ltr' id='par_1_12' title="bbox 415 995 1997 1067">
     <span class='ocr_line' id='line_1_12' title="bbox 415 995 1997 1067; baseline 0.001 -20"><span class='ocrx_word' id='word_1_67' title='bbox 415 995 609 1059; x_wconf 90' lang='grc' dir='ltr'>ἐλθεῖν,</span> <span class='ocrx_word' id='word_1_68' title='bbox 647 996 862 1049; x_wconf 74' lang='grc' dir='ltr'>καὶτοῦ</span> <span class='ocrx_word' id='word_1_69' title='bbox 904 1000 1018 1060; x_wconf 88' lang='grc' dir='ltr'>τοῖς</span> <span class='ocrx_word' id='word_1_70' title='bbox 1070 997 1515 1067; x_wconf 88' lang='grc' dir='ltr'>ἀναγκαιοτέροις</span> <span class='ocrx_word' id='word_1_71' title='bbox 1555 996 1736 1067; x_wconf 82' lang='grc' dir='ltr'>μόνοις</span> <span class='ocrx_word' id='word_1_72' title='bbox 1774 997 1997 1066; x_wconf 74' lang='grc' dir='ltr'>ἐπιδρα·</span> 
     </span>
    </p>
   </div>
   <div class='ocr_carea' id='block_1_13' title="bbox 420 1086 1995 1158">
    <p class='ocr_par' dir='ltr' id='par_1_13' title="bbox 420 1086 1995 1158">
     <span class='ocr_line' id='line_1_13' title="bbox 420 1086 1995 1158; baseline 0.002 -20"><span class='ocrx_word' id='word_1_73' title='bbox 420 1089 540 1156; x_wconf 83' lang='grc' dir='ltr'>μεῖν</span> <span class='ocrx_word' id='word_1_74' title='bbox 560 1102 575 1116; x_wconf 89' lang='grc'><strong>·</strong></span> <span class='ocrx_word' id='word_1_75' title='bbox 612 1088 669 1140; x_wconf 81' lang='grc' dir='ltr'><strong>τὸ</strong></span> <span class='ocrx_word' id='word_1_76' title='bbox 699 1088 798 1158; x_wconf 77' lang='grc' dir='ltr'><strong>μὲν</strong></span> <span class='ocrx_word' id='word_1_77' title='bbox 830 1088 1062 1158; x_wconf 80' lang='grc' dir='ltr'>ἐπαχθὲς</span> <span class='ocrx_word' id='word_1_78' title='bbox 1104 1091 1217 1152; x_wconf 85' lang='grc' dir='ltr'>τοῖς</span> <span class='ocrx_word' id='word_1_79' title='bbox 1245 1086 1524 1152; x_wconf 83' lang='grc' dir='ltr'><strong>ἀκούουσι,</strong></span> <span class='ocrx_word' id='word_1_80' title='bbox 1554 1089 1615 1140; x_wconf 89' lang='grc' dir='ltr'><strong>τὸ</strong></span> <span class='ocrx_word' id='word_1_81' title='bbox 1648 1088 1703 1142; x_wconf 85' lang='grc' dir='ltr'>δὲ</span> <span class='ocrx_word' id='word_1_82' title='bbox 1724 1090 1839 1151; x_wconf 78' lang='grc' dir='ltr'>τοῖς</span> <span class='ocrx_word' id='word_1_83' title='bbox 1866 1088 1995 1158; x_wconf 85' lang='grc' dir='ltr'>βάλ-</span> 
     </span>
    </p>
   </div>
   <div class='ocr_carea' id='block_1_14' title="bbox 414 1177 1995 1252">
    <p class='ocr_par' dir='ltr' id='par_1_14' title="bbox 414 1177 1995 1252">
     <span class='ocr_line' id='line_1_14' title="bbox 414 1177 1995 1252; baseline 0.003 -23"><span class='ocrx_word' id='word_1_84' title='bbox 414 1178 599 1230; x_wconf 79' lang='grc' dir='ltr'>λουσιν</span> <span class='ocrx_word' id='word_1_85' title='bbox 642 1177 901 1243; x_wconf 74' lang='grc' dir='ltr'>ὒποπτον,</span> <span class='ocrx_word' id='word_1_86' title='bbox 933 1180 1113 1244; x_wconf 80' lang='grc' dir='ltr'>καλῶς</span> <span class='ocrx_word' id='word_1_87' title='bbox 1155 1181 1299 1250; x_wconf 79' lang='grc' dir='ltr'>ἔχειν</span> <span class='ocrx_word' id='word_1_88' title='bbox 1331 1181 1473 1252; x_wconf 75' lang='grc' dir='ltr'>φημὶ</span> <span class='ocrx_word' id='word_1_89' title='bbox 1522 1179 1692 1251; x_wconf 80' lang='grc' dir='ltr'>μέσην</span> <span class='ocrx_word' id='word_1_90' title='bbox 1719 1179 1839 1232; x_wconf 86' lang='grc' dir='ltr'>τινὰ</span> <span class='ocrx_word' id='word_1_91' title='bbox 1865 1196 1995 1251; x_wconf 86' lang='grc' dir='ltr'>τρα-</span> 
     </span>
    </p>
   </div>
   <div class='ocr_carea' id='block_1_15' title="bbox 418 1270 1991 1343">
    <p class='ocr_par' dir='ltr' id='par_1_15' title="bbox 418 1270 1991 1343">
     <span class='ocr_line' id='line_1_15' title="bbox 418 1270 1991 1343; baseline 0.001 -22"><span class='ocrx_word' id='word_1_92' title='bbox 418 1270 490 1322; x_wconf 84' lang='grc' dir='ltr'><strong>πό</strong></span> <span class='ocrx_word' id='word_1_93' title='bbox 497 1287 655 1339; x_wconf 86' lang='grc' dir='ltr'>μενον</span> <span class='ocrx_word' id='word_1_94' title='bbox 676 1272 930 1340; x_wconf 75' lang='grc' dir='ltr'>ἐκφυγεῖν</span> <span class='ocrx_word' id='word_1_95' title='bbox 947 1272 1305 1343; x_wconf 68' lang='grc' dir='ltr'>ἑκατέρωθεν,</span> <span class='ocrx_word' id='word_1_96' title='bbox 1324 1272 1399 1334; x_wconf 83' lang='grc' dir='ltr'>ὼς</span> <span class='ocrx_word' id='word_1_97' title='bbox 1413 1274 1633 1336; x_wconf 74' lang='grc' dir='ltr'>οἴονται,</span> <span class='ocrx_word' id='word_1_98' title='bbox 1649 1271 1709 1324; x_wconf 78' lang='grc' dir='ltr'>τὸ</span> <span class='ocrx_word' id='word_1_99' title='bbox 1727 1270 1991 1324; x_wconf 78' lang='grc' dir='ltr'>ὑπαίτιον.</span> 
     </span>
    </p>
   </div>
   <div class='ocr_carea' id='block_1_16' title="bbox 419 1359 1996 1435">
    <p class='ocr_par' dir='ltr' id='par_1_16' title="bbox 419 1359 1996 1435">
     <span class='ocr_line' id='line_1_16' title="bbox 419 1359 1996 1435; baseline 0.002 -23"><span class='ocrx_word' id='word_1_100' title='bbox 419 1360 516 1435; x_wconf 78' lang='grc' dir='ltr'><strong>Τίς</strong></span> <span class='ocrx_word' id='word_1_101' title='bbox 550 1359 643 1414; x_wconf 73' lang='grc' dir='ltr'><strong>οὖν</strong></span> <span class='ocrx_word' id='word_1_102' title='bbox 689 1365 720 1433; x_wconf 84' lang='grc' dir='ltr'><strong>ἡ</strong></span> <span class='ocrx_word' id='word_1_103' title='bbox 773 1364 1029 1434; x_wconf 81' lang='grc' dir='ltr'>μέθοδος;</span> <span class='ocrx_word' id='word_1_104' title='bbox 1066 1366 1287 1419; x_wconf 82' lang='grc' dir='ltr'>Πάντων</span> <span class='ocrx_word' id='word_1_105' title='bbox 1326 1365 1434 1417; x_wconf 89' lang='grc' dir='ltr'><strong>τῶν</strong></span> <span class='ocrx_word' id='word_1_106' title='bbox 1471 1364 1613 1417; x_wconf 81' lang='grc' dir='ltr'>κατὰ</span> <span class='ocrx_word' id='word_1_107' title='bbox 1656 1363 1718 1417; x_wconf 82' lang='grc' dir='ltr'>τὸ</span> <span class='ocrx_word' id='word_1_108' title='bbox 1769 1364 1996 1434; x_wconf 84' lang='grc' dir='ltr'>μάταιον</span> 
     </span>
    </p>
   </div>
   <div class='ocr_carea' id='block_1_17' title="bbox 421 1450 1996 1526">
    <p class='ocr_par' dir='ltr' id='par_1_17' title="bbox 421 1450 1996 1526">
     <span class='ocr_line' id='line_1_17' title="bbox 421 1450 1996 1526; baseline 0.001 -22"><span class='ocrx_word' id='word_1_109' title='bbox 421 1455 810 1524; x_wconf 79' lang='grc' dir='ltr'>πεπονημένων</span> <span class='ocrx_word' id='word_1_110' title='bbox 836 1456 983 1526; x_wconf 82' lang='grc' dir='ltr'>αὑτῷ</span> <span class='ocrx_word' id='word_1_111' title='bbox 1015 1456 1363 1526; x_wconf 83' lang='grc' dir='ltr'>συντεμόντες</span> <span class='ocrx_word' id='word_1_112' title='bbox 1390 1456 1465 1519; x_wconf 79' lang='grc' dir='ltr'>ὡς</span> <span class='ocrx_word' id='word_1_113' title='bbox 1490 1450 1599 1508; x_wconf 76' lang='grc' dir='ltr'>οἷόν</span> <span class='ocrx_word' id='word_1_114' title='bbox 1625 1472 1684 1508; x_wconf 85' lang='grc' dir='ltr'><strong>τε</strong></span> <span class='ocrx_word' id='word_1_115' title='bbox 1716 1456 1807 1508; x_wconf 80' lang='grc' dir='ltr'><strong>τὸν</strong></span> <span class='ocrx_word' id='word_1_116' title='bbox 1830 1454 1996 1507; x_wconf 74' lang='grc' dir='ltr'>πολὺν</span> 
     </span>
    </p>
   </div>
   <div class='ocr_carea' id='block_1_18' title="bbox 422 1544 1996 1618">
    <p class='ocr_par' dir='ltr' id='par_1_18' title="bbox 422 1544 1996 1618">
     <span class='ocr_line' id='line_1_18' title="bbox 422 1544 1996 1618; baseline 0.001 -22"><span class='ocrx_word' id='word_1_117' title='bbox 422 1545 704 1616; x_wconf 74' lang='grc' dir='ltr'>συρφετὸν,</span> <span class='ocrx_word' id='word_1_118' title='bbox 734 1546 799 1599; x_wconf 87' lang='grc' dir='ltr'>δι’</span> <span class='ocrx_word' id='word_1_119' title='bbox 816 1546 1010 1614; x_wconf 85' lang='grc' dir='ltr'>ὀλίγων</span> <span class='ocrx_word' id='word_1_120' title='bbox 1039 1547 1488 1618; x_wconf 85' lang='grc' dir='ltr'>ἐπιδραμούμεθα</span> <span class='ocrx_word' id='word_1_121' title='bbox 1520 1545 1905 1615; x_wconf 80' lang='grc' dir='ltr'>κεφαλαιωδῶς</span> <span class='ocrx_word' id='word_1_122' title='bbox 1927 1544 1996 1598; x_wconf 76' lang='grc' dir='ltr'>τὰ</span> 
     </span>
    </p>
   </div>
   <div class='ocr_carea' id='block_1_19' title="bbox 416 1636 1994 1709">
    <p class='ocr_par' dir='ltr' id='par_1_19' title="bbox 416 1636 1994 1709">
     <span class='ocr_line' id='line_1_19' title="bbox 416 1636 1994 1709; baseline 0.003 -23"><span class='ocrx_word' id='word_1_123' title='bbox 416 1639 699 1705; x_wconf 78' lang='grc' dir='ltr'>νοήματα·</span> <span class='ocrx_word' id='word_1_124' title='bbox 729 1636 805 1700; x_wconf 79' lang='grc' dir='ltr'>ὡς</span> <span class='ocrx_word' id='word_1_125' title='bbox 853 1638 990 1708; x_wconf 85' lang='grc' dir='ltr'>μήτε</span> <span class='ocrx_word' id='word_1_126' title='bbox 1038 1642 1153 1701; x_wconf 85' lang='grc' dir='ltr'>τοῖς</span> <span class='ocrx_word' id='word_1_127' title='bbox 1198 1640 1444 1709; x_wconf 83' lang='grc' dir='ltr'>ἀνοήτοις</span> <span class='ocrx_word' id='word_1_128' title='bbox 1476 1636 1799 1708; x_wconf 75' lang='grc' dir='ltr'>ἐμϐαθύνειν</span> <span class='ocrx_word' id='word_1_129' title='bbox 1849 1638 1994 1707; x_wconf 77' lang='grc' dir='ltr'>εἰκῆ.</span> 
     </span>
    </p>
   </div>
   <div class='ocr_carea' id='block_1_20' title="bbox 419 1708 2068 1799">
    <p class='ocr_par' dir='ltr' id='par_1_20' title="bbox 419 1708 2068 1799">
     <span class='ocr_line' id='line_1_20' title="bbox 419 1708 2068 1799; baseline 0 -21"><span class='ocrx_word' id='word_1_130' title='bbox 419 1728 559 1796; x_wconf 80' lang='grc' dir='ltr'>μήτε</span> <span class='ocrx_word' id='word_1_131' title='bbox 588 1744 640 1779; x_wconf 92' lang='grc' dir='ltr'><strong>τι</strong></span> <span class='ocrx_word' id='word_1_132' title='bbox 675 1727 782 1779; x_wconf 86' lang='grc' dir='ltr'><strong>τῶν</strong></span> <span class='ocrx_word' id='word_1_133' title='bbox 811 1729 1115 1799; x_wconf 80' lang='grc' dir='ltr'>εἰρημένων</span> <span class='ocrx_word' id='word_1_134' title='bbox 1156 1729 1407 1794; x_wconf 75' lang='grc' dir='ltr'>καθάπαξ</span> <span class='ocrx_word' id='word_1_135' title='bbox 1440 1728 1699 1798; x_wconf 77' lang='grc' dir='ltr'>περιιδεῖν</span> <span class='ocrx_word' id='word_1_136' title='bbox 1748 1727 1998 1791; x_wconf 80' lang='grc' dir='ltr'>ἀνεξέτα-</span> <span class='ocrx_word' id='word_1_137' title='bbox 2032 1708 2068 1760; x_wconf 69' lang='grc' dir='ltr'><strong>Β</strong></span> 
     </span>
    </p>
   </div>
   <div class='ocr_carea' id='block_1_21' title="bbox 418 1818 2000 1891">
    <p class='ocr_par' dir='ltr' id='par_1_21' title="bbox 418 1818 2000 1891">
     <span class='ocr_line' id='line_1_21' title="bbox 418 1818 2000 1891; baseline 0.001 -23"><span class='ocrx_word' id='word_1_138' title='bbox 418 1833 561 1870; x_wconf 87' lang='grc' dir='ltr'>στον.</span> <span class='ocrx_word' id='word_1_139' title='bbox 595 1818 774 1880; x_wconf 80' lang='grc' dir='ltr'>¹⁷Λπας</span> <span class='ocrx_word' id='word_1_140' title='bbox 815 1819 991 1872; x_wconf 83' lang='grc' dir='ltr'>τοίνυν</span> <span class='ocrx_word' id='word_1_141' title='bbox 1015 1822 1043 1872; x_wconf 87' lang='grc' dir='ltr'>ὁ</span> <span class='ocrx_word' id='word_1_142' title='bbox 1080 1821 1238 1888; x_wconf 85' lang='grc' dir='ltr'>λόγος</span> <span class='ocrx_word' id='word_1_143' title='bbox 1261 1820 1408 1891; x_wconf 82' lang='grc' dir='ltr'>αὐτῷ</span> <span class='ocrx_word' id='word_1_144' title='bbox 1438 1820 1664 1890; x_wconf 81' lang='grc' dir='ltr'>ἄσχολός</span> <span class='ocrx_word' id='word_1_145' title='bbox 1712 1821 1827 1873; x_wconf 85' lang='grc' dir='ltr'>ἐστι</span> <span class='ocrx_word' id='word_1_146' title='bbox 1863 1819 2000 1889; x_wconf 77' lang='grc' dir='ltr'>πρὸς</span> 
     </span>
    </p>
   </div>
   <div class='ocr_carea' id='block_1_22' title="bbox 417 1908 2001 1982">
    <p class='ocr_par' dir='ltr' id='par_1_22' title="bbox 417 1908 2001 1982">
     <span class='ocr_line' id='line_1_22' title="bbox 417 1908 2001 1982; baseline 0.001 -22"><span class='ocrx_word' id='word_1_147' title='bbox 417 1908 618 1979; x_wconf 84' lang='grc' dir='ltr'>ταύτην</span> <span class='ocrx_word' id='word_1_148' title='bbox 658 1910 756 1981; x_wconf 81' lang='grc' dir='ltr'><strong>τὴν</strong></span> <span class='ocrx_word' id='word_1_149' title='bbox 787 1912 1044 1982; x_wconf 80' lang='grc' dir='ltr'>σπουδὴν,</span> <span class='ocrx_word' id='word_1_150' title='bbox 1074 1911 1242 1976; x_wconf 81' lang='grc' dir='ltr'>δεῖξαι</span> <span class='ocrx_word' id='word_1_151' title='bbox 1277 1911 1595 1980; x_wconf 78' lang='grc' dir='ltr'>φιλονεικῶν</span> <span class='ocrx_word' id='word_1_152' title='bbox 1639 1909 2001 1982; x_wconf 82' lang='grc' dir='ltr'>ἀνθρωπικῶς</span> 
     </span>
    </p>
   </div>
   <div class='ocr_carea' id='block_1_23' title="bbox 416 2000 2003 2074">
    <p class='ocr_par' dir='ltr' id='par_1_23' title="bbox 416 2000 2003 2074">
     <span class='ocr_line' id='line_1_23' title="bbox 416 2000 2003 2074; baseline 0.001 -22"><span class='ocrx_word' id='word_1_153' title='bbox 416 2001 476 2052; x_wconf 79' lang='grc' dir='ltr'><strong>τὸ</strong></span> <span class='ocrx_word' id='word_1_154' title='bbox 503 2000 658 2054; x_wconf 81' lang='grc' dir='ltr'>Θεῖον</span> <span class='ocrx_word' id='word_1_155' title='bbox 685 2003 1087 2073; x_wconf 88' lang='grc' dir='ltr'>διαλεγόμενον,</span> <span class='ocrx_word' id='word_1_156' title='bbox 1118 2004 1210 2057; x_wconf 77' lang='grc' dir='ltr'>καὶ</span> <span class='ocrx_word' id='word_1_157' title='bbox 1239 2003 1336 2068; x_wconf 78' lang='grc' dir='ltr'>τὰς</span> <span class='ocrx_word' id='word_1_158' title='bbox 1365 2021 1430 2074; x_wconf 90' lang='grc' dir='ltr'><strong>ση</strong></span> <span class='ocrx_word' id='word_1_159' title='bbox 1440 2002 1701 2074; x_wconf 78' lang='grc' dir='ltr'>μαντικὰς</span> <span class='ocrx_word' id='word_1_160' title='bbox 1730 2002 1836 2054; x_wconf 89' lang='grc' dir='ltr'><strong>τῶν</strong></span> <span class='ocrx_word' id='word_1_161' title='bbox 1862 2018 2003 2072; x_wconf 89' lang='grc' dir='ltr'>πρα-</span> 
     </span>
    </p>
   </div>
   <div class='ocr_carea' id='block_1_24' title="bbox 417 2093 1999 2165">
    <p class='ocr_par' dir='ltr' id='par_1_24' title="bbox 417 2093 1999 2165">
     <span class='ocr_line' id='line_1_24' title="bbox 417 2093 1999 2165; baseline -0.002 -16"><span class='ocrx_word' id='word_1_162' title='bbox 417 2097 641 2165; x_wconf 80' lang='grc' dir='ltr'>γμάτων</span> <span class='ocrx_word' id='word_1_163' title='bbox 683 2096 866 2164; x_wconf 71' lang='grc' dir='ltr'>φωνὰς</span> <span class='ocrx_word' id='word_1_164' title='bbox 897 2097 1057 2149; x_wconf 84' lang='grc' dir='ltr'>αὑτὸν</span> <span class='ocrx_word' id='word_1_165' title='bbox 1089 2100 1201 2160; x_wconf 86' lang='grc' dir='ltr'>τοῖς</span> <span class='ocrx_word' id='word_1_166' title='bbox 1226 2093 1345 2150; x_wconf 79' lang='grc' dir='ltr'>οὖσι</span> <span class='ocrx_word' id='word_1_167' title='bbox 1385 2097 1476 2149; x_wconf 84' lang='grc' dir='ltr'><strong>τὸν</strong></span> <span class='ocrx_word' id='word_1_168' title='bbox 1503 2096 1611 2149; x_wconf 88' lang='grc' dir='ltr'><strong>τῶν</strong></span> <span class='ocrx_word' id='word_1_169' title='bbox 1656 2095 1999 2164; x_wconf 69' lang='grc' dir='ltr'>πραγμάτιον</span> 
     </span>
    </p>
   </div>
   <div class='ocr_carea' id='block_1_25' title="bbox 416 2186 1993 2260">
    <p class='ocr_par' dir='ltr' id='par_1_25' title="bbox 416 2186 1993 2260">
     <span class='ocr_line' id='line_1_25' title="bbox 416 2186 1993 2260; baseline -0.001 -23"><span class='ocrx_word' id='word_1_170' title='bbox 416 2187 740 2257; x_wconf 77' lang='grc' dir='ltr'>ἰημιουργὸν</span> <span class='ocrx_word' id='word_1_171' title='bbox 789 2188 1189 2260; x_wconf 82' lang='grc' dir='ltr'>ἐφαρμόζοντα.</span> <span class='ocrx_word' id='word_1_172' title='bbox 1222 2186 1451 2242; x_wconf 57' lang='grc' dir='ltr'>Καὶνδιὰ</span> <span class='ocrx_word' id='word_1_173' title='bbox 1488 2187 1645 2240; x_wconf 77' lang='grc' dir='ltr'>τοῦτο</span> <span class='ocrx_word' id='word_1_174' title='bbox 1690 2186 1993 2256; x_wconf 79' lang='grc' dir='ltr'>μαχόμενος</span> 
     </span>
    </p>
   </div>
   <div class='ocr_carea' id='block_1_26' title="bbox 421 2275 1996 2351">
    <p class='ocr_par' dir='ltr' id='par_1_26' title="bbox 421 2275 1996 2351">
     <span class='ocr_line' id='line_1_26' title="bbox 421 2275 1996 2351; baseline -0.003 -20"><span class='ocrx_word' id='word_1_175' title='bbox 421 2279 557 2349; x_wconf 81' lang='grc' dir='ltr'>πρὸς</span> <span class='ocrx_word' id='word_1_176' title='bbox 584 2279 672 2332; x_wconf 76' lang='grc' dir='ltr'><strong>τὸν</strong></span> <span class='ocrx_word' id='word_1_177' title='bbox 718 2280 939 2333; x_wconf 74' lang='grc' dir='ltr'>εἰπόντα</span> <span class='ocrx_word' id='word_1_178' title='bbox 960 2280 1058 2350; x_wconf 78' lang='grc' dir='ltr'>τῆς</span> <span class='ocrx_word' id='word_1_179' title='bbox 1088 2280 1312 2351; x_wconf 79' lang='grc' dir='ltr'>λογικῆς</span> <span class='ocrx_word' id='word_1_180' title='bbox 1342 2277 1480 2333; x_wconf 87' lang='grc' dir='ltr'>εἶναι</span> <span class='ocrx_word' id='word_1_181' title='bbox 1520 2278 1754 2347; x_wconf 83' lang='grc' dir='ltr'>φύσεως,</span> <span class='ocrx_word' id='word_1_182' title='bbox 1786 2279 1852 2346; x_wconf 78' lang='grc' dir='ltr'>ἢν</span> <span class='ocrx_word' id='word_1_183' title='bbox 1875 2275 1996 2328; x_wconf 82' lang='grc' dir='ltr'>θεό-</span> 
     </span>
    </p>
   </div>
   <div class='ocr_carea' id='block_1_27' title="bbox 418 2365 1999 2441">
    <p class='ocr_par' dir='ltr' id='par_1_27' title="bbox 418 2365 1999 2441">
     <span class='ocr_line' id='line_1_27' title="bbox 418 2365 1999 2441; baseline -0.006 -16"><span class='ocrx_word' id='word_1_184' title='bbox 418 2371 511 2425; x_wconf 83' lang='grc' dir='ltr'><strong>θεν</strong></span> <span class='ocrx_word' id='word_1_185' title='bbox 537 2371 816 2441; x_wconf 75' lang='grc' dir='ltr'>ἐλάϐομεν,</span> <span class='ocrx_word' id='word_1_186' title='bbox 844 2373 914 2426; x_wconf 87' lang='grc' dir='ltr'>τὰ</span> <span class='ocrx_word' id='word_1_187' title='bbox 938 2370 1160 2426; x_wconf 75' lang='grc' dir='ltr'>τοιαῦτα</span> <span class='ocrx_word' id='word_1_188' title='bbox 1179 2373 1284 2424; x_wconf 84' lang='grc' dir='ltr'><strong>τῶν</strong></span> <span class='ocrx_word' id='word_1_189' title='bbox 1305 2371 1603 2440; x_wconf 74' lang='grc' dir='ltr'>ὀνομάτων,</span> <span class='ocrx_word' id='word_1_190' title='bbox 1629 2365 1845 2434; x_wconf 76' lang='grc' dir='ltr'>καὶτῆς</span> <span class='ocrx_word' id='word_1_191' title='bbox 1872 2365 1999 2433; x_wconf 85' lang='grc' dir='ltr'>ἀλη-</span> 
     </span>
    </p>
   </div>
   <div class='ocr_carea' id='block_1_28' title="bbox 419 2454 1995 2535">
    <p class='ocr_par' dir='ltr' id='par_1_28' title="bbox 419 2454 1995 2535">
     <span class='ocr_line' id='line_1_28' title="bbox 419 2454 1995 2535; baseline -0.004 -20"><span class='ocrx_word' id='word_1_192' title='bbox 419 2463 570 2527; x_wconf 83' lang='grc' dir='ltr'>θείας</span> <span class='ocrx_word' id='word_1_193' title='bbox 614 2463 1003 2535; x_wconf 75' lang='grc' dir='ltr'>διαμαρτάνειν</span> <span class='ocrx_word' id='word_1_194' title='bbox 1051 2465 1205 2534; x_wconf 73' lang='grc' dir='ltr'>φησὶ,</span> <span class='ocrx_word' id='word_1_195' title='bbox 1256 2462 1350 2515; x_wconf 71' lang='grc' dir='ltr'><strong>καὶ</strong></span> <span class='ocrx_word' id='word_1_196' title='bbox 1395 2464 1493 2532; x_wconf 82' lang='grc' dir='ltr'><strong>τῆς</strong></span> <span class='ocrx_word' id='word_1_197' title='bbox 1528 2459 1662 2523; x_wconf 82' lang='grc' dir='ltr'>ἰδίας</span> <span class='ocrx_word' id='word_1_198' title='bbox 1709 2456 1871 2510; x_wconf 76' lang='grc' dir='ltr'>αὑτὸν</span> <span class='ocrx_word' id='word_1_199' title='bbox 1921 2454 1995 2523; x_wconf 85' lang='grc' dir='ltr'>μὴ</span> 
     </span>
    </p>
   </div>
   <div class='ocr_carea' id='block_1_29' title="bbox 418 2546 1994 2625">
    <p class='ocr_par' dir='ltr' id='par_1_29' title="bbox 418 2546 1994 2625">
     <span class='ocr_line' id='line_1_29' title="bbox 418 2546 1994 2625; baseline -0.004 -21"><span class='ocrx_word' id='word_1_200' title='bbox 418 2555 639 2623; x_wconf 85' lang='grc' dir='ltr'>κρατεῖν</span> <span class='ocrx_word' id='word_1_201' title='bbox 663 2553 992 2619; x_wconf 80' lang='grc' dir='ltr'>ὑποθέσεως,</span> <span class='ocrx_word' id='word_1_202' title='bbox 1015 2554 1110 2607; x_wconf 75' lang='grc' dir='ltr'><strong>καὶ</strong></span> <span class='ocrx_word' id='word_1_203' title='bbox 1133 2551 1336 2625; x_wconf 77' lang='grc' dir='ltr'>ταύτην</span> <span class='ocrx_word' id='word_1_204' title='bbox 1353 2549 1646 2621; x_wconf 76' lang='grc' dir='ltr'>ἐπαγαγὼν</span> <span class='ocrx_word' id='word_1_205' title='bbox 1664 2549 1764 2619; x_wconf 81' lang='grc' dir='ltr'><strong>τὴν</strong></span> <span class='ocrx_word' id='word_1_206' title='bbox 1790 2546 1994 2617; x_wconf 73' lang='grc' dir='ltr'>μέμψιν</span> 
     </span>
    </p>
   </div>
   <div class='ocr_carea' id='block_1_30' title="bbox 418 2636 1989 2716">
    <p class='ocr_par' dir='ltr' id='par_1_30' title="bbox 418 2636 1989 2716">
     <span class='ocr_line' id='line_1_30' title="bbox 418 2636 1989 2716; baseline 0.004 -20"><span class='ocrx_word' id='word_1_207' title='bbox 418 2642 589 2713; x_wconf 84' lang='grc' dir='ltr'>αὐτῷ,</span> <span class='ocrx_word' id='word_1_208' title='bbox 617 2644 874 2708; x_wconf 80' lang='grc' dir='ltr'>τοιούτοις</span> <span class='ocrx_word' id='word_1_209' title='bbox 915 2645 1178 2716; x_wconf 81' lang='grc' dir='ltr'>κέχρηται</span> <span class='ocrx_word' id='word_1_210' title='bbox 1220 2644 1497 2714; x_wconf 81' lang='grc' dir='ltr'>λογισμοῖς</span> <span class='ocrx_word' id='word_1_211' title='bbox 1524 2641 1660 2712; x_wconf 85' lang='grc' dir='ltr'>πρὸς</span> <span class='ocrx_word' id='word_1_212' title='bbox 1698 2636 1989 2702; x_wconf 80' lang='grc' dir='ltr'>ἀπόδειξιν·</span> 
     </span>
    </p>
   </div>
   <div class='ocr_carea' id='block_1_31' title="bbox 2098 451 3670 514">
    <p class='ocr_par' dir='ltr' id='par_1_31' title="bbox 2098 451 3670 514">
     <span class='ocr_line' id='line_1_31' title="bbox 2098 451 3670 514; baseline 0.006 -11"><span class='ocrx_word' id='word_1_213' title='bbox 2098 458 2239 503; x_wconf 89' lang='lat' dir='ltr'><strong>stum</strong></span> <span class='ocrx_word' id='word_1_214' title='bbox 2297 451 2397 504; x_wconf 91' lang='lat' dir='ltr'><strong>erit</strong></span> <span class='ocrx_word' id='word_1_215' title='bbox 2443 462 2491 505; x_wconf 82' lang='lat' dir='ltr'><strong>et</strong></span> <span class='ocrx_word' id='word_1_216' title='bbox 2531 452 2740 514; x_wconf 87' lang='lat' dir='ltr'><strong>inutile,</strong></span> <span class='ocrx_word' id='word_1_217' title='bbox 2776 452 2828 506; x_wconf 90' lang='lat' dir='ltr'><strong>in</strong></span> <span class='ocrx_word' id='word_1_218' title='bbox 2880 454 3068 509; x_wconf 89' lang='lat' dir='ltr'><strong>multis</strong></span> <span class='ocrx_word' id='word_1_219' title='bbox 3110 471 3361 509; x_wconf 73' lang='lat' dir='ltr'><strong>versuum</strong></span> <span class='ocrx_word' id='word_1_220' title='bbox 3428 459 3670 513; x_wconf 72' lang='lat' dir='ltr'><strong>millibus</strong></span> 
     </span>
    </p>
   </div>
   <div class='ocr_carea' id='block_1_32' title="bbox 2098 540 3673 617">
    <p class='ocr_par' dir='ltr' id='par_1_32' title="bbox 2098 540 3673 617">
     <span class='ocr_line' id='line_1_32' title="bbox 2098 540 3673 617; baseline 0.007 -24"><span class='ocrx_word' id='word_1_221' title='bbox 2098 540 2230 593; x_wconf 88' lang='lat' dir='ltr'><strong>nihil</strong></span> <span class='ocrx_word' id='word_1_222' title='bbox 2267 540 2634 609; x_wconf 80' lang='lat' dir='ltr'><strong>profuturum,</strong></span> <span class='ocrx_word' id='word_1_223' title='bbox 2674 542 2719 596; x_wconf 87' lang='lat' dir='ltr'><strong>si</strong></span> <span class='ocrx_word' id='word_1_224' title='bbox 2773 544 3144 611; x_wconf 87' lang='lat' dir='ltr'><strong>protrahatur.</strong></span> <span class='ocrx_word' id='word_1_225' title='bbox 3194 543 3346 610; x_wconf 84' lang='lat' dir='ltr'><strong>Quod</strong></span> <span class='ocrx_word' id='word_1_226' title='bbox 3380 548 3423 601; x_wconf 90' lang='lat' dir='ltr'><strong>si</strong></span> <span class='ocrx_word' id='word_1_227' title='bbox 3452 562 3513 601; x_wconf 87' lang='lat' dir='ltr'><strong>ea</strong></span> <span class='ocrx_word' id='word_1_228' title='bbox 3550 566 3673 617; x_wconf 67' lang='lat' dir='ltr'><strong>quae</strong></span> 
     </span>
    </p>
   </div>
   <div class='ocr_carea' id='block_1_33' title="bbox 2097 631 3669 702">
    <p class='ocr_par' dir='ltr' id='par_1_33' title="bbox 2097 631 3669 702">
     <span class='ocr_line' id='line_1_33' title="bbox 2097 631 3669 702; baseline 0.006 -19"><span class='ocrx_word' id='word_1_229' title='bbox 2097 631 2263 685; x_wconf 83' lang='lat' dir='ltr'><strong>robur</strong></span> <span class='ocrx_word' id='word_1_230' title='bbox 2292 632 2508 700; x_wconf 85' lang='lat' dir='ltr'><strong>aliquod</strong></span> <span class='ocrx_word' id='word_1_231' title='bbox 2528 640 2787 702; x_wconf 81' lang='lat' dir='ltr'><strong>putantur</strong></span> <span class='ocrx_word' id='word_1_232' title='bbox 2812 633 3009 688; x_wconf 77' lang='lat' dir='ltr'><strong>habere</strong></span> <span class='ocrx_word' id='word_1_233' title='bbox 3030 644 3219 688; x_wconf 91' lang='lat' dir='ltr'><strong>contra</strong></span> <span class='ocrx_word' id='word_1_234' title='bbox 3246 637 3521 693; x_wconf 81' lang='lat' dir='ltr'><strong>veritatem</strong></span> <span class='ocrx_word' id='word_1_235' title='bbox 3554 642 3669 693; x_wconf 82' lang='lat' dir='ltr'><strong>sola</strong></span> 
     </span>
    </p>
   </div>
   <div class='ocr_carea' id='block_1_34' title="bbox 2096 722 3673 795">
    <p class='ocr_par' dir='ltr' id='par_1_34' title="bbox 2096 722 3673 795">
     <span class='ocr_line' id='line_1_34' title="bbox 2096 722 3673 795; baseline 0.009 -22"><span class='ocrx_word' id='word_1_236' title='bbox 2096 722 2550 792; x_wconf 88' lang='lat' dir='ltr'><strong>corripuerimus,</strong></span> <span class='ocrx_word' id='word_1_237' title='bbox 2580 726 2949 781; x_wconf 78' lang='lat' dir='ltr'><strong>accusationis</strong></span> <span class='ocrx_word' id='word_1_238' title='bbox 2968 727 3313 782; x_wconf 76' lang='lat' dir='ltr'><strong>occasionem</strong></span> <span class='ocrx_word' id='word_1_239' title='bbox 3341 731 3673 795; x_wconf 82' lang='lat' dir='ltr'><strong>adversariis</strong></span> 
     </span>
    </p>
   </div>
   <div class='ocr_carea' id='block_1_35' title="bbox 2098 814 3669 889">
    <p class='ocr_par' dir='ltr' id='par_1_35' title="bbox 2098 814 3669 889">
     <span class='ocr_line' id='line_1_35' title="bbox 2098 814 3669 889; baseline 0.007 -22"><span class='ocrx_word' id='word_1_240' title='bbox 2098 814 2479 883; x_wconf 67' lang='lat' dir='ltr'><strong>prmbebimus,</strong></span> <span class='ocrx_word' id='word_1_241' title='bbox 2505 826 2557 868; x_wconf 89' lang='lat' dir='ltr'><strong>ut</strong></span> <span class='ocrx_word' id='word_1_242' title='bbox 2580 816 2671 886; x_wconf 91' lang='lat' dir='ltr'><strong>qui</strong></span> <span class='ocrx_word' id='word_1_243' title='bbox 2691 819 3196 886; x_wconf 55' lang='lat' dir='ltr'><strong>praetermiseriunm</strong></span> <span class='ocrx_word' id='word_1_244' title='bbox 3220 822 3463 889; x_wconf 68' lang='lat' dir='ltr'><strong>quaedam</strong></span> <span class='ocrx_word' id='word_1_245' title='bbox 3482 839 3566 879; x_wconf 76' lang='lat' dir='ltr'><strong>cor</strong></span> <span class='ocrx_word' id='word_1_246' title='bbox 3580 841 3669 878; x_wconf 89' lang='lat' dir='ltr'><strong>um</strong></span> 
     </span>
    </p>
   </div>
   <div class='ocr_carea' id='block_1_36' title="bbox 2097 906 3672 987">
    <p class='ocr_par' dir='ltr' id='par_1_36' title="bbox 2097 906 3672 987">
     <span class='ocr_line' id='line_1_36' title="bbox 2097 906 3672 987; baseline 0.008 -29"><span class='ocrx_word' id='word_1_247' title='bbox 2097 921 2218 973; x_wconf 81' lang='lat' dir='ltr'><strong>quae</strong></span> <span class='ocrx_word' id='word_1_248' title='bbox 2256 906 2747 961; x_wconf 82' lang='lat' dir='ltr'><strong>contradictionem</strong></span> <span class='ocrx_word' id='word_1_249' title='bbox 2776 924 2881 963; x_wconf 85' lang='lat' dir='ltr'><strong>non</strong></span> <span class='ocrx_word' id='word_1_250' title='bbox 2912 910 3227 967; x_wconf 88' lang='lat' dir='ltr'><strong>admittunt.</strong></span> <span class='ocrx_word' id='word_1_251' title='bbox 3263 914 3532 978; x_wconf 77' lang='lat' dir='ltr'><strong>Quoniam</strong></span> <span class='ocrx_word' id='word_1_252' title='bbox 3572 918 3672 987; x_wconf 79' lang='lat' dir='ltr'><strong>igi-</strong></span> 
     </span>
    </p>
   </div>
   <div class='ocr_carea' id='block_1_37' title="bbox 2098 997 3672 1070">
    <p class='ocr_par' dir='ltr' id='par_1_37' title="bbox 2098 997 3672 1070">
     <span class='ocr_line' id='line_1_37' title="bbox 2098 997 3672 1070; baseline 0.01 -21"><span class='ocrx_word' id='word_1_253' title='bbox 2098 1006 2190 1050; x_wconf 87' lang='lat' dir='ltr'><strong>tur</strong></span> <span class='ocrx_word' id='word_1_254' title='bbox 2221 997 2330 1052; x_wconf 87' lang='lat' dir='ltr'><strong>duo</strong></span> <span class='ocrx_word' id='word_1_255' title='bbox 2352 999 2507 1052; x_wconf 88' lang='lat' dir='ltr'><strong>nobis</strong></span> <span class='ocrx_word' id='word_1_256' title='bbox 2527 1008 2656 1053; x_wconf 91' lang='lat' dir='ltr'><strong>sunt</strong></span> <span class='ocrx_word' id='word_1_257' title='bbox 2678 1003 2977 1070; x_wconf 79' lang='lat' dir='ltr'><strong>proposita,</strong></span> <span class='ocrx_word' id='word_1_258' title='bbox 3004 1012 3057 1058; x_wconf 86' lang='lat' dir='ltr'><strong>et</strong></span> <span class='ocrx_word' id='word_1_259' title='bbox 3092 1012 3151 1058; x_wconf 91' lang='lat' dir='ltr'><strong>ut</strong></span> <span class='ocrx_word' id='word_1_260' title='bbox 3172 1005 3240 1060; x_wconf 90' lang='lat' dir='ltr'><strong>ad</strong></span> <span class='ocrx_word' id='word_1_261' title='bbox 3274 1009 3458 1063; x_wconf 76' lang='lat' dir='ltr'><strong>Omnia</strong></span> <span class='ocrx_word' id='word_1_262' title='bbox 3491 1024 3672 1065; x_wconf 85' lang='lat' dir='ltr'><strong>sermo</strong></span> 
     </span>
    </p>
   </div>
   <div class='ocr_carea' id='block_1_38' title="bbox 2095 1096 3674 1170">
    <p class='ocr_par' dir='ltr' id='par_1_38' title="bbox 2095 1096 3674 1170">
     <span class='ocr_line' id='line_1_38' title="bbox 2095 1096 3674 1170; baseline 0.008 -27"><span class='ocrx_word' id='word_1_263' title='bbox 2095 1096 2283 1144; x_wconf 88' lang='lat' dir='ltr'><strong>noster</strong></span> <span class='ocrx_word' id='word_1_264' title='bbox 2316 1099 2591 1153; x_wconf 88' lang='lat' dir='ltr'><strong>occurrat,</strong></span> <span class='ocrx_word' id='word_1_265' title='bbox 2649 1101 2705 1146; x_wconf 85' lang='lat' dir='ltr'><strong>et</strong></span> <span class='ocrx_word' id='word_1_266' title='bbox 2764 1101 2825 1147; x_wconf 84' lang='lat' dir='ltr'><strong>ut</strong></span> <span class='ocrx_word' id='word_1_267' title='bbox 2853 1096 2967 1150; x_wconf 85' lang='lat' dir='ltr'><strong>sola</strong></span> <span class='ocrx_word' id='word_1_268' title='bbox 2997 1098 3168 1168; x_wconf 83' lang='lat' dir='ltr'><strong>magis</strong></span> <span class='ocrx_word' id='word_1_269' title='bbox 3213 1102 3522 1155; x_wconf 85' lang='lat' dir='ltr'><strong>necessaria</strong></span> <span class='ocrx_word' id='word_1_270' title='bbox 3544 1116 3674 1170; x_wconf 87' lang='lat' dir='ltr'><strong>.per-</strong></span> 
     </span>
    </p>
   </div>
   <div class='ocr_carea' id='block_1_39' title="bbox 2096 1182 3673 1257">
    <p class='ocr_par' dir='ltr' id='par_1_39' title="bbox 2096 1182 3673 1257">
     <span class='ocr_line' id='line_1_39' title="bbox 2096 1182 3673 1257; baseline 0.008 -22"><span class='ocrx_word' id='word_1_271' title='bbox 2096 1189 2324 1236; x_wconf 86' lang='lat' dir='ltr'><strong>currat:</strong></span> <span class='ocrx_word' id='word_1_272' title='bbox 2358 1182 2491 1253; x_wconf 70' lang='lat' dir='ltr'><strong>illud</strong></span> <span class='ocrx_word' id='word_1_273' title='bbox 2534 1183 2752 1252; x_wconf 81' lang='lat' dir='ltr'><strong>quidem</strong></span> <span class='ocrx_word' id='word_1_274' title='bbox 2806 1186 3151 1245; x_wconf 84' lang='lat' dir='ltr'><strong>auditoribus</strong></span> <span class='ocrx_word' id='word_1_275' title='bbox 3208 1192 3520 1257; x_wconf 77' lang='lat' dir='ltr'><strong>molestum,</strong></span> <span class='ocrx_word' id='word_1_276' title='bbox 3570 1193 3673 1247; x_wconf 85' lang='lat' dir='ltr'><strong>hoc</strong></span> 
     </span>
    </p>
   </div>
   <div class='ocr_carea' id='block_1_40' title="bbox 2096 1272 3670 1349">
    <p class='ocr_par' dir='ltr' id='par_1_40' title="bbox 2096 1272 3670 1349">
     <span class='ocr_line' id='line_1_40' title="bbox 2096 1272 3670 1349; baseline 0.006 -23"><span class='ocrx_word' id='word_1_277' title='bbox 2096 1287 2226 1327; x_wconf 78' lang='lat' dir='ltr'><strong>vero</strong></span> <span class='ocrx_word' id='word_1_278' title='bbox 2246 1272 2616 1342; x_wconf 87' lang='lat' dir='ltr'><strong>jaculantibus</strong></span> <span class='ocrx_word' id='word_1_279' title='bbox 2645 1287 2985 1347; x_wconf 80' lang='lat' dir='ltr'><strong>suspectum,</strong></span> <span class='ocrx_word' id='word_1_280' title='bbox 3036 1281 3295 1349; x_wconf 77' lang='lat' dir='ltr'><strong>praeclare</strong></span> <span class='ocrx_word' id='word_1_281' title='bbox 3324 1292 3507 1337; x_wconf 85' lang='lat' dir='ltr'><strong>actum</strong></span> <span class='ocrx_word' id='word_1_282' title='bbox 3545 1285 3670 1349; x_wconf 86' lang='lat' dir='ltr'><strong>erit,</strong></span> 
     </span>
    </p>
   </div>
   <div class='ocr_carea' id='block_1_41' title="bbox 2096 1362 3673 1442">
    <p class='ocr_par' dir='ltr' id='par_1_41' title="bbox 2096 1362 3673 1442">
     <span class='ocr_line' id='line_1_41' title="bbox 2096 1362 3673 1442; baseline 0.007 -25"><span class='ocrx_word' id='word_1_283' title='bbox 2096 1363 2141 1417; x_wconf 88' lang='lat' dir='ltr'><strong>si</strong></span> <span class='ocrx_word' id='word_1_284' title='bbox 2178 1362 2411 1428; x_wconf 74' lang='lat' dir='ltr'><strong>mediam</strong></span> <span class='ocrx_word' id='word_1_285' title='bbox 2443 1366 2731 1433; x_wconf 81' lang='lat' dir='ltr'><strong>quamdam</strong></span> <span class='ocrx_word' id='word_1_286' title='bbox 2781 1369 2922 1423; x_wconf 73' lang='lat' dir='ltr'><strong>viam</strong></span> <span class='ocrx_word' id='word_1_287' title='bbox 2958 1369 3210 1440; x_wconf 80' lang='lat' dir='ltr'><strong>ingressi,</strong></span> <span class='ocrx_word' id='word_1_288' title='bbox 3241 1374 3496 1439; x_wconf 83' lang='lat' dir='ltr'><strong>utrinque</strong></span> <span class='ocrx_word' id='word_1_289' title='bbox 3526 1374 3673 1442; x_wconf 74' lang='lat' dir='ltr'><strong>quod</strong></span> 
     </span>
    </p>
   </div>
   <div class='ocr_carea' id='block_1_42' title="bbox 2096 1454 3674 1543">
    <p class='ocr_par' dir='ltr' id='par_1_42' title="bbox 2096 1454 3674 1543">
     <span class='ocr_line' id='line_1_42' title="bbox 2096 1454 3674 1543; baseline 0.007 -35"><span class='ocrx_word' id='word_1_290' title='bbox 2096 1454 2315 1509; x_wconf 87' lang='lat' dir='ltr'><strong>crimini</strong></span> <span class='ocrx_word' id='word_1_291' title='bbox 2343 1463 2430 1509; x_wconf 86' lang='lat' dir='ltr'><strong>est</strong></span> <span class='ocrx_word' id='word_1_292' title='bbox 2458 1456 2773 1524; x_wconf 73' lang='lat' dir='ltr'><strong>obnoxium,</strong></span> <span class='ocrx_word' id='word_1_293' title='bbox 2805 1470 3067 1543; x_wconf 68' lang='lat' dir='ltr'><strong>quantum</strong></span> <span class='ocrx_word' id='word_1_294' title='bbox 3102 1462 3217 1516; x_wconf 83' lang='lat' dir='ltr'><strong>ﬁeri</strong></span> <span class='ocrx_word' id='word_1_295' title='bbox 3274 1465 3469 1532; x_wconf 86' lang='lat' dir='ltr'><strong>poterit</strong></span> <span class='ocrx_word' id='word_1_296' title='bbox 3494 1506 3507 1524; x_wconf 81' lang='lat'>.</span> <span class='ocrx_word' id='word_1_297' title='bbox 3540 1464 3674 1519; x_wconf 79' lang='lat' dir='ltr'><strong>eﬂ&#39;u-</strong></span> 
     </span>
    </p>
   </div>
   <div class='ocr_carea' id='block_1_43' title="bbox 2096 1546 3675 1621">
    <p class='ocr_par' dir='ltr' id='par_1_43' title="bbox 2096 1546 3675 1621">
     <span class='ocr_line' id='line_1_43' title="bbox 2096 1546 3675 1621; baseline 0.008 -23"><span class='ocrx_word' id='word_1_298' title='bbox 2096 1546 2330 1616; x_wconf 78' lang='lat' dir='ltr'><strong>giamus.</strong></span> <span class='ocrx_word' id='word_1_299' title='bbox 2364 1548 2623 1612; x_wconf 76' lang='lat' dir='ltr'><strong>Qua-nam</strong></span> <span class='ocrx_word' id='word_1_300' title='bbox 2654 1551 2820 1621; x_wconf 82' lang='lat' dir='ltr'><strong>igitur</strong></span> <span class='ocrx_word' id='word_1_301' title='bbox 2846 1552 2952 1607; x_wconf 88' lang='lat' dir='ltr'><strong>erit</strong></span> <span class='ocrx_word' id='word_1_302' title='bbox 2992 1554 3316 1610; x_wconf 88' lang='lat' dir='ltr'><strong>methodus?</strong></span> <span class='ocrx_word' id='word_1_303' title='bbox 3347 1554 3422 1609; x_wconf 77' lang='lat' dir='ltr'><strong>Ex</strong></span> <span class='ocrx_word' id='word_1_304' title='bbox 3461 1557 3526 1610; x_wconf 91' lang='lat' dir='ltr'><strong>iis</strong></span> <span class='ocrx_word' id='word_1_305' title='bbox 3554 1571 3675 1610; x_wconf 89' lang='lat' dir='ltr'><strong>om—</strong></span> 
     </span>
    </p>
   </div>
   <div class='ocr_carea' id='block_1_44' title="bbox 2100 1639 3676 1716">
    <p class='ocr_par' dir='ltr' id='par_1_44' title="bbox 2100 1639 3676 1716">
     <span class='ocr_line' id='line_1_44' title="bbox 2100 1639 3676 1716; baseline 0.006 -25"><span class='ocrx_word' id='word_1_306' title='bbox 2100 1639 2264 1693; x_wconf 93' lang='lat' dir='ltr'><strong>nibus</strong></span> <span class='ocrx_word' id='word_1_307' title='bbox 2297 1656 2417 1709; x_wconf 74' lang='lat' dir='ltr'><strong>qum</strong></span> <span class='ocrx_word' id='word_1_308' title='bbox 2445 1641 2512 1695; x_wconf 90' lang='lat' dir='ltr'><strong>ab</strong></span> <span class='ocrx_word' id='word_1_309' title='bbox 2534 1641 2652 1710; x_wconf 85' lang='lat' dir='ltr'><strong>ipso</strong></span> <span class='ocrx_word' id='word_1_310' title='bbox 2680 1645 2958 1699; x_wconf 84' lang='lat' dir='ltr'><strong>incassum</strong></span> <span class='ocrx_word' id='word_1_311' title='bbox 2997 1646 3272 1699; x_wconf 86' lang='lat' dir='ltr'><strong>elaborata</strong></span> <span class='ocrx_word' id='word_1_312' title='bbox 3302 1654 3450 1709; x_wconf 88' lang='lat' dir='ltr'><strong>sunt,</strong></span> <span class='ocrx_word' id='word_1_313' title='bbox 3484 1661 3676 1716; x_wconf 85' lang='lat' dir='ltr'><strong>ampu-</strong></span> 
     </span>
    </p>
   </div>
   <div class='ocr_carea' id='block_1_45' title="bbox 2098 1734 3673 1807">
    <p class='ocr_par' dir='ltr' id='par_1_45' title="bbox 2098 1734 3673 1807">
     <span class='ocr_line' id='line_1_45' title="bbox 2098 1734 3673 1807; baseline 0.008 -26"><span class='ocrx_word' id='word_1_314' title='bbox 2098 1738 2277 1785; x_wconf 88' lang='lat' dir='ltr'><strong>tantes</strong></span> <span class='ocrx_word' id='word_1_315' title='bbox 2305 1735 2484 1801; x_wconf 80' lang='lat' dir='ltr'><strong>quoad</strong></span> <span class='ocrx_word' id='word_1_316' title='bbox 2539 1734 2653 1787; x_wconf 77' lang='lat' dir='ltr'><strong>ﬁeri</strong></span> <span class='ocrx_word' id='word_1_317' title='bbox 2680 1736 2883 1804; x_wconf 82' lang='lat' dir='ltr'><strong>poterit</strong></span> <span class='ocrx_word' id='word_1_318' title='bbox 2910 1735 3152 1790; x_wconf 87' lang='lat' dir='ltr'><strong>sordium</strong></span> <span class='ocrx_word' id='word_1_319' title='bbox 3186 1737 3447 1796; x_wconf 73' lang='lat' dir='ltr'><strong>illuviem.</strong></span> <span class='ocrx_word' id='word_1_320' title='bbox 3484 1740 3673 1807; x_wconf 86' lang='lat' dir='ltr'><strong>paucis</strong></span> 
     </span>
    </p>
   </div>
   <div class='ocr_carea' id='block_1_46' title="bbox 2096 1822 3667 1896">
    <p class='ocr_par' dir='ltr' id='par_1_46' title="bbox 2096 1822 3667 1896">
     <span class='ocr_line' id='line_1_46' title="bbox 2096 1822 3667 1896; baseline 0.006 -24"><span class='ocrx_word' id='word_1_321' title='bbox 2096 1828 2150 1872; x_wconf 88' lang='lat' dir='ltr'><strong>et</strong></span> <span class='ocrx_word' id='word_1_322' title='bbox 2179 1822 2491 1876; x_wconf 82' lang='lat' dir='ltr'><strong>summatim</strong></span> <span class='ocrx_word' id='word_1_323' title='bbox 2523 1825 2775 1879; x_wconf 85' lang='lat' dir='ltr'><strong>notiones</strong></span> <span class='ocrx_word' id='word_1_324' title='bbox 2807 1831 2861 1879; x_wconf 91' lang='lat' dir='ltr'><strong>et</strong></span> <span class='ocrx_word' id='word_1_325' title='bbox 2891 1826 3190 1880; x_wconf 83' lang='lat' dir='ltr'><strong>sententias</strong></span> <span class='ocrx_word' id='word_1_326' title='bbox 3227 1843 3611 1896; x_wconf 82' lang='lat' dir='ltr'><strong>percurreuuis</strong></span> <span class='ocrx_word' id='word_1_327' title='bbox 3654 1846 3667 1881; x_wconf 88' lang='lat'><strong>:</strong></span> 
     </span>
    </p>
   </div>
   <div class='ocr_carea' id='block_1_47' title="bbox 2097 1911 3671 1982">
    <p class='ocr_par' dir='ltr' id='par_1_47' title="bbox 2097 1911 3671 1982">
     <span class='ocr_line' id='line_1_47' title="bbox 2097 1911 3671 1982; baseline 0.004 -18"><span class='ocrx_word' id='word_1_328' title='bbox 2097 1911 2170 1965; x_wconf 86' lang='lat' dir='ltr'><strong>ita</strong></span> <span class='ocrx_word' id='word_1_329' title='bbox 2200 1920 2259 1966; x_wconf 90' lang='lat' dir='ltr'><strong>ut</strong></span> <span class='ocrx_word' id='word_1_330' title='bbox 2282 1928 2456 1982; x_wconf 88' lang='lat' dir='ltr'><strong>neque</strong></span> <span class='ocrx_word' id='word_1_331' title='bbox 2484 1917 2537 1968; x_wconf 90' lang='lat' dir='ltr'><strong>in</strong></span> <span class='ocrx_word' id='word_1_332' title='bbox 2560 1930 2724 1971; x_wconf 86' lang='lat' dir='ltr'><strong>sensu</strong></span> <span class='ocrx_word' id='word_1_333' title='bbox 2748 1918 3062 1973; x_wconf 87' lang='lat' dir='ltr'><strong>carentibus</strong></span> <span class='ocrx_word' id='word_1_334' title='bbox 3083 1928 3281 1972; x_wconf 87' lang='lat' dir='ltr'><strong>temere</strong></span> <span class='ocrx_word' id='word_1_335' title='bbox 3298 1920 3671 1982; x_wconf 84' lang='lat' dir='ltr'><strong>immorcmur,</strong></span> 
     </span>
    </p>
   </div>
   <div class='ocr_carea' id='block_1_48' title="bbox 2099 2007 3673 2078">
    <p class='ocr_par' dir='ltr' id='par_1_48' title="bbox 2099 2007 3673 2078">
     <span class='ocr_line' id='line_1_48' title="bbox 2099 2007 3673 2078; baseline 0.005 -20"><span class='ocrx_word' id='word_1_336' title='bbox 2099 2020 2275 2073; x_wconf 86' lang='lat' dir='ltr'><strong>neque</strong></span> <span class='ocrx_word' id='word_1_337' title='bbox 2304 2007 2598 2075; x_wconf 73' lang='lat' dir='ltr'><strong>quidquam</strong></span> <span class='ocrx_word' id='word_1_338' title='bbox 2634 2007 2902 2062; x_wconf 89' lang='lat' dir='ltr'><strong>dictorum</strong></span> <span class='ocrx_word' id='word_1_339' title='bbox 2930 2025 3155 2078; x_wconf 87' lang='lat' dir='ltr'><strong>prorsus</strong></span> <span class='ocrx_word' id='word_1_340' title='bbox 3186 2011 3491 2078; x_wconf 73' lang='lat' dir='ltr'><strong>neglexisse</strong></span> <span class='ocrx_word' id='word_1_341' title='bbox 3521 2011 3673 2066; x_wconf 83' lang='lat' dir='ltr'><strong>inex-</strong></span> 
     </span>
    </p>
   </div>
   <div class='ocr_carea' id='block_1_49' title="bbox 2096 2096 3674 2171">
    <p class='ocr_par' dir='ltr' id='par_1_49' title="bbox 2096 2096 3674 2171">
     <span class='ocr_line' id='line_1_49' title="bbox 2096 2096 3674 2171; baseline 0.004 -23"><span class='ocrx_word' id='word_1_342' title='bbox 2096 2109 2327 2157; x_wconf 83' lang='lat' dir='ltr'><strong>cussum</strong></span> <span class='ocrx_word' id='word_1_343' title='bbox 2346 2096 2646 2150; x_wconf 81' lang='lat' dir='ltr'><strong>videamur.</strong></span> <span class='ocrx_word' id='word_1_344' title='bbox 2684 2097 3152 2164; x_wconf 77' lang='lat' dir='ltr'><strong>Quemadmodum</strong></span> <span class='ocrx_word' id='word_1_345' title='bbox 3187 2102 3351 2170; x_wconf 78' lang='lat' dir='ltr'><strong>igitur</strong></span> <span class='ocrx_word' id='word_1_346' title='bbox 3405 2103 3526 2171; x_wconf 70' lang='lat' dir='ltr'><strong>ejus</strong></span> <span class='ocrx_word' id='word_1_347' title='bbox 3555 2118 3674 2156; x_wconf 88' lang='lat' dir='ltr'><strong>scr-</strong></span> 
     </span>
    </p>
   </div>
   <div class='ocr_carea' id='block_1_50' title="bbox 2098 2188 3675 2258">
    <p class='ocr_par' dir='ltr' id='par_1_50' title="bbox 2098 2188 3675 2258">
     <span class='ocr_line' id='line_1_50' title="bbox 2098 2188 3675 2258; baseline 0.004 -19"><span class='ocrx_word' id='word_1_348' title='bbox 2098 2201 2186 2240; x_wconf 89' lang='lat' dir='ltr'><strong>mo</strong></span> <span class='ocrx_word' id='word_1_349' title='bbox 2214 2188 2264 2240; x_wconf 94' lang='lat' dir='ltr'><strong>in</strong></span> <span class='ocrx_word' id='word_1_350' title='bbox 2292 2203 2357 2241; x_wconf 90' lang='lat' dir='ltr'><strong>eo</strong></span> <span class='ocrx_word' id='word_1_351' title='bbox 2393 2189 2734 2258; x_wconf 63' lang='lat' dir='ltr'><strong>potissimum</strong></span> <span class='ocrx_word' id='word_1_352' title='bbox 2768 2199 3035 2255; x_wconf 81' lang='lat' dir='ltr'><strong>versatur,</strong></span> <span class='ocrx_word' id='word_1_353' title='bbox 3064 2200 3122 2244; x_wconf 89' lang='lat' dir='ltr'><strong>ut</strong></span> <span class='ocrx_word' id='word_1_354' title='bbox 3153 2192 3528 2247; x_wconf 78' lang='lat' dir='ltr'><strong>demonstrare</strong></span> <span class='ocrx_word' id='word_1_355' title='bbox 3559 2210 3675 2246; x_wconf 86' lang='lat' dir='ltr'><strong>am-</strong></span> 
     </span>
    </p>
   </div>
   <div class='ocr_carea' id='block_1_51' title="bbox 2099 2276 3675 2343">
    <p class='ocr_par' dir='ltr' id='par_1_51' title="bbox 2099 2276 3675 2343">
     <span class='ocr_line' id='line_1_51' title="bbox 2099 2276 3675 2343; baseline 0.004 -15"><span class='ocrx_word' id='word_1_356' title='bbox 2099 2276 2295 2330; x_wconf 86' lang='lat' dir='ltr'><strong>bitiose</strong></span> <span class='ocrx_word' id='word_1_357' title='bbox 2333 2278 2627 2330; x_wconf 82' lang='lat' dir='ltr'><strong>contendat</strong></span> <span class='ocrx_word' id='word_1_358' title='bbox 2662 2278 2901 2332; x_wconf 90' lang='lat' dir='ltr'><strong>humano</strong></span> <span class='ocrx_word' id='word_1_359' title='bbox 2926 2294 3075 2333; x_wconf 87' lang='lat' dir='ltr'><strong>more</strong></span> <span class='ocrx_word' id='word_1_360' title='bbox 3103 2281 3266 2334; x_wconf 79' lang='lat' dir='ltr'><strong>lleum</strong></span> <span class='ocrx_word' id='word_1_361' title='bbox 3301 2280 3593 2343; x_wconf 71' lang='lat' dir='ltr'><strong>disserere,</strong></span> <span class='ocrx_word' id='word_1_362' title='bbox 3619 2289 3675 2334; x_wconf 87' lang='lat' dir='ltr'><strong>ct</strong></span> 
     </span>
    </p>
   </div>
   <div class='ocr_carea' id='block_1_52' title="bbox 2097 2366 3675 2437">
    <p class='ocr_par' dir='ltr' id='par_1_52' title="bbox 2097 2366 3675 2437">
     <span class='ocr_line' id='line_1_52' title="bbox 2097 2366 3675 2437; baseline 0.004 -20"><span class='ocrx_word' id='word_1_363' title='bbox 2097 2380 2280 2419; x_wconf 79' lang='lat' dir='ltr'><strong>rerum</strong></span> <span class='ocrx_word' id='word_1_364' title='bbox 2314 2366 2705 2435; x_wconf 72' lang='lat' dir='ltr'><strong>significativas</strong></span> <span class='ocrx_word' id='word_1_365' title='bbox 2737 2384 2898 2423; x_wconf 67' lang='lat' dir='ltr'><strong>V0008</strong></span> <span class='ocrx_word' id='word_1_366' title='bbox 2930 2370 3104 2437; x_wconf 86' lang='lat' dir='ltr'><strong>ipsum</strong></span> <span class='ocrx_word' id='word_1_367' title='bbox 3142 2383 3322 2423; x_wconf 88' lang='lat' dir='ltr'><strong>rerum</strong></span> <span class='ocrx_word' id='word_1_368' title='bbox 3343 2369 3592 2437; x_wconf 84' lang='lat' dir='ltr'><strong>opilicem</strong></span> <span class='ocrx_word' id='word_1_369' title='bbox 3620 2382 3675 2424; x_wconf 85' lang='lat' dir='ltr'><strong>et.</strong></span> 
     </span>
    </p>
   </div>
   <div class='ocr_carea' id='block_1_53' title="bbox 2101 2459 3674 2531">
    <p class='ocr_par' dir='ltr' id='par_1_53' title="bbox 2101 2459 3674 2531">
     <span class='ocr_line' id='line_1_53' title="bbox 2101 2459 3674 2531; baseline 0.004 -20"><span class='ocrx_word' id='word_1_370' title='bbox 2101 2465 2380 2512; x_wconf 86' lang='lat' dir='ltr'><strong>auctorem</strong></span> <span class='ocrx_word' id='word_1_371' title='bbox 2404 2459 2488 2514; x_wconf 90' lang='lat' dir='ltr'><strong>his</strong></span> <span class='ocrx_word' id='word_1_372' title='bbox 2524 2476 2643 2527; x_wconf 70' lang='lat' dir='ltr'><strong>qua!</strong></span> <span class='ocrx_word' id='word_1_373' title='bbox 2675 2468 2802 2515; x_wconf 85' lang='lat' dir='ltr'><strong>sunt</strong></span> <span class='ocrx_word' id='word_1_374' title='bbox 2834 2462 3130 2529; x_wconf 80' lang='lat' dir='ltr'><strong>applicare;</strong></span> <span class='ocrx_word' id='word_1_375' title='bbox 3155 2462 3386 2530; x_wconf 80' lang='lat' dir='ltr'><strong>ideoque</strong></span> <span class='ocrx_word' id='word_1_376' title='bbox 3426 2477 3674 2531; x_wconf 82' lang='lat' dir='ltr'><strong>pugnans</strong></span> 
     </span>
    </p>
   </div>
   <div class='ocr_carea' id='block_1_54' title="bbox 2100 2551 3675 2623">
    <p class='ocr_par' dir='ltr' id='par_1_54' title="bbox 2100 2551 3675 2623">
     <span class='ocr_line' id='line_1_54' title="bbox 2100 2551 3675 2623; baseline 0.003 -21"><span class='ocrx_word' id='word_1_377' title='bbox 2100 2564 2224 2602; x_wconf 88' lang='lat' dir='ltr'><strong>cum</strong></span> <span class='ocrx_word' id='word_1_378' title='bbox 2260 2564 2325 2603; x_wconf 92' lang='lat' dir='ltr'><strong>eo</strong></span> <span class='ocrx_word' id='word_1_379' title='bbox 2373 2551 2463 2619; x_wconf 90' lang='lat' dir='ltr'><strong>qui</strong></span> <span class='ocrx_word' id='word_1_380' title='bbox 2505 2551 2643 2604; x_wconf 72' lang='lat' dir='ltr'><strong>dixit</strong></span> <span class='ocrx_word' id='word_1_381' title='bbox 2688 2553 2969 2605; x_wconf 82' lang='lat' dir='ltr'><strong>rationalis</strong></span> <span class='ocrx_word' id='word_1_382' title='bbox 3018 2568 3139 2606; x_wconf 89' lang='lat' dir='ltr'><strong>esse</strong></span> <span class='ocrx_word' id='word_1_383' title='bbox 3174 2561 3415 2615; x_wconf 34' lang='lat' dir='ltr'><strong>,naturze,</strong></span> <span class='ocrx_word' id='word_1_384' title='bbox 3448 2568 3613 2623; x_wconf 86' lang='lat' dir='ltr'><strong>quam</strong></span> <span class='ocrx_word' id='word_1_385' title='bbox 3643 2569 3675 2606; x_wconf 87' lang='lat' dir='ltr'><strong>a</strong></span> 
     </span>
    </p>
   </div>
   <div class='ocr_carea' id='block_1_55' title="bbox 2102 2635 3675 2706">
    <p class='ocr_par' dir='ltr' id='par_1_55' title="bbox 2102 2635 3675 2706">
     <span class='ocr_line' id='line_1_55' title="bbox 2102 2635 3675 2706; baseline 0.003 -17"><span class='ocrx_word' id='word_1_386' title='bbox 2102 2635 2211 2692; x_wconf 84' lang='lat' dir='ltr'><strong>Deo</strong></span> <span class='ocrx_word' id='word_1_387' title='bbox 2249 2639 2578 2706; x_wconf 85' lang='lat' dir='ltr'><strong>accepimus,</strong></span> <span class='ocrx_word' id='word_1_388' title='bbox 2612 2640 2739 2692; x_wconf 82' lang='lat' dir='ltr'><strong>talia</strong></span> <span class='ocrx_word' id='word_1_389' title='bbox 2773 2641 3015 2704; x_wconf 85' lang='lat' dir='ltr'><strong>nomina,</strong></span> <span class='ocrx_word' id='word_1_390' title='bbox 3046 2656 3171 2695; x_wconf 85' lang='lat' dir='ltr'><strong>eum</strong></span> <span class='ocrx_word' id='word_1_391' title='bbox 3198 2656 3227 2692; x_wconf 89' lang='lat' dir='ltr'><strong>a</strong></span> <span class='ocrx_word' id='word_1_392' title='bbox 3257 2643 3481 2696; x_wconf 63' lang='lat' dir='ltr'><strong>\‘eritute</strong></span> <span class='ocrx_word' id='word_1_393' title='bbox 3510 2643 3675 2696; x_wconf 64' lang='lat' dir='ltr'><strong>aber—</strong></span> 
     </span>
    </p>
   </div>
   <div class='ocr_carea' id='block_1_56' title="bbox 419 2727 3675 2801">
    <p class='ocr_par' dir='ltr' id='par_1_56' title="bbox 419 2727 3675 2801">
     <span class='ocr_line' id='line_1_56' title="bbox 419 2727 3675 2801; baseline -0 -13"><span class='ocrx_word' id='word_1_394' title='bbox 419 2750 544 2788; x_wconf 84' lang='lat' dir='ltr'><strong>rare</strong></span> <span class='ocrx_word' id='word_1_395' title='bbox 598 2733 751 2798; x_wconf 84' lang='lat' dir='ltr'><strong>dicit,</strong></span> <span class='ocrx_word' id='word_1_396' title='bbox 786 2744 839 2789; x_wconf 91' lang='lat' dir='ltr'><strong>et</strong></span> <span class='ocrx_word' id='word_1_397' title='bbox 877 2751 1034 2789; x_wconf 90' lang='lat' dir='ltr'><strong>suum</strong></span> <span class='ocrx_word' id='word_1_398' title='bbox 1071 2752 1178 2789; x_wconf 88' lang='lat' dir='ltr'><strong>non</strong></span> <span class='ocrx_word' id='word_1_399' title='bbox 1212 2742 1396 2789; x_wconf 86' lang='lat' dir='ltr'><strong>tenere</strong></span> <span class='ocrx_word' id='word_1_400' title='bbox 1427 2733 1840 2788; x_wconf 79' lang='lat' dir='ltr'><strong>fundamentum</strong></span> <span class='ocrx_word' id='word_1_401' title='bbox 1889 2745 1904 2793; x_wconf 90' lang='lat'><strong>;</strong></span> <span class='ocrx_word' id='word_1_402' title='bbox 1939 2740 1992 2783; x_wconf 87' lang='lat' dir='ltr'><strong>et</strong></span> <span class='ocrx_word' id='word_1_403' title='bbox 2032 2727 2172 2784; x_wconf 89' lang='lat' dir='ltr'><strong>hanc</strong></span> <span class='ocrx_word' id='word_1_404' title='bbox 2204 2730 2478 2798; x_wconf 87' lang='lat' dir='ltr'><strong>querelam</strong></span> <span class='ocrx_word' id='word_1_405' title='bbox 2516 2730 2568 2783; x_wconf 92' lang='lat' dir='ltr'><strong>iu</strong></span> <span class='ocrx_word' id='word_1_406' title='bbox 2588 2730 2764 2801; x_wconf 85' lang='lat' dir='ltr'><strong>ipsum</strong></span> <span class='ocrx_word' id='word_1_407' title='bbox 2795 2748 2918 2785; x_wconf 82' lang='lat' dir='ltr'><strong>cum</strong></span> <span class='ocrx_word' id='word_1_408' title='bbox 2953 2732 3179 2786; x_wconf 73' lang='lat' dir='ltr'><strong>adduxit</strong></span> <span class='ocrx_word' id='word_1_409' title='bbox 3235 2733 3433 2788; x_wconf 83' lang='lat' dir='ltr'><strong>talibus</strong></span> <span class='ocrx_word' id='word_1_410' title='bbox 3504 2735 3675 2788; x_wconf 77' lang='lat' dir='ltr'><strong>ratio-</strong></span> 
     </span>
    </p>
   </div>
   <div class='ocr_carea' id='block_1_57' title="bbox 419 2814 1570 2887">
    <p class='ocr_par' dir='ltr' id='par_1_57' title="bbox 419 2814 1570 2887">
     <span class='ocr_line' id='line_1_57' title="bbox 419 2814 1570 2887; baseline -0.002 -2"><span class='ocrx_word' id='word_1_411' title='bbox 419 2833 587 2887; x_wconf 89' lang='lat' dir='ltr'><strong>nibus</strong></span> <span class='ocrx_word' id='word_1_412' title='bbox 613 2830 677 2885; x_wconf 87' lang='lat' dir='ltr'><strong>ad</strong></span> <span class='ocrx_word' id='word_1_413' title='bbox 705 2814 1225 2887; x_wconf 81' lang='lat' dir='ltr'><strong>demonstrationem</strong></span> <span class='ocrx_word' id='word_1_414' title='bbox 1261 2846 1395 2885; x_wconf 89' lang='lat' dir='ltr'><strong>usus</strong></span> <span class='ocrx_word' id='word_1_415' title='bbox 1435 2840 1518 2884; x_wconf 86' lang='lat' dir='ltr'><strong>est</strong></span> <span class='ocrx_word' id='word_1_416' title='bbox 1557 2848 1570 2883; x_wconf 94' lang='lat'>:</span> 
     </span>
    </p>
   </div>
   <div class='ocr_carea' id='block_1_58' title="bbox 490 2917 1982 2991">
    <p class='ocr_par' dir='ltr' id='par_1_58' title="bbox 490 2917 1982 2991">
     <span class='ocr_line' id='line_1_58' title="bbox 490 2917 1982 2991; baseline -0.004 -16"><span class='ocrx_word' id='word_1_417' title='bbox 490 2917 659 2985; x_wconf 76' lang='grc' dir='ltr'>Εἷπε,</span> <span class='ocrx_word' id='word_1_418' title='bbox 685 2921 865 2991; x_wconf 73' lang='grc' dir='ltr'>φησὶν,</span> <span class='ocrx_word' id='word_1_419' title='bbox 884 2925 916 2974; x_wconf 82' lang='grc' dir='ltr'><em>ὁ</em></span> <span class='ocrx_word' id='word_1_420' title='bbox 937 2923 1274 2987; x_wconf 81' lang='grc' dir='ltr'>Βασίλειος,</span> <span class='ocrx_word' id='word_1_421' title='bbox 1291 2921 1441 2991; x_wconf 82' lang='grc' dir='ltr'>μετὰ</span> <span class='ocrx_word' id='word_1_422' title='bbox 1466 2921 1529 2975; x_wconf 83' lang='grc' dir='ltr'>τὸ</span> <span class='ocrx_word' id='word_1_423' title='bbox 1564 2919 1800 2989; x_wconf 82' lang='grc' dir='ltr'>πρῶτον</span> <span class='ocrx_word' id='word_1_424' title='bbox 1825 2919 1952 2987; x_wconf 74' lang='grc' dir='ltr'>ἐγγι</span> <span class='ocrx_word' id='word_1_425' title='bbox 1969 2946 1982 2957; x_wconf 79' lang='grc' dir='ltr'><strong>ο</strong></span> 
     </span>
    </p>
   </div>
   <div class='ocr_carea' id='block_1_59' title="bbox 415 3009 1997 3084">
    <p class='ocr_par' dir='ltr' id='par_1_59' title="bbox 415 3009 1997 3084">
     <span class='ocr_line' id='line_1_59' title="bbox 415 3009 1997 3084; baseline -0.004 -17"><span class='ocrx_word' id='word_1_426' title='bbox 415 3014 676 3084; x_wconf 76' lang='grc' dir='ltr'>νόμενον</span> <span class='ocrx_word' id='word_1_427' title='bbox 723 3013 867 3082; x_wconf 73' lang='grc' dir='ltr'>ἡμῖν</span> <span class='ocrx_word' id='word_1_428' title='bbox 899 3014 1031 3080; x_wconf 74' lang='grc' dir='ltr'>περὶ</span> <span class='ocrx_word' id='word_1_429' title='bbox 1079 3014 1187 3067; x_wconf 84' lang='grc' dir='ltr'>τοῦ</span> <span class='ocrx_word' id='word_1_430' title='bbox 1239 3012 1576 3083; x_wconf 73' lang='grc' dir='ltr'>πράγματος</span> <span class='ocrx_word' id='word_1_431' title='bbox 1618 3013 1833 3079; x_wconf 82' lang='grc' dir='ltr'>νόημα,</span> <span class='ocrx_word' id='word_1_432' title='bbox 1881 3009 1997 3074; x_wconf 79' lang='grc' dir='ltr'>τὴν</span> 
     </span>
    </p>
   </div>
   <div class='ocr_carea' id='block_1_60' title="bbox 417 3102 1996 3173">
    <p class='ocr_par' dir='ltr' id='par_1_60' title="bbox 417 3102 1996 3173">
     <span class='ocr_line' id='line_1_60' title="bbox 417 3102 1996 3173; baseline -0.003 -15"><span class='ocrx_word' id='word_1_433' title='bbox 417 3104 784 3173; x_wconf 70' lang='grc' dir='ltr'>λεπτοτέραν</span> <span class='ocrx_word' id='word_1_434' title='bbox 808 3104 905 3157; x_wconf 77' lang='grc' dir='ltr'>καὶ</span> <span class='ocrx_word' id='word_1_435' title='bbox 940 3105 1369 3173; x_wconf 75' lang='grc' dir='ltr'>ἀκριϐεστέραν</span> <span class='ocrx_word' id='word_1_436' title='bbox 1401 3104 1507 3157; x_wconf 84' lang='grc' dir='ltr'>τοῦ</span> <span class='ocrx_word' id='word_1_437' title='bbox 1554 3102 1873 3171; x_wconf 80' lang='grc' dir='ltr'>νοηθέντος</span> <span class='ocrx_word' id='word_1_438' title='bbox 1901 3102 1996 3165; x_wconf 76' lang='grc' dir='ltr'><strong>ἐξ·</strong></span> 
     </span>
    </p>
   </div>
   <div class='ocr_carea' id='block_1_61' title="bbox 417 3194 1999 3266">
    <p class='ocr_par' dir='ltr' id='par_1_61' title="bbox 417 3194 1999 3266">
     <span class='ocr_line' id='line_1_61' title="bbox 417 3194 1999 3266; baseline -0.003 -17"><span class='ocrx_word' id='word_1_439' title='bbox 417 3194 646 3261; x_wconf 77' lang='grc' dir='ltr'>ἐτασιν,</span> <span class='ocrx_word' id='word_1_440' title='bbox 680 3195 952 3248; x_wconf 79' lang='grc' dir='ltr'>ἐπίνοιαν</span> <span class='ocrx_word' id='word_1_441' title='bbox 980 3195 1280 3265; x_wconf 74' lang='grc' dir='ltr'>λέγεσθαι.</span> <span class='ocrx_word' id='word_1_442' title='bbox 1322 3196 1433 3250; x_wconf 70' lang='grc' dir='ltr'>Καὶ</span> <span class='ocrx_word' id='word_1_443' title='bbox 1472 3199 1539 3266; x_wconf 85' lang='grc' dir='ltr'>τῇ</span> <span class='ocrx_word' id='word_1_444' title='bbox 1578 3194 1803 3265; x_wconf 79' lang='grc' dir='ltr'>τοιαύτῃ</span> <span class='ocrx_word' id='word_1_445' title='bbox 1832 3209 1999 3246; x_wconf 89' lang='grc' dir='ltr'>κατα-</span> 
     </span>
    </p>
   </div>
   <div class='ocr_carea' id='block_1_62' title="bbox 417 3285 1997 3361">
    <p class='ocr_par' dir='ltr' id='par_1_62' title="bbox 417 3285 1997 3361">
     <span class='ocr_line' id='line_1_62' title="bbox 417 3285 1997 3361; baseline -0.003 -20"><span class='ocrx_word' id='word_1_446' title='bbox 417 3290 586 3359; x_wconf 83' lang='grc' dir='ltr'>σκευῇ</span> <span class='ocrx_word' id='word_1_447' title='bbox 616 3287 877 3361; x_wconf 82' lang='grc' dir='ltr'>διελέγχει</span> <span class='ocrx_word' id='word_1_448' title='bbox 901 3287 1191 3357; x_wconf 74' lang='grc' dir='ltr'>τὸνλόγον,</span> <span class='ocrx_word' id='word_1_449' title='bbox 1224 3288 1299 3351; x_wconf 85' lang='grc' dir='ltr'>ὡς</span> <span class='ocrx_word' id='word_1_450' title='bbox 1325 3287 1493 3340; x_wconf 79' lang='grc' dir='ltr'>οἴεται</span> <span class='ocrx_word' id='word_1_451' title='bbox 1520 3285 1799 3358; x_wconf 81' lang='grc' dir='ltr'>Εὐνόμιος,</span> <span class='ocrx_word' id='word_1_452' title='bbox 1835 3285 1917 3338; x_wconf 81' lang='grc' dir='ltr'><strong>ὅτι</strong></span> <span class='ocrx_word' id='word_1_453' title='bbox 1940 3287 1997 3337; x_wconf 86' lang='grc' dir='ltr'><strong>ἐν</strong></span> 
     </span>
    </p>
   </div>
   <div class='ocr_carea' id='block_1_63' title="bbox 417 3374 1997 3457">
    <p class='ocr_par' dir='ltr' id='par_1_63' title="bbox 417 3374 1997 3457">
     <span class='ocr_line' id='line_1_63' title="bbox 417 3374 1997 3457; baseline -0.003 -24"><span class='ocrx_word' id='word_1_454' title='bbox 417 3374 501 3442; x_wconf 68' lang='grc' dir='ltr'>οἷς</span> <span class='ocrx_word' id='word_1_455' title='bbox 527 3382 625 3434; x_wconf 74' lang='grc' dir='ltr'><strong>οὐκ</strong></span> <span class='ocrx_word' id='word_1_456' title='bbox 649 3380 762 3433; x_wconf 76' lang='grc' dir='ltr'>ἔστι</span> <span class='ocrx_word' id='word_1_457' title='bbox 793 3379 1007 3451; x_wconf 88' lang='grc' dir='ltr'>πρῶτον</span> <span class='ocrx_word' id='word_1_458' title='bbox 1033 3381 1126 3433; x_wconf 75' lang='grc' dir='ltr'><strong>καὶ</strong></span> <span class='ocrx_word' id='word_1_459' title='bbox 1151 3380 1402 3451; x_wconf 84' lang='grc' dir='ltr'>δεύτερον</span> <span class='ocrx_word' id='word_1_460' title='bbox 1425 3382 1622 3457; x_wconf 78' lang='grc' dir='ltr'>νόημα,</span> <span class='ocrx_word' id='word_1_461' title='bbox 1657 3377 1777 3431; x_wconf 70' lang='grc' dir='ltr'>οὔτε</span> <span class='ocrx_word' id='word_1_462' title='bbox 1808 3378 1997 3430; x_wconf 84' lang='grc' dir='ltr'>λεπτό-</span> 
     </span>
    </p>
   </div>
   <div class='ocr_carea' id='block_1_64' title="bbox 418 3468 1994 3543">
    <p class='ocr_par' dir='ltr' id='par_1_64' title="bbox 418 3468 1994 3543">
     <span class='ocr_line' id='line_1_64' title="bbox 418 3468 1994 3543; baseline -0.003 -19"><span class='ocrx_word' id='word_1_463' title='bbox 418 3488 577 3543; x_wconf 84' lang='grc' dir='ltr'>τερον</span> <span class='ocrx_word' id='word_1_464' title='bbox 606 3472 790 3533; x_wconf 73' lang='grc' dir='ltr'>ἕτερον</span> <span class='ocrx_word' id='word_1_465' title='bbox 834 3473 1021 3543; x_wconf 82' lang='grc' dir='ltr'>ἑτέρου</span> <span class='ocrx_word' id='word_1_466' title='bbox 1056 3474 1150 3527; x_wconf 69' lang='grc' dir='ltr'>καὶ</span> <span class='ocrx_word' id='word_1_467' title='bbox 1194 3472 1601 3543; x_wconf 76' lang='grc' dir='ltr'>ἀκριϐέστερον,</span> <span class='ocrx_word' id='word_1_468' title='bbox 1637 3472 1736 3524; x_wconf 77' lang='grc' dir='ltr'><strong>οὐκ</strong></span> <span class='ocrx_word' id='word_1_469' title='bbox 1767 3469 1832 3523; x_wconf 87' lang='grc' dir='ltr'>ἂν</span> <span class='ocrx_word' id='word_1_470' title='bbox 1863 3468 1994 3539; x_wconf 73' lang='grc' dir='ltr'>ἔχοι,</span> 
     </span>
    </p>
   </div>
   <div class='ocr_carea' id='block_1_65' title="bbox 421 3560 1999 3636">
    <p class='ocr_par' dir='ltr' id='par_1_65' title="bbox 421 3560 1999 3636">
     <span class='ocr_line' id='line_1_65' title="bbox 421 3560 1999 3636; baseline -0.003 -20"><span class='ocrx_word' id='word_1_471' title='bbox 421 3565 576 3634; x_wconf 76' lang='grc' dir='ltr'>φησὶ,</span> <span class='ocrx_word' id='word_1_472' title='bbox 603 3563 785 3634; x_wconf 73' lang='grc' dir='ltr'>χώραν</span> <span class='ocrx_word' id='word_1_473' title='bbox 827 3565 888 3617; x_wconf 75' lang='grc' dir='ltr'>τδ</span> <span class='ocrx_word' id='word_1_474' title='bbox 932 3566 1051 3617; x_wconf 82' lang='grc' dir='ltr'>κατ’</span> <span class='ocrx_word' id='word_1_475' title='bbox 1090 3565 1329 3618; x_wconf 86' lang='grc' dir='ltr'>ἐπίνοιαν</span> <span class='ocrx_word' id='word_1_476' title='bbox 1352 3582 1365 3596; x_wconf 76' lang='grc' dir='ltr'><strong><em>ο</em></strong></span> <span class='ocrx_word' id='word_1_477' title='bbox 1414 3564 1551 3626; x_wconf 85' lang='grc' dir='ltr'>τέως</span> <span class='ocrx_word' id='word_1_478' title='bbox 1581 3563 1679 3636; x_wconf 85' lang='grc' dir='ltr'><strong>μὲν</strong></span> <span class='ocrx_word' id='word_1_479' title='bbox 1726 3562 1817 3616; x_wconf 84' lang='grc' dir='ltr'><strong>καί</strong></span> <span class='ocrx_word' id='word_1_480' title='bbox 1842 3560 1999 3614; x_wconf 82' lang='grc' dir='ltr'>τοῦτο</span> 
     </span>
    </p>
   </div>
   <div class='ocr_carea' id='block_1_66' title="bbox 418 3655 1998 3729">
    <p class='ocr_par' dir='ltr' id='par_1_66' title="bbox 418 3655 1998 3729">
     <span class='ocr_line' id='line_1_66' title="bbox 418 3655 1998 3729; baseline -0.005 -18"><span class='ocrx_word' id='word_1_481' title='bbox 418 3657 650 3727; x_wconf 83' lang='grc' dir='ltr'>δολερῶς</span> <span class='ocrx_word' id='word_1_482' title='bbox 679 3657 1007 3728; x_wconf 79' lang='grc' dir='ltr'>ὑφαρπάσας</span> <span class='ocrx_word' id='word_1_483' title='bbox 1039 3656 1187 3729; x_wconf 78' lang='grc' dir='ltr'>παρὰ</span> <span class='ocrx_word' id='word_1_484' title='bbox 1219 3657 1325 3710; x_wconf 87' lang='grc' dir='ltr'><strong>τῶν</strong></span> <span class='ocrx_word' id='word_1_485' title='bbox 1355 3657 1584 3727; x_wconf 80' lang='grc' dir='ltr'>ἐχόντων</span> <span class='ocrx_word' id='word_1_486' title='bbox 1614 3655 1781 3725; x_wconf 83' lang='grc' dir='ltr'>ἀκοὴν</span> <span class='ocrx_word' id='word_1_487' title='bbox 1811 3669 1998 3722; x_wconf 89' lang='grc' dir='ltr'>φωρα-</span> 
     </span>
    </p>
   </div>
   <div class='ocr_carea' id='block_1_67' title="bbox 421 3744 1997 3818">
    <p class='ocr_par' dir='ltr' id='par_1_67' title="bbox 421 3744 1997 3818">
     <span class='ocr_line' id='line_1_67' title="bbox 421 3744 1997 3818; baseline -0.004 -17"><span class='ocrx_word' id='word_1_488' title='bbox 421 3748 664 3817; x_wconf 78' lang='grc' dir='ltr'>θήσεται.</span> <span class='ocrx_word' id='word_1_489' title='bbox 714 3748 790 3800; x_wconf 67' lang='lat' dir='ltr'><strong>Oti</strong></span> <span class='ocrx_word' id='word_1_490' title='bbox 822 3748 930 3818; x_wconf 75' lang='grc' dir='ltr'><strong>γὰρ</strong></span> <span class='ocrx_word' id='word_1_491' title='bbox 965 3749 1143 3818; x_wconf 85' lang='grc' dir='ltr'>πάσης</span> <span class='ocrx_word' id='word_1_492' title='bbox 1189 3746 1430 3811; x_wconf 81' lang='grc' dir='ltr'>ἐπινοίας</span> <span class='ocrx_word' id='word_1_493' title='bbox 1476 3746 1664 3799; x_wconf 78' lang='grc' dir='ltr'>τοῦτον</span> <span class='ocrx_word' id='word_1_494' title='bbox 1704 3744 1997 3814; x_wconf 86' lang='grc' dir='ltr'>πεποίηται</span> 
     </span>
    </p>
   </div>
   <div class='ocr_carea' id='block_1_68' title="bbox 419 3831 1999 3911">
    <p class='ocr_par' dir='ltr' id='par_1_68' title="bbox 419 3831 1999 3911">
     <span class='ocr_line' id='line_1_68' title="bbox 419 3831 1999 3911; baseline -0.003 -18"><span class='ocrx_word' id='word_1_495' title='bbox 419 3839 512 3893; x_wconf 83' lang='grc' dir='ltr'><strong>τὸν</strong></span> <span class='ocrx_word' id='word_1_496' title='bbox 537 3841 762 3911; x_wconf 76' lang='grc' dir='ltr'>ὁρισμὸν</span> <span class='ocrx_word' id='word_1_497' title='bbox 796 3841 824 3892; x_wconf 85' lang='grc' dir='ltr'><strong>ό</strong></span> <span class='ocrx_word' id='word_1_498' title='bbox 856 3839 1168 3902; x_wconf 81' lang='grc' dir='ltr'>διδάσκαλος</span> <span class='ocrx_word' id='word_1_499' title='bbox 1196 3838 1371 3907; x_wconf 79' lang='grc' dir='ltr'>ἡμῶν,</span> <span class='ocrx_word' id='word_1_500' title='bbox 1393 3837 1505 3890; x_wconf 80' lang='grc' dir='ltr'>ἀλλ’</span> <span class='ocrx_word' id='word_1_501' title='bbox 1535 3831 1646 3889; x_wconf 68' lang='grc' dir='ltr'>οἷον</span> <span class='ocrx_word' id='word_1_502' title='bbox 1688 3835 1857 3905; x_wconf 84' lang='grc' dir='ltr'>ῐδικήν</span> <span class='ocrx_word' id='word_1_503' title='bbox 1880 3852 1999 3888; x_wconf 80' lang='grc' dir='ltr'>τινα</span> 
     </span>
    </p>
   </div>
   <div class='ocr_carea' id='block_1_69' title="bbox 421 3924 1998 3998">
    <p class='ocr_par' dir='ltr' id='par_1_69' title="bbox 421 3924 1998 3998">
     <span class='ocr_line' id='line_1_69' title="bbox 421 3924 1998 3998; baseline -0.004 -15"><span class='ocrx_word' id='word_1_504' title='bbox 421 3931 530 3983; x_wconf 79' lang='grc' dir='ltr'><strong>τῶν</strong></span> <span class='ocrx_word' id='word_1_505' title='bbox 560 3931 678 3983; x_wconf 72' lang='grc' dir='ltr'>κατ’</span> <span class='ocrx_word' id='word_1_506' title='bbox 706 3930 947 3983; x_wconf 83' lang='grc' dir='ltr'>ἐπίνοιαν</span> <span class='ocrx_word' id='word_1_507' title='bbox 968 3928 1352 3998; x_wconf 85' lang='grc' dir='ltr'>θεωρουμένων</span> <span class='ocrx_word' id='word_1_508' title='bbox 1379 3926 1747 3995; x_wconf 81' lang='grc' dir='ltr'>ὑποδιαίρεσιν</span> <span class='ocrx_word' id='word_1_509' title='bbox 1774 3924 1998 3994; x_wconf 87' lang='grc' dir='ltr'>ποιησὰ-</span> 
     </span>
    </p>
   </div>
   <div class='ocr_carea' id='block_1_70' title="bbox 424 4015 1998 4091">
    <p class='ocr_par' dir='ltr' id='par_1_70' title="bbox 424 4015 1998 4091">
     <span class='ocr_line' id='line_1_70' title="bbox 424 4015 1998 4091; baseline -0.004 -17"><span class='ocrx_word' id='word_1_510' title='bbox 424 4038 606 4091; x_wconf 85' lang='grc' dir='ltr'>μενος,</span> <span class='ocrx_word' id='word_1_511' title='bbox 643 4022 718 4085; x_wconf 82' lang='grc' dir='ltr'>ὡς</span> <span class='ocrx_word' id='word_1_512' title='bbox 746 4020 811 4074; x_wconf 82' lang='grc' dir='ltr'>ἂν</span> <span class='ocrx_word' id='word_1_513' title='bbox 845 4019 918 4091; x_wconf 84' lang='grc' dir='ltr'>μὴ</span> <span class='ocrx_word' id='word_1_514' title='bbox 950 4018 1114 4073; x_wconf 80' lang='grc' dir='ltr'>πολὺν</span> <span class='ocrx_word' id='word_1_515' title='bbox 1147 4018 1303 4090; x_wconf 76' lang='grc' dir='ltr'>ὄχλον</span> <span class='ocrx_word' id='word_1_516' title='bbox 1339 4018 1616 4085; x_wconf 81' lang='grc' dir='ltr'>ἐπεισάγοι</span> <span class='ocrx_word' id='word_1_517' title='bbox 1647 4016 1724 4086; x_wconf 78' lang='grc' dir='ltr'>τῷ</span> <span class='ocrx_word' id='word_1_518' title='bbox 1754 4017 1913 4086; x_wconf 84' lang='grc' dir='ltr'>λόγῳ,</span> <span class='ocrx_word' id='word_1_519' title='bbox 1938 4015 1998 4068; x_wconf 74' lang='grc' dir='ltr'>τὸ</span> 
     </span>
    </p>
   </div>
   <div class='ocr_carea' id='block_1_71' title="bbox 425 4106 1999 4184">
    <p class='ocr_par' dir='ltr' id='par_1_71' title="bbox 425 4106 1999 4184">
     <span class='ocr_line' id='line_1_71' title="bbox 425 4106 1999 4184; baseline -0.003 -20"><span class='ocrx_word' id='word_1_520' title='bbox 425 4113 592 4184; x_wconf 87' lang='grc' dir='ltr'>μέρος</span> <span class='ocrx_word' id='word_1_521' title='bbox 634 4110 788 4164; x_wconf 74' lang='grc' dir='ltr'>τοῦτο</span> <span class='ocrx_word' id='word_1_522' title='bbox 830 4110 1189 4181; x_wconf 80' lang='grc' dir='ltr'>διασαφήσας,</span> <span class='ocrx_word' id='word_1_523' title='bbox 1226 4111 1404 4180; x_wconf 80' lang='grc' dir='ltr'>ἀφῆκε</span> <span class='ocrx_word' id='word_1_524' title='bbox 1440 4108 1565 4170; x_wconf 78' lang='grc' dir='ltr'>τοὺς</span> <span class='ocrx_word' id='word_1_525' title='bbox 1607 4106 1730 4160; x_wconf 78' lang='grc' dir='ltr'>νοῦν</span> <span class='ocrx_word' id='word_1_526' title='bbox 1778 4106 1999 4177; x_wconf 77' lang='grc' dir='ltr'>ἔχοντας</span> 
     </span>
    </p>
   </div>
   <div class='ocr_carea' id='block_1_72' title="bbox 421 4196 1999 4273">
    <p class='ocr_par' dir='ltr' id='par_1_72' title="bbox 421 4196 1999 4273">
     <span class='ocr_line' id='line_1_72' title="bbox 421 4196 1999 4273; baseline -0.005 -17"><span class='ocrx_word' id='word_1_527' title='bbox 421 4206 487 4257; x_wconf 84' lang='grc' dir='ltr'><strong>ἐκ</strong></span> <span class='ocrx_word' id='word_1_528' title='bbox 520 4200 615 4254; x_wconf 71' lang='grc' dir='ltr'>τοῦ</span> <span class='ocrx_word' id='word_1_529' title='bbox 658 4203 855 4273; x_wconf 84' lang='grc' dir='ltr'>μέρους</span> <span class='ocrx_word' id='word_1_530' title='bbox 885 4200 945 4254; x_wconf 87' lang='grc' dir='ltr'>τὺ</span> <span class='ocrx_word' id='word_1_531' title='bbox 984 4199 1103 4254; x_wconf 84' lang='grc' dir='ltr'>ὅλον</span> <span class='ocrx_word' id='word_1_532' title='bbox 1140 4198 1561 4267; x_wconf 74' lang='grc' dir='ltr'>ἐπιλογίζεσθαι.</span> <span class='ocrx_word' id='word_1_533' title='bbox 1593 4197 1702 4250; x_wconf 75' lang='grc' dir='ltr'>Καὶ</span> <span class='ocrx_word' id='word_1_534' title='bbox 1739 4196 1813 4260; x_wconf 88' lang='grc' dir='ltr'>ὡς</span> <span class='ocrx_word' id='word_1_535' title='bbox 1856 4196 1999 4249; x_wconf 85' lang='grc' dir='ltr'><strong>κατά</strong></span> 
     </span>
    </p>
   </div>
   <div class='ocr_carea' id='block_1_73' title="bbox 422 4286 1998 4360">
    <p class='ocr_par' dir='ltr' id='par_1_73' title="bbox 422 4286 1998 4360">
     <span class='ocr_line' id='line_1_73' title="bbox 422 4286 1998 4360; baseline -0.004 -15"><span class='ocrx_word' id='word_1_536' title='bbox 422 4292 684 4345; x_wconf 74' lang='grc' dir='ltr'>πλειόνων</span> <span class='ocrx_word' id='word_1_537' title='bbox 708 4292 800 4345; x_wconf 81' lang='grc' dir='ltr'>καὶ</span> <span class='ocrx_word' id='word_1_538' title='bbox 820 4290 1183 4360; x_wconf 79' lang='grc' dir='ltr'>διαφερόντων</span> <span class='ocrx_word' id='word_1_539' title='bbox 1205 4288 1283 4358; x_wconf 83' lang='grc' dir='ltr'>τῷ</span> <span class='ocrx_word' id='word_1_540' title='bbox 1315 4288 1440 4342; x_wconf 80' lang='grc' dir='ltr'>εἴδει</span> <span class='ocrx_word' id='word_1_541' title='bbox 1463 4286 1884 4358; x_wconf 85' lang='grc' dir='ltr'>κατηγορεῖσθαί</span> <span class='ocrx_word' id='word_1_542' title='bbox 1910 4296 1998 4349; x_wconf 77' lang='grc' dir='ltr'><strong>τις</strong></span> 
     </span>
    </p>
   </div>
   <div class='ocr_carea' id='block_1_74' title="bbox 2164 2910 3676 2992">
    <p class='ocr_par' dir='ltr' id='par_1_74' title="bbox 2164 2910 3676 2992">
     <span class='ocr_line' id='line_1_74' title="bbox 2164 2910 3676 2992; baseline 0.01 -29"><span class='ocrx_word' id='word_1_543' title='bbox 2164 2910 2337 2975; x_wconf 70' lang='lat' dir='ltr'><strong>Dixit,</strong></span> <span class='ocrx_word' id='word_1_544' title='bbox 2371 2913 2466 2975; x_wconf 86' lang='lat' dir='ltr'><strong>ait,</strong></span> <span class='ocrx_word' id='word_1_545' title='bbox 2528 2913 2786 2979; x_wconf 77' lang='lat' dir='ltr'><strong>Basilius,</strong></span> <span class='ocrx_word' id='word_1_546' title='bbox 2841 2924 2958 2984; x_wconf 80' lang='lat' dir='ltr'><strong>post</strong></span> <span class='ocrx_word' id='word_1_547' title='bbox 2986 2916 3213 2984; x_wconf 83' lang='lat' dir='ltr'><strong>primam</strong></span> <span class='ocrx_word' id='word_1_548' title='bbox 3246 2935 3363 2987; x_wconf 73' lang='lat' dir='ltr'><strong>qum</strong></span> <span class='ocrx_word' id='word_1_549' title='bbox 3390 2920 3453 2975; x_wconf 88' lang='lat' dir='ltr'><strong>de</strong></span> <span class='ocrx_word' id='word_1_550' title='bbox 3494 2922 3676 2992; x_wconf 84' lang='lat' dir='ltr'><strong>aliqua</strong></span> 
     </span>
    </p>
   </div>
   <div class='ocr_carea' id='block_1_75' title="bbox 2102 3005 3677 3077">
    <p class='ocr_par' dir='ltr' id='par_1_75' title="bbox 2102 3005 3677 3077">
     <span class='ocr_line' id='line_1_75' title="bbox 2102 3005 3677 3077; baseline 0.008 -21"><span class='ocrx_word' id='word_1_551' title='bbox 2102 3021 2156 3057; x_wconf 86' lang='lat' dir='ltr'><strong>re</strong></span> <span class='ocrx_word' id='word_1_552' title='bbox 2187 3005 2335 3059; x_wconf 83' lang='lat' dir='ltr'><strong>nobis</strong></span> <span class='ocrx_word' id='word_1_553' title='bbox 2358 3006 2691 3073; x_wconf 77' lang='lat' dir='ltr'><strong>ingeneratur</strong></span> <span class='ocrx_word' id='word_1_554' title='bbox 2723 3008 3015 3069; x_wconf 70' lang='lat' dir='ltr'><strong>notionem,</strong></span> <span class='ocrx_word' id='word_1_555' title='bbox 3042 3008 3180 3077; x_wconf 85' lang='lat' dir='ltr'><strong>quod</strong></span> <span class='ocrx_word' id='word_1_556' title='bbox 3200 3010 3447 3064; x_wconf 75' lang='lat' dir='ltr'><strong>subtilior</strong></span> <span class='ocrx_word' id='word_1_557' title='bbox 3495 3022 3544 3067; x_wconf 82' lang='lat' dir='ltr'><strong>et</strong></span> <span class='ocrx_word' id='word_1_558' title='bbox 3584 3032 3677 3068; x_wconf 85' lang='lat' dir='ltr'><strong>ac—</strong></span> 
     </span>
    </p>
   </div>
   <div class='ocr_carea' id='block_1_76' title="bbox 2101 3084 3679 3168">
    <p class='ocr_par' dir='ltr' id='par_1_76' title="bbox 2101 3084 3679 3168">
     <span class='ocr_line' id='line_1_76' title="bbox 2101 3084 3679 3168; baseline 0.008 -21"><span class='ocrx_word' id='word_1_559' title='bbox 2101 3096 2340 3150; x_wconf 83' lang='lat' dir='ltr'><strong>curatior</strong></span> <span class='ocrx_word' id='word_1_560' title='bbox 2377 3097 2451 3149; x_wconf 85' lang='lat' dir='ltr'><strong>rei</strong></span> <span class='ocrx_word' id='word_1_561' title='bbox 2492 3097 2770 3151; x_wconf 77' lang='lat' dir='ltr'><strong>intellecta:</strong></span> <span class='ocrx_word' id='word_1_562' title='bbox 2816 3084 3087 3168; x_wconf 72' lang='lat' dir='ltr'><strong>indagcilio</strong></span> <span class='ocrx_word' id='word_1_563' title='bbox 3139 3101 3350 3156; x_wconf 65' lang='grc' dir='ltr'><strong>ἐπίνοια⁹</strong></span> <span class='ocrx_word' id='word_1_564' title='bbox 3398 3105 3504 3158; x_wconf 71' lang='lat' dir='ltr'><strong>sive</strong></span> <span class='ocrx_word' id='word_1_565' title='bbox 3536 3123 3679 3160; x_wconf 87' lang='lat' dir='ltr'><strong>com-</strong></span> 
     </span>
    </p>
   </div>
   <div class='ocr_carea' id='block_1_77' title="bbox 2097 3188 3672 3257">
    <p class='ocr_par' dir='ltr' id='par_1_77' title="bbox 2097 3188 3672 3257">
     <span class='ocr_line' id='line_1_77' title="bbox 2097 3188 3672 3257; baseline 0.008 -18"><span class='ocrx_word' id='word_1_566' title='bbox 2097 3188 2350 3241; x_wconf 77' lang='lat' dir='ltr'><strong>mentatio</strong></span> <span class='ocrx_word' id='word_1_567' title='bbox 2378 3188 2574 3241; x_wconf 79' lang='lat' dir='ltr'><strong>dicitur</strong></span> <span class='ocrx_word' id='word_1_568' title='bbox 2590 3195 2689 3253; x_wconf 88' lang='lat' dir='ltr'><strong>;et</strong></span> <span class='ocrx_word' id='word_1_569' title='bbox 2732 3189 2833 3242; x_wconf 83' lang='lat' dir='ltr'><strong>hac</strong></span> <span class='ocrx_word' id='word_1_570' title='bbox 2892 3193 3307 3257; x_wconf 70' lang='lat' dir='ltr'><strong>praestructione</strong></span> <span class='ocrx_word' id='word_1_571' title='bbox 3362 3211 3672 3252; x_wconf 81' lang='lat' dir='ltr'><strong>sermonem</strong></span> 
     </span>
    </p>
   </div>
   <div class='ocr_carea' id='block_1_78' title="bbox 2097 3280 3680 3354">
    <p class='ocr_par' dir='ltr' id='par_1_78' title="bbox 2097 3280 3680 3354">
     <span class='ocr_line' id='line_1_78' title="bbox 2097 3280 3680 3354; baseline 0.008 -23"><span class='ocrx_word' id='word_1_572' title='bbox 2097 3280 2296 3350; x_wconf 75' lang='lat' dir='ltr'><strong>arguit,</strong></span> <span class='ocrx_word' id='word_1_573' title='bbox 2321 3286 2380 3334; x_wconf 89' lang='lat' dir='ltr'><strong>ut</strong></span> <span class='ocrx_word' id='word_1_574' title='bbox 2408 3290 2562 3350; x_wconf 90' lang='lat' dir='ltr'><strong>putat</strong></span> <span class='ocrx_word' id='word_1_575' title='bbox 2596 3280 2918 3343; x_wconf 84' lang='lat' dir='ltr'><strong>Eunomius,</strong></span> <span class='ocrx_word' id='word_1_576' title='bbox 2953 3284 3098 3353; x_wconf 85' lang='lat' dir='ltr'><strong>quod</strong></span> <span class='ocrx_word' id='word_1_577' title='bbox 3131 3285 3182 3337; x_wconf 91' lang='lat' dir='ltr'><strong>in</strong></span> <span class='ocrx_word' id='word_1_578' title='bbox 3210 3287 3409 3354; x_wconf 87' lang='lat' dir='ltr'><strong>quibus</strong></span> <span class='ocrx_word' id='word_1_579' title='bbox 3453 3304 3562 3342; x_wconf 88' lang='lat' dir='ltr'><strong>non</strong></span> <span class='ocrx_word' id='word_1_580' title='bbox 3595 3298 3680 3345; x_wconf 82' lang='lat' dir='ltr'><strong>est</strong></span> 
     </span>
    </p>
   </div>
   <div class='ocr_carea' id='block_1_79' title="bbox 2096 3373 3678 3445">
    <p class='ocr_par' dir='ltr' id='par_1_79' title="bbox 2096 3373 3678 3445">
     <span class='ocr_line' id='line_1_79' title="bbox 2096 3373 3678 3445; baseline 0.006 -21"><span class='ocrx_word' id='word_1_581' title='bbox 2096 3373 2270 3441; x_wconf 90' lang='lat' dir='ltr'><strong>prima</strong></span> <span class='ocrx_word' id='word_1_582' title='bbox 2304 3381 2357 3426; x_wconf 90' lang='lat' dir='ltr'><strong>et</strong></span> <span class='ocrx_word' id='word_1_583' title='bbox 2388 3373 2629 3427; x_wconf 85' lang='lat' dir='ltr'><strong>secunda</strong></span> <span class='ocrx_word' id='word_1_584' title='bbox 2659 3375 2830 3437; x_wconf 90' lang='lat' dir='ltr'><strong>notio,</strong></span> <span class='ocrx_word' id='word_1_585' title='bbox 2863 3390 3043 3445; x_wconf 90' lang='lat' dir='ltr'><strong>neque</strong></span> <span class='ocrx_word' id='word_1_586' title='bbox 3069 3377 3323 3431; x_wconf 87' lang='lat' dir='ltr'><strong>subtilior</strong></span> <span class='ocrx_word' id='word_1_587' title='bbox 3353 3379 3546 3440; x_wconf 88' lang='lat' dir='ltr'><strong>altera,</strong></span> <span class='ocrx_word' id='word_1_588' title='bbox 3583 3397 3678 3434; x_wconf 89' lang='lat' dir='ltr'><strong>ne-</strong></span> 
     </span>
    </p>
   </div>
   <div class='ocr_carea' id='block_1_80' title="bbox 2096 3460 3680 3541">
    <p class='ocr_par' dir='ltr' id='par_1_80' title="bbox 2096 3460 3680 3541">
     <span class='ocr_line' id='line_1_80' title="bbox 2096 3460 3680 3541; baseline 0.005 -24"><span class='ocrx_word' id='word_1_589' title='bbox 2096 3479 2203 3533; x_wconf 87' lang='lat' dir='ltr'><strong>que</strong></span> <span class='ocrx_word' id='word_1_590' title='bbox 2233 3467 2564 3530; x_wconf 88' lang='lat' dir='ltr'><strong>accuratior,</strong></span> <span class='ocrx_word' id='word_1_591' title='bbox 2591 3482 2697 3520; x_wconf 90' lang='lat' dir='ltr'><strong>non</strong></span> <span class='ocrx_word' id='word_1_592' title='bbox 2720 3467 2961 3533; x_wconf 85' lang='lat' dir='ltr'><strong>haberet,</strong></span> <span class='ocrx_word' id='word_1_593' title='bbox 2986 3468 3183 3538; x_wconf 86' lang='lat' dir='ltr'><strong>inquit,</strong></span> <span class='ocrx_word' id='word_1_594' title='bbox 3208 3470 3383 3540; x_wconf 81' lang='lat' dir='ltr'><strong>locum</strong></span> <span class='ocrx_word' id='word_1_595' title='bbox 3410 3460 3551 3539; x_wconf 85' lang='lat' dir='ltr'><strong>quod</strong></span> <span class='ocrx_word' id='word_1_596' title='bbox 3587 3488 3680 3541; x_wconf 82' lang='lat' dir='ltr'><strong>per</strong></span> 
     </span>
    </p>
   </div>
   <div class='ocr_carea' id='block_1_81' title="bbox 2097 3552 3680 3630">
    <p class='ocr_par' dir='ltr' id='par_1_81' title="bbox 2097 3552 3680 3630">
     <span class='ocr_line' id='line_1_81' title="bbox 2097 3552 3680 3630; baseline 0.004 -18"><span class='ocrx_word' id='word_1_597' title='bbox 2097 3561 2609 3614; x_wconf 89' lang='lat' dir='ltr'><strong>commentationem</strong></span> <span class='ocrx_word' id='word_1_598' title='bbox 2641 3558 2841 3614; x_wconf 89' lang='lat' dir='ltr'><strong>dicitur</strong></span> <span class='ocrx_word' id='word_1_599' title='bbox 2867 3578 2882 3627; x_wconf 92' lang='lat'><strong>;</strong></span> <span class='ocrx_word' id='word_1_600' title='bbox 2917 3568 3049 3630; x_wconf 69' lang='lat' dir='ltr'><strong>tunc</strong></span> <span class='ocrx_word' id='word_1_601' title='bbox 3080 3552 3247 3630; x_wconf 80' lang='lat' dir='ltr'><strong>igitur</strong></span> <span class='ocrx_word' id='word_1_602' title='bbox 3272 3569 3325 3614; x_wconf 87' lang='lat' dir='ltr'><strong>et</strong></span> <span class='ocrx_word' id='word_1_603' title='bbox 3360 3562 3463 3617; x_wconf 89' lang='lat' dir='ltr'><strong>hoc</strong></span> <span class='ocrx_word' id='word_1_604' title='bbox 3491 3563 3680 3619; x_wconf 83' lang='lat' dir='ltr'><strong>dolose</strong></span> 
     </span>
    </p>
   </div>
   <div class='ocr_carea' id='block_1_82' title="bbox 2097 3649 3683 3721">
    <p class='ocr_par' dir='ltr' id='par_1_82' title="bbox 2097 3649 3683 3721">
     <span class='ocr_line' id='line_1_82' title="bbox 2097 3649 3683 3721; baseline 0.003 -18"><span class='ocrx_word' id='word_1_605' title='bbox 2097 3649 2406 3718; x_wconf 85' lang='lat' dir='ltr'><strong>abripuisse</strong></span> <span class='ocrx_word' id='word_1_606' title='bbox 2433 3649 2501 3701; x_wconf 88' lang='lat' dir='ltr'><strong>ab</strong></span> <span class='ocrx_word' id='word_1_607' title='bbox 2542 3649 2624 3702; x_wconf 89' lang='lat' dir='ltr'><strong>his</strong></span> <span class='ocrx_word' id='word_1_608' title='bbox 2654 3649 2761 3717; x_wconf 18' lang='lat' dir='ltr'><strong>qui,</strong></span> <span class='ocrx_word' id='word_1_609' title='bbox 2783 3664 2888 3718; x_wconf 89' lang='lat' dir='ltr'><strong>non</strong></span> <span class='ocrx_word' id='word_1_610' title='bbox 2915 3649 3101 3719; x_wconf 84' lang='lat' dir='ltr'><strong>auditu</strong></span> <span class='ocrx_word' id='word_1_611' title='bbox 3161 3659 3350 3705; x_wconf 86' lang='lat' dir='ltr'><strong>carent</strong></span> <span class='ocrx_word' id='word_1_612' title='bbox 3375 3651 3683 3721; x_wconf 83' lang='lat' dir='ltr'><strong>deprehen-</strong></span> 
     </span>
    </p>
   </div>
   <div class='ocr_carea' id='block_1_83' title="bbox 2098 3740 3681 3813">
    <p class='ocr_par' dir='ltr' id='par_1_83' title="bbox 2098 3740 3681 3813">
     <span class='ocr_line' id='line_1_83' title="bbox 2098 3740 3681 3813; baseline 0.004 -19"><span class='ocrx_word' id='word_1_613' title='bbox 2098 3741 2278 3806; x_wconf 87' lang='lat' dir='ltr'><strong>ditur;</strong></span> <span class='ocrx_word' id='word_1_614' title='bbox 2305 3755 2429 3813; x_wconf 40' lang='lat' dir='ltr'><strong>non.</strong></span> <span class='ocrx_word' id='word_1_615' title='bbox 2462 3740 2607 3794; x_wconf 88' lang='lat' dir='ltr'><strong>enim</strong></span> <span class='ocrx_word' id='word_1_616' title='bbox 2637 3741 2817 3795; x_wconf 90' lang='lat' dir='ltr'><strong>omnis</strong></span> <span class='ocrx_word' id='word_1_617' title='bbox 2845 3743 3320 3797; x_wconf 83' lang='lat' dir='ltr'><strong>couimentationis</strong></span> <span class='ocrx_word' id='word_1_618' title='bbox 3378 3743 3519 3798; x_wconf 88' lang='lat' dir='ltr'><strong>hanc</strong></span> <span class='ocrx_word' id='word_1_619' title='bbox 3554 3744 3681 3800; x_wconf 81' lang='lat' dir='ltr'><strong>fecit</strong></span> 
     </span>
    </p>
   </div>
   <div class='ocr_carea' id='block_1_84' title="bbox 2098 3831 3682 3907">
    <p class='ocr_par' dir='ltr' id='par_1_84' title="bbox 2098 3831 3682 3907">
     <span class='ocr_line' id='line_1_84' title="bbox 2098 3831 3682 3907; baseline 0.003 -21"><span class='ocrx_word' id='word_1_620' title='bbox 2098 3832 2466 3886; x_wconf 82' lang='lat' dir='ltr'><strong>deﬁnitionem</strong></span> <span class='ocrx_word' id='word_1_621' title='bbox 2505 3831 2698 3886; x_wconf 89' lang='lat' dir='ltr'><strong>doctor</strong></span> <span class='ocrx_word' id='word_1_622' title='bbox 2726 3840 2933 3894; x_wconf 87' lang='lat' dir='ltr'><strong>noster,</strong></span> <span class='ocrx_word' id='word_1_623' title='bbox 2980 3833 3074 3888; x_wconf 88' lang='lat' dir='ltr'><strong>sed</strong></span> <span class='ocrx_word' id='word_1_624' title='bbox 3122 3835 3267 3888; x_wconf 86' lang='lat' dir='ltr'><strong>velut</strong></span> <span class='ocrx_word' id='word_1_625' title='bbox 3296 3837 3516 3903; x_wconf 79' lang='lat' dir='ltr'><strong>Speciali</strong></span> <span class='ocrx_word' id='word_1_626' title='bbox 3545 3852 3682 3907; x_wconf 81' lang='lat' dir='ltr'><strong>qua-</strong></span> 
     </span>
    </p>
   </div>
   <div class='ocr_carea' id='block_1_85' title="bbox 2098 3921 3685 3991">
    <p class='ocr_par' dir='ltr' id='par_1_85' title="bbox 2098 3921 3685 3991">
     <span class='ocr_line' id='line_1_85' title="bbox 2098 3921 3685 3991; baseline 0.001 -15"><span class='ocrx_word' id='word_1_627' title='bbox 2098 3922 2222 3976; x_wconf 90' lang='lat' dir='ltr'><strong>dam</strong></span> <span class='ocrx_word' id='word_1_628' title='bbox 2267 3936 2454 3975; x_wconf 75' lang='grc' dir='ltr'>οοιύιιι</span> <span class='ocrx_word' id='word_1_629' title='bbox 2487 3934 2607 3988; x_wconf 63' lang='lat' dir='ltr'><strong>quae</strong></span> <span class='ocrx_word' id='word_1_630' title='bbox 2641 3934 2736 3989; x_wconf 90' lang='lat' dir='ltr'><strong>per</strong></span> <span class='ocrx_word' id='word_1_631' title='bbox 2791 3921 3303 3976; x_wconf 88' lang='lat' dir='ltr'><strong>commentationem</strong></span> <span class='ocrx_word' id='word_1_632' title='bbox 3362 3931 3685 3991; x_wconf 86' lang='lat' dir='ltr'><strong>spectantur</strong></span> 
     </span>
    </p>
   </div>
   <div class='ocr_carea' id='block_1_86' title="bbox 2100 4010 3680 4073">
    <p class='ocr_par' dir='ltr' id='par_1_86' title="bbox 2100 4010 3680 4073">
     <span class='ocr_line' id='line_1_86' title="bbox 2100 4010 3680 4073; baseline 0.001 -7"><span class='ocrx_word' id='word_1_633' title='bbox 2100 4012 2476 4066; x_wconf 75' lang='lat' dir='ltr'><strong>sulidirisione</strong></span> <span class='ocrx_word' id='word_1_634' title='bbox 2524 4010 2688 4073; x_wconf 81' lang='lat' dir='ltr'><strong>facta,</strong></span> <span class='ocrx_word' id='word_1_635' title='bbox 2722 4026 2789 4065; x_wconf 91' lang='lat' dir='ltr'><strong>ne</strong></span> <span class='ocrx_word' id='word_1_636' title='bbox 2828 4012 3054 4065; x_wconf 90' lang='lat' dir='ltr'><strong>multam</strong></span> <span class='ocrx_word' id='word_1_637' title='bbox 3086 4014 3320 4067; x_wconf 90' lang='lat' dir='ltr'><strong>orationi</strong></span> <span class='ocrx_word' id='word_1_638' title='bbox 3350 4015 3560 4068; x_wconf 88' lang='lat' dir='ltr'><strong>turbam</strong></span> <span class='ocrx_word' id='word_1_639' title='bbox 3592 4015 3680 4068; x_wconf 86' lang='lat' dir='ltr'><strong>in-</strong></span> 
     </span>
    </p>
   </div>
   <div class='ocr_carea' id='block_1_87' title="bbox 2097 4102 3680 4172">
    <p class='ocr_par' dir='ltr' id='par_1_87' title="bbox 2097 4102 3680 4172">
     <span class='ocr_line' id='line_1_87' title="bbox 2097 4102 3680 4172; baseline 0.001 -15"><span class='ocrx_word' id='word_1_640' title='bbox 2097 4103 2341 4169; x_wconf 86' lang='lat' dir='ltr'><strong>duceret,</strong></span> <span class='ocrx_word' id='word_1_641' title='bbox 2394 4103 2496 4156; x_wconf 89' lang='lat' dir='ltr'><strong>hac</strong></span> <span class='ocrx_word' id='word_1_642' title='bbox 2565 4111 2717 4172; x_wconf 88' lang='lat' dir='ltr'><strong>parte</strong></span> <span class='ocrx_word' id='word_1_643' title='bbox 2768 4102 3060 4157; x_wconf 91' lang='lat' dir='ltr'><strong>dilucidius</strong></span> <span class='ocrx_word' id='word_1_644' title='bbox 3108 4104 3398 4172; x_wconf 81' lang='lat' dir='ltr'><strong>explicata,</strong></span> <span class='ocrx_word' id='word_1_645' title='bbox 3467 4104 3680 4159; x_wconf 88' lang='lat' dir='ltr'><strong>dimisit</strong></span> 
     </span>
    </p>
   </div>
   <div class='ocr_carea' id='block_1_88' title="bbox 2100 4191 3682 4261">
    <p class='ocr_par' dir='ltr' id='par_1_88' title="bbox 2100 4191 3682 4261">
     <span class='ocr_line' id='line_1_88' title="bbox 2100 4191 3682 4261; baseline 0 -16"><span class='ocrx_word' id='word_1_646' title='bbox 2100 4202 2280 4246; x_wconf 88' lang='lat' dir='ltr'><strong>mente</strong></span> <span class='ocrx_word' id='word_1_647' title='bbox 2307 4192 2562 4261; x_wconf 70' lang='lat' dir='ltr'><strong>praeditos</strong></span> <span class='ocrx_word' id='word_1_648' title='bbox 2603 4208 2665 4245; x_wconf 81' lang='lat' dir='ltr'><strong>ex</strong></span> <span class='ocrx_word' id='word_1_649' title='bbox 2701 4200 2854 4259; x_wconf 86' lang='lat' dir='ltr'><strong>parte</strong></span> <span class='ocrx_word' id='word_1_650' title='bbox 2902 4199 3073 4244; x_wconf 89' lang='lat' dir='ltr'><strong>totum</strong></span> <span class='ocrx_word' id='word_1_651' title='bbox 3119 4191 3496 4245; x_wconf 86' lang='lat' dir='ltr'><strong>ratiocinando</strong></span> <span class='ocrx_word' id='word_1_652' title='bbox 3525 4193 3682 4246; x_wconf 91' lang='lat' dir='ltr'><strong>colli-</strong></span> 
     </span>
    </p>
   </div>
   <div class='ocr_carea' id='block_1_89' title="bbox 2101 4280 3682 4354">
    <p class='ocr_par' dir='ltr' id='par_1_89' title="bbox 2101 4280 3682 4354">
     <span class='ocr_line' id='line_1_89' title="bbox 2101 4280 3682 4354; baseline 0.003 -19"><span class='ocrx_word' id='word_1_653' title='bbox 2101 4280 2259 4354; x_wconf 82' lang='lat' dir='ltr'><strong>gere;</strong></span> <span class='ocrx_word' id='word_1_654' title='bbox 2290 4291 2455 4350; x_wconf 89' lang='lat' dir='ltr'><strong>atque</strong></span> <span class='ocrx_word' id='word_1_655' title='bbox 2506 4290 2564 4335; x_wconf 93' lang='lat' dir='ltr'><strong>ut</strong></span> <span class='ocrx_word' id='word_1_656' title='bbox 2613 4282 2680 4335; x_wconf 88' lang='lat' dir='ltr'><strong>de</strong></span> <span class='ocrx_word' id='word_1_657' title='bbox 2708 4280 2958 4350; x_wconf 83' lang='lat' dir='ltr'><strong>pluribus</strong></span> <span class='ocrx_word' id='word_1_658' title='bbox 2991 4288 3044 4333; x_wconf 90' lang='lat' dir='ltr'><strong>et</strong></span> <span class='ocrx_word' id='word_1_659' title='bbox 3073 4281 3256 4348; x_wconf 89' lang='lat' dir='ltr'><strong>specie</strong></span> <span class='ocrx_word' id='word_1_660' title='bbox 3302 4280 3682 4339; x_wconf 86' lang='lat' dir='ltr'><strong>dill&#39;erentibus</strong></span> 
     </span>
    </p>
   </div>
   <div class='ocr_carea' id='block_1_90' title="bbox 421 4370 2000 4450">
    <p class='ocr_par' dir='ltr' id='par_1_90' title="bbox 421 4377 1999 4450">
     <span class='ocr_line' id='line_1_90' title="bbox 421 4377 1999 4450; baseline -0.006 -12"><span class='ocrx_word' id='word_1_661' title='bbox 421 4385 484 4438; x_wconf 80' lang='grc' dir='ltr'><strong>τὸ</strong></span> <span class='ocrx_word' id='word_1_662' title='bbox 517 4382 653 4448; x_wconf 81' lang='grc' dir='ltr'>ζῶον</span> <span class='ocrx_word' id='word_1_663' title='bbox 698 4381 900 4445; x_wconf 80' lang='grc' dir='ltr'>εἰπὼν,</span> <span class='ocrx_word' id='word_1_664' title='bbox 932 4381 1031 4435; x_wconf 85' lang='grc' dir='ltr'><strong>οὑκ</strong></span> <span class='ocrx_word' id='word_1_665' title='bbox 1060 4379 1124 4433; x_wconf 84' lang='grc' dir='ltr'>ἂν</span> <span class='ocrx_word' id='word_1_666' title='bbox 1166 4380 1242 4442; x_wconf 83' lang='grc' dir='ltr'>ὡς</span> <span class='ocrx_word' id='word_1_667' title='bbox 1281 4377 1591 4450; x_wconf 87' lang='grc' dir='ltr'>διαμαρτὼν</span> <span class='ocrx_word' id='word_1_668' title='bbox 1628 4377 1881 4446; x_wconf 82' lang='grc' dir='ltr'>ἀληθείας</span> <span class='ocrx_word' id='word_1_669' title='bbox 1920 4377 1999 4429; x_wconf 86' lang='grc' dir='ltr'>δι-</span> 
     </span>
    </p>
   </div>
   <div class='ocr_carea' id='block_1_91' title="bbox 2101 4370 3683 4450">
    <p class='ocr_par' dir='ltr' id='par_1_91' title="bbox 2104 4370 3683 4440">
     <span class='ocr_line' id='line_1_91' title="bbox 2104 4370 3683 4440; baseline 0.001 -14"><span class='ocrx_word' id='word_1_670' title='bbox 2104 4373 2303 4426; x_wconf 82' lang='lat' dir='ltr'><strong>animal</strong></span> <span class='ocrx_word' id='word_1_671' title='bbox 2325 4372 2596 4426; x_wconf 88' lang='lat' dir='ltr'><strong>enuntiari</strong></span> <span class='ocrx_word' id='word_1_672' title='bbox 2626 4372 2670 4426; x_wconf 91' lang='lat' dir='ltr'><strong>si</strong></span> <span class='ocrx_word' id='word_1_673' title='bbox 2696 4372 2819 4440; x_wconf 88' lang='lat' dir='ltr'><strong>quis</strong></span> <span class='ocrx_word' id='word_1_674' title='bbox 2851 4370 3183 4435; x_wconf 68' lang='lat' dir='ltr'><strong>dixeritmon</strong></span> <span class='ocrx_word' id='word_1_675' title='bbox 3210 4386 3240 4424; x_wconf 87' lang='lat' dir='ltr'><strong>a</strong></span> <span class='ocrx_word' id='word_1_676' title='bbox 3270 4374 3494 4427; x_wconf 72' lang='lat' dir='ltr'><strong>veritate</strong></span> <span class='ocrx_word' id='word_1_677' title='bbox 3526 4374 3683 4429; x_wconf 89' lang='lat' dir='ltr'><strong>aber-</strong></span> 
     </span>
    </p>
   </div>
   <div class='ocr_carea' id='block_1_92' title="bbox 421 4465 1993 4542">
    <p class='ocr_par' dir='ltr' id='par_1_92' title="bbox 421 4465 1993 4542">
     <span class='ocr_line' id='line_1_92' title="bbox 421 4465 1993 4542; baseline -0.005 -16"><span class='ocrx_word' id='word_1_678' title='bbox 421 4472 726 4542; x_wconf 79' lang='grc' dir='ltr'>ελεγχθείη,</span> <span class='ocrx_word' id='word_1_679' title='bbox 750 4472 893 4535; x_wconf 81' lang='grc' dir='ltr'>ἰδίως</span> <span class='ocrx_word' id='word_1_680' title='bbox 908 4471 998 4523; x_wconf 75' lang='grc' dir='ltr'><strong>τὸν</strong></span> <span class='ocrx_word' id='word_1_681' title='bbox 1021 4469 1299 4539; x_wconf 76' lang='grc' dir='ltr'>ἄνθρωπον</span> <span class='ocrx_word' id='word_1_682' title='bbox 1320 4470 1398 4530; x_wconf 82' lang='grc' dir='ltr'>εἰς</span> <span class='ocrx_word' id='word_1_683' title='bbox 1416 4467 1734 4539; x_wconf 84' lang='grc' dir='ltr'>ὑπογραφὴν</span> <span class='ocrx_word' id='word_1_684' title='bbox 1751 4465 1993 4536; x_wconf 79' lang='grc' dir='ltr'>ἀγαγών·</span> 
     </span>
    </p>
   </div>
   <div class='ocr_carea' id='block_1_93' title="bbox 422 4558 1996 4628">
    <p class='ocr_par' dir='ltr' id='par_1_93' title="bbox 422 4558 1996 4628">
     <span class='ocr_line' id='line_1_93' title="bbox 422 4558 1996 4628; baseline -0.005 -10"><span class='ocrx_word' id='word_1_685' title='bbox 422 4564 531 4619; x_wconf 76' lang='grc' dir='ltr'>οὐδ’</span> <span class='ocrx_word' id='word_1_686' title='bbox 560 4564 625 4617; x_wconf 85' lang='grc' dir='ltr'>ἄν</span> <span class='ocrx_word' id='word_1_687' title='bbox 674 4581 757 4626; x_wconf 87' lang='grc' dir='ltr'><strong>τις</strong></span> <span class='ocrx_word' id='word_1_688' title='bbox 785 4563 947 4617; x_wconf 84' lang='grc' dir='ltr'>αὑτὸν</span> <span class='ocrx_word' id='word_1_689' title='bbox 992 4561 1068 4624; x_wconf 84' lang='grc' dir='ltr'>ὼς</span> <span class='ocrx_word' id='word_1_690' title='bbox 1094 4559 1475 4628; x_wconf 86' lang='grc' dir='ltr'>ἀποσφαλέντα</span> <span class='ocrx_word' id='word_1_691' title='bbox 1517 4558 1609 4611; x_wconf 81' lang='grc' dir='ltr'>τοῦ</span> <span class='ocrx_word' id='word_1_692' title='bbox 1653 4559 1803 4622; x_wconf 76' lang='grc' dir='ltr'>ὄντος</span> <span class='ocrx_word' id='word_1_693' title='bbox 1835 4558 1996 4612; x_wconf 81' lang='grc' dir='ltr'>εὐθύ-</span> 
     </span>
    </p>
   </div>
   <div class='ocr_carea' id='block_1_94' title="bbox 423 4650 2002 4725">
    <p class='ocr_par' dir='ltr' id='par_1_94' title="bbox 423 4650 2002 4725">
     <span class='ocr_line' id='line_1_94' title="bbox 423 4650 2002 4725; baseline -0.004 -17"><span class='ocrx_word' id='word_1_694' title='bbox 423 4672 565 4708; x_wconf 87' lang='grc' dir='ltr'>νοιεν</span> <span class='ocrx_word' id='word_1_695' title='bbox 596 4654 681 4719; x_wconf 81' lang='grc' dir='ltr'>ἂν,</span> <span class='ocrx_word' id='word_1_696' title='bbox 713 4655 761 4707; x_wconf 78' lang='grc' dir='ltr'><strong>εί</strong></span> <span class='ocrx_word' id='word_1_697' title='bbox 799 4653 873 4725; x_wconf 81' lang='grc' dir='ltr'>μὴ</span> <span class='ocrx_word' id='word_1_698' title='bbox 916 4652 1057 4707; x_wconf 78' lang='grc' dir='ltr'>κατὰ</span> <span class='ocrx_word' id='word_1_699' title='bbox 1088 4650 1292 4723; x_wconf 88' lang='grc' dir='ltr'>πτηνοῦ</span> <span class='ocrx_word' id='word_1_700' title='bbox 1329 4668 1390 4703; x_wconf 89' lang='grc' dir='ltr'><strong>τε</strong></span> <span class='ocrx_word' id='word_1_701' title='bbox 1414 4652 1506 4703; x_wconf 66' lang='grc' dir='ltr'><strong>καλ⁵</strong></span> <span class='ocrx_word' id='word_1_702' title='bbox 1527 4650 1874 4722; x_wconf 81' lang='grc' dir='ltr'>τετράποδος,</span> <span class='ocrx_word' id='word_1_703' title='bbox 1907 4650 2002 4704; x_wconf 76' lang='grc' dir='ltr'>καὶ</span> 
     </span>
    </p>
   </div>
   <div class='ocr_carea' id='block_1_95' title="bbox 423 4740 2002 4815">
    <p class='ocr_par' dir='ltr' id='par_1_95' title="bbox 423 4740 2002 4815">
     <span class='ocr_line' id='line_1_95' title="bbox 423 4740 2002 4815; baseline -0.003 -17"><span class='ocrx_word' id='word_1_704' title='bbox 423 4746 648 4815; x_wconf 80' lang='grc' dir='ltr'>ἐνύδρου</span> <span class='ocrx_word' id='word_1_705' title='bbox 677 4745 767 4798; x_wconf 76' lang='grc' dir='ltr'>τὸν</span> <span class='ocrx_word' id='word_1_706' title='bbox 801 4744 962 4798; x_wconf 84' lang='grc' dir='ltr'>αὑτὸν</span> <span class='ocrx_word' id='word_1_707' title='bbox 992 4743 1266 4815; x_wconf 84' lang='grc' dir='ltr'>ἀποδιδοίη</span> <span class='ocrx_word' id='word_1_708' title='bbox 1297 4741 1473 4811; x_wconf 84' lang='grc' dir='ltr'>λόγον,</span> <span class='ocrx_word' id='word_1_709' title='bbox 1506 4741 1563 4794; x_wconf 86' lang='grc' dir='ltr'>ὃν</span> <span class='ocrx_word' id='word_1_710' title='bbox 1595 4741 1688 4793; x_wconf 54' lang='grc' dir='ltr'><strong>ἐπί¹</strong></span> <span class='ocrx_word' id='word_1_711' title='bbox 1733 4740 1826 4794; x_wconf 80' lang='grc' dir='ltr'>τοῦ</span> <span class='ocrx_word' id='word_1_712' title='bbox 1861 4742 2002 4795; x_wconf 83' lang='grc' dir='ltr'>κατὰ</span> 
     </span>
    </p>
   </div>
   <div class='ocr_carea' id='block_1_96' title="bbox 422 4832 2005 4908">
    <p class='ocr_par' dir='ltr' id='par_1_96' title="bbox 422 4832 2005 4908">
     <span class='ocr_line' id='line_1_96' title="bbox 422 4832 2005 4908; baseline -0.003 -17"><span class='ocrx_word' id='word_1_713' title='bbox 422 4839 515 4891; x_wconf 74' lang='grc' dir='ltr'><strong>τὸν</strong></span> <span class='ocrx_word' id='word_1_714' title='bbox 549 4837 831 4908; x_wconf 80' lang='grc' dir='ltr'>ἄνθρωπον</span> <span class='ocrx_word' id='word_1_715' title='bbox 861 4837 1204 4907; x_wconf 83' lang='grc' dir='ltr'>ἀπεφήνατο·</span> <span class='ocrx_word' id='word_1_716' title='bbox 1237 4834 1380 4888; x_wconf 81' lang='grc' dir='ltr'>οὕτω</span> <span class='ocrx_word' id='word_1_717' title='bbox 1412 4832 1744 4904; x_wconf 85' lang='grc' dir='ltr'>πολυσχιδῶς</span> <span class='ocrx_word' id='word_1_718' title='bbox 1769 4833 1861 4886; x_wconf 70' lang='grc' dir='ltr'><strong>καὶ</strong></span> <span class='ocrx_word' id='word_1_719' title='bbox 1886 4851 2005 4887; x_wconf 88' lang='grc' dir='ltr'>ποι-</span> 
     </span>
    </p>
   </div>
   <div class='ocr_carea' id='block_1_97' title="bbox 423 4922 2006 4996">
    <p class='ocr_par' dir='ltr' id='par_1_97' title="bbox 423 4922 2006 4996">
     <span class='ocr_line' id='line_1_97' title="bbox 423 4922 2006 4996; baseline -0.004 -14"><span class='ocrx_word' id='word_1_720' title='bbox 423 4929 593 4991; x_wconf 69' lang='grc' dir='ltr'>κίλως</span> <span class='ocrx_word' id='word_1_721' title='bbox 629 4927 722 4980; x_wconf 83' lang='grc' dir='ltr'>τοῦ</span> <span class='ocrx_word' id='word_1_722' title='bbox 757 4928 876 4981; x_wconf 75' lang='grc' dir='ltr'>κατ’</span> <span class='ocrx_word' id='word_1_723' title='bbox 913 4925 1155 4979; x_wconf 83' lang='grc' dir='ltr'>ἐπίνοιαν</span> <span class='ocrx_word' id='word_1_724' title='bbox 1184 4924 1555 4996; x_wconf 83' lang='grc' dir='ltr'>θεωρουμένου</span> <span class='ocrx_word' id='word_1_725' title='bbox 1597 4924 1777 4991; x_wconf 90' lang='grc' dir='ltr'>λόγου,</span> <span class='ocrx_word' id='word_1_726' title='bbox 1809 4924 1909 4975; x_wconf 79' lang='grc' dir='ltr'><strong>οὑκ</strong></span> <span class='ocrx_word' id='word_1_727' title='bbox 1939 4922 2006 4976; x_wconf 87' lang='grc' dir='ltr'>ἂν</span> 
     </span>
    </p>
   </div>
   <div class='ocr_carea' id='block_1_98' title="bbox 423 5012 2005 5090">
    <p class='ocr_par' dir='ltr' id='par_1_98' title="bbox 423 5012 2005 5090">
     <span class='ocr_line' id='line_1_98' title="bbox 423 5012 2005 5090; baseline -0.004 -17"><span class='ocrx_word' id='word_1_728' title='bbox 423 5021 644 5090; x_wconf 80' lang='grc' dir='ltr'>ἔλεγχος</span> <span class='ocrx_word' id='word_1_729' title='bbox 678 5020 762 5090; x_wconf 81' lang='grc' dir='ltr'><strong>εἴη</strong></span> <span class='ocrx_word' id='word_1_730' title='bbox 794 5020 854 5071; x_wconf 83' lang='grc' dir='ltr'><strong>τὸ</strong></span> <span class='ocrx_word' id='word_1_731' title='bbox 880 5018 1094 5089; x_wconf 81' lang='grc' dir='ltr'>ἐκείνην</span> <span class='ocrx_word' id='word_1_732' title='bbox 1123 5017 1198 5088; x_wconf 85' lang='grc' dir='ltr'>μὴ</span> <span class='ocrx_word' id='word_1_733' title='bbox 1232 5012 1371 5069; x_wconf 73' lang='grc' dir='ltr'>εἶναι</span> <span class='ocrx_word' id='word_1_734' title='bbox 1400 5016 1602 5086; x_wconf 78' lang='grc' dir='ltr'>κυρίως</span> <span class='ocrx_word' id='word_1_735' title='bbox 1633 5016 1897 5081; x_wconf 84' lang='grc' dir='ltr'>ἐπίνοιαν,</span> <span class='ocrx_word' id='word_1_736' title='bbox 1927 5014 2005 5085; x_wconf 84' lang='grc' dir='ltr'><strong>τῷ</strong></span> 
     </span>
    </p>
   </div>
   <div class='ocr_carea' id='block_1_99' title="bbox 426 5106 2006 5181">
    <p class='ocr_par' dir='ltr' id='par_1_99' title="bbox 426 5106 2006 5181">
     <span class='ocr_line' id='line_1_99' title="bbox 426 5106 2006 5181; baseline -0.004 -15"><span class='ocrx_word' id='word_1_737' title='bbox 426 5113 524 5166; x_wconf 70' lang='grc' dir='ltr'>καὶ</span> <span class='ocrx_word' id='word_1_738' title='bbox 566 5112 752 5181; x_wconf 74' lang='grc' dir='ltr'>ἕτερον</span> <span class='ocrx_word' id='word_1_739' title='bbox 788 5106 925 5164; x_wconf 80' lang='grc' dir='ltr'>εἶναι</span> <span class='ocrx_word' id='word_1_740' title='bbox 956 5111 1148 5163; x_wconf 72' lang='grc' dir='ltr'>εἰπεῖν.</span> <span class='ocrx_word' id='word_1_741' title='bbox 1182 5109 1344 5160; x_wconf 81' lang='grc' dir='ltr'>Ὥστε</span> <span class='ocrx_word' id='word_1_742' title='bbox 1388 5107 1487 5160; x_wconf 84' lang='grc' dir='ltr'>κᾶν</span> <span class='ocrx_word' id='word_1_743' title='bbox 1526 5106 1653 5160; x_wconf 83' lang='grc' dir='ltr'>ἄλλο</span> <span class='ocrx_word' id='word_1_744' title='bbox 1679 5124 1731 5159; x_wconf 84' lang='grc' dir='ltr'><strong>τι</strong></span> <span class='ocrx_word' id='word_1_745' title='bbox 1764 5107 2006 5168; x_wconf 82' lang='grc' dir='ltr'>ἐπινοίας</span> 
     </span>
    </p>
   </div>
   <div class='ocr_carea' id='block_1_100' title="bbox 426 5196 2006 5274">
    <p class='ocr_par' dir='ltr' id='par_1_100' title="bbox 426 5196 2006 5274">
     <span class='ocr_line' id='line_1_100' title="bbox 426 5196 2006 5274; baseline -0.004 -19"><span class='ocrx_word' id='word_1_746' title='bbox 426 5198 569 5264; x_wconf 80' lang='grc' dir='ltr'>εἶδος</span> <span class='ocrx_word' id='word_1_747' title='bbox 609 5200 882 5274; x_wconf 81' lang='grc' dir='ltr'>θεωρηθῇ,</span> <span class='ocrx_word' id='word_1_748' title='bbox 930 5199 989 5252; x_wconf 75' lang='grc' dir='ltr'>τὸ</span> <span class='ocrx_word' id='word_1_749' title='bbox 1034 5197 1399 5270; x_wconf 83' lang='grc' dir='ltr'>προαποδοθὲν</span> <span class='ocrx_word' id='word_1_750' title='bbox 1436 5197 1534 5267; x_wconf 82' lang='grc' dir='ltr'><strong>οὐχ</strong></span> <span class='ocrx_word' id='word_1_751' title='bbox 1568 5196 1901 5267; x_wconf 75' lang='grc' dir='ltr'>ἡμάρτηται.</span> <span class='ocrx_word' id='word_1_752' title='bbox 1942 5197 2006 5249; x_wconf 78' lang='grc' dir='ltr'><strong>Εἰ</strong></span> 
     </span>
    </p>
   </div>
   <div class='ocr_carea' id='block_1_101' title="bbox 428 5289 2007 5369">
    <p class='ocr_par' dir='ltr' id='par_1_101' title="bbox 428 5289 2007 5369">
     <span class='ocr_line' id='line_1_101' title="bbox 428 5289 2007 5369; baseline -0.004 -22"><span class='ocrx_word' id='word_1_753' title='bbox 428 5296 531 5369; x_wconf 84' lang='grc' dir='ltr'><strong>μὲν</strong></span> <span class='ocrx_word' id='word_1_754' title='bbox 566 5290 658 5348; x_wconf 75' lang='grc' dir='ltr'><strong>οὖν</strong></span> <span class='ocrx_word' id='word_1_755' title='bbox 699 5311 805 5361; x_wconf 87' lang='grc' dir='ltr'>τις,</span> <span class='ocrx_word' id='word_1_756' title='bbox 830 5295 983 5365; x_wconf 72' lang='grc' dir='ltr'>φησὶ,</span> <span class='ocrx_word' id='word_1_757' title='bbox 1017 5292 1126 5365; x_wconf 88' lang='grc' dir='ltr'><strong>τῶν</strong></span> <span class='ocrx_word' id='word_1_758' title='bbox 1157 5292 1468 5345; x_wconf 79' lang='grc' dir='ltr'>ἀποστόλων</span> <span class='ocrx_word' id='word_1_759' title='bbox 1496 5291 1530 5360; x_wconf 83' lang='grc' dir='ltr'><strong>ἢ</strong></span> <span class='ocrx_word' id='word_1_760' title='bbox 1566 5289 1674 5343; x_wconf 87' lang='grc' dir='ltr'><strong>τῶν</strong></span> <span class='ocrx_word' id='word_1_761' title='bbox 1714 5289 2007 5360; x_wconf 88' lang='grc' dir='ltr'>προφητῶν</span> 
     </span>
    </p>
   </div>
   <div class='ocr_carea' id='block_1_102' title="bbox 425 5381 2008 5457">
    <p class='ocr_par' dir='ltr' id='par_1_102' title="bbox 425 5381 2008 5457">
     <span class='ocr_line' id='line_1_102' title="bbox 425 5381 2008 5457; baseline -0.003 -18"><span class='ocrx_word' id='word_1_762' title='bbox 425 5384 638 5448; x_wconf 85' lang='grc' dir='ltr'>τούτοις</span> <span class='ocrx_word' id='word_1_763' title='bbox 686 5384 1030 5457; x_wconf 84' lang='grc' dir='ltr'>χρησάμενος</span> <span class='ocrx_word' id='word_1_764' title='bbox 1081 5384 1172 5435; x_wconf 70' lang='grc' dir='ltr'><strong>ἐπὶ</strong></span> <span class='ocrx_word' id='word_1_765' title='bbox 1205 5382 1296 5436; x_wconf 78' lang='grc' dir='ltr'>τοῦ</span> <span class='ocrx_word' id='word_1_766' title='bbox 1326 5382 1561 5453; x_wconf 79' lang='grc' dir='ltr'>Χριστοῦ</span> <span class='ocrx_word' id='word_1_767' title='bbox 1599 5383 1710 5443; x_wconf 89' lang='grc' dir='ltr'>τοῖς</span> <span class='ocrx_word' id='word_1_768' title='bbox 1753 5381 2008 5451; x_wconf 84' lang='grc' dir='ltr'>ὀνόμασιν</span> 
     </span>
    </p>
   </div>
   <div class='ocr_carea' id='block_1_103' title="bbox 426 5473 2009 5548">
    <p class='ocr_par' dir='ltr' id='par_1_103' title="bbox 426 5473 2009 5548">
     <span class='ocr_line' id='line_1_103' title="bbox 426 5473 2009 5548; baseline -0.004 -15"><span class='ocrx_word' id='word_1_769' title='bbox 426 5479 806 5543; x_wconf 79' lang='grc' dir='ltr'>ἀπεδείκνυτο,</span> <span class='ocrx_word' id='word_1_770' title='bbox 837 5473 981 5548; x_wconf 83' lang='grc' dir='ltr'>εἶχεν</span> <span class='ocrx_word' id='word_1_771' title='bbox 1010 5476 1075 5530; x_wconf 85' lang='grc' dir='ltr'>ἂν</span> <span class='ocrx_word' id='word_1_772' title='bbox 1112 5475 1466 5548; x_wconf 80' lang='grc' dir='ltr'>παραμυθίαν</span> <span class='ocrx_word' id='word_1_773' title='bbox 1493 5475 1552 5528; x_wconf 84' lang='grc' dir='ltr'><strong>τὸ</strong></span> <span class='ocrx_word' id='word_1_774' title='bbox 1580 5473 1795 5543; x_wconf 75' lang='grc' dir='ltr'>ψεῦδος.</span> <span class='ocrx_word' id='word_1_775' title='bbox 1837 5475 2009 5545; x_wconf 81' lang='grc' dir='ltr'>’Όσην</span> 
     </span>
    </p>
   </div>
   <div class='ocr_carea' id='block_1_104' title="bbox 433 5566 2011 5642">
    <p class='ocr_par' dir='ltr' id='par_1_104' title="bbox 433 5566 2011 5642">
     <span class='ocr_line' id='line_1_104' title="bbox 433 5566 2011 5642; baseline -0.003 -20"><span class='ocrx_word' id='word_1_776' title='bbox 433 5572 703 5642; x_wconf 84' lang='grc' dir='ltr'>μαρτυρεῖ</span> <span class='ocrx_word' id='word_1_777' title='bbox 750 5568 829 5640; x_wconf 84' lang='grc' dir='ltr'>τῷ</span> <span class='ocrx_word' id='word_1_778' title='bbox 877 5569 1200 5639; x_wconf 75' lang='grc' dir='ltr'>λογογράφῳ</span> <span class='ocrx_word' id='word_1_779' title='bbox 1230 5567 1297 5622; x_wconf 86' lang='grc' dir='ltr'><strong>τὰ</strong></span> <span class='ocrx_word' id='word_1_780' title='bbox 1346 5567 1613 5639; x_wconf 84' lang='grc' dir='ltr'>εἰρημένα</span> <span class='ocrx_word' id='word_1_781' title='bbox 1655 5566 1752 5637; x_wconf 85' lang='grc' dir='ltr'>τὴν</span> <span class='ocrx_word' id='word_1_782' title='bbox 1792 5568 1849 5620; x_wconf 84' lang='grc' dir='ltr'><strong>ἐν</strong></span> <span class='ocrx_word' id='word_1_783' title='bbox 1890 5569 2011 5631; x_wconf 86' lang='grc' dir='ltr'>ταῖς</span> 
     </span>
    </p>
   </div>
   <div class='ocr_carea' id='block_1_105' title="bbox 431 5656 2014 5733">
    <p class='ocr_par' dir='ltr' id='par_1_105' title="bbox 431 5656 2014 5733">
     <span class='ocr_line' id='line_1_105' title="bbox 431 5656 2014 5733; baseline -0.003 -17"><span class='ocrx_word' id='word_1_784' title='bbox 431 5662 681 5733; x_wconf 79' lang='grc' dir='ltr'>Γραφαῖς</span> <span class='ocrx_word' id='word_1_785' title='bbox 708 5660 801 5714; x_wconf 77' lang='grc' dir='ltr'>τοῦ</span> <span class='ocrx_word' id='word_1_786' title='bbox 831 5660 965 5714; x_wconf 75' lang='grc' dir='ltr'>Θεοῦ</span> <span class='ocrx_word' id='word_1_787' title='bbox 996 5660 1334 5729; x_wconf 71' lang='grc' dir='ltr'>φιλοπονίανὲ</span> <span class='ocrx_word' id='word_1_788' title='bbox 1369 5659 1557 5724; x_wconf 77' lang='grc' dir='ltr'>Οὐδεὶς</span> <span class='ocrx_word' id='word_1_789' title='bbox 1596 5656 1713 5712; x_wconf 82' lang='grc' dir='ltr'>εἶπε</span> <span class='ocrx_word' id='word_1_790' title='bbox 1744 5658 1852 5713; x_wconf 84' lang='grc' dir='ltr'><strong>τῶν</strong></span> <span class='ocrx_word' id='word_1_791' title='bbox 1880 5676 2014 5730; x_wconf 90' lang='grc' dir='ltr'>προ-</span> 
     </span>
    </p>
   </div>
   <div class='ocr_carea' id='block_1_106' title="bbox 2109 4461 3680 4532">
    <p class='ocr_par' dir='ltr' id='par_1_106' title="bbox 2109 4461 3680 4532">
     <span class='ocr_line' id='line_1_106' title="bbox 2109 4461 3680 4532; baseline 0.001 -14"><span class='ocrx_word' id='word_1_792' title='bbox 2109 4478 2262 4518; x_wconf 83' lang='lat' dir='ltr'><strong>rasse</strong></span> <span class='ocrx_word' id='word_1_793' title='bbox 2298 4462 2659 4532; x_wconf 82' lang='lat' dir='ltr'><strong>reprehensus</strong></span> <span class='ocrx_word' id='word_1_794' title='bbox 2687 4461 2868 4524; x_wconf 81' lang='lat' dir='ltr'><strong>fuerit,</strong></span> <span class='ocrx_word' id='word_1_795' title='bbox 2912 4461 2957 4516; x_wconf 93' lang='lat' dir='ltr'><strong>si</strong></span> <span class='ocrx_word' id='word_1_796' title='bbox 2989 4461 3293 4530; x_wconf 84' lang='lat' dir='ltr'><strong>specialiter</strong></span> <span class='ocrx_word' id='word_1_797' title='bbox 3321 4462 3593 4519; x_wconf 85' lang='lat' dir='ltr'><strong>hominem</strong></span> <span class='ocrx_word' id='word_1_798' title='bbox 3624 4466 3680 4519; x_wconf 91' lang='lat' dir='ltr'><strong>in</strong></span> 
     </span>
    </p>
   </div>
   <div class='ocr_carea' id='block_1_107' title="bbox 2108 4541 3682 4624">
    <p class='ocr_par' dir='ltr' id='par_1_107' title="bbox 2108 4541 3682 4624">
     <span class='ocr_line' id='line_1_107' title="bbox 2108 4541 3682 4624; baseline 0.002 -16"><span class='ocrx_word' id='word_1_799' title='bbox 2108 4557 2416 4624; x_wconf 78' lang='lat' dir='ltr'><strong>exemplum</strong></span> <span class='ocrx_word' id='word_1_800' title='bbox 2448 4554 2764 4619; x_wconf 81' lang='lat' dir='ltr'><strong>adduxerit;</strong></span> <span class='ocrx_word' id='word_1_801' title='bbox 2794 4541 2969 4623; x_wconf 68' lang='lat' dir='ltr'><strong>neque</strong></span> <span class='ocrx_word' id='word_1_802' title='bbox 3000 4553 3124 4622; x_wconf 90' lang='lat' dir='ltr'><strong>quis</strong></span> <span class='ocrx_word' id='word_1_803' title='bbox 3162 4552 3361 4622; x_wconf 87' lang='lat' dir='ltr'><strong>ipsum,</strong></span> <span class='ocrx_word' id='word_1_804' title='bbox 3394 4562 3452 4609; x_wconf 88' lang='lat' dir='ltr'><strong>ut</strong></span> <span class='ocrx_word' id='word_1_805' title='bbox 3497 4572 3525 4609; x_wconf 90' lang='lat' dir='ltr'><strong>a</strong></span> <span class='ocrx_word' id='word_1_806' title='bbox 3553 4572 3682 4612; x_wconf 68' lang='lat' dir='ltr'><strong>vero</strong></span> 
     </span>
    </p>
   </div>
   <div class='ocr_carea' id='block_1_108' title="bbox 2109 4644 3685 4709">
    <p class='ocr_par' dir='ltr' id='par_1_108' title="bbox 2109 4644 3685 4709">
     <span class='ocr_line' id='line_1_108' title="bbox 2109 4644 3685 4709; baseline 0 -8"><span class='ocrx_word' id='word_1_807' title='bbox 2109 4647 2415 4702; x_wconf 84' lang='lat' dir='ltr'><strong>deviantem</strong></span> <span class='ocrx_word' id='word_1_808' title='bbox 2469 4646 2523 4700; x_wconf 89' lang='lat' dir='ltr'><strong>in</strong></span> <span class='ocrx_word' id='word_1_809' title='bbox 2562 4645 2703 4698; x_wconf 75' lang='lat' dir='ltr'><strong>viam</strong></span> <span class='ocrx_word' id='word_1_810' title='bbox 2736 4653 2940 4698; x_wconf 90' lang='lat' dir='ltr'><strong>rectam</strong></span> <span class='ocrx_word' id='word_1_811' title='bbox 2972 4645 3269 4709; x_wconf 73' lang='lat' dir='ltr'><strong>reduxerit,</strong></span> <span class='ocrx_word' id='word_1_812' title='bbox 3308 4644 3413 4700; x_wconf 91' lang='lat' dir='ltr'><strong>nisi</strong></span> <span class='ocrx_word' id='word_1_813' title='bbox 3440 4649 3507 4701; x_wconf 82' lang='lat' dir='ltr'><strong>de</strong></span> <span class='ocrx_word' id='word_1_814' title='bbox 3536 4648 3685 4701; x_wconf 80' lang='lat' dir='ltr'><strong>vola-</strong></span> 
     </span>
    </p>
   </div>
   <div class='ocr_carea' id='block_1_109' title="bbox 2109 4736 3681 4807">
    <p class='ocr_par' dir='ltr' id='par_1_109' title="bbox 2109 4736 3681 4807">
     <span class='ocr_line' id='line_1_109' title="bbox 2109 4736 3681 4807; baseline 0 -15"><span class='ocrx_word' id='word_1_815' title='bbox 2109 4740 2189 4792; x_wconf 92' lang='lat' dir='ltr'><strong>tili</strong></span> <span class='ocrx_word' id='word_1_816' title='bbox 2220 4746 2272 4793; x_wconf 92' lang='lat' dir='ltr'><strong>et</strong></span> <span class='ocrx_word' id='word_1_817' title='bbox 2294 4737 2643 4807; x_wconf 86' lang='lat' dir='ltr'><strong>quadrupede</strong></span> <span class='ocrx_word' id='word_1_818' title='bbox 2669 4737 2815 4791; x_wconf 86' lang='lat' dir='ltr'><strong>etde</strong></span> <span class='ocrx_word' id='word_1_819' title='bbox 2846 4737 3072 4807; x_wconf 85' lang='lat' dir='ltr'><strong>aquatili</strong></span> <span class='ocrx_word' id='word_1_820' title='bbox 3108 4738 3279 4807; x_wconf 88' lang='lat' dir='ltr'><strong>ipsam</strong></span> <span class='ocrx_word' id='word_1_821' title='bbox 3311 4736 3681 4794; x_wconf 77' lang='lat' dir='ltr'><strong>deﬁnitionem</strong></span> 
     </span>
    </p>
   </div>
   <div class='ocr_carea' id='block_1_110' title="bbox 2108 4828 3686 4900">
    <p class='ocr_par' dir='ltr' id='par_1_110' title="bbox 2108 4828 3686 4900">
     <span class='ocr_line' id='line_1_110' title="bbox 2108 4828 3686 4900; baseline 0.001 -16"><span class='ocrx_word' id='word_1_822' title='bbox 2108 4830 2425 4893; x_wconf 88' lang='lat' dir='ltr'><strong>reddiderit,</strong></span> <span class='ocrx_word' id='word_1_823' title='bbox 2458 4844 2620 4899; x_wconf 89' lang='lat' dir='ltr'><strong>quam</strong></span> <span class='ocrx_word' id='word_1_824' title='bbox 2653 4828 2719 4885; x_wconf 90' lang='lat' dir='ltr'><strong>de</strong></span> <span class='ocrx_word' id='word_1_825' title='bbox 2748 4830 2967 4886; x_wconf 89' lang='lat' dir='ltr'><strong>homine</strong></span> <span class='ocrx_word' id='word_1_826' title='bbox 2999 4830 3299 4900; x_wconf 88' lang='lat' dir='ltr'><strong>protulerat</strong></span> <span class='ocrx_word' id='word_1_827' title='bbox 3331 4850 3345 4886; x_wconf 90' lang='lat'><strong>:</strong></span> <span class='ocrx_word' id='word_1_828' title='bbox 3389 4831 3468 4885; x_wconf 87' lang='lat' dir='ltr'><strong>sic</strong></span> <span class='ocrx_word' id='word_1_829' title='bbox 3501 4833 3686 4887; x_wconf 80' lang='lat' dir='ltr'><strong>inulti-</strong></span> 
     </span>
    </p>
   </div>
   <div class='ocr_carea' id='block_1_111' title="bbox 2109 4906 3683 4999">
    <p class='ocr_par' dir='ltr' id='par_1_111' title="bbox 2109 4906 3683 4999">
     <span class='ocr_line' id='line_1_111' title="bbox 2109 4906 3683 4999; baseline 0.003 -26"><span class='ocrx_word' id='word_1_830' title='bbox 2109 4921 2323 4992; x_wconf 89' lang='lat' dir='ltr'><strong>pliciter</strong></span> <span class='ocrx_word' id='word_1_831' title='bbox 2350 4928 2404 4975; x_wconf 90' lang='lat' dir='ltr'><strong>et</strong></span> <span class='ocrx_word' id='word_1_832' title='bbox 2444 4921 2593 4999; x_wconf 60' lang='lat' dir='ltr'><strong>yarie</strong></span> <span class='ocrx_word' id='word_1_833' title='bbox 2617 4935 2742 4974; x_wconf 91' lang='lat' dir='ltr'><strong>cum</strong></span> <span class='ocrx_word' id='word_1_834' title='bbox 2770 4928 3045 4991; x_wconf 89' lang='lat' dir='ltr'><strong>spectetur</strong></span> <span class='ocrx_word' id='word_1_835' title='bbox 3085 4906 3317 4989; x_wconf 82' lang='grc' dir='ltr'>ἐπίνοια,</span> <span class='ocrx_word' id='word_1_836' title='bbox 3349 4933 3683 4979; x_wconf 85' lang='lat' dir='ltr'><strong>commenta-</strong></span> 
     </span>
    </p>
   </div>
   <div class='ocr_carea' id='block_1_112' title="bbox 2110 5014 3685 5084">
    <p class='ocr_par' dir='ltr' id='par_1_112' title="bbox 2110 5014 3685 5084">
     <span class='ocr_line' id='line_1_112' title="bbox 2110 5014 3685 5084; baseline 0.001 -18"><span class='ocrx_word' id='word_1_837' title='bbox 2110 5014 2209 5079; x_wconf 91' lang='lat' dir='ltr'><strong>tio,</strong></span> <span class='ocrx_word' id='word_1_838' title='bbox 2230 5027 2337 5068; x_wconf 92' lang='lat' dir='ltr'><strong>uon</strong></span> <span class='ocrx_word' id='word_1_839' title='bbox 2369 5021 2749 5083; x_wconf 81' lang='lat' dir='ltr'><strong>argumentum</strong></span> <span class='ocrx_word' id='word_1_840' title='bbox 2790 5014 2951 5069; x_wconf 79' lang='lat' dir='ltr'><strong>fuerit</strong></span> <span class='ocrx_word' id='word_1_841' title='bbox 2990 5014 3138 5081; x_wconf 80' lang='lat' dir='ltr'><strong>illam</strong></span> <span class='ocrx_word' id='word_1_842' title='bbox 3173 5031 3281 5071; x_wconf 86' lang='lat' dir='ltr'><strong>non</strong></span> <span class='ocrx_word' id='word_1_843' title='bbox 3315 5031 3438 5071; x_wconf 89' lang='lat' dir='ltr'><strong>esse</strong></span> <span class='ocrx_word' id='word_1_844' title='bbox 3467 5015 3685 5084; x_wconf 87' lang='lat' dir='ltr'><strong>proprie</strong></span> 
     </span>
    </p>
   </div>
   <div class='ocr_carea' id='block_1_113' title="bbox 2110 5088 3701 5176">
    <p class='ocr_par' dir='ltr' id='par_1_113' title="bbox 2110 5088 3701 5176">
     <span class='ocr_line' id='line_1_113' title="bbox 2110 5088 3701 5176; baseline 0.001 -20"><span class='ocrx_word' id='word_1_845' title='bbox 2110 5105 2375 5171; x_wconf 81' lang='grc' dir='ltr'>ἐπίνοιαν,</span> <span class='ocrx_word' id='word_1_846' title='bbox 2409 5105 2535 5174; x_wconf 87' lang='lat' dir='ltr'><strong>quia</strong></span> <span class='ocrx_word' id='word_1_847' title='bbox 2566 5105 2766 5160; x_wconf 80' lang='lat' dir='ltr'><strong>dixerit</strong></span> <span class='ocrx_word' id='word_1_848' title='bbox 2791 5106 2955 5160; x_wconf 85' lang='lat' dir='ltr'><strong>etiam</strong></span> <span class='ocrx_word' id='word_1_849' title='bbox 2992 5106 3137 5161; x_wconf 89' lang='lat' dir='ltr'><strong>aliud</strong></span> <span class='ocrx_word' id='word_1_850' title='bbox 3169 5088 3300 5176; x_wconf 82' lang='lat' dir='ltr'><strong>quid</strong></span> <span class='ocrx_word' id='word_1_851' title='bbox 3318 5098 3464 5160; x_wconf 83' lang='lat' dir='ltr'><strong>esse.</strong></span> <span class='ocrx_word' id='word_1_852' title='bbox 3505 5102 3701 5169; x_wconf 82' lang='lat' dir='ltr'><strong>Quare-</strong></span> 
     </span>
    </p>
   </div>
   <div class='ocr_carea' id='block_1_114' title="bbox 2110 5196 3686 5268">
    <p class='ocr_par' dir='ltr' id='par_1_114' title="bbox 2110 5196 3686 5268">
     <span class='ocr_line' id='line_1_114' title="bbox 2110 5196 3686 5268; baseline -0.004 -15"><span class='ocrx_word' id='word_1_853' title='bbox 2110 5198 2324 5253; x_wconf 88' lang='lat' dir='ltr'><strong>ctiamsi</strong></span> <span class='ocrx_word' id='word_1_854' title='bbox 2359 5197 2464 5251; x_wconf 87' lang='lat' dir='ltr'><strong>alia</strong></span> <span class='ocrx_word' id='word_1_855' title='bbox 2507 5197 2752 5267; x_wconf 65' lang='lat' dir='ltr'><strong>quaedam</strong></span> <span class='ocrx_word' id='word_1_856' title='bbox 2812 5198 3022 5268; x_wconf 79' lang='lat' dir='ltr'><strong>species</strong></span> <span class='ocrx_word' id='word_1_857' title='bbox 3055 5199 3298 5258; x_wconf 85' lang='grc' dir='ltr'>ἐπινοίας</span> <span class='ocrx_word' id='word_1_858' title='bbox 3339 5196 3686 5248; x_wconf 79' lang='lat' dir='ltr'><strong>considerata</strong></span> 
     </span>
    </p>
   </div>
   <div class='ocr_carea' id='block_1_115' title="bbox 2116 5284 3685 5360">
    <p class='ocr_par' dir='ltr' id='par_1_115' title="bbox 2116 5284 3685 5360">
     <span class='ocr_line' id='line_1_115' title="bbox 2116 5284 3685 5360; baseline -0.003 -17"><span class='ocrx_word' id='word_1_859' title='bbox 2116 5291 2297 5356; x_wconf 79' lang='lat' dir='ltr'><strong>fuerit,</strong></span> <span class='ocrx_word' id='word_1_860' title='bbox 2333 5305 2455 5360; x_wconf 72' lang='lat' dir='ltr'><strong>qua:</strong></span> <span class='ocrx_word' id='word_1_861' title='bbox 2494 5289 2647 5360; x_wconf 86' lang='lat' dir='ltr'><strong>prius</strong></span> <span class='ocrx_word' id='word_1_862' title='bbox 2701 5290 2907 5346; x_wconf 88' lang='lat' dir='ltr'><strong>reddita</strong></span> <span class='ocrx_word' id='word_1_863' title='bbox 2941 5297 3046 5353; x_wconf 88' lang='lat' dir='ltr'><strong>est,</strong></span> <span class='ocrx_word' id='word_1_864' title='bbox 3098 5303 3205 5342; x_wconf 91' lang='lat' dir='ltr'><strong>non</strong></span> <span class='ocrx_word' id='word_1_865' title='bbox 3240 5286 3374 5339; x_wconf 85' lang='lat' dir='ltr'><strong>falsa</strong></span> <span class='ocrx_word' id='word_1_866' title='bbox 3406 5284 3589 5338; x_wconf 83' lang='lat' dir='ltr'><strong>fuerit.</strong></span> <span class='ocrx_word' id='word_1_867' title='bbox 3625 5284 3685 5339; x_wconf 89' lang='lat' dir='ltr'><strong>Si</strong></span> 
     </span>
    </p>
   </div>
   <div class='ocr_carea' id='block_1_116' title="bbox 2112 5376 3684 5454">
    <p class='ocr_par' dir='ltr' id='par_1_116' title="bbox 2112 5376 3684 5454">
     <span class='ocr_line' id='line_1_116' title="bbox 2112 5376 3684 5454; baseline -0.004 -17"><span class='ocrx_word' id='word_1_868' title='bbox 2112 5385 2295 5453; x_wconf 77' lang='lat' dir='ltr'><strong>igitur,</strong></span> <span class='ocrx_word' id='word_1_869' title='bbox 2332 5384 2528 5454; x_wconf 90' lang='lat' dir='ltr'><strong>inquit,</strong></span> <span class='ocrx_word' id='word_1_870' title='bbox 2565 5385 2935 5454; x_wconf 87' lang='lat' dir='ltr'><strong>apostolorum</strong></span> <span class='ocrx_word' id='word_1_871' title='bbox 2967 5380 3049 5434; x_wconf 78' lang='lat' dir='ltr'><strong>vel</strong></span> <span class='ocrx_word' id='word_1_872' title='bbox 3073 5377 3457 5447; x_wconf 88' lang='lat' dir='ltr'><strong>prophetarum</strong></span> <span class='ocrx_word' id='word_1_873' title='bbox 3485 5376 3684 5446; x_wconf 82' lang='lat' dir='ltr'><strong>aliquis</strong></span> 
     </span>
    </p>
   </div>
   <div class='ocr_carea' id='block_1_117' title="bbox 2117 5466 3682 5531">
    <p class='ocr_par' dir='ltr' id='par_1_117' title="bbox 2117 5466 3682 5531">
     <span class='ocr_line' id='line_1_117' title="bbox 2117 5466 3682 5531; baseline -0.006 -3"><span class='ocrx_word' id='word_1_874' title='bbox 2117 5476 2202 5531; x_wconf 90' lang='lat' dir='ltr'><strong>his</strong></span> <span class='ocrx_word' id='word_1_875' title='bbox 2237 5490 2372 5530; x_wconf 88' lang='lat' dir='ltr'><strong>usus</strong></span> <span class='ocrx_word' id='word_1_876' title='bbox 2427 5475 2482 5527; x_wconf 89' lang='lat' dir='ltr'><strong>in</strong></span> <span class='ocrx_word' id='word_1_877' title='bbox 2530 5471 2751 5527; x_wconf 89' lang='lat' dir='ltr'><strong>Christo</strong></span> <span class='ocrx_word' id='word_1_878' title='bbox 2815 5468 3128 5523; x_wconf 89' lang='lat' dir='ltr'><strong>nominibus</strong></span> <span class='ocrx_word' id='word_1_879' title='bbox 3188 5466 3682 5530; x_wconf 87' lang='lat' dir='ltr'><strong>demonstraretur,</strong></span> 
     </span>
    </p>
   </div>
   <div class='ocr_carea' id='block_1_118' title="bbox 2117 5557 3684 5623">
    <p class='ocr_par' dir='ltr' id='par_1_118' title="bbox 2117 5557 3684 5623">
     <span class='ocr_line' id='line_1_118' title="bbox 2117 5557 3684 5623; baseline -0.008 -2"><span class='ocrx_word' id='word_1_880' title='bbox 2117 5566 2459 5622; x_wconf 82' lang='lat' dir='ltr'><strong>mendacium</strong></span> <span class='ocrx_word' id='word_1_881' title='bbox 2510 5564 2735 5618; x_wconf 85' lang='lat' dir='ltr'><strong>haberet</strong></span> <span class='ocrx_word' id='word_1_882' title='bbox 2786 5557 3238 5615; x_wconf 85' lang='lat' dir='ltr'><strong>consolationem.</strong></span> <span class='ocrx_word' id='word_1_883' title='bbox 3296 5557 3572 5623; x_wconf 83' lang='lat' dir='ltr'><strong>Quantum</strong></span> <span class='ocrx_word' id='word_1_884' title='bbox 3617 5572 3684 5612; x_wconf 82' lang='lat' dir='ltr'><strong>ex</strong></span> 
     </span>
    </p>
   </div>
   <div class='ocr_carea' id='block_1_119' title="bbox 2116 5650 3688 5727">
    <p class='ocr_par' dir='ltr' id='par_1_119' title="bbox 2116 5650 3688 5727">
     <span class='ocr_line' id='line_1_119' title="bbox 2116 5650 3688 5727; baseline -0.007 -11"><span class='ocrx_word' id='word_1_885' title='bbox 2116 5661 2232 5717; x_wconf 88' lang='lat' dir='ltr'><strong>suis</strong></span> <span class='ocrx_word' id='word_1_886' title='bbox 2254 5657 2413 5714; x_wconf 85' lang='lat' dir='ltr'><strong>dictis</strong></span> <span class='ocrx_word' id='word_1_887' title='bbox 2445 5656 2679 5727; x_wconf 81' lang='lat' dir='ltr'><strong>scriptor</strong></span> <span class='ocrx_word' id='word_1_888' title='bbox 2716 5653 2802 5708; x_wconf 90' lang='lat' dir='ltr'><strong>hic</strong></span> <span class='ocrx_word' id='word_1_889' title='bbox 2832 5652 2886 5706; x_wconf 91' lang='lat' dir='ltr'><strong>in</strong></span> <span class='ocrx_word' id='word_1_890' title='bbox 2938 5651 3137 5709; x_wconf 76' lang='lat' dir='ltr'><strong>divinis</strong></span> <span class='ocrx_word' id='word_1_891' title='bbox 3177 5650 3473 5721; x_wconf 81' lang='lat' dir='ltr'><strong>Scripturis</strong></span> <span class='ocrx_word' id='word_1_892' title='bbox 3506 5663 3688 5706; x_wconf 81' lang='lat' dir='ltr'><strong>versa-</strong></span> 
     </span>
    </p>
   </div>
  </div>
