4056 6146
455 249 594 304 1027

1752 245 1808 297 S.
1840 241 2168 297 GllliGORll
2228 239 2512 294 NYSSENI

3576 236 3723 290 l0'28

455 380 548 425 tus
576 366 924 437 intelligitur!
963 353 1160 419 Nullus
1195 365 1582 434 prophetarum
1637 367 1718 421 vel
1750 367 2021 435 apostolo-

2143 363 2312 433 ρητῶν
2343 362 2374 432 ἢ
2424 361 2533 415 τῶν
2565 360 2898 422 ἀποστόλων,
2933 359 3117 430 ἄρτον,
3151 359 3181 429 ἢ
3230 357 3399 420 λίθον,
3429 357 3463 425 ἦ
3513 358 3722 426 πηγὴν,

455 475 579 514 rum
604 458 756 521 dixit,
781 471 995 526 panem,
1021 457 1104 510 vel
1130 457 1382 526 lapidem,
1405 457 1488 510 vel
1515 457 1740 519 fontem,
1767 458 1847 512 vel
1873 471 2022 511 seen-

457 551 581 612 rim,
619 548 699 601 vel
734 548 929 612 lucern,
961 547 1042 600 vel
1073 558 1343 616 pastorem
1370 546 1682 600 Dominum.
1706 545 1845 612 Quid
1867 546 2031 616 igitur

458 637 625 692 David
655 645 708 691 et
741 637 808 692 de
835 651 944 706 quo
971 636 1121 700 dicit,
1181 636 1437 690 Dominus
1495 638 1667 706 pascit
1714 653 1792 690 me
1823 636 1901 703 ⁶¹;
1954 644 2028 698 et,

457 731 563 796 Qui
613 730 785 798 pascis
818 727 1025 794 Israel,
1053 729 1260 782 intende
1284 728 1366 781 "?
1386 736 1439 783 et
1469 727 1598 798 quid
1637 727 1816 782 dilTert
1846 737 2029 795 pasto-

459 839 567 876 rem
599 822 800 884 dicere,
835 823 916 876 vel
949 822 1270 890 quipascis?
1302 820 1388 885 Et,
1410 820 1561 890 Apud
1593 830 1638 875 te
1668 821 1785 890 fons
1813 823 1931 875 vita:
1963 822 2028 878 ⁸³.

458 912 630 982 Igitur
663 913 899 967 admittit
933 911 1220 966 Dominum
1252 912 1459 967 dictum
1519 928 1641 968 esse
1683 913 1906 968 fontem.
1944 911 2030 977 Et,

457 1003 712 1072 Lapidem
744 1020 895 1074 quem
923 1005 1330 1072 reprobavcrunt
1352 1003 1676 1073 mdiﬁcantes
1709 1004 1773 1056 “.
1795 1001 2033 1059 Joannes

356 1141 363 1148 .
460 1095 794 1167 [Matthzeus]
827 1104 1006 1150 autem
1041 1093 1251 1150 Domini
1307 1095 1564 1150 virtutem
1625 1095 1883 1150 vitiorum
1918 1109 2034 1149 am-

458 1188 804 1258 putatricem,
855 1185 1067 1242 securis
1122 1187 1342 1242 nomine
1387 1185 1724 1257 signiﬁcans,
1781 1187 1870 1242 ubi
1928 1189 2031 1243 ait:

460 1281 597 1335 Ecce
629 1279 825 1334 securis
850 1277 1017 1332 radici
1048 1277 1253 1332 arboris
1281 1278 1496 1332 admota
1514 1287 1591 1332 est
1619 1279 1665 1310 "
1691 1295 1706 1344 ;
1760 1295 1867 1334 non
1895 1279 2038 1333 locu-

459 1373 584 1442 ples
604 1380 657 1426 et
686 1372 789 1426 [ide
820 1371 1016 1441 dignus
1037 1371 1190 1426 testis
1219 1370 1490 1424 dictorum
1518 1370 1758 1426 videtur?
1775 1371 1951 1428 Moses
1980 1371 2036 1426 in

463 1467 584 1519 luce
622 1464 789 1517 Deum
813 1462 1074 1528 videns“,
1108 1459 1412 1516 etJoannes
1431 1476 1613 1516 veram
1647 1463 1823 1518 lucem
1848 1463 2039 1518 nenii-

461 1571 600 1610 nans
640 1555 716 1621 3";
768 1554 872 1608 hoc
896 1553 1086 1607 eodem
1131 1555 1293 1606 etiam
1351 1550 1552 1608 Paulus
1606 1554 1661 1607 in
1719 1554 1894 1624 prima
1945 1554 2036 1611 Dei

462 1647 800 1717 apparitione
832 1645 950 1699 luce
985 1644 1372 1707 circumfusus,
1397 1652 1451 1700 et
1477 1653 1666 1714 postea
1707 1647 1844 1702 lucis
1876 1663 2037 1704 voces

2133 457 2165 527 ἢ
2188 454 2398 524 ἀξίνην,
2427 453 2460 523 ἢ
2489 453 2626 522 φῶς,
2652 453 2685 522 ἢ
2719 449 2949 521 ποιμένα
2976 450 3066 503 τὸν
3093 449 3318 518 Κύριον.
3349 448 3415 500 Τί
3448 445 3544 500 οὖν
3563 449 3594 499 ὁ
3620 451 3725 499 Δα-

2133 546 2238 610 ϐἱδ,
2267 545 2362 597 καὶ
2384 544 2512 614 περὶ
2531 543 2676 605 τίνος
2703 542 2889 610 φησιν,
2921 540 3004 594 ὃτι
3035 539 3250 608 Κύριος
3279 541 3577 607 ποιμαίνει
3623 555 3721 606 με,

2135 636 2228 689 καὶ
2257 677 2270 700 ,
2323 637 2377 687 '0
2419 634 2747 703 ποιμαίνων
2787 631 3201 698 τὸνβΙο-ραὴλ,
3239 630 3540 698 πρόσχεςς
3580 632 3723 700 Ἀρι

2132 729 2185 780 τί
2231 726 2474 797 διαφέρει
2527 723 2781 793 ποιμένα
2825 725 3000 776 εἰπεῖν
3058 723 3094 794 ἣ
3125 723 3562 791 ποιμαίνων-τας
3606 725 3724 786 καὶ,

2135 817 2300 886 Παρὰ
2333 817 2432 870 σοὶ
2473 814 2634 884 πηγὴ
2666 812 2832 881 ζωῆς.
2871 814 3014 883 Ἀρα
3041 812 3253 882 δέχεται
3286 813 3348 865 τὸ
3371 812 3554 883 πηγὴν
3577 812 3726 883 εἰρῆ-

2137 907 2260 960 σθαι
2305 906 2397 960 τὸν
2423 905 2621 977 Κύριον
2644 922 2658 936 ⁸
2707 905 2823 972 καὶ,
2862 905 3043 959 Λίθον
3072 903 3144 957 ὃν
3172 902 3632 973 ἀπεδοκίμασαν
3672 906 3729 957 oi

2134 997 2611 1068 οἰκοδομοῦντες.
2652 997 2710 1050 '0
2733 996 2789 1050 δὲ
2824 996 3076 1066 Ἰωάννης
3100 994 3426 1068 [Ματθαῖος]
3455 994 3550 1067 τὴν
3572 997 3730 1054 ἀναι-

2137 1089 2358 1162 ρετικὴν
2385 1092 2484 1160 τῆς
2519 1088 2716 1151 κακίας
2741 1086 2972 1158 δύναμιν
3000 1086 3093 1140 τοῦ
3132 1087 3338 1157 Κυρίου
3371 1086 3451 1157 τῷ
3477 1091 3578 1158 τῆς
3606 1085 3728 1152 ἀξί-

2137 1199 2233 1253 νης
2255 1181 2623 1250 διασημαίνων
2647 1179 2894 1250 ὀνόματι,
2917 1181 2974 1233 ὲν
2997 1174 3079 1242 οἷς
3099 1195 3284 1248 φησιν,
3310 1179 3464 1248 Ἤδη
3488 1179 3524 1246 ἡ
3547 1179 3727 1247 ἀξίνη

2138 1271 2289 1340 πρὸς
2314 1273 2429 1339 τὴν
2459 1270 2632 1340 ῥίζαν
2661 1271 2780 1325 τῶν
2812 1271 3078 1340 δένδρων
3115 1271 3324 1333 κεῖται,
3374 1274 3474 1324 οὐκ
3515 1270 3729 1335 ἀξιόπι-

2139 1380 2260 1426 στος
2284 1362 2459 1434 τούτῳ
2487 1364 2700 1434 μάρτυς
2725 1362 2832 1415 τῶν
2858 1361 3161 1432 εἰρημένων
3185 1361 3364 1428 δοκεί;
3401 1362 3459 1415 '0
3488 1361 3546 1415 δὲ
3569 1363 3732 1415 Mur}—

2141 1455 2239 1526 σῆς
2283 1456 2340 1508 ὲν
2384 1455 2523 1522 φωτὶ
2571 1453 2664 1507 τὸν
2696 1453 2829 1506 Θεὸν
2885 1454 3117 1524 βλέπων,
3167 1454 3263 1506 καὶ
3304 1453 3558 1524 Ἰωάννης
3612 1454 3728 1520 φῶς

2139 1544 2391 1615 ἀληθινὸν
2432 1544 2715 1615 ὀνομάζων
2741 1562 2754 1576 ·
2790 1544 2867 1616 τῷ
2897 1545 2955 1598 δὲ
2989 1545 3138 1616 αύτῷ
3175 1545 3350 1615 τούτῳ
3398 1547 3490 1598 καὶ
3520 1543 3728 1610 Παῦλος

2141 1638 2198 1689 ἐν
2227 1639 2291 1708 τῇ
2326 1637 2518 1710 πρώτῃ
2557 1635 2848 1707 θεοφανείᾳ
2898 1635 3295 1707 περιλαμφθεὶς
3326 1635 3404 1705 τῷ
3442 1637 3605 1705 φωτὶ,
3634 1637 3729 1688 καὶ

461 1738 690 1792 audiens
729 1753 741 1788 :
775 1735 885 1806 Ego
935 1752 1049 1789 sum
1083 1733 1263 1798 Iesus,
1288 1734 1447 1804 qucm’
1483 1745 1538 1788 tu
1561 1739 1884 1807 persequeris
1936 1738 1979 1770 ⁸⁸
2021 1757 2034 1792 :

2144 1727 2283 1796 μετὰ
2311 1727 2484 1780 ταῦτα
2514 1727 2612 1792 τὰς
2647 1727 2740 1780 τοῦ
2777 1727 2953 1796 φωτὸς
2982 1728 3194 1782 ἁκούων
3235 1728 3438 1797 φωνὰς,
3468 1729 3552 1781 ὅτι
3588 1730 3731 1798 Ἐγὼ

465 1847 574 1885 non
604 1830 670 1884 ad
705 1829 1074 1884 testimonium
1120 1829 1347 1883 idoneus
1371 1829 1494 1882 est?
1534 1828 1607 1884 De
1640 1845 1778 1899 pane
1807 1845 1937 1885 vero
1961 1831 2037 1886 lec-

460 1930 552 1993 gat
588 1921 937 1991 Evangelium
977 1939 990 1974 :
1050 1919 1194 1989 quod
1226 1934 1256 1972 a
1298 1919 1446 1975 Mose
1473 1920 1630 1976 cibus
1661 1922 1751 1991 qui
1809 1921 1876 1977 de
1899 1924 2038 1978 cmlo

469 2016 738 2070 Israelitis
762 2012 1231 2082 suppeditabatur,
1254 2011 1307 2065 in
1338 2010 1549 2065 Domini
1575 2011 1799 2083 figuram
1825 2014 1893 2068 ab
1923 2016 2040 2085 ipso

458 2100 697 2160 Domino
753 2112 1158 2171 transsumptus
1212 2109 1311 2156 est.
1352 2101 1474 2155 Non
1502 2104 1638 2156 enin
1670 2101 1847 2158 Moses
1895 2106 2039 2160 vobis

463 2197 607 2250 dedit
635 2210 860 2262 panem;
891 2194 979 2248 sed
1020 2192 1184 2247 Pater
1213 2209 1355 2245 meus
1395 2192 1487 2245 dat
1515 2210 1702 2260 panem
1733 2211 1928 2262 verum,
1957 2211 2043 2252 se-

467 2290 644 2358 ipsum
671 2287 858 2341 dicens
879 2326 893 2350 ,
922 2286 1011 2355 qui
1044 2285 1106 2339 de
1135 2285 1263 2338 caelo
1305 2284 1593 2350 descendit,
1632 2294 1682 2338 et
1723 2287 1812 2355 qui
1846 2287 2042 2340 mundo

463 2385 556 2436 dat
589 2382 749 2435 vitam
777 2379 822 2411 “
858 2420 870 2432 .
928 2375 1033 2431 Sed
1070 2379 1338 2446 ingenuus
1398 2376 1529 2446 legis
1563 2375 1798 2439 auditor,
1833 2380 2038 2448 nullum

465 2476 600 2528 dicit
635 2475 714 2527 vel
740 2470 1110 2542 apostolorum
1143 2470 1224 2522 vel
1263 2468 1644 2537 prephelarum
1693 2468 1912 2524 Christo
1940 2470 2041 2523 im-

465 2568 716 2638 posuisse
775 2564 888 2617 ltaee
921 2562 1160 2616 nomina.
1212 2559 1352 2625 Quid
1389 2560 1553 2630 igitur
1597 2560 1742 2630 quod
1783 2559 2042 2631 deinceps

466 2653 750 2725 sequitur?
770 2653 832 2704 Et
855 2653 898 2705 si
924 2653 1037 2720 ipse
1061 2651 1300 2719 seipsum
1332 2648 1591 2704 Dominus
1621 2651 1702 2704 his
1728 2650 2042 2706 nominibus

466 2744 1143 2814 vocavit,quandoquidem
1167 2741 1235 2796 de
1257 2741 1572 2796 nominibus
1596 2741 1902 2797 Servatoris
1933 2757 2042 2798 non

465 2848 550 2893 est
584 2837 732 2891 aliud
791 2834 1007 2904 quidem
1065 2831 1321 2903 primum,
1357 2831 1501 2886 aliud
1546 2845 1672 2886 vero
1700 2833 2038 2902 secundum;

469 2944 644 2998 neque
676 2925 934 2981 subtilius
965 2923 1112 2976 aliud
1142 2923 1270 2985 alio,
1321 2937 1496 2992 neque
1539 2923 1885 2993 exquisitius,
1946 2926 2041 2981 sed

469 3017 631 3073 simul
658 3015 840 3070 omnia
905 3021 959 3066 et
990 3027 1114 3066 cum
1161 3011 1354 3081 aequali
1389 3013 1691 3067 subtilitate
1718 3016 2039 3084 cognoscit:
2069 3049 2112 3107 ο

468 3109 662 3161 horum
690 3105 967 3159 nominum
998 3104 1131 3157 nulli
1154 3105 1556 3158 accommodari
1596 3113 1792 3173 potest,
1827 3123 1948 3177 quae
1975 3107 2044 3163 de

469 3197 927 3255 cenunentatione
954 3195 1164 3251 reddita
1184 3203 1270 3251 est
1297 3197 1365 3251 ab
1399 3196 1518 3266 ipso
1538 3197 1799 3253 deﬁnitio.

540 3487 737 3542 Multas
769 3503 832 3542 ex
868 3487 987 3556 ejus
1031 3496 1282 3542 sermone
1313 3496 1488 3552 nugas
1521 3481 1781 3548 exhausi;
1832 3483 1926 3540 sed
1969 3485 2042 3541 le-

469 3586 654 3633 ctores
683 3593 875 3647 precor
909 3578 1120 3631 veniam
1150 3576 1302 3638 dare,
1339 3575 1385 3629 si
1418 3589 1594 3643 neque
1620 3589 1683 3629 ea
1713 3591 1833 3645 qua:
1858 3589 2044 3647 aperte

470 3684 611 3723 vana
665 3676 795 3722 sunt
835 3668 1171 3737 inexplorata
1222 3666 1582 3736 praeterimus,
1625 3682 1734 3722 non
1786 3677 1844 3723 ιιι
1882 3669 2044 3726 dede-

469 3773 599 3812 core
631 3756 793 3824 hujus
834 3756 1120 3824 scriptoris
1153 3764 1207 3810 et
1238 3756 1577 3826 impudentia
1613 3758 1850 3814 nitentes
1890 3760 2044 3814 eahi-

470 3848 805 3902 larescamus
861 3845 1025 3917 (quid
1077 3847 1220 3900 enim
1261 3847 1400 3900 lucri
1455 3846 1611 3902 nobis
1653 3847 1808 3902 alfert
1863 3849 2040 3920 palam

469 3936 798 4004 reprehensa
853 3935 1298 3989 adversariorum
1356 3937 1652 4006 amentia?)
1701 3937 1796 3991 sed
1853 3945 1910 3990 ut
1955 3939 2041 3993 via

468 4027 730 4100 procedat
783 4041 874 4097 per
917 4027 1100 4080 omnia
1143 4026 1382 4094 seipsam
1433 4027 1768 4082 conﬁrmans
1816 4029 2038 4084 veritas.

469 4122 754 4188 Quoniam,
807 4120 1007 4188 inquit,
1065 4115 1165 4170 sibi
1208 4115 1308 4184 ipsi
1363 4117 1458 4171 Itas
1503 4117 1762 4172 Dominus
1806 4116 2043 4190 appella-

467 4217 633 4268 tiones
667 4212 926 4274 attribuit,
969 4226 1129 4280 neque
1167 4209 1294 4280 quid
1334 4210 1567 4279 primum
1597 4209 1916 4281 intelligens,
1946 4229 2044 4284 ne-

464 4323 562 4376 que
593 4304 902 4368 secundum,
937 4317 1097 4372 neque
1123 4301 1394 4365 subtilius,
1429 4318 1591 4370 neque
1618 4303 1893 4369 exactius;
1937 4320 2040 4359 non

2155 1816 2406 1884 Ἰησοῦς,
2446 1815 2519 1870 ὃν
2545 1817 2626 1871 σὺ
2659 1817 2894 1883 διώκεις
2914 1835 2926 1848 ·
2952 1820 3048 1888 οὐχ
3083 1819 3264 1882 ἱκανὸς
3295 1820 3403 1889 ἄρα
3430 1820 3568 1889 πρὸς
3597 1837 3731 1889 μαρ-

2139 1907 2331 1977 τυρίαν
2373 1909 2525 1974 ὲστί;
2562 1909 2696 1980 Περὶ
2723 1909 2779 1962 δὲ
2806 1909 2899 1962 τοῦ
2933 1909 3097 1980 ἄρτου
3137 1910 3436 1978 ἀναγνώτω
3467 1910 3530 1962 τὸ
3552 1911 3723 1977 Εὐαγ-

2139 1997 2316 2066 γὲλιον
2336 2017 2349 2030 ο
2379 2001 2461 2054 ὅτι
2490 2001 2521 2071 ἡ
2561 2001 2712 2071 παρὰ
2733 2000 2828 2054 τοῦ
2855 2001 3130 2064 Μωῦσέως
3154 2002 3353 2073 τροφὴ,
3375 2005 3408 2072 ἡ
3436 2003 3730 2074 οὐρανόθεν

2141 2091 2219 2161 τῷ
2265 2091 2478 2162 Ἰσραὴλ
2518 2093 2916 2163 χορηγουμένη,
2951 2095 3030 2156 είς
3062 2093 3151 2147 τὸν
3194 2091 3286 2147 τοῦ
3319 2095 3526 2164 Κυρίου
3560 2095 3732 2149 τύπον

2143 2181 2233 2232 ὑπ’
2259 2182 2423 2234 αὑτοῦ
2449 2182 2538 2234 τοῦ
2565 2183 2770 2252 Κυρίου
2799 2183 3158 2253 μετείληπται
3176 2200 3190 2216 ο
3226 2186 3307 2238 Οὐ
3330 2185 3438 2253 γὰρ
3468 2184 3731 2252 Μωῦσῆς

2142 2273 2402 2328 δέδωκεν
2431 2275 2578 2344 ἡμῖν
2628 2276 2974 2345 τὸνλίρτον·
3011 2278 3150 2331 ἀλλ’
3180 2281 3212 2332 ὀ
3261 2277 3462 2346 Πατήρ
3493 2297 3617 2347 μου
3642 2279 3730 2331 δί-

2145 2363 2294 2418 δωσι
2339 2366 2448 2419 τὸν
2475 2365 2656 2433 ἄρτον
2684 2365 2790 2419 τὸν
2835 2366 3346 2436 ἀληθινὸν-,ἑαυτὸν
3374 2367 3572 2434 λέγων,
3628 2369 3732 2422 τὸν

2142 2456 2212 2510 ἐκ
2241 2456 2346 2510 τοῦ
2391 2458 2650 2524 οὐρανοῦ
2684 2458 3039 2524 καταϐάντα,
3083 2459 3182 2513 καὶ
3208 2460 3360 2528 ζὶυὴν
3378 2460 3626 2514 διδόντα
3655 2461 3732 2526 τῷ

2143 2550 2367 2618 κόσμῳ.
2419 2549 2562 2602 Ἀλλ’
2597 2551 2625 2601 ὁ
2651 2551 2870 2620 γνήσιος
2895 2550 3168 2621 ἀκροατὴς
3197 2551 3293 2604 τοῦ
3315 2553 3480 2622 νόμου
3527 2553 3731 2624 μηδένα

2145 2640 2280 2709 φησὶ
2317 2639 2426 2694 τῶν
2461 2641 2753 2712 προφητῶν
2785 2642 2816 2712 ἢ
2853 2642 2960 2694 τῶν
3000 2643 3311 2696 ἀποστόλων
3348 2643 3519 2697 ταῦτα
3553 2647 3733 2698 ἐπιτε·

2145 2729 2384 2783 θεικέναι
2409 2729 2488 2800 τῷ
2518 2729 2739 2802 Χριστῷ
2764 2732 2834 2784 τὰ
2881 2731 3138 2802 ὀνόματα.
3175 2735 3239 2787 Τί
3269 2731 3362 2787 οὖν
3402 2736 3460 2789 τὸ
3496 2735 3730 2807 ὲφεξῆςς

2146 2822 2209 2875 Εἰ
2238 2821 2400 2885 αὐτὸς
2441 2823 2631 2876 ἑαυτὸν
2670 2822 2879 2888 τούτοις
2906 2825 3160 2895 ὠνόμασε
3185 2825 3389 2897 Κύριος
3413 2845 3424 2859 ·
3451 2829 3641 2899 ὲπε.δή
3669 2847 3733 2897 γε

2145 2913 2253 2966 τῶν
2277 2913 2370 2967 τοῦ
2395 2914 2646 2986 Σωτῆρος
2673 2913 2974 2986 ὀνομάτων,
3008 2918 3108 2970 ούκ
3135 2917 3251 2972 ἔστι
3279 2919 3340 2971 τὸ
3367 2919 3465 2990 μὲν
3493 2922 3730 2991 πρῶτον,

2146 3001 2206 3055 τὸ
2236 3002 2293 3055 δὲ
2334 3003 2607 3074 δεύτερον,
2637 3002 2759 3056 οὔτε
2799 3003 3120 3076 λεπτότερον
3176 3006 3362 3078 ἕτερον
3399 3008 3495 3062 τοῦ
3541 3011 3731 3080 ἐτέρου

2147 3099 2239 3149 καὶ
2267 3096 2654 3168 ἀκριϐέστερον
2672 3113 2684 3124 ’
2716 3095 2852 3167 ὁμοῦ
2875 3098 2943 3150 τὰ
2968 3099 3166 3162 πάντα,
3197 3101 3292 3153 καὶ
3322 3101 3459 3170 μετὰ
3485 3102 3586 3172 τῆς
3611 3103 3734 3174 ἴσης

2144 3187 2434 3259 ἀκριὸείας
2464 3186 2845 3256 γινώσκοντος,
2887 3190 3008 3244 οὐδὲ
3052 3191 3257 3245 τούτων
3285 3193 3460 3247 οὐδενὶ
3507 3195 3731 3248 δυνατὸν

2147 3279 2485 3350 συναρμόσαι
2527 3281 2619 3334 τὸν
2669 3283 2797 3353 περὶ
2843 3282 2942 3354 τῆς
2993 3283 3234 3347 ἐπινοίας
3288 3285 3440 3356 αὐτῷ
3490 3286 3731 3358 ρηθέντα

2145 3370 2320 3440 λόγον.

2215 3485 2389 3538 Πολὺν
2447 3486 2758 3558 ὲπήντλησα
2813 3486 2888 3558 τῷ
2938 3487 3081 3559 λόγῳ
3133 3490 3225 3542 τὸν
3273 3489 3481 3543 ἐκεῖθεν
3537 3491 3726 3562 λῆρον·

2145 3577 2280 3631 ἀλλὰ
2331 3578 2701 3650 παραιτοῦμαι
2755 3581 2880 3644 τοὺς
2932 3581 3356 3651 ἐντυγχάνοντας
3399 3584 3731 3655 συγγνώμην

2144 3668 2306 3740 ἔχειν,
2343 3672 2389 3722 εί
2427 3671 2558 3741 μηδὲ
2601 3670 2668 3724 τὰ
2704 3672 2943 3742 πρόδηλα
2977 3672 3082 3728 τῶν
3113 3677 3356 3746 ματαίων
3386 3679 3728 3750 περιορῶμεν

2144 3761 2507 3832 άκατανόητα,
2540 3762 2638 3831 οὐχ
2667 3762 2741 3825 ὡς
2770 3765 3258 3836 ὲμφαιδρυνόμενοι
3283 3771 3347 3839 τῇ
3376 3771 3728 3842 ἀσχημοσύνη

2142 3852 2235 3904 τοῦ
2271 3851 2608 3922 λογογράφου
2643 3853 2715 3922 (τί
2755 3854 2862 3926 γὰρ
2898 3856 3052 3926 φέρει
3100 3859 3287 3928 κέρδος
3333 3863 3465 3931 ἡμῖν
3517 3865 3729 3934 ἐλεγχο-

2147 3943 2282 4013 μένη
2307 3943 2412 3996 τῶν
2439 3943 2694 3997 ἐναντίων
2723 3947 2754 4015 ἡ
2789 3945 2943 4000 ἄνοια
2965 3946 3028 4017 ;),
3067 3949 3183 4002 ἀλλ’
3208 3951 3282 4013 ὡς
3313 3952 3379 4005 ἂν
3417 3955 3524 4025 ὁδῷ
3555 3959 3728 4028 προῖοι

2148 4033 2452 4087 συνιστῶσα
2479 4035 2545 4088 δι’
2581 4037 2834 4090 ἁπάντων
2869 4039 3066 4110 ἑαυτὴν
3109 4043 3141 4112 ἡ
3179 4042 3425 4113 ἀλήθεια.
3477 4047 3726 4115 Ἐπειδὴ,

2144 4126 2331 4194 φησιν,
2358 4125 2548 4191 ἑαυτῷ
2585 4129 2804 4195 ταύτας
2829 4131 3166 4200 προσέθηκε
3191 4134 3295 4202 τὰς
3331 4142 3730 4209 προσηεπμριάς

2144 4218 2178 4269 ό
2207 4217 2438 4286 Κύριος,
2476 4217 2613 4272 οὔτε
2641 4237 2694 4273 τι
2726 4220 2961 4288 πρῶτον
2987 4224 3232 4291 ἐννοῶν,
3259 4230 3398 4283 οὔτε
3431 4230 3724 4302 δεύτερον,

2145 4307 2282 4362 οὔτε
2319 4311 2683 4379 λεπτότερον
2736 4314 2774 4381 ἢ
2823 4314 3261 4386 ἀκριϐέστερον,
3292 4323 3403 4375 οὐκ
3461 4325 3634 4378 ἐστιν
3664 4327 3729 4388 ἐξ

467 4396 590 4450 licet
635 4395 745 4447 Ita'c
798 4394 1015 4446 nomina
1055 4408 1170 4446 esse
1223 4409 1255 4445 a
1299 4393 1737 4447 commentatione
1786 4411 2036 4449 asserere.

2145 4398 2413 4464 ἐπινοίας
2471 4398 2622 4454 εἶναι
2679 4405 2865 4460 ταῦτα
2915 4408 3105 4462 εἰπεῖν
3155 4411 3228 4465 τὰ
3277 4414 3561 4483 ὀνόματα.
3612 4419 3729 4480 Πῶς

467 4487 750 4554 Quomodo
802 4486 1052 4540 meminit
1099 4485 1184 4540 sui
1240 4483 1426 4558 scopi?
1479 4485 1752 4554 quomodo
1797 4489 2038 4544 rationes

469 4577 670 4647 quibus
704 4575 900 4630 bellum
933 4575 1190 4640 instituit,
1221 4572 1631 4627 novit?llorum
1662 4574 1896 4644 alicujus
1919 4593 2040 4645 qua:

469 4668 526 4722 in
585 4665 1037 4722 consuetudinem
1100 4665 1338 4731 cadunt,
1413 4664 1480 4718 ad
1535 4666 2038 4736 interpretationem

467 4756 567 4826 τῆς
587 4755 826 4818 ἐπινοίας
857 4755 1112 4826 magister
1141 4761 1327 4809 noster
1358 4755 1686 4808 mentionem
1725 4753 1950 4823 fecerat,
1984 4766 2040 4812 et

470 4847 525 4900 in
561 4846 822 4913 exemplis
865 4845 1257 4916 posterioribus
1309 4852 1547 4900 mentem
1592 4847 1872 4916 explicans
1898 4891 1912 4915 ,
1958 4849 2038 4903 sic

471 4935 744 4992 sermonis
772 4937 1286 5004 contemplationem
1332 4935 1397 4990 ad
1443 4937 1726 5006 superiora
1769 4940 2036 5008 provehit.

471 5026 618 5080 Dixit.
651 5024 796 5079 enim
825 5027 968 5093 quod
1006 5026 1109 5080 hoc
1143 5042 1340 5081 nomen
1377 5028 1520 5090 σῖτος
1542 5027 1648 5098 per
1675 5045 1735 5084 se
1765 5046 1868 5084 una
1900 5043 2040 5102 quae-

467 5119 590 5173 dam
629 5133 717 5174 res
751 5117 1050 5171 scentulum
1083 5118 1498 5172 subsistentiam
1533 5129 1781 5190 apparet,
1830 5123 1926 5177 sed
1971 5125 2039 5179 ad

465 5211 646 5265 varias
699 5208 1083 5279 prOprletates,
1135 5222 1255 5276 quat
1310 5208 1364 5261 in
1417 5210 1538 5279 ipso
1591 5212 2037 5280 considerantur,

464 5302 719 5357 immutat
737 5300 1156 5373 appellationes,
1180 5299 1309 5353 dum
1334 5298 1394 5352 lit
1413 5309 1468 5353 et
1495 5315 1703 5366 semen,
1727 5311 1781 5358 et
1802 5303 2036 5372 fructus,

461 5402 516 5446 et
551 5395 726 5456 cibus,
774 5402 829 5448 et
873 5405 1213 5463 quaecunque
1265 5389 1347 5454 ﬁt,
1401 5389 1626 5447 totidem
1672 5396 1986 5454 nominatur
2022 5388 2066 5456 ε’

2153 4491 2423 4559 μέμνηται
2453 4491 2546 4544 τοῦ
2594 4495 2723 4547 ἰδίου
2769 4499 3005 4565 σκοποῦ;
3045 4502 3170 4565 Πῶς
3219 4500 3327 4558 οἶδε
3375 4508 3502 4570 τοὺς
3551 4508 3729 4577 λόγους

2149 4583 2269 4636 καθ’
2319 4579 2393 4636 ὧν
2436 4583 2526 4636 τὸν
2573 4585 2805 4657 πόλεμον
2865 4590 3226 4662 ὲνεστήσατο;
3267 4595 3544 4671 Ἐμνήσθη
3596 4602 3730 4663 czvb;

2148 4671 2258 4725 τῶν
2304 4673 2663 4743 ἐντρεχόντων
2708 4679 2772 4746 τῇ
2824 4679 3080 4751 συνηθείᾳ
3126 4682 3262 4754 πρὸς
3299 4685 3400 4756 τὴν
3443 4689 3730 4760 ἑρμηνείαν

2148 4764 2246 4835 τῆς
2273 4765 2510 4829 ἐπινοίας
2549 4768 2578 4818 ὁ
2609 4766 2930 4839 καθηγητὴς
2971 4771 2998 4822 ό
3044 4772 3329 4844 ἡμέτερος,
3381 4778 3479 4832 καὶ
3528 4780 3584 4832 ἐν
3626 4783 3731 4842 τοῖς

2151 4857 2478 4926 κατωτέροις
2513 4857 2622 4910 τῶν
2661 4859 3068 4930 ὑποδειγμάτων
3097 4865 3188 4919 τὸν
3217 4867 3340 4919 νοῦν
3371 4870 3730 4943 διασαφήσας,

2149 4945 2320 5009 οὕτως
2353 4944 2674 5016 προϐιὸἀζει
2715 4949 2826 5010 τοῖς
2871 4949 2984 5003 ἄνω
3011 4950 3105 5021 τὴν
3136 4952 3366 5024 Θεωρίαν
3410 4956 3506 5008 τοῦ
3556 4957 3728 5025 λόγου.

2151 5033 2286 5090 Εῖπε
2313 5035 2422 5108 γὰρ
2450 5037 2532 5089 ὅτι
2559 5037 2681 5090 καθ’
2707 5039 2893 5092 ἑαυτὸν
2921 5042 2948 5092 ὁ
2980 5044 3124 5105 σῖτος
3157 5043 3214 5097 ἓν
3248 5062 3298 5097 τι
3331 5049 3563 5117 πρᾶγμα
3599 5051 3733 5102 κατὰ

2150 5127 2248 5199 τὴν
2273 5129 2568 5180 ὑπόστασιν
2597 5128 2877 5196 φαίνεται·
2909 5131 3044 5202 πρὸς
3081 5133 3136 5185 δὲ
3183 5134 3280 5198 τὰς
3327 5137 3731 5211 ὲττιθεωρονμὲ-

2150 5238 2246 5284 νας
2274 5219 2420 5290 αὐτῷ
2446 5219 2693 5283 ποικίλας
2717 5220 2999 5291 ἰδιότητας,
3023 5223 3338 5289 ἐξαλλάσσει
3368 5230 3468 5294 τὰς
3495 5232 3730 5302 κλήσεις,

2151 5313 2244 5365 καὶ
2283 5311 2482 5381 σπόρος
2515 5311 2814 5380 γινόμενος,
2854 5313 2946 5365 καὶ
2997 5316 3226 5385 καρπὸς,
3269 5319 3361 5371 καὶ
3409 5324 3607 5392 τροφὴ,
3643 5323 3731 5374 καὶ

2145 5404 2246 5457 ὅσα
2292 5403 2522 5472 γίνεται,
2573 5401 2809 5457 τοσαῦτα
2859 5403 3274 5477 ὀνομαζόμενος.
3332 5411 3733 5483 Παραπλησίως

539 5566 929 5652 "ETW-.515!"
969 5570 1018 5652 l-
1095 5571 1140 5602 "
1181 5570 1600 5652 PS=tJ_I—W_~V.‘~'_-
1680 5575 1726 5606 “
1766 5574 1913 5652 Psal-
1955 5597 2039 5652 ψ

2148 5582 2232 5635 -10,
2312 5581 2354 5613 ⁶⁵
2389 5581 2511 5637 Psal
2547 5599 2718 5649 cxvu,
2743 5586 2851 5652 ‘22;
2888 5586 3080 5642 Matth.
3118 5608 3232 5652 ut.
3267 5595 3356 5651 42.
3438 5598 3483 5630 ⁸³
3515 5597 3706 5652 Matth.

472 5649 558 5697 tu,
595 5637 680 5690 l0.
759 5637 805 5669 ⁸⁸
838 5641 1006 5694 Exod.
1053 5657 1240 5705 xxxm,
1271 5645 1359 5698 9.5.
1440 5637 1517 5678 στί
1558 5645 1715 5702 Joan.
1770 5663 1806 5710 ι,
1840 5646 1892 5701 9.
1972 5651 2016 5683 εδ

2143 5693 2168 5706 ι.
2207 5669 2278 5718 ix,
2445 5653 2488 5684 ε’
2521 5652 2679 5710 Joau.
2706 5637 2782 5725 'w,
2815 5637 2882 5714 ἐξ
2914 5674 3034 5729 sqq.
3120 5637 3232 5661 mu,
