4056 6146
392 289 534 343 1029

1485 283 1762 339 CONTRA
1793 279 2179 346 EUNOMIUM,
2214 281 2339 336 LIB.
2376 282 2479 336 ΧΗ.

3515 293 3649 348 1050

388 407 640 477 δέ,ιρησὶ,
677 405 769 458 καὶ
796 406 823 458 ό
851 405 1073 476 Κύριοςο
1102 403 1214 457 ἔστι
1251 404 1345 474 μέν
1374 403 1493 457 καθ’
1516 404 1702 456 ἐαυτὸν
1727 404 1755 455 6
1778 401 1826 453 τί
1851 415 1974 452 ποτε

2080 399 2352 464 similiter,
2411 402 2605 471 inquit,
2648 402 2811 457 etiam
2863 402 3166 474 Dominus;
3223 395 3309 462 est
3359 410 3503 463 enim
3562 429 3650 467 se-

391 498 533 552 xaw‘t
555 499 652 568 τὴν
674 497 834 566 φύσιν
860 497 1002 550 ἔστί·
1032 499 1148 560 ταῖς
1169 497 1225 548 δέ
1250 495 1354 549 τῶν
1380 494 1668 566 ἐνεργειῶν
1695 494 1976 562 διαφοραῖς

391 587 905 658 συνονομαζὸμενος,
935 588 995 639 οὐ
1042 588 1169 656 μίαν
1215 587 1308 640 ἐπὶ
1357 587 1573 640 πάντων
1624 586 1763 655 ἴσχει
1811 599 1978 654 προσ-

388 680 618 750 ηγορίαν
638 697 650 708 ”
685 679 818 731 ἀλλὰ
847 678 968 731 καθ’
993 678 1227 748 ἑκάστην
1257 677 1460 730 ἔννοιαν
1485 677 1582 749 τὴν
1613 677 1672 740 ἐξ
1697 675 1975 746 ἐνεργείας

388 771 744 841 ἐγγινομένην
796 772 930 841 ἡμῖν
980 770 1382 840 μεταλαμϐάνει
1428 768 1486 821 τὸ
1539 767 1726 837 ὄνομα.
1773 767 1836 819 Τί
1882 763 1975 820 οὖν

388 865 417 915 6
447 863 599 930 λόγος
630 861 785 932 ἡμῶν
829 862 916 914 διὰ
964 863 1070 914 τῶν
1120 863 1422 933 εἰρημένων
1453 861 1761 930 ὲ).έγχεται;
1810 861 1866 912 Ὁ
1900 862 1975 912 εί-

389 953 504 1005 πὼν
531 952 753 1006 δυνατὸν
782 948 920 1005 εἶναι
945 953 1144 1016 πολλὰς
1171 942 1573 1023 ἐφαρμόζεσθαι
1607 953 1975 1024 προσηγορίας

387 1044 526 1096 κατὰ
560 1044 658 1106 τὰς
685 1044 792 1096 τῶν
821 1045 1109 1113 ἐνεργειῶν
1151 1045 1433 1116 διαφορὰς,
1467 1047 1561 1098 καὶ
1605 1045 1702 1115 τὴν
1735 1045 1870 1116 πρὸς
1907 1043 1974 1097 τὰ

387 1135 752 1206 ἐνεργούμενα
797 1135 998 1207 σχέσιν,
1046 1136 1126 1189 ἐνὶ
1180 1136 1317 1189 κατὰ
1362 1137 1421 1189 τὺ
1469 1137 1823 1207 ὑποκείμενον
1860 1136 1972 1189 ὄντι

387 1225 466 1295 τῷ
494 1225 610 1294 Υἱῷ
635 1225 728 1278 τοῦ
760 1225 894 1278 Θεοῦ
913 1242 926 1255 ·
955 1225 1029 1288 ὡς
1056 1227 1147 1279 καὶ
1179 1229 1208 1280 6
1235 1229 1376 1291 σῖτος
1416 1222 1494 1290 εἷς
1519 1225 1593 1280 ὢν
1629 1229 1692 1280 ἐκ
1724 1226 1830 1280 τῶν
1864 1244 1975 1280 ποι-

390 1316 556 1368 κίλων
607 1316 732 1384 περὶ
778 1316 940 1368 αὑτοῦ
982 1317 1289 1387 νοημάτων,
1327 1318 1602 1390 διαφόροις
1639 1319 1972 1389 ἐπωνυμίαις

393 1407 789 1477 ἐπιμερίζεται.
835 1407 958 1471 Πῶς
1007 1403 1099 1461 οὖν
1150 1410 1440 1480 ἀνατρέπει
1494 1409 1563 1464 τὰ
1617 1411 1902 1482 εἰρημένα,
1945 1413 1974 1464 6

391 1496 565 1566 λέγων
602 1500 726 1568 περὶ¹
777 1498 966 1552 ἑαυτοῦ
1013 1495 1184 1552 ταῦτα
1228 1501 1318 1554 τὸν
1349 1500 1582 1571 Χριστὸν
1627 1502 1696 1555 τὰ
1736 1502 1975 1573 ὀνόματα

390 1588 596 1656 λέγεινς
624 1590 697 1642 Οὐ
728 1590 836 1660 γὰρ
871 1591 1018 1664 ὅστις
1052 1592 1081 1644 6
1116 1593 1506 1662 κατονομάσας,
1553 1593 1614 1647 τὸ
1647 1592 1974 1664 ζητούμενον

390 1673 480 1748 ἧν,
506 1679 639 1732 ἀλλὰ
677 1676 823 1750 περι
849 1660 962 1746 τῆς.
992 1679 1098 1733 τῶν
1139 1660 1416 1752 ὀνομάτων
1452 1685 1654 1747 ἐννοίας
1774 1660 1972 1754 θεωρία

391 1770 674 1842 προέκειτο
694 1790 705 1801 ο
734 1773 961 1840 πότερον
995 1775 1154 1843 φύσιν
1187 1777 1533 1836 ἐνδείκνυται,
1560 1777 1592 1847 ἢ
1619 1777 1972 1849 ἐπινοητικῶς

389 1863 455 1914 ἐκ
487 1862 594 1916 τῶν
645 1865 933 1934 ἐνεργειῶν
971 1867 1312 1936 ὀνομάζεται.
1359 1868 1495 1920 Ἀλλ’
1529 1872 1558 1923 6
1587 1869 1782 1942 δριμὺς
1823 1866 1974 1935 οὗτος

391 1953 487 2007 καὶ
527 1953 847 2025 ἀμφιλαφὴς
896 1957 994 2026 τὴν
1048 1956 1305 2022 διάνοιαν,
1337 1959 1657 2030 ἀνατρέπων
1700 1961 1791 2014 τὸν
1839 1963 1973 2016 ἀπο-

391 2043 612 2098 δοθέντα
641 2047 767 2115 περὶ
796 2046 896 2116 τῆς
926 2048 1166 2111 ἐπινοίας
1203 2049 1380 2118 λόγον,
1413 2050 1504 2103 τὸν
1550 2052 1788 2116 εἰπόντα,
1821 2053 1976 2106 δυνα-

390 2137 480 2189 τὸν
511 2132 645 2190 εἶναι
676 2138 755 2190 ἐνὶ
787 2138 863 2209 τῷ
891 2140 1232 2211 ὑποκειμένῳ
1279 2142 1478 2206 πολλὰς
1525 2144 1762 2215 ἐξευρεῖν
1808 2163 1978 2217 προσ-

391 2231 636 2301 ηγορίας,
688 2232 827 2284 κατὰ
869 2233 968 2295 τὰς
1015 2233 1121 2286 τῶν
1159 2235 1446 2305 ἐνεργειῶν
1499 2237 1790 2306 σημασίας,
1830 2239 1976 2309 ἰσχυ-

397 2319 506 2389 ρῶς
545 2321 804 2390 κέχρηται
848 2321 968 2374 καθ’
998 2323 1153 2392 ἡμῶν
1202 2327 1266 2394 τῇ
1319 2324 1490 2398 μάχῃ,
1537 2326 1708 2394 λέγων
1740 2328 1812 2398 μὴ
1844 2328 1974 2400 παρ’

395 2411 584 2481 ἐτέρου
617 2412 756 2475 τινὸς
792 2412 1062 2466 τεθεῖσθαι
1091 2413 1168 2484 τῷ
1201 2416 1391 2486 Κυρίῳ
1431 2416 1528 2479 τὰς
1573 2417 1824 2481 τοιαύτας
1859 2436 1974 2487 (ρω-

394 2503 510 2565 νάς.
545 2503 608 2555 Τί
646 2498 738 2557 οὖν
767 2504 940 2558 ταῦτα
974 2507 1110 2577 πρὸς
1152 2507 1249 2576 τὴν
1297 2509 1662 2579 προκειμένην
1708 2511 1971 2582 σπουδήν;

529 2595 712 2666 ἐπειδὴ
765 2596 914 2668 παρὰ
962 2596 1056 2650 τοῦ
1102 2600 1306 2670 Κυρίου
1347 2599 1416 2653 τὰ
1456 2601 1690 2671 ὀνόματα
1736 2602 1972 2671 λέγεται,

393 2686 515 2739 οὐδὲ
546 2687 784 2756 ὀνόματα
815 2689 972 2742 δώσει
1000 2689 1172 2744 ταῦτα
1220 2689 1380 2754 εἶναι,
1417 2691 1538 2746 οὕτε
1572 2696 1972 2766 προσηγορίας,

393 2778 516 2831 ούδέ
545 2781 724 2848 φωνὰς
769 2783 1051 2852 νοημάτων
1103 2785 1475 2853 σημαντικὰς;
1510 2785 1569 2838 Εἰ
1618 2787 1714 2856 μέν
1759 2786 1866 2858 γὰρ
1912 2767 1973 2838 ο’ύ

393 2869 607 2940 δέχεται
636 2871 695 2924 τὸ
720 2867 856 2925 εἶναι
883 2871 1054 2926 ταῦτα
1074 2873 1332 2942 ὀνόματα,
1361 2877 1426 2945 τῇ
1467 2875 1572 2928 τῶν
1599 2875 1974 2947 προσηγοριῶν

395 2961 674 3032 ἀναιρέσει
697 2963 842 3034 καὶὴ
870 2965 1080 3018 ἐπίνοια
1114 2964 1496 3036 συνανῄρηται.
1529 2965 1590 3018 Et
1619 2966 1674 3018 δέ
1698 2968 1796 3019 οὐκ
1827 2968 1974 3020 ἀντι-

2079 493 2317 548 cundum
2367 495 2607 564 seipsum
2657 495 3022 566 quodcunque
3055 498 3272 552 tandem
3315 511 3399 555 est
3454 518 3654 557 secun-

2078 585 2206 639 dum
2255 594 2540 651 naturam;
2575 591 2954 658 operationum
2986 607 3120 645 vero
3170 592 3496 649 differentiis
3525 575 3648 650 cum

2078 679 2414 743 nominatur,
2452 695 2565 735 non
2599 696 2759 733 unam
2809 681 2861 734 in
2889 681 3144 737 omnibus
3172 684 3374 737 retinet
3409 688 3650 756 appella-

2079 769 2300 825 tionem.
2355 769 2447 823 scd
2481 771 2782 826 secundum
2833 787 3104 841 quamque
3141 775 3389 828 notitiam
3421 793 3541 845 qua:
3585 793 3650 830 ex

2076 860 2399 929 operatione
2438 860 2598 915 nobis
2631 861 3000 930 ingeneratur,
3055 879 3251 918 nomen
3289 866 3541 920 assumit.
3591 866 3650 920 lu

2075 965 2185 1019 quo
2217 949 2386 1022 igitur
2437 951 2576 1005 ratio
2611 961 2797 1007 nostra
2831 971 2926 1023 per
2978 969 3040 1010 ea
3098 972 3218 1026 quae
3247 958 3315 1012 ab
3356 959 3476 1028 ipso
3503 960 3649 1013 dit-ta

2075 1044 2224 1100 sunt,
2266 1038 2663 1108 ,redarguitur?
2689 1042 2795 1106 .Qui
2832 1042 2970 1097 dixit
3018 1044 3130 1099 ﬁeri
3177 1061 3338 1115 posse
3371 1056 3428 1100 ut
3469 1049 3651 1102 multae

2073 1129 2469 1199 appellationes
2518 1133 2819 1187 secundu‘m
2865 1137 3245 1205 operationum
3287 1137 3646 1204 differentias,

2075 1229 2128 1276 et
2161 1222 2484 1278 relationem
2518 1223 2584 1277 ad
2611 1238 2673 1276 ea
2704 1239 2825 1295 quae
2859 1214 2932 1279 ex
2965 1217 3283 1296 operatione
3319 1228 3473 1297 tiunt,
3509 1245 3649 1284 con-

2074 1323 2276 1384 gruant
2313 1315 2403 1370 uni
2435 1317 2736 1372 secundmu
2767 1317 3076 1388 subjectum
3109 1322 3394 1377 exsistenti
3441 1322 3532 1377 Dei
3561 1323 3650 1378 Fi-

2075 1407 2170 1471 lio,
2221 1409 2366 1463 sicut
2418 1423 2617 1463 nomen
2652 1412 2796 1474 σῖτος
2839 1424 2964 1466 cum
3014 1412 3087 1466 sit
3134 1428 3322 1480 unum,
3381 1430 3446 1468 ex
3483 1415 3649 1470 variis

2075 1499 2392 1554 notionibus
2453 1516 2574 1570 quae
2622 1501 2690 1555 de
2749 1501 2867 1570 ipso
2920 1502 3264 1567 formantur,
3329 1505 3382 1557 in
3433 1504 3650 1560 din-rsa

2075 1591 2296 1644 nomina
2335 1591 2616 1646 dividitur.
2655 1591 2942 1658 Quomodo
2992 1593 3161 1663 igitur
3192 1611 3312 1664 qum
3342 1596 3487 1650 dicta
3521 1608 3651 1652 sunt

2076 1682 2289 1745 evertit,
2329 1684 2422 1751 qui
2467 1684 2542 1736 ait
2588 1683 2655 1738 de
2699 1686 2880 1754 seipso
2933 1685 3047 1739 hare
3093 1686 3371 1740 Christum
3426 1690 3649 1742 nomina

2076 1773 2297 1828 dicere?
2324 1771 2443 1829 Non
2467 1776 2610 1829 enim
2640 1776 2764 1846 quis
2793 1776 2885 1831 ille
2915 1787 2998 1831 cst
3021 1778 3112 1846 qui
3144 1767 3465 1841 nominavit,
3496 1796 3646 1850 quac-

2074 1865 2316 1931 rebatur,
2350 1867 2445 1921 sed
2477 1867 2544 1922 de
2574 1868 2767 1921 notitia
2812 1869 3094 1923 nominum
3125 1869 3496 1925 consideratio
3523 1887 3648 1940 pro-

2076 1959 2379 2026 ponebatur
2421 1976 2434 2011 :
2473 1968 2652 2012 utrum
2709 1967 2903 2013 natura
2951 1945 3391 2027 demonstratur,
3429 1977 3495 2014 an
3552 1976 3648 2030 per

2075 2048 2596 2103 commentationem
2632 2064 2695 2103 ex
2728 2051 3142 2120 operationibus
3171 2052 3507 2105 nominatur.
3539 2050 3645 2105 Sed

2077 2140 2165 2195 hic
2208 2156 2334 2196 acer
2383 2149 2437 2196 et
2481 2156 2712 2212 magnus
2761 2151 2816 2198 ct
2862 2144 3036 2198 solers
3083 2143 3148 2196 ad
3204 2144 3643 2212 excogitandum,

2075 2237 2327 2286 evertens
2382 2231 2717 2301 assignatam
2773 2233 3015 2303 ἐπινοίας
3081 2234 3473 2298 deﬁnitionem,
3526 2252 3648 2305 qua:

2075 2321 2234 2385 dixit,
2273 2322 2535 2392 possibile
2578 2338 2702 2379 esse
2737 2327 2829 2379 uni
2871 2325 3123 2394 subjecto
3168 2327 3370 2381 multas
3413 2328 3645 2382 commi-

2075 2415 2214 2469 nisci
2265 2416 2676 2485 appellationes,
2712 2417 3014 2471 secundum
3055 2419 3434 2486 Operationum
3476 2418 3648 2488 signi-

2075 2505 2382 2570 ﬁcationes,
2431 2514 2622 2561 contra
2659 2522 2758 2562 nos
2787 2522 2967 2577 pugna
3014 2509 3227 2562 fortiter
3258 2524 3389 2564 usus
3421 2518 3527 2572 est,
3560 2510 3645 2561 di-

2077 2609 2209 2650 cens
2263 2609 2374 2648 non
2435 2595 2506 2650 ab
2560 2595 2746 2665 aliquo
2801 2595 3000 2651 inditas
3039 2611 3161 2651 esse
3213 2594 3446 2650 Domino
3511 2599 3646 2650 tales

2076 2702 2260 2742 voces.
2295 2687 2435 2752 Quid
2474 2687 2641 2756 igitur
2688 2686 2756 2740 ad
2807 2688 3144 2757 propositum
3187 2687 3467 2742 studium?
3493 2687 3644 2753 Quo-

2076 2777 2222 2831 niam
2257 2792 2286 2830 a
2321 2776 2551 2831 Domino
2589 2777 2702 2830 haec
2732 2778 2954 2830 nomina
3005 2793 3115 2832 non
3149 2779 3426 2841 dicuntur,
3470 2795 3647 2848 neque

2078 2867 2300 2919 nemina
2343 2866 2494 2920 dabit
2530 2867 2644 2921 haec
2694 2882 2837 2928 esse,
2872 2882 3049 2936 neque
3096 2868 3510 2937 appellationes,
3547 2886 3644 2923 ne-

2076 2969 2184 3024 que
2230 2969 2392 3010 voces
2451 2957 2733 3010 notionum
2774 2957 3185 3028 signiﬁcalivas.
3234 2959 3289 3011 Si
3343 2959 3486 3013 enim
3537 2975 3646 3013 non

393 3054 543 3121 λέγει
579 3054 640 3106 τὸ
669 3055 768 3118 τὰς
794 3055 974 3124 φωνὰς
999 3055 1200 3120 ταύτας
1229 3057 1464 3127 ὀνόματα
1491 3056 1645 3121 εἶναι,
1673 3059 1724 3127 τί
1749 3058 1972 3128 βλάπτει

2079 3047 2316 3101 admittit
2348 3062 2470 3101 esse
2518 3047 2632 3100 haec
2682 3052 2941 3112 nomina,
2974 3049 3399 3118 appellationum
3458 3036 3654 3103 subla€

395 3145 488 3197 τὸν
517 3145 634 3197 κατ’
663 3145 904 3198 ἐπίνοιαν
931 3147 1107 3215 λόγον,
1139 3147 1224 3200 διὰ
1264 3149 1355 3202 τοῦ
1386 3149 1551 3213 δεῖξαι
1586 3151 1658 3220 μὴ
1701 3156 1830 3224 παρ’
1867 3154 1974 3206 ἐτέ-

400 3250 494 3304 ρου
519 3233 678 3298 τινὸς,
705 3234 839 3287 ἀλλὰ
871 3236 998 3306 παρ’
1023 3235 1186 3289 αὐτοῦ
1219 3236 1309 3290 τοῦ
1351 3239 1555 3308 Κυρίου
1586 3241 1684 3302 τὰς
1723 3241 1974 3305 τοιαύτας

394 3324 666 3378 τεθεῖσθαι
705 3325 960 3396 κ).ήσεις;
1001 3327 1073 3380 Τὸ
1105 3328 1211 3398 γὰρ
1246 3328 1532 3399 λεγόμενον
1561 3327 1647 3401 ἦν,
1678 3333 1758 3384 ὅτι
1792 3349 1968 3404 παρα-

397 3415 638 3486 πλησίως
685 3416 761 3486 τῷ
803 3418 944 3471 κατὰ
987 3420 1077 3471 τὸν
1127 3423 1268 3472 σῖτον
1315 3421 1687 3492 ὑποδείγματι.
1728 3422 1786 3476 ἓν
1835 3424 1975 3477 κατὰ

397 3503 460 3557 τὺ
489 3505 898 3577 ὐποκείμενονό
935 3508 1135 3579 Κύριος
1183 3509 1277 3570 ὢν,
1325 3510 1608 3583 πρόσφορα
1659 3514 1778 3576 ταῖς
1829 3514 1975 3584 ἐνερ-

396 3596 572 3666 γείαις
608 3599 718 3670 ἔχει
749 3601 843 3653 καὶ
880 3601 948 3654 τὰ
975 3601 1231 3671 ὀνόματα.
1273 3601 1375 3654 Τοῦ
1423 3602 1479 3655 δὲ
1518 3604 1661 3656 σίτου
1699 3605 1841 3659 κατὰ
1875 3606 1974 3677 τὴν

393 3687 507 3741 τῶν
537 3692 663 3762 περὶ
691 3692 851 3744 αὑτὸν
878 3691 1258 3764 θεωρουμένων
1288 3694 1524 3747 ἐπίνοιαν
1554 3695 1651 3758 τὰς
1681 3697 1974 3766 ὀνομασίας

399 3779 542 3850 ἔχειν
573 3781 1017 3852 ὁμολογουμένου,
1064 3785 1596 3854 συγκατεσκευάζετο
1646 3787 1740 3840 καὶ
1790 3787 1850 3840 τὸ
1897 3789 1972 3860 μὴ

399 3871 612 3940 φύσεως
635 3869 770 3927 εἶναι
797 3875 999 3940 ταύτας
1035 3877 1127 3930 ἐπὶ
1151 3876 1243 3929 τοῦ
1283 3879 1486 3949 Κυρίου
1515 3879 1846 3951 σημαντικὰς
1875 3879 1973 3944 τὰς

400 3961 604 4029 φωνὰς,
633 3963 766 4018 ἀλλὰ
789 3965 866 4035 τῷ
894 3965 1034 4037 λόγῳ
1061 3966 1161 4036 τῆς
1194 3967 1435 4031 ἐπινοίας
1472 3969 1529 4020 ἐν
1566 3971 1679 4032 τοῖς
1717 3969 1842 4040 περὶ
1873 3971 1972 4022 αύ-

397 4053 492 4106 τὺν
538 4057 842 4126 νοουμένοις
884 4058 1246 4113 συνίστασθαι.
1301 4061 1356 4113 Ὀ
1409 4059 1464 4112 δὲ
1519 4060 1812 4129 ,ἀντιλέγων
1871 4062 1973 4116 ὑπὸ

401 4145 603 4215 πολλῆς
646 4151 933 4220 προσοχῆς,
967 4150 1027 4202 ού
1059 4151 1191 4220 πρὸς
1235 4151 1304 4204 τὰ
1345 4151 1564 4206 τεθέντα
1608 4156 1838 4206 ποιεῖται
1877 4154 1990 4224 τὴν

403 4237 601 4307 μάχην,
660 4239 817 4293 Ἀλλά
854 4258 1015 4312 φησιν
1056 4242 1216 4296 αὐτὸν
1260 4243 1350 4311 ὑφ’
1400 4242 1591 4297 ἑαυτοῦ
1626 4243 1798 4298 ταῦτα
1845 4263 1973 4298 κατ-

398 4328 776 4398 ονομάζεσθαι,
809 4331 990 4400 ὅμοιον
1025 4331 1212 4403 ὥσπερ
1253 4332 1316 4385 ἂν
1349 4331 1403 4385 εῑ
1432 4349 1516 4395 τις
1564 4332 1656 4385 τοῦ
1703 4333 1840 4386 κατὰ
1881 4333 1971 4386 τὸν

2077 3141 2226 3194 tione
2271 3141 2434 3194 etiam
2464 3141 2497 3210 ἡ
2532 3140 2742 3192 ἐπίνοια
2778 3139 2939 3194 simul
2994 3141 3208 3194 sublata
3259 3151 3362 3196 est.
3405 3128 3558 3206 Quod
3600 3143 3646 3196 si

2076 3248 2184 3285 non
2245 3232 2574 3287 contradicit
2618 3247 2782 3286 voces
2835 3232 2936 3287 has
2984 3234 3204 3286 nomina
3251 3250 3395 3296 esse,
3439 3235 3492 3288 in
3538 3250 3648 3303 quo

2077 3311 2222 3378 laztlit
2275 3323 2326 3377 id
2363 3323 2507 3392 quod
2562 3323 2630 3377 dc
2681 3325 3144 3378 commentatione
3191 3326 3414 3389 dicitur,
3463 3342 3530 3380 ex
3581 3343 3648 3381 eo

2074 3412 2222 3483 quod
2267 3414 2609 3469 demonstrat
2649 3430 2756 3468 non
2789 3415 2856 3468 ab
2889 3416 2997 3470 alio
3027 3417 3233 3486 aliquo,
3285 3417 3378 3472 sed
3416 3419 3484 3472 ab
3526 3420 3648 3488 ipso

2077 3504 2307 3560 Domino
2338 3505 2475 3560 tales
2504 3506 2794 3577 impositas
2822 3521 2944 3562 esse
2967 3509 3432 3565 nomenclationes
3447 3515 3471 3564 ’ί
3488 3509 3645 3577 Quod

2075 3597 2220 3650 enim
2257 3579 2562 3662 dicebatur,
2614 3598 2664 3652 id
2715 3605 2853 3662 erat,
2888 3598 3037 3668 quod
3085 3601 3542 3669 quemadmodum
3589 3602 3645 3655 in

2074 3684 2322 3753 exemplo
2384 3685 2547 3754 bujus
2591 3686 2831 3740 nominis
2887 3689 3050 3752 σῖτος,
3116 3703 3284 3742 unum
3341 3690 3644 3744 secundum

2075 3773 2379 3841 subjectum
2425 3790 2548 3828 cum
2601 3775 2673 3830 sit
2715 3776 3000 3840 Dominus,
3049 3781 3466 3848 operationibus
3512 3797 3646 3836 con-

2073 3877 2208 3932 grua
2243 3864 2405 3918 liabet
2430 3865 2592 3919 etiam
2636 3867 2876 3920 nomina.
2913 3868 3047 3922 Cum
3093 3879 3273 3925 autem
3318 3871 3391 3926 sit
3430 3872 3648 3927 confes-

2075 3971 2196 4011 sum
2230 3958 2373 4018 σῖτος
2419 3957 2719 4011 secundum
2755 3960 3270 4015 commentationem
3305 3976 3495 4016 eorum
3524 3979 3647 4032 quae

2073 4049 2130 4104 in
2179 4048 2298 4119 ipso
2352 4056 2692 4119 spectantur,
2747 4051 3140 4120 appellationes
3199 4053 3419 4119 habere,
3482 4055 3646 4109 simul

2073 4141 2235 4194 etiam
2268 4140 2694 4196 construebatur
2726 4141 2902 4196 basin
2941 4141 3170 4196 Domino
3196 4159 3357 4197 voces
3391 4158 3495 4196 non
3527 4160 3647 4200 esse

2073 4240 2285 4286 natura:
2318 4231 2730 4302 signitieativas,
2766 4233 2860 4287 sed
2908 4236 3119 4288 ratione
3165 4236 3645 4290 commentationis

2075 4324 2131 4376 in
2171 4323 2256 4376 his
2296 4338 2417 4388 quae
2463 4323 2531 4377 de
2579 4324 2698 4392 ipso
2744 4324 3128 4394 intelliguntur
3180 4329 3505 4381 consistere.
3539 4327 3643 4394 Qui

413 4418 594 4472 Ἰσαὰκ
634 4420 891 4490 ὀνόματος
936 4421 1032 4493 τὴν
1079 4423 1371 4493 ἑρμηνείαν
1400 4421 1596 4495 ζητῶν,
1634 4425 1856 4496 πότερον
1883 4425 1973 4494 γέ-

2076 4422 2254 4467 autem
2287 4415 2614 4470 contradicit
2658 4432 2769 4485 prae
2815 4417 2985 4469 multa
3030 4419 3354 4480 attentione.
3401 4435 3508 4474 non
3551 4422 3647 4475 ad-

397 4509 523 4572 λως,
560 4509 633 4574 ὣς
661 4511 791 4580 φασί
817 4529 979 4579 τινες,
1016 4513 1392 4584 ἑρμηνεύεται,
1431 4515 1464 4585 ἢ
1504 4516 1629 4570 ἄλλο
1676 4534 1727 4569 τι
1773 4517 2008 4588 σημαί-”

395 4619 478 4654 νει
498 4601 557 4654 τὸ
581 4602 770 4672 ὄνομα,
789 4604 818 4655 6
841 4603 896 4656 δέ
921 4621 1004 4666 τις
1030 4604 1136 4656 τῶν
1159 4604 1300 4658 κατὰ
1331 4605 1586 4675 Εὐνόμιον
1614 4607 1975 4672 ἐπιστατικῶς

395 4693 743 4761 ἀποκρίνοιτο
767 4695 916 4766 παρὰ
944 4696 1041 4766 τῆς
1067 4695 1268 4766 μητρὸς
1299 4695 1566 4750 τεθεῖσθαι
1594 4697 1673 4766 τῷ
1704 4698 1853 4751 παιδὶ
1877 4699 1974 4769 τὴν

395 4783 610 4855 κλῆσιν·
640 4784 750 4838 ἀλλ’
773 4787 833 4838 ού
858 4784 1032 4851 τοῦτο,
1060 4787 1191 4857 φαίη
1221 4803 1305 4849 τις
1323 4785 1408 4852 ἂν,
1435 4786 1494 4838 1'6
1526 4787 1853 4858 ζητούμενον
1883 4785 1970 4859 ἦν,

396 4878 555 4949 παρὰ
587 4879 728 4944 τίνος
760 4883 793 4952 ἠ
825 4879 1109 4949 ἐπωνυμία
1140 4879 1484 4950 πεπόρισται,
1513 4879 1649 4934 ἀλλὰ
1686 4880 1738 4933 τί
1777 4881 1974 4953 σημαί-

395 4987 477 5025 νει
521 4971 922 5042 μεταληφθεῖσα
973 4969 1110 5041 πρὸς
1166 4969 1264 5040 τὴν
1319 4971 1588 5041 ἡμετέραν
1638 4971 1887 5040 γλῶσσαν
1939 4974 1972 5044 ἡ

392 5063 490 5116 τοῦ
522 5061 781 5131 ὀνόματος
813 5061 1006 5115 ἔννοια.
1042 5061 1153 5114 Καὶ
1190 5059 1421 5113 ἐνταῦθα
1459 5062 1636 5114 τοίνυν
1679 5061 1776 5132 τῆς
1811 5060 1977 5132 ζητή-

395 5169 537 5214 σεως
581 5149 768 5221 οὔσης,
801 5153 849 5204 εἰ
886 5151 954 5204 τὰ
988 5150 1242 5213 ποικίλως
1291 5150 1647 5220 ἐπιλεγόμενα
1683 5151 1759 5220 τῷ
1787 5153 1976 5224 Κυρίῳ

393 5243 516 5294 κατ’
551 5241 792 5294 ἐπίνοιαν
830 5240 1066 5310 λέγεται,
1097 5242 1190 5295 καὶ
1219 5242 1337 5311 οὐχὶ
1367 5241 1464 5311 τῆς
1513 5241 1724 5311 φύσεως
1751 5243 1849 5316 τὴν
1883 5244 1968 5297 έν-

391 5332 559 5397 δειξιν
593 5332 704 5401 ἔχει
730 5349 743 5361 ’
785 5334 813 5385 6
861 5332 1113 5404 τοιαύτην
1151 5334 1369 5401 ἐπάγων
1400 5333 1498 5404 τὴν
1543 5333 1836 5400 ἀπόδειξιν,
1873 5336 1966 5388 τοῦ

393 5426 470 5496 μὴ
507 5424 719 5496 ἐπινοίᾳ
764 5423 1082 5496 θεωρεῖσθαι
1127 5426 1224 5489 τὰς
1275 5424 1665 5496 προσηγορίας,
1713 5424 1790 5496 τῷ
1838 5427 1966 5496 παρ’

389 5514 559 5571 αὖτοῦ
603 5515 697 5569 τοῦ
730 5517 934 5587 Κυρίου
980 5517 1228 5586 λέγεσθαι
1270 5516 1491 5584 ταύτας,
1527 5517 1642 5581 πῶς
1680 5519 1818 5589 μετὰ
1861 5520 1968 5574 τῶν

471 5697 519 5731 ⁷⁸
562 5693 700 5750 Gen.
741 5709 898 5762 xvnt,
933 5697 1275 5766 12-15;ιχ1,
1303 5696 1358 5750 2.

2075 4521 2268 4561 versus
2297 4507 2471 4576 posita
2505 4523 2737 4578 pugnam
2769 4508 3082 4584 committit.
3118 4509 3223 4564 Sed
3256 4512 3432 4582 inquit
3465 4513 3644 4584 ipsum

2073 4613 2102 4651 a
2138 4599 2326 4668 seipso
2360 4599 2445 4654 liis
2479 4599 2793 4655 nominibus
2825 4581 3108 4670 appellari,
3138 4602 3316 4658 simile
3349 4619 3414 4659 ac
3438 4605 3482 4658 si
3519 4607 3644 4673 quis

2071 4689 2309 4744 nominis
2357 4689 2508 4746 Isaac
2561 4691 3067 4760 interpretationem
3122 4709 3411 4762 quaerens,
3457 4703 3642 4748 utrum

2071 4783 2219 4838 risus
2239 4782 2311 4847 ⁷ο,
2346 4793 2403 4838 ut
2433 4783 2587 4836 aiunt
2610 4783 2856 4854 quidam,
2889 4784 3202 4854 exponitur,
3235 4799 3304 4839 an
3340 4785 3486 4840 aliud
3512 4786 3642 4856 quid

2073 4875 2345 4946 signiﬁcat
2381 4877 2484 4931 hoc
2543 4891 2773 4943 nomen;
2832 4875 3030 4945 aliquis
3083 4884 3264 4931 autem
3313 4893 3501 4932 eorum
3551 4877 3640 4948 qni

2074 4977 2224 5022 stant
2266 4982 2295 5021 a
2352 4974 2509 5038 parte
2561 4965 2838 5029 Eunomii,
2899 4967 3169 5023 instanter
3215 4969 3567 5038 responderet
3612 4983 3643 5021 a

2073 5067 2248 5115 matre
2281 5074 2450 5130 puero
2482 5061 2797 5129 impositum
2845 5075 2968 5116 esse
2999 5061 3102 5114 hoc
3143 5076 3383 5130 nomen;
3414 5059 3507 5115 sed
3541 5060 3644 5112 ali-

2074 5155 2199 5222 quis
2229 5153 2449 5217 dixerit,
2483 5168 2592 5206 non
2627 5152 2729 5206 hoc
2756 5159 2874 5207 erat
2898 5151 3043 5222 quod
3077 5152 3445 5223 qua-rebatur,
3475 5164 3502 5201 a
3532 5163 3642 5217 quo

2077 5244 2192 5298 lucc
2245 5243 2547 5297 nominatio
2585 5242 2787 5296 tributa
2838 5250 2941 5303 est.
2976 5241 3252 5311 sedquid
3283 5235 3550 5307 signiticet
3585 5237 3640 5289 in

2074 5344 2324 5390 nostram
2357 5337 2594 5405 linguam
2626 5332 2874 5388 traducta
2927 5332 3167 5386 nominis
3204 5327 3420 5381 notitia.
3465 5326 3643 5395 Atque

2071 5428 2164 5483 hic
2209 5428 2374 5498 igitur
2401 5439 2526 5481 cum
2574 5427 2806 5497 quaestio
2855 5424 3138 5486 consistat,
3188 5428 3368 5472 utrum
3417 5433 3539 5487 quae
3587 5419 3641 5474 in

2075 5519 2306 5574 Domino
2347 5519 2498 5574 varie
2542 5517 2818 5580 dicuntur,
2855 5527 2952 5583 per
2993 5506 3509 5565 commentationem
3553 5507 3641 5563 di-
