4056 6146
471 270 598 323 1051

1664 265 1721 318 S.
1759 260 2082 318 GREGORH
2122 258 2414 315 NYSSENI
2491 305 2494 310 .

3573 263 3710 317 1052

470 388 692 435 cuntur.
736 382 838 428 nec“
881 380 1084 426 natura:
1122 371 1502 424 iudicationem
1537 372 1736 426 habent
1768 390 1778 424 :
1812 375 1900 442 qui
1952 381 2034 424 ta-

2140 372 2553 442 σωφρονούντων
2606 371 3055 442 ἀριθμηοήσεται,
3113 372 3141 425 ὁ
3207 377 3299 426 καὶ
3354 374 3603 445 ’πολεμῶν
3646 378 3713 444 τῇ

471 473 574 523 lein
609 464 1125 520 demonstrationem
1168 461 1398 518 inducit.
1429 464 1571 531 quod
1610 479 1715 517 non
1749 480 1843 533 per
1877 479 2032 516 com-

469 559 859 614 mentationem
898 562 1214 624 spectentur
1251 557 1664 624 appellationes,
1696 558 1822 626 quia
1856 558 1938 610 liae
1966 556 2035 610 ab

468 653 585 720 ipso
619 649 845 701 Domino
869 647 1143 713 dicantur,
1175 647 1451 716 quomodo
1488 649 1628 701 inter
1663 649 1879 703 sobrios
1915 663 2039 702 cen-

2139 465 2381 536 ἀληθείᾳ,
2407 466 2500 518 καὶ
2536 467 2807 529 τοιαύταις
2838 467 2971 535 πρὸς
3001 469 3092 518 τὸν
3116 466 3348 536 πόλεμον
3379 468 3715 536 συμμαχίαις

2140 555 2440 627 χρώμενος,
2460 556 2524 608 δι’
2552 550 2624 609 ὧν
2646 556 2988 626 ἰσχυρότερον
3013 556 3302 625 ἀποφαίνει
3329 557 3418 609 τὸν
3452 557 3576 610 πολε
3587 556 3716 626 μού-

2147 664 2308 717 μενον

468 745 698 808 ε‹·ἱ›ἰιιιι·,
750 743 840 812 ιιιιὶ
880 743 1092 795 veritati
1142 742 1344 794 bellum
1392 742 1574 807 infert,
1617 753 1671 797 et
1723 743 1921 796 talibus
1966 743 2032 794 ad
2084 741 2283 795 bellum
2311 742 2528 796 auxiliis
2561 742 2752 805 utitur,
2782 741 2981 811 quibus
3014 742 3294 797 fortiorem
3355 758 3477 796 esse
3535 750 3717 795 osten-

467 837 547 890 dit
577 852 697 889 eum
726 835 816 904 qui
851 835 991 887 bello
1025 833 1354 888 lacessitur?

543 927 741 981 Deinde.
776 926 1126 996 progrediens
1164 934 1221 979 ut
1253 926 1363 994 jam
1398 925 1462 978 ad
1503 941 1726 994 scopum
1755 925 1854 994 ipsi
1904 939 2035 977 con-

465 1021 622 1077 clusa
672 1019 940 1079 oratione,
988 1017 1092 1069 alia
1137 1024 1327 1070 contra
1389 1030 1488 1068 nos
1537 1016 1697 1070 dictis
1753 1004 2034 1069 acerbiora

467 1113 710 1170 molitur.
766 1118 822 1162 ut
884 1109 1082 1177 inquit.
1128 1109 1378 1168 crimina,
1426 1115 1480 1160 et
1520 1107 1745 1160 multum
1789 1107 2036 1160 flebiliter

467 1203 822 1262 lamentatus,
858 1207 910 1253 et
941 1198 1216 1267 piaeiiiissa
1251 1199 1497 1252 oratione
1535 1213 1637 1266 qua
1687 1213 1785 1251 nos
1823 1197 2034 1249 calum-

467 1294 672 1354 niatur,
719 1300 880 1359 atque
913 1290 1216 1343 auditorem
1257 1290 1326 1342 ob
1367 1289 1595 1342 dicenda
1637 1287 1874 1341 efflictim
1908 1302 2036 1339 exa—

466 1383 674 1440 ('t‘l'btll,
713 1381 764 1432 in
796 1381 995 1448 quibus
1034 1379 1279 1448 citizedaiti
1317 1381 1490 1448 magis
1521 1379 1684 1446 impia
1713 1379 2039 1430 criminatur

465 1496 493 1529 a
529 1477 683 1528 nobis
721 1472 891 1523 astrui
926 1489 938 1521 :
973 1471 1114 1539 quod
1156 1486 1261 1523 non
1311 1470 1485 1524 solum
1517 1485 1618 1520 nos
1659 1469 1979 1522 distributas
2008 1483 2039 1520 a

466 1571 579 1622 Deo
613 1570 777 1622 rebus
825 1562 1215 1634 appellationes
1254 1561 1807 1614 commentationibus
1834 1559 2039 1614 nostris

466 1661 807 1730 adapzeinus.
854 1673 975 1710 cum
1026 1670 1123 1708 nec
1166 1654 1393 1708 dixisset
1431 1667 1679 1721 qiizenain
1722 1650 2039 1720 appellatio-

465 1715 593 1806 nuui
629 1749 964 1808 distributio,
1001 1758 1051 1800 et
1085 1746 1304 1815 quando
1347 1753 1401 1799 et
1429 1745 1703 1814 quomodo
1738 1743 1901 1806 facta,
1933 1743 2028 1798 sed
2069 1715 2108 1769 Β

464 1844 627 1897 etiam
660 1843 803 1910 quod
838 1841 1018 1892 omnia
1054 1836 1476 1900 coufundamus,
1513 1844 1566 1890 et
1613 1836 1678 1890 ad
1716 1835 1858 1890 idem
1905 1833 2034 1889 Uni-

464 1935 632 2004 geniti
681 1932 740 1988 et‘
771 1931 1066 1986 essentiam
1111 1939 1164 1984 et
1201 1931 1573 1999 operationem
1625 1927 2029 1997 pertrahamus.

464 2028 598 2079 Cum
643 2023 798 2084 nihil,
835 2024 1079 2091 inquam,
1118 2021 1184 2075 dc
1223 2021 1327 2074 hoc
1375 2021 1492 2089 ipso
1519 2017 1888 2082 disseruisset,
1933 2031 2030 2070 ne-

465 2135 572 2184 que
621 2116 1059 2169 demonstrasset
1117 2111 1388 2180 quomodo
1437 2127 1466 2163 ιι
1517 2111 1677 2164 nobis
1720 2108 1862 2163 idem
1910 2123 2033 2162 esse

465 2224 588 2260 cum
619 2207 854 2259 css'cntia
885 2205 1130 2274 operatio
1158 2202 1522 2272 praestruitur.
1555 2201 1769 2255 tandem
1799 2199 1998 2268 subjun
2018 2227 2032 2238 ο

465 2300 544 2368 git
596 2300 758 2352 istum
818 2298 1176 2365 colophoneai
1236 2295 1550 2358 criminum,
1599 2297 1679 2346 sic
1729 2293 1910 2346 verbis
1951 2289 2035 2343 di-

466 2401 639 2444 cens:
699 2387 853 2455 Iam,
910 2385 1119 2456 inquit,
1175 2385 1436 2437 transiens
1483 2383 1545 2437 ab
1596 2380 1711 2443 Itis,
1758 2389 1806 2434 et
1869 2380 2033 2434 Deum

466 2481 554 2549 qui
595 2488 669 2532 est
721 2479 775 2531 in
823 2477 1084 2538 omnibus,
1139 2475 1386 2528 extremis
1437 2472 1791 2540 blasphemiis,
1828 2470 1880 2523 id
1930 2480 2029 2532 est,

467 2570 640 2636 impiis
671 2578 718 2622 et
763 2567 1032 2621 sceleratis
1103 2565 1372 2626 conviciis,
1409 2561 1785 2626 circumducit;
1826 2568 1878 2616 et
1918 2576 2030 2614 scr-

467 2659 722 2712 monibus
761 2670 1040 2709 sermones
1075 2653 1242 2706 nostri
1288 2652 1504 2721 abrupti
1539 2650 1741 2704 fuerint
1781 2658 1833 2704 et
1864 2650 2031 2702 inter-

467 2752 590 2814 cisi,
623 2758 677 2802 et
713 2747 971 2818 quosdam
1002 2743 1232 2797 deiicere
1267 2741 1472 2794 faciunt
1513 2755 1542 2792 a
1574 2739 1730 2793 nobis
1759 2738 2030 2807 proposita

467 2840 732 2909 exempla,
767 2852 873 2890 non
909 2835 1132 2888 omnino
1156 2842 1262 2888 tam
1291 2831 1547 2885 didicisse
1576 2829 1845 2899 indigens,
1870 2843 2032 2898 quam

467 2935 847 2986 dei-oonsuare
897 2927 1186 2981 verborum
1241 2922 1523 2976 colluviem
1572 2929 1624 2976 et
1677 2921 2034 2989 vaniloquen-

469 3026 598 3079 ti.:m
637 3022 798 3090 hujus
832 3017 1137 3087 scriptoris,
1172 3015 1370 3084 quibus
1415 3013 1691 3067 blateratis
1731 3021 1784 3066 et
1815 3012 2030 3066 obstre—

466 3132 602 3184 peus
643 3129 763 3181 qua:
813 3113 950 3163 inter
1003 3109 1150 3161 viros
1186 3106 1372 3170 anilia,
1430 3113 1483 3160 et
1530 3105 1844 3159 vocularum
1878 3103 2028 3173 gravi

467 3222 604 3263 sono
655 3207 706 3258 iu
762 3204 985 3256 auribus
1034 3201 1147 3254 haec
1189 3200 1576 3254 deiuirautium
1622 3197 1804 3252 fucum
1855 3196 2035 3251 facere

465 3301 592 3352 dum
629 3295 829 3356 studet,
862 3299 1052 3347 contra
1086 3291 1324 3360 scipsum
1371 3292 1612 3358 cippum,
1660 3289 1710 3343 id
1742 3297 1845 3348 est,
1881 3287 2034 3340 infa—

466 3393 814 3450 iuize'notain,
844 3400 1145 3455 proponere
1174 3383 1316 3451 apud
1353 3383 1599 3436 eruditos
1628 3389 1681 3434 et
1721 3394 2030 3434 sermonem

465 3481 726 3534 callentes
759 3493 864 3530 non
905 3473 1178 3543 intelligit.
1231 3472 1334 3524 Sed
1381 3472 1484 3524 hoc
1513 3469 1650 3523 nihil
1685 3469 1752 3522 ad
1784 3478 2030 3522 nostrum

467 3569 800 3622 institutum.
856 3565 1074 3619 Utinam
1121 3561 1338 3630 quidem
1399 3560 1682 3626 hucusque
1739 3557 2034 3628 progrede-

473 3668 661 3711 rcntur
705 3670 824 3722 quae
868 3661 994 3706 sunt
1043 3660 1233 3705 contra
1279 3650 1455 3719 ipsum
1508 3648 1758 3710 crimina,
1798 3655 1850 3701 et
1899 3645 2032 3699 nihil

467 3748 614 3800 circa
645 3745 800 3797 fidem
830 3757 1019 3796 errans
1051 3743 1104 3794 in
1139 3742 1254 3794 sola
1289 3739 1555 3794 sermonis
1585 3739 1888 3807 prolatione
1909 3751 2033 3806 pec-

466 3851 596 3890 care
631 3835 950 3904 putaretur!
985 3835 1058 3886 lta
1092 3849 1189 3903 pro
1229 3832 1402 3886 nihilo
1437 3831 1747 3885 ducendum
1780 3837 1925 3884 esset
1965 3829 2032 3882 ad

467 3926 680 3980 laudem
717 3927 796 3978 vel
827 3926 1152 3979 calumniam
1198 3924 1277 3977 sic
1317 3924 1397 3977 vel
1435 3924 1592 3975 aliter
1616 3921 1907 3976 dictionem
1938 3921 2033 3974 lia-

468 4018 614 4070 bere.
668 4014 995 4070 Consecutio
1052 4016 1218 4084 igitur
1267 4025 1323 4067 el
1375 4015 1546 4068 series
1587 4030 1774 4067 eorum
1807 4029 1928 4083 qua:
1966 4014 2033 4067 ab

468 4106 588 4175 ipso
619 4113 808 4158 contra
845 4121 946 4160 nos
982 4105 1124 4157 dicta
1160 4112 1308 4165 sunt,
1345 4104 1507 4156 etiam
1538 4103 1640 4156 hoc
1686 4104 1960 4173 proponit.

539 4196 604 4250 In
633 4197 892 4267 frugibus,
918 4197 1115 4265 inquit,
1151 4205 1198 4250 et
1233 4194 1480 4256 Domino,
1512 4195 1674 4248 variis
1710 4194 1874 4248 modis
1915 4212 2033 4248 cum

466 4290 698 4344 exercuit
746 4290 1229 4352 romiiientationes,
1271 4287 1613 4350 persiiiiititer
1661 4296 1710 4340 et
1753 4288 2033 4340 sanctissi-

467 4397 609 4434 mam
641 4381 733 4435 Dei
767 4382 1047 4435 essentiam
1079 4379 1377 4449 differentes
1405 4378 1684 4432 admittere
1711 4389 2035 4434 commenta-

469 4477 634 4527 tiones
680 4473 828 4527 dicit.
877 4473 988 4528 lloc
1029 4480 1122 4528 ,ρει
1169 4471 1458 4524 criminum
1494 4471 1932 4535 acerbissimum,
1983 4483 2035 4526 et

468 4569 537 4620 ob
574 4566 625 4620 id
663 4566 847 4634 gravia
876 4573 1068 4618 contra
1099 4580 1197 4618 nos
1225 4564 1314 4616 illa
1349 4564 1552 4634 tragice
1583 4571 1709 4616 ante
1737 4578 2035 4632 exaggera-

467 4659 566 4720 vit,
619 4657 953 4725 impietatem
999 4663 1053 4708 et
1102 4655 1522 4716 absurditatetn,
1573 4662 1624 4707 et
1679 4653 1860 4705 omnia
1905 4653 2034 4705 talia

467 4748 630 4802 dictis
685 4747 903 4800 crimini
965 4754 1205 4800 vertens.
1267 4745 1519 4809 Quanam
1581 4760 1697 4809 ergo
1752 4745 2033 4810 impietatis

469 4839 876 4892 demonstratio?
938 4837 1076 4890 dixit
1111 4835 1705 4904 Emiomius,~quzedam
1759 4835 1826 4888 de
1864 4833 2034 4903 frugi-

469 4930 576 4983 bus
623 4942 932 4980 conimunia
985 4911 1118 4992 hcce,
1163 4937 1214 4981 et
1262 4928 1514 4980 omnibus
1556 4926 1608 4978 in
1662 4935 1915 4995 promptu
1950 4940 2036 4978 co-

473 5019 622 5087 gnita
666 5017 1002 5078 discernens,
1056 5027 1104 5069 et
1149 5017 1407 5086 quomodo
1452 5026 1760 5079 nascuntur,
1807 5026 1855 5069 et
1903 5033 2034 5085 quo-

476 5107 632 5161 modo
661 5104 906 5174 perfecta:
951 5120 1039 5180 seu
1074 5116 1298 5158 matura;
1327 5121 1416 5173 per
1445 5106 1677 5174 fructum
1709 5107 1881 5168 alunt,
1936 5125 2033 5159 na-

472 5200 734 5253 turalibus
789 5195 1102 5266 quibusdam
1152 5196 1524 5264 facultatibus,
1569 5199 1693 5250 dum
1743 5209 2035 5251 nascuntur

469 5301 518 5344 et
541 5299 799 5360 augentur
830 5299 876 5343 ct
906 5288 1326 5358 dispensentur?
1355 5289 1421 5341 Et
1454 5290 1566 5342 lucc
1600 5304 1723 5341 eum
1750 5289 2033 5353 disseruit,

469 5381 634 5434 etiam
670 5381 1010 5452 unigenitum
1075 5379 1240 5434 Deum
1278 5379 1411 5432 nihil
1455 5381 1862 5432 dissentaneum
1913 5395 2035 5435 esse

469 5471 544 5522 ait
570 5467 880 5526 diilcrentes
913 5471 1157 5540 accipere
1193 5467 1705 5533 commentationes,
1740 5482 1865 5524 cum
1909 5484 2031 5538 pro-

2203 917 2336 975 Εἶτα
2375 924 2577 992 προῖὼν
2619 925 2693 986 ὼς
2725 924 2788 995 δὴ
2836 921 2974 976 κατά
3014 922 3214 976 σκοπὸν
3255 923 3402 992 αὐτῳ
3440 939 3718 992 συμπερα-

2135 1013 2351 1077 σθὲντος
2389 1014 2482 1067 τοῦ
2515 1015 2695 1084 λόγου,
2747 1015 2909 1082 ἕτερα
2946 1014 3350 1084 προχειρίζεται
3397 1014 3515 1067 καθ’
3561 1015 3717 1085 ἡμῶν

2133 1105 2484 1175 χαλεπώτερα
2513 1105 2620 1158 τῶν
2644 1105 2966 1175 εἰρημένων,
2991 1105 3064 1168 ὦς
3099 1123 3252 1175 φησι,
3281 1106 3349 1158 τά
3378 1106 3713 1176 ἐγκλήματα,

2134 1200 2228 1251 καὶ
2275 1199 2442 1251 πολλὰ
2471 1199 2904 1269 προσχετλιάσας
2936 1198 3029 1251 καὶ
3078 1197 3454 1267 προδιαϐαλὼν
3495 1199 3584 1250 τὸν
3631 1199 3715 1250 λό-

2133 1307 2249 1358 γον,
2296 1291 2390 1343 καὶ
2445 1291 2686 1360 σφοδρῶς
2725 1290 2814 1342 τὸν
2861 1290 3135 1361 ἀκροατὴν
3189 1290 3278 1343 ἐπὶ
3313 1293 3424 1352 τοῖς
3467 1291 3716 1358 μέλλουσι

2136 1384 2468 1456 ῥηθήσεσθαι
2521 1385 2846 1455 παροξύνας,
2905 1386 2962 1437 ὲν
3021 1377 3101 1446 οἷς
3160 1382 3558 1453 δυσσεϐέστερά
3596 1402 3716 1436 τινα

2136 1477 2266 1546 παρ’
2299 1476 2453 1547 ἡμῶν
2488 1479 2724 1529 αἰτιᾶται
2775 1475 3296 1538 κατασκευάζεσθαι,
3328 1475 3402 1539 ὡς
3451 1475 3524 1545 μὴ
3560 1477 3717 1545 μόνον

2135 1568 2233 1630 τὰς
2284 1568 2766 1637 ἀποκληρωθείσας
2812 1568 2964 1638 παρά
3022 1566 3114 1619 τοῦ
3163 1565 3297 1619 Θεοῦ
3351 1568 3720 1638 προσηγορίας

2137 1661 2254 1721 ταῖς
2287 1658 2552 1721 ἐπινοίαις
2583 1659 2740 1728 ἡμῶν
2776 1659 3216 1730 ιπροσαπτόντων,
3260 1659 3359 1711 οὐκ
3401 1656 3589 1722 εἰπὼν,
3636 1659 3720 1722 τίς

2137 1751 2170 1821 ἡ
2227 1751 2333 1802 τῶν
2387 1750 2767 1821 προσηγοριῶν
2826 1749 3227 1820 ἀποκλήρωσις,
3286 1749 3381 1803 καὶ
3447 1750 3575 1802 πότε
3627 1751 3722 1802 καὶ

2138 1839 2256 1902 πῶς
2284 1839 2622 1908 γεγενημένη
2647 1878 2660 1899 ,
2692 1838 2786 1890 καὶ
2837 1838 2910 1900 ὡς
2955 1838 3129 1890 πάντα
3161 1837 3440 1907 φυρόντων
3471 1837 3542 1889 τά
3579 1838 3722 1907 πρά-

2137 1949 2338 2002 γματα,
2373 1932 2464 1983 καὶ
2505 1933 2584 1993 εἰς
2623 1930 2818 1982 ταύτὸν
2848 1930 3085 1998 ἀγόντων
3127 1929 3220 1981 τοῦ
3251 1927 3590 1998 Μονογενοῦς
3624 1931 3722 1998 τήν

2135 2038 2194 2073 τε
2231 2020 2417 2075 οὐσίαν
2446 2020 2538 2073 καὶ
2563 2020 2659 2091 τὴν
2696 2020 2992 2089 ἐνέργειαν.
3031 2018 3195 2071 Οὐδὲν
3231 2018 3358 2088 περὶ
3407 2017 3570 2070 αὑτοῦ
3597 2018 3722 2070 του-

2136 2130 2229 2166 του
2284 2111 2601 2182 διαλεχθεὶς,
2654 2112 2772 2165 οὐδὲ
2827 2109 3113 2176 ἀποδείξας
3163 2111 3278 2172 πῶς
3335 2111 3532 2164 ταύτὸν
3582 2107 3721 2163 εἶναι

2138 2201 2602 2265 κατασκευάζεται
2661 2203 2726 2271 τῇ
2775 2199 2930 2271 οὐσίᾳ
2987 2201 3115 2271 παρ’
3153 2201 3309 2271 ἡμῶν
3361 2201 3393 2270 ή
3441 2201 3720 2271 ἐνέργεια,

2134 2293 2285 2356 τέλος
2323 2293 2518 2360 ἐπάγει
2557 2292 2649 2344 καὶ
2681 2292 2770 2344 τὸν
2793 2291 2965 2344 αὑτὸν
3000 2291 3280 2358 κολοφῶνα
3311 2291 3416 2343 τῶν
3447 2291 3723 2361 ἐγκλημά-

2135 2401 2262 2448 των,
2315 2383 2514 2435 οὑτωσὶ
2567 2383 2736 2450 λέγων
2781 2386 2893 2444 τοῖς
2947 2384 3200 2454 ῥήμασιν·
3242 2383 3385 2451 Ἤδη
3438 2383 3528 2448 δὲ,
3568 2386 3719 2454 φησὶ,

2134 2473 2503 2540 μεταϐαίνων
2559 2472 2678 2526 ἀπὸ
2742 2474 2984 2538 τούτων,
3034 2473 3130 2526 καὶ
3183 2473 3289 2526 τὸν
3336 2474 3432 2527 ἐπὶ
3480 2473 3722 2528 πάντων

2142 2560 2289 2613 Θεὸν
2347 2559 2475 2626 ταῖς
2531 2560 2816 2628 ἐσχάταις
2877 2562 3214 2630 περιϐάλλει
3263 2563 3713 2633 βλασφημίαις·

2140 2652 2234 2706 καὶ
2270 2652 2446 2719 λόγοις
2469 2653 2853 2725 ἀπερῥώγασιν
2885 2656 2931 2706 ci
2961 2653 3216 2724 ἡμέτεροι
3241 2654 3409 2722 λόγοι,
3441 2656 3531 2708 καί
3570 2673 3722 2718 τινας

2139 2746 2435 2797 ἀποστατεῖ
2477 2745 2545 2796 τὰ
2581 2747 2709 2814 παρ’
2749 2745 2906 2816 ἡμῶν
2947 2745 3380 2816 παραδείγματα,
3405 2748 3462 2799 οὗ
3506 2747 3722 2810 πάντως

2138 2835 2230 2889 τοῦ
2264 2836 2453 2906 μαθεῖν
2489 2835 2660 2888 ταῦτα
2688 2837 2957 2907 δεόμενος,
2984 2837 3096 2890 ἀλλ’
3135 2837 3166 2907 ἢ
3207 2838 3377 2902 δεῖξαι
3416 2838 3476 2890 τὸ
3522 2857 3724 2910 συρφε-

2138 2929 2302 2992 τῶδες
2333 2930 2437 2982 τῶν
2469 2931 2726 3000 ῥημάτιον
2773 2929 2866 2982 τοῦ
2901 2928 3236 3000 λογογράφου
3283 2931 3374 2982 καὶ
3417 2931 3720 3001 ἀκριτόμυ-

2139 3019 2247 3085 θον,
2277 3014 2357 3082 οἷς
2401 3021 2750 3089 περικτυπῶν
2787 3020 2854 3073 τά
2890 3021 2947 3072 ὲν
2989 3021 3212 3088 ἀνδράσι
3255 3021 3492 3092 γραΐδια,
3522 3023 3618 3074 καὶ

2141 3113 2364 3182 στόμφῳ
2413 3113 2520 3164 τῶν
2569 3113 2838 3179 λεξειὸίων
2885 3115 2942 3166 ἐν
2989 3115 3110 3176 ταῖς
3166 3114 3354 3178 ἀκοαῖς
3403 3113 3508 3166 τῶν
3547 3113 3723 3168 ταῦτα.

2139 3202 2522 3272 θαυμαζόντων
2551 3203 3062 3273 καλλωπιζόμενος,
3106 3204 3304 3274 στήλην
3353 3204 3474 3257 καθ’
3526 3206 3720 3259 ἑαυτοῦ

2137 3295 2399 3362 τὸνλόγον
2423 3299 2534 3357 τοῖς
2557 3295 3006 3366 πεπαιδευμένοις
3051 3295 3327 3367 προτιθεὶς
3358 3297 3417 3349 οὐ
3452 3296 3715 3366 συνίησιν.

2151 3387 2285 3440 Ἀλλ’
2331 3387 2481 3440 οὐδὲν
2528 3386 2682 3440 τοῦτο
2733 3388 2867 3458 πρὸς
2909 3387 2998 3441 τὸν
3050 3387 3249 3440 σκοπὸν
3287 3388 3378 3440 τὸν
3427 3389 3715 3460 ἡμέτερον.

2136 3478 2264 3530 Εἴθε
2293 3479 2398 3550 γὰρ
2429 3479 2586 3549 μέχρι
2620 3477 2818 3532 τούτων
2847 3475 2914 3550 ἦν
2941 3480 3056 3532 κατ’
3086 3478 3246 3531 αὐτοῦ
3281 3479 3350 3532 τά
3374 3480 3714 3549 ἐγκλήματα,

2137 3571 2228 3623 καὶ
2257 3571 2418 3641 μηδὲν
2444 3571 2571 3641 περὶ
2613 3570 2708 3642 τὴν
2738 3571 2918 3623 πίστιν
2947 3571 3354 3641 ἐξαμαρτάνων,
3389 3571 3516 3642 περὶ
3548 3573 3714 3640 μόνην

2135 3659 2228 3712 τοῦ
2263 3661 2417 3729 λόγου
2452 3660 2548 3731 τὴν
2592 3658 2868 3731 προφορὰν
2897 3659 3231 3730 πλημμελεῖν
3279 3659 3588 3729 ὲνομίζετοῐ
3631 3660 3716 3721 Ὡς

2135 3754 2246 3805 ἀντ’
2277 3752 2485 3815 οὐδενὸς
2532 3751 2596 3804 ἂν
2637 3748 2704 3820 ἦν
2745 3750 2890 3821 αὐτῷ
2935 3751 3067 3822 πρὸς
3107 3751 3321 3804 ἔπαινον
3363 3751 3396 3822 ἢ
3441 3751 3712 3821 διαϐολὴν,

2133 3845 2195 3896 τὸ
2241 3843 2414 3907 οὕτως
2464 3844 2496 3914 ἢ
2553 3842 2628 3906 ὡς
2677 3838 2879 3913 ἑτέρως
2924 3842 3021 3914 τὴν
3048 3843 3190 3908 λέξιν
3228 3844 3389 3914 ἔχειν.
3429 3845 3492 3896 Ἠ
3533 3844 3576 3895 δ’
3622 3843 3714 3896 οὖν

2135 3935 2419 3988 ἀκολουθία
2464 3934 2573 3987 τῶν
2627 3934 2756 4006 παρ’
2799 3934 2962 3987 αὑτοῦ
3015 3936 3137 3988 καθ’
3179 3935 3356 4007 ἡμῶν,
3407 3935 3502 3988 καὶ
3560 3936 3714 3989 τοῦτο

2135 4022 2505 4093 προστίθησιν.

2219 4200 2347 4254 Ἐπὶ
2377 4200 2481 4255 τοῦ
2507 4199 2703 4265 σίτου,
2749 4201 2901 4270 φησὶ,
2937 4202 3034 4255 καὶ
3075 4201 3182 4256 τοῦ
3224 4201 3470 4272 Κυρίου,
3513 4206 3711 4276 διαφό-

2127 4309 2248 4359 ρως
2293 4289 2604 4360 γυμνάσας
2652 4289 2758 4355 τὰς
2801 4291 3088 4358 ἐπινοίας,
3135 4299 3573 4364 παραπλησίως
3614 4299 3710 4352 καὶ

2066 4400 2110 4453 ι)
2138 4383 2251 4450 τὴν
2281 4379 2606 4449 ἀγιωτάτην
2631 4383 2850 4435 οὐσίαν
2891 4383 2996 4436 τοῦ
3042 4385 3187 4437 Θεοῦ
3219 4386 3511 4455 διαφόρως
3551 4389 3712 4457 δέχε-

2135 4473 2272 4525 σθαι
2304 4472 2409 4534 τὰς
2442 4469 2701 4535 ἐπινοίας
2737 4473 2906 4539 φησί.
2942 4473 3107 4526 Τοῦτό
3143 4476 3255 4527 ἐστι
3300 4477 3360 4528 τὸ
3400 4479 3711 4547 χαλεπώτα-

2130 4578 2219 4612 τον
2248 4559 2353 4612 τῶν
2393 4559 2765 4629 ἐγκλημάτων,
2809 4563 2902 4614 καὶ
2947 4563 3038 4615 ἐπὶ
3069 4564 3242 4634 τούτῳ
3274 4566 3343 4618 τὰ
3385 4567 3558 4638 βαρέα
3592 4569 3710 4621 καθ’

2132 4643 2286 4715 ἡμῶν
2329 4646 2508 4697 ἐκεῖνα
2561 4647 3033 4719 προετραγῴδησε,
3076 4650 3391 4707 δυσσέϐειαν
3451 4658 3545 4709 καὶ
3587 4659 3711 4710 ἀτο-

2132 4735 2258 4788 πίαν
2297 4737 2390 4789 καὶ
2427 4737 2600 4789 πάντα
2638 4738 2703 4791 τά
2745 4740 2966 4791 τοιαῦτα
3013 4745 3123 4805 τοῖς
3164 4745 3475 4815 εἰρημένοις
3520 4750 3709 4801 ἐπικα-

2132 4825 2256 4879 λῶν.
2293 4829 2386 4891 Τίς
2417 4823 2530 4881 οὖν
2567 4829 2603 4896 ἡ
2643 4829 2752 4896 τῆς
2789 4831 3064 4897 ἀσεϐείας
3108 4834 3452 4902 ἀπόδαξιςς
3494 4835 3646 4892 εἶπεν
3685 4841 3711 4891 ὁ

2133 4919 2393 4990 Εὑνόμιὸς
2433 4938 2552 4973 τινα
2587 4922 2709 4991 περὶ
2740 4921 2833 4974 τοῦ
2875 4923 3041 4989 σίτου,
3077 4925 3144 4977 τὰ
3189 4927 3340 4980 κοινὰ
3381 4927 3590 4994 ταῦτα,
3622 4932 3712 4982 καὶ

2135 5011 2297 5062 πᾶσιν
2365 5014 2428 5062 ἐκ
2485 5011 2579 5064 τοῦ
2638 5013 2924 5082 προχείρου
2982 5015 3235 5086 γνώριμα
3301 5019 3712 5092 διευκρινοόμε-

2135 5119 2250 5165 νος,
2311 5102 2469 5168 ὅπως
2516 5121 2578 5157 τε
2616 5106 2835 5174 γίνεται
2883 5107 2979 5162 καὶ
3034 5106 3192 5174 ὅπως
3239 5113 3570 5177 τελειωθεὶς
3617 5111 3712 5162 διὰ

2135 5194 2241 5246 τοῦ
2315 5193 2548 5261 καρποῦ
2613 5195 2806 5264 τρέφει
2833 5235 2846 5259 ,
2898 5197 3180 5265 φυσικαῖς
3243 5217 3362 5252 τισι
3419 5201 3712 5268 δυνάμει-ι

2135 5284 2431 5352 φυόμενός
2451 5303 2514 5338 τε
2535 5287 2629 5339 καί
2653 5289 2852 5352 αὔξων
2880 5291 2975 5342 καὶ
2997 5289 3433 5359 διοικούμενος
3455 5294 3563 5344 Καὶ
3585 5292 3711 5344 tat-3o

2133 5391 2199 5426 τα
2226 5373 2415 5440 εἰπὼν,
2449 5377 2539 5428 καὶ
2566 5377 2654 5430 τὸν
2683 5381 2942 5450 μονογενῆ
2973 5381 3103 5434 Θεὸν
3137 5381 3286 5434 οὐδὲν
3325 5382 3552 5444 ἀπεικὸς
3574 5379 3710 5433 εἷναί

2140 5483 2290 5537 φησι,
2312 5467 2595 5538 διαφόρους
2618 5469 2860 5539 δέχεσθαι
2887 5473 3125 5537 ἐπινοίας
3154 5474 3241 5528 διά
3269 5492 3325 5527 τε
3355 5475 3452 5538 τὰς
3481 5472 3709 5537 ἐννοίας,
