4020 6140
277 239 414 302 1037

1400 240 1681 299 CONTRA
1710 244 2247 333 ΕυΝΟΜιυΜφιΒ.
2284 248 2395 304 Xll.

3388 249 3525 305 1053

272 357 459 426 γοῦντι
487 357 800 428 γενήσεται,
834 354 1180 425 κωλυομένης
1210 355 1265 408 δὲ
1290 355 1386 423 τῆς
1416 355 1721 425 ἐνεργείας,
1752 357 1848 410 οὐκ

1956 358 2112 427 plane
2138 358 2516 429 impatibilitas
2556 357 2805 429 operanti
2836 357 3007 422 foret;
3056 358 3313 429 impedita
3343 371 3524 417 autem

275 452 428 503 ἔσται
457 441 668 513 πάντως
700 450 760 501 τὸ
786 448 1010 518 ὲνεργού
1021 465 1199 518 μενον.
1247 448 1331 511 Ὡς
1362 448 1504 501 δυοῖν
1545 448 1791 519 θάτερον,
1818 449 1850 520 ἢ

277 542 521 611 παθητὴν
570 541 656 594 διὰ
711 539 912 593 τούτων
966 539 1058 593 τοῦ
1115 540 1452 608 Μονογενοῢς
1509 542 1605 610 τὴν
1664 540 1851 594 οὐσίαν

276 636 607 704 ποιήσουσιν,
652 632 737 685 ἵνα
771 634 868 703 τὴν
907 632 1183 703 ἐνέργειαν
1211 633 1446 703 δέξηται,
1484 633 1516 701 ἢ
1564 632 1718 685 τοῦτο
1764 631 1853 685 διὰ

275 725 335 778 τὸ
370 725 637 796 προφανὲς
673 724 770 793 τῆς
804 724 1055 785 ἀσεϐείας
1102 723 1382 785 ὀκνοῦντες
1403 764 1416 786 ,
1453 722 1513 774 τὸ
1545 722 1677 792 μηδὲ
1715 722 1851 784 ὅλως

274 817 442 886 αὐτὴν
473 813 607 870 εἶναι
634 816 1149 878 κατασκευάζουσιν.
1191 817 1254 867 ’³0
1282 815 1388 883 γὰρ
1420 814 1607 869 παθεῖν
1645 813 1851 867 ἀποπέ-

277 910 465 977 φυκεν,
494 908 615 962 οὐδὲ
643 908 740 979 τὴν
765 907 1047 978 ποιητικὴν
1073 907 1352 976 ἐνέργειαν
1381 906 1465 973 ἐφ’
1495 902 1686 957 ἑαυτοῦ
1712 902 1847 956 πάν-

272 1017 380 1062 τως
409 999 709 1069 προσίεται.
753 999 809 1052 '0
834 1000 1010 1051 τοίνυν
1037 995 1312 1069 ἐνεργείας
1337 996 1478 1059 τινὸς
1506 993 1849 1063 ἀποτέλεσμα

272 1091 364 1144 τὸν
397 1091 525 1143 Υίὺν
562 1089 835 1161 διορίζων,
881 1089 940 1143 ἒν
982 1107 1033 1142 τι
1068 1088 1159 1142 καὶ
1198 1085 1386 1140 τοῦτον
1440 1086 1547 1139 τῶν
1590 1085 1849 1156 παθητῶν

272 1180 587 1251 διορίζεται,
631 1182 730 1235 ὅσα
776 1181 839 1233 δι’
886 1178 1162 1249 ἐνεργείας
1204 1177 1327 1247 ἔσχε
1371 1177 1469 1247 τὴν
1524 1174 1846 1247 πρόοδονοῆ

273 1272 433 1343 εἴπερ
481 1275 695 1344 ἀρνοῖτο
732 1272 793 1325 τὸ
828 1270 1015 1333 πάθος,
1051 1270 1142 1322 καὶ
1188 1269 1287 1337 τὴν
1335 1268 1630 1321 ὑπόστασιν
1683 1262 1846 1320 αὐτοῦ

275 1363 415 1433 μετά
459 1365 549 1417 τοῦ
583 1365 784 1427 πάθους
831 1363 1139 1433 ἀρνήσεται.
1184 1358 1320 1413 Ἀλλ’
1352 1359 1537 1429 ἐπειδὴ
1570 1358 1687 1412 καθ’
1717 1358 1846 1411 ἐκά-

270 1466 428 1525 τερον
480 1456 589 1507 τῶν
636 1455 775 1509 κατά
828 1454 887 1509 τὸ
938 1451 1272 1526 διλήμματον
1319 1450 1765 1524 προφαινομένων
1814 1451 1847 1521 ἡ

272 1546 511 1607 ἀσέϐεια,
548 1546 642 1600 καὶ
673 1546 731 1600 τὸ
762 1545 835 1616 μὴ
865 1541 998 1599 εἶναι
1031 1544 1228 1611 λέγειν,
1265 1545 1358 1597 καὶ
1390 1543 1450 1596 τὸ
1484 1541 1723 1609 παθητὸν
1753 1542 1848 1594 αὐ-

272 1635 361 1689 τὸν
386 1636 606 1701 οἴεσθαι,
640 1637 902 1708 πρόδηλος
926 1639 957 1704 ἡ
990 1635 1238 1706 ἀλήθεια,
1261 1635 1348 1688 διὰ
1373 1635 1472 1704 τῆς
1498 1634 1605 1687 τῶν
1630 1632 1845 1687 ἀτόπων

270 1724 599 1794 ἀναιρέσεως
632 1724 1058 1795 ἀναφαινομένη.
1100 1725 1163 1776 Εἰ
1197 1722 1304 1795 γὰρ
1337 1724 1429 1776 καὶ
1459 1722 1672 1789 ἀληθῶς
1707 1722 1843 1787 ἔστι,

272 1816 365 1868 καὶ
394 1814 631 1884 παθητὸς
669 1816 769 1868 οὐκ
814 1815 981 1878 ἔστιν,
1016 1814 1174 1884 δῆλον
1207 1814 1286 1867 ὅτι
1329 1813 1426 1867 οὐκ
1467 1814 1525 1881 ἐξ
1569 1814 1847 1884 ἐνεργείας

271 1906 439 1968 ἐστὶν,
469 1906 583 1959 ἀλλ’
608 1907 683 1970 ὡς
716 1907 861 1969 εἰκὸς
892 1904 1143 1975 ἀληθινὸν
1170 1900 1306 1959 εῖναι
1332 1905 1462 1959 Θεὸν
1493 1906 1557 1957 ἐκ
1590 1904 1682 1958 τοῦ
1716 1906 1847 1976 ἀληο

272 1993 419 2047 θινοῦ
446 1995 580 2049 Θεοῦ
626 1994 718 2049 τοῦ
759 1995 992 2067 Πατρὸς,
1033 1994 1258 2058 ἀπαθῶς
1291 1995 1351 2058 ἐξ
1381 1995 1550 2047 ἀϊδίου
1598 1996 1848 2064 ἀπαυγαο

272 2083 470 2137 σθέντα
502 2102 558 2137 τε
611 2087 703 2139 καὶ
746 2084 1119 2154 ὲκλάμψαντα.
1174 2084 1333 2137 Ἀλλὰ
1386 2082 1503 2136 κατ’
1544 2082 1711 2154 αὐτὴν
1748 2084 1846 2154 τὴν

272 2174 492 2239 ουσίαν,
527 2177 724 2246 φησὶν,
761 2176 1034 2247 ἄφθαρτός
1076 2179 1221 2229 ἐστιν
1259 2176 1286 2227 ό
1329 2173 1489 2239 Θεός’
1537 2175 1590 2227 τί
1624 2174 1680 2227 δὲ
1722 2174 1849 2229 ἄλλο

270 2263 379 2317 τῶν
408 2264 722 2336 θεοπρεπῶν
747 2266 1031 2336 νοημάτων
1054 2266 1153 2319 οὐκ
1180 2265 1351 2335 αὐτῆς
1379 2265 1559 2335 ἔχεται.
1593 2264 1685 2318 τοῦ
1716 2265 1846 2318 Υίοῢ

268 2355 371 2425 τῆς
399 2356 617 2421 οὐσίας;
654 2355 725 2410 Τὸ
753 2357 976 2423 δίκαιον,
1010 2354 1069 2409 τὸ
1098 2355 1321 2425 ἀγαθὸν,
1354 2356 1415 2409 τὸ
1443 2356 1630 2419 ἀΐδιον,
1668 2355 1727 2409 τὸ
1753 2356 1845 2409 τοῦ

271 2447 442 2499 κακοῦ
474 2446 670 2509 παντὸς
698 2448 1075 2511 ἀνεπίδεκτον,
1103 2448 1163 2500 τὸ
1201 2450 1258 2500 ὲν
1290 2449 1453 2500 παντὶ
1499 2447 1575 2518 τῷ
1621 2447 1761 2519 κατά
1788 2448 1848 2502 τὸ

270 2537 473 2604 ἀγαθὸν
514 2538 785 2609 νοουμένῳ
811 2538 1213 2609 ἀπεριόριστον.
1253 2525 1389 2607 ’Δρα
1418 2536 1500 2601 τίς
1528 2538 1673 2591 ἐστιν
1706 2540 1733 2592 ό
1762 2538 1848 2591 λέ⁶

268 2645 399 2696 γων,
445 2629 734 2700 ὲπίκτητόν
778 2648 829 2682 τι
867 2630 977 2682 τῶν
1016 2630 1195 2682 καλῶν
1228 2626 1364 2681 εἶναι
1397 2631 1463 2699 τῇ
1505 2628 1624 2700 θείᾳ
1667 2626 1847 2699 φύσει,

268 2719 362 2785 καὶ
388 2721 447 2773 οὑ
470 2721 577 2772 πᾶν
600 2722 628 2772 ὅ
648 2720 699 2772 τί
722 2719 829 2789 πέρ
855 2721 969 2771 ἐστι
991 2719 1149 2771 καλὸν
1170 2719 1375 2771 ἐκεῖθέν
1394 2737 1453 2770 τε
1477 2720 1845 2791 ἀφορμᾶσθαι,

268 2809 364 2863 καὶ
389 2810 446 2863 ὲν
482 2808 617 2879 αὐτῇ
652 2809 1005 2879 θεωρεῖσθαι;
1040 2808 1196 2861 Οὕτω
1224 2810 1317 2861 τοῦ
1352 2811 1631 2880 προφήτου
1662 2812 1847 2879 λέγον-

268 2914 383 2964 ⁴τος,
410 2900 493 2953 ὅτι
537 2900 588 2951 εἴ
610 2917 660 2952 τι
704 2899 902 2962 καλὸν,
938 2898 1121 2962 αὑτοῦ,
1160 2900 1252 2951 καὶ
1285 2900 1337 2950 εἴ
1371 2917 1423 2951 τι
1469 2900 1691 2967 ἀγαθὸν,
1718 2904 1850 2970 παρ’

270 2989 438 3045 αὐτοῦ
465 2992 596 3044 ἐστι.
630 2991 896 3042 Συνάπτει
920 2988 975 3042 δὲ
1005 2985 1196 3059 τούτῳ,
1219 2986 1279 3041 τὸ
1301 2991 1393 3044 καὶ
1411 2990 1703 3061 ἀγέννητον
1732 2999 1849 3044 κατ’

269 3080 458 3133 οὐσίαν
484 3076 642 3135 εἶναι.
693 3080 832 3148 Ἐγὼ
860 3080 916 3133 δὲ
949 3081 997 3132 εί
1031 3080 1129 3149 μὲν
1157 3078 1297 3133 οὕτω
1325 3080 1460 3133 νοῶν
1491 3081 1648 3134 τοῦτο
1680 3082 1843 3152 λέγει,

268 3174 351 3226 ὅτι
383 3171 675 3241 ἀγέννητός
709 3172 825 3223 ἐστι
852 3169 946 3222 τοῦ
990 3167 1203 3240 Πατρός
1233 3170 1266 3239 ἡ
1298 3168 1488 3235 οὐσία,
1537 3172 1847 3244 συντίθεμαι

269 3262 347 3333 τῷ
388 3260 683 3332 λεγομένῳ,
718 3262 810 3314 καὶ
847 3262 945 3324 οὐκ
990 3262 1278 3315 ἀντιϐαίνω
1320 3261 1396 3331 τῷ
1428 3261 1678 3332 δόγματι.
1714 3264 1848 3318 Οὐδὲ

272 3354 379 3423 γάρ
414 3371 495 3416 τις
535 3352 670 3416 ὅλως
718 3352 826 3407 τῶν
867 3350 1230 3417 εὐσεϐούντων
1276 3354 1530 3422 γεννητὸν
1575 3350 1711 3409 εἶναι
1758 3356 1848 3409 τὸν

274 3446 487 3516 Πατέρα
515 3444 607 3497 τοῦ
634 3444 966 3512 Μονογενοῦς
1007 3444 1337 3498 ὑποτίθεται.
1373 3446 1435 3497 Εἰ
1469 3444 1526 3497 δὲ
1563 3445 1719 3499 τοῦτο
1749 3447 1848 3517 μὲν

273 3537 601 3592 ἐνδείκνυται
641 3537 782 3589 κατὰ
810 3536 871 3589 τὸ
900 3538 1086 3607 σχῆμα
1116 3534 1211 3589 τοῦ
1243 3536 1421 3604 λόγου,
1454 3538 1847 3602 κατασκευάζει

270 3624 328 3683 δὲ
355 3630 414 3682 τὸ
445 3630 612 3699 αὐτὴν
643 3630 741 3699 τὴν
772 3624 1094 3698 ἀγεννησίαν
1120 3628 1307 3681 οὐσίαν
1334 3623 1493 3691 εἶναι,
1523 3627 1678 3681 τοῦτό
1706 3647 1847 3701 φημι

270 3721 380 3775 δεῖν
416 3721 491 3792 μὴ
538 3720 915 3791 παραδραμεῖν
948 3717 1318 3787 ἀνεξέταστον,
1355 3719 1431 3783 ὡς
1474 3721 1539 3774 ἂν
1591 3721 1664 3791 μὴ
1696 3721 1847 3776 λάθοι

270 3814 395 3876 τοὺς
416 3810 843 3881 εὐεξαπατήτους
868 3810 999 3881 πρὸς
1021 3811 1119 3879 τὴν
1151 3810 1545 3878 συγκατάθεσιν
1561 3812 1658 3881 τῆς
1683 3811 1846 3882 βλασ-

272 3903 482 3973 φημίας
514 3900 957 3969 ὑποποιούμενος.
998 3901 1121 3954 Ὀτι
1145 3902 1320 3954 τοίνυν
1342 3900 1469 3955 ἀλλο
1490 3918 1541 3953 τι
1576 3903 1673 3969 τῆς
1694 3903 1850 3968 ἀγεν»

253 3992 449 4063 νησίας
498 3990 614 4043 ἐστὶ
647 3988 741 4043 καὶ
771 3988 1087 4057 ἀγέννητος,
1131 3987 1307 4057 ἀμιγῆ
1345 3988 1438 4040 καὶ
1480 3987 1729 4059 καθαρὰν
1759 3985 1850 4044 οὗ·

256 4102 360 4142 σαν
403 4082 585 4153 πάσης
617 4078 933 4151 ἑτερότητος
963 4079 1057 4131 καὶ
1088 4078 1373 4149 διαφορᾶς.
1420 4078 1557 4150 Περὶ
1575 4079 1674 4132 τοῦ
1710 4077 1846 4134 Θεοῦ

254 4176 432 4231 ταῦτα
460 4175 629 4242 λέγει,
678 4166 737 4227 οὗ
782 4171 883 4243 τὴν
934 4169 1121 4225 οὐσίαν
1170 4170 1248 4242 (u)
1304 4170 1618 4241 ἀφθαρσίαν
1666 4188 1725 4226 τε
1756 4172 1852 4227 καί⁵

256 4267 587 4339 ἀγεννησίαν
621 4260 757 4319 εἷναί
801 4281 954 4334 φησι.
999 4261 1137 4334 Τρία
1168 4262 1348 4317 τοίνυν
1387 4264 1479 4317 ἐπὶ
1512 4263 1648 4317 Θεοῦ
1698 4260 1853 4319 εἶπεν

256 4362 524 4433 ὀνόματα,
560 4357 660 4430 τὴν
686 4357 898 4419 οὐσίαν,
930 4354 990 4408 τὸ
1022 4354 1319 4426 ἄφθαρτον,
1350 4355 1410 4409 τὸ
1441 4356 1755 4428 ἀγέννητον.
1787 4356 1851 4411 Εἰ

262 4455 363 4527 μία
406 4453 512 4506 τῶν
556 4452 724 4524 τριῶν
755 4448 960 4503 τούτων
998 4448 1279 4520 ὀνομάτων
1325 4450 1417 4502 ἐπὶ
1464 4448 1601 4504 Θεοῦ
1635 4453 1780 4503 ἐστιν
1815 4450 1849 4520 ἡ

260 4546 461 4609 ἔννοια,
504 4542 759 4615 ήθεότης
805 4539 978 4593 ταῦτα
1018 4539 1088 4592 τά
1131 4538 1257 4608 τρία
1306 4539 1522 4602 πάντως
1551 4540 1715 4593 ἐστίν.
1765 4539 1852 4603 Ὠς

258 4636 315 4691 εἴ
354 4652 436 4699 τις
474 4634 622 4703 λέγοι
666 4630 759 4685 τὸν
806 4629 1091 4701 ἄνθρωπον
1144 4631 1545 4703 χαρακτηρϊσαι
1591 4630 1848 4701 βουλόμε-

258 4744 351 4791 νος
406 4726 624 4795 λογικὸν
667 4723 829 4777 αὐτὸν
880 4719 1041 4787 εἶναι,
1094 4721 1416 4790 γελαστικόν
1458 4738 1519 4774 τε
1569 4723 1662 4775 καὶ
1713 4722 1851 4776 πλα-

257 4817 558 4889 τυώνυχον.
603 4817 721 4886 Ἐφ’
749 4809 794 4884 ᾧ
837 4814 927 4868 διά
963 4814 1023 4866 τὸ
1069 4814 1343 4885 μηδεμίαν
1386 4813 1529 4866 κατά
1562 4812 1658 4882 τὴν
1691 4812 1852 4880 φύσιν

262 4913 321 4963 ὲν
358 4909 574 4980 ἑκάστῳ
617 4906 880 4980 διαφορὰν
923 4900 1067 4959 εἶναι
1122 4905 1463 4975 ἰσοδυναμεῖν
1509 4921 1568 4957 τε
1601 4900 1853 4974 ἀλλήλοις

256 5002 329 5055 τὰ
373 5002 614 5070 ὀνόματα
664 4999 918 5070 λέγομεν,
961 4997 1055 5051 καὶ
1102 4997 1161 5051 ἓν
1203 4991 1345 5049 εῖναι
1391 4994 1469 5066 τῷ
1509 4994 1853 5067 ὑποκειμένῳ

256 5096 330 5149 τὰ
363 5094 512 5165 τρία,
555 5094 656 5164 τὴν
706 5091 1130 5165 ἀνθρωπότητα,
1169 5090 1268 5162 τὴν
1306 5088 1395 5143 διὰ
1425 5090 1534 5142 τῶν
1573 5089 1853 5159 ὀνομάτων

258 5189 700 5258 ὑπογραφετσαν.
746 5186 811 5239 Ei
856 5184 1037 5239 τοίνυν
1080 5182 1241 5238 τοῦτό
1287 5185 1435 5237 ἐστιν
1476 5183 1510 5252 ὴ
1560 5182 1769 5252 θεότης,
1816 5184 1849 5254 ἡ

256 5279 563 5349 ἀγεννησία
596 5294 656 5331 τε
688 5278 783 5331 καὶ
805 5278 838 5349 ὴ
863 5276 1144 5349 ἀφθαρσία
1175 5276 1271 5331 καὶ
1299 5277 1333 5347 ἡ
1367 5274 1545 5340 οὐσία,
1576 5273 1722 5328 κατά
1746 5276 1852 5329 πᾶ-

276 5387 379 5424 σαν
402 5368 652 5438 ἀνάγκην
678 5368 736 5420 ὲν
767 5372 836 5441 τῇ
870 5368 965 5422 τοῦ
1000 5368 1118 5433 ἐνὸς
1150 5368 1354 5422 τούτων
1385 5363 1693 5435 ἀφαιρέσει,
1731 5381 1852 5420 συν-

330 5492 409 5561 (α)
451 5490 615 5546 Deest
649 5488 853 5558 aliquid
880 5488 1025 5561 quod
1046 5487 1321 5561 suppleex
1346 5485 1532 5561 Boico,
1555 5484 1833 5561 ξτιτοίνυν

260 5555 469 5618 and“
498 5562 597 5632 τῆς
629 5555 955 5632 ἀγεννησίας
986 5562 1076 5632 επὶ
1193 5557 1391 5632 νόημα,
1426 5556 1520 5609 καὶ
1546 5555 1836 5632 ἄλλοςῇτῆς

262 5634 410 5695 θείας
463 5626 688 5695 οὐσίας,
720 5632 747 5683 ὁ
796 5626 953 5696 λόγος
994 5630 1051 5695 ἐξ
1099 5626 1430 5681 αὐτῶντῶν
1480 5626 1607 5697 παρ’
1672 5626 1837 5697 αὐτοῦ

264 5702 569 5774 δ.εγόμένων
601 5703 745 5755 ἐστὶν
774 5702 800 5753 ὁ
834 5695 1072 5769 ἔλεγχος.
1100 5699 1253 5751 Κατὰ
1278 5699 1445 5769 αὐτήν
1477 5695 1609 5768 φησι
1636 5695 1735 5769 τὴν
1757 5697 1841 5749 οὐ·

1955 449 2267 517 operatione
2313 464 2420 503 non
2468 449 2573 504 erit
2627 448 2851 503 omnino
2897 448 3042 519 quod
3075 448 3323 504 efﬁcitur.
3354 450 3431 503 Ita
3466 460 3526 505 ut

1954 539 2184 594 duorum
2229 540 2484 608 alterum,
2532 540 2615 595 vel
2647 540 2927 610 patibilem
2979 557 3074 611 per
3100 541 3215 595 hinc
3247 540 3523 611 Unigeniti

1953 630 2247 686 essentiam
2294 631 2516 695 facient,
2555 638 2613 684 ιιι
2645 632 3015 699 operationem
3056 633 3265 702 capiat;
3306 633 3389 687 vel
3420 633 3524 687 hoc

1954 727 2174 788 propter
2206 719 2511 774 evidentem
2544 720 2875 789 impietatem
2905 729 3177 786 verentes,
3211 736 3387 791 neque
3430 739 3523 793 pe-

1953 812 2100 866 nitus
2130 800 2301 881 ipsam
2337 828 2458 868 esse
2496 820 2851 881 praestruunt.
2890 812 3045 877 Quod
3092 814 3236 868 enim
3278 815 3385 881 pati
3421 833 3522 869 na-

1952 910 2071 956 tura
2106 902 2382 969 abhorret,
2438 919 2614 972 neque
2640 903 2968 959 ell‘ectrieem
3001 904 3295 958 cf'licaeiam
3343 906 3397 959 in
3433 922 3523 961 se-

1952 992 2128 1061 ipsum
2170 993 2392 1047 omnino
2426 992 2682 1047 admittit.
2717 992 2819 1059 Qui
2854 994 3018 1064 igitur
3065 995 3297 1064 alicujus
3326 1012 3525 1066 opera-

1950 1083 2116 1139 tionis
2166 1083 2416 1139 efl‘ectum
2463 1083 2660 1147 Filium
2704 1085 2913 1148 definit,
2968 1086 3113 1139 hunc
3154 1087 3315 1140 etiam
3353 1103 3521 1142 unum

1950 1178 2080 1248 quid
2108 1193 2295 1233 eorum
2330 1192 2450 1248 qua)
2478 1177 2585 1247 pati
2619 1187 2744 1231 nata
2778 1185 2907 1231 sunt
2933 1178 3141 1240 definit,
3184 1194 3524 1249 quaecunque

1950 1284 2046 1339 per
2096 1270 2462 1339 operationem
2506 1282 2826 1338 processum
2866 1268 3087 1330 habent,
3122 1269 3203 1321 vel
3251 1269 3520 1338 siquidem

1951 1362 2352 1431 perpessionem
2378 1368 2553 1431 neget,
2579 1361 2743 1415 etiam
2773 1360 2946 1430 ipsius
2964 1357 3376 1414 subsistentiam
3398 1375 3521 1413 eum

1950 1451 2300 1521 perpessione
2320 1450 2554 1520 negabit.
2580 1450 2687 1505 Sed
2712 1449 2970 1520 quoniam
2992 1449 3291 1504 secundum
3315 1461 3523 1504 utrum-

1949 1556 2056 1611 que
2080 1555 2268 1595 eorum
2303 1555 2425 1609 quae
2468 1555 2563 1610 per
2605 1540 2860 1617 dilemma
2900 1540 3365 1604 demonstrantur,
3418 1539 3523 1593 im-

1949 1634 2123 1704 pietas
2151 1635 2267 1697 est,’
2302 1642 2355 1689 et
2388 1648 2498 1688 non
2538 1648 2662 1689 esse
2689 1633 2890 1695 dicere,
2926 1640 2981 1687 et
3031 1633 3210 1701 ipsum
3244 1632 3519 1700 patibilem

1946 1740 2068 1781 esse
2118 1734 2329 1795 putare,
2376 1722 2665 1779 manifesta
2700 1724 2904 1779 veritas
2951 1739 3071 1793 quae
3108 1739 3202 1793 per
3255 1723 3517 1777 falsorum

1946 1816 2295 1871 abolitionem
2332 1817 2531 1871 elucet.
2567 1814 2623 1868 Si
2652 1816 2795 1869 enim
2827 1815 2990 1871 etiam
3031 1830 3155 1871 vere
3200 1823 3304 1877 est,
3340 1821 3393 1867 et
3428 1828 3524 1882 pa-

1947 1905 2117 1960 tihilis
2147 1921 2253 1959 non
2279 1912 2384 1970 est,
2410 1905 2761 1975 perspicuum
2787 1920 2852 1959 ex
2876 1903 3191 1973 operatione
3213 1903 3384 1972 ipsum
3413 1917 3521 1955 non

1944 2011 2087 2061 esse,
2123 1997 2216 2052 sed
2243 1998 2384 2051 sicut
2405 2002 2834 2051 consentaneum
2862 2003 2967 2059 est,
2999 2009 3186 2049 verum
3210 2009 3333 2049 esse
3353 1992 3520 2047 Deum

1946 2105 2011 2145 ex
2043 2104 2168 2145 vero
2193 2090 2299 2143 Deo
2321 2089 2503 2153 Patre,
2535 2087 2909 2158 impatibiliter
2938 2101 3001 2141 ex
3033 2094 3237 2140 :eterno
3268 2083 3524 2153 splende-

1947 2190 2188 2238 scentem
2243 2188 2297 2235 et
2352 2178 2725 2233 irradiantem.
2780 2178 2909 2242 Sed,
2968 2176 3161 2246 inquit,
3220 2174 3521 2231 secundum

1946 2272 2241 2327 essentiam
2286 2270 2721 2340 incorruptibilis
2751 2278 2833 2324 est
2860 2267 3025 2323 Deus.
3061 2266 3202 2332 Quid
3232 2265 3379 2319 aliud
3424 2280 3520 2319 eo-

1946 2376 2069 2417 rum
2122 2377 2241 2432 qua:
2288 2360 2455 2416 Deum
2507 2360 2699 2415 decere
2753 2359 3129 2427 intelliguntur
3184 2372 3291 2409 non
3349 2356 3523 2424 ipsam
3561 2347 3573 2359 ’

1948 2452 2071 2507 Filii
2103 2455 2396 2509 essentiam
2434 2450 2758 2521 possident?
2804 2448 3043 2512 Justum,
3089 2447 3314 2508 bonum,
3365 2453 3525 2499 teter-

1947 2561 2102 2609 num,
2145 2544 2343 2599 nullius
2378 2544 2504 2596 mali
2532 2557 2723 2611 capax,
2768 2541 2823 2595 in
2861 2541 3011 2594 omni
3044 2554 3107 2594 eo
3147 2537 3293 2609 quod
3323 2552 3524 2591 secun-

1949 2637 2078 2691 dum
2122 2637 2319 2689 bonum
2373 2634 2694 2705 intelligitur
2723 2632 3015 2686 infinitum.
3053 2628 3254 2685 Verum
3285 2629 3409 2699 quis
3439 2636 3524 2684 est

1948 2728 2041 2797 qui
2073 2726 2221 2780 dicat
2261 2724 2463 2794 aliquid
2496 2738 2683 2779 eorum
2719 2737 2838 2793 quae
2866 2730 2995 2776 sunt
3039 2721 3267 2791 pulchra
3307 2728 3359 2775 et
3388 2735 3525 2789 prae.

1949 2817 2121 2879 clara,
2143 2815 2341 2868 divinae
2368 2821 2578 2867 naturae
2601 2828 2723 2868 esse
2747 2811 3127 2875 adventitium,
3158 2822 3210 2866 et
3232 2826 3340 2865 non
3363 2811 3525 2879 quid—

1951 2906 2081 2975 quid
2120 2914 2205 2960 est
2231 2905 2516 2974 pulchrum
2558 2905 2706 2959 illinc
2738 2903 3035 2974 proficisci,
3065 2910 3118 2958 et
3155 2903 3207 2957 in
3237 2919 3299 2959 ea
3331 2903 3518 2957 consi-

1879 3025 1921 3081 C
1954 2996 2154 3057 derari,
2181 2994 2262 3049 sic
2282 2995 2495 3050 dicente
2513 2995 2797 3065 propheta,
2829 2994 2975 3062 quod
3005 2994 3052 3050 si
3072 2993 3203 3064 quid
3235 2994 3522 3063 pulchrum

1953 3094 2058 3149 est,
2097 3085 2288 3155 ipsius,
2346 3096 2398 3141 et
2449 3087 2494 3141 si
2529 3085 2674 3156 quod
2703 3087 2926 3148 bonum,
2978 3086 3045 3140 ab
3094 3087 3214 3155 ipso
3242 3085 3358 3139 est?
3388 3085 3522 3139 Cum

1954 3174 2059 3228 hoe
2088 3183 2269 3229 autem
2301 3175 2519 3243 copulat
2562 3176 2860 3244 ingenitum
2891 3174 3054 3227 etiam
3093 3174 3394 3229 secundum
3441 3188 3527 3228 es-

1954 3265 2186 3320 sentiam
2212 3279 2355 3319 esse.
2387 3264 2495 3333 Ego
2520 3262 2771 3332 equidem
2804 3263 2850 3317 si
2874 3264 2947 3316 ita
2979 3265 3223 3319 sentiens
3245 3264 3349 3319 hoc
3369 3263 3523 3327 dicit,

1952 3357 2098 3426 quod
2128 3356 2367 3424 ingenita
2415 3365 2499 3410 est
2531 3354 2709 3409 Patris
2754 3356 3009 3420 essentia,
3046 3355 3190 3409 dicto
3229 3357 3522 3418 assentior,

1952 3463 2129 3518 neque
2181 3447 2421 3518 dogmati
2481 3448 2698 3503 resisto.
2746 3447 2937 3502 Nullus
2984 3447 3131 3503 enim
3178 3462 3405 3517 prorsus
3438 3449 3526 3518 pie

1952 3536 2249 3591 viventium
2301 3534 2518 3590 Patrem
2559 3534 2833 3606 Unigeniti
2884 3551 3007 3592 esse
3058 3535 3298 3606 genitum
3350 3537 3521 3606 ponit.

1954 3629 2108 3694 Quod
2137 3628 2183 3683 si
2215 3628 2317 3682 hoc
2362 3627 2582 3699 quidem
2615 3627 3024 3682 demonstratur
3057 3627 3355 3682 secundum
3399 3628 3529 3699 ηεαδ

1954 3735 2071 3773 ram
2106 3719 2394 3782 sermonis,
2433 3719 2629 3775 astruit
2663 3725 2841 3773 autem
2881 3718 3223 3789 ἀγεννησίαν,
3257 3728 3309 3774 et
3339 3734 3525 3775 essen-

1954 3809 2084 3863 tiam
2121 3809 2260 3865 idem
2302 3824 2444 3873 esse,
2480 3809 2584 3864 hoc
2616 3824 2723 3865 non
2761 3810 3195 3879 praetereundum
3224 3826 3347 3869 esse
3373 3812 3525 3865 inex-

1955 3916 2176 3956 cussum
2195 3902 2339 3963 dico,
2366 3908 2424 3954 ut
2450 3916 2558 3955 non
2590 3901 2753 3956 lateat
2780 3901 3007 3971 deceptu
3037 3902 3222 3958 faciles
3243 3902 3307 3956 ad
3337 3918 3526 3958 assen-

1955 3991 2163 4046 sionem
2190 3991 2539 4061 blasphemiae
2560 3991 2830 4061 pellicere.
2851 3992 3005 4058 Quod
3033 3994 3196 4064 igitur
3219 3995 3365 4048 aliud
3392 3993 3523 4064 quid

1956 4079 2023 4134 ab
2049 4079 2273 4151 ingeniti
2296 4081 2510 4138 actione
2536 4088 2621 4138 est
2646 4081 2810 4138 etiam
2838 4080 3131 4152 ingenitus,
3156 4082 3452 4139 immistam
3477 4093 3531 4139 et

1955 4172 2147 4241 puram
2171 4173 2239 4227 ab
2258 4174 2407 4228 omni
2430 4173 2751 4230 diversitate
2765 4180 2817 4229 et
2839 4173 3168 4229 differentia.
3188 4172 3262 4228 De
3294 4172 3404 4231 Deo
3424 4175 3534 4229 haec

1953 4261 2106 4327 dicit,
2123 4264 2280 4332 cujus
2301 4264 2599 4320 essentiam
2622 4263 3223 4332 ineorruptibilitatem,
3248 4264 3526 4334 etingene-

1952 4353 2278 4409 rabilitatem
2301 4371 2423 4411 esse
2448 4355 2667 4411 asserit.
2691 4355 2817 4408 Tria
2850 4354 3014 4425 igitur
3038 4354 3092 4407 in
3122 4352 3230 4407 Deo
3261 4354 3401 4407 dixit
3428 4370 3527 4407 no-

1952 4446 2448 4510 mina,essentiam,
2468 4446 2903 4515 ineorruptibile,
2922 4445 3245 4515 ingenitum.
3264 4443 3535 4503 Siborum

1952 4537 2120 4591 trium
2146 4538 2428 4593 nominum
2457 4539 2512 4592 in
2537 4537 2648 4594 Deo
2662 4546 2748 4594 est
2768 4552 2874 4591 una
2903 4538 3204 4607 eademque
3227 4537 3401 4604 notio,
3421 4538 3539 4594 dei-

1954 4636 2039 4684 tas
2065 4628 2178 4683 haec
2201 4629 2304 4683 tria
2326 4644 2553 4699 prorsus
2577 4637 2680 4685 est.
2702 4628 2775 4684 Ut
2797 4630 2844 4685 si
2867 4631 2990 4699 quis
3008 4629 3237 4695 diceret,
3258 4629 3538 4685 hominem

1951 4720 2266 4791 exprimere
2294 4722 2507 4789 volens,
2539 4721 2861 4777 rationalem
2891 4723 3071 4794 ipsum
3101 4738 3246 4787 esse,
3270 4723 3539 4780 risibilem

1951 4818 2006 4867 et
2027 4810 2385 4882 latiunguem.
2406 4811 2463 4866 In
2478 4827 2588 4883 quo
2608 4821 2898 4884 propterea
2913 4814 3055 4884 quod
3076 4814 3225 4868 nulla
3240 4823 3323 4869 est
3341 4830 3541 4870 secun-

1952 4905 2082 4960 dum
2110 4914 2366 4961 naturam
2390 4905 2446 4961 in
2470 4921 2804 4978 unoquoque
2824 4906 3152 4973 differentia,
3177 4909 3292 4964 haec
3316 4910 3538 4964 nomina

1952 4998 2097 5054 inter
2110 5013 2170 5055 se
2186 4999 2293 5054 vim
2307 4999 2570 5070 aequalem
2588 5000 2792 5055 habere
2812 5000 3070 5065 dicimus,
3086 5009 3140 5057 et
3160 5017 3326 5056 unum
3343 5015 3469 5056 esse
3488 5000 3538 5051 in

1952 5089 2201 5160 subjecto
2232 5090 2349 5145 haec
2370 5090 2498 5155 tria,
2536 5104 2732 5161 nempe
2759 5090 3157 5147 humanitatem
3183 5107 3279 5162 per
3305 5088 3528 5142 nomina

1952 5182 2132 5238 deseri
2140 5180 2373 5253 ptam.Si
2391 5198 2522 5254 ergo
2540 5183 2645 5240 hoc
2662 5193 2744 5239 est
2757 5183 3162 5254 deitas,nempe
3173 5178 3472 5248 ἀγεννησία
3489 5183 3541 5227 et

1953 5274 2444 5346 ineorruptibilitas
2459 5283 2513 5331 ct
2530 5277 2790 5342 essentia,
2811 5278 2959 5333 omni
2982 5276 3311 5333 necessitate
3330 5272 3527 5323 horum

1956 5382 2067 5424 uno
2087 5369 2304 5425 sublato
2333 5357 2499 5425 simul
2524 5371 2690 5426 etiam
2724 5369 2899 5425 deitas
2930 5368 3158 5421 tollitur.
3192 5361 3261 5419 Ut
3291 5362 3439 5417 enim
3478 5359 3527 5414 si

1947 5488 2067 5563 σίαν
2099 5489 2376 5563 ἀφθαρτός
2414 5491 2533 5542 ἐστι
2565 5490 2658 5563 καὶ
2692 5487 3010 5563 ἀγέννητρς,
3040 5482 3219 5563 ἀμιχῆ
3244 5481 3542 5563 καὶ-καῦσις

1945 5561 2043 5630 ρᾶς
2068 5555 2236 5630 οὗσης
2253 5555 2442 5630 ’πάσης
2466 5560 2784 5630 ἑτερότητος
2809 5558 2903 5609 καὶ
2928 5556 3211 5625 διαφορᾶς,
3236 5556 3364 5627 περὶ
3397 5555 3535 5607 θεοῦ

1945 5578 2043 5630 ρας
2068 5578 2236 5669 onor};
2261 5578 2442 5626 πασης
2466 5578 2771 5629 scaporum,-

1942 5630 2112 5685 ταῦτα
2147 5630 2315 5700 λεγει,
2348 5629 2407 5686 οὗ
2436 5631 2534 5701 τὴν
2564 5628 2771 5681 οὐσίαν.
