4056 6146
1803 259 1847 274 ’Ν

592 267 612 319 i
621 263 729 321 3'39
1803 263 1872 318 ‘S.

1932 253 2254 316 GREGORII
2307 251 2603 313 NYSSENi

3625 265 3726 329 Ῐῦιθ

589 379 713 447 quis
745 377 942 432 dixerit
985 393 1158 447 neque
1185 377 1427 432 rationis
1472 379 1812 447 participem,
1878 393 2051 447 neque
2087 377 2152 430 ad

2255 380 2466 446 ἀναιρεῖ
2497 376 2588 427 καὶ
2616 374 2710 443 τὴν
2733 373 2976 443 θεότητα.
3009 366 3097 435 Ὠς
3125 371 3226 443 γὰρ
3248 375 3332 426 τὸν
3360 376 3424 447 μὴ
3444 377 3624 446 λογικὸν
3644 386 3729 438 οῶὲ

591 470 873 523 ridendum
894 480 1076 537 aptum
1101 479 1327 535 natura;
1361 487 1533 539 neque
1555 472 1828 525 hominem
1862 487 1982 524 esse
2007 486 2155 524 assc-

593 561 777 614 ruerit.
814 560 888 613 Ita
917 571 969 614 et
1000 562 1054 614 in
1092 562 1174 617 his
1207 564 1380 618 tribus
1410 563 1736 626 nominibus,
1773 563 2012 632 ingenito
2038 562 2158 614 dico

589 661 640 703 et
679 652 1096 721 incorruptibili,
1126 662 1178 707 et
1211 658 1469 720 essentia,
1508 657 1551 709 si
1584 672 1677 725 per
1711 657 1824 709 haec
1849 656 2022 709 deitas
2057 669 2153 707 no-

591 744 848 808 tificatur,
882 745 1101 814 quando
1130 762 1296 800 unum
1336 748 1553 815 aliquod
1607 748 1799 799 borum
1837 747 2000 798 trium
2052 760 2157 797 non

591 834 764 896 adest,
799 836 988 904 procul
1017 837 1183 889 dubio
1213 836 1265 889 in
1297 852 1360 890 eo
1391 836 1533 905 quod
1567 843 1814 904 superest
1844 835 2042 888 abolita
2079 845 2161 888 est

590 922 807 975 dcitatis
851 924 1010 975 ratio.
1051 923 1190 993 Ergo
1235 925 1563 994 respondeat
1607 939 1766 993 quam
1799 925 1865 979 de
1895 923 2002 977 Deo
2043 923 2162 976 uni—

591 1015 776 1083 genito
807 1016 968 1069 habet
1008 1017 1348 1084 opinionem:
1404 1015 1645 1085 genitum
1679 1016 1877 1084 ipsum,
1911 1030 1978 1067 an
2013 1014 2157 1083 inge-

594 1107 765 1158 nitum
801 1114 984 1176 putet;
1023 1108 1261 1176 genitum
1295 1107 1438 1159 dicet
1469 1107 1710 1170 omnino,
1747 1106 2015 1175 siquidem
2046 1106 2162 1159 suis

592 1197 751 1250 dictis
783 1212 893 1250 non
937 1206 1218 1267 repugnet.
1249 1196 1304 1249 Si
1350 1197 1516 1266 igitur
1562 1197 1701 1251 idem
1734 1207 1817 1250 est
1849 1211 1971 1250 cum
2011 1197 2160 1266 iugc-

596 1288 731 1350 nito,
758 1289 1107 1356 essentiaquc
1141 1296 1194 1342 et
1223 1275 1652 1358 incorruptibile,
1689 1302 1785 1357 per
1815 1302 1937 1356 qua:
1966 1285 2165 1340 divini-

598 1389 680 1432 tas
713 1378 1084 1448 dignoscitur;
1140 1379 1226 1432 cui
1271 1395 1377 1434 non
1428 1379 1582 1433 adest
1626 1379 1949 1447 ingenitum,
2002 1376 2163 1432 simul

597 1470 666 1523 ab
694 1470 796 1523 hoc
828 1471 1005 1524 ablata
1044 1479 1128 1526 est
1169 1471 1324 1540 plane
1355 1471 1596 1526 essentia
1631 1471 1860 1540 etquod
1907 1469 2162 1524 incorru-

599 1560 806 1628 ptibile,
839 1561 1036 1630 quibus
1079 1563 1303 1617 remotis
1332 1561 1504 1616 deitas
1540 1563 1850 1616 necessario
1872 1563 2162 1618 cximetur.

598 1651 957 1714 Quamobrem
973 1650 1040 1704 ad
1056 1651 1326 1720 duplicem
1349 1652 1637 1705 terminum
1659 1651 1957 1706 secundum
1976 1666 2163 1706 eorum

2263 467 2575 533 γελαστικὸν
2621 465 2760 517 εἴποι
2801 483 2880 526 τις
2912 465 2995 527 ἂν,
3028 465 3144 517 οὐδὲ
3189 467 3478 537 ἄνθρωπον·
3507 472 3644 537 οὕτως
3669 480 3735 529 καὶ

2260 559 2349 608 ἐπὶ
2376 557 2576 610 τούτων
2606 557 2712 610 τῶν
2743 557 2906 628 τριῶν
2941 559 3240 626 ὀνομάτων,
3271 559 3358 612 τοῦ
3392 579 3446 613 τε
3477 565 3734 636 ἀγεννήτου,

2262 651 2422 718 φημὶ,
2464 651 2556 702 καὶ
2586 649 2678 702 τοῦ
2713 649 2986 719 ἀφθάρτου
3017 649 3109 701 καὶ
3137 650 3233 718 τῆς
3272 651 3460 714 οὐσίας,
3490 655 3528 704 εί
3556 655 3627 706 διὰ
3653 661 3738 708 τού-

2262 760 2366 796 των
2400 743 2432 810 ὴ
2463 740 2650 810 θεότης
2675 741 3165 810 χαρακτηρίζεται,
3195 741 3316 793 ὅταν
3351 742 3404 794 ἓν
3432 760 3476 795 τι
3503 744 3592 796 τῶν
3619 747 3739 815 τριῶν

2267 834 2340 903 μὴ
2370 832 2607 901 ὑπάρχῃ,
2640 832 2902 902 διεγράφη
2945 832 3156 893 πάντως
3189 832 3263 901 τῷ
3290 833 3506 885 λείποντι
3533 835 3610 887 καὶ
3630 839 3652 888 ὁ
3671 838 3741 904 τῆς

2265 921 2514 988 θεότητος
2549 919 2722 986 λόγος.
2760 919 2966 970 Οὐκοῦν
3001 921 3392 989 άποκρινάσθω,
3420 923 3524 974 τίνα
3549 925 3649 992 περὶ
3673 926 3741 976 τοῦ

2269 1006 2587 1078 μονογενοῦς
2621 1006 2754 1058 Θεοῦ
2801 1006 2910 1075 ἔχει
2951 1008 3047 1074 τὴν
3077 1009 3228 1072 δόξαν
3248 1048 3261 1070 ,
3308 1011 3538 1080 γεννητὸν
3569 1013 3691 1064 αὐτὴν
3720 1014 3742 1081 ἢ

2266 1102 2556 1170 ἀγέννητον
2599 1102 2797 1167 οἱέται;
2837 1103 3096 1172 Γεννητὸν
3127 1104 3239 1172 ἐρεῖ
3271 1103 3489 1180 πάντως,
3516 1103 3640 1173 εἴπερ
3668 1106 3744 1163 τοῖς

2269 1194 2416 1257 ίδίοις
2449 1195 2522 1265 μὴ
2552 1195 2789 1264 μάχοιτο.
2824 1195 2884 1246 Εἰ
2909 1190 3002 1246 οὖν
3026 1194 3217 1247 ταύτόν
3249 1195 3359 1246 ἐστι
3385 1193 3453 1262 τῷ
3482 1195 3742 1264 ἀγεννήτῳὴ

2267 1286 2420 1338 οὐσία
2454 1303 2511 1336 τε
2547 1285 2724 1337 καὶτὸ
2762 1285 3054 1354 ἄφθαρτον,
3091 1285 3156 1336 δι’
3188 1278 3259 1336 ὧν
3292 1287 3322 1354 ἡ
3357 1285 3526 1353 θεότης
3554 1285 3746 1353 γνωρίζε-

2266 1396 2374 1441 ται,
2485 1377 2557 1447 μὴ
2594 1376 2848 1448 πρόσεστι
2874 1376 2932 1428 τὸ
2957 1376 3273 1445 ἀγέννητον,
3306 1376 3636 1446 συναφῄρηται
3663 1377 3746 1427 τού-

2267 1488 2359 1526 του
2383 1473 2596 1534 πάντως
2617 1473 2648 1541 ἡ
2671 1470 2824 1522 οὐσία
2844 1487 2900 1522 τε
2931 1470 3020 1521 καὶ
3044 1475 3103 1521 τὸ
3127 1469 3412 1538 ἄφθαρτον,
3432 1461 3498 1518 ὧν
3525 1467 3586 1537 μὴ
3605 1467 3749 1535 παρὸν-

2269 1580 2395 1627 των,
2421 1563 2513 1614 καὶ
2533 1563 2564 1632 ἡ
2583 1561 2770 1630 θεότης
2792 1559 2931 1612 κατά
2954 1561 3130 1611 πᾶσαν
3150 1560 3387 1627 ἀνάγκην
3404 1556 3747 1626 ἐξαιρεθήσεται.

2272 1653 2478 1707 Οὐκοῦν
2506 1655 2582 1715 εἰς
2601 1651 2821 1704 διπλοῦν
2842 1651 3015 1720 πέρας
3036 1651 3132 1718 τῆς
3160 1649 3294 1702 κατά
3319 1647 3377 1700 τό
3404 1647 3670 1717 βλάσφημον
3690 1648 3752 1698 αὺ-

598 1742 990 1810 ΙιΙοερΙιθηιὶοιη
1017 1744 1421 1812 consequentize
1449 1745 1588 1798 ratio
1614 1745 1876 1814 pervenit.
1936 1743 1994 1798 Si
2018 1744 2163 1798 enim

2269 1745 2374 1799 τῶν
2398 1742 2714 1804 ἀκολουθίας
2741 1744 2768 1795 ὁ
2794 1742 2947 1810 λόγος
2977 1743 3300 1812 κατήντησε.
3341 1741 3398 1791 Εἰ
3426 1739 3521 1806 γὰρ
3550 1738 3661 1790 κατά
3686 1735 3752 1787 τοῦ

597 1832 895 1886 secundum
927 1831 1066 1886 idem
1108 1833 1474 1902 significatum
1523 1835 1576 1887 in
1608 1833 1716 1888 Deo
1747 1835 1949 1889 dicitur
1975 1848 2165 1888 essen-

601 1924 670 1975 tia
698 1929 751 1976 et
779 1923 1263 1991 ineorruptihilitas
1297 1932 1349 1978 et
1384 1924 1708 1994 ingenitum,
1744 1923 2032 1979 manifeste
2072 1922 2167 1977 dc-

600 2021 937 2068 monstratus
965 2021 1050 2068 est
1081 2014 1166 2068 hic
1197 2030 1373 2069 novus
1405 2015 1496 2070 Dei
1526 2016 1839 2081 fabricator,
1871 2014 2066 2069 Filium
2100 2013 2168 2067 ab

599 2117 666 2156 eo
699 2112 962 2170 creatum,
996 2106 1404 2174 corruptibilem
1452 2108 1614 2162 etiam
1649 2122 2000 2176 cognoscere,
2038 2105 2166 2176 quia

599 2210 709 2248 non
753 2196 1049 2264 ingenitum
1088 2207 1311 2265 noscat;
1349 2214 1447 2252 nec
1481 2200 1581 2253 hoc
1628 2201 1824 2263 solum,
1865 2199 1962 2253 sed
2003 2199 2167 2253 etiam

603 2282 848 2341 funditus
881 2301 986 2340 non
1037 2289 1447 2351 subsistentem,
1486 2289 1612 2358 quia
1647 2288 1961 2358 nonpossit
1991 2288 2169 2356 ipsum

601 2377 655 2430 in
689 2377 887 2432 deitate
931 2379 1149 2446 inttteri,
1184 2380 1234 2433 in
1267 2395 1374 2449 quo
1420 2380 1716 2449 ingenitum
1763 2394 1870 2432 non
1903 2378 2166 2440 cernitur,

603 2469 871 2538 siquidem
913 2471 1052 2525 idem
1080 2470 1376 2542 ingenitum
1403 2482 1456 2527 et
1486 2473 1901 2548 incorruptibile
1927 2487 2050 2526 cum
2082 2487 2172 2527 es-

599 2561 776 2614 sentia
816 2563 1090 2629 epinatur.
1125 2562 1390 2628 Quoniam
1424 2579 1552 2618 vero
1582 2564 1634 2617 in
1668 2564 1750 2619 bis
1779 2565 2066 2634 perspicua
2090 2573 2173 2619 est

603 2651 898 2720 pernicies,
935 2653 1150 2719 miseris
1182 2655 1380 2722 aliquis
1409 2655 1680 2715 consulat,
1735 2664 1793 2707 ut
1826 2654 1891 2706 ad
1931 2655 1983 2707 id
2029 2653 2172 2724 quod

605 2752 855 2811 superest
892 2745 1101 2798 ratione
1143 2753 1551 2808 convertantur,
1603 2757 1706 2797 nec
1737 2744 2076 2799 reluctentur
2107 2759 2170 2797 ex

606 2832 897 2888 manifesto
924 2841 1112 2887 contra
1137 2834 1438 2893 veritatem,
1465 2833 1558 2887 sed
1585 2833 1956 2888 assentiantur
1978 2833 2172 2885 borum

607 2925 946 2995 singulorum
982 2926 1266 2979 nominum
1308 2925 1585 2995 proprium
1633 2939 1754 2980 esse
1786 2924 2171 2994 signiﬁcatum,

603 3016 750 3085 quod
797 3016 1012 3083 quidem
1062 3016 1232 3084 magis
1278 3017 1398 3084 quis
1432 3032 1525 3085 per
1557 3031 1620 3069 ea
1670 3029 1792 3084 qua:
1823 3026 2173 3084 opponuntur

603 3105 952 3158 intellexerit.
1000 3103 1132 3157 Nam
1171 3113 1224 3158 et
1272 3105 1571 3174 ingenitum
1615 3121 1708 3174 per
1741 3106 1908 3175 geniti
1951 3105 2176 3174 opposi-

599 3197 814 3250 tionem
862 3197 1190 3258 invenimus,
1226 3203 1279 3250 et
1319 3196 1731 3266 incorruptibile
1779 3211 1875 3265 per
1905 3196 2176 3270 corrupti-

612 3289 735 3342 bilis
782 3288 1177 3358 appositionem
1212 3289 1577 3357 cognoscitur,
1609 3297 1663 3342 et
1685 3287 1922 3342 essentia
1949 3303 2044 3356 per
2070 3287 2179 3341 dis-

607 3380 819 3434 crimen
850 3396 972 3433 cum
1008 3393 1072 3434 co
1101 3378 1245 3449 quod
1278 3393 1382 3432 non
1411 3377 1662 3432 subsistit
1701 3385 1998 3446 spectatur.
2027 3376 2180 3431 Sicut

603 3472 753 3525 enim
794 3471 937 3540 quod
979 3485 1084 3523 non
1115 3469 1356 3537 genitum
1389 3475 1494 3531 est,
1529 3465 1828 3535 ingenitum
1876 3466 2095 3530 dicitur,
2130 3475 2182 3521 et

611 3560 758 3630 quod
811 3575 916 3612 non
967 3558 1353 3625 corrumpitur,
1407 3554 1857 3624 incorruptibile:
1912 3556 1988 3608 sic
2037 3556 2179 3624 quod

611 3664 723 3704 non
762 3655 846 3702 est
881 3662 987 3700 non
1017 3645 1304 3708 exsistens,
1342 3645 1636 3700 essentiam
1691 3645 2057 3699 nominamus.
2121 3645 2183 3698 Et

615 3748 805 3794 contra
851 3737 993 3790 sicut
1037 3736 1273 3804 genitum
1327 3751 1428 3789 non
1479 3735 1710 3788 dicimus
1746 3737 2066 3806 ingenitum,
2104 3738 2184 3790 sic

615 3831 762 3902 quod
802 3828 1151 3897 corruptibile
1198 3840 1298 3888 (εει,
1348 3843 1457 3882 non
1492 3829 1902 3898 incorruptibile
1936 3830 2182 3882 nomina-

617 3937 759 3975 mus.
793 3919 934 3988 Ergo
964 3921 1200 3974 essentia
1240 3920 1455 3988 quidem
1499 3921 1550 3973 ln
1581 3935 1646 3974 eo
1683 3919 1826 3988 quod
1865 3926 1948 3974 est
1981 3919 2182 3988 aliquid

616 4010 967 4080 intelligitur:
1009 4010 1208 4063 bonum
1253 4015 1432 4062 autem
1481 4010 1563 4062 vel
1606 4008 1977 4077 corruptibile,
2027 4009 2186 4077 quale

616 4101 747 4172 quid
785 4117 905 4156 esse
941 4101 1161 4155 indicat.
1200 4100 1316 4152 Alia
1345 4101 1508 4169 igitur
1537 4101 1787 4154 essentia:
1808 4101 1969 4163 ratio,
1999 4109 2051 4156 et
2080 4101 2184 4153 alia

610 4211 735 4267 quae
757 4193 1050 4265 quomodo,
1091 4195 1170 4248 vel
1202 4195 1360 4263 quale
1396 4208 1490 4263 per
1521 4209 1578 4247 se
1607 4191 1869 4247 declarat.

683 4291 762 4342 Ac
791 4288 918 4340 mihi
953 4287 1209 4355 praeclare
1235 4287 1432 4339 habere
1454 4285 1690 4347 videtur,
1721 4286 1764 4339 si
1807 4283 2183 4338 intermediam

616 4395 874 4436 nauseam
934 4391 1264 4448 superavere
1310 4377 1419 4448 (sic
1467 4378 1610 4430 enim
1653 4376 1886 4429 arbitror
1930 4383 2179 4445 oportere

615 4481 858 4527 amentes
883 4471 1000 4539 eius
1034 4477 1222 4523 contra
1268 4469 1772 4522 commentationem
1808 4467 2182 4537 aggressiones

613 4564 948 4632 nominare),
982 4563 1107 4616 dum
1140 4562 1370 4632 cupidus
1399 4563 1657 4615 immoror
1700 4561 1750 4613 in
1782 4561 2054 4629 proposita
2086 4576 2183 4614 no-

613 4655 699 4708 bis
720 4655 961 4709 notione.
996 4652 1344 4722 Quaecunque
1365 4653 1507 4707 enim
1541 4651 1605 4705 ad
1629 4653 1963 4706 eversionem
1987 4666 2179 4705 eorum

614 4759 734 4813 qua:
754 4745 1297 4799 dc-commentatione
1325 4758 1354 4796 a
1379 4743 1639 4812 magistro
1665 4741 2008 4796 considerata
2031 4751 2180 4808 sunt,

614 4836 778 4889 veluti
817 4836 1070 4904 quiddam
1107 4851 1304 4890 succus
1350 4834 1643 4904 pituitosus
1672 4836 1740 4888 ab
1783 4834 1886 4888 hoc
1915 4834 2184 4904 scriptore

614 4926 846 4980 evomita
873 4933 1021 4990 sunt,
1052 4926 1176 4979 talia
1213 4934 1340 4981 sunt
1373 4933 1429 4979 ut
1465 4927 1593 4979 nihil
1626 4927 1848 4996 periculi
1878 4926 2181 4997 legentibus

615 5016 910 5088 przebeant,
967 5018 1067 5071 etsi
1121 5017 1412 5072 admodum
1464 5019 1661 5088 aliquis
1716 5019 1879 5073 fuerit
1931 5020 2177 5082 stolidus,

612 5120 667 5167 et
703 5110 790 5164 cui
839 5109 1000 5163 verba
1031 5108 1159 5162 dare
1186 5109 1256 5162 sit
1295 5110 1468 5164 facile.
1504 5110 1638 5176 Quis
1668 5113 1810 5166 enim
1861 5113 1932 5165 i-ta
1984 5113 2181 5168 utentis

611 5202 771 5271 inops
792 5209 845 5254 et
875 5213 1084 5261 vecors,
1128 5207 1185 5250 ut
1216 5216 1334 5268 quze
1363 5202 1592 5269 exempli
1627 5204 1796 5270 gratia
1818 5203 1883 5257 de
1911 5203 2181 5259 frumento

613 5309 643 5348 a
670 5294 892 5348 doctore
916 5291 1089 5362 posita
1121 5299 1267 5353 sunt,
1298 5291 1500 5360 quibus
1521 5292 1664 5344 velut
1692 5299 1860 5348 artem
1891 5294 2179 5362 quamdam

611 5392 668 5438 et
705 5382 911 5437 aditum
946 5381 1012 5435 ad
1045 5381 1912 5450 sublimium«contemplationem
1949 5385 2178 5438 auditori

617 5473 976 5541 supponebat,
1008 5473 1120 5527 haec
1148 5474 1272 5526 dum
1299 5473 1510 5538 exiliter
1534 5471 1836 5528 Eunomius
1858 5475 1922 5530 de
1944 5479 2180 5530 essentia

619 5559 713 5614 Dei
747 5563 1118 5619 universorum
1147 5565 1490 5621 sermonibus
1522 5567 1914 5630 accommodat,
1954 5570 2179 5623 arbitre-

627 5660 714 5703 tur
741 5648 916 5720 ipsum
959 5655 1157 5724 aliquid
1199 5656 1400 5724 dicere,
1456 5665 1507 5711 et
1560 5673 1681 5712 cum
1735 5659 1911 5730 aliqua
1962 5663 2178 5717 solertia

2270 1841 2432 1894 αὐτοῦ
2463 1837 2857 1909 σημαινομένου
2886 1836 3100 1903 λέγεται
3125 1836 3217 1887 ἐπὶ
3253 1832 3344 1886 τοῦ
3369 1833 3492 1884 Θεοῦ
3521 1832 3548 1900 ἠ
3573 1830 3692 1882 οὐσία
3713 1843 3752 1878 τε

2270 1932 2408 1999 καὶὴ
2433 1927 2725 1998 ἀφθαρσία,
2753 1926 2845 1979 καὶ
2869 1921 2930 1978 τὸ
2947 1924 3440 1995 ἀγέννητον,σαφῶς
3457 1919 3753 1975 ἀποδέδεικται

2269 2024 2297 2074 ὁ
2343 2021 2524 2082 καινὸς
2567 2014 2720 2081 οὗτος
2764 2017 3005 2080 θεοποιὸς
3047 2017 3138 2069 τὸν
3180 2017 3306 2086 παρ’
3338 2013 3489 2068 αὑτοῦ
3535 2009 3753 2064 κτισθέντα

2275 2112 2420 2175 Υίὺν,
2464 2110 2700 2180 φθαρτόν
2748 2126 2807 2162 τε
2848 2107 3150 2177 γινώσκων,
3202 2106 3287 2159 διὰ
3322 2106 3380 2158 τὸ
3425 2107 3491 2174 μὴ
3539 2101 3755 2170 γινώσκειν

2271 2205 2562 2273 ἀγέννητον
2585 2219 2598 2231 ·
2626 2201 2718 2254 καὶ
2759 2201 2820 2252 οὐ
2858 2199 3014 2252 τοῦτο
3047 2199 3228 2267 μόνον,
3263 2197 3393 2250 ἀλλά
3424 2195 3510 2247 καὶ
3548 2186 3756 2246 παντελῶς

2272 2293 2670 2358 ἀνυπόστατον,
2709 2291 2796 2344 διὰ
2841 2291 2901 2342 τὸ
2940 2290 3014 2360 μὴ
3044 2288 3303 2341 δύνασθαι
3333 2285 3482 2338 αὐτὸν
3518 2285 3568 2335 ὲν
3602 2278 3756 2344 θεότητι

2276 2377 2555 2454 βλέπειν,ᾧ
2570 2383 2669 2435 οὑκ
2693 2381 3031 2452 ὲνθεωρεῖται
3054 2380 3112 2432 τὸ
3136 2379 3442 2448 ἀγέννητον,
3465 2374 3600 2441 εἴπερ
3617 2365 3758 2422 ταύτὸν
3784 2391 3799 2409 ι

2274 2478 2333 2530 τὸ
2359 2475 2648 2545 ἀγέννητόν
2672 2491 2728 2526 τε
2756 2474 2848 2526 καὶ
2876 2473 3152 2544 ἄφθαρτον
3183 2473 3248 2540 τῇ
3279 2468 3427 2537 οὐσίᾳ
3455 2466 3619 2518 οῐεται.
3650 2456 3759 2509 Ἐπεὶ

2273 2566 2327 2621 δὲ
2359 2566 2619 2639 πρόδηλος
2652 2567 2709 2617 ὲν
2729 2565 2935 2626 τούτοις
2965 2563 3110 2617 ἐστὶν
3147 2565 3181 2633 ἡ
3216 2559 3470 2621 ἀπώλεια,
3504 2547 3759 2623 συμϐουλευ-

2277 2659 2424 2711 σάτω
2462 2671 2545 2720 τις
2570 2659 2680 2719 τοῖς
2710 2656 2962 2718 δειλαίοις
3000 2655 3092 2707 ἐπὶ
3133 2655 3196 2706 τὸ
3229 2652 3527 2721 λειπόμενον
3547 2642 3760 2715 τραπῆναι

2274 2749 2352 2819 τῷ
2383 2748 2546 2816 λόγῳ,
2591 2748 2684 2800 καὶ
2718 2749 2792 2817 μὴ
2830 2747 3156 2816 ζυγομαχεῖν
3189 2747 3249 2797 ὲκ
3282 2741 3372 2796 τοῦ
3416 2736 3643 2811 προδήλου
3665 2729 3760 2799 πρὸς

2276 2837 2372 2909 τὴν
2397 2838 2674 2907 ἀλήθειαν·
2700 2836 2833 2889 ἀλλὰ
2864 2834 3208 2889 συντίθεσθαι
3233 2834 3360 2885 ἴδιον
3388 2830 3593 2883 ἑκάστου
3616 2819 3764 2875 τούτων

2277 2925 2416 2983 εἶναι
2455 2930 2563 2981 τῶν
2600 2928 2878 2999 ὀνομάτων
2909 2927 2968 2979 τὺ
3011 2927 3425 2996 σημαινόμενον,
3463 2922 3581 2989 ὅπερ
3621 2911 3763 2999 μᾶλλφν

2278 3020 2342 3073 ἄν
2367 3038 2450 3082 τις
2469 3019 2556 3072 διὰ
2578 3018 2684 3071 τῶν
2700 2998 3295 3084 ἀντιδιαστελλομένων
3315 3014 3524 3082 νοήσειε.
3549 3007 3609 3058 Τό
3627 3021 3672 3055 τε
3693 2998 3767 3066 γὰρ

2281 3110 2572 3180 ἀγέννητον
2615 3112 2680 3178 τῇ
2725 3108 2860 3178 πρὸς
2901 3107 2962 3159 τὸ
2992 3107 3255 3176 γεννητὲν
3302 3098 3631 3166 ἀντιδιαστολῇ
3662 3092 3767 3154 ἔξεο·

2287 3203 2564 3272 ρίσκομεν,
2593 3200 2763 3253 καὶτὸ
2791 3199 3065 3268 ἄφθαρτον
3087 3201 3154 3268 τῇ
3185 3197 3318 3268 πρὸς
3340 3197 3398 3248 τὸ
3424 3191 3628 3262 φθαρτὸν
3648 3196 3770 3251 παρα·

2283 3291 2426 3344 θέσει
2455 3289 2797 3360 γνωρίζεται,
2839 3289 2985 3356 καλή
3021 3287 3181 3340 οὐσία
3218 3291 3281 3357 τῇ
3314 3287 3440 3355 πρὸς
3460 3281 3515 3334 τὸ
3536 3274 3768 3332 ἀνυπόστα-

2281 3400 2371 3436 τον
2407 3380 2725 3452 παραλλαγῇ
2762 3381 3064 3451 θεωρεῖται.
3119 3380 3210 3443 Ὡς
3253 3380 3359 3448 γὰρ
3398 3376 3424 3428 ὃ
3455 3373 3521 3444 μὴ
3555 3361 3770 3436 ἐγεννήθη·

2284 3475 2575 3543 ἀγέννητον
2605 3472 2842 3537 λέγεται,
2876 3473 2971 3524 καὶ
3016 3471 3044 3523 ὃ
3083 3471 3159 3541 μὴ
3206 3470 3504 3540 φθείρεται,
3531 3459 3768 3529 ἄφθαρτον·

2284 3565 2454 3628 οὕτως
2479 3567 2571 3619 καὶ
2596 3566 2657 3618 τὸ
2686 3565 2758 3634 μὴ
2787 3563 3156 3634 ἀνύπαρκτον,
3187 3563 3371 3615 οὐσίαν
3399 3551 3772 3623 κατονομάζομεν·

2286 3657 2387 3711 Καὶ
2417 3659 2475 3710 τὸ
2503 3658 2736 3728 ἔμπαλιν
2762 3655 2836 3718 ὼς
2863 3657 2922 3708 τὸ
2960 3657 3219 3724 γεννητὸν
3247 3657 3344 3708 οὐκ
3373 3651 3634 3719 ἀγέννητον
3664 3639 3771 3703 λέγο·

2290 3767 2408 3819 μεν,
2441 3749 2533 3802 καὶ
2563 3748 2623 3801 τὸ
2653 3749 2888 3818 φθαρτὸν
2914 3749 3011 3800 οὐκ
3041 3747 3316 3818 ἄφθαρτον
3359 3739 3671 3812 ὀνομάζομεν.

2287 3843 2414 3896 κοῦν
2461 3843 2615 3895 οὐσία
2660 3841 2756 3912 μὲν
2796 3842 2852 3893 ἐν
2893 3839 2969 3910 τῷ
3015 3835 3152 3891 εἷναί
3197 3857 3248 3889 τι
3289 3833 3629 3888 κατανοείται·
3661 3823 3705 3874 τὺ
3737 3816 3774 3867 σὲ

2287 3935 2486 4003 ἀγαθὸν
2523 3935 2553 4005 ἦ
2595 3937 2654 3988 τὸ
2693 3933 2949 4005 φθαρτὸν,
2982 3934 3038 3985 ἐν
3077 3933 3154 4002 τῷ
3201 3929 3439 3984 ποταπὸν
3470 3923 3606 3979 εἶναι.
3640 3913 3774 3972 Ἄλλος

2285 4022 2377 4080 οὖν
2404 4029 2430 4078 ό
2456 4026 2546 4079 τοῦ
2572 4022 2706 4078 εἶναι
2732 4026 2906 4092 λόγος,
2937 4025 3030 4078 καὶ
3051 4024 3237 4094 ἕτερος
3260 4026 3286 4077 ὁ
3314 4023 3372 4074 τὸ
3402 4019 3526 4083 πῶς,
3555 4017 3582 4086 ἦ
3605 4012 3654 4065 τὸ
3673 4009 3775 4093 ποῖον

2287 4117 2350 4169 δι’
2387 4115 2575 4170 ἑαυτοῦ
2607 4115 2933 4186 σαφηνίζων.

2204 3060 2245 3115 C

2360 4295 2467 4348 Καί
2510 4313 2598 4365 μοι
2647 4295 2794 4348 δοκεῖ
2822 4294 2998 4359 καλῶς
3028 4294 3170 4366 ἔχειν
3205 4293 3496 4366 ὑπερϐάντι
3525 4287 3606 4357 τὴν
3629 4279 3695 4333 διὰ

2218 4386 2258 4439 D
2288 4404 2377 4440 σου
2423 4386 2644 4439 ναυτίαν
2680 4385 2843 4453 (οὕτω
2874 4386 2981 4457 γὰρ
3019 4383 3170 4456 οἶμαι
3212 4387 3407 4456 χρῆναι
3451 4382 3540 4444 τὰς
3586 4373 3773 4464 avertor;

2290 4477 2450 4531 αὑτοῦ
2476 4479 2613 4532 κατὰ
2639 4479 2735 4548 τῆς
2767 4478 3006 4541 ἐπινοίας
3035 4479 3406 4549 ἐπιχειρήσεις
3430 4464 3772 4556 κατονομάζειΪῙ

2289 4568 2365 4638 τῷ
2411 4547 2754 4639 προκειμένῳ
2799 4571 2930 4639 ἡμῖν
2981 4547 3423 4638 ἐμφιλοχωρῆσαι
3482 4563 3692 4631 νοήματι-
3722 4547 3774 4644 Τξ

2288 4659 2396 4730 γὰρ
2434 4660 2532 4712 ὅσα
2565 4661 2698 4731 πρὸς
2727 4659 3032 4730 ἀνατροπὴν
3063 4659 3170 4712 τῶν
3218 4661 3348 4730 περὶ
3375 4659 3466 4727 τῆς
3511 4648 3708 4705 ἐπινοίας
3723 4653 3772 4704 7‘?

2289 4753 2588 4824 διδασκάλῳ
2610 4752 2848 4822 τεθεωρη
2858 4752 3030 4821 μένων
3057 4752 3164 4806 ὑπὸ
3182 4751 3278 4806 τοῦ
3315 4747 3642 4820 λογογράρου,
3661 4731 3776 4831 xei-03:

2291 4861 2394 4915 περ
2445 4863 2528 4907 τις
2580 4844 2746 4915 χυμὸς
2804 4843 3194 4916 φλεγματώδης
3260 4845 3580 4913 ὲξὴμεσται,
3617 4825 3777 4884 τοιαῦτά

2293 4937 2434 4987 ἐστιν
2459 4937 2533 4998 ὡς
2557 4935 2755 5006 μηδένα
2778 4935 3016 4989 κίνδυνον
3039 4936 3302 5006 παρέχειν
3321 4937 3431 4997 τοῖς
3451 4924 3777 4996 ὲντυγχάνουπισ

2291 5027 2393 5081 κᾶν
2415 5027 2615 5096 σφόδρα
2635 5044 2716 5090 τις
2748 5027 2950 5096 ἠλίθιος
2972 5029 3046 5080 ὢν
3068 5029 3158 5081 καὶ
3185 5027 3569 5097 εὐπαράγωγος
3588 5006 3780 5085 τύχῃ.Τίς

2290 5120 2397 5189 γάρ
2438 5117 2606 5181 οὕτως
2652 5118 2755 5184 ἔξω
2789 5118 3024 5182 διανοίας
3059 5119 3226 5180 ἐστὶν,
3254 5119 3393 5170 ὥστε
3423 5116 3486 5169 τὰ
3522 5109 3781 5171 ὑποδειῖμα⁸

2288 5209 2455 5272 τικῶς
2487 5210 2612 5278 περὶ
2649 5207 2741 5262 τοῦ
2787 5209 2931 5262 σίτου
2966 5209 3114 5280 παρὰ
3144 5208 3238 5260 τοῦ
3268 5204 3574 5260 διδασκάλου
3596 5193 3779 5280 τεθέντα.

2289 5302 2354 5355 δι’
2386 5295 2460 5355 ὧν
2498 5301 2656 5353 οἱονεὶ
2693 5301 2886 5371 τέχνην
2939 5278 3056 5355 τινά
3100 5299 3190 5354 καὶ
3234 5299 3422 5368 ἔφοδον
3459 5296 3580 5366 προς
3606 5288 3684 5378 τὴν

2291 5390 2507 5460 ὑψηλῶν
2541 5389 2766 5460 θεωρίαν
2789 5389 2864 5460 τῷ
2889 5391 3126 5462 ἀκροατῇ
3161 5388 3462 5446 ὑπετίθετο,
3486 5383 3634 5437 ταῦτα
3659 5373 3783 5442 ψιλως

2289 5482 2382 5534 τοῦ
2418 5481 2676 5551 Εὑνομίου
2699 5484 2806 5545 τοῖς
2833 5483 2959 5553 περὶ
2983 5483 3079 5552 τῆς
3100 5481 3286 5545 οὐσίας
3314 5479 3408 5533 τοῦ
3428 5475 3554 5532 Θεοῦ
3582 5469 3667 5525 τῶν

2290 5571 2685 5642 ἐφαρμόζοντος
2727 5574 2932 5641 λόγοις,
2968 5572 3209 5644 οἰηθῆναί
3245 5590 3298 5624 τι
3344 5572 3512 5638 λέγειν
3542 5551 3780 5644 utitor/{1‘

2293 5664 2430 5734 μετά
2463 5680 2603 5725 τινος
2645 5664 2919 5734 ἀγχινοίας
2955 5665 3092 5718 κατὰ
3136 5662 3234 5730 τῆς
3292 5659 3538 5733 ἀληθείας
3589 5653 3777 5719 πῖπτε·
