4056 6146
388 252 519 309 1.06!

1480 256 1760 312 CONTRA
1795 254 2184 327 EUNOMIUM,
2226 258 2358 315 LIB.
2400 260 2513 316 XII.

3496 262 3634 318 £062

385 369 544 431 σθαι;
577 367 649 421 T6
682 369 790 441 γάρ
844 368 1070 438 φάσκειν
1102 370 1263 425 αὑτὸν
1294 375 1749 448 πρεπωδεστάτην
1782 379 1958 432 αἰτίαν

2063 388 2253 431 contra
2287 380 2567 434 veritatem
2598 379 2972 435 areliiteetari?
2994 378 3128 434 Nam
3162 378 3304 448 quod
3330 378 3442 447 ipse
3482 391 3635 433 asse-

383 459 476 512 ἐπὶ
506 457 597 512 τοῦ
617 457 752 511 Θεοῦ
778 457 873 512 τοῦ
897 460 1151 529 γεννῆσαι
1177 461 1266 515 τὸν
1284 462 1409 517 Υἱὺν
1437 459 1575 519 εἶναι
1602 468 1696 537 τὴν
1723 468 1954 522 ἀδέσπο-

381 566 475 609 τον
512 548 791 615 ἐξουσίαν,
822 550 916 604 καὶ
967 550 1065 621 τὴν
1097 553 1502 625 ἀνυπέρϐλητον
1538 558 1785 628 δύναμιν,
1820 552 1955 633 ὅπερ

379 642 444 696 οὐ
467 643 594 713 περὶ
621 642 714 696 τοῦ
744 642 946 713 κόσμου
977 646 1134 714 μόνον
1154 646 1371 699 καὶτῶν
1403 648 1460 700 ἐν
1485 648 1633 717 αὐτῷ
1656 650 1952 720 στοιχείων,

380 734 518 787 ἀλλὰ
543 734 635 787 καὶ
665 734 921 805 περὶτῶν
952 736 1193 805 ἑρπετῶν
1225 738 1318 791 καὶ
1356 736 1556 809 θηρίων
1590 739 1734 794 ἔστιν
1758 742 1950 794 εἰπεῖν’

382 824 661 879 καὶτοῦτο
693 825 769 889 ὡς
815 826 1022 896 πρέπον
1058 827 1148 880 ἐπὶ
1177 831 1275 898 τῆς
1313 830 1407 882 τοῦ
1455 832 1775 901 μονογενοῦς
1816 832 1953 887 Θεοῦ

382 916 700 986 ὑπολήψεως
753 918 843 970 τὸν
898 917 1091 989 σεμνὸν
1146 919 1391 988 θεολόγον
1436 922 1737 977 ἐκτίθεσθαι
1760 941 1772 954 ·
1814 924 1845 995 ἦ
1894 926 1955 978 τὸ

379 1008 557 1078 λέγειν
584 1009 678 1062 καλ⁵
703 1009 807 1079 πρὸ
828 1010 924 1081 τῆς
941 1010 1047 1063 τῶν
1066 1010 1341 1080 ὀνομάτων
1364 1015 1666 1083 γεννήσεως
1704 1015 1957 1086 ’Δγέννη-

380 1116 491 1163 τον,
523 1100 557 1169 ἢ
585 1101 825 1170 Πατέρα,
853 1101 886 1171 ἢ
921 1101 989 1155 τά
1036 1102 1200 1157 λοιπὰ
1228 1103 1334 1155 τῶν
1379 1105 1657 1174 ὀνομάτων
1682 1124 1954 1178 προσαγο-

386 1191 638 1261 ρεύεσθαι
669 1192 758 1245 τὸν
784 1192 947 1247 Θεόνο
973 1195 1220 1266 καθάπερ
1252 1195 1479 1261 δεδιότα,
1513 1198 1587 1269 μὴ
1619 1198 1713 1250 τοῦ
1750 1198 1951 1268 ὀνόμα-

382 1302 474 1347 τος
512 1284 661 1355 παρά
692 1287 802 1348 tot;
849 1287 1013 1356 μήπω
1060 1288 1302 1355 γεγονόσι
1338 1288 1698 1358 σιωπηθέντος
1720 1330 1733 1355 ,
1765 1290 1953 1344 ἑαυτὸν

382 1376 700 1445 ἀγνοήσειεν
722 1415 737 1440 ,
767 1376 800 1445 ἢ
852 1380 930 1440 είς
965 1377 1135 1449 λήθην
1190 1379 1382 1432 ἐαυτοῦ
1430 1380 1620 1445 πέσοι,
1656 1386 1723 1452 τῇ
1775 1384 1949 1453 σιωπῇ

381 1467 477 1522 τοῦ
532 1468 788 1539 ὀνόματος
834 1470 863 1525 ὃ
900 1470 1043 1523 ἐστιν
1080 1471 1369 1541 ἀγνοήσας.
1423 1472 1488 1525 Ἦ
1518 1472 1575 1526 δὲ
1627 1473 1952 1545 χλευαστικὴ

382 1558 490 1611 τῶν
532 1560 811 1629 ἡμετέρων
840 1560 1013 1629 λόγων
1066 1563 1401 1636 καταδρομὴ,
1441 1564 1564 1619 ὅσον
1599 1564 1660 1617 τὸ
1700 1565 1862 1638 δριμύ
1891 1583 1951 1619 τε
1985 1590 2028 1645 Β

381 1651 473 1709 καὶ
510 1650 760 1719 ἀγχίνουν
788 1650 918 1720 ἔχει,
949 1651 1015 1705 δι’
1044 1647 1116 1707 ὧν
1142 1656 1534 1719 κατασκευάζει
1559 1656 1619 1709 τὸ
1641 1658 1858 1720 ἄτοπον,
1875 1657 1956 1710 ὅτι

379 1742 411 1793 6
431 1740 533 1811 πρὸ
563 1741 777 1793 πάντων
810 1741 1020 1795 αἰώνων
1068 1743 1162 1795 καὶ
1204 1744 1411 1814 χρόνων
1438 1746 1533 1798 καὶ
1562 1745 1742 1815 πάσης
1775 1746 1958 1815 αἰσθη-

377 1832 477 1902 τῆς
514 1849 574 1884 τε
621 1834 715 1885 καὶ
771 1835 964 1903 νοητῆς
1012 1833 1225 1903 φύσεως
1271 1835 1509 1904 γεγονὼς
1564 1836 1787 1907 Πατὴρ,
1839 1836 1957 1901 πῶς

380 1921 664 1992 περιμένει
710 1924 835 1986 τοὺς
864 1922 1200 1995 ἀνθρώπους,
1232 1926 1317 1979 ἶνα
1351 1925 1437 1978 διὰ
1482 1926 1580 1997 τῆς
1610 1926 1814 1980 τούτων
1847 1928 1957 1980 ὀνο-

383 2014 563 2085 μασθῇ
593 2016 853 2080 ἐπινοίας,
870 2017 968 2069 οὐκ
994 2016 1409 2087 ὀνομαζόμενος,
1431 2018 1506 2081 ὥς
1535 2035 1698 2089 φησιν
1726 2020 1949 2083 ἐκεῖνος,

378 2104 503 2159 οὗτε
539 2105 643 2158 ὑπὸ
675 2105 767 2158 τοῦ
802 2104 951 2171 Υἱοῦ,
977 2104 1098 2160 οὔτε
1139 2107 1241 2159 ὑπὸ
1265 2107 1371 2159 τῶν
1395 2108 1461 2161 δι’
1489 2107 1696 2162 ἐκείνου
1729 2108 1954 2178 γενομέ-

380 2213 488 2250 νων
514 2195 718 2266 νοητῶν
769 2194 996 2262 οὐσιῶν;
1029 2196 1229 2250 Οὐδένα
1257 2196 1366 2268 γάρ
1403 2196 1575 2261 οὕτως
1607 2193 1758 2268 οἶμαι
1788 2197 1953 2269 κορύ-

381 2286 482 2355 ζης
501 2283 636 2340 εἶναι
672 2286 889 2356 βαθείας
920 2288 1134 2357 μεστὸν,
1154 2287 1227 2351 ὡς
1249 2290 1461 2357 ἀγνοεῖν
1492 2289 1575 2343 ὅτι
1600 2291 1628 2340 6
1659 2289 1951 2359 μονογενὴς

382 2377 535 2443 Θεὸς,
569 2380 597 2431 6
637 2381 693 2437 ἐν
742 2379 917 2449 Πατρὶ
943 2378 1046 2442 ὢν,
1077 2379 1169 2434 καὶ
1195 2381 1253 2433 ἐν
1287 2378 1437 2451 αὐτῷ
1471 2380 1563 2435 τὸν
1589 2380 1805 2451 Πατέρα
1831 2380 1947 2451 βλέφ

385 2483 518 2529 πων,
550 2466 810 2537 ὀνόματος
834 2465 867 2538 ἢ
892 2469 1137 2538 ῥήματος
1176 2468 1312 2539 πρὸς
1349 2469 1447 2539 τὴν
1476 2467 1567 2521 τοῦ
1590 2468 1950 2538 ὑποκειμένου

381 2555 582 2624 γνῶσιν
610 2558 710 2613 οὐκ
760 2554 1048 2622 ἐπιδέεται,
1079 2556 1201 2610 οὔτε
1236 2557 1293 2609 τὸ
1331 2557 1553 2628 Πνεῦμα
1590 2557 1652 2610 τὸ
1685 2557 1857 2625 ἅγιον,
1892 2558 1952 2615 τὸ

379 2649 452 2705 τὰ
487 2648 581 2702 τοῦ
614 2648 748 2702 Θεοῦ
778 2646 915 2718 βάθη
960 2647 1395 2720 διερευνώμενον,
1426 2649 1515 2702 διὰ
1543 2650 1641 2719 τῆς
1667 2651 1952 2720 ὀνομαστι-

381 2741 484 2809 κῆς
521 2737 886 2809 προσηγορίας
922 2738 1058 2809 πρὸς
1091 2737 1198 2809 τὴν.
1215 2738 1308 2791 τοῦ
1364 2739 1694 2809 ζητουμένου
1750 2739 1951 2808 γνῶσιν

381 2831 656 2899 ἐνάγεται.
687 2826 823 2881 Οὔτε
856 2830 889 2898 ή
931 2827 1220 2898 ἀσώματος
1248 2829 1355 2881 τῶν
1386 2830 1766 2901 ὑπερκοσμίων
1792 2830 1951 2888 δυνάτ

2062 475 2147 521 rat
2175 484 2396 524 causam
2431 471 2486 523 in
2524 469 2631 526 Deo
2669 471 3109 527 decentissimum
3137 468 3332 524 Filium
3358 466 3630 538 gignendi,

2061 575 2183 615 esse
2226 560 2449 615 liberam
2481 567 2803 630 potestatem
2837 567 2890 615 et
2914 561 3168 615 virtutem
3199 557 3633 626 superexcellen-

2063 658 2192 713 tem,
2222 650 2366 718 quod
2409 649 2628 719 quidem
2663 664 2769 705 non
2801 648 2976 703 solum
3006 647 3074 704 de
3101 648 3303 702 mundo
3334 656 3387 701 et
3416 648 3482 703 de
3521 648 3625 701 ele-

2061 738 2258 791 mentis
2298 739 2352 791 in
2389 738 2509 807 ipso
2539 737 2836 799 contentis,
2890 736 2984 793 sed
3030 735 3192 792 etiam
3242 737 3313 793 de.
3347 736 3634 805 reptilihus
3708 802 3711 809 γ

2060 836 2115 883 et
2142 828 2273 884 feris
2305 828 2431 883 licet
2458 827 2773 893 dicere;,et
2804 828 2908 883 hoc
2958 837 3016 882 ut
3049 828 3307 883 decorum
3342 826 3394 880 in
3442 826 3634 895 unige-
3716 820 3726 839 ’”

2060 920 2162 974 niti
2242 918 2336 973 Dei
2400 918 2804 975 existimatione
2871 934 3090 990 gravem
3153 926 3207 973 et
3261 917 3630 973 venerandum

2060 1011 2367 1081 theologum
2388 1024 2680 1079 exponere,
2703 1010 2788 1065 vel
2810 1009 2939 1064 dum
2960 1010 3092 1064 dicit
3111 1009 3275 1064 etiam
3306 1018 3430 1063 ante
3452 1016 3633 1062 ortum

2058 1115 2247 1156 eorum
2282 1100 2374 1170 qui
2396 1100 2702 1167 nominant,
2760 1101 3086 1172 ingenitum,
3137 1101 3219 1155 vel
3240 1091 3494 1166 'Patrem,
3548 1098 3634 1153 vel

2060 1192 2269 1263 reliqua
2304 1190 2546 1255 nomina,
2584 1190 2749 1247 Deum
2787 1192 3065 1261 appellari,
3109 1192 3266 1261 quasi
3321 1197 3527 1245 metuat
3566 1206 3634 1245 ne

2060 1284 2279 1339 nomine
2308 1284 2448 1354 apud
2473 1299 2562 1339 res
2587 1284 2826 1338 nondum
2851 1290 3007 1338 natas
3028 1283 3197 1337 tacito
3222 1282 3457 1351 seipsum
3487 1283 3636 1353 igno-

2060 1375 2217 1440 rarit,
2248 1376 2333 1431 vel
2367 1378 2422 1429 in
2461 1376 2545 1429 sui
2586 1374 2758 1444 ipsius
2795 1374 3125 1428 oblivionem
3159 1374 3431 1435 inciderit,
3468 1374 3634 1427 silen-

2061 1466 2137 1520 tio
2168 1465 2407 1520 nominis
2446 1463 2575 1535 quid
2626 1466 2699 1520 sit
2744 1464 3021 1520 nesciens.
3065 1466 3134 1521 At
3167 1464 3256 1519 illa
3303 1463 3633 1521 cavillator-ia

2060 1567 2370 1614 nostrorum
2398 1568 2709 1615 sermonum
2758 1556 3077 1619 insectatio,
3099 1565 3364 1626 quantum
3396 1556 3634 1613 acrinio:-

2059 1653 2163 1706 nize
2193 1660 2248 1708 et
2277 1650 2513 1706 solertia:
2552 1649 2737 1714 habet,
2782 1648 2983 1719 quibus
3008 1648 3309 1703 absurdum
3340 1647 3633 1708 construit,

2056 1743 2203 1815 quod
2232 1743 2323 1813 qui
2361 1749 2487 1801 ante
2512 1742 2694 1796 omnia
2727 1742 2925 1796 saecula
2948 1747 3003 1795 et
3034 1750 3299 1810 tempora,
3332 1747 3385 1793 et
3416 1752 3632 1792 onmem

2055 1835 2371 1893 sensibilem
2422 1840 2476 1888 et
2525 1831 2918 1903 intelligibilem
2971 1838 3247 1895 naturam,
3306 1829 3409 1882 fuit
3452 1826 3630 1890 Pater,

2054 1927 2330 1999 quomodo
2360 1925 2614 1981 homines
2654 1932 2953 1996 exspectat,
2996 1933 3054 1979 ut
3092 1941 3187 1996 per
3217 1922 3633 1979 commentatio-

2054 2033 2178 2073 nem
2203 2016 2289 2074 bis
2324 2015 2784 2085 appellationibus
2822 2015 3153 2078 nominetur,
3186 2014 3279 2084 qui
3315 2028 3423 2068 non
3459 2012 3636 2067 nomi-

2054 2109 2305 2174 nabatur,
2358 2117 2416 2162 ut
2456 2109 2528 2162 ait
2570 2109 2680 2173 ille,
2712 2124 2889 2178 neque
2920 2125 2948 2162 a
2979 2108 3139 2173 Filio,
3168 2125 3355 2179 neque
3401 2108 3470 2162 ab
3509 2109 3671 2162 ullis'

2053 2217 2150 2272 per
2181 2201 2334 2255 illum
2366 2200 2524 2255 factis
2548 2199 2712 2255 rebus
2745 2199 3464 2271 intelligibilibus?Nullum
3489 2198 3634 2253 enim

2054 2295 2128 2347 ita
2158 2291 2433 2362 profunda
2473 2292 2766 2362 gravedine
2807 2292 3084 2361 oppletum
3144 2298 3294 2361 puto,
3336 2300 3395 2344 ut
3427 2291 3636 2360 ignoret

2050 2386 2197 2455 quod
2246 2384 2557 2454 unigenitus
2598 2384 2764 2448 Deus,
2805 2383 2897 2453 qui
2931 2383 2985 2439 in
3027 2382 3186 2440 Patre
3214 2391 3320 2446 est,
3352 2390 3406 2438 et
3449 2382 3503 2435 in
3536 2396 3627 2435 se-

2051 2479 2172 2548 ipso
2196 2478 2410 2535 Patrem
2441 2477 2587 2532 videt
2609 2478 2677 2539 τι,
2727 2475 2947 2530 nomine
2978 2475 3060 2529 vel
3093 2474 3256 2528 verbo
3287 2473 3351 2530 ad
3391 2471 3630 2541 subjecti

2052 2567 2415 2637 cognitionem
2450 2582 2559 2623 non
2601 2566 2826 2634 indiget,
2872 2580 3049 2634 neque
3095 2563 3334 2634 Spiritus
3384 2572 3632 2626 sanctus,

2053 2657 2336 2728 quietiam
2369 2655 2461 2710 Dei
2498 2655 2840 2710 abditissima
2890 2654 3121 2707 rimatur
3144 2654 3211 2717 τ’,
3253 2667 3350 2723 per
3389 2651 3636 2708 nomina.-

2054 2749 2220 2803 tivam
2260 2746 2673 2818 appellationem
2715 2746 2781 2802 ad
2817 2745 2937 2814 ejus
2967 2744 3112 2814 quod
3141 2744 3408 2814 quaeritur
3436 2742 3628 2813 cogni-

2055 2839 2256 2897 tionem
2298 2836 2610 2892 adducitur.
2642 2835 2827 2905 Neque
2870 2836 3190 2906 incorporea
3242 2832 3636 2889 transmunda-

385 2936 533 2990 μεων
556 2917 735 2988 φύσις,
763 2919 914 2988 φωνῇ
943 2919 1038 2972 καὶ
1066 2918 1280 2990 γλώττῃ
1308 2918 1665 2988 κατονομάζει
1694 2918 1754 2971 τὸ
1777 2920 1949 2972 Batav-

2058 2943 2251 2987 narum
2295 2929 2555 2983 virtutum
2593 2936 2790 2985 natura
2825 2941 2954 2980 voce
2998 2936 3051 2980 et
3085 2927 3267 2996 lingua
3294 2940 3495 2978 numen
3530 2938 3635 2979 no-

381 3010 477 3069 ἐπὶ
511 3009 618 3080 γὰρ
645 3008 743 3079 τῆς
781 3007 946 3062 ἀΰλου
980 3008 1072 3062 καὶ
1104 3009 1296 3078 νοερᾶς
1340 3006 1581 3077 φύσεως,
1622 3010 1655 3077 ή
1686 3006 1824 3061 κατὰ
1860 3008 1952 3062 τὸν

380 3100 507 3157 νοῦν
536 3101 784 3172 ἐνέργεια
805 3100 960 3169 λόγος
995 3100 1161 3166 ἐστὶν,
1189 3100 1339 3153 οὐδὲν
1374 3102 1440 3170 τῇ
1471 3099 1627 3170 ὑλικῇ
1652 3099 1759 3153 τῶν
1789 3101 1955 3171 ὀργά-

382 3210 490 3248 νων
537 3192 806 3264 ὑπηρεσίᾳ
851 3191 1246 3262 συγχρώμενος.
1298 3192 1407 3244 Καὶ
1438 3191 1545 3263 γάρ
1578 3191 1671 3244 ἐπὶ
1716 3192 1814 3262 τῆς
1863 3192 1956 3245 άν-

384 3283 660 3356 θρωπίνης
708 3282 918 3352 φύσεως
946 3322 961 3347 ,
991 3282 1143 3336 οὐδὲν
1176 3282 1241 3335 ἂν
1274 3281 1489 3353 ἐδέησεν
1540 3282 1668 3353 ἡμῖν
1712 3284 1809 3354 τῆς
1847 3282 1955 3336 τῶν

385 3379 643 3451 ῥημάτων
673 3394 732 3429 τε
780 3376 876 3429 καὶ
912 3374 1189 3445 ὀνομάτων
1230 3375 1475 3446 χρήσεως
1498 3413 1512 3438 ,
1549 3374 1597 3425 εί
1628 3373 1852 3428 δυνατὸν
1886 3369 1955 3445 ἦν

383 3469 582 3541 γυμνά,
625 3466 995 3541 προδεικνύειν
1024 3465 1271 3537 ἀλλήλοις
1304 3466 1370 3518 τὰ
1400 3467 1500 3535 τῆς
1540 3466 1774 3530 διανοίας
1799 3466 1955 3537 κινή-

388 3578 551 3637 ματα.
584 3559 716 3615 Νυνὶ
756 3557 813 3611 δὲ
838 3556 944 3609 τῶν
973 3555 1332 3626 ἐγγινομένων
1363 3557 1495 3626 ἡμῖν
1532 3556 1836 3627 νοημάτων,
1870 3555 1957 3609 διὰ

383 3651 444 3706 τὸ
471 3654 536 3723 τῇ
570 3649 801 3721 σαρκίνῃ
849 3647 1107 3720 περιϐολῇ
1132 3646 1231 3718 τὴν
1266 3648 1431 3716 φύσιν
1458 3648 1613 3718 ήμῶν
1652 3648 1957 3719 περιείργε-

386 3740 530 3803 σθαι,
563 3739 938 3837 φανερωθῆναι
969 3736 1044 3809 μὴ
1080 3735 1413 3808 δυναμένων,
1444 3735 1757 3805 ἀναγκαίως
1788 3736 1960 3790 καθά-

386 3850 492 3901 περ
527 3827 727 3902 σημεῖα
756 3832 867 3894 τοῖς
918 3830 1204 3901 πράγμασι
1229 3828 1328 3893 τὰς
1358 3827 1517 3903 ποιάς
1548 3828 1658 3882 τῶν
1680 3828 1959 3899 ὀνομάτων

386 3925 564 3988 θέσεις
594 3922 959 3987 ἐπιϐαλόντες,
994 3922 1061 3975 δι’
1087 3920 1309 3975 ἐκείνων
1330 3921 1428 3984 τὰς
1463 3920 1557 3981 τοῦ
1589 3920 1680 3975 νοῦ
1719 3920 1960 3991 κινήσεις

383 4016 636 4086 ἀλλήλοις
684 4012 1095 4084 δημοσιεύομεν.
1147 4012 1211 4065 Εἰ
1246 4011 1303 4064 δέ
1350 4028 1467 4074 πως
1500 4005 1568 4081 ἦν
1611 4008 1959 4079 ἀπογυμνοῦν

386 4101 590 4178 ἑτέρως
610 4105 678 4159 τὰ
699 4089 1068 4176 τῆξδιανοίας
1105 4104 1401 4173 κινήματα,
1437 4102 1645 4172 χαίρειν
1668 4101 1765 4173 τὴν
1805 4118 1959 4171 περι-

387 4197 571 4265 οδικὴν
598 4195 705 4249 τῶν
744 4194 1021 4266 ὀνομάτων
1070 4192 1370 4266 ὑπηρεσίαν
1404 4192 1961 4263 ἐάσαντες,τηλαυγέ-

389 4302 577 4356 στερον
605 4285 671 4339 ἂν
696 4285 790 4341 καὶ
830 4283 1210 4356 καθαρώτερον
1245 4283 1495 4355 ἀλλήλοις
1536 4282 1954 4353 συνεγενόμεθα,
1990 4266 2033 4320 Ῑ)

388 4376 557 4446 αὐτὴν
592 4374 690 4445 τὴν
730 4373 839 4427 τῶν
889 4373 1228 4447 πραγμάτων
1288 4374 1466 4443 φύσιν,
1500 4375 1626 4444 περὶ
1664 4374 1729 4440 ἣν
1768 4375 1796 4426 6
1836 4371 1959 4435 νοῦς

389 4466 738 4535 καταγίνεται
769 4468 886 4527 ταῖς
908 4465 1008 4535 τῆς
1027 4464 1264 4528 διανοίας
1282 4467 1478 4539 ὁρμαῖς
1504 4464 1704 4518 ἐκκαλύ
1714 4482 1954 4529 πτοντες.

386 4559 525 4612 Νυνὶ
561 4558 618 4611 δὲ
657 4557 843 4610 τούτου
894 4557 1049 4627 χάριν
1088 4554 1162 4625 τῷ
1194 4555 1295 4626 μέν
1326 4573 1428 4609 τινι
1455 4556 1560 4610 τῶν
1588 4556 1753 4621 ὄντων
1786 4557 1960 4628 ὄνομα

386 4649 613 4722 οὐρανὸν
658 4647 911 4719 ἐθέμεθα,
950 4646 1119 4719 ἑτέρῳ
1158 4646 1213 4699 δὲ
1257 4646 1380 4716 γῆν,
1413 4648 1505 4699 καὶ
1543 4646 1687 4717 ἄλλῳ
1721 4648 1848 4701 ἄλλο
1883 4665 1956 4702 τι.

388 4742 500 4803 Καὶ
546 4741 606 4793 τὸ
639 4741 770 4812 πρός
807 4738 859 4791 τί
891 4757 1004 4802 πως
1052 4737 1269 4808 ἔχειν,ῆ
1310 4738 1372 4789 τὸ
1419 4738 1734 4808 ἐνεργεῖν,ἢ
1768 4739 1827 4792 τὸ
1855 4740 1961 4793 πά-

389 4848 560 4902 σχειν,
590 4832 765 4893 πάντα
788 4828 957 4883 ταῦτα
994 4828 1315 4891 ἰδιαζούσαις
1345 4828 1817 4898 ἐπισημαινόμεθα
1844 4832 1964 4893 ταῖς

386 4924 595 4992 φωναῖς
613 4938 624 4949 ’
640 4922 713 4986 ὡς
743 4922 807 4975 ἂν
836 4920 910 4991 μὴ
936 4919 1292 4989 ἀκοινώνητός
1309 4937 1369 4972 τε
1389 4921 1483 4975 καὶ
1504 4922 1777 4989 ἄγνωστος
1802 4923 1835 4991 ή
1868 4920 1964 4973 τοῦ

385 5012 480 5066 νοῦ
503 5011 712 5081 κίνησις
730 5014 786 5065 ἐν
801 5014 834 5083 ή
844 5015 934 5082 μῖν
958 5009 1127 5080 μένοι.
1144 5011 1207 5064 'll
1222 5010 1275 5062 δὲ
1292 5010 1653 5082 ὑπερκὸσμιος
1670 5012 1849 5081 ἐκείνη
1873 5012 1966 5071 καὶ

386 5102 551 5167 ἄῡλος
573 5101 753 5172 φύσις,
784 5103 881 5172 τῆς
917 5103 1232 5171 σωματικῆς
1259 5103 1518 5173 περιοχῆς
1543 5102 1797 5175 ἐλευθέρα
1827 5097 1962 5156 οὖσα

392 5195 487 5249 καὶ
520 5195 729 5258 ἄνετος,
756 5194 879 5247 οῦτε
912 5195 1004 5246 ἐπὶ
1044 5196 1138 5263 τῆς
1163 5195 1564 5265 ὑπερκειμένης
1616 5196 1826 5264 φύσεως
1846 5197 1960 5249 ὀνο-

391 5286 578 5357 μάτων
604 5284 832 5356 δέεταιῆ
864 5284 1142 5355 ῥημάτων,
1190 5287 1286 5338 ἀλλ
1316 5288 1468 5338 εἵπου
1509 5286 1601 5338 καὶ
1632 5285 1961 5355 μνημονεύε-

388 5394 477 5429 ται
509 5375 654 5446 παρὰ
688 5378 782 5446 τῆς
806 5376 995 5446 νοερᾶς
1034 5374 1246 5443 φύσεως
1288 5376 1443 5443 λόγος
1468 5392 1547 5438 τις
1584 5376 1640 5427 ἐν
1669 5378 1839 5446 ἱεραῖς
1873 5376 1962 5428 Βί-

386 5466 538 5531 Eiet;
595 5467 956 5535 ἀνάγραπτος,
1000 5465 1154 5536 ἡμῶν
1204 5467 1386 5518 ἕνεκεν
1422 5468 1527 5519 τῶν
1567 5468 1865 5520 ἀκουόντων
1907 5469 1966 5521 τὸ

464 5641 507 5671 τί
544 5638 702 5693 Joan.
742 5656 847 5706 xw,
873 5640 926 5706 9,
964 5638 1045 5692 10.
1124 5640 1166 5669 ⁷³
1207 5639 1225 5695 l
1268 5639 1393 5694 Cur.
1425 5656 1488 5708 It.
1529 5642 1609 5695 lt).

1990 3070 1997 3075 .
2054 3021 2258 3075 minat:
2302 3034 2425 3073 nam
2478 3019 2530 3072 in
2574 3029 2769 3073 natura
2817 3017 3163 3072 immateriali
3193 3025 3247 3071 et
3282 3007 3632 3085 intelligente,

2055 3119 2212 3167 actus
2240 3111 2335 3181 qui
2369 3111 2425 3164 tit
2473 3109 2772 3164 secundum
2810 3117 3063 3170 mentem,
3117 3114 3296 3162 ser'mo
3348 3112 3453 3169 est,
3498 3105 3634 3158 nihil

2056 3202 2321 3258 materiali
2349 3202 2835 3257 instrumentorum
2874 3197 3175 3251 ministerio
3202 3203 3381 3251 utens.
3408 3194 3624 3249 Etenim

2059 3294 2373 3349 inhumana
2398 3302 2615 3355 natura,
2644 3305 2750 3343 non
2775 3288 2932 3342 nobis
2953 3287 3242 3341 verborum
3269 3293 3322 3339 ct
3352 3285 3633 3338 nominum
3675 3358 3681 3364 υ

2059 3401 2161 3440 usu
2199 3399 2338 3454 opus
2376 3389 2542 3447 esset,
2586 3382 2630 3436 si
2668 3393 2954 3450 possemus
2986 3376 3162 3432 nudas
3206 3375 3404 3430 mentis
3440 3374 3637 3442 impul-

2058 3476 2261 3541 siones,
2292 3484 2347 3530 et
2380 3475 2548 3529 animi
2577 3488 2737 3528 sensa
2763 3469 3089 3541 patefacere.
3122 3468 3275 3521 Nune
3305 3471 3483 3519 autem
3508 3478 3636 3518 cum

2059 3568 2113 3622 in
2145 3568 2301 3623 nobis
2356 3566 2607 3620 nctiones
2659 3563 3076 3633 ingenerentur,
3137 3563 3422 3628 propterea
3489 3551 3635 3624 quod

2058 3656 2264 3711 carnali
2294 3656 2496 3709 amictu
2530 3661 2726 3708 natura
2753 3649 3047 3721 prmpedita
3075 3654 3180 3709 est,
3210 3660 3335 3699 cum
3365 3658 3470 3697 non
3504 3657 3636 3710 pos-
3668 3686 3671 3689 η

2060 3747 2171 3803 sint
2213 3745 2509 3808 declarari,
2552 3740 2867 3797 necessario
2915 3747 3172 3818 tanquam
3204 3734 3378 3806 signis
3403 3740 3457 3787 et
3491 3732 3637 3791 notis

2059 3836 2391 3909 quihusdam
2434 3832 2751 3889 nominibus
2779 3830 3051 3901 impositis
3080 3829 3203 3882 illas
3228 3825 3426 3881 mentis
3458 3824 3637 3878 notio—

2062 3945 2160 3983 nes
2206 3928 2453 3983 vicissim
2506 3922 2897 3995 expromimus.
2933 3919 3087 3989 Quod
3136 3919 3182 3975 si
3236 3918 3421 3987 aliquo
3474 3914 3637 3971 modo

2060 3998 2245 4077 liceret
2265 4017 2615 4090 cogitationis
2633 4015 2957 4088 agitationes
2981 4010 3279 4076 denudare,
3301 4006 3637 4080 periodicam

2062 4111 2344 4167 nominum
2396 4123 2620 4180 operam
2673 4107 2854 4162 valere
2910 4105 3189 4174 iubentes,
3246 4095 3542 4167 fulgentius
3582 4103 3639 4150 et

2061 4202 2255 4272 purius
2279 4201 2419 4254 inter
2441 4213 2544 4255 nos
2573 4210 3048 4257 conversaremur,
3076 4192 3247 4263 ipsam
3272 4203 3454 4247 rerum
3479 4192 3637 4247 natu-
3670 4231 3679 4238 .

2064 4310 2203 4357 ram,
2240 4294 2296 4346 in
2332 4306 2441 4361 qua
2487 4306 2644 4345 mens
2677 4296 2997 4355 occupatur,
3048 4278 3395 4350 cogitationis
3440 4275 3638 4345 impul-

2065 4383 2317 4441 sionibus
2348 4381 2710 4451 recludentes.
2744 4376 2899 4430 Nunc
2926 4382 3105 4433 autem
3130 4371 3295 4441 hujus
3327 4370 3499 4441 gratia
3530 4370 3638 4424 sin-

2065 4474 2207 4547 gulis
2246 4472 2411 4532 rebus
2445 4484 2643 4532 nomen
2692 4466 2991 4537 posuimus,
3028 4462 3120 4517 alii
3158 4460 3375 4533 quidem
3411 4458 3633 4525 coelum,

2066 4567 2158 4619 alii
2189 4578 2320 4619 vero
2370 4569 2595 4623 terram,
2635 4566 2690 4613 et
2733 4556 2825 4610 alii
2874 4553 3005 4625 quid
3059 4552 3227 4607 aliud.
3260 4550 3327 4605 Et
3375 4550 3634 4621 quoniam

2069 4655 2213 4711 aliud
2249 4655 2313 4709 ad
2343 4652 2546 4722 aliquid
2579 4649 2897 4705 relationem
2934 4646 3119 4709 habet,
3155 4642 3241 4699 vel
3272 4643 3383 4713 agit
3432 4642 3513 4697 vel
3543 4656 3639 4712 pa;

2067 4748 2220 4809 titur,
2251 4746 2431 4805 omnia
2466 4741 2580 4796 haec
2610 4736 2978 4810 peculiaribus
2994 4736 3218 4791 vocibus
3244 4732 3636 4805 significamus,

2066 4849 2133 4889 ne
2178 4829 2710 4887 incommuuicabilis
2739 4837 2795 4883 et
2837 4827 3112 4898 incognita
3156 4824 3352 4880 mentis
3399 4824 3549 4881 notio
3580 4823 3635 4877 in

2066 4925 2225 4980 nobis
2261 4923 2541 4979 resideret.
2577 4920 2669 4975 Illa
2705 4935 2835 4975 vero
2874 4917 3333 4990 supermundialis
3359 4923 3413 4977 et
3441 4917 3636 4979 imma-

2066 5014 2273 5070 terialis
2304 5021 2520 5077 natura,
2553 5027 2673 5081 quae
2700 5012 2770 5065 ab
2794 5011 2942 5068 omni
2990 5009 3335 5072 concretione
3371 5016 3636 5079 corporea

2068 5107 2238 5161 libera
2269 5113 2353 5158 est
2383 5114 2436 5158 et
2465 5103 2662 5167 soluta,
2705 5117 2881 5173 neque
2924 5101 2980 5155 in
3002 5101 3206 5171 ,seipsa,
3241 5112 3414 5166 neque
3444 5095 3497 5147 in
3540 5108 3637 5148 su-

2068 5197 2437 5269 pereminente
2479 5204 2673 5250 natura
2715 5194 3031 5249 nominibus
3070 5193 3153 5245 vel
3188 5186 3365 5242 verbis
3411 5183 3634 5251 indiget,

2070 5290 2162 5345 sed
2182 5289 2357 5345 sicubi
2383 5304 2411 5341 a
2431 5297 2624 5341 natura
2650 5286 2984 5355 intelligente
3005 5279 3278 5351 profectus
3305 5279 3636 5327 memoratur

2070 5394 2250 5434 sermo
2276 5378 2473 5449 aliquis
2502 5379 2556 5432 in
2598 5376 2772 5432 sacris
2800 5372 2980 5428 Libris
3014 5366 3338 5433 descriptus,
3376 5360 3506 5415 illud
3539 5376 3636 5414 no-

2074 5472 2171 5527 stri
2197 5486 2381 5536 eausa,
2414 5471 2506 5541 qui
2541 5470 2812 5531 audimus,
2846 5463 3062 5525 dicitur,
3097 5457 3184 5528 qui
3210 5470 3317 5512 non
3348 5453 3456 5509 alio
3476 5451 3634 5507 modo
