4056 6146
457 262 599 322 1045

1580 272 1857 327 CONTRA
1893 269 2285 340 EUNOMIUM,
2327 272 2454 328 LIB.
2497 275 2617 330 XII.

3569 277 3707 336 1046

457 380 674 453 πλάσμα
697 383 1139 457 ζωοπλαστήσας,
1164 389 1308 461 μόνῳ
1336 390 1410 460 τῷ
1440 392 1646 460 ἐφεῖναι
1671 397 1735 464 τῇ
1761 394 1918 462 φύσει
1939 393 2023 447 τὸν

2134 395 2217 448 his
2259 397 2626 466 cognitionem
2655 405 2838 454 essent
2875 397 3074 469 adepti.
3108 396 3220 452 Nos
3259 401 3439 452 autem
3469 393 3706 452 dicimus

458 471 634 541 λόγον,
658 473 836 526 πᾶσαν
864 475 962 544 τὴν
984 477 1210 548 δύναμιν
1231 480 1328 552 τὴν
1348 481 1568 552 λογικὴν
1593 485 1898 539 ὲναπέθετο;
1923 485 2031 538 Καὶ

459 562 647 632 ὥσπερ
677 564 771 633 τὴν
814 567 872 617 ἐν
909 568 1021 630 τοῖς
1067 569 1438 642 αἰσθητηρίοις
1485 573 1712 645 δύναμιν
1743 574 1892 646 παρὰ
1941 574 2031 627 τοῦ

462 655 761 718 πλάσαντος
799 656 890 708 τὸν
925 658 1197 729 ὀφθαλμὸν
1228 662 1319 714 καὶ
1357 663 1716 731 φυτεύσαντος
1743 665 1839 736 τὴν
1865 664 2033 735 ἀκοὴν

461 751 517 800 ὲν
554 751 616 819 τῇ
652 749 809 819 φύσει
831 750 1061 820 ἔχοντες,
1095 753 1222 822 παρ’
1246 755 1423 809 αὐτῶν
1455 757 1590 826 πρὸς
1626 757 1654 810 ὅ
1682 757 1891 826 πέφυκε
1925 756 2034 809 τῶν

461 838 824 911 αἰσθητηρίων
862 840 922 893 ἒν
945 840 1172 894 ἕκαστον
1191 883 1205 907 ,
1231 845 1365 914 πρὸς
1393 843 1548 899 τοῦτο
1577 845 1920 917 κεχρήμεθα,
1941 847 2033 900 καὶ

459 928 518 979 οὐ
572 928 822 997 δεόμεθα,
858 928 979 982 οὗτε
1011 930 1105 982 τοῦ
1150 932 1218 985 τὰ
1254 933 1515 1002 χρώματα
1544 935 2031 1004 κατονομάσαντος,

459 1009 532 1069 ὧν
555 1019 586 1086 ἡ
614 1018 798 1088 ὅρασις
819 1019 916 1075 τὴν
940 1019 1218 1088 ἀντίληψιν
1251 1021 1361 1091 ἔχει
1389 1023 1569 1093 (ἀρκεῖ
1591 1021 1698 1093 γὰρ
1716 1025 1743 1076 6
1761 1022 2034 1092 ὀφθαλμὸς

459 1108 633 1178 ἐαυτῷ
662 1110 905 1177 γενέσθαι
938 1110 1043 1163 τῶν
1074 1112 1323 1166 τοιούτων
1343 1113 1703 1178 διδάσκαλος),
1718 1113 1839 1167 οὔτε
1857 1107 1929 1168 ὧν
1943 1114 2032 1168 διὰ

457 1200 554 1267 τῆς
579 1199 916 1270 ἀκοῆς,ἢδιὰ
942 1203 1038 1270 τῆς
1065 1202 1372 1273 γεύσεως,ἢ
1399 1203 1486 1257 διὰ
1509 1204 1604 1274 τῆς
1623 1204 1765 1274 ἁφῆς
1780 1203 2036 1275 αἰσθησό-

461 1290 619 1357 μεθα,
635 1290 922 1361 ἀλλοτρίων
948 1292 1080 1362 πρὸς
1102 1292 1197 1363 τὴν
1211 1294 1408 1362 γνῶσιν
1427 1294 1759 1349 διδασκάλων
1782 1295 2030 1366 δεόμεθα,

456 1381 666 1434 οἴκοθεν
700 1382 907 1451 ἔχοντες
937 1383 1162 1436 ἑκάστου
1191 1385 1298 1438 τῶν
1328 1389 1446 1439 κατ’
1475 1386 1722 1457 αἴσθησιν
1754 1387 2034 1456 ἐγγινομέ-

457 1491 561 1525 νων
579 1474 705 1541 ἡμῖν
725 1473 784 1524 τὸ
801 1475 1094 1545 κριτήριον.
1112 1474 1263 1529 Οὕτω
1280 1477 1455 1547 φαμὲν
1472 1478 1564 1531 καὶ
1582 1479 1678 1548 τὴν
1694 1477 2032 1548 διανοητικὴν

454 1561 554 1630 τῆς
577 1561 756 1632 ψυχῆς
781 1562 1009 1634 δύναμιν
1037 1563 1289 1636 τοιαύτην
1316 1566 1467 1638 παρὰ
1497 1566 1590 1620 τοῦ
1631 1567 1766 1620 Θεοῦ
1811 1568 2033 1637 γενομέ-

452 1671 568 1723 νην,
607 1655 698 1722 ἀφ’
744 1656 939 1725 ἑαυτῆς
990 1656 1050 1709 τὸ
1091 1657 1277 1711 λοιπὸν
1313 1659 1598 1722 κινεῖσθαι,
1653 1660 1745 1712 καὶ
1797 1659 1932 1730 πρὸς
1962 1659 2030 1716 τὰ

2134 487 2278 556 quod
2308 487 2399 542 ille
2442 489 2534 558 qui
2570 489 2755 544 omnia
2783 489 2836 544 in
2870 489 3135 559 sapientia
3162 488 3291 544 fecit
3315 489 3380 554 “,
3409 499 3463 544 et
3493 487 3588 558 qui
3621 503 3705 542 ra-

2134 577 2389 632 tionalem
2429 578 2570 634 hanc
2598 586 2908 634 creaturam
2938 578 3164 646 eﬂinxit,
3197 579 3299 633 hoc
3327 578 3445 634 solo
3471 578 3618 648 quod
3647 576 3703 630 in

2133 665 2254 734 ejus
2286 674 2476 721 natura
2505 669 2645 723 ratio
2677 669 2841 736 inest,
2868 683 3088 724 omnem
3117 667 3442 723 rationalem
3473 665 3706 720 faculta-

2135 766 2241 811 tem
2279 757 2492 813 indidit.
2533 757 3080 830 thuemadmodum
3111 743 3171 813 in
3199 757 3472 815 sentiendi
3495 756 3705 812 instru-

2135 851 2333 904 mentis
2371 851 2684 906 facultatem
2725 851 2795 906 ab
2823 866 2889 906 eo
2918 851 3014 922 qui
3057 850 3216 905 finxit
3262 851 3506 914 oculum,
3545 857 3600 904 et
3636 850 3706 903 ab

2133 955 2199 994 eo
2227 941 2320 1009 qui
2353 940 2620 1009 plantavit
2649 934 2835 996 aurem
2863 941 2918 996 in
2949 948 3150 996 natura
3177 939 3464 1008 habentes,
3491 940 3705 1009 abipsis

2134 1032 2202 1086 ad
2238 1031 2386 1102 quod
2422 1032 2913 1088 instrumentorum
2955 1032 3228 1089 sentiendi
3272 1031 3733 1102 unumquodque.

2135 1132 2327 1177 natura
2361 1129 2739 1193 comparatum
2763 1130 2870 1189 est,
2907 1123 2975 1178 ad
3009 1125 3114 1179 hoc
3140 1124 3226 1180 usi
3269 1138 3482 1190 sumus,
3525 1136 3706 1191 neque

2132 1228 2356 1284 egemus
2415 1228 2482 1268 eo
2534 1215 2625 1283 qui
2665 1214 2880 1270 colores
2941 1215 3210 1282 nominet,
3261 1227 3494 1284 quorum
3551 1212 3704 1266 visus

2133 1306 2540 1376 perceptionem
2566 1306 2730 1362 habet
2755 1325 2768 1361 :
2801 1305 2999 1362 sullicit
3028 1307 3174 1360 enim
3204 1307 3348 1376 quod
3376 1304 3573 1360 oculus
3597 1303 3704 1358 sibi

2133 1398 2204 1453 sit
2232 1398 2420 1452 talium
2461 1397 2760 1468 magister:
2793 1410 2972 1467 neque
3007 1411 3196 1452 eorum
3239 1411 3361 1466 quae
3406 1411 3502 1465 per
3549 1394 3705 1448 audi—

2131 1497 2281 1555 tum,
2322 1488 2406 1543 vel
2457 1503 2554 1558 per
2585 1496 2838 1558 gustum,
2887 1487 2972 1544 vel
3017 1503 3114 1560 per
3158 1495 3364 1542 tactum
3412 1486 3700 1549 sentimus,

2131 1579 2324 1635 alienis
2346 1579 2411 1633 ad
2431 1577 2794 1648 cognitionem
2811 1576 3124 1632 doctoribus
3145 1575 3472 1646 indigemus,
3493 1589 3524 1629 e
3543 1574 3703 1628 domo

2135 1668 2398 1724 habentes
2433 1668 2702 1737 cujusque
2735 1680 2924 1721 eorum
2958 1679 3078 1736 quae
3111 1679 3206 1734 per
3234 1679 3454 1720 sensum
3481 1664 3703 1733 ingene-

455 1746 756 1816 πράγματα
788 1747 1004 1816 βλέπειν
1028 1763 1042 1777 ·
1074 1749 1168 1801 καὶ
1205 1749 1279 1813 ὡς
1320 1750 1385 1803 ἂν
1415 1751 1683 1822 μηδεμίαν
1711 1750 1968 1821 σύγχυσιν
1994 1751 2023 1821 ὴ

2134 1765 2326 1812 rantur
2358 1755 2518 1811 nobis
2543 1754 2826 1825 judicandi
2870 1753 3313 1809 instrumentum.
3344 1751 3438 1805 Sic
3468 1751 3701 1806 dicimus

455 1838 653 1904 γνῶσις
694 1838 887 1904 πάθοι,
935 1839 1183 1911 καθάπερ
1219 1842 1506 1913 σήμαντρά
1543 1861 1661 1897 τινα
1688 1845 1785 1907 τὰς
1813 1843 1898 1898 διὰ
1923 1844 2029 1897 τῶν

455 1928 646 1997 φωνῶν
670 1930 1092 2000 ἑπισημειώσεις
1127 1933 1343 2004 ἑκάστῳ
1383 1934 1490 1988 τῶν
1541 1935 1878 2007 πραγμάτων
1912 1937 2030 1990 ἐπι-

453 2020 685 2074 ϐάλλειν.
721 2022 1011 2076 Πιστοῦται
1043 2024 1098 2077 δὲ
1123 2025 1182 2078 τὸ
1216 2027 1450 2080 τοιοῦτον
1471 2027 1645 2098 δόγμα
1678 2030 1769 2082 καὶ
1797 2031 1825 2081 6
1856 2029 2027 2098 μέγας

452 2111 713 2181 Μωΰσῆς,
747 2112 913 2165 εἰπὼν
968 2115 1115 2184 παρᾶ
1153 2115 1247 2168 τοῦ
1289 2117 1457 2186 Ἀδὰμ
1509 2117 1870 2173 ὲπιτεθεῖσθαι
1917 2121 2028 2182 τοῖς

457 2202 670 2268 ἀλόγοις
721 2204 829 2257 τῶν
878 2204 1029 2270 ζώων
1060 2206 1157 2269 τὰς
1191 2208 1537 2277 ἐπωνυμίας,
1562 2210 1760 2263 οὑτωσὶ
1814 2211 2028 2282 γράψας

457 2289 535 2359 τῷ
563 2293 764 2362 ῥήματι
794 2309 809 2324 ο
841 2294 946 2347 Kal
979 2294 1249 2350 ἔπλασεν
1276 2300 1308 2350 ὀ
1357 2298 1499 2364 Θεὸς
1532 2298 1620 2352 ἔτι
1654 2300 1722 2352 ἐκ
1757 2299 1867 2369 τῆς
1915 2300 2027 2371 γῆς

453 2379 645 2434 πάντα
681 2385 751 2436 τὰ
778 2385 950 2453 θηρία
974 2385 1082 2438 τοῦ
1113 2387 1319 2456 ἀποοῦ,
1348 2389 1444 2442 καὶ
1483 2389 1677 2445 πάντα
1699 2393 1768 2446 τὰ
1788 2394 2028 2448 πετεινὰ

449 2472 554 2525 τοῦ
599 2476 875 2542 οὐρανοῦ,
911 2478 1006 2530 καὶ
1053 2479 1274 2548 ἤγαγεν
1312 2481 1464 2536 αὐτὰ
1511 2483 1659 2551 πρὸς
1708 2483 1813 2536 τὸν
1857 2484 2026 2554 Ἀδὰμ

452 2563 598 2618 ἰδεῖν
623 2567 680 2618 τί
706 2569 948 2622 καιίἐσει
971 2570 1138 2624 αὐτά.
1179 2571 1285 2624 Καὶ
1315 2571 1437 2625 πᾶν
1479 2573 1509 2626 ὂ
1539 2573 1835 2628 ἐκάλεσεν
1878 2575 2025 2628 αὐτὸ

467 2657 635 2726 Ἀδὰμ
691 2659 902 2728 ¹ψυχὴν
950 2658 1178 2724 ζῶσαν,
1211 2662 1384 2717 τοῦτο
1435 2665 1620 2733 ὄνομα
1677 2666 1854 2730 αὐτῷ.
1913 2667 2022 2719 Kal

449 2749 742 2828 ἐκάλεσεν
790 2749 956 2819 Ἀδὰμ
1009 2752 1268 2820 ὀνόματα
1307 2754 1455 2807 πᾶσι
1491 2754 1612 2820 τοῖς
1644 2756 1870 2824 θηρίοις
1917 2754 2024 2823 τῆς

448 2835 565 2907 τῆς
614 2837 708 2891 καί
769 2838 1050 2906 κτήνεσι,
1100 2843 1194 2895 ’διαὶ
1250 2841 1400 2897 πᾶσι
1453 2843 1574 2909 τοῖς
1626 2845 1850 2911 θηρίοις
1919 2843 2024 2897 τοῦ

449 2929 658 2997 ἁπροῦ.

533 3020 668 3072 Ἀλλ’
708 3021 849 3074 ἔοικε
896 3023 1140 3095 καθάπερ
1169 3032 1251 3089 τις
1278 3024 1535 3098 γλοιώδης
1571 3027 1756 3096 πηλὸς,
1777 3029 1866 3082 καὶ
1906 3029 2022 3100 ἐχέ-

447 3110 663 3177 κολλος,
689 3113 718 3164 ό
747 3113 885 3166 κατὰ
931 3115 1027 3185 τῆς
1068 3116 1310 3180 ἐπινοίας
1357 3102 1505 3188 αὐτῷ
1557 3119 1829 3183 συντεθεὶς
1859 3119 2020 3191 λῆρος

449 3201 850 3272 παρακατέχειν
887 3205 1055 3274 ἡμᾶς,
1088 3205 1179 3258 καὶ
1214 3207 1289 3278 μὴ
1331 3207 1426 3276 sev
1448 3206 1555 3260 τῶν
1593 3210 2022 3281 χρησιμωτέρων

447 3292 844 3362 προσάψασθαι.
870 3295 992 3358 Πῶς
1024 3296 1130 3366 γὰρ
1159 3296 1222 3350 ἄν
1246 3315 1328 3360 τις
1354 3298 1702 3370 παραδράμοι
1732 3299 1828 3372 τὴν
1851 3317 2021 3354 σπου-

444 3384 601 3437 δαίαν
634 3386 847 3456 ἐκείνην
885 3390 978 3440 καὶ
1009 3389 1475 3461 πεφροντισμένην
1500 3390 1835 3458 φιλοσοφίαν,
1861 3393 1918 3445 ὲν
1940 3386 2022 3457 οἷς

445 3490 601 3541 φησι,
639 3474 710 3544 μὴ
754 3475 914 3545 μόνον
948 3478 1061 3538 τοῖς
1098 3478 1392 3548 ποιήμασιν
1424 3479 1779 3547 ἐμφαίνεσθαι
1804 3482 1900 3552 τὴν
1924 3481 2020 3535 τοῦ

443 3563 578 3616 Θεοῦ
642 3566 1131 3637 μεγαλοπρέπειαν,
1164 3567 1295 3621 ἀλλὰ
1343 3569 1444 3621 κάν
1488 3572 1597 3632 τοῖς
1644 3571 1865 3640 ὀνόμασι
1911 3573 2022 3625 δια-

442 3655 749 3709 δείκνυσθαι
783 3657 880 3728 τὴν
917 3659 1010 3712 τοῦ
1045 3658 1179 3711 Θεοῦ
1218 3659 1428 3728 σοφίαν,
1468 3661 1680 3724 οἰκείως
1729 3664 1818 3732 καὶ
1850 3680 2018 3734 προσ-

446 3749 592 3815 φυῶς
620 3747 834 3819 ἑκάστῳ
863 3749 967 3803 τῶν
1015 3751 1318 3820 γενομένων
1365 3749 1464 3814 τὰς
1515 3754 1884 3824 προσηγορίας
1919 3755 2020 3825 ἁρ-

446 3839 710 3908 μόσαντος
733 3857 748 3906 ;
778 3839 961 3894 Ταῦτα
983 3844 1266 3909 Κρατύλῳ
1291 3843 1433 3912 τάχα
1455 3841 1530 3914 τῷ
1555 3843 1882 3916 Πλατωνικῷ
1903 3846 2020 3898 δια-

442 3928 605 3998 λόγῳ,
640 3931 671 4000 ἢ
704 3931 864 3994 αὐτὸς
894 3933 1156 4002 ἐντυχὼν,
1181 3935 1215 4002 ἦ
1254 3950 1396 3996 τινος
1446 3933 1554 3986 τῶν
1588 3936 2021 4005 ἐντετυχηκότων

443 4020 704 4084 ἀκούσας,
731 4021 818 4074 διὰ
839 4022 936 4092 τὴν
982 4023 1178 4094 πολλὴν
1209 4021 1358 4094 οἶμαι
1387 4024 1658 4095 πτωχείαν
1686 4025 1793 4078 τῶν
1814 4028 2020 4098 νοημά-

441 4129 552 4164 των
580 4113 838 4184 ἐῤῥάπτει
876 4116 987 4176 τοῖς
1027 4113 1173 4177 ἰδίοις
1201 4114 1385 4188 λήροις
1433 4113 1531 4178 τὰς
1567 4116 1682 4168 ἐκεῖ
1732 4117 2018 4188 φλυαρίας,

441 4203 628 4272 ὅμοιον
651 4202 817 4255 ποιῶν
849 4206 963 4266 τοῖς
991 4203 1086 4274 τὴν
1125 4205 1328 4277 τροφὴν
1357 4206 1420 4258 ἐκ
1459 4208 1866 4277 προσαιτήσεως
1895 4208 2022 4262 ἑαυ-

441 4294 554 4354 τοῖς
609 4293 1041 4362 συναγείρουσιν.
1082 4294 1166 4356 Ὡς
1196 4295 1301 4368 γὰρ
1333 4297 1530 4350 ἐκεῖνοι
1579 4297 1752 4369 βραχύ
1781 4316 1832 4352 τι
1886 4305 2018 4373 παρ’

2130 1849 2293 1905 etiam
2329 1846 2748 1902 intellectualem
2781 1845 2949 1900 animi
2991 1843 3303 1899 facultatem
3332 1842 3495 1897 talem
3531 1857 3560 1896 a
3592 1841 3701 1898 Deo

2131 1941 2352 2004 factam,
2385 1954 2416 1993 a
2447 1939 2626 2010 seipsa
2670 1947 2927 1993 cancrum
2968 1936 3196 2003 moveri,
3247 1941 3302 1990 et
3340 1933 3409 1990 ad
3440 1949 3529 1988 res
3568 1948 3700 1988 con-

2131 2032 2267 2088 tueri
2293 2050 2305 2085 :
2337 2039 2500 2101 atque
2534 2038 2592 2084 ut
2623 2029 2831 2084 nullam
2860 2026 3241 2083 confusionem
3275 2024 3516 2095 cognitio
3545 2033 3699 2094 pate-

2129 2121 2470 2192 retur,veluti
2492 2121 2773 2193 signacula
2793 2119 3062 2189 quedam,
3093 2125 3250 2172 notas
3273 2130 3394 2184 quae
3414 2129 3509 2185 per
3535 2128 3701 2168 voces

2131 2215 2281 2280 fiunt,
2316 2214 2513 2283 cuique
2528 2213 2605 2268 rei
2629 2211 2832 2267 indere.
2858 2209 2974 2264 lloc
3003 2209 3196 2279 dogma
3226 2206 3514 2260 confirmat
3534 2204 3697 2258 etiam

2129 2322 2359 2379 magnus
2385 2305 2584 2368 Moses,
2615 2318 2738 2358 cum
2774 2302 2909 2358 dixit
2933 2301 3000 2355 ab
3019 2300 3226 2356 Adamo
3255 2298 3434 2352 brutis
3459 2296 3699 2350 animan-

2127 2400 2275 2456 tibus
2296 2399 2518 2455 nomina
2556 2397 2729 2451 fuisse
2766 2395 3042 2464 imposita,
3073 2393 3153 2447 sic
3194 2390 3440 2446 scribens
3479 2388 3547 2443 ad
3578 2402 3698 2442 ver-

2126 2491 2254 2544 bum
2293 2508 2306 2544 :
2363 2489 2426 2543 Et
2475 2488 2724 2558 formavit
2774 2484 2916 2539 Deus
2957 2482 3184 2552 amplius
3233 2496 3297 2535 ea:
3331 2491 3473 2534 terra
3516 2495 3696 2533 omnes

2127 2579 2319 2633 bestias
2356 2578 2492 2648 agri,
2523 2585 2572 2630 et
2606 2577 2783 2629 omnia
2814 2573 3058 2628 volatilia
3085 2573 3222 2636 caeli,
3260 2580 3309 2625 et
3354 2569 3583 2623 adduxit
3621 2569 3694 2620 ad

2124 2669 2386 2724 Adamum
2445 2678 2501 2722 ut
2555 2668 2746 2722 videret
2782 2666 3042 2736 quomodo
3101 2682 3162 2718 ea
3219 2672 3544 2732 nuncuparet
3593 2670 3696 2730 {et

2125 2775 2273 2813 omne
2313 2758 2449 2828 quod
2482 2766 2716 2810 uocasset
2746 2756 2983 2809 Adamus
3024 2755 3260 2808 animant
3284 2754 3556 2817 viventem,
3601 2751 3696 2805 hoc

2125 2867 2311 2904 nomen
2335 2849 2456 2915 ipsi.
2483 2846 2554 2901 Et
2583 2847 2780 2901 indidit
2810 2847 3046 2900 Adamus
3072 2845 3290 2898 nomina
3311 2842 3489 2897 bestiis
3516 2850 3690 2904 terra,

2122 2950 2172 2995 et
2194 2940 2448 3009 jumentis
2475 2948 2524 2994 et
2550 2939 2791 2992 omnibus
2826 2936 3014 2990 belluis
3053 2936 3170 3005 agri
3201 2934 3271 2987 ".

2199 3031 2304 3087 Sed
2346 3031 2556 3085 videtur
2582 3029 2728 3084 velut
2758 3027 3026 3097 quoddam
3067 3025 3342 3080 viscosum
3383 3023 3595 3086 lutum,
3640 3027 3696 3075 et

2123 3125 2307 3194 gluten
2349 3122 2589 3184 habens,
2634 3120 2704 3175 ab
2725 3135 2790 3174 eo
2813 3125 3004 3173 contra
3033 3114 3550 3170 commentationem
3589 3109 3696 3165 eﬂi-

2123 3227 2270 3272 ctum
2294 3220 2661 3270 commentum
2692 3211 2807 3266 sive
2838 3209 3252 3263 deliramentum
3285 3220 3388 3260 nos
3423 3203 3691 3266 detinere,

2124 3321 2224 3361 nec
2271 3305 2449 3360 sinere
2491 3319 2590 3358 nos
2626 3301 2692 3356 ad
2725 3316 2788 3354 ea
2823 3314 2944 3369 qua:
2979 3300 3101 3366 p'us
3154 3296 3408 3350 utilitatis
3440 3294 3693 3348 habitura

2124 3399 2271 3455 sunt,
2299 3391 2624 3462 pertingere.
2647 3388 2932 3454 Quomodo
2968 3386 3112 3442 enim
3143 3385 3269 3454 quis
3316 3384 3463 3436 illam
3491 3383 3691 3437 bonam

2122 3491 2176 3539 et
2213 3489 2526 3538 accuratam
2571 3478 2970 3550 phil050phiam
3021 3475 3347 3546 praeteriret,
3400 3474 3453 3527 in
3488 3472 3691 3542 quibus

2127 3575 2222 3640 ait,
2254 3589 2362 3628 non
2394 3573 2571 3628 solum
2605 3570 2661 3626 in
2681 3569 2952 3625 creaturis
2987 3567 3078 3622 Dei
3105 3563 3562 3636 magnificentiam
3591 3576 3691 3631 ap-

2123 3681 2339 3737 parere,
2394 3651 2489 3720 se-d
2535 3663 2699 3718 etiam
2759 3662 2814 3716 in
2868 3659 3180 3715 nominibus
3226 3656 3321 3710 Dei
3371 3653 3696 3724 sapientiam

2122 3753 2511 3818 demonstrari,
2547 3751 2639 3821 qui
2685 3750 2905 3821 proprie
2953 3757 3008 3804 et
3071 3746 3138 3801 ad
3182 3753 3432 3800 naturam
3474 3755 3692 3796 accom-

2123 3844 2340 3900 modate
2377 3843 2607 3914 singulis
2636 3841 2801 3896 rebus
2832 3840 2900 3895 ab
2925 3841 3047 3909 ipso
3077 3837 3278 3891 creatis
3302 3833 3709 3904 appellationes.

2124 3935 2370 4006 aptavit?
2407 3933 2532 3988 licet:
2583 3931 2817 3987 fortasse
2849 3945 2970 3985 cum
3020 3930 3074 3983 in
3117 3925 3399 3998 Cratylum
3449 3923 3692 3977 Platonis

2124 4025 2404 4097 Dialogum
2437 4025 2521 4079 vel
2559 4023 2676 4094 ipse
2720 4022 3022 4084 incidisset,
3060 4018 3143 4076 vel
3188 4034 3252 4074 ex
3293 4017 3474 4086 aliquo
3502 4028 3692 4070 eorum

2122 4121 2215 4191 qui
2243 4120 2494 4190 legerunt
2525 4130 2648 4170 cum
2678 4114 2996 4177 audivisset,
3024 4112 3095 4166 ob
3114 4110 3362 4171 multam,
3393 4115 3453 4160 ut
3475 4106 3691 4174 opinor,

2123 4210 2406 4264 notionum
2445 4205 2851 4261 mendicitatem
2885 4204 3003 4257 suis
3035 4200 3194 4270 nugis
3222 4196 3400 4252 assuit
3427 4209 3548 4264 qua:
3576 4193 3691 4246 illic

2123 4307 2249 4356 sunt
2281 4305 2630 4370 nugamenta,
2685 4295 2862 4350 simile
2911 4292 3038 4361 quid
3085 4291 3288 4343 faciens
3332 4287 3416 4340 his
3459 4285 3554 4354 qui
3588 4284 3691 4336 ali-

442 4383 675 4436 ἑκάστου
714 4383 820 4436 τῶν
865 4383 1162 4453 ὀρεγόντων
1213 4385 1509 4457 δεχόμενοι,
1541 4391 1604 4441 ἐκ
1659 4390 1917 4443 ποικίλων
1952 4409 2011 4444 τε

2125 4398 2364 4446 mentum
2412 4404 2478 4443 ex
2534 4385 2884 4440 mendicitate
2930 4381 3033 4436 sibi
3068 4380 3201 4448 ipsis
3251 4381 3574 4448 congerunt.
3618 4373 3691 4429 Ut

442 4474 535 4526 καὶ
568 4472 857 4526 πολυειδῶν
887 4473 985 4544 τὴν
1005 4475 1212 4544 τροφὴν
1234 4478 1443 4541 ἑαυτοῖς
1464 4478 1825 4550 ὲρανίζουσιν·
1848 4481 2019 4547 οὕτως

440 4568 535 4618 καὶ
561 4567 588 4618 6
632 4563 723 4618 τοῦ
763 4565 1024 4635 Εὑνομίου
1070 4565 1223 4633 λόγος
1263 4566 1349 4620 διὰ
1379 4569 1475 4638 τὴν
1507 4570 1601 4622 τοῦ
1634 4571 1886 4641 ἀληθινοῦ
1922 4573 2019 4644 ἄρ-

437 4675 534 4709 του
569 4655 757 4710 πενίαν
778 4695 792 4720 ,
819 4656 916 4719 τὰς
964 4657 1297 4728 πανταχόθεν
1336 4657 1501 4730 ψίχας
1533 4663 1791 4731 ῥημάτων
1830 4681 1891 4717 τε
1923 4667 2016 4718 καί¹

437 4746 726 4816 νοημάτων
760 4745 840 4816 τῷ
896 4746 1007 4817 ἰδίῳ
1059 4748 1391 4818 συνερανίζει
1442 4751 1609 4821 πόνῳ.
1666 4754 1776 4806 Καὶ
1825 4755 2016 4809 τούτου

439 4842 601 4910 χάριν
639 4837 1064 4910 περικτυπηθεὶς
1091 4842 1156 4909 τῇ
1179 4841 1510 4913 καλλιφωνία
1540 4843 1638 4912 τῆς
1669 4845 2016 4919 Πλατωνικῆς

441 4930 667 4994 λέξεως,
713 4929 918 5000 πρέπον
966 4931 1134 4984 οἴεται
1187 4932 1360 5002 δόγμα
1410 4937 1507 5003 τῆς
1551 4935 1874 5006 Ἐκκλησίας
1917 4937 2016 5009 τὴν

438 5021 648 5074 ἐκείνου
680 5020 994 5088 φιλοσοφίαν
1021 5022 1366 5092 ποιήσασθαι.
1391 5024 1588 5090 Πόσαις
1614 5027 1738 5095 γὰρ,
1757 5028 1876 5079 εἰπέ
1899 5046 2012 5098 μοι,

439 5115 644 5182 φωναῖς
670 5113 808 5166 κατὰ
839 5112 938 5176 τὰς
974 5112 1080 5166 τῶν
1114 5113 1280 5167 ἐθνῶν
1317 5115 1574 5187 διαφορὰς
1604 5120 1636 5188 ή
1662 5119 1752 5188 τοῦ
1784 5121 2015 5189 στερεώ-

442 5220 610 5270 ματος
639 5202 1060 5272 κατονομάζεται
1093 5205 1267 5267 κτίσις
1305 5222 1318 5268 ;
1363 5206 1550 5275 Ἡμεῖς
1587 5208 1810 5277 οὐρανὸν
1857 5211 2014 5264 τοῦτο

439 5289 692 5360 λέγομεν,
711 5292 934 5361 Σαμαὶμ
957 5294 985 5344 ὁ
1019 5292 1288 5363 Ἐϐραῖος,
1313 5297 1342 5346 6
1374 5295 1639 5368 Ῥωμαῖος
1665 5297 1836 5351 Κελοὺ
1844 5316 1904 5369 μ,
1923 5301 2012 5353 καὶ

436 5381 613 5445 ἄλλως
639 5383 668 5434 6
700 5381 888 5452 Σύρος,
927 5383 953 5434 6
989 5383 1190 5463 Μῆδος,
1222 5386 1250 5436 6
1287 5386 1680 5457 Καππαδόκης,
1701 5389 1730 5439 6
1761 5390 2014 5459 Μαυρού-

440 5489 574 5539 σιος,
596 5474 624 5525 ό
653 5473 884 5543 Σκύθης,
909 5476 937 5526 ό
968 5474 1135 5545 Θρᾲξ,
1166 5477 1194 5528 6
1224 5475 1535 5558 Αἰγύπτιοςο
1564 5479 1684 5533 οὐδὲ
1711 5481 2012 5552 ἀριθμῆσαι

513 5649 562 5685 ⁷⁸
594 5649 735 5709 Psal.
765 5669 883 5718 cut,
916 5655 1005 5708 24.
1081 5657 1127 5686 ⁷⁸
1162 5655 1296 5710 Gott.
1334 5671 1412 5722 Ill,
1451 5656 1530 5719 l9,
1563 5658 1652 5715 ΞΟ.

2116 4483 2260 4540 enim
2307 4481 2384 4534 illi
2432 4478 2704 4533 modicum
2756 4475 2887 4545 quid
2929 4489 2959 4526 a
3008 4471 3241 4540 singulis
3283 4465 3692 4538 porrigentibus

2115 4573 2468 4642 accipientes,
2519 4584 2584 4624 ex
2626 4567 2789 4621 variis
2816 4573 2870 4620 et
2910 4561 3337 4618 multiformibus
3371 4559 3687 4618 alimentum

2115 4663 2221 4718 sibi
2266 4661 2400 4730 ipsis
2445 4662 2760 4725 corrogant,
2800 4655 2881 4710 sic
2923 4651 3177 4706 Eunomii
3235 4663 3418 4705 sermo
3467 4655 3689 4717 propter

2115 4753 2227 4808 veri
2261 4751 2418 4822 panis
2457 4749 2698 4820 inOpiam
2735 4745 2978 4815 undique
3008 4743 3299 4798 verborum
3328 4747 3382 4795 et
3405 4739 3705 4814 nationum.

2117 4847 2289 4900 micas
2329 4841 2548 4912 proprio
2582 4839 2752 4892 labori
2789 4843 3064 4906 corrogat,
3103 4833 3378 4903 hujusque
3409 4845 3578 4887 causa
3618 4831 3690 4885 ob

2118 4935 2408 4990 Platonica:
2461 4931 2718 4986 dictionis
2771 4929 3093 4999 elegantiam
3146 4926 3434 4989 attonitus,
3493 4923 3689 4980 decere

2117 5027 2370 5096 Opinatur
2443 5024 2669 5078 decreta
2717 5021 2976 5076 Ecclesia:
3031 5019 3431 5090 phiIOSOphiam
3485 5015 3712 5083 faceren

2116 5118 2261 5184 Quot
2289 5116 2466 5180 enim,
2503 5113 2590 5168 die
2631 5112 2783 5176 mihi,
2822 5112 3050 5167 vocibus
3095 5110 3396 5166 secundum
3446 5104 3687 5175 gentium

2116 5207 2452 5263 differentias
2519 5204 2847 5259 ﬁrmamenti
2911 5212 3108 5258 natura
3179 5195 3528 5254 nominatur?
3576 5191 3687 5248 Nos

2120 5297 2314 5368 (Graeci
2331 5294 2602 5365 videlicet)
2622 5295 2849 5365 οὐρανόν
2869 5294 3124 5355 dicimus,
3149 5283 3684 5349 Samaim-Hebratus,

2119 5389 2398 5444 Romanus
2413 5388 2632 5452 cmlum,
2653 5395 2708 5442 et
2726 5388 2880 5440 aliter
2919 5383 3107 5453 Syrus,
3126 5379 3332 5443 Medus,
3369 5375 3684 5444 Cappadox,

2123 5480 2450 5548 Maurusius,
2488 5478 2710 5548 Scytha,
2750 5477 2951 5539 Thrax,
2997 5470 3314 5543 .Egyptius.
3357 5466 3543 5540 Neque
3575 5481 3682 5522 nu-
