4056 6146
368 285 512 346 1049

1392 282 1667 339 CONTRA
1696 283 2083 353 EUNOMIUM,
2125 285 2255 341 LIB.
2298 284 2411 341 XII.

3479 293 3621 349 1059

364 407 501 472 ,περὶ
551 400 701 457 Θεοῦ
749 398 1157 468 exoluti-saw.
1205 397 1305 455 Οἷα
1350 401 1741 473 χαρίζεταιτῷ
1769 403 1923 475 Θεῷ·‹

2043 403 2255 474 gnanda
2288 414 2368 459 est
2402 403 2678 459 verborum
2713 404 2959 472 inventio,
2994 403 3101 476 'qui
3147 407 3351 461 mentiti
3396 410 3617 464 suntin

364 493 645 563 γεννάδας,
693 490 761 544 τὰ
807 489 910 563 τῆς
941 492 1227 562 ποιητικῆς
1255 492 1504 559 ἐξουσίας
1535 496 1821 566 εὑρήματα
1862 495 1942 567 τῷ

366 585 488 656 Θεῷ
533 582 884 654 προσάπτων.
918 584 1087 636 Ὥστε
1132 584 1222 638 διὰ
1264 584 1454 639 τούτου
1482 585 1805 658 σεμνότερον
1831 591 1941 651 τοῖς

364 677 670 749 ἀνθρώποις
703 674 798 728 καὶ
850 673 1177 746 ὑψηλότερον
1229 676 1319 730 τὸν
1370 677 1501 730 Θεὸν
1555 678 1729 732 δοκεῖν
1771 676 1937 745 εἶναι,

363 769 493 822 ὅταν
522 766 848 821 πιστεύωσιν
893 768 943 818 οί
978 767 1228 839 Εὐνομίῳ
1267 768 1714 840 μαθητευόμενοι,
1745 770 1807 823 τὸ
1844 775 1941 825 Λι-

362 864 586 930 κριρὶς,
614 861 705 914 καὶ
731 861 791 913 τὸ
821 859 1130 928 Κάρκαιρε.
1165 861 1259 914 καὶ
1284 862 1344 914 τὸ
1382 862 1603 928 Εὺρὰξ,
1627 862 1721 915 καλ⁸
1754 864 1813 916 τὸ
1834 863 1942 917 Κέ-

362 953 538 1015 uade,
570 950 665 1004 καὶ
701 950 762 1002 τὸ
782 949 1013 1017 Φοχειρὶ
1037 991 1051 1013 ,
1079 950 1174 1001 καὶ
1205 948 1350 1012 Σίζε,
1388 950 1481 1002 καὶ
1512 951 1820 1019 Δούπησε,
1847 951 1941 1003 καὶ

358 1041 671 1111 Κανάχιζε,
722 1040 817 1094 καὶ
851 1039 1226 1108 Σμερδα.2ἐον
1272 1037 1553 1104 κονάϐιζε,
1591 1042 1685 1093 καὶ
1736 1041 1935 1109 Λίγξε,

360 1136 456 1188 καὶ
486 1135 674 1201 "laxe,
727 1132 821 1185 καὶ
854 1129 1218 1199 Μερμήριξε,
1251 1130 1343 1183 καὶ
1381 1131 1559 1184 πάντα
1594 1132 1659 1186 τὰ
1693 1132 1933 1199 τοιαῦτα,

360 1227 443 1279 ὅτι
466 1225 527 1276 οὑ
565 1226 686 1277 κατ’
720 1222 963 1286 ἐξουσίαν
1005 1221 1126 1274 τινὰ
1189 1222 1323 1293 πρὸς
1360 1223 1419 1275 τὸ
1468 1222 1657 1277 δοκοῦν
1691 1225 1739 1276 οί
1778 1239 1936 1294 ποιηο

357 1317 452 1369 ταὶ
478 1315 859 1385 διεξέρχονται,
910 1312 1042 1367 ἀλλὰ
1085 1315 1215 1382 παρ’
1242 1311 1404 1366 αὑτοῦ
1441 1312 1534 1366 τοῦ
1573 1313 1708 1366 Θεοῦ
1737 1314 1804 1367 τὰ
1841 1317 1934 1385 ῥή-

363 1425 511 1478 ματα
563 1406 736 1460 ταῦτα
796 1403 1306 1473 μυσταγωγούμενοι
1365 1407 1476 1467 τοῖς
1526 1405 1743 1478 μέτροις
1793 1406 1934 1460 ὲνείι-

362 1516 536 1570 ρουσι.
569 1497 855 1567 Παρείσθω
886 1497 976 1549 καὶ
1008 1497 1198 1562 ταῦτα,
1230 1496 1324 1550 καὶ
1353 1496 1416 1549 τὸ
1446 1497 1606 1567 σοφὸν
1640 1500 1819 1552 ἐκεῖνο·
1842 1502 1934 1554 καὶ

357 1588 568 1659 ἄμαχον
592 1587 944 1657 ἐπιχείρημα,
977 1586 1039 1639 τὸ
1077 1587 1202 1650 τοὺς
1236 1587 1422 1655 ἁγίους
1457 1587 1566 1641 τῶν
1600 1588 1807 1662 ἀνδρῶν
1857 1589 1931 1661 μὴ

355 1680 499 1751 ἔχειν
527 1682 674 1751 ἡμᾶς
699 1678 1061 1732 ὲπιδεικνῦναι
1087 1679 1186 1748 τὴν
1226 1679 1501 1750 γραφικὴν
1532 1680 1788 1752 ἱστορίαν,
1812 1698 1933 1734 και-

2042 495 2376 563 opinionibus
2409 495 2472 550 de
2499 495 2629 550 Deo.
2671 496 2861 562 Qualia
2894 497 3001 552 Deo
3043 498 3129 552 hic
3160 514 3460 568 generosus
3489 516 3615 570 grau-

2041 588 2304 651 tiﬁcatur,
2328 589 2566 658 poetices
2601 588 2875 646 facultatis
2909 591 3127 646 inventa
3160 591 3272 647 Deo
3304 592 3616 662 adaptans?

2054 677 2133 731 lta
2167 686 2227 732 ut
2256 695 2352 749 per
2395 680 2501 734 hoc
2547 681 2859 738 hominibus
2909 683 3195 751 augustior
3240 691 3295 737 et
3344 684 3614 738 excelsior

2042 766 2185 824 Deus
2213 784 2334 825 esse
2361 770 2634 835 videatur,
2658 786 2783 825 cum
2814 772 3046 827 credunt
3070 774 3321 828 Eunomii
3355 773 3613 844 discipuli

2039 860 2155 915 htec
2199 863 2365 917 verba
2422 862 2707 932 Licriphis,
2752 873 2807 921 et
2839 864 3158 930 Karcltaire,
3205 873 3258 921 et
3306 864 3519 931 Eurax,
3557 874 3612 921 et

2037 950 2084 1002 1i
2093 951 2309 1015 coluere,
2332 962 2386 1006 et
2414 952 2711 1019 Pltoclteiri,
2735 965 2788 1009 et
2818 954 2957 1019 Size,
2996 964 3049 1010 et
3079 954 3328 1025 Doupese,
3352 965 3407 1011 et
3434 960 3612 1011 Karta-

2038 1041 2203 1106 cltize,
2222 1053 2275 1098 et
2293 1042 2574 1098 Intonuere
2588 1046 2779 1113 poli,et
2792 1042 3003 1100 Crebris
3023 1048 3183 1100 micat
3207 1048 3409 1110 ignibus
3425 1051 3607 1116 aether,

2037 1143 2092 1189 et
2121 1130 2307 1199 Linare,
2331 1142 2385 1189 et
2416 1133 2589 1200 Isclte,
2629 1146 2699 1191 et.
2723 1137 2828 1189 alia
2877 1137 3144 1205 ejusmodi
3187 1149 3470 1210 poetarum
3512 1141 3611 1209 ﬁg-

2036 1232 2255 1292 menta;
2289 1226 2433 1293 quod
2469 1241 2576 1280 non
2625 1242 2720 1295 per
2753 1225 3030 1280 licentiam
3067 1227 3302 1297 aliquam
3349 1230 3414 1283 ad
3463 1230 3609 1285 arbi-

2037 1314 2200 1369 trium
2243 1326 2415 1385 poetze
2458 1326 2878 1387 persequuntur,
2929 1319 3022 1372 sed
3066 1319 3134 1372 ab
3188 1320 3307 1388 ipso
3349 1319 3457 1374 Deo
3494 1321 3608 1376 haec

2035 1407 2201 1461 verba
2235 1409 2462 1478 mystice
2509 1409 2686 1463 edocti
2737 1410 2984 1464 versibus
3025 1410 3141 1464 suis
3185 1408 3456 1464 inserunt.
3499 1410 3604 1465 Sed

2034 1505 2088 1552 et
2114 1498 2229 1553 haec
2262 1501 2766 1568 praetermittantur,
2801 1508 2856 1554 et
2881 1499 3100 1553 doctum
3130 1498 3262 1553 illud
3287 1508 3340 1554 et
3375 1500 3608 1569 inexpu-

2035 1589 2251 1658 gnabile
2308 1590 2650 1660 cpicherema
2701 1605 2802 1645 nos
2855 1605 2965 1645 nou
3015 1605 3175 1658 posse
3228 1590 3606 1646 demonstrare

2033 1697 2099 1736 ex
2133 1682 2337 1751 scripta
2363 1682 2609 1749 historia,
2642 1690 2864 1737 sanctos
2892 1683 3038 1738 viros
3070 1697 3235 1737 novas
3258 1698 3420 1736 veees
3443 1699 3606 1736 exem-

355 1771 452 1835 νὰς
478 1771 867 1841 ὲπεξευρόντας
897 1770 1098 1839 φωνάς.
1132 1770 1193 1823 El
1231 1771 1330 1840 μὲν
1357 1770 1466 1842 γὰρ
1507 1772 1701 1843 ἀτελὴς
1737 1768 1806 1844 ἦν
1829 1773 1923 1843 μέ-

2033 1775 2253 1844 gitassc.
2293 1773 2349 1827 Si
2385 1775 2530 1829 enim
2569 1773 2888 1844 imperfecta
2935 1782 3053 1829 erat
3090 1790 3263 1843 usque
3317 1774 3383 1827 ad
3425 1775 3601 1827 mani-

353 1881 447 1936 χρι
470 1863 571 1936 τῆς
595 1862 915 1931 ἀναδείξεως.
942 1863 1048 1915 τῶν
1079 1862 1286 1933 ἀνδρῶν
1315 1863 1535 1917 ἐκείνων
1557 1866 1587 1935 ἡ
1616 1862 1939 1937 ἀνθρωπίνη

355 1953 537 2024 φύσις,
566 1953 662 2007 καὶ
691 1952 843 2007 οὔπω
864 1955 927 2024 τῇ
953 1957 1131 2023 χάριτι
1159 1955 1224 2024 τῇ
1258 1952 1449 2024 λογικῇ
1468 1953 1925 2024 συμπεπλήρωτο,

352 2043 535 2108 καλῶς
561 2043 666 2097 ἔδει
688 2046 818 2114 παρ’
848 2039 1024 2097 αὐτῶν
1051 2044 1424 2114 ὲπιζητεῖσθαι
1459 2043 1555 2116 τὴν
1592 2043 1684 2097 τοῦ
1718 2043 1928 2097 λείπονο

350 2152 443 2198 τος
479 2134 778 2206 πλήρωσιν.
818 2135 880 2187 El
907 2135 964 2189 δὲ
996 2135 1155 2197 εὐθὺς
1187 2135 1336 2205 παρὰ
1358 2136 1457 2204 τὴν
1478 2134 1700 2204 πρώτην
1724 2135 1929 2205 ἀπροσ-

351 2224 477 2297 δεὴς
508 2225 599 2277 καὶ
622 2224 823 2288 τελεία,
853 2224 993 2278 κατὰ
1018 2224 1116 2295 τὴν
1133 2225 1357 2296 λογικήν
1383 2241 1442 2277 τε
1465 2227 1560 2278 καὶ
1583 2223 1926 2296 διανοητικὴν

351 2318 630 2388 ἐνέργειαν
656 2318 690 2388 ἠ
722 2316 883 2385 φύσις
935 2316 1165 2388 ὑπέστη,
1207 2315 1324 2379 πῶς
1362 2317 1429 2371 άν
1477 2334 1561 2380 τις
1589 2316 1668 2369 ἔτι
1702 2316 1841 2369 κατὰ
1866 2317 1927 2369 τὸ

351 2408 568 2463 εὔκολον
595 2409 877 2480 ἐπιζητοίη
912 2409 1050 2481 πρὸς
1093 2409 1351 2462 σύστασιν
1380 2409 1474 2462 τοῦ
1509 2409 1646 2463 κατὰ
1671 2409 1770 2479 τὴν
1801 2410 1922 2464 ἐπί-

349 2514 498 2554 νοιαν
521 2500 702 2569 λόγου,
740 2501 802 2553 τὸ
838 2501 964 2564 τοὺς
1006 2500 1191 2569 ἁγίους
1233 2501 1498 2574 κατάρξαι
1533 2503 1783 2575 φωνῶνῆ
1830 2508 1926 2577 ρη-

352 2590 573 2661 μάτων;
613 2592 684 2642 Ἢ
714 2592 762 2644 εί
815 2590 890 2661 μὴ
939 2590 1097 2643 τοῦτο
1144 2590 1342 2661 ἔχομεν
1391 2592 1687 2658 ἀποδεῖξαι,
1732 2593 1922 2665 ἱκανὴν

346 2680 529 2751 ἐαυτῷ
562 2682 765 2752 κρίνειν
810 2680 1081 2745 ἀπόδειξιν
1108 2681 1201 2735 τοῦ
1229 2683 1321 2735 τὸν
1363 2681 1493 2755 Θεὸν
1536 2685 1667 2754 ἡμῖν
1698 2700 1921 2755 νενομο-

346 2774 635 2846 θετηκέναι
663 2775 758 2839 τὰς
784 2773 995 2828 τοιάσδε
1029 2772 1295 2838 συλλαϐὰς
1339 2775 1433 2829 καὶ
1468 2774 1537 2828 τὰ
1570 2776 1813 2861 ῥήματα.

430 3034 584 3090 Ἀλλ’
611 3033 839 3103 ἐπειδὴ,
872 3035 1056 3106 φησὶν,
1091 3036 1201 3088 οὐκ
1229 3033 1617 3090 ἀπαναίνεται
1638 3035 1751 3104 τὴν
1770 3035 1920 3103 πρὸς

342 3126 488 3192 τοὺς
533 3125 747 3180 ἑαυτοῦ
800 3100 1167 3192 θεράποντας
1211 3127 1246 3178 ὁ
1293 3123 1438 3189 Θεὸς
1479 3100 1737 3194 epulari,
1945 3100 1988 3158 ϐ

343 3218 571 3274 λουθόν
588 3217 758 3270 ἐστιν
788 3216 1018 3271 οῖεσθαι
1049 3213 1253 3279 αὐτὸν,
1283 3214 1354 3279 ἐξ
1381 3213 1575 3283 ἀρχῆς
1598 3214 1705 3281 τὰς
1732 3228 1921 3284 προσ-

342 3309 520 3381 φυεῖς
567 3308 646 3373 τῷ
700 3308 995 3379 πράγματι
1030 3307 1325 3362 τεθεῖσθαι
1371 3307 1792 3375 προσηγορίας.
1853 3305 1919 3360 Τί

342 3399 439 3457 οὖν
482 3403 575 3455 καὶ
613 3401 749 3472 πρὸς
799 3401 956 3454 τοῦτο
1002 3401 1194 3470 ἡμεῖς;
1244 3397 1352 3451 Τοῦ
1395 3397 1493 3465 μὲν
1530 3396 1917 3467 καταδέχεσθαι

340 3494 435 3547 τδν
479 3493 611 3546 Θεὸν
644 3493 740 3564 τὴν
774 3491 910 3564 πρὸς
957 3490 1240 3562 ἄνθρωπον
1291 3490 1527 3559 ὁμιλίαν,
1558 3489 1735 3544 αἰτίαν
1779 3484 1916 3545 εἶναι

340 3587 443 3659 τὴν
495 3584 900 3657 φιλανθρωπίαν
929 3582 1291 3654 διοριζόμεθα.
1345 3583 1496 3637 Ἐπεὶ
1524 3583 1581 3636 δὲ
1625 3582 1725 3636 οὐκ
1770 3581 1917 3636 ὲνδέ-

342 3695 499 3750 χεται
528 3677 588 3732 τὸ
619 3680 684 3747 τῇ
717 3676 876 3746 φύσει
907 3675 1078 3747 βραχὺ
1106 3675 1214 3730 τῶν
1245 3674 1390 3729 ίδίων
1438 3674 1649 3746 μέτρων
1678 3675 1918 3746 ὑπεραρ-

343 3771 524 3843 θῆναι,
560 3771 654 3823 καὶ
702 3771 803 3840 τῆς
851 3769 1221 3842 ὑπερεχούσης
1253 3767 1464 3838 φύσεως
1509 3766 1602 3821 τοῦ
1663 3766 1915 3837 Ὑψίστου

340 3862 674 3932 ἐφάψασθαι,
722 3862 912 3916 τούτου
955 3861 1117 3933 χάριν
1163 3859 1324 3923 αὐτὸς
1375 3859 1511 3933 πρὸς
1556 3858 1618 3913 τὸ
1648 3860 1915 3931 ἡμέτερον

341 3955 569 4018 ἀσθενὲς
619 3954 872 4021 κατάγων
922 3953 1021 4025 τὴν
1086 3949 1466 4022 φιλάνθρωπον
1521 3949 1780 4021 δύναμιν,
1839 3950 1916 4015 ὡς

338 4050 476 4120 ἡμῖν
498 4047 719 4100 δυνατὸν
742 4042 809 4117 ἦν
834 4044 1107 4110 δέξασθαι,
1139 4042 1281 4097 οὕτω
1310 4042 1408 4113 τὴν
1436 4044 1565 4114 παρ’
1598 4042 1789 4095 ἑαυτοῦ
1819 4041 1916 4113 χάν-

343 4158 430 4212 ριν
478 4139 573 4192 καὶ
617 4138 882 4207 ὠφέλειαν
934 4137 1104 4207 νέμει.
1166 4136 1434 4207 Καθάπερ
1481 4135 1588 4206 γὰρ
1640 4133 1781 4188 κατὰ
1815 4134 1915 4206 τὴν

340 4229 493 4282 θείαν
538 4229 847 4298 οἰκονομίαν
897 4227 925 4279 ὁ
956 4227 1105 4297 ἥλιος
1155 4227 1215 4279 τὸ
1265 4225 1491 4297 σφοδρὸν
1527 4227 1636 4279 τῶν
1681 4225 1914 4280 ἀκτίνων

339 4321 436 4374 καὶ
462 4320 697 4391 ἄκρατον
736 4319 813 4389 τῷ
844 4319 931 4372 διὰ
970 4308 1135 4389 μέσου
1183 4318 1560 4389 κατακεράσας
1592 4318 1733 4390 ἀέρι,
1770 4317 1909 4389 σὺμρ

2032 1861 2372 1918 festationem
2429 1865 2669 1918 virorum
2724 1864 2939 1917 illorum
2997 1865 3233 1918 humana
3296 1873 3491 1918 natura
3549 1874 3603 1920 et

2030 1954 2271 2008 nondum
2316 1956 2488 2025 gratia
2536 1956 2790 2010 rationali
2845 1956 3114 2025 completa
3153 1965 3291 2020 erat,
3343 1956 3601 2024 prmclare

2029 2045 2313 2114 oportebat
2352 2045 2420 2099 ab
2461 2046 2593 2114 ipsis
2623 2047 2908 2114 exquirere
2939 2044 3183 2100 defectus
3211 2046 3596 2115 expletiouem.
3622 2096 3630 2103 .

2028 2134 2184 2201 Quod
2218 2134 2264 2189 si
2299 2136 2485 2190 statim
2519 2136 2588 2190 ab
2630 2136 2787 2190 initio
2833 2151 2941 2189 non
2989 2137 3193 2205 indiga,
3232 2137 3324 2191 sed
3359 2136 3598 2206 perfecta

2027 2225 2329 2280 secundum
2361 2225 2821 2281 ratiocinatricem
2845 2236 2899 2280 et
2922 2227 3370 2297 exeogitatricem
3405 2241 3599 2296 opera-

2027 2315 2234 2370 tionem
2285 2323 2480 2369 natura
2529 2315 2799 2381 subsistit,
2854 2317 3127 2384 quomodo
3178 2317 3304 2387 quis
3360 2304 3595 2386 amplius

2025 2403 2185 2459 facile
2216 2405 2455 2476 inquirat
2487 2404 2555 2459 ad
2590 2405 3034 2459 constitutionem
3085 2407 3355 2461 sermonis
3398 2422 3595 2461 secun-

2023 2494 2153 2548 dum
2179 2495 2717 2556 commentationem,
2745 2496 2891 2565 quod
2922 2497 3097 2551 sancti
3123 2511 3316 2551 vocum
3350 2499 3432 2552 vel
3469 2514 3593 2553 ver-

2021 2581 2213 2640 borum
2254 2586 2416 2656 primi
2471 2594 2722 2641 auctores
2778 2585 3035 2641 fuerunt?
3078 2586 3175 2642 Vel
3226 2588 3270 2642 si
3327 2604 3434 2644 non
3485 2589 3593 2644 hoc

2021 2688 2317 2744 possumus
2351 2675 2744 2739 demonstrare,
2785 2676 3034 2730 idoneam
3073 2677 3175 2731 sibi
3211 2677 3310 2746 ipsi
3340 2676 3593 2745 judicare

2020 2765 2560 2831 demonstrationem,
2587 2765 2732 2834 quod
2766 2765 2910 2822 Deus
2942 2767 3098 2820 nobis
3119 2767 3387 2838 ejusmodi
3421 2768 3589 2838 sylla.

1916 2868 1921 2875 ‘
2019 2856 2118 2913 bas
2150 2866 2203 2912 et
2231 2855 2395 2911 verba
2432 2856 2698 2911 sanxerit.

2092 3036 2196 3092 Sed
2240 3037 2507 3108 quoniam,
2550 3037 2746 3107 inquit,
2794 3054 2896 3092 non
2946 3049 3258 3108 aspernatur
3301 3038 3444 3094 Deus
3471 3032 3587 3095 runt

2020 3130 2132 3183 suis
2159 3129 2376 3197 famulis
2400 3129 2742 3197 colloquium,
2765 3145 3082 3200 consequens
3109 3140 3184 3184 est
3212 3132 3383 3200 ipsum
3403 3142 3589 3199 putare

2021 3221 2085 3274 ab
2118 3220 2268 3273 initio
2311 3221 2386 3274 rei
2433 3236 2689 3289 congruas
2728 3220 2985 3275 indidisse
3017 3221 3410 3290 appellationes.
3447 3222 3587 3289 Quid

2019 3310 2185 3382 igitur
2215 3311 2283 3365 ad
2315 3311 2419 3366 hoc
2453 3326 2554 3366 nos
2586 3310 3077 3382 respondebimus?
3099 3310 3253 3376 Quod
3285 3311 3428 3367 Deus
3462 3328 3586 3367 cum

2018 3404 2240 3459 homine
2260 3405 2316 3458 in
2345 3417 2702 3472 congressum
2746 3402 3189 3473 colloquiumque
3218 3405 3422 3467 veniat,
3457 3418 3588 3458 cau-

2019 3509 2137 3551 sam
2180 3510 2304 3550 esse
2341 3493 2397 3548 in
2434 3494 2733 3548 humanum
2778 3507 2951 3562 genus
2994 3492 3424 3548 benevolentiam
3454 3492 3588 3548 defi-

2016 3586 2221 3642 nimus.
2253 3584 2521 3652 Quoniam
2555 3599 2686 3640 vero
2718 3583 2866 3654 quod
2905 3590 3101 3638 natura
3147 3583 3311 3638 breve
3343 3591 3447 3647 est,
3476 3598 3587 3638 non

2017 3684 2198 3749 potest
2241 3691 2406 3747 supra
2451 3675 2702 3746 pr0prios
2760 3674 2953 3729 modos
2993 3674 3226 3739 sustolli,
3276 3682 3331 3728 et
3360 3689 3589 3744 supere—

2016 3768 2314 3824 minenlem
2335 3774 2584 3822 naturam
2613 3764 2882 3820 Altissimi
2900 3764 3187 3835 attingere.
3213 3763 3388 3835 Hujus
3412 3767 3585 3834 gratia

2015 3859 2134 3930 ipse
2175 3859 2242 3914 ad
2277 3867 2520 3914 nostram
2560 3857 2952 3920 inﬁrmitatem,
2979 3856 3272 3926 potentiam
3304 3857 3585 3912 hominum

2016 3952 2204 4023 generi
2228 3950 2547 4007 benevolam
2569 3949 2866 4015 adducens,
2891 3956 3156 4019 quantum
3178 3963 3372 4020 capere
3396 3964 3587 4018 possu-

2014 4059 2159 4108 mus,
2178 4044 2261 4099 sic
2283 4058 2437 4099 suam
2461 4042 2622 4099 nobis
2645 4042 2871 4112 gratiam
2898 4048 2954 4096 et
2976 4041 3263 4101 utilitatem
3281 4040 3581 4097 distribuit.

2014 4134 2484 4201 Quemadmodum
2509 4133 2655 4190 enim
2685 4131 2988 4188 secundum
3017 4130 3256 4185 divinam
3296 4130 3583 4201 dispensa-

2013 4228 2215 4282 tionem
2265 4227 2348 4283 sol
2378 4241 2601 4282 suorum
2626 4224 2905 4279 radiorum
2934 4223 3174 4292 vigorem
3205 4228 3257 4277 et
3293 4222 3580 4277 sincerita-

2013 4325 2121 4372 tem
2146 4332 2270 4370 cum
2295 4332 2419 4381 aere
2445 4314 2731 4384 interiecto
2768 4320 3207 4381 contemperaus,
3239 4311 3582 4367 moderatum

345 4431 542 4484 μετρον
594 4414 785 4482 ἐπάγει
837 4417 947 4475 τοῖς
983 4412 1289 4483 δεχομένοις
1343 4412 1439 4483 τὴν
1492 4413 1664 4482 αὐγήν
1704 4428 1763 4465 τε
1815 4412 1909 4466 καὶ

2023 4407 2414 4477 accipientibus
2472 4405 2814 4478 splendorem
2881 4411 2936 4458 et
2999 4404 3236 4457 calorem
3300 4403 3578 4473 immittit,

338 4507 436 4576 τὴν
490 4504 817 4575 θερμότητα,
873 4504 994 4558 καθ’
1050 4504 1240 4556 ἑαυτὸν
1285 4504 1359 4557 ὢν
1408 4507 1475 4574 τῇ
1526 4504 1775 4575 ἀσθενείᾳ
1815 4505 1913 4574 τῆς

341 4594 556 4664 φύσεως
586 4598 616 4663 ἡ
629 4596 744 4665 μῶν
782 4594 1257 4665 ἀπροσπέλαστοςο
1294 4592 1435 4646 οὕτω
1480 4595 1575 4647 καὶ
1607 4596 1640 4664 ἡ
1679 4594 1797 4647 θεία
1823 4594 1915 4648 δύ-

336 4702 502 4754 ναμις
535 4686 655 4738 καθ’
693 4686 983 4755 ὁμοιότητα
1014 4684 1108 4737 τοῦ
1146 4683 1398 4756 ῥηθέντος
1428 4685 1559 4754 ἡμῖν
1592 4684 1915 4755 ὑποδείγμα-

334 4794 428 4838 τος
477 4775 913 4846 άπειροπλασίως
960 4775 1328 4846 ὑπεραίρουσα
1376 4774 1474 4845 τὴν
1525 4774 1683 4843 φύσιν
1730 4776 1910 4846 ἡμῶν,

335 4869 431 4921 καὶ
461 4868 748 4938 disp/uarro;
798 4868 878 4929 είς
927 4866 1213 4937 μετουσίαν
1254 4862 1408 4929 οὖσα,
1453 4862 1562 4918 οἶόν
1604 4883 1687 4929 τις
1733 4870 1913 4938 μήτηρ

336 4959 708 5029 εὔσπλαγχνος
754 4962 868 5021 τοῖς
912 4960 1142 5029 ἀσήμοις
1191 4957 1298 5011 τῶν
1347 4957 1555 5028 νηπίων
1604 4957 1912 5029 κνυζήμασι

337 5051 905 5120 συνδιαψελλιζομένη,
934 5049 1091 5102 τοῦτο
1115 5049 1269 5120 νέμει
1301 5051 1367 5119 τῇ
1397 5048 1704 5121 ἀνθρωπίνῃ
1753 5050 1910 5117 φύσει

332 5141 362 5193 ὃ
395 5140 580 5193 λαϐεῖν
611 5140 849 5203 δυνατῶς
888 5140 1034 5209 ἔχει’
1086 5141 1179 5193 καὶ
1221 5140 1310 5195 διὰ
1347 5139 1522 5204 τοῦτο,
1558 5143 1614 5193 ἐν
1642 5144 1761 5204 ταῖς
1795 5157 1912 5192 ποι-

333 5229 516 5291 κίλαις
566 5229 703 5301 πρὸς
751 5230 878 5292 τοὺ-ς
903 5227 1221 5299 ἀνθρώπους
1272 5228 1609 5296 θεοφανείαις
1642 5229 1734 5280 καὶ
1770 5228 1910 5281 κατὰ

332 5321 618 5392 ἄνθρωπον
652 5321 1066 5391 σχηματίζεται,
1120 5321 1215 5374 καὶ
1264 5320 1626 5390 ἀνθρωπικῶς
1676 5319 1907 5388 φθέγγε-

332 5427 444 5471 ται,
479 5412 571 5464 καὶ
600 5412 790 5482 ὀργὴν,
823 5410 917 5464 καὶ
953 5411 1098 5464 ἔλεον
1146 5411 1238 5464 καὶ
1278 5412 1346 5465 τὰ
1379 5411 1596 5464 τοιαῦτα
1624 5410 1907 5465 ὑποδύεται

333 5497 506 5570 πάθη,
541 5500 616 5564 ὡς
649 5502 716 5555 ἂν
751 5500 840 5554 διὰ
878 5500 1096 5554 πάντων
1124 5501 1230 5555 τῶν
1261 5502 1606 5571 καταλλήλων
1636 5503 1765 5571 ἡμῖν
1797 5520 1908 5572 χει-

339 5591 640 5659 ραγωγοῖτο
692 5592 726 5659 ἠ
776 5589 1050 5659 νηπιὼδης
1107 5589 1262 5660 ἡμῶν
1323 5588 1455 5660 ζωὴ,
1515 5590 1602 5643 διὰ
1650 5589 1754 5641 τῶν
1809 5591 1907 5660 τῆς

337 5675 604 5745 Προνοίας
631 5675 802 5744 λόγων
833 5677 930 5746 τῆς
959 5675 1105 5741 θείας
1133 5677 1344 5747 φύσεως
1377 5679 1743 5750 ἐφαπτομένη,
1784 5682 1904 5733 Ὅτι

2014 4499 2265 4569 quamvis
2300 4499 2371 4553 sit
2395 4514 2491 4568 per
2521 4514 2581 4553 se
2610 4494 2970 4551 imbecillitati
2998 4501 3199 4549 nostrae
3227 4493 3578 4552 inaccessos:

2016 4592 2099 4646 sic
2149 4599 2203 4646 et
2243 4589 2426 4644 divina
2454 4599 2671 4651 natura,
2704 4586 2832 4641 dicti
2872 4601 2903 4640 a
2932 4584 3092 4660 nobis
3123 4586 3356 4656 exempli
3387 4585 3583 4641 simili-

2015 4680 2224 4743 tudine,
2245 4679 2469 4734 inﬁnitis
2492 4679 2738 4749 partibus
2756 4685 3000 4733 nostram
3019 4684 3269 4730 naturam
3291 4692 3582 4747 superans,

2013 4779 2067 4826 et
2098 4770 2472 4849 inaccessa.ad
2495 4770 2965 4840 participationem
2989 4784 3112 4825 cum
3143 4770 3238 4834 sit,
3269 4770 3435 4824 veluti
3464 4786 3582 4824 ma-

2014 4870 2098 4915 ter
2156 4862 2391 4931 he'nigna
2442 4868 2495 4915 et
2543 4861 2858 4916 misericors
2906 4858 3069 4915 sensu
3109 4868 3164 4915 et
3225 4861 3581 4930 intelligentia

2012 4953 2330 5007 carentibus
2356 4950 2647 5005 infantium
2674 4951 2944 5021 vagitibus
2971 4967 3076 5005 una
3093 4952 3432 5015 balbutiens,
3476 4952 3579 5004 hoc

2014 5041 2266 5095 humana:
2305 5041 2495 5094 tribuit
2534 5046 2743 5094 natura:
2781 5040 2925 5109 quod
2966 5056 3160 5111 capere
3204 5050 3411 5112 potest;
3450 5053 3578 5108 pro-

2013 5141 2307 5201 ptereaque
2342 5133 2395 5185 in
2425 5132 2588 5186 variis
2622 5132 2685 5186 ad
2732 5133 2981 5188 homines
3004 5132 3094 5189 Dei
3120 5129 3575 5204 apparitionibus,

2011 5237 2067 5279 et
2094 5225 2395 5280 secundum
2430 5223 2703 5278 hominem
2741 5223 3023 5294 ﬁguratur,
3061 5233 3114 5278 et
3149 5220 3465 5278 humanitus
3494 5221 3575 5273 io-

2009 5316 2228 5382 qnitur,
2289 5321 2342 5368 et
2389 5313 2561 5381 iram,
2618 5324 2674 5368 et
2715 5313 3146 5371 miscricordiam
3199 5318 3253 5365 et
3305 5308 3574 5377 ejusmodi

2012 5405 2190 5461 induit
2246 5405 2495 5471 affet-tus,
2541 5415 2599 5459 ut
2648 5422 2744 5474 per
2780 5405 2960 5459 omnia
2992 5419 3111 5471 qua:
3139 5409 3347 5455 uatum
3373 5408 3574 5456 nostris

2012 5505 2143 5551 sunt
2174 5512 2435 5565 congrua.
2470 5495 2734 5549 infantilis
2762 5504 2945 5548 nostra
2978 5494 3084 5547 vita
3124 5501 3379 5561 tanquam
3409 5507 3572 5548 manu

2008 5590 2262 5651 ducatur,
2316 5604 2411 5656 per
2462 5585 2820 5640 Providentia:
2877 5600 3155 5640 sermones
3198 5585 3435 5638 divinam
3477 5600 3574 5639 na-

2010 5688 2187 5733 turam
2238 5678 2529 5748 attingens.
2582 5676 2736 5740 Quod
2771 5676 2914 5731 enim
2958 5677 3088 5730 nulli
3139 5676 3351 5730 adet-tui
3381 5689 3571 5731 eorum
