4056 6146
488 308 622 368 1051

1697 307 1754 363 S.
1777 306 2104 364 οιιεοοιιιι
2137 305 2429 361 NYSSENI

3597 313 3750 369 1059.

485 424 582 495 qui
619 437 716 493 per
757 422 1111 492 voluptatem,
1145 426 1227 476 ve‘
1284 419 1741 487 misericordiam,
1788 421 1869 476 vel
1922 420 2056 474 iram

2165 418 2267 489 γάρ
2305 419 2482 472 οὐδενὶ
2512 419 2671 471 πάθει
2721 419 2828 472 τῶν
2870 421 2988 473 καθ’
3027 421 3239 492 ἡδονὴν,
3273 423 3304 493 ἢ
3353 423 3474 478 κατ’
3502 424 3673 492 ἔλεον,
3707 413 3746 484 ἦ

488 516 839 584 contingunt,
903 513 1072 568 Deum
1118 514 1414 568 obnoxium
1477 529 1597 569 esse
1664 521 1914 568 sanetum
1975 520 2060 566 est

485 606 824 673 existimare,
858 607 1042 662 nullus
1092 609 1193 675 qui
1235 607 1317 661 vel
1356 606 1704 660 mediocriter
1749 615 1933 660 rerum
1976 621 2060 658 ve-

485 697 702 751 ritatem
755 697 1142 761 considerarit,
1203 698 1616 752 contradixerit.
1671 696 2058 751 Verumtamen

485 789 652 843 etiam
708 787 967 843 delectari
1027 789 1292 844 Dominus
1336 789 1536 843 dicitur
1585 788 1638 841 in
1691 789 1866 842 servis
1919 788 2056 853 suis,

487 890 542 935 et
593 881 760 936 irasci
819 881 1003 933 animo
1061 879 1114 934 in
1175 881 1433 950 populum
1483 880 1574 948 qui
1627 880 1811 949 lapsus
1861 878 2056 944 fuerat,

487 980 543 1026 et
587 971 833 1026 misereri
885 986 1076 1025 rursus
1113 971 1234 1039 ejus
1286 969 1444 1038 cujus
1489 972 1744 1024 misertus
1781 969 1963 1033 fuerit,
2007 981 2060 1023 et

489 1064 742 1120 similiter
805 1063 1091 1127 misereri,
1149 1077 1479 1131 unoquoque
1530 1063 1716 1115 talium
1767 1063 2058 1116 verborum

487 1152 767 1224 plausibili
797 1167 1050 1207 sermone
1089 1168 1190 1207 nos
1224 1153 1550 1218 instruente,
1575 1153 1718 1220 quod
1750 1169 1842 1220 per
1872 1162 2059 1207 nostra

488 1245 752 1298 idiomata
795 1258 888 1298 seu
922 1243 1286 1312 proprietates
1323 1242 1414 1296 Dei
1459 1242 1796 1313 providentia
1831 1243 2061 1295 iniit-mi-

491 1335 587 1388 tati
624 1341 822 1388 nostras
869 1332 1203 1387 admiscetur
1242 1352 1255 1387 :
1298 1341 1353 1386 ut
1389 1333 1478 1402 qui
1512 1333 1578 1386 ad
1611 1341 1896 1402 peccatum
1936 1349 2060 1403 pro-

489 1427 659 1480 clives
707 1432 854 1488 sunt,
911 1433 1120 1477 terrore
1173 1438 1237 1476 ac
1287 1432 1431 1478 metu
1474 1425 1692 1478 annalis
1726 1425 2058 1491 abstineant,

489 1529 545 1574 et
597 1518 688 1588 qui
738 1518 793 1572 in
842 1518 1082 1586 peccatis
1125 1515 1448 1584 deprehensi
1507 1523 1634 1570 ante
1693 1515 1916 1584 fuerint,
1950 1532 2060 1570 non

491 1611 786 1680 desperent
834 1608 1070 1663 reditum
1128 1623 1224 1676 per
1273 1607 1676 1678 pmnitentiam,
1727 1609 1782 1662 in
1834 1608 1926 1662 Dei
1961 1609 2060 1662 nti-

490 1700 846 1757 sericordiam
901 1698 1295 1768 respicientes;
1353 1698 1445 1767 qui
1507 1714 1636 1753 vero
1687 1700 1753 1752 ad
1813 1709 2056 1754 exactam

487 1806 738 1847 normam
791 1791 959 1845 vitam
1007 1804 1160 1843 suam
1210 1789 1487 1858 dirigunt,
1537 1797 1590 1843 et
1645 1799 1789 1844 recte
1835 1790 2057 1846 confor-

489 1889 661 1946 mant,
719 1881 892 1951 magis
921 1879 1218 1935 virtutibus
1248 1880 1538 1944 exsultent,
1589 1889 1647 1934 ut
1682 1881 1773 1950 qui
1819 1897 1916 1936 sua
1947 1882 2057 1936 vita

491 1972 668 2041 ipsum
698 1971 966 2026 bonorum
991 1971 1350 2040 inspectorem
1383 1971 1673 2025 delectent.
1694 1971 2060 2036 Quemadmo-

489 2064 616 2118 dum
669 2071 849 2116 aulcm
900 2077 1009 2115 non
1059 2061 1189 2115 licet
1239 2069 1446 2114 mutum
1497 2062 1776 2116 nominare
1807 2077 1928 2116 eum
1966 2064 2060 2132 qui

488 2169 585 2225 per
639 2153 840 2221 ﬁguras
897 2160 946 2206 et
993 2161 1179 2223 gestus
1222 2166 1342 2205 cum
1391 2152 1595 2214 surdo,
1644 2161 1914 2222 quatenus
1963 2171 2060 2208 au-

489 2246 608 2300 dire
648 2253 848 2316 potest,
879 2244 1211 2312 colloquitur
1245 2261 1258 2298 :
1292 2243 1372 2298 sic
1405 2259 1580 2313 neque
1615 2244 1912 2299 humanum
1947 2261 2060 2301 ser-

490 2352 710 2392 monem
759 2336 814 2389 in
868 2333 978 2388 D'eo
1020 2335 1336 2389 existimare
1388 2334 1668 2398 debemus,
1702 2337 1957 2404 quoniam
1995 2339 2061 2392 ad

487 2427 738 2482 homines
775 2439 871 2495 per
923 2423 1389 2492 dispensationem
1430 2438 1495 2479 eo
1545 2439 1679 2478 usus
1714 2432 1816 2478 est.
1851 2423 2059 2479 Etenim

491 2532 594 2572 nos
655 2517 942 2586 clyogmo,
996 2512 1047 2565 id
1093 2519 1208 2574 est,
1266 2527 1402 2568 sono
1451 2511 1694 2567 acutiore
1753 2513 1916 2583 palati
1966 2528 2062 2567 seu

491 2609 748 2680 gutturis,
798 2615 852 2661 et
901 2621 1222 2676 poppysma,
1279 2619 1414 2660 sono
1463 2603 1697 2675 quodam
1755 2607 1845 2675 qui
1897 2605 2064 2660 labris

489 2697 826 2765 compress's
873 2695 1076 2755 editur,
1120 2700 1173 2746 et
1226 2691 1603 2746 sibildbrutas
1644 2690 1956 2747 animantes
1988 2689 2068 2745 di-

492 2785 672 2854 rigere
716 2781 1127 2836 consuevimus.
1175 2780 1244 2832 At
1273 2779 1375 2832 hoc
1406 2778 1564 2832 nobis
1599 2793 1780 2834 sermo
1821 2795 1929 2832 non
1960 2788 2064 2845 est,

2160 509 2326 581 ὀργὴν
2350 511 2748 580 συμϐαινόντων
2765 513 2956 580 εὐαγές
2983 516 3128 566 ἐστιν
3156 515 3479 570 ὑποκεῖσθαι
3499 518 3562 571 τὸ
3585 519 3744 575 Θεῖον

2160 603 2386 668 οἴεσθαι,
2417 603 2591 666 οὐδεὶς
2619 603 2859 656 ἀντείποι
2883 605 2987 656 τῶν
3020 606 3112 658 καὶ
3143 607 3376 676 μετρίως
3397 608 3743 680 ἐπεσκεμμέ-

2159 712 2265 747 νων
2301 695 2400 764 τὴν
2446 694 2571 764 περὶ
2617 695 2724 747 τῶν
2761 695 2928 747 όντων
2966 696 3246 766 ἀλήθειαν.
3297 698 3435 750 Ἀλλ’
3467 701 3618 768 ὅμως
3651 700 3740 759 κα,

2160 783 2542 855 εὐφραίνεσθαι
2572 784 2774 855 Κύριος
2808 785 3025 852 λέγεται
3050 786 3140 837 ἐπὶ
3175 789 3285 850 τοῖς
3316 787 3522 852 δούλοις
3554 789 3738 853 αὐτοῦ,

2168 875 2260 926 καὶ
2302 873 2612 944 ὀργίζεσθαι
2656 874 2813 944 θυμῷ
2860 875 2952 926 ἐπὶ
2984 875 3073 927 τὸν
3103 876 3401 929 ὲπταικότα
3447 877 3597 941 λαὸν,
3650 880 3746 932 καὶ

2161 965 2325 1017 ἐλεεῖν
2354 966 2512 1019 πάλιν
2551 966 2608 1018 ὃν
2655 965 2718 1018 ἂν
2744 966 2963 1038 ἐλεήσῃ.
3000 967 3092 1019 καὶ
3125 967 3413 1038 οἰκτείρειν
3456 968 3742 1036 ὡσαύτως,

2162 1054 2227 1106 δι’
2276 1055 2527 1116 ἑκάστου,
2559 1052 2730 1126 οἶμαι,
2778 1056 2886 1109 τῶν
2915 1057 3168 1109 τοιούτων
3196 1057 3457 1127 ῥημάτων
3488 1059 3582 1111 τοῦ
3613 1077 3743 1131 κρο-

2158 1145 2250 1198 τοῦ
2287 1147 2444 1213 λόγου
2479 1148 2625 1217 ἡμᾶς
2659 1146 3023 1210 παιδεύοντος,
3074 1148 3155 1200 ὃτι
3197 1148 3285 1202 διὰ
3325 1149 3432 1202 τῶν
3459 1150 3744 1219 ἡμετέρων

2165 1237 2466 1307 ἰδιωμάτων
2498 1241 2530 1307 ἡ
2569 1237 2662 1290 τοῦ
2713 1237 2846 1292 Θεοῦ
2899 1239 3124 1308 πρόνοια
3165 1243 3230 1309 τῇ
3283 1240 3538 1309 ἀσθενείᾳ.
3587 1241 3741 1311 ἡμῶν

2162 1331 2544 1400 ἐπιμίγνυται·
2585 1331 2660 1394 ὡς
2697 1331 2762 1384 ἂν
2809 1332 2945 1383 οἵτε
2992 1331 3126 1400 πρὸς
3157 1331 3429 1402 ἁμαρτίαν
3460 1331 3740 1402 ῥέποντες,

2162 1423 2308 1492 φόϐῳ
2337 1423 2435 1492 τῆς
2466 1423 2734 1492 τιμωρίας
2765 1423 2987 1484 ἑαυτοὺς
3033 1421 3138 1480 τῶν
3175 1423 3361 1475 κακῶν
3394 1423 3658 1493 ἀνέχοιεν,
3691 1425 3746 1479 οἵ

2159 1531 2218 1566 τε
2255 1514 2677 1585 προειλημμένοι
2731 1514 2804 1584 μὴ
2854 1512 3279 1580 ἀπογινώσκοιεν
3315 1514 3413 1585 τὴν
3461 1517 3524 1567 ὲκ
3576 1533 3743 1586 μετα-

2161 1605 2308 1668 νοίας
2337 1605 2612 1671 ἐπάνοδον,
2649 1605 2783 1675 πρὸς
2811 1605 2900 1658 τὸν
2940 1605 3086 1656 ἔλεον
3117 1604 3403 1673 βλέποντες
3422 1621 3436 1634 ·
3475 1607 3568 1658 καὶ
3596 1607 3647 1658 οἱ
3671 1605 3739 1660 δι’

2161 1693 2422 1765 άκριὸοῦς
2473 1696 2744 1758 πολιτείας
2789 1695 3174 1767 κατορθοῦντες
3217 1696 3308 1748 τὸν
3357 1697 3490 1765 βίον,
3543 1695 3742 1766 μᾶλλον

2163 1789 2280 1850 ταῖς
2313 1788 2530 1856 ἀρεταῖς
2563 1787 2968 1856 ὲπαγάλλοιντο,
3004 1787 3079 1850 ὡς
3111 1787 3487 1857 εὐφραίνοντες
3516 1788 3594 1857 τῷ
3626 1788 3744 1860 ἰδίῳ

2167 1877 2267 1949 βίῳ
2299 1877 2391 1930 τὸν
2437 1878 2544 1931 τῶν
2589 1877 2808 1946 ἀγαθῶν
2850 1877 3130 1948 γινόμενον
3178 1877 3390 1948 ἔφορον.
3429 1878 3641 1949 Ὥσπερ
3684 1879 3742 1934 δὲ

2164 1971 2263 2024 οὐκ
2286 1969 2400 2023 ἐστι
2427 1970 2608 2039 κωφὸν
2637 1971 2899 2040 ὀνομάσαι
2926 1969 3016 2022 τὸν
3041 1969 3130 2024 διά
3155 1969 3447 2039 σχημάτων
3474 1969 3554 2040 τῷ
3576 1969 3743 2042 καννγῷ

2165 2061 2346 2126 καθὼς
2391 2062 2601 2115 ἐπαΐειν
2647 2061 2891 2130 πέφυκεν
2919 2061 3244 2132 ὁμιλοῦντα·
3295 2061 3466 2125 οὕτως
3501 2060 3622 2114 οὐδὲ
3649 2063 3744 2115 ἀν-

2166 2152 2434 2226 θρώπινον
2461 2154 2614 2223 λόγον
2646 2154 2774 2224 περὶ
2801 2155 2891 2208 τὸν
2924 2153 3056 2208 Θεὸν
3087 2155 3355 2226 οἰηθῆναι,
3387 2153 3576 2226 ἐπειδὴ
3606 2157 3742 2225 πρὸς

2166 2244 2483 2315 ἀνθρώπους
2539 2245 2686 2314 αὐτῷ
2739 2247 2858 2298 κατ’
2916 2247 3226 2315 οἰκονομίαν
3276 2247 3568 2316 ἐχρήσατο.
3633 2248 3742 2301 Καὶ

2167 2335 2274 2405 γὰρ
2303 2337 2462 2404 ἡμεῖς
2491 2335 2786 2406 κλυωγμῷ,
2835 2336 2927 2390 καὶ
2966 2336 3278 2407 ποππυσμῷ
3319 2338 3415 2391 καὶ
3447 2337 3740 2408 συρίγματι

2171 2426 2239 2478 τὰ
2272 2426 2440 2494 ἄλογα
2476 2426 2771 2479 διευθύνειν
2804 2426 3089 2497 εἰώθαμεν.
3121 2428 3258 2480 Ἀλλ’
3287 2429 3347 2480 οὐ
3374 2428 3532 2481 τοῦτο
3557 2430 3689 2499 ἡμῖν
3715 2430 3745 2481 ό

2166 2514 2322 2584 λόγος
2350 2517 2517 2581 ἐστὶν,
2551 2509 2596 2584 ᾧ
2626 2517 2721 2584 τῆς
2748 2515 2854 2571 τῶν
2882 2517 3088 2584 ἀλόγων
3115 2517 3284 2586 ἀκοῆς
3308 2516 3710 2586 καθικωύμεθα
3727 2529 3740 2542 ·

2167 2603 2301 2657 ἀλλά
2342 2607 2476 2674 πρὸς
2511 2605 2609 2676 μὲν
2653 2608 2798 2676 ἡμᾶς
2849 2607 3042 2669 αὐτοὺς
3093 2609 3158 2678 τῇ
3208 2607 3366 2676 φύσει
3399 2605 3740 2679 κεχρήμεθα,

2167 2698 2277 2758 τοῖς
2313 2695 2370 2748 δὲ
2402 2695 2634 2764 ἀλόγοις,
2669 2698 2698 2750 ὅ
2738 2715 2797 2750 τε
2826 2697 3154 2767 κατάλληλος
3182 2697 3350 2767 ψόφος
3381 2699 3475 2751 καὶ
3518 2701 3548 2751 ὁ
3592 2696 3745 2761 ποιὸς

2167 2785 2256 2839 διὰ
2287 2785 2379 2838 τοῦ
2414 2788 2689 2857 σχήματος
2738 2783 2870 2858 ἦχος
2901 2789 3037 2859 πρὸς
3069 2789 3169 2860 τὴν
3209 2789 3395 2859 χρείαν
3425 2788 3621 2860 ἐξήρκε
3633 2805 3741 2841 σεν.

495 2877 608 2946 quo
661 2875 948 2928 brutorum
996 2869 1315 2922 animalium
1362 2885 1524 2925 aures
1551 2877 1944 2939 penetramus:
2015 2871 2112 2926 sed
2152 2876 2293 2944 apud
2326 2892 2428 2931 nos
2470 2877 2618 2947 ipsos
2671 2879 2902 2932 naturali
2941 2879 3158 2948 quidem
3208 2895 3460 2934 sermone
3516 2881 3743 2945 utimur,

491 2982 682 3024 verum
738 2964 882 3035 apud
935 2963 1095 3015 bruta
1151 2960 1452 3014 animantia
1497 2975 1773 3032 congruus
1803 2962 2062 3031 strepitus
2099 2973 2153 3020 et
2182 2970 2582 3040 qualiscunque
2628 2985 2726 3041 per
2769 2976 2982 3040 gestum
3018 2971 3231 3026 sonitus
3269 2971 3334 3026 ad
3372 2973 3743 3027 necessarium

495 3076 657 3116 usqu
710 3057 847 3112 satis
893 3053 1007 3107 fuit.

569 3147 769 3203 Verum
832 3145 922 3199 hic
971 3141 1258 3212 religiosus
1305 3157 1414 3196 non
1460 3141 1576 3196 vult
1632 3142 1802 3198 Deum
1861 3144 2135 3207 nostrisa

495 3256 656 3297 usum
708 3239 897 3304 fuisse,
949 3245 1172 3306 propter
1207 3241 1449 3289 nostram
1483 3233 1550 3287 ad
1599 3233 1791 3288 vitium
1834 3249 2067 3304 propen-

495 3334 729 3397 sionem,
786 3331 1050 3400 ignorans
1096 3327 1184 3380 hic
1234 3325 1602 3379 amicissimus
1647 3323 1795 3394 quod
1844 3332 2070 3394 propter

492 3441 596 3480 nos
647 3438 823 3492 neque
864 3417 1214 3474 maledictum
1251 3423 1305 3469 et
1343 3417 1666 3478 exsecratio,
1699 3422 1753 3468 et
1787 3421 2066 3483 peccatum

495 3517 612 3571 ﬁeri
659 3514 838 3568 renuit
865 3531 877 3565 :
905 3519 1113 3564 tantum
1143 3513 1232 3561 est
1265 3506 1312 3559 ei
1365 3505 1760 3559 benevolentiae
1780 3513 1834 3558 et
1865 3503 2068 3558 amoris

493 3621 626 3674 erga
662 3605 937 3664 homines,
983 3608 1041 3652 ut
1081 3612 1192 3650 non
1223 3597 1490 3651 bonorum
1534 3595 1734 3658 solum,
1777 3594 1872 3649 sed
1905 3594 2066 3648 etiam

494 3696 765 3749 malorum
817 3698 1130 3744 nostrorum
1178 3695 1372 3758 sponte
1421 3686 1488 3741 ad
1536 3687 1924 3757 experientiam
1972 3701 2068 3740 ve-

494 3784 659 3842 nerit.
687 3781 790 3848 Qui
831 3788 1013 3836 autem
1039 3780 1306 3836 malorum
1333 3778 1550 3849 quidem
1579 3787 1891 3832 nostrorum
1916 3792 2072 3832 com-

494 3875 926 3941 municationem
977 3872 1206 3941 accepit,
1235 3870 1510 3940 quomodo
1552 3885 1673 3925 eum
1712 3868 2068 3940 pulcherrimi

495 3976 810 4031 nostrorum
857 3966 1124 4020 bonorum
1166 3963 1498 4033 (sermonem
1547 3961 1809 4031 intelligo)
1852 3961 2070 4030 partici-

494 4072 618 4128 pem
663 4057 778 4112 ﬁeri
837 4054 1048 4125 piguit?
1095 4053 1198 4109 Sed
1241 4055 1307 4108 ad
1339 4053 1700 4124 patrocinium
1740 4048 1906 4106 David
1941 4065 2068 4121 pro-

495 4133 672 4222 ponit,
721 4155 774 4202 et
824 4147 902 4201 ait
950 4147 1104 4200 illum
1159 4143 1343 4199 dicere
1388 4159 1420 4197 a
1475 4142 1585 4198 Deo
1638 4143 1802 4197 rebus
1847 4143 2068 4196 nomina

496 4243 670 4296 indita
719 4253 860 4303 esse,
905 4237 1034 4306 quia
1071 4236 1334 4304 scriptum
1369 4241 1452 4288 est
1499 4232 1567 4286 ad
1618 4233 1762 4286 hunc
1801 4229 2063 4285 modum:

495 4334 602 4401 Qui
651 4341 892 4386 numerat
935 4327 1328 4382 multitudinem
1375 4324 1679 4387 stellarum,
1732 4331 1782 4378 et
1825 4321 2066 4376 omnibus

490 4427 568 4489 eis
615 4425 827 4478 nomina
868 4429 1017 4475 vocat
1039 4421 1106 4473 ⁷⁸.
1151 4419 1262 4489 Ego
1285 4424 1464 4472 autem
1498 4415 1672 4470 cuivis
1695 4414 1892 4470 mentis
1915 4429 2066 4468 com-

493 4515 606 4585 poti
629 4513 977 4584 perspicuum
1007 4525 1130 4565 esse
1148 4509 1404 4569 arbitror,
1429 4507 1574 4576 quod
1597 4505 1864 4575 ejusmodi
1886 4517 2064 4558 sermo
2095 4491 2140 4548 Ῑ)

491 4607 589 4675 qui
633 4606 700 4660 de
744 4604 864 4659 istis
914 4603 1167 4665 habetur,
1217 4601 1423 4654 nullam
1483 4599 1645 4653 habet
1693 4613 1816 4651 cum
1864 4597 1950 4651 his
1998 4594 2067 4650 de

493 4697 696 4767 quibus
748 4696 928 4766 agitur
968 4693 1432 4749 communionem.
1477 4690 1745 4756 Quoniam
1780 4702 1909 4743 vero
1943 4701 2068 4756 pro-

496 4787 676 4853 babile
727 4794 812 4840 est
867 4784 1135 4855 quosdam
1195 4783 1321 4836 huic
1376 4781 1616 4836 sermoni
1669 4779 2067 4834 inconsiderate

450 4877 453 4880 ’
496 4876 804 4944 astipulari,
841 4880 1012 4945 pauca
1046 4874 1294 4944 quaedam
1325 4873 1501 4928 dehis
1529 4872 1881 4927 disseremus.
1906 4868 2068 4922 Novit

497 4982 640 5034 sarpe
670 4965 856 5018 divina
909 4965 1190 5034 Scriptura
1229 4964 1540 5035 hujusmodi
1571 4979 1732 5018 voces
1763 4962 1871 5018 Deo
1909 4961 2064 5015 attri-

498 5061 665 5114 buere
711 5063 771 5110 ut
822 5055 954 5124 ipsae
992 5070 1023 5108 a
1069 5056 1273 5110 nostris
1318 5055 1454 5109 nihil
1506 5055 1794 5111 dissonare
1833 5053 2061 5108 videan-

495 5161 606 5215 tur,
636 5158 716 5216 ut,
750 5146 934 5202 Iratus
967 5155 1044 5199 est
1067 5146 1244 5214 furore
1276 5147 1529 5200 Dominus
1567 5144 2060 5214 ",et,Pwnituit",

493 5245 566 5298 ob
613 5248 837 5314 peccata
889 5237 1157 5307 ipsorum,
1217 5246 1292 5304 et,
1343 5237 1482 5291 Deus
1533 5238 1865 5305 paenituerat,
1927 5234 2062 5303 quod

494 5338 730 5390 auxisset
785 5333 1004 5389 Saulem
1064 5333 1117 5385 in
1162 5347 1332 5399 regem
1408 5328 1582 5397 (super
1645 5327 1816 5380 Israel
1859 5327 1965 5396 79);
2009 5334 2064 5381 et

497 5426 911 5494 lfxpergefactus
957 5435 1032 5480 est
1088 5423 1341 5478 Dominus
1375 5429 1626 5489 tanquam
1670 5429 1946 5485 soporatur:
1991 5420 2057 5472 ⁸ο.

497 5516 766 5572 Praeterea
807 5517 1146 5583 cathedram,
1173 5523 1395 5580 statum,
1415 5519 1620 5566 motum
1645 5521 1698 5565 et
1722 5511 1888 5563 multa
1918 5509 2060 5580 ejus-

2252 3143 2389 3196 Ἀλλ’
2419 3145 2478 3197 οὐ
2513 3145 2759 3215 βούλεται
2787 3148 2898 3210 τοῖς
2927 3145 3217 3219 ἡμετέροις
3260 3149 3288 3201 ό
3317 3147 3550 3220 εὐλαϐὴς
3589 3147 3747 3218 οὗτος

2167 3233 2258 3288 τὸν
2285 3233 2418 3287 Θεὸν
2465 3235 2786 3305 κεχρῆσθαι,
2817 3235 2904 3290 διά
2946 3236 3045 3306 τὴν
3081 3238 3214 3308 πρὸς
3242 3241 3440 3294 κακίαν
3472 3241 3630 3312 ἡμῶν
3659 3245 3749 3313 ῥο-

2168 3323 2296 3395 πὴν,
2325 3325 2536 3392 ἀγνοῶν
2561 3327 2589 3378 ὁ
2615 3326 2866 3393 φίλτατος
2886 3328 2967 3380 ὅτι
2995 3327 3063 3381 δι’
3090 3331 3235 3400 ἡμᾶς
3262 3331 3381 3384 οὐδὲ
3409 3333 3626 3402 κατάρα
3651 3335 3746 3388 καὶ

2165 3415 2408 3486 ἁμαρτία
2436 3416 2700 3487 ἀπέσχετο
2725 3419 3003 3486 γενέσθαι·
3029 3420 3280 3474 τοσοῦτον
3310 3422 3460 3493 αὐτῷ
3489 3424 3742 3494 περίεστι

2166 3507 2262 3576 τῆς
2293 3506 2713 3578 φιλανθρωπίας,
2745 3509 2818 3573 ὡς
2848 3511 2967 3581 οὐχ).
2996 3511 3104 3565 τῶν
3141 3513 3362 3580 ἀγαθῶν
3399 3515 3578 3584 μόνον,
3608 3517 3746 3570 ἀλλά

2168 3597 2261 3651 καὶ
2305 3598 2412 3652 τῶν
2461 3600 2646 3654 κακῶν
2690 3601 2797 3654 τῶν
2829 3603 3110 3672 ἡμετέρων
3143 3605 3402 3668 ἑκουσίως
3431 3607 3512 3670 είς
3550 3610 3750 3678 πεῖραν

2166 3689 2361 3745 ἐλθεῖν.
2424 3691 2480 3744 '0
2531 3692 2587 3744 δὲ
2629 3691 2737 3745 τῶν
2767 3693 2951 3746 κακῶν
2988 3694 3086 3764 τὴν
3123 3698 3406 3750 κοινωνίαν
3431 3696 3744 3767 δεξάμενος,

2169 3781 2285 3844 πῶς
2318 3781 2382 3835 ἂν
2425 3782 2520 3836 τοῦ
2555 3784 2837 3837 καλλίστου
2870 3786 2977 3838 τῶν
3023 3787 3304 3859 ἡμετέρων
3347 3788 3512 3860 (φημὶ
3545 3790 3605 3844 δὲ
3648 3791 3745 3844 τοῦ

2166 3875 2346 3945 λόγου)
2399 3877 2496 3946 τὴν
2546 3879 2830 3948 μετουσίαν
2880 3878 3158 3950 (immo-sv;
3226 3882 3387 3935 Ἀλλά
3430 3883 3522 3936 τὸν
3579 3885 3746 3937 Δαόὶε

2167 3968 2248 4029 είς
2277 3968 2608 4038 συνηγορίαν
2655 3969 3034 4038 προϐάλλεται,
3065 3971 3158 4023 καί
3205 3988 3366 4042 φησιν
3411 3973 3619 4028 ἐκεῖνον
3661 3975 3746 4026 λέ-

2168 4073 2305 4124 γειν,
2338 4057 2489 4129 παρὰ
2517 4059 2611 4112 τοῦ
2640 4060 2774 4113 Θεοῦ
2798 4064 2908 4124 τοῖς
2950 4062 3236 4132 πράγμασι
3265 4063 3332 4116 τὰ
3375 4063 3615 4134 ὀνόματα
3657 4083 3742 4118 τε·

2168 4151 2393 4219 θεῖσθαι,
2442 4153 2527 4206 διὰ
2574 4155 2634 4206 τὸ
2683 4153 2987 4226 γεγράφθαι
3013 4157 3219 4211 ,τοῦτον
3265 4157 3356 4224 τὸν
3401 4160 3632 4229 τρόπον·
3679 4162 3740 4213 '0

2165 4241 2425 4311 ἀριθμῶν
2475 4242 2675 4310 πλήθη
2723 4243 2979 4310 ἄστρων,
3024 4245 3121 4298 καὶ
3157 4246 3346 4300 πᾶσιν
3373 4249 3578 4314 αὐτοῖς
3617 4251 3741 4304 ὀνό-

2162 4349 2320 4402 ματα
2355 4333 2575 4386 καλῶν.
2629 4332 2768 4399 Ἐγὼ
2804 4335 2860 4387 δὲ
2885 4335 3145 4406 πρόδηλον
3175 4337 3272 4406 μὲν
3301 4337 3538 4408 ἡγοῦμαι
3580 4343 3739 4394 παντὶ

2166 4419 2244 4488 τῷ
2274 4419 2396 4472 νοῦν
2424 4419 2598 4489 ἔχοντι
2642 4419 2732 4474 τὸν
2766 4423 2891 4494 περὶ
2920 4423 3121 4477 τούτων
3161 4425 3336 4492 λόγον,
3372 4427 3447 4489 ὡς
3488 4429 3737 4498 οὐδεμίαν

2169 4510 2286 4582 ἔχει
2318 4511 2602 4565 κοινωνίαν
2631 4513 2770 4583 πρὸς
2809 4514 2870 4566 τὸ
2911 4515 3286 4584 προκείμενον.
3337 4517 3554 4590 Ἐπειδὴ
3582 4520 3639 4572 δέ
3664 4538 3736 4573 τι·

2169 4619 2265 4666 νας
2292 4601 2439 4666 εἰκὸς
2470 4602 2878 4668 ἀνεπισκέπτως
2902 4605 2978 4676 τῷ
3001 4605 3143 4676 λόγῳ
3167 4609 3578 4678 προστίθεσθαι,
3613 4612 3737 4682 βρα-

2167 4695 2268 4763 χέα
2300 4695 2424 4766 περὶ
2449 4693 2652 4748 τούτων
2691 4695 3076 4769 διαληψόμεθα.
3111 4697 3232 4754 Οἵδε
3265 4701 3523 4766 πολλάκις
3553 4705 3586 4773 ἡ
3624 4704 3736 4756 θεία

2167 4785 2356 4856 Γραφὴ
2383 4786 2634 4850 τοιαύτας
2655 4788 2730 4858 τῷ
2757 4787 2874 4858 Θεῷ
2902 4791 3233 4860 περιτιθέναι
3259 4795 3461 4861 φωνὰς,
3480 4795 3556 4857 ὡς
3577 4795 3737 4865 μηδὲν

2167 4877 2394 4946 ἀπᾴδειν
2423 4877 2591 4940 αὐτάς
2620 4878 2726 4932 τῶν
2765 4880 3044 4950 ἡμετέρων
3072 4881 3278 4936 δοκεῖν·
3327 4877 3437 4936 οἷον
3495 4885 3578 4949 τὸ,
3630 4886 3736 4955 Ὡρ-

2167 4968 2344 5038 γίσθη
2378 4967 2540 5038 θυμῷ
2571 4971 2818 5036 Κύριος·
2865 4972 2980 5034 καὶ,
3006 4975 3383 5042 Μετενόησεν
3418 4977 3510 5029 ἐπὶ
3545 4975 3612 5047 τῇ
3645 4995 3736 5028 κα-

2168 5056 2262 5128 κίᾳ
2283 5057 2462 5111 αὐτῶν
2482 5075 2495 5088 ’
2534 5059 2645 5122 καὶ,
2667 5062 3045 5130 Μετεμελήθη
3065 5065 3265 5133 χρίσαι
3290 5064 3398 5118 τὸν
3429 5067 3629 5120 Σαοὺλ
3652 5069 3737 5133 εἰς

2162 5146 2461 5232 ,βαςιλέαο
2515 5151 2628 5209 καὶ,
2666 5150 2983 5220 Ἐξηγέρθη
3030 5153 3110 5216 ὡς
3162 5156 3196 5206 ό
3245 5153 3454 5208 ὑπνῶν
3499 5157 3732 5223 Κύριος.

2168 5239 2280 5292 Καὶ
2304 5238 2382 5290 ἔτι
2423 5240 2558 5310 πρὸς
2589 5240 2814 5308 τούτοις,
2847 5242 3112 5316 καθέδραν
3141 5247 3234 5297 καὶ
3269 5246 3478 5306 στάσιν,
3530 5248 3624 5300 καὶ
3651 5248 3734 5300 κί-

2170 5347 2344 5400 νησιν,
2388 5332 2482 5383 καὶ
2530 5331 2699 5385 πολλά
2743 5333 2965 5389 τοιαῦτα
3005 5336 3284 5400 διέξεισιν·
3340 5337 3376 5390 ἃ
3424 5336 3585 5405 φύσει
3641 5338 3735 5408 μὲν

2169 5421 2293 5490 περὶ
2323 5421 2413 5473 τὸν
2439 5422 2570 5475 Θεὸν
2599 5424 2697 5476 οὐκ
2741 5424 2875 5487 ἔστι,
2908 5425 3040 5495 πρὸς
3078 5426 3132 5478 δὲ
3164 5427 3263 5498 τὴν
3292 5427 3604 5497 οἰκονομίαν
3632 5426 3734 5478 τῶν

2166 5511 2563 5581 παιδευομένων
2622 5516 2721 5568 οὐκ
2795 5517 3077 5586 ἀχρήστως
3137 5517 3267 5587 ἔχει.
3326 5517 3463 5581 Τούς
3511 5535 3570 5572 τε
3625 5516 3731 5587 γὰρ

652 5694 794 5747 Psal.
825 5708 997 5757 (ηιμ-ι,
1031 5693 1082 5746 4.
1157 5693 1200 5723 ⁷⁷
1241 5689 1383 5746 Psal.
1415 5705 1499 5756 cv,
1540 5691 1626 5745 ιυ.
1702 5691 1744 5720 ⁷⁸
1776 5688 1905 5745 ibid-
1937 5687 2022 5744 45-

2176 5687 2191 5742 |
2231 5689 2354 5762 licg.
2395 5692 2571 5756 μ’,ὖᾶ
2651 5695 2693 5725 ⁸ο
2737 5693 2876 5753 Psal.
2915 5713 3116 5760 turn,
3149 5697 3236 5752 65.
