4056 6146
350 344 493 403 1053

1481 338 1757 398 CONTRA
1795 336 2187 409 EUNOMIUM,
2224 343 2355 402 LIB.
2393 343 2508 403 ΧΠ.

3462 358 3596 413 1054

347 457 746 529 ὲκλυτωτέρους
800 457 834 527 ἠ
881 456 978 527 τῆς
1024 455 1192 529 όργῆς
1251 455 1472 523 ἔνδειξις
1526 456 1801 509 συστέλλει
1851 451 1932 523 τῷ

2044 457 2177 511 modi
2231 469 2648 525 commemorat,
2683 476 2803 532 quin
2834 470 3026 518 natura
3070 462 3286 534 quidem
3330 483 3435 521 non
3471 477 3600 526 sunt

348 550 523 621 φόϐῳ,
559 550 651 602 καὶ
682 550 793 611 τοῖς
822 547 1098 618 δεομένοις
1140 548 1233 601 τοῦ
1266 548 1363 618 τῆς
1400 546 1684 617 μετανοίας
1705 546 1925 616 φαρμά·

348 656 472 706 κου,
507 640 901 709 συμμετανοεῖν
948 637 1040 690 ἐπὶ
1072 640 1135 708 τῇ
1180 637 1345 708 κακίᾳ
1375 637 1519 705 λέγει
1551 637 1640 690 τὸν
1684 634 1920 706 Κύριονο

349 734 459 794 τοῖς
496 731 540 784 δ’
568 724 633 783 αὖ
663 730 719 781 ὲν
756 728 1081 799 εὐπραγίαις
1125 729 1235 781 τισὶ
1275 728 1411 798 πρὸς
1448 727 1603 797 ὓϐριν
1630 724 1927 794 ἐκφερομέ-

256 858 262 864 ι
351 838 482 885 νοις,
517 821 577 873 τὸ
613 821 686 891 μὴ
730 818 1067 888 παραμένειν
1100 819 1279 882 αὐτοῖς
1316 818 1414 891 τὴν
1456 818 1772 889 εὐημερίαν,
1823 816 1927 870 κᾶν

352 915 417 969 ἐκ
463 911 596 964 Θεοῦ
642 910 702 964 τὸ
746 907 987 964 τοιοῦτον
1034 903 1174 961 εἶναι
1222 909 1374 978 δοκῇ,
1425 908 1513 961 διά
1554 908 1650 977 τῆς
1696 907 1787 960 ἐπὶ
1833 906 1926 959 τοῦ

352 999 523 1054 Σαοὺλ
551 998 914 1069 μεταμελείας
948 995 1309 1068 προδείκνυσι.
1346 997 1470 1058 Τοῖς
1498 1012 1558 1048 τε
1590 996 1663 1067 μὴ
1691 993 1929 1065 ἐμϐαθύ-

352 1108 500 1145 νουσι
544 1089 621 1160 τῷ
652 1088 905 1159 πτώματι
944 1090 1043 1159 τῆς
1075 1088 1370 1159 ἁμαρτίας.
1413 1086 1550 1139 ἀλλὰ
1596 1085 1842 1154 καθάπερ
1869 1084 1927 1150 ἐξ

355 1182 525 1235 ὕπνου
561 1181 703 1244 τινὸς
732 1180 825 1233 τοῦ
869 1179 1097 1250 ματαίου
1143 1179 1477 1245 διαναστᾶσι,
1515 1176 1927 1231 συνανίστασθαι

354 1274 447 1328 τὸν
499 1273 629 1326 Θεὸν
683 1271 774 1325 καὶ
826 1270 1315 1339 συναφυπνίζεσθαι
1364 1270 1545 1338 λέγει·
1608 1268 1828 1322 ἑστάναι
1871 1267 1929 1321 δὲ

354 1368 470 1429 τοῖς
500 1363 731 1426 ἀκλινῶς
765 1363 855 1416 ἐπὶ
881 1361 975 1415 τοῦ
1002 1362 1167 1416 καλοῦ
1190 1361 1464 1432 βεϐηκόσι,
1495 1361 1589 1415 καὶ
1610 1360 1929 1425 καθέζεσθαι

357 1461 471 1521 τοῖς
519 1460 576 1511 ὲν
625 1455 702 1526 τῷ
758 1454 906 1525 καλῷ
956 1454 1400 1525 καθιδρυμένοις·
1453 1453 1718 1507 κινεῖσθαι
1770 1454 1815 1506 δ’
1860 1448 1927 1505 αὖ

358 1551 521 1606 πάλιν
562 1550 655 1604 καὶ
686 1550 1006 1619 περιπατεῖν
1048 1546 1139 1599 ἐπὶ
1170 1546 1278 1599 τῶν
1329 1546 1795 1617 μετακινηθέντων
1823 1545 1931 1599 ἀπὸ

356 1642 459 1712 τῆς
502 1644 560 1695 ὲν
606 1640 683 1710 τῷ
720 1638 867 1709 καλῷ
896 1638 1242 1710 παγιὸτητος.
1298 1638 1385 1701 Ὠς
1428 1639 1521 1691 ἐπὶ
1551 1638 1645 1691 τοῦ
1694 1638 1863 1708 Ἀδὰμ
1895 1639 1929 1707 ἡ

361 1734 571 1804 ἱστορία
622 1731 841 1797 διέξεισι
903 1730 1308 1802 περιπατοῦντα
1360 1732 1420 1785 τὸ
1470 1732 1693 1786 δειλινὸν
1740 1734 1797 1785 ὲν
1853 1731 1930 1802 τῷ

359 1822 671 1895 παραδείσῳ
714 1822 805 1874 τὸν
841 1821 972 1874 Θεὸν
1018 1822 1414 1891 διαγράφουσα,
1453 1821 1531 1892 τῷ
1582 1822 1681 1891 μὲν
1720 1821 1932 1894 δειλινῷ

361 1915 497 1985 πρὸς
530 1913 600 1967 τὰ
630 1913 879 1967 σκοτεινά
924 1912 1017 1966 τοῦ
1080 1913 1503 1983 πρωτοπλάστου
1534 1913 1704 1985 ῥοπὴν
1744 1915 1935 1985 διαση-

364 2000 649 2070 μαίνουσα,
697 2002 762 2070 τῇ
805 1999 859 2052 δὲ
912 2003 1122 2068 κινήσει
1169 2001 1228 2054 τὸ
1259 2002 1468 2070 ἀπαγὲς
1505 2001 1599 2056 τοῦ
1649 2003 1933 2074 ἀνθρώπου

362 2092 489 2163 περῖ⁵
517 2090 576 2144 τὸ
614 2090 775 2144 καλὸν
807 2092 901 2144 καὶ
938 2091 999 2143 τὸ
1028 2092 1280 2146 ἄστατον.

445 2181 603 2235 Ἃ).λά
648 2181 820 2235 ταῦτα
860 2180 957 2251 μὲν
988 2185 1097 2245 τοῖς
1128 2182 1340 2247 πολλοῖς
1378 2184 1666 2254 ’πόρρωθεν
1708 2185 1835 2249 ἴσως
1861 2187 1936 2251 ὡς

363 2274 499 2345 πρὸς
546 2274 644 2343 τὴν
703 2274 1057 2344 προτεθεῖσαν
1119 2276 1249 2344 ἡμῖν
1301 2274 1533 2346 θεωρίαν
1580 2272 1718 2330 εἶναι
1773 2278 1933 2343 δόξει.

378 2365 581 2416 Ἐκεῖνο
606 2362 663 2416 δὲ
694 2363 794 2415 οὐκ
827 2362 891 2415 ἄν
924 2380 1008 2425 τις
1056 2363 1282 2434 ἀπᾴδειν
1331 2364 1472 2417 εἴποι
1499 2363 1592 2418 τοῦ
1645 2368 1937 2437 προκειμέ-

365 2472 478 2517 νου,
526 2456 607 2508 ὅτι
649 2452 831 2507 πολλοὶ
880 2454 942 2506 τὸ
979 2454 1186 2517 ἑαυτοῖς
1216 2455 1475 2524 ἄληπτον,
1521 2455 1640 2510 οὐδὲ
1682 2457 1799 2527 Θεῷ
1846 2457 1938 2529 λη-

366 2547 498 2601 πτὸν
549 2542 685 2599 εἶναι
735 2545 1081 2617 νομίζουσιν,
1135 2546 1230 2600 καὶ
1279 2548 1412 2618 ὅπερ
1459 2547 1524 2600 ἂν
1576 2548 1787 2620 ἐκφύγῃ
1840 2551 1937 2620 τὴν

369 2637 578 2692 ἑαυτῶν
622 2636 968 2705 κατανόησιν,
1027 2637 1406 2708 περισσότερον
1456 2633 1593 2692 εἶναι
1639 2638 1796 2694 τοῦτο
1845 2642 1938 2694 καὶ

367 2730 469 2797 τῆς
523 2729 670 2792 Θείας
723 2729 1004 2799 δυνάμεως
1056 2728 1275 2783 οἴονται.
1343 2729 1559 2801 Ἐπειδὴ
1617 2731 1794 2785 τοίνυν
1845 2733 1939 2785 καὶ

373 2820 544 2873 ποσοῦ
626 2820 818 2893 μέτρον
895 2823 1051 2890 ἡμεῖς
1108 2819 1198 2872 τὸν
1262 2820 1491 2890 ἀριθμὸν
1561 2823 1934 2894 πεποιήμεθα*

363 2912 395 2965 ὁ
441 2912 499 2964 δὲ
541 2910 774 2981 ἀριθμὸς
844 2911 992 2964 οὐδὲν
1047 2910 1234 2981 ἕτερον
1288 2910 1320 2981 ἢ
1385 2910 1632 2976 σύνθεσις
1699 2915 1938 2983 μονάδων

364 3002 505 3065 ἐστὶ,
541 3002 798 3062 ποικίλως
853 3002 948 3071 τῆς
997 3001 1218 3071 μονάδος
1268 3000 1348 3063 εἰς
1393 3000 1594 3071 πλῆθος
1642 3002 1941 3072 ἐπαυξομέ-

367 3110 500 3163 νης·
566 3091 733 3161 μονὰς
783 3093 884 3163 γὰρ
944 3093 1101 3162 καὶὴ
1143 3090 1303 3154 δεκὰς
1357 3092 1497 3144 κατά
1548 3091 1793 3145 σύνθεσιν
1841 3109 1937 3161 μο-

366 3185 536 3239 νάδων
588 3186 725 3255 πρὸς
781 3183 937 3237 τοῦτο
983 3182 1388 3252 περαιουμένη,
1450 3183 1616 3253 μονὰς
1683 3183 1843 3236 πάλιν
1903 3185 1936 3254 ἡ

370 3276 661 3339 ἔκατοντάς
705 3277 769 3328 ὲκ
820 3275 1056 3329 δεκάδων
1105 3273 1477 3344 συντιθεμένη.
1528 3274 1799 3336 Ὡσαύτως
1846 3275 1940 3327 καὶ

368 3370 403 3438 ἡ
437 3367 611 3438 χιλιὰς
638 3367 771 3437 ἄλλη
815 3364 1000 3436 μονάς,
1069 3365 1162 3417 καὶ
1204 3366 1236 3433 ἡ
1297 3364 1495 3433 μυριὰς
1544 3365 1763 3433 ὁμοίως,
1808 3366 1940 3417 ἀνα-

367 3458 541 3524 λόγως
587 3459 650 3509 ὲκ
701 3454 1236 3524 πολλαπλςασιασμοῦ,
1296 3457 1328 3524 ἡ
1399 3454 1499 3524 μὲν
1537 3455 1602 3506 ὲκ
1667 3454 1938 3524 χιλιάδων,

370 3551 404 3619 ἡ
445 3549 503 3600 δὲ
541 3548 601 3611 ἐξ
657 3546 1027 3601 ὲκατοντάδων
1081 3545 1219 3617 πρὸς
1272 3544 1427 3597 τοῦτο
1484 3545 1941 3615 κεφαλαιουμένη,

370 3639 511 3711 ὑπὲρ
560 3639 772 3692 ἃπαντα
821 3640 928 3700 τοῖς
975 3636 1349 3706 ὑποκειμένοις
1391 3634 1809 3706 περιορίζοντες,
1846 3654 1945 3706 ση-

374 3731 500 3800 μεῖα
525 3728 625 3798 τῆς
658 3728 953 3797 ποσότητος
982 3726 1089 3779 τῶν
1136 3725 1551 3795 ἀριθμουμένων
1601 3728 1946 3796 πραγμάτων

373 3821 690 3893 ποιούμεθα.
763 3822 849 3883 Ὠς
902 3819 966 3873 ἂν
1025 3814 1116 3873 οὖν
1170 3819 1586 3888 παιδευθείημεν
1646 3818 1797 3889 παρὰ
1848 3819 1949 3888 τῆς

374 3915 522 3977 θείας
570 3913 793 3983 Γραφῆς
834 3912 894 3964 τὸ
946 3912 1109 3981 μηδὲν
1162 3911 1434 3978 ἄγνωστον
1486 3907 1624 3963 εἶναι
1678 3910 1755 3981 τῷ
1807 3910 1946 3980 Θεῷ,

374 4003 786 4079 ἐξαριθμεῖσθαι
833 4006 959 4075 παρ’
1010 4002 1172 4058 αὑτοῦ
1202 4003 1347 4071 λέγει
1372 4003 1464 4055 τοῦ
1498 4002 1631 4056 Θεοῦ
1658 4001 1719 4055 τὸ
1748 4002 1951 4072 πλῆθος

372 4098 483 4150 τῶν
529 4098 762 4166 ἄστρων,
805 4096 866 4148 οὐ
905 4095 995 4148 τὸν
1032 4094 1230 4165 τρόπον
1278 4093 1464 4147 τοῦτον
1517 4095 1807 4165 γινομένης
1851 4093 1952 4163 τῆς

374 4189 747 4259 ἀριθμήσεως.
786 4189 879 4250 Τίς
910 4187 1018 4258 γὰρ
1061 4186 1231 4248 οὕτως
1261 4186 1461 4257 εὐήθης
1488 4186 1564 4248 ὡς
1609 4186 1686 4256 τῷ
1713 4186 1952 4258 περιττῷ

375 4281 470 4334 καὶ
502 4280 673 4349 ἀρτίῳ
717 4279 806 4331 τὸν
844 4278 977 4331 Θεὸν
1020 4277 1226 4331 οἴεσθαι
1273 4275 1660 4346 διαλαμϐάνειν
1701 4277 1768 4329 τὰ
1801 4277 1948 4340 ὅντα,

2028 548 2084 602 ἱη
2139 548 2270 617 Deo,
2328 552 2393 605 ad
2431 553 2897 623 dispensationem
2932 563 3113 610 autem
3143 572 3330 612 eorum
3362 566 3452 628 qui
3483 578 3600 617 Clll-

2029 639 2252 694 diuntur
2294 657 2403 697 non
2449 652 2579 698 sunt
2630 645 2866 699 inutilia.
2922 645 3057 700 Nam
3092 647 3476 705 diSsolutiorcs
3508 653 3601 706 irae

2028 731 2290 787 iudicatio
2330 742 2474 790 metu
2527 736 2822 801 contrahit,
2855 746 2908 791 et
2944 738 3279 807 poenitentiae
3306 740 3602 810 pharmaco

2030 822 2402 892 indigentibus
2458 825 2592 881 dicit
2644 826 2931 883 Dominum
2980 830 3051 885 ob
3105 840 3390 900 peccatum
3438 834 3598 888 etiam

2030 912 2191 968 simul
2220 916 2522 984 pmuitere;
2557 917 2649 986 qui
2693 929 2871 972 autem
2897 920 3176 989 prosperis
3198 922 3361 977 rebus
3398 923 3600 977 insole—

2030 1015 2190 1059 scnnt
2238 1012 2290 1060 et
2327 1006 2626 1061 efferuntur
2647 1048 2661 1073 ,
2695 1010 3109 1079 prosperitatem
3142 1028 3249 1065 non
3283 1013 3360 1067 eis
3391 1029 3603 1082 perma-

2030 1112 2178 1162 nere,
2207 1099 2419 1152 tametsi
2445 1114 2509 1153 ex
2540 1099 2648 1153 Deo
2674 1115 2796 1155 esse
2816 1102 3088 1168 videatur,
3112 1120 3206 1173 per
3229 1109 3601 1174 poenitentiam

2031 1202 2196 1257 super
2232 1187 2395 1241 Saule
2432 1188 2693 1246 ostendit.
2731 1187 2796 1242 Et
2825 1190 2907 1246 eis
2944 1192 3035 1261 qui
3068 1206 3177 1245 nou
3210 1192 3440 1247 demersi
3478 1204 3602 1248 sunt

2032 1278 2085 1331 in
2119 1278 2395 1348 profundo
2426 1279 2579 1349 lapsu
2613 1282 2843 1349 peccati,
2898 1281 2992 1335 sed
3028 1288 3286 1349 tanquam
3314 1298 3376 1336 ex
3410 1299 3602 1337 somno

2031 1371 2266 1440 quodam
2318 1384 2471 1425 vana:
2520 1373 2644 1426 vitae
2694 1384 3033 1441 exsurgunt,
3073 1371 3238 1426 Deum
3296 1373 3429 1426 dicit
3472 1387 3601 1426 con-

2033 1478 2258 1534 surgere
2314 1472 2368 1519 et
2426 1464 2587 1518 simul
2637 1465 2987 1535 expergisci:
3042 1473 3188 1519 stare
3246 1465 3312 1520 iis
3376 1464 3467 1535 qui
3532 1464 3599 1518 ad

2031 1554 2234 1609 bonum
2277 1556 2553 1610 stabiliter
2585 1556 2975 1621 ascenderunt,
3016 1565 3069 1610 et
3107 1555 3295 1609 sedere
3324 1556 3390 1610 iis
3427 1556 3519 1624 qui
3551 1556 3604 1610 in

2032 1646 2177 1700 bono
2233 1648 2486 1701 collocati
2537 1656 2706 1711 sunt;
2762 1649 2968 1702 moveri
3026 1656 3217 1702 contra
3246 1656 3299 1701 et
3328 1647 3606 1700 ambulare

2034 1736 2089 1790 in
2146 1737 2231 1790 his
2286 1738 2380 1806 qui
2432 1752 2461 1790 a
2517 1738 2773 1792 ﬁrmitate
2826 1753 2947 1807 quae
2991 1744 3074 1791 est
3131 1737 3185 1789 in
3239 1736 3380 1789 bono
3414 1734 3605 1787 dimoti

2038 1836 2188 1884 sunt.
2226 1827 2300 1882 Ut
2350 1830 2404 1883 in
2451 1828 2662 1882 Adamo
2694 1828 2926 1882 historia
2978 1834 3198 1882 enarrat
3240 1826 3283 1857 ⁸¹
3324 1825 3488 1879 Deum
3514 1825 3607 1878 de-

2037 1920 2284 1976 scribens
2310 1920 2749 1974 deambulantem
2775 1920 2840 1973 ad
2866 1934 3123 1973 occasum
3153 1925 3273 1987 post
3300 1916 3602 1979 meridiem,

2035 2026 2132 2082 per
2185 2027 2443 2067 occasum
2512 2013 2576 2067 ad
2642 2013 2931 2067 tenebrosa
2985 2010 3308 2081 protoplasti
3373 2009 3605 2062 hominis

2036 2102 2248 2171 lapsum
2305 2104 2650 2173 significans,
2703 2120 2800 2174 per
2847 2112 3052 2156 motum
3112 2116 3241 2155 vero
3281 2100 3515 2154 hominis
3551 2099 3605 2152 in

2036 2192 2180 2248 bono
2231 2194 2596 2250 inﬁrmitatem
2632 2204 2685 2251 et
2720 2196 3163 2271 instabilitatem:

2110 2284 2215 2340 Sed
2242 2286 2357 2341 haec
2384 2287 2570 2341 multis
2599 2287 2817 2357 longius
2863 2286 3095 2342 fortasse
3129 2288 3463 2343 videbuntur
3485 2304 3608 2343 esse

2038 2377 2302 2445 producta
2326 2394 2488 2448 quam
2516 2380 2794 2449 proposita
2820 2380 3207 2448 contemplatio
3240 2380 3439 2450 exigat.
3471 2379 3607 2434 lllnd

2038 2475 2220 2521 autem
2278 2469 2461 2523 nullus
2515 2483 2544 2520 a
2591 2484 2648 2521 re
2699 2468 2980 2539 proposita
3029 2469 3339 2536 discrepare
3389 2468 3605 2532 dixerit,

2038 2560 2185 2630 quod
2230 2561 2484 2631 plerique
2520 2561 2836 2616 existiment
2886 2560 3027 2628 quod
3065 2560 3167 2613 εἱΙή
3217 2561 3350 2630 ipsis
3404 2570 3486 2615 est
3526 2562 3609 2615 in-

2038 2650 2529 2720 comprehensibile
2571 2666 2745 2721 neque
2787 2666 2814 2718 a
2863 2649 2973 2705 Deo
3006 2651 3390 2720 comprehendi
3427 2666 3609 2720 posse,

2037 2750 2091 2795 et
2140 2741 2288 2812 quod
2331 2741 2552 2809 quidem
2583 2739 2832 2811 eﬁ'ugerit
2876 2756 3027 2795 suam
3071 2742 3313 2810 ipsorum
3348 2741 3614 2809 cognitio-

2039 2849 2188 2896 nem,
2238 2833 2341 2888 hoc
2386 2833 2809 2903 exsuperantius
2846 2833 3029 2887 divina
3074 2834 3311 2902 potentia
3357 2849 3479 2887 esse
3512 2849 3612 2903 pu-

2041 2928 2176 2974 tent.
2226 2920 2496 2986 Quoniam
2549 2921 2718 2990 igitur
2772 2935 2875 2976 nos
2916 2923 3106 2990 quanti
3167 2938 3476 2975 mensuram
3519 2940 3615 2976 nu-

2041 3018 2252 3057 merum
2293 3004 2560 3075 fecimus;
2594 3022 2857 3062 numerus
2886 3018 3066 3062 autem
3102 3009 3236 3062 nihil
3267 3009 3411 3063 aliud
3448 3026 3610 3079 quam

2044 3100 2309 3149 unitatum
2338 3098 2665 3166 compositio
2695 3107 2799 3163 est,
2837 3114 2959 3152 cum
2991 3102 3138 3154 varie
3165 3101 3345 3155 unitas
3382 3102 3433 3154 in
3473 3101 3614 3154 mul-

2043 3186 2328 3241 titudinem
2386 3197 2669 3243 excrescat
2716 3208 2727 3243 :
2779 3191 2958 3243 unitas
3015 3192 3159 3243 enim
3210 3201 3262 3246 et
3309 3190 3472 3245 dccas
3522 3206 3615 3261 per

2041 3279 2489 3347 compositionem
2539 3280 2806 3333 unitatum
2840 3280 2906 3333 ad
2944 3282 3043 3333 hoc
3070 3282 3438 3350 progrediens,
3473 3284 3600 3335 uni-

2044 3378 2127 3423 tas
2178 3383 2371 3422 rursus
2396 3370 2641 3422 centuria
2669 3383 2788 3438 quae
2822 3384 2885 3422 ex
2919 3368 3155 3422 denariis
3184 3371 3426 3424 numeris
3454 3386 3606 3423 com—

2042 3457 2283 3526 ponitur.
2333 3456 2598 3511 Similiter
2634 3468 2688 3512 et
2718 3458 2908 3511 chilias
2940 3458 3041 3510 alia
3079 3459 3282 3521 unitas,
3320 3467 3373 3511 et
3413 3459 3614 3528 myrias

2046 3549 2268 3616 pariter,
2308 3548 2662 3617 proportione
2712 3548 2895 3601 habita
2925 3562 2990 3601 ex
3045 3549 3612 3616 multiplicationibus,

2048 3636 2136 3688 illa
2162 3636 2382 3704 quidem
2415 3651 2479 3689 ex
2517 3636 2868 3702 chiliadibus,
2898 3635 3014 3689 haec
3052 3650 3176 3689 vero
3212 3651 3330 3705 quae
3355 3637 3616 3693 centuriis

2049 3726 2361 3780 summatim
2421 3727 2712 3793 colligitur,
2782 3741 2948 3796 super
3000 3729 3181 3780 omnia
3236 3726 3301 3781 de
3352 3729 3615 3795 subjectis

2050 3816 2393 3881 deﬁnientes,
2451 3818 2605 3886 signa
2654 3817 2976 3886 quantitatis
3032 3833 3213 3871 rerum
3254 3834 3373 3887 qua:
3420 3834 3616 3874 nume-

2050 3919 2242 3963 rantur
2271 3908 2520 3963 facimus.
2568 3907 2636 3962 Ut
2668 3910 2832 3977 igitur
2864 3924 2893 3963 a
2919 3908 3099 3962 divina
3145 3910 3425 3979 Scriptura
3459 3910 3617 3964 insti-

2050 4001 2149 4054 tuti
2188 4015 2455 4065 essemus,
2497 4000 2631 4053 nihil
2679 3999 2786 4053 Deo
2820 4000 3153 4069 incognitum
3194 4015 3336 4064 esse,
3391 4000 3459 4053 ab
3500 4000 3617 4068 ipso

2051 4092 2181 4148 dicit
2230 4094 2510 4148 stellarum
2566 4092 2967 4147 multitudinem
3036 4092 3334 4155 numerari,
3387 4106 3495 4144 non
3554 4092 3623 4147 ad

2053 4184 2199 4238 hunc
2255 4184 2478 4238 modum
2512 4183 2912 4237 numerationis
2952 4198 3070 4251 quae
3102 4182 3158 4234 ﬁt
3207 4197 3235 4233 a
3270 4182 3450 4235 nobis.
3489 4181 3622 4245 Quis

2052 4278 2198 4332 enim
2251 4277 2323 4329 ita
2374 4275 2606 4330 stolidus
2643 4282 2697 4327 et
2747 4274 2971 4341 simplex
3024 4274 3115 4341 qui
3171 4270 3335 4323 Deum
3393 4286 3623 4323 numero

378 4371 471 4425 καὶ
499 4369 586 4423 διὰ
614 4370 714 4437 τῆς
754 4368 863 4420 τῶν
907 4368 1144 4438 μονάδων
1172 4367 1488 4430 συνθέσεως,
1519 4368 1656 4438 πρὸς
1693 4367 1753 4419 τὸ
1786 4366 1941 4435 κεφά-

2058 4365 2250 4434 impari
2286 4372 2341 4418 et
2367 4363 2485 4432 pari
2519 4379 2582 4417 ea
2613 4377 2734 4431 qum
2775 4370 2902 4415 sunt
2934 4351 3395 4429 comprehendere
3450 4367 3623 4427 putet,

379 4461 526 4513 λαιον
559 4462 657 4530 τῆς
689 4458 1078 4531 ἀθροιζομένης
1119 4459 1409 4528 ποσότητος
1435 4458 1523 4511 τὸν
1556 4458 1785 4528 ἀριθμὸν
1815 4475 1954 4528 cup.-

378 4549 695 4619 περαίνειν;
739 4549 878 4601 Ἀλλ’
924 4546 1110 4618 ἐπειδὴ
1153 4548 1209 4599 ἐν
1236 4550 1364 4616 ἡμῖν
1393 4551 1426 4617 ἡ
1471 4548 1702 4619 ἀκριϐὴς
1734 4548 1829 4602 τοῦ
1858 4567 1955 4603 πο-

382 4641 478 4695 σοῦ
520 4640 721 4708 γνῶσις
752 4642 817 4692 ἐκ
856 4637 949 4690 τοῦ
980 4636 1207 4708 ἀριθμοῦ
1240 4637 1468 4704 γίνεται,
1500 4638 1574 4700 ὡς
1602 4638 1666 4690 ἂν
1706 4640 1798 4691 καὶ
1828 4639 1956 4710 περὶ

376 4733 472 4787 τοῦ
513 4732 648 4787 Θεοῦ
702 4731 1139 4801 παιδευθείημεν,
1189 4732 1272 4784 ὃτι
1315 4730 1491 4783 πάντα
1531 4732 1595 4800 τῇ
1629 4732 1824 4798 γνώσει
1856 4732 1956 4800 τῆς

381 4827 573 4895 σοφίας
621 4825 785 4879 αὑτοῦ
814 4824 1195 4894 περιείληπται
1244 4825 1337 4877 καὶ
1381 4824 1529 4878 οὐδὲν
1559 4823 1813 4891 ἐκφεύγει
1859 4824 1957 4894 τὴν

382 4917 586 4988 ἀκριϐῆ
616 4916 962 4987 κατανόησιν,
1004 4914 1191 4968 τούτου
1220 4916 1377 4984 χάριν
1404 4914 1654 4984 ἀριθμεῖν
1687 4913 1756 4965 τά
1781 4914 1956 4984 ἄστρα

379 5009 472 5061 τὸν
502 5006 633 5059 Θεὸν
670 5006 981 5077 διωρίσατο,
1042 5004 1219 5067 τοῦτο,
1243 5006 1307 5057 δι’
1336 4998 1408 5057 ὧν
1438 5005 1605 5073 λέγει,
1646 5007 1784 5057 νοεῖν
1828 5021 1956 5074 συμ-

383 5096 673 5160 ϐουλεύων,
711 5098 783 5167 μὴ
815 5097 954 5151 κατά
988 5097 1046 5149 τὸ
1072 5096 1266 5167 μέτρον
1305 5097 1364 5149 τὸ
1391 5096 1489 5165 τῆς
1527 5096 1800 5166 ἡμετέρας
1823 5096 1960 5164 γνώ-

386 5204 524 5249 σεως
571 5187 755 5239 καὶτὸ
788 5186 939 5239 Θεῖον
987 5186 1191 5239 οἴεσθαι
1242 5184 1348 5238 τῶν
1393 5185 1560 5237 ὄντων
1603 5185 1957 5253 ἐφάπτεσθαι,

383 5278 521 5333 ἀλλά
554 5279 621 5330 τὰ
651 5281 783 5348 ἡμῖν
812 5278 1026 5349 ἄληπτοι
1056 5280 1149 5332 καὶ
1181 5278 1503 5347 ἀνεπινόητα
1528 5276 1702 5329 πάντα
1732 5280 1795 5348 τῇ
1820 5277 1960 5344 γνώ-

385 5386 470 5422 σει
513 5370 613 5440 τῆς
662 5370 812 5433 θείας
872 5371 1063 5439 σοφίας
1110 5370 1614 5441 ὲμπεριείργεσθαι.
1676 5370 1797 5423 Τῶν
1852 5369 1960 5440 γὰρ

386 5460 602 5531 ἄστρων
656 5461 745 5514 διὰ
793 5464 853 5514 τὸ
898 5461 1100 5532 πλῆθος
1141 5462 1515 5530 ὲκφευγόντων
1564 5461 1654 5513 τὸν
1707 5460 1957 5532 ἀριθμὸν,

386 5550 463 5615 ὡς
504 5553 638 5622 πρὸς
671 5552 1020 5623 ἀνθρωπίνην
1062 5553 1321 5620 ἐπίνοιαν,
1357 5552 1464 5607 ἀπὸ
1518 5551 1714 5623 μέρους
1762 5552 1822 5605 τὸ
1856 5555 1961 5606 πᾶν

470 5738 511 5767 ’τι
549 5725 683 5784 Gen.
721 5743 809 5795 ιιι,
844 5728 893 5781 8.

2057 4466 2111 4511 et
2145 4473 2239 4526 per
2270 4456 2540 4509 nnitatum
2572 4454 3017 4522 compositionem
3054 4452 3119 4504 ad
3155 4465 3420 4505 summam
3454 4466 3620 4518 quan-

2059 4548 2233 4602 titatis
2264 4553 2527 4601 acervatae
2556 4558 2843 4598 numerum
2877 4543 3162 4612 complecti
3187 4543 3209 4594 ?
3239 4540 3341 4594 Sed
3365 4543 3622 4607 quoniam

2058 4640 2112 4693 in
2155 4639 2315 4693 nobis
2357 4644 2548 4692 exacta
2584 4636 2772 4703 quanti
2806 4634 3043 4704 cognitio
3082 4648 3146 4687 ex
3191 4647 3415 4686 numero
3447 4634 3523 4695 tit,
3567 4641 3624 4688 ut

2058 4733 2124 4787 de
2172 4733 2280 4786 Deo
2314 4731 2567 4785 instructi
2606 4742 2876 4789 essemus,
2930 4725 3071 4796 quod
3103 4726 3285 4779 omnia
3319 4726 3629 4795 cognitiOne

2060 4824 2236 4895 ipsius
2285 4823 2567 4892 sapientiae
2616 4819 3010 4887 comprehensa
3044 4825 3175 4891 sunt
3223 4817 3471 4886 nihilque
3511 4818 3629 4886 ejus

2062 4922 2370 4968 accuratam
2416 4912 2601 4981 effugit
2636 4910 3019 4979 cognitionem,
3062 4908 3223 4976 hujus
3256 4909 3429 4976 gratia
3460 4909 3628 4963 Deum

2062 5013 2208 5059 astra
2250 5018 2540 5057 numerare
2577 5000 2821 5055 delinivit
2860 5013 2954 5067 per
2989 5012 3050 5050 ea
3083 5012 3203 5065 qum
3231 4997 3365 5051 dicit
3412 4998 3513 5049 hoc
3546 4998 3628 5048 in-

2060 5097 2306 5166 telligere
2348 5096 2667 5155 consulens,
2699 5109 2807 5146 non
2849 5092 2915 5145 ad
2961 5105 3273 5145 mensuram
3316 5096 3512 5142 nostrzc
3537 5102 3632 5139 ρος

2063 5186 2325 5258 gnitionis
2358 5186 2525 5239 Deum
2562 5182 2771 5253 opinari
2812 5195 2875 5237 ea
2907 5197 3026 5250 qua:
3056 5192 3184 5235 sunt
3225 5179 3509 5243 attingere.
3536 5175 3631 5228 sed

2067 5294 2190 5349 quae
2239 5277 2400 5331 nobis
2450 5274 2924 5344 incomprehensa,
2969 5287 3069 5325 nec
3121 5269 3415 5326 intellecta,
3452 5263 3632 5317 omnia

2068 5371 2267 5425 divinae
2305 5369 2587 5439 sapientia:
2640 5366 2946 5436 cognitione
2997 5359 3266 5415 concludi.
3306 5357 3443 5409 Cum
3489 5354 3634 5415 enim

2070 5465 2242 5519 Stella:
2308 5470 2531 5532 propter
2581 5456 2981 5512 multitudinem
3042 5451 3251 5519 fugiant
3305 5462 3634 5511 numerum,

2070 5565 2329 5627 quantum
2386 5555 2450 5608 ad
2496 5553 2784 5605 humanam
2841 5542 3374 5608 commentationem,
3421 5555 3450 5595 a
3484 5546 3639 5612 parte
