  <div class='ocr_page' id='page_1' title='image "/cluster/home/n/w/nwhite01/storage/ocr_20150623/45/mdp.39015011921478/543.png"; bbox 0 0 4056 6146; ppageno 0'>
   <div class='ocr_carea' id='block_1_1' title="bbox 451 293 587 353">
    <p class='ocr_par' dir='ltr' id='par_1_1' title="bbox 451 293 587 353">
     <span class='ocr_line' id='line_1_1' title="bbox 451 293 587 353; baseline -0.022 0"><span class='ocrx_word' id='word_1_1' title='bbox 451 293 587 353; x_wconf 66' lang='lat'><strong>£055</strong></span> 
     </span>
    </p>
   </div>
   <div class='ocr_carea' id='block_1_2' title="bbox 1633 284 2402 342">
    <p class='ocr_par' dir='ltr' id='par_1_2' title="bbox 1633 284 2402 342">
     <span class='ocr_line' id='line_1_2' title="bbox 1633 284 2402 342; baseline -0.004 -1"><span class='ocrx_word' id='word_1_2' title='bbox 1633 287 1688 342; x_wconf 90' lang='lat' dir='ltr'><strong>S.</strong></span> <span class='ocrx_word' id='word_1_3' title='bbox 1732 286 2056 342; x_wconf 72' lang='lat' dir='ltr'><strong>GREC-Oﬂll</strong></span> <span class='ocrx_word' id='word_1_4' title='bbox 2098 287 2138 337; x_wconf 55' lang='lat' dir='ltr'>ﬁ</span> <span class='ocrx_word' id='word_1_5' title='bbox 2154 285 2183 335; x_wconf 75' lang='grc' dir='ltr'>ὶ</span> <span class='ocrx_word' id='word_1_6' title='bbox 2198 284 2402 338; x_wconf 50' lang='grc' dir='ltr'><strong>δδΕΝι»</strong></span> 
     </span>
    </p>
   </div>
   <div class='ocr_carea' id='block_1_3' title="bbox 3558 290 3704 347">
    <p class='ocr_par' dir='ltr' id='par_1_3' title="bbox 3558 290 3704 347">
     <span class='ocr_line' id='line_1_3' title="bbox 3558 290 3704 347; baseline 0.027 -4"><span class='ocrx_word' id='word_1_7' title='bbox 3558 290 3704 347; x_wconf 67' lang='lat'><strong>1056</strong></span> 
     </span>
    </p>
   </div>
   <div class='ocr_carea' id='block_1_4' title="bbox 448 383 2036 476">
    <p class='ocr_par' dir='ltr' id='par_1_4' title="bbox 448 383 2022 475">
     <span class='ocr_line' id='line_1_4' title="bbox 448 383 2022 475; baseline -0.006 -7"><span class='ocrx_word' id='word_1_8' title='bbox 448 421 622 468; x_wconf 88' lang='lat' dir='ltr'><strong>totum</strong></span> <span class='ocrx_word' id='word_1_9' title='bbox 659 408 814 463; x_wconf 83' lang='lat' dir='ltr'><strong>docet</strong></span> <span class='ocrx_word' id='word_1_10' title='bbox 863 419 1066 471; x_wconf 83' lang='lat' dir='ltr'><strong>sermo,</strong></span> <span class='ocrx_word' id='word_1_11' title='bbox 1101 422 1164 462; x_wconf 78' lang='lat' dir='ltr'><strong>ex</strong></span> <span class='ocrx_word' id='word_1_12' title='bbox 1205 383 1272 462; x_wconf 76' lang='grc' dir='ltr'><strong>οδ</strong></span> <span class='ocrx_word' id='word_1_13' title='bbox 1311 405 1456 475; x_wconf 90' lang='lat' dir='ltr'><strong>quod</strong></span> <span class='ocrx_word' id='word_1_14' title='bbox 1493 405 1640 459; x_wconf 99' lang='lat' dir='ltr'><strong>dicat</strong></span> <span class='ocrx_word' id='word_1_15' title='bbox 1689 406 1803 458; x_wconf 61' lang='lat' dir='ltr'><strong>hinc</strong></span> <span class='ocrx_word' id='word_1_16' title='bbox 1847 420 1875 457; x_wconf 90' lang='lat' dir='ltr'><strong>a</strong></span> <span class='ocrx_word' id='word_1_17' title='bbox 1915 405 2022 458; x_wconf 90' lang='lat' dir='ltr'><strong>Deo</strong></span> 
     </span>
    </p>
   </div>
   <div class='ocr_carea' id='block_1_5' title="bbox 2136 383 3709 476">
    <p class='ocr_par' dir='ltr' id='par_1_5' title="bbox 2136 403 3709 476">
     <span class='ocr_line' id='line_1_5' title="bbox 2136 403 3709 476; baseline 0.001 -20"><span class='ocrx_word' id='word_1_18' title='bbox 2136 406 2452 458; x_wconf 64' lang='grc' dir='ltr'>ἐκδιδάσκων</span> <span class='ocrx_word' id='word_1_19' title='bbox 2501 403 2529 454; x_wconf 92' lang='lat'><strong>6</strong></span> <span class='ocrx_word' id='word_1_20' title='bbox 2576 403 2749 472; x_wconf 82' lang='grc' dir='ltr'><strong>λόγος,</strong></span> <span class='ocrx_word' id='word_1_21' title='bbox 2793 404 2856 457; x_wconf 79' lang='grc' dir='ltr'>ἐκ</span> <span class='ocrx_word' id='word_1_22' title='bbox 2901 405 2993 458; x_wconf 86' lang='grc' dir='ltr'><strong>τοῦ</strong></span> <span class='ocrx_word' id='word_1_23' title='bbox 3032 406 3202 458; x_wconf 84' lang='grc' dir='ltr'>ταῦτα</span> <span class='ocrx_word' id='word_1_24' title='bbox 3249 403 3709 476; x_wconf 68' lang='grc' dir='ltr'>καταριθμεῖσθαι</span> 
     </span>
    </p>
   </div>
   <div class='ocr_carea' id='block_1_6' title="bbox 453 497 2020 568">
    <p class='ocr_par' dir='ltr' id='par_1_6' title="bbox 453 497 2020 568">
     <span class='ocr_line' id='line_1_6' title="bbox 453 497 2020 568; baseline -0.006 -11"><span class='ocrx_word' id='word_1_25' title='bbox 453 503 744 561; x_wconf 86' lang='lat' dir='ltr'><strong>numerari,</strong></span> <span class='ocrx_word' id='word_1_26' title='bbox 789 500 922 553; x_wconf 77' lang='lat' dir='ltr'><strong>nilnil</strong></span> <span class='ocrx_word' id='word_1_27' title='bbox 971 515 1161 553; x_wconf 91' lang='lat' dir='ltr'><strong>eorum</strong></span> <span class='ocrx_word' id='word_1_28' title='bbox 1228 515 1348 568; x_wconf 72' lang='lat' dir='ltr'><strong>qua:</strong></span> <span class='ocrx_word' id='word_1_29' title='bbox 1399 513 1427 550; x_wconf 91' lang='lat' dir='ltr'><strong>a</strong></span> <span class='ocrx_word' id='word_1_30' title='bbox 1474 497 1632 550; x_wconf 85' lang='lat' dir='ltr'><strong>nobis</strong></span> <span class='ocrx_word' id='word_1_31' title='bbox 1683 498 2020 566; x_wconf 86' lang='lat' dir='ltr'><strong>ignorantur,</strong></span> 
     </span>
    </p>
   </div>
   <div class='ocr_carea' id='block_1_7' title="bbox 453 587 2023 659">
    <p class='ocr_par' dir='ltr' id='par_1_7' title="bbox 453 587 2023 659">
     <span class='ocr_line' id='line_1_7' title="bbox 453 587 2023 659; baseline -0.003 -14"><span class='ocrx_word' id='word_1_32' title='bbox 453 595 543 647; x_wconf 79' lang='lat' dir='ltr'><strong>Dei</strong></span> <span class='ocrx_word' id='word_1_33' title='bbox 592 591 956 659; x_wconf 80' lang='lat' dir='ltr'><strong>cognitionem</strong></span> <span class='ocrx_word' id='word_1_34' title='bbox 1012 590 1199 658; x_wconf 80' lang='lat' dir='ltr'><strong>fugere</strong></span> <span class='ocrx_word' id='word_1_35' title='bbox 1249 599 1493 644; x_wconf 87' lang='lat' dir='ltr'><strong>testatur.</strong></span> <span class='ocrx_word' id='word_1_36' title='bbox 1542 587 1830 657; x_wconf 85' lang='lat' dir='ltr'><strong>Propterea</strong></span> <span class='ocrx_word' id='word_1_37' title='bbox 1875 589 2023 655; x_wconf 89' lang='lat' dir='ltr'><strong>dicit,</strong></span> 
     </span>
    </p>
   </div>
   <div class='ocr_carea' id='block_1_8' title="bbox 454 679 2024 748">
    <p class='ocr_par' dir='ltr' id='par_1_8' title="bbox 454 679 2024 748">
     <span class='ocr_line' id='line_1_8' title="bbox 454 679 2024 748; baseline -0.001 -15"><span class='ocrx_word' id='word_1_38' title='bbox 454 684 556 748; x_wconf 78' lang='lat' dir='ltr'><strong>Qui</strong></span> <span class='ocrx_word' id='word_1_39' title='bbox 593 691 830 734; x_wconf 75' lang='lat' dir='ltr'><strong>numerat</strong></span> <span class='ocrx_word' id='word_1_40' title='bbox 869 681 1259 737; x_wconf 74' lang='lat' dir='ltr'><strong>multitudinem</strong></span> <span class='ocrx_word' id='word_1_41' title='bbox 1289 681 1586 741; x_wconf 79' lang='lat' dir='ltr'><strong>stellarum,</strong></span> <span class='ocrx_word' id='word_1_42' title='bbox 1619 694 1726 732; x_wconf 92' lang='lat' dir='ltr'><strong>non</strong></span> <span class='ocrx_word' id='word_1_43' title='bbox 1767 679 2024 748; x_wconf 77' lang='lat' dir='ltr'><strong>ignorans</strong></span> 
     </span>
    </p>
   </div>
   <div class='ocr_carea' id='block_1_9' title="bbox 455 771 2024 848">
    <p class='ocr_par' dir='ltr' id='par_1_9' title="bbox 455 771 2024 848">
     <span class='ocr_line' id='line_1_9' title="bbox 455 771 2024 848; baseline -0.003 -20"><span class='ocrx_word' id='word_1_44' title='bbox 455 775 710 828; x_wconf 79' lang='lat' dir='ltr'><strong>nimirum</strong></span> <span class='ocrx_word' id='word_1_45' title='bbox 752 775 1029 848; x_wconf 79' lang='lat' dir='ltr'><strong>stellarum</strong></span> <span class='ocrx_word' id='word_1_46' title='bbox 1083 774 1438 842; x_wconf 71' lang='lat' dir='ltr'><strong>quantitatem</strong></span> <span class='ocrx_word' id='word_1_47' title='bbox 1484 771 1800 840; x_wconf 82' lang='lat' dir='ltr'><strong>priusquam</strong></span> <span class='ocrx_word' id='word_1_48' title='bbox 1832 785 2024 823; x_wconf 91' lang='lat' dir='ltr'><strong>nume-</strong></span> 
     </span>
    </p>
   </div>
   <div class='ocr_carea' id='block_1_10' title="bbox 457 861 2025 930">
    <p class='ocr_par' dir='ltr' id='par_1_10' title="bbox 457 861 2025 930">
     <span class='ocr_line' id='line_1_10' title="bbox 457 861 2025 930; baseline -0.001 -14"><span class='ocrx_word' id='word_1_49' title='bbox 457 872 650 917; x_wconf 85' lang='lat' dir='ltr'><strong>rasset.</strong></span> <span class='ocrx_word' id='word_1_50' title='bbox 707 863 992 927; x_wconf 86' lang='lat' dir='ltr'><strong>Quomodo</strong></span> <span class='ocrx_word' id='word_1_51' title='bbox 1045 864 1190 917; x_wconf 88' lang='lat' dir='ltr'><strong>enim</strong></span> <span class='ocrx_word' id='word_1_52' title='bbox 1248 869 1673 916; x_wconf 80' lang='lat' dir='ltr'><strong>consentaneum</strong></span> <span class='ocrx_word' id='word_1_53' title='bbox 1717 868 1801 916; x_wconf 84' lang='lat' dir='ltr'><strong>est</strong></span> <span class='ocrx_word' id='word_1_54' title='bbox 1850 861 2025 930; x_wconf 86' lang='lat' dir='ltr'><strong>ipsum</strong></span> 
     </span>
    </p>
   </div>
   <div class='ocr_carea' id='block_1_11' title="bbox 456 955 2023 1025">
    <p class='ocr_par' dir='ltr' id='par_1_11' title="bbox 456 955 2023 1025">
     <span class='ocr_line' id='line_1_11' title="bbox 456 955 2023 1025; baseline -0.001 -16"><span class='ocrx_word' id='word_1_55' title='bbox 456 957 708 1025; x_wconf 87' lang='lat' dir='ltr'><strong>ignorare</strong></span> <span class='ocrx_word' id='word_1_56' title='bbox 743 957 886 1025; x_wconf 87' lang='lat' dir='ltr'><strong>quod</strong></span> <span class='ocrx_word' id='word_1_57' title='bbox 925 957 1050 1009; x_wconf 79' lang='lat' dir='ltr'><strong>fecit</strong></span> <span class='ocrx_word' id='word_1_58' title='bbox 1075 958 1096 1009; x_wconf 90' lang='lat'>?</span> <span class='ocrx_word' id='word_1_59' title='bbox 1127 956 1229 1020; x_wconf 85' lang='lat' dir='ltr'><strong>Qui</strong></span> <span class='ocrx_word' id='word_1_60' title='bbox 1258 957 1400 1010; x_wconf 89' lang='lat' dir='ltr'><strong>enim</strong></span> <span class='ocrx_word' id='word_1_61' title='bbox 1427 955 1666 1010; x_wconf 88' lang='lat' dir='ltr'><strong>universi</strong></span> <span class='ocrx_word' id='word_1_62' title='bbox 1695 971 1894 1024; x_wconf 62' lang='lat' dir='ltr'><strong>praeses</strong></span> <span class='ocrx_word' id='word_1_63' title='bbox 1923 965 2023 1020; x_wconf 91' lang='lat' dir='ltr'><strong>est,</strong></span> 
     </span>
    </p>
   </div>
   <div class='ocr_carea' id='block_1_12' title="bbox 458 1047 2029 1117">
    <p class='ocr_par' dir='ltr' id='par_1_12' title="bbox 458 1047 2029 1117">
     <span class='ocr_line' id='line_1_12' title="bbox 458 1047 2029 1117; baseline 0.001 -17"><span class='ocrx_word' id='word_1_64' title='bbox 458 1064 563 1100; x_wconf 92' lang='lat' dir='ltr'><strong>non</strong></span> <span class='ocrx_word' id='word_1_65' title='bbox 600 1048 740 1116; x_wconf 92' lang='lat' dir='ltr'><strong>quod</strong></span> <span class='ocrx_word' id='word_1_66' title='bbox 774 1047 894 1114; x_wconf 82' lang='lat' dir='ltr'><strong>ejus</strong></span> <span class='ocrx_word' id='word_1_67' title='bbox 925 1048 1162 1117; x_wconf 89' lang='lat' dir='ltr'><strong>potentia</strong></span> <span class='ocrx_word' id='word_1_68' title='bbox 1199 1063 1467 1102; x_wconf 82' lang='lat' dir='ltr'><strong>summam</strong></span> <span class='ocrx_word' id='word_1_69' title='bbox 1509 1063 1687 1101; x_wconf 87' lang='lat' dir='ltr'><strong>rerum</strong></span> <span class='ocrx_word' id='word_1_70' title='bbox 1718 1047 2029 1101; x_wconf 89' lang='lat' dir='ltr'><strong>continente</strong></span> 
     </span>
    </p>
   </div>
   <div class='ocr_carea' id='block_1_13' title="bbox 455 1137 2028 1208">
    <p class='ocr_par' dir='ltr' id='par_1_13' title="bbox 455 1137 2028 1208">
     <span class='ocr_line' id='line_1_13' title="bbox 455 1137 2028 1208; baseline 0.001 -17"><span class='ocrx_word' id='word_1_71' title='bbox 455 1137 904 1206; x_wconf 83' lang='lat' dir='ltr'><strong>comprehensum</strong></span> <span class='ocrx_word' id='word_1_72' title='bbox 962 1150 1044 1192; x_wconf 89' lang='lat' dir='ltr'><strong>est</strong></span> <span class='ocrx_word' id='word_1_73' title='bbox 1102 1139 1334 1208; x_wconf 79' lang='lat' dir='ltr'><strong>ignorat.</strong></span> <span class='ocrx_word' id='word_1_74' title='bbox 1399 1138 1536 1204; x_wconf 87' lang='lat' dir='ltr'><strong>Quid</strong></span> <span class='ocrx_word' id='word_1_75' title='bbox 1595 1140 1756 1208; x_wconf 78' lang='lat' dir='ltr'><strong>igitur</strong></span> <span class='ocrx_word' id='word_1_76' title='bbox 1811 1141 2028 1194; x_wconf 85' lang='lat' dir='ltr'>tandem</span> 
     </span>
    </p>
   </div>
   <div class='ocr_carea' id='block_1_14' title="bbox 458 1228 2030 1298">
    <p class='ocr_par' dir='ltr' id='par_1_14' title="bbox 458 1228 2030 1298">
     <span class='ocr_line' id='line_1_14' title="bbox 458 1228 2030 1298; baseline 0.001 -20"><span class='ocrx_word' id='word_1_77' title='bbox 458 1229 598 1296; x_wconf 88' lang='lat' dir='ltr'><strong>quod</strong></span> <span class='ocrx_word' id='word_1_78' title='bbox 637 1229 736 1282; x_wconf 87' lang='lat' dir='ltr'><strong>scit</strong></span> <span class='ocrx_word' id='word_1_79' title='bbox 764 1229 1054 1281; x_wconf 75' lang='lat' dir='ltr'><strong>numerat?</strong></span> <span class='ocrx_word' id='word_1_80' title='bbox 1081 1228 1172 1283; x_wconf 85' lang='lat' dir='ltr'><strong>Est</strong></span> <span class='ocrx_word' id='word_1_81' title='bbox 1210 1229 1352 1282; x_wconf 91' lang='lat' dir='ltr'><strong>enim</strong></span> <span class='ocrx_word' id='word_1_82' title='bbox 1383 1230 1770 1298; x_wconf 83' lang='lat' dir='ltr'><strong>ignorantium,</strong></span> <span class='ocrx_word' id='word_1_83' title='bbox 1803 1245 2030 1284; x_wconf 87' lang='lat' dir='ltr'><strong>numero</strong></span> 
     </span>
    </p>
   </div>
   <div class='ocr_carea' id='block_1_15' title="bbox 459 1317 2030 1390">
    <p class='ocr_par' dir='ltr' id='par_1_15' title="bbox 459 1317 2030 1390">
     <span class='ocr_line' id='line_1_15' title="bbox 459 1317 2030 1390; baseline 0.001 -18"><span class='ocrx_word' id='word_1_84' title='bbox 459 1321 811 1387; x_wconf 74' lang='lat' dir='ltr'><strong>quantitatem</strong></span> <span class='ocrx_word' id='word_1_85' title='bbox 867 1317 1135 1383; x_wconf 89' lang='lat' dir='ltr'><strong>dimetiri;</strong></span> <span class='ocrx_word' id='word_1_86' title='bbox 1186 1319 1278 1388; x_wconf 91' lang='lat' dir='ltr'><strong>qui</strong></span> <span class='ocrx_word' id='word_1_87' title='bbox 1336 1327 1513 1372; x_wconf 89' lang='lat' dir='ltr'><strong>autem</strong></span> <span class='ocrx_word' id='word_1_88' title='bbox 1564 1328 1851 1390; x_wconf 81' lang='lat' dir='ltr'><strong>antequam</strong></span> <span class='ocrx_word' id='word_1_89' title='bbox 1909 1328 2030 1374; x_wconf 86' lang='lat' dir='ltr'><strong>orta</strong></span> 
     </span>
    </p>
   </div>
   <div class='ocr_carea' id='block_1_16' title="bbox 458 1408 2030 1481">
    <p class='ocr_par' dir='ltr' id='par_1_16' title="bbox 458 1408 2030 1481">
     <span class='ocr_line' id='line_1_16' title="bbox 458 1408 2030 1481; baseline 0.001 -18"><span class='ocrx_word' id='word_1_90' title='bbox 458 1419 640 1469; x_wconf 82' lang='lat' dir='ltr'><strong>essent</strong></span> <span class='ocrx_word' id='word_1_91' title='bbox 672 1409 848 1464; x_wconf 84' lang='lat' dir='ltr'><strong>omnia</strong></span> <span class='ocrx_word' id='word_1_92' title='bbox 879 1409 1058 1474; x_wconf 78' lang='lat' dir='ltr'><strong>scivit,</strong></span> <span class='ocrx_word' id='word_1_93' title='bbox 1098 1408 1163 1462; x_wconf 89' lang='lat' dir='ltr'><strong>ad</strong></span> <span class='ocrx_word' id='word_1_94' title='bbox 1207 1424 1385 1463; x_wconf 90' lang='lat' dir='ltr'><strong>rerum</strong></span> <span class='ocrx_word' id='word_1_95' title='bbox 1410 1411 1775 1481; x_wconf 82' lang='lat' dir='ltr'><strong>cognitionem</strong></span> <span class='ocrx_word' id='word_1_96' title='bbox 1807 1426 2030 1465; x_wconf 88' lang='lat' dir='ltr'><strong>numero</strong></span> 
     </span>
    </p>
   </div>
   <div class='ocr_carea' id='block_1_17' title="bbox 462 1499 2032 1569">
    <p class='ocr_par' dir='ltr' id='par_1_17' title="bbox 462 1499 2032 1569">
     <span class='ocr_line' id='line_1_17' title="bbox 462 1499 2032 1569; baseline 0.002 -17"><span class='ocrx_word' id='word_1_97' title='bbox 462 1519 564 1553; x_wconf 90' lang='lat' dir='ltr'><strong>non</strong></span> <span class='ocrx_word' id='word_1_98' title='bbox 623 1501 823 1569; x_wconf 80' lang='lat' dir='ltr'><strong>indiget</strong></span> <span class='ocrx_word' id='word_1_99' title='bbox 890 1501 1167 1569; x_wconf 84' lang='lat' dir='ltr'><strong>magistro.</strong></span> <span class='ocrx_word' id='word_1_100' title='bbox 1229 1499 1431 1555; x_wconf 80' lang='lat' dir='ltr'><strong>Verum</strong></span> <span class='ocrx_word' id='word_1_101' title='bbox 1494 1518 1526 1556; x_wconf 90' lang='lat' dir='ltr'><strong>a</strong></span> <span class='ocrx_word' id='word_1_102' title='bbox 1577 1501 1777 1556; x_wconf 88' lang='lat' dir='ltr'><strong>Davide</strong></span> <span class='ocrx_word' id='word_1_103' title='bbox 1832 1503 2032 1557; x_wconf 88' lang='lat' dir='ltr'><strong>dicitur</strong></span> 
     </span>
    </p>
   </div>
   <div class='ocr_carea' id='block_1_18' title="bbox 461 1588 2029 1657">
    <p class='ocr_par' dir='ltr' id='par_1_18' title="bbox 461 1588 2029 1657">
     <span class='ocr_line' id='line_1_18' title="bbox 461 1588 2029 1657; baseline 0.002 -17"><span class='ocrx_word' id='word_1_104' title='bbox 461 1605 783 1651; x_wconf 80' lang='lat' dir='ltr'><strong>nnnierare,</strong></span> <span class='ocrx_word' id='word_1_105' title='bbox 837 1589 963 1657; x_wconf 84' lang='lat' dir='ltr'><strong>quia</strong></span> <span class='ocrx_word' id='word_1_106' title='bbox 1013 1588 1265 1642; x_wconf 82' lang='lat' dir='ltr'><strong>videlicet</strong></span> <span class='ocrx_word' id='word_1_107' title='bbox 1314 1590 1379 1643; x_wconf 90' lang='lat' dir='ltr'><strong>ad</strong></span> <span class='ocrx_word' id='word_1_108' title='bbox 1428 1598 1668 1645; x_wconf 90' lang='lat' dir='ltr'><strong>nostram</strong></span> <span class='ocrx_word' id='word_1_109' title='bbox 1725 1591 2029 1645; x_wconf 86' lang='lat' dir='ltr'><strong>doctrinam</strong></span> 
     </span>
    </p>
   </div>
   <div class='ocr_carea' id='block_1_19' title="bbox 462 1679 2026 1751">
    <p class='ocr_par' dir='ltr' id='par_1_19' title="bbox 462 1679 2026 1751">
     <span class='ocr_line' id='line_1_19' title="bbox 462 1679 2026 1751; baseline 0.003 -21"><span class='ocrx_word' id='word_1_110' title='bbox 462 1696 557 1746; x_wconf 86' lang='lat' dir='ltr'><strong>pro</strong></span> <span class='ocrx_word' id='word_1_111' title='bbox 608 1687 766 1746; x_wconf 78' lang='lat' dir='ltr'><strong>captu</strong></span> <span class='ocrx_word' id='word_1_112' title='bbox 841 1687 1028 1735; x_wconf 83' lang='lat' dir='ltr'><strong>nostro</strong></span> <span class='ocrx_word' id='word_1_113' title='bbox 1079 1679 1143 1732; x_wconf 90' lang='lat' dir='ltr'><strong>ad</strong></span> <span class='ocrx_word' id='word_1_114' title='bbox 1209 1679 1548 1750; x_wconf 82' lang='lat' dir='ltr'><strong>perspicuam</strong></span> <span class='ocrx_word' id='word_1_115' title='bbox 1595 1682 2026 1751; x_wconf 84' lang='lat' dir='ltr'><strong>explanationem</strong></span> 
     </span>
    </p>
   </div>
   <div class='ocr_carea' id='block_1_20' title="bbox 2127 494 3709 566">
    <p class='ocr_par' dir='ltr' id='par_1_20' title="bbox 2127 494 3709 566">
     <span class='ocr_line' id='line_1_20' title="bbox 2127 494 3709 566; baseline 0 -18"><span class='ocrx_word' id='word_1_116' title='bbox 2127 495 2278 566; x_wconf 82' lang='grc' dir='ltr'><strong>παρά</strong></span> <span class='ocrx_word' id='word_1_117' title='bbox 2304 495 2394 548; x_wconf 87' lang='grc' dir='ltr'><strong>τοῦ</strong></span> <span class='ocrx_word' id='word_1_118' title='bbox 2431 494 2563 547; x_wconf 83' lang='grc' dir='ltr'>Θεοῦ</span> <span class='ocrx_word' id='word_1_119' title='bbox 2595 495 2792 562; x_wconf 86' lang='grc' dir='ltr'>λέγειν,</span> <span class='ocrx_word' id='word_1_120' title='bbox 2828 497 2885 548; x_wconf 85' lang='grc' dir='ltr'><strong>τὸ</strong></span> <span class='ocrx_word' id='word_1_121' title='bbox 2929 497 3093 565; x_wconf 82' lang='grc' dir='ltr'>μηδὲν</span> <span class='ocrx_word' id='word_1_122' title='bbox 3127 496 3232 548; x_wconf 86' lang='grc' dir='ltr'><strong>τῶν</strong></span> <span class='ocrx_word' id='word_1_123' title='bbox 3261 498 3394 566; x_wconf 85' lang='grc' dir='ltr'>ἡμῖν</span> <span class='ocrx_word' id='word_1_124' title='bbox 3409 495 3709 564; x_wconf 76' lang='grc' dir='ltr'><strong>ἀγνώστων</strong></span> 
     </span>
    </p>
   </div>
   <div class='ocr_carea' id='block_1_21' title="bbox 2126 585 3708 658">
    <p class='ocr_par' dir='ltr' id='par_1_21' title="bbox 2126 585 3708 658">
     <span class='ocr_line' id='line_1_21' title="bbox 2126 585 3708 658; baseline 0 -20"><span class='ocrx_word' id='word_1_125' title='bbox 2126 586 2412 657; x_wconf 72' lang='grc' dir='ltr'>ἐκφεύγειν</span> <span class='ocrx_word' id='word_1_126' title='bbox 2442 587 2534 639; x_wconf 90' lang='grc' dir='ltr'><strong>τοῦ</strong></span> <span class='ocrx_word' id='word_1_127' title='bbox 2565 586 2699 640; x_wconf 88' lang='grc' dir='ltr'>Θεοῦ</span> <span class='ocrx_word' id='word_1_128' title='bbox 2755 587 2852 658; x_wconf 81' lang='grc' dir='ltr'>τὴν</span> <span class='ocrx_word' id='word_1_129' title='bbox 2890 587 3086 655; x_wconf 89' lang='grc' dir='ltr'>γνῶσιν</span> <span class='ocrx_word' id='word_1_130' title='bbox 3119 585 3571 658; x_wconf 86' lang='grc' dir='ltr'>διαμαρτύρεται.</span> <span class='ocrx_word' id='word_1_131' title='bbox 3605 587 3708 638; x_wconf 68' lang='grc' dir='ltr'>Διὰ</span> 
     </span>
    </p>
   </div>
   <div class='ocr_carea' id='block_1_22' title="bbox 2125 676 3709 748">
    <p class='ocr_par' dir='ltr' id='par_1_22' title="bbox 2125 676 3709 748">
     <span class='ocr_line' id='line_1_22' title="bbox 2125 676 3709 748; baseline -0.001 -18"><span class='ocrx_word' id='word_1_132' title='bbox 2125 679 2282 731; x_wconf 84' lang='grc' dir='ltr'>τοῦτό</span> <span class='ocrx_word' id='word_1_133' title='bbox 2342 696 2535 747; x_wconf 80' lang='grc' dir='ltr'>φησιν,</span> <span class='ocrx_word' id='word_1_134' title='bbox 2599 680 2660 731; x_wconf 85' lang='grc' dir='ltr'><em>ὐ</em></span> <span class='ocrx_word' id='word_1_135' title='bbox 2712 678 2971 748; x_wconf 73' lang='grc' dir='ltr'>ἀριθμῶν</span> <span class='ocrx_word' id='word_1_136' title='bbox 3022 677 3220 745; x_wconf 77' lang='grc' dir='ltr'>πλήθη</span> <span class='ocrx_word' id='word_1_137' title='bbox 3268 676 3542 744; x_wconf 75' lang='grc' dir='ltr'>ἄστρων,</span> <span class='ocrx_word' id='word_1_138' title='bbox 3606 678 3709 730; x_wconf 82' lang='grc' dir='ltr'><strong>οὑκ</strong></span> 
     </span>
    </p>
   </div>
   <div class='ocr_carea' id='block_1_23' title="bbox 2129 768 3706 840">
    <p class='ocr_par' dir='ltr' id='par_1_23' title="bbox 2129 768 3706 840">
     <span class='ocr_line' id='line_1_23' title="bbox 2129 768 3706 840; baseline -0.003 -17"><span class='ocrx_word' id='word_1_139' title='bbox 2129 769 2335 837; x_wconf 84' lang='grc' dir='ltr'>ἀγνοῶν</span> <span class='ocrx_word' id='word_1_140' title='bbox 2380 769 2575 840; x_wconf 81' lang='grc' dir='ltr'>δηλαδὴ</span> <span class='ocrx_word' id='word_1_141' title='bbox 2628 770 2756 840; x_wconf 80' lang='grc' dir='ltr'>πρὶν</span> <span class='ocrx_word' id='word_1_142' title='bbox 2805 768 3168 838; x_wconf 76' lang='grc' dir='ltr'><strong>ἐξαριθμῆσαι</strong></span> <span class='ocrx_word' id='word_1_143' title='bbox 3206 769 3304 838; x_wconf 81' lang='grc' dir='ltr'><strong>τὴν</strong></span> <span class='ocrx_word' id='word_1_144' title='bbox 3342 769 3450 821; x_wconf 85' lang='grc' dir='ltr'><strong>τῶν</strong></span> <span class='ocrx_word' id='word_1_145' title='bbox 3489 769 3706 838; x_wconf 78' lang='grc' dir='ltr'><strong>ἄστρων</strong></span> 
     </span>
    </p>
   </div>
   <div class='ocr_carea' id='block_1_24' title="bbox 2128 861 3704 932">
    <p class='ocr_par' dir='ltr' id='par_1_24' title="bbox 2128 861 3704 932">
     <span class='ocr_line' id='line_1_24' title="bbox 2128 861 3704 932; baseline -0.003 -17"><span class='ocrx_word' id='word_1_146' title='bbox 2128 863 2417 930; x_wconf 75' lang='grc' dir='ltr'>ποσότητα.</span> <span class='ocrx_word' id='word_1_147' title='bbox 2450 862 2572 925; x_wconf 85' lang='grc' dir='ltr'><strong>Πῶς</strong></span> <span class='ocrx_word' id='word_1_148' title='bbox 2606 861 2714 932; x_wconf 90' lang='grc' dir='ltr'><strong>γάρ</strong></span> <span class='ocrx_word' id='word_1_149' title='bbox 2747 861 2892 923; x_wconf 82' lang='grc' dir='ltr'>εἰκὸς</span> <span class='ocrx_word' id='word_1_150' title='bbox 2913 862 3071 914; x_wconf 83' lang='grc' dir='ltr'>αὑτὸν</span> <span class='ocrx_word' id='word_1_151' title='bbox 3103 863 3314 926; x_wconf 78' lang='grc' dir='ltr'>ἀγνοεῖν</span> <span class='ocrx_word' id='word_1_152' title='bbox 3346 861 3374 913; x_wconf 83' lang='lat'><strong>6</strong></span> <span class='ocrx_word' id='word_1_153' title='bbox 3411 861 3704 930; x_wconf 82' lang='grc' dir='ltr'>ἐποίησεν;</span> 
     </span>
    </p>
   </div>
   <div class='ocr_carea' id='block_1_25' title="bbox 2141 951 3707 1023">
    <p class='ocr_par' dir='ltr' id='par_1_25' title="bbox 2141 951 3707 1023">
     <span class='ocr_line' id='line_1_25' title="bbox 2141 951 3707 1023; baseline -0.001 -19"><span class='ocrx_word' id='word_1_154' title='bbox 2141 953 2196 1004; x_wconf 85' lang='lat'><strong>&#39;0</strong></span> <span class='ocrx_word' id='word_1_155' title='bbox 2230 952 2338 1022; x_wconf 81' lang='grc' dir='ltr'><strong>γὰρ</strong></span> <span class='ocrx_word' id='word_1_156' title='bbox 2369 952 2462 1004; x_wconf 87' lang='grc' dir='ltr'><strong>τοῦ</strong></span> <span class='ocrx_word' id='word_1_157' title='bbox 2509 951 2709 1015; x_wconf 87' lang='grc' dir='ltr'>παντὸς</span> <span class='ocrx_word' id='word_1_158' title='bbox 2751 952 3071 1023; x_wconf 75' lang='grc' dir='ltr'><strong>ἐπιστάτης,</strong></span> <span class='ocrx_word' id='word_1_159' title='bbox 3106 955 3205 1006; x_wconf 85' lang='grc' dir='ltr'><strong>οὑκ</strong></span> <span class='ocrx_word' id='word_1_160' title='bbox 3259 951 3324 1005; x_wconf 87' lang='grc' dir='ltr'><strong>ἂν</strong></span> <span class='ocrx_word' id='word_1_161' title='bbox 3376 952 3596 1020; x_wconf 77' lang='grc' dir='ltr'>ἀγνοοίη</span> <span class='ocrx_word' id='word_1_162' title='bbox 3645 951 3707 1003; x_wconf 86' lang='grc' dir='ltr'><strong>τὸ</strong></span> 
     </span>
    </p>
   </div>
   <div class='ocr_carea' id='block_1_26' title="bbox 2128 1039 3702 1112">
    <p class='ocr_par' dir='ltr' id='par_1_26' title="bbox 2128 1039 3702 1112">
     <span class='ocr_line' id='line_1_26' title="bbox 2128 1039 3702 1112; baseline 0.003 -23"><span class='ocrx_word' id='word_1_163' title='bbox 2128 1039 2762 1110; x_wconf 71' lang='grc' dir='ltr'>ἐμπεριειλημμένον,τῇ</span> <span class='ocrx_word' id='word_1_164' title='bbox 2800 1045 3118 1112; x_wconf 83' lang='grc' dir='ltr'>περιεκτικῇ</span> <span class='ocrx_word' id='word_1_165' title='bbox 3151 1042 3258 1094; x_wconf 88' lang='grc' dir='ltr'><strong>τῶν</strong></span> <span class='ocrx_word' id='word_1_166' title='bbox 3289 1040 3426 1093; x_wconf 82' lang='grc' dir='ltr'>ὅλων</span> <span class='ocrx_word' id='word_1_167' title='bbox 3456 1041 3702 1110; x_wconf 84' lang='grc' dir='ltr'>δυνάμει.</span> 
     </span>
    </p>
   </div>
   <div class='ocr_carea' id='block_1_27' title="bbox 2129 1124 3704 1201">
    <p class='ocr_par' dir='ltr' id='par_1_27' title="bbox 2129 1124 3704 1201">
     <span class='ocr_line' id='line_1_27' title="bbox 2129 1124 3704 1201; baseline 0 -19"><span class='ocrx_word' id='word_1_168' title='bbox 2129 1129 2192 1182; x_wconf 95' lang='grc' dir='ltr'><strong>Τί</strong></span> <span class='ocrx_word' id='word_1_169' title='bbox 2225 1130 2424 1198; x_wconf 81' lang='grc' dir='ltr'>δήποτε</span> <span class='ocrx_word' id='word_1_170' title='bbox 2470 1124 2562 1182; x_wconf 82' lang='grc' dir='ltr'><strong>οὖν</strong></span> <span class='ocrx_word' id='word_1_171' title='bbox 2613 1131 2838 1201; x_wconf 82' lang='grc' dir='ltr'>ἀριθμεῖ</span> <span class='ocrx_word' id='word_1_172' title='bbox 2878 1133 3013 1201; x_wconf 85' lang='grc' dir='ltr'>ὅπερ</span> <span class='ocrx_word' id='word_1_173' title='bbox 3062 1132 3381 1195; x_wconf 57' lang='lat' dir='ltr'><strong>tartara-cat;</strong></span> <span class='ocrx_word' id='word_1_174' title='bbox 3430 1132 3551 1184; x_wconf 85' lang='grc' dir='ltr'><strong>Τῶν</strong></span> <span class='ocrx_word' id='word_1_175' title='bbox 3596 1130 3704 1201; x_wconf 72' lang='grc' dir='ltr'><strong>γὰρ</strong></span> 
     </span>
    </p>
   </div>
   <div class='ocr_carea' id='block_1_28' title="bbox 2127 1219 3704 1291">
    <p class='ocr_par' dir='ltr' id='par_1_28' title="bbox 2127 1219 3704 1291">
     <span class='ocr_line' id='line_1_28' title="bbox 2127 1219 3704 1291; baseline -0.001 -19"><span class='ocrx_word' id='word_1_176' title='bbox 2127 1219 2460 1286; x_wconf 82' lang='grc' dir='ltr'>ἀγνοούντων</span> <span class='ocrx_word' id='word_1_177' title='bbox 2489 1221 2624 1283; x_wconf 72' lang='grc' dir='ltr'>ἐστὶ,</span> <span class='ocrx_word' id='word_1_178' title='bbox 2657 1220 2719 1271; x_wconf 86' lang='grc' dir='ltr'><strong>τὸ</strong></span> <span class='ocrx_word' id='word_1_179' title='bbox 2764 1220 2841 1290; x_wconf 82' lang='grc' dir='ltr'><strong>τῷ</strong></span> <span class='ocrx_word' id='word_1_180' title='bbox 2873 1221 3089 1291; x_wconf 82' lang='grc' dir='ltr'>ἀριθμῷ</span> <span class='ocrx_word' id='word_1_181' title='bbox 3123 1222 3432 1290; x_wconf 79' lang='grc' dir='ltr'>διαμετρεῖν</span> <span class='ocrx_word' id='word_1_182' title='bbox 3465 1219 3562 1290; x_wconf 79' lang='grc' dir='ltr'>τὴν</span> <span class='ocrx_word' id='word_1_183' title='bbox 3609 1237 3704 1272; x_wconf 87' lang='grc' dir='ltr'>πο-</span> 
     </span>
    </p>
   </div>
   <div class='ocr_carea' id='block_1_29' title="bbox 2131 1310 3700 1383">
    <p class='ocr_par' dir='ltr' id='par_1_29' title="bbox 2131 1310 3700 1383">
     <span class='ocr_line' id='line_1_29' title="bbox 2131 1310 3700 1383; baseline -0.001 -19"><span class='ocrx_word' id='word_1_184' title='bbox 2131 1313 2359 1382; x_wconf 80' lang='grc' dir='ltr'>σότητα·</span> <span class='ocrx_word' id='word_1_185' title='bbox 2395 1314 2422 1364; x_wconf 92' lang='lat'><strong>6</strong></span> <span class='ocrx_word' id='word_1_186' title='bbox 2446 1311 2502 1363; x_wconf 86' lang='grc' dir='ltr'>δὲ</span> <span class='ocrx_word' id='word_1_187' title='bbox 2530 1312 2595 1364; x_wconf 84' lang='grc' dir='ltr'><strong>τὰ</strong></span> <span class='ocrx_word' id='word_1_188' title='bbox 2625 1311 2800 1364; x_wconf 83' lang='grc' dir='ltr'>πάντα</span> <span class='ocrx_word' id='word_1_189' title='bbox 2830 1313 2983 1376; x_wconf 76' lang='grc' dir='ltr'>εἰδὼς</span> <span class='ocrx_word' id='word_1_190' title='bbox 3010 1314 3114 1383; x_wconf 87' lang='grc' dir='ltr'><strong>πρὸ</strong></span> <span class='ocrx_word' id='word_1_191' title='bbox 3145 1313 3430 1380; x_wconf 79' lang='grc' dir='ltr'>γενέσεως,</span> <span class='ocrx_word' id='word_1_192' title='bbox 3468 1310 3700 1382; x_wconf 88' lang='grc' dir='ltr'>ἀριθμοῦ</span> 
     </span>
    </p>
   </div>
   <div class='ocr_carea' id='block_1_30' title="bbox 2129 1400 3702 1474">
    <p class='ocr_par' dir='ltr' id='par_1_30' title="bbox 2129 1400 3702 1474">
     <span class='ocr_line' id='line_1_30' title="bbox 2129 1400 3702 1474; baseline -0.001 -22"><span class='ocrx_word' id='word_1_193' title='bbox 2129 1400 2446 1454; x_wconf 80' lang='grc' dir='ltr'>διδασκάλου</span> <span class='ocrx_word' id='word_1_194' title='bbox 2497 1402 2633 1472; x_wconf 86' lang='grc' dir='ltr'>πρὸς</span> <span class='ocrx_word' id='word_1_195' title='bbox 2674 1403 2774 1474; x_wconf 81' lang='grc' dir='ltr'>τὴν</span> <span class='ocrx_word' id='word_1_196' title='bbox 2805 1402 2912 1460; x_wconf 88' lang='grc' dir='ltr'><strong>τῶν</strong></span> <span class='ocrx_word' id='word_1_197' title='bbox 2959 1401 3331 1470; x_wconf 81' lang='grc' dir='ltr'>ὑποκειμένων</span> <span class='ocrx_word' id='word_1_198' title='bbox 3367 1400 3567 1469; x_wconf 85' lang='grc' dir='ltr'>γνῶσιν</span> <span class='ocrx_word' id='word_1_199' title='bbox 3604 1401 3702 1452; x_wconf 81' lang='grc' dir='ltr'><strong>οὑκ</strong></span> 
     </span>
    </p>
   </div>
   <div class='ocr_carea' id='block_1_31' title="bbox 2131 1489 3701 1563">
    <p class='ocr_par' dir='ltr' id='par_1_31' title="bbox 2131 1489 3701 1563">
     <span class='ocr_line' id='line_1_31' title="bbox 2131 1489 3701 1563; baseline -0.001 -21"><span class='ocrx_word' id='word_1_200' title='bbox 2131 1489 2422 1563; x_wconf 71' lang='grc' dir='ltr'>ἐπιδέεται.</span> <span class='ocrx_word' id='word_1_201' title='bbox 2486 1491 2644 1544; x_wconf 80' lang='grc' dir='ltr'>Ἀλλὰ</span> <span class='ocrx_word' id='word_1_202' title='bbox 2699 1492 2804 1562; x_wconf 78' lang='grc' dir='ltr'><strong>μὴν</strong></span> <span class='ocrx_word' id='word_1_203' title='bbox 2856 1492 3106 1562; x_wconf 75' lang='grc' dir='ltr'>ἀριθμεῖν</span> <span class='ocrx_word' id='word_1_204' title='bbox 3143 1491 3368 1558; x_wconf 84' lang='grc' dir='ltr'>λέγεται</span> <span class='ocrx_word' id='word_1_205' title='bbox 3417 1489 3565 1558; x_wconf 79' lang='grc' dir='ltr'>παρὰ</span> <span class='ocrx_word' id='word_1_206' title='bbox 3608 1489 3701 1541; x_wconf 63' lang='grc' dir='ltr'><strong>τω]</strong></span> 
     </span>
    </p>
   </div>
   <div class='ocr_carea' id='block_1_32' title="bbox 2129 1577 3702 1651">
    <p class='ocr_par' dir='ltr' id='par_1_32' title="bbox 2129 1577 3702 1651">
     <span class='ocr_line' id='line_1_32' title="bbox 2129 1577 3702 1651; baseline -0.004 -15"><span class='ocrx_word' id='word_1_207' title='bbox 2129 1581 2320 1645; x_wconf 83' lang='grc' dir='ltr'>Δαϐὶδ,</span> <span class='ocrx_word' id='word_1_208' title='bbox 2382 1581 2620 1651; x_wconf 78' lang='grc' dir='ltr'>δηλονότι</span> <span class='ocrx_word' id='word_1_209' title='bbox 2679 1582 2814 1650; x_wconf 88' lang='grc' dir='ltr'>πρὸς</span> <span class='ocrx_word' id='word_1_210' title='bbox 2873 1582 2971 1650; x_wconf 80' lang='grc' dir='ltr'><strong>τὴν</strong></span> <span class='ocrx_word' id='word_1_211' title='bbox 3029 1581 3304 1651; x_wconf 82' lang='grc' dir='ltr'>ἡμετέραν</span> <span class='ocrx_word' id='word_1_212' title='bbox 3357 1577 3702 1632; x_wconf 71' lang='grc' dir='ltr'>διδασκαλίαν</span> 
     </span>
    </p>
   </div>
   <div class='ocr_carea' id='block_1_33' title="bbox 2131 1671 3704 1743">
    <p class='ocr_par' dir='ltr' id='par_1_33' title="bbox 2131 1671 3704 1743">
     <span class='ocr_line' id='line_1_33' title="bbox 2131 1671 3704 1743; baseline -0.002 -20"><span class='ocrx_word' id='word_1_213' title='bbox 2131 1673 2269 1728; x_wconf 80' lang='grc' dir='ltr'>κατὰ</span> <span class='ocrx_word' id='word_1_214' title='bbox 2304 1672 2354 1724; x_wconf 79' lang='grc' dir='ltr'><strong>τὸ</strong></span> <span class='ocrx_word' id='word_1_215' title='bbox 2373 1674 2498 1742; x_wconf 83' lang='grc' dir='ltr'>ἡμῖν</span> <span class='ocrx_word' id='word_1_216' title='bbox 2528 1673 2770 1743; x_wconf 74' lang='grc' dir='ltr'>χωρητὸν</span> <span class='ocrx_word' id='word_1_217' title='bbox 2788 1671 2876 1724; x_wconf 88' lang='grc' dir='ltr'><strong>τοῦ</strong></span> <span class='ocrx_word' id='word_1_218' title='bbox 2902 1672 3061 1738; x_wconf 83' lang='grc' dir='ltr'>λόγου</span> <span class='ocrx_word' id='word_1_219' title='bbox 3083 1671 3217 1740; x_wconf 84' lang='grc' dir='ltr'>πρὸς</span> <span class='ocrx_word' id='word_1_220' title='bbox 3246 1671 3544 1740; x_wconf 67' lang='grc' dir='ltr'>σαφήνειαν</span> <span class='ocrx_word' id='word_1_221' title='bbox 3573 1685 3704 1721; x_wconf 86' lang='grc' dir='ltr'>κατ-</span> 
     </span>
    </p>
   </div>
   <div class='ocr_carea' id='block_1_34' title="bbox 461 1751 2036 1841">
    <p class='ocr_par' dir='ltr' id='par_1_34' title="bbox 461 1769 2029 1841">
     <span class='ocr_line' id='line_1_34' title="bbox 461 1769 2029 1841; baseline 0.004 -21"><span class='ocrx_word' id='word_1_222' title='bbox 461 1785 638 1822; x_wconf 85' lang='lat' dir='ltr'><strong>sermo</strong></span> <span class='ocrx_word' id='word_1_223' title='bbox 673 1769 985 1832; x_wconf 83' lang='lat' dir='ltr'><strong>descendat,</strong></span> <span class='ocrx_word' id='word_1_224' title='bbox 1014 1769 1252 1839; x_wconf 84' lang='lat' dir='ltr'><strong>perfecte</strong></span> <span class='ocrx_word' id='word_1_225' title='bbox 1287 1773 1428 1826; x_wconf 88' lang='lat' dir='ltr'><strong>scire</strong></span> <span class='ocrx_word' id='word_1_226' title='bbox 1467 1788 1529 1826; x_wconf 89' lang='lat' dir='ltr'><strong>ea</strong></span> <span class='ocrx_word' id='word_1_227' title='bbox 1564 1788 1684 1841; x_wconf 70' lang='lat' dir='ltr'><strong>qua:</strong></span> <span class='ocrx_word' id='word_1_228' title='bbox 1716 1773 1873 1828; x_wconf 80' lang='lat' dir='ltr'><strong>nobis</strong></span> <span class='ocrx_word' id='word_1_229' title='bbox 1903 1784 2029 1828; x_wconf 90' lang='lat' dir='ltr'><strong>sunt</strong></span> 
     </span>
    </p>
   </div>
   <div class='ocr_carea' id='block_1_35' title="bbox 2136 1751 3705 1841">
    <p class='ocr_par' dir='ltr' id='par_1_35' title="bbox 2136 1760 3705 1834">
     <span class='ocr_line' id='line_1_35' title="bbox 2136 1760 3705 1834; baseline -0.003 -18"><span class='ocrx_word' id='word_1_230' title='bbox 2136 1765 2321 1827; x_wconf 86' lang='grc' dir='ltr'>ιόντος,</span> <span class='ocrx_word' id='word_1_231' title='bbox 2352 1764 2412 1815; x_wconf 84' lang='grc' dir='ltr'><strong>τὸ</strong></span> <span class='ocrx_word' id='word_1_232' title='bbox 2441 1763 2680 1834; x_wconf 78' lang='grc' dir='ltr'>ἀκριϐῶς</span> <span class='ocrx_word' id='word_1_233' title='bbox 2712 1763 2905 1816; x_wconf 71' lang='grc' dir='ltr'>εἰδέναι</span> <span class='ocrx_word' id='word_1_234' title='bbox 2937 1762 3005 1815; x_wconf 77' lang='grc' dir='ltr'>τὰ</span> <span class='ocrx_word' id='word_1_235' title='bbox 3045 1765 3175 1832; x_wconf 82' lang='grc' dir='ltr'>ἡμῖν</span> <span class='ocrx_word' id='word_1_236' title='bbox 3211 1763 3465 1828; x_wconf 83' lang='grc' dir='ltr'>ἄγνωστα</span> <span class='ocrx_word' id='word_1_237' title='bbox 3497 1760 3580 1812; x_wconf 78' lang='grc' dir='ltr'>διὰ</span> <span class='ocrx_word' id='word_1_238' title='bbox 3608 1763 3705 1830; x_wconf 78' lang='grc' dir='ltr'><strong>τῆς</strong></span> 
     </span>
    </p>
   </div>
   <div class='ocr_carea' id='block_1_36' title="bbox 460 1861 2033 1933">
    <p class='ocr_par' dir='ltr' id='par_1_36' title="bbox 460 1861 2033 1933">
     <span class='ocr_line' id='line_1_36' title="bbox 460 1861 2033 1933; baseline 0.005 -21"><span class='ocrx_word' id='word_1_239' title='bbox 460 1861 731 1930; x_wconf 83' lang='lat' dir='ltr'><strong>incognita</strong></span> <span class='ocrx_word' id='word_1_240' title='bbox 762 1877 855 1928; x_wconf 89' lang='lat' dir='ltr'><strong>per</strong></span> <span class='ocrx_word' id='word_1_241' title='bbox 891 1863 1101 1916; x_wconf 89' lang='lat' dir='ltr'><strong>numeri</strong></span> <span class='ocrx_word' id='word_1_242' title='bbox 1131 1862 1578 1933; x_wconf 82' lang='lat' dir='ltr'><strong>signiﬁcationem</strong></span> <span class='ocrx_word' id='word_1_243' title='bbox 1605 1864 1773 1919; x_wconf 87' lang='lat' dir='ltr'><strong>David</strong></span> <span class='ocrx_word' id='word_1_244' title='bbox 1807 1866 2033 1920; x_wconf 88' lang='lat' dir='ltr'><strong>demon-</strong></span> 
     </span>
    </p>
   </div>
   <div class='ocr_carea' id='block_1_37' title="bbox 462 1951 2028 2024">
    <p class='ocr_par' dir='ltr' id='par_1_37' title="bbox 462 1951 2028 2024">
     <span class='ocr_line' id='line_1_37' title="bbox 462 1951 2028 2024; baseline 0.004 -20"><span class='ocrx_word' id='word_1_245' title='bbox 462 1954 672 2004; x_wconf 87' lang='lat' dir='ltr'><strong>stravit.</strong></span> <span class='ocrx_word' id='word_1_246' title='bbox 729 1951 1192 2016; x_wconf 77' lang='lat' dir='ltr'><strong>Quemadn&#39;iodum</strong></span> <span class='ocrx_word' id='word_1_247' title='bbox 1253 1955 1417 2024; x_wconf 82' lang='lat' dir='ltr'><strong>igitur</strong></span> <span class='ocrx_word' id='word_1_248' title='bbox 1467 1971 1753 2011; x_wconf 89' lang='lat' dir='ltr'><strong>numerare</strong></span> <span class='ocrx_word' id='word_1_249' title='bbox 1811 1956 2028 2023; x_wconf 83' lang='lat' dir='ltr'><strong>dicitur,</strong></span> 
     </span>
    </p>
   </div>
   <div class='ocr_carea' id='block_1_38' title="bbox 463 2043 2033 2113">
    <p class='ocr_par' dir='ltr' id='par_1_38' title="bbox 463 2043 2033 2113">
     <span class='ocr_line' id='line_1_38' title="bbox 463 2043 2033 2113; baseline 0.005 -17"><span class='ocrx_word' id='word_1_250' title='bbox 463 2044 593 2096; x_wconf 86' lang='lat' dir='ltr'><strong>nihil</strong></span> <span class='ocrx_word' id='word_1_251' title='bbox 631 2043 968 2098; x_wconf 84' lang='lat' dir='ltr'><strong>arithmetica</strong></span> <span class='ocrx_word' id='word_1_252' title='bbox 1015 2045 1235 2113; x_wconf 89' lang='lat' dir='ltr'><strong>periodo</strong></span> <span class='ocrx_word' id='word_1_253' title='bbox 1278 2046 1345 2099; x_wconf 91' lang='lat' dir='ltr'><strong>ad</strong></span> <span class='ocrx_word' id='word_1_254' title='bbox 1393 2062 1571 2100; x_wconf 88' lang='lat' dir='ltr'><strong>rerum</strong></span> <span class='ocrx_word' id='word_1_255' title='bbox 1603 2056 1906 2102; x_wconf 89' lang='lat' dir='ltr'><strong>creatarum</strong></span> <span class='ocrx_word' id='word_1_256' title='bbox 1939 2064 2033 2103; x_wconf 90' lang='lat' dir='ltr'><strong>co-</strong></span> 
     </span>
    </p>
   </div>
   <div class='ocr_carea' id='block_1_39' title="bbox 463 2135 2030 2208">
    <p class='ocr_par' dir='ltr' id='par_1_39' title="bbox 463 2135 2030 2208">
     <span class='ocr_line' id='line_1_39' title="bbox 463 2135 2030 2208; baseline 0.005 -22"><span class='ocrx_word' id='word_1_257' title='bbox 463 2136 754 2203; x_wconf 84' lang='lat' dir='ltr'><strong>gnitionem</strong></span> <span class='ocrx_word' id='word_1_258' title='bbox 787 2135 1054 2204; x_wconf 78' lang='lat' dir='ltr'><strong>indigens,</strong></span> <span class='ocrx_word' id='word_1_259' title='bbox 1084 2137 1162 2190; x_wconf 91' lang='lat' dir='ltr'><strong>sic</strong></span> <span class='ocrx_word' id='word_1_260' title='bbox 1197 2137 1356 2190; x_wconf 90' lang='lat' dir='ltr'><strong>etiam</strong></span> <span class='ocrx_word' id='word_1_261' title='bbox 1384 2139 1634 2193; x_wconf 91' lang='lat' dir='ltr'><strong>omnibus</strong></span> <span class='ocrx_word' id='word_1_262' title='bbox 1657 2139 1790 2208; x_wconf 90' lang='lat' dir='ltr'><strong>ipsis</strong></span> <span class='ocrx_word' id='word_1_263' title='bbox 1813 2141 2030 2194; x_wconf 90' lang='lat' dir='ltr'><strong>nomina</strong></span> 
     </span>
    </p>
   </div>
   <div class='ocr_carea' id='block_1_40' title="bbox 465 2227 2034 2302">
    <p class='ocr_par' dir='ltr' id='par_1_40' title="bbox 465 2227 2034 2302">
     <span class='ocr_line' id='line_1_40' title="bbox 465 2227 2034 2302; baseline 0.005 -22"><span class='ocrx_word' id='word_1_264' title='bbox 465 2244 659 2281; x_wconf 78' lang='lat' dir='ltr'><strong>vocare</strong></span> <span class='ocrx_word' id='word_1_265' title='bbox 715 2227 980 2296; x_wconf 81' lang='lat' dir='ltr'><strong>Propheta</strong></span> <span class='ocrx_word' id='word_1_266' title='bbox 1017 2227 1171 2294; x_wconf 88' lang='lat' dir='ltr'><strong>dicit,</strong></span> <span class='ocrx_word' id='word_1_267' title='bbox 1208 2245 1315 2283; x_wconf 90' lang='lat' dir='ltr'><strong>non</strong></span> <span class='ocrx_word' id='word_1_268' title='bbox 1350 2230 1512 2294; x_wconf 90' lang='lat' dir='ltr'><strong>hanc,</strong></span> <span class='ocrx_word' id='word_1_269' title='bbox 1552 2232 1766 2300; x_wconf 88' lang='lat' dir='ltr'><strong>opinor,</strong></span> <span class='ocrx_word' id='word_1_270' title='bbox 1817 2248 1937 2302; x_wconf 71' lang='lat' dir='ltr'><strong>qua:</strong></span> <span class='ocrx_word' id='word_1_271' title='bbox 1977 2236 2034 2288; x_wconf 89' lang='lat' dir='ltr'><strong>lit</strong></span> 
     </span>
    </p>
   </div>
   <div class='ocr_carea' id='block_1_41' title="bbox 469 2320 2032 2392">
    <p class='ocr_par' dir='ltr' id='par_1_41' title="bbox 469 2320 2032 2392">
     <span class='ocr_line' id='line_1_41' title="bbox 469 2320 2032 2392; baseline 0.005 -23"><span class='ocrx_word' id='word_1_272' title='bbox 469 2334 562 2387; x_wconf 89' lang='lat' dir='ltr'><strong>per</strong></span> <span class='ocrx_word' id='word_1_273' title='bbox 589 2333 794 2382; x_wconf 87' lang='lat' dir='ltr'><strong>vocem,</strong></span> <span class='ocrx_word' id='word_1_274' title='bbox 827 2320 1280 2388; x_wconf 89' lang='lat' dir='ltr'><strong>nuncupationem</strong></span> <span class='ocrx_word' id='word_1_275' title='bbox 1309 2321 1742 2392; x_wconf 87' lang='lat' dir='ltr'><strong>subsignilicans.</strong></span> <span class='ocrx_word' id='word_1_276' title='bbox 1772 2323 1866 2378; x_wconf 83' lang='lat' dir='ltr'><strong>Vel</strong></span> <span class='ocrx_word' id='word_1_277' title='bbox 1889 2325 2032 2379; x_wconf 91' lang='lat' dir='ltr'><strong>enim</strong></span> 
     </span>
    </p>
   </div>
   <div class='ocr_carea' id='block_1_42' title="bbox 466 2407 2033 2482">
    <p class='ocr_par' dir='ltr' id='par_1_42' title="bbox 466 2407 2033 2482">
     <span class='ocr_line' id='line_1_42' title="bbox 466 2407 2033 2482; baseline 0.005 -23"><span class='ocrx_word' id='word_1_278' title='bbox 466 2407 530 2459; x_wconf 88' lang='lat' dir='ltr'><strong>ad</strong></span> <span class='ocrx_word' id='word_1_279' title='bbox 568 2407 861 2460; x_wconf 88' lang='lat' dir='ltr'><strong>absurdum</strong></span> <span class='ocrx_word' id='word_1_280' title='bbox 915 2408 1169 2476; x_wconf 87' lang='lat' dir='ltr'><strong>quiddam</strong></span> <span class='ocrx_word' id='word_1_281' title='bbox 1202 2417 1254 2462; x_wconf 91' lang='lat' dir='ltr'><strong>et</strong></span> <span class='ocrx_word' id='word_1_282' title='bbox 1299 2410 1602 2480; x_wconf 79' lang='lat' dir='ltr'><strong>indignum,</strong></span> <span class='ocrx_word' id='word_1_283' title='bbox 1634 2413 1778 2482; x_wconf 91' lang='lat' dir='ltr'><strong>quod</strong></span> <span class='ocrx_word' id='word_1_284' title='bbox 1821 2413 1887 2468; x_wconf 90' lang='lat' dir='ltr'><strong>de</strong></span> <span class='ocrx_word' id='word_1_285' title='bbox 1925 2411 2033 2468; x_wconf 90' lang='lat' dir='ltr'><strong>Deo</strong></span> 
     </span>
    </p>
   </div>
   <div class='ocr_carea' id='block_1_43' title="bbox 467 2499 2031 2572">
    <p class='ocr_par' dir='ltr' id='par_1_43' title="bbox 467 2499 2031 2572">
     <span class='ocr_line' id='line_1_43' title="bbox 467 2499 2031 2572; baseline 0.004 -21"><span class='ocrx_word' id='word_1_286' title='bbox 467 2500 518 2551; x_wconf 89' lang='lat' dir='ltr'><strong>iu</strong></span> <span class='ocrx_word' id='word_1_287' title='bbox 540 2499 904 2572; x_wconf 81' lang='lat' dir='ltr'><strong>suspicionem</strong></span> <span class='ocrx_word' id='word_1_288' title='bbox 926 2500 1125 2568; x_wconf 86' lang='lat' dir='ltr'><strong>veniat,</strong></span> <span class='ocrx_word' id='word_1_289' title='bbox 1155 2500 1503 2570; x_wconf 82' lang='lat' dir='ltr'><strong>progrediens</strong></span> <span class='ocrx_word' id='word_1_290' title='bbox 1536 2518 1715 2557; x_wconf 86' lang='lat' dir='ltr'><strong>sermo</strong></span> <span class='ocrx_word' id='word_1_291' title='bbox 1741 2503 2031 2571; x_wconf 88' lang='lat' dir='ltr'><strong>desineret,</strong></span> 
     </span>
    </p>
   </div>
   <div class='ocr_carea' id='block_1_44' title="bbox 467 2591 2034 2664">
    <p class='ocr_par' dir='ltr' id='par_1_44' title="bbox 467 2591 2034 2664">
     <span class='ocr_line' id='line_1_44' title="bbox 467 2591 2034 2664; baseline 0.003 -21"><span class='ocrx_word' id='word_1_292' title='bbox 467 2591 732 2658; x_wconf 75' lang='lat' dir='ltr'><strong>siquidem</strong></span> <span class='ocrx_word' id='word_1_293' title='bbox 771 2591 883 2644; x_wconf 67' lang='grc' dir='ltr'>Ιιειιο</span> <span class='ocrx_word' id='word_1_294' title='bbox 924 2591 1053 2644; x_wconf 84' lang='lat' dir='ltr'><strong>dicit</strong></span> <span class='ocrx_word' id='word_1_295' title='bbox 1089 2592 1308 2646; x_wconf 86' lang='lat' dir='ltr'><strong>nomina</strong></span> <span class='ocrx_word' id='word_1_296' title='bbox 1351 2593 1522 2648; x_wconf 91' lang='lat' dir='ltr'><strong>stellis</strong></span> <span class='ocrx_word' id='word_1_297' title='bbox 1551 2608 1581 2646; x_wconf 89' lang='lat' dir='ltr'><strong>a</strong></span> <span class='ocrx_word' id='word_1_298' title='bbox 1631 2594 1737 2650; x_wconf 89' lang='lat' dir='ltr'><strong>Deo</strong></span> <span class='ocrx_word' id='word_1_299' title='bbox 1780 2595 2034 2664; x_wconf 86' lang='lat' dir='ltr'><strong>imposita</strong></span> 
     </span>
    </p>
   </div>
   <div class='ocr_carea' id='block_1_45' title="bbox 467 2681 2034 2753">
    <p class='ocr_par' dir='ltr' id='par_1_45' title="bbox 467 2681 2034 2753">
     <span class='ocr_line' id='line_1_45' title="bbox 467 2681 2034 2753; baseline 0.005 -20"><span class='ocrx_word' id='word_1_300' title='bbox 467 2698 587 2749; x_wconf 77' lang='lat' dir='ltr'><strong>quze</strong></span> <span class='ocrx_word' id='word_1_301' title='bbox 629 2681 681 2733; x_wconf 92' lang='lat' dir='ltr'><strong>in</strong></span> <span class='ocrx_word' id='word_1_302' title='bbox 715 2682 1112 2742; x_wconf 84' lang='lat' dir='ltr'><strong>consuetudine</strong></span> <span class='ocrx_word' id='word_1_303' title='bbox 1162 2691 1348 2737; x_wconf 88' lang='lat' dir='ltr'><strong>nostra</strong></span> <span class='ocrx_word' id='word_1_304' title='bbox 1395 2692 1742 2753; x_wconf 79' lang='lat' dir='ltr'><strong>usurpantur.</strong></span> <span class='ocrx_word' id='word_1_305' title='bbox 1795 2685 1850 2738; x_wconf 90' lang='lat' dir='ltr'><strong>Si</strong></span> <span class='ocrx_word' id='word_1_306' title='bbox 1889 2687 2034 2740; x_wconf 89' lang='lat' dir='ltr'><strong>enim</strong></span> 
     </span>
    </p>
   </div>
   <div class='ocr_carea' id='block_1_46' title="bbox 467 2771 2036 2841">
    <p class='ocr_par' dir='ltr' id='par_1_46' title="bbox 467 2771 2036 2841">
     <span class='ocr_line' id='line_1_46' title="bbox 467 2771 2036 2841; baseline 0.004 -16"><span class='ocrx_word' id='word_1_307' title='bbox 467 2773 622 2825; x_wconf 86' lang='lat' dir='ltr'><strong>daret</strong></span> <span class='ocrx_word' id='word_1_308' title='bbox 665 2773 862 2841; x_wconf 88' lang='lat' dir='ltr'><strong>aliquis</strong></span> <span class='ocrx_word' id='word_1_309' title='bbox 895 2772 1008 2827; x_wconf 70' lang='lat' dir='ltr'><strong>hanc</strong></span> <span class='ocrx_word' id='word_1_310' title='bbox 1043 2788 1071 2829; x_wconf 87' lang='lat' dir='ltr'><strong>a</strong></span> <span class='ocrx_word' id='word_1_311' title='bbox 1118 2771 1226 2826; x_wconf 88' lang='lat' dir='ltr'><strong>Deo</strong></span> <span class='ocrx_word' id='word_1_312' title='bbox 1257 2782 1448 2828; x_wconf 86' lang='lat' dir='ltr'><strong>vocata</strong></span> <span class='ocrx_word' id='word_1_313' title='bbox 1477 2789 1618 2837; x_wconf 89' lang='lat' dir='ltr'><strong>esse,</strong></span> <span class='ocrx_word' id='word_1_314' title='bbox 1646 2791 1868 2831; x_wconf 86' lang='lat' dir='ltr'><strong>necesse</strong></span> <span class='ocrx_word' id='word_1_315' title='bbox 1891 2784 2036 2833; x_wconf 88' lang='lat' dir='ltr'><strong>esset</strong></span> 
     </span>
    </p>
   </div>
   <div class='ocr_carea' id='block_1_47' title="bbox 469 2863 2034 2937">
    <p class='ocr_par' dir='ltr' id='par_1_47' title="bbox 469 2863 2034 2937">
     <span class='ocr_line' id='line_1_47' title="bbox 469 2863 2034 2937; baseline 0.007 -25"><span class='ocrx_word' id='word_1_316' title='bbox 469 2863 688 2916; x_wconf 83' lang='lat' dir='ltr'><strong>mimino</strong></span> <span class='ocrx_word' id='word_1_317' title='bbox 733 2863 1040 2917; x_wconf 78' lang='lat' dir='ltr'><strong>Gnecorum</strong></span> <span class='ocrx_word' id='word_1_318' title='bbox 1084 2863 1498 2919; x_wconf 86' lang='lat' dir='ltr'><strong>simulacrorum</strong></span> <span class='ocrx_word' id='word_1_319' title='bbox 1529 2866 1679 2920; x_wconf 90' lang='lat' dir='ltr'><strong>illinc</strong></span> <span class='ocrx_word' id='word_1_320' title='bbox 1725 2878 1914 2937; x_wconf 84' lang='lat' dir='ltr'><strong>putare</strong></span> <span class='ocrx_word' id='word_1_321' title='bbox 1935 2884 2034 2937; x_wconf 81' lang='lat' dir='ltr'><strong>ap~</strong></span> 
     </span>
    </p>
   </div>
   <div class='ocr_carea' id='block_1_48' title="bbox 470 2953 2033 3024">
    <p class='ocr_par' dir='ltr' id='par_1_48' title="bbox 470 2953 2033 3024">
     <span class='ocr_line' id='line_1_48' title="bbox 470 2953 2033 3024; baseline 0.002 -18"><span class='ocrx_word' id='word_1_322' title='bbox 470 2954 811 3022; x_wconf 70' lang='lat' dir='ltr'><strong>pollutionem</strong></span> <span class='ocrx_word' id='word_1_323' title='bbox 870 2954 922 3006; x_wconf 91' lang='lat' dir='ltr'><strong>in</strong></span> <span class='ocrx_word' id='word_1_324' title='bbox 969 2953 1142 3006; x_wconf 90' lang='lat' dir='ltr'><strong>stellis</strong></span> <span class='ocrx_word' id='word_1_325' title='bbox 1195 2954 1570 3023; x_wconf 82' lang='lat' dir='ltr'><strong>pervulgatam</strong></span> <span class='ocrx_word' id='word_1_326' title='bbox 1607 2970 1750 3018; x_wconf 89' lang='lat' dir='ltr'><strong>esse,</strong></span> <span class='ocrx_word' id='word_1_327' title='bbox 1802 2963 1854 3010; x_wconf 87' lang='lat' dir='ltr'><strong>ct</strong></span> <span class='ocrx_word' id='word_1_328' title='bbox 1887 2970 2033 3024; x_wconf 62' lang='lat' dir='ltr'><strong>quaa-</strong></span> 
     </span>
    </p>
   </div>
   <div class='ocr_carea' id='block_1_49' title="bbox 470 3043 2034 3113">
    <p class='ocr_par' dir='ltr' id='par_1_49' title="bbox 470 3043 2034 3113">
     <span class='ocr_line' id='line_1_49' title="bbox 470 3043 2034 3113; baseline 0.002 -17"><span class='ocrx_word' id='word_1_329' title='bbox 470 3059 683 3112; x_wconf 83' lang='lat' dir='ltr'><strong>cunque</strong></span> <span class='ocrx_word' id='word_1_330' title='bbox 713 3043 968 3097; x_wconf 67' lang='lat' dir='ltr'><strong>fabulosae</strong></span> <span class='ocrx_word' id='word_1_331' title='bbox 991 3044 1229 3098; x_wconf 64' lang='lat' dir='ltr'><strong>historia:</strong></span> <span class='ocrx_word' id='word_1_332' title='bbox 1252 3045 1304 3096; x_wconf 92' lang='lat' dir='ltr'><strong>in</strong></span> <span class='ocrx_word' id='word_1_333' title='bbox 1333 3045 1502 3098; x_wconf 88' lang='lat' dir='ltr'><strong>stellis</strong></span> <span class='ocrx_word' id='word_1_334' title='bbox 1525 3046 1772 3099; x_wconf 79' lang='lat' dir='ltr'><strong>feruntur</strong></span> <span class='ocrx_word' id='word_1_335' title='bbox 1793 3047 2034 3113; x_wconf 86' lang='lat' dir='ltr'><strong>nomina,</strong></span> 
     </span>
    </p>
   </div>
   <div class='ocr_carea' id='block_1_50' title="bbox 470 3134 2036 3206">
    <p class='ocr_par' dir='ltr' id='par_1_50' title="bbox 470 3134 2036 3206">
     <span class='ocr_line' id='line_1_50' title="bbox 470 3134 2036 3206; baseline 0.007 -24"><span class='ocrx_word' id='word_1_336' title='bbox 470 3151 594 3186; x_wconf 67' lang='lat' dir='ltr'><strong>vera</strong></span> <span class='ocrx_word' id='word_1_337' title='bbox 633 3135 968 3192; x_wconf 75' lang='lat' dir='ltr'><strong>existimare,</strong></span> <span class='ocrx_word' id='word_1_338' title='bbox 1018 3144 1272 3203; x_wconf 88' lang='lat' dir='ltr'><strong>tanquam</strong></span> <span class='ocrx_word' id='word_1_339' title='bbox 1308 3134 1415 3189; x_wconf 87' lang='lat' dir='ltr'><strong>Deo</strong></span> <span class='ocrx_word' id='word_1_340' title='bbox 1445 3136 1578 3191; x_wconf 89' lang='lat' dir='ltr'><strong>tales</strong></span> <span class='ocrx_word' id='word_1_341' title='bbox 1611 3137 1665 3189; x_wconf 92' lang='lat' dir='ltr'><strong>in</strong></span> <span class='ocrx_word' id='word_1_342' title='bbox 1715 3137 1846 3206; x_wconf 91' lang='lat' dir='ltr'><strong>ipsis</strong></span> <span class='ocrx_word' id='word_1_343' title='bbox 1874 3152 2036 3193; x_wconf 87' lang='lat' dir='ltr'><strong>voces</strong></span> 
     </span>
    </p>
   </div>
   <div class='ocr_carea' id='block_1_51' title="bbox 470 3224 2033 3294">
    <p class='ocr_par' dir='ltr' id='par_1_51' title="bbox 470 3224 2033 3294">
     <span class='ocr_line' id='line_1_51' title="bbox 470 3224 2033 3294; baseline 0.003 -16"><span class='ocrx_word' id='word_1_344' title='bbox 470 3233 617 3278; x_wconf 86' lang='lat' dir='ltr'><strong>ratas</strong></span> <span class='ocrx_word' id='word_1_345' title='bbox 659 3225 906 3278; x_wconf 85' lang='lat' dir='ltr'><strong>habente.</strong></span> <span class='ocrx_word' id='word_1_346' title='bbox 945 3224 1033 3277; x_wconf 90' lang='lat' dir='ltr'><strong>Sic</strong></span> <span class='ocrx_word' id='word_1_347' title='bbox 1063 3226 1405 3294; x_wconf 81' lang='lat' dir='ltr'><strong>septenarius</strong></span> <span class='ocrx_word' id='word_1_348' title='bbox 1440 3227 1720 3280; x_wconf 88' lang='lat' dir='ltr'><strong>stellarum</strong></span> <span class='ocrx_word' id='word_1_349' title='bbox 1750 3243 2033 3292; x_wconf 88' lang='lat' dir='ltr'><strong>numerus,</strong></span> 
     </span>
    </p>
   </div>
   <div class='ocr_carea' id='block_1_52' title="bbox 471 3317 2038 3387">
    <p class='ocr_par' dir='ltr' id='par_1_52' title="bbox 471 3317 2038 3387">
     <span class='ocr_line' id='line_1_52' title="bbox 471 3317 2038 3387; baseline 0.002 -18"><span class='ocrx_word' id='word_1_350' title='bbox 471 3333 589 3387; x_wconf 72' lang='lat' dir='ltr'><strong>qua:</strong></span> <span class='ocrx_word' id='word_1_351' title='bbox 634 3319 685 3370; x_wconf 92' lang='lat' dir='ltr'><strong>in</strong></span> <span class='ocrx_word' id='word_1_352' title='bbox 732 3318 852 3386; x_wconf 88' lang='lat' dir='ltr'><strong>polo</strong></span> <span class='ocrx_word' id='word_1_353' title='bbox 900 3318 1270 3377; x_wconf 89' lang='lat' dir='ltr'><strong>continentur,</strong></span> <span class='ocrx_word' id='word_1_354' title='bbox 1325 3317 1464 3370; x_wconf 88' lang='lat' dir='ltr'><strong>inter</strong></span> <span class='ocrx_word' id='word_1_355' title='bbox 1523 3317 1835 3372; x_wconf 63' lang='lat' dir='ltr'><strong>Gratcorum</strong></span> <span class='ocrx_word' id='word_1_356' title='bbox 1895 3318 2038 3373; x_wconf 88' lang='lat' dir='ltr'><strong>idola</strong></span> 
     </span>
    </p>
   </div>
   <div class='ocr_carea' id='block_1_53' title="bbox 472 3395 2073 3476">
    <p class='ocr_par' dir='ltr' id='par_1_53' title="bbox 472 3395 2073 3476">
     <span class='ocr_line' id='line_1_53' title="bbox 472 3395 2073 3476; baseline -0.001 -12"><span class='ocrx_word' id='word_1_357' title='bbox 472 3408 816 3470; x_wconf 86' lang='lat' dir='ltr'><strong>distributus,</strong></span> <span class='ocrx_word' id='word_1_358' title='bbox 848 3409 1006 3476; x_wconf 88' lang='lat' dir='ltr'><strong>culpa</strong></span> <span class='ocrx_word' id='word_1_359' title='bbox 1043 3422 1233 3460; x_wconf 83' lang='lat' dir='ltr'><strong>vacare</strong></span> <span class='ocrx_word' id='word_1_360' title='bbox 1255 3422 1349 3460; x_wconf 89' lang='lat' dir='ltr'><strong>eos</strong></span> <span class='ocrx_word' id='word_1_361' title='bbox 1378 3408 1470 3475; x_wconf 84' lang='lat' dir='ltr'><strong>qui</strong></span> <span class='ocrx_word' id='word_1_362' title='bbox 1511 3408 1563 3460; x_wconf 92' lang='lat' dir='ltr'><strong>in</strong></span> <span class='ocrx_word' id='word_1_363' title='bbox 1605 3409 1688 3461; x_wconf 90' lang='lat' dir='ltr'><strong>his</strong></span> <span class='ocrx_word' id='word_1_364' title='bbox 1716 3395 2073 3463; x_wconf 44' lang='lat' dir='ltr'><strong>erraverunt.</strong></span> 
     </span>
    </p>
   </div>
   <div class='ocr_carea' id='block_1_54' title="bbox 471 3497 2039 3566">
    <p class='ocr_par' dir='ltr' id='par_1_54' title="bbox 471 3497 2039 3566">
     <span class='ocr_line' id='line_1_54' title="bbox 471 3497 2039 3566; baseline 0 -12"><span class='ocrx_word' id='word_1_365' title='bbox 471 3501 740 3561; x_wconf 79' lang='lat' dir='ltr'><strong>ostendet,</strong></span> <span class='ocrx_word' id='word_1_366' title='bbox 785 3499 1050 3566; x_wconf 86' lang='lat' dir='ltr'><strong>siquidem</strong></span> <span class='ocrx_word' id='word_1_367' title='bbox 1087 3497 1189 3550; x_wconf 92' lang='lat' dir='ltr'><strong>hoc</strong></span> <span class='ocrx_word' id='word_1_368' title='bbox 1220 3513 1248 3548; x_wconf 90' lang='lat' dir='ltr'><strong>a</strong></span> <span class='ocrx_word' id='word_1_369' title='bbox 1281 3497 1386 3551; x_wconf 90' lang='lat' dir='ltr'><strong>Deo</strong></span> <span class='ocrx_word' id='word_1_370' title='bbox 1425 3497 1735 3550; x_wconf 90' lang='lat' dir='ltr'><strong>ordinatum</strong></span> <span class='ocrx_word' id='word_1_371' title='bbox 1771 3513 1895 3553; x_wconf 86' lang='lat' dir='ltr'><strong>csse</strong></span> <span class='ocrx_word' id='word_1_372' title='bbox 1919 3515 2039 3554; x_wconf 89' lang='lat' dir='ltr'><strong>crc-</strong></span> 
     </span>
    </p>
   </div>
   <div class='ocr_carea' id='block_1_55' title="bbox 469 3585 2042 3655">
    <p class='ocr_par' dir='ltr' id='par_1_55' title="bbox 469 3585 2042 3655">
     <span class='ocr_line' id='line_1_55' title="bbox 469 3585 2042 3655; baseline 0.001 -12"><span class='ocrx_word' id='word_1_373' title='bbox 469 3589 646 3644; x_wconf 84' lang='lat' dir='ltr'><strong>ditutn</strong></span> <span class='ocrx_word' id='word_1_374' title='bbox 701 3604 764 3640; x_wconf 90' lang='lat' dir='ltr'><strong>ac</strong></span> <span class='ocrx_word' id='word_1_375' title='bbox 820 3602 1138 3655; x_wconf 87' lang='lat' dir='ltr'><strong>persuasum</strong></span> <span class='ocrx_word' id='word_1_376' title='bbox 1180 3585 1362 3639; x_wconf 79' lang='lat' dir='ltr'><strong>fuerit.</strong></span> <span class='ocrx_word' id='word_1_377' title='bbox 1407 3585 1592 3655; x_wconf 84' lang='lat' dir='ltr'><strong>Itaque</strong></span> <span class='ocrx_word' id='word_1_378' title='bbox 1638 3588 1704 3642; x_wconf 91' lang='lat' dir='ltr'><strong>de</strong></span> <span class='ocrx_word' id='word_1_379' title='bbox 1738 3589 1941 3644; x_wconf 87' lang='lat' dir='ltr'><strong>Orione</strong></span> <span class='ocrx_word' id='word_1_380' title='bbox 1989 3599 2042 3645; x_wconf 91' lang='lat' dir='ltr'>et</span> 
     </span>
    </p>
   </div>
   <div class='ocr_carea' id='block_1_56' title="bbox 472 3673 2043 3747">
    <p class='ocr_par' dir='ltr' id='par_1_56' title="bbox 472 3673 2043 3747">
     <span class='ocr_line' id='line_1_56' title="bbox 472 3673 2043 3747; baseline 0.003 -17"><span class='ocrx_word' id='word_1_381' title='bbox 472 3676 699 3744; x_wconf 88' lang='lat' dir='ltr'><strong>Scorpio</strong></span> <span class='ocrx_word' id='word_1_382' title='bbox 758 3675 936 3726; x_wconf 84' lang='lat' dir='ltr'><strong>fabula</strong></span> <span class='ocrx_word' id='word_1_383' title='bbox 986 3673 1051 3725; x_wconf 93' lang='lat' dir='ltr'><strong>ad</strong></span> <span class='ocrx_word' id='word_1_384' title='bbox 1110 3673 1265 3727; x_wconf 90' lang='lat' dir='ltr'><strong>lidem</strong></span> <span class='ocrx_word' id='word_1_385' title='bbox 1321 3675 1646 3741; x_wconf 87' lang='lat' dir='ltr'><strong>adducitur,</strong></span> <span class='ocrx_word' id='word_1_386' title='bbox 1701 3686 1754 3732; x_wconf 91' lang='lat' dir='ltr'><strong>et</strong></span> <span class='ocrx_word' id='word_1_387' title='bbox 1801 3695 1922 3747; x_wconf 63' lang='lat' dir='ltr'><strong>qum</strong></span> <span class='ocrx_word' id='word_1_388' title='bbox 1975 3681 2043 3735; x_wconf 87' lang='lat' dir='ltr'><strong>de</strong></span> 
     </span>
    </p>
   </div>
   <div class='ocr_carea' id='block_1_57' title="bbox 472 3765 2040 3836">
    <p class='ocr_par' dir='ltr' id='par_1_57' title="bbox 472 3765 2040 3836">
     <span class='ocr_line' id='line_1_57' title="bbox 472 3765 2040 3836; baseline 0.002 -15"><span class='ocrx_word' id='word_1_389' title='bbox 472 3770 615 3836; x_wconf 80' lang='lat' dir='ltr'><strong>Argo</strong></span> <span class='ocrx_word' id='word_1_390' title='bbox 669 3773 990 3831; x_wconf 87' lang='lat' dir='ltr'><strong>narrantur,</strong></span> <span class='ocrx_word' id='word_1_391' title='bbox 1035 3773 1087 3819; x_wconf 91' lang='lat' dir='ltr'><strong>et</strong></span> <span class='ocrx_word' id='word_1_392' title='bbox 1120 3765 1334 3835; x_wconf 80' lang='lat' dir='ltr'><strong>Cycnus</strong></span> <span class='ocrx_word' id='word_1_393' title='bbox 1377 3777 1429 3820; x_wconf 85' lang='lat' dir='ltr'>et</span> <span class='ocrx_word' id='word_1_394' title='bbox 1462 3768 1652 3836; x_wconf 79' lang='lat' dir='ltr'><strong>Aquila</strong></span> <span class='ocrx_word' id='word_1_395' title='bbox 1679 3807 1694 3831; x_wconf 96' lang='lat'><strong>,</strong></span> <span class='ocrx_word' id='word_1_396' title='bbox 1739 3777 1792 3823; x_wconf 91' lang='lat' dir='ltr'><strong>et</strong></span> <span class='ocrx_word' id='word_1_397' title='bbox 1841 3769 2040 3834; x_wconf 85' lang='lat' dir='ltr'><strong>Canis,</strong></span> 
     </span>
    </p>
   </div>
   <div class='ocr_carea' id='block_1_58' title="bbox 473 3853 2041 3930">
    <p class='ocr_par' dir='ltr' id='par_1_58' title="bbox 473 3853 2041 3930">
     <span class='ocr_line' id='line_1_58' title="bbox 473 3853 2041 3930; baseline 0.004 -22"><span class='ocrx_word' id='word_1_398' title='bbox 473 3864 527 3908; x_wconf 90' lang='lat' dir='ltr'><strong>et</strong></span> <span class='ocrx_word' id='word_1_399' title='bbox 563 3855 628 3908; x_wconf 86' lang='lat' dir='ltr'><strong>de</strong></span> <span class='ocrx_word' id='word_1_400' title='bbox 659 3854 869 3908; x_wconf 81' lang='lat' dir='ltr'><strong>Corona</strong></span> <span class='ocrx_word' id='word_1_401' title='bbox 904 3853 1168 3908; x_wconf 80' lang='lat' dir='ltr'><strong>Ariadnes</strong></span> <span class='ocrx_word' id='word_1_402' title='bbox 1203 3855 1479 3910; x_wconf 82' lang='lat' dir='ltr'><strong>labulatio.</strong></span> <span class='ocrx_word' id='word_1_403' title='bbox 1515 3857 1823 3922; x_wconf 80' lang='lat' dir='ltr'><strong>Quinetiam</strong></span> <span class='ocrx_word' id='word_1_404' title='bbox 1861 3862 2041 3930; x_wconf 85' lang='lat' dir='ltr'><strong>suspi-</strong></span> 
     </span>
    </p>
   </div>
   <div class='ocr_carea' id='block_1_59' title="bbox 473 3944 2044 4007">
    <p class='ocr_par' dir='ltr' id='par_1_59' title="bbox 473 3944 2044 4007">
     <span class='ocr_line' id='line_1_59' title="bbox 473 3944 2044 4007; baseline 0.001 -9"><span class='ocrx_word' id='word_1_405' title='bbox 473 3946 704 3998; x_wconf 78' lang='lat' dir='ltr'><strong>candum</strong></span> <span class='ocrx_word' id='word_1_406' title='bbox 731 3952 954 4007; x_wconf 87' lang='lat' dir='ltr'><strong>astruet,</strong></span> <span class='ocrx_word' id='word_1_407' title='bbox 993 3944 1154 3997; x_wconf 85' lang='lat' dir='ltr'><strong>Deum</strong></span> <span class='ocrx_word' id='word_1_408' title='bbox 1189 3946 1522 4000; x_wconf 79' lang='lat' dir='ltr'><strong>inventorem</strong></span> <span class='ocrx_word' id='word_1_409' title='bbox 1565 3963 1685 4002; x_wconf 89' lang='lat' dir='ltr'><strong>csse</strong></span> <span class='ocrx_word' id='word_1_410' title='bbox 1716 3965 1904 4005; x_wconf 90' lang='lat' dir='ltr'><strong>eorum</strong></span> <span class='ocrx_word' id='word_1_411' title='bbox 1939 3967 2044 4004; x_wconf 87' lang='lat' dir='ltr'><strong>nn-</strong></span> 
     </span>
    </p>
   </div>
   <div class='ocr_carea' id='block_1_60' title="bbox 474 4035 2044 4109">
    <p class='ocr_par' dir='ltr' id='par_1_60' title="bbox 474 4035 2044 4109">
     <span class='ocr_line' id='line_1_60' title="bbox 474 4035 2044 4109; baseline 0.005 -23"><span class='ocrx_word' id='word_1_412' title='bbox 474 4036 677 4093; x_wconf 76' lang='lat' dir='ltr'><strong>niinum</strong></span> <span class='ocrx_word' id='word_1_413' title='bbox 713 4051 831 4103; x_wconf 76' lang='lat' dir='ltr'><strong>qua:</strong></span> <span class='ocrx_word' id='word_1_414' title='bbox 891 4035 942 4087; x_wconf 91' lang='lat' dir='ltr'><strong>in</strong></span> <span class='ocrx_word' id='word_1_415' title='bbox 977 4037 1108 4088; x_wconf 88' lang='lat' dir='ltr'><strong>orbe</strong></span> <span class='ocrx_word' id='word_1_416' title='bbox 1139 4036 1400 4104; x_wconf 82' lang='lat' dir='ltr'><strong>signifero</strong></span> <span class='ocrx_word' id='word_1_417' title='bbox 1447 4036 1517 4089; x_wconf 90' lang='lat' dir='ltr'><strong>ob</strong></span> <span class='ocrx_word' id='word_1_418' title='bbox 1547 4039 1834 4105; x_wconf 86' lang='lat' dir='ltr'><strong>quamdam</strong></span> <span class='ocrx_word' id='word_1_419' title='bbox 1863 4039 2044 4109; x_wconf 69' lang='lat' dir='ltr'><strong>ligurm.</strong></span> 
     </span>
    </p>
   </div>
   <div class='ocr_carea' id='block_1_61' title="bbox 486 4126 2046 4195">
    <p class='ocr_par' dir='ltr' id='par_1_61' title="bbox 486 4126 2046 4195">
     <span class='ocr_line' id='line_1_61' title="bbox 486 4126 2046 4195; baseline 0.003 -15"><span class='ocrx_word' id='word_1_420' title='bbox 486 4126 899 4180; x_wconf 89' lang='lat' dir='ltr'><strong>similitudinem</strong></span> <span class='ocrx_word' id='word_1_421' title='bbox 925 4143 1082 4195; x_wconf 87' lang='lat' dir='ltr'><strong>quam</strong></span> <span class='ocrx_word' id='word_1_422' title='bbox 1128 4141 1248 4180; x_wconf 89' lang='lat' dir='ltr'><strong>cum</strong></span> <span class='ocrx_word' id='word_1_423' title='bbox 1277 4128 1606 4195; x_wconf 87' lang='lat' dir='ltr'><strong>apparentiis</strong></span> <span class='ocrx_word' id='word_1_424' title='bbox 1639 4127 1856 4192; x_wconf 85' lang='lat' dir='ltr'><strong>habent,</strong></span> <span class='ocrx_word' id='word_1_425' title='bbox 1885 4145 2046 4184; x_wconf 81' lang='lat' dir='ltr'><strong>exco-</strong></span> 
     </span>
    </p>
   </div>
   <div class='ocr_carea' id='block_1_62' title="bbox 477 4217 2046 4290">
    <p class='ocr_par' dir='ltr' id='par_1_62' title="bbox 477 4217 2046 4290">
     <span class='ocr_line' id='line_1_62' title="bbox 477 4217 2046 4290; baseline 0.003 -18"><span class='ocrx_word' id='word_1_426' title='bbox 477 4221 645 4290; x_wconf 80' lang='lat' dir='ltr'><strong>gitata</strong></span> <span class='ocrx_word' id='word_1_427' title='bbox 672 4227 820 4283; x_wconf 85' lang='lat' dir='ltr'><strong>sunt,</strong></span> <span class='ocrx_word' id='word_1_428' title='bbox 850 4220 893 4274; x_wconf 83' lang='lat' dir='ltr'><strong>si</strong></span> <span class='ocrx_word' id='word_1_429' title='bbox 925 4217 1140 4287; x_wconf 87' lang='lat' dir='ltr'><strong>quidem</strong></span> <span class='ocrx_word' id='word_1_430' title='bbox 1167 4219 1422 4288; x_wconf 71' lang='lat' dir='ltr'><strong>praeclare</strong></span> <span class='ocrx_word' id='word_1_431' title='bbox 1453 4217 1745 4274; x_wconf 82' lang='lat' dir='ltr'><strong>Eunomius</strong></span> <span class='ocrx_word' id='word_1_432' title='bbox 1765 4228 1914 4289; x_wconf 90' lang='lat' dir='ltr'><strong>putat</strong></span> <span class='ocrx_word' id='word_1_433' title='bbox 1945 4221 2046 4277; x_wconf 86' lang='lat' dir='ltr'><strong>Da-</strong></span> 
     </span>
    </p>
   </div>
   <div class='ocr_carea' id='block_1_63' title="bbox 477 4308 2016 4380">
    <p class='ocr_par' dir='ltr' id='par_1_63' title="bbox 477 4308 2016 4380">
     <span class='ocr_line' id='line_1_63' title="bbox 477 4308 2016 4380; baseline 0.002 -15"><span class='ocrx_word' id='word_1_434' title='bbox 477 4311 650 4365; x_wconf 85' lang='lat' dir='ltr'><strong>videm</strong></span> <span class='ocrx_word' id='word_1_435' title='bbox 681 4310 863 4365; x_wconf 89' lang='lat' dir='ltr'><strong>dicere</strong></span> <span class='ocrx_word' id='word_1_436' title='bbox 896 4310 1007 4364; x_wconf 64' lang='lat' dir='ltr'><strong>ha&#39;c</strong></span> <span class='ocrx_word' id='word_1_437' title='bbox 1038 4310 1172 4380; x_wconf 87' lang='lat' dir='ltr'><strong>ipsis</strong></span> <span class='ocrx_word' id='word_1_438' title='bbox 1211 4310 1427 4363; x_wconf 88' lang='lat' dir='ltr'><strong>nomina</strong></span> <span class='ocrx_word' id='word_1_439' title='bbox 1462 4308 1626 4364; x_wconf 91' lang='lat' dir='ltr'><strong>Deum</strong></span> <span class='ocrx_word' id='word_1_440' title='bbox 1671 4311 2016 4380; x_wconf 85' lang='lat' dir='ltr'><strong>imposuisse.</strong></span> 
     </span>
    </p>
   </div>
   <div class='ocr_carea' id='block_1_64' title="bbox 547 4403 2118 4483">
    <p class='ocr_par' dir='ltr' id='par_1_64' title="bbox 547 4403 2118 4483">
     <span class='ocr_line' id='line_1_64' title="bbox 547 4403 2118 4483; baseline 0.003 -27"><span class='ocrx_word' id='word_1_441' title='bbox 547 4403 815 4468; x_wconf 86' lang='lat' dir='ltr'><strong>Quoniam</strong></span> <span class='ocrx_word' id='word_1_442' title='bbox 863 4404 1032 4471; x_wconf 79' lang='lat' dir='ltr'><strong>igitur</strong></span> <span class='ocrx_word' id='word_1_443' title='bbox 1077 4403 1266 4455; x_wconf 90' lang='lat' dir='ltr'><strong>talium</strong></span> <span class='ocrx_word' id='word_1_444' title='bbox 1314 4403 1596 4456; x_wconf 90' lang='lat' dir='ltr'><strong>nominum</strong></span> <span class='ocrx_word' id='word_1_445' title='bbox 1634 4403 1801 4458; x_wconf 90' lang='lat' dir='ltr'><strong>Deum</strong></span> <span class='ocrx_word' id='word_1_446' title='bbox 1849 4415 2118 4483; x_wconf 80' lang='lat' dir='ltr'><strong>putareD</strong></span> 
     </span>
    </p>
   </div>
   <div class='ocr_carea' id='block_1_65' title="bbox 475 4493 2040 4558">
    <p class='ocr_par' dir='ltr' id='par_1_65' title="bbox 475 4493 2040 4558">
     <span class='ocr_line' id='line_1_65' title="bbox 475 4493 2040 4558; baseline 0 -10"><span class='ocrx_word' id='word_1_447' title='bbox 475 4493 813 4548; x_wconf 88' lang='lat' dir='ltr'><strong>inventorem</strong></span> <span class='ocrx_word' id='word_1_448' title='bbox 860 4509 984 4548; x_wconf 85' lang='lat' dir='ltr'><strong>esse</strong></span> <span class='ocrx_word' id='word_1_449' title='bbox 1027 4493 1326 4547; x_wconf 86' lang='lat' dir='ltr'><strong>absurdum</strong></span> <span class='ocrx_word' id='word_1_450' title='bbox 1369 4501 1486 4558; x_wconf 89' lang='lat' dir='ltr'><strong>est,</strong></span> <span class='ocrx_word' id='word_1_451' title='bbox 1520 4509 1586 4546; x_wconf 89' lang='lat' dir='ltr'><strong>ne</strong></span> <span class='ocrx_word' id='word_1_452' title='bbox 1621 4494 2040 4548; x_wconf 86' lang='lat' dir='ltr'><strong>simulacrorum</strong></span> 
     </span>
    </p>
   </div>
   <div class='ocr_carea' id='block_1_66' title="bbox 475 4584 2044 4654">
    <p class='ocr_par' dir='ltr' id='par_1_66' title="bbox 475 4584 2044 4654">
     <span class='ocr_line' id='line_1_66' title="bbox 475 4584 2044 4654; baseline -0.001 -15"><span class='ocrx_word' id='word_1_453' title='bbox 475 4585 692 4639; x_wconf 88' lang='lat' dir='ltr'><strong>nomina</strong></span> <span class='ocrx_word' id='word_1_454' title='bbox 724 4584 848 4638; x_wconf 90' lang='lat' dir='ltr'><strong>inde</strong></span> <span class='ocrx_word' id='word_1_455' title='bbox 873 4585 1202 4653; x_wconf 88' lang='lat' dir='ltr'><strong>principium</strong></span> <span class='ocrx_word' id='word_1_456' title='bbox 1233 4584 1542 4638; x_wconf 89' lang='lat' dir='ltr'><strong>obtinuisse</strong></span> <span class='ocrx_word' id='word_1_457' title='bbox 1569 4584 1878 4648; x_wconf 84' lang='lat' dir='ltr'><strong>videantur,</strong></span> <span class='ocrx_word' id='word_1_458' title='bbox 1907 4586 2044 4654; x_wconf 89' lang='lat' dir='ltr'><strong>opti-</strong></span> 
     </span>
    </p>
   </div>
   <div class='ocr_carea' id='block_1_67' title="bbox 473 4676 2040 4745">
    <p class='ocr_par' dir='ltr' id='par_1_67' title="bbox 473 4676 2040 4745">
     <span class='ocr_line' id='line_1_67' title="bbox 473 4676 2040 4745; baseline 0.001 -17"><span class='ocrx_word' id='word_1_459' title='bbox 473 4691 621 4730; x_wconf 91' lang='lat' dir='ltr'><strong>mum</strong></span> <span class='ocrx_word' id='word_1_460' title='bbox 652 4678 754 4730; x_wconf 88' lang='lat' dir='ltr'><strong>erit</strong></span> <span class='ocrx_word' id='word_1_461' title='bbox 788 4676 931 4745; x_wconf 87' lang='lat' dir='ltr'><strong>quod</strong></span> <span class='ocrx_word' id='word_1_462' title='bbox 964 4677 1168 4729; x_wconf 88' lang='lat' dir='ltr'><strong>dictmn</strong></span> <span class='ocrx_word' id='word_1_463' title='bbox 1198 4685 1279 4730; x_wconf 81' lang='lat' dir='ltr'><strong>est</strong></span> <span class='ocrx_word' id='word_1_464' title='bbox 1328 4691 1436 4728; x_wconf 92' lang='lat' dir='ltr'><strong>non</strong></span> <span class='ocrx_word' id='word_1_465' title='bbox 1491 4676 1610 4730; x_wconf 86' lang='lat' dir='ltr'><strong>sine</strong></span> <span class='ocrx_word' id='word_1_466' title='bbox 1664 4676 1850 4729; x_wconf 86' lang='lat' dir='ltr'><strong>habita</strong></span> <span class='ocrx_word' id='word_1_467' title='bbox 1889 4691 2040 4744; x_wconf 64' lang='lat' dir='ltr'><strong>quae-</strong></span> 
     </span>
    </p>
   </div>
   <div class='ocr_carea' id='block_1_68' title="bbox 476 4767 2040 4837">
    <p class='ocr_par' dir='ltr' id='par_1_68' title="bbox 476 4767 2040 4837">
     <span class='ocr_line' id='line_1_68' title="bbox 476 4767 2040 4837; baseline 0 -15"><span class='ocrx_word' id='word_1_468' title='bbox 476 4769 651 4822; x_wconf 85' lang='lat' dir='ltr'><strong>stione</strong></span> <span class='ocrx_word' id='word_1_469' title='bbox 678 4769 999 4837; x_wconf 87' lang='lat' dir='ltr'><strong>approbare,</strong></span> <span class='ocrx_word' id='word_1_470' title='bbox 1033 4767 1126 4821; x_wconf 89' lang='lat' dir='ltr'><strong>sed</strong></span> <span class='ocrx_word' id='word_1_471' title='bbox 1154 4767 1327 4820; x_wconf 88' lang='lat' dir='ltr'><strong>instar</strong></span> <span class='ocrx_word' id='word_1_472' title='bbox 1355 4782 1543 4820; x_wconf 87' lang='lat' dir='ltr'><strong>eorum</strong></span> <span class='ocrx_word' id='word_1_473' title='bbox 1571 4782 1688 4835; x_wconf 79' lang='lat' dir='ltr'><strong>qua:</strong></span> <span class='ocrx_word' id='word_1_474' title='bbox 1718 4767 1783 4820; x_wconf 90' lang='lat' dir='ltr'><strong>de</strong></span> <span class='ocrx_word' id='word_1_475' title='bbox 1811 4783 2040 4822; x_wconf 89' lang='lat' dir='ltr'><strong>numero</strong></span> 
     </span>
    </p>
   </div>
   <div class='ocr_carea' id='block_1_69' title="bbox 473 4857 2038 4926">
    <p class='ocr_par' dir='ltr' id='par_1_69' title="bbox 473 4857 2038 4926">
     <span class='ocr_line' id='line_1_69' title="bbox 473 4857 2038 4926; baseline 0.001 -16"><span class='ocrx_word' id='word_1_476' title='bbox 473 4875 500 4910; x_wconf 89' lang='lat' dir='ltr'><strong>a</strong></span> <span class='ocrx_word' id='word_1_477' title='bbox 530 4857 687 4909; x_wconf 87' lang='lat' dir='ltr'><strong>nobis</strong></span> <span class='ocrx_word' id='word_1_478' title='bbox 710 4858 980 4910; x_wconf 86' lang='lat' dir='ltr'><strong>intellecta</strong></span> <span class='ocrx_word' id='word_1_479' title='bbox 1009 4865 1159 4921; x_wconf 88' lang='lat' dir='ltr'><strong>sunt,</strong></span> <span class='ocrx_word' id='word_1_480' title='bbox 1183 4857 1346 4926; x_wconf 85' lang='lat' dir='ltr'><strong>hujus</strong></span> <span class='ocrx_word' id='word_1_481' title='bbox 1371 4857 1532 4911; x_wconf 88' lang='lat' dir='ltr'><strong>etiam</strong></span> <span class='ocrx_word' id='word_1_482' title='bbox 1558 4857 1687 4910; x_wconf 86' lang='lat' dir='ltr'><strong>dicti</strong></span> <span class='ocrx_word' id='word_1_483' title='bbox 1712 4858 2038 4912; x_wconf 86' lang='lat' dir='ltr'><strong>sententiam</strong></span> 
     </span>
    </p>
   </div>
   <div class='ocr_carea' id='block_1_70' title="bbox 475 4949 2040 5018">
    <p class='ocr_par' dir='ltr' id='par_1_70' title="bbox 475 4949 2040 5018">
     <span class='ocr_line' id='line_1_70' title="bbox 475 4949 2040 5018; baseline 0.003 -18"><span class='ocrx_word' id='word_1_484' title='bbox 475 4949 754 5017; x_wconf 77' lang='lat' dir='ltr'><strong>percipere</strong></span> <span class='ocrx_word' id='word_1_485' title='bbox 780 4965 794 5001; x_wconf 88' lang='lat'><strong>:</strong></span> <span class='ocrx_word' id='word_1_486' title='bbox 822 4949 1088 5018; x_wconf 88' lang='lat' dir='ltr'><strong>siquidem</strong></span> <span class='ocrx_word' id='word_1_487' title='bbox 1128 4951 1266 5004; x_wconf 86' lang='lat' dir='ltr'><strong>inter</strong></span> <span class='ocrx_word' id='word_1_488' title='bbox 1297 4965 1396 5004; x_wconf 89' lang='lat' dir='ltr'><strong>nos</strong></span> <span class='ocrx_word' id='word_1_489' title='bbox 1427 4950 1802 5004; x_wconf 78' lang='lat' dir='ltr'><strong>testin&#39;tonium</strong></span> <span class='ocrx_word' id='word_1_490' title='bbox 1835 4960 2040 5005; x_wconf 71' lang='lat' dir='ltr'><strong>exactae</strong></span> 
     </span>
    </p>
   </div>
   <div class='ocr_carea' id='block_1_71' title="bbox 471 5038 2039 5109">
    <p class='ocr_par' dir='ltr' id='par_1_71' title="bbox 471 5038 2039 5109">
     <span class='ocr_line' id='line_1_71' title="bbox 471 5038 2039 5109; baseline 0.001 -16"><span class='ocrx_word' id='word_1_491' title='bbox 471 5050 555 5093; x_wconf 79' lang='lat' dir='ltr'><strong>est</strong></span> <span class='ocrx_word' id='word_1_492' title='bbox 585 5038 944 5106; x_wconf 79' lang='lat' dir='ltr'><strong>cognitionis,</strong></span> <span class='ocrx_word' id='word_1_493' title='bbox 975 5041 1118 5106; x_wconf 89' lang='lat' dir='ltr'><strong>quod</strong></span> <span class='ocrx_word' id='word_1_494' title='bbox 1147 5056 1175 5091; x_wconf 94' lang='lat' dir='ltr'><strong>a</strong></span> <span class='ocrx_word' id='word_1_495' title='bbox 1211 5041 1366 5094; x_wconf 86' lang='lat' dir='ltr'><strong>nobis</strong></span> <span class='ocrx_word' id='word_1_496' title='bbox 1402 5040 1678 5108; x_wconf 86' lang='lat' dir='ltr'><strong>cognitum</strong></span> <span class='ocrx_word' id='word_1_497' title='bbox 1709 5046 1792 5094; x_wconf 89' lang='lat' dir='ltr'><strong>est</strong></span> <span class='ocrx_word' id='word_1_498' title='bbox 1820 5040 2039 5109; x_wconf 81' lang='lat' dir='ltr'><strong>preprio</strong></span> 
     </span>
    </p>
   </div>
   <div class='ocr_carea' id='block_1_72' title="bbox 473 5129 2041 5200">
    <p class='ocr_par' dir='ltr' id='par_1_72' title="bbox 473 5129 2041 5200">
     <span class='ocr_line' id='line_1_72' title="bbox 473 5129 2041 5200; baseline 0.002 -18"><span class='ocrx_word' id='word_1_499' title='bbox 473 5129 690 5182; x_wconf 71' lang='lat' dir='ltr'><strong>nomine</strong></span> <span class='ocrx_word' id='word_1_500' title='bbox 716 5129 898 5181; x_wconf 82' lang='lat' dir='ltr'><strong>vocari</strong></span> <span class='ocrx_word' id='word_1_501' title='bbox 923 5167 935 5189; x_wconf 95' lang='lat'><strong>,</strong></span> <span class='ocrx_word' id='word_1_502' title='bbox 967 5146 1057 5198; x_wconf 90' lang='lat' dir='ltr'><strong>per</strong></span> <span class='ocrx_word' id='word_1_503' title='bbox 1085 5129 1195 5184; x_wconf 71' lang='lat' dir='ltr'><strong>haec</strong></span> <span class='ocrx_word' id='word_1_504' title='bbox 1223 5148 1321 5184; x_wconf 90' lang='lat' dir='ltr'><strong>nos</strong></span> <span class='ocrx_word' id='word_1_505' title='bbox 1349 5131 1506 5184; x_wconf 86' lang='lat' dir='ltr'><strong>docet</strong></span> <span class='ocrx_word' id='word_1_506' title='bbox 1533 5131 1676 5200; x_wconf 89' lang='lat' dir='ltr'><strong>quod</strong></span> <span class='ocrx_word' id='word_1_507' title='bbox 1705 5146 1892 5184; x_wconf 90' lang='lat' dir='ltr'><strong>eorum</strong></span> <span class='ocrx_word' id='word_1_508' title='bbox 1922 5146 2041 5200; x_wconf 61' lang='lat' dir='ltr'><strong>quae</strong></span> 
     </span>
    </p>
   </div>
   <div class='ocr_carea' id='block_1_73' title="bbox 473 5221 2037 5290">
    <p class='ocr_par' dir='ltr' id='par_1_73' title="bbox 473 5221 2037 5290">
     <span class='ocr_line' id='line_1_73' title="bbox 473 5221 2037 5290; baseline 0.004 -19"><span class='ocrx_word' id='word_1_509' title='bbox 473 5239 498 5272; x_wconf 90' lang='lat' dir='ltr'><strong>a</strong></span> <span class='ocrx_word' id='word_1_510' title='bbox 531 5222 688 5274; x_wconf 87' lang='lat' dir='ltr'><strong>nobis</strong></span> <span class='ocrx_word' id='word_1_511' title='bbox 717 5221 1104 5288; x_wconf 74' lang='lat' dir='ltr'><strong>comprehendi</strong></span> <span class='ocrx_word' id='word_1_512' title='bbox 1159 5238 1262 5273; x_wconf 82' lang='lat' dir='ltr'><strong>non</strong></span> <span class='ocrx_word' id='word_1_513' title='bbox 1310 5232 1575 5290; x_wconf 89' lang='lat' dir='ltr'><strong>possunt,</strong></span> <span class='ocrx_word' id='word_1_514' title='bbox 1627 5239 1735 5276; x_wconf 79' lang='lat' dir='ltr'><strong>non</strong></span> <span class='ocrx_word' id='word_1_515' title='bbox 1778 5223 1950 5276; x_wconf 90' lang='lat' dir='ltr'><strong>solum</strong></span> <span class='ocrx_word' id='word_1_516' title='bbox 1985 5224 2037 5277; x_wconf 90' lang='lat' dir='ltr'><strong>in</strong></span> 
     </span>
    </p>
   </div>
   <div class='ocr_carea' id='block_1_74' title="bbox 471 5313 2040 5385">
    <p class='ocr_par' dir='ltr' id='par_1_74' title="bbox 471 5313 2040 5385">
     <span class='ocr_line' id='line_1_74' title="bbox 471 5313 2040 5385; baseline 0.001 -17"><span class='ocrx_word' id='word_1_517' title='bbox 471 5329 682 5368; x_wconf 86' lang='lat' dir='ltr'><strong>summa</strong></span> <span class='ocrx_word' id='word_1_518' title='bbox 713 5325 976 5368; x_wconf 72' lang='lat' dir='ltr'><strong>acervatze</strong></span> <span class='ocrx_word' id='word_1_519' title='bbox 1010 5313 1333 5382; x_wconf 83' lang='lat' dir='ltr'><strong>quantitatis</strong></span> <span class='ocrx_word' id='word_1_520' title='bbox 1363 5315 1755 5382; x_wconf 88' lang='lat' dir='ltr'><strong>plenitudinem</strong></span> <span class='ocrx_word' id='word_1_521' title='bbox 1791 5329 2040 5385; x_wconf 84' lang='lat' dir='ltr'><strong>compre-</strong></span> 
     </span>
    </p>
   </div>
   <div class='ocr_carea' id='block_1_75' title="bbox 472 5405 2038 5479">
    <p class='ocr_par' dir='ltr' id='par_1_75' title="bbox 472 5405 2038 5479">
     <span class='ocr_line' id='line_1_75' title="bbox 472 5405 2038 5479; baseline 0.004 -25"><span class='ocrx_word' id='word_1_522' title='bbox 472 5405 660 5458; x_wconf 87' lang='lat' dir='ltr'><strong>hcndit</strong></span> <span class='ocrx_word' id='word_1_523' title='bbox 691 5407 780 5475; x_wconf 91' lang='lat' dir='ltr'><strong>qui</strong></span> <span class='ocrx_word' id='word_1_524' title='bbox 826 5408 1140 5461; x_wconf 85' lang='lat' dir='ltr'><strong>universum</strong></span> <span class='ocrx_word' id='word_1_525' title='bbox 1189 5408 1470 5466; x_wconf 88' lang='lat' dir='ltr'><strong>continet,</strong></span> <span class='ocrx_word' id='word_1_526' title='bbox 1505 5408 1597 5461; x_wconf 90' lang='lat' dir='ltr'><strong>sed</strong></span> <span class='ocrx_word' id='word_1_527' title='bbox 1634 5408 1795 5461; x_wconf 88' lang='lat' dir='ltr'><strong>etiam</strong></span> <span class='ocrx_word' id='word_1_528' title='bbox 1827 5407 2038 5479; x_wconf 86' lang='lat' dir='ltr'><strong>singula</strong></span> 
     </span>
    </p>
   </div>
   <div class='ocr_carea' id='block_1_76' title="bbox 470 5497 2037 5568">
    <p class='ocr_par' dir='ltr' id='par_1_76' title="bbox 470 5497 2037 5568">
     <span class='ocr_line' id='line_1_76' title="bbox 470 5497 2037 5568; baseline 0.002 -21"><span class='ocrx_word' id='word_1_529' title='bbox 470 5497 574 5547; x_wconf 83' lang='lat' dir='ltr'><strong>scit</strong></span> <span class='ocrx_word' id='word_1_530' title='bbox 604 5507 790 5550; x_wconf 77' lang='lat' dir='ltr'><strong>exacte</strong></span> <span class='ocrx_word' id='word_1_531' title='bbox 828 5507 877 5550; x_wconf 91' lang='lat' dir='ltr'><strong>ct</strong></span> <span class='ocrx_word' id='word_1_532' title='bbox 915 5498 1170 5568; x_wconf 78' lang='lat' dir='ltr'><strong>perfecte.</strong></span> <span class='ocrx_word' id='word_1_533' title='bbox 1205 5498 1379 5567; x_wconf 87' lang='lat' dir='ltr'><strong>Hujus</strong></span> <span class='ocrx_word' id='word_1_534' title='bbox 1413 5498 1487 5552; x_wconf 87' lang='lat' dir='ltr'><strong>rei</strong></span> <span class='ocrx_word' id='word_1_535' title='bbox 1525 5514 1689 5552; x_wconf 81' lang='lat' dir='ltr'><strong>causa</strong></span> <span class='ocrx_word' id='word_1_536' title='bbox 1723 5515 1828 5552; x_wconf 90' lang='lat' dir='ltr'><strong>non</strong></span> <span class='ocrx_word' id='word_1_537' title='bbox 1862 5499 2037 5554; x_wconf 88' lang='lat' dir='ltr'><strong>solum</strong></span> 
     </span>
    </p>
   </div>
   <div class='ocr_carea' id='block_1_77' title="bbox 471 5589 2039 5656">
    <p class='ocr_par' dir='ltr' id='par_1_77' title="bbox 471 5589 2039 5656">
     <span class='ocr_line' id='line_1_77' title="bbox 471 5589 2039 5656; baseline 0.004 -20"><span class='ocrx_word' id='word_1_538' title='bbox 471 5589 776 5639; x_wconf 75' lang='lat' dir='ltr'><strong>enumerari</strong></span> <span class='ocrx_word' id='word_1_539' title='bbox 810 5592 1086 5645; x_wconf 84' lang='lat' dir='ltr'><strong>stellarum</strong></span> <span class='ocrx_word' id='word_1_540' title='bbox 1122 5591 1495 5645; x_wconf 85' lang='lat' dir='ltr'><strong>multitudines</strong></span> <span class='ocrx_word' id='word_1_541' title='bbox 1528 5607 1706 5646; x_wconf 85' lang='lat' dir='ltr'><strong>sermo</strong></span> <span class='ocrx_word' id='word_1_542' title='bbox 1739 5592 1864 5644; x_wconf 88' lang='lat' dir='ltr'><strong>dicit</strong></span> <span class='ocrx_word' id='word_1_543' title='bbox 1896 5632 1909 5656; x_wconf 93' lang='lat'><strong>,</strong></span> <span class='ocrx_word' id='word_1_544' title='bbox 1946 5589 2039 5645; x_wconf 84' lang='lat' dir='ltr'><strong>sed</strong></span> 
     </span>
    </p>
   </div>
   <div class='ocr_carea' id='block_1_78' title="bbox 474 5676 2037 5756">
    <p class='ocr_par' dir='ltr' id='par_1_78' title="bbox 474 5676 2037 5756">
     <span class='ocr_line' id='line_1_78' title="bbox 474 5676 2037 5756; baseline 0.005 -28"><span class='ocrx_word' id='word_1_545' title='bbox 474 5676 635 5729; x_wconf 82' lang='lat' dir='ltr'><strong>etiam</strong></span> <span class='ocrx_word' id='word_1_546' title='bbox 689 5681 1004 5736; x_wconf 88' lang='lat' dir='ltr'><strong>nominatim</strong></span> <span class='ocrx_word' id='word_1_547' title='bbox 1059 5684 1302 5753; x_wconf 79' lang='lat' dir='ltr'><strong>singulas</strong></span> <span class='ocrx_word' id='word_1_548' title='bbox 1359 5684 1572 5750; x_wconf 75' lang='lat' dir='ltr'><strong>vocari,</strong></span> <span class='ocrx_word' id='word_1_549' title='bbox 1623 5686 1767 5755; x_wconf 89' lang='lat' dir='ltr'><strong>quod</strong></span> <span class='ocrx_word' id='word_1_550' title='bbox 1827 5684 2037 5756; x_wconf 85' lang='lat' dir='ltr'><strong>quidem</strong></span> 
     </span>
    </p>
   </div>
   <div class='ocr_carea' id='block_1_79' title="bbox 2063 3095 2110 3157">
    <p class='ocr_par' dir='ltr' id='par_1_79' title="bbox 2063 3095 2110 3157">
     <span class='ocr_line' id='line_1_79' title="bbox 2063 3095 2110 3157; baseline 0 0"><span class='ocrx_word' id='word_1_551' title='bbox 2063 3095 2110 3157; x_wconf 90' lang='lat' dir='ltr'><strong>C</strong></span> 
     </span>
    </p>
   </div>
   <div class='ocr_carea' id='block_1_80' title="bbox 2129 1851 3704 1926">
    <p class='ocr_par' dir='ltr' id='par_1_80' title="bbox 2129 1851 3704 1926">
     <span class='ocr_line' id='line_1_80' title="bbox 2129 1851 3704 1926; baseline -0.005 -18"><span class='ocrx_word' id='word_1_552' title='bbox 2129 1856 2222 1908; x_wconf 85' lang='grc' dir='ltr'><strong>τοῦ</strong></span> <span class='ocrx_word' id='word_1_553' title='bbox 2255 1856 2488 1926; x_wconf 82' lang='grc' dir='ltr'>ἀριθμοῦ</span> <span class='ocrx_word' id='word_1_554' title='bbox 2525 1855 2799 1924; x_wconf 82' lang='grc' dir='ltr'>σημασίας</span> <span class='ocrx_word' id='word_1_555' title='bbox 2841 1856 2869 1906; x_wconf 94' lang='lat'><strong>6</strong></span> <span class='ocrx_word' id='word_1_556' title='bbox 2931 1853 3093 1905; x_wconf 73' lang='grc' dir='ltr'>Δαϐὶδ</span> <span class='ocrx_word' id='word_1_557' title='bbox 3123 1852 3441 1917; x_wconf 73' lang='grc' dir='ltr'>ἐνεδείξατο.</span> <span class='ocrx_word' id='word_1_558' title='bbox 3495 1851 3704 1919; x_wconf 79' lang='grc' dir='ltr'>Ὠσπερ</span> 
     </span>
    </p>
   </div>
   <div class='ocr_carea' id='block_1_81' title="bbox 2130 1942 3704 2019">
    <p class='ocr_par' dir='ltr' id='par_1_81' title="bbox 2130 1942 3704 2019">
     <span class='ocr_line' id='line_1_81' title="bbox 2130 1942 3704 2019; baseline -0.004 -17"><span class='ocrx_word' id='word_1_559' title='bbox 2130 1945 2223 2002; x_wconf 73' lang='grc' dir='ltr'><strong>οὖν</strong></span> <span class='ocrx_word' id='word_1_560' title='bbox 2256 1948 2502 2019; x_wconf 85' lang='grc' dir='ltr'>ἀριθμεῖν</span> <span class='ocrx_word' id='word_1_561' title='bbox 2545 1949 2778 2015; x_wconf 85' lang='grc' dir='ltr'>λέγεται,</span> <span class='ocrx_word' id='word_1_562' title='bbox 2809 1946 2960 1998; x_wconf 80' lang='grc' dir='ltr'>οὐδὲν</span> <span class='ocrx_word' id='word_1_563' title='bbox 2989 1945 3087 2015; x_wconf 87' lang='grc' dir='ltr'><strong>τῆς</strong></span> <span class='ocrx_word' id='word_1_564' title='bbox 3119 1944 3489 2016; x_wconf 74' lang='grc' dir='ltr'>ἀριθμητικῆς</span> <span class='ocrx_word' id='word_1_565' title='bbox 3521 1942 3704 2012; x_wconf 68' lang='lat' dir='ltr'><strong>nep-.6.-</strong></span> 
     </span>
    </p>
   </div>
   <div class='ocr_carea' id='block_1_82' title="bbox 2130 2035 3706 2110">
    <p class='ocr_par' dir='ltr' id='par_1_82' title="bbox 2130 2035 3706 2110">
     <span class='ocr_line' id='line_1_82' title="bbox 2130 2035 3706 2110; baseline -0.004 -18"><span class='ocrx_word' id='word_1_566' title='bbox 2130 2040 2220 2092; x_wconf 90' lang='grc' dir='ltr'><strong>δου</strong></span> <span class='ocrx_word' id='word_1_567' title='bbox 2251 2041 2385 2110; x_wconf 75' lang='grc' dir='ltr'>πρὸς</span> <span class='ocrx_word' id='word_1_568' title='bbox 2428 2041 2524 2109; x_wconf 76' lang='grc' dir='ltr'><strong>τὴν</strong></span> <span class='ocrx_word' id='word_1_569' title='bbox 2551 2039 2655 2092; x_wconf 89' lang='grc' dir='ltr'><strong>τῶν</strong></span> <span class='ocrx_word' id='word_1_570' title='bbox 2688 2038 2854 2090; x_wconf 75' lang='grc' dir='ltr'>ὄντων</span> <span class='ocrx_word' id='word_1_571' title='bbox 2897 2037 3096 2104; x_wconf 86' lang='grc' dir='ltr'>γνῶσιν</span> <span class='ocrx_word' id='word_1_572' title='bbox 3137 2037 3502 2105; x_wconf 83' lang='grc' dir='ltr'>ὲπιδεόμενος,</span> <span class='ocrx_word' id='word_1_573' title='bbox 3535 2035 3706 2095; x_wconf 81' lang='grc' dir='ltr'>οὑτως</span> 
     </span>
    </p>
   </div>
   <div class='ocr_carea' id='block_1_83' title="bbox 2132 2125 3704 2199">
    <p class='ocr_par' dir='ltr' id='par_1_83' title="bbox 2132 2125 3704 2199">
     <span class='ocr_line' id='line_1_83' title="bbox 2132 2125 3704 2199; baseline -0.004 -16"><span class='ocrx_word' id='word_1_574' title='bbox 2132 2131 2226 2183; x_wconf 73' lang='grc' dir='ltr'><strong>καὶ</strong></span> <span class='ocrx_word' id='word_1_575' title='bbox 2256 2133 2420 2184; x_wconf 82' lang='grc' dir='ltr'>πᾶσιν</span> <span class='ocrx_word' id='word_1_576' title='bbox 2447 2131 2625 2192; x_wconf 84' lang='grc' dir='ltr'>αὑτοῖς</span> <span class='ocrx_word' id='word_1_577' title='bbox 2653 2129 2890 2199; x_wconf 82' lang='grc' dir='ltr'>ὀνόματα</span> <span class='ocrx_word' id='word_1_578' title='bbox 2918 2127 3101 2180; x_wconf 84' lang='grc' dir='ltr'>καλεῖν</span> <span class='ocrx_word' id='word_1_579' title='bbox 3127 2130 3158 2198; x_wconf 86' lang='grc' dir='ltr'>ἡ</span> <span class='ocrx_word' id='word_1_580' title='bbox 3201 2125 3704 2197; x_wconf 54' lang='grc' dir='ltr'>προφητείανλέγει,</span> 
     </span>
    </p>
   </div>
   <div class='ocr_carea' id='block_1_84' title="bbox 2132 2218 3715 2293">
    <p class='ocr_par' dir='ltr' id='par_1_84' title="bbox 2132 2218 3715 2293">
     <span class='ocr_line' id='line_1_84' title="bbox 2132 2218 3715 2293; baseline -0.004 -17"><span class='ocrx_word' id='word_1_581' title='bbox 2132 2224 2191 2276; x_wconf 86' lang='grc' dir='ltr'><strong>οὑ</strong></span> <span class='ocrx_word' id='word_1_582' title='bbox 2238 2222 2460 2292; x_wconf 79' lang='grc' dir='ltr'>ταύτην,</span> <span class='ocrx_word' id='word_1_583' title='bbox 2489 2218 2662 2293; x_wconf 76' lang='grc' dir='ltr'>οἶμαι,</span> <span class='ocrx_word' id='word_1_584' title='bbox 2697 2222 2792 2291; x_wconf 82' lang='grc' dir='ltr'>τὴν</span> <span class='ocrx_word' id='word_1_585' title='bbox 2821 2220 2908 2274; x_wconf 79' lang='grc' dir='ltr'>διὰ</span> <span class='ocrx_word' id='word_1_586' title='bbox 2939 2220 3036 2289; x_wconf 85' lang='grc' dir='ltr'><strong>τῆς</strong></span> <span class='ocrx_word' id='word_1_587' title='bbox 3071 2221 3252 2288; x_wconf 70' lang='grc' dir='ltr'>φωνῆς</span> <span class='ocrx_word' id='word_1_588' title='bbox 3287 2220 3475 2290; x_wconf 78' lang='grc' dir='ltr'>κλῆσιν</span> <span class='ocrx_word' id='word_1_589' title='bbox 3505 2219 3715 2288; x_wconf 80' lang='grc' dir='ltr'>ὑποση-’</span> 
     </span>
    </p>
   </div>
   <div class='ocr_carea' id='block_1_85' title="bbox 2137 2310 3709 2386">
    <p class='ocr_par' dir='ltr' id='par_1_85' title="bbox 2137 2310 3709 2386">
     <span class='ocr_line' id='line_1_85' title="bbox 2137 2310 3709 2386; baseline -0.003 -19"><span class='ocrx_word' id='word_1_590' title='bbox 2137 2315 2420 2386; x_wconf 89' lang='grc' dir='ltr'>μαίνουσα.</span> <span class='ocrx_word' id='word_1_591' title='bbox 2469 2310 2547 2365; x_wconf 83' lang='grc' dir='ltr'>Ἦ</span> <span class='ocrx_word' id='word_1_592' title='bbox 2578 2313 2683 2384; x_wconf 78' lang='grc' dir='ltr'><strong>γὰρ</strong></span> <span class='ocrx_word' id='word_1_593' title='bbox 2719 2313 2785 2366; x_wconf 84' lang='grc' dir='ltr'>ἂν</span> <span class='ocrx_word' id='word_1_594' title='bbox 2814 2314 2892 2375; x_wconf 84' lang='grc' dir='ltr'><strong>είς</strong></span> <span class='ocrx_word' id='word_1_595' title='bbox 2925 2311 3121 2365; x_wconf 80' lang='grc' dir='ltr'>ἄτοπόν</span> <span class='ocrx_word' id='word_1_596' title='bbox 3153 2328 3203 2363; x_wconf 88' lang='grc' dir='ltr'><strong>τι</strong></span> <span class='ocrx_word' id='word_1_597' title='bbox 3235 2312 3328 2364; x_wconf 72' lang='grc' dir='ltr'>καὶ</span> <span class='ocrx_word' id='word_1_598' title='bbox 3370 2311 3587 2376; x_wconf 83' lang='grc' dir='ltr'>ἀνάξιον</span> <span class='ocrx_word' id='word_1_599' title='bbox 3611 2311 3709 2381; x_wconf 85' lang='grc' dir='ltr'><strong>τῆς</strong></span> 
     </span>
    </p>
   </div>
   <div class='ocr_carea' id='block_1_86' title="bbox 2137 2402 3707 2478">
    <p class='ocr_par' dir='ltr' id='par_1_86' title="bbox 2137 2402 3707 2478">
     <span class='ocr_line' id='line_1_86' title="bbox 2137 2402 3707 2478; baseline -0.004 -20"><span class='ocrx_word' id='word_1_600' title='bbox 2137 2407 2262 2478; x_wconf 75' lang='grc' dir='ltr'>περὶ</span> <span class='ocrx_word' id='word_1_601' title='bbox 2294 2405 2427 2457; x_wconf 90' lang='grc' dir='ltr'>Θεοῦ</span> <span class='ocrx_word' id='word_1_602' title='bbox 2455 2404 2774 2474; x_wconf 79' lang='grc' dir='ltr'>ὑπολήψεως</span> <span class='ocrx_word' id='word_1_603' title='bbox 2801 2406 2830 2456; x_wconf 88' lang='lat'><strong>6</strong></span> <span class='ocrx_word' id='word_1_604' title='bbox 2854 2403 3008 2471; x_wconf 83' lang='grc' dir='ltr'>λόγος</span> <span class='ocrx_word' id='word_1_605' title='bbox 3036 2402 3240 2472; x_wconf 83' lang='grc' dir='ltr'>προῖὼν</span> <span class='ocrx_word' id='word_1_606' title='bbox 3281 2402 3601 2473; x_wconf 79' lang='grc' dir='ltr'>καταλῆγοι,</span> <span class='ocrx_word' id='word_1_607' title='bbox 3635 2403 3707 2453; x_wconf 69' lang='grc' dir='ltr'><strong>εξ-</strong></span> 
     </span>
    </p>
   </div>
   <div class='ocr_carea' id='block_1_87' title="bbox 2136 2493 3710 2568">
    <p class='ocr_par' dir='ltr' id='par_1_87' title="bbox 2136 2493 3710 2568">
     <span class='ocr_line' id='line_1_87' title="bbox 2136 2493 3710 2568; baseline -0.003 -18"><span class='ocrx_word' id='word_1_608' title='bbox 2136 2514 2240 2568; x_wconf 88' lang='grc' dir='ltr'><strong>περ</strong></span> <span class='ocrx_word' id='word_1_609' title='bbox 2268 2495 2437 2550; x_wconf 82' lang='grc' dir='ltr'>ταῦτα</span> <span class='ocrx_word' id='word_1_610' title='bbox 2459 2495 2603 2564; x_wconf 82' lang='grc' dir='ltr'>λέγει</span> <span class='ocrx_word' id='word_1_611' title='bbox 2635 2495 2702 2548; x_wconf 84' lang='grc' dir='ltr'>τὰ</span> <span class='ocrx_word' id='word_1_612' title='bbox 2729 2497 2964 2566; x_wconf 88' lang='grc' dir='ltr'>ὀνόματα</span> <span class='ocrx_word' id='word_1_613' title='bbox 2992 2495 3138 2564; x_wconf 82' lang='grc' dir='ltr'><strong>παρά</strong></span> <span class='ocrx_word' id='word_1_614' title='bbox 3158 2495 3251 2547; x_wconf 87' lang='grc' dir='ltr'><strong>τοῦ</strong></span> <span class='ocrx_word' id='word_1_615' title='bbox 3277 2494 3413 2546; x_wconf 87' lang='grc' dir='ltr'>Θεοῦ</span> <span class='ocrx_word' id='word_1_616' title='bbox 3439 2493 3710 2547; x_wconf 82' lang='grc' dir='ltr'>τεθεῖσθαι</span> 
     </span>
    </p>
   </div>
   <div class='ocr_carea' id='block_1_88' title="bbox 2134 2586 3708 2658">
    <p class='ocr_par' dir='ltr' id='par_1_88' title="bbox 2134 2586 3708 2658">
     <span class='ocr_line' id='line_1_88' title="bbox 2134 2586 3708 2658; baseline -0.001 -16"><span class='ocrx_word' id='word_1_617' title='bbox 2134 2592 2244 2652; x_wconf 85' lang='grc' dir='ltr'>τοῖς</span> <span class='ocrx_word' id='word_1_618' title='bbox 2268 2590 2484 2658; x_wconf 75' lang='grc' dir='ltr'>ἄστροις</span> <span class='ocrx_word' id='word_1_619' title='bbox 2515 2588 2584 2640; x_wconf 81' lang='grc' dir='ltr'>τὰ</span> <span class='ocrx_word' id='word_1_620' title='bbox 2605 2589 2666 2640; x_wconf 85' lang='grc' dir='ltr'>ἐν.</span> <span class='ocrx_word' id='word_1_621' title='bbox 2687 2590 2750 2657; x_wconf 82' lang='grc' dir='ltr'>τῇ</span> <span class='ocrx_word' id='word_1_622' title='bbox 2777 2587 3030 2657; x_wconf 73' lang='grc' dir='ltr'>συνηθείᾳ</span> <span class='ocrx_word' id='word_1_623' title='bbox 3054 2588 3208 2657; x_wconf 82' lang='grc' dir='ltr'>ἡμῶν</span> <span class='ocrx_word' id='word_1_624' title='bbox 3237 2586 3708 2656; x_wconf 73' lang='grc' dir='ltr'>ἀναστρεφόμενοι.</span> 
     </span>
    </p>
   </div>
   <div class='ocr_carea' id='block_1_89' title="bbox 2136 2678 3710 2751">
    <p class='ocr_par' dir='ltr' id='par_1_89' title="bbox 2136 2678 3710 2751">
     <span class='ocr_line' id='line_1_89' title="bbox 2136 2678 3710 2751; baseline -0.004 -16"><span class='ocrx_word' id='word_1_625' title='bbox 2136 2680 2200 2736; x_wconf 87' lang='grc' dir='ltr'>Εἰ</span> <span class='ocrx_word' id='word_1_626' title='bbox 2232 2681 2340 2751; x_wconf 79' lang='grc' dir='ltr'>γὰρ</span> <span class='ocrx_word' id='word_1_627' title='bbox 2371 2679 2542 2734; x_wconf 89' lang='grc' dir='ltr'>ταῦτά</span> <span class='ocrx_word' id='word_1_628' title='bbox 2583 2698 2666 2743; x_wconf 86' lang='grc' dir='ltr'><strong>τις</strong></span> <span class='ocrx_word' id='word_1_629' title='bbox 2691 2680 2816 2750; x_wconf 49' lang='grc' dir='ltr'>δοίην</span> <span class='ocrx_word' id='word_1_630' title='bbox 2836 2679 3015 2733; x_wconf 83' lang='grc' dir='ltr'>θεόθεν</span> <span class='ocrx_word' id='word_1_631' title='bbox 3047 2678 3456 2748; x_wconf 77' lang='grc' dir='ltr'>ἐπικεκλῆσθαι,</span> <span class='ocrx_word' id='word_1_632' title='bbox 3497 2678 3710 2745; x_wconf 81' lang='grc' dir='ltr'>ἀνάγκη</span> 
     </span>
    </p>
   </div>
   <div class='ocr_carea' id='block_1_90' title="bbox 2136 2767 3712 2839">
    <p class='ocr_par' dir='ltr' id='par_1_90' title="bbox 2136 2767 3712 2839">
     <span class='ocr_line' id='line_1_90' title="bbox 2136 2767 3712 2839; baseline -0.006 -13"><span class='ocrx_word' id='word_1_633' title='bbox 2136 2774 2284 2826; x_wconf 79' lang='grc' dir='ltr'>πᾶσα</span> <span class='ocrx_word' id='word_1_634' title='bbox 2316 2771 2545 2824; x_wconf 74' lang='grc' dir='ltr'>καὶτῶν</span> <span class='ocrx_word' id='word_1_635' title='bbox 2601 2769 2923 2839; x_wconf 87' lang='grc' dir='ltr'>Ἑλληνικῶν</span> <span class='ocrx_word' id='word_1_636' title='bbox 2972 2767 3201 2822; x_wconf 80' lang='grc' dir='ltr'>εἰδώλων</span> <span class='ocrx_word' id='word_1_637' title='bbox 3249 2769 3459 2821; x_wconf 77' lang='grc' dir='ltr'>ἐκεῖθεν</span> <span class='ocrx_word' id='word_1_638' title='bbox 3506 2768 3712 2820; x_wconf 81' lang='grc' dir='ltr'>οἴεσθαι</span> 
     </span>
    </p>
   </div>
   <div class='ocr_carea' id='block_1_91' title="bbox 2137 2859 3712 2935">
    <p class='ocr_par' dir='ltr' id='par_1_91' title="bbox 2137 2859 3712 2935">
     <span class='ocr_line' id='line_1_91' title="bbox 2137 2859 3712 2935; baseline -0.006 -17"><span class='ocrx_word' id='word_1_639' title='bbox 2137 2865 2234 2935; x_wconf 75' lang='grc' dir='ltr'>τὴν</span> <span class='ocrx_word' id='word_1_640' title='bbox 2264 2864 2452 2933; x_wconf 83' lang='grc' dir='ltr'>κλῆσιν</span> <span class='ocrx_word' id='word_1_641' title='bbox 2478 2862 2908 2932; x_wconf 80' lang='grc' dir='ltr'>ἐπιπεφημίσθαι</span> <span class='ocrx_word' id='word_1_642' title='bbox 2937 2863 3046 2922; x_wconf 85' lang='grc' dir='ltr'>τοῖς</span> <span class='ocrx_word' id='word_1_643' title='bbox 3079 2861 3318 2930; x_wconf 80' lang='grc' dir='ltr'>ἄστροις,</span> <span class='ocrx_word' id='word_1_644' title='bbox 3355 2859 3450 2912; x_wconf 74' lang='grc' dir='ltr'><strong>καὶ</strong></span> <span class='ocrx_word' id='word_1_645' title='bbox 3486 2860 3586 2910; x_wconf 81' lang='grc' dir='ltr'>ὅσα</span> <span class='ocrx_word' id='word_1_646' title='bbox 3614 2859 3712 2927; x_wconf 82' lang='grc' dir='ltr'><strong>τῆς</strong></span> 
     </span>
    </p>
   </div>
   <div class='ocr_carea' id='block_1_92' title="bbox 2141 2949 3712 3025">
    <p class='ocr_par' dir='ltr' id='par_1_92' title="bbox 2141 2949 3712 3025">
     <span class='ocr_line' id='line_1_92' title="bbox 2141 2949 3712 3025; baseline -0.004 -18"><span class='ocrx_word' id='word_1_647' title='bbox 2141 2954 2374 3025; x_wconf 86' lang='grc' dir='ltr'>μυθικῆς</span> <span class='ocrx_word' id='word_1_648' title='bbox 2402 2952 2638 3024; x_wconf 84' lang='grc' dir='ltr'>ἱστορίας</span> <span class='ocrx_word' id='word_1_649' title='bbox 2669 2952 2972 3020; x_wconf 82' lang='grc' dir='ltr'>ὲπιλέγεται</span> <span class='ocrx_word' id='word_1_650' title='bbox 3001 2954 3112 3013; x_wconf 90' lang='grc' dir='ltr'>τοῖς</span> <span class='ocrx_word' id='word_1_651' title='bbox 3137 2949 3403 3020; x_wconf 82' lang='grc' dir='ltr'>ἀστρῴοις</span> <span class='ocrx_word' id='word_1_652' title='bbox 3432 2949 3712 3019; x_wconf 81' lang='grc' dir='ltr'>ὀνόμασιν,</span> 
     </span>
    </p>
   </div>
   <div class='ocr_carea' id='block_1_93' title="bbox 2139 3041 3718 3114">
    <p class='ocr_par' dir='ltr' id='par_1_93' title="bbox 2139 3041 3718 3114">
     <span class='ocr_line' id='line_1_93' title="bbox 2139 3041 3718 3114; baseline -0.004 -17"><span class='ocrx_word' id='word_1_653' title='bbox 2139 3045 2312 3114; x_wconf 84' lang='grc' dir='ltr'>ἀληθῆ</span> <span class='ocrx_word' id='word_1_654' title='bbox 2337 3044 2573 3114; x_wconf 82' lang='grc' dir='ltr'>νομίσαι,</span> <span class='ocrx_word' id='word_1_655' title='bbox 2600 3044 2674 3105; x_wconf 87' lang='grc' dir='ltr'>ὼς</span> <span class='ocrx_word' id='word_1_656' title='bbox 2700 3043 2792 3095; x_wconf 86' lang='grc' dir='ltr'><strong>τοῦ</strong></span> <span class='ocrx_word' id='word_1_657' title='bbox 2819 3041 2952 3095; x_wconf 86' lang='grc' dir='ltr'>Θεοῦ</span> <span class='ocrx_word' id='word_1_658' title='bbox 2979 3042 3078 3104; x_wconf 81' lang='grc' dir='ltr'><strong>τὰς</strong></span> <span class='ocrx_word' id='word_1_659' title='bbox 3103 3041 3358 3103; x_wconf 79' lang='grc' dir='ltr'>τοιαύτας</span> <span class='ocrx_word' id='word_1_660' title='bbox 3382 3041 3565 3102; x_wconf 88' lang='grc' dir='ltr'>αὑτοῖς</span> <span class='ocrx_word' id='word_1_661' title='bbox 3593 3042 3718 3091; x_wconf 76' lang='grc' dir='ltr'>ὲπι-</span> 
     </span>
    </p>
   </div>
   <div class='ocr_carea' id='block_1_94' title="bbox 2139 3131 3717 3205">
    <p class='ocr_par' dir='ltr' id='par_1_94' title="bbox 2139 3131 3717 3205">
     <span class='ocr_line' id='line_1_94' title="bbox 2139 3131 3717 3205; baseline -0.004 -17"><span class='ocrx_word' id='word_1_662' title='bbox 2139 3135 2428 3205; x_wconf 77' lang='grc' dir='ltr'>κυροῦντος</span> <span class='ocrx_word' id='word_1_663' title='bbox 2466 3135 2666 3202; x_wconf 75' lang='grc' dir='ltr'>φωνάς.</span> <span class='ocrx_word' id='word_1_664' title='bbox 2701 3133 2885 3196; x_wconf 72' lang='grc' dir='ltr'>Οὕτως</span> <span class='ocrx_word' id='word_1_665' title='bbox 2914 3135 2947 3204; x_wconf 83' lang='grc' dir='ltr'>ἠ</span> <span class='ocrx_word' id='word_1_666' title='bbox 2991 3132 3221 3202; x_wconf 74' lang='grc' dir='ltr'>ἑϐδομὰς</span> <span class='ocrx_word' id='word_1_667' title='bbox 3254 3131 3363 3184; x_wconf 85' lang='grc' dir='ltr'><strong>τῶν</strong></span> <span class='ocrx_word' id='word_1_668' title='bbox 3395 3132 3717 3202; x_wconf 82' lang='grc' dir='ltr'>περιεχομέ-</span> 
     </span>
    </p>
   </div>
   <div class='ocr_carea' id='block_1_95' title="bbox 2139 3222 3716 3296">
    <p class='ocr_par' dir='ltr' id='par_1_95' title="bbox 2139 3222 3716 3296">
     <span class='ocr_line' id='line_1_95' title="bbox 2139 3222 3716 3296; baseline -0.005 -16"><span class='ocrx_word' id='word_1_669' title='bbox 2139 3244 2243 3280; x_wconf 90' lang='grc' dir='ltr'><strong>νων</strong></span> <span class='ocrx_word' id='word_1_670' title='bbox 2271 3226 2348 3296; x_wconf 81' lang='grc' dir='ltr'>τῷ</span> <span class='ocrx_word' id='word_1_671' title='bbox 2381 3225 2543 3277; x_wconf 80' lang='grc' dir='ltr'>παντὶ</span> <span class='ocrx_word' id='word_1_672' title='bbox 2590 3224 2756 3294; x_wconf 84' lang='grc' dir='ltr'>πόλῳ,</span> <span class='ocrx_word' id='word_1_673' title='bbox 2800 3226 2910 3286; x_wconf 63' lang='lat' dir='ltr'><strong>10L;</strong></span> <span class='ocrx_word' id='word_1_674' title='bbox 2968 3223 3293 3293; x_wconf 80' lang='grc' dir='ltr'>Έλληνι-κοῖς</span> <span class='ocrx_word' id='word_1_675' title='bbox 3331 3222 3566 3283; x_wconf 77' lang='grc' dir='ltr'>εἰδώλοις</span> <span class='ocrx_word' id='word_1_676' title='bbox 3598 3224 3716 3274; x_wconf 72' lang='grc' dir='ltr'>ἐπι·</span> 
     </span>
    </p>
   </div>
   <div class='ocr_carea' id='block_1_96' title="bbox 2143 3313 3716 3389">
    <p class='ocr_par' dir='ltr' id='par_1_96' title="bbox 2143 3313 3716 3389">
     <span class='ocr_line' id='line_1_96' title="bbox 2143 3313 3716 3389; baseline -0.004 -19"><span class='ocrx_word' id='word_1_677' title='bbox 2143 3317 2480 3389; x_wconf 87' lang='grc' dir='ltr'>μερισθεῖσα,</span> <span class='ocrx_word' id='word_1_678' title='bbox 2517 3317 2620 3381; x_wconf 80' lang='grc' dir='ltr'><strong>ἔξω</strong></span> <span class='ocrx_word' id='word_1_679' title='bbox 2659 3315 2917 3385; x_wconf 74' lang='grc' dir='ltr'>μέμψεως</span> <span class='ocrx_word' id='word_1_680' title='bbox 2946 3316 3068 3376; x_wconf 75' lang='grc' dir='ltr'>τοὺς</span> <span class='ocrx_word' id='word_1_681' title='bbox 3116 3315 3252 3384; x_wconf 87' lang='grc' dir='ltr'>πρὸς</span> <span class='ocrx_word' id='word_1_682' title='bbox 3292 3314 3466 3366; x_wconf 86' lang='grc' dir='ltr'>ταῦτα</span> <span class='ocrx_word' id='word_1_683' title='bbox 3504 3313 3716 3367; x_wconf 80' lang='grc' dir='ltr'>πεπλα-</span> 
     </span>
    </p>
   </div>
   <div class='ocr_carea' id='block_1_97' title="bbox 2139 3405 3716 3478">
    <p class='ocr_par' dir='ltr' id='par_1_97' title="bbox 2139 3405 3716 3478">
     <span class='ocr_line' id='line_1_97' title="bbox 2139 3405 3716 3478; baseline -0.002 -17"><span class='ocrx_word' id='word_1_684' title='bbox 2139 3409 2403 3478; x_wconf 83' lang='grc' dir='ltr'>νημένους</span> <span class='ocrx_word' id='word_1_685' title='bbox 2449 3408 2685 3478; x_wconf 86' lang='grc' dir='ltr'>ποιήσει,</span> <span class='ocrx_word' id='word_1_686' title='bbox 2731 3406 2888 3476; x_wconf 79' lang='grc' dir='ltr'>εἴπερ</span> <span class='ocrx_word' id='word_1_687' title='bbox 2919 3408 2982 3459; x_wconf 82' lang='grc' dir='ltr'>ὲκ</span> <span class='ocrx_word' id='word_1_688' title='bbox 3022 3406 3156 3458; x_wconf 85' lang='grc' dir='ltr'>Θεοῦ</span> <span class='ocrx_word' id='word_1_689' title='bbox 3203 3405 3515 3475; x_wconf 86' lang='grc' dir='ltr'>πιστευθείη</span> <span class='ocrx_word' id='word_1_690' title='bbox 3557 3405 3716 3458; x_wconf 82' lang='grc' dir='ltr'>τοῦτο</span> 
     </span>
    </p>
   </div>
   <div class='ocr_carea' id='block_1_98' title="bbox 2140 3497 3716 3569">
    <p class='ocr_par' dir='ltr' id='par_1_98' title="bbox 2140 3497 3716 3569">
     <span class='ocr_line' id='line_1_98' title="bbox 2140 3497 3716 3569; baseline -0.002 -18"><span class='ocrx_word' id='word_1_691' title='bbox 2140 3499 2505 3569; x_wconf 85' lang='grc' dir='ltr'>διατετάχθαι.</span> <span class='ocrx_word' id='word_1_692' title='bbox 2535 3497 2760 3560; x_wconf 77' lang='grc' dir='ltr'>Οὕτωςὸ</span> <span class='ocrx_word' id='word_1_693' title='bbox 2785 3497 2923 3551; x_wconf 82' lang='grc' dir='ltr'><strong>κατά</strong></span> <span class='ocrx_word' id='word_1_694' title='bbox 2946 3499 3036 3549; x_wconf 84' lang='grc' dir='ltr'><strong>τὸν</strong></span> <span class='ocrx_word' id='word_1_695' title='bbox 3073 3498 3298 3567; x_wconf 88' lang='grc' dir='ltr'>Ὠρίωνα</span> <span class='ocrx_word' id='word_1_696' title='bbox 3324 3499 3415 3550; x_wconf 73' lang='grc' dir='ltr'><strong>καὶ</strong></span> <span class='ocrx_word' id='word_1_697' title='bbox 3449 3498 3716 3566; x_wconf 86' lang='grc' dir='ltr'>Σκορπίον</span> 
     </span>
    </p>
   </div>
   <div class='ocr_carea' id='block_1_99' title="bbox 2143 3587 3713 3662">
    <p class='ocr_par' dir='ltr' id='par_1_99' title="bbox 2143 3587 3713 3662">
     <span class='ocr_line' id='line_1_99' title="bbox 2143 3587 3713 3662; baseline -0.002 -19"><span class='ocrx_word' id='word_1_698' title='bbox 2143 3593 2308 3662; x_wconf 86' lang='grc' dir='ltr'>μῦθος</span> <span class='ocrx_word' id='word_1_699' title='bbox 2348 3594 2426 3653; x_wconf 83' lang='grc' dir='ltr'>εἰς</span> <span class='ocrx_word' id='word_1_700' title='bbox 2469 3589 2649 3642; x_wconf 86' lang='grc' dir='ltr'>πίστιν</span> <span class='ocrx_word' id='word_1_701' title='bbox 2679 3590 2891 3656; x_wconf 84' lang='grc' dir='ltr'>ἄγεται,</span> <span class='ocrx_word' id='word_1_702' title='bbox 2927 3590 3021 3641; x_wconf 74' lang='grc' dir='ltr'>καὶ</span> <span class='ocrx_word' id='word_1_703' title='bbox 3047 3587 3115 3641; x_wconf 82' lang='grc' dir='ltr'><strong>τά</strong></span> <span class='ocrx_word' id='word_1_704' title='bbox 3155 3589 3283 3658; x_wconf 83' lang='grc' dir='ltr'>περὶ</span> <span class='ocrx_word' id='word_1_705' title='bbox 3321 3589 3420 3656; x_wconf 86' lang='grc' dir='ltr'><strong>τῆς</strong></span> <span class='ocrx_word' id='word_1_706' title='bbox 3483 3589 3713 3659; x_wconf 81' lang='grc' dir='ltr'>Ἀργοῦς</span> 
     </span>
    </p>
   </div>
   <div class='ocr_carea' id='block_1_100' title="bbox 2139 3676 3711 3747">
    <p class='ocr_par' dir='ltr' id='par_1_100' title="bbox 2139 3676 3711 3747">
     <span class='ocr_line' id='line_1_100' title="bbox 2139 3676 3711 3747; baseline 0.001 -17"><span class='ocrx_word' id='word_1_707' title='bbox 2139 3679 2470 3747; x_wconf 78' lang='grc' dir='ltr'>διηγήματα,</span> <span class='ocrx_word' id='word_1_708' title='bbox 2502 3677 2596 3729; x_wconf 72' lang='grc' dir='ltr'><strong>καὶ</strong></span> <span class='ocrx_word' id='word_1_709' title='bbox 2619 3679 2647 3729; x_wconf 97' lang='lat'><strong>6</strong></span> <span class='ocrx_word' id='word_1_710' title='bbox 2677 3676 2906 3740; x_wconf 83' lang='grc' dir='ltr'>Κύκνος,</span> <span class='ocrx_word' id='word_1_711' title='bbox 2933 3677 3028 3730; x_wconf 75' lang='grc' dir='ltr'><strong>καὶ</strong></span> <span class='ocrx_word' id='word_1_712' title='bbox 3057 3679 3085 3729; x_wconf 85' lang='lat'><strong>6</strong></span> <span class='ocrx_word' id='word_1_713' title='bbox 3119 3677 3320 3741; x_wconf 89' lang='grc' dir='ltr'>Ἀετὸς,</span> <span class='ocrx_word' id='word_1_714' title='bbox 3345 3678 3439 3730; x_wconf 72' lang='grc' dir='ltr'><strong>καὶ</strong></span> <span class='ocrx_word' id='word_1_715' title='bbox 3470 3679 3499 3730; x_wconf 89' lang='lat'><strong>6</strong></span> <span class='ocrx_word' id='word_1_716' title='bbox 3527 3678 3711 3742; x_wconf 81' lang='grc' dir='ltr'>Κύων,</span> 
     </span>
    </p>
   </div>
   <div class='ocr_carea' id='block_1_101' title="bbox 2140 3767 3708 3839">
    <p class='ocr_par' dir='ltr' id='par_1_101' title="bbox 2140 3767 3708 3839">
     <span class='ocr_line' id='line_1_101' title="bbox 2140 3767 3708 3839; baseline 0.001 -19"><span class='ocrx_word' id='word_1_717' title='bbox 2140 3770 2174 3838; x_wconf 75' lang='grc' dir='ltr'>ἦ</span> <span class='ocrx_word' id='word_1_718' title='bbox 2208 3787 2265 3820; x_wconf 88' lang='grc' dir='ltr'><strong>τε</strong></span> <span class='ocrx_word' id='word_1_719' title='bbox 2306 3769 2445 3821; x_wconf 88' lang='grc' dir='ltr'><strong>κατά</strong></span> <span class='ocrx_word' id='word_1_720' title='bbox 2472 3767 2560 3821; x_wconf 84' lang='grc' dir='ltr'><strong>τὸν</strong></span> <span class='ocrx_word' id='word_1_721' title='bbox 2585 3767 2852 3836; x_wconf 79' lang='grc' dir='ltr'>Στέφανον</span> <span class='ocrx_word' id='word_1_722' title='bbox 2902 3768 3002 3838; x_wconf 84' lang='grc' dir='ltr'><strong>τῆς</strong></span> <span class='ocrx_word' id='word_1_723' title='bbox 3063 3768 3346 3839; x_wconf 80' lang='grc' dir='ltr'>Ἀριάδνης</span> <span class='ocrx_word' id='word_1_724' title='bbox 3400 3768 3708 3838; x_wconf 84' lang='grc' dir='ltr'>μυθοποιία.</span> 
     </span>
    </p>
   </div>
   <div class='ocr_carea' id='block_1_102' title="bbox 2142 3859 3708 3932">
    <p class='ocr_par' dir='ltr' id='par_1_102' title="bbox 2142 3859 3708 3932">
     <span class='ocr_line' id='line_1_102' title="bbox 2142 3859 3708 3932; baseline 0.001 -19"><span class='ocrx_word' id='word_1_725' title='bbox 2142 3861 2252 3914; x_wconf 75' lang='grc' dir='ltr'><strong>Καὶ</strong></span> <span class='ocrx_word' id='word_1_726' title='bbox 2293 3860 2385 3913; x_wconf 87' lang='grc' dir='ltr'><strong>τοῦ</strong></span> <span class='ocrx_word' id='word_1_727' title='bbox 2434 3859 2715 3930; x_wconf 77' lang='grc' dir='ltr'>ζωηφόρου</span> <span class='ocrx_word' id='word_1_728' title='bbox 2765 3859 2963 3914; x_wconf 84' lang='grc' dir='ltr'>κύκλου</span> <span class='ocrx_word' id='word_1_729' title='bbox 2992 3859 3099 3912; x_wconf 88' lang='grc' dir='ltr'><strong>τῶν</strong></span> <span class='ocrx_word' id='word_1_730' title='bbox 3125 3861 3268 3913; x_wconf 88' lang='grc' dir='ltr'><strong>κατά</strong></span> <span class='ocrx_word' id='word_1_731' title='bbox 3297 3877 3417 3913; x_wconf 87' lang='grc' dir='ltr'>τινα</span> <span class='ocrx_word' id='word_1_732' title='bbox 3449 3878 3708 3932; x_wconf 81' lang='grc' dir='ltr'>σχηματι-</span> 
     </span>
    </p>
   </div>
   <div class='ocr_carea' id='block_1_103' title="bbox 2143 3950 3711 4020">
    <p class='ocr_par' dir='ltr' id='par_1_103' title="bbox 2143 3950 3711 4020">
     <span class='ocr_line' id='line_1_103' title="bbox 2143 3950 3711 4020; baseline -0.001 -16"><span class='ocrx_word' id='word_1_733' title='bbox 2143 3951 2277 4020; x_wconf 89' lang='grc' dir='ltr'>σμὸν</span> <span class='ocrx_word' id='word_1_734' title='bbox 2306 3950 2696 4020; x_wconf 84' lang='grc' dir='ltr'>έπινοηθέντων</span> <span class='ocrx_word' id='word_1_735' title='bbox 2723 3952 2839 4012; x_wconf 75' lang='grc' dir='ltr'>τοῖς,</span> <span class='ocrx_word' id='word_1_736' title='bbox 2872 3950 3216 4020; x_wconf 78' lang='grc' dir='ltr'>φαινομένοις</span> <span class='ocrx_word' id='word_1_737' title='bbox 3245 3951 3545 4019; x_wconf 78' lang='grc' dir='ltr'>ὀνομάτων,</span> <span class='ocrx_word' id='word_1_738' title='bbox 3582 3951 3711 4003; x_wconf 89' lang='grc' dir='ltr'>Θεὸν</span> 
     </span>
    </p>
   </div>
   <div class='ocr_carea' id='block_1_104' title="bbox 2142 4042 3712 4114">
    <p class='ocr_par' dir='ltr' id='par_1_104' title="bbox 2142 4042 3712 4114">
     <span class='ocr_line' id='line_1_104' title="bbox 2142 4042 3712 4114; baseline 0.002 -18"><span class='ocrx_word' id='word_1_739' title='bbox 2142 4043 2367 4114; x_wconf 82' lang='grc' dir='ltr'>εὑρετὴν</span> <span class='ocrx_word' id='word_1_740' title='bbox 2418 4042 2758 4096; x_wconf 76' lang='grc' dir='ltr'>ὑπονοεῖσθαι</span> <span class='ocrx_word' id='word_1_741' title='bbox 2795 4044 3220 4114; x_wconf 84' lang='grc' dir='ltr'>παρασκευάσει,</span> <span class='ocrx_word' id='word_1_742' title='bbox 3264 4045 3422 4113; x_wconf 79' lang='grc' dir='ltr'>εἰπερ</span> <span class='ocrx_word' id='word_1_743' title='bbox 3466 4043 3647 4108; x_wconf 86' lang='grc' dir='ltr'>καλῶς</span> <span class='ocrx_word' id='word_1_744' title='bbox 3683 4049 3712 4099; x_wconf 88' lang='lat'><strong>6</strong></span> 
     </span>
    </p>
   </div>
   <div class='ocr_carea' id='block_1_105' title="bbox 2141 4134 3708 4204">
    <p class='ocr_par' dir='ltr' id='par_1_105' title="bbox 2141 4134 3708 4204">
     <span class='ocr_line' id='line_1_105' title="bbox 2141 4134 3708 4204; baseline 0.001 -18"><span class='ocrx_word' id='word_1_745' title='bbox 2141 4134 2404 4204; x_wconf 87' lang='grc' dir='ltr'>Εὑνόμιος</span> <span class='ocrx_word' id='word_1_746' title='bbox 2431 4134 2598 4187; x_wconf 77' lang='grc' dir='ltr'>οἴεται</span> <span class='ocrx_word' id='word_1_747' title='bbox 2632 4134 2722 4187; x_wconf 87' lang='grc' dir='ltr'><strong>τὸν</strong></span> <span class='ocrx_word' id='word_1_748' title='bbox 2761 4134 2925 4188; x_wconf 80' lang='grc' dir='ltr'>Δαϐὶδ</span> <span class='ocrx_word' id='word_1_749' title='bbox 2951 4134 3159 4202; x_wconf 80' lang='grc' dir='ltr'>λέγειν,</span> <span class='ocrx_word' id='word_1_750' title='bbox 3200 4135 3280 4188; x_wconf 83' lang='grc' dir='ltr'><strong>ὅτι</strong></span> <span class='ocrx_word' id='word_1_751' title='bbox 3318 4135 3493 4188; x_wconf 87' lang='grc' dir='ltr'>ταῦτα</span> <span class='ocrx_word' id='word_1_752' title='bbox 3535 4136 3708 4199; x_wconf 75' lang='grc' dir='ltr'>αὐτοῖς</span> 
     </span>
    </p>
   </div>
   <div class='ocr_carea' id='block_1_106' title="bbox 2143 4223 3030 4295">
    <p class='ocr_par' dir='ltr' id='par_1_106' title="bbox 2143 4223 3030 4295">
     <span class='ocr_line' id='line_1_106' title="bbox 2143 4223 3030 4295; baseline -0.001 -16"><span class='ocrx_word' id='word_1_753' title='bbox 2143 4223 2211 4282; x_wconf 77' lang='grc' dir='ltr'>τὰ</span> <span class='ocrx_word' id='word_1_754' title='bbox 2239 4225 2475 4294; x_wconf 84' lang='grc' dir='ltr'>ὀνόματα</span> <span class='ocrx_word' id='word_1_755' title='bbox 2497 4226 2524 4276; x_wconf 89' lang='lat'><strong>6</strong></span> <span class='ocrx_word' id='word_1_756' title='bbox 2553 4225 2684 4288; x_wconf 82' lang='grc' dir='ltr'>Θεὸς</span> <span class='ocrx_word' id='word_1_757' title='bbox 2709 4224 3030 4295; x_wconf 75' lang='grc' dir='ltr'>ἐπιτίθησιν.</span> 
     </span>
    </p>
   </div>
   <div class='ocr_carea' id='block_1_107' title="bbox 2227 4395 3710 4472">
    <p class='ocr_par' dir='ltr' id='par_1_107' title="bbox 2227 4395 3710 4472">
     <span class='ocr_line' id='line_1_107' title="bbox 2227 4395 3710 4472; baseline 0.004 -19"><span class='ocrx_word' id='word_1_758' title='bbox 2227 4401 2376 4453; x_wconf 80' lang='grc' dir='ltr'>Ἐπεὶ</span> <span class='ocrx_word' id='word_1_759' title='bbox 2401 4395 2492 4454; x_wconf 82' lang='grc' dir='ltr'><strong>οῦν</strong></span> <span class='ocrx_word' id='word_1_760' title='bbox 2519 4401 2715 4454; x_wconf 83' lang='grc' dir='ltr'>ἄτοπον</span> <span class='ocrx_word' id='word_1_761' title='bbox 2750 4402 2857 4455; x_wconf 86' lang='grc' dir='ltr'><strong>τῶν</strong></span> <span class='ocrx_word' id='word_1_762' title='bbox 2888 4401 3139 4454; x_wconf 88' lang='grc' dir='ltr'>τοιούτων</span> <span class='ocrx_word' id='word_1_763' title='bbox 3163 4404 3443 4472; x_wconf 84' lang='grc' dir='ltr'>ὀνομάτων</span> <span class='ocrx_word' id='word_1_764' title='bbox 3469 4405 3558 4457; x_wconf 86' lang='grc' dir='ltr'><strong>τὸν</strong></span> <span class='ocrx_word' id='word_1_765' title='bbox 3583 4407 3710 4458; x_wconf 87' lang='grc' dir='ltr'>Θεὸν</span> 
     </span>
    </p>
   </div>
   <div class='ocr_carea' id='block_1_108' title="bbox 2142 4493 3708 4564">
    <p class='ocr_par' dir='ltr' id='par_1_108' title="bbox 2142 4493 3708 4564">
     <span class='ocr_line' id='line_1_108' title="bbox 2142 4493 3708 4564; baseline 0.004 -21"><span class='ocrx_word' id='word_1_766' title='bbox 2142 4493 2365 4562; x_wconf 79' lang='grc' dir='ltr'>εὑρετὴν</span> <span class='ocrx_word' id='word_1_767' title='bbox 2400 4493 2625 4558; x_wconf 75' lang='grc' dir='ltr'>οἴεσθαι,</span> <span class='ocrx_word' id='word_1_768' title='bbox 2659 4493 2733 4557; x_wconf 85' lang='grc' dir='ltr'><strong>ὡς</strong></span> <span class='ocrx_word' id='word_1_769' title='bbox 2776 4496 2840 4547; x_wconf 86' lang='grc' dir='ltr'>ἂν</span> <span class='ocrx_word' id='word_1_770' title='bbox 2889 4494 2961 4564; x_wconf 78' lang='grc' dir='ltr'>μὴ</span> <span class='ocrx_word' id='word_1_771' title='bbox 2991 4497 3080 4547; x_wconf 79' lang='grc' dir='ltr'>καὶ</span> <span class='ocrx_word' id='word_1_772' title='bbox 3109 4495 3175 4548; x_wconf 76' lang='grc' dir='ltr'><strong>τά</strong></span> <span class='ocrx_word' id='word_1_773' title='bbox 3201 4496 3312 4547; x_wconf 87' lang='grc' dir='ltr'><strong>τῶν</strong></span> <span class='ocrx_word' id='word_1_774' title='bbox 3340 4497 3575 4552; x_wconf 73' lang='grc' dir='ltr'>εἰδώλων</span> <span class='ocrx_word' id='word_1_775' title='bbox 3599 4499 3708 4551; x_wconf 77' lang='grc' dir='ltr'>ὀνό-</span> 
     </span>
    </p>
   </div>
   <div class='ocr_carea' id='block_1_109' title="bbox 2146 4583 3709 4658">
    <p class='ocr_par' dir='ltr' id='par_1_109' title="bbox 2146 4583 3709 4658">
     <span class='ocr_line' id='line_1_109' title="bbox 2146 4583 3709 4658; baseline 0.004 -22"><span class='ocrx_word' id='word_1_776' title='bbox 2146 4602 2291 4655; x_wconf 83' lang='grc' dir='ltr'>ματα</span> <span class='ocrx_word' id='word_1_777' title='bbox 2317 4583 2520 4637; x_wconf 79' lang='grc' dir='ltr'>ἐκεῖθεν</span> <span class='ocrx_word' id='word_1_778' title='bbox 2554 4585 2650 4656; x_wconf 82' lang='grc' dir='ltr'>τὴν</span> <span class='ocrx_word' id='word_1_779' title='bbox 2679 4587 2850 4656; x_wconf 82' lang='grc' dir='ltr'>ἀρχὴν</span> <span class='ocrx_word' id='word_1_780' title='bbox 2890 4587 3179 4656; x_wconf 72' lang='grc' dir='ltr'>ἐσχηκέναι</span> <span class='ocrx_word' id='word_1_781' title='bbox 3204 4588 3408 4658; x_wconf 86' lang='grc' dir='ltr'>δοκοίη,</span> <span class='ocrx_word' id='word_1_782' title='bbox 3443 4591 3623 4652; x_wconf 82' lang='grc' dir='ltr'>καλῶς</span> <span class='ocrx_word' id='word_1_783' title='bbox 3649 4589 3709 4642; x_wconf 79' lang='grc' dir='ltr'><strong>ἀν</strong></span> 
     </span>
    </p>
   </div>
   <div class='ocr_carea' id='block_1_110' title="bbox 2143 4674 3711 4747">
    <p class='ocr_par' dir='ltr' id='par_1_110' title="bbox 2143 4674 3711 4747">
     <span class='ocr_line' id='line_1_110' title="bbox 2143 4674 3711 4747; baseline 0.004 -22"><span class='ocrx_word' id='word_1_784' title='bbox 2143 4674 2252 4744; x_wconf 74' lang='grc' dir='ltr'>ἔχοι</span> <span class='ocrx_word' id='word_1_785' title='bbox 2284 4674 2358 4745; x_wconf 83' lang='grc' dir='ltr'>μὴ</span> <span class='ocrx_word' id='word_1_786' title='bbox 2400 4675 2768 4740; x_wconf 71' lang='grc' dir='ltr'>ἀνεξετάστως</span> <span class='ocrx_word' id='word_1_787' title='bbox 2809 4676 2867 4727; x_wconf 86' lang='grc' dir='ltr'><strong>τὸ</strong></span> <span class='ocrx_word' id='word_1_788' title='bbox 2900 4677 3061 4746; x_wconf 73' lang='grc' dir='ltr'>ῥηθὲν</span> <span class='ocrx_word' id='word_1_789' title='bbox 3109 4677 3534 4747; x_wconf 80' lang='grc' dir='ltr'>παραδέξασθαι,</span> <span class='ocrx_word' id='word_1_790' title='bbox 3584 4679 3711 4732; x_wconf 76' lang='grc' dir='ltr'>ἀλλὰ</span> 
     </span>
    </p>
   </div>
   <div class='ocr_carea' id='block_1_111' title="bbox 2143 4771 3712 4842">
    <p class='ocr_par' dir='ltr' id='par_1_111' title="bbox 2143 4771 3712 4842">
     <span class='ocr_line' id='line_1_111' title="bbox 2143 4771 3712 4842; baseline 0.001 -18"><span class='ocrx_word' id='word_1_791' title='bbox 2143 4771 2260 4824; x_wconf 81' lang='grc' dir='ltr'>καθ’</span> <span class='ocrx_word' id='word_1_792' title='bbox 2288 4772 2575 4840; x_wconf 76' lang='grc' dir='ltr'>ὁμοιότητα</span> <span class='ocrx_word' id='word_1_793' title='bbox 2606 4771 2712 4823; x_wconf 84' lang='grc' dir='ltr'><strong>τῶν</strong></span> <span class='ocrx_word' id='word_1_794' title='bbox 2753 4771 2890 4824; x_wconf 74' lang='grc' dir='ltr'>κατὰ</span> <span class='ocrx_word' id='word_1_795' title='bbox 2919 4771 3011 4824; x_wconf 85' lang='grc' dir='ltr'><strong>τὸν</strong></span> <span class='ocrx_word' id='word_1_796' title='bbox 3043 4772 3272 4842; x_wconf 87' lang='grc' dir='ltr'>ἀριθμὸν</span> <span class='ocrx_word' id='word_1_797' title='bbox 3299 4774 3429 4841; x_wconf 80' lang='grc' dir='ltr'>ἡμῖν</span> <span class='ocrx_word' id='word_1_798' title='bbox 3468 4774 3712 4842; x_wconf 75' lang='grc' dir='ltr'>νενοημέ-</span> 
     </span>
    </p>
   </div>
   <div class='ocr_carea' id='block_1_112' title="bbox 2142 4861 3709 4935">
    <p class='ocr_par' dir='ltr' id='par_1_112' title="bbox 2142 4861 3709 4935">
     <span class='ocr_line' id='line_1_112' title="bbox 2142 4861 3709 4935; baseline 0.002 -21"><span class='ocrx_word' id='word_1_799' title='bbox 2142 4880 2266 4928; x_wconf 83' lang='grc' dir='ltr'>νων,</span> <span class='ocrx_word' id='word_1_800' title='bbox 2320 4864 2411 4914; x_wconf 76' lang='grc' dir='ltr'>καὶ</span> <span class='ocrx_word' id='word_1_801' title='bbox 2451 4862 2541 4914; x_wconf 86' lang='grc' dir='ltr'><strong>τὸν</strong></span> <span class='ocrx_word' id='word_1_802' title='bbox 2582 4864 2638 4913; x_wconf 83' lang='grc' dir='ltr'><strong>ἐν</strong></span> <span class='ocrx_word' id='word_1_803' title='bbox 2679 4861 2850 4931; x_wconf 84' lang='grc' dir='ltr'>τούτῳ</span> <span class='ocrx_word' id='word_1_804' title='bbox 2896 4862 3018 4915; x_wconf 90' lang='grc' dir='ltr'>νοῦν</span> <span class='ocrx_word' id='word_1_805' title='bbox 3068 4865 3417 4932; x_wconf 83' lang='grc' dir='ltr'>κατανοῆσαι.</span> <span class='ocrx_word' id='word_1_806' title='bbox 3501 4865 3709 4935; x_wconf 75' lang='grc' dir='ltr'>Ἐπειδὴ</span> 
     </span>
    </p>
   </div>
   <div class='ocr_carea' id='block_1_113' title="bbox 2141 4952 3708 5024">
    <p class='ocr_par' dir='ltr' id='par_1_113' title="bbox 2141 4952 3708 5024">
     <span class='ocr_line' id='line_1_113' title="bbox 2141 4952 3708 5024; baseline 0.002 -19"><span class='ocrx_word' id='word_1_807' title='bbox 2141 4954 2249 5021; x_wconf 74' lang='grc' dir='ltr'><strong>γὰρ</strong></span> <span class='ocrx_word' id='word_1_808' title='bbox 2281 4954 2338 5004; x_wconf 79' lang='grc' dir='ltr'><strong>ἐν</strong></span> <span class='ocrx_word' id='word_1_809' title='bbox 2372 4955 2498 5022; x_wconf 82' lang='grc' dir='ltr'>ἡμῖν</span> <span class='ocrx_word' id='word_1_810' title='bbox 2537 4952 2830 5022; x_wconf 86' lang='grc' dir='ltr'>μαρτύριον</span> <span class='ocrx_word' id='word_1_811' title='bbox 2858 4954 2954 5022; x_wconf 85' lang='grc' dir='ltr'><strong>τῆς</strong></span> <span class='ocrx_word' id='word_1_812' title='bbox 2995 4955 3253 5024; x_wconf 75' lang='grc' dir='ltr'>ἀκριϐοῦς</span> <span class='ocrx_word' id='word_1_813' title='bbox 3283 4957 3398 5007; x_wconf 79' lang='grc' dir='ltr'>ἐστι</span> <span class='ocrx_word' id='word_1_814' title='bbox 3442 4955 3708 5022; x_wconf 82' lang='grc' dir='ltr'>γνώσεως,</span> 
     </span>
    </p>
   </div>
   <div class='ocr_carea' id='block_1_114' title="bbox 2141 5043 3713 5115">
    <p class='ocr_par' dir='ltr' id='par_1_114' title="bbox 2141 5043 3713 5115">
     <span class='ocr_line' id='line_1_114' title="bbox 2141 5043 3713 5115; baseline -0.001 -19"><span class='ocrx_word' id='word_1_815' title='bbox 2141 5045 2199 5096; x_wconf 87' lang='grc' dir='ltr'><strong>τὸ</strong></span> <span class='ocrx_word' id='word_1_816' title='bbox 2229 5043 2287 5106; x_wconf 77' lang='grc' dir='ltr'>ἐξ</span> <span class='ocrx_word' id='word_1_817' title='bbox 2313 5043 2570 5112; x_wconf 80' lang='grc' dir='ltr'>ὀνόματος</span> <span class='ocrx_word' id='word_1_818' title='bbox 2604 5044 2728 5112; x_wconf 83' lang='grc' dir='ltr'>παρ’</span> <span class='ocrx_word' id='word_1_819' title='bbox 2762 5045 2793 5112; x_wconf 80' lang='grc' dir='ltr'>ἡ</span> <span class='ocrx_word' id='word_1_820' title='bbox 2804 5043 2919 5112; x_wconf 85' lang='grc' dir='ltr'><strong>μῶν</strong></span> <span class='ocrx_word' id='word_1_821' title='bbox 2952 5043 3373 5113; x_wconf 84' lang='grc' dir='ltr'>προσκαλεῖσθαι</span> <span class='ocrx_word' id='word_1_822' title='bbox 3405 5047 3496 5097; x_wconf 88' lang='grc' dir='ltr'><strong>τὸν</strong></span> <span class='ocrx_word' id='word_1_823' title='bbox 3525 5045 3713 5115; x_wconf 78' lang='grc' dir='ltr'>γνώριο</span> 
     </span>
    </p>
   </div>
   <div class='ocr_carea' id='block_1_115' title="bbox 2145 5135 3703 5206">
    <p class='ocr_par' dir='ltr' id='par_1_115' title="bbox 2145 5135 3703 5206">
     <span class='ocr_line' id='line_1_115' title="bbox 2145 5135 3703 5206; baseline -0.001 -19"><span class='ocrx_word' id='word_1_824' title='bbox 2145 5154 2262 5206; x_wconf 89' lang='grc' dir='ltr'>μον,</span> <span class='ocrx_word' id='word_1_825' title='bbox 2293 5135 2528 5186; x_wconf 74' lang='grc' dir='ltr'>διδάσκει</span> <span class='ocrx_word' id='word_1_826' title='bbox 2575 5135 2660 5186; x_wconf 72' lang='grc' dir='ltr'><strong>διὰ</strong></span> <span class='ocrx_word' id='word_1_827' title='bbox 2709 5135 2909 5186; x_wconf 82' lang='grc' dir='ltr'>τούτων</span> <span class='ocrx_word' id='word_1_828' title='bbox 2954 5136 3101 5204; x_wconf 77' lang='grc' dir='ltr'>ἡμᾶς</span> <span class='ocrx_word' id='word_1_829' title='bbox 3145 5137 3226 5186; x_wconf 83' lang='grc' dir='ltr'>ὅτι</span> <span class='ocrx_word' id='word_1_830' title='bbox 3270 5135 3380 5187; x_wconf 86' lang='grc' dir='ltr'><strong>τῶν</strong></span> <span class='ocrx_word' id='word_1_831' title='bbox 3425 5139 3558 5206; x_wconf 77' lang='grc' dir='ltr'>ἡμῖν</span> <span class='ocrx_word' id='word_1_832' title='bbox 3588 5137 3703 5205; x_wconf 82' lang='grc' dir='ltr'>ἀλή·</span> 
     </span>
    </p>
   </div>
   <div class='ocr_carea' id='block_1_116' title="bbox 2143 5224 3713 5298">
    <p class='ocr_par' dir='ltr' id='par_1_116' title="bbox 2143 5224 3713 5298">
     <span class='ocr_line' id='line_1_116' title="bbox 2143 5224 3713 5298; baseline -0.001 -19"><span class='ocrx_word' id='word_1_833' title='bbox 2143 5245 2309 5288; x_wconf 85' lang='grc' dir='ltr'>πτων,</span> <span class='ocrx_word' id='word_1_834' title='bbox 2345 5227 2405 5278; x_wconf 85' lang='grc' dir='ltr'><strong>ού</strong></span> <span class='ocrx_word' id='word_1_835' title='bbox 2437 5226 2592 5296; x_wconf 82' lang='grc' dir='ltr'>μόνον</span> <span class='ocrx_word' id='word_1_836' title='bbox 2635 5225 2696 5278; x_wconf 82' lang='grc' dir='ltr'><strong>τὸ</strong></span> <span class='ocrx_word' id='word_1_837' title='bbox 2720 5224 2986 5295; x_wconf 75' lang='grc' dir='ltr'>πλήρωμα</span> <span class='ocrx_word' id='word_1_838' title='bbox 3011 5226 3110 5295; x_wconf 82' lang='grc' dir='ltr'><strong>τῆς</strong></span> <span class='ocrx_word' id='word_1_839' title='bbox 3140 5228 3194 5277; x_wconf 81' lang='grc' dir='ltr'><strong>ἐν</strong></span> <span class='ocrx_word' id='word_1_840' title='bbox 3225 5226 3506 5297; x_wconf 79' lang='grc' dir='ltr'>κεφαλαίῳ</span> <span class='ocrx_word' id='word_1_841' title='bbox 3539 5228 3713 5298; x_wconf 80' lang='grc' dir='ltr'>ἁθροι-</span> 
     </span>
    </p>
   </div>
   <div class='ocr_carea' id='block_1_117' title="bbox 2142 5317 3712 5388">
    <p class='ocr_par' dir='ltr' id='par_1_117' title="bbox 2142 5317 3712 5388">
     <span class='ocr_line' id='line_1_117' title="bbox 2142 5317 3712 5388; baseline -0.001 -17"><span class='ocrx_word' id='word_1_842' title='bbox 2142 5319 2371 5388; x_wconf 74' lang='grc' dir='ltr'>ζομένης</span> <span class='ocrx_word' id='word_1_843' title='bbox 2396 5317 2689 5388; x_wconf 82' lang='grc' dir='ltr'>ποσότητος</span> <span class='ocrx_word' id='word_1_844' title='bbox 2736 5317 3088 5387; x_wconf 75' lang='grc' dir='ltr'>διαλαμϐάνει</span> <span class='ocrx_word' id='word_1_845' title='bbox 3120 5320 3182 5388; x_wconf 80' lang='grc' dir='ltr'>τῇ</span> <span class='ocrx_word' id='word_1_846' title='bbox 3229 5317 3428 5386; x_wconf 84' lang='grc' dir='ltr'>γνώσει</span> <span class='ocrx_word' id='word_1_847' title='bbox 3453 5322 3481 5372; x_wconf 91' lang='lat'><strong>6</strong></span> <span class='ocrx_word' id='word_1_848' title='bbox 3506 5321 3568 5372; x_wconf 79' lang='grc' dir='ltr'><strong>τὸ</strong></span> <span class='ocrx_word' id='word_1_849' title='bbox 3610 5321 3712 5375; x_wconf 73' lang='grc' dir='ltr'>πᾶν</span> 
     </span>
    </p>
   </div>
   <div class='ocr_carea' id='block_1_118' title="bbox 2143 5408 3710 5480">
    <p class='ocr_par' dir='ltr' id='par_1_118' title="bbox 2143 5408 3710 5480">
     <span class='ocr_line' id='line_1_118' title="bbox 2143 5408 3710 5480; baseline -0.001 -18"><span class='ocrx_word' id='word_1_850' title='bbox 2143 5409 2428 5478; x_wconf 82' lang='grc' dir='ltr'>περιέχων,</span> <span class='ocrx_word' id='word_1_851' title='bbox 2479 5409 2613 5461; x_wconf 71' lang='grc' dir='ltr'>ἀλλὰ</span> <span class='ocrx_word' id='word_1_852' title='bbox 2658 5409 2748 5460; x_wconf 73' lang='grc' dir='ltr'>καὶ</span> <span class='ocrx_word' id='word_1_853' title='bbox 2792 5408 2859 5459; x_wconf 71' lang='grc' dir='ltr'><strong>τὰ</strong></span> <span class='ocrx_word' id='word_1_854' title='bbox 2902 5408 3020 5460; x_wconf 78' lang='grc' dir='ltr'>καθ’</span> <span class='ocrx_word' id='word_1_855' title='bbox 3060 5411 3286 5461; x_wconf 72' lang='grc' dir='ltr'>ἕκαστον</span> <span class='ocrx_word' id='word_1_856' title='bbox 3320 5410 3386 5462; x_wconf 84' lang='grc' dir='ltr'>δι’</span> <span class='ocrx_word' id='word_1_857' title='bbox 3431 5410 3710 5480; x_wconf 76' lang='grc' dir='ltr'>ἀκριϐείας</span> 
     </span>
    </p>
   </div>
   <div class='ocr_carea' id='block_1_119' title="bbox 2142 5500 3712 5572">
    <p class='ocr_par' dir='ltr' id='par_1_119' title="bbox 2142 5500 3712 5572">
     <span class='ocr_line' id='line_1_119' title="bbox 2142 5500 3712 5572; baseline 0 -18"><span class='ocrx_word' id='word_1_858' title='bbox 2142 5500 2447 5562; x_wconf 67' lang='grc' dir='ltr'>ἐπίσταται.</span> <span class='ocrx_word' id='word_1_859' title='bbox 2487 5500 2687 5552; x_wconf 74' lang='grc' dir='ltr'>Τούεου</span> <span class='ocrx_word' id='word_1_860' title='bbox 2721 5501 2878 5569; x_wconf 74' lang='grc' dir='ltr'>χάριν</span> <span class='ocrx_word' id='word_1_861' title='bbox 2911 5502 2971 5552; x_wconf 74' lang='grc' dir='ltr'>οὐ</span> <span class='ocrx_word' id='word_1_862' title='bbox 3020 5501 3176 5569; x_wconf 77' lang='grc' dir='ltr'>μόνον</span> <span class='ocrx_word' id='word_1_863' title='bbox 3210 5501 3618 5572; x_wconf 75' lang='grc' dir='ltr'>ἐξαριθμεῖσθαι</span> <span class='ocrx_word' id='word_1_864' title='bbox 3647 5502 3712 5555; x_wconf 71' lang='grc' dir='ltr'>τὰ</span> 
     </span>
    </p>
   </div>
   <div class='ocr_carea' id='block_1_120' title="bbox 2145 5591 3714 5663">
    <p class='ocr_par' dir='ltr' id='par_1_120' title="bbox 2145 5591 3714 5663">
     <span class='ocr_line' id='line_1_120' title="bbox 2145 5591 3714 5663; baseline 0.001 -19"><span class='ocrx_word' id='word_1_865' title='bbox 2145 5592 2318 5660; x_wconf 71' lang='grc' dir='ltr'>πλήθη</span> <span class='ocrx_word' id='word_1_866' title='bbox 2361 5593 2467 5644; x_wconf 77' lang='grc' dir='ltr'><strong>τῶν</strong></span> <span class='ocrx_word' id='word_1_867' title='bbox 2499 5592 2708 5660; x_wconf 77' lang='grc' dir='ltr'>ἄστρων</span> <span class='ocrx_word' id='word_1_868' title='bbox 2743 5591 2903 5643; x_wconf 77' lang='grc' dir='ltr'>αὑτοῦ</span> <span class='ocrx_word' id='word_1_869' title='bbox 2949 5595 2974 5644; x_wconf 85' lang='grc' dir='ltr'><strong>ὀ</strong></span> <span class='ocrx_word' id='word_1_870' title='bbox 3014 5593 3166 5660; x_wconf 66' lang='grc' dir='ltr'>λόγος</span> <span class='ocrx_word' id='word_1_871' title='bbox 3209 5596 3393 5663; x_wconf 63' lang='grc' dir='ltr'>φησιν,</span> <span class='ocrx_word' id='word_1_872' title='bbox 3438 5595 3574 5648; x_wconf 71' lang='grc' dir='ltr'>ἀλλὰ</span> <span class='ocrx_word' id='word_1_873' title='bbox 3622 5597 3714 5648; x_wconf 77' lang='grc' dir='ltr'>καὶ</span> 
     </span>
    </p>
   </div>
   <div class='ocr_carea' id='block_1_121' title="bbox 2143 5682 3710 5756">
    <p class='ocr_par' dir='ltr' id='par_1_121' title="bbox 2143 5682 3710 5756">
     <span class='ocr_line' id='line_1_121' title="bbox 2143 5682 3710 5756; baseline 0.008 -25"><span class='ocrx_word' id='word_1_874' title='bbox 2143 5683 2200 5749; x_wconf 80' lang='grc' dir='ltr'><strong>ἐξ</strong></span> <span class='ocrx_word' id='word_1_875' title='bbox 2235 5683 2491 5751; x_wconf 66' lang='grc' dir='ltr'>ὀνόματος</span> <span class='ocrx_word' id='word_1_876' title='bbox 2538 5682 2760 5735; x_wconf 65' lang='grc' dir='ltr'>ἕκαστον</span> <span class='ocrx_word' id='word_1_877' title='bbox 2805 5683 3212 5749; x_wconf 69' lang='grc' dir='ltr'>ἀποκαλεῖσθαι,</span> <span class='ocrx_word' id='word_1_878' title='bbox 3255 5687 3387 5755; x_wconf 73' lang='grc' dir='ltr'>ὅπερ</span> <span class='ocrx_word' id='word_1_879' title='bbox 3439 5686 3710 5756; x_wconf 71' lang='grc' dir='ltr'>σημαίνει.</span> 
     </span>
    </p>
   </div>
  </div>
