4020 6140
359 202 498 271 lost

1483 188 1757 261 CONTRA
1802 150 2184 263 insontum,
2227 194 2353 251 Lm.
2398 195 2508 248 xu.

3480 194 3616 253 {058

361 333 423 387 τὸ
474 330 635 401 μέχρι
667 330 772 382 τῶν
810 324 1320 396 λεπτομερεστέρων
1371 322 1580 392 διήκειν
1626 319 1790 372 αὑτοῦ
1843 318 1940 388 τὴν

2047 314 2313 380 signiﬁcat
2346 314 2516 381 ipsius
2545 319 2857 366 accuratam
2892 300 3226 381 diligentiam
3251 351 3265 372 ,
3294 312 3457 366 etiam
3488 314 3618 366 sub.

362 424 668 493 ἀκρίϐειαν,
714 421 805 471 καὶ
831 418 1001 480 οὕτως
1039 415 1280 486 ἀκριϐῶς
1314 413 1694 481 ἐπιγινώσκειν
1721 411 1787 461 τὰ
1822 410 1941 462 καθ’

363 515 613 574 ἕκαστον,
648 501 722 574 ὡς
750 502 778 561 ὁ
808 511 1090 580 ἄνθρωπος
1122 507 1212 559 τὸν
1246 507 1311 559 δι’
1346 507 1606 575 ὀνόματος
1637 501 1784 571 αὐτῷ
1814 519 1946 568 γνωο

370 600 666 670 ριζόμενον.
696 588 765 650 *Εἰ
804 597 859 649 δέ
886 615 967 660 τις
998 596 1144 663 λέγοι
1173 595 1334 657 ἄλλας
1373 589 1511 646 εἶναι
1549 594 1644 653 τὰς
1674 591 1823 661 παρὰ
1851 590 1943 642 τοῦ

364 692 498 746 Θεοῦ
546 693 660 754 τοῖς
708 693 927 761 ἄστροις
979 687 1330 757 ἐπικειμένας
1376 685 1575 754 φωνὰς,
1622 684 1688 746 ἀς
1732 685 1942 751 ἀγνοεῖν

364 785 531 838 οἴεται
561 786 657 854 τὴν
708 783 1054 853 ἀνθρωπίνην
1102 782 1282 851 φύσιν.
1314 782 1436 849 περὶ
1468 776 1541 831 ὧν
1576 776 1942 846 ὑπολαμϐάνει

364 876 453 930 τὸν
486 876 647 928 Δαϐὶδ
682 874 981 945 εἰρηκέναι,
1018 875 1205 944 πόρρω
1235 873 1330 940 τῆς
1359 871 1614 933 ἀληθείας
1646 874 1673 924 ὀ
1708 869 1943 931 τοιοῦτος

364 966 763 1019 ἀποπλανᾶται.
808 965 870 1016 Εἰ
910 966 1018 1034 γὰρ
1050 961 1116 1033 ἦν
1147 964 1306 1032 ἕτερα
1334 961 1426 1013 ἐπὶ¹
1451 961 1557 1012 τῶν
1587 962 1800 1031 ἄστρων
1830 954 1943 1010 ὀνό-

367 1073 533 1131 ματα,
559 1050 657 1107 οὐκ
688 1053 754 1108 ἂν
778 1055 810 1123 ή
854 1050 972 1105 θεία
999 1050 1188 1122 Γραφὴ
1227 1048 1429 1103 τούτων
1451 1046 1684 1103 ἐποιεῖτο
1725 1048 1944 1118 μνήμην

362 1147 473 1200 τῶν
511 1148 808 1217 ὀνομάτων,
841 1138 876 1198 ἃ
920 1145 977 1196 ἐν
1003 1147 1071 1214 τῇ
1115 1144 1450 1215 καταχρήσει
1494 1142 1591 1212 τῆς
1632 1139 1944 1210 Ἑλληνικῆς

368 1232 651 1307 συνηθείας
694 1230 859 1298 ἐστὶν,
892 1231 1140 1286 ·Ἢσα¹ἱου
1186 1231 1286 1302 μὲν
1328 1231 1596 1300 λέγοντος,
1661 1229 1722 1281 '0
1760 1228 1945 1281 ποιῶν

367 1324 680 1390 Πλειάδας,
731 1324 827 1379 καὶ
880 1323 1198 1392 Ἕσπερον,
1252 1322 1351 1376 καὶ
1417 1320 1787 1391 Ἀρκτοῦρον,
1847 1314 1944 1371 καὶ

367 1416 572 1486 ταμεῖα
614 1418 840 1469 Νότου·
894 1413 986 1467 τοῦ
1032 1414 1087 1467 δὲ
1141 1413 1262 1467 Ἰὼϐ
1301 1414 1391 1467 τὸν
1432 1412 1680 1483 Ὠρίωνα,
1711 1411 1803 1463 καὶ
1846 1409 1944 1478 τὴν

378 1506 624 1578 Ἀσηρὼο
665 1506 1043 1576 ὀνομάζοντοςο
1090 1515 1164 1571 ὡς
1188 1502 1251 1559 ἐκ
1282 1505 1469 1559 τούτου
1504 1503 1657 1573 δῆλον
1682 1496 1840 1566 εἶναι,
1863 1501 1944 1553 ὅτι

365 1602 473 1662 τοῖς
507 1601 564 1652 ἐν
602 1597 679 1669 τῷ
713 1598 812 1669 βίῳ
851 1598 1233 1670 τετριμμένοις
1262 1598 1488 1668 ὀνόμασι
1521 1596 1656 1667 πρὸς
1692 1594 1944 1647 διδασκα-

2047 406 2228 457 tiliora
2254 414 2308 457 et
2335 404 2572 473 partium
2604 404 2917 458 tenuiorum
2951 406 3236 472 penetrare
3256 444 3271 467 ,
3305 412 3359 457 el
3385 405 3464 457 sic
3487 418 3618 458 exa-

2045 505 2129 550 cte
2162 496 2465 565 singularia
2497 511 2829 564 cognoscere
2851 537 2864 555 .
2898 507 2956 548 ut
2982 495 3146 548 homo
3176 510 3271 563 per
3299 511 3494 550 nomen
3520 512 3617 549 vo-

2044 594 2134 641 cat
2168 603 2292 640 eum
2334 587 2427 655 qui
2466 586 2571 641 sibi
2607 594 2773 641 notus
2813 594 2897 640 est
2934 594 2988 639 et
3028 584 3336 639 familiaris.
3373 585 3529 651 Quod
3568 586 3618 641 si

2044 679 2171 748 quis
2220 679 2368 732 dicat
2415 678 2554 732 alias
2598 694 2720 733 esse
2761 693 2792 731 a
2842 676 2953 731 Deo
2996 678 3172 731 stellis
3220 657 3618 747 appellationes

2046 769 2367 839 impositas,
2405 784 2543 839 quas
2591 776 2745 838 putat
2804 770 3094 823 humanam
3149 778 3400 823 naturam
3456 770 3617 839 igno-

2043 874 2167 914 rare
2189 899 2203 922 ,
2240 860 2305 913 de
2346 860 2544 929 quibus
2575 859 2855 913 existimat
2889 858 3144 912 Davidem
3182 858 3424 925 dixisse,
3459 858 3620 927 longe.

2044 965 2074 1003 a
2111 951 2339 1004 veritate
2373 950 2498 1005 talis
2530 950 2766 1003 aberrat.
2806 949 2862 1003 Si
2900 951 3043 1004 enim
3082 951 3187 1003 alia
3218 958 3407 1004 essent
3442 945 3618 1004 stellis

2046 1036 2216 1094 indita
2277 1041 2532 1107 nomina,
2591 1040 2773 1094 divina
2836 1038 3122 1110 Scriptura
3182 1040 3378 1094 horum
3430 1041 3619 1109 utique

2045 1134 2377 1187 mentionem
2415 1132 2696 1185 nominum
2743 1148 2852 1184 non
2892 1130 3141 1196 fecisset,
3191 1148 3313 1201 quae
3348 1132 3400 1185 in
3439 1133 3616 1187 abusu

2045 1229 2244 1283 Grzccse
2278 1237 2407 1283 sunt
2437 1224 2857 1281 consuetudinis
2879 1265 2892 1287 ,
2929 1226 3068 1279 Isaia
3103 1226 3317 1280 dicente
3350 1244 3361 1279 :
3398 1225 3501 1291 Qui
3530 1224 3617 1294 fa-

2045 1323 2116 1374 cit
2153 1315 2403 1373 Pleiadas
2428 1358 2440 1377 .
2475 1327 2523 1371 et
2567 1317 2851 1386 Vesperum
2878 1356 2893 1377 ,
2925 1326 2973 1369 et
3005 1314 3293 1368 Arcturum
3316 1354 3331 1377 ,
3363 1325 3411 1368 et
3445 1332 3619 1379 prom-

2044 1415 2259 1482 ptuaria
2291 1413 2417 1465 Noti
2437 1412 2505 1476 θ’,
2536 1406 2640 1464 Job
2669 1425 2865 1479 nempe
2891 1407 3147 1463 Orionem
3180 1414 3234 1461 et
3262 1406 3495 1461 Aseroth
3528 1422 3621 1460 no-

2047 1507 2334 1571 minante;
2364 1505 2435 1557 ita
2482 1511 2541 1557 ut
2592 1519 2656 1558 ex
2705 1503 2806 1557 hoc
2849 1502 2919 1555 sit
2955 1500 3336 1570 perspicuum,
3378 1499 3523 1569 quod
3563 1499 3619 1553 in

2048 1599 2157 1652 vita
2190 1596 2334 1651 tritis
2362 1595 2675 1649 nominibus
2703 1594 2769 1647 ad
2800 1601 3045 1647 nostram
3077 1592 3380 1645 doctrinam
3410 1606 3507 1645 usa
3536 1594 3621 1645 est

364 1684 486 1743 λίαν
531 1664 1167 1762 ήμῶννσυγκέχρητάιὴ
1219 1664 1611 1760 θεία-Γραφή·
1654 1683 1795 1739 οὕτω
1852 1684 1945 1737 καὶ

2047 1688 2229 1744 divina
2269 1686 2552 1756 Scriptura
2580 1703 2594 1741 :
2630 1687 2711 1740 sic
2745 1696 2799 1740 et
2833 1685 3134 1738 Amaltheae
3174 1699 3343 1737 eorum
3428 1683 3482 1735 in
3516 1676 3622 1736 Job

378 1778 697 1852 ’Λμαλθείας
726 1778 894 1853 κέρας
924 1783 980 1834 ἐν
1008 1781 1086 1851 τῷ
1124 1781 1241 1834 Ἰὼϐ
1272 1781 1607 1850 ἀκηκόαμεν,
1653 1775 1747 1831 καὶ
1794 1775 1944 1848 παρά

361 1871 442 1942 τῷ
505 1871 702 1941 Ἡσαΐᾳ
748 1873 1067 1942 Σειρῆνας·ι
1100 1871 1191 1924 τοῦ
1248 1872 1345 1941 μὲν
1392 1868 1453 1923 τὸ
1503 1869 1789 1940 πάμφορον
1836 1869 1945 1921 τῶν

362 1960 583 2032 ἀγαθῶν
618 1964 682 2016 ὲκ
710 1964 809 2033 τῆς
857 1963 1175 2035 Ἑλληνικῆς
1203 1963 1457 2026 ὑπονοίας
1484 1959 1624 2015 οὕτω
1653 1962 1945 2031 κατονομά-

365 2054 580 2117 ζοντος⁸
644 2054 864 2107 Ἡσαΐου
913 2055 968 2107 δὲ
1012 2054 1110 2125 τὴν
1157 2054 1216 2118 ἐξ
1256 2055 1423 2124 ἀκοῆς
1476 2054 1666 2134 ἡδονὴν
1711 2053 1787 2125 τῷ
1838 2052 1946 2105 τῶν

366 2142 637 2216 Σειρήνων
690 2145 1124 2217 παραδηλοῦντος
1177 2146 1420 2216 ὀνόματι.
1472 2147 1683 2215 Ὥσπερ
1726 2142 1818 2199 οὖν
1863 2148 1946 2199 ἐν·

365 2233 536 2287 ταῦοα
561 2236 671 2297 τοῖς
701 2237 765 2287 ἐκ
805 2235 911 2287 τῶν
948 2235 1193 2306 μυθικῶν
1236 2236 1588 2307 διηγημάτων
1626 2236 1879 2306 ὀνόμασιν
1918 2232 1947 2287 ὁ

368 2326 719 2390 θεόπνευστος
743 2328 1113 2398 συνεχρήσατο
1138 2326 1313 2395 λόγος,
1346 2329 1479 2397 πρὸς
1501 2327 1559 2380 τὸ
1586 2327 1692 2381 τῶν
1721 2328 1945 2381 ἀκουόν-

363 2436 471 2471 των
512 2412 1087 2488 χρήσιμον’βλέπων’
1150 2418 1292 2472 οὕτω
1354 2420 1516 2472 κάκεῖ
1572 2419 1671 2481 τάς
1721 2420 1786 2471 ἐκ
1845 2419 1946 2491 τῆς

365 2509 708 2582 ἀνθρωπίνης
738 2512 978 2573 ἐπινοίας
1013 2514 1127 2575 τοῖς
1156 2511 1375 2582 ἄστροις
1418 2508 1801 2582 ἐπικληθείσας
1832 2528 1945 2579 φω-

365 2602 462 2663 vit;
512 2597 663 2655 εἶπεν
714 2603 1151 2669 ἀνεπαισχύντως
1214 2605 1242 2655 ὀ
1302 2603 1491 2671 λόγος,
1545 2602 1809 2656 διδάσκων
1864 2603 1945 2654 ὅτι

373 2694 483 2745 πᾶν
526 2694 757 2762 πρᾶγμα
804 2692 962 2763 παρά
996 2695 1109 2755 τοῖς
1162 2692 1464 2763 ἀνθρώποις
1526 2694 1943 2764 ὀνομαζόμενον,

364 2779 433 2834 ὲκ
489 2780 622 2833 Θεοῦ
664 2782 760 2851 τὴν
807 2780 1038 2850 ὕπαρξιν
1089 2781 1234 2852 ἔχει,
1294 2782 1355 2834 τὸ
1410 2785 1640 2852 πρᾶγμα
1703 2784 1823 2853 οὐχὶ
1884 2782 1944 2835 τὸ

363 2868 557 2939 δνομα.
605 2871 678 2922 Οὐ
732 2870 838 2942 γὰρ
876 2873 904 2924 ὁ
946 2870 1245 2940 ὀνομάζων,
1296 2864 1408 2924 ἀλλ’
1469 2871 1520 2923 '0
1561 2869 1762 2934 ποιῶν,
1791 2874 1943 2939 φησι,

364 2958 647 3024 Πλειάδα,
686 2961 789 3013 καὶ
820 2961 1146 3030 ’Ἑσπεροη
1189 2961 1286 3016 καὶ
1327 2962 1702 3031 Ἀρκτοῦρον.
1741 2963 1946 3015 Οὐκοῦν

369 3051 570 3115 ίκανῶς
600 3049 754 3124 οἶμαι
778 3053 867 3107 διὰ
896 3053 1005 3106 τῶν
1051 3054 1351 3124 εἰρημένων
1381 3054 1473 3106 καὶ
1518 3054 1607 3106 τὸν
1650 3053 1814 3106 Δαὸὶδ
1847 3053 1943 3122 τῆς

366 3141 637 3216 ὑμετέρας
669 3144 987 3215 ὑπολήψεως
1030 3144 1317 3216 σύμμαχον
1348 3144 1742 3214 ἀποδεδεῖχθαι,
1793 3146 1853 3197 οὐ
1885 3146 1944 3198 τὸ

368 3235 759 3305 κατονομάζειν
786 3234 875 3289 τὸν
900 3235 1032 3289 Θεὸν
1058 3236 1128 3288 τὰ
1170 3236 1344 3306 ἄστρα
1368 3236 1457 3288 διὰ
1483 3236 1582 3306 τῆς
1612 3236 1945 3307 προφητείας

365 3326 705 3391 διδάσκοντα,
734 3327 868 3381 ἀλλά
891 3327 950 3381 τὸ
977 3328 1216 3399 ἀκριϐῶς
1237 3327 1524 3397 γινώσκειν
1551 3329 1691 3380 κατά
1719 3327 1814 3399 τὴν
1837 3328 1944 3382 τῶν

367 3418 671 3491 ἀνθρώπων
703 3418 990 3492 συνήθειαν
1017 3420 1124 3472 τῶν
1155 3418 1393 3483 ἐκείνους
1424 3419 1656 3489 μάλιστα
1690 3417 1756 3472 δι’
1786 3421 1944 3489 ἀκρι-

370 3507 520 3575 ϐείας
552 3511 953 3581 ἐπισταμένων,
980 3510 1072 3574 οὒς
1098 3510 1191 3564 καὶ
1221 3511 1481 3583 ὀνομαστὶ.
1521 3508 1944 3580 προσκαλεῖσθαι

368 3600 454 3657 διὶι
484 3603 681 3675 πολλὴν
724 3577 1011 3674 συνήθειαν
1030 3577 1328 3677 ,δύνανταιί
1458 3577 1478 3601 δ

438 3695 502 3749 Εἰ
533 3678 719 3766 δέψχρὴ
753 3696 846 3748 καὶ
880 3695 977 3767 τὴν
1010 3693 1161 3764 παρά
1201 3692 1310 3746 τῶν
1348 3691 1553 3746 πολλῶν
1581 3692 1673 3746 ἐπὶ
1710 3695 1821 3757 τοῖς
1856 3696 1946 3766 ρη-

369 3786 480 3851 τοῖς
506 3786 714 3852 τούτοις
739 3788 836 3857 τῆς
876 3786 1195 3857 ψαλμῳδίας
1227 3786 1480 3839 ἐκθέσθαι
1519 3785 1776 3849 διάνοιαν,
1798 3786 1945 3839 ⁵πολὺ

374 3876 570 3950 μᾶλλον
590 3878 1054 3950 ἀπελεγχθήσεται
1082 3878 1142 3931 τὸ
1168 3878 1393 3949 μάταιον
1411 3881 1508 3949 τῆς
1530 3879 1790 3949 Εὑνομίου
1819 3879 1946 3950 περὶ

370 3969 573 4023 τούτων
601 3970 846 4042 οἰήσεως.
882 3969 1116 4037 Λέγουσι
1156 3969 1263 4040 γάρ
1290 3971 1339 4022 oi.
1396 3969 1810 4041 ἐπιμελέστερον
1859 3966 1947 4033 ἐξ·

374 4054 634 4126 ητακότες
679 4060 769 4113 τὸν
802 4060 926 4112 νοῦν
970 4061 1068 4129 τῆς
1106 4058 1461 4113 θεοπνεύστου
1491 4060 1711 4132 Γραφῆς
1756 4061 1835 4113 ὅτι
1885 4061 1946 4112 οὐ

372 4150 551 4203 πάντα
581 4150 649 4203 τὰ
682 4150 810 4203 ὅντα
841 4151 940 4221 τῆς
980 4150 1129 4213 Θείας
1163 4151 1308 4203 ἐστὶν
1348 4150 1757 4221 ὲξαριθμήσεως
1784 4150 1907 4214 ἄξια
1929 4164 1961 4219 ’ί

372 4241 429 4293 ἐν
472 4258 532 4293 τε
576 4242 684 4312 γὰρ
730 4244 842 4304 τοῖς
889 4242 1261 4310 εὐαγγελικοῐς
1306 4242 1496 4306 σιτίοις
1543 4244 1655 4304 τοῖς
1700 4241 1945 4309 γεγονόσι

2048 1782 2395 1847 audivimus;
2430 1788 2484 1835 et
2517 1779 2659 1850 apud
2696 1778 2889 1834 lsaiam
2925 1776 3185 1832 Sirenes:
3232 1777 3325 1829 illo
3356 1773 3575 1846 quidem
3600 1813 3619 1840 ,

2048 1889 2242 1942 nempe
2269 1870 2408 1936 Job,
2445 1872 2708 1926 bonorum
2746 1884 2961 1925 omnem
3014 1868 3341 1922 afﬂuentiam
3372 1883 3437 1922 ex
3473 1864 3623 1920 Grac-

2047 1966 2237 2019 canica
2268 1963 2524 2034 opinione
2556 1962 2636 2018 sic
2663 1952 3051 2016 denominante
3078 1979 3093 2028 ;
3125 1961 3266 2015 Isaia
3300 1973 3431 2015 vero
3460 1959 3620 2012 volu-

2048 2064 2250 2126 ptatem
2293 2070 2360 2108 ex
2406 2054 2594 2109 auditu
2640 2060 2951 2123 perceptam
2987 2045 3242 2105 Sirenum
3277 2050 3498 2104 nomine
3528 2044 3620 2103 dc-

2046 2149 2310 2202 clarante.
2342 2144 2809 2211 Quemadmodum
2838 2144 3004 2213 igitur
3030 2142 3342 2198 nominibus
3369 2158 3432 2196 ex
3464 2141 3619 2196 faint-

2046 2239 2177 2293 losis
2221 2237 2625 2291 narrationibus
2659 2251 2840 2291 sermo
2870 2235 3131 2289 divinitus
3164 2235 3469 2303 inspiratus
3504 2234 3618 2286 illic

2048 2345 2185 2386 usus
2213 2336 2325 2394 est,
2359 2329 2423 2383 ad
2460 2327 2799 2382 audientium
2849 2327 3140 2380 utilitatem
3192 2334 3486 2394 spectans:
3536 2325 3618 2381 sic

2045 2425 2207 2477 etiam
2242 2422 2329 2476 hic
2358 2412 2427 2476 ex'
2454 2422 2690 2474 lnunana
2720 2416 3181 2473 commentatione
3224 2417 3397 2472 stellis
3443 2416 3619 2485 impo-

2046 2516 2180 2569 sitas
2213 2513 2609 2583 appellationes
2660 2511 2798 2565 dixit
2856 2507 3226 2563 inverecunde
3273 2523 3489 2572 sermo,
3518 2507 3618 2561 do-

2045 2623 2176 2660 cens
2206 2621 2317 2659 rem
2346 2619 2600 2667 omnem,
2636 2618 2757 2672 qua:
2788 2602 2858 2655 ab
2906 2601 3223 2655 hominibus
3275 2600 3615 2660 nominatur,

2045 2714 2075 2752 a
2109 2698 2216 2752 Deo
2262 2695 2638 2750 exsistentiam
2687 2694 2888 2746 habere
2910 2734 2923 2757 ,
2958 2706 3151 2761 nempe
3182 2707 3295 2744 rem
3320 2731 3334 2751 ,
3372 2706 3482 2744 non
3513 2705 3612 2743 no-

2045 2806 2190 2842 men.
2222 2787 2338 2840 Non
2371 2786 2514 2839 enim
2547 2785 2699 2848 dicit,
2734 2783 2826 2853 qui
2861 2783 3143 2845 nominat,
3194 2781 3313 2846 sed,
3347 2781 3451 2848 Qui
3485 2782 3616 2850 facit

2049 2878 2306 2943 Pleiade,
2338 2887 2386 2930 et
2424 2876 2705 2945 Vesperum
2735 2916 2751 2941 ,
2803 2884 2853 2927 et
2904 2872 3202 2926 Arcmrum.
3250 2872 3614 2936 Quamobrem

1974 2992 2017 3046 ρ
2052 2968 2266 3023 abunde
2299 2984 2391 3037 per
2419 2969 2562 3021 dicta
2599 2976 2653 3022 et
2696 2965 2953 3020 Davidem
2996 2972 3200 3019 nostra:
3243 2963 3489 3034 Opinioni
3536 2962 3617 3017 fa-

2048 3076 2173 3115 vere
2203 3060 2397 3130 opinor
2440 3074 2563 3114 esse
2610 3058 3044 3111 demonstratum
3078 3056 3360 3111 docentem
3395 3070 3491 3123 per
3521 3070 3617 3108 va-

2048 3152 2296 3208 ticinium
2336 3150 2503 3205 Deum
2538 3164 2648 3202 non
2699 3149 2885 3202 stellas
2918 3147 3233 3209 nominare,
3281 3145 3377 3201 sed
3425 3153 3619 3201 exacte

2047 3258 2381 3315 cognoscere
2434 3239 2738 3296 secundum
2796 3238 3079 3291 hominum
3125 3235 3617 3300 consuetudinem,

2048 3337 2139 3407 qui
2173 3337 2272 3390 hos
2298 3332 2533 3387 maxime
2560 3340 2613 3385 et
2638 3328 2874 3399 perfecte
2906 3338 3127 3391 norunt,
3155 3344 3294 3396 quos
3324 3327 3487 3382 etiam
3518 3342 3617 3379 no-

2049 3430 2297 3484 minatim
2345 3435 2566 3497 propter
2594 3425 2819 3477 multam
2858 3421 3310 3477 consuetudinem
3343 3420 3619 3490 appellare

2049 3528 2299 3586 possunt.

2119 3698 2276 3765 Quod
2307 3697 2352 3751 si
2385 3703 2598 3766 oportet
2628 3695 2792 3748 etiam
2825 3694 2880 3747 in
2915 3694 3001 3747 his
3030 3692 3191 3747 dictis
3221 3691 3382 3760 hujus
3418 3688 3619 3743 cantici

2051 3807 2080 3845 a
2136 3790 2322 3844 multis
2374 3788 2626 3842 traditam
2685 3785 3011 3840 sententiam
3062 3785 3392 3853 explanare,
3448 3782 3621 3835 multo

2051 3883 2226 3954 magis
2256 3882 2468 3935 vanitas
2499 3877 2775 3948 opinionis
2799 3919 2813 3940 ,
2869 3892 3031 3945 quam
3079 3876 3145 3929 de
3192 3875 3277 3929 his
3313 3874 3474 3928 habet
3510 3873 3620 3928 Ειι-

2048 3973 2303 4034 nomius,
2338 3970 2642 4025 refelletur.
2680 3967 2814 4022 Nam
2844 3969 2934 4036 qui
2968 3968 3285 4036 diligentius
3321 3967 3629 4036 Scriptura:

2049 4063 2315 4118 divinitus
2362 4061 2644 4131 inspirata:
2689 4067 2925 4114 ruentem
2967 4058 3381 4129 exquisiverunt
3429 4058 3621 4111 dicunt

2050 4158 2195 4229 quod
2229 4172 2337 4210 non
2369 4156 2553 4209 omnia
2581 4170 2702 4223 qua:
2729 4161 2857 4209 sunt
2879 4154 3061 4206 divina
3089 4152 3469 4205 numeratione
3494 4158 3623 4204 sunt

2050 4250 2216 4320 digna
2243 4266 2255 4301 :
2286 4249 2332 4302 si
2360 4247 2580 4317 quidem
2607 4246 2660 4299 in
2689 4244 3020 4313 evangelicis
3043 4243 3410 4296 cibationibus
3443 4244 3494 4295 in
3523 4242 3623 4296 dc-

370 4331 513 4385 κατὰ
540 4332 637 4401 τὴν
680 4331 904 4403 ἔρημον,
941 4330 1062 4384 οὕτε
1112 4333 1174 4386 τὸ
1212 4334 1500 4404 νηπιῶδες,
1530 4332 1652 4385 οὔτε
1680 4333 1741 4385 τὸ
1766 4351 1946 4401 γυναι-

2053 4348 2201 4396 serto
2232 4340 2426 4404 factis,
2461 4352 2640 4406 tneque
2672 4336 2897 4405 puerilis
2930 4343 3097 4397 tetas,
3132 4349 3307 4402 neque
3342 4334 3623 4387 muliebris

373 4427 518 4477 κεῖον
550 4423 781 4495 ἀριθμοῦ
815 4423 963 4491 ἄξιον
997 4426 1254 4496 ἐνομίσθη
1280 4443 1293 4457 ·
1332 4426 1427 4478 καὶ
1460 4426 1517 4478 ἐν
1548 4429 1615 4497 τῇ
1657 4424 1820 4494 ἐξόδῳ
1855 4423 1947 4476 τοῦ

350 4515 714 4585 “’1σραηλίτου
765 4515 894 4570 λαοῦ
940 4517 1089 4587 μόνοι
1128 4516 1206 4586 τῷ
1248 4518 1465 4587 ἀριθμῷ
1500 4519 1870 4590 κατελέγησαν
1902 4520 1950 4572 οἱ

378 4604 473 4674 ἤδη
509 4605 647 4679 κατά
680 4602 785 4656 τῶν
835 4606 1041 4677 ἐχθρῶν
1091 4607 1231 4659 ὅπλα
1283 4609 1465 4679 φέρειν
1512 4611 1605 4661 καὶ
1647 4608 1952 4679 ἀριστεύειν

374 4676 678 4763 δυνάμενοι.
727 4692 861 4747 Οὔτε
906 4695 1015 4765 γὰρ
1067 4694 1283 4749 πάντων
1333 4696 1401 4749 τὰ
1449 4697 1684 4767 ὀνόματα
1730 4697 1954 4750 τοιαῦτά

375 4785 541 4847 ἐστιν,
577 4785 650 4849 ὼς
674 4785 761 4839 διά
786 4785 877 4839 τοῦ
909 4784 1052 4838 θείου
1095 4787 1356 4858 στόματος
1387 4786 1664 4858 φέρεσθαι,
1689 4789 1803 4842 ἀλλ’
1830 4792 1952 4859 ἀρι-

377 4877 592 4947 θμεῖται
629 4878 725 4951 μὲν
770 4879 825 4933 ετ
859 4898 912 4933 τι
951 4876 1113 4933 καλόν
1152 4898 1211 4932 τε
1254 4880 1348 4935 καί¹
1386 4880 1664 4952 οὐράνιον·
1706 4881 1734 4934 ὃ
1773 4881 1860 4935 διὰ
1892 4883 1953 4935 τὸ

378 4964 509 5041 ὕψος
535 4971 635 5042 τῆς
662 4973 934 5035 πολιτείας
972 4972 1167 5043 ἀμιγὲς
1201 4972 1356 5042 μένον
1385 4972 1483 5042 τῆς
1514 4974 1649 5045 πρὸς
1672 4974 1764 5028 τὸν
1792 4973 1953 5044 ζόφον

375 5062 674 5134 ἐπιμιξίας,
713 5065 910 5136 ἄστρον
939 5064 1151 5133 λέγεται
1180 5079 1193 5092 '
1237 5065 1558 5134 ὀνομάζεται
1591 5067 1647 5119 δὲ
1680 5068 1732 5120 ετ
1754 5085 1806 5120 τι
1834 5069 1951 5120 κατ’

374 5155 536 5208 αὑτὸν
583 5152 671 5208 τὸν
714 5155 868 5225 λόγον
900 5156 989 5208 τοῦ
1020 5156 1358 5228 ἐγγραφῆναι
1386 5159 1503 5219 ταῖς
1542 5156 1709 5221 Θείαις
1747 5158 1950 5223 δέλτοις

378 5244 525 5316 ἄξιον
566 5246 791 5313 γίνεται.
843 5247 976 5319 Περὶ
1008 5247 1115 5316 γὰρ
1144 5248 1252 5300 τῶν
1282 5248 1611 5302 ὑπεναντίων
1652 5252 1836 5320 φησὶν,
1869 5252 1949 5304 ὅτι

384 5334 466 5387 Οὑ
487 5333 572 5403 μὴ
599 5336 849 5402 μνησθῶ
880 5335 997 5389 τῶν
1016 5338 1319 5406 ὀνομάτων
1352 5336 1550 5392 αὐτῶν
1576 5336 1673 5391 διὰ
1704 5339 1951 5407 χειλέων

376 5442 516 5496 μου.
550 5425 813 5495 Ὀνόματα
832 5426 908 5490 δὲ,
931 5423 1016 5480 οἷα
1036 5429 1143 5489 τοῖς
1160 5425 1419 5489 τοιούτοις
1439 5427 1711 5483 ἐπιϐάλλει
1733 5429 1950 5502 ἄστροις

454 5600 623 5657 "lsa.
653 5617 770 5671 xm,
804 5603 891 5657 (52.
1003 5605 1047 5636 ⁸³
1084 5602 1228 5661 Psal.
1265 5622 1353 5675 xv,
1380 5608 1433 5663 4.

2046 4445 2211 4485 sexus
2241 4442 2470 4482 numero
2495 4427 2658 4496 digna
2683 4425 2995 4481 existimata
3024 4432 3191 4479 sunt:
3224 4432 3277 4477 et
3308 4424 3360 4476 in
3391 4439 3621 4493 egressu

2049 4518 2231 4588 populi
2262 4517 2543 4572 lsraelitici
2578 4516 2680 4569 soli
2712 4531 2941 4569 numero
2973 4515 3187 4568 collecti
3220 4526 3346 4568 sunt
3382 4515 3474 4582 qui
3508 4513 3622 4581 jam

2048 4617 2237 4664 contra
2269 4608 2454 4663 hostes
2480 4622 2631 4661 arma
2659 4606 2798 4661 ferre
2829 4617 2882 4659 et
2919 4605 3214 4660 fortissime
3244 4620 3485 4673 pugnare
3518 4620 3620 4674 po-

2050 4708 2251 4756 terant.
2287 4698 2476 4769 Neque
2509 4698 2654 4752 enim
2689 4696 2933 4749 omnium
2974 4696 3193 4749 nomina
3225 4696 3353 4748 talia
3388 4704 3516 4750 sunt
3564 4704 3622 4749 ut

2051 4808 2148 4846 ore
2176 4790 2363 4844 divino
2395 4788 2710 4850 efferantur,
2744 4786 2838 4841 sed
2887 4792 3209 4838 numeratur
3251 4784 3296 4839 si
3333 4784 3464 4856 quid
3502 4786 3624 4855 pul-

2052 4884 2244 4937 chrum
2274 4888 2328 4936 et
2353 4880 2579 4935 ccelcste
2604 4896 2619 4933 :
2653 4878 2796 4946 quod
2831 4884 3049 4947 propter
3073 4877 3414 4930 altitudinem
3443 4885 3623 4931 status

2053 4976 2169 5029 sive
2217 4971 2632 5043 gubernationis
2676 4970 2744 5023 ab
2787 4969 2934 5023 omni
2978 4970 3258 5023 consortio
3292 4968 3541 5039 caliginis
3571 4976 3626 5022 et

2055 5065 2420 5122 obscuritatis
2450 5065 2728 5119 sincerum
2762 5062 3175 5132 immistumque
3208 5070 3430 5124 manet,
3463 5060 3622 5113 stella

2054 5160 2296 5224 dicitur;
2332 5156 2646 5211 nominatur
2687 5162 2868 5208 autem
2910 5156 2957 5209 si
3002 5153 3132 5223 quid
3174 5153 3365 5208 eadem
3412 5149 3623 5201 ratione

2057 5256 2112 5308 in
2144 5249 2346 5306 divinis
2374 5247 2553 5302 Libris
2580 5246 2785 5316 scriptu
2816 5246 3035 5316 dignum
3067 5244 3360 5297 invenitur.
3389 5238 3521 5291 Nam
3553 5239 3624 5292 de

2058 5341 2388 5399 adversariis
2410 5341 2484 5394 ait
2513 5339 2655 5411 quod
2675 5380 2689 5403 ,
2721 5336 2843 5391 Non
2874 5338 3154 5390 meminero
3181 5332 3450 5385 nominum
3484 5331 3618 5396 ipso-

2062 5450 2178 5490 rum
2210 5449 2302 5503 per
2330 5431 2472 5486 labia
2503 5446 2617 5484 mea
2644 5428 2711 5480 ³³.
2739 5425 2968 5482 Nomina
3000 5430 3178 5478 autem
3210 5420 3394 5491 qualia
3421 5421 3619 5475 talibus
