4056 6146
397 146 420 200 1
433 147 535 204 059

1614 90 1684 190 ἐ.
1710 135 2043 192 GREGORll
2073 136 2365 194 NYSSENI

3509 137 3654 193 1060

396 255 630 326 imponit
660 252 835 309 stellis
871 247 1132 304 Dominus
1155 285 1169 308 ,
1208 242 1502 298 manifeste
1537 258 1599 297 ex
1631 243 1787 300 lsaite
1818 244 1953 299 vati—

2071 250 2086 300 5
2113 248 2333 319 Κύριος,
2365 248 2548 318 σαφῶς
2589 247 2738 319 παρὰ
2765 247 2860 316 τῆς
2899 245 3115 300 ’11σαῖου
3150 247 3486 316 προφητείας
3509 252 3648 319 ἐμά.-

397 349 546 404 cinio
603 345 930 406 didicimus,
983 337 1128 408 quod
1174 336 1306 390 dicit
1352 353 1366 389 :
1420 334 1611 389 Voconi
1651 346 1698 390 te
1759 338 1964 390 nomine

398 451 488 494 tuo
516 479 530 504 ,
566 453 709 490 meus
739 451 792 489 es
825 442 880 486 tu
914 431 978 484 ⁸⁸.
1017 429 1198 495 Quare
1231 427 1277 483 si
1310 427 1435 498 quis
1470 430 1711 496 seipsum
1747 443 1966 498 posses-

397 532 604 586 sionem
637 527 730 581 Dei
777 523 942 586 facit,
975 521 1104 576 huic
1135 535 1334 574 nomen
1382 535 1520 588 opus
1569 519 1822 574 eﬂicitur.
1858 517 1964 574 Sed

398 623 511 674 hinc
541 617 762 688 quidem
801 616 1071 678 habeant,
1114 609 1389 682 quomodo
1437 611 1638 665 habere
1679 611 1967 665 vidcantur

398 710 722 780 legentibus.
781 705 935 772 Quod
993 712 1174 757 autem
1237 700 1424 771 adjicit
1480 701 1679 766 dictis,
1737 700 1965 755 exordia

396 801 581 855 mundi
613 797 906 853 creationis
944 794 1136 849 testari
1174 809 1203 847 a
1242 792 1351 847 Deo
1393 791 1556 846 rebus
1584 806 1746 847 voces
1791 792 1966 861 impo-

395 893 528 945 sitas
587 889 799 951 fuisse,
860 900 1094 956 quorum
1151 883 1368 954 quidem
1429 884 1485 937 in
1539 883 1968 953 praecedentibus

394 982 610 1036 aliunde
645 981 780 1035 satis
818 979 1251 1034 examinatorum
1284 989 1743 1045 supervacaneam
1782 975 1968 1045 judico

395 1074 777 1144 repetitionem
799 1113 814 1136 ,
844 1077 897 1124 et
929 1068 1122 1122 Adami
1150 1082 1336 1122 vocem
1367 1081 1528 1136 quam
1567 1067 1880 1138 prophetice
1914 1067 1969 1120 in

393 1165 671 1218 Christum
704 1170 756 1218 et
783 1161 1078 1215 Ecclesium
1107 1158 1301 1212 factam
1326 1156 1454 1211 dicit
1476 1155 1772 1226 Apostolus
1789 1157 1856 1221 ⁸⁵,
1889 1158 1970 1212 in-

395 1263 726 1325 terpretetur
756 1267 856 1322 pro
884 1251 1113 1304 arbitrio
1146 1249 1235 1303 hic
1263 1249 1406 1303 sicut
1437 1249 1569 1301 vult.
1601 1248 1794 1304 Nullus
1825 1250 1970 1303 enim

395 1349 470 1401 ita
505 1347 737 1402 stolidus
770 1354 823 1398 et
853 1343 1034 1396 fatuus
1058 1381 1073 1404 ,
1109 1349 1167 1393 ut
1197 1356 1319 1394 cum
1349 1338 1552 1394 Paulus
1584 1339 1969 1409 mysteriorum

392 1439 611 1492 occulta
646 1438 698 1490 in
727 1435 928 1488 virtute
963 1431 1202 1500 Spiritus
1244 1429 1403 1483 nobis
1451 1430 1808 1495 revelavcrit,
1854 1429 1966 1483 Eu-

393 1529 638 1583 nominm
675 1524 984 1580 divinorum
1022 1521 1371 1590 interpretem
1409 1517 1514 1574 ﬁde
1547 1518 1850 1589 dignionem
1887 1518 1968 1572 fa-

392 1721 721 1783 pugnantem
747 1749 761 1774 ,
795 1717 848 1762 et
880 1721 988 1762 non
1033 1707 1102 1761 ab
1141 1705 1351 1758 Adamo
1398 1703 1704 1757 helluarum
1753 1701 1967 1771 species

392 1805 699 1858 nominatas
748 1813 904 1864 esse,
965 1811 1060 1868 per
1115 1795 1281 1864 hujus
1336 1793 1467 1848 dicti
1527 1792 1964 1862 explanationem

391 1903 637 1950 astruere
690 1896 1121 1960 extorquentem.
1178 1885 1356 1957 Ipsius
1408 1900 1626 1955 quoque
1676 1893 1964 1938 contume-

393 1988 527 2042 liosa
568 1984 729 2038 verba
778 1991 1190 2052 praetereantur,
1250 1986 1416 2048 atque
1469 1977 1559 2030 illa
1616 1975 1827 2045 ingrata
1880 1975 1967 2028 in—

392 2077 582 2141 scitia,
632 2083 685 2129 et
728 2073 894 2127 veluti
948 2071 1072 2125 ﬁmo
1118 2078 1172 2124 et
1225 2077 1468 2124 stercore
1527 2077 1801 2122 macerata
1860 2081 1966 2119 vox

392 2184 514 2222 cum
545 2173 807 2220 consueta
841 2163 953 2217 oris
987 2161 1284 2216 festivitate
1304 2199 1317 2225 ,
1352 2159 1466 2212 haec
1497 2166 1689 2211 contra
1718 2166 1966 2213 nostrum

390 2255 670 2313 doctorem
706 2255 990 2310 disserens
1014 2293 1028 2316 ,
1058 2252 1314 2306 loliorum
1365 2257 1603 2306 satorem
1646 2249 1926 2318 appellans
1949 2287 1966 2313 ,

391 2357 445 2402 et
475 2349 689 2403 fructus
724 2346 1069 2416 putredinem
1091 2384 1106 2409 ,
1139 2352 1194 2400 et
1227 2341 1502 2397 Valentini
1537 2341 1838 2412 perniciem
1867 2381 1881 2404 ,
1915 2350 1970 2396 et

391 2440 461 2492 ab
495 2439 589 2493 illo
625 2437 860 2491 fructum
893 2449 1053 2504 quem
1086 2432 1142 2486 in
1171 2433 1353 2486 animo
1383 2429 1625 2486 auctoris
1654 2416 1966 2484 acervatum

392 2546 515 2586 esse
547 2536 828 2594 autumat;
864 2536 918 2582 et
961 2526 1171 2595 reliqua
1217 2524 1491 2579 dictorum
1539 2523 1844 2578 insuavitas
1888 2521 1966 2577 si-

395 2623 563 2676 lentio
642 2620 970 2683 involvatur,
1031 2617 1482 2689 quemadmodum
1541 2629 1768 2684 corpora
1824 2613 1966 2684 putri

394 2714 523 2768 tabo
557 2713 820 2782 liquentia
849 2720 995 2766 terra
1034 2711 1229 2765 obruta
1256 2749 1268 2768 .
1303 2723 1372 2764 ne
1405 2707 1593 2762 multis
1623 2721 1720 2776 per
1752 2705 1966 2761 turbam

393 2813 614 2860 tetrum'
631 2805 852 2860 odorem
883 2803 1151 2859 emittant.

467 2984 572 3040 Sed
600 2985 664 3039 ad
697 3000 758 3039 ea
789 2999 909 3056 quae
941 2984 1008 3038 ab
1039 2998 1105 3038 eo
1130 2983 1386 3052 deinceps
1414 2982 1558 3036 dicta
1595 2989 1744 3047 sunt,
1781 2987 1963 3038 trans-

396 3074 620 3130 ferenda
645 3082 727 3128 est
754 3075 953 3128 oratio.
980 3072 1194 3144 Rursus
1225 3072 1371 3126 enim
1407 3073 1697 3142 quamdam
1723 3072 1964 3128 doctoris

397 3167 689 3220 dictionem
723 3173 944 3230 tractat,
975 3180 1094 3234 qua:
1127 3165 1198 3216 ita
1228 3163 1388 3217 habet
1418 3183 1429 3217 :
1457 3163 1532 3232 (a)
1572 3163 1966 3232 lncorruptibi-

397 3259 497 3312 tem
528 3259 666 3311 enim
689 3267 737 3310 et
786 3256 1073 3326 ingenitum
1107 3253 1272 3307 Deum
1325 3255 1687 3308 universorum
1719 3253 1963 3318 dicimus,

397 3351 679 3403 secundum
724 3348 956 3402 diversos
1003 3336 1192 3399 mentis
1228 3353 1503 3413 conceptus
1549 3343 1628 3396 his
1669 3344 1966 3397 nominibus

397 3451 620 3494 utentes.
650 3439 783 3495 Cum
808 3440 945 3492 enim
972 3437 1042 3489 ad
1077 3445 1218 3488 retro
1249 3434 1396 3501 lapsa
1450 3437 1643 3486 swcuta
1681 3435 1964 3497 intuemur,

400 3531 496 3583 I)ei
518 3533 674 3583 vitam
724 3546 926 3582 onmem
958 3525 1516 3590 circumscriptionem,
1554 3523 1632 3576 vel
1661 3539 1812 3577 omne
1831 3525 1969 3591 prin-

398 3621 592 3686 cipium
625 3624 956 3683 superantem
987 3614 1324 3672 invenientes,
1349 3613 1517 3677 ipsum
1564 3612 1850 3680 ingenitum
1889 3612 1970 3663 di-

399 3711 606 3771 cimus;
642 3724 758 3760 cum
805 3718 923 3759 vero
957 3706 1008 3757 in
1052 3707 1248 3758 swcuta
1293 3704 1707 3772 supervenit-mia
1750 3714 1968 3759 mentem

398 3797 737 3864 intendimus,
784 3811 900 3850 eum
933 3796 1019 3864 qui
1079 3795 1144 3848 sit
1194 3794 1436 3862 inﬁnitus
1481 3803 1530 3847 et
1567 3795 1964 3860 interminatus,

405 3889 656 3956 nulloque
686 3888 787 3955 [ine
823 3882 1322 3951 comprehensibilis,
1370 3884 1819 3951 incorruptibilem
1875 3903 1970 3955 ap-

402 3979 742 4048 pellavimus.
783 3975 849 4029 Ut
887 3975 1050 4044 igitur
1094 3973 1231 4042 quod
1273 3974 1393 4026 vita:
1432 3973 1636 4026 nullum
1676 3974 1828 4028 habet
1863 3986 1970 4029 ter-

303 4125 314 4130 _
399 4071 602 4123 minam
636 4064 1056 4134 incorruptibile,
1100 4064 1175 4116 sic
1206 4063 1342 4133 quod
1372 4063 1484 4131 ejus
1511 4063 1768 4131 principio
1805 4075 1967 4129 caret,

400 4159 684 4230 ingenitum
707 4154 1098 4209 denominatum
1125 4162 1223 4216 est,
1247 4150 1372 4203 dum
1398 4151 1507 4204 lucc
1545 4167 1634 4219 per
1655 4164 1972 4206 commenta-

2065 338 2248 408 θομεν,
2291 339 2324 408 ἦ
2370 356 2549 409 φησιν·
2588 335 2887 391 Ἐκάλεσά
2924 352 2996 390 σε
3042 336 3109 389 τὸ
3137 336 3322 406 ὄνομά
3346 353 3486 401 σου,
3512 339 3649 408 ἐμὸς

2064 424 2121 481 εἴ
2145 429 2248 483 σύ.
2299 429 2462 480 Ὥστε
2497 428 2550 480 εἴ
2594 445 2678 490 τις
2710 427 2901 480 ἑαυτὸν
2947 427 3133 496 κτῆμα
3177 428 3323 479 ποιεῖ
3353 427 3449 480 τοῦ
3492 428 3654 498 Θεοῦ,

2065 522 2232 592 ὄνομα
2251 520 2421 590 τούτῳ
2448 519 2509 573 τὸ
2535 518 2696 590 ἔργον
2724 519 2949 587 γίνεται.
2991 516 3341 582 umnam
3361 517 3461 588 μὲν
3481 519 3656 588 ἐχέτω

2065 615 2211 685 ὅπως
2233 614 2296 666 ἂν
2326 611 2466 683 ἔχειν
2485 611 2611 683 δόξῃ
2645 613 2756 674 τοῖς
2787 609 3221 680 ἐντυγχάνουσιν.
3259 609 3323 662 Ὃ
3348 608 3406 662 δὲ
3430 611 3656 680 προστίο

2067 703 2192 772 θησι
2223 705 2332 764 τοῖς
2361 699 2689 772 εἰρημένοις,
2721 699 2788 752 τὰ
2817 697 3009 769 πρῶτα
3033 697 3133 768 τῆς
3156 699 3547 768 κοσμογενείας
3572 701 3655 764 είς

2072 794 2373 864 μαρτυρίαν
2415 793 2508 847 τοῦ
2553 794 2705 864 παρὰ
2734 793 2826 847 τοῦ
2868 793 3004 847 Θεοῦ
3051 797 3163 857 τοῖς
3194 787 3314 846 οὖσι
3345 794 3444 856 τὰς
3469 793 3656 863 φωνὰς

2068 885 2314 938 κεῖσθαι·
2355 878 2536 956 ὧνπερ
2561 888 2623 939 ἐν
2651 888 2760 949 τοῖς
2793 885 3018 939 κατόπιν
3043 885 3425 955 ὲξητασμένων
3453 886 3656 952 ἱκανῶς

2069 975 2325 1048 περιττὴν
2355 974 2524 1046 κρίνω
2551 975 2647 1047 τὴν
2689 973 3050 1045 ἐπανάληψιν,
3079 973 3173 1026 καὶ
3205 973 3305 1043 τὴν
3342 971 3436 1026 τοῦ
3479 972 3654 1043 ’Δδὰμ

2072 1066 2274 1137 φωνὴν,
2323 1067 2388 1135 ἣν
2449 1065 2802 1137 προφητικῶς
2844 1067 2921 1129 είς
2965 1065 3198 1134 Χριστὸν
3240 1063 3334 1117 καί
3374 1064 3471 1136 τὴν
3522 1065 3649 1119 Ἐκ-

2070 1157 2298 1229 κλησίαν
2325 1157 2648 1229 γεγενῆσθαί
2673 1171 2836 1229 φησιν
2863 1159 2891 1211 ὁ
2931 1157 3269 1220 ’Δπὸστολος,
3297 1156 3646 1228 ἑρμηπυέτω

2072 1252 2192 1304 κατ’
2226 1250 2472 1314 ἐξουσίαν
2517 1244 2669 1314 οὗτος
2701 1247 2776 1313 ὡς
2809 1249 3075 1320 βούλεται.
3114 1247 3300 1311 Οὐδεὶς
3343 1247 3452 1319 γὰρ
3480 1248 3650 1314 οὕτως

2070 1342 2298 1412 ἠλίθιος,
2345 1342 2420 1407 ὡς
2468 1342 2677 1396 Παύλου
2721 1341 2789 1396 τὰ
2818 1343 3172 1414 κεκρυμμένα
3199 1342 3308 1396 τῶν
3337 1341 3650 1413 μυστηρίων

2071 1434 2129 1487 ὲν
2160 1438 2226 1506 τῇ
2259 1434 2483 1505 δυνάμει
2521 1434 2614 1488 τοῦ
2654 1434 2964 1504 Πνεύματος
3015 1436 3144 1506 ἡμῖν
3192 1436 3648 1497 ὲκκαλύπτοντος,

2071 1522 2506 1596 ἀξιοπιστότερον
2546 1523 2788 1596 ἑρμηνέα
2820 1524 2928 1577 τῶν
2977 1524 3134 1578 θείων
3183 1524 3511 1596 ποιήσασθαι
3557 1526 3649 1578 τὸν

293 1631 303 1640 '
392 1621 504 1672 ciat
532 1657 545 1682 ,
580 1623 766 1686 aperte
796 1630 824 1667 a
860 1613 969 1668 Deo
999 1613 1250 1682 inspirati
1284 1611 1583 1666 testimonii
1621 1611 1847 1666 vocibus
1879 1625 1965 1665 re-

2071 1617 2354 1686 Εὐνόμιον,
2403 1616 2494 1669 τὸν
2520 1615 2765 1688 φανερῶς
2790 1617 2907 1678 ταῖς
2935 1617 3138 1685 φωναῖς
3161 1617 3260 1686 τῆς
3290 1616 3646 1670 θεοπνεύστου

2072 1709 2374 1780 μαρτυρίας
2416 1708 2865 1780 ἁντιμαχόμενον,
2892 1709 2987 1762 καὶ
3018 1709 3077 1761 τὸ
3119 1710 3193 1782 μὴ
3230 1709 3650 1780 κατωνομάσθαι

2069 1803 2218 1874 παρὰ
2247 1801 2340 1854 τοῦ
2385 1801 2554 1872 Ἀδὰμ
2583 1801 2689 1855 τῶν
2720 1801 2930 1871 ἀλόγων
2973 1802 3041 1854 τὰ
3087 1802 3222 1872 εἴδη,
3267 1801 3353 1855 διὰ
3380 1803 3481 1873 τῆς
3507 1820 3650 1872 παρά

2069 1894 2378 1964 εξηγήσεως
2408 1892 2502 1947 τοῦ
2533 1892 2694 1963 ῥητοῦ
2719 1894 2910 1947 τούτου
2943 1894 3373 1957 κατασκευάζειν
3403 1895 3652 1958 ἐκϐιαζό-

2072 2002 2251 2055 μενον.
2287 1985 2574 2057 Παρείσθω
2618 1984 2712 2038 καὶ
2741 1985 2809 2038 τὰ
2837 1988 2937 2056 τῆς
2971 1984 3178 2055 ὕϐρεως
3207 1984 3368 2038 αἰθτοῦ
3405 1986 3649 2056 ῥήματα.

2069 2077 2162 2130 καὶ
2191 2079 2224 2148 ἡ
2250 2077 2445 2148 ἄχαρις
2477 2076 2712 2147 ἀμουσία
2747 2075 2950 2146 ἐκείνη,
2980 2076 3073 2130 καὶ
3103 2078 3136 2147 ἡ
3170 2075 3457 2148 κοπρώδης
3484 2077 3650 2130 αὑτοῦ

2069 2170 2164 2222 καὶ
2191 2167 2624 2239 βεϐολϐιτωμένη
2650 2168 2801 2239 φωνὴ
2820 2166 3090 2232 διεξιοῦσα
3113 2166 3250 2236 μετὰ
3270 2167 3368 2236 τῆς
3390 2165 3653 2237 συνήθους

2069 2262 2362 2331 εὐστομίας
2411 2261 2584 2315 ταῦτα
2634 2260 2775 2315 κατὰ
2824 2261 2918 2314 τοῦ
2961 2260 3276 2314 διδασκάλου
3326 2260 3512 2330 ἡμῶν,
3561 2260 3655 2313 τὸν

2071 2351 2275 2422 σπορέα
2303 2352 2408 2404 τῶν
2434 2351 2707 2415 ζιζανίων,
2725 2353 2819 2405 καὶ
2842 2351 2940 2421 τὴν
2957 2350 3050 2404 τοῦ
3084 2350 3296 2422 καρποῦ
3319 2349 3650 2420 πρόσσηψιν,

2069 2443 2161 2496 καὶ
2195 2442 2542 2496 Οὐαλεντίνου
2591 2443 2963 2514 παραφθορὰν,
3014 2443 3104 2496 καὶ
3148 2443 3238 2494 τὸν
3283 2443 3412 2513 παρ’
3443 2441 3656 2495 ἐκείνου

2069 2534 2302 2605 καρπὸν,
2329 2534 2386 2587 ὃν
2415 2537 2472 2588 ὲν
2503 2537 2568 2605 τῇ
2602 2533 2746 2606 ψυχῇ
2778 2535 2925 2602 λέγει
2958 2533 3327 2605 σεσωρεῦσθαι
3368 2532 3461 2586 τοῦ
3502 2532 3652 2585 διδα-

2071 2626 2293 2690 σκάλου,
2328 2627 2421 2680 καὶ
2453 2626 2485 2695 ἡ
2530 2624 2690 2695 λοιπὴ
2720 2626 2828 2677 τῶν
2855 2625 3157 2696 εἰρημένων
3189 2623 3349 2693 ἀηδία
3381 2621 3655 2690 συγκαλυ⁴

2070 2717 2256 2787 φθήτω
2300 2719 2367 2787 τῇ
2404 2718 2606 2787 σιωπῇ,
2648 2716 2898 2785 καθάπερ
2932 2717 3026 2769 καὶ
3055 2715 3123 2768 τὰ
3159 2715 3509 2785 μεμυδηκότα
3538 2714 3654 2767 τῶν

2071 2803 2337 2873 σωμάτων
2368 2805 2434 2873 τῇ
2467 2805 2537 2872 γῇ
2571 2803 3083 2874 κατακρυπτόμενοι,
3114 2803 3188 2866 ὼς
3229 2803 3304 2872 μὴ
3339 2802 3550 2866 πολλοῖς
3581 2800 3653 2856 δι’

1996 2929 2039 2988 C
2073 2890 2232 2962 ὄχλου
2259 2891 2358 2962 τὴν
2391 2890 2652 2945 δυσωδίαν
2681 2889 2944 2958 γίνεσθαι.

2143 2984 2286 3054 Πρὸς
2330 2984 2387 3046 δὲ
2437 2983 2532 3055 τὴν
2579 2983 2896 3037 ἀκολουθίαν
2931 2984 3039 3037 τῶν
3083 2985 3388 3054 εἰρημένων
3433 3001 3654 3055 μετενεο

2067 3076 2222 3130 κτέον
2250 3075 2338 3128 τὸν
2363 3076 2538 3144 λόγον.
2570 3077 2738 3131 Πάλιν
2772 3076 2878 3147 γὰρ
2902 3075 3177 3134 ἐκτίθεται
3214 3092 3337 3128 τινα
3367 3076 3524 3146 ῥῆσιν
3546 3076 3642 3129 τοῦ

2067 3166 2384 3220 διδασκάλου
2440 3167 2666 3236 ἔχουσαν
2725 3166 2895 3229 οὕτως
2933 3180 2945 3193 ’
3005 3169 3346 3236 Ἀφθαρτον
3395 3165 3505 3235 γὰρ
3552 3168 3654 3219 καὶ

2067 3257 2396 3326 ἀγέννητον
2442 3259 2548 3312 τὸν
2599 3259 2746 3312 Θεὸν
2790 3258 2907 3311 τῶν
2943 3254 3100 3311 ὅλων
3155 3257 3436 3326 λέγομεν,
3503 3259 3656 3312 κατὰ

2069 3347 2390 3417 διαφόρους
2439 3350 2720 3415 ἐπιϐολὰς
2762 3348 2877 3415 τοῖς
2936 3348 3188 3418 ὀνόμασι
3226 3350 3459 3415 τούτοις
3498 3349 3655 3418 χρώ-

2068 3455 2258 3506 μενοι.
2311 3439 2497 3490 ὀταν
2527 3437 2643 3506 μὲν
2681 3440 2790 3507 γὰρ
2829 3441 2916 3504 εἰς
2965 3437 3105 3502 τοὺς
3140 3438 3390 3489 κατόπιν
3433 3436 3654 3505 αἰῶνας

2071 3529 2520 3598 ἀποϐλέ-ψωμεν,
2546 3530 3108 3598 ὐπερεκπίπτουσαν
3141 3528 3345 3595 πάσης
3385 3542 3658 3599 περιπῃαο

2074 3618 2192 3688 φῆς
2207 3621 2589 3687 εὑρίσκοι-τες
2608 3620 2720 3689 τὴν
2738 3618 2889 3686 ζωὴν
2906 3618 3010 3672 τοῦ
3027 3618 3194 3682 Θεοῦ,
3208 3617 3536 3686 ἀγέννητον
3552 3621 3656 3672 αὐ·-

2071 3711 2178 3764 τὸν
2221 3709 2473 3780 λέγομεν
2500 3726 2512 3740 ·
2565 3709 2711 3763 ὅταν
2747 3708 2814 3761 δὲ
2854 3707 2976 3774 τοῖς
3023 3707 3444 3777 ἐπερχομένοις
3480 3709 3656 3762 αιῶσι

2075 3797 2180 3851 τὸν
2205 3796 2356 3851 γοῦν
2387 3797 2816 3866 ἐπιϐάλωμεν,
2855 3794 2921 3849 τὸ
2973 3795 3256 3864 ἀόριστον
3282 3795 3382 3850 καὶ
3409 3795 3656 3864 ἄπειρον

2078 3890 2176 3942 καὶ
2219 3891 2419 3943 οὐδενὶ
2455 3889 2610 3942 τέλει
2661 3889 3045 3956 καταληπτὸν
3079 3890 3654 3958 προσηγορεύσαμεν

2073 3981 2392 4049 ἄφθαρτον.
2465 3981 2560 4046 Ὡς
2603 3976 2716 4035 οὖν
2773 3979 2837 4033 τὸ
2906 3981 3305 4046 ἀτελεύτητον
3347 3978 3454 4048 τῆς
3504 3979 3653 4048 ζωῆς

2073 4071 2409 4140 ἄφθαρτον,
2463 4072 2613 4124 οὕτω
2663 4072 2728 4124 τὸ
2781 4072 3049 4141 ἄναρχον
3098 4073 3281 4141 αὐτῆς
3327 4072 3647 4143 ὠνομάσθη

2074 4163 2401 4232 ἀγέννητον
2421 4202 2435 4227 ,
2498 4162 2573 4231 τῇ
2643 4163 2876 4230 ἐπινοίᾳ
2941 4163 3106 4232 ἡμῶν
3174 4165 3650 4233 ἐπιθεωρούντων

403 4252 596 4304 tionem
648 4249 725 4301 ita
773 4243 1205 4311 contemplamur.
1253 4241 1557 4296 Convitium
1620 4243 1783 4313 igitur
1829 4246 1967 4314 quod

2078 4254 2280 4307 ταῦτα.
2320 4254 2429 4324 Τὴν
2459 4255 2555 4324 μὲν
2583 4250 2674 4308 οὖν
2701 4255 2968 4325 λοιδορίαν
2997 4256 3064 4328 ἧν
3093 4256 3377 4326 προοίμιον
3403 4257 3502 4327 τῆς
3542 4257 3648 4309 τῶν

399 4339 723 4410 ιποαιιιιίυιιι
780 4336 1059 4390 dictorum
1113 4333 1594 4402 contemplationis
1644 4334 1789 4399 fecit,
1841 4342 1967 4392 item

400 4430 704 4503 praeteribo,
740 4427 964 4483 seminis
1001 4425 1237 4493 alicujus
1273 4424 1726 4489 immutationem,
1773 4439 1826 4481 et
1882 4442 1970 4482 sa-

402 4523 567 4576 tionis
625 4521 969 4589 magistrum,
1024 4524 1079 4570 et
1128 4514 1262 4569 illud
1320 4515 1766 4583 reprehensionis
1823 4518 1967 4586 quod

400 4614 545 4667 nulla
594 4611 1008 4665 ratiocinatione
1059 4608 1382 4662 conclusum
1414 4616 1517 4673 est,
1578 4617 1634 4662 et
1684 4608 1789 4662 alia
1822 4626 1970 4679 qua:—

402 4717 621 4771 cunque
675 4700 968 4756 insatiabili
1003 4700 1184 4769 lingua
1225 4713 1321 4768 per
1354 4698 1538 4751 inania
1581 4709 1634 4752 et
1673 4714 1841 4754 vacua
1877 4716 1972 4754 va-

401 4792 536 4846 dens
566 4792 943 4859 persequitur:
1003 4795 1222 4858 propter
1270 4786 1416 4856 quod
1463 4797 1642 4840 autem
1691 4789 1970 4842 criminari

403 4881 718 4953 aggreditur
777 4896 1085 4935 sermonem
1133 4880 1547 4941 calumniando,
1597 4878 1663 4932 ad
1718 4880 1821 4935 hoc
1873 4896 1975 4938 nos

402 4983 804 5030 convertemus.
842 4971 950 5025 Nos
985 4986 1214 5040 arguere
1261 4972 1582 5041 pollicetur,
1627 4978 1685 5024 ut
1725 4971 1974 5029 dicentes

400 5065 570 5121 Deum
603 5080 711 5119 non
753 5063 1218 5131 incorruptibilem
1254 5078 1376 5117 esse
1413 5071 1606 5115 natura
1634 5081 1645 5116 :
1679 5065 1773 5118 sed
1802 5080 1901 5118 nos
1943 5081 1972 5118 a

402 5166 596 5213 natura
635 5157 722 5211 illa
757 5157 870 5210 sola
901 5161 1153 5224 putamus
1199 5154 1373 5206 aliena
1399 5195 1411 5219 ,
1465 5168 1804 5223 qnmcunque
1846 5157 1969 5226 qui-

402 5248 632 5306 husdam
662 5246 956 5303 adventitia
994 5245 1202 5305 insunt,
1231 5252 1284 5296 et
1319 5258 1440 5312 qua:
1474 5244 1648 5298 amitti
1695 5255 1925 5314 possunt
1953 5266 1965 5301 :

472 5388 520 5422 “
577 5387 677 5444 [3“-
736 5403 889 5451 ιιιιιν
922 5386 970 5440 ί.
1049 5385 1094 5417 ⁸⁸
1153 5383 1347 5454 Ephcs.
1385 5399 1434 5445 ν,
1469 5385 1557 5451 51,
1586 5386 1671 5440 δῇ,

477 5518 556 5589 (a)
600 5517 770 5575 Verba
793 5519 854 5574 D.
891 5519 1074 5575 Basilii
1109 5531 1291 5573 contra
1324 5518 1637 5574 lfunomium
1681 5521 1772 5574 lib.
1807 5537 1844 5576 ι.

2077 4345 2378 4414 είρημένων
2434 4343 2665 4414 Θεωρίας
2712 4347 3041 4417 πεποίηται,
3090 4347 3251 4401 πάλιν
3307 4349 3644 4420 παρήσομεν,

2078 4437 2389 4506 σπέρματός
2430 4452 2573 4499 τινος
2609 4437 2924 4510 ὑπαλλαγὴν
2949 4439 3042 4492 καὶ
3075 4441 3282 4510 σπορᾶς
3307 4440 3645 4511 καθηγητὴν,

2077 4526 2255 4579 καὶτὸ
2289 4527 2386 4596 τῆς
2433 4529 2689 4599 μέμψεως
2717 4531 3122 4599 ἀσυλλόγιστον,
3156 4533 3247 4586 καί
3281 4533 3380 4586 ὅσα
3407 4532 3546 4586 ἄλλα
3581 4534 3645 4603 τῇ

2076 4617 2329 4688 ἀκορήτῳ
2357 4619 2576 4693 γλώσσῃ
2608 4622 2956 4693 κενεμϐατῶν
2984 4625 3351 4696 διεξέρχεται·
3403 4627 3488 4694 ἐφ’
3521 4619 3567 4694 ᾧ
3591 4625 3646 4677 δὲ

2077 4709 2378 4764 διαϐάλλειν
2420 4714 2706 4784 ἐπιχειρεῖ,
2754 4714 3103 4782 συκοφαντῶν
3143 4715 3234 4769 τὸν
3272 4716 3462 4784 λόγον,
3514 4716 3649 4788 πρὸς

2075 4801 2231 4854 τοῦτο
2261 4804 2352 4856 καὶ
2377 4805 2536 4875 ἡμεῖς
2562 4805 2973 4877 τραπησόμεθα.
3008 4805 3282 4877 Ἐλέγχειν
3310 4809 3458 4879 ἡμᾶς
3483 4808 3650 4875 ἐπαγ·

2077 4892 2323 4960 γέλλεται
2358 4891 2432 4960 ὡς
2482 4895 2554 4966 μὴ
2601 4897 2756 4964 φύσει
2801 4896 3056 4965 λέγοντας
3090 4898 3362 4968 ἄφθαρτον
3405 4895 3545 4952 εἶναι
3591 4896 3649 4950 τὸ

2077 4983 2228 5038 Θείον
2253 5003 2266 5015 ⁸
2299 4989 2458 5056 ἡμεῖς
2478 4987 2533 5040 δὲ
2562 4987 2694 5057 μόνα
2722 4992 2819 5059 τῆς
2845 4988 3057 5058 φύσεως
3084 4990 3472 5060 ἀλλοτριοῦμεν
3505 4992 3647 5043 ἐκεῖ·

2078 5092 2163 5139 να,
2192 5077 2290 5129 ὅσα
2320 5078 2587 5150 ἐπίκτητα
2616 5079 2824 5147 γίνεταί
2851 5097 2956 5132 τισι
2991 5081 3084 5133 καὶ
3127 5081 3428 5150 ἀπόκτητα.
3463 5076 3562 5133 Ὧν
3594 5081 3648 5133 δὲ

2079 5163 2204 5216 ἄνευ
2240 5164 2300 5217 τὸ
2331 5164 2683 5235 ὑποκείμενον
2730 5168 2985 5240 νοηθῆναι
3030 5169 3190 5238 φύσιν
3231 5170 3330 5223 οὐκ
3369 5169 3505 5241 ἔχει,
3540 5168 3648 5231 πῶς

2081 5259 2143 5311 ἄν
2169 5273 2252 5321 τις
2278 5258 2334 5311 ὲν
2362 5258 2506 5329 αἰτίᾳ
2539 5258 2766 5328 γένοιτο,
2793 5261 2866 5324 ὡς
2896 5260 3062 5332 αὐτὴν
3087 5261 3288 5331 ἑαυτῆς
3317 5247 3650 5332 διαχωρίξων
