4056 6146
342 205 478 267 1061

1477 178 1753 234 CONTRA
1795 171 2191 240 EUNOMII'M,
2235 170 2360 225 LIB.
2403 169 2513 224 XII.

3453 167 3592 226 1062

339 319 440 389 τὴν
470 313 664 387 φύσιν;
715 312 777 364 Εἰ
812 307 906 380 μὲν
941 297 1031 358 οὖν
1055 295 1543 368 ἐπιγεννηματικὴν
1576 292 1651 362 τῷ
1681 287 1798 359 Θεῷ
1824 288 1919 359 τὴν

2054 285 2140 340 ine
2177 285 2374 354 quibus
2411 297 2540 338 vero
2581 280 2884 350 subjectum
2917 287 3096 335 mente
3137 278 3346 351 percipi
3395 288 3590 334 natura

343 382 654 480 ἀφθαρσίαν
686 405 715 456 6
761 388 1027 470 ἡμέτερος
1082 392 1231 458 λόγος
1275 385 1624 458 ἐπρέσϐευεν,
1675 382 1750 480 ῶς
1792 394 1919 431 ποτε

345 475 474 573 περί
497 475 662 553 αὑτὸν
694 493 768 566 μὴ
795 488 982 550 οὖσαν,
1023 487 1056 556 ἢ
1088 485 1162 548 ὡς
1194 484 1292 536 οὑκ
1324 477 1587 549 ὲσομένην
1625 475 1772 535 ποτε,
1804 490 1923 525 και-

350 563 440 666 ρίδν
464 593 529 646 ἂν
561 585 671 657 εἶχε
695 563 875 638 ⁷τοιῦτα
903 580 996 632 ἐπὶ
1019 575 1237 666 διαϐολῇ
1275 572 1394 626 καθ’
1431 568 1587 639 ἡμῶν
1631 566 1827 666 λέγειν.
1861 563 1922 666 Ειξ

348 654 404 740 δὲ
431 685 518 738 ἀεὶ
545 679 803 738 ὡσαύτως
828 675 962 743 ἔχει,
995 670 1088 722 καὶ
1117 669 1145 720 ὃ
1180 665 1270 719 νῦν
1301 669 1416 719 ἐστι
1451 663 1675 744 πάντοτε
1705 654 1925 708 εἶναιτὸ

345 781 501 830 Θεῖον
549 775 576 826 6
627 771 896 840 ἡμέτερος
940 761 1228 833 διορίζεται
1278 757 1456 823 λόγος,
1517 753 1612 805 καὶ
1663 748 1812 802 οὐδὲν
1863 747 1926 798 ἐκ

347 864 744 937 παραυξήσεως
793 854 942 925 αὐτῷ
987 867 1132 912 τινος
1177 849 1271 902 καὶ
1321 843 1636 916 προσθήκης
1689 839 1796 891 τῶν
1851 836 1926 906 μὴ

349 925 658 1028 προσόντων
707 943 1116 1020 προσγίνεσθαι,
1150 939 1262 992 ἀλλ’
1295 939 1353 991 ὲν
1394 935 1554 987 παντί
1591 930 1669 1028 τίς)
1696 928 1838 982 κατά
1864 925 1928 1028 τὸ

350 1018 551 1118 ἀγαθὸν
583 1018 854 1112 νοουμένῳ
896 1036 990 1090 καί
1019 1029 1296 1102 λεγομένῳ
1328 1026 1556 1080 πάντοτε
1606 1019 1766 1084 εἶναι,
1811 1018 1929 1082 πῶς

353 1109 429 1210 pi}
459 1135 604 1191 κατά
637 1109 796 1202 φύσιν
831 1125 979 1196 αὑτῷ
1008 1121 1466 1194 προσμαρτυρεῖν,
1495 1109 1928 1210 τὴν-ἀφθαρσίαν

351 1199 750 1294 διάϐαλλόμνεθα
772 1239 788 1287 ;
833 1217 969 1271 Ἀλλ’
997 1218 1060 1268 ὲκ
1087 1213 1184 1281 τῆς
1206 1206 1725 1276 ὑπαναγνωσθείσης
1748 1200 1824 1271 τῷ
1850 1199 1929 1252 δι-

350 1316 607 1384 δασκάλῳ
653 1313 858 1383 ρήσεως
907 1307 1005 1376 τῆς
1047 1301 1302 1371 τοιαύτης
1332 1299 1426 1353 τοῦ
1476 1299 1633 1366 λόγου
1678 1294 1931 1364 διαϐολῆς

356 1407 635 1476 εἰληφέναι
679 1403 775 1465 τὰς
827 1396 1079 1469 ἀφορμὰς
1128 1391 1552 1465 σχηματίζεται,
1602 1389 1676 1450 ὡς
1721 1389 1785 1440 ὲκ
1834 1387 1932 1455 τῆς

356 1497 713 1567 παραθέσεως
765 1491 872 1544 τῶν
924 1487 1154 1548 αἰώνων,
1198 1485 1276 1555 τῷ
1323 1481 1442 1552 Θεῷ
1487 1483 1583 1552 τὴν
1625 1478 1932 1549 ἀφθαρσίαν

358 1590 514 1661 ἡμῶν
541 1585 889 1658 ποριζόντων.
923 1581 986 1634 Εἰ
1012 1579 1108 1650 μὲν
1130 1575 1222 1632 οὖν
1248 1576 1376 1646 παρ’
1401 1574 1556 1646 ἡμῶν
1587 1573 1647 1625 τὸ
1670 1571 1933 1642 ἡμέτερον

360 1681 520 1752 ῥητὸν
549 1676 907 1748 προεφέρετο,
937 1671 1176 1732 ὕποπτος
1209 1668 1274 1722 ἂν
1297 1663 1364 1738 ἦν
1387 1666 1514 1728 ἴσως
1538 1666 1616 1728 εἰς
1641 1661 1935 1730 ἀπολογίαν

355 1751 387 1826 6
418 1772 594 1839 λόγος,
622 1768 700 1839 ὡς,
723 1767 817 1820 νῦν
847 1764 1005 1834 ἡμῶν
1039 1757 1550 1830 ὲπιδιορθουμένων,
1586 1754 1678 1808 καί
1715 1751 1848 1822 πρὸς
1877 1751 1936 1802 τὺ

359 1863 648 1919 ἀνεύθυνον
677 1856 1068 1929 μετατιθέντων
1089 1852 1187 1915 τὰς
1214 1849 1492 1911 ὑπαιτίους
1527 1845 1727 1916 φωνάς.
1784 1843 1938 1896 Ἐπεὶ

360 1956 415 2007 δὲ
464 1953 616 2021 παρά
654 1949 747 2002 τοῦ
800 1945 996 2019 ἐχθροῦ
1042 1945 1112 1999 τά
1153 1943 1397 2014 ἡμέτερα
1446 1939 1660 2007 λέγεται
1688 1976 1700 1998 ,
1749 1936 1830 1998 τίς
1873 1933 1938 1987 ἂν

365 2043 684 2115 ἰσχυροτέρα
703 2041 911 2109 γένοιτο
931 2038 1031 2108 τῆς
1056 2035 1310 2107 ἀληθείας
1340 2030 1632 2097 ἀπόδειξις,
1655 2028 1822 2098 αὐτῆς
1842 2026 1940 2095 τῆς

361 2136 468 2190 τῶν
518 2131 930 2188 ἀντιδικούντων
968 2130 1098 2200 ἡμῖν
1149 2123 1494 2197 μαρτυρίας;
1548 2121 1670 2183 Πῶς
1711 2119 1886 2172 τοίνυν
1914 2118 1942 2170 6

363 2225 494 2294 παρ’
524 2223 682 2294 ήμῶν
711 2222 821 2292 ἔχει
861 2221 1016 2288 λόγος
1047 2219 1106 2272 ὃν
1135 2218 1227 2270 ἐπὶ
1277 2213 1500 2284 διαϐολῇ
1535 2210 1938 2282 προχειρίζεται

365 2316 484 2370 καθ’
507 2313 661 2385 ἡμῶν
703 2315 730 2365 ὁ
758 2313 1014 2381 Εὑνόμιος
1041 2327 1056 2373 ;
1106 2310 1310 2369 "Utar,
1355 2305 1508 2375 φησὶ,
1545 2303 1666 2367 τοῖς
1697 2302 1942 2368 ἐπερχο-

365 2407 565 2474 μένοις
595 2400 766 2456 αὶῶσι
799 2400 904 2454 τὸν
933 2398 1087 2451 νοῦν
1107 2394 1538 2461 ἐπιϐάλλωμεν,
1576 2389 1639 2443 τὸ
1664 2389 1946 2456 ἀόριστον

365 2498 464 2550 καὶ
482 2492 837 2562 ἄπειρονκαὶ
849 2488 1048 2544 οὐδενί
1062 2487 1219 2541 τέλει
1235 2481 1640 2550 καταληπτὸν,
1659 2493 1946 2547 προσηγο-

362 2589 666 2658 ρεύι-αμεν
684 2575 1079 2652 ἅφθαρτονῘΛ
1088 2596 1153 2650 ρα
1167 2579 1242 2647 τῷ
1261 2576 1476 2647 πορίσαι
1497 2574 1558 2627 τὸ
1583 2568 1948 2644 προσαγορεῦο

373 2696 467 2731 σαι
492 2676 684 2730 ταύτὸν
710 2678 738 2729 6
772 2673 1031 2744 Εὑνόμιος
1053 2671 1250 2734 cis-rat;
1283 2668 1392 2722 Kal
1414 2667 1497 2730 τίς
1525 2665 1695 2727 οὕτως
1719 2664 1822 2727 ἔξω
1853 2660 1946 2714 τοῦ

364 2767 768 2838 καθεστηκότος
797 2764 940 2816 ἐστὶν
957 2763 1030 2824 ὡς
1047 2761 1144 2823 τὰς
1165 2759 1465 2823 ἰδιαζούσας
1479 2756 1682 2809 τούτων
1714 2754 1823 2806 τῶν
1850 2755 1946 2823 ρηο

376 2859 567 2929 μάτων
597 2859 805 2925 ἀγνοεῖν
838 2852 1142 2923 ὲμφάσεις;
1196 2849 1412 2920 Πορίζει
1462 2847 1560 2917 μὲν
1584 2847 1691 2911 γὰρ
1719 2846 1746 2896 ὀ
1780 2844 1839 2896 τὸ
1875 2843 1948 2912 μὴ

2027 393 2134 430 non
2167 384 2363 446 potest,
2399 373 2673 444 quomodo
2704 373 2828 442 quis
2862 371 3069 441 culpari
3101 371 3294 441 possit,
3324 380 3383 426 ut
3414 371 3589 441 ipsum

2026 483 2054 520 a
2087 468 2263 536 scipsa
2295 477 2543 520 naturam
2587 464 2888 534 separatis?
2919 462 2978 518 Si
3011 463 3176 534 igitur
3212 462 3322 518 Deo
3350 465 3595 518 incorru-
3630 480 3632 482 ·

2027 560 2368 630 ptibilitatem
2401 567 2652 628 aguatam
2685 567 2738 612 et
2769 557 3059 612 ascititiam
3092 563 3278 610 noster
3327 566 3596 611 assereret

2029 668 2229 716 sermo,
2265 660 2320 704 ut
2345 667 2465 720 qua
2493 651 2546 704 in
2582 651 2699 718 ipso
2723 665 2830 704 non
2857 649 3152 718 aliquando
3187 647 3400 712 fuisset,
3429 647 3510 701 vel
3539 657 3596 700 ut

2031 759 2136 798 non
2173 743 2467 812 aliquando
2509 739 2693 795 futura
2748 749 2916 804 esset,
2962 741 3076 794 haec
3118 748 3308 794 contra
3354 754 3456 793 nos
3501 753 3599 808 per

2029 835 2359 890 calumniam
2402 833 2616 887 dicendi
2653 831 2998 886 occasionem
3050 829 3291 884 haberet.
3341 827 3498 894 Quod
3549 828 3597 882 si

2030 926 2219 982 eodem
2261 925 2421 978 modo
2455 939 2670 994 semper
2701 939 2759 978 se
2800 923 2983 984 habet,
3012 929 3066 976 et
3125 921 3255 991 quid
3307 934 3452 974 nunc
3514 927 3600 974 est

2033 1028 2247 1083 semper
2276 1028 2395 1067 esse
2431 1011 2619 1075 Deum,
2661 1022 2846 1067 noster
2875 1012 3063 1066 definit
3109 1025 3312 1076 sermo,
3356 1009 3601 1078 nihilque

2031 1119 2094 1157 ex
2137 1103 2476 1156 incremento
2505 1102 2688 1170 aliquo
2718 1110 2772 1156 et
2797 1101 3105 1171 adjectione
3133 1115 3320 1156 eorum
3346 1115 3466 1170 quae
3490 1113 3601 1153 non

2030 1195 2219 1250 insunt
2245 1195 2292 1248 ei
2319 1194 2592 1258 advenire,
2613 1193 2707 1248 sed
2737 1194 2790 1246 in
2822 1194 2971 1247 omni
3002 1193 3147 1263 quod
3175 1193 3469 1248 secundum
3506 1193 3603 1247 bo-

2033 1303 2164 1341 num
2194 1286 2518 1356 intelligitur
2547 1300 2598 1340 et
2626 1285 2827 1340 dicitur
2874 1301 3090 1356 semper
3139 1301 3280 1350 esse,
3325 1287 3603 1356 quomodo

2035 1395 2144 1434 non
2201 1379 2500 1433 secundum
2560 1386 2812 1432 naturam
2865 1377 2969 1448 ipsi
3030 1377 3597 1446 incorruptibilitatem

2037 1469 2331 1522 attribuere
2361 1483 2453 1536 per
2479 1467 2810 1522 calumniam
2831 1466 3204 1521 accusamur?
3241 1465 3337 1521 sed
3362 1482 3426 1520 ex
3451 1467 3601 1535 prius

2037 1563 2265 1616 recitata
2297 1561 2534 1614 dictione
2581 1560 2824 1614 doctoris
2854 1575 3163 1614 sermonem
3212 1561 3286 1614 ita
3333 1559 3606 1613 calumni-

2039 1653 2163 1706 andi
2203 1653 2520 1706 occasiones
2545 1652 2755 1720 cepisse
2784 1651 2956 1722 ﬁngit,
2983 1650 3140 1720 quasi
3171 1666 3236 1705 ex
3267 1650 3609 1721 appositione

2039 1745 2384 1808 szeculorum,
2434 1758 2534 1798 nos
2575 1743 2686 1797 Deo
2724 1743 3294 1812 incorruptibilitatem
3336 1744 3608 1799 tribuere-

2039 1851 2183 1890 mus.
2222 1836 2277 1888 Si
2312 1835 2477 1905 igitur
2506 1850 2534 1888 a
2581 1835 2738 1890 nobis
2786 1844 3035 1890 nostrum
3072 1836 3276 1890 dictum
3332 1835 3610 1906 proferre-

2040 1934 2147 1993 tur,
2183 1925 2416 1980 fortasse
2445 1925 2511 1979 ad
2536 1925 2904 1981 defensionem
2933 1934 3222 1996 suspectus
3250 1934 3607 1992 essetsermo,

2042 2025 2100 2071 ttt
2129 2017 2219 2086 qui
2247 2016 2556 2071 videremur
2579 2017 2890 2080 emendare,
2916 2017 3063 2087 quod
3101 2031 3206 2071 non
3233 2024 3380 2071 recte
3401 2016 3610 2070 dictum

2043 2108 2255 2169 fuisset,
2285 2115 2338 2161 et
2367 2122 2528 2161 voces
2555 2107 2772 2160 crimini
2819 2106 3089 2161 obnoxias
3135 2105 3478 2160 inunutando
3530 2107 3614 2159 in-

2043 2198 2341 2267 culpabiles
2399 2196 2630 2252 efﬁcere.
2693 2197 2798 2251 Sed
2853 2198 3110 2266 quoniam
3174 2198 3243 2252 ab
3299 2197 3616 2251 adversario

2045 2299 2231 2345 nostra
2301 2288 2672 2359 proferuntur,
2725 2303 2974 2358 quaenam
3030 2288 3236 2344 ﬁrmior
3281 2305 3404 2344 esse
3451 2295 3616 2359 queat

2047 2381 2291 2436 veritatis
2334 2378 2750 2442 demonstratio,
2786 2393 2948 2448 quam
2981 2378 3418 2433 adversariorum
3462 2379 3617 2432 testi-

2048 2475 2291 2528 monium
2316 2470 2638 2538 ?Quomodo
2668 2470 2831 2540 igitur
2847 2479 3031 2526 noster
3050 2471 3211 2526 habet
3235 2486 3438 2532 sermo,
3455 2485 3616 2539 quem

2047 2575 2237 2621 contra
2277 2582 2379 2620 nos
2428 2567 2482 2620 in
2536 2564 2862 2618 calumniam
2921 2573 3220 2633 pertractat
3270 2563 3619 2618 Eunomius?

2049 2657 2202 2724 Cum,
2257 2658 2465 2727 inquit,
2515 2659 2584 2710 ad
2638 2658 3076 2725 supereminentia
3141 2657 3338 2712 siccata
3396 2665 3619 2710 mentem

2049 2749 2392 2811 intendimus,
2433 2747 2571 2818 quod
2611 2757 2687 2801 est
2725 2748 3187 2801 indeterminatum
3233 2757 3283 2800 et
3325 2748 3618 2817 inﬁnitum,

2051 2852 2099 2895 et
2147 2842 2294 2895 nullo
2341 2843 2443 2910 [ine
2497 2840 2945 2908 comprehensum,
3014 2839 3390 2908 appellavimus
3445 2840 3623 2892 incor-

374 2949 576 3021 προσὸν
621 2946 768 3017 αὑτῷ
815 2945 1174 3013 κτησάμενος,
1230 2938 1620 3010 προσαγορεύει
1663 2937 1719 2988 δὲ
1753 2933 1860 2996 ὁτὲ
1890 2933 1946 2986 ἓν

2054 2932 2315 3002 ιίῳιιίήιε.
2348 2931 2429 2985 An
2457 2933 2700 2986 tribuere
2737 2939 2788 2985 et
2827 2931 3100 3000 appellare
3133 2929 3272 2984 idem
3315 2939 3468 2998 putat
3508 2928 3620 2982 Eu-

374 3039 727 3112 σημαντικῶς
773 3037 1072 3107 ὀνομάζων.
1121 3033 1244 3096 Πῶς
1278 3027 1370 3085 οὖν
1417 3031 1508 3083 ἐπὶ
1559 3028 1764 3088 τούτοις
1794 3028 1821 3078 ὁ
1849 3025 1944 3094 τῆς

373 3131 630 3202 ἀληθείας
680 3129 950 3197 φωτιστὴς
995 3127 1092 3180 οὑκ
1126 3122 1456 3193 αἰσχύνεται,
1505 3122 1561 3172 ὲν
1605 3115 1852 3187 προδήλῳ
1881 3115 1946 3185 τῇ

379 3221 708 3290 συκοφαντίᾳ
729 3221 826 3290 τὴν
846 3217 1093 3288 διαϐολὴν
1118 3213 1533 3285 συμπεραίνων;
1564 3211 1672 3263 Καὶ
1700 3207 1949 3278 καθάπερ

377 3316 427 3368 οἰ
460 3313 523 3367 ἐκ
555 3329 694 3375 τινος
729 3309 932 3373 πάθους
978 3307 1051 3378 μὴ
1088 3307 1392 3377 βλέποντες,
1423 3306 1480 3357 ὲν
1512 3302 1665 3371 ὄψεσι
1693 3300 1799 3355 τῶν
1832 3300 1951 3370 βλε-

380 3405 590 3458 πόντων
621 3400 1004 3472 ἀσχημονοῦσι,
1040 3398 1100 3450 τὸ
1146 3399 1272 3467 παρ’
1322 3393 1501 3448 αὑτῶν
1550 3395 1624 3464 μὴ
1654 3392 1948 3464 ὁρώμενον,

381 3497 477 3548 καὶ
522 3495 670 3565 παρά
717 3493 823 3545 τῶν
859 3489 1210 3557 ὑγιαινόντων
1260 3485 1566 3554 ἀγνοεῖσθαι
1603 3483 1911 3554 νομίζοντες
1935 3499 1948 3514 ·

380 3584 618 3644 τοιοῦτόν
640 3608 690 3642 τι
722 3587 984 3642 πέπονθεν
1007 3589 1034 3640 6
1062 3585 1351 3656 ὀξυδερκὴς
1377 3579 1528 3646 οὗτος
1556 3585 1647 3637 καὶ
1670 3585 1837 3653 ταχὺς
1853 3584 1952 3652 τὴν

381 3680 636 3737 διάνοιαν,
669 3678 765 3748 τὴν
799 3677 934 3730 ἰδίαν
979 3675 1112 3744 πρὸς
1152 3675 1250 3740 τὴν
1282 3672 1536 3741 ἀλήθειαν
1565 3672 1827 3742 πήρωσιν,
1860 3673 1954 3724 καὶ

383 3768 442 3819 ὲν
474 3769 587 3828 τοῖς
616 3765 901 3819 ἀκούουσιν
949 3765 1137 3817 οἴεται.
1175 3762 1282 3814 Καὶ
1314 3761 1395 3824 τίς
1419 3761 1591 3824 οὕτως
1623 3761 1845 3829 ἠλίθιος,
1879 3761 1955 3824 ὡς

388 3855 464 3928 μὴ
510 3857 835 3926 παραθεῖναι
879 3856 946 3925 τῇ
990 3852 1306 3924 διαϐολῇτά
1350 3850 1827 3920 συκοφαντούμενοι
1860 3852 1963 3922 ῥήα

389 3966 556 4021 ματα,
585 3949 680 4002 καὶ
709 3949 773 4000 ἐκ
799 3947 897 4016 τῆς
929 3945 1205 4016 ἑκατέρων
1231 3941 1687 4010 ἀνταναγνὼσεως
1727 3941 1824 4012 τὴν
1854 3959 1954 3996 κα·-

387 4036 649 4106 κουργίαν
696 4035 789 4088 τοῦ
841 4035 1179 4105 λογογράφου
1221 4032 1537 4104 φωρᾶσθαις
1591 4032 1650 4084 ’0
1695 4032 1958 4103 ἡμέτερος

386 4127 544 4195 λόγος
574 4125 960 4198 προσαγορεύει
995 4125 1054 4178 τὸ
1085 4123 1388 4195 ἄφθαρτον,
1431 4124 1636 4184 ἐκεῖνος
1666 4124 1960 4192 κατηγορεῖ

387 4218 483 4270 τοῦ
520 4217 617 4287 τὴν
657 4215 964 4287 ἀφθαρσίαν
1010 4212 1342 4286 πορίζοντος.
1394 4213 1458 4265 Τί
1493 4213 1670 4266 κοινὸν
1701 4215 1865 4284 ἔχειν
1883 4213 1958 4284 τῷ

2057 3023 2316 3076 nomius?
2343 3021 2409 3074 Et
2435 3022 2557 3091 quis
2589 3022 2663 3074 ita
2703 3023 2900 3075 mentis
2933 3022 3108 3090 impos
3156 3028 3240 3076 est
3277 3028 3330 3074 et
3365 3029 3517 3074 extra
3565 3035 3626 3076 se

2056 3113 2335 3183 depulsus,
2390 3119 2448 3166 ut
2505 3112 2682 3166 claras
2740 3113 3047 3181 peculiares
3085 3111 3278 3164 horum
3331 3111 3625 3166 verborum

2057 3204 2485 3276 significationes
2515 3201 2990 3272 ignoret?Tribuit
3021 3203 3163 3256 enim
3193 3203 3284 3272 qui
3322 3203 3466 3272 quod
3513 3218 3624 3257 non

2059 3299 2213 3352 adest
2244 3297 2345 3366 ipsi
2397 3294 2718 3364 acquisivit;
2751 3295 2985 3363 appellat
3034 3302 3212 3348 autem
3241 3295 3334 3364 qui
3381 3294 3433 3346 id
3479 3293 3626 3364 quod

2057 3396 2139 3443 est
2179 3387 2550 3458 significanter
2592 3385 2859 3438 nominat.
2899 3383 3188 3450 Quomodo
3237 3385 3405 3454 igitur
3435 3386 3488 3438 in
3543 3385 3626 3439 his

2059 3479 2305 3535 veritatis
2335 3475 2670 3532 illuminator
2715 3491 2822 3530 non
2852 3476 3150 3538 erubescit,
3186 3475 3240 3528 in
3293 3485 3480 3545 aperta
3529 3476 3629 3529 ob-

2061 3570 2386 3624 trectatione
2434 3566 2758 3622 calumniam
2806 3565 3172 3620 concludere?
3220 3566 3298 3619 Ac
3346 3566 3492 3618 velut
3532 3565 3627 3635 qui

2061 3678 2123 3716 ex
2161 3661 2344 3730 aliquo
2367 3659 2554 3713 morbo
2588 3672 2697 3712 non
2759 3658 2965 3721 vident,
3007 3657 3061 3710 in
3113 3659 3290 3711 oculis
3329 3655 3628 3710 videntium

2061 3750 2317 3804 indecore
2375 3765 2434 3804 se
2483 3755 2718 3817 gerunt,
2765 3749 2908 3817 quod
2962 3748 3031 3802 ab
3079 3748 3214 3817 ipsis
3265 3762 3372 3801 non
3419 3746 3630 3800 videtur

2061 3841 2222 3896 etiam
2251 3855 2281 3894 a
2298 3840 2436 3894 bene
2463 3839 2772 3894 valentibus
2798 3838 3037 3908 ignorari
3061 3847 3350 3906 putantes:
3371 3837 3477 3892 tale
3499 3836 3631 3906 quid

2063 3949 2166 3989 usu
2191 3934 2336 3987 venit
2380 3932 2505 3985 huic
2534 3939 2691 3985 acute
2741 3931 3008 3995 cernenti,
3063 3929 3336 3999 celerique
3400 3929 3624 4001 ingenio

2066 4024 2315 4095 praedito,
2369 4024 2463 4092 qui
2498 4023 2563 4077 ad
2595 4023 2878 4076 veritatem
2933 4025 3246 4083 caecutiens,
3303 4018 3432 4074 illud
3467 4021 3630 4073 etiam

2063 4117 2256 4169 vitium
2316 4114 2665 4169 audientibus
2696 4115 2878 4169 inesse
2933 4113 3229 4167 existimat.
3265 4111 3333 4163 At
3384 4112 3506 4180 quis
3557 4111 3634 4163 ita

2065 4204 2234 4260 hebes
2261 4212 2315 4260 et
2349 4204 2600 4268 stolidus,
2629 4210 2690 4257 ut
2715 4218 2827 4257 non
2857 4202 3145 4257 calumniae
3166 4207 3398 4268 apponat
3443 4198 3633 4259 verba,

388 4309 612 4382 .Iéretr;
653 4308 784 4361 Ἀπὸ
809 4307 916 4360 τῶν
963 4306 1104 4359 ἰδίων
1133 4306 1359 4359 ἕκαστον
1391 4303 1707 4358 εὐθύνεσθαι
1733 4303 1946 4357 δίκαιον⁴

2063 4312 2184 4367 quae
2207 4311 2303 4365 per
2338 4295 2595 4350 invidiam
2625 4303 2678 4349 et
2695 4292 3146 4349 obtrectationem
3165 4289 3536 4360 proteruntur,
3553 4297 3636 4341 at-

391 4401 491 4453 ούκ
518 4401 581 4452 ὲκ
621 4399 728 4452 τῶν
755 4398 1048 4467 ἀλλοτρίων
1081 4396 1299 4466 ὑπέχειν
1323 4396 1419 4460 τάς
1450 4395 1700 4466 μέμψεις.
1740 4393 1874 4448 Νυνὶ
1910 4395 1967 4448 δὲ

393 4492 689 4561 κατηγορεῖ
720 4490 816 4560 μὲν
861 4488 1038 4560 ἡμῶν,
1071 4488 1166 4541 καὶ
1210 4490 1243 4557 ἡ
1290 4486 1480 4557 πικρία
1510 4487 1645 4558 πρὸς
1671 4487 1818 4556 ἡμᾶς
1851 4486 1969 4556 βλέ-

394 4599 508 4646 πει,
544 4581 860 4651 κατακρίνει
898 4580 954 4632 δὲ
987 4579 1174 4632 ούδένα
1209 4578 1349 4631 κατὰ
1381 4594 1441 4644 γε
1471 4578 1562 4630 τὸν
1595 4577 1769 4647 ἀληθῆ
1810 4578 1968 4645 λόγον

393 4672 429 4743 ἥ
458 4673 670 4726 ἑαυτόν.
697 4673 758 4724 Εἰ
789 4671 896 4742 γὰρ
920 4671 980 4724 τὸ
1013 4670 1249 4741 πορίζειν
1278 4667 1356 4737 τῷ
1389 4667 1504 4736 Θεῷ
1528 4667 1626 4737 τὴν
1661 4667 1970 4737 ἀφθαρσίαν

397 4763 677 4824 ὑπαίτιον,
732 4762 888 4814 τοῦτο
920 4760 974 4812 δὲ
1024 4760 1150 4829 παρ’
1193 4757 1403 4819 οὐδενὸς
1447 4756 1604 4808 ἄλλου
1649 4756 1786 4827 πλὴν
1838 4755 1965 4827 παρ’

396 4852 562 4906 αὑτοῦ
603 4852 818 4920 λέγεται
869 4850 1059 4921 μόνον*
1108 4848 1214 4919 ἀρα
1254 4846 1416 4909 αὐτὸς
1458 4842 1652 4898 ἑαυτοῦ
1692 4845 1896 4913 γίνεται
1939 4846 1968 4898 6

399 4945 741 5012 συκοφάντης
788 4943 1107 5011 κατήγορος,
1147 4938 1206 4992 τὸ
1247 4937 1440 4992 ἑαυτοῦ
1468 4934 1786 4996 διαϐάλλων.
1821 4935 1880 4988 οὑ
1909 4936 1970 4988 τὸ

399 5035 684 5106 ἡμέτερον.
729 5032 836 5086 Kal.
860 5031 988 5102 περί
1014 5028 1107 5082 τοῦ
1137 5028 1275 5082 κατά
1308 5027 1404 5097 τὴν
1428 5025 1748 5094 ἀγεννησίαν
1776 5025 1974 5094 ὀνόμα-

398 5142 489 5188 τος
519 5127 678 5195 ἡμεῖς
715 5123 810 5195 μέν
841 5139 1018 5191 φαμεν
1045 5121 1148 5181 ὃτι,
1177 5119 1362 5189 ὥσπερ
1393 5117 1454 5187 τὸ
1485 5115 1838 5187 ἀτελεύτητον
1873 5116 1972 5186 τῆς

400 5221 546 5292 ζωῆς
584 5221 876 5291 ἄφθαρτον,
918 5218 1089 5281 οὕτως
1119 5215 1179 5268 τὸ
1210 5216 1442 5284 ἄναρχον
1486 5212 1653 5282 αὐτῆς
1684 5213 1976 5282 ἀγέννητον

402 5311 696 5384 ὠνομάσθη
725 5329 737 5341 ·
786 5311 968 5365 οὑτοσὶ
994 5309 1050 5363 δὲ
1080 5306 1228 5378 παρά
1260 5306 1366 5359 τῶν
1413 5304 1623 5358 αἰώνων
1659 5306 1809 5374 ἡμᾶς
1832 5304 1978 5373 λέγει

2065 4403 2170 4458 que
2217 4403 2282 4442 ex
2340 4397 2696 4458 utrorumque
2743 4385 2994 4455 Opposita
3045 4383 3299 4445 lectione,
3347 4380 3636 4449 scriptoris

2067 4480 2326 4533 malitiam
2357 4492 2464 4530 non
2507 4475 2919 4546 deprehendat?
2951 4472 3145 4528 Noster
3175 4486 3357 4528 sermo
3401 4471 3635 4540 appellat

2069 4569 2502 4639 incorruptibile,
2545 4569 2636 4621 ille
2683 4566 2966 4620 insimulat
3014 4563 3265 4638 eumqui
3305 4563 3640 4632 incorrupti-

2067 4663 2336 4718 bilitatem
2364 4660 2574 4714 tribuit.
2610 4658 2753 4724 Quid
2793 4671 3083 4712 commune
3120 4656 3309 4711 habere
3342 4662 3397 4709 et
3437 4651 3637 4712 dicere?

2073 4755 2140 4810 de
2169 4754 2285 4809 suis
2319 4750 2694 4821 unusquisque
2717 4749 2839 4819 jure
2868 4748 3114 4817 arguitur
3132 4755 3186 4801 et
3208 4745 3506 4814 iudicatur,
3533 4760 3639 4798 non

2074 4862 2138 4901 ex
2171 4845 2364 4899 alienis
2389 4842 2637 4897 accusari
2666 4840 2822 4896 solet.
2899 4838 3056 4892 Nunc
3075 4845 3256 4892 autem
3289 4851 3390 4892 nos
3419 4835 3640 4906 quidem

2077 4943 2322 4998 accusat,
2355 4944 2408 4989 et
2434 4934 2489 4987 in
2520 4947 2619 4987 nos
2641 4931 2911 4986 acerbitas
2938 4937 3183 5000 spectat;
3212 4929 3481 4984 neminem
3513 4942 3644 4981 vero

2077 5026 2406 5083 condemnat
2433 5023 2731 5079 secundum
2768 5037 2951 5078 veram
3003 5023 3300 5089 rationem,
3341 5037 3504 5092 quam
3564 5034 3644 5072 se-

2079 5121 2280 5189 ipsum.
2318 5115 2376 5170 Si
2420 5117 2563 5171 enim
2614 5112 2721 5170 Deo
2774 5113 3342 5183 incorruptibilitatem
3405 5109 3643 5163 tribuere

2074 5211 2282 5264 crimen
2308 5214 2412 5272 est,
2436 5206 2539 5261 hoc
2565 5214 2743 5260 autem
2779 5219 2810 5259 a
2842 5205 2994 5260 nullo
3038 5205 3146 5258 alio
3174 5195 3533 5272 praeterquam
3573 5197 3644 5250 ab

2076 5301 2196 5370 ipso
2223 5299 2344 5356 solo
2372 5297 2595 5352 dicitur.
2625 5294 2766 5367 Ergo
2797 5295 2915 5365 ipse
2967 5293 3302 5363 sycophanta
3350 5288 3434 5342 sui
3467 5286 3642 5355 ipsius

402 5404 546 5458 κατά
602 5403 814 5457 πάντων
879 5401 985 5454 τῶν
1052 5396 1323 5468 γεννητῶν
1382 5395 1659 5466 προξενεῖν
1713 5394 1858 5465 αύτῷ
1915 5412 1943 5447 τ

2077 5401 2362 5448 accusator
2389 5398 2493 5454 est,
2529 5387 2670 5458 quod
2691 5401 2850 5441 suum
2876 5393 2958 5438 est
2983 5380 3341 5442 eahunnians,
3364 5391 3474 5431 non
3496 5376 3638 5445 quod

405 5494 690 5566 πρεσϐεῖα.

2079 5496 2348 5536 nostrum.
2392 5479 2455 5532 Et
2503 5479 2570 5533 de
2618 5478 2838 5531 nomine
2884 5470 3208 5540 ἀγεννησίας
3261 5483 3361 5524 nos
3408 5468 3642 5524 dicimus

407 5565 573 5658 quod,
605 5585 1061 5658 quemadmodum
1105 5583 1248 5654 quod
1291 5581 1497 5638 nullum
1541 5583 1661 5637 vita}
1727 5582 1885 5637 habet
1957 5580 2247 5636 terminum
2303 5576 2707 5644 incorruptibile
2764 5577 2867 5636 εει,
2926 5568 3004 5624 δίε
3069 5565 3213 5636 qm“!
3264 5565 3382 5637 ei“
3429 5565 3639 5633 οτίὲῖηθ
