  <div class='ocr_page' id='page_1' title='image "/cluster/home/n/w/nwhite01/storage/ocr_20150623/45/mdp.39015011921478/548.png"; bbox 0 0 4020 6140; ppageno 0'>
   <div class='ocr_carea' id='block_1_1' title="bbox 298 349 439 405">
    <p class='ocr_par' dir='ltr' id='par_1_1' title="bbox 298 349 439 405">
     <span class='ocr_line' id='line_1_1' title="bbox 298 349 439 405; baseline 0.007 -2"><span class='ocrx_word' id='word_1_1' title='bbox 298 349 439 405; x_wconf 73' lang='grc'><strong>1065</strong></span> 
     </span>
    </p>
   </div>
   <div class='ocr_carea' id='block_1_2' title="bbox 1425 346 2435 416">
    <p class='ocr_par' dir='ltr' id='par_1_2' title="bbox 1425 346 2435 416">
     <span class='ocr_line' id='line_1_2' title="bbox 1425 346 2435 416; baseline 0.004 -15"><span class='ocrx_word' id='word_1_2' title='bbox 1425 346 1701 402; x_wconf 81' lang='lat' dir='ltr'><strong>CONTRA</strong></span> <span class='ocrx_word' id='word_1_3' title='bbox 1738 347 2122 416; x_wconf 80' lang='lat' dir='ltr'><strong>EUNOMIUM,</strong></span> <span class='ocrx_word' id='word_1_4' title='bbox 2161 348 2289 407; x_wconf 87' lang='lat' dir='ltr'><strong>LIB.</strong></span> <span class='ocrx_word' id='word_1_5' title='bbox 2324 351 2435 405; x_wconf 76' lang='lat' dir='ltr'><strong>XII.</strong></span> 
     </span>
    </p>
   </div>
   <div class='ocr_carea' id='block_1_3' title="bbox 3390 350 3527 407">
    <p class='ocr_par' dir='ltr' id='par_1_3' title="bbox 3390 350 3527 407">
     <span class='ocr_line' id='line_1_3' title="bbox 3390 350 3527 407; baseline 0.022 -3"><span class='ocrx_word' id='word_1_6' title='bbox 3390 350 3527 407; x_wconf 65' lang='grc'><strong>1066</strong></span> 
     </span>
    </p>
   </div>
   <div class='ocr_carea' id='block_1_4' title="bbox 294 420 1859 531">
    <p class='ocr_par' dir='ltr' id='par_1_4' title="bbox 294 456 1859 529">
     <span class='ocr_line' id='line_1_4' title="bbox 294 456 1859 529; baseline -0.001 -15"><span class='ocrx_word' id='word_1_7' title='bbox 294 457 505 514; x_wconf 78' lang='grc' dir='ltr'><strong>αἰώνων</strong></span> <span class='ocrx_word' id='word_1_8' title='bbox 553 456 951 529; x_wconf 76' lang='grc' dir='ltr'>ὲπιθρυλλεῖται</span> <span class='ocrx_word' id='word_1_9' title='bbox 993 456 1165 527; x_wconf 86' lang='grc' dir='ltr'>τομή;</span> <span class='ocrx_word' id='word_1_10' title='bbox 1209 457 1269 510; x_wconf 85' lang='grc' dir='ltr'>Εἰ</span> <span class='ocrx_word' id='word_1_11' title='bbox 1321 456 1397 527; x_wconf 81' lang='grc' dir='ltr'>μὴ</span> <span class='ocrx_word' id='word_1_12' title='bbox 1432 459 1525 511; x_wconf 75' lang='grc' dir='ltr'>καὶ</span> <span class='ocrx_word' id='word_1_13' title='bbox 1562 458 1659 527; x_wconf 81' lang='grc' dir='ltr'>τὴν</span> <span class='ocrx_word' id='word_1_14' title='bbox 1704 460 1859 527; x_wconf 80' lang='grc' dir='ltr'>ἀγίαν</span> 
     </span>
    </p>
   </div>
   <div class='ocr_carea' id='block_1_5' title="bbox 1962 420 3526 531">
    <p class='ocr_par' dir='ltr' id='par_1_5' title="bbox 1966 460 3526 531">
     <span class='ocr_line' id='line_1_5' title="bbox 1966 460 3526 531; baseline 0.002 -17"><span class='ocrx_word' id='word_1_15' title='bbox 1966 462 2088 515; x_wconf 68' lang='lat' dir='ltr'><strong>vita:</strong></span> <span class='ocrx_word' id='word_1_16' title='bbox 2128 462 2433 517; x_wconf 84' lang='lat' dir='ltr'><strong>denuntiat.</strong></span> <span class='ocrx_word' id='word_1_17' title='bbox 2491 462 2546 516; x_wconf 90' lang='lat' dir='ltr'><strong>Si</strong></span> <span class='ocrx_word' id='word_1_18' title='bbox 2598 462 2712 516; x_wconf 67' lang='lat' dir='ltr'><strong>haec</strong></span> <span class='ocrx_word' id='word_1_19' title='bbox 2765 468 2820 516; x_wconf 89' lang='lat' dir='ltr'><strong>et</strong></span> <span class='ocrx_word' id='word_1_20' title='bbox 2870 466 3049 515; x_wconf 88' lang='lat' dir='ltr'><strong>mente</strong></span> <span class='ocrx_word' id='word_1_21' title='bbox 3101 460 3437 531; x_wconf 79' lang='lat' dir='ltr'><strong>concipimus</strong></span> <span class='ocrx_word' id='word_1_22' title='bbox 3473 472 3526 517; x_wconf 87' lang='lat' dir='ltr'><strong>et</strong></span> 
     </span>
    </p>
   </div>
   <div class='ocr_carea' id='block_1_6' title="bbox 295 548 1859 622">
    <p class='ocr_par' dir='ltr' id='par_1_6' title="bbox 295 548 1859 622">
     <span class='ocr_line' id='line_1_6' title="bbox 295 548 1859 622; baseline -0.001 -18"><span class='ocrx_word' id='word_1_23' title='bbox 295 550 515 622; x_wconf 79' lang='grc' dir='ltr'>Γραφὴν</span> <span class='ocrx_word' id='word_1_24' title='bbox 539 550 836 619; x_wconf 68' lang='grc' dir='ltr'>διχπομείν</span> <span class='ocrx_word' id='word_1_25' title='bbox 862 549 984 611; x_wconf 78' lang='grc' dir='ltr'>τοὺς</span> <span class='ocrx_word' id='word_1_26' title='bbox 1014 549 1214 612; x_wconf 85' lang='grc' dir='ltr'>αἰῶνας</span> <span class='ocrx_word' id='word_1_27' title='bbox 1239 548 1268 601; x_wconf 89' lang='grc' dir='ltr'><strong>ὁ</strong></span> <span class='ocrx_word' id='word_1_28' title='bbox 1302 549 1564 619; x_wconf 86' lang='grc' dir='ltr'>Εύνόμιος</span> <span class='ocrx_word' id='word_1_29' title='bbox 1593 550 1759 618; x_wconf 80' lang='grc' dir='ltr'><strong>λέγοι,</strong></span> <span class='ocrx_word' id='word_1_30' title='bbox 1793 554 1859 622; x_wconf 76' lang='grc' dir='ltr'>τῇ</span> 
     </span>
    </p>
   </div>
   <div class='ocr_carea' id='block_1_7' title="bbox 295 640 1861 713">
    <p class='ocr_par' dir='ltr' id='par_1_7' title="bbox 295 640 1861 713">
     <span class='ocr_line' id='line_1_7' title="bbox 295 640 1861 713; baseline -0.002 -18"><span class='ocrx_word' id='word_1_31' title='bbox 295 644 428 713; x_wconf 79' lang='grc' dir='ltr'>αὐτῇ</span> <span class='ocrx_word' id='word_1_32' title='bbox 454 640 656 711; x_wconf 74' lang='grc' dir='ltr'>διανοίᾳ</span> <span class='ocrx_word' id='word_1_33' title='bbox 679 642 778 710; x_wconf 82' lang='grc' dir='ltr'>τῆς</span> <span class='ocrx_word' id='word_1_34' title='bbox 808 640 956 702; x_wconf 90' lang='grc' dir='ltr'>θείας</span> <span class='ocrx_word' id='word_1_35' title='bbox 988 640 1129 710; x_wconf 78' lang='grc' dir='ltr'>ζωῆς</span> <span class='ocrx_word' id='word_1_36' title='bbox 1161 640 1258 709; x_wconf 86' lang='grc' dir='ltr'><strong>τὴν</strong></span> <span class='ocrx_word' id='word_1_37' title='bbox 1291 640 1544 711; x_wconf 81' lang='grc' dir='ltr'><strong>ἀπειρίαν</strong></span> <span class='ocrx_word' id='word_1_38' title='bbox 1574 641 1861 711; x_wconf 86' lang='grc' dir='ltr'>διασημαί-</span> 
     </span>
    </p>
   </div>
   <div class='ocr_carea' id='block_1_8' title="bbox 294 730 1860 802">
    <p class='ocr_par' dir='ltr' id='par_1_8' title="bbox 294 730 1860 802">
     <span class='ocr_line' id='line_1_8' title="bbox 294 730 1860 802; baseline -0.001 -15"><span class='ocrx_word' id='word_1_39' title='bbox 294 749 517 797; x_wconf 86' lang='grc' dir='ltr'>νουσαν,</span> <span class='ocrx_word' id='word_1_40' title='bbox 539 731 631 784; x_wconf 88' lang='grc' dir='ltr'><strong>τοῦ</strong></span> <span class='ocrx_word' id='word_1_41' title='bbox 658 732 753 802; x_wconf 77' lang='grc' dir='ltr'>μὲν</span> <span class='ocrx_word' id='word_1_42' title='bbox 775 731 938 785; x_wconf 73' lang='grc' dir='ltr'>Δαεὶδ</span> <span class='ocrx_word' id='word_1_43' title='bbox 965 731 1064 801; x_wconf 81' lang='grc' dir='ltr'>τὴν</span> <span class='ocrx_word' id='word_1_44' title='bbox 1094 730 1200 801; x_wconf 85' lang='grc' dir='ltr'>πρὸ</span> <span class='ocrx_word' id='word_1_45' title='bbox 1222 730 1328 783; x_wconf 90' lang='grc' dir='ltr'><strong>τῶν</strong></span> <span class='ocrx_word' id='word_1_46' title='bbox 1356 731 1564 784; x_wconf 82' lang='grc' dir='ltr'>αἰώνων</span> <span class='ocrx_word' id='word_1_47' title='bbox 1589 731 1860 800; x_wconf 83' lang='grc' dir='ltr'>βασιλείαν</span> 
     </span>
    </p>
   </div>
   <div class='ocr_carea' id='block_1_9' title="bbox 292 822 1862 895">
    <p class='ocr_par' dir='ltr' id='par_1_9' title="bbox 292 822 1862 895">
     <span class='ocr_line' id='line_1_9' title="bbox 292 822 1862 895; baseline -0.001 -18"><span class='ocrx_word' id='word_1_48' title='bbox 292 825 721 894; x_wconf 81' lang='grc' dir='ltr'>ὑπομνήσαντος,</span> <span class='ocrx_word' id='word_1_49' title='bbox 754 822 846 876; x_wconf 85' lang='grc' dir='ltr'><strong>τοῦ</strong></span> <span class='ocrx_word' id='word_1_50' title='bbox 894 823 947 875; x_wconf 83' lang='grc' dir='ltr'>δὲ</span> <span class='ocrx_word' id='word_1_51' title='bbox 972 823 1246 886; x_wconf 82' lang='grc' dir='ltr'>Μωῦσέως</span> <span class='ocrx_word' id='word_1_52' title='bbox 1267 822 1365 892; x_wconf 76' lang='grc' dir='ltr'>τὴν</span> <span class='ocrx_word' id='word_1_53' title='bbox 1406 822 1545 895; x_wconf 83' lang='grc' dir='ltr'>ὑπὲρ</span> <span class='ocrx_word' id='word_1_54' title='bbox 1576 823 1701 886; x_wconf 78' lang='grc' dir='ltr'>τοὺς</span> <span class='ocrx_word' id='word_1_55' title='bbox 1730 824 1862 876; x_wconf 85' lang='grc' dir='ltr'>αἰῶ-</span> 
     </span>
    </p>
   </div>
   <div class='ocr_carea' id='block_1_10' title="bbox 290 914 1862 985">
    <p class='ocr_par' dir='ltr' id='par_1_10' title="bbox 290 914 1862 985">
     <span class='ocr_line' id='line_1_10' title="bbox 290 914 1862 985; baseline 0 -17"><span class='ocrx_word' id='word_1_56' title='bbox 290 933 386 978; x_wconf 89' lang='grc' dir='ltr'><strong>νας</strong></span> <span class='ocrx_word' id='word_1_57' title='bbox 437 915 816 985; x_wconf 72' lang='grc' dir='ltr'>ἐκτεινομένην</span> <span class='ocrx_word' id='word_1_58' title='bbox 867 914 959 967; x_wconf 88' lang='grc' dir='ltr'><strong>τοῦ</strong></span> <span class='ocrx_word' id='word_1_59' title='bbox 991 914 1123 967; x_wconf 88' lang='grc' dir='ltr'>Θεοῦ</span> <span class='ocrx_word' id='word_1_60' title='bbox 1160 914 1430 984; x_wconf 84' lang='grc' dir='ltr'>βασιλείαν</span> <span class='ocrx_word' id='word_1_61' title='bbox 1457 914 1744 977; x_wconf 78' lang='grc' dir='ltr'><strong>δείξαντος,</strong></span> <span class='ocrx_word' id='word_1_62' title='bbox 1786 916 1862 979; x_wconf 84' lang='grc' dir='ltr'><strong>ῶς</strong></span> 
     </span>
    </p>
   </div>
   <div class='ocr_carea' id='block_1_11' title="bbox 289 1002 1863 1076">
    <p class='ocr_par' dir='ltr' id='par_1_11' title="bbox 289 1002 1863 1076">
     <span class='ocr_line' id='line_1_11' title="bbox 289 1002 1863 1076; baseline -0.002 -17"><span class='ocrx_word' id='word_1_63' title='bbox 289 1008 347 1072; x_wconf 76' lang='grc' dir='ltr'><strong>ἐξ</strong></span> <span class='ocrx_word' id='word_1_64' title='bbox 377 1006 701 1076; x_wconf 79' lang='grc' dir='ltr'><strong>ἀμφοτέρων</strong></span> <span class='ocrx_word' id='word_1_65' title='bbox 736 1006 881 1074; x_wconf 78' lang='grc' dir='ltr'>ἡμᾶς</span> <span class='ocrx_word' id='word_1_66' title='bbox 926 1003 1233 1073; x_wconf 79' lang='grc' dir='ltr'>διδαχθῆναι</span> <span class='ocrx_word' id='word_1_67' title='bbox 1267 1003 1346 1055; x_wconf 86' lang='grc' dir='ltr'>ὅτι</span> <span class='ocrx_word' id='word_1_68' title='bbox 1375 1004 1483 1056; x_wconf 79' lang='grc' dir='ltr'>πᾶν</span> <span class='ocrx_word' id='word_1_69' title='bbox 1512 1002 1863 1072; x_wconf 82' lang='grc' dir='ltr'>διαστηματι-</span> 
     </span>
    </p>
   </div>
   <div class='ocr_carea' id='block_1_12' title="bbox 288 1093 1859 1167">
    <p class='ocr_par' dir='ltr' id='par_1_12' title="bbox 288 1093 1859 1167">
     <span class='ocr_line' id='line_1_12' title="bbox 288 1093 1859 1167; baseline -0.003 -17"><span class='ocrx_word' id='word_1_70' title='bbox 288 1098 382 1150; x_wconf 77' lang='grc' dir='ltr'>κὸν</span> <span class='ocrx_word' id='word_1_71' title='bbox 416 1099 684 1167; x_wconf 84' lang='grc' dir='ltr'>διανόημα</span> <span class='ocrx_word' id='word_1_72' title='bbox 732 1096 878 1158; x_wconf 79' lang='grc' dir='ltr'>ἑντὸς</span> <span class='ocrx_word' id='word_1_73' title='bbox 904 1096 1001 1164; x_wconf 85' lang='grc' dir='ltr'>τῆς</span> <span class='ocrx_word' id='word_1_74' title='bbox 1038 1094 1188 1157; x_wconf 83' lang='grc' dir='ltr'>θείας</span> <span class='ocrx_word' id='word_1_75' title='bbox 1215 1093 1428 1162; x_wconf 87' lang='grc' dir='ltr'>φύσεως</span> <span class='ocrx_word' id='word_1_76' title='bbox 1456 1093 1859 1165; x_wconf 75' lang='grc' dir='ltr'><strong>περιείληπται,</strong></span> 
     </span>
    </p>
   </div>
   <div class='ocr_carea' id='block_1_13' title="bbox 287 1182 1862 1257">
    <p class='ocr_par' dir='ltr' id='par_1_13' title="bbox 287 1182 1862 1257">
     <span class='ocr_line' id='line_1_13' title="bbox 287 1182 1862 1257; baseline -0.001 -18"><span class='ocrx_word' id='word_1_77' title='bbox 287 1189 351 1257; x_wconf 84' lang='grc' dir='ltr'>τῇ</span> <span class='ocrx_word' id='word_1_78' title='bbox 388 1186 613 1257; x_wconf 68' lang='grc' dir='ltr'>ἀπειρία</span> <span class='ocrx_word' id='word_1_79' title='bbox 655 1186 749 1238; x_wconf 85' lang='grc' dir='ltr'><strong>τοῦ</strong></span> <span class='ocrx_word' id='word_1_80' title='bbox 794 1187 901 1239; x_wconf 80' lang='grc' dir='ltr'><strong>πᾶν</strong></span> <span class='ocrx_word' id='word_1_81' title='bbox 955 1184 1295 1255; x_wconf 80' lang='grc' dir='ltr'>περιέχοντος</span> <span class='ocrx_word' id='word_1_82' title='bbox 1338 1182 1713 1253; x_wconf 82' lang='grc' dir='ltr'>ἁπανταχόθεν</span> <span class='ocrx_word' id='word_1_83' title='bbox 1764 1186 1862 1254; x_wconf 77' lang='grc' dir='ltr'><strong>ἐμ-</strong></span> 
     </span>
    </p>
   </div>
   <div class='ocr_carea' id='block_1_14' title="bbox 289 1274 1861 1349">
    <p class='ocr_par' dir='ltr' id='par_1_14' title="bbox 289 1274 1861 1349">
     <span class='ocr_line' id='line_1_14' title="bbox 289 1274 1861 1349; baseline -0.001 -19"><span class='ocrx_word' id='word_1_84' title='bbox 289 1278 725 1349; x_wconf 84' lang='grc' dir='ltr'>περατούμενον;</span> <span class='ocrx_word' id='word_1_85' title='bbox 774 1277 830 1329; x_wconf 82' lang='grc' dir='ltr'>Ὀ</span> <span class='ocrx_word' id='word_1_86' title='bbox 863 1277 959 1345; x_wconf 81' lang='grc' dir='ltr'>μὲν</span> <span class='ocrx_word' id='word_1_87' title='bbox 986 1275 1106 1345; x_wconf 83' lang='grc' dir='ltr'><strong>γὰρ</strong></span> <span class='ocrx_word' id='word_1_88' title='bbox 1118 1274 1358 1343; x_wconf 77' lang='grc' dir='ltr'><strong>Μωῦσῆς</strong></span> <span class='ocrx_word' id='word_1_89' title='bbox 1385 1275 1466 1337; x_wconf 86' lang='grc' dir='ltr'><strong>εἰς</strong></span> <span class='ocrx_word' id='word_1_90' title='bbox 1493 1275 1554 1327; x_wconf 84' lang='grc' dir='ltr'>τὸ</span> <span class='ocrx_word' id='word_1_91' title='bbox 1588 1274 1715 1345; x_wconf 83' lang='grc' dir='ltr'>ἑξῆς</span> <span class='ocrx_word' id='word_1_92' title='bbox 1742 1276 1861 1346; x_wconf 85' lang='grc' dir='ltr'>βλέ-</span> 
     </span>
    </p>
   </div>
   <div class='ocr_carea' id='block_1_15' title="bbox 288 1366 1860 1438">
    <p class='ocr_par' dir='ltr' id='par_1_15' title="bbox 288 1366 1860 1438">
     <span class='ocr_line' id='line_1_15' title="bbox 288 1366 1860 1438; baseline 0.001 -17"><span class='ocrx_word' id='word_1_93' title='bbox 288 1387 427 1435; x_wconf 87' lang='grc' dir='ltr'>πων,</span> <span class='ocrx_word' id='word_1_94' title='bbox 460 1368 757 1438; x_wconf 83' lang='grc' dir='ltr'>βασιλεύειν</span> <span class='ocrx_word' id='word_1_95' title='bbox 786 1367 945 1419; x_wconf 81' lang='grc' dir='ltr'>αύτόν</span> <span class='ocrx_word' id='word_1_96' title='bbox 979 1384 1109 1435; x_wconf 92' lang='grc' dir='ltr'>φησι</span> <span class='ocrx_word' id='word_1_97' title='bbox 1136 1366 1228 1419; x_wconf 84' lang='grc' dir='ltr'>τὸν</span> <span class='ocrx_word' id='word_1_98' title='bbox 1259 1366 1431 1421; x_wconf 82' lang='grc' dir='ltr'>αἰῶνα</span> <span class='ocrx_word' id='word_1_99' title='bbox 1459 1369 1552 1422; x_wconf 79' lang='grc' dir='ltr'>καὶ</span> <span class='ocrx_word' id='word_1_100' title='bbox 1584 1369 1671 1420; x_wconf 80' lang='grc' dir='ltr'><strong>ἐπ’</strong></span> <span class='ocrx_word' id='word_1_101' title='bbox 1692 1369 1860 1423; x_wconf 89' lang='grc' dir='ltr'>αἰῶνα</span> 
     </span>
    </p>
   </div>
   <div class='ocr_carea' id='block_1_16' title="bbox 287 1458 1859 1530">
    <p class='ocr_par' dir='ltr' id='par_1_16' title="bbox 287 1458 1859 1530">
     <span class='ocr_line' id='line_1_16' title="bbox 287 1458 1859 1530; baseline 0.001 -17"><span class='ocrx_word' id='word_1_102' title='bbox 287 1462 379 1513; x_wconf 72' lang='grc' dir='ltr'>καὶ</span> <span class='ocrx_word' id='word_1_103' title='bbox 405 1462 503 1513; x_wconf 80' lang='grc' dir='ltr'>ἔτι.</span> <span class='ocrx_word' id='word_1_104' title='bbox 557 1462 612 1513; x_wconf 87' lang='grc' dir='ltr'>ὐ</span> <span class='ocrx_word' id='word_1_105' title='bbox 652 1460 708 1512; x_wconf 85' lang='grc' dir='ltr'>δὲ</span> <span class='ocrx_word' id='word_1_106' title='bbox 742 1458 911 1530; x_wconf 83' lang='grc' dir='ltr'>μέγας</span> <span class='ocrx_word' id='word_1_107' title='bbox 937 1459 1099 1511; x_wconf 74' lang='grc' dir='ltr'>Δαϐὶδ</span> <span class='ocrx_word' id='word_1_108' title='bbox 1128 1458 1264 1528; x_wconf 76' lang='grc' dir='ltr'>πρὸς</span> <span class='ocrx_word' id='word_1_109' title='bbox 1295 1458 1357 1512; x_wconf 82' lang='grc' dir='ltr'>τὸ</span> <span class='ocrx_word' id='word_1_110' title='bbox 1381 1460 1611 1513; x_wconf 85' lang='grc' dir='ltr'>κατόπιν</span> <span class='ocrx_word' id='word_1_111' title='bbox 1638 1461 1859 1529; x_wconf 86' lang='grc' dir='ltr'>ἀγαγὼν</span> 
     </span>
    </p>
   </div>
   <div class='ocr_carea' id='block_1_17' title="bbox 285 1545 1861 1622">
    <p class='ocr_par' dir='ltr' id='par_1_17' title="bbox 285 1545 1861 1622">
     <span class='ocr_line' id='line_1_17' title="bbox 285 1545 1861 1622; baseline 0 -18"><span class='ocrx_word' id='word_1_112' title='bbox 285 1550 384 1622; x_wconf 82' lang='grc' dir='ltr'>τὴν</span> <span class='ocrx_word' id='word_1_113' title='bbox 434 1550 692 1613; x_wconf 84' lang='grc' dir='ltr'>διάνοιαν,</span> <span class='ocrx_word' id='word_1_114' title='bbox 741 1545 921 1602; x_wconf 60' lang='grc' dir='ltr'>εἶπεν</span> <span class='ocrx_word' id='word_1_115' title='bbox 987 1548 1039 1600; x_wconf 88' lang='grc' dir='ltr'><em>Ὀ</em></span> <span class='ocrx_word' id='word_1_116' title='bbox 1071 1548 1139 1601; x_wconf 79' lang='grc' dir='ltr'>δὲ</span> <span class='ocrx_word' id='word_1_117' title='bbox 1173 1549 1317 1615; x_wconf 77' lang='grc' dir='ltr'>Θεὸς</span> <span class='ocrx_word' id='word_1_118' title='bbox 1356 1549 1655 1615; x_wconf 80' lang='grc' dir='ltr'>,βασιλεὺς</span> <span class='ocrx_word' id='word_1_119' title='bbox 1692 1549 1861 1619; x_wconf 69' lang='grc' dir='ltr'>ἡμῶν</span> 
     </span>
    </p>
   </div>
   <div class='ocr_carea' id='block_1_18' title="bbox 287 1636 1859 1708">
    <p class='ocr_par' dir='ltr' id='par_1_18' title="bbox 287 1636 1859 1708">
     <span class='ocr_line' id='line_1_18' title="bbox 287 1636 1859 1708; baseline 0.003 -17"><span class='ocrx_word' id='word_1_120' title='bbox 287 1636 637 1708; x_wconf 78' lang='grc' dir='ltr'>προαιιίηίος</span> <span class='ocrx_word' id='word_1_121' title='bbox 661 1655 675 1669; x_wconf 77' lang='grc' dir='ltr'><strong>ο</strong></span> <span class='ocrx_word' id='word_1_122' title='bbox 736 1639 830 1691; x_wconf 64' lang='grc' dir='ltr'><strong>κα)⁸</strong></span> <span class='ocrx_word' id='word_1_123' title='bbox 876 1636 1072 1690; x_wconf 82' lang='grc' dir='ltr'>πάλιν·</span> <span class='ocrx_word' id='word_1_124' title='bbox 1114 1638 1548 1691; x_wconf 82' lang='grc' dir='ltr'>Είσακούσεται</span> <span class='ocrx_word' id='word_1_125' title='bbox 1586 1642 1619 1693; x_wconf 82' lang='grc' dir='ltr'><strong>ὁ</strong></span> <span class='ocrx_word' id='word_1_126' title='bbox 1654 1642 1796 1707; x_wconf 80' lang='grc' dir='ltr'>Θεὸς</span> <span class='ocrx_word' id='word_1_127' title='bbox 1826 1643 1859 1695; x_wconf 85' lang='grc' dir='ltr'><strong>ό</strong></span> 
     </span>
    </p>
   </div>
   <div class='ocr_carea' id='block_1_19' title="bbox 287 1728 1859 1803">
    <p class='ocr_par' dir='ltr' id='par_1_19' title="bbox 287 1728 1859 1803">
     <span class='ocr_line' id='line_1_19' title="bbox 287 1728 1859 1803; baseline 0.003 -20"><span class='ocrx_word' id='word_1_128' title='bbox 287 1731 571 1799; x_wconf 77' lang='grc' dir='ltr'>ὑπάρχων</span> <span class='ocrx_word' id='word_1_129' title='bbox 596 1730 708 1797; x_wconf 80' lang='grc' dir='ltr'>πρὸ</span> <span class='ocrx_word' id='word_1_130' title='bbox 738 1729 854 1783; x_wconf 86' lang='grc' dir='ltr'><strong>τῶν</strong></span> <span class='ocrx_word' id='word_1_131' title='bbox 877 1728 1124 1783; x_wconf 81' lang='grc' dir='ltr'>αἰώνων.</span> <span class='ocrx_word' id='word_1_132' title='bbox 1176 1730 1311 1782; x_wconf 75' lang='grc' dir='ltr'>Ἀλλ’</span> <span class='ocrx_word' id='word_1_133' title='bbox 1337 1732 1365 1783; x_wconf 91' lang='grc' dir='ltr'><strong>ὁ</strong></span> <span class='ocrx_word' id='word_1_134' title='bbox 1398 1732 1559 1799; x_wconf 84' lang='grc' dir='ltr'>σοφὸς</span> <span class='ocrx_word' id='word_1_135' title='bbox 1592 1731 1859 1803; x_wconf 77' lang='grc' dir='ltr'>Εύνὸμιος</span> 
     </span>
    </p>
   </div>
   <div class='ocr_carea' id='block_1_20' title="bbox 287 1820 1858 1896">
    <p class='ocr_par' dir='ltr' id='par_1_20' title="bbox 287 1820 1858 1896">
     <span class='ocr_line' id='line_1_20' title="bbox 287 1820 1858 1896; baseline 0.004 -24"><span class='ocrx_word' id='word_1_136' title='bbox 287 1820 559 1892; x_wconf 61' lang='grc' dir='ltr'>ἐρρῶσθαι</span> <span class='ocrx_word' id='word_1_137' title='bbox 587 1822 801 1891; x_wconf 79' lang='grc' dir='ltr'><strong>φράσας</strong></span> <span class='ocrx_word' id='word_1_138' title='bbox 830 1823 940 1883; x_wconf 82' lang='grc' dir='ltr'>τοῖς</span> <span class='ocrx_word' id='word_1_139' title='bbox 962 1820 1296 1890; x_wconf 76' lang='grc' dir='ltr'>τηλικούτοις</span> <span class='ocrx_word' id='word_1_140' title='bbox 1319 1822 1672 1894; x_wconf 80' lang='grc' dir='ltr'>καθηγηταῖς,</span> <span class='ocrx_word' id='word_1_141' title='bbox 1694 1825 1858 1896; x_wconf 85' lang='grc' dir='ltr'>ἀλλην</span> 
     </span>
    </p>
   </div>
   <div class='ocr_carea' id='block_1_21' title="bbox 287 1912 1859 1989">
    <p class='ocr_par' dir='ltr' id='par_1_21' title="bbox 287 1912 1859 1989">
     <span class='ocr_line' id='line_1_21' title="bbox 287 1912 1859 1989; baseline 0.003 -23"><span class='ocrx_word' id='word_1_142' title='bbox 287 1915 451 1985; x_wconf 70' lang='grc' dir='ltr'>φησὶν</span> <span class='ocrx_word' id='word_1_143' title='bbox 479 1915 624 1984; x_wconf 81' lang='grc' dir='ltr'>ἡμᾶς</span> <span class='ocrx_word' id='word_1_144' title='bbox 651 1912 826 1982; x_wconf 85' lang='grc' dir='ltr'>λέγειν</span> <span class='ocrx_word' id='word_1_145' title='bbox 856 1914 953 1984; x_wconf 82' lang='grc' dir='ltr'><strong>τὴν</strong></span> <span class='ocrx_word' id='word_1_146' title='bbox 996 1914 1226 1984; x_wconf 80' lang='grc' dir='ltr'>ἄναρχον</span> <span class='ocrx_word' id='word_1_147' title='bbox 1255 1914 1419 1986; x_wconf 78' lang='grc' dir='ltr'>ζωὴν,</span> <span class='ocrx_word' id='word_1_148' title='bbox 1451 1915 1642 1986; x_wconf 79' lang='grc' dir='ltr'>ἑτέραν</span> <span class='ocrx_word' id='word_1_149' title='bbox 1672 1916 1727 1970; x_wconf 85' lang='grc' dir='ltr'>δὲ</span> <span class='ocrx_word' id='word_1_150' title='bbox 1761 1918 1859 1989; x_wconf 82' lang='grc' dir='ltr'>τὴν</span> 
     </span>
    </p>
   </div>
   <div class='ocr_carea' id='block_1_22' title="bbox 1968 550 3529 621">
    <p class='ocr_par' dir='ltr' id='par_1_22' title="bbox 1968 550 3529 621">
     <span class='ocr_line' id='line_1_22' title="bbox 1968 550 3529 621; baseline 0.002 -16"><span class='ocrx_word' id='word_1_151' title='bbox 1968 550 2225 616; x_wconf 84' lang='lat' dir='ltr'><strong>dicimus,</strong></span> <span class='ocrx_word' id='word_1_152' title='bbox 2267 553 2538 621; x_wconf 87' lang='lat' dir='ltr'><strong>quomodo</strong></span> <span class='ocrx_word' id='word_1_153' title='bbox 2588 551 2746 607; x_wconf 88' lang='lat' dir='ltr'><strong>nobis</strong></span> <span class='ocrx_word' id='word_1_154' title='bbox 2781 550 3150 620; x_wconf 76' lang='lat' dir='ltr'><strong>pervulgatam</strong></span> <span class='ocrx_word' id='word_1_155' title='bbox 3185 552 3383 606; x_wconf 86' lang='lat' dir='ltr'><strong>asserit</strong></span> <span class='ocrx_word' id='word_1_156' title='bbox 3428 568 3529 608; x_wconf 70' lang='lat' dir='ltr'><strong>sae-</strong></span> 
     </span>
    </p>
   </div>
   <div class='ocr_carea' id='block_1_23' title="bbox 1966 640 3530 713">
    <p class='ocr_par' dir='ltr' id='par_1_23' title="bbox 1966 640 3530 713">
     <span class='ocr_line' id='line_1_23' title="bbox 1966 640 3530 713; baseline 0.002 -19"><span class='ocrx_word' id='word_1_157' title='bbox 1966 641 2210 695; x_wconf 88' lang='lat' dir='ltr'><strong>culorum</strong></span> <span class='ocrx_word' id='word_1_158' title='bbox 2240 641 2628 696; x_wconf 88' lang='lat' dir='ltr'><strong>dissectionem</strong></span> <span class='ocrx_word' id='word_1_159' title='bbox 2650 643 2673 694; x_wconf 85' lang='lat'><strong>?</strong></span> <span class='ocrx_word' id='word_1_160' title='bbox 2699 641 2802 695; x_wconf 88' lang='lat' dir='ltr'><strong>nisi</strong></span> <span class='ocrx_word' id='word_1_161' title='bbox 2829 641 2991 695; x_wconf 84' lang='lat' dir='ltr'><strong>etiam</strong></span> <span class='ocrx_word' id='word_1_162' title='bbox 3024 654 3238 694; x_wconf 88' lang='lat' dir='ltr'><strong>sacram</strong></span> <span class='ocrx_word' id='word_1_163' title='bbox 3282 640 3530 713; x_wconf 86' lang='lat' dir='ltr'><strong>Scriptu-</strong></span> 
     </span>
    </p>
   </div>
   <div class='ocr_carea' id='block_1_24' title="bbox 1965 731 3529 802">
    <p class='ocr_par' dir='ltr' id='par_1_24' title="bbox 1965 731 3529 802">
     <span class='ocr_line' id='line_1_24' title="bbox 1965 731 3529 802; baseline 0.003 -17"><span class='ocrx_word' id='word_1_164' title='bbox 1965 747 2082 786; x_wconf 89' lang='lat' dir='ltr'><strong>ram</strong></span> <span class='ocrx_word' id='word_1_165' title='bbox 2111 734 2311 788; x_wconf 60' lang='lat' dir='ltr'><strong>saecula</strong></span> <span class='ocrx_word' id='word_1_166' title='bbox 2359 732 2601 788; x_wconf 84' lang='lat' dir='ltr'><strong>dividere</strong></span> <span class='ocrx_word' id='word_1_167' title='bbox 2634 731 2933 787; x_wconf 87' lang='lat' dir='ltr'><strong>Eunomius</strong></span> <span class='ocrx_word' id='word_1_168' title='bbox 2982 732 3145 795; x_wconf 88' lang='lat' dir='ltr'><strong>dicat,</strong></span> <span class='ocrx_word' id='word_1_169' title='bbox 3179 747 3301 802; x_wconf 69' lang='lat' dir='ltr'><strong>qua</strong></span> <span class='ocrx_word' id='word_1_170' title='bbox 3340 734 3529 789; x_wconf 82' lang='lat' dir='ltr'><strong>eadem</strong></span> 
     </span>
    </p>
   </div>
   <div class='ocr_carea' id='block_1_25' title="bbox 1961 822 3527 893">
    <p class='ocr_par' dir='ltr' id='par_1_25' title="bbox 1961 822 3527 893">
     <span class='ocr_line' id='line_1_25' title="bbox 1961 822 3527 893; baseline 0.001 -17"><span class='ocrx_word' id='word_1_171' title='bbox 1961 822 2316 893; x_wconf 81' lang='lat' dir='ltr'><strong>intelligentia</strong></span> <span class='ocrx_word' id='word_1_172' title='bbox 2342 823 2541 878; x_wconf 70' lang='lat' dir='ltr'><strong>divina!</strong></span> <span class='ocrx_word' id='word_1_173' title='bbox 2573 823 2699 877; x_wconf 65' lang='lat' dir='ltr'><strong>vita:</strong></span> <span class='ocrx_word' id='word_1_174' title='bbox 2727 823 3048 877; x_wconf 76' lang='lat' dir='ltr'><strong>infinitatem</strong></span> <span class='ocrx_word' id='word_1_175' title='bbox 3080 824 3373 893; x_wconf 86' lang='lat' dir='ltr'><strong>signiﬁcat,</strong></span> <span class='ocrx_word' id='word_1_176' title='bbox 3400 838 3527 878; x_wconf 88' lang='lat' dir='ltr'><strong>cum</strong></span> 
     </span>
    </p>
   </div>
   <div class='ocr_carea' id='block_1_26' title="bbox 1962 911 3530 988">
    <p class='ocr_par' dir='ltr' id='par_1_26' title="bbox 1962 911 3530 988">
     <span class='ocr_line' id='line_1_26' title="bbox 1962 911 3530 988; baseline 0.003 -22"><span class='ocrx_word' id='word_1_177' title='bbox 1962 913 2131 969; x_wconf 83' lang='lat' dir='ltr'><strong>David</strong></span> <span class='ocrx_word' id='word_1_178' title='bbox 2184 911 2411 986; x_wconf 71' lang='lat' dir='ltr'><strong>regnum</strong></span> <span class='ocrx_word' id='word_1_179' title='bbox 2442 923 2567 969; x_wconf 85' lang='lat' dir='ltr'><strong>ante</strong></span> <span class='ocrx_word' id='word_1_180' title='bbox 2598 916 2797 971; x_wconf 85' lang='lat' dir='ltr'><strong>saecula</strong></span> <span class='ocrx_word' id='word_1_181' title='bbox 2826 914 3004 985; x_wconf 83' lang='lat' dir='ltr'><strong>quod</strong></span> <span class='ocrx_word' id='word_1_182' title='bbox 3043 914 3145 969; x_wconf 81' lang='lat' dir='ltr'><strong>fuit</strong></span> <span class='ocrx_word' id='word_1_183' title='bbox 3201 930 3530 988; x_wconf 85' lang='lat' dir='ltr'><strong>commemo-_</strong></span> 
     </span>
    </p>
   </div>
   <div class='ocr_carea' id='block_1_27' title="bbox 1960 1006 3527 1079">
    <p class='ocr_par' dir='ltr' id='par_1_27' title="bbox 1960 1006 3527 1079">
     <span class='ocr_line' id='line_1_27' title="bbox 1960 1006 3527 1079; baseline 0.001 -18"><span class='ocrx_word' id='word_1_184' title='bbox 1960 1009 2194 1071; x_wconf 87' lang='lat' dir='ltr'><strong>raverit,</strong></span> <span class='ocrx_word' id='word_1_185' title='bbox 2223 1014 2278 1061; x_wconf 92' lang='lat' dir='ltr'><strong>et</strong></span> <span class='ocrx_word' id='word_1_186' title='bbox 2308 1006 2486 1062; x_wconf 72' lang='lat' dir='ltr'><strong>Moses</strong></span> <span class='ocrx_word' id='word_1_187' title='bbox 2530 1022 2688 1077; x_wconf 80' lang='lat' dir='ltr'><strong>super</strong></span> <span class='ocrx_word' id='word_1_188' title='bbox 2728 1008 2925 1063; x_wconf 66' lang='lat' dir='ltr'><strong>saecula</strong></span> <span class='ocrx_word' id='word_1_189' title='bbox 2955 1007 3047 1063; x_wconf 88' lang='lat' dir='ltr'><strong>Dei</strong></span> <span class='ocrx_word' id='word_1_190' title='bbox 3077 1023 3305 1079; x_wconf 90' lang='lat' dir='ltr'><strong>regnum</strong></span> <span class='ocrx_word' id='word_1_191' title='bbox 3339 1020 3527 1064; x_wconf 84' lang='lat' dir='ltr'><strong>osten-</strong></span> 
     </span>
    </p>
   </div>
   <div class='ocr_carea' id='block_1_28' title="bbox 1959 1097 3530 1163">
    <p class='ocr_par' dir='ltr' id='par_1_28' title="bbox 1959 1097 3530 1163">
     <span class='ocr_line' id='line_1_28' title="bbox 1959 1097 3530 1163; baseline 0.003 -11"><span class='ocrx_word' id='word_1_192' title='bbox 1959 1097 2011 1152; x_wconf 88' lang='lat' dir='ltr'><strong>di</strong></span> <span class='ocrx_word' id='word_1_193' title='bbox 2036 1098 2442 1163; x_wconf 89' lang='lat' dir='ltr'><strong>demonstrarit,</strong></span> <span class='ocrx_word' id='word_1_194' title='bbox 2470 1100 2543 1154; x_wconf 88' lang='lat' dir='ltr'><strong>ita</strong></span> <span class='ocrx_word' id='word_1_195' title='bbox 2571 1108 2628 1154; x_wconf 88' lang='lat' dir='ltr'><strong>ut</strong></span> <span class='ocrx_word' id='word_1_196' title='bbox 2670 1116 2734 1155; x_wconf 78' lang='lat' dir='ltr'><strong>ex</strong></span> <span class='ocrx_word' id='word_1_197' title='bbox 2777 1101 3041 1155; x_wconf 88' lang='lat' dir='ltr'><strong>ambobus</strong></span> <span class='ocrx_word' id='word_1_198' title='bbox 3082 1116 3185 1155; x_wconf 91' lang='lat' dir='ltr'><strong>nos</strong></span> <span class='ocrx_word' id='word_1_199' title='bbox 3206 1102 3379 1155; x_wconf 91' lang='lat' dir='ltr'><strong>simus</strong></span> <span class='ocrx_word' id='word_1_200' title='bbox 3404 1101 3530 1157; x_wconf 87' lang='lat' dir='ltr'><strong>edo-</strong></span> 
     </span>
    </p>
   </div>
   <div class='ocr_carea' id='block_1_29' title="bbox 1961 1188 3529 1259">
    <p class='ocr_par' dir='ltr' id='par_1_29' title="bbox 1961 1188 3529 1259">
     <span class='ocr_line' id='line_1_29' title="bbox 1961 1188 3529 1259; baseline 0.003 -18"><span class='ocrx_word' id='word_1_201' title='bbox 1961 1188 2032 1241; x_wconf 92' lang='lat' dir='ltr'><strong>cti</strong></span> <span class='ocrx_word' id='word_1_202' title='bbox 2062 1189 2206 1258; x_wconf 92' lang='lat' dir='ltr'><strong>quod</strong></span> <span class='ocrx_word' id='word_1_203' title='bbox 2235 1204 2394 1243; x_wconf 90' lang='lat' dir='ltr'><strong>omne</strong></span> <span class='ocrx_word' id='word_1_204' title='bbox 2426 1189 2570 1259; x_wconf 91' lang='lat' dir='ltr'><strong>quod</strong></span> <span class='ocrx_word' id='word_1_205' title='bbox 2626 1192 2932 1246; x_wconf 86' lang='lat' dir='ltr'><strong>intervallis</strong></span> <span class='ocrx_word' id='word_1_206' title='bbox 2985 1190 3303 1244; x_wconf 85' lang='lat' dir='ltr'><strong>distinctum</strong></span> <span class='ocrx_word' id='word_1_207' title='bbox 3347 1190 3529 1246; x_wconf 89' lang='lat' dir='ltr'><strong>animo</strong></span> 
     </span>
    </p>
   </div>
   <div class='ocr_carea' id='block_1_30' title="bbox 1960 1281 3528 1357">
    <p class='ocr_par' dir='ltr' id='par_1_30' title="bbox 1960 1281 3528 1357">
     <span class='ocr_line' id='line_1_30' title="bbox 1960 1281 3528 1357; baseline 0.002 -24"><span class='ocrx_word' id='word_1_208' title='bbox 1960 1281 2289 1351; x_wconf 89' lang='lat' dir='ltr'><strong>concipitur,</strong></span> <span class='ocrx_word' id='word_1_209' title='bbox 2328 1281 2472 1335; x_wconf 90' lang='lat' dir='ltr'><strong>intra</strong></span> <span class='ocrx_word' id='word_1_210' title='bbox 2513 1281 2749 1335; x_wconf 84' lang='lat' dir='ltr'><strong>divinam</strong></span> <span class='ocrx_word' id='word_1_211' title='bbox 2795 1291 3043 1357; x_wconf 82' lang='lat' dir='ltr'><strong>naturam</strong></span> <span class='ocrx_word' id='word_1_212' title='bbox 3074 1282 3528 1351; x_wconf 76' lang='lat' dir='ltr'><strong>comprehensum</strong></span> 
     </span>
    </p>
   </div>
   <div class='ocr_carea' id='block_1_31' title="bbox 1959 1370 3530 1440">
    <p class='ocr_par' dir='ltr' id='par_1_31' title="bbox 1959 1370 3530 1440">
     <span class='ocr_line' id='line_1_31' title="bbox 1959 1370 3530 1440; baseline 0.001 -15"><span class='ocrx_word' id='word_1_213' title='bbox 1959 1378 2043 1425; x_wconf 87' lang='lat' dir='ltr'><strong>est</strong></span> <span class='ocrx_word' id='word_1_214' title='bbox 2074 1370 2340 1425; x_wconf 90' lang='lat' dir='ltr'><strong>inﬁnitate</strong></span> <span class='ocrx_word' id='word_1_215' title='bbox 2369 1372 2487 1440; x_wconf 87' lang='lat' dir='ltr'><strong>ejus</strong></span> <span class='ocrx_word' id='word_1_216' title='bbox 2513 1371 2606 1439; x_wconf 87' lang='lat' dir='ltr'><strong>qui</strong></span> <span class='ocrx_word' id='word_1_217' title='bbox 2642 1371 2954 1425; x_wconf 88' lang='lat' dir='ltr'><strong>universum</strong></span> <span class='ocrx_word' id='word_1_218' title='bbox 2985 1371 3248 1433; x_wconf 87' lang='lat' dir='ltr'><strong>continet,</strong></span> <span class='ocrx_word' id='word_1_219' title='bbox 3285 1371 3433 1425; x_wconf 89' lang='lat' dir='ltr'><strong>omni</strong></span> <span class='ocrx_word' id='word_1_220' title='bbox 3461 1387 3530 1426; x_wconf 80' lang='lat' dir='ltr'><strong>ex</strong></span> 
     </span>
    </p>
   </div>
   <div class='ocr_carea' id='block_1_32' title="bbox 1958 1461 3532 1532">
    <p class='ocr_par' dir='ltr' id='par_1_32' title="bbox 1958 1461 3532 1532">
     <span class='ocr_line' id='line_1_32' title="bbox 1958 1461 3532 1532; baseline 0.002 -17"><span class='ocrx_word' id='word_1_221' title='bbox 1958 1471 2111 1531; x_wconf 89' lang='lat' dir='ltr'><strong>parte</strong></span> <span class='ocrx_word' id='word_1_222' title='bbox 2136 1463 2516 1517; x_wconf 80' lang='lat' dir='ltr'><strong>terminatum?</strong></span> <span class='ocrx_word' id='word_1_223' title='bbox 2549 1462 2727 1517; x_wconf 82' lang='lat' dir='ltr'><strong>Moses</strong></span> <span class='ocrx_word' id='word_1_224' title='bbox 2756 1463 2899 1517; x_wconf 90' lang='lat' dir='ltr'><strong>enim</strong></span> <span class='ocrx_word' id='word_1_225' title='bbox 2933 1462 2986 1517; x_wconf 91' lang='lat' dir='ltr'><strong>in</strong></span> <span class='ocrx_word' id='word_1_226' title='bbox 3022 1461 3075 1515; x_wconf 90' lang='lat' dir='ltr'><strong>id</strong></span> <span class='ocrx_word' id='word_1_227' title='bbox 3104 1461 3249 1532; x_wconf 88' lang='lat' dir='ltr'><strong>quod</strong></span> <span class='ocrx_word' id='word_1_228' title='bbox 3272 1462 3532 1531; x_wconf 82' lang='lat' dir='ltr'><strong>deinceps</strong></span> 
     </span>
    </p>
   </div>
   <div class='ocr_carea' id='block_1_33' title="bbox 1960 1553 3531 1624">
    <p class='ocr_par' dir='ltr' id='par_1_33' title="bbox 1960 1553 3531 1624">
     <span class='ocr_line' id='line_1_33' title="bbox 1960 1553 3531 1624; baseline 0 -16"><span class='ocrx_word' id='word_1_229' title='bbox 1960 1554 2463 1624; x_wconf 84' lang='lat' dir='ltr'><strong>sequiturintuens,</strong></span> <span class='ocrx_word' id='word_1_230' title='bbox 2490 1555 2666 1624; x_wconf 91' lang='lat' dir='ltr'><strong>ipsum</strong></span> <span class='ocrx_word' id='word_1_231' title='bbox 2700 1554 3354 1624; x_wconf 65' lang='lat' dir='ltr'><strong>regnaredicitsmeulum</strong></span> <span class='ocrx_word' id='word_1_232' title='bbox 3386 1560 3441 1609; x_wconf 85' lang='lat' dir='ltr'><strong>et</strong></span> <span class='ocrx_word' id='word_1_233' title='bbox 3476 1553 3531 1608; x_wconf 91' lang='lat' dir='ltr'><strong>in</strong></span> 
     </span>
    </p>
   </div>
   <div class='ocr_carea' id='block_1_34' title="bbox 1964 1642 3533 1712">
    <p class='ocr_par' dir='ltr' id='par_1_34' title="bbox 1964 1642 3533 1712">
     <span class='ocr_line' id='line_1_34' title="bbox 1964 1642 3533 1712; baseline -0.001 -15"><span class='ocrx_word' id='word_1_234' title='bbox 1964 1643 2245 1707; x_wconf 73' lang='lat' dir='ltr'><strong>saeculum,</strong></span> <span class='ocrx_word' id='word_1_235' title='bbox 2278 1651 2331 1697; x_wconf 90' lang='lat' dir='ltr'><strong>et</strong></span> <span class='ocrx_word' id='word_1_236' title='bbox 2361 1644 2520 1697; x_wconf 88' lang='lat' dir='ltr'><strong>ultra.</strong></span> <span class='ocrx_word' id='word_1_237' title='bbox 2554 1642 2782 1711; x_wconf 85' lang='lat' dir='ltr'><strong>Magnus</strong></span> <span class='ocrx_word' id='word_1_238' title='bbox 2815 1650 2996 1696; x_wconf 88' lang='lat' dir='ltr'><strong>autem</strong></span> <span class='ocrx_word' id='word_1_239' title='bbox 3025 1642 3189 1697; x_wconf 89' lang='lat' dir='ltr'><strong>David</strong></span> <span class='ocrx_word' id='word_1_240' title='bbox 3206 1643 3271 1697; x_wconf 90' lang='lat' dir='ltr'><strong>ad</strong></span> <span class='ocrx_word' id='word_1_241' title='bbox 3307 1643 3360 1697; x_wconf 90' lang='lat' dir='ltr'><strong>id</strong></span> <span class='ocrx_word' id='word_1_242' title='bbox 3386 1642 3533 1712; x_wconf 86' lang='lat' dir='ltr'><strong>quod</strong></span> 
     </span>
    </p>
   </div>
   <div class='ocr_carea' id='block_1_35' title="bbox 1961 1732 3534 1803">
    <p class='ocr_par' dir='ltr' id='par_1_35' title="bbox 1961 1732 3534 1803">
     <span class='ocr_line' id='line_1_35' title="bbox 1961 1732 3534 1803; baseline -0.001 -17"><span class='ocrx_word' id='word_1_243' title='bbox 1961 1742 2108 1789; x_wconf 90' lang='lat' dir='ltr'><strong>retro</strong></span> <span class='ocrx_word' id='word_1_244' title='bbox 2130 1742 2217 1788; x_wconf 90' lang='lat' dir='ltr'><strong>est</strong></span> <span class='ocrx_word' id='word_1_245' title='bbox 2242 1734 2574 1803; x_wconf 89' lang='lat' dir='ltr'><strong>cogitatione</strong></span> <span class='ocrx_word' id='word_1_246' title='bbox 2597 1733 2853 1798; x_wconf 89' lang='lat' dir='ltr'><strong>adducta,</strong></span> <span class='ocrx_word' id='word_1_247' title='bbox 2878 1733 3037 1795; x_wconf 80' lang='lat' dir='ltr'><strong>dixit,</strong></span> <span class='ocrx_word' id='word_1_248' title='bbox 3085 1732 3221 1787; x_wconf 77' lang='lat' dir='ltr'><strong>Deus</strong></span> <span class='ocrx_word' id='word_1_249' title='bbox 3244 1748 3336 1786; x_wconf 75' lang='lat' dir='ltr'><strong>rex</strong></span> <span class='ocrx_word' id='word_1_250' title='bbox 3357 1743 3534 1786; x_wconf 75' lang='lat' dir='ltr'><strong>noster</strong></span> 
     </span>
    </p>
   </div>
   <div class='ocr_carea' id='block_1_36' title="bbox 1960 1826 3535 1895">
    <p class='ocr_par' dir='ltr' id='par_1_36' title="bbox 1960 1826 3535 1895">
     <span class='ocr_line' id='line_1_36' title="bbox 1960 1826 3535 1895; baseline -0.003 -12"><span class='ocrx_word' id='word_1_251' title='bbox 1960 1836 2082 1883; x_wconf 77' lang='lat' dir='ltr'><strong>ante</strong></span> <span class='ocrx_word' id='word_1_252' title='bbox 2106 1829 2303 1883; x_wconf 70' lang='lat' dir='ltr'><strong>saecula</strong></span> <span class='ocrx_word' id='word_1_253' title='bbox 2329 1828 2396 1895; x_wconf 82' lang='grc'><strong>⁸⁷;</strong></span> <span class='ocrx_word' id='word_1_254' title='bbox 2426 1835 2479 1883; x_wconf 88' lang='lat' dir='ltr'><strong>et</strong></span> <span class='ocrx_word' id='word_1_255' title='bbox 2509 1843 2737 1882; x_wconf 85' lang='lat' dir='ltr'><strong>rursus:</strong></span> <span class='ocrx_word' id='word_1_256' title='bbox 2770 1827 2966 1879; x_wconf 82' lang='lat' dir='ltr'><strong>Audiet</strong></span> <span class='ocrx_word' id='word_1_257' title='bbox 2997 1826 3133 1881; x_wconf 79' lang='lat' dir='ltr'><strong>Deus</strong></span> <span class='ocrx_word' id='word_1_258' title='bbox 3163 1827 3254 1895; x_wconf 89' lang='lat' dir='ltr'><strong>qui</strong></span> <span class='ocrx_word' id='word_1_259' title='bbox 3290 1834 3366 1879; x_wconf 84' lang='lat' dir='ltr'><strong>est</strong></span> <span class='ocrx_word' id='word_1_260' title='bbox 3414 1833 3535 1878; x_wconf 86' lang='lat' dir='ltr'><strong>ante</strong></span> 
     </span>
    </p>
   </div>
   <div class='ocr_carea' id='block_1_37' title="bbox 1962 1916 3533 1989">
    <p class='ocr_par' dir='ltr' id='par_1_37' title="bbox 1962 1916 3533 1989">
     <span class='ocr_line' id='line_1_37' title="bbox 1962 1916 3533 1989; baseline -0.001 -16"><span class='ocrx_word' id='word_1_261' title='bbox 1962 1921 2160 1974; x_wconf 70' lang='lat' dir='ltr'><strong>uacula</strong></span> <span class='ocrx_word' id='word_1_262' title='bbox 2187 1920 2253 1972; x_wconf 80' lang='grc'><strong>⁸⁸.</strong></span> <span class='ocrx_word' id='word_1_263' title='bbox 2285 1919 2391 1975; x_wconf 86' lang='lat' dir='ltr'><strong>Sed</strong></span> <span class='ocrx_word' id='word_1_264' title='bbox 2437 1921 2657 1989; x_wconf 83' lang='lat' dir='ltr'><strong>sapiens</strong></span> <span class='ocrx_word' id='word_1_265' title='bbox 2691 1919 2994 1974; x_wconf 87' lang='lat' dir='ltr'><strong>Eunomius</strong></span> <span class='ocrx_word' id='word_1_266' title='bbox 3028 1919 3193 1973; x_wconf 91' lang='lat' dir='ltr'><strong>tantis</strong></span> <span class='ocrx_word' id='word_1_267' title='bbox 3253 1916 3533 1987; x_wconf 71' lang='lat' dir='ltr'><strong>nia-gistris</strong></span> 
     </span>
    </p>
   </div>
   <div class='ocr_carea' id='block_1_38' title="bbox 285 2004 1859 2079">
    <p class='ocr_par' dir='ltr' id='par_1_38' title="bbox 285 2004 1859 2079">
     <span class='ocr_line' id='line_1_38' title="bbox 285 2004 1859 2079; baseline 0.003 -21"><span class='ocrx_word' id='word_1_268' title='bbox 285 2005 637 2075; x_wconf 80' lang='grc' dir='ltr'>ἀτελεύτητον</span> <span class='ocrx_word' id='word_1_269' title='bbox 661 2021 673 2034; x_wconf 88' lang='grc'><strong>·</strong></span> <span class='ocrx_word' id='word_1_270' title='bbox 732 2006 893 2058; x_wconf 80' lang='grc' dir='ltr'>πάλιν</span> <span class='ocrx_word' id='word_1_271' title='bbox 945 2004 1037 2058; x_wconf 67' lang='grc' dir='ltr'><strong>καί⁵</strong></span> <span class='ocrx_word' id='word_1_272' title='bbox 1080 2005 1297 2071; x_wconf 36' lang='grc' dir='ltr'>αἰώνων,</span> <span class='ocrx_word' id='word_1_273' title='bbox 1332 2006 1492 2059; x_wconf 89' lang='grc' dir='ltr'>τινῶν</span> <span class='ocrx_word' id='word_1_274' title='bbox 1540 2009 1859 2079; x_wconf 78' lang='grc' dir='ltr'>ἑτερότητας</span> 
     </span>
    </p>
   </div>
   <div class='ocr_carea' id='block_1_39' title="bbox 1962 2004 3535 2079">
    <p class='ocr_par' dir='ltr' id='par_1_39' title="bbox 1962 2008 3535 2077">
     <span class='ocr_line' id='line_1_39' title="bbox 1962 2008 3535 2077; baseline -0.002 -13"><span class='ocrx_word' id='word_1_275' title='bbox 1962 2012 2142 2065; x_wconf 88' lang='lat' dir='ltr'><strong>valere</strong></span> <span class='ocrx_word' id='word_1_276' title='bbox 2168 2011 2378 2073; x_wconf 87' lang='lat' dir='ltr'><strong>dicens,</strong></span> <span class='ocrx_word' id='word_1_277' title='bbox 2410 2011 2575 2064; x_wconf 91' lang='lat' dir='ltr'><strong>aliam</strong></span> <span class='ocrx_word' id='word_1_278' title='bbox 2620 2010 2697 2064; x_wconf 89' lang='lat' dir='ltr'><strong>ait</strong></span> <span class='ocrx_word' id='word_1_279' title='bbox 2726 2025 2829 2064; x_wconf 89' lang='lat' dir='ltr'><strong>nos</strong></span> <span class='ocrx_word' id='word_1_280' title='bbox 2881 2024 3126 2064; x_wconf 86' lang='lat' dir='ltr'><strong>asserere</strong></span> <span class='ocrx_word' id='word_1_281' title='bbox 3175 2008 3341 2062; x_wconf 88' lang='lat' dir='ltr'><strong>vitam</strong></span> <span class='ocrx_word' id='word_1_282' title='bbox 3386 2008 3535 2077; x_wconf 91' lang='lat' dir='ltr'><strong>prin-</strong></span> 
     </span>
    </p>
   </div>
   <div class='ocr_carea' id='block_1_40' title="bbox 287 2096 1857 2169">
    <p class='ocr_par' dir='ltr' id='par_1_40' title="bbox 287 2096 1857 2169">
     <span class='ocr_line' id='line_1_40' title="bbox 287 2096 1857 2169; baseline 0.001 -18"><span class='ocrx_word' id='word_1_283' title='bbox 287 2099 381 2151; x_wconf 71' lang='grc' dir='ltr'>καὶ</span> <span class='ocrx_word' id='word_1_284' title='bbox 422 2098 703 2168; x_wconf 75' lang='grc' dir='ltr'>διαφορὰς,</span> <span class='ocrx_word' id='word_1_285' title='bbox 741 2096 1218 2167; x_wconf 71' lang='grc' dir='ltr'>συνδιασχιζούσας</span> <span class='ocrx_word' id='word_1_286' title='bbox 1246 2100 1308 2167; x_wconf 84' lang='grc' dir='ltr'><strong>τῇ</strong></span> <span class='ocrx_word' id='word_1_287' title='bbox 1342 2098 1618 2169; x_wconf 80' lang='grc' dir='ltr'>ἑτερότητι</span> <span class='ocrx_word' id='word_1_288' title='bbox 1651 2100 1857 2153; x_wconf 80' lang='grc' dir='ltr'>ἑαυτῶν</span> 
     </span>
    </p>
   </div>
   <div class='ocr_carea' id='block_1_41' title="bbox 286 2187 1857 2261">
    <p class='ocr_par' dir='ltr' id='par_1_41' title="bbox 286 2187 1857 2261">
     <span class='ocr_line' id='line_1_41' title="bbox 286 2187 1857 2261; baseline 0 -18"><span class='ocrx_word' id='word_1_289' title='bbox 286 2192 380 2243; x_wconf 74' lang='grc' dir='ltr'>καὶ</span> <span class='ocrx_word' id='word_1_290' title='bbox 425 2188 522 2259; x_wconf 79' lang='grc' dir='ltr'><strong>τὴν</strong></span> <span class='ocrx_word' id='word_1_291' title='bbox 565 2190 693 2260; x_wconf 70' lang='grc' dir='ltr'>περὶ</span> <span class='ocrx_word' id='word_1_292' title='bbox 737 2189 870 2243; x_wconf 89' lang='grc' dir='ltr'>Θεοῦ</span> <span class='ocrx_word' id='word_1_293' title='bbox 901 2187 1215 2257; x_wconf 78' lang='grc' dir='ltr'>φαντασίαν.</span> <span class='ocrx_word' id='word_1_294' title='bbox 1270 2189 1409 2241; x_wconf 81' lang='grc' dir='ltr'>Ἀλλ’</span> <span class='ocrx_word' id='word_1_295' title='bbox 1441 2189 1515 2253; x_wconf 87' lang='grc' dir='ltr'>ὼς</span> <span class='ocrx_word' id='word_1_296' title='bbox 1546 2190 1614 2243; x_wconf 84' lang='grc' dir='ltr'>ἂν</span> <span class='ocrx_word' id='word_1_297' title='bbox 1658 2189 1731 2261; x_wconf 83' lang='grc' dir='ltr'>μὴ</span> <span class='ocrx_word' id='word_1_298' title='bbox 1770 2190 1857 2244; x_wconf 84' lang='grc' dir='ltr'><strong>διὰ</strong></span> 
     </span>
    </p>
   </div>
   <div class='ocr_carea' id='block_1_42' title="bbox 291 2281 1857 2354">
    <p class='ocr_par' dir='ltr' id='par_1_42' title="bbox 291 2281 1857 2354">
     <span class='ocr_line' id='line_1_42' title="bbox 291 2281 1857 2354; baseline 0.002 -20"><span class='ocrx_word' id='word_1_299' title='bbox 291 2282 497 2353; x_wconf 81' lang='grc' dir='ltr'>μακροῦ</span> <span class='ocrx_word' id='word_1_300' title='bbox 522 2281 732 2350; x_wconf 86' lang='grc' dir='ltr'>γένοιτο</span> <span class='ocrx_word' id='word_1_301' title='bbox 759 2285 891 2352; x_wconf 80' lang='grc' dir='ltr'>ἡμῖν</span> <span class='ocrx_word' id='word_1_302' title='bbox 917 2285 949 2352; x_wconf 81' lang='grc' dir='ltr'>ἡ</span> <span class='ocrx_word' id='word_1_303' title='bbox 981 2284 1116 2354; x_wconf 81' lang='grc' dir='ltr'>πρὸς</span> <span class='ocrx_word' id='word_1_304' title='bbox 1162 2282 1228 2335; x_wconf 87' lang='grc' dir='ltr'><strong>τὰ</strong></span> <span class='ocrx_word' id='word_1_305' title='bbox 1257 2281 1521 2352; x_wconf 82' lang='grc' dir='ltr'>εἰρημένα</span> <span class='ocrx_word' id='word_1_306' title='bbox 1551 2282 1718 2353; x_wconf 82' lang='grc' dir='ltr'>μάχη,</span> <span class='ocrx_word' id='word_1_307' title='bbox 1760 2284 1857 2337; x_wconf 81' lang='grc' dir='ltr'>αύ-</span> 
     </span>
    </p>
   </div>
   <div class='ocr_carea' id='block_1_43' title="bbox 286 2370 1855 2443">
    <p class='ocr_par' dir='ltr' id='par_1_43' title="bbox 286 2370 1855 2443">
     <span class='ocr_line' id='line_1_43' title="bbox 286 2370 1855 2443; baseline 0 -18"><span class='ocrx_word' id='word_1_308' title='bbox 286 2373 382 2443; x_wconf 80' lang='grc' dir='ltr'>τὴν</span> <span class='ocrx_word' id='word_1_309' title='bbox 416 2372 795 2441; x_wconf 82' lang='grc' dir='ltr'>προσθήσομεν</span> <span class='ocrx_word' id='word_1_310' title='bbox 841 2372 1200 2425; x_wconf 75' lang='grc' dir='ltr'>ἀϐασάνιστον</span> <span class='ocrx_word' id='word_1_311' title='bbox 1248 2372 1339 2423; x_wconf 86' lang='grc' dir='ltr'><strong>καί</strong></span> <span class='ocrx_word' id='word_1_312' title='bbox 1383 2370 1729 2436; x_wconf 77' lang='grc' dir='ltr'>ἀνεξέταστον</span> <span class='ocrx_word' id='word_1_313' title='bbox 1756 2371 1855 2441; x_wconf 78' lang='grc' dir='ltr'>τὴν</span> 
     </span>
    </p>
   </div>
   <div class='ocr_carea' id='block_1_44' title="bbox 286 2455 1853 2533">
    <p class='ocr_par' dir='ltr' id='par_1_44' title="bbox 286 2455 1853 2533">
     <span class='ocr_line' id='line_1_44' title="bbox 286 2455 1853 2533; baseline -0.001 -18"><span class='ocrx_word' id='word_1_314' title='bbox 286 2463 344 2516; x_wconf 85' lang='grc' dir='ltr'>ὲν</span> <span class='ocrx_word' id='word_1_315' title='bbox 371 2463 576 2525; x_wconf 80' lang='grc' dir='ltr'>τούτοις</span> <span class='ocrx_word' id='word_1_316' title='bbox 597 2462 691 2515; x_wconf 88' lang='grc' dir='ltr'><strong>τοῦ</strong></span> <span class='ocrx_word' id='word_1_317' title='bbox 722 2462 983 2533; x_wconf 82' lang='grc' dir='ltr'>Εὑνομίου</span> <span class='ocrx_word' id='word_1_318' title='bbox 1015 2461 1344 2529; x_wconf 82' lang='grc' dir='ltr'>φιλοπονίαν,</span> <span class='ocrx_word' id='word_1_319' title='bbox 1378 2459 1568 2530; x_wconf 77' lang='grc' dir='ltr'>ἱκανὴν</span> <span class='ocrx_word' id='word_1_320' title='bbox 1595 2455 1757 2513; x_wconf 82' lang='grc' dir='ltr'>οὖσαν</span> <span class='ocrx_word' id='word_1_321' title='bbox 1788 2459 1853 2514; x_wconf 83' lang='grc' dir='ltr'><strong>δι’</strong></span> 
     </span>
    </p>
   </div>
   <div class='ocr_carea' id='block_1_45' title="bbox 286 2550 1856 2625">
    <p class='ocr_par' dir='ltr' id='par_1_45' title="bbox 286 2550 1856 2625">
     <span class='ocr_line' id='line_1_45' title="bbox 286 2550 1856 2625; baseline -0.001 -17"><span class='ocrx_word' id='word_1_322' title='bbox 286 2550 359 2609; x_wconf 81' lang='grc' dir='ltr'>ὧν</span> <span class='ocrx_word' id='word_1_323' title='bbox 392 2556 676 2619; x_wconf 79' lang='grc' dir='ltr'>σπουδάζει</span> <span class='ocrx_word' id='word_1_324' title='bbox 725 2558 851 2625; x_wconf 78' lang='grc' dir='ltr'>περὶ</span> <span class='ocrx_word' id='word_1_325' title='bbox 900 2555 959 2608; x_wconf 76' lang='grc' dir='ltr'><strong>τὸ</strong></span> <span class='ocrx_word' id='word_1_326' title='bbox 990 2553 1183 2624; x_wconf 78' lang='grc' dir='ltr'>ψεῦδος</span> <span class='ocrx_word' id='word_1_327' title='bbox 1234 2551 1589 2623; x_wconf 78' lang='grc' dir='ltr'>ἐκδηλοτέραν</span> <span class='ocrx_word' id='word_1_328' title='bbox 1636 2555 1856 2623; x_wconf 81' lang='grc' dir='ltr'>ποιῆσαι</span> 
     </span>
    </p>
   </div>
   <div class='ocr_carea' id='block_1_46' title="bbox 291 2647 1094 2719">
    <p class='ocr_par' dir='ltr' id='par_1_46' title="bbox 291 2647 1094 2719">
     <span class='ocr_line' id='line_1_46' title="bbox 291 2647 1094 2719; baseline -0.004 -18"><span class='ocrx_word' id='word_1_329' title='bbox 291 2652 402 2712; x_wconf 82' lang='grc' dir='ltr'>τοῖς</span> <span class='ocrx_word' id='word_1_330' title='bbox 437 2652 672 2712; x_wconf 84' lang='grc' dir='ltr'>συνετοίς</span> <span class='ocrx_word' id='word_1_331' title='bbox 701 2648 797 2719; x_wconf 83' lang='grc' dir='ltr'><strong>τὴν</strong></span> <span class='ocrx_word' id='word_1_332' title='bbox 823 2647 1094 2718; x_wconf 84' lang='grc' dir='ltr'>ἀλήθειαν.</span> 
     </span>
    </p>
   </div>
   <div class='ocr_carea' id='block_1_47' title="bbox 1961 2098 3535 2172">
    <p class='ocr_par' dir='ltr' id='par_1_47' title="bbox 1961 2098 3535 2172">
     <span class='ocr_line' id='line_1_47' title="bbox 1961 2098 3535 2172; baseline -0.003 -16"><span class='ocrx_word' id='word_1_333' title='bbox 1961 2102 2108 2172; x_wconf 89' lang='lat' dir='ltr'><strong>cipio</strong></span> <span class='ocrx_word' id='word_1_334' title='bbox 2144 2111 2441 2166; x_wconf 76' lang='lat' dir='ltr'><strong>carentem,</strong></span> <span class='ocrx_word' id='word_1_335' title='bbox 2473 2102 2634 2154; x_wconf 83' lang='lat' dir='ltr'><strong>aliam</strong></span> <span class='ocrx_word' id='word_1_336' title='bbox 2665 2116 2794 2155; x_wconf 85' lang='lat' dir='ltr'><strong>vero</strong></span> <span class='ocrx_word' id='word_1_337' title='bbox 2845 2101 2947 2154; x_wconf 90' lang='lat' dir='ltr'><strong>fine</strong></span> <span class='ocrx_word' id='word_1_338' title='bbox 2983 2107 3283 2155; x_wconf 87' lang='lat' dir='ltr'><strong>carentem.</strong></span> <span class='ocrx_word' id='word_1_339' title='bbox 3320 2098 3535 2152; x_wconf 81' lang='lat' dir='ltr'><strong>Rursus</strong></span> 
     </span>
    </p>
   </div>
   <div class='ocr_carea' id='block_1_48' title="bbox 1961 2187 3538 2261">
    <p class='ocr_par' dir='ltr' id='par_1_48' title="bbox 1961 2187 3538 2261">
     <span class='ocr_line' id='line_1_48' title="bbox 1961 2187 3538 2261; baseline -0.003 -16"><span class='ocrx_word' id='word_1_340' title='bbox 1961 2198 2016 2246; x_wconf 90' lang='lat' dir='ltr'><strong>et</strong></span> <span class='ocrx_word' id='word_1_341' title='bbox 2048 2191 2373 2244; x_wconf 67' lang='lat' dir='ltr'><strong>saeculorum</strong></span> <span class='ocrx_word' id='word_1_342' title='bbox 2415 2188 2784 2261; x_wconf 85' lang='lat' dir='ltr'><strong>quorumdam</strong></span> <span class='ocrx_word' id='word_1_343' title='bbox 2833 2190 3145 2251; x_wconf 78' lang='lat' dir='ltr'><strong>varietates,</strong></span> <span class='ocrx_word' id='word_1_344' title='bbox 3191 2197 3244 2242; x_wconf 91' lang='lat' dir='ltr'><strong>et</strong></span> <span class='ocrx_word' id='word_1_345' title='bbox 3283 2187 3538 2242; x_wconf 66' lang='grc' dir='ltr'>(ἥσει-επι-</span> 
     </span>
    </p>
   </div>
   <div class='ocr_carea' id='block_1_49' title="bbox 1960 2278 3535 2349">
    <p class='ocr_par' dir='ltr' id='par_1_49' title="bbox 1960 2278 3535 2349">
     <span class='ocr_line' id='line_1_49' title="bbox 1960 2278 3535 2349; baseline -0.003 -13"><span class='ocrx_word' id='word_1_346' title='bbox 1960 2281 2067 2336; x_wconf 89' lang='lat' dir='ltr'><strong>tias</strong></span> <span class='ocrx_word' id='word_1_347' title='bbox 2091 2296 2211 2349; x_wconf 82' lang='lat' dir='ltr'><strong>quae</strong></span> <span class='ocrx_word' id='word_1_348' title='bbox 2249 2295 2347 2335; x_wconf 90' lang='lat' dir='ltr'><strong>sua</strong></span> <span class='ocrx_word' id='word_1_349' title='bbox 2372 2279 2692 2334; x_wconf 79' lang='lat' dir='ltr'><strong>diversitate</strong></span> <span class='ocrx_word' id='word_1_350' title='bbox 2743 2279 2908 2334; x_wconf 89' lang='lat' dir='ltr'><strong>simul</strong></span> <span class='ocrx_word' id='word_1_351' title='bbox 2932 2279 3096 2333; x_wconf 84' lang='lat' dir='ltr'><strong>etiam</strong></span> <span class='ocrx_word' id='word_1_352' title='bbox 3130 2278 3197 2333; x_wconf 90' lang='lat' dir='ltr'><strong>de</strong></span> <span class='ocrx_word' id='word_1_353' title='bbox 3238 2278 3348 2332; x_wconf 85' lang='lat' dir='ltr'><strong>Deo</strong></span> <span class='ocrx_word' id='word_1_354' title='bbox 3396 2279 3535 2331; x_wconf 86' lang='lat' dir='ltr'><strong>ima-</strong></span> 
     </span>
    </p>
   </div>
   <div class='ocr_carea' id='block_1_50' title="bbox 1962 2368 3536 2442">
    <p class='ocr_par' dir='ltr' id='par_1_50' title="bbox 1962 2368 3536 2442">
     <span class='ocr_line' id='line_1_50' title="bbox 1962 2368 3536 2442; baseline -0.001 -18"><span class='ocrx_word' id='word_1_355' title='bbox 1962 2372 2293 2442; x_wconf 85' lang='lat' dir='ltr'><strong>ginationem</strong></span> <span class='ocrx_word' id='word_1_356' title='bbox 2318 2370 2656 2425; x_wconf 82' lang='lat' dir='ltr'><strong>discindunt.</strong></span> <span class='ocrx_word' id='word_1_357' title='bbox 2704 2370 2809 2425; x_wconf 89' lang='lat' dir='ltr'><strong>Sed</strong></span> <span class='ocrx_word' id='word_1_358' title='bbox 2840 2385 2907 2425; x_wconf 83' lang='lat' dir='ltr'><strong>ne</strong></span> <span class='ocrx_word' id='word_1_359' title='bbox 2953 2371 3171 2440; x_wconf 89' lang='lat' dir='ltr'><strong>longius</strong></span> <span class='ocrx_word' id='word_1_360' title='bbox 3203 2376 3388 2425; x_wconf 87' lang='lat' dir='ltr'><strong>nostra</strong></span> <span class='ocrx_word' id='word_1_361' title='bbox 3436 2368 3536 2423; x_wconf 81' lang='lat' dir='ltr'><strong>ad-</strong></span> 
     </span>
    </p>
   </div>
   <div class='ocr_carea' id='block_1_51' title="bbox 1962 2461 3535 2532">
    <p class='ocr_par' dir='ltr' id='par_1_51' title="bbox 1962 2461 3535 2532">
     <span class='ocr_line' id='line_1_51' title="bbox 1962 2461 3535 2532; baseline 0.001 -16"><span class='ocrx_word' id='word_1_362' title='bbox 1962 2479 2155 2517; x_wconf 86' lang='lat' dir='ltr'><strong>versus</strong></span> <span class='ocrx_word' id='word_1_363' title='bbox 2188 2462 2333 2516; x_wconf 89' lang='lat' dir='ltr'><strong>dicta</strong></span> <span class='ocrx_word' id='word_1_364' title='bbox 2364 2463 2717 2532; x_wconf 87' lang='lat' dir='ltr'><strong>protrahatur</strong></span> <span class='ocrx_word' id='word_1_365' title='bbox 2763 2477 2970 2532; x_wconf 83' lang='lat' dir='ltr'><strong>pugna,</strong></span> <span class='ocrx_word' id='word_1_366' title='bbox 3003 2462 3178 2532; x_wconf 89' lang='lat' dir='ltr'><strong>ipsam</strong></span> <span class='ocrx_word' id='word_1_367' title='bbox 3211 2461 3535 2531; x_wconf 73' lang='lat' dir='ltr'><strong>adjicietnus</strong></span> 
     </span>
    </p>
   </div>
   <div class='ocr_carea' id='block_1_52' title="bbox 1963 2554 3535 2626">
    <p class='ocr_par' dir='ltr' id='par_1_52' title="bbox 1963 2554 3535 2626">
     <span class='ocr_line' id='line_1_52' title="bbox 1963 2554 3535 2626; baseline 0.001 -18"><span class='ocrx_word' id='word_1_368' title='bbox 1963 2554 2203 2609; x_wconf 91' lang='lat' dir='ltr'><strong>nondum</strong></span> <span class='ocrx_word' id='word_1_369' title='bbox 2256 2556 2608 2626; x_wconf 82' lang='lat' dir='ltr'><strong>exagitatam,</strong></span> <span class='ocrx_word' id='word_1_370' title='bbox 2670 2570 2845 2622; x_wconf 88' lang='lat' dir='ltr'><strong>neque</strong></span> <span class='ocrx_word' id='word_1_371' title='bbox 2910 2554 3271 2608; x_wconf 77' lang='lat' dir='ltr'><strong>exaniinatam</strong></span> <span class='ocrx_word' id='word_1_372' title='bbox 3333 2554 3388 2607; x_wconf 90' lang='lat' dir='ltr'><strong>in</strong></span> <span class='ocrx_word' id='word_1_373' title='bbox 3448 2554 3535 2610; x_wconf 81' lang='lat' dir='ltr'><strong>his</strong></span> 
     </span>
    </p>
   </div>
   <div class='ocr_carea' id='block_1_53' title="bbox 1964 2644 3535 2716">
    <p class='ocr_par' dir='ltr' id='par_1_53' title="bbox 1964 2644 3535 2716">
     <span class='ocr_line' id='line_1_53' title="bbox 1964 2644 3535 2716; baseline -0.001 -18"><span class='ocrx_word' id='word_1_374' title='bbox 1964 2644 2218 2701; x_wconf 75' lang='lat' dir='ltr'><strong>Euuouiii</strong></span> <span class='ocrx_word' id='word_1_375' title='bbox 2259 2647 2581 2701; x_wconf 86' lang='lat' dir='ltr'><strong>industriam</strong></span> <span class='ocrx_word' id='word_1_376' title='bbox 2609 2686 2623 2711; x_wconf 92' lang='lat'><strong>,</strong></span> <span class='ocrx_word' id='word_1_377' title='bbox 2667 2662 2789 2716; x_wconf 72' lang='lat' dir='ltr'><strong>qum</strong></span> <span class='ocrx_word' id='word_1_378' title='bbox 2823 2645 2960 2700; x_wconf 81' lang='lat' dir='ltr'><strong>satis</strong></span> <span class='ocrx_word' id='word_1_379' title='bbox 3012 2652 3098 2700; x_wconf 87' lang='lat' dir='ltr'><strong>est</strong></span> <span class='ocrx_word' id='word_1_380' title='bbox 3145 2645 3379 2710; x_wconf 85' lang='lat' dir='ltr'><strong>idonea,</strong></span> <span class='ocrx_word' id='word_1_381' title='bbox 3438 2659 3535 2716; x_wconf 89' lang='lat' dir='ltr'><strong>per</strong></span> 
     </span>
    </p>
   </div>
   <div class='ocr_carea' id='block_1_54' title="bbox 284 2738 3118 2822">
    <p class='ocr_par' dir='ltr' id='par_1_54' title="bbox 284 2738 3118 2822">
     <span class='ocr_line' id='line_1_54' title="bbox 284 2738 3118 2822; baseline -0.002 -24"><span class='ocrx_word' id='word_1_382' title='bbox 284 2760 406 2813; x_wconf 62' lang='lat' dir='ltr'><strong>quae</strong></span> <span class='ocrx_word' id='word_1_383' title='bbox 435 2744 680 2797; x_wconf 83' lang='lat' dir='ltr'><strong>studiose</strong></span> <span class='ocrx_word' id='word_1_384' title='bbox 716 2749 1016 2810; x_wconf 89' lang='lat' dir='ltr'><strong>occupatur</strong></span> <span class='ocrx_word' id='word_1_385' title='bbox 1050 2741 1104 2794; x_wconf 91' lang='lat' dir='ltr'><strong>in</strong></span> <span class='ocrx_word' id='word_1_386' title='bbox 1156 2739 1463 2822; x_wconf 84' lang='lat' dir='ltr'><strong>mendacio,</strong></span> <span class='ocrx_word' id='word_1_387' title='bbox 1507 2738 1573 2791; x_wconf 93' lang='lat' dir='ltr'><strong>ad</strong></span> <span class='ocrx_word' id='word_1_388' title='bbox 1620 2738 1972 2794; x_wconf 86' lang='lat' dir='ltr'><strong>illustriorem</strong></span> <span class='ocrx_word' id='word_1_389' title='bbox 2009 2740 2437 2812; x_wconf 88' lang='lat' dir='ltr'><strong>intelligentibus</strong></span> <span class='ocrx_word' id='word_1_390' title='bbox 2470 2740 2775 2795; x_wconf 81' lang='lat' dir='ltr'><strong>faciendam</strong></span> <span class='ocrx_word' id='word_1_391' title='bbox 2814 2741 3118 2794; x_wconf 87' lang='lat' dir='ltr'><strong>veritatem.</strong></span> 
     </span>
    </p>
   </div>
   <div class='ocr_carea' id='block_1_55' title="bbox 367 2834 1860 2907">
    <p class='ocr_par' dir='ltr' id='par_1_55' title="bbox 367 2834 1860 2907">
     <span class='ocr_line' id='line_1_55' title="bbox 367 2834 1860 2907; baseline -0.002 -18"><span class='ocrx_word' id='word_1_392' title='bbox 367 2837 576 2907; x_wconf 78' lang='grc' dir='ltr'>Ἑρωτᾷ</span> <span class='ocrx_word' id='word_1_393' title='bbox 606 2836 715 2904; x_wconf 84' lang='grc' dir='ltr'>γὰρ</span> <span class='ocrx_word' id='word_1_394' title='bbox 739 2836 885 2903; x_wconf 80' lang='grc' dir='ltr'>ἡμᾶς</span> <span class='ocrx_word' id='word_1_395' title='bbox 933 2835 1134 2903; x_wconf 82' lang='grc' dir='ltr'>προῖὼν</span> <span class='ocrx_word' id='word_1_396' title='bbox 1163 2834 1238 2903; x_wconf 80' lang='grc' dir='ltr'>τῷ</span> <span class='ocrx_word' id='word_1_397' title='bbox 1276 2835 1415 2901; x_wconf 73' lang='grc' dir='ltr'>λόγῳ</span> <span class='ocrx_word' id='word_1_398' title='bbox 1439 2875 1453 2898; x_wconf 91' lang='grc'><strong>,</strong></span> <span class='ocrx_word' id='word_1_399' title='bbox 1490 2834 1542 2885; x_wconf 88' lang='grc' dir='ltr'><strong>τί</strong></span> <span class='ocrx_word' id='word_1_400' title='bbox 1570 2851 1699 2886; x_wconf 85' lang='grc' dir='ltr'>ποτε</span> <span class='ocrx_word' id='word_1_401' title='bbox 1735 2834 1860 2896; x_wconf 75' lang='grc' dir='ltr'>τοὺς</span> 
     </span>
    </p>
   </div>
   <div class='ocr_carea' id='block_1_56' title="bbox 288 2920 1861 2996">
    <p class='ocr_par' dir='ltr' id='par_1_56' title="bbox 288 2920 1861 2996">
     <span class='ocr_line' id='line_1_56' title="bbox 288 2920 1861 2996; baseline -0.004 -13"><span class='ocrx_word' id='word_1_402' title='bbox 288 2927 487 2989; x_wconf 86' lang='grc' dir='ltr'>αἰῶνας</span> <span class='ocrx_word' id='word_1_403' title='bbox 535 2926 776 2996; x_wconf 86' lang='grc' dir='ltr'>οἰόμεθα.</span> <span class='ocrx_word' id='word_1_404' title='bbox 843 2924 951 2977; x_wconf 82' lang='grc' dir='ltr'>Καί</span> <span class='ocrx_word' id='word_1_405' title='bbox 1004 2924 1080 2976; x_wconf 90' lang='grc' dir='ltr'><strong>τοί</strong></span> <span class='ocrx_word' id='word_1_406' title='bbox 1130 2940 1193 2991; x_wconf 85' lang='grc' dir='ltr'><strong>γε</strong></span> <span class='ocrx_word' id='word_1_407' title='bbox 1236 2923 1566 2991; x_wconf 77' lang='grc' dir='ltr'>δικαιότερον</span> <span class='ocrx_word' id='word_1_408' title='bbox 1618 2920 1686 2993; x_wconf 76' lang='grc' dir='ltr'>ἦν</span> <span class='ocrx_word' id='word_1_409' title='bbox 1730 2925 1861 2993; x_wconf 80' lang='grc' dir='ltr'>παρ’</span> 
     </span>
    </p>
   </div>
   <div class='ocr_carea' id='block_1_57' title="bbox 287 3008 1866 3087">
    <p class='ocr_par' dir='ltr' id='par_1_57' title="bbox 287 3008 1866 3087">
     <span class='ocr_line' id='line_1_57' title="bbox 287 3008 1866 3087; baseline -0.004 -20"><span class='ocrx_word' id='word_1_410' title='bbox 287 3016 446 3087; x_wconf 73' lang='grc' dir='ltr'>ἡμῶν</span> <span class='ocrx_word' id='word_1_411' title='bbox 485 3015 631 3085; x_wconf 76' lang='grc' dir='ltr'>αὐτῷ</span> <span class='ocrx_word' id='word_1_412' title='bbox 667 3014 734 3066; x_wconf 79' lang='grc' dir='ltr'><strong>τὰ</strong></span> <span class='ocrx_word' id='word_1_413' title='bbox 770 3011 992 3066; x_wconf 88' lang='grc' dir='ltr'>τοιαῦτα</span> <span class='ocrx_word' id='word_1_414' title='bbox 1033 3009 1407 3083; x_wconf 82' lang='grc' dir='ltr'>προτείνεσθαι</span> <span class='ocrx_word' id='word_1_415' title='bbox 1438 3008 1547 3062; x_wconf 93' lang='grc' dir='ltr'><strong>τῶν</strong></span> <span class='ocrx_word' id='word_1_416' title='bbox 1578 3009 1866 3080; x_wconf 81' lang='grc' dir='ltr'>ἐρωτημά-</span> 
     </span>
    </p>
   </div>
   <div class='ocr_carea' id='block_1_58' title="bbox 286 3101 1867 3175">
    <p class='ocr_par' dir='ltr' id='par_1_58' title="bbox 286 3101 1867 3175">
     <span class='ocr_line' id='line_1_58' title="bbox 286 3101 1867 3175; baseline -0.006 -12"><span class='ocrx_word' id='word_1_417' title='bbox 286 3127 414 3163; x_wconf 88' lang='grc' dir='ltr'>των.</span> <span class='ocrx_word' id='word_1_418' title='bbox 466 3107 637 3168; x_wconf 77' lang='grc' dir='ltr'>Αὐτὸς</span> <span class='ocrx_word' id='word_1_419' title='bbox 683 3106 791 3175; x_wconf 90' lang='grc' dir='ltr'>γάρ</span> <span class='ocrx_word' id='word_1_420' title='bbox 821 3107 965 3157; x_wconf 77' lang='grc' dir='ltr'>ἐστιν</span> <span class='ocrx_word' id='word_1_421' title='bbox 1007 3104 1034 3155; x_wconf 92' lang='grc' dir='ltr'><strong>ὁ</strong></span> <span class='ocrx_word' id='word_1_422' title='bbox 1080 3102 1174 3155; x_wconf 85' lang='grc' dir='ltr'><strong>τοῦ</strong></span> <span class='ocrx_word' id='word_1_423' title='bbox 1206 3101 1341 3155; x_wconf 85' lang='grc' dir='ltr'>Θεοῦ</span> <span class='ocrx_word' id='word_1_424' title='bbox 1386 3102 1485 3172; x_wconf 83' lang='grc' dir='ltr'>τὴν</span> <span class='ocrx_word' id='word_1_425' title='bbox 1534 3101 1722 3154; x_wconf 80' lang='grc' dir='ltr'>οὐσίαν</span> <span class='ocrx_word' id='word_1_426' title='bbox 1770 3101 1867 3153; x_wconf 80' lang='grc' dir='ltr'><strong>ἐπ-</strong></span> 
     </span>
    </p>
   </div>
   <div class='ocr_carea' id='block_1_59' title="bbox 2032 2831 3536 2907">
    <p class='ocr_par' dir='ltr' id='par_1_59' title="bbox 2032 2831 3536 2907">
     <span class='ocr_line' id='line_1_59' title="bbox 2032 2831 3536 2907; baseline -0.003 -18"><span class='ocrx_word' id='word_1_427' title='bbox 2032 2836 2142 2890; x_wconf 83' lang='lat' dir='ltr'><strong>Nos</strong></span> <span class='ocrx_word' id='word_1_428' title='bbox 2174 2838 2319 2890; x_wconf 91' lang='lat' dir='ltr'><strong>enim</strong></span> <span class='ocrx_word' id='word_1_429' title='bbox 2353 2836 2712 2906; x_wconf 85' lang='lat' dir='ltr'><strong>progrediens</strong></span> <span class='ocrx_word' id='word_1_430' title='bbox 2745 2850 2998 2891; x_wconf 89' lang='lat' dir='ltr'><strong>sermone</strong></span> <span class='ocrx_word' id='word_1_431' title='bbox 3025 2836 3360 2907; x_wconf 87' lang='lat' dir='ltr'><strong>interrogat,</strong></span> <span class='ocrx_word' id='word_1_432' title='bbox 3381 2831 3536 2905; x_wconf 70' lang='lat' dir='ltr'><strong>quid-</strong></span> 
     </span>
    </p>
   </div>
   <div class='ocr_carea' id='block_1_60' title="bbox 1961 2928 3532 2998">
    <p class='ocr_par' dir='ltr' id='par_1_60' title="bbox 1961 2928 3532 2998">
     <span class='ocr_line' id='line_1_60' title="bbox 1961 2928 3532 2998; baseline 0.001 -19"><span class='ocrx_word' id='word_1_433' title='bbox 1961 2941 2083 2979; x_wconf 90' lang='lat' dir='ltr'><strong>nam</strong></span> <span class='ocrx_word' id='word_1_434' title='bbox 2111 2929 2326 2981; x_wconf 90' lang='lat' dir='ltr'><strong>tandem</strong></span> <span class='ocrx_word' id='word_1_435' title='bbox 2354 2929 2550 2982; x_wconf 71' lang='lat' dir='ltr'><strong>saecula</strong></span> <span class='ocrx_word' id='word_1_436' title='bbox 2580 2937 2854 2998; x_wconf 87' lang='lat' dir='ltr'><strong>putamus.</strong></span> <span class='ocrx_word' id='word_1_437' title='bbox 2905 2928 3066 2997; x_wconf 80' lang='lat' dir='ltr'><strong>Atqui</strong></span> <span class='ocrx_word' id='word_1_438' title='bbox 3095 2938 3211 2982; x_wconf 88' lang='lat' dir='ltr'><strong>erat</strong></span> <span class='ocrx_word' id='word_1_439' title='bbox 3258 2929 3456 2995; x_wconf 86' lang='lat' dir='ltr'><strong>jnstius</strong></span> <span class='ocrx_word' id='word_1_440' title='bbox 3501 2942 3532 2981; x_wconf 68' lang='grc' dir='ltr'><strong>α</strong></span> 
     </span>
    </p>
   </div>
   <div class='ocr_carea' id='block_1_61' title="bbox 1962 3016 3535 3087">
    <p class='ocr_par' dir='ltr' id='par_1_61' title="bbox 1962 3016 3535 3087">
     <span class='ocr_line' id='line_1_61' title="bbox 1962 3016 3535 3087; baseline 0.003 -18"><span class='ocrx_word' id='word_1_441' title='bbox 1962 3017 2119 3070; x_wconf 88' lang='lat' dir='ltr'><strong>nobis</strong></span> <span class='ocrx_word' id='word_1_442' title='bbox 2151 3016 2252 3084; x_wconf 86' lang='lat' dir='ltr'><strong>ipsi</strong></span> <span class='ocrx_word' id='word_1_443' title='bbox 2295 3018 2431 3072; x_wconf 86' lang='lat' dir='ltr'><strong>tales</strong></span> <span class='ocrx_word' id='word_1_444' title='bbox 2485 3019 2815 3087; x_wconf 79' lang='lat' dir='ltr'><strong>qmcstiones</strong></span> <span class='ocrx_word' id='word_1_445' title='bbox 2882 3018 3131 3087; x_wconf 84' lang='lat' dir='ltr'><strong>proponi.</strong></span> <span class='ocrx_word' id='word_1_446' title='bbox 3207 3016 3328 3087; x_wconf 83' lang='lat' dir='ltr'><strong>ipse</strong></span> <span class='ocrx_word' id='word_1_447' title='bbox 3370 3018 3535 3073; x_wconf 73' lang='lat' dir='ltr'><strong>etiam</strong></span> 
     </span>
    </p>
   </div>
   <div class='ocr_carea' id='block_1_62' title="bbox 1963 3105 3535 3178">
    <p class='ocr_par' dir='ltr' id='par_1_62' title="bbox 1963 3105 3535 3178">
     <span class='ocr_line' id='line_1_62' title="bbox 1963 3105 3535 3178; baseline 0.001 -17"><span class='ocrx_word' id='word_1_448' title='bbox 1963 3115 2048 3161; x_wconf 92' lang='lat' dir='ltr'><strong>est</strong></span> <span class='ocrx_word' id='word_1_449' title='bbox 2104 3107 2195 3175; x_wconf 92' lang='lat' dir='ltr'><strong>qui</strong></span> <span class='ocrx_word' id='word_1_450' title='bbox 2241 3105 2334 3160; x_wconf 89' lang='lat' dir='ltr'><strong>Dei</strong></span> <span class='ocrx_word' id='word_1_451' title='bbox 2372 3109 2668 3161; x_wconf 83' lang='lat' dir='ltr'><strong>essentiam</strong></span> <span class='ocrx_word' id='word_1_452' title='bbox 2720 3122 2778 3163; x_wconf 88' lang='lat' dir='ltr'><strong>se</strong></span> <span class='ocrx_word' id='word_1_453' title='bbox 2843 3109 3169 3177; x_wconf 88' lang='lat' dir='ltr'><strong>cognovisse</strong></span> <span class='ocrx_word' id='word_1_454' title='bbox 3230 3107 3535 3178; x_wconf 77' lang='lat' dir='ltr'><strong>profitetur,</strong></span> 
     </span>
    </p>
   </div>
   <div class='ocr_carea' id='block_1_63' title="bbox 286 3190 1859 3287">
    <p class='ocr_par' dir='ltr' id='par_1_63' title="bbox 286 3190 1857 3271">
     <span class='ocr_line' id='line_1_63' title="bbox 286 3190 1857 3271; baseline -0.008 -16"><span class='ocrx_word' id='word_1_455' title='bbox 286 3200 587 3271; x_wconf 80' lang='grc' dir='ltr'>εγνωκέναι</span> <span class='ocrx_word' id='word_1_456' title='bbox 622 3198 815 3265; x_wconf 86' lang='grc' dir='ltr'>λέγων,</span> <span class='ocrx_word' id='word_1_457' title='bbox 844 3197 872 3248; x_wconf 87' lang='grc' dir='ltr'><strong>ὁ</strong></span> <span class='ocrx_word' id='word_1_458' title='bbox 904 3197 971 3249; x_wconf 89' lang='grc' dir='ltr'><strong>τά</strong></span> <span class='ocrx_word' id='word_1_459' title='bbox 996 3197 1128 3265; x_wconf 76' lang='grc' dir='ltr'>ἡμῖν</span> <span class='ocrx_word' id='word_1_460' title='bbox 1152 3193 1417 3263; x_wconf 79' lang='grc' dir='ltr'>ἀνέφικτα</span> <span class='ocrx_word' id='word_1_461' title='bbox 1444 3190 1766 3263; x_wconf 87' lang='grc' dir='ltr'>καταληπτά</span> <span class='ocrx_word' id='word_1_462' title='bbox 1792 3194 1857 3262; x_wconf 83' lang='grc' dir='ltr'>τῇ</span> 
     </span>
    </p>
   </div>
   <div class='ocr_carea' id='block_1_64' title="bbox 1962 3190 3537 3287">
    <p class='ocr_par' dir='ltr' id='par_1_64' title="bbox 1965 3198 3537 3267">
     <span class='ocr_line' id='line_1_64' title="bbox 1965 3198 3537 3267; baseline 0.002 -17"><span class='ocrx_word' id='word_1_463' title='bbox 1965 3198 2166 3267; x_wconf 79' lang='lat' dir='ltr'><strong>quique</strong></span> <span class='ocrx_word' id='word_1_464' title='bbox 2199 3212 2262 3252; x_wconf 86' lang='lat' dir='ltr'><strong>ea</strong></span> <span class='ocrx_word' id='word_1_465' title='bbox 2294 3213 2413 3266; x_wconf 71' lang='lat' dir='ltr'><strong>quae</strong></span> <span class='ocrx_word' id='word_1_466' title='bbox 2442 3198 2600 3253; x_wconf 89' lang='lat' dir='ltr'><strong>nobis</strong></span> <span class='ocrx_word' id='word_1_467' title='bbox 2630 3200 2899 3265; x_wconf 82' lang='lat' dir='ltr'><strong>attingere</strong></span> <span class='ocrx_word' id='word_1_468' title='bbox 2928 3213 3034 3250; x_wconf 89' lang='lat' dir='ltr'><strong>non</strong></span> <span class='ocrx_word' id='word_1_469' title='bbox 3062 3199 3210 3261; x_wconf 88' lang='lat' dir='ltr'><strong>licet,</strong></span> <span class='ocrx_word' id='word_1_470' title='bbox 3254 3200 3537 3254; x_wconf 88' lang='lat' dir='ltr'><strong>intellectu</strong></span> 
     </span>
    </p>
   </div>
   <div class='ocr_carea' id='block_1_65' title="bbox 290 3284 1864 3362">
    <p class='ocr_par' dir='ltr' id='par_1_65' title="bbox 290 3284 1864 3362">
     <span class='ocr_line' id='line_1_65' title="bbox 290 3284 1864 3362; baseline -0.008 -15"><span class='ocrx_word' id='word_1_471' title='bbox 290 3294 396 3362; x_wconf 64' lang='grc' dir='ltr'>ἰδίᾳ.</span> <span class='ocrx_word' id='word_1_472' title='bbox 439 3292 650 3344; x_wconf 79' lang='grc' dir='ltr'>συνέσει</span> <span class='ocrx_word' id='word_1_473' title='bbox 682 3286 1064 3358; x_wconf 78' lang='grc' dir='ltr'>διοριζόμενος.</span> <span class='ocrx_word' id='word_1_474' title='bbox 1102 3284 1308 3338; x_wconf 80' lang='grc' dir='ltr'>Οὐκοῦν</span> <span class='ocrx_word' id='word_1_475' title='bbox 1333 3284 1494 3347; x_wconf 84' lang='grc' dir='ltr'>αὐτὸς</span> <span class='ocrx_word' id='word_1_476' title='bbox 1522 3285 1655 3354; x_wconf 79' lang='grc' dir='ltr'>ἡμῖν</span> <span class='ocrx_word' id='word_1_477' title='bbox 1684 3300 1864 3352; x_wconf 87' lang='grc' dir='ltr'>φυσιο-</span> 
     </span>
    </p>
   </div>
   <div class='ocr_carea' id='block_1_66' title="bbox 285 3374 1863 3452">
    <p class='ocr_par' dir='ltr' id='par_1_66' title="bbox 285 3374 1863 3452">
     <span class='ocr_line' id='line_1_66' title="bbox 285 3374 1863 3452; baseline -0.006 -17"><span class='ocrx_word' id='word_1_478' title='bbox 285 3382 509 3452; x_wconf 88' lang='grc' dir='ltr'>λογείτω</span> <span class='ocrx_word' id='word_1_479' title='bbox 531 3381 629 3451; x_wconf 80' lang='grc' dir='ltr'>τὴν</span> <span class='ocrx_word' id='word_1_480' title='bbox 656 3380 764 3431; x_wconf 89' lang='grc' dir='ltr'><strong>τῶν</strong></span> <span class='ocrx_word' id='word_1_481' title='bbox 793 3377 1002 3431; x_wconf 87' lang='grc' dir='ltr'>αἰώνων</span> <span class='ocrx_word' id='word_1_482' title='bbox 1030 3375 1235 3439; x_wconf 79' lang='grc' dir='ltr'>οὐσίαν,</span> <span class='ocrx_word' id='word_1_483' title='bbox 1264 3377 1291 3428; x_wconf 93' lang='grc' dir='ltr'><strong>ὁ</strong></span> <span class='ocrx_word' id='word_1_484' title='bbox 1312 3375 1380 3428; x_wconf 72' lang='grc' dir='ltr'><strong>τὰ</strong></span> <span class='ocrx_word' id='word_1_485' title='bbox 1412 3374 1668 3427; x_wconf 76' lang='grc' dir='ltr'>ἐπέκεινα</span> <span class='ocrx_word' id='word_1_486' title='bbox 1690 3391 1863 3427; x_wconf 89' lang='grc' dir='ltr'>κατει-</span> 
     </span>
    </p>
   </div>
   <div class='ocr_carea' id='block_1_67' title="bbox 284 3463 1863 3543">
    <p class='ocr_par' dir='ltr' id='par_1_67' title="bbox 284 3463 1863 3543">
     <span class='ocr_line' id='line_1_67' title="bbox 284 3463 1863 3543; baseline -0.006 -17"><span class='ocrx_word' id='word_1_487' title='bbox 284 3474 513 3543; x_wconf 78' lang='grc' dir='ltr'>ληφέναι</span> <span class='ocrx_word' id='word_1_488' title='bbox 559 3469 877 3539; x_wconf 77' lang='grc' dir='ltr'>κομπάζων.</span> <span class='ocrx_word' id='word_1_489' title='bbox 915 3467 1026 3519; x_wconf 73' lang='grc' dir='ltr'><strong>Καὶ</strong></span> <span class='ocrx_word' id='word_1_490' title='bbox 1062 3466 1123 3519; x_wconf 80' lang='grc' dir='ltr'>τὸ</span> <span class='ocrx_word' id='word_1_491' title='bbox 1150 3465 1537 3536; x_wconf 77' lang='grc' dir='ltr'>ἀμφίκρημνον</span> <span class='ocrx_word' id='word_1_492' title='bbox 1583 3464 1741 3517; x_wconf 83' lang='grc' dir='ltr'>τοῦτο</span> <span class='ocrx_word' id='word_1_493' title='bbox 1772 3463 1863 3517; x_wconf 71' lang='grc' dir='ltr'><strong>καὶ</strong></span> 
     </span>
    </p>
   </div>
   <div class='ocr_carea' id='block_1_68' title="bbox 285 3557 1861 3637">
    <p class='ocr_par' dir='ltr' id='par_1_68' title="bbox 285 3557 1861 3637">
     <span class='ocr_line' id='line_1_68' title="bbox 285 3557 1861 3637; baseline -0.007 -18"><span class='ocrx_word' id='word_1_494' title='bbox 285 3568 622 3637; x_wconf 79' lang='grc' dir='ltr'>διλήμματον</span> <span class='ocrx_word' id='word_1_495' title='bbox 656 3564 753 3632; x_wconf 76' lang='grc' dir='ltr'>τῆς</span> <span class='ocrx_word' id='word_1_496' title='bbox 781 3560 1144 3631; x_wconf 78' lang='grc' dir='ltr'>ἀποκρίσεως,</span> <span class='ocrx_word' id='word_1_497' title='bbox 1189 3558 1263 3630; x_wconf 84' lang='grc' dir='ltr'>μὴ</span> <span class='ocrx_word' id='word_1_498' title='bbox 1295 3559 1415 3612; x_wconf 79' lang='grc' dir='ltr'>λίαν</span> <span class='ocrx_word' id='word_1_499' title='bbox 1457 3557 1701 3628; x_wconf 76' lang='grc' dir='ltr'>φοϐερῶς</span> <span class='ocrx_word' id='word_1_500' title='bbox 1742 3559 1861 3609; x_wconf 85' lang='grc' dir='ltr'>ἑπι-</span> 
     </span>
    </p>
   </div>
   <div class='ocr_carea' id='block_1_69' title="bbox 287 3648 1863 3720">
    <p class='ocr_par' dir='ltr' id='par_1_69' title="bbox 287 3648 1863 3720">
     <span class='ocr_line' id='line_1_69' title="bbox 287 3648 1863 3720; baseline -0.004 -11"><span class='ocrx_word' id='word_1_501' title='bbox 287 3658 478 3711; x_wconf 84' lang='grc' dir='ltr'>σειέτω</span> <span class='ocrx_word' id='word_1_502' title='bbox 522 3658 631 3717; x_wconf 81' lang='grc' dir='ltr'>τοῖς</span> <span class='ocrx_word' id='word_1_503' title='bbox 664 3653 899 3714; x_wconf 88' lang='grc' dir='ltr'>ἰδιώταις</span> <span class='ocrx_word' id='word_1_504' title='bbox 933 3652 1081 3720; x_wconf 81' lang='grc' dir='ltr'>ἡμῖν,</span> <span class='ocrx_word' id='word_1_505' title='bbox 1127 3651 1222 3713; x_wconf 85' lang='grc' dir='ltr'>ὼς,</span> <span class='ocrx_word' id='word_1_506' title='bbox 1268 3652 1316 3702; x_wconf 88' lang='grc' dir='ltr'><strong>εἰ</strong></span> <span class='ocrx_word' id='word_1_507' title='bbox 1362 3649 1479 3702; x_wconf 89' lang='grc' dir='ltr'>τόδε</span> <span class='ocrx_word' id='word_1_508' title='bbox 1506 3650 1631 3712; x_wconf 87' lang='grc' dir='ltr'>τοὺς</span> <span class='ocrx_word' id='word_1_509' title='bbox 1659 3648 1863 3712; x_wconf 82' lang='grc' dir='ltr'>αἰῶνας</span> 
     </span>
    </p>
   </div>
   <div class='ocr_carea' id='block_1_70' title="bbox 285 3741 1859 3817">
    <p class='ocr_par' dir='ltr' id='par_1_70' title="bbox 285 3741 1859 3817">
     <span class='ocr_line' id='line_1_70' title="bbox 285 3741 1859 3817; baseline -0.006 -16"><span class='ocrx_word' id='word_1_510' title='bbox 285 3745 423 3801; x_wconf 78' lang='grc' dir='ltr'>εἶναι</span> <span class='ocrx_word' id='word_1_511' title='bbox 455 3748 796 3817; x_wconf 88' lang='grc' dir='ltr'>νομίσαιμεν,</span> <span class='ocrx_word' id='word_1_512' title='bbox 841 3745 1001 3814; x_wconf 85' lang='grc' dir='ltr'>τῆσδε</span> <span class='ocrx_word' id='word_1_513' title='bbox 1061 3743 1157 3812; x_wconf 77' lang='grc' dir='ltr'>τῆς</span> <span class='ocrx_word' id='word_1_514' title='bbox 1185 3742 1411 3804; x_wconf 83' lang='grc' dir='ltr'>ἀτοπίας</span> <span class='ocrx_word' id='word_1_515' title='bbox 1439 3741 1859 3811; x_wconf 80' lang='grc' dir='ltr'>ὑπαπαντώσης,</span> 
     </span>
    </p>
   </div>
   <div class='ocr_carea' id='block_1_71' title="bbox 285 3831 1860 3907">
    <p class='ocr_par' dir='ltr' id='par_1_71' title="bbox 285 3831 1860 3907">
     <span class='ocr_line' id='line_1_71' title="bbox 285 3831 1860 3907; baseline -0.005 -14"><span class='ocrx_word' id='word_1_516' title='bbox 285 3842 379 3893; x_wconf 67' lang='grc' dir='ltr'>καὶ</span> <span class='ocrx_word' id='word_1_517' title='bbox 414 3841 459 3891; x_wconf 88' lang='grc' dir='ltr'><strong>εἰ</strong></span> <span class='ocrx_word' id='word_1_518' title='bbox 487 3840 547 3891; x_wconf 83' lang='grc' dir='ltr'>τὸ</span> <span class='ocrx_word' id='word_1_519' title='bbox 578 3838 784 3907; x_wconf 74' lang='grc' dir='ltr'>ἕτερον,</span> <span class='ocrx_word' id='word_1_520' title='bbox 816 3837 914 3905; x_wconf 84' lang='grc' dir='ltr'>τῆς</span> <span class='ocrx_word' id='word_1_521' title='bbox 952 3834 1162 3906; x_wconf 86' lang='grc' dir='ltr'>ἑτέρας.</span> <span class='ocrx_word' id='word_1_522' title='bbox 1214 3835 1281 3885; x_wconf 81' lang='grc' dir='ltr'>Εἰ</span> <span class='ocrx_word' id='word_1_523' title='bbox 1316 3832 1434 3901; x_wconf 85' lang='grc' dir='ltr'>μὲν</span> <span class='ocrx_word' id='word_1_524' title='bbox 1469 3832 1578 3900; x_wconf 71' lang='grc' dir='ltr'>γὰρ</span> <span class='ocrx_word' id='word_1_525' title='bbox 1610 3831 1860 3897; x_wconf 78' lang='grc' dir='ltr'>ἀϊδίους,</span> 
     </span>
    </p>
   </div>
   <div class='ocr_carea' id='block_1_72' title="bbox 287 3923 1862 4002">
    <p class='ocr_par' dir='ltr' id='par_1_72' title="bbox 287 3923 1862 4002">
     <span class='ocr_line' id='line_1_72' title="bbox 287 3923 1862 4002; baseline -0.003 -20"><span class='ocrx_word' id='word_1_526' title='bbox 287 3933 442 4002; x_wconf 74' lang='grc' dir='ltr'>φησὶ,</span> <span class='ocrx_word' id='word_1_527' title='bbox 480 3930 727 3998; x_wconf 77' lang='grc' dir='ltr'>λέγοιτε,</span> <span class='ocrx_word' id='word_1_528' title='bbox 767 3929 1071 3994; x_wconf 71' lang='grc' dir='ltr'>Ἕλληνες</span> <span class='ocrx_word' id='word_1_529' title='bbox 1099 3926 1316 3978; x_wconf 79' lang='grc' dir='ltr'>ἔσεσθε</span> <span class='ocrx_word' id='word_1_530' title='bbox 1355 3923 1451 3976; x_wconf 80' lang='grc' dir='ltr'>καὶ</span> <span class='ocrx_word' id='word_1_531' title='bbox 1478 3923 1862 3978; x_wconf 54' lang='grc' dir='ltr'>Οὐαλεντϋοι</span> 
     </span>
    </p>
   </div>
   <div class='ocr_carea' id='block_1_73' title="bbox 284 4014 1859 4089">
    <p class='ocr_par' dir='ltr' id='par_1_73' title="bbox 284 4014 1859 4089">
     <span class='ocr_line' id='line_1_73' title="bbox 284 4014 1859 4089; baseline -0.006 -13"><span class='ocrx_word' id='word_1_532' title='bbox 284 4023 385 4076; x_wconf 79' lang='grc' dir='ltr'>καὶ</span> <span class='ocrx_word' id='word_1_533' title='bbox 428 4022 753 4089; x_wconf 62' lang='grc' dir='ltr'>,ϐάρϐαρον</span> <span class='ocrx_word' id='word_1_534' title='bbox 803 4020 855 4071; x_wconf 81' lang='grc' dir='ltr'><strong>εἰ</strong></span> <span class='ocrx_word' id='word_1_535' title='bbox 898 4017 966 4070; x_wconf 81' lang='grc' dir='ltr'>δὲ</span> <span class='ocrx_word' id='word_1_536' title='bbox 1004 4015 1349 4085; x_wconf 76' lang='grc' dir='ltr'>τεννητοὺς,</span> <span class='ocrx_word' id='word_1_537' title='bbox 1400 4014 1629 4079; x_wconf 85' lang='grc' dir='ltr'>οὐκέτι,</span> <span class='ocrx_word' id='word_1_538' title='bbox 1676 4016 1859 4085; x_wconf 70' lang='grc' dir='ltr'>φησὶν,</span> 
     </span>
    </p>
   </div>
   <div class='ocr_carea' id='block_1_74' title="bbox 286 4106 1860 4182">
    <p class='ocr_par' dir='ltr' id='par_1_74' title="bbox 286 4106 1860 4182">
     <span class='ocr_line' id='line_1_74' title="bbox 286 4106 1860 4182; baseline -0.004 -15"><span class='ocrx_word' id='word_1_539' title='bbox 286 4113 690 4182; x_wconf 78' lang='grc' dir='ltr'>ὁμολογήσετε</span> <span class='ocrx_word' id='word_1_540' title='bbox 726 4109 805 4173; x_wconf 83' lang='grc' dir='ltr'>τῷ</span> <span class='ocrx_word' id='word_1_541' title='bbox 846 4106 968 4172; x_wconf 84' lang='grc' dir='ltr'>Θεῷ</span> <span class='ocrx_word' id='word_1_542' title='bbox 995 4107 1065 4159; x_wconf 79' lang='grc' dir='ltr'>τὸ</span> <span class='ocrx_word' id='word_1_543' title='bbox 1093 4106 1440 4174; x_wconf 74' lang='grc' dir='ltr'>ἀγέννητον.</span> <span class='ocrx_word' id='word_1_544' title='bbox 1488 4106 1552 4157; x_wconf 84' lang='grc' dir='ltr'><strong>Ὢ</strong></span> <span class='ocrx_word' id='word_1_545' title='bbox 1576 4106 1675 4174; x_wconf 78' lang='grc' dir='ltr'>τῆς</span> <span class='ocrx_word' id='word_1_546' title='bbox 1713 4107 1860 4176; x_wconf 82' lang='grc' dir='ltr'>ἀμά-</span> 
     </span>
    </p>
   </div>
   <div class='ocr_carea' id='block_1_75' title="bbox 284 4197 1861 4274">
    <p class='ocr_par' dir='ltr' id='par_1_75' title="bbox 284 4197 1861 4274">
     <span class='ocr_line' id='line_1_75' title="bbox 284 4197 1861 4274; baseline -0.005 -17"><span class='ocrx_word' id='word_1_547' title='bbox 284 4223 383 4274; x_wconf 87' lang='grc' dir='ltr'><strong>χου</strong></span> <span class='ocrx_word' id='word_1_548' title='bbox 411 4204 610 4273; x_wconf 80' lang='grc' dir='ltr'>ταύτης</span> <span class='ocrx_word' id='word_1_549' title='bbox 647 4203 736 4256; x_wconf 75' lang='grc' dir='ltr'>καὶ</span> <span class='ocrx_word' id='word_1_550' title='bbox 766 4197 1229 4265; x_wconf 87' lang='grc' dir='ltr'>ἁνανταγωνίστου</span> <span class='ocrx_word' id='word_1_551' title='bbox 1274 4198 1697 4268; x_wconf 82' lang='grc' dir='ltr'>ὲπιχειρήσεωςί</span> <span class='ocrx_word' id='word_1_552' title='bbox 1738 4198 1861 4251; x_wconf 84' lang='grc' dir='ltr'><strong>Ἐάν</strong></span> 
     </span>
    </p>
   </div>
   <div class='ocr_carea' id='block_1_76' title="bbox 285 4288 1861 4366">
    <p class='ocr_par' dir='ltr' id='par_1_76' title="bbox 285 4288 1861 4366">
     <span class='ocr_line' id='line_1_76' title="bbox 285 4288 1861 4366; baseline -0.004 -16"><span class='ocrx_word' id='word_1_553' title='bbox 285 4315 340 4350; x_wconf 91' lang='grc' dir='ltr'><strong>τι</strong></span> <span class='ocrx_word' id='word_1_554' title='bbox 366 4295 618 4366; x_wconf 82' lang='grc' dir='ltr'>γεννητὸν</span> <span class='ocrx_word' id='word_1_555' title='bbox 650 4294 978 4365; x_wconf 83' lang='grc' dir='ltr'>ὁμολογηθῇ,</span> <span class='ocrx_word' id='word_1_556' title='bbox 1009 4288 1053 4345; x_wconf 79' lang='grc' dir='ltr'><strong>ὦ</strong></span> <span class='ocrx_word' id='word_1_557' title='bbox 1092 4291 1344 4360; x_wconf 75' lang='grc' dir='ltr'>Εὑνόμιε,</span> <span class='ocrx_word' id='word_1_558' title='bbox 1380 4293 1411 4359; x_wconf 87' lang='grc' dir='ltr'><strong>ἡ</strong></span> <span class='ocrx_word' id='word_1_559' title='bbox 1441 4289 1533 4342; x_wconf 88' lang='grc' dir='ltr'><strong>τοῦ</strong></span> <span class='ocrx_word' id='word_1_560' title='bbox 1568 4290 1861 4361; x_wconf 77' lang='grc' dir='ltr'>ἀγεννήτου</span> 
     </span>
    </p>
   </div>
   <div class='ocr_carea' id='block_1_77' title="bbox 285 4382 1862 4459">
    <p class='ocr_par' dir='ltr' id='par_1_77' title="bbox 285 4382 1862 4459">
     <span class='ocr_line' id='line_1_77' title="bbox 285 4382 1862 4459; baseline -0.004 -18"><span class='ocrx_word' id='word_1_561' title='bbox 285 4388 550 4459; x_wconf 84' lang='grc' dir='ltr'>ὁμολογία</span> <span class='ocrx_word' id='word_1_562' title='bbox 576 4387 1069 4458; x_wconf 84' lang='grc' dir='ltr'>περιγραφήσεται.</span> <span class='ocrx_word' id='word_1_563' title='bbox 1098 4385 1207 4437; x_wconf 70' lang='grc' dir='ltr'><strong>Καὶ</strong></span> <span class='ocrx_word' id='word_1_564' title='bbox 1239 4382 1341 4435; x_wconf 80' lang='grc' dir='ltr'><strong>ποῦ</strong></span> <span class='ocrx_word' id='word_1_565' title='bbox 1374 4400 1453 4436; x_wconf 90' lang='grc' dir='ltr'><strong>σοι</strong></span> <span class='ocrx_word' id='word_1_566' title='bbox 1478 4383 1862 4454; x_wconf 75' lang='grc' dir='ltr'>διερῤυήκασιν</span> 
     </span>
    </p>
   </div>
   <div class='ocr_carea' id='block_1_78' title="bbox 286 4474 1860 4548">
    <p class='ocr_par' dir='ltr' id='par_1_78' title="bbox 286 4474 1860 4548">
     <span class='ocr_line' id='line_1_78' title="bbox 286 4474 1860 4548; baseline -0.004 -15"><span class='ocrx_word' id='word_1_567' title='bbox 286 4482 343 4533; x_wconf 90' lang='grc' dir='ltr'><strong>αἰ</strong></span> <span class='ocrx_word' id='word_1_568' title='bbox 388 4480 483 4533; x_wconf 88' lang='grc' dir='ltr'><strong>τοῦ</strong></span> <span class='ocrx_word' id='word_1_569' title='bbox 515 4478 772 4548; x_wconf 78' lang='grc' dir='ltr'>γεννητοῦ</span> <span class='ocrx_word' id='word_1_570' title='bbox 819 4477 951 4548; x_wconf 79' lang='grc' dir='ltr'>πρὸς</span> <span class='ocrx_word' id='word_1_571' title='bbox 999 4476 1059 4529; x_wconf 85' lang='grc' dir='ltr'>τὸ</span> <span class='ocrx_word' id='word_1_572' title='bbox 1096 4475 1386 4544; x_wconf 86' lang='grc' dir='ltr'>ἀγέννητον</span> <span class='ocrx_word' id='word_1_573' title='bbox 1414 4474 1766 4545; x_wconf 82' lang='grc' dir='ltr'>τεχνολογίαι,</span> <span class='ocrx_word' id='word_1_574' title='bbox 1794 4474 1860 4528; x_wconf 86' lang='grc' dir='ltr'><strong>δι’</strong></span> 
     </span>
    </p>
   </div>
   <div class='ocr_carea' id='block_1_79' title="bbox 1966 3284 3539 3357">
    <p class='ocr_par' dir='ltr' id='par_1_79' title="bbox 1966 3284 3539 3357">
     <span class='ocr_line' id='line_1_79' title="bbox 1966 3284 3539 3357; baseline 0.001 -16"><span class='ocrx_word' id='word_1_575' title='bbox 1966 3302 2067 3341; x_wconf 87' lang='lat' dir='ltr'><strong>suo</strong></span> <span class='ocrx_word' id='word_1_576' title='bbox 2128 3287 2515 3355; x_wconf 82' lang='lat' dir='ltr'><strong>comprehendi</strong></span> <span class='ocrx_word' id='word_1_577' title='bbox 2573 3286 2919 3340; x_wconf 73' lang='lat' dir='ltr'><strong>determinat.</strong></span> <span class='ocrx_word' id='word_1_578' title='bbox 2985 3284 3153 3355; x_wconf 89' lang='lat' dir='ltr'><strong>Igitur</strong></span> <span class='ocrx_word' id='word_1_579' title='bbox 3203 3288 3321 3357; x_wconf 89' lang='lat' dir='ltr'><strong>ipse</strong></span> <span class='ocrx_word' id='word_1_580' title='bbox 3380 3289 3539 3343; x_wconf 87' lang='lat' dir='ltr'><strong>nobis</strong></span> 
     </span>
    </p>
   </div>
   <div class='ocr_carea' id='block_1_80' title="bbox 1963 3376 3538 3449">
    <p class='ocr_par' dir='ltr' id='par_1_80' title="bbox 1963 3376 3538 3449">
     <span class='ocr_line' id='line_1_80' title="bbox 1963 3376 3538 3449; baseline 0.002 -19"><span class='ocrx_word' id='word_1_581' title='bbox 1963 3376 2234 3431; x_wconf 88' lang='lat' dir='ltr'><strong>edisserat</strong></span> <span class='ocrx_word' id='word_1_582' title='bbox 2283 3378 2611 3432; x_wconf 52' lang='lat' dir='ltr'><strong>saculorum</strong></span> <span class='ocrx_word' id='word_1_583' title='bbox 2676 3377 2995 3439; x_wconf 84' lang='lat' dir='ltr'><strong>essentiam,</strong></span> <span class='ocrx_word' id='word_1_584' title='bbox 3028 3377 3121 3446; x_wconf 86' lang='lat' dir='ltr'><strong>qui</strong></span> <span class='ocrx_word' id='word_1_585' title='bbox 3175 3378 3263 3432; x_wconf 80' lang='lat' dir='ltr'><strong>ilia</strong></span> <span class='ocrx_word' id='word_1_586' title='bbox 3302 3394 3538 3449; x_wconf 85' lang='lat' dir='ltr'><strong>superna</strong></span> 
     </span>
    </p>
   </div>
   <div class='ocr_carea' id='block_1_81' title="bbox 1971 3466 3540 3537">
    <p class='ocr_par' dir='ltr' id='par_1_81' title="bbox 1971 3466 3540 3537">
     <span class='ocr_line' id='line_1_81' title="bbox 1971 3466 3540 3537; baseline 0.001 -16"><span class='ocrx_word' id='word_1_587' title='bbox 1971 3482 2031 3521; x_wconf 88' lang='lat' dir='ltr'><strong>se</strong></span> <span class='ocrx_word' id='word_1_588' title='bbox 2058 3467 2559 3536; x_wconf 81' lang='lat' dir='ltr'><strong>comprehendisse</strong></span> <span class='ocrx_word' id='word_1_589' title='bbox 2610 3466 2844 3536; x_wconf 81' lang='lat' dir='ltr'><strong>jaetitat.</strong></span> <span class='ocrx_word' id='word_1_590' title='bbox 2896 3470 3071 3537; x_wconf 83' lang='lat' dir='ltr'><strong>Atque</strong></span> <span class='ocrx_word' id='word_1_591' title='bbox 3120 3468 3226 3522; x_wconf 84' lang='lat' dir='ltr'><strong>hoc</strong></span> <span class='ocrx_word' id='word_1_592' title='bbox 3287 3472 3540 3537; x_wconf 85' lang='lat' dir='ltr'><strong>utrinque</strong></span> 
     </span>
    </p>
   </div>
   <div class='ocr_carea' id='block_1_82' title="bbox 1964 3558 3538 3628">
    <p class='ocr_par' dir='ltr' id='par_1_82' title="bbox 1964 3558 3538 3628">
     <span class='ocr_line' id='line_1_82' title="bbox 1964 3558 3538 3628; baseline 0.003 -19"><span class='ocrx_word' id='word_1_593' title='bbox 1964 3573 2205 3627; x_wconf 71' lang='lat' dir='ltr'><strong>praeceps</strong></span> <span class='ocrx_word' id='word_1_594' title='bbox 2239 3566 2292 3612; x_wconf 92' lang='lat' dir='ltr'><strong>et</strong></span> <span class='ocrx_word' id='word_1_595' title='bbox 2335 3558 2761 3613; x_wconf 87' lang='lat' dir='ltr'><strong>dilemmaticum</strong></span> <span class='ocrx_word' id='word_1_596' title='bbox 2795 3559 3171 3628; x_wconf 90' lang='lat' dir='ltr'><strong>responsionis</strong></span> <span class='ocrx_word' id='word_1_597' title='bbox 3205 3560 3256 3612; x_wconf 92' lang='lat' dir='ltr'><strong>in</strong></span> <span class='ocrx_word' id='word_1_598' title='bbox 3298 3573 3398 3613; x_wconf 89' lang='lat' dir='ltr'><strong>nos</strong></span> <span class='ocrx_word' id='word_1_599' title='bbox 3433 3560 3538 3613; x_wconf 90' lang='lat' dir='ltr'><strong>im-</strong></span> 
     </span>
    </p>
   </div>
   <div class='ocr_carea' id='block_1_83' title="bbox 1963 3649 3539 3719">
    <p class='ocr_par' dir='ltr' id='par_1_83' title="bbox 1963 3649 3539 3719">
     <span class='ocr_line' id='line_1_83' title="bbox 1963 3649 3539 3719; baseline 0.003 -18"><span class='ocrx_word' id='word_1_600' title='bbox 1963 3651 2192 3718; x_wconf 86' lang='lat' dir='ltr'><strong>peritos,</strong></span> <span class='ocrx_word' id='word_1_601' title='bbox 2242 3664 2310 3703; x_wconf 90' lang='lat' dir='ltr'><strong>ne</strong></span> <span class='ocrx_word' id='word_1_602' title='bbox 2369 3649 2534 3704; x_wconf 90' lang='lat' dir='ltr'><strong>nimis</strong></span> <span class='ocrx_word' id='word_1_603' title='bbox 2572 3649 2890 3705; x_wconf 83' lang='lat' dir='ltr'><strong>terribiliter</strong></span> <span class='ocrx_word' id='word_1_604' title='bbox 2948 3652 3179 3719; x_wconf 84' lang='lat' dir='ltr'><strong>quatiat,</strong></span> <span class='ocrx_word' id='word_1_605' title='bbox 3215 3658 3275 3705; x_wconf 89' lang='lat' dir='ltr'><strong>ut</strong></span> <span class='ocrx_word' id='word_1_606' title='bbox 3325 3651 3370 3705; x_wconf 93' lang='lat' dir='ltr'><strong>si</strong></span> <span class='ocrx_word' id='word_1_607' title='bbox 3437 3650 3539 3705; x_wconf 90' lang='lat' dir='ltr'><strong>hoc</strong></span> 
     </span>
    </p>
   </div>
   <div class='ocr_carea' id='block_1_84' title="bbox 1964 3739 3539 3805">
    <p class='ocr_par' dir='ltr' id='par_1_84' title="bbox 1964 3739 3539 3805">
     <span class='ocr_line' id='line_1_84' title="bbox 1964 3739 3539 3805; baseline 0 -9"><span class='ocrx_word' id='word_1_608' title='bbox 1964 3741 2163 3796; x_wconf 69' lang='lat' dir='ltr'><strong>saecula</strong></span> <span class='ocrx_word' id='word_1_609' title='bbox 2209 3755 2335 3795; x_wconf 88' lang='lat' dir='ltr'><strong>esse</strong></span> <span class='ocrx_word' id='word_1_610' title='bbox 2391 3739 2746 3805; x_wconf 87' lang='lat' dir='ltr'><strong>arbitremur,</strong></span> <span class='ocrx_word' id='word_1_611' title='bbox 2807 3741 2925 3796; x_wconf 66' lang='lat' dir='ltr'><strong>haec</strong></span> <span class='ocrx_word' id='word_1_612' title='bbox 2971 3741 3285 3797; x_wconf 87' lang='lat' dir='ltr'><strong>absurditas</strong></span> <span class='ocrx_word' id='word_1_613' title='bbox 3341 3742 3539 3797; x_wconf 89' lang='lat' dir='ltr'><strong>suboc-</strong></span> 
     </span>
    </p>
   </div>
   <div class='ocr_carea' id='block_1_85' title="bbox 1964 3831 3537 3897">
    <p class='ocr_par' dir='ltr' id='par_1_85' title="bbox 1964 3831 3537 3897">
     <span class='ocr_line' id='line_1_85' title="bbox 1964 3831 3537 3897; baseline 0.001 -14"><span class='ocrx_word' id='word_1_614' title='bbox 1964 3838 2173 3893; x_wconf 86' lang='lat' dir='ltr'><strong>currat,</strong></span> <span class='ocrx_word' id='word_1_615' title='bbox 2246 3837 2301 3885; x_wconf 89' lang='lat' dir='ltr'><strong>et</strong></span> <span class='ocrx_word' id='word_1_616' title='bbox 2376 3831 2422 3886; x_wconf 90' lang='lat' dir='ltr'><strong>si</strong></span> <span class='ocrx_word' id='word_1_617' title='bbox 2475 3831 2578 3886; x_wconf 91' lang='lat' dir='ltr'><strong>hoc</strong></span> <span class='ocrx_word' id='word_1_618' title='bbox 2659 3833 2913 3897; x_wconf 87' lang='lat' dir='ltr'><strong>alterum,</strong></span> <span class='ocrx_word' id='word_1_619' title='bbox 2983 3834 3172 3887; x_wconf 85' lang='lat' dir='ltr'><strong>altera.</strong></span> <span class='ocrx_word' id='word_1_620' title='bbox 3238 3833 3314 3887; x_wconf 85' lang='lat' dir='ltr'><strong>.Si</strong></span> <span class='ocrx_word' id='word_1_621' title='bbox 3375 3838 3537 3895; x_wconf 77' lang='lat' dir='ltr'><strong>enim,</strong></span> 
     </span>
    </p>
   </div>
   <div class='ocr_carea' id='block_1_86' title="bbox 1964 3921 3534 3989">
    <p class='ocr_par' dir='ltr' id='par_1_86' title="bbox 1964 3921 3534 3989">
     <span class='ocr_line' id='line_1_86' title="bbox 1964 3921 3534 3989; baseline 0 -14"><span class='ocrx_word' id='word_1_622' title='bbox 1964 3921 2162 3989; x_wconf 86' lang='lat' dir='ltr'><strong>inquit,</strong></span> <span class='ocrx_word' id='word_1_623' title='bbox 2210 3923 2527 3989; x_wconf 82' lang='lat' dir='ltr'><strong>sempiterna</strong></span> <span class='ocrx_word' id='word_1_624' title='bbox 2566 3922 2792 3983; x_wconf 81' lang='lat' dir='ltr'><strong>dicatis,</strong></span> <span class='ocrx_word' id='word_1_625' title='bbox 2831 3921 3003 3976; x_wconf 70' lang='grc' dir='ltr'>(ἶνα-εἰ</span> <span class='ocrx_word' id='word_1_626' title='bbox 3047 3924 3193 3978; x_wconf 78' lang='lat' dir='ltr'><strong>eritis</strong></span> <span class='ocrx_word' id='word_1_627' title='bbox 3244 3932 3292 3978; x_wconf 80' lang='lat' dir='ltr'><strong>et</strong></span> <span class='ocrx_word' id='word_1_628' title='bbox 3344 3922 3534 3976; x_wconf 82' lang='lat' dir='ltr'><strong>Valen-</strong></span> 
     </span>
    </p>
   </div>
   <div class='ocr_carea' id='block_1_87' title="bbox 1966 4013 3536 4085">
    <p class='ocr_par' dir='ltr' id='par_1_87' title="bbox 1966 4013 3536 4085">
     <span class='ocr_line' id='line_1_87' title="bbox 1966 4013 3536 4085; baseline 0.002 -20"><span class='ocrx_word' id='word_1_629' title='bbox 1966 4013 2064 4067; x_wconf 85' lang='lat' dir='ltr'><strong>tini</strong></span> <span class='ocrx_word' id='word_1_630' title='bbox 2125 4023 2175 4068; x_wconf 87' lang='lat' dir='ltr'><strong>et</strong></span> <span class='ocrx_word' id='word_1_631' title='bbox 2255 4015 2490 4069; x_wconf 81' lang='lat' dir='ltr'><strong>barbari.</strong></span> <span class='ocrx_word' id='word_1_632' title='bbox 2558 4015 2713 4080; x_wconf 83' lang='lat' dir='ltr'><strong>Quod</strong></span> <span class='ocrx_word' id='word_1_633' title='bbox 2763 4016 2809 4068; x_wconf 77' lang='lat' dir='ltr'><strong>si</strong></span> <span class='ocrx_word' id='word_1_634' title='bbox 2876 4017 3071 4085; x_wconf 83' lang='lat' dir='ltr'><strong>genita,</strong></span> <span class='ocrx_word' id='word_1_635' title='bbox 3128 4032 3231 4070; x_wconf 86' lang='lat' dir='ltr'><strong>non</strong></span> <span class='ocrx_word' id='word_1_636' title='bbox 3288 4016 3536 4084; x_wconf 83' lang='lat' dir='ltr'><strong>amplius,</strong></span> 
     </span>
    </p>
   </div>
   <div class='ocr_carea' id='block_1_88' title="bbox 1963 4103 3538 4176">
    <p class='ocr_par' dir='ltr' id='par_1_88' title="bbox 1963 4103 3538 4176">
     <span class='ocr_line' id='line_1_88' title="bbox 1963 4103 3538 4176; baseline 0.003 -20"><span class='ocrx_word' id='word_1_637' title='bbox 1963 4103 2159 4173; x_wconf 87' lang='lat' dir='ltr'><strong>inquit,</strong></span> <span class='ocrx_word' id='word_1_638' title='bbox 2206 4106 2590 4173; x_wconf 80' lang='lat' dir='ltr'><strong>conﬁtebimini</strong></span> <span class='ocrx_word' id='word_1_639' title='bbox 2626 4105 2678 4158; x_wconf 86' lang='lat' dir='ltr'><strong>in</strong></span> <span class='ocrx_word' id='word_1_640' title='bbox 2717 4104 2828 4159; x_wconf 88' lang='lat' dir='ltr'><strong>Deo</strong></span> <span class='ocrx_word' id='word_1_641' title='bbox 2865 4106 3005 4175; x_wconf 80' lang='lat' dir='ltr'><strong>quod</strong></span> <span class='ocrx_word' id='word_1_642' title='bbox 3036 4116 3116 4160; x_wconf 77' lang='lat' dir='ltr'><strong>est</strong></span> <span class='ocrx_word' id='word_1_643' title='bbox 3162 4107 3465 4176; x_wconf 84' lang='lat' dir='ltr'><strong>ingenitum.</strong></span> <span class='ocrx_word' id='word_1_644' title='bbox 3493 4104 3538 4160; x_wconf 93' lang='grc'>0</span> 
     </span>
    </p>
   </div>
   <div class='ocr_carea' id='block_1_89' title="bbox 1965 4195 3536 4266">
    <p class='ocr_par' dir='ltr' id='par_1_89' title="bbox 1965 4195 3536 4266">
     <span class='ocr_line' id='line_1_89' title="bbox 1965 4195 3536 4266; baseline 0.001 -17"><span class='ocrx_word' id='word_1_645' title='bbox 1965 4195 2438 4266; x_wconf 76' lang='lat' dir='ltr'><strong>inexpugnabilem</strong></span> <span class='ocrx_word' id='word_1_646' title='bbox 2478 4204 2531 4251; x_wconf 88' lang='lat' dir='ltr'><strong>et</strong></span> <span class='ocrx_word' id='word_1_647' title='bbox 2556 4198 2959 4251; x_wconf 83' lang='lat' dir='ltr'><strong>iueluctahilem</strong></span> <span class='ocrx_word' id='word_1_648' title='bbox 2985 4199 3389 4266; x_wconf 84' lang='lat' dir='ltr'><strong>aggressionem</strong></span> <span class='ocrx_word' id='word_1_649' title='bbox 3417 4199 3431 4251; x_wconf 87' lang='lat'><strong>!</strong></span> <span class='ocrx_word' id='word_1_650' title='bbox 3480 4196 3536 4250; x_wconf 90' lang='lat' dir='ltr'><strong>Si</strong></span> 
     </span>
    </p>
   </div>
   <div class='ocr_carea' id='block_1_90' title="bbox 1963 4286 3540 4357">
    <p class='ocr_par' dir='ltr' id='par_1_90' title="bbox 1963 4286 3540 4357">
     <span class='ocr_line' id='line_1_90' title="bbox 1963 4286 3540 4357; baseline 0.001 -17"><span class='ocrx_word' id='word_1_651' title='bbox 1963 4288 2093 4356; x_wconf 88' lang='lat' dir='ltr'><strong>quid</strong></span> <span class='ocrx_word' id='word_1_652' title='bbox 2131 4288 2398 4357; x_wconf 86' lang='lat' dir='ltr'><strong>genitum,</strong></span> <span class='ocrx_word' id='word_1_653' title='bbox 2443 4303 2477 4340; x_wconf 89' lang='grc' dir='ltr'><strong>ο</strong></span> <span class='ocrx_word' id='word_1_654' title='bbox 2508 4287 2758 4353; x_wconf 87' lang='lat' dir='ltr'><strong>Eunomi,</strong></span> <span class='ocrx_word' id='word_1_655' title='bbox 2799 4302 3121 4342; x_wconf 85' lang='lat' dir='ltr'><strong>concessum</strong></span> <span class='ocrx_word' id='word_1_656' title='bbox 3156 4286 3339 4349; x_wconf 88' lang='lat' dir='ltr'><strong>fuerit,</strong></span> <span class='ocrx_word' id='word_1_657' title='bbox 3387 4287 3540 4356; x_wconf 81' lang='lat' dir='ltr'><strong>inge-</strong></span> 
     </span>
    </p>
   </div>
   <div class='ocr_carea' id='block_1_91' title="bbox 1964 4376 3538 4445">
    <p class='ocr_par' dir='ltr' id='par_1_91' title="bbox 1964 4376 3538 4445">
     <span class='ocr_line' id='line_1_91' title="bbox 1964 4376 3538 4445; baseline -0.001 -14"><span class='ocrx_word' id='word_1_658' title='bbox 1964 4376 2063 4431; x_wconf 89' lang='lat' dir='ltr'><strong>niti</strong></span> <span class='ocrx_word' id='word_1_659' title='bbox 2089 4376 2366 4431; x_wconf 85' lang='lat' dir='ltr'><strong>confessio</strong></span> <span class='ocrx_word' id='word_1_660' title='bbox 2393 4378 2716 4431; x_wconf 87' lang='lat' dir='ltr'><strong>abolebitur.</strong></span> <span class='ocrx_word' id='word_1_661' title='bbox 2784 4376 2847 4429; x_wconf 85' lang='lat' dir='ltr'><strong>Et</strong></span> <span class='ocrx_word' id='word_1_662' title='bbox 2881 4391 2990 4445; x_wconf 91' lang='lat' dir='ltr'><strong>quo</strong></span> <span class='ocrx_word' id='word_1_663' title='bbox 3052 4377 3146 4431; x_wconf 88' lang='lat' dir='ltr'><strong>tibi</strong></span> <span class='ocrx_word' id='word_1_664' title='bbox 3204 4376 3538 4431; x_wconf 77' lang='lat' dir='ltr'><strong>eﬁluxerunt</strong></span> 
     </span>
    </p>
   </div>
   <div class='ocr_carea' id='block_1_92' title="bbox 1962 4467 3540 4540">
    <p class='ocr_par' dir='ltr' id='par_1_92' title="bbox 1962 4467 3540 4540">
     <span class='ocr_line' id='line_1_92' title="bbox 1962 4467 3540 4540; baseline -0.001 -18"><span class='ocrx_word' id='word_1_665' title='bbox 1962 4469 2127 4540; x_wconf 90' lang='lat' dir='ltr'><strong>geniti</strong></span> <span class='ocrx_word' id='word_1_666' title='bbox 2156 4484 2281 4521; x_wconf 90' lang='lat' dir='ltr'><strong>cum</strong></span> <span class='ocrx_word' id='word_1_667' title='bbox 2321 4468 2564 4537; x_wconf 81' lang='lat' dir='ltr'><strong>ingenito</strong></span> <span class='ocrx_word' id='word_1_668' title='bbox 2588 4476 2741 4521; x_wconf 88' lang='lat' dir='ltr'><strong>tanto</strong></span> <span class='ocrx_word' id='word_1_669' title='bbox 2777 4467 3010 4521; x_wconf 87' lang='lat' dir='ltr'><strong>artiﬁcio</strong></span> <span class='ocrx_word' id='word_1_670' title='bbox 3038 4468 3412 4536; x_wconf 87' lang='lat' dir='ltr'><strong>pronuntiata,</strong></span> <span class='ocrx_word' id='word_1_671' title='bbox 3440 4484 3540 4537; x_wconf 89' lang='lat' dir='ltr'><strong>per</strong></span> 
     </span>
    </p>
   </div>
   <div class='ocr_carea' id='block_1_93' title="bbox 285 4559 1859 4640">
    <p class='ocr_par' dir='ltr' id='par_1_93' title="bbox 285 4566 1859 4640">
     <span class='ocr_line' id='line_1_93' title="bbox 285 4566 1859 4640; baseline -0.003 -14"><span class='ocrx_word' id='word_1_672' title='bbox 285 4566 362 4626; x_wconf 82' lang='grc' dir='ltr'>ὧν</span> <span class='ocrx_word' id='word_1_673' title='bbox 393 4573 455 4625; x_wconf 80' lang='grc' dir='ltr'><strong>τδ</strong></span> <span class='ocrx_word' id='word_1_674' title='bbox 497 4572 745 4640; x_wconf 85' lang='grc' dir='ltr'>ἀνόμοιον</span> <span class='ocrx_word' id='word_1_675' title='bbox 790 4570 893 4639; x_wconf 81' lang='grc' dir='ltr'>τῆς</span> <span class='ocrx_word' id='word_1_676' title='bbox 929 4567 1023 4622; x_wconf 89' lang='grc' dir='ltr'><strong>τοῦ</strong></span> <span class='ocrx_word' id='word_1_677' title='bbox 1051 4567 1182 4620; x_wconf 88' lang='grc' dir='ltr'><strong>Υἱοῦ</strong></span> <span class='ocrx_word' id='word_1_678' title='bbox 1214 4569 1347 4637; x_wconf 73' lang='grc' dir='ltr'>πρὸς</span> <span class='ocrx_word' id='word_1_679' title='bbox 1378 4566 1468 4620; x_wconf 81' lang='grc' dir='ltr'>τὸν</span> <span class='ocrx_word' id='word_1_680' title='bbox 1494 4568 1859 4638; x_wconf 87' lang='grc' dir='ltr'>γεγεννηκότα</span> 
     </span>
    </p>
   </div>
   <div class='ocr_carea' id='block_1_94' title="bbox 1962 4559 3538 4640">
    <p class='ocr_par' dir='ltr' id='par_1_94' title="bbox 1963 4559 3538 4632">
     <span class='ocr_line' id='line_1_94' title="bbox 1963 4559 3538 4632; baseline -0.001 -17"><span class='ocrx_word' id='word_1_681' title='bbox 1963 4576 2084 4632; x_wconf 70' lang='lat' dir='ltr'><strong>qua:</strong></span> <span class='ocrx_word' id='word_1_682' title='bbox 2111 4560 2379 4616; x_wconf 88' lang='lat' dir='ltr'><strong>dissimile</strong></span> <span class='ocrx_word' id='word_1_683' title='bbox 2416 4561 2669 4615; x_wconf 60' lang='lat' dir='ltr'><strong>essentia</strong></span> <span class='ocrx_word' id='word_1_684' title='bbox 2727 4559 2848 4614; x_wconf 88' lang='lat' dir='ltr'><strong>Filii</strong></span> <span class='ocrx_word' id='word_1_685' title='bbox 2905 4574 3029 4613; x_wconf 92' lang='lat' dir='ltr'><strong>cum</strong></span> <span class='ocrx_word' id='word_1_686' title='bbox 3086 4574 3152 4613; x_wconf 90' lang='lat' dir='ltr'><strong>eo</strong></span> <span class='ocrx_word' id='word_1_687' title='bbox 3194 4559 3288 4628; x_wconf 89' lang='lat' dir='ltr'><strong>qui</strong></span> <span class='ocrx_word' id='word_1_688' title='bbox 3347 4560 3538 4627; x_wconf 84' lang='lat' dir='ltr'><strong>genuit</strong></span> 
     </span>
    </p>
   </div>
   <div class='ocr_carea' id='block_1_95' title="bbox 284 4654 1864 4729">
    <p class='ocr_par' dir='ltr' id='par_1_95' title="bbox 284 4654 1864 4729">
     <span class='ocr_line' id='line_1_95' title="bbox 284 4654 1864 4729; baseline -0.01 -10"><span class='ocrx_word' id='word_1_689' title='bbox 284 4663 471 4727; x_wconf 85' lang='grc' dir='ltr'>οὐσίας</span> <span class='ocrx_word' id='word_1_690' title='bbox 496 4662 991 4726; x_wconf 76' lang='grc' dir='ltr'>κατασκευάζεταις</span> <span class='ocrx_word' id='word_1_691' title='bbox 1031 4660 1215 4712; x_wconf 85' lang='grc' dir='ltr'>Ἔοικε</span> <span class='ocrx_word' id='word_1_692' title='bbox 1244 4658 1351 4729; x_wconf 79' lang='grc' dir='ltr'><strong>γὰρ</strong></span> <span class='ocrx_word' id='word_1_693' title='bbox 1380 4659 1470 4727; x_wconf 86' lang='grc' dir='ltr'><strong>ἀφ’</strong></span> <span class='ocrx_word' id='word_1_694' title='bbox 1502 4654 1576 4713; x_wconf 84' lang='grc' dir='ltr'><strong>ὧν</strong></span> <span class='ocrx_word' id='word_1_695' title='bbox 1602 4661 1695 4714; x_wconf 88' lang='grc' dir='ltr'><strong>νῦν</strong></span> <span class='ocrx_word' id='word_1_696' title='bbox 1723 4661 1864 4715; x_wconf 87' lang='grc' dir='ltr'>διδα-</span> 
     </span>
    </p>
   </div>
   <div class='ocr_carea' id='block_1_96' title="bbox 289 4746 1862 4826">
    <p class='ocr_par' dir='ltr' id='par_1_96' title="bbox 289 4746 1862 4826">
     <span class='ocr_line' id='line_1_96' title="bbox 289 4746 1862 4826; baseline -0.003 -17"><span class='ocrx_word' id='word_1_697' title='bbox 289 4755 549 4826; x_wconf 81' lang='grc' dir='ltr'>σκόμεθα.</span> <span class='ocrx_word' id='word_1_698' title='bbox 587 4753 661 4824; x_wconf 89' lang='grc' dir='ltr'><strong>μὴ</strong></span> <span class='ocrx_word' id='word_1_699' title='bbox 690 4752 955 4823; x_wconf 86' lang='grc' dir='ltr'>ἀνομοίως</span> <span class='ocrx_word' id='word_1_700' title='bbox 992 4746 1136 4821; x_wconf 71' lang='grc' dir='ltr'>ἔχειν</span> <span class='ocrx_word' id='word_1_701' title='bbox 1172 4752 1200 4804; x_wconf 87' lang='grc' dir='ltr'><strong>ὁ</strong></span> <span class='ocrx_word' id='word_1_702' title='bbox 1235 4750 1425 4821; x_wconf 81' lang='grc' dir='ltr'>Πατὴρ</span> <span class='ocrx_word' id='word_1_703' title='bbox 1463 4751 1604 4804; x_wconf 84' lang='grc' dir='ltr'>κατὰ</span> <span class='ocrx_word' id='word_1_704' title='bbox 1642 4751 1738 4822; x_wconf 85' lang='grc' dir='ltr'>τὴν</span> <span class='ocrx_word' id='word_1_705' title='bbox 1770 4753 1862 4805; x_wconf 86' lang='grc' dir='ltr'>ού·-</span> 
     </span>
    </p>
   </div>
   <div class='ocr_carea' id='block_1_97' title="bbox 288 4840 1866 4914">
    <p class='ocr_par' dir='ltr' id='par_1_97' title="bbox 288 4840 1866 4914">
     <span class='ocr_line' id='line_1_97' title="bbox 288 4840 1866 4914; baseline -0.004 -13"><span class='ocrx_word' id='word_1_706' title='bbox 288 4847 428 4909; x_wconf 88' lang='grc' dir='ltr'>σίαν,</span> <span class='ocrx_word' id='word_1_707' title='bbox 458 4848 533 4909; x_wconf 84' lang='grc' dir='ltr'>ὡς</span> <span class='ocrx_word' id='word_1_708' title='bbox 580 4845 714 4914; x_wconf 85' lang='grc' dir='ltr'>πρὸς</span> <span class='ocrx_word' id='word_1_709' title='bbox 754 4844 814 4896; x_wconf 82' lang='grc' dir='ltr'>τὸ</span> <span class='ocrx_word' id='word_1_710' title='bbox 841 4843 1098 4911; x_wconf 85' lang='grc' dir='ltr'>γεννητὸν</span> <span class='ocrx_word' id='word_1_711' title='bbox 1134 4841 1522 4913; x_wconf 84' lang='grc' dir='ltr'>θεωρούμενος,</span> <span class='ocrx_word' id='word_1_712' title='bbox 1566 4840 1701 4893; x_wconf 88' lang='grc' dir='ltr'><strong>ἀλλά</strong></span> <span class='ocrx_word' id='word_1_713' title='bbox 1733 4842 1866 4894; x_wconf 86' lang='grc' dir='ltr'>καθ-</span> 
     </span>
    </p>
   </div>
   <div class='ocr_carea' id='block_1_98' title="bbox 284 4932 1864 5011">
    <p class='ocr_par' dir='ltr' id='par_1_98' title="bbox 284 4932 1864 5011">
     <span class='ocr_line' id='line_1_98' title="bbox 284 4932 1864 5011; baseline -0.004 -18"><span class='ocrx_word' id='word_1_714' title='bbox 284 4941 405 4994; x_wconf 84' lang='grc' dir='ltr'>όλου</span> <span class='ocrx_word' id='word_1_715' title='bbox 436 4942 501 5011; x_wconf 81' lang='grc' dir='ltr'><strong>τῇ</strong></span> <span class='ocrx_word' id='word_1_716' title='bbox 529 4938 622 4991; x_wconf 90' lang='grc' dir='ltr'><strong>τοῦ</strong></span> <span class='ocrx_word' id='word_1_717' title='bbox 653 4938 944 5006; x_wconf 85' lang='grc' dir='ltr'>ἀγεννήτου</span> <span class='ocrx_word' id='word_1_718' title='bbox 973 4935 1230 5005; x_wconf 81' lang='grc' dir='ltr'>ὁμολογίᾳ</span> <span class='ocrx_word' id='word_1_719' title='bbox 1252 4936 1331 4997; x_wconf 89' lang='grc' dir='ltr'><strong>εἰς</strong></span> <span class='ocrx_word' id='word_1_720' title='bbox 1357 4934 1418 4985; x_wconf 88' lang='grc' dir='ltr'>τὸ</span> <span class='ocrx_word' id='word_1_721' title='bbox 1448 4933 1520 5004; x_wconf 78' lang='grc' dir='ltr'>μὴ</span> <span class='ocrx_word' id='word_1_722' title='bbox 1549 4932 1609 4987; x_wconf 77' lang='grc' dir='ltr'>ὃν</span> <span class='ocrx_word' id='word_1_723' title='bbox 1637 4933 1864 4988; x_wconf 88' lang='grc' dir='ltr'>ἀναλύε-</span> 
     </span>
    </p>
   </div>
   <div class='ocr_carea' id='block_1_99' title="bbox 286 5026 1855 5102">
    <p class='ocr_par' dir='ltr' id='par_1_99' title="bbox 286 5026 1855 5102">
     <span class='ocr_line' id='line_1_99' title="bbox 286 5026 1855 5102; baseline -0.004 -17"><span class='ocrx_word' id='word_1_724' title='bbox 286 5033 410 5085; x_wconf 90' lang='grc' dir='ltr'>σθαι</span> <span class='ocrx_word' id='word_1_725' title='bbox 429 5048 440 5060; x_wconf 94' lang='grc'><strong>·</strong></span> <span class='ocrx_word' id='word_1_726' title='bbox 480 5030 639 5102; x_wconf 82' lang='grc' dir='ltr'>εἴπερ</span> <span class='ocrx_word' id='word_1_727' title='bbox 668 5029 735 5084; x_wconf 80' lang='grc' dir='ltr'><strong>ἃν</strong></span> <span class='ocrx_word' id='word_1_728' title='bbox 762 5029 1051 5098; x_wconf 79' lang='grc' dir='ltr'>γεννητοὺς</span> <span class='ocrx_word' id='word_1_729' title='bbox 1083 5028 1324 5096; x_wconf 78' lang='grc' dir='ltr'>εἴπωμεν</span> <span class='ocrx_word' id='word_1_730' title='bbox 1357 5026 1481 5089; x_wconf 76' lang='grc' dir='ltr'>τοὺς</span> <span class='ocrx_word' id='word_1_731' title='bbox 1523 5026 1744 5088; x_wconf 88' lang='grc' dir='ltr'>αἰῶνας.</span> <span class='ocrx_word' id='word_1_732' title='bbox 1776 5029 1855 5089; x_wconf 85' lang='grc' dir='ltr'><strong>εἰς</strong></span> 
     </span>
    </p>
   </div>
   <div class='ocr_carea' id='block_1_100' title="bbox 199 5118 1856 5193">
    <p class='ocr_par' dir='ltr' id='par_1_100' title="bbox 199 5118 1856 5193">
     <span class='ocr_line' id='line_1_100' title="bbox 199 5118 1856 5193; baseline -0.003 -17"><span class='ocrx_word' id='word_1_733' title='bbox 199 5148 213 5163; x_wconf 79' lang='grc' dir='ltr'><strong><em>ο</em></strong></span> <span class='ocrx_word' id='word_1_734' title='bbox 283 5125 344 5177; x_wconf 72' lang='grc' dir='ltr'>τὸ</span> <span class='ocrx_word' id='word_1_735' title='bbox 377 5123 571 5193; x_wconf 86' lang='grc' dir='ltr'>μηκέτι</span> <span class='ocrx_word' id='word_1_736' title='bbox 604 5122 695 5174; x_wconf 85' lang='grc' dir='ltr'>τὸν</span> <span class='ocrx_word' id='word_1_737' title='bbox 725 5121 1017 5189; x_wconf 80' lang='grc' dir='ltr'>ἀγέννητον</span> <span class='ocrx_word' id='word_1_738' title='bbox 1049 5118 1327 5188; x_wconf 85' lang='grc' dir='ltr'>ὁμολογεῖν</span> <span class='ocrx_word' id='word_1_739' title='bbox 1356 5118 1677 5188; x_wconf 83' lang='grc' dir='ltr'>ὲναγόμεθα.</span> <span class='ocrx_word' id='word_1_740' title='bbox 1720 5118 1856 5171; x_wconf 80' lang='grc' dir='ltr'>Ἀλλ’</span> 
     </span>
    </p>
   </div>
   <div class='ocr_carea' id='block_1_101' title="bbox 285 5207 1859 5285">
    <p class='ocr_par' dir='ltr' id='par_1_101' title="bbox 285 5207 1859 5285">
     <span class='ocr_line' id='line_1_101' title="bbox 285 5207 1859 5285; baseline 0 -19"><span class='ocrx_word' id='word_1_741' title='bbox 285 5214 484 5285; x_wconf 82' lang='grc' dir='ltr'>ἴδωμεν</span> <span class='ocrx_word' id='word_1_742' title='bbox 507 5213 603 5283; x_wconf 81' lang='grc' dir='ltr'><strong>τὴν</strong></span> <span class='ocrx_word' id='word_1_743' title='bbox 636 5213 878 5281; x_wconf 75' lang='grc' dir='ltr'>ἀνάγκην</span> <span class='ocrx_word' id='word_1_744' title='bbox 906 5212 974 5265; x_wconf 78' lang='grc' dir='ltr'><strong>δι’</strong></span> <span class='ocrx_word' id='word_1_745' title='bbox 1014 5207 1082 5283; x_wconf 84' lang='grc' dir='ltr'>ἦς</span> <span class='ocrx_word' id='word_1_746' title='bbox 1108 5212 1253 5281; x_wconf 82' lang='grc' dir='ltr'>ἡμᾶς</span> <span class='ocrx_word' id='word_1_747' title='bbox 1286 5211 1420 5282; x_wconf 72' lang='grc' dir='ltr'>πρὸς</span> <span class='ocrx_word' id='word_1_748' title='bbox 1446 5212 1544 5281; x_wconf 81' lang='grc' dir='ltr'>τὴν</span> <span class='ocrx_word' id='word_1_749' title='bbox 1582 5212 1859 5278; x_wconf 82' lang='grc' dir='ltr'>συγκατά-</span> 
     </span>
    </p>
   </div>
   <div class='ocr_carea' id='block_1_102' title="bbox 284 5299 1857 5375">
    <p class='ocr_par' dir='ltr' id='par_1_102' title="bbox 284 5299 1857 5375">
     <span class='ocr_line' id='line_1_102' title="bbox 284 5299 1857 5375; baseline -0.003 -16"><span class='ocrx_word' id='word_1_750' title='bbox 284 5308 434 5360; x_wconf 88' lang='grc' dir='ltr'>θεσιν</span> <span class='ocrx_word' id='word_1_751' title='bbox 459 5306 558 5374; x_wconf 83' lang='grc' dir='ltr'>τῆς</span> <span class='ocrx_word' id='word_1_752' title='bbox 590 5304 818 5367; x_wconf 87' lang='grc' dir='ltr'>ἀτοπίας</span> <span class='ocrx_word' id='word_1_753' title='bbox 848 5301 1054 5372; x_wconf 86' lang='grc' dir='ltr'>ταύτης</span> <span class='ocrx_word' id='word_1_754' title='bbox 1084 5302 1498 5371; x_wconf 80' lang='grc' dir='ltr'>συναναγκάζει.</span> <span class='ocrx_word' id='word_1_755' title='bbox 1535 5299 1636 5355; x_wconf 80' lang='grc' dir='ltr'><strong>’Ὧν</strong></span> <span class='ocrx_word' id='word_1_756' title='bbox 1661 5303 1769 5373; x_wconf 83' lang='grc' dir='ltr'>γὰρ</span> <span class='ocrx_word' id='word_1_757' title='bbox 1790 5304 1857 5375; x_wconf 82' lang='grc' dir='ltr'>τῇ</span> 
     </span>
    </p>
   </div>
   <div class='ocr_carea' id='block_1_103' title="bbox 282 5394 1855 5467">
    <p class='ocr_par' dir='ltr' id='par_1_103' title="bbox 282 5394 1855 5467">
     <span class='ocr_line' id='line_1_103' title="bbox 282 5394 1855 5467; baseline -0.001 -18"><span class='ocrx_word' id='word_1_758' title='bbox 282 5396 607 5464; x_wconf 84' lang='grc' dir='ltr'>παραθέσει,</span> <span class='ocrx_word' id='word_1_759' title='bbox 637 5395 791 5463; x_wconf 69' lang='grc' dir='ltr'>φησὶ,</span> <span class='ocrx_word' id='word_1_760' title='bbox 831 5396 1178 5467; x_wconf 76' lang='grc' dir='ltr'>προσγίνεται</span> <span class='ocrx_word' id='word_1_761' title='bbox 1223 5395 1298 5465; x_wconf 83' lang='grc' dir='ltr'>τῷ</span> <span class='ocrx_word' id='word_1_762' title='bbox 1345 5395 1462 5465; x_wconf 85' lang='grc' dir='ltr'>Θεῷ</span> <span class='ocrx_word' id='word_1_763' title='bbox 1504 5394 1564 5447; x_wconf 86' lang='grc' dir='ltr'>τὸ</span> <span class='ocrx_word' id='word_1_764' title='bbox 1602 5394 1855 5465; x_wconf 81' lang='grc' dir='ltr'>ἄναρχον,</span> 
     </span>
    </p>
   </div>
   <div class='ocr_carea' id='block_1_104' title="bbox 280 5482 1857 5556">
    <p class='ocr_par' dir='ltr' id='par_1_104' title="bbox 280 5482 1857 5556">
     <span class='ocr_line' id='line_1_104' title="bbox 280 5482 1857 5556; baseline 0.001 -18"><span class='ocrx_word' id='word_1_765' title='bbox 280 5485 489 5539; x_wconf 89' lang='grc' dir='ltr'>τούτων</span> <span class='ocrx_word' id='word_1_766' title='bbox 521 5483 619 5536; x_wconf 81' lang='grc' dir='ltr'>οὐκ</span> <span class='ocrx_word' id='word_1_767' title='bbox 664 5482 852 5547; x_wconf 76' lang='grc' dir='ltr'>ὄντων,</span> <span class='ocrx_word' id='word_1_768' title='bbox 895 5485 997 5543; x_wconf 75' lang='grc' dir='ltr'>οὐκ</span> <span class='ocrx_word' id='word_1_769' title='bbox 1042 5484 1190 5538; x_wconf 72' lang='grc' dir='ltr'>ἔσται</span> <span class='ocrx_word' id='word_1_770' title='bbox 1215 5485 1275 5537; x_wconf 85' lang='grc' dir='ltr'>τὸ</span> <span class='ocrx_word' id='word_1_771' title='bbox 1306 5485 1742 5556; x_wconf 79' lang='grc' dir='ltr'>προστιθέμενον.</span> <span class='ocrx_word' id='word_1_772' title='bbox 1795 5488 1857 5539; x_wconf 87' lang='grc' dir='ltr'><strong>Ὢ</strong></span> 
     </span>
    </p>
   </div>
   <div class='ocr_carea' id='block_1_105' title="bbox 281 5573 1855 5646">
    <p class='ocr_par' dir='ltr' id='par_1_105' title="bbox 281 5573 1855 5646">
     <span class='ocr_line' id='line_1_105' title="bbox 281 5573 1855 5646; baseline 0.001 -17"><span class='ocrx_word' id='word_1_773' title='bbox 281 5577 381 5646; x_wconf 78' lang='grc' dir='ltr'>τῆς</span> <span class='ocrx_word' id='word_1_774' title='bbox 414 5575 639 5645; x_wconf 71' lang='grc' dir='ltr'>ἰσχυρᾶς</span> <span class='ocrx_word' id='word_1_775' title='bbox 667 5573 870 5644; x_wconf 85' lang='grc' dir='ltr'>ταύτης</span> <span class='ocrx_word' id='word_1_776' title='bbox 915 5575 1010 5629; x_wconf 80' lang='grc' dir='ltr'>καὶ</span> <span class='ocrx_word' id='word_1_777' title='bbox 1040 5576 1281 5643; x_wconf 83' lang='grc' dir='ltr'>ἀφύκτου</span> <span class='ocrx_word' id='word_1_778' title='bbox 1324 5575 1513 5645; x_wconf 74' lang='grc' dir='ltr'>λαϐῆς,</span> <span class='ocrx_word' id='word_1_779' title='bbox 1553 5575 1627 5640; x_wconf 85' lang='grc' dir='ltr'>ὠς</span> <span class='ocrx_word' id='word_1_780' title='bbox 1656 5578 1721 5630; x_wconf 81' lang='grc' dir='ltr'>ἐκ</span> <span class='ocrx_word' id='word_1_781' title='bbox 1747 5577 1855 5630; x_wconf 89' lang='grc' dir='ltr'><strong>τῶν</strong></span> 
     </span>
    </p>
   </div>
   <div class='ocr_carea' id='block_1_106' title="bbox 289 5664 1855 5739">
    <p class='ocr_par' dir='ltr' id='par_1_106' title="bbox 289 5664 1855 5739">
     <span class='ocr_line' id='line_1_106' title="bbox 289 5664 1855 5739; baseline 0 -18"><span class='ocrx_word' id='word_1_782' title='bbox 289 5671 467 5738; x_wconf 76' lang='grc' dir='ltr'>μέσων</span> <span class='ocrx_word' id='word_1_783' title='bbox 483 5666 635 5737; x_wconf 74' lang='grc' dir='ltr'>ἡμᾶς</span> <span class='ocrx_word' id='word_1_784' title='bbox 660 5667 770 5729; x_wconf 85' lang='grc' dir='ltr'>τοῖς</span> <span class='ocrx_word' id='word_1_785' title='bbox 789 5664 1001 5727; x_wconf 87' lang='grc' dir='ltr'>ἀλύτοις</span> <span class='ocrx_word' id='word_1_786' title='bbox 1021 5665 1268 5735; x_wconf 80' lang='grc' dir='ltr'>ἄμμασιν</span> <span class='ocrx_word' id='word_1_787' title='bbox 1285 5666 1585 5735; x_wconf 84' lang='grc' dir='ltr'>ἀθλητικῶς</span> <span class='ocrx_word' id='word_1_788' title='bbox 1603 5667 1855 5739; x_wconf 80' lang='grc' dir='ltr'>διασφίγ-</span> 
     </span>
    </p>
   </div>
   <div class='ocr_carea' id='block_1_107' title="bbox 357 5777 1587 5847">
    <p class='ocr_par' dir='ltr' id='par_1_107' title="bbox 357 5777 1587 5847">
     <span class='ocr_line' id='line_1_107' title="bbox 357 5777 1587 5847; baseline -0.001 -10"><span class='ocrx_word' id='word_1_789' title='bbox 357 5781 403 5816; x_wconf 83' lang='grc'><strong>⁸⁷</strong></span> <span class='ocrx_word' id='word_1_790' title='bbox 451 5780 793 5842; x_wconf 79' lang='lat' dir='ltr'><strong>Psal.xr.vn,</strong></span> <span class='ocrx_word' id='word_1_791' title='bbox 858 5779 945 5833; x_wconf 80' lang='grc'>15.</span> <span class='ocrx_word' id='word_1_792' title='bbox 1020 5777 1066 5809; x_wconf 80' lang='grc'><strong>⁸⁸</strong></span> <span class='ocrx_word' id='word_1_793' title='bbox 1093 5778 1234 5833; x_wconf 84' lang='lat' dir='ltr'><strong>Psal.</strong></span> <span class='ocrx_word' id='word_1_794' title='bbox 1272 5797 1458 5847; x_wconf 70' lang='lat' dir='ltr'><strong>usui,</strong></span> <span class='ocrx_word' id='word_1_795' title='bbox 1508 5782 1587 5837; x_wconf 70' lang='lat' dir='ltr'><strong>l2.</strong></span> 
     </span>
    </p>
   </div>
   <div class='ocr_carea' id='block_1_108' title="bbox 607 5849 1270 5914">
    <p class='ocr_par' dir='ltr' id='par_1_108' title="bbox 607 5849 1270 5914">
     <span class='ocr_line' id='line_1_108' title="bbox 607 5849 1270 5914; baseline 0.006 -4"><span class='ocrx_word' id='word_1_796' title='bbox 607 5851 882 5912; x_wconf 75' lang='grc' dir='ltr'>ΡΑτιιοι.</span> <span class='ocrx_word' id='word_1_797' title='bbox 930 5849 1047 5911; x_wconf 78' lang='lat' dir='ltr'><strong>Gn.</strong></span> <span class='ocrx_word' id='word_1_798' title='bbox 1083 5851 1270 5914; x_wconf 81' lang='lat' dir='ltr'><strong>XLV.</strong></span> 
     </span>
    </p>
   </div>
   <div class='ocr_carea' id='block_1_109' title="bbox 1962 4650 3540 4733">
    <p class='ocr_par' dir='ltr' id='par_1_109' title="bbox 1962 4650 3540 4733">
     <span class='ocr_line' id='line_1_109' title="bbox 1962 4650 3540 4733; baseline -0.001 -25"><span class='ocrx_word' id='word_1_799' title='bbox 1962 4654 2322 4725; x_wconf 67' lang='lat' dir='ltr'><strong>praestruitisi</strong></span> <span class='ocrx_word' id='word_1_800' title='bbox 2357 4651 2588 4708; x_wconf 83' lang='lat' dir='ltr'><strong>Videtur</strong></span> <span class='ocrx_word' id='word_1_801' title='bbox 2613 4653 2759 4706; x_wconf 90' lang='lat' dir='ltr'><strong>enim</strong></span> <span class='ocrx_word' id='word_1_802' title='bbox 2807 4666 2873 4733; x_wconf 77' lang='lat' dir='ltr'><strong>ex</strong></span> <span class='ocrx_word' id='word_1_803' title='bbox 2910 4651 3111 4721; x_wconf 83' lang='lat' dir='ltr'><strong>quibus</strong></span> <span class='ocrx_word' id='word_1_804' title='bbox 3176 4666 3324 4706; x_wconf 90' lang='lat' dir='ltr'><strong>nunc</strong></span> <span class='ocrx_word' id='word_1_805' title='bbox 3376 4650 3540 4707; x_wconf 88' lang='lat' dir='ltr'><strong>doce-</strong></span> 
     </span>
    </p>
   </div>
   <div class='ocr_carea' id='block_1_110' title="bbox 1959 4746 3538 4813">
    <p class='ocr_par' dir='ltr' id='par_1_110' title="bbox 1959 4746 3538 4813">
     <span class='ocr_line' id='line_1_110' title="bbox 1959 4746 3538 4813; baseline -0.001 -10"><span class='ocrx_word' id='word_1_806' title='bbox 1959 4764 2105 4813; x_wconf 88' lang='lat' dir='ltr'><strong>mur,</strong></span> <span class='ocrx_word' id='word_1_807' title='bbox 2144 4765 2251 4803; x_wconf 89' lang='lat' dir='ltr'><strong>non</strong></span> <span class='ocrx_word' id='word_1_808' title='bbox 2280 4748 2537 4803; x_wconf 89' lang='lat' dir='ltr'><strong>dissimili</strong></span> <span class='ocrx_word' id='word_1_809' title='bbox 2583 4746 2744 4801; x_wconf 89' lang='lat' dir='ltr'><strong>modo</strong></span> <span class='ocrx_word' id='word_1_810' title='bbox 2783 4746 2986 4801; x_wconf 88' lang='lat' dir='ltr'><strong>habere</strong></span> <span class='ocrx_word' id='word_1_811' title='bbox 3028 4746 3187 4801; x_wconf 85' lang='lat' dir='ltr'><strong>Pater</strong></span> <span class='ocrx_word' id='word_1_812' title='bbox 3234 4747 3538 4803; x_wconf 88' lang='lat' dir='ltr'><strong>secundum</strong></span> 
     </span>
    </p>
   </div>
   <div class='ocr_carea' id='block_1_111' title="bbox 1960 4837 3537 4907">
    <p class='ocr_par' dir='ltr' id='par_1_111' title="bbox 1960 4837 3537 4907">
     <span class='ocr_line' id='line_1_111' title="bbox 1960 4837 3537 4907; baseline -0.001 -13"><span class='ocrx_word' id='word_1_813' title='bbox 1960 4841 2280 4906; x_wconf 86' lang='lat' dir='ltr'><strong>essentiam,</strong></span> <span class='ocrx_word' id='word_1_814' title='bbox 2322 4846 2391 4894; x_wconf 75' lang='lat' dir='ltr'><strong>ut</strong></span> <span class='ocrx_word' id='word_1_815' title='bbox 2432 4854 2556 4893; x_wconf 89' lang='lat' dir='ltr'><strong>cum</strong></span> <span class='ocrx_word' id='word_1_816' title='bbox 2618 4838 2801 4907; x_wconf 81' lang='lat' dir='ltr'><strong>genito</strong></span> <span class='ocrx_word' id='word_1_817' title='bbox 2855 4837 3276 4906; x_wconf 89' lang='lat' dir='ltr'><strong>consideratur;</strong></span> <span class='ocrx_word' id='word_1_818' title='bbox 3327 4839 3422 4894; x_wconf 87' lang='lat' dir='ltr'><strong>sed</strong></span> <span class='ocrx_word' id='word_1_819' title='bbox 3483 4840 3537 4893; x_wconf 92' lang='lat' dir='ltr'><strong>in</strong></span> 
     </span>
    </p>
   </div>
   <div class='ocr_carea' id='block_1_112' title="bbox 1963 4932 3538 5003">
    <p class='ocr_par' dir='ltr' id='par_1_112' title="bbox 1963 4932 3538 5003">
     <span class='ocr_line' id='line_1_112' title="bbox 1963 4932 3538 5003; baseline 0 -18"><span class='ocrx_word' id='word_1_820' title='bbox 1963 4933 2283 4987; x_wconf 90' lang='lat' dir='ltr'><strong>universum</strong></span> <span class='ocrx_word' id='word_1_821' title='bbox 2336 4932 2565 5003; x_wconf 86' lang='lat' dir='ltr'><strong>ingeniti</strong></span> <span class='ocrx_word' id='word_1_822' title='bbox 2604 4932 2959 4987; x_wconf 82' lang='lat' dir='ltr'><strong>confessione</strong></span> <span class='ocrx_word' id='word_1_823' title='bbox 3005 4932 3073 4987; x_wconf 90' lang='lat' dir='ltr'><strong>ad</strong></span> <span class='ocrx_word' id='word_1_824' title='bbox 3128 4932 3181 4988; x_wconf 88' lang='lat' dir='ltr'><strong>id</strong></span> <span class='ocrx_word' id='word_1_825' title='bbox 3231 4932 3375 5003; x_wconf 91' lang='lat' dir='ltr'><strong>quod</strong></span> <span class='ocrx_word' id='word_1_826' title='bbox 3429 4949 3538 4987; x_wconf 77' lang='lat' dir='ltr'><strong>non</strong></span> 
     </span>
    </p>
   </div>
   <div class='ocr_carea' id='block_1_113' title="bbox 1961 5023 3534 5095">
    <p class='ocr_par' dir='ltr' id='par_1_113' title="bbox 1961 5023 3534 5095">
     <span class='ocr_line' id='line_1_113' title="bbox 1961 5023 3534 5095; baseline -0.001 -17"><span class='ocrx_word' id='word_1_827' title='bbox 1961 5032 2066 5085; x_wconf 84' lang='lat' dir='ltr'><strong>est.</strong></span> <span class='ocrx_word' id='word_1_828' title='bbox 2099 5025 2298 5079; x_wconf 86' lang='lat' dir='ltr'><strong>resolvi</strong></span> <span class='ocrx_word' id='word_1_829' title='bbox 2323 5044 2337 5079; x_wconf 91' lang='lat'><strong>:</strong></span> <span class='ocrx_word' id='word_1_830' title='bbox 2375 5023 2643 5094; x_wconf 86' lang='lat' dir='ltr'><strong>siquidem</strong></span> <span class='ocrx_word' id='word_1_831' title='bbox 2677 5024 2859 5095; x_wconf 87' lang='lat' dir='ltr'><strong>genita</strong></span> <span class='ocrx_word' id='word_1_832' title='bbox 2886 5024 3086 5080; x_wconf 68' lang='lat' dir='ltr'><strong>saecula</strong></span> <span class='ocrx_word' id='word_1_833' title='bbox 3109 5024 3438 5087; x_wconf 72' lang='lat' dir='ltr'><strong>dixerimus,</strong></span> <span class='ocrx_word' id='word_1_834' title='bbox 3466 5025 3534 5076; x_wconf 86' lang='lat' dir='ltr'><strong>ad</strong></span> 
     </span>
    </p>
   </div>
   <div class='ocr_carea' id='block_1_114' title="bbox 1963 5115 3537 5189">
    <p class='ocr_par' dir='ltr' id='par_1_114' title="bbox 1963 5115 3537 5189">
     <span class='ocr_line' id='line_1_114' title="bbox 1963 5115 3537 5189; baseline -0.003 -19"><span class='ocrx_word' id='word_1_835' title='bbox 1963 5116 2332 5172; x_wconf 90' lang='lat' dir='ltr'><strong>conﬁtendum</strong></span> <span class='ocrx_word' id='word_1_836' title='bbox 2380 5134 2489 5173; x_wconf 89' lang='lat' dir='ltr'><strong>non</strong></span> <span class='ocrx_word' id='word_1_837' title='bbox 2522 5118 2760 5188; x_wconf 90' lang='lat' dir='ltr'><strong>amplius</strong></span> <span class='ocrx_word' id='word_1_838' title='bbox 2785 5133 2907 5174; x_wconf 88' lang='lat' dir='ltr'><strong>esse</strong></span> <span class='ocrx_word' id='word_1_839' title='bbox 2955 5119 3257 5189; x_wconf 84' lang='lat' dir='ltr'><strong>ingenitum</strong></span> <span class='ocrx_word' id='word_1_840' title='bbox 3295 5115 3537 5184; x_wconf 87' lang='lat' dir='ltr'><strong>impelle-</strong></span> 
     </span>
    </p>
   </div>
   <div class='ocr_carea' id='block_1_115' title="bbox 1964 5209 3536 5280">
    <p class='ocr_par' dir='ltr' id='par_1_115' title="bbox 1964 5209 3536 5280">
     <span class='ocr_line' id='line_1_115' title="bbox 1964 5209 3536 5280; baseline -0.002 -17"><span class='ocrx_word' id='word_1_841' title='bbox 1964 5226 2107 5263; x_wconf 90' lang='lat' dir='ltr'><strong>mur.</strong></span> <span class='ocrx_word' id='word_1_842' title='bbox 2161 5209 2267 5265; x_wconf 81' lang='lat' dir='ltr'><strong>Sed</strong></span> <span class='ocrx_word' id='word_1_843' title='bbox 2325 5210 2607 5265; x_wconf 87' lang='lat' dir='ltr'><strong>videamus</strong></span> <span class='ocrx_word' id='word_1_844' title='bbox 2658 5212 3043 5267; x_wconf 85' lang='lat' dir='ltr'><strong>necessitatem</strong></span> <span class='ocrx_word' id='word_1_845' title='bbox 3096 5222 3383 5280; x_wconf 89' lang='lat' dir='ltr'><strong>perquam</strong></span> <span class='ocrx_word' id='word_1_846' title='bbox 3435 5220 3536 5260; x_wconf 87' lang='lat' dir='ltr'><strong>nos</strong></span> 
     </span>
    </p>
   </div>
   <div class='ocr_carea' id='block_1_116' title="bbox 1966 5298 3536 5371">
    <p class='ocr_par' dir='ltr' id='par_1_116' title="bbox 1966 5298 3536 5371">
     <span class='ocr_line' id='line_1_116' title="bbox 1966 5298 3536 5371; baseline -0.004 -15"><span class='ocrx_word' id='word_1_847' title='bbox 1966 5302 2033 5356; x_wconf 87' lang='lat' dir='ltr'><strong>ad</strong></span> <span class='ocrx_word' id='word_1_848' title='bbox 2065 5303 2443 5358; x_wconf 82' lang='lat' dir='ltr'><strong>assensionem</strong></span> <span class='ocrx_word' id='word_1_849' title='bbox 2478 5304 2837 5359; x_wconf 86' lang='lat' dir='ltr'><strong>absurditatis</strong></span> <span class='ocrx_word' id='word_1_850' title='bbox 2883 5304 3051 5371; x_wconf 85' lang='lat' dir='ltr'><strong>hujus</strong></span> <span class='ocrx_word' id='word_1_851' title='bbox 3086 5298 3395 5355; x_wconf 73' lang='lat' dir='ltr'><strong>necessario</strong></span> <span class='ocrx_word' id='word_1_852' title='bbox 3440 5312 3536 5351; x_wconf 85' lang='lat' dir='ltr'><strong>co—</strong></span> 
     </span>
    </p>
   </div>
   <div class='ocr_carea' id='block_1_117' title="bbox 1966 5389 3535 5466">
    <p class='ocr_par' dir='ltr' id='par_1_117' title="bbox 1966 5389 3535 5466">
     <span class='ocr_line' id='line_1_117' title="bbox 1966 5389 3535 5466; baseline -0.004 -19"><span class='ocrx_word' id='word_1_853' title='bbox 1966 5394 2061 5463; x_wconf 82' lang='lat' dir='ltr'><strong>git.</strong></span> <span class='ocrx_word' id='word_1_854' title='bbox 2094 5394 2337 5460; x_wconf 84' lang='lat' dir='ltr'><strong>Quorum</strong></span> <span class='ocrx_word' id='word_1_855' title='bbox 2366 5397 2512 5451; x_wconf 88' lang='lat' dir='ltr'><strong>enim</strong></span> <span class='ocrx_word' id='word_1_856' title='bbox 2538 5395 2902 5466; x_wconf 75' lang='lat' dir='ltr'><strong>oppositione,</strong></span> <span class='ocrx_word' id='word_1_857' title='bbox 2930 5392 3127 5459; x_wconf 89' lang='lat' dir='ltr'><strong>inquit,</strong></span> <span class='ocrx_word' id='word_1_858' title='bbox 3160 5389 3271 5443; x_wconf 86' lang='lat' dir='ltr'><strong>Deo</strong></span> <span class='ocrx_word' id='word_1_859' title='bbox 3295 5389 3535 5451; x_wconf 85' lang='lat' dir='ltr'><strong>advenit,</strong></span> 
     </span>
    </p>
   </div>
   <div class='ocr_carea' id='block_1_118' title="bbox 1964 5478 3535 5554">
    <p class='ocr_par' dir='ltr' id='par_1_118' title="bbox 1964 5478 3535 5554">
     <span class='ocr_line' id='line_1_118' title="bbox 1964 5478 3535 5554; baseline -0.002 -17"><span class='ocrx_word' id='word_1_860' title='bbox 1964 5484 2016 5538; x_wconf 89' lang='lat' dir='ltr'><strong>id</strong></span> <span class='ocrx_word' id='word_1_861' title='bbox 2040 5486 2184 5553; x_wconf 85' lang='lat' dir='ltr'><strong>quod</strong></span> <span class='ocrx_word' id='word_1_862' title='bbox 2218 5486 2714 5554; x_wconf 75' lang='lat' dir='ltr'><strong>principio.caret,</strong></span> <span class='ocrx_word' id='word_1_863' title='bbox 2762 5484 2807 5536; x_wconf 92' lang='lat' dir='ltr'><strong>si</strong></span> <span class='ocrx_word' id='word_1_864' title='bbox 2855 5483 2969 5535; x_wconf 73' lang='lat' dir='ltr'><strong>hmc</strong></span> <span class='ocrx_word' id='word_1_865' title='bbox 3013 5494 3121 5533; x_wconf 86' lang='lat' dir='ltr'><strong>non</strong></span> <span class='ocrx_word' id='word_1_866' title='bbox 3160 5478 3386 5543; x_wconf 77' lang='lat' dir='ltr'><strong>fuerint,</strong></span> <span class='ocrx_word' id='word_1_867' title='bbox 3421 5494 3535 5534; x_wconf 90' lang='lat' dir='ltr'><strong>non</strong></span> 
     </span>
    </p>
   </div>
   <div class='ocr_carea' id='block_1_119' title="bbox 1962 5570 3536 5647">
    <p class='ocr_par' dir='ltr' id='par_1_119' title="bbox 1962 5570 3536 5647">
     <span class='ocr_line' id='line_1_119' title="bbox 1962 5570 3536 5647; baseline -0.004 -16"><span class='ocrx_word' id='word_1_868' title='bbox 1962 5577 2066 5631; x_wconf 88' lang='lat' dir='ltr'><strong>crit</strong></span> <span class='ocrx_word' id='word_1_869' title='bbox 2095 5578 2239 5647; x_wconf 91' lang='lat' dir='ltr'><strong>quod</strong></span> <span class='ocrx_word' id='word_1_870' title='bbox 2278 5578 2555 5647; x_wconf 88' lang='lat' dir='ltr'><strong>adjicitur.</strong></span> <span class='ocrx_word' id='word_1_871' title='bbox 2602 5574 2647 5629; x_wconf 94' lang='grc' dir='ltr'><strong>Ο</strong></span> <span class='ocrx_word' id='word_1_872' title='bbox 2678 5572 2911 5626; x_wconf 82' lang='lat' dir='ltr'><strong>validam</strong></span> <span class='ocrx_word' id='word_1_873' title='bbox 2955 5571 3097 5625; x_wconf 82' lang='lat' dir='ltr'><strong>hanc</strong></span> <span class='ocrx_word' id='word_1_874' title='bbox 3147 5578 3204 5625; x_wconf 84' lang='lat' dir='ltr'><strong>et</strong></span> <span class='ocrx_word' id='word_1_875' title='bbox 3248 5570 3536 5627; x_wconf 84' lang='lat' dir='ltr'><strong>inevitabi-</strong></span> 
     </span>
    </p>
   </div>
   <div class='ocr_carea' id='block_1_120' title="bbox 1968 5662 3535 5735">
    <p class='ocr_par' dir='ltr' id='par_1_120' title="bbox 1968 5662 3535 5735">
     <span class='ocr_line' id='line_1_120' title="bbox 1968 5662 3535 5735; baseline -0.003 -13"><span class='ocrx_word' id='word_1_876' title='bbox 1968 5669 2071 5723; x_wconf 87' lang='lat' dir='ltr'><strong>lem</strong></span> <span class='ocrx_word' id='word_1_877' title='bbox 2106 5670 2329 5735; x_wconf 88' lang='lat' dir='ltr'><strong>luctam,</strong></span> <span class='ocrx_word' id='word_1_878' title='bbox 2370 5677 2429 5723; x_wconf 91' lang='lat' dir='ltr'><strong>ut</strong></span> <span class='ocrx_word' id='word_1_879' title='bbox 2462 5682 2525 5722; x_wconf 81' lang='lat' dir='ltr'><strong>ex</strong></span> <span class='ocrx_word' id='word_1_880' title='bbox 2563 5664 2757 5719; x_wconf 87' lang='lat' dir='ltr'><strong>mediis</strong></span> <span class='ocrx_word' id='word_1_881' title='bbox 2812 5679 2910 5720; x_wconf 91' lang='lat' dir='ltr'><strong>nos</strong></span> <span class='ocrx_word' id='word_1_882' title='bbox 2942 5662 3329 5719; x_wconf 79' lang='lat' dir='ltr'><strong>insolubilibus</strong></span> <span class='ocrx_word' id='word_1_883' title='bbox 3386 5663 3535 5718; x_wconf 74' lang='lat' dir='ltr'><strong>nexi-</strong></span> 
     </span>
    </p>
   </div>
   <div class='ocr_carea' id='block_1_121' title="bbox 3128 5848 3204 5905">
    <p class='ocr_par' dir='ltr' id='par_1_121' title="bbox 3128 5848 3204 5905">
     <span class='ocr_line' id='line_1_121' title="bbox 3128 5848 3204 5905; baseline 0.013 -1"><span class='ocrx_word' id='word_1_884' title='bbox 3128 5848 3204 5905; x_wconf 19' lang='lat'><strong>3&quot;:</strong></span> 
     </span>
    </p>
   </div>
  </div>
