4056 6146
341 314 483 372 1069

1437 316 1714 374 CONTRA
1748 320 2117 379 EUNOMIUM
2151 364 2164 389 ,
2200 322 2327 380 LIB.
2368 323 2478 380 XII.

3471 329 3609 383 H70

332 430 537 493 δουναι,
568 429 629 483 rb
657 428 948 498 ἀσώματόν
980 446 1064 483 σοι
1090 430 1377 505 πρόχειρον
1407 436 1486 498 είς
1510 436 1606 507 τὴν
1634 437 1903 508 ἀπόκρισιε

2031 442 2243 510 νησίας,
2272 442 2323 496 id
2357 448 2464 505 est.
2506 439 2730 510 ingeniti
2765 440 3017 504 rationis,
3045 440 3333 511 responde.
3364 440 3427 495 Et
3454 444 3498 497 si
3520 443 3611 512 ju-

331 523 490 577 ἔστω.
519 521 584 574 Τί
617 521 672 573 δὲ
696 521 950 590 σημαίνει
975 523 1008 593 ἡ
1051 523 1350 595 ἀφθαρσία,
1378 526 1513 597 ὅπερ
1542 529 1574 597 ἡ
1612 527 1704 580 τοῦ
1736 528 1917 592 ἐλέους

332 616 547 676 πάντως
581 614 744 684 ἐρεῖς,
771 613 803 682 ἢ
832 614 864 683 ἡ
891 615 989 684 τῆς
1014 614 1246 684 κρίσεως
1279 618 1522 687 σημασία
1558 619 1915 691 παρίστησιν·

331 706 472 760 οὕτω
511 704 698 758 καὶτὰ
741 704 862 757 καθ’
894 705 1121 758 ἕκαστον
1170 707 1345 761 πάντα
1376 709 1721 780 προσάλληλα
1756 728 1919 781 μετα-

332 798 596 869 χωρείτω,
653 797 926 867 μηδεμιᾶς
974 796 1278 869 ἱδιαζούσης
1310 802 1596 870 ἐμφάσεως
1634 801 1696 854 rb
1734 803 1917 873 ἕτερον

329 889 423 941 τοῦ
450 889 637 959 ἐτέρου
662 886 1103 957 διαστελλούσης.
1139 887 1241 941 Καὶ
1279 892 1327 942 εἰ
1375 891 1547 944 ταῦτα
1581 892 1859 962 νομοθετεῖ
1889 894 1918 945 ό

330 980 611 1048 Εὑνόμιος.
642 979 693 1031 τί
726 979 902 1048 μάτην
927 980 982 1031 αἱ
1012 978 1225 1049 Γραφαὶ
1257 980 1624 1054 πολυωνύμως
1643 984 1739 1054 τὴν
1769 984 1917 1039 Θείαν

331 1070 491 1139 φύσιν
537 1070 896 1123 ἀνακαλοῦσιν
945 1070 1108 1135 Θεὸν,
1158 1072 1372 1143 κριτὴν,
1410 1074 1637 1138 δίκαιον,
1676 1077 1914 1148 ἰσχυρὸν,

333 1164 704 1235 μακρόθυμον,
751 1164 1023 1234 ἀληθινὸν,
1072 1165 1361 1236 ἐλεήμονα,
1410 1167 1503 1220 καὶ
1560 1168 1692 1222 ἄλλα
1747 1169 1916 1224 πολλὰ

328 1256 553 1309 τοιαῦτα
598 1254 1097 1324 κατονομάζουσαι;
1134 1258 1195 1309 Εἰ
1243 1257 1350 1330 γὰρ
1382 1259 1533 1313 οὐδὲν
1576 1261 1684 1313 τῶν
1722 1262 1917 1332 ὀνομά-

328 1365 437 1400 των
482 1348 573 1401 ὲπί
617 1364 761 1410 τινος
810 1347 1114 1418 ίδιαζούσης
1162 1351 1369 1414 ἐννοίας
1415 1352 1914 1423 καταλαμϐάνεται,

330 1437 506 1489 πάντα
531 1438 587 1489 δὲ
608 1437 855 1507 ἀλλήλοις
873 1436 959 1490 διὰ
983 1437 1081 1506 τῆς
1112 1438 1252 1492 κατὰ
1279 1441 1339 1493 rb
1365 1443 1757 1513 σημαινόμενον
1787 1461 1917 1513 συγ-

328 1527 541 1598 χύσεως
579 1530 977 1600 άναπὲφυρται,
1027 1532 1252 1600 μάταιον
1296 1531 1361 1586 ἂν
1412 1533 1497 1604 εἴη
1555 1535 1773 1599 πολλαῖς
1823 1536 1916 1589 ἐπὶ

328 1620 421 1672 τοῦ
448 1619 610 1673 αὑτοῦ
640 1622 757 1682 ταῖς
796 1622 1130 1691 ἐπωνυμίαις
1161 1624 1484 1694 κεχρῆσθαι,
1523 1626 1790 1696 μηδεμιᾶς
1815 1627 1916 1697 τῆς

326 1712 467 1763 κατὰ
508 1712 567 1763 rb
624 1712 1018 1782 σημαινόμενον
1080 1714 1343 1784 διαφορᾶς
1403 1717 1498 1769 ἀπ’
1553 1717 1795 1788 ἀλλήλων
1846 1718 1914 1771 τὰ

2022 535 2182 590 stitia:
2229 533 2599 589 deﬁnitionem
2658 541 2710 586 te
2737 531 2963 586 reddere
3010 539 3280 600 oporteat,
3333 531 3483 601 quod
3521 542 3610 591 est

2020 626 2400 695 incorporeum
2471 623 2569 676 tibi
2601 622 2679 679 sit
2716 622 2770 675 in
2799 631 3047 692 promptu
3073 621 3140 674 ad
3170 622 3606 691 responsionem.

2020 715 2159 782 Quid
2192 725 2371 769 autem
2394 713 2663 783 signiﬁcet
2691 712 3197 781 incorruptibilitas,
3244 713 3387 782 quod
3436 714 3605 767 mise-

2018 809 2269 864 ricordia:
2292 809 2512 862 omnino
2539 806 2709 869 dices,
2737 805 3018 874 veljudieii
3042 804 3369 876 significatio
3396 820 3596 874 reprae-

2019 907 2248 954 sentat:
2314 898 2395 952 sic
2432 906 2485 952 et
2512 898 2725 965 singula
2776 897 2956 951 omnia
3020 896 3157 950 inter
3215 911 3274 950 se
3305 911 3586 964 percurre,

2002 990 2168 1069 ‘nnlla
2214 989 2433 1058 prepria
2464 994 2521 1040 et
2542 987 2805 1057 peculiari
2852 988 3251 1056 signiﬁcatione
3283 986 3505 1041 alterum
3538 986 3606 1040 ab

2018 1082 2190 1135 altero
2250 1080 2641 1148 distinguente.
2708 1079 2851 1133 Etsi
2889 1079 3002 1132 haec
3059 1079 3251 1133 statuit
3279 1076 3604 1140 Eunomius,

2018 1170 2148 1241 quid
2174 1169 2378 1224 frustra
2437 1168 2735 1237 Scriptura:
2783 1170 2971 1224 multis
3026 1172 3341 1225 nominibus
3369 1170 3606 1223 divinam

2018 1271 2271 1317 naturam
2299 1267 2518 1326 vocant,
2553 1258 2743 1322 Deum,
2773 1260 3037 1329 judicem,
3092 1262 3323 1329 justum,
3384 1260 3602 1333 fortem,

2016 1354 2403 1424 longanimem,
2442 1366 2650 1414 verum,
2683 1351 3117 1415 misericordem,
3151 1352 3384 1420 aliisque
3420 1336 3606 1405 multis

2016 1446 2285 1516 ejusmodi
2331 1444 2650 1498 nominibus
2685 1443 3063 1512 appellantes?
3115 1441 3173 1497 Si
3205 1443 3349 1497 enim
3388 1443 3603 1496 nullum

2016 1538 2211 1595 horum
2240 1536 2521 1591 nominum
2542 1536 2595 1588 in
2618 1536 2796 1604 aliqua
2820 1535 3058 1605 prepria,
3084 1542 3139 1587 et
3163 1534 3230 1587 ab
3251 1534 3375 1589 aliis
3394 1542 3606 1588 secreta

2015 1628 2210 1684 notitia
2270 1626 2777 1696 comprehenditur,
2829 1627 2924 1681 sed
2960 1626 3142 1680 omnia
3196 1627 3342 1680 inter
3410 1640 3469 1680 se
3506 1640 3603 1694 per

2016 1719 2445 1791 signiﬁcatorum
2468 1717 2843 1772 confusionem
2871 1718 3127 1787 permista
3160 1726 3286 1772 sunt
3308 1724 3360 1771 et
3382 1723 3605 1770 contur-

326 1800 567 1871 ὀνόματα
616 1804 1049 1879 διαστελλούσης.
1081 1809 1178 1874 Τίς
1224 1810 1571 1881 ἀπόπληκτος
1621 1812 1795 1876 οὑτως
1829 1814 1903 1876 ὡς

2013 1819 2156 1882 bata,
2184 1828 2381 1868 vanum
2409 1810 2573 1865 fuerit
2598 1810 2788 1864 multis
2812 1810 2863 1863 in
2889 1809 3079 1864 eodem
3109 1809 3185 1863 uti
3223 1808 3604 1878 appellationi-

324 1895 560 1961 ἀγνοεῖν,
582 1895 663 1947 ὅτι
690 1898 722 1966 ἠ
760 1898 857 1965 μὲν
899 1900 1020 1955 θεία
1061 1902 1240 1969 φύσις,
1263 1902 1291 1955 ὅ
1310 1903 1363 1955 τί
1392 1918 1521 1957 ποτε
1565 1904 1685 1957 κατ’
1716 1905 1902 1959 οὐσίαν

324 1984 460 2044 ἐστὶ,
499 1985 595 2055 μία
623 1989 788 2055 ἐστὶν,
821 1989 968 2059 ἁπλῆ
997 2008 1080 2055 τις
1113 1992 1205 2045 καὶ
1241 1993 1514 2064 μονοειδὴς
1558 1995 1652 2048 καὶ
1681 1996 1903 2049 ἀσύνθε-

322 2094 434 2139 reg,
464 2079 557 2131 καὶ
586 2082 706 2134 κατ’
737 2083 926 2137 οὑδένα
962 2085 1184 2155 τρόπον,
1210 2086 1267 2138 ἐν
1292 2087 1507 2158 ποικίλῃ
1530 2088 1634 2141 τινὶ
1655 2088 1901 2141 συνθέσει

325 2164 761 2242 θεωρουμένη·ή
802 2173 858 2226 δὲ
895 2174 1207 2247 ἀνθρωπίνη
1254 2175 1398 2247 ψυχὴ
1440 2178 1611 2248 χαμαὶ
1651 2180 1899 2249 κειμένη,

325 2260 416 2311 καὶ
444 2263 498 2312 ἐν
526 2261 601 2332 τῷ
631 2264 802 2334 γηΐνῳ
825 2264 998 2337 τούτῳ
1039 2266 1137 2335 βίῳ
1184 2252 1641 2339 κατορωρυῆμένη
1662 2309 1677 2333 ,
1718 2270 1793 2338 τῷ
1828 2270 1901 2341 μὴ

323 2350 580 2406 δύνασθαι
609 2354 891 2424 τηλαυγῶς
924 2358 1157 2411 κατιδεῖν
1188 2358 1247 2411 rb
1290 2354 1638 2429 ζῆτούμενον,
1683 2360 1903 2424 πολλαῖς

326 2441 552 2505 ἐννοίαις
578 2445 674 2513 τῆς
697 2446 973 2515 ἀφράστου
1004 2448 1213 2516 φύσεως
1240 2448 1590 2521 πολυτρόπως
1627 2451 1718 2503 καὶ
1745 2452 1905 2504 πολυ-

327 2533 509 2602 μερῶς
545 2536 884 2607 ἐπορέγεται,
920 2540 981 2591 οὐ
1018 2540 1158 2593 κατὰ
1193 2540 1289 2613 τὴν
1333 2539 1458 2611 μίαν
1508 2542 1627 2595 τινὰ
1669 2542 1904 2597 διάνοιαν

322 2622 385 2674 τὸ
411 2626 787 2695 κεκρυμμένον
817 2627 1141 2699 θηρεύουσα.
1172 2625 1250 2682 ’Ἥ
1277 2631 1383 2702 γὰρ
1411 2631 1475 2684 ἂν
1507 2630 1724 2695 εὔκολος
1761 2629 1827 2703 ἦν
1869 2635 1902 2704 ή

321 2716 646 2787 κατάληψις,
677 2721 724 2771 εί
760 2720 857 2789 μία
904 2738 986 2785 τις
1028 2723 1157 2792 ήμῖν
1202 2720 1386 2790 ἔφοδος
1426 2722 1561 2794 πρὸς
1606 2723 1704 2795 τὴν
1756 2724 1903 2777 θείαν

321 2806 656 2880 ἀπεκέκριτο
684 2811 900 2877 γνῶσιν.
942 2812 1078 2865 Νυνὶ
1103 2813 1159 2865 δὲ
1195 2813 1283 2867 διὰ
1323 2813 1419 2882 μὲν
1448 2814 1545 2883 τῆς
1573 2816 1904 2886 ἐμφαινομέ-

321 2913 421 2965 νης
457 2897 534 2967 τῷ
575 2900 736 2952 παντὶ
776 2902 982 2968 σοφίας,
1029 2903 1190 2971 σοφὸν
1237 2899 1376 2957 εἶναι
1418 2904 1507 2957 τὸν
1559 2906 1652 2958 τοῦ
1706 2908 1903 2971 παντὸς

320 2987 715 3043 ἐπιστατοῦντα
749 2994 1066 3063 ἐνοήσαμεν.
1111 2994 1209 3047 Διὰ
1245 2994 1301 3047 δὲ
1343 2995 1440 3063 τῇς
1472 2994 1581 3047 τῶν
1610 2996 1902 3067 θαυμάτων

322 3080 743 3152 μεγαλουργίας,
773 3085 1053 3154 δυνάμεως
1100 3086 1335 3156 ἔμφασιν
1378 3086 1693 3158 ἐδεξάμεθα.
1734 3090 1806 3141 Τὸ
1848 3090 1903 3143 δὲ

320 3171 381 3237 ἐξ
416 3175 623 3228 ἐκείνου
673 3177 732 3230 rb
779 3180 886 3231 πᾶν
919 3178 1146 3249 ὲξῆφθαι
1184 3179 1473 3244 πιστεύειν,
1508 3180 1600 3233 τοῦ
1635 3180 1902 3252 μηδεμίαν

319 3266 486 3319 αὑτοῦ
542 3269 638 3339 τῆς
695 3268 981 3341 ὑπάρξεως
1047 3270 1223 3325 αἰτίαν
1279 3267 1418 3325 εἶναι
1467 3274 1760 3343 τεκμήριον
1818 3274 1902 3343 γί-

318 3374 489 3414 νεται.

2009 1907 2132 1969 bus,
2166 1907 2211 1962 si
2248 1905 2395 1960 nulla
2462 1902 2761 1958 secundum
2816 1900 3184 1972 signiﬁcatum
3228 1899 3531 1954 diﬁ'erentia
3571 1914 3603 1952 a

2011 2014 2070 2054 se
2098 1997 2397 2067 distinguat
2432 1994 2681 2048 nomina.
2713 1993 2848 2058 Quis
2886 1994 2958 2045 ita
3010 1992 3265 2061 stupidus
3311 1996 3366 2045 et
3398 1990 3600 2044 attoni-

2010 2096 2121 2153 tus,
2163 2096 2224 2143 ut
2260 2088 2495 2158 ignoret,
2544 2084 2688 2155 quod
2730 2084 2910 2138 divina
2935 2083 3151 2153 quidem
3184 2091 3376 2138 natura
3406 2097 3603 2139 secun-

2010 2181 2139 2235 dum
2169 2178 2467 2236 essentiam
2498 2176 2762 2247 quidquid
2793 2183 3031 2237 est,.una
3066 2181 3170 2237 est,
3202 2174 3432 2244 simplex
3452 2188 3602 2243 qua:-

2011 2272 2134 2327 dam
2191 2278 2244 2326 et
2275 2268 2584 2331 uniformis,
2645 2275 2696 2321 et
2740 2266 3125 2336 incomposita,
3194 2273 3247 2319 et
3299 2279 3419 2334 qum
3450 2264 3598 2317 nullo

2011 2363 2171 2418 modo
2199 2364 2255 2417 in
2283 2362 2462 2431 aliqua
2486 2359 2636 2414 varia
2659 2358 3009 2413 concretione
3035 2364 3323 2422 cernatur,
3350 2356 3598 2409 humana

2011 2465 2190 2511 autem
2223 2454 2405 2507 anima
2458 2449 2610 2504 humi
2662 2449 2851 2519 jacens
2886 2460 2937 2504 et
2969 2449 3069 2502 hac
3101 2456 3319 2502 terrena
3355 2448 3465 2501 vita
3500 2448 3600 2501 ob-

2011 2555 2156 2609 ruta,
2190 2545 2315 2615 quia
2344 2561 2452 2599 non
2480 2544 2655 2614 possit
2683 2542 2829 2614 quod
2858 2541 3118 2611 quaeritur
3171 2542 3318 2594 clare
3372 2547 3426 2593 et
3457 2538 3600 2593 dilu-

2011 2637 2131 2694 cide
2171 2637 2500 2707 perspicere,
2533 2635 2724 2690 multis
2761 2634 2970 2688 notitiis
2995 2631 3319 2687 ineliahilem
3346 2637 3598 2685 naturam

2012 2727 2197 2782 multis
2228 2725 2405 2781 modis
2442 2732 2496 2780 et
2531 2725 2889 2779 multifariam
2941 2725 3164 2793 expetit,
3215 2738 3324 2777 non
3361 2737 3469 2776 una
3500 2721 3600 2775 ali-

2010 2835 2116 2889 qua
2175 2817 2560 2885 intelligentia,
2623 2817 2768 2887 quod
2832 2817 3150 2870 abstrusum
3211 2824 3317 2879 est,
3366 2828 3595 2869 venans.

2010 2909 2143 2962 Nam
2176 2924 2307 2964 sane
2334 2907 2513 2965 facilis
2553 2917 2699 2965 esset
2731 2907 3182 2977 comprehensio,
3229 2908 3275 2961 si
3306 2920 3449 2960 unus
3473 2904 3599 2977 qui-

2010 2999 2132 3053 dam
2168 2999 2325 3053 nobis
2356 2999 2422 3052 ad
2458 2998 2699 3054 divinam
2727 2997 3114 3067 cogitationem
3148 2996 3326 3051 aditus
3348 3005 3597 3050 secretus

2010 3096 2178 3144 esset.
2239 3089 2397 3143 Nunc
2454 3096 2637 3142 autem
2699 3103 2795 3156 per
2827 3095 3179 3157 apparentem
3230 3086 3284 3140 in
3340 3085 3599 3142 universo

2008 3181 2138 3234 orbe
2165 3179 2514 3248 sapientiam,
2549 3177 2602 3232 id
2633 3177 2855 3246 sapiens
2874 3176 3154 3245 essequod
3176 3177 3433 3232 universo
3462 3166 3599 3246 prai-

2008 3271 2167 3332 sidet,
2189 3270 2578 3325 intelleximus.
2602 3267 2706 3322 Sed
2728 3283 2822 3338 per
2842 3268 3171 3321 mirabilium
3193 3267 3596 3323 miriﬁcentiam

2009 3361 2267 3433 potentia:
2300 3360 2763 3430 signiﬁcationem
2788 3360 3127 3429 accepimus.
3185 3358 3258 3412 Ex
3282 3360 3376 3413 illo
3411 3367 3596 3413 autem

317 3449 633 3506 universum
662 3453 895 3520 pendere
924 3452 1069 3522 quod
1093 3451 1405 3518 credamus,
1436 3454 1804 3510 certissimum
1830 3454 1889 3509 ﬁt
1921 3461 2328 3524 argumentum,
2368 3452 2572 3506 nullam
2638 3467 2762 3507 esse
2822 3450 2944 3519 ejus
2972 3452 3310 3507 exsistentiae
3340 3466 3592 3507 causam.

389 3541 557 3594 Πάλιν
583 3542 643 3595 τὸ
665 3542 945 3612 βδελυκτὸν
972 3543 1069 3608 τῆς
1102 3544 1298 3607 κακίας
1326 3545 1637 3615 νοήσαντες,
1658 3546 1717 3600 rb
1739 3546 1903 3600 ἀναλ-

314 3631 536 3685 λοίωτον
576 3633 738 3687 αὑτοῦ
786 3634 881 3687 καὶ
924 3635 1122 3704 ἀμιγὲς
1154 3635 1291 3706 πρὸς
1318 3636 1515 3690 κακίαν
1553 3638 1904 3709 καταλαμϐά-

315 3740 502 3794 νομεν,
528 3726 626 3795 τήν
656 3743 713 3778 τε
741 3724 831 3778 τοῦ
867 3726 1094 3779 Θανάτου
1136 3727 1432 3801 διαφθοράν
1464 3728 1648 3783 κακῶν
1678 3729 1903 3799 ἔσχατον

315 3810 455 3867 εἶναι
501 3816 817 3886 νομίσαντες
840 3856 855 3878 ,
904 3818 1170 3872 ἀθάνατόν
1226 3835 1286 3871 τε
1338 3820 1433 3872 καὶ
1490 3819 1766 3889 ἄφθαρτον
1813 3821 1903 3874 τὸν

314 3905 593 3975 ἀλλότριον
620 3906 817 3969 παντὸς
857 3905 1097 3959 τοιούτου
1138 3908 1408 3979 νοήματος
1437 3910 1817 3979 ὠνομάσαμεν,
1842 3911 1903 3963 οὐ

311 3996 376 4050 rb
407 3997 762 4067 ὑποκείμενον
800 4002 919 4063 ταῖς
960 3999 1190 4064 ἐννοίαις
1227 4000 1450 4064 ταύταις
1500 3998 1903 4073 συνδιασχὶζον·

309 4107 425 4153 τες,
451 4090 565 4144 ἀλλ’
590 4091 686 4144 bri
718 4108 845 4145 ποτε
881 4094 999 4146 κατ’
1031 4093 1216 4147 οὑσίαν
1249 4093 1417 4156 ἐστὶν,
1460 4094 1522 4147 ἓν
1566 4089 1701 4148 εἶναι
1740 4112 1903 4148 πεπι-

312 4180 625 4244 στευκότες,
667 4180 801 4251 πρὸς
840 4181 1019 4245 πάσας
1066 4181 1163 4245 τὰς
1206 4181 1457 4245 τοιαύτας
1500 4183 1797 4254 ὑπολήψεις
1842 4186 1904 4236 τὸ

308 4270 504 4340 νοηθὲν
537 4270 744 4334 οίκείως
781 4271 923 4342 ἔχειν
970 4272 1366 4343 ὑπειλήφαμεν.
1401 4275 1491 4327 Οὑν
1518 4274 1628 4346 γὰρ
1670 4275 1902 4345 μάχεται

312 4362 451 4431 πρὸς
493 4362 692 4433 ἄλληλα
745 4363 814 4417 τὰ
855 4365 1092 4434 ὀνόματα
1139 4366 1278 4419 κατὰ
1315 4365 1412 4437 τὴν
1457 4366 1563 4419 τῶν
1607 4366 1898 4420 ἀντιθέτων

2072 3545 2286 3599 Rursus
2311 3543 2774 3598 abominationem
2805 3547 2859 3595 et
2889 3543 3323 3597 exsecrationem
3381 3542 3594 3612 peccati

2004 3652 2131 3691 cum
2170 3638 2685 3699 animadvertimus,
2740 3633 3242 3689 incommutabilem
3279 3632 3398 3702 ejus
3424 3640 3586 3686 natu-

2001 3744 2118 3783 ram
2158 3736 2211 3783 et
2238 3728 2307 3783 ab
2346 3726 2494 3781 omni
2522 3725 2645 3781 labe
2668 3725 2880 3794 peccati
2910 3734 3212 3794 separatam
3241 3723 3598 3794 comprehen-

2001 3819 2206 3881 dimus,
2245 3826 2299 3873 ct
2361 3818 2559 3875 mortis
2616 3817 2916 3886 perniciem
2968 3816 3237 3869 malorum
3286 3825 3593 3870 extremum

2007 3911 2281 3975 arbitrati,
2334 3909 2699 3964 immortalem
2736 3917 2790 3963 et
2832 3906 3327 3977 incorruptibilem,
3354 3907 3592 3961 alienum

2005 4001 2075 4055 ab
2097 4000 2245 4055 omni
2276 4000 2406 4054 mali
2435 4000 2659 4055 notione
2689 3999 3115 4064 nominavimus,
3148 4012 3258 4079 non
3286 3996 3594 4066 subjectum

2006 4091 2092 4147 his
2115 4092 2324 4147 notitiis
2352 4078 2753 4159 diseindenteé,
2775 4091 2869 4147 scd
2896 4089 3043 4160 quod
3075 4078 3375 4145 secundum
3397 4103 3594 4142 essen-

2002 4184 2134 4237 tiam
2165 4190 2270 4245 est,
2308 4198 2478 4238 unum
2510 4198 2633 4239 esse
2662 4183 2973 4250 credentes,
3002 4182 3053 4235 id
3076 4181 3220 4250 quod
3252 4181 3592 4234 intellectum

2004 4283 2110 4339 est,
2151 4273 2357 4343 aliquid
2387 4274 2595 4343 proprii
2644 4274 2842 4329 habere
2875 4289 2997 4327 eum
3026 4270 3277 4327 omnibus
3312 4271 3461 4325 hisce
3490 4285 3592 4324 no-

2006 4366 2250 4420 tionibus
2285 4366 2746 4421 existimavimus.
2778 4364 2900 4419 Non
2936 4363 3081 4419 enim
3111 4364 3254 4418 inter
3285 4378 3343 4418 se
3369 4363 3592 4418 nomina

310 4452 382 4521 φύ
395 4469 493 4516 τιν,
519 4453 592 4516 ὼς
629 4456 676 4506 εἰ
716 4454 776 4507 rb
815 4454 873 4508 ἓν
903 4456 1155 4525 ὑπάρχει,
1193 4456 1266 4527 μὴ
1294 4457 1359 4511 ἂν
1386 4457 1462 4528 τῷ
1494 4458 1641 4527 αὑτῷ
1667 4458 1899 4512 συνθεω-

2008 4465 2270 4527 pugnant,
2331 4455 2637 4511 secundum
2683 4455 3060 4524 oppositorum
3113 4462 3390 4517 naturam,
3449 4454 3590 4510 utsi

310 4545 545 4617 ρηθῆναι
587 4547 646 4600 τὸ
684 4548 902 4618 ἕτερον·
937 4549 1013 4612 ὼς
1039 4550 1138 4603 οὑκ
1181 4550 1450 4619 ἐνδέχεται
1477 4551 1619 4622 ζωὴν
1646 4551 1762 4622 ἅμα
1803 4552 1897 4605 καὶ

307 4636 538 4690 θάνατον
564 4639 690 4707 περὶ
719 4639 808 4692 τὸν
835 4640 996 4693 αὑτὸν
1035 4642 1306 4711 νοηθῆναι,
1338 4641 1473 4695 ἀλλὰ
1498 4643 1719 4715 τοιαύτη
1750 4646 1897 4697 ἐστὶν

307 4730 540 4783 ἑκάστου
584 4730 690 4783 τῶν
735 4731 827 4783 ἐπὶ
876 4732 975 4800 τῆς
1033 4732 1180 4795 θείας
1232 4732 1445 4802 φύσεως
1502 4734 1808 4805 λεγομένων
1861 4739 1894 4808 ή

305 4821 564 4891 ἔμφασις,
590 4820 728 4874 ὥστε
755 4823 855 4875 κᾶν
889 4822 1064 4895 ίδιάζῃ
1090 4823 1167 4893 τῷ
1196 4826 1597 4896 σημαινομένῳ,
1628 4828 1896 4898 μηδεμίαν

307 4913 481 4983 ἴσχειν
514 4912 651 4983 πρὸς
674 4914 736 4966 τὸ
783 4914 1273 4986 συνονομαζόμενον
1310 4917 1642 4972 ἐναντίωσιν.
1684 4919 1749 4971 Τί
1786 4919 1895 4991 γὰρ

307 5001 643 5057 ἐναντιοῦται
676 5003 754 5074 τῷ
795 5004 1076 5076 ἀσωμάτῳ
1122 5005 1183 5059 τὸ
1228 5006 1455 5071 δίκαιον,
1505 5008 1606 5063 κᾶν
1649 5009 1722 5081 μὴ
1758 5028 1894 5082 συμ-

304 5094 467 5168 ϐαίνῃ
512 5094 650 5175 κατὰ
690 5097 787 5166 τὴν
828 5096 1033 5149 ἔννοιαν
1071 5097 1319 5167 ἀλλήλοις
1350 5098 1416 5152 τὰ
1454 5101 1701 5171 ρἡατα;
1730 5103 1893 5156 Ποίαν

300 5184 357 5237 δὲ
392 5184 574 5254 μάχην
616 5186 648 5254 ἡ
691 5184 964 5254 ἀγαθότης
990 5185 1103 5254 ἔχει
1147 5185 1282 5256 πρὸς
1324 5186 1386 5239 τὸ
1418 5186 1675 5255 ἀόρατον;
1706 5187 1893 5251 Οὕτως

301 5273 425 5325 οὐδὲ
459 5273 518 5325 rb
547 5273 715 5326 ἀΐδιον
748 5274 844 5343 τῆς
879 5274 1027 5337 θείας
1060 5275 1204 5344 ζωῆς
1232 5275 1436 5339 διπλοῖς
1465 5276 1688 5347 ὀνόμασί
1713 5295 1770 5329 τε
1799 5279 1892 5330 καὶ

301 5365 539 5435 νοήμασι
566 5365 993 5436 γνωριζόμενον,
1025 5365 1119 5436 τῷ
1147 5367 1487 5437 ἀτελευτήτῳ
1536 5368 1629 5420 καὶ
1677 5368 1753 5438 τῷ
1799 5370 1891 5421 ἁν-

304 5456 458 5526 άρχῳ
483 5496 498 5517 ,
540 5460 607 5527 τῇ
649 5457 880 5527 διαφορᾷ
921 5457 1030 5509 τῶν
1082 5457 1358 5525 ὀνομάτων
1413 5457 1849 5528 συνδιατέμνεται
1873 5478 1885 5491 '

302 5548 396 5601 καὶ
436 5547 557 5599 οὐδὲ
588 5548 783 5601 ταύτόν
824 5549 939 5601 ἐστι
983 5548 1059 5619 τῷ
1093 5548 1263 5619 ἑτέρῳ
1293 5549 1432 5603 κατὰ
1471 5549 1569 5620 τὴν
1616 5551 1887 5621 σημασίαν

298 5639 355 5688 τὲ
388 5637 574 5711 ἕτερον
609 5637 796 5708 ὄνομα.
830 5638 903 5690 Τὸ
943 5639 1040 5709 μὲν
1088 5638 1195 5709 γάρ
1240 5639 1338 5709 τὴν
1379 5640 1477 5708 τῆς
1523 5641 1715 5711 ἀρχῆς,
1747 5640 1808 5694 rb
1830 5640 1885 5692 δὲ

300 5726 398 5799 τὴν
423 5728 518 5783 τοῦ
550 5728 735 5794 τέλους
779 5730 1130 5801 ἀλλοτρίωσιν
1178 5730 1399 5795 ἔδειξενο
1448 5730 1570 5785 οὔτε
1620 5733 1883 5802 μερισμόν

2003 4564 2171 4602 unum
2226 4549 2405 4607 adest,
2457 4560 2565 4599 non
2596 4546 2650 4599 in
2685 4544 2877 4599 eodem
2929 4543 3268 4613 intelligatur
3301 4543 3533 4595 alterum
3570 4562 3583 4598 :

2001 4643 2145 4695 sicut
2170 4639 2224 4692 in
2249 4638 2439 4693 eodem
2470 4638 2638 4690 vitam
2673 4635 2837 4689 simul
2876 4642 2929 4689 et
2957 4642 3186 4688 mortem
3218 4633 3445 4703 intelligi
3469 4647 3582 4687 non

1998 4732 2285 4801 contingit,
2314 4730 2411 4786 sed
2449 4729 2578 4784 talis
2605 4736 2690 4784 est
2718 4726 3157 4796 uniuscujusque
3184 4741 3373 4781 eorum
3411 4726 3588 4780 nomi-

1998 4837 2127 4875 num
2162 4835 2283 4889 qute
2336 4821 2401 4874 de
2445 4820 2629 4874 divina
2678 4829 2874 4873 natura
2910 4817 3172 4871 dicuntur
3228 4814 3605 4885 signiﬁcatio,

2004 4921 2065 4967 ut
2106 4914 2321 4968 tametsi
2348 4912 2658 4983 signiﬁcatu
2692 4917 3003 4981 separatum
3028 4910 3123 4974 sit,
3160 4910 3366 4964 nullam
3398 4918 3584 4965 tamen

1997 5006 2260 5060 adversus
2294 5003 2442 5058 aliud
2471 5003 2617 5073 quod
2650 5003 2815 5058 simul
2840 5017 2966 5056 cum
2996 5016 3063 5056 eo
3111 5003 3451 5066 nominatur,
3486 5002 3585 5054 lia-

1995 5084 2121 5152 beat
2154 5096 2620 5150 contrarietatem.
2647 5093 2788 5159 Quid
2821 5095 2966 5149 enim
3016 5094 3341 5164 incorporeo
3390 5092 3586 5145 adrer-

1995 5195 2149 5241 satur
2166 5187 2399 5256 justum,
2424 5187 2525 5242 etsi
2563 5186 2705 5240 inter
2729 5201 2787 5239 sc
2810 5185 3114 5240 secundum
3146 5184 3393 5240 notitiam
3418 5180 3581 5235 verba

1994 5294 2100 5334 non
2128 5278 2496 5335 conveniant?
2533 5277 2706 5345 Quam
2742 5287 2923 5332 autem
2958 5277 3119 5331 habet
3148 5290 3272 5328 eum
3309 5269 3578 5324 invisibili

1992 5372 2405 5442 repugnantiam
2433 5370 2691 5426 bonitas?
2723 5370 2814 5424 Sic
2845 5384 3021 5437 neque
3043 5366 3241 5420 divina:
3268 5362 3391 5416 vitae
3419 5371 3581 5416 teter-

1992 5460 2245 5524 ternitas,
2279 5460 2406 5516 licet
2436 5461 2651 5515 duobus
2685 5459 3002 5513 nominibus
3025 5465 3079 5510 et
3129 5454 3452 5511 notionibus
3486 5456 3576 5509 di-

1992 5553 2403 5622 gnoscatur,ab
2429 5567 2495 5606 eo
2543 5550 2688 5620 quod
2756 5547 3047 5603 terminum
3101 5563 3208 5602 non
3263 5546 3464 5610 habet,
3521 5556 3578 5602 et

1991 5642 2263 5711 principio
2321 5652 2493 5707 caret,
2538 5639 2821 5693 nominum
2876 5636 3180 5691 diﬂ'erentia
3209 5635 3575 5703 discinditur;

1988 5746 2165 5802 neque
2190 5732 2331 5787 idem
2360 5741 2444 5788 est
2473 5746 2596 5786 cum
2622 5729 2792 5784 altero
2819 5727 3118 5784 secundum
3152 5726 3575 5801 signiﬁcanttam
