4056 6146
577 267 705 325 ιθἩ

1822 273 1880 328 S.
1923 271 2254 330 GREGORII
2289 275 2579 333 NYSSENI

3634 297 3733 352 101?.

567 393 796 445 alterum
834 401 1054 442 nomen.
1120 385 1234 442 lloc'
1263 389 1480 459 quidem
1522 391 1798 460 principii,
1837 394 1969 447 illud
2024 409 2113 446 ver

2209 396 2373 455 iuvat
2419 399 2511 451 τοῦ
2562 401 2979 472 ὑποκειμένοιδὴ
3026 401 3132 454 τῶν
3177 403 3742 482 ὲπιθεωρουμὲνωναὺτῷ

566 478 688 532 ﬁnis
718 477 1102 532 alienationem
1136 479 1418 546 ostendit;
1459 497 1634 550 neque
1678 484 2019 551 partitionem
2046 485 2144 537 ali-

560 582 724 637 quam
753 568 987 638 subjecti
1023 569 1264 638 ipsorum
1313 573 1616 636 nominmn,
1644 589 1766 644 qua:
1793 561 1845 629 in
1878 591 1943 630 eo
1968 577 2147 632 consi-

558 661 844 724 derantur,
881 661 1185 716 diﬁerentia
1215 665 1574 732 praestruxit;

632 754 756 810 llam
787 757 1003 825 quidem
1026 766 1155 810 sunt
1178 773 1298 828 qua:
1331 773 1359 811 a
1384 759 1541 813 nobis
1562 759 1840 828 dicuntur;
1866 779 1985 832 quae
2015 780 2143 819 vero

560 847 629 902 ab
662 846 978 902 adversario
1007 857 1220 912 nostro,
1245 850 1546 905 secundum
1574 851 1748 922 ipsam
1775 855 2037 910 dictionis
2068 858 2144 910 lo-

561 937 854 1000 cutionem,
892 939 1020 993 talia
1055 948 1202 1004 sunt,
1243 947 1301 994 ut
1352 942 1560 994 nullum
1595 958 1660 996 ex
1707 946 2140 1002 ratiocinationi-

558 1029 661 1085 bus
693 1030 954 1084 auxilium
991 1030 1244 1097 habeant,
1293 1047 1416 1087 cum
1441 1033 1659 1090 interim
1686 1036 1804 1106 ipse
1829 1040 2138 1111 prodigiose

555 1137 716 1177 voces
746 1124 1058 1192 hujusmodi
1094 1136 1414 1196 arrogantes
1451 1145 1615 1184 sensu
1671 1132 1818 1185 omni
1865 1142 2133 1200 carentes,

555 1216 609 1269 iu
666 1218 1032 1271 membrorum
1083 1227 1138 1272 et
1203 1219 1550 1288 periodorum
1603 1222 1773 1292 ﬁgura
1815 1231 2017 1280 temere
2071 1242 2135 1281 ac

556 1307 784 1363 fortuito
809 1322 1060 1382 exspuat.
1106 1311 1381 1367 Dictorum
1412 1325 1593 1370 autem
1636 1317 1756 1386 ejus
1787 1316 1876 1372 hic
1932 1317 2132 1390 seopus

552 1409 675 1455 est:
725 1403 928 1455 nullam
982 1419 1106 1458 esse
1139 1405 1480 1461 diversorum
1519 1410 1801 1463 nominum
1829 1413 2129 1466 secundum

552 1491 981 1562 signiﬁcationes
1017 1494 1400 1559 dilferentiatn,
1438 1507 1495 1552 ut
1541 1500 1744 1569 aliquid
1788 1516 1976 1555 eorum
2009 1518 2130 1572 qua:

550 1600 658 1638 non
694 1586 880 1640 insunt
937 1587 1042 1658 ipsi
1101 1589 1398 1644 attribuere
1441 1591 1740 1646 videamur.
1793 1592 1932 1647 Nam
1985 1612 2125 1658 cum,

551 1671 863 1748 inquit,r-eri
889 1697 1151 1735 sermones
1184 1698 1249 1736 ex
1276 1684 1524 1751 subjectis
1552 1695 1599 1738 et
1624 1687 1940 1755 signiﬁcatis
1972 1689 2123 1743 rebus

539 1765 804 1840 judicium
849 1783 1083 1840 sumant,
1144 1785 1192 1829 et
1245 1775 1353 1830 alia
1411 1777 1532 1832 aliis
1585 1778 1739 1833 rebus
1793 1783 2122 1850 conveniant,

547 1864 680 1917 sicut
712 1866 969 1920 eteadem
1022 1867 1231 1934 iisdem,
1288 1873 1584 1925 necessario
1633 1881 1836 1942 oportet
1900 1874 2126 1928 duorum

547 1951 773 2005 alterum
801 1972 931 2019 esse,
966 1957 1042 2010 vel
1073 1975 1177 2011 rem
1202 1976 1317 2028 qua:
1370 1961 1674 2016 declaratur
1709 1965 2124 2030 prorsusdirer-

545 2061 682 2108 sum,
717 2045 792 2099 uel
815 2064 975 2118 neque
1019 2052 1309 2103 oralionem
1344 2070 1460 2122 qua:
1499 2071 1607 2108 rem
1660 2055 1895 2110 declarat
1954 2056 2126 2111 direr-

545 2153 679 2190 sam.
716 2135 839 2192 lla3c
896 2150 948 2192 et
987 2141 1090 2194 alia
1124 2143 1292 2197 multa
1329 2145 1395 2197 ad
1442 2147 1705 2215 prepositi
1735 2148 1887 2219 secpi
1944 2159 2124 2205 astru-

545 2230 782 2297 ctionem
835 2234 1200 2302 persequitur,
1246 2244 1532 2307 postquam
1563 2241 1828 2295 orationis
1857 2243 2120 2311 quasdam

548 2324 858 2392 relationes,
889 2337 941 2380 et
956 2328 1346 2396 appositioncs,
1363 2340 1414 2384 et
1433 2330 1690 2400 speciem,
1709 2341 1762 2386 et
1783 2338 2119 2400 mensuram,

541 2423 594 2470 et
622 2427 851 2486 partem,
878 2425 933 2473 ct
967 2428 1196 2489 tempus,
1230 2431 1282 2475 et
1315 2421 1494 2476 locum
1518 2423 1573 2477 in
1601 2426 1835 2480 medium
1868 2428 2117 2497 protulit,

541 2515 599 2561 ut
631 2525 726 2578 per
754 2511 948 2566 horum
977 2513 1548 2578 substractiones,sive
1563 2517 1910 2588 exceptiones
1934 2535 2120 2576 essen-

541 2602 629 2655 tia:
655 2603 942 2657 iudicatrix
974 2605 1269 2676 ἀγεννησῖα
1295 2608 1405 2660 ﬁat.
1443 2607 1616 2678 Hujus
1644 2617 1824 2665 autem
1850 2613 2117 2667 astructio

537 2692 606 2747 ad
639 2693 782 2746 hunc
815 2709 873 2748 se
901 2693 1061 2748 habet
1083 2697 1300 2748 modum
1329 2713 1345 2763 ;
1372 2712 1487 2749 mea
1514 2708 1692 2751 autem
1725 2699 1962 2755 dictione
1993 2717 2119 2756 sen-

537 2785 760 2838 tentiam
783 2771 1108 2856 exprimam.
1140 2786 1257 2842 Non
1291 2791 1434 2843 aliud
1461 2793 1613 2862 quid,
1645 2795 1844 2863 inquit,
1879 2806 1963 2851 cst
2005 2799 2114 2867 vita

533 2888 700 2942 quam
762 2875 1023 2940 essentia,
1068 2894 1134 2932 ne
1166 2879 1346 2948 aliqua
1399 2884 1723 2952 compositio
1773 2886 1826 2939 in
1880 2888 2115 2958 simplici

534 2976 729 3020 natura
769 2967 1125 3038 intelligatur,
1174 2971 1308 3026 inid
1337 2975 1479 3044 quod
1537 2978 1825 3049 participat
1855 2990 1908 3035 et
1967 2982 2112 3052 quod

2250 488 2526 559 ὀνομάτων
2553 491 2786 561 διαφορά
2817 493 3212 562 παρεσκεύασε.

2315 753 2394 806 Τὰ
2431 755 2527 823 μὲν
2555 754 2618 826 δὴ
2647 757 2773 826 παρ’
2801 757 2960 826 ἡμῶν
2991 759 3178 825 ταῦτα,
3204 761 3269 814 τὰ
3299 762 3351 814 δὲ
3390 763 3525 836 παρά
3560 767 3638 820 τοῦ
3668 787 3742 824 πο-

2243 844 2532 914 λεμοῦντος
2564 849 2692 917 ἡμῖν
2722 851 2839 902 κατ’
2871 850 3039 921 αὐτὴν
3070 851 3164 921 μὲν
3197 855 3292 922 τὴν
3318 855 3409 924 τῆς
3435 855 3607 923 λέξεως
3639 860 3743 930 σύμ-

2242 956 2461 1011 φρασιν,
2517 940 2743 995 τοιαῦτά
2800 941 2968 1005 ἐστιν,
3019 941 3094 1004 ὡς
3147 943 3403 1014 μηδεμίαν
3458 947 3543 1016 τὴν
3577 949 3628 1000 ἐκ
3663 951 3744 1003 τῶν

2239 1033 2514 1104 λογισμῶν
2563 1034 2878 1104 συμμαχίαν
2941 1035 3084 1104 ἔχειν
3107 1075 3121 1096 ,
3169 1036 3456 1101 ἀλλοκότως
3496 1039 3634 1093 αὐτοῦ
3671 1043 3745 1106 τὰς

2237 1125 2492 1188 τοιαύτας
2521 1123 2855 1195 στομφώδεις
2896 1127 2988 1178 καὶ
3029 1125 3369 1197 ἀδιανοήτως
3404 1129 3568 1198 φωνὰς
3595 1133 3640 1184 ἐν
3666 1133 3746 1184 κώ.

2235 1214 2341 1269 λων
2363 1215 2456 1267 καὶ
2484 1215 2746 1284 περιόδων
2769 1217 3010 1287 σχήματι
3040 1218 3175 1288 πρὸς
3195 1217 3254 1271 τὸ
3276 1219 3476 1290 συμϐὰν
3505 1222 3748 1275 ἀποπτύον-

2234 1323 2345 1370 τος.
2387 1306 2446 1358 Ὀ
2492 1305 2548 1358 δὲ
2600 1307 2799 1371 σκοπὸς
2847 1307 2955 1361 τῶν
2999 1309 3302 1383 λεγομένων
3348 1301 3491 1376 οῦτός
3535 1316 3663 1365 ἐστι’
3705 1312 3748 1364 εδ

2236 1399 2506 1469 μηδεμίαν
2552 1395 2690 1453 εἶναι
2740 1400 2847 1453 τῶν
2901 1400 3159 1454 ποικίλων
3213 1402 3480 1473 ὀνομάτων
3520 1405 3639 1457 κατὰ
3676 1404 3749 1466 τὰς

2230 1492 2495 1562 ἐμφάσεις
2527 1491 2809 1563 διαφορὰν,
2832 1491 2910 1562 τῷ
2951 1510 3003 1546 τι
3039 1494 3148 1548 τῶν
3176 1495 3234 1548 οὐ
3268 1496 3556 1567 προσόντων
3581 1497 3747 1566 δοκοίη-

2233 1602 2352 1656 μεν.
2403 1584 2524 1638 Τῶν
2556 1585 2664 1655 γὰρ
2693 1584 2955 1652 ἀληθῶν,
2990 1586 3123 1657 φησὶ
3144 1627 3158 1650 ,
3207 1589 3400 1657 λόγων
3425 1588 3488 1641 ὲκ
3519 1587 3622 1642 τῶν
3643 1592 3749 1642 ὑπο·

2229 1677 2516 1745 κειμένων
2539 1677 2636 1730 καὶ
2671 1676 3057 1746 δηλουμένων
3095 1677 3445 1748 πραγμάτων
3472 1681 3749 1748 λαμϐανόν-
3823 1678 3830 1690 ⁸

2231 1784 2346 1820 των
2375 1767 2490 1836 τὴν
2516 1768 2839 1835 ἐπίκρισιν,
2875 1768 2972 1821 καὶ
3021 1767 3141 1821 τῶν
3186 1770 3398 1837 ἐτέρων
3424 1771 3621 1838 ἑτέροις
3642 1769 3753 1837 πινά-

2228 1873 2411 1926 γμασι
2441 1847 2987 1928 συνάρμοζομένων,
3010 1859 3216 1930 ὥσπερ
3244 1858 3325 1915 αὖ
3357 1862 3449 1914 καί
3473 1863 3577 1916 τῶν
3599 1860 3753 1915 αὐτῶν

2227 1949 2352 2014 τοῖς
2382 1949 2602 2017 αὐτοῖς,
2636 1951 2703 2015 ἐξ
2731 1950 3000 2020 ἀνάγκης
3033 1951 3130 2005 δεῖ
3164 1953 3336 2007 δυοῖν
3359 1950 3499 2007 εἶναι
3537 1951 3753 2020 θάτερον,

2226 2050 2265 2119 ἢ
2297 2051 2393 2104 καὶ
2423 2051 2487 2103 τὸ
2527 2049 2764 2119 πρᾶγμα
2801 2049 2867 2102 τό
2901 2050 3282 2120 δηλούμενον
3319 2051 3542 2117 πάντως
3574 2049 3752 2118 ἕτερον,

2225 2145 2264 2210 ’ἢ
2292 2143 2446 2212 μηδὲ
2491 2142 2599 2196 τὸν
2627 2142 2931 2210 δηλοῦντα
2976 2146 3184 2212 λόγον,
3235 2143 3453 2212 ἕτερον.
3499 2141 3657 2195 Ταῦτα
3685 2141 3757 2193 καὶ

2225 2234 2396 2288 πολλὰ
2441 2235 2534 2288 ἐπὶ
2571 2235 2779 2299 τούτοις
2817 2235 2951 2289 ἄλλα
2993 2236 3222 2289 τοιαῦτα
3273 2237 3407 2304 πρὸς
3434 2235 3523 2306 τὴν
3544 2234 3624 2287 τοῦ
3653 2249 3757 2302 προ-

2223 2325 2467 2390 τεθέντος
2507 2319 2898 2398 αὐτῷσκοποῦ
2943 2329 3294 2398 κατασκευὴν
3335 2328 3656 2400 διεξέρχεται,
3688 2327 3758 2377 ἐκ-

2223 2417 2400 2470 ϐαλὼν
2432 2417 2525 2471 τοῦ
2552 2419 2707 2488 λόγου
2742 2420 2954 2490 σχέσεις
2991 2420 3167 2484 τινὰς,
3200 2422 3295 2476 καὶ
3343 2420 3660 2491 παραθέσεις,
3687 2418 3756 2469 κει

2222 2509 2382 2573 εἶδος,
2411 2510 2500 2563 καὶ
2531 2512 2746 2581 μέτρον,
2771 2513 2863 2564 καὶ
2891 2511 3074 2583 μέρος,
3106 2513 3204 2566 καὶ
3230 2512 3440 2585 χρόνον,
3470 2512 3555 2564 καὶ
3579 2511 3758 2582 τρόπον,

2219 2601 2294 2664 ὡς
2325 2601 2412 2654 διὰ
2439 2601 2540 2672 τῆς
2575 2603 2778 2657 τούτων
2823 2601 3231 2679 ὑπεξαιρέσεως
3271 2607 3368 2676 τῆς
3411 2605 3584 2665 οὐσίας
3630 2601 3760 2654 ἐνδει-

2221 2691 2413 2764 κτικὴν
2464 2693 2560 2763 τὴν
2605 2695 2928 2764 ἀγεννησίαν
2973 2697 3252 2764 γενέσθαι.
3311 2699 3374 2750 Ἦ
3415 2697 3468 2751 δὲ
3504 2692 3759 2762 κατασκευὴ

2219 2781 2406 2835 τοῦτον
2455 2782 2682 2852 ἔχειτὸν
2725 2785 2954 2856 τρόπον’
3006 2783 3150 2850 λέξω
3198 2787 3256 2840 δὲ
3289 2790 3355 2858 τῇ
3396 2784 3613 2856 ἐμαυτοῦ
3649 2782 3761 2846 λέξει

2203 2871 2278 2945 ¹’τὸ
2309 2872 2509 2944 νόημα.
2543 2874 2655 2926 Οὐκ
2684 2875 2810 2928 ἄλλο
2847 2893 2918 2936 τι.
2946 2877 3135 2947 φησιν,
3175 2877 3213 2944 ἡ
3247 2879 3360 2952 ζωὴ
3401 2879 3542 2950 παρὰ
3577 2876 3661 2947 τὴν
3693 2874 3760 2926 0'3-

2221 2964 2342 3019 σίαν
2384 2965 2549 3032 ἐστὶν,
2583 2967 2658 3028 ὡς
2684 2966 2748 3021 ἂν
2788 2968 2860 3038 μή
2896 2986 2976 3032 τις
3015 2969 3274 3035 σύνθεσις
3327 2973 3451 3043 περὶ
3500 2971 3590 3042 τὴν
3624 2967 3763 3032 ἁπλῆν

534 3057 894 3127 participatur
923 3060 1146 3116 notione
1170 3063 1363 3119 divisa.
1392 3064 1497 3120 Sed
1530 3067 1692 3136 idem,
1734 3060 1930 3140 inquit,
1965 3074 2110 3144 quod

2217 3057 2384 3108 νοοῖτο
2413 3055 2593 3124 φύσιν,
2629 3056 2764 3127 πρὸς
2800 3059 2858 3111 τὺ
2893 3060 3122 3130 μετέχον
3167 3065 3264 3116 καὶ
3316 3063 3648 3134 μετεχὸμενον
3686 3057 3763 3124 τῆς

531 3154 617 3202 est
647 3149 779 3214 vita,
808 3157 891 3205 est
918 3153 1079 3207 etiam
1109 3157 1372 3220 essentia,
1406 3159 1720 3228 praeclaram
1784 3161 1943 3217 istam
1991 3165 2112 3235 phi~

531 3239 834 3312 losophiam
870 3245 1112 3301 tradens.
1147 3247 1341 3303 Nullus
1382 3252 1524 3305 enim
1551 3269 1741 3308 eorum
1791 3257 1880 3325 qui
1912 3260 2111 3314 mentis

528 3344 655 3390 sunt
707 3348 1006 3409 compotes,
1041 3343 1451 3406 contradixerit,
1495 3344 1609 3398 haec
1653 3362 1761 3400 non
1795 3350 1868 3402 ita
1928 3365 1987 3405 se
2018 3353 2112 3408 ha-

529 3427 676 3483 bere.
704 3429 807 3482 Sed
841 3431 1116 3500 quomodo
1135 3433 1432 3486 orationem
1467 3435 1532 3486 ad
1562 3451 1788 3506 scopum
1817 3441 2108 3508 conclusit,

528 3521 573 3571 si
597 3519 740 3589 quod
771 3521 1046 3590 principio
1075 3530 1225 3577 caret
1274 3524 1666 3594 signiﬁcantes,
1712 3529 1908 3599 inquit,
1943 3533 2107 3589 vitam

528 3611 920 3680 signiﬁcamus,
975 3612 1116 3668 hanc
1147 3623 1327 3677 autem
1387 3617 1551 3672 vitam
1603 3623 1898 3676 essentiam
1925 3624 2109 3681 dicere

527 3701 774 3758 veritatis
839 3718 1020 3758 sermo
1044 3708 1343 3777 compellit,
1405 3709 1578 3781 ipsius
1605 3712 1804 3768 divina:
1831 3717 2105 3784 assentiar,

528 3793 726 3864 inquit,
767 3795 1188 3866 signiﬁcativum
1249 3816 1373 3856 esse
1421 3803 1760 3874 ingenitum?
1788 3805 1898 3863 Nos
1925 3819 2105 3866 autem

527 3887 669 3956 quod
699 3888 880 3958 genita
898 3904 1004 3942 non
1035 3891 1108 3946 sit
1134 3892 1201 3947 ab
1218 3893 1325 3948 alio
1345 3893 1528 3950 divina
1549 3899 1655 3952 vita
1684 3898 1850 3969 (quod
1887 3904 2104 3972 quidem

527 3981 800 4052 signiﬁcat
834 3982 1103 4053 principio
1132 3988 1374 4042 carentis
1415 3989 1587 4056 notio)
1631 4000 1685 4046 et
1721 3992 1822 4062 ipsi
1871 4000 2106 4054 assenti-

529 4090 671 4129 mur.
725 4074 906 4146 lpsum
941 4084 1121 4132 autem
1174 4077 1317 4146 quod
1359 4079 1698 4150 signiﬁcatur
1752 4100 1847 4154 per
1879 4089 2104 4144 verbum

525 4181 635 4222 non
662 4169 903 4238 genitum
932 4183 1076 4236 esse,
1133 4169 1450 4227 existimare
1503 4176 1820 4239 essentiam,
1857 4180 2102 4236 solorum

524 4260 615 4329 qui
653 4259 837 4316 furore
886 4261 1234 4315 concitantur
1267 4276 1390 4316 esse
1419 4262 1768 4322 arbitramur.
1794 4267 1928 4335 Quis
1957 4272 2103 4326 enim

524 4351 595 4406 ita
618 4351 842 4408 demens
869 4360 922 4407 et
949 4368 978 4406 a
1003 4353 1211 4408 ratione
1233 4352 1408 4416 avius,
1438 4361 1496 4408 ut
1516 4353 1885 4414 deﬁnitionem
1915 4376 2104 4417 essen-

2215 3146 2423 3208 ἐννοίας
2459 3147 2841 3218 μεριζομένης.
2884 3149 3024 3202 Ἀλλ’
3062 3153 3222 3218 αὐτὸ,
3268 3155 3454 3226 φησιν,
3494 3155 3616 3224 ὅπερ
3649 3149 3766 3202 ἐστὶν

2213 3235 2412 3308 ἠξωὴς
2447 3225 2618 3291 οὐσία.
2654 3241 2789 3303 ἐστὶ,
2845 3241 3024 3304 καλῶς
3085 3245 3160 3297 τὰ
3213 3247 3438 3300 τοιαῦτα
3486 3240 3759 3314 φιλοσοφῶν.

2213 3329 2286 3381 Οὐ
2317 3329 2425 3399 γὰρ
2459 3331 2522 3384 ἄν
2548 3349 2632 3395 τις
2663 3332 2906 3386 ἀντείποι
2936 3335 3043 3387 τῶν
3093 3338 3226 3391 νοῦν
3257 3340 3506 3408 ἐχόντων,
3539 3338 3605 3408 μὴ
3631 3334 3766 3387 ταῦτα

2209 3419 2381 3484 οῦτως
2407 3421 2567 3491 ἔχειν.
2618 3424 2780 3477 Ἀλλὰ
2828 3425 2944 3488 πῶς
2987 3428 3079 3481 τὸν
3114 3429 3278 3499 λόγον
3330 3433 3424 3485 ἐπὶ
3473 3431 3557 3484 τὸν
3602 3425 3765 3480 σκοπδν

2212 3513 2590 3583 συνεπέρανεν,
2635 3516 2681 3567 εἰ
2732 3515 2793 3568 τὸ
2842 3517 3076 3589 ἄναρχον
3126 3525 3509 3593 σημαίνοντες,
3531 3521 3664 3591 φησὶ,
3690 3515 3764 3586 τὴν

2209 3601 2353 3674 ζωὴν
2382 3605 2756 3678 ἐσημήναμεν,
2787 3609 2991 3680 ταύτην
3017 3611 3070 3664 δὲ
3097 3614 3204 3684 τὴν
3239 3614 3387 3686 ζωὴν
3411 3615 3588 3668 οὐσίαν
3623 3611 3766 3676 λέξειν

2207 3693 2236 3744 ό
2276 3693 2378 3763 τῆς
2419 3695 2674 3768 ἀληθείας
2721 3698 3018 3767 ἀναγκάζει
3066 3703 3269 3774 λόγος,
3322 3707 3491 3778 αὐτῆς
3533 3699 3657 3759 εἶναι
3690 3699 3766 3767 τῆς

2208 3782 2358 3848 Θείας
2387 3786 2590 3851 οὐσίας,
2623 3789 2776 3858 φησὶ,
2805 3795 3146 3862 σημαντικὸν
3177 3797 3239 3850 τὸ
3275 3799 3591 3868 ἀγέννητονς
3615 3792 3767 3861 Ἡμεῖς

2205 3874 2262 3928 δὲ
2310 3875 2372 3929 τὸ
2428 3877 2526 3948 μὲν
2576 3879 2649 3950 μὴ
2698 3877 3055 3952 γεγεννῆσθαι
3103 3890 3243 3960 παρ’
3287 3888 3475 3961 ἐτέρου
3525 3886 3614 3958 τὴν
3649 3882 3767 3937 θείαν

2206 3963 2371 4038 ζωὴν,
2399 3969 2534 4040 ὅπερ
2565 3973 2814 4042 σημαίνει
2843 3975 2875 4043 ἡ
2906 3974 2999 4028 τοῦ
3043 3977 3295 4050 ἀνάρχου
3341 3980 3562 4043 διάνοια,
3593 3975 3671 4030 καὶ
3696 3969 3768 4025 αὖ·

2203 4060 2288 4112 τοι
2321 4060 2697 4132 συντιθέμεθα.
2745 4064 2885 4119 Αὐτὸ
2911 4066 2966 4120 δέ
2993 4068 3051 4121 τὸ
3080 4069 3172 4124 διὰ
3200 4073 3308 4143 τῆς
3331 4072 3428 4127 τοῦ
3465 4072 3536 4143 μὴ
3562 4062 3768 4138 γεγεννῆ-

2208 4147 2331 4203 σθαι
2370 4150 2563 4216 λέξεως
2604 4156 3033 4226 σημαινόμενον,
3072 4161 3273 4217 οὐσίαν
3320 4165 3588 4234 νομίζειν.
3629 4159 3769 4228 μόνων

2203 4236 2311 4289 τῶν
2359 4240 2422 4290 ἐκ
2468 4241 2665 4309 μανίας
2710 4249 3186 4318 παραφερομένων
3247 4251 3499 4325 οἰόμεθα.
3560 4250 3644 4311 τίς
3682 4243 3767 4312 γάρ

2205 4325 2378 4390 οὕτως
2410 4328 2721 4399 ἐξέστηκεν,
2757 4335 2833 4398 ὠς
2870 4338 3094 4408 ὁρισμὸν
3128 4342 3330 4407 οὐσίας
3374 4344 3476 4415 τὴν
3518 4342 3586 4412 μὴ
3616 4337 3768 4406 γέννη-

523 4445 631 4506 tiae,
671 4462 777 4500 non
803 4461 923 4501 esse
971 4448 1236 4518 genitum,
1275 4449 1621 4518 pronuntiet?
1653 4448 1724 4504 Ut
1754 4453 1899 4507 enim
1936 4471 2097 4524 gene-

2209 4433 2290 4469 σιν
2346 4418 2762 4489 ἀποφήνασθαι;
2799 4425 2887 4490 Ὠς
2936 4428 3044 4500 γὰρ
3106 4432 3338 4497 οἰκείως
3403 4434 3516 4504 ἔχει
3566 4429 3684 4501 πρὸς
3723 4421 3767 4475 τὸ

521 4540 662 4590 ratio
689 4537 1068 4608 cognationem
1097 4538 1260 4593 habet
1291 4555 1413 4593 cum
1441 4554 1505 4594 eo
1532 4537 1677 4610 quod
1707 4543 1947 4612 genitum
1992 4555 2098 4610 est,

520 4630 594 4682 ita
626 4628 884 4682 nimirum
913 4629 1157 4698 ingenito
1184 4645 1292 4684 non
1337 4634 1618 4701 generatio
1647 4645 1928 4704 congruet.
1964 4637 2099 4694 Cum

520 4719 685 4787 igitur
723 4720 778 4774 id
807 4719 952 4790 quod
987 4736 1093 4776 non
1118 4730 1202 4777 est
1230 4722 1285 4776 in
1312 4721 1472 4779 Patre
1499 4726 1834 4798 ἀγγεννησία
1873 4728 2099 4786 demon-

519 4818 674 4873 stret,
711 4813 984 4880 quomodo
1006 4827 1108 4868 nos
1128 4813 1648 4872 demonstrationem
1666 4818 1786 4888 ejus
1815 4822 1960 4889 quod
1987 4839 2095 4879 non

519 4902 679 4967 inest,
721 4903 788 4956 ad
813 4905 1106 4959 essentiam
1168 4906 1346 4964 facere
1372 4909 1799 4968 conﬁtebimur?
1853 4913 1959 4970 Sed
1991 4918 2095 4973 sibi

515 4993 617 5064 ipsi
649 5009 774 5049 cum
806 4994 955 5050 dedit
984 4998 1127 5066 quod
1155 5016 1330 5071 neque
1379 5017 1409 5056 a
1442 5005 1622 5071 nobis,
1677 5023 1856 5080 neque
1876 5011 2097 5082 exposi-

512 5096 693 5143 torum
736 5091 1128 5156 consequentia
1161 5091 1264 5161 ipsi
1294 5096 1630 5161 conceditur,
1682 5115 1876 5170 neu‘ipc
1927 5102 2092 5172 ἀγεν-

511 5180 703 5252 νησίαν
726 5181 820 5237 Dei
851 5180 1051 5236 divinae
1084 5183 1206 5238 vitze
1238 5200 1360 5239 esse
1404 5187 1846 5257 signiﬁeativam,
1869 5195 2092 5250 conclu-

510 5275 599 5329 sit.
637 5271 704 5329 Ut
731 5284 912 5330 autem
951 5273 1314 5331 clarissimqu
1343 5274 1503 5330 ﬁatin
1535 5278 1636 5333 hoc
1661 5280 1780 5336 loco
1809 5281 2089 5352 ipsiusde-

510 5365 877 5430 Iiramentum,
926 5364 1007 5420 sic
1055 5381 1363 5421 sermonem
1418 5369 1831 5428 consideremus
1895 5394 1907 5429 :
1991 5393 2087 5448 per

507 5470 628 5522 qua:
656 5456 800 5512 enim
840 5457 894 5510 in
927 5455 1086 5514 Patre
1114 5457 1181 5512 ad
1205 5458 1533 5530 ἀγεννησίαν
1566 5464 1820 5519 essentiae
1847 5466 2088 5523 circum-

507 5545 663 5599 duxit
680 5547 970 5608 rationem.
996 5551 1399 5618 examinemus,
1433 5569 1561 5608 num
1584 5555 1746 5611 etiam
1767 5560 1975 5629 pariter
1993 5577 2090 5634 per

504 5638 724 5692 easdem
750 5642 1253 5707 argumentationes
1273 5654 1327 5701 et
1362 5644 1484 5703 Filii
1507 5650 1800 5708 essentiam
1827 5651 1896 5708 ad
1925 5653 2087 5724 ἀγεν-

508 5726 701 5794 νησίαν
732 5726 1086 5788 adducemus.

2205 4509 2460 4579 γεννητὸν
2489 4513 2521 4581 ἡ
2554 4511 2827 4584 γέννησις,
2858 4512 3001 4572 οὕτω
3027 4519 3238 4593 δηλαδὴ
3286 4526 3386 4578 καὶ
3429 4525 3510 4595 τῷ
3538 4520 3770 4590 dravi"?

2203 4601 2678 4672 ἐφαρμοσθήσεται
2728 4607 2761 4676 ἡ
2818 4609 2890 4678 μὴ
2940 4612 3224 4683 γέννησις.
3279 4617 3348 4669 Ὃ
3399 4613 3492 4669 οῦν
3541 4615 3632 4668 οὐκ
3680 4609 3767 4661 ἐστι

2202 4692 2329 4762 ’περὶ
2353 4692 2441 4747 τδν
2471 4695 2689 4766 Πατέρα
2724 4698 2822 4768 τῆς
2859 4700 3191 4774 ἀγεννησίας
3224 4707 3658 4778 ἐνδεικνυμένης,
3685 4705 3773 4758 πῶς

2200 4783 2360 4852 ἡμεῖς
2411 4786 2490 4848 εἰς
2540 4786 2728 4840 οὐσίαν
2781 4787 2880 4860 τὴν
2939 4793 3033 4846 τοῦ
3085 4795 3162 4866 μὴ
3217 4799 3524 4868 προσόντος
3586 4789 3768 4854 ἔνδειξιν

2201 4875 2592 4945 συντιθέμεθα;
2641 4879 2780 4932 Ἀλλ’
2819 4882 2997 4954 ἐαυτῷ
3030 4883 3176 4951 δοὺς,
3215 4888 3281 4941 τὺ
3324 4891 3468 4961 μήτε
3498 4887 3622 4959 παρ’
3647 4879 3774 4955 ἡμῶν

2201 4966 2335 5036 μήτε
2367 4968 2431 5019 ἐκ
2463 4969 2562 5039 τῆς
2587 4970 2695 5025 τῶν
2734 4972 2995 5028 τεθέντων
3027 4977 3368 5044 ἀκολουθίας
3409 4979 3558 5050 αὐτῷ
3594 4988 3773 5043 συγκω-

2199 5057 2482 5144 ρούμενον,
2519 5061 2580 5115 τὸ
2615 5065 2946 5134 σημαντικὸν
2977 5067 3123 5131 θείας
3154 5069 3314 5143 ζωῆς
3353 5071 3455 5144 τὴν
3489 5063 3775 5141 ἀγεννησίαν

2195 5143 2334 5202 εἶναι
2357 5149 2450 5203 τοῦ
2475 5150 2633 5213 Θεοῦ,
2663 5155 3047 5226 συνεπέρανεν.
3088 5158 3179 5221 Ὡς
3208 5161 3256 5212 δ’
3283 5161 3354 5214 ἂν
3377 5143 3610 5232 μάλιστα
3638 5171 3774 5210 κατι·

2195 5241 2369 5312 φανὴς
2403 5243 2433 5295 ό
2469 5245 2596 5314 περὶ
2627 5244 2719 5297 τὸν
2753 5247 2916 5300 τόπον
2957 5248 3144 5303 τοῦτον
3180 5253 3362 5308 αὐτοῦ
3409 5243 3616 5324 γένοιτο
3641 5249 3791 5319 λῆρος.

2192 5332 2387 5386 οὑτωσὶ
2428 5334 2518 5388 τὸν
2567 5335 2722 5406 λόγον
2759 5337 3223 5412 διασκοπήσωμεν
3250 5386 3264 5398 .
3317 5349 3402 5399 Δι’
3445 5341 3520 5400 ὧν
3563 5345 3662 5412 γὰρ
3699 5337 3775 5391 ἐπὶ

2190 5421 2284 5476 τοῦ
2306 5425 2546 5495 Πατέρος
2569 5430 2648 5493 είς
2675 5429 2773 5500 τὴν
2800 5432 3122 5506 ἀγεννησίαν
3157 5435 3260 5490 τὸν
3293 5438 3399 5507 τῆς
3432 5436 3616 5500 οὐσίας
3645 5447 3776 5502 περι·

2189 5516 2362 5586 ἤγαγε
2391 5517 2566 5586 λόγον,
2595 5522 2958 5597 ἐξετάσωμεν,
3018 5530 3065 5581 εί
3121 5529 3204 5601 μὴ
3254 5533 3403 5585 κατὰ
3451 5533 3513 5585 τὸ
3561 5529 3665 5583 ἴσον
3703 5522 3774 5576 διὰ

2187 5607 2295 5661 τῶν
2324 5609 2500 5692 αὐτῶν
2531 5613 2973 5687 ἐπιχειρημάτων
3002 5620 3092 5674 καὶ
3125 5621 3232 5674 τοῦ
3279 5623 3420 5679 Υίοῦ
3457 5621 3554 5696 τὴν
3589 5613 3772 5679 οὐσίαν,

2187 5701 2268 5764 εἰς
2300 5701 2394 5774 τὴν
2424 5689 2748 5776 ἀγεννησίαν
2787 5710 3067 5780 ἀνάξομεν.
