4056 6146
357 355 503 416 1075
1499 363 1774 420 CONTRA
1814 363 1959 418 EUN'

2021 361 2208 419 lllUM.
2251 362 2373 416 LIB.
2415 364 2530 420 Xll.
3485 366 3623 425 1074

424 475 536 540 Δεῖ,
552 473 703 544 φησὶ,
719 473 828 540 τῆς
845 474 955 527 αὐτ
968 471 1192 540 ῆςζὶυῆς
1208 475 1424 547 καὶτῆς
1440 474 1943 542 ειλιιιρινῶςμιᾶς,
1975 476 2024 534 Α

2123 471 2360 541 Oportet,
2384 473 2582 543 inquit,
2610 474 2842 544 ejusdem
2874 476 2991 530 vita
3019 485 3067 530 et
3118 463 3426 544 simpliciter
3467 481 3627 535 artius

356 564 465 619 ἕνα
481 563 576 619 καὶ
593 563 898 617 τύναὺτὸν
912 560 1063 617 εἷναι
1077 566 1280 635 λόγον,
1299 563 1414 618 κᾶν
1427 565 1550 631 τοῖς
1571 566 1820 633 ὀνόμασι
1840 563 1937 616 καὶ

2042 579 2202 615 unum
2228 573 2277 618 et
2300 564 2534 618 eumdem
2559 581 2670 618 esse
2696 583 3007 629 sermonem,
3037 571 3275 638 quamvis
3301 569 3623 633 nominibus,

359 655 439 722 τῷ
455 657 645 723 τρόπῳ
664 653 762 707 καὶ
789 654 862 723 τῇ
878 655 1038 720 τάξει
1064 657 1342 725 φαίνηται
1359 655 1659 726 διάφορος.
1685 654 1806 709 Τῶν
1830 653 1938 724 γὰρ

2039 666 2088 709 et
2116 656 2268 710 modo
2293 668 2341 710 et
2364 657 2547 711 ordine
2578 658 2818 712 videatur
2867 677 2978 713 esse
3011 660 3286 713 diversus:
3330 677 3446 712 cum
3483 663 3621 714 enim

358 744 588 816 tit-r105);
627 748 824 816 λόγων
844 747 912 800 ἐκ
943 747 1060 800 τῶν
1090 749 1494 819 ὑποκειμένων
1521 749 1618 802 καὶ
1649 746 1940 815 δηλουμέ-

2041 750 2146 803 υενὶ
2179 767 2440 804 sermones
2475 766 2539 804 ea:
2562 751 2808 820 subjectis
2853 761 2900 804 et
2939 752 3090 805 rebus
3116 768 3233 821 qum
3281 750 3626 804 declarantur

358 858 480 894 νων
505 838 863 908 πραγμάτων
887 841 1313 908 λαμϐανόντων
1339 844 1453 908 τὴν
1479 841 1802 908 ἐπίκρισιν,
1839 841 1936 893 καὶ

2040 838 2473 907 dijudicationem
2507 850 2760 905 sumant;
2793 833 3012 911 cumqne
3042 842 3134 894 alii
3165 841 3288 893 aliis
3316 841 3468 894 rebus
3499 858 3625 894 eon-

358 931 476 985 τῶν
486 932 514 983 ἐ
522 931 699 1000 τέρων
714 929 936 1000 ἑτέροις
949 932 1250 1001 πράγμασι
1265 931 1937 1003 συναρμοζομέ·νων,ὤσ-

2039 937 2251 998 gruant,
2279 933 2414 983 sicut
2436 930 2593 983 iidem
2611 931 2813 995 iisdem,
2837 932 3127 985 necessario
3149 931 3373 984 duorum
3397 933 3623 984 alterum

357 1040 468 1089 περ
480 1017 556 1076 αὖ
575 1021 673 1075 καὶ
694 1021 812 1076 τῶν
826 1023 1024 1076 αὐτῶν
1044 1023 1166 1090 τοῖς
1183 1025 1406 1091 αὐτοῖς,
1436 1026 1504 1088 ἐξ
1532 1025 1799 1094 ἀνάγκης
1815 1025 1940 1078 δεῖν

2041 1035 2151 1072 esse
2177 1029 2431 1088 oportere,
2459 1021 2537 1074 rel
2561 1039 2666 1074 rem
2691 1040 2806 1090 quw
2837 1022 3162 1086 declaratur,
3201 1025 3412 1076 omnino
3445 1023 3621 1076 direr-

358 1112 529 1166 δυοῖν
563 1109 715 1166 εἶναι
742 1113 1008 1182 θάτερον,
1041 1116 1078 1183 ἢ
1119 1115 1214 1169 καὶ
1242 1115 1308 1170 τὸ
1346 1115 1582 1186 πρᾶγμα
1617 1117 1682 1170 τὸ
1720 1099 1939 1184 δτιλοῦ-

2041 1127 2178 1173 sam,
2208 1112 2283 1165 vel
2311 1129 2471 1183 neque
2491 1115 2780 1167 orationem
2803 1132 2918 1185 qua:
2941 1115 3177 1169 declarat
3207 1116 3467 1170 diversam
3489 1133 3621 1176 esse,

356 1221 543 1274 μενον
565 1203 799 1272 πάντως
823 1206 1047 1273 ἕτερον,
1080 1207 1118 1276 ἣ
1166 1207 1318 1277 μηδὲ
1360 1207 1464 1261 τὸν
1503 1208 1806 1275 δηλοῦντα
1833 1211 1939 1262 λό-

2042 1218 2159 1254 cmn
2207 1202 2354 1256 nulla
2403 1220 2483 1258 res
2515 1205 2624 1257 alia
2654 1205 2889 1274 subjecta
2949 1208 3017 1259 sit
3043 1217 3234 1276 pratter
3288 1205 3411 1262 Filii
3437 1208 3618 1272 vitam,

360 1312 472 1363 τον
523 1295 762 1364 ἕτερον’
818 1297 1080 1366 μηδενὸς
1150 1297 1542 1368 ὑποκειμένου
1603 1298 1940 1368 πράγματος

2038 1296 2127 1349 cui
2156 1297 2418 1366 quispiam
2449 1298 2613 1366 possit
2661 1298 3029 1367 cogitationem
3072 1299 3248 1367 ﬁgere,
3297 1301 3372 1352 rel
3395 1299 3621 1352 alterum

361 1390 521 1456 παρὰ
542 1389 654 1456 τὴν
676 1391 780 1444 τοῦ
810 1391 943 1445 Υἰοῦ
968 1391 1140 1460 ζωὴν,
1171 1391 1216 1456 ᾧ
1241 1409 1328 1458 τις
1361 1390 1436 1445 ἂν
1461 1391 1498 1460 ἦ
1534 1391 1646 1458 τὴν
1673 1390 1940 1444 διάνοιαν

2042 1404 2328 1440 sermonem
2355 1389 2626 1455 projicere.
2661 1387 2798 1442 Num
2825 1389 3006 1459 aliqua
3038 1397 3122 1442 est
3146 1388 3197 1441 in
3236 1389 3398 1443 dictis
3429 1389 3619 1443 incon-

359 1482 743 1550 ἐπερείσειεν,
779 1482 815 1550 ἣ
853 1485 958 1536 τὸν
987 1485 1190 1550 ἕτερον
1235 1485 1420 1554 λόγον
1471 1485 1812 1554 smnpm-sie.
1849 1485 1938 1553 Μή

2042 1480 2301 1541 cinnitas,
2336 1479 2476 1548 quod
2508 1496 2612 1534 non
2644 1489 2890 1549 apex-teat
2922 1481 2988 1535 de
3017 1479 3306 1549 Unigenito
3341 1480 3466 1533 talia
3496 1497 3621 1550 pro-

361 1573 445 1634 τές
471 1573 615 1625 ἐστιν
640 1575 696 1624 ἐν
728 1575 838 1636 τοῖς
878 1574 1183 1644 εἰρημένοις
1216 1575 1572 1644 ἀναρμοστία,
1610 1575 1684 1638 ὡς
1726 1575 1784 1627 οὐ
1824 1575 1940 1628 δέον

2045 1573 2208 1636 ferre,
2240 1575 2319 1627 vel
2353 1576 2594 1629 seu-ihere
2615 1575 2638 1627 ?
2661 1575 2906 1644 nunquid
2958 1575 3119 1628 etiam
3145 1573 3316 1629 Filius
3337 1573 3452 1647 ipse
3496 1581 3581 1625 est
3602 1613 3616 1634 ,

362 1666 454 1716 ἐπὶ
495 1663 588 1716 τοῦ
632 1665 960 1733 Μονογενοῠς
1011 1667 1076 1718 τὰ
1124 1667 1342 1719 τοιαῦτα
1385 1667 1624 1737 λέγεινῆ
1668 1667 1937 1738 γράφειν;

2044 1663 2150 1715 vita
2172 1665 2386 1716 sincere
2402 1671 2450 1716 et
2473 1664 2790 1732 simpliciter
2813 1664 3106 1728 una?nunq
3119 1662 3209 1714 uid
3237 1663 3399 1715 etiam
3435 1660 3487 1713 in
3503 1661 3619 1730 ipso

360 1752 494 1822 Οὐχὶ
519 1753 610 1805 καὶ
664 1755 692 1805 ὁ
736 1754 861 1816 Υἱὸς
918 1755 1078 1818 αὐτος
1119 1758 1232 1808 ἐστι
1283 1756 1393 1827 ζωὴ
1440 1757 1740 1827 εἰλικρινῶς
1798 1757 1936 1826 pia;

2044 1751 2210 1803 vitam
2243 1762 2294 1805 et
2321 1751 2566 1805 eaimlem
2598 1755 2851 1805 convenit
2880 1766 3000 1806 esse
3053 1752 3344 1816 rationem,
3403 1750 3617 1804 tametsi

360 1841 492 1909 υὺχὶ
514 1841 610 1893 καὶ
653 1843 738 1894 ἐπ’
787 1841 949 1894 αὐτοῦ
996 1843 1092 1894 ’ἐνα
1142 1843 1236 1896 καὶ
1272 1842 1360 1895 τὸν
1401 1842 1562 1894 αὐτὸν
1600 1838 1735 1895 εἶναι
1774 1859 1940 1912 προσ-

2045 1842 2366 1897 nominibus
2389 1851 2444 1896 et
2495 1844 2714 1909 ordine,
2766 1844 2850 1898 vel
2883 1844 3044 1897 modo
3081 1842 3335 1896 videatur
3362 1841 3625 1895 diﬂ‘erre?

359 1939 483 2005 ήκει
515 1935 690 2003 λόγον,
724 1935 824 1988 κᾶν
873 1938 984 1999 τοῖς
1025 1937 1278 2007 ὀνόμασιν
1327 1937 1358 2007 ἧ
1405 1936 1477 2008 τῷ
1518 1937 1702 2007 τρόπῳ
1743 1937 1834 1989 καὶ
1871 1939 1935 2008 τῇ

2042 1933 2298 2003 Nunquid
2318 1935 2370 1987 in
2405 1936 2502 1988 illo
2532 1935 2767 1990 duorum
2813 1927 3049 1990 alterum
3072 1934 3388 1989 necessario
3409 1943 3617 1988 statue-

359 2025 507 2090 τάξει
541 2027 794 2096 φαίνηται
836 2027 1126 2099 διὰφορος;
1164 2029 1297 2100 Οὑχὶ
1341 2029 1434 2083 καὶ
1475 2030 1559 2083 ἐπ’
1590 2029 1795 2083 ἐκείνου
1829 2029 1938 2082 τῶν

2043 2034 2154 2092 tur,
2189 2027 2273 2080 vel
2309 2041 2419 2080 rem
2453 2042 2574 2095 quae
2607 2026 3194 2092 declaratur,omnino
3211 2025 3504 2090 diversam,
3539 2025 3619 2079 vel

358 2117 452 2168 δύο
469 2118 528 2170 τὸ
554 2118 738 2190 ἕτερον
757 2119 825 2182 ,ἐξ
849 2121 1095 2189 ἀνάγκης
1121 2122 1391 2190 στήσεται,
1425 2119 1457 2186 ἢ
1491 2121 1581 2173 καὶ
1619 2120 1678 2172 τὸ
1709 2123 1937 2190 πρᾶγμα

2042 2135 2218 2189 neque
2257 2121 2563 2173 orationem
2596 2135 2720 2188 quae
2751 2120 3014 2183 declarat,
3060 2120 3208 2172 nulla
3255 2135 3315 2173 re
3374 2118 3619 2187 subjecta

357 2209 420 2273 ἐδ
455 2208 778 2278 δηλούμενον
806 2209 1022 2272 πάντως
1056 2211 1259 2281 ἕτερον,
1303 2211 1335 2281 ἢ
1391 2211 1523 2282 μηδὲ
1553 2212 1639 2263 τδν
1676 2210 1938 2282 δηλοῦντα

2041 2219 2236 2282 praeter
2256 2213 2417 2264 vitam
2448 2209 2641 2281 ipsius,
2661 2211 2714 2264 in
2734 2227 2843 2280 quo
2859 2212 2980 2281 quis
2998 2212 3383 2282 cogitationem
3405 2211 3620 2263 ﬁrmare

358 2300 533 2367 λόγον,
585 2301 807 2371 μηδενὸς
848 2303 1206 2372 ὑποκειμένου
1264 2303 1578 2374 πράγματος
1638 2303 1787 2372 παρὰ
1837 2304 1933 2375 τὴν

2041 2304 2233 2374 possit,
2263 2303 2343 2356 vel
2379 2303 2605 2356 alteram
2633 2303 2935 2357 orationem
2968 2304 3230 2372 abjicere?
3252 2301 3442 2356 Nihila
3463 2299 3623 2354 nobis

360 2391 502 2462 ζωὴν
540 2391 724 2453 αὐτοῦ,
758 2385 802 2458 ᾧ
849 2409 931 2454 τις
971 2394 1035 2444 ἂν
1065 2392 1096 2457 ἢ
1136 2395 1232 2463 τὴν
1264 2393 1495 2446 διάνοιαν
1525 2393 1930 2464 ἐπερείσειεν,ἢ

2038 2395 2130 2449 his
2165 2410 2283 2462 quae
2307 2393 2373 2447 de
2411 2392 2570 2447 Patre
2596 2393 2663 2446 ab
2695 2392 2960 2446 Eunomio
2987 2393 3130 2447 dicta
3165 2401 3292 2448 sunt
3322 2391 3619 2445 immistuln

358 2483 449 2534 τὸν
504 2481 687 2552 ἕτερον
740 2482 896 2549 λόγον
942 2483 1310 2554 ἐπιρρἱ·ιεν;
1367 2485 1532 2537 Οὐδὲν
1597 2487 1725 2555 παρ’
1776 2486 1931 2555 ήμῶν

2039 2495 2143 2540 est.
2168 2484 2273 2539 Sed
2301 2484 2364 2538 ad
2393 2485 2638 2538 eamdem
2661 2483 3064 2539 confessionem
3092 2493 3144 2537 et
3171 2481 3620 2537 consecutionem

357 2577 468 2636 τοῖς
494 2561 621 2644 περὶ
658 2573 749 2626 τοῦ
783 2574 992 2644 Πατρὸς
1028 2575 1332 2645 εἰρημένοις
1367 2576 1513 2648 παρὰ
1546 2575 1637 2629 τοῦ
1673 2575 1932 2647 Εὖνομίου

1786 2578 1932 2647 ομίου
2043 2578 2310 2639 venimus,
2344 2577 2519 2631 solum
2582 2575 2702 2631 Filii
2731 2593 2928 2630 nomen
2957 2577 3388 2645 interponentes.

358 2669 716 2741 ἐμμέμικται.
767 2671 904 2724 Ἀλλ’
947 2672 1032 2724 ἐπ’
1062 2671 1231 2741 αὐτῆς
1264 2671 1496 2744 ἤλθομεν
1538 2673 1639 2742 τῆς
1678 2674 1972 2746 ὁμολογίας
2019 2674 2113 2728 καὶ
2140 2673 2238 2742 τῆς
2282 2670 2621 2735 ἀκολουθίας,
2665 2671 2824 2740 μόνον
2861 2670 2952 2723 τοῦ
2997 2671 3126 2723 Υἱοῦ
3165 2669 3520 2744 παρενθέντες
3558 2668 3627 2725 τὸ

354 2767 544 2834 ὄνομα.

430 2945 493 2996 ΕΞ
524 2941 616 2998 οὖν
650 2946 742 2997 καὶ
773 2945 929 3011 αὐτὸς
975 2951 1069 3021 μία
1103 2950 1215 3023 ζωὴ
1250 2949 1542 3022 εἰλικρινὴς
1587 2947 1768 3018 πάσης
1805 2965 1927 3000 συν-

2111 2940 2166 3001 Si
2210 2945 2375 3018 igitur
2400 2949 2562 3002 etiam
2609 2949 2724 3016 ipse
2773 2962 2877 3001 una
2913 2955 3017 3001 vna
3051 2946 3290 3012 sincera,
3336 2936 3406 3001 ab
3457 2947 3610 3001 omni

358 3039 561 3100 θέσεως
591 3038 682 3092 καὶ
705 3038 906 3108 πλοκῆς
929 3039 1324 3109 κεχωρισμένη,
1352 3040 1446 3092 καὶ
1474 3040 1621 3093 οὐδὲν
1643 3039 1931 3094 ἀπόκειται

2037 3041 2435 3112 compositione
2466 3050 2518 3094 et
2555 3041 2714 3109 plexu
2754 3047 3028 3107 separata,
3065 3047 3120 3093 et
3149 3039 3296 3092 nulla
3332 3054 3421 3093 res
3451 3053 3613 3109 repo-

358 3131 586 3199 πρὶγμα
621 3129 771 3201 παρὰ
809 3129 905 3199 τὴν
936 3130 1030 3182 τοῦ
1067 3130 1196 3183 Υἱοῦ
1241 3131 1401 3201 ζωήν.
1457 3131 1580 3194 Πῶς
1613 3133 1723 3202 γὰρ
1759 3133 1816 3184 ὲν
1853 3131 1930 3204 τῷ

2035 3129 2184 3182 nitur
2214 3136 2408 3198 praeter
2441 3127 2561 3180 Filii
2600 3129 2785 3181 vitam.
2817 3128 3102 3193 Quomodo
3133 3128 3277 3182 enim
3309 3129 3362 3181 in
3386 3143 3444 3181 re
3476 3129 3615 3181 sim-

357 3218 516 3289 ἀπλῷ
564 3220 708 3289 μίξις
742 3219 1019 3292 ἀλλοτρίου
1056 3221 1374 3291 πράγματος
1406 3221 1797 3288 ostentatione;
1853 3224 1928 3276 Οὐ

2040 3220 2166 3291 plici
2196 3235 2284 3275 res
2306 3221 2494 3274 alienae
2517 3220 2700 3274 mistio
2725 3219 2778 3272 in
2814 3220 3182 3287 suspicionem
3215 3218 3475 3273 caderet?
3499 3218 3627 3272 Non

357 3311 467 3381 γὰρ
508 3311 570 3364 ἂν
601 3311 680 3364 ἔτι
728 3312 930 3365 ἁπλοῦν
981 3312 1065 3382 εἴη
1113 3313 1171 3372 τὸ
1223 3313 1339 3383 μεθ’
1373 3305 1576 3385 ἐτέρου
1607 3315 1889 3386 νοούμενον
1913 3333 1926 3345 ⁸

2037 3314 2182 3367 enim
2216 3313 2450 3383 amplius
2481 3313 2714 3382 simplex
2753 3311 2938 3377 fuerit,
2967 3311 3110 3382 quod
3156 3327 3280 3365 cum
3318 3314 3494 3366 altero
3528 3314 3617 3367 in-

360 3400 502 3471 ἀτελῆ
530 3401 584 3455 δὲ
615 3403 726 3474 ζωὴ
751 3403 840 3455 καὶ
865 3405 896 3473 ἡ
927 3403 1018 3455 τοῦ
1041 3403 1247 3474 Πατρὸς
1281 3404 1437 3456 οὐσία
1465 3421 1475 3432 ·
1502 3405 1677 3476 ἁπλῆς
1699 3405 1754 3457 δὲ
1785 3405 1930 3476 ζωῆς

2039 3403 2318 3474 telligitur,
2354 3403 2580 3472 simplex
2633 3410 2815 3456 autem
2858 3403 2966 3456 vita
3021 3411 3074 3456 et
3105 3402 3285 3457 Patris
3334 3403 3617 3468 essentia;

359 3491 480 3542 κατ’
512 3491 672 3545 αὑτὸν
701 3491 790 3543 τόν
826 3508 882 3543 τε
912 3491 1012 3560 τῆς
1057 3491 1218 3562 ζωῆς,
1255 3493 1346 3544 xui.
1379 3493 1466 3546 τὸν
1495 3495 1590 3565 τῆς
1632 3493 1932 3565 ἁπλότητος

2038 3494 2303 3564 simplicis
2356 3501 2535 3548 autem
2575 3493 2700 3547 vita:
2739 3494 3039 3549 secundum
3096 3493 3341 3548 eamdem
3391 3493 3517 3548 vitae
3565 3497 3623 3548 et

357 3580 534 3648 λόγον,
558 3581 778 3648 οὐδεμία
803 3580 884 3646 τίς
911 3581 1024 3634 ἐστι
1046 3582 1296 3654 διαφορὰ,
1317 3582 1437 3636 οὕτε
1461 3585 1778 3649 ὲπιτάσεως,
1806 3580 1931 3639 οὔτε

2040 3584 2408 3654 simplicitatis
2465 3585 2732 3639 rationem
2791 3585 2939 3638 nulla
2993 3592 3076 3639 est
3115 3583 3442 3649 dill‘erentia,
3495 3599 3619 3638 cum

360 3674 600 3742 ὑιρέσεως
627 3717 638 3733 ,
674 3673 793 3726 οὔτε
827 3679 922 3746 τῆς
953 3675 1090 3728 κατὰ
1131 3676 1190 3728 τὸ
1222 3677 1406 3740 ποσὸν,
1439 3677 1470 3748 ἢ
1507 3677 1654 3730 ποιὸν
1686 3678 1935 3750 ἑτερότη-

2039 3677 2188 3731 nqua
2220 3677 2290 3730 sit
2315 3676 2571 3737 intentio,
2606 3693 2780 3745 neque
2804 3677 3076 3740 remissio,
3103 3692 3282 3746 neque
3313 3677 3616 3731 secundum

358 3781 449 3823 τος
484 3765 582 3834 τὴν
628 3764 980 3836 παραλλαγήν
1021 3763 1371 3836 ἐμποιούσης,
1419 3765 1630 3834 ἀνάγκη
1677 3767 1820 3818 πᾶσα
1865 3765 1932 3820 τὰ

2039 3773 2305 3837 quantum
2335 3767 2418 3820 vel
2453 3767 2613 3835 quale
2644 3767 2955 3829 diversitas,
2991 3783 3111 3836 qua:
3145 3767 3382 3836 aliquam
3409 3765 3620 3821 discre-

357 3855 478 3916 ταῖς
509 3853 698 3916 αὐταῖς
730 3854 960 3916 ἐννοίαις
1005 3853 1388 3923 συμϐαίνοντα,
1434 3854 1525 3905 καὶ
1559 3854 1662 3906 ὑπὸ
1693 3854 1801 3907 τῶν
1836 3856 1933 3908 αὑ-

2041 3858 2280 3928 pantiam
2317 3856 2499 3920 faciat,
2526 3859 2898 3913 necessarium
2917 3865 3003 3911 est
3030 3857 3254 3910 omnino
3288 3873 3408 3926 qua:
3426 3857 3617 3912 iisdem

356 3944 466 3997 τῶν
499 3946 877 4016 προσηγοριῶν
905 3946 1281 4016 ὀνομάζεσθαι.
1316 3947 1376 3998 Εἰ
1405 3941 1495 3998 οὖν
1521 3944 1577 3997 ἓν
1606 3945 1664 3999 τὸ
1704 3948 1934 4017 πρᾶγμα

2041 3947 2357 4002 notionibns
2391 3949 2747 4011 conveniunt,
2789 3947 2950 4001 etiam
3005 3945 3196 4000 iisdem
3243 3945 3619 4016 appellationi-

359 4040 420 4090 το
450 4039 591 4092 κατὰ
615 4039 714 4109 τὴν
750 4038 1026 4108 ἁπλότητα
1069 4039 1167 4108 τῆς
1206 4037 1352 4107 ζωῆς
1401 4039 1457 4090 ὲν
1493 4039 1666 4106 Πατρὶ
1697 4039 1789 4091 καὶ
1821 4038 1934 4110 Υἱῷ

2041 4039 2144 4094 bus
2172 4040 2466 4094 nominari.
2495 4039 2551 4092 Si
2585 4053 2716 4108 ergo
2744 4054 2832 4092 res
2859 4053 2965 4092 una
3000 4036 3303 4094 secundum
3345 4037 3466 4091 vitm
3492 4037 3622 4090 sim-

361 4127 861 4198 καταλαμϐάνεται,
889 4129 1145 4200 οὐδεμίαν
1171 4127 1262 4181 τοῦ
1298 4131 1395 4200 τῆς
1428 4128 1727 4200 ἁπλότητος
1750 4130 1931 4198 λόγου,

2043 4131 2336 4202 plicitatem
2371 4132 2425 4186 in
2469 4131 2628 4186 Patre
2658 4138 2710 4186 et
2761 4129 2900 4184 Filio
2941 4129 3446 4199 comprehenditur,
3494 4143 3624 4181 cum-

361 4215 545 4280 καθὼς
573 4217 801 4288 εἴρηται,
835 4217 1187 4290 παραλλαγὴν
1207 4218 1515 4290 δεχομένου,
1547 4220 1758 4290 ἀνάγκη
1784 4221 1935 4273 πᾶσα

2043 4227 2248 4280 nullam
2279 4225 2647 4294 simplicitatis
2679 4223 2876 4286 oratio,
2907 4224 3051 4277 sicut
3081 4222 3288 4274 dictum
3321 4231 3425 4286 est,
3463 4221 3619 4274 dilic-

360 4309 422 4363 τδ
451 4307 528 4379 τῷ
572 4309 650 4362 ἑνὶ
684 4311 1122 4382 ἐφαρμοζόμενον
1152 4311 1340 4383 ὄνομα,
1378 4313 1470 4366 καὶ
1501 4312 1633 4384 πρὸς
1659 4312 1720 4365 τὸ
1753 4312 1934 4384 ἕτερον

2041 4316 2272 4370 tentiam
2327 4315 2580 4385 accipiat,
2634 4330 2860 4370 necesse
2910 4321 2994 4368 est
3040 4312 3259 4383 penitus
3312 4321 3371 4365 ut
3420 4328 3621 4366 nomen

363 4400 658 4471 προσφυῶς
692 4401 833 4472 ἔχειν
859 4417 872 4430 ο
901 4401 1039 4456 ὥστε
1069 4397 1117 4456 εἰ
1157 4405 1187 4474 ἡ
1217 4403 1451 4476 ἁπλότης
1481 4404 1580 4474 τῆς
1609 4403 1702 4457 τοῦ
1723 4404 1936 4475 Πατρὸς

2043 4408 2186 4478 quod
2224 4407 2316 4461 uni
2353 4408 2605 4478 congruit
2635 4407 2796 4462 etiam
2836 4406 2991 4459 alteri
3030 4405 3342 4458 conveniat.
3369 4405 3448 4456 lla
3485 4412 3542 4456 ut
3574 4405 3620 4459 si

363 4492 509 4562 ζωῆς
539 4491 615 4562 τῷ
643 4493 742 4563 τῆς
772 4493 1096 4565 ἀγεννησὶας
1111 4496 1334 4563 ὀνόματι
1361 4495 1797 4566 διασημαίνεται,
1832 4515 1937 4567 μη-

2045 4500 2369 4570 simplicitas
2397 4499 2521 4552 vitae
2563 4496 2743 4552 Patris
2791 4496 3012 4551 nomine
3055 4496 3153 4566 τῆς
3187 4495 3512 4565 ἀγεννησίας
3546 4496 3622 4550 si-

360 4584 419 4639 δὲ
469 4583 603 4653 πρὸς
649 4584 747 4656 τήν
787 4583 881 4638 τοῦ
919 4585 1048 4638 Υἱοῦ
1091 4586 1370 4656 ἁπλότητα
1421 4587 1517 4656 τὴν
1576 4588 1757 4658 φωνήν
1790 4589 1939 4640 ἀνοι-

2043 4591 2354 4662 gnilicatur,
2389 4606 2565 4660 neque
2597 4590 2663 4644 ad
2699 4587 2820 4642 Filii
2853 4588 3254 4658 simplicitatem
3292 4603 3479 4642 vocem
3515 4588 3620 4641 im-

363 4675 526 4738 κείως
555 4675 717 4747 ἔχειν.
773 4677 980 4749 Ὠσπερ
1006 4677 1112 4746 γὰρ
1142 4677 1200 4730 τὸ
1226 4677 1440 4746 λογικὸν
1478 4679 1572 4730 καὶ
1607 4678 1818 4749 θνητὸν,
1851 4680 1942 4733 καὶ

2043 4681 2282 4751 proprie,
2315 4680 2430 4734 sive
2459 4679 2850 4734 convenienter
2872 4694 2931 4732 se
2958 4677 3228 4732 habuerit.
3253 4677 3620 4744 Quemadmo-

363 4765 457 4819 νοῦ
507 4768 598 4820 καὶ
635 4769 946 4840 ἐπιστήμης
987 4769 1228 4822 δεκτικὸν
1275 4767 1557 4838 ἄνθρωπος
1595 4769 1936 4839 ὀνομάζεται,

2042 4770 2170 4826 dum
2202 4769 2346 4824 enim
2379 4769 2648 4824 rationale
2683 4775 2737 4823 et
2776 4767 3032 4832 mortale,
3072 4773 3124 4823 et
3156 4769 3301 4838 quod
3336 4770 3536 4824 mentis
3567 4780 3621 4826 et

363 4856 565 4928 ὁμοίως
592 4857 682 4908 ὲπί
710 4875 768 4910 τε
797 4857 888 4911 τοῦ
939 4859 1110 4929 Ἀδὰμ
1156 4859 1249 4912 καὶ
1281 4859 1373 4911 τοῦ
1401 4859 1565 4912 Ἀὁελ
1589 4875 1602 4889 ο
1659 4860 1750 4912 καὶ
1791 4861 1942 4914 οὐδὲν

2043 4861 2287 4915 scientia:
2325 4876 2520 4930 capax,
2581 4859 2743 4914 homo
2793 4861 3132 4924 nominatur,
3176 4848 3430 4928 similiter
3479 4872 3528 4918 et
3562 4861 3617 4917 in

362 4950 465 5018 τὴν
502 4952 600 5020 τῆς
628 4949 839 5018 φύσεως
865 4950 1176 5021 ἐπωνυμίαν
1201 4947 1526 5021 ὑπήμειψεν,
1558 4949 1680 5004 οὔτε
1721 4952 1812 5004 ἐπὶ
1849 4951 1940 5006 τοῦ

2047 4951 2276 5015 Adamo,
2307 4963 2361 5005 et
2408 4951 2462 5005 in
2499 4951 2685 5019 Abele,
2730 4959 2784 5007 et
2823 4951 2958 5006 nihil
3001 4959 3210 5007 natura:
3261 4956 3621 5025 co‘gnomina-

368 5041 537 5094 ’Λὸελ
556 5042 616 5095 τὸ
641 5041 728 5096 διὰ
757 5043 1077 5113 γεννήσεως,
1106 5040 1227 5095 οὔτε
1259 5045 1349 5096 ἐπὶ
1382 5042 1474 5095 τοῦ
1524 5043 1692 5113 ’Λδὰμ
1729 5043 1788 5098 τὸ
1814 5045 1941 5119 ἀνευ

2046 5044 2246 5098 tionem
2285 5045 2613 5109 immutavit,
2642 5059 2820 5114 neque
2849 5045 2902 5098 in
2955 5046 3122 5101 Ahele
3151 5047 3296 5117 quod
3330 5064 3427 5118 per
3455 5063 3620 5116 gene-

365 5135 675 5204 γεννήσεως
702 5136 780 5198 εἰς
807 5134 949 5206 ζωὴν
975 5133 1284 5206 παρελθεῖν,
1313 5133 1438 5187 οὔτε
1461 5135 1619 5206 εἴπερ
1645 5135 1704 5189 τὸ
1739 5137 1944 5190 ἁπλοῦν

2043 5133 2335 5198 rationem,
2369 5149 2544 5202 neque
2574 5135 2627 5188 in
2667 5135 2877 5190 Adamo
2922 5137 3066 5206 quod
3109 5138 3228 5193 sine
3271 5139 3621 5206 generatione

367 5227 464 5278 καὶ
489 5225 778 5280 ἀσύνθετον
810 5227 909 5297 τῆς
947 5227 1040 5280 τοῦ
1064 5227 1277 5298 Πατρδς
1300 5227 1442 5298 ζωῆς
1466 5227 1634 5298 δνομα
1668 5229 1766 5299 τὴν
1787 5231 1944 5298 ἀγεν-

2045 5225 2109 5280 ad
2163 5226 2328 5280 vitam
2386 5227 2675 5297 prodierit,
2719 5244 2895 5298 neque
2953 5230 3222 5298 siquidem
3277 5228 3506 5296 simplex
3568 5240 3620 5282 et

368 5316 563 5384 νηπίαν
601 5317 712 5388 ἔχει
737 5337 750 5348 '
781 5318 1034 5382 ὡσαύτως
1064 5318 1156 5372 καὶ
1184 5319 1273 5370 ἐπὶ
1305 5319 1404 5389 τῆς
1446 5318 1538 5372 τοῦ
1570 5317 1700 5372 Υἱοῦ
1731 5317 1874 5392 ζωῆς
1906 5324 1939 5392 ἡ

2046 5316 2456 5385 compositionis
2483 5331 2678 5386 expers
2706 5317 2816 5371 vita
2866 5317 3043 5371 Patris
3077 5331 3272 5370 nomen
3308 5315 3404 5384 τὴν
3451 5315 3618 5382 ἀγεν-

367 5406 508 5478 αὐτὴ
539 5406 715 5462 ἔννοια
740 5410 805 5478 τῇ
836 5409 970 5479 αὐτῇ
1001 5409 1151 5479 φωνῇ
1174 5409 1294 5461 κατ’
1320 5409 1563 5479 ἀνάγκην
1594 5410 1958 5482 ἑφαρμοσθήνκ

2046 5406 2234 5477 νησεαν
2271 5407 2432 5462 habet
2467 5426 2480 5461 :
2525 5407 2713 5462 eodem
2756 5416 2916 5478 pacto
2944 5414 2997 5460 et
3040 5405 3095 5458 in
3126 5403 3248 5457 Filii
3289 5403 3398 5456 vita
3429 5404 3617 5459 eadem

371 5517 524 5569 σεται
546 5516 558 5529 ·
588 5500 743 5572 εἴπερ
771 5500 856 5572 δὴ,
905 5500 1086 5564 καθώς
1122 5519 1284 5575 φησιν
1312 5503 1340 5555 ὁ
1365 5501 1645 5572 Εὐνόμιος,
1678 5502 1822 5556 δυοῖν
1851 5503 1944 5558 θά-

2047 5500 2200 5554 notio
2239 5501 2413 5555 eidem
2444 5500 2564 5553 voci
2619 5495 2935 5552 necessario
2980 5501 3243 5564 congruet
3277 5513 3290 5548 :
3324 5493 3616 5563 siquidem,

359 5589 601 5661 ’τερον,ἦ
629 5593 723 5657 καὶ
743 5592 801 5646 τὸ
823 5595 1054 5664 πρᾶγμα
1077 5597 1136 5646 τὸ
1157 5591 1476 5664 δηλούμενον
1505 5595 1716 5658 πάντως
1736 5595 1940 5670 ἕτερον,

2047 5587 2192 5641 sicut
2221 5587 2355 5641 dicit
2383 5585 2707 5648 Ennomius,
2739 5584 2972 5636 duorum
3005 5582 3259 5647 alterum,
3292 5582 3378 5636 vel
3415 5592 3468 5637 et
3504 5600 3617 5639 rem

372 5683 407 5752 ἢ
445 5673 575 5754 μηδὲ
605 5686 696 5737 τὸν
719 5684 979 5756 δηλοῦντα
1011 5685 1166 5754 λόγον
1192 5684 1376 5755 ἕτερον
1417 5681 1574 5740 εἶναι.

2047 5693 2169 5748 qum
2199 5677 2510 5732 declaratur
2553 5673 2776 5728 omnino
2813 5673 3112 5739 diversam,
3152 5673 3238 5729 vel
3286 5687 3461 5743 neque
3501 5688 3620 5744 quae

2048 5769 2308 5832 declarat,
2337 5767 2638 5822 orationem
2681 5764 2954 5821 diversam
2985 5779 3128 5821 esse.
3185 5799 3190 5805 -
