4056 6146
464 309 602 364 1077

1553 311 1832 369 CONTRA
1867 308 2261 382 EUNOHIUM,
2301 313 2431 370 LIB.
2475 315 2587 371 XII.

3579 310 3718 370 {078

457 425 632 487 οὕτως
664 421 1144 497 όμολογηθῆσεται,
1196 429 1332 502 μηδὲ
1369 429 1446 500 τῷ
1468 429 1760 498 Μονογενεῖ
1779 429 1898 500 Θεῷ
1923 429 2032 482 δεῖν

2151 443 2236 484 πο
2281 432 2536 489 confesso
2563 432 2872 500 habebitur,
2919 445 3096 504 neque
3136 436 3392 502 oportere
3426 425 3718 498 Unigenito

461 519 906 586 προσμαρτυρεῖν
935 519 1033 588 τὴν
1071 504 1319 591 θεότῆτα,
1356 523 1480 591 μιᾶς
1506 523 1599 574 καὶ
1628 523 1726 591 τῆς
1751 521 1920 590 αὐτῆς
1939 521 2040 589 τῆς

461 609 600 661 κατὰ
631 607 729 678 τὴν
751 607 1031 678 ἐνέργειαν
1056 614 1328 682 σημασίας
1356 614 1668 684 ἀμφοτέρας
1689 613 1766 683 τῷ
1790 613 1908 682 Θεῷ
1942 612 2041 676 τὰς

463 699 683 768 κλήσεις
715 699 854 752 κατά
874 701 964 754 τὸν
1003 703 1268 774 Εὑνομίου
1303 705 1458 774 λόγον
1490 705 2037 777 προσμαρτυρούσης,

464 787 582 840 καθ’
602 787 669 857 ἢν
691 788 783 841 καὶ¹
806 789 1015 861 Πατὴρ,
1038 793 1130 844 καὶ
1147 794 1488 865 Δημιουργδς
1507 793 1850 865 ὀνομάζεται.
1883 794 2044 847 Ἀλλά

463 879 572 931 τῶν
609 881 992 950 προκειμένων
1020 883 1295 953 ἐχώμεθα.

533 971 841 1024 Δ-ιαὸἀλλων
868 973 976 1043 γὰρ
1013 973 1105 1026 τὸν
1137 974 1404 1044 ἡμέτερον
1434 976 1591 1045 λόγον
1621 977 1714 1031 τὸν
1744 979 1884 1033 κατά
1923 979 2042 1032 δια-

466 1063 667 1134 φόρους
697 1063 954 1128 ἐπιδολάς
976 1064 1201 1134 λέγοντα
1231 1067 1330 1138 τὴν
1364 1068 1492 1140 περὶ
1517 1069 1652 1122 Θεοῦ
1683 1071 1884 1138 γνῶσιν
1913 1073 2044 1141 ἡμῖν

467 1152 904 1224 συναγείρεσθαι,
925 1155 1057 1225 φησὶ
1090 1155 1281 1227 μηκέτ’
1316 1157 1478 1210 αὑτὸν
1507 1157 1636 1227 παρ’
1661 1161 1693 1228 ἡ
1703 1158 1816 1228 μῶν
1840 1159 2044 1212 ἁπλοῦν

468 1236 606 1294 εἶναι
629 1242 1154 1310 κατασκευάζεσθαι,
1172 1243 1248 1307 ὡς
1279 1245 1767 1316 μεταλαμϐάνοντα
1791 1247 1898 1300 τῶν
1921 1263 2046 1318 νοη-

473 1334 659 1404 μάτων
685 1334 797 1387 τῶν
821 1335 888 1388 δι’
925 1335 1164 1407 ἑκάστης
1200 1337 1568 1408 προσηγορίας
1606 1337 2042 1408 σημαινομένων,

471 1425 671 1478 καὶδιὰ
694 1425 792 1495 τῆς
827 1425 1053 1480 ἐκείνων
1093 1427 1382 1495 μετουσίας
1423 1426 1846 1498 συμπληροῦντα
1871 1427 2048 1498 ἐαυτῷ

470 1513 566 1582 τὴν
593 1514 730 1566 κατά
761 1514 820 1567 τὸ
842 1511 978 1568 εἶναι
1004 1514 1303 1569 τελείωσιν.
1337 1514 1524 1568 Ταῦτα
1551 1515 1650 1568 διὰ.
1675 1515 1775 1584 τῆς
1807 1512 2046 1584 ἐμαυτοῦ

470 1605 670 1670 λέξεως
723 1605 1032 1676 συντέμνων
1076 1606 1238 1660 αὑτοῦ
1292 1606 1390 1678 τὴν
1448 1605 1665 1676 μακρὰν
1710 1605 2045 1674 ἀδολεσχίαν.

2143 522 2406 578 deitatem
2431 525 2751 589 attribuere,
2781 539 2907 578 cum
2941 539 3050 578 una
3084 523 3385 592 eademque
3416 520 3715 578 secundum

2141 614 2512 682 Operationem
2533 613 2858 684 signiﬁcatio
2879 621 3138 684 utrasque
3163 612 3272 667 Deo
3302 611 3715 682 appellationes.

2144 711 2202 758 ut
2232 704 2488 773 opinatur
2526 705 2847 771 Eunomius,
2885 705 3167 768 attribuat,
3208 704 3508 758 secundum
3555 717 3719 771 quam

2141 801 2196 848 et
2220 794 2379 850 Pater
2406 803 2460 850 et
2490 795 2672 866 opifex
2701 796 3032 852 nominatur.
3070 793 3177 849 Sed
3209 794 3491 863 proposita
3521 801 3714 848 tenea-

2144 899 2289 940 mus.

2216 975 2475 1031 Nostrum
2501 978 2644 1032 enim
2665 994 2971 1042 sermonem
3001 980 3369 1043 calumniam,
3395 978 3486 1049 qui
3511 991 3718 1032 secun-

2146 1066 2273 1122 dum
2326 1067 2640 1124 differentes
2697 1070 3009 1128 intellectus
3072 1072 3466 1143 applicationcs
3522 1068 3718 1124 asserit

2149 1158 2244 1214 Dei
2275 1159 2639 1229 cognitionem
2675 1162 2727 1216 in
2771 1165 2928 1220 nobis
2955 1165 3204 1228 excitari,
3239 1165 3316 1218 ait
3346 1180 3453 1218 non
3483 1161 3719 1232 amplius

2147 1250 2326 1320 ipsum
2365 1241 2585 1308 a‘nobis
2615 1253 2915 1321 simplicem
2946 1272 3068 1326 esse
3105 1256 3375 1326 praestrui,
3413 1255 3540 1325 quia
3569 1253 3718 1308 vide—

2147 1339 2275 1395 licet
2315 1342 2568 1396 n0tiones
2592 1358 2713 1412 qua!
2742 1358 2839 1412 per
2875 1358 3146 1413 quamque
3192 1343 3608 1412 appellationem
3643 1339 3719 1394 si-

2147 1432 2495 1502 gnificantur,
2527 1433 2667 1489 alias
2690 1441 2824 1504 post"
2841 1435 2976 1489 alias
3010 1442 3275 1497 assumat,
3304 1441 3356 1488 et
3389 1449 3481 1503 per
3505 1433 3718 1485 illarum

2151 1523 2611 1592 participationem
2673 1525 2777 1580 sibi
2850 1525 2955 1594 ipsi
3009 1525 3400 1594 perfectionem
3466 1522 3720 1579 essentia:

2148 1615 2435 1684 compleat.
2467 1614 2591 1670 Haec
2633 1617 2868 1686 propriis
2912 1618 3096 1672 verbis
3135 1616 3382 1680 recitavi,
3414 1615 3716 1669 concidens

484 1697 640 1749 Ἀλλὰ
695 1697 831 1767 πρὸς
872 1697 969 1768 τὴν
1013 1698 1246 1768 ματαίαν
1285 1697 1487 1766 ταύτην
1522 1697 1672 1767 οἶμαι
1726 1696 1822 1750 καὶ
1863 1695 2048 1749 ἄτονον

2151 1702 2270 1771 ejus
2297 1705 2566 1772 prolixam
2605 1704 2961 1775 nugationem
3014 1704 3128 1759 sive
3180 1703 3571 1773 garrulitatem.
3613 1699 3718 1756 Sed

469 1787 900 1857 περιττολογίαν,
935 1789 1056 1841 οὐδὲ
1086 1789 1183 1860 τὴν
1231 1789 1550 1860 ἀντίρρησιν
1588 1789 1650 1843 ἄν
1691 1805 1817 1842 τινα
1842 1788 1950 1841 τῶν
1988 1785 2047 1841 εὖ

2153 1795 2220 1849 ad
2270 1795 2412 1850 hanc
2464 1811 2673 1850 vanam-
2703 1803 2758 1851 et
2809 1794 3722 1863 invalidam-supervacaneamque

469 1879 804 1951 φρονούντων
849 1878 956 1945 ἔξω
997 1883 1094 1951 τῆς
1148 1881 1288 1933 κατὰ
1342 1882 1442 1950 τὴν
1493 1879 1678 1934 ἄνοιαν
1717 1880 2052 1950 κατηγορίας

468 1967 818 2038 ποιήσασθαι.
853 1969 914 2021 Εἰ
938 1969 1036 2039 μὲν
1065 1970 1170 2040 γάρ
1187 1987 1240 2021 τι
1268 1969 1504 2023 τοιοῦτον
1521 1973 1578 2024 ἐν
1603 1973 1712 2032 τοῖς
1730 1972 1860 2040 παρ’
1885 1970 2040 2041 ἡμῶν

466 2061 776 2130 εἰρημένοις
814 2056 902 2129 ἦν,
953 2060 1060 2113 ἔδει
1094 2061 1312 2123 πάντως
1352 2062 1497 2131 ἡμᾶς
1541 2060 1574 2131 ἢ
1611 2059 1958 2115 ἀνατίθεσθαι
1982 2060 2050 2114 τά

467 2152 654 2214 κακῶς
688 2152 972 2222 εἰρημένα,
1005 2151 1042 2222 ἢ
1075 2153 1143 2204 τὸ
1164 2152 1463 2222 ἀμφίϐολον
1493 2152 1591 2222 τῆς
1629 2151 1868 2214 διανοίας
1912 2151 2048 2222 πρὸς

465 2245 530 2298 τὸ
573 2244 863 2297 ἀνεύθυνον
914 2247 1012 2314 τῆς
1061 2244 1358 2314 ἑρμηνείας
1400 2245 1572 2313 ἄγειν.
1632 2244 1784 2297 Ἐπεὶ
1830 2243 1887 2296 δὲ
1926 2243 2048 2297 οὔτε

467 2336 682 2407 εῐρηται
734 2337 865 2406 παρ’
915 2336 1072 2406 ἡμῶν
1128 2336 1369 2390 τοιοῦτον
1421 2336 1610 2401 οὐδὲν,
1673 2335 1796 2389 οὔτε
1855 2337 1889 2405 ἡ
1940 2336 2048 2390 τῶν

467 2427 772 2499 εἰρημένων
829 2427 1118 2480 ἀκολουθία
1177 2428 1314 2498 πρὸς
1358 2427 1456 2498 τὴν
1499 2427 1766 2499 τοιαύτηνη
1803 2429 2048 2499 ἀνάγκην

470 2515 660 2581 ἐξωθεῖ
695 2515 792 2587 τὴν
831 2516 1083 2580 διάνοιαν,
1109 2516 1161 2569 τί
1199 2517 1278 2570 δεῖ
1319 2519 1432 2580 τοῖς
1467 2518 1916 2590 ὁμολογουμένοις
1963 2522 2046 2572 ὲν-

468 2603 806 2677 ὁιατρίὸοντα
825 2606 1138 2659 ἀποκναίειν
1163 2609 1285 2669 τοὺς
1307 2607 1735 2676 ἐντυγχάνοντας
1760 2611 1830 2678 τῇ
1859 2624 2042 2678 παρα-

469 2694 624 2748 τάσει
639 2694 739 2752 ,τοῦ
767 2694 923 2762 λόγου
951 2713 966 2760 ;
1003 2695 1098 2758 Τίς
1121 2697 1230 2766 γὰρ
1259 2695 1430 2760 οὕτως
1463 2695 1568 2761 ἔξω
1602 2698 1838 2762 διανοίας
1869 2699 2040 2761 ἐστὶν,

471 2786 547 2850 ὡς
577 2786 812 2849 ἀκούσας
844 2786 932 2840 διὰ
965 2787 1176 2840 πολλῶν
1205 2789 1492 2859 νοημάτων
1517 2788 1616 2851 τὰς
1653 2790 1896 2853 εὐσεϐεῖς
1919 2793 2046 2862 περὶ

474 2879 608 2932 Θεοῦ
641 2879 933 2957 ὑπολήψεις
972 2878 1338 2950 ἀθροίζεσθαι,
1375 2881 1628 2935 σύνθετον
1662 2883 1728 2935 ἐκ
1773 2883 2045 2954 διαφόρων

475 2971 538 3024 τὺ
567 2972 721 3025 Θείον
745 2971 974 3037 οἴεσθαι,
997 2972 1030 3043 ἢ
1062 2974 1125 3024 ἐκ
1146 2971 1500 3043 μεταλήψεώς
1528 2991 1688 3028 τινων
1715 2974 1892 3044 ἐαυτῷ
1925 2993 2049 3028 συν·

2153 1886 2513 1956 loquentiam,
2551 1902 2734 1956 neque
2755 1902 3080 1957 quemquam
3109 1887 3212 1956 qui-
3233 1893 3380 1939 recte
3408 1885 3584 1953 sapiat
3621 1883 3721 1938 dc-

2152 1977 2277 2032 bcre
2324 1978 2752 2032 contradicendo
2809 1978 3144 2048 respondere
3205 1978 3325 2032 sine
3369 1976 3723 2030 accusatione

2150 2069 2400 2124 amentiae
2452 2069 2714 2123 arbitror.
2769 2067 2827 2122 Si
2880 2069 3024 2123 enim
3068 2065 3358 2136 quid'tale
3413 2066 3468 2119 in
3520 2064 3723 2118 nostris

2149 2159 2308 2214 dictis
2330 2165 2496 2224 esset,
2531 2165 2809 2226 oporteret
2835 2172 2936 2211 nos
2969 2157 3255 2210 maledicta
3284 2163 3603 2216 retractare,
3637 2153 3741 2206 vel.

2149 2248 2292 2318 quod
2335 2248 2646 2318 ambiguam
2688 2247 3015 2303 sententiam
3054 2246 3238 2305 habet,
3284 2245 3723 2312 ad’interpreta-

2149 2339 2313 2394 tionis
2338 2353 2632 2393 censuram
2672 2348 2724 2393 et
2749 2352 2977 2392 examen
3003 2349 3282 2391 revocare.
3325 2333 3432 2389 Sed
3460 2331 3722 2403 quoniam

2148 2429 2283 2484 nihil
2319 2429 2620 2500 quidquam
2653 2429 2760 2483 tale
2795 2443 2824 2481 a
2858 2428 3014 2483 nobis
3039 2426 3243 2482 dictqu
3273 2434 3354 2480 est
3382 2466 3396 2486 ,
3443 2438 3620 2494 neque
3649 2423 3728 2475 di-

2145 2529 2356 2577 ctorum
2390 2520 2707 2575 consecutio
2742 2519 2808 2572 ad
2841 2520 3004 2574 taiEm
3043 2518 3422 2574 necessitatem
3450 2515 3724 2584 compellit

2145 2613 2558 2682 cogitationem,
2592 2611 2724 2681 quid
2768 2626 2906 2682 opus
2951 2603 3035 2666 εει
3067 2611 3121 2664 in
3158 2609 3466 2664 manifestis
3496 2615 3551 2663 et
3588 2621 3724 2661 con-

2147 2705 2307 2760 fessis
2342 2703 2729 2758 immorantem
2759 2703 2995 2757 lectores
3027 2701 3187 2755 taedio
3211 2699 3422 2754 allicere
3455 2698 3725 2753 sermonis

2145 2796 2548 2868 protractione?
2573 2795 2707 2862 Quis
2743 2795 2890 2849 enim
2924 2796 2998 2849 ita
3032 2802 3188 2850 extra
3233 2800 3471 2847 mentem
3510 2799 3619 2856 est,
3658 2797 3726 2844 ut

2147 2903 2271 2943 cum
2303 2886 2538 2942 audierit
2565 2901 2662 2956 per
2694 2887 2895 2941 multas
2926 2885 3178 2940 notiones
3222 2885 3290 2939 de
3317 2882 3428 2938 Deo
3460 2883 3575 2953 pias
3608 2882 3726 2952 Opi-

2149 2981 2345 3035 niones
2379 2980 2647 3046 acervari,
2678 2995 2746 3034 ex
2781 2979 3014 3035 diversis
3048 2993 3248 3033 numen
3280 2975 3574 3031 conﬂatum
3602 2989 3726 3029 esse

470 3063 716 3134 αγείρειν
749 3062 847 3134 τὴν
889 3062 1198 3134 τελειότητα
1224 3081 1238 3131 ;
1267 3063 1480 3135 Εὖρατό
1516 3081 1599 3128 τις
1631 3064 1750 3119 καθ’
1790 3067 2043 3120 ὑπόθεσιν

2151 3079 2322 3143 putet,
2356 3073 2438 3128 vel
2470 3087 2534 3126 ex
2565 3072 3036 3142 transsumptione
3077 3068 3438 3141 quorumdam
3479 3067 3582 3123 sibi
3619 3065 3721 3136 ipsi

471 3155 831 3227 γεωμετρίαν,
857 3157 884 3209 ό
915 3155 970 3208 δέ
1002 3156 1163 3220 αὐτὸς
1197 3149 1350 3220 οὗτος
1385 3156 1700 3228 ὑπειλήφθω
1734 3159 1827 3211 καὶ
1853 3161 2047 3231 ἀστρο-

473 3247 663 3317 νομίας
688 3247 910 3318 εὑρετὴς
937 3243 1094 3312 εἷναι,
1117 3249 1366 3318 ἰατρικῆς
1392 3265 1448 3301 τε
1479 3250 1759 3302 πάλιν-καὶ
1792 3267 2050 3322 γραμμα-

473 3340 650 3409 τικῆς,
687 3341 780 3392 καὶ
813 3340 1110 3411 γεωργίας,
1146 3340 1241 3393 καὶ
1277 3339 1451 3393 ἄλλων
1477 3341 1731 3395 τοιούτων
1765 3344 2049 3413 ἐπιτηδευο

477 3433 661 3502 μάτων
712 3431 898 3486 τινῶνῖ
955 3428 1080 3503 'Ap’
1121 3433 1308 3502 ἐπειδὴ
1353 3433 1534 3487 πολλὰ.
1569 3435 1668 3487 καὶ·
1699 3435 1942 3506 διάφορα
1981 3438 2050 3491 τά

473 3524 711 3592 ὀνόματα
738 3523 847 3576 τῶν
872 3522 1315 3592 ἐπιτηδευμάτων
1342 3524 1470 3593 περ).
1489 3525 1590 3597 τὴν
1625 3525 1753 3595 μίαν.
1767 3525 2047 3598 θεωρεῖται

473 3616 686 3686 ψυχὴν,
731 3615 979 3677 σύνθετος
1023 3613 1110 3668 διὰ
1159 3615 1316 3668 τοῦτο
1359 3618 1393 3686 ἡ
1441 3616 1586 3687 ψυχὴ
1631 3617 2044 3688 νομισθήσεται;

475 3709 672 3763 Καίτοι·
697 3725 759 3777 γε
798 3708 1046 3760 πλεῖστον
1089 3708 1336 3779 διαφέρει
1363 3707 1424 3760 τὸ
1466 3709 1610 3761 κατά
1644 3709 1743 3779 τὴν
1803 3711 2048 3783 ἰατρικὴν

476 3801 872 3872 σημαινόμενον
913 3799 1014 3868 τῆς
1063 3799 1463 3870 ἀστρονομικῆς
1517 3801 1849 3872 ἐπιστήμης,
1887 3803 2046 3875 καὶὴ

474 3891 836 3964 γραμματικὴ
869 3892 1004 3962 πρὸς
1042 3891 1141 3964 τὴν
1169 3890 1510 3962 γεωμετρίαν
1538 3892 1794 3963 οὐδεμίαν
1820 3895 1960 3948 κατὰ
1987 3895 2048 3947 τὸ

479 3983 876 4054 σημαινόμενον
914 3983 1012 4052 τὴν
1049 3981 1329 4036 κοινωνίαν
1361 3982 1472 4052 ἔχει
1497 3997 1511 4010 ⁸
1564 3985 1671 4037 οὐδ’
1719 3982 1785 4040 αὖ
1827 3988 2047 4060 πάλινή

476 4075 743 4138 ναυτιλία,
767 4076 859 4128 καὶ
891 4077 924 4145 ἡ
949 4073 1234 4142 γεοπονία·
1267 4075 1401 4129 ἀλλά
1435 4077 1541 4147 μὴν
1567 4079 1694 4149 περὶ
1721 4079 1819 4150 τὴν
1849 4081 2044 4152 ψυχὴν,

476 4166 681 4220 τούτων
713 4167 948 4236 ἑκάστης
978 4166 1069 4218 τὸν
1093 4165 1249 4234 λόγον
1293 4165 1516 4220 δυνατὸν
1557 4167 1928 4240 ἀθροισθῆναι,
1957 4173 2048 4226 καὶ

476 4258 540 4310 οὐ
593 4256 678 4310 διὰ
714 4255 870 4309 τοῦτο
915 4255 1304 4320 πολυσύνθετος
1357 4258 1390 4328 ἡ
1444 4256 1589 4329 ψυχὴ
1632 4258 1870 4328 γίνεται,
1928 4262 2048 4316 οὐδὲ

477 4350 656 4402 πάντα
678 4347 747 4400 τά
766 4348 1001 4417 ὀνόματα
1019 4347 1126 4400 τῶν
1148 4347 1591 4418 ἐπιτηδευμάτων
1612 4350 1748 4420 πρὸς
1771 4349 1828 4403 ἓν
1851 4367 2059 4422 σημαιο-

2157 3163 2544 3235 perfectionem
2594 3163 2928 3234 congerere?
2972 3162 3248 3218 Ponamus
3284 3162 3519 3232 aliquem
3569 3160 3726 3215 inve-

2157 3256 2303 3310 nisse
2331 3253 2706 3326 geometriam,
2740 3254 2828 3308 hic
2850 3254 2990 3308 idem
3019 3253 3362 3308 existimetur
3378 3249 3728 3306 astronomia

2157 3349 2406 3402 inventor
2436 3360 2579 3410 esse,
2613 3343 2897 3400 medicina:
2925 3358 3120 3400 rursus
3168 3353 3222 3399 et
3255 3345 3645 3414 grammaticae,
3665 3352 3728 3396 ,οι

2155 3436 2524 3507 agriculturae,
2546 3443 2600 3490 et
2625 3435 2854 3488 aliorum
2889 3432 3247 3504 quorumdam
3289 3432 3478 3486 talium
3515 3429 3727 3486 studie-

2155 3545 2299 3583 rum.
2338 3527 2421 3581 Au
2451 3542 2575 3581 cum
2619 3526 2786 3580 multa
2818 3534 2871 3582 et
2905 3524 3220 3579 differentia
3250 3523 3470 3578 nomina
3512 3522 3728 3579 studio-

2154 3635 2299 3684 rum,
2332 3619 2386 3674 in
2420 3632 2528 3672 una
2548 3616 2972 3674 considerantur:
2995 3615 3198 3680 anima,
3231 3621 3451 3685 propter
3481 3615 3583 3668 hoc
3603 3615 3726 3667 ani-

2154 3726 2240 3764 ma
2261 3709 2565 3788 composita
2582 3706 3021 3763 existimabitur?
3041 3707 3204 3777 Atqui
3226 3706 3519 3776 plurimum
3545 3703 3728 3759 differt

2156 3801 2444 3856 medicina:
2472 3797 2838 3869 significatum
2869 3796 2938 3852 ab
2968 3797 3339 3852 astronomica
3378 3795 3636 3861 scientia,
3670 3803 3726 3850 et

2157 3892 2512 3964 grammatica
2535 3905 2658 3945 cum
2679 3890 2974 3959 geometria
3004 3889 3208 3944 nullam
3234 3890 3534 3945 secundum
3556 3889 3727 3959 signi-

2156 3987 2374 4041 ﬁcatum
2407 3983 2846 4043 conimunimrem
2897 3981 3081 4050 habet,
3128 3997 3305 4052 neque
3343 3995 3538 4036 rursus
3569 3981 3724 4035 navi-

2156 4078 2301 4148 gatio
2339 4086 2392 4132 et
2425 4076 2800 4147 agricultura:
2833 4085 3207 4130 verumtamen
3233 4073 3347 4129 ﬁeri
3371 4082 3548 4143 potest
3577 4083 3636 4127 ut
3668 4073 3722 4126 in

2156 4185 2263 4226 una
2293 4169 2591 4237 eademque
2626 4167 2808 4222 anima
2852 4167 3045 4220 barum
3094 4165 3338 4219 omnium
3370 4163 3723 4219 scientiarum

2156 4262 2297 4316 ratio
2327 4268 2674 4329 congeratur,
2712 4273 2889 4326 neque
2923 4263 3210 4325 propterea
3255 4254 3434 4306 anima
3466 4253 3536 4307 sit
3569 4267 3724 4306 com-

2156 4353 2354 4421 posita,
2410 4365 2585 4419 neque
2640 4347 2821 4402 omnia
2863 4345 3276 4413 disciplinarum
3322 4350 3376 4396 et
3416 4341 3722 4396 studiorum

478 4437 701 4507 νόμενον
743 4439 1122 4508 ἀνακιρνᾶται.
1183 4437 1246 4490 Ei
1279 4437 1459 4491 τοίνυν
1497 4440 1526 4491 δ
1561 4439 1898 4511 ἀνθρώπινος
1925 4442 2048 4506 νοῦς

2154 4443 2375 4498 numina
2409 4441 2463 4495 in
2506 4455 2615 4495 uno
2660 4437 2966 4510 significatu
2995 4436 3441 4491 commiscentur.
3475 4432 3540 4487 Si
3559 4433 3725 4504 igitur

478 4528 566 4582 διά
591 4527 857 4581 τοσούτων
902 4528 1032 4598 περὶ
1074 4527 1238 4580 αὑτοῦ
1285 4528 1610 4599 λεγομένων,
1663 4532 1816 4586 οὐδὲν
1850 4534 1930 4596 εἰς
1952 4533 2050 4605 τὴν

480 4619 758 4689 ἁπλότητα
808 4618 1124 4688 βλάπτεται,
1159 4617 1279 4680 πῶς
1319 4618 1384 4671 ἀν
1413 4635 1496 4681 τις
1539 4621 1748 4692 οἰηθείη
1778 4623 1869 4675 τὸν
1897 4623 2049 4690 Θεὸν,

481 4713 529 4765 εί
554 4710 736 4779 σοφὸς,
782 4711 876 4763 καὶ
920 4710 1145 4771 δίκαιος,
1183 4710 1277 4760 καὶ
1323 4707 1547 4774 ἀγαθὸς,
1579 4711 1672 4763 καὶ
1717 4712 1904 4776 ἀΐδιος,
1958 4715 2097 4767 καὶ-

480 4804 658 4858 πάντα
687 4801 756 4854 τά
775 4800 1050 4872 θεοπρεπῆ
1072 4801 1287 4854 καλοῖτο
1309 4799 1568 4868 ὀνόματα,
1607 4802 1656 4853 εἰ
1682 4802 1755 4872 μὴ
1785 4804 1886 4872 μία
1919 4806 2052 4860 πᾶσι

479 4893 762 4964 νομισθείη
777 4895 887 4956 τοῖς
905 4892 1131 4962 ὀνόμασι
1149 4890 1413 4961 σημασία,
1430 4889 1462 4958 ἢ
1480 4890 1766 4963 πολυμερῆ
1783 4894 2048 4963 γίνεσθαι,

479 4987 512 5056 ἢ
552 4987 616 5038 ἐκ
647 4985 936 5056 μετουσίας
964 4981 1168 5036 τούτων
1189 4981 1248 5034 τὸ
1273 4981 1476 5034 τέλειον
1499 4981 1679 5053 ἐαυτῷ
1708 4986 2053 5058 συναγείρειν

479 5079 577 5149 τῆς
601 5077 817 5147 φύσεως
839 5098 852 5141 δ

565 5255 702 5308 ’Δ).).’
732 5254 1073 5325 ἐξετάσωμεν
1103 5254 1267 5306 αὐτοῦ
1297 5254 1392 5308 καὶ
1419 5255 1514 5326 τὴν
1545 5257 1903 5330 σφοδροτέραν
1929 5261 2051 5314 καθ’

481 5345 637 5416 ἡμῶν
672 5345 1004 5416 κατηγορίαν
1042 5345 1270 5415 ἔχουσαν
1301 5345 1502 5410 οὕτως’
1540 5351 1610 5402 El
1638 5348 1706 5401 δὲ
1726 5349 1833 5415 δεῖ,
1867 5352 2050 5421 φησὶν,

482 5441 578 5493 ἐπὶ
599 5440 703 5493 τὸν
738 5437 1188 5508 ἀποτομώτερον
1224 5440 1494 5509 χωρῆσαι
1527 5442 1732 5512 λόγον,
1773 5443 1916 5497 οὐδὲ
1939 5445 2054 5513 τὴν

483 5528 702 5582 οὐσίαν
721 5527 915 5596 αὐτὴν
931 5527 1320 5596 ἀνεπίμικτον
1339 5530 1436 5584 καί
1457 5532 1722 5600 καθαρὰν
1746 5533 2052 5602 φυλάσσει

484 5619 602 5673 τῶν
629 5619 913 5687 χειρόνων
941 5617 1040 5671 καί
1073 5618 1191 5671 τῶν
1215 5619 1522 5673 ἐναντίων.
1575 5622 1639 5674 Ἦ
1674 5623 1771 5691 μὲν
1800 5619 1891 5677 οὖν
1917 5643 2050 5679 κατ-

484 5711 686 5784 ηγορία
709 5704 974 5776 τοσαύτη·
1012 5711 1042 5766 ὁ
1068 5710 1126 5765 δὲ
1167 5710 1277 5778 τῶν
1305 5711 1662 5784 ἐγκλημάτων
1689 5714 1905 5787 ἔλεγχος
1934 5717 2049 5784 τίς;

2153 4535 2390 4590 humana
2422 4547 2576 4588 mens
2611 4546 2709 4602 per
2747 4528 2971 4584 totidem
3007 4543 3129 4599 quae
3170 4529 3236 4583 de
3281 4527 3397 4597 ipsa
3437 4527 3721 4588 dicuntur,

2153 4626 2286 4681 nihil
2341 4625 2396 4678 in
2438 4639 2534 4679 sua
2582 4621 2934 4691 simplicitate
2992 4619 3226 4683 laeditur,
3278 4617 3552 4689 quomodo
3600 4617 3723 4688 quis

2153 4715 2322 4771 Deum
2366 4711 2659 4784 putaverit,
2697 4709 2741 4765 si
2768 4709 3007 4780 sapiens,
3041 4708 3320 4778 etjustus,
3351 4713 3404 4762 et
3433 4707 3634 4770 bonus,
3667 4717 3720 4760 et

2153 4807 2541 4874 sempiternus,
2580 4811 2633 4858 et
2671 4801 2927 4856 omnibus
2974 4799 3082 4856 Deo
3114 4800 3330 4855 decoris
3361 4806 3586 4855 vocetur
3619 4815 3718 4853 no-

2153 4897 2415 4961 minibus,
2439 4895 2481 4951 si
2514 4910 2621 4949 non
2647 4893 2901 4948 omnibus
2925 4892 3074 4947 hisce
3113 4892 3423 4948 nominibus
3465 4907 3570 4945 una
3597 4891 3719 4945 exi-

2153 4989 2373 5046 stimata
2433 4987 2597 5042 fuerit
2648 5001 2772 5041 esse
2817 4985 3183 5054 significatio,
3241 4986 3424 5040 multis
3471 4982 3720 5055 partibus

2152 5087 2431 5146 constare,
2470 5078 2553 5133 vel
2583 5093 2648 5133 ex
2679 5079 2871 5132 horum
2905 5077 3322 5148 participatione
3353 5085 3559 5130 natura:
3596 5086 3720 5140 per-

2152 5173 2445 5228 fectionem
2479 5171 2583 5226 sibi
2612 5170 2996 5226 accumulare?

2226 5265 2330 5321 Sed
2366 5265 2485 5335 ejus
2516 5264 2974 5319 veheu'icntiorem
3025 5273 3213 5318 contra
3267 5275 3367 5313 nos
3405 5256 3713 5310 accusatio-

2153 5374 2276 5413 nem
2301 5356 2700 5418 examinemus,
2736 5371 2856 5424 qua:
2886 5355 2964 5410 sic
2999 5354 3181 5405 habet.
3216 5347 3372 5414 Quod
3406 5349 3474 5411 si,
3517 5347 3718 5416 inquit,

2154 5449 2221 5503 ad
2256 5449 2560 5503 severiorem
2593 5455 2792 5515 oportet
2817 5445 3109 5498 orationem
3136 5441 3329 5504 venire,
3357 5455 3518 5509 neque
3554 5456 3722 5494 essen-

2155 5540 2281 5593 tiam
2306 5539 2476 5608 ipsam
2506 5536 2889 5605 impermislam
2919 5542 2968 5585 et
2994 5551 3025 5585 a
3057 5531 3480 5608 deterioribus}:
3508 5546 3725 5586 contra-

2154 5632 2248 5684 riis
2272 5644 2463 5698 puram
2484 5635 2675 5682 servat.
2709 5624 2834 5678 Haec
2869 5624 3035 5693 igitur
3068 5623 3349 5679 accusatio
3375 5603 3571 5678 contra
3595 5639 3715 5682 nos,

2154 5720 2442 5777 criminum
2506 5724 2686 5773 autem
2742 5714 3009 5786 probat-io,
3040 5714 3203 5788 quae?
3257 5712 3558 5772 Videamus
3600 5714 3722 5784 eius
