4056 6146
303 241 469 310 rost

1398 253 1680 312 CONTRA
1718 252 2108 322 EUNOM‘IUM,
2148 254 2275 311 [ΑΒ.
2313 255 2434 312 ΧΠ.

3418 265 3555 324 1032

298 375 562 434 δὲῗωκεν,
599 364 646 424 ὦ
674 370 930 443 Εὑνόμιε,
961 373 1036 436 ὡς
1075 373 1150 445 μὴ
1186 372 1333 446 πάσῃ
1364 374 1782 447 ωνθεωρεῖσθαι
1813 376 1881 446 τῇ

1989 374 2043 428 in
2080 373 2228 430 omni
2263 375 2374 428 vita
2420 373 2516 429 Dei
2558 372 3130 446 incorruptibilitatem
3175 379 3558 438 considerari?

301 467 416 536 ζωῇ
449 466 542 518 τοῦ
572 465 709 518 Θεοῦ
738 465 836 535 τὴν
863 465 1173 536 ἀφθαρσίαν
1198 483 1212 533 ;
1233 466 1328 531 Τίς
1354 467 1544 521 διελὼν
1578 471 1636 522 ὲν
1664 467 1756 540 δύο
1787 467 1886 540 τὴν

303 558 456 612 Θείαν
490 558 635 629 ζωὴν
659 555 984 621 ἰδιαζούσαις
1018 561 1222 626 φωναῖς
1261 558 1589 630 ἐπονομάζει
1618 559 1726 612 τῶν
1754 561 1885 630 ήμι-

303 650 488 719 τόμων
506 650 784 720 ἑκάτερον,
804 647 944 701 ὥστε
968 641 1121 719 ᾧπερ
1139 649 1206 703 ἂν
1221 652 1473 721 τμήματι
1501 651 1658 705 τοῦτο
1678 652 1886 722 προσῆν

303 741 368 794 τὸ
395 739 588 810 ὄνομα,
633 741 709 812 μὴ
753 743 1037 811 προσεῖναι
1069 740 1249 811 λέγειν
1282 742 1431 813 αὑτῷ
1455 743 1548 796 καί⁵
1591 743 1650 797 τὸ
1676 743 1882 814 ἕτερον,

303 834 406 903 τῆς
436 832 532 901 σῆς
561 831 700 902 αὕτη
741 832 1094 902 διαλεκτικῆς
1125 832 1564 904 ήδριμύτης,,τὸ
1589 833 1686 906 τὴν
1720 836 1887 908 ἀνάρ-

305 943 417 996 χως
438 920 604 978 οὖσαν
634 923 799 994 ζωὴν,
825 910 1072 996 φθαρτὴν
1094 927 1266 978 είπεῐν
1295 919 1454 992 εἶναι,
1479 926 1572 980 καὶ
1597 930 1660 998 τῇ
1681 927 1886 999 ἀφθάρ-

304 1035 382 1088 τῳ
424 1017 498 1087 μὴ
543 1017 965 1088 συνθεωρεῖσθαι
1009 1018 1070 1070 τὸ
1116 1019 1350 1088 ἄναρχον
1379 1034 1394 1050 ⁸
1435 1019 1652 1088 ὅμοιον,
1696 1019 1885 1090 ὥσπερ

306 1107 372 1162 ἄν
399 1110 450 1162 ἐι
475 1126 558 1172 τις
588 1109 800 1178 Αογικόν
830 1126 889 1160 τε
920 1110 1015 1162 καὶ
1049 1109 1140 1163 νοῦ
1176 1110 1269 1163 καὶ
1300 1111 1612 1182 ἐπιστήμης
1641 1109 1884 1165 δεκτικὸν

306 1199 398 1272 τὸν
432 1197 718 1266 ἄνθρωπον
748 1194 887 1252 εἶναι
912 1197 1082 1267 λέγοι,
1119 1199 1382 1270 ἑκάτερον
1411 1200 1736 1272 ὲφαρμὸςων
1764 1199 1885 1253 τού-

305 1271 415 1343 των
464 1289 574 1343 τῶν
605 1290 884 1361 ὀνομάτων
919 1289 997 1361 τῷ
1027 1291 1390 1361 ὑποκειμένῳ,
1443 1271 1585 1347 κατά
1631 1292 1884 1363 διάφορον

307 1381 572 1451 ἐπιϐολήν
603 1397 662 1433 τε
693 1382 788 1434 καὶ
816 1381 1043 1444 ἔννοιαν,
1065 1382 1254 1435 ἔπειτα
1288 1382 1439 1453 παρά
1463 1400 1606 1445 τινος
1642 1382 1882 1436 τοιούτου

307 1473 788 1544 καταχλευάζοιτο,
822 1473 1104 1538 διεξιόντος
1133 1476 1200 1528 τὰ
1228 1476 1409 1545 ὃμοια.
1471 1477 1590 1529 Ὀτι
1627 1477 1676 1528 εἰ
1709 1477 1883 1529 δεκτι-

307 1564 405 1628 κὸς
433 1558 525 1617 νοΰ
575 1565 670 1617 καὶ
717 1566 1022 1635 ἐπιστήμης
1063 1567 1090 1617 ὁ
1135 1565 1441 1637 ἄνθρωπος,
1493 1566 1707 1633 λογικὸς
1743 1568 1883 1620 κατά

308 1654 466 1707 τοῦτο
489 1649 627 1709 εἶναι
656 1656 716 1708 οὐ
742 1654 983 1720 δύναται,
1003 1655 1137 1710 ἀλλά
1163 1656 1296 1709 καθὸ
1321 1657 1566 1720 δεκτικός
1600 1657 1748 1711 ἐστιν
1771 1659 1882 1711 ἐπι-

1988 463 2122 531 Quis
2153 466 2209 519 in
2235 465 2344 520 du'o
2375 467 2609 535 partitus
2645 465 2885 521 divinam
2923 468 3090 522 vitam
3127 455 3358 527 vocibus
3393 486 3587 542 sepa—‘

1987 557 2147 610 ratim
2184 557 2624 628 signiﬁcantibus
2656 561 3076 615 semisectorum
3121 571 3412 632 utrumque
3454 579 3556 617 no-

1987 652 2181 718 minat,
2219 652 2292 706 ita
2323 661 2387 707 ut
2425 652 2882 724 quemadmodum
2931 655 2974 708 si
3006 655 3098 709 uni
3145 666 3425 726 segmento
3455 658 3556 712 hoc

1987 741 2190 796 inesset
2229 757 2450 809 nomen,
2481 743 2656 798 eidem
2693 745 2923 798 alterum
2953 760 3060 798 non
3088 761 3208 801 esse
3238 746 3417 802 dicat:
3444 747 3555 801 haec

1985 839 2092 884 tum
2130 831 2430 887 dialectica:
2473 834 2771 900 subtilitas,
2823 835 2988 888 vitam
3043 851 3165 904 quae
3212 842 3295 891 est
3349 838 3557 907 absque

1987 925 2256 994 principio
2289 925 2699 995 corruptibilem
2735 941 2857 982 esse
2882 927 3082 992 dicere,
3112 938 3165 982 et
3207 942 3330 982 cum
3368 929 3555 982 incor-

1987 1014 2229 1082 ruptibili
2257 1014 2401 1084 quod
2431 1016 2687 1085 principii
2719 1025 2804 1071 est
2831 1029 3025 1086 expers
3053 1035 3160 1072 non
3185 1019 3551 1075 considerari.

1989 1101 2249 1159 Similiter
2288 1121 2352 1160 ac
2393 1107 2437 1160 si
2478 1106 2603 1175 quis
2656 1107 2800 1175 quod
2838 1108 3070 1164 rationis
3120 1119 3201 1166 cst
3257 1112 3552 1180 particeps,

1985 1195 2187 1250 mentis
2217 1205 2272 1250 et
2317 1197 2559 1252 scientiae
2591 1212 2786 1266 capax,
2829 1198 3106 1254 hominem
3153 1217 3276 1256 esse
3325 1201 3551 1264 diceret,

1988 1294 2284 1355 utrumque
2314 1303 2511 1342 nomen
2543 1288 2788 1357 subjecto
2808 1290 3230 1346 acCommodans
3253 1293 3552 1347 secundum

1986 1376 2321 1432 diﬁ‘ercntem
2361 1377 2560 1433 mentis
2606 1387 2932 1449 conceptum
2973 1387 3026 1435 et
3075 1383 3552 1452 excogitationem,

1985 1469 2182 1524 deinde
2209 1485 2237 1522 a
2268 1472 2456 1525 nescio
2497 1487 2607 1539 quo
2648 1473 3081 1527 subsannaretur
3114 1473 3228 1527 haec
3265 1481 3318 1528 et
3357 1475 3555 1529 similia

1983 1567 2311 1628 exponente.
2345 1559 2499 1624 Quod
2530 1561 2574 1615 si
2611 1561 2809 1615 mentis
2832 1568 2886 1614 et
2911 1561 3152 1617 scientiae
3177 1579 3346 1633 capax
3366 1565 3550 1625 homo,

1987 1647 2218 1704 rationis
2250 1651 2522 1719 particeps
2556 1650 2858 1704 secundum
2892 1650 3125 1720 idipsum
3159 1668 3281 1707 esse
3323 1669 3432 1708 non
3467 1670 3556 1724 po-

311 1749 544 1818 στήμης,
575 1745 733 1800 τοῦτο
765 1747 921 1817 μόνον
954 1708 1134 1809 έσται,
1163 1708 1223 1800 τὸ
1338 1708 1527 1818 ἕτερον
1547 1708 1607 1802 οὐ

1990 1748 2114 1806 test,
2151 1739 2244 1795 sed
2281 1749 2552 1810 quatenus
2583 1742 2828 1797 scienti:e
2869 1751 2954 1798 est
2997 1743 3271 1814 particeps
3324 1745 3426 1800 hoc
3467 1761 3556 1800 so-

310 1841 344 1910 ή
374 1839 562 1906 φύσις·
599 1839 692 1891 καὶ
721 1837 904 1904 πάλιν,
947 1839 996 1890 εί
1016 1838 1229 1906 λογικὸν
1269 1839 1424 1912 ὁρίζῃ
1457 1838 1546 1892 τὸν
1577 1839 1880 1909 ἄνθρωπον,

309 1931 490 1982 οὐκέτι
552 1928 698 1999 αὐτῷ
761 1929 822 1981 τὸ
869 1928 1113 1982 δεκτικὸν
1181 1928 1280 1982 τοῦ
1342 1929 1433 1984 νοῦ
1485 1932 1878 2002 συγχωρήσεις.

310 2020 461 2074 Καθὸ
493 2020 601 2091 γάρ
633 2020 847 2088 λογικός
900 2021 1067 2084 ἐστιν,
1103 2018 1368 2090 ἀμέτοχος
1401 2019 1639 2084 διανοίας
1672 2023 1884 2076 ἀναδει-

310 2113 586 2183 χθήσεται.
645 2113 710 2165 Ei
752 2111 810 2164 δὲ
860 2111 1122 2183 πρόδηλον
1156 2113 1214 2165 ἐν
1249 2112 1458 2175 τούτοις
1484 2113 1600 2166 ἐστὶ
1637 2115 1796 2168 παντὶ
1826 2115 1888 2170 τδ

310 2202 517 2270 γελοῖόν
536 2219 596 2254 τε
626 2203 719 2256 καὶ
752 2203 997 2273 ἀνόητον,
1021 2202 1142 2255 οὐδὲ
1179 2205 1266 2255 ἐπ’
1287 2203 1510 2256 ’ἐκείνου
1543 2204 1758 2268 πάντως
1779 2207 1883 2277 ἀμ-

312 2293 548 2360 φίϐολον.
617 2293 904 2360 Ἀναγνοὺς
948 2294 1056 2364 γάρ
1092 2292 1186 2346 τοῦ
1217 2293 1535 2348 διδασκάλου
1575 2295 1672 2366 τὴν
1703 2298 1880 2367 ῥῆσιν,

313 2384 472 2438 σκιάν
489 2386 741 2456 εὑρήσεις
763 2385 862 2456 τὴν
887 2384 1103 2439 παιδιὰν
1121 2384 1214 2438 τοῦ
1240 2385 1588 2456 σοφίσματος.
1617 2385 1750 2440 Οὔτε
1776 2388 1884 2456 γὰρ

312 2479 371 2531 ἐν
403 2477 480 2548 τῷ
523 2478 664 2532 κατά
706 2479 796 2532 τὸν
837 2478 1120 2549 ἄνθρωπον
1147 2479 1503 2548 ὑποδείγματι
1537 2480 1596 2532 τὸ
1639 2479 1883 2534 δεκτικὸν

310 2569 416 2640 τῆς
441 2571 747 2640 ἐπιστήμης
772 2570 877 2622 ὑπὸ
913 2569 1007 2622 τοῦ
1049 2570 1205 2638 λόγου
1252 2570 1536 2631 κωλύεται,
1585 2571 1618 2641 ἢ
1657 2571 1761 2623 ὑπὸ
1790 2570 1882 2623 τοῦ

311 2660 564 2714 δεκτικοῦ
607 2663 703 2732 τῆς
735 2660 970 2724 διανοίας
1009 2662 1037 2713 ὁ
1074 2661 1229 2728 λόγος
1258 2678 1270 2688 ·
1317 2660 1440 2713 οὕτε
1481 2660 1543 2713 τὸ
1573 2661 1744 2714 ἀΐδιον
1786 2663 1883 2732 τῆς

313 2753 466 2815 θείας
493 2749 654 2820 ζωῆς,
683 2751 717 2822 ἢ
750 2751 811 2803 τὸ
848 2750 1118 2822 ἄφθαρτον
1144 2752 1243 2804 οὐκ
1275 2751 1407 2821 ἔχει,
1439 2751 1534 2806 ἐὰν
1569 2753 1804 2823 ἄναρχον
1824 2750 1880 2826 ᾖ,

315 2843 350 2914 ἦ
387 2843 547 2914 εἴπερ
593 2841 691 2912 τὴν
732 2841 1038 2913 ἀφθαρσίαν
1077 2859 1161 2901 τις
1203 2841 1338 2912 αὐτῇ
1393 2843 1793 2912 μαρτυρήσειε,
1824 2843 1884 2894 τὸ

313 2937 569 3007 ἀνάρχως
597 2929 737 2988 εἶναι
774 2933 1222 3005 ἀφαιρεθήσεται.
1281 2931 1418 2985 Ἀλλ’
1441 2933 1468 2985 ὁ
1498 2934 1563 3002 τῇ
1598 2933 1763 3004 τέχνῃ
1784 2932 1882 3002 τῆς

1985 1834 2095 1885 lum
2150 1833 2276 1896 erit,
2324 1832 2555 1886 alterum
2607 1848 2734 1888 vero
2768 1849 2876 1888 non
2927 1835 3175 1888 admittet
3226 1845 3461 1902 natura;
3501 1845 3556 1891 ct

1985 1938 2202 1988 rursus,
2248 1923 2294 1979 si
2341 1924 2573 1978 rationis
2608 1925 2926 1995 participem
2981 1924 3213 1982 deﬁnias
3253 1927 3550 1995 hominem,

1985 2029 2093 2068 non
2132 2016 2364 2086 amplius
2385 2017 2562 2086 ipsum
2594 2019 2792 2072 mentis
2825 2034 2946 2074 esse
2974 2033 3228 2090 capacem
3263 2021 3550 2076 concedis:

1983 2115 2090 2178 q'ua
2117 2111 2260 2164 enim
2292 2111 2522 2164 rationis
2541 2117 2623 2166 est
2650 2112 2946 2182 particeps,
2971 2113 3336 2183 intelligentia:
3359 2130 3555 2184 expers

1985 2199 2475 2254 demonstrabitur.
2515 2199 2672 2266 Quod
2717 2200 2762 2254 si
2811 2201 3031 2271 planum
3073 2210 3155 2255 est
3197 2202 3373 2257 cuivis
3407 2204 3552 2272 quod

1986 2293 2041 2344 in
2072 2290 2158 2344 hi's
2180 2298 2266 2346 est
2296 2291 2587 2347 ridiculum
2614 2302 2895 2356 etamens,
2927 2308 3104 2362 neque
3129 2293 3181 2346 in
3214 2294 3305 2350 illo
3332 2309 3557 2364 prorsus

1985 2383 2089 2437 erit
2112 2380 2450 2454 ambiguum.
2483 2384 2617 2438 Nam
2651 2385 2696 2440 si
2727 2383 2968 2439 doctoris
3001 2384 3297 2440 dictionem
3337 2387 3554 2456 legeris,

1989 2477 2234 2530 umbram
2293 2477 2538 2532 invenies
2594 2477 2772 2531 cavilli
2817 2477 3021 2546 jocum.
3068 2476 3255 2546 Neque
3305 2478 3450 2532 enim
3498 2465 3552 2532 in

1985 2569 2232 2637 exemplo
2259 2569 2325 2622 de
2365 2570 2584 2623 homine
2627 2569 2870 2623 scientim
2901 2584 3071 2639 capax
3121 2584 3149 2622 a
3179 2570 3391 2624 ratione
3437 2585 3554 2640 pro-

1986 2659 2225 2722 hibetur,
2281 2659 2363 2712 vel
2407 2674 2437 2712 a
2477 2660 2677 2714 mentis
2707 2661 2892 2727 capaci
2927 2661 3091 2714 ratio.
3134 2659 3322 2729 Neque
3356 2661 3556 2716 diviuze

1984 2749 2109 2805 vitae
2166 2737 2442 2806 aeternitas
2490 2750 2575 2805 vel
2637 2751 3052 2819 iucorruptibile
3104 2741 3213 2805 non
3267 2752 3451 2818 habet,
3507 2753 3552 2806 si

1986 2842 2241 2911 principii
2292 2857 2486 2911 expers
2529 2841 2713 2906 fuerit,
2758 2843 2844 2897 vel
2894 2843 2939 2897 si
2983 2843 3553 2914 incorruptibilitatem

1987 2923 2111 3001 quis
2135 2931 2235 3002 ipsi
2274 2932 2602 2996 attribuerit,
2649 2939 2844 2985 natura
2885 2934 3152 3005 principio
3183 2944 3404 2990 carente
3430 2950 3557 3006 spo-

313 3027 656 3096 διαλεκτικῆς
705 3024 980 3096 ἀγχινοίας
1028 3024 1309 3094 ἀναζητῶν
1353 3022 1452 3094 τὴν
1499 3022 1776 3094 ἀλήθειαν,
1823 3023 1885 3076 ὲκ

1991 3023 2230 3076 liabitur.
2270 3021 2376 3077 Sed
2416 3023 2544 3077 dum
2581 3022 2876 3078 dialectica:
2926 3025 3162 3080 solertia:
3207 3032 3323 3081 arte
3360 3027 3558 3080 verita-

315 3118 424 3172 τῶν
457 3117 600 3171 ἰδίων
639 3116 714 3187 τῷ
748 3115 1003 3187 ἡμετέρῳ
1036 3115 1177 3185 λόγῳ
1224 3113 1514 3185 παρενθεὶς
1543 3112 1578 3166 ἀ
1616 3111 1885 3176 ἐϐούλετο,

317 3207 495 3281 ἑαυτῷ
532 3207 760 3278 μάχεται
788 3204 884 3260 καὶ
914 3206 1102 3258 ἑαυτὸν
1123 3205 1436 3274 ἀνατρέπει,
1463 3203 1572 3257 τῶν
1601 3203 1886 3276 ἡμετέρων

315 3299 378 3352 οὐ
410 3297 876 3368 προσαπτόμενος.
909 3296 982 3348 Τὸ
1015 3294 1123 3365 γὰρ
1157 3295 1285 3366 παρ’
1311 3294 1466 3366 ἡμῶν
1487 3295 1637 3348 οὐδὲν
1668 3290 1738 3365 ἦν
1767 3295 1884 3347 ἓτε-

321 3406 445 3461 ρον,
490 3389 524 3460 ἧ
567 3388 629 3441 τὸ
679 3388 778 3458 τὴν
812 3386 1063 3456 ἀνάρχως
1100 3381 1264 3439 οὖσαν
1309 3385 1472 3456 ζωὴν,
1504 3385 1796 3456 ἀγέννητον
1817 3384 1885 3437 δι’

317 3479 558 3542 ἐπινοίας
583 3477 960 3547 ὀνομάζεσθαι,
1005 3476 1124 3545 οὐχὶ
1161 3475 1427 3543 γίνεσθαι,
1457 3477 1549 3530 καὶ
1592 3476 1690 3547 τὴν
1722 3478 1800 3538 είς
1825 3474 1887 3527 τὺ

317 3573 568 3644 ἀόριστον
618 3568 946 3640 προϊοῦσαν,
1011 3569 1078 3638 τῇ
1123 3566 1214 3620 τοῦ
1265 3567 1543 3638 ἀφθάρτου
1602 3567 1886 3638 σημαίνειν

319 3662 682 3734 προσηγορίᾳ,
707 3662 767 3714 οὑ
804 3663 974 3714 ποιεῖν
995 3660 1291 3732 ἄφθαρτον,
1323 3661 1458 3714 ἀλλά
1492 3661 1778 3731 σημαίνειν
1799 3655 1886 3713 οὖ·-

320 3771 419 3807 σαν
449 3754 702 3824 τοιαύτην
729 3771 742 3784 ·
791 3752 930 3805 ὥστε
969 3751 1030 3804 τὸ
1066 3752 1164 3822 μὲν
1205 3751 1455 3824 ἀόριστον
1479 3752 1599 3805 καθ’
1629 3752 1886 3821 ἑκάτερον

318 3844 454 3900 εῖναι
482 3846 580 3917 τὴν
619 3844 768 3898 θείαν
797 3843 961 3914 ζωὴν,
1003 3843 1098 3897 τοῦ
1145 3843 1500 3913 ὑποκειμένου
1558 3843 1686 3897 ῐδιον
1714 3837 1880 3894 εἶναι·

317 3939 379 3992 τὺ
407 3939 466 3992 δὲ
492 3919 664 4000 οὕτως
703 3936 738 4007 ἢ
768 3935 941 3998 οὕτως
979 3935 1045 3989 τὰ
1071 3935 1370 4005 ὲπιθεωρού
1383 3952 1518 4004 μενα
1558 3935 1636 4005 τῷ
1669 3934 1888 3986 ὑποκει-

322 4031 467 4100 μένῳ
495 4031 736 4100 νοήματα
760 4026 1032 4096 λέγεσθαι,
1068 4027 1198 4099 περὶ
1233 4027 1332 4096 τὴν
1368 4027 1552 4097 φωνήν
1577 4029 1695 4078 ἐστι
1719 4025 1888 4096 μόνην

317 4123 417 4194 τὴν
465 4122 796 4194 ὲνδεικτικὴν
849 4120 942 4173 τοῦ
994 4119 1389 4190 σημαινομένου
1443 4119 1732 4188 νοήματος.
1792 4119 1887 4171 Ἐν

318 4217 501 4287 νόημα
533 4215 658 4278 περὶ
692 4215 790 4285 τὴν
825 4213 975 4265 θείαν
1018 4211 1181 4282 ζωὴν,
1212 4211 1274 4264 τὸ
1315 4210 1387 4282 μὴ
1418 4209 1477 4274 ἐξ
1509 4211 1686 4273 αἰτίας
1717 4209 1887 4277 αὐτὴν

319 4300 480 4370 εἶναι,
511 4301 667 4356 τοῦτο
699 4303 732 4373 ή
765 4301 857 4355 τοῦ
885 4302 1176 4370 ἀγεννήτου
1205 4299 1349 4364 λέξις
1375 4298 1737 4352 ἐνδείκνυται·
1771 4297 1887 4351 ἓτε-

1989 3123 2094 3170 tem
2127 3115 2386 3184 exquirit,
2437 3130 2502 3168 ex
2553 3115 2668 3170 suis
2721 3125 2908 3171 nostro
2956 3118 3194 3173 sermoni
3233 3135 3354 3188 qua:
3383 3120 3559 3175 voluit

1990 3206 2347 3276 interpositis,
2389 3221 2574 3261 secum
2609 3207 2724 3275 ipse
2747 3218 2973 3277 pugnat,
2999 3223 3166 3277 seque
3190 3209 3365 3279 ipsum
3404 3219 3554 3260 ever.

1987 3297 2074 3361 tit,
2108 3306 2293 3350 nostra
2327 3310 2434 3349 non
2465 3295 2758 3364 attingens.
2793 3295 2946 3361 Quod
2978 3297 3122 3350 enim
3156 3298 3550 3363 asserebamus;

1987 3403 2098 3442 non
2151 3386 2302 3441 aliud
2352 3395 2488 3452 erat,
2525 3402 2686 3456 quam
2734 3388 2898 3449 vitam
2948 3389 3215 3458 principio
3257 3399 3554 3456 carentem,

1988 3479 2281 3549 ingenitam
2321 3494 2416 3548 per
2450 3480 2960 3534 commentationem
3003 3480 3294 3546 nominari,
3333 3496 3440 3535 non
3478 3480 3560 3552 gi-

1987 3569 2103 3638 gni,
2137 3575 2190 3623 et
2219 3584 2338 3638 quae
2384 3569 2438 3623 in
2482 3568 2754 3624 inﬁnitum
2802 3571 3070 3638 procedit,
3119 3571 3560 3641 incorruptibilis

1990 3660 2348 3728 appellatione
2374 3660 2682 3730 signiﬁcare
2711 3675 2819 3715 non
2849 3661 3320 3732 incorruptibilem
3354 3661 3558 3726 facere,

1990 3750 2082 3804 sed
2113 3765 2232 3804 eam
2252 3735 2424 3805 {talem
2448 3765 2570 3806 esse
2595 3753 2906 3821 signiﬁcare
2931 3771 2944 3806 :
2979 3768 3148 3823 quare
3170 3753 3312 3823 quod
3339 3754 3562 3825 quidem

1990 3843 2198 3896 inﬁnita
2223 3853 2390 3898 estex
2414 3852 2646 3914 utraque
2669 3855 2820 3914 parte
2841 3845 3024 3899 divina
3047 3845 3178 3909 vita,
3203 3846 3304 3900 hoc
3327 3847 3558 3916 subjecti

1987 3942 2070 3989 est
2106 3936 2412 4004 proprium;
2445 3935 2589 4004 quod
2631 3945 2811 3990 autem
2847 3936 2928 3990 sic
2960 3937 3042 3991 vel
3067 3937 3165 4002 sic,
3197 3953 3317 4006 qua:
3345 3939 3398 3990 in
3430 3938 3564 3992 sub-

1983 4029 2129 4098 jecto
2161 4028 2600 4096 conspiciuntur,
2638 4029 2887 4083 notiones
2925 4027 3199 4094 dicantur,
3224 4031 3328 4083 hoc
3362 4029 3415 4082 in
3449 4029 3564 4085 sola

1987 4133 2121 4173 voce
2153 4118 2406 4173 consistit
2447 4134 2568 4188 qua:
2608 4120 2885 4173 notionem
2923 4119 3282 4188 signiﬁcatam
3333 4119 3559 4174 indic-at.

1989 4209 2107 4265 Una
2142 4210 2194 4264 in
2219 4209 2401 4265 divina
2443 4211 2550 4263 vita
2591 4212 2744 4265 notio
2781 4219 2886 4272 est,
2923 4213 3065 4280 quod
3102 4211 3219 4281 ipsa
3253 4227 3358 4264 non
3391 4212 3462 4265 sit
3495 4227 3559 4266 ex

1991 4310 2182 4360 causa,
2256 4295 2398 4350 hanc
2449 4309 2629 4352 autem
2680 4298 2903 4368 ingeniti
2957 4299 3123 4351 dictio
3175 4299 3560 4366 demonstrat;

321 4414 413 4469 ρον
440 4368 619 4466 νύημα
655 4368 784 4465 περὶ
821 4392 919 4463 τὴν
953 4368 1122 4461 αὐτῆν
1164 4391 1309 4462 ζωὴν
1341 4391 1402 4444 τὸ
1439 4391 1689 4460 ἀόριστον
1721 4388 1885 4458 αὐτὴν

1993 4387 2160 4440 altera
2196 4387 2346 4439 nOtio
2369 4385 2436 4441 de
2461 4389 2648 4442 eadem
2673 4389 2803 4451 vita,
2844 4389 2988 4457 quod
3019 4389 3134 4458 ipsa
3165 4391 3236 4442 sit
3265 4389 3473 4444 inﬁnita
3508 4399 3564 4446 et

318 4487 459 4543 εἶναι
501 4489 594 4540 καὶ
623 4485 995 4556 ἀτελεύτητον,
1035 4482 1190 4536 τοῦτο
1221 4485 1253 4552 ὴ
1283 4483 1376 4535 τοῦ
1409 4483 1684 4554 ἀφθάρτου
1722 4497 1890 4550 προσ-

317 4577 516 4649 ηγορία
544 4576 893 4646 παρίστησιν,
924 4574 1064 4627 ὥστε
1086 4573 1147 4626 τὸ
1173 4573 1268 4643 μὲν
1283 4573 1637 4643 ὑποκείμενον
1657 4572 1890 4642 ἄναρχον

315 4665 456 4721 εἶναι
481 4666 574 4719 καὶ
595 4664 974 4733 ἀτελεύτητον,
995 4664 1132 4733 ὅπερ
1155 4663 1302 4714 ἐστὶν
1327 4661 1467 4730 ὑπὲρ
1503 4663 1608 4715 πᾶν
1638 4661 1807 4731 ὄνομά
1830 4677 1890 4713 τε

315 4761 412 4814 καὶ
439 4759 637 4828 νόημα.
694 4757 766 4808 Τὸ
798 4755 855 4808 δὲ
889 4757 1025 4824 μήτε
1079 4755 1137 4820 ἐξ
1171 4753 1350 4816 αἰτίας
1386 4753 1516 4806 αὐτὸ
1559 4749 1715 4817 εἶναι,
1755 4754 1889 4823 μήτε

313 4856 394 4916 εἰς
424 4852 485 4905 τὸ
507 4849 849 4920 ἀνύπαρκτόν
880 4863 1009 4900 ποτε
1031 4845 1430 4914 παρίστασθαι,
1482 4842 1654 4897 ταῦτα
1682 4843 1770 4897 διά
1789 4845 1889 4914 τῆς

311 4943 422 4996 τῶν
448 4941 728 5011 ὀνομάτων
756 4937 959 4992 τούτων
985 4937 1222 4999 ἐπινοίας
1253 4935 1593 5007 σημαίνεται.

383 5034 450 5087 Τί
476 5032 654 5084 τοίνυν
681 5032 746 5083 ἐκ
765 5029 871 5082 τῶν
897 5028 1178 5100 ἡμετέρων
1205 5027 1363 5080 αὐτὸν
1391 5028 1526 5098 πρὸς
1550 5027 1647 5098 τὴν
1663 5027 1885 5097 ἀνόητον

310 5121 518 5193 ταύτην
548 5119 766 5173 παιδιάν
796 5117 1180 5188 παρεκίνησεν,
1212 5114 1353 5169 ὥστε
1385 5116 1545 5169 πάλιν
1576 5117 1890 5187 ἐπαναλαμ-

312 5213 546 5267 ϐάνοντα
580 5209 640 5264 τδ
676 5205 792 5264 ἴσον
821 5210 993 5262 εἰπεῖν
1024 5207 1233 5270 τούτοις
1259 5209 1372 5270 τοῖς
1420 5208 1654 5278 ῥήμασιν
1689 5223 1703 5270 ;
1736 5209 1893 5260 Ἐστι

313 5305 446 5377 γὰρ,
465 5302 605 5356 κατὰ
628 5302 724 5372 μὲν
743 5301 802 5355 τὸ
821 5300 1082 5373 ἄναρχον,
1102 5300 1395 5370 ἀγέννητος
1411 5298 1544 5368 ὁμοῦ
1569 5300 1662 5352 καὶ
1687 5298 1892 5369 ἄφθαρ-

311 5409 404 5454 τος
425 5407 438 5421 ⁸
487 5390 631 5445 κατά
662 5389 718 5442 δὲ
763 5389 826 5442 τὸ
865 5387 1256 5458 ἀτελεύτητον,
1309 5387 1582 5458 ἄφθαρτος
1629 5388 1762 5458 ὁμοῦ
1797 5390 1889 5442 καὶ

313 5483 591 5554 γεννητύς.
641 5481 813 5536 Τοῦτο
844 5481 900 5534 δὲ
941 5480 1043 5535 κᾶν
1075 5480 1148 5551 μὴ
1182 5481 1320 5552 παρ’
1355 5480 1509 5549 ήμῶν
1539 5479 1880 5552 διευκρινηοῇ

313 5574 395 5644 τῷ
423 5575 586 5646 λόγῳ,
618 5574 780 5628 παντὶ
819 5572 1080 5644 πρόδηλόν
1113 5573 1225 5624 ἐστι
1270 5571 1348 5640 τῷ
1381 5571 1471 5624 καὶ
1495 5571 1740 5626 ὁπωσοῦν
1770 5574 1883 5626 διας

316 5665 465 5731 νοίας
491 5666 789 5738 μετέχοντι,
810 5665 954 5730 ὅπως
975 5664 1090 5717 ἐστὶ
1111 5663 1508 5733 καταγέλαστόν
1535 5681 1589 5717 τε
1623 5665 1713 5717 καὶ
1739 5666 1886 5736 ἀνόη-

1991 4477 2098 4532 ﬁne
2129 4483 2336 4540 careat,
2381 4477 2522 4531 hanc
2546 4487 2726 4532 autem
2783 4478 3216 4546 incorruptibilis
3267 4479 3562 4548 appellatio

1990 4574 2342 4638 repraesentat
2375 4584 2388 4622 :
2421 4568 2495 4621 ita
2537 4575 2596 4620 ut
2625 4568 2929 4638 subjectum
2964 4569 3182 4639 quidem
3213 4568 3480 4639 principio
3509 4557 3563 4625 et

1991 4661 2097 4714 ﬁue
2137 4666 2348 4723 careat,
2382 4658 2528 4728 quod
2560 4666 2643 4715 est
2679 4675 2844 4730 super
2878 4675 3040 4716 omne
3069 4676 3266 4715 nomen
3301 4671 3354 4716 et
3383 4662 3564 4714 notio-

1989 4765 2134 4813 nem,
2167 4749 2312 4820 quod
2341 4758 2519 4804 autem
2550 4749 2729 4820 ipsum
2760 4765 2934 4820 neque
2955 4767 3020 4805 ex
3051 4765 3217 4806 causa
3251 4760 3354 4814 est,
3386 4768 3564 4822 neque

1988 4842 2056 4897 ad
2109 4842 2162 4896 id
2209 4841 2354 4912 quod
2392 4858 2499 4897 non
2551 4851 2658 4907 est,
2694 4858 2933 4913 unquam
2986 4844 3258 4911 deveniet,
3321 4847 3437 4901 haec
3470 4863 3565 4917 per

1989 4935 2268 4991 nominum
2297 4936 2492 4990 horum
2529 4936 3044 4991 commentationem
3090 4935 3490 5006 signiﬁcantur.

2058 5023 2199 5090 Quid
2247 5024 2412 5095 igitur
2441 5040 2504 5079 ex
2536 5025 2745 5081 nostris
2788 5026 2964 5096 ipsum
3009 5024 3076 5079 ad
3109 5025 3254 5081 hunc
3291 5033 3559 5081 amentem

1988 5125 2042 5173 et
2081 5117 2306 5171 stultmn
2349 5117 2535 5185 jocum
2563 5119 2878 5183 commovit,
2926 5125 2984 5170 ut
3019 5133 3211 5174 rursus
3252 5130 3552 5178 resumens.

1990 5209 2131 5264 idem
2181 5207 2343 5263 etiam
2391 5207 2538 5262 dicat
2572 5207 2658 5262 his
2689 5208 2916 5263 verbis?
2948 5207 3042 5263 Est
3071 5209 3213 5263 enim
3261 5204 3560 5261 secundum

1991 5299 2135 5370 quod
2194 5305 2344 5353 caret
2397 5298 2668 5369 principio
2721 5299 2996 5369 ingenitus
3050 5297 3212 5351 simul
3268 5303 3323 5346 et
3380 5293 3561 5349 incors

1998 5391 2300 5462 ruptihilis;
2346 5392 2644 5447 secundum
2691 5407 2820 5446 vero
2859 5388 3000 5457 quod
3036 5389 3194 5441 ﬁnem
3237 5401 3342 5438 non
3377 5383 3560 5447 habet,

1997 5481 2431 5551 incorruptibilis
2477 5481 2639 5536 simul
2693 5487 2745 5532 et
2777 5477 3011 5546 genitus.
3063 5475 3176 5528 lloc
3229 5472 3562 5536 autem,ctsi

1997 5589 2104 5628 non
2137 5588 2166 5626 a
2194 5573 2352 5627 nobis
2383 5585 2637 5626 sermone
2669 5566 3022 5635 dijudicatum
3051 5574 3153 5630 est,
3185 5563 3354 5620 cuivis
3387 5571 3559 5618 tamen

1998 5665 2079 5719 vel
2116 5678 2442 5735 quocunque
2493 5659 2652 5716 modo
2699 5657 2896 5714 mentis
2947 5657 3183 5727 compoti
3217 5655 3562 5727 perspicuum
