4020 6140
538 203 681 260 10δὸ
1738 193 1797 250 S.
1831 189 2159 248 GREGORH
2196 189 2491 246 NYSSENI
3671 202 3766 257 ms;

538 326 640 380 est,
671 312 946 386 quomodo
993 309 1285 366 ridiculum
1330 315 1436 375 est,
1471 313 1524 362 et
1567 306 1828 388 amentiae
1874 308 2117 377 plenum,

2229 319 2332 368 τον,
2367 302 2564 374 μᾶλλον
2592 302 2650 357 δὲ
2683 304 2879 368 ἀσεϐὲς
2910 304 3006 359 καὶ
3035 302 3417 374 κατάκριτον.
3454 297 3530 377 τᾳ
3553 307 3648 380 γὰρ
3667 312 3770 388 λόγῳ

539 409 648 462 imo
691 385 818 460 vero
875 403 1101 473 impium
1159 410 1211 456 et
1259 385 1754 456 condemnandum.
1808 399 1926 465 Quo
1973 399 2119 454 enim

2229 395 2616 459 κατασκευάζει
2638 395 2735 466 τὴν
2751 395 2844 448 τοῦ
2862 396 3157 466 ἀφθάρτου
3180 397 3330 466 πρὸς
3350 398 3410 449 τὺ
3431 398 3646 471 ἄναρχον
3663 385 3768 472 sua.

540 513 794 554 sermone
848 495 1119 550 construit
1179 493 1616 563 iuco‘rruptibilis
1673 491 2116 562 coniugationem

2229 485 2364 553 γίαν,
2391 485 2468 556 τῷ
2498 485 2646 557 αὑτῷ
2668 485 2853 558 τρόπῳ
2881 487 3088 549 παντὸς
3117 487 3395 551 εὐσεϐοῦς
3415 507 3472 542 τε
3497 494 3583 546 καὶ
3603 493 3749 567 θεοπρε

538 603 660 641 eum
716 603 782 642 eo
833 587 977 656 quod
1021 594 1104 640 est
1154 584 1408 654 principii
1452 599 1670 653 expers,
1718 583 1907 637 eodem
1957 581 2120 636 modo

2229 577 2353 640 ποῦς
2375 577 2699 640 καταπαίζει
2721 579 2996 648 ὀνόματος.
3020 578 3106 631 Οὐ
3133 578 3254 650 γὰρ
3283 581 3451 649 μόνον
3466 583 3531 634 τὰ
3547 583 3627 636 δύο
3646 587 3766 643 ταῦτα

538 693 700 732 omne
737 679 889 747 pium
927 686 980 732 et
1004 677 1111 730 Deo
1137 675 1394 730 decorum
1431 690 1626 728 nomen
1672 675 1830 727 habet
1863 673 2120 729 ludibrio.

2229 671 2346 741 περὶ
2365 672 2462 741 τὴν
2475 669 2623 722 θείαν
2641 669 2921 742 θεωρεῖται
2938 671 3201 742 ζωὴνντὸ
3217 671 3478 743 άνάρχως
3495 692 3549 727 τε
3566 671 3767 741 simum!

540 767 657 822 Non
694 769 834 822 enim
861 771 1034 822 solum
1068 769 1182 821 haec
1209 767 1316 820 duo
1345 765 1398 819 in
1425 766 1605 820 divina
1629 765 1737 819 vita
1779 758 2118 834 spectantur,

2229 760 2425 831 φθορὰν
2451 762 2524 832 μὴ
2548 755 3037 852 προσίεσθαιθθάλλὰ
3062 760 3170 814 καὶ
3189 760 3364 822 ἇῦλὸς
3383 779 3441 812 τε
3461 764 3548 814 καὶ
3566 765 3770 835 ἀόργητος

539 874 664 913 esse
717 861 836 913 sine
885 857 1195 928 principio,
1246 865 1300 910 et
1349 857 1626 910 interitum
1681 871 1788 909 non
1839 865 2118 925 appetere,

2229 853 2454 920 λέγεται,
2485 851 2752 924 άτρεπτὸς
2778 869 2837 904 τε
2862 851 2960 905 καὶ
2997 851 3344 921 ἀσώματος,
3376 852 3594 924 ἀόρατός
3626 874 3671 908 τε
3702 861 3767 910 καὶ

543 948 637 1002 sed
689 950 852 1002 etiam
892 949 1131 1003 mater-ire
1185 963 1381 1017 expers
1408 954 1460 999 ct
1490 946 1584 999 ira:
1637 944 1855 1000 nescius
1896 945 2120 1009 dicitur,

2229 944 2643 1014 ἀσχημάτιστος,
2671 943 2878 1014 ἀληθής
2894 960 2952 996 τε
2978 944 3080 997 καὶ
3102 943 3355 1006 δίκαιος,
3384 946 3479 996 καὶ
3504 945 3624 999 ἄλλα
3643 951 3768 1017 μυρία

544 1039 1014 1109 immutabilisque
1073 1047 1126 1094 et
1192 1039 1578 1108 incorporeus,
1617 1036 2024 1106 inaspectabilis
2069 1046 2123 1090 et

2229 1053 2289 1088 πε
2299 1036 2351 1106 pi.
2365 1036 2463 1106 τὴν
2484 1035 2632 1087 θείαν
2651 1037 2794 1106 ζωήν
2820 1038 2933 1088 ἐστι
2951 1037 3249 1105 νοήματα,
3267 1027 3347 1086 ὧν
3368 1034 3588 1088 ἕκαστον
3602 1037 3670 1105 ἐφ’
3681 1041 3763 1093 £10-

545 1129 713 1198 ﬁgura
761 1145 996 1193 carens,
1067 1139 1332 1198 vetusque
1379 1135 1432 1182 et
1487 1129 1670 1194 justus
1703 1169 1717 1191 ,
1777 1137 1828 1182 et
1873 1127 1992 1182 aliae
2032 1129 2118 1182 in-

2229 1125 2314 1179 τοῦ
2351 1127 2490 1179 κατά
2531 1145 2651 1179 τινα
2688 1125 2990 1190 ἰδιάζουσαν
3043 1125 3274 1178 ἔννοιαν
3309 1127 3434 1187 ταῖς
3478 1132 3765 1194 σημανταιίς

547 1219 912 1272 numerabiles
959 1234 1078 1288 quae
1131 1220 1185 1271 in
1239 1217 1423 1271 divina
1465 1218 1574 1270 vita
1634 1218 1884 1272 notiones
1933 1219 2119 1272 consi-

2229 1216 2425 1287 ιρωναίς
2441 1214 2840 1283 ἐξαγγέλλεται.
2859 1215 3030 1266 Παντὶ
3047 1213 3248 1264 τοίνυν
3266 1212 3516 1281 ὀνόματι,
3533 1211 3601 1281 τῷ
3616 1230 3761 1283 σημαν-

545 1311 836 1373 derantur,
893 1324 1124 1379 quarum
1183 1325 1410 1378 qumoue
1463 1309 1522 1362 in
1581 1308 1759 1378 seipsa
1818 1310 2119 1363 secundum

2229 1307 2354 1378 τικῷ
2382 1307 2480 1376 τῆς
2515 1305 2850 1378 θεοπρεποῦς
2897 1305 3242 1376 ὑπολήψεως
3274 1344 3290 1368 ,
3329 1305 3507 1370 ἔξεστι
3532 1307 3761 1375 συμπλέξαι

549 1400 874 1468 peculiarem
936 1407 989 1453 et
1057 1409 1368 1468 separatam
1433 1401 1678 1454 notitiam
1742 1401 2121 1471 signiﬁcativis

2229 1399 2318 1470 τὴν
2350 1397 2726 1468 ὲπινοηθεῖσαν
2753 1397 2903 1468 παρὰ
2940 1396 3032 1450 τοῦ
3073 1396 3366 1466 Εὐηνομίθυ
3414 1397 3550 1450 κατά
3579 1397 3630 1449 τὸ
3651 1399 3759 1452 ἀλλά·

546 1491 774 1545 vocibus
825 1492 1164 1546 enuntiatur.
1227 1491 1430 1558 Quoris
1476 1492 1637 1562 igitur
1692 1492 1912 1548 nomine
1973 1493 2119 1562 quod

2229 1506 2375 1542 κοτον
2404 1489 2694 1557 συζυγίανο
2725 1483 2858 1551 οἷον,
2891 1487 2953 1541 τὸ
2981 1487 3157 1542 sum
3186 1504 3251 1539 τε
3278 1488 3376 1538 καὶ
3409 1487 3669 1556 ἀόργητον,
3691 1491 3759 1558 ἁμ-

549 1580 659 1636 Deo
681 1582 933 1636 decoram
969 1590 1018 1637 et
1048 1584 1460 1638 convenientem
1488 1585 1797 1652 Opinionem
1825 1583 2114 1654 signiﬁcet,

2229 1581 2422 1652 ιρότερα
2453 1579 2664 1647 λέγεται
2710 1579 2839 1649 περὶ
2880 1577 2976 1648 τὴν
3017 1576 3185 1630 θείαν
3235 1575 3408 1645 ζωὴν,
3449 1575 3558 1628 ἀλλ’
3588 1578 3638 1628 ού
3664 1578 3760 1630 κατὰ

549 1672 672 1727 licet
717 1673 870 1742 juxta
915 1675 1061 1727 illam
1109 1675 1474 1744 prodigiqsam
1512 1674 1578 1728 ab
1608 1672 1872 1728 Eunomio
1902 1675 2121 1744 excogi-

2229 1675 2324 1743 τῆς
2352 1673 2519 1743 αὐτῆς
2547 1672 2783 1735 διανοίας
2810 1671 3095 1740 ἑκάτερον.
3139 1669 3217 1722 Τὸ
3253 1669 3358 1739 μὲν
3380 1668 3494 1739 γὰρ
3507 1669 3755 1739 καθαρεύειν

549 1773 718 1818 tatam
769 1767 1156 1835 cogitationem
1205 1776 1530 1821 connectere
1575 1783 1590 1820 :
1639 1767 1872 1838 exempli
1921 1769 2117 1839 gratia,

2229 1764 2416 1834 ὑλικῆς
2461 1763 2740 1834 ἐπιμιξίας
2775 1763 2834 1815 τὸ
2875 1761 3072 1826 Θεῐον,
3140 1760 3237 1813 διὰ
3287 1761 3388 1829 τῆς
3429 1759 3582 1812 ἀῢλου
3608 1761 3757 1822 ἐννοίας

548 1861 692 1925 quod
749 1857 1104 1913 innuateriale
1132 1865 1239 1923 est,
1293 1867 1348 1913 et
1394 1857 1537 1928 quod
1579 1857 1672 1912 iraa
1707 1873 1924 1928 expers,
1958 1859 2120 1915 ambo

2229 1856 2550 1926 ἐνοήσαμεν.
2617 1854 2705 1907 Ἐν
2740 1854 2797 1907 δὲ
2844 1853 2922 1922 τῷ
2965 1852 3240 1923 ἀοργὴτῳ
3273 1854 3306 1923 ή
3347 1851 3663 1920 ἁλλοτρίωσις
3688 1854 3750 1903 τοῦ

549 1946 616 2000 dc
645 1947 824 2000 divina
852 1949 958 2000 vita
998 1949 1274 2015 dicuntur,
1313 1949 1407 2005 sed
1450 1964 1558 2004 non
1589 1949 1644 2002 in
1679 1949 1865 2004 eadem
1901 1959 2122 2006 senten-

2229 1949 2368 2029 κατά
2399 1947 2497 2020 τὴν
2540 1947 2706 2018 ὀργὴν
2757 1945 2961 2008 πάθους
2997 1944 3363 2015 σημαίνεται.
3420 1943 3756 2013 Ἐπιδραμείτιι

548 2039 622 2091 tia
657 2047 966 2110 utrumque.
999 2039 1131 2094 Nam
1170 2058 1199 2094 a
1233 2041 1500 2096 materiali
1532 2027 1880 2110 permistione
1907 2042 2120 2098 Numen

2229 2027 2403 2096 τοίνυν
2427 2041 2520 2093 καὶ
2539 2039 2769 2105 τούτοις,
2794 2039 2935 2092 κατὰ
2963 2037 3024 2090 τὸ
3055 2038 3244 2098 εἰκὸς,
3282 2039 3311 2089 ὁ
3334 2034 3693 2108 Εύνρμιος,ίκαὶ
3713 2034 3749 2085 τὸ

547 2146 746 2200 purum
790 2147 930 2197 esse,
980 2149 1075 2202 per
1120 2135 1493 2189 immaterialis
1549 2135 1827 2189 notionem
1863 2137 2124 2206 cognovi~

2229 2131 2343 2188 ἴσον
2373 2137 2428 2187 ὲν
2460 2136 2570 2196 τοῖς
2599 2133 2906 2204 εἰρημένοις
2947 2131 3277 2201 ὀρχήσεται.
3331 2128 3486 2193 Λέξει
3531 2127 3623 2196 γάρ
3653 2126 3752 2176 κατὰ

552 2238 696 2276 mus.
745 2222 804 2276 in
849 2239 914 2277 eo
961 2239 1088 2278 vero
1143 2225 1290 2295 quod
1338 2226 1430 2278 ira;
1484 2232 1569 2280 est
1605 2241 1824 2296 expers,
1867 2228 2122 2283 alienatio

2229 2227 2317 2280 τὸν
2346 2226 2505 2280 αὑτὸν
2550 2225 2741 2296 εἱρμὸν
2790 2224 2894 2293 τὴν
2915 2221 3154 2275 ἀτοπίαν
3195 2218 3551 2290 συμπλέκων’
3578 2215 3628 2268 ΕΞ
3656 2215 3746 2266 καθὸ

551 2313 619 2366 ab
670 2314 764 2367 iraa
810 2315 1217 2382 perturbatione
1247 2316 1608 2397 sigrﬁﬁcatur.
1640 2319 1741 2373 Per
1787 2319 1902 2373 [nec
1931 2319 2119 2390 igitur,

2229 2318 2555 2390 κεχώρισται
2603 2316 2704 2386 τῆς
2761 2315 2951 2384 ὑλικῆς
3008 2312 3342 2384 ἐπιμιξίας,
3384 2310 3535 2372 ἇῦλος
3570 2307 3754 2373 λέγεται,

553 2415 609 2458 ιιι
636 2413 718 2460 est
747 2406 1062 2470 verisimile,
1094 2419 1247 2461 curet
1273 2407 1592 2476 Eunomius,
1634 2411 1931 2479 eodemque
1962 2413 2122 2465 modo

2230 2412 2370 2462 κατὰ
2393 2407 2550 2461 τοῦτο
2578 2407 2676 2460 οὐκ
2703 2405 2853 2459 ἔσται
2887 2405 3195 2474 ἀόργητος,
3226 2403 3324 2456 καὶ
3351 2403 3398 2453 εί
3442 2399 3513 2470 τῷ
3537 2398 3601 2468 μὴ
3630 2411 3749 2466 προσ-

554 2497 606 2548 ἰιι
650 2496 762 2549 hrec
820 2496 964 2551 dicta
1025 2498 1331 2552 insultabit.
1391 2498 1544 2554 Dicet
1594 2502 1738 2555 enim
1799 2505 1915 2572 pari
1979 2520 2123 2558 nexu

2235 2500 2407 2553 ίεσθαι
2428 2498 2524 2570 τὴν
2554 2499 2722 2570 ὀργήν
2753 2499 2898 2550 ἐστιν
2931 2496 3239 2567 άόργητος,
3278 2492 3456 2547 οὐκέτι
3481 2490 3664 2544 δυνατὸν
3686 2488 3743 2539 ἐπ’

551 2585 945 2640 absurditatem
993 2595 1326 2644 connectens
1359 2608 1374 2644 :
1405 2585 1466 2643 Si
1494 2606 1602 2660 qua
1637 2606 1667 2645 a
1701 2593 1966 2646 materiali
2002 2609 2125 2663 per-

2231 2593 2391 2646 αὑτοῦ
2421 2591 2802 2663 ὁμολογεῖσθαι
2824 2590 2884 2643 τὸ
2911 2590 3099 2652 ἄῦ).ον,
3131 2587 3274 2642 ἀλλὰ
3296 2587 3431 2640 κατὰ
3454 2586 3609 2637 πᾶσαν
3627 2580 3745 2645 ἀνάγ-

553 2679 808 2734 mistione
853 2689 1174 2750 segregatus
1213 2690 1315 2746 est,
1353 2681 1726 2738 immaterialis
1760 2685 1980 2751 dicitur,
2033 2703 2123 2742 se-

2232 2702 2334 2754 κην
2367 2686 2422 2736 ὲν
2460 2683 2558 2754 μὲν
2587 2682 2664 2752 τῷ
2702 2681 3022 2751 καθαρεύειν
3051 2680 3218 2752 ὕλης.
3261 2679 3418 2740 ἄῦὶος
3445 2674 3566 2770 ὁμοιῖι
3589 2671 3740 2770 “16p-

553 2771 792 2825 cundum
846 2771 948 2826 hoc
983 2788 1088 2826 non
1137 2773 1240 2826 erit
1286 2773 1378 2827 iraa
1421 2789 1635 2844 expers,
1669 2783 1722 2830 et
1765 2778 1809 2832 si
1850 2780 1976 2847 quia
2016 2796 2124 2835 non

2231 2776 2379 2841 γίλος
2403 2771 2863 2842 άναόειχθήσεται,
2892 2775 2949 2824 ὲν
2977 2770 3034 2822 δὲ
3067 2769 3153 2840 τῷ
3177 2769 3277 2840 τὴν
3301 2767 3464 2838 ὀργὴν
3495 2764 3560 2833 μὴ

555 2861 888 2917 iracundiam
939 2865 1163 2933 appetit,
1207 2871 1291 2918 est
1336 2864 1428 2920 irae
1473 2881 1686 2930 exsors,
1738 2886 1848 2924 non
1892 2874 2125 2942 amplius

2235 2866 2377 2929 σθαι,
2407 2865 2669 2936 ἀόργητός
2700 2881 2759 2916 τε
2797 2865 2891 2917 καὶ
2922 2862 3114 2926 ὑλικὸς
3149 2861 3293 2915 κατὰ
3315 2858 3497 2912 ταύτὸν
3525 2852 3740 2956 capreis:-

556 2954 612 3008 in
653 2970 718 3009 eo
773 2962 949 3024 potest
1001 2955 1142 3024 quod
1193 2966 1276 3009 est
1330 2955 1686 3015 immateriale
1738 2965 1982 3031 concedi,
2031 2969 2124 3022 sed

2232 2978 2354 3014 ται·
2412 2958 2580 3020 οὕτως
2621 2956 2716 3010 καὶ
2764 2957 2854 3008 ἐπὶ
2896 2955 3005 3008 τῶν
3044 2954 3234 3007 ἄλλων
3291 2953 3527 3023 εὑρήσεις
3564 2953 3738 2998 πάντων.

555 3047 701 3101 οιιιιιί
758 3035 1083 3100 necessitate
1135 3062 1201 3101 eo
1252 3050 1396 3118 quod
1461 3052 1530 3105 sit
1576 3067 1604 3104 a
1655 3055 1881 3109 materia
1934 3073 2125 3126 purus,

2231 3052 2342 3106 Καὶ
2370 3051 2418 3102 εί
2455 3050 2620 3111 δοκεῖ,
2660 3046 2948 3119 προθῶμεν
2997 3047 3207 3116 ἑτέραν
3249 3041 3495 3110 συζυγίαν
3526 3036 3736 3106 ὀνομάτων

557 3134 932 3190 innuaterialis
980 3135 1142 3190 simul
1182 3144 1236 3190 et
1288 3137 1584 3194 iracundus
1631 3141 2128 3216 rit-monstrabitur;

555 3234 611 3280 et
663 3241 770 3296 qua
803 3225 856 3280 in
892 3227 1026 3279 iram
1060 3241 1166 3278 non
1205 3227 1415 3295 incidit,
1457 3245 1562 3282 non
1604 3231 1899 3288 iracundus
1931 3243 1985 3289 et
2011 3252 2127 3290 ma-

557 3318 766 3372 terialis
811 3318 1000 3373 codem
1052 3320 1214 3375 modo
1267 3321 1574 3374 invenietur
1621 3339 1634 3374 :
1683 3322 1762 3375 sic
1806 3333 1858 3377 et
1908 3324 1964 3377 in
2007 3326 2128 3382 aliis

551 3408 806 3462 omnibus
860 3407 1123 3465 invenies.
1169 3409 1236 3463 Et
1283 3409 1329 3464 si
1380 3409 1576 3478 placet,
1609 3411 1835 3463 alteram
1869 3413 2129 3484 coniuga-

553 3499 752 3553 tionem
799 3500 962 3554 talem
1007 3515 1402 3569 proponamus,
1435 3500 1580 3570 quod
1635 3501 1978 3557 immutabile
2021 3513 2124 3569 est,

552 3588 678 3643 dico
721 3599 776 3643 et
821 3592 1221 3660 incorporeum.
1273 3592 1410 3646 Cum
1460 3593 1603 3648 enim
1656 3593 1847 3650 horum
1892 3597 2124 3652 duorum

555 3680 836 3734 nominum
864 3691 1156 3752 utrumque
1179 3683 1479 3737 secundum
1521 3684 1793 3754 propriam
1841 3696 1894 3740 et
1923 3687 2124 3742 distin-

553 3777 696 3821 ctam
748 3771 1200 3840 signiﬁcationem
1250 3774 1317 3828 de
1363 3773 1547 3828 divina
1603 3777 1710 3830 vita
1760 3773 2001 3840 dicatur,
2049 3778 2124 3832 si-

552 3861 752 3915 militer
790 3873 844 3916 et
888 3864 942 3916 in
996 3864 1079 3918 his
1114 3865 1364 3919 Eunomii
1407 3865 1674 3935 sapientia
1721 3875 2000 3924 construet
2027 3869 2126 3924 ab-

552 3953 893 4006 surditatem.
941 3953 996 4007 Si
1027 3957 1170 4009 enim
1214 3955 1358 4025 quod
1394 3972 1606 4025 semper
1653 3958 1841 4012 eodem
1877 3960 2038 4013 modo
2067 3977 2125 4015 se

552 4043 731 4105 habet,
784 4060 916 4099 voce
961 4046 1314 4102 immutabilis
1341 4047 1702 4117 signiﬁcatur,
1733 4057 1787 4103 et
1821 4049 2122 4120 incorporei

550 4134 841 4204 appellatio
899 4137 1126 4190 materia
1186 4137 1520 4192 abstractam
1580 4146 1634 4193 et
1699 4138 2120 4197 intellectualem

2229 4142 2375 4194 Θεῖον
2397 4183 2410 4202 ,
2450 4143 2609 4212 μόνον
2643 4143 2907 4214 ἄτρεπτον
2935 4141 3082 4196 ἔσται
3116 4143 3212 4196 καὶ
3239 4141 3337 4194 οὐκ
3363 4134 3630 4203 ἀσώματον·
3674 4124 3713 4172 ἑν

548 4227 842 4278 essentiam
889 4235 1267 4298 repraesentat,
1325 4227 1471 4284 dicet
1522 4229 1772 4300 profecto
1816 4232 2004 4288 eadem
2065 4235 2119 4288 in

2229 4235 2279 4288 δὲ
2303 4234 2381 4306 τῷ
2409 4235 2578 4306 νοερῷ
2602 4252 2658 4287 τε
2687 4235 2779 4287 καὶ
2801 4234 2969 4288 ἁειδεί
3003 4235 3101 4306 τῆς
3127 4234 3331 4295 οὐσίας,
3353 4229 3411 4282 τὸ
3438 4226 3524 4296 μὲν
3547 4217 3708 4283 datpr-

548 4317 634 4371 his
668 4315 988 4384 Eunomius,
1023 4321 1168 4390 quod
1200 4321 1470 4377 dissident
1497 4331 1551 4377 et
1589 4323 1767 4378 aliena
1822 4335 1950 4381 sunt
1995 4327 2120 4380 nul-

2229 4345 2312 4380 τον
2349 4327 2480 4397 ἔχει,
2531 4326 2624 4378 τοῦ
2667 4327 2722 4379 δὲ
2758 4327 3029 4398 ἀτρέπτου
3071 4325 3434 4398 κεχώρισταιο
3478 4317 3591 4369 ὥστε
3613 4323 3710 4374 συμ-

548 4413 763 4479 lamque
784 4411 926 4466 inter
948 4428 1005 4467 se
1025 4413 1462 4492 cornmunionem
1487 4423 1540 4470 et
1563 4416 1878 4472 societatem
1899 4418 2122 4486 habent,

2229 4421 2450 4482 ϐαίνειν,
2481 4421 2607 4472 ὅταν
2645 4421 2743 4490 μὲν
2775 4421 2836 4473 τὸ
2873 4419 3228 4473 ἀναλλοίωτον
3257 4416 3348 4469 ἐπὶ
3367 4413 3459 4480 τῆς
3478 4407 3600 4466 θείας

551 4514 674 4569 ηοω
715 4500 768 4552 in
815 4499 902 4555 his
939 4485 1252 4556 nominibus
1275 4503 1717 4570 considerantur,
1751 4506 2026 4560 notiones.
2064 4509 2124 4560 In

2229 4513 2398 4582 ρεῖται
2446 4508 2614 4580 ζωῆς,
2667 4509 2806 4581 μετὰ
2845 4509 2939 4564 τοῦ
2992 4511 3260 4581 ἀτρέπτου
3303 4505 3392 4559 καὶ
3432 4500 3566 4598 σῶμα
3590 4492 3707 4598 αξξην

545 4607 610 4642 eo
645 4590 789 4644 enim
828 4592 973 4660 quod
1005 4609 1203 4647 numen
1227 4593 1416 4649 eodem
1445 4595 1606 4650 modo
1637 4611 1696 4651 se
1725 4597 1909 4660 habet,
1947 4598 2121 4651 solum

2229 4597 2361 4653 εἶναι
2395 4599 2928 4664 κατασκευάζεσθαιο
2986 4602 3117 4655 ὅταν
3148 4601 3204 4654 δὲ
3236 4597 3296 4650 τὸ
3326 4593 3492 4664 νοερὸν
3517 4585 3704 4648 έξετάξΨ

547 4678 884 4735 immutabile
903 4683 1006 4736 erit
1026 4691 1078 4736 et
1101 4697 1209 4735 non
1242 4681 1624 4753 incorporeum
1650 4702 1666 4752 ',
1689 4685 1745 4739 in
1773 4685 2122 4742 intellectuali

2229 4713 2330 4760 ται,
2385 4693 2519 4764 ὁμοῦ
2567 4711 2625 4746 τε
2675 4692 2962 4764 ἀσώματον
3007 4695 3178 4766 αὐτὴν
3211 4688 3366 4756 εἶναι,
3405 4684 3488 4739 καὶ
3530 4668 3705 4748 τρεπτὴν

546 4788 678 4826 vero
726 4784 779 4829 et
829 4774 1048 4830 informi
1096 4775 1356 4841 essentia,
1397 4776 1540 4846 quod
1595 4777 1978 4846 incorporeum
2030 4787 2116 4834 est

2229 4784 2568 4855 διορίζεσθαι.
3650 4859 3658 4868 ,

549 4864 730 4930 habet,
782 4867 852 4921 ab
909 4869 1233 4924 immutabili
1289 4882 1470 4924 autem
1519 4879 1828 4941 separatum
1908 4881 2034 4929 est:
2104 4877 2176 4932 ita
2218 4888 2274 4932 ut
2312 4894 2434 4932 cum
2461 4876 2680 4947 quidem
2707 4878 2852 4947 quod
2896 4879 3230 4934 immutabile
3254 4883 3334 4932 est
3362 4874 3412 4927 in
3443 4868 3594 4924 divina
3624 4861 3700 4953 vita

547 4958 950 5025 consideratur,
990 4976 1113 5014 cum
1147 4962 1472 5017 immutabili
1521 4962 1735 5018 accidat
1762 4965 1934 5035 ipsam
1959 4969 2124 5023 etiam
2157 4985 2360 5040 corpus
2409 4984 2532 5023 esse
2577 4971 2785 5036 astrui;
2829 4987 2952 5024 cum
2987 4987 3118 5026 vero
3181 4962 3514 5024 intellectuale
3561 4959 3698 5019 cuiu“

545 5050 710 5114 ritur,
757 5051 871 5106 sive
917 5052 1060 5121 quod
1106 5067 1132 5104 a
1171 5055 1396 5108 materia
1429 5054 1764 5109 abstractum
1804 5066 1909 5120 est,
1956 5059 2122 5114 simul
2158 5077 2278 5118 esse
2321 5063 2697 5132 incorpoream
2745 5073 2800 5118 et
2848 5065 3157 5121 mutabilem
3207 5058 3422 5118 deliniri.

615 5141 740 5197 [late
783 5150 910 5198 sunt
939 5139 1188 5197 Eunomii
1229 5143 1387 5197 docta
1423 5153 1616 5198 contra
1652 5147 1937 5201 veritatem
1965 5163 2118 5203 corn-

2289 5129 2593 5205 Ταῦτα-τοῦ
2630 5153 2892 5224 Εὑνομίου
2942 5154 3013 5208 τὰ
3059 5156 3194 5222 σοφὰ
3229 5151 3356 5206 κατά
3381 5146 3470 5214 τῆς
3501 5129 3693 5224 ἀληθείας

544 5241 744 5290 menta.
795 5232 935 5299 Quid
982 5233 1126 5288 enim
1179 5249 1318 5303 opus
1363 5241 1447 5288 est
1486 5236 1667 5288 omnia
1700 5248 2115 5307 persequentem

2229 5245 2523 5314 εὑρήματα.
2582 5245 2647 5296 Τί
2681 5223 2788 5315 γὰρ
2819 5245 2900 5298 δεῖ
2932 5249 3094 5300 πᾶσιν
3125 5244 3387 5312 ἐπεξιόντα
3423 5223 3692 5300 παρατείνειν

543 5325 598 5380 ia
656 5327 943 5397 nugatoria
999 5327 1319 5398 garrulitate
1363 5325 1684 5397 producere,
1740 5328 2007 5398 siquidem
2061 5331 2114 5386 in

2229 5337 2272 5386 iv
2296 5334 2578 5407 ἀδολεσχία
2606 5335 2697 5389 τὸν
2723 5335 2909 5404 λόγον;
2945 5339 3100 5392 Ἔστι
3117 5337 3223 5408 γὰρ
3237 5331 3418 5405 ὁμοίως

542 5420 797 5475 omnibus
845 5420 1077 5475 similem
1111 5420 1252 5475 hanc
1303 5421 1428 5474 licet
1459 5420 1752 5473 amentiam
1796 5430 1851 5476 et
1886 5422 2115 5478 rationis

547 5509 804 5532 .I_l"__._-__
849 5515 1094 5532 _,A,_,.,,,I
1153 5515 1191 5532 ,I
1256 5531 1260 5532 ,
1449 5515 1472 5532 ο
1510 5514 1597 5532 π..
1652 5516 1713 5532 οη
1794 5527 1806 5532 -
1971 5518 1983 5532 I

2229 5426 2312 5495 τὴν
2360 5428 2579 5494 ἀλογίαν
2618 5427 2818 5498 ταύτην
2870 5425 3397 5506 κατασκευαζομένην
3438 5398 3683 5532 θεάσαέζὲ

2290 5516 2304 5532 ε
2391 5515 2402 5532 1
2548 5518 2561 5532 ι
2639 5517 2652 5532 .
2702 5519 2743 5532 ,ς
2799 5519 2823 5532 ,ι
2886 5519 2899 5532 ι
3038 5520 3050 5532 .
3122 5520 3134 5532 .
3187 5518 3229 5532 α.
3289 5501 3557 5532 .-ξηιηλῖωκ
3657 5519 3664 5532 .

540 5509 809 5566 defectum
847 5515 1094 5583 ιιι-ωειτυί
1142 5515 1472 5572 observare?
1510 5514 1722 5570 Etenim
1761 5527 1813 5571 et
1841 5518 1984 5588 quod
2019 5534 2113 5573 ve-

2229 5485 2313 5567 καὶ
2342 5515 2451 5588 γὰρ
2469 5485 2570 5569 ’καὶ
2604 5517 2664 5570 τὸ
2690 5485 2941 5588 dli-10tva
2969 5520 3062 5572 καὶ
3087 5520 3146 5574 τὸ
3182 5485 3371 5570 δίκαιον
3391 5501 3557 5588 ὁμοίως
3571 5485 3664 5549 mi

542 5613 689 5668 rum,
729 5607 782 5656 et
825 5603 969 5673 quod
1003 5603 1235 5674 justum,
1265 5605 1514 5663 slrniliter
1547 5605 1688 5663 inter
1717 5622 1775 5662 se
1808 5606 2107 5663 secundum

2229 5609 2328 5671 im;
2378 5587 2516 5664 κατά
2557 5609 2654 5678 τὴν
2701 5587 3073 5682 προλαϐοὖσαν
3115 5607 3308 5677 πλοκὴν
3347 5587 3680 5672 μαχεσθήσετίί⁹

2229 3140 2507 3210 τοιαύτην,
2537 3138 2598 3190 τὺ
2641 3137 2906 3207 ἄτρεπτον
2950 3135 3104 3202 λέγω
3133 3136 3229 3189 καὶ
3256 3134 3317 3187 τὸ
3349 3130 3619 3200 ἀσώματον.
3651 3123 3741 3177 Τῶν

2229 3231 2336 3301 γάρ
2360 3229 2452 3282 δύο
2475 3229 2674 3282 τούτων
2701 3228 2978 3297 ὀνομάτων
3002 3227 3276 3297 ἐκατέρου
3298 3223 3430 3277 κατά
3453 3221 3536 3292 τὴν
3561 3216 3733 3279 ἰδιάζον-

2232 3339 2328 3375 σαν
2365 3323 2596 3392 ἔμφασιν
2626 3321 2718 3373 ἐπὶ
2747 3319 2842 3390 τῆς
2886 3319 3036 3382 θείας
3065 3319 3383 3388 λεγομένων
3415 3314 3561 3381 ζωῆς,
3589 3308 3736 3378 ὁμοίως

2229 3415 2321 3465 καὶ
2350 3413 2433 3464 ἐπ’
2481 3411 2656 3464 αὐτῶν
2691 3412 2724 3481 ὴ
2772 3408 2864 3463 τοῦ
2894 3409 3074 3479 Εὑνομ
3088 3411 3174 3463 ίου
3223 3408 3381 3476 σοφία
3411 3397 3729 3458 κατασκευάσει

2228 3503 2324 3573 τὴν
2353 3503 2600 3556 ἀτοπίαν.
2665 3502 2726 3555 Εἰ
2752 3504 2857 3574 γὰρ
2887 3502 2950 3554 τὸ
2987 3502 3079 3555 ἀεὶ
3117 3500 3378 3562 ὡσαύτως
3408 3497 3514 3567 ἔχον
3538 3497 3592 3562 τῇ
3622 3489 3726 3558 φωνῇ

2227 3593 2318 3648 τοῦ
2342 3593 2609 3666 ἀτρέπτου
2643 3595 2986 3664 σημαίνεται,
3031 3595 3136 3646 καὶ
3167 3593 3229 3646 τὸ
3273 3589 3445 3661 νοερὸν
3469 3586 3554 3654 τῇς
3572 3581 3724 3638 οὖσίαῖν

2227 3688 2262 3756 ἡ
2288 3686 2379 3739 τοῦ
2411 3686 2700 3756 ἀσωμάτου
2727 3686 3066 3755 προσηγορία
3109 3684 3449 3755 παρίστησιν.
3498 3669 3725 3745 Ἐρεῖπάν·

2225 3794 2332 3841 τως
2365 3778 2431 3832 τὰ
2464 3777 2602 3831 αύτά
2631 3776 2724 3830 καὶ
2763 3778 2855 3829 ἐπὶ
2890 3776 3099 3830 τούτων
3151 3780 3180 3830 ὁ
3210 3774 3476 3844 Εὐνόμιος,
3501 3769 3569 3821 ὅτι
3593 3760 3718 3827 ἀσύμ-

2228 3869 2366 3922 ϐατά
2398 3871 2514 3922 ἐστι
2548 3871 2639 3922 καὶ
2682 3868 2957 3938 ἀλλότρια,
2999 3869 3108 3921 καὶ¹
3131 3865 3489 3934 ἀκοινωνήτως
3517 3859 3606 3928 ἔχει
3627 3851 3722 3920 πρὸς

2225 3960 2428 4030 ἄλληλα
2456 3959 2523 4013 τά
2554 3962 2663 4023 τοῖς
2696 3960 2953 4029 ὀνόμασιν
2993 3959 3404 4030 ὲνθεωρούμενα
3425 3953 3608 4010 τούτοις
3637 3945 3719 4030 νοι-

2228 4029 2392 4122 ματα.
2457 4052 2543 4104 Ἑν
2596 4051 2693 4121 μὲν
2742 4051 2852 4121 γὰρ
2884 4050 2961 4120 τῷ
3000 4029 3234 4104 πάντοτε
3271 4046 3511 4105 ὡσαύτως
3547 4040 3656 4107 ἔχειν
3674 4029 3720 4082 τὸ
