4020 6140
391 263 536 320 1085

1437 260 1717 320 CONTRA
1758 256 2143 326 EUNOMIUM,
2183 258 2313 316 LIB.
2355 257 2472 317 ΧΠ.

3505 261 3646 321 1088

397 388 560 440 ’Ἄλλο
588 383 696 454 γάρ
726 385 823 455 τῆς
856 383 1142 454 ἀληθείας,
1189 383 1284 439 καὶ
1325 384 1510 457 ἕτερον
1543 384 1636 438 τοῦ
1669 385 1876 438 δικαίου
1909 384 1969 436 τὸ

2077 382 2469 455 ρι’ωοειίεηιεῐη
2517 384 2862 456 complexum
2912 383 3254 458 pugnabunt.
3289 382 3451 438 Aliud
3495 385 3642 440 enim

396 477 823 548 σημαινόμενον,
859 474 999 529 ὥστε
1046 477 1220 530 εἰπεῖν
1259 477 1324 531 ἂν
1350 478 1414 530 ἐκ
1439 476 1532 530 τοῦ
1556 476 1846 532 ἀκολούθου
1875 476 1966 530 καὶ

393 569 522 640 περὶ
553 563 758 619 τούτων
797 565 1086 636 Εὐνόμιον,
1123 565 1201 638 τῷ
1233 567 1330 638 μὲν
1359 566 1549 636 δικαίῳ
1569 567 1630 618 τὸ
1657 564 1856 635 ἀληθὲς
1889 563 1964 635 μὴ

394 662 688 730 παρεῖναι,
740 659 806 727 τῇ
856 657 912 709 δέ
959 656 1185 728 ἀληθείᾳ
1223 657 1426 712 λείπειν
1477 658 1536 712 τὸ
1568 658 1810 711 δίκαιονο
1875 659 1970 710 καὶ

394 749 710 819 συμϐαίνειν
730 789 744 812 ,
794 749 921 801 ὅταν
953 747 1014 799 τὸ
1062 749 1157 818 τῆς
1189 748 1399 812 ἀδικίας
1427 747 1702 820 ἀλλότριον
1737 749 1828 801 ἐπὶ
1873 745 1967 800 τοῦ

394 838 528 890 Θεοῦ
559 854 641 900 τις
677 834 972 908 λογίζηται,
992 837 1196 892 δίκαιον
1229 839 1321 892 καὶ
1341 837 1533 907 ψευδὲς
1565 833 1780 891 εἶναιτὸ
1816 837 1970 890 Θεῖον

395 927 536 982 κατά
568 927 762 980 ταύτὸν
784 927 1196 996 ἀποφαίνεσθαι.
1245 927 1370 981 Ἐὰν
1398 928 1453 980 δέ
1475 928 1574 997 τὴν
1601 927 1736 998 πρὸς
1759 927 1818 980 τὸ
1839 927 1972 997 ψεῦ-

393 1019 480 1081 δος
511 1018 674 1072 αὑτοῦ
721 1018 1068 1090 ἀλλοτρίωσιν
1101 1018 1462 1090 λογιζώμεθα,
1502 1019 1700 1090 ἀληθὲς
1734 1018 1850 1089 ἃμα
1876 1020 1971 1072 καὶ

393 1110 578 1164 ἄδικον
612 1109 1037 1175 κατασκευάζειν
1069 1111 1128 1165 τὸ
1159 1111 1331 1164 Θεῖον.
1392 1110 1578 1179 Οὕτως
1625 1111 1686 1165 τὸ
1723 1113 1968 1182 ἀόρατον,

395 1199 568 1262 οὕτως
616 1201 675 1253 τὸ
724 1202 1146 1272 ἀσχημάτιστον.
1205 1201 1450 1268 Ἐξέσται
1495 1204 1603 1275 γὰρ
1643 1203 1730 1257 διὰ
1767 1203 1972 1257 τούτων

395 1292 538 1345 κατὰ
562 1287 662 1359 τὴν
683 1288 1030 1361 ὁμοιότροπον
1053 1288 1424 1360 προεκτεθεῖσι
1449 1287 1660 1358 σοφίαν,
1686 1291 1820 1363 μήτε
1837 1290 1972 1362 ἐντῷ

394 1383 786 1453 ἀσχηματίστῳ
817 1383 878 1436 τὸ
912 1383 1140 1454 ἀόρατον
1172 1380 1305 1436 εἶναι
1352 1382 1563 1452 λέγειν,
1631 1385 1766 1456 μήτε
1810 1386 1866 1438 ἐν
1894 1384 1972 1457 τῷ

394 1475 612 1549 ἀοράτῳ
653 1475 830 1544 λέγειν
873 1475 934 1529 τὸ
965 1477 1391 1548 ἀσχημάτιστον.
1447 1476 1607 1530 Ἀλλά
1640 1476 1718 1547 τῷ
1748 1477 1844 1546 μὲν
1879 1478 1972 1530 io-

398 1570 545 1641 ράτῳ
589 1566 882 1640 συμπλὲξει
909 1567 970 1620 τὸ
1017 1568 1223 1637 σχῆμα,
1267 1567 1461 1639 ὁρατὸν
1493 1567 1550 1621 δὲ
1590 1567 1679 1620 διὰ
1709 1568 1808 1637 τῆς
1839 1569 1972 1622 ἀνα-

398 1661 634 1730 στροφῆς
673 1658 1068 1714 κατασκευάσει
1105 1659 1164 1712 τὸ
1192 1659 1619 1730 ἀσχημάτιστον.
1669 1659 1852 1728 Ταῦτα
1876 1659 1971 1713 καὶ

2068 475 2339 543 veritatis,
2387 482 2442 530 et
2473 475 2619 530 aliud
2658 476 2790 546 justi
2823 459 3210 543 signiﬁcatum,
3239 474 3315 528 ita
3356 482 3416 528 ut
3460 473 3648 530 Euno-

2069 565 2214 621 mius
2255 581 2321 622 ex
2379 565 2772 636 consequentia
2824 564 2986 619 etiam
3034 564 3233 640 dehis
3281 565 3447 630 dicat,
3496 565 3648 634 justo

2069 656 2288 725 quidem
2313 672 2501 712 verum
2527 672 2635 710 non
2667 657 2880 718 adesse.
2923 669 2950 708 a
2983 657 3210 710 veritate
3244 661 3423 709 autem
3457 655 3649 711 abesse

2069 748 2312 818 justum;
2359 755 2413 803 et
2455 749 2793 819 contingere,
2846 753 2904 801 ut
2934 761 3058 801 cum
3097 746 3242 817 quod
3289 747 3358 802 ab
3383 746 3646 817 iniustitia

2070 848 2154 894 est
2186 839 2445 905 alienum,
2489 840 2550 895 in
2595 838 2706 894 Deo
2757 840 2882 912 quis
2913 840 3133 911 cogitat,
3171 841 3380 910 justum
3413 849 3466 896 et
3504 858 3652 896 men-

2071 931 2261 986 dacem
2295 932 2463 987 Deum
2496 948 2618 988 esse
2647 933 2834 987 eodem
2869 933 3028 987 modo
3061 933 3395 1004 pronuntiet.
3431 934 3487 987 Si
3517 949 3650 988 vero

2071 1038 2101 1074 a
2133 1023 2418 1078 mendacio
2445 1024 2828 1078 alienationem
2862 1025 2983 1094 ejus
3009 1025 3420 1090 ratiocinemur,
3450 1040 3642 1080 verum

2071 1112 2234 1196 simul
2275 1121 2328 1169 et
2363 1114 2627 1183 injustum
2665 1113 2834 1169 Deum
2866 1124 3201 1172 astruamus.
3233 1116 3324 1171 Sic
3354 1118 3647 1184 invisibile,

2072 1203 2152 1257 sic
2192 1204 2336 1273 quod
2395 1205 2578 1276 ﬁgurae
2613 1212 2697 1260 est
2719 1220 2946 1276 expers.
2978 1205 3187 1260 Licebit
3231 1208 3376 1262 enim
3412 1222 3508 1276 per
3537 1208 3651 1261 base

2073 1295 2377 1349 secundum
2424 1297 2657 1351 similem
2712 1296 2797 1350 his
2846 1311 2968 1366 qua:
3011 1298 3166 1368 prius
3197 1299 3443 1367 eXposita
3497 1305 3649 1362 sunt,

2072 1386 2399 1454 sapientiam
2461 1385 2662 1450 dicere,
2715 1402 2891 1456 neque
2941 1387 2990 1442 ei
3045 1388 3189 1455 quod
3244 1388 3416 1457 ﬁgura
3475 1396 3649 1454 caret,

2072 1479 2347 1534 invisibile
2373 1478 2589 1544 inesse;
2627 1495 2802 1549 neque
2841 1480 3043 1533 visibili
3075 1480 3218 1550 quod
3260 1479 3430 1547 ﬁgura
3478 1487 3650 1534 caret.

2075 1565 2180 1622 Sed
2243 1569 2462 1638 quidem
2526 1572 2582 1626 in
2633 1570 2896 1625 invisibili
2957 1571 3187 1641 ﬁguram
3235 1572 3649 1642 complectetur,

2072 1661 2293 1716 visibile
2352 1671 2533 1716 autem
2595 1677 2692 1732 per
2741 1661 3008 1730 ejusmodi
3065 1662 3458 1728 inversionem,
3507 1661 3651 1731 quod

396 1754 489 1804 ἐπὶ
516 1751 719 1805 τούτων
739 1751 927 1816 εἰπὼν,
955 1751 990 1806 ἀ
1015 1752 1143 1819 περὶ
1174 1752 1268 1804 τοῦ
1295 1751 1574 1822 ἀφθάρτου
1604 1767 1662 1808 τε
1691 1752 1785 1804 καὶ
1809 1751 1974 1822 ἀνάρ-

2077 1751 2262 1820 ﬁgurae
2309 1761 2395 1808 est
2437 1767 2653 1822 expers,
2705 1760 3005 1810 construct.
3062 1752 3188 1808 Hau:
3242 1756 3404 1809 etiam
3451 1756 3516 1809 de
3567 1753 3653 1808 his

361 1889 366 1892 .
395 1859 492 1912 χου
527 1841 959 1912 ἐτεχνολόγησεν,
985 1842 1088 1904 ὅτι,
1118 1841 1288 1894 Ὅταν
1312 1841 1372 1894 τὸ
1391 1840 1682 1894 ἀσύνθετον
1707 1840 1805 1910 τῆς
1825 1839 1975 1903 θείας

396 1932 542 2003 ζωῆς
557 1932 917 2004 λογιζώμεθα,
933 1933 1338 2004 ἀσχημάτιστον
1368 1932 1466 2003 μὲν
1495 1931 1664 2002 αὐτὴν
1685 1930 1976 2002 ὁμολογοῦ-

399 2044 519 2100 μεν,
540 2028 598 2079 ού
625 2028 731 2098 μὴν
754 2029 848 2080 καὶ
871 2028 1121 2097 ἀόρατον.
1159 2027 1268 2080 Καὶ
1289 2027 1415 2079 ὅταν
1441 2025 1568 2095 περὶ
1589 2024 1684 2077 τοῦ
1713 2025 1786 2095 μὴ
1815 2023 1976 2078 δύνα-

399 2124 522 2176 σθαι
543 2123 870 2192 σωματικοῖς
885 2119 1180 2188 ὀφθαλμοῖς
1198 2117 1290 2170 τὸν
1307 2116 1438 2171 Θεὸν
1462 2116 1589 2170 ίδείν
1611 2116 1973 2188 ἐννοήσωμεν,

395 2211 457 2267 τὸ
483 2215 709 2286 ἀόρατον
747 2211 894 2281 αὐτῴ
949 2213 1426 2282 συγχωρήσαντες,
1467 2208 1528 2261 τὸ
1554 2207 1658 2273 ἔξω
1699 2209 1976 2279 σχήματος
2023 2281 2029 2292 Ι

396 2301 534 2360 εἶναι
556 2307 614 2358 οὺ
649 2303 1043 2374 συνθησόμεθα.
1085 2304 1150 2357 El
1177 2303 1234 2355 δὲ
1257 2301 1431 2354 ταῦτα
1467 2300 1848 2368 καταγέλαστα
1871 2302 1975 2354 πᾶ-

399 2414 483 2450 σιν
519 2397 718 2467 ὁμοίως
761 2397 908 2450 δοκεῖ
947 2396 1040 2449 καὶ
1075 2393 1300 2482 ἀνὸηηα,
1349 2393 1484 2446 πολὺ
1523 2392 1722 2463 μᾶλλον
1753 2393 1975 2446 ἐκείνων

397 2490 494 2560 τὴν
519 2488 748 2543 ἀτοπίαν
779 2491 807 2543 ό
837 2488 960 2542 νοῦν
992 2487 1128 2557 ἔχων
1159 2485 1622 2555 καταψηφίσεται,
1665 2484 1785 2537 ὅθεν
1809 2485 1977 2555 όρμη·

398 2580 509 2644 θεὶς
534 2583 562 2634 ό
603 2581 759 2649 λόγος
802 2581 894 2633 ἐπὶ
941 2579 1113 2632 ταῦτα
1150 2577 1214 2630 δι’
1267 2575 1561 2631 ἀκολούθου
1609 2576 1710 2646 τὴν
1747 2577 1974 2630 ἀτοπίαν

397 2673 731 2742 προήγαγεν.
777 2670 914 2722 Ἀλλ’
941 2669 1370 2738 ἐπιλαμϐάνεται
1401 2669 1501 2738 τῆς
1527 2666 1622 2720 τοῦ
1656 2667 1972 2722 διδασκάλου

399 2762 606 2830 φωνῆς,
633 2761 709 2824 ὡς
742 2761 803 2814 οὐ
835 2761 1063 2823 δεόντως
1092 2761 1149 2812 ἐν
1178 2759 1256 2834 τῷ
1287 2759 1626 2828 ἀτελευτήτῳ
1665 2758 1974 2828 θεωρούσης

397 2851 460 2906 τὸ
485 2851 778 2922 ἄφθαρτον,
804 2853 898 2904 καὶ
930 2854 987 2904 ἐν
1016 2850 1094 2921 τῷ
1120 2849 1380 2921 ἀφθάρτῳ
1409 2847 1637 2918 νοούσης
1665 2849 1726 2900 τὸ
1757 2847 1975 2900 ἀτελεύ-

397 2963 582 3016 τητον.
617 2944 822 2998 Οὐκοῦν
853 2943 914 2996 τὸ
956 2942 1333 3013 παραπλήσιον
1359 2943 1426 3012 τῇ
1466 2939 1715 3018 ἀγχινοίᾳ
1743 2939 1835 2992 τοῦ
1873 2939 1976 2992 Εὑ-

398 3039 587 3108 νομίου
607 3037 701 3090 καὶ
725 3039 885 3108 ἡμεῖς
911 3035 1299 3105 γελοιάσωμεν.
1336 3032 1713 3123 Ἐξετάσωμεν
1741 3030 1847 3123 γάρ
1877 3030 1974 3102 τὴν
2002 3064 2044 3123 C

396 3127 652 3198 τοιαύτην
672 3126 835 3181 αὐτοῦ
865 3126 1090 3197 γνώμην
1128 3126 1254 3195 περὶ
1293 3123 1401 3178 τῶν
1430 3121 1710 3192 ὀνομάτων
1744 3122 1970 3190 τούτων,

398 3217 522 3288 ἣτις
557 3217 720 3270 ἐστίν.

476 3580 651 3634 Ἄλλο
687 3597 742 3633 τι
793 3579 926 3649 φησὶ
979 3577 1058 3644 τῷ
1091 3579 1505 3648 σημαινομένῳ
1549 3580 1614 3634 τὸ
1657 3582 1976 3650 ἀτελεύτη-

400 3684 508 3722 τον
533 3665 683 3722 εἶναι
710 3668 868 3736 παρὰ
898 3667 963 3720 τὸ
991 3668 1312 3736 ἄφθαρτον,
1344 3667 1381 3736 ἢ
1415 3667 1484 3721 ἐν
1517 3669 1588 3722 τὰ
1612 3668 1720 3723 δύο
1749 3671 1977 3740 συνθή-

402 3774 591 3814 σεται.
618 3760 778 3812 Ἀλλ’
792 3757 974 3827 εἰμὲν
993 3757 1062 3811 ἓν
1084 3759 1385 3827 ἀμφότερα
1407 3758 1594 3828 λέγοι,
1608 3759 1688 3824 τῷ
1715 3760 1976 3829 ἡμετέρῳ

402 3847 1176 3918 συναγορεύσειλόγῳΕὶ-δὲ
1196 3848 1350 3902 ἄλλο
1377 3846 1528 3915 φησι
1558 3849 1662 3904 τοῦ
1675 3849 1977 3919 ἀφθάρτου

403 3935 554 3993 εἶναι
569 3942 662 3994 καὶ
683 3940 886 4008 ἕτερον
897 3939 1001 3992 τοῦ
1017 3939 1414 4008 ἀτελευτήτου
1424 3939 1491 3992 τὸ
1507 3943 1973 4012 σημαινόμενον·

405 4029 632 4100 ἀνάγκη
655 4029 822 4084 πᾶσα
837 4031 932 4085 ἐπὶ
955 4030 1070 4084 τῶν
1082 4030 1412 4099 ἀλλοτρίως
1425 4029 1689 4099 ἐχόντων
1699 4035 1847 4102 πρὸς
1867 4034 1977 4088 ἀλ-

403 4125 582 4189 ληλα.
597 4121 680 4190 μὴ
698 4122 762 4176 τὸ
783 4121 927 4176 αὐτὸ
951 4117 1101 4175 εἶναι
1123 4121 1274 4175 κατὰ
1293 4119 1410 4189 τὴν
1430 4121 1684 4190 δύναμιν
1702 4121 1782 4188 τῷ
1802 4121 1978 4191 ἑτέρῳ

404 4213 470 4266 τό
489 4214 709 4283 ἕτερον.
737 4215 970 4268 Οὐκοῦν
991 4215 1043 4266 εὶ
1058 4213 1214 4282 ἄλλη
1244 4213 1349 4267 τοῦ
1372 4213 1672 4282 ἀφθάρτου
1693 4216 1732 4282 ἠ
1753 4214 1974 4280 ἔννοια,

406 4306 501 4358 καὶ
520 4305 626 4359 τοῦ
644 4303 1044 4370 ἀτελευτήτου
1063 4303 1248 4358 πάλιν
1264 4303 1433 4372 ἑτέρα
1448 4348 1463 4370 ,
1481 4306 1580 4358 καὶ
1595 4305 1724 4359 ἔστι
1747 4307 1978 4359 τούτων

2075 1858 2200 1897 cum
2257 1845 2479 1910 dixerit,
2529 1860 2649 1915 qua:
2701 1845 2770 1898 de
2820 1845 3220 1915 incorruptibili
3273 1854 3326 1900 et
3385 1845 3653 1915 principio

2075 1943 2298 1987 carente
2350 1935 2696 2003 excogitavit.
2754 1935 2952 2000 Quod,
3005 1937 3223 2006 quando
3277 1936 3475 1990 divina:
3530 1935 3654 1989 vit-te

2075 2024 2220 2092 quod
2246 2033 2324 2077 est
2357 2025 2730 2080 inconcretum
2767 2027 2975 2081 ratione
2995 2027 3449 2097 contemplamur,
3478 2026 3652 2096 ipsam

2077 2113 2262 2183 ﬁgurae
2311 2122 2588 2183 expertem
2643 2119 2988 2179 conlitemur,
3026 2134 3132 2172 non
3184 2119 3311 2171 item
3348 2117 3656 2186 inaspecta-

2077 2203 2267 2257 bilem.
2320 2202 2384 2256 Et
2439 2219 2563 2258 cum
2605 2205 2968 2275 cogitabimus
3017 2203 3287 2261 neminem
3324 2205 3489 2260 Deum
3535 2221 3656 2260 cor-

2077 2295 2256 2363 poreis
2276 2295 2450 2348 oculis
2473 2295 2658 2351 videre
2685 2310 2867 2367 posse,
2895 2297 3168 2352 invisibile
3189 2299 3238 2353 ei
3267 2297 3652 2362 concedentes,

2075 2402 2228 2444 extra
2259 2389 2488 2460 ﬁguram
2525 2405 2648 2446 esse
2683 2407 2792 2445 non
2819 2393 3242 2447 consentiemus.
3281 2391 3434 2458 Quod
3468 2392 3513 2446 si
3543 2391 3658 2446 base

2076 2482 2332 2536 omnibus
2377 2483 2608 2537 ridicula
2645 2483 2905 2538 videntur
2935 2484 3188 2538 similiter
3220 2492 3273 2539 et
3305 2499 3334 2536 a
3387 2492 3567 2539 mente
3603 2493 3657 2538 et

2075 2579 2286 2629 ratione
2329 2575 2490 2629 devia
2530 2584 2583 2630 et
2629 2575 2827 2639 aliena,
2880 2577 3053 2630 multo
3100 2577 3274 2647 magis
3318 2575 3531 2632 illorum
3563 2577 3660 2634 ab-

2075 2668 2420 2730 surditatem,
2445 2669 2536 2738 qui
2565 2677 2745 2723 mente
2775 2669 2937 2732 valet,
2972 2685 3070 2723 suo
3108 2669 3366 2740 suﬁ'ragio
3400 2671 3658 2724 condem-

2075 2759 2241 2822 nabit,
2268 2759 2411 2813 unde
2439 2758 2660 2812 incitata
2680 2761 2856 2814 oratio
2877 2761 2942 2815 ad
2964 2760 3076 2814 haec
3103 2777 3196 2831 per
3212 2748 3656 2817 consecutionem

2075 2848 2465 2902 absurditatem
2510 2833 2756 2904 adduxit.
2819 2850 2924 2905 Sed
2975 2852 3218 2908 doctoris
3265 2868 3451 2908 vocem
3508 2869 3658 2907 mor-

2075 2938 2231 2991 dicus
2278 2940 2475 3008 carpit,
2526 2940 2668 3009 quod
2718 2956 2826 2995 non
2869 2943 3259 2997 convenienter
3301 2942 3356 2996 in
3410 2957 3476 2997 eo
3510 2941 3659 3013 quod

2080 3028 2184 3084 ﬁne
2231 3039 2379 3085 caret
2431 3041 2639 3100 spectet
2686 3033 2833 3103 quod
2883 3042 2967 3089 est
3013 3035 3467 3104 incorruptibile;
3518 3043 3573 3089 et
3603 3035 3657 3089 in

2077 3121 2481 3190 incorruptibili
2532 3137 2641 3176 non
2692 3131 2840 3179 recte
2894 3124 3160 3196 intelligat
3213 3127 3355 3196 quod
3386 3126 3659 3180 inﬁnitum

2075 3215 2178 3288 est.
2242 3207 2388 3280 Ergo
2429 3210 2574 3279 quod
2628 3225 2736 3264 non
2791 3212 3041 3267 absimile
3072 3223 3155 3268 est
3187 3215 3256 3269 ab
3288 3214 3540 3269 Eunomii
3570 3230 3662 3270 so-

2076 3299 2270 3362 lertia,
2322 3314 2426 3354 nos
2474 3301 2640 3354 etiam
2697 3301 3003 3356 riserimus.
3069 3301 3459 3359 Examinemus
3515 3304 3660 3358 enim

2074 3391 2248 3462 ipsius
2284 3393 2610 3448 sententiam
2647 3392 2715 3449 de
2752 3394 2834 3449 his
2867 3395 3207 3460 nominibus,
3239 3411 3360 3466 qua:
3403 3397 3526 3452 talis
3555 3408 3656 3454 est.

2146 3482 2310 3536 Aliud
2331 3482 2458 3552 quid
2509 3484 2688 3553 inquit
2734 3501 2826 3555 per
2847 3485 3204 3554 signiﬁcatum
3231 3487 3499 3554 inﬁnitum
3523 3504 3656 3554 esse,

2077 3572 2226 3626 aliud
2271 3573 2692 3642 incorruptibile,
2740 3573 2819 3628 vel
2857 3590 3019 3627 unum
3054 3573 3214 3628 ambo
3246 3575 3356 3629 lucc
3384 3593 3494 3630 esse
3525 3579 3658 3648 fale-

2077 3665 2238 3718 bi:ur.
2271 3663 2373 3719 Sed
2406 3667 2453 3718 si
2487 3683 2647 3719 unum
2681 3668 2834 3720 ambo
2873 3667 3039 3730 dicat,
3068 3678 3247 3722 nostra
3274 3671 3502 3723 sermoni
3527 3673 3660 3724 asti-

2077 3755 2384 3823 pulabilur;
2431 3756 2478 3809 si
2529 3767 2700 3809 autem
2744 3757 2974 3810 alterum
3013 3756 3142 3810 dicit
3175 3774 3288 3812 esse
3327 3759 3658 3828 incorrupti-

2079 3846 2220 3907 bilis.
2269 3855 2321 3900 et
2369 3846 2595 3900 alterum
2641 3845 2835 3915 inﬁniti
2884 3847 3262 3917 signiﬁcatum,
3305 3852 3658 3904 necessarium

2076 3946 2152 3992 est
2197 3939 2408 3992 omnino
2459 3939 2511 3991 in
2567 3938 2646 3990 his
2690 3954 2808 4008 quae
2855 3938 3063 3993 diversa
3099 3948 3222 3992 sunt
3273 3940 3409 3993 inter
3444 3957 3518 4003 se,
3555 3957 3656 3995 nan

2077 4027 2215 4082 idem
2267 4045 2380 4083 esse
2415 4029 2698 4082 secundum
2727 4021 3013 4098 potentiam
3061 4046 3178 4083 cum
3211 4030 3380 4085 altera
3409 4031 3656 4087 alterunt.

2081 4119 2220 4191 Ergo
2251 4122 2299 4175 si
2348 4123 2460 4174 alia
2503 4120 2918 4191 incorruptibilis
2969 4122 3135 4184 notio,
3196 4131 3247 4175 et
3279 4123 3386 4191 ﬁne
3430 4124 3657 4178 carentis

2078 4227 2265 4265 rursus
2319 4213 2449 4276 alia,
2501 4222 2551 4266 et
2585 4213 2773 4265 horum
2812 4221 2888 4266 est
2929 4221 3209 4280 utrumque
3258 4211 3396 4281 quod
3441 4229 3543 4266 non
3581 4222 3658 4269 est

2082 4303 2353 4364 alterum;
2402 4317 2565 4370 neque
2605 4301 3006 4369 incorruptibile
3046 4300 3192 4354 dubii
3239 4317 3350 4355 esse
3384 4303 3524 4370 quod
3554 4305 3659 4371 ﬁne

406 4393 685 4460 ἑκάτερον
701 4392 845 4459 ὅπερ
857 4393 966 4445 οὐκ
982 4390 1113 4445 ἔστι
1131 4392 1194 4444 τὸ
1210 4392 1431 4459 ἕτερον*
1449 4393 1586 4446 οὔτε
1600 4393 1667 4446 τό
1681 4394 1977 4462 ἄφθαρτον

2084 4402 2248 4459 caret,
2301 4408 2461 4461 neque
2511 4390 2650 4460 quod
2699 4401 2779 4444 est
2830 4392 2953 4460 ﬁnis
2997 4406 3181 4458 expers
3216 4390 3657 4461 incorruptibile:

407 4483 803 4549 ἀτελεύτητον
813 4479 963 4538 εἶναι
978 4483 1173 4547 δώσει,
1193 4484 1329 4536 οὔτε
1348 4484 1743 4553 ἀτελεύτητον
1758 4484 1981 4554 ἄφθαρ-

410 4591 536 4628 τον·
562 4576 724 4628 ἀλλὰ
743 4575 1006 4642 φθαρτὸν
1021 4573 1136 4643 μὲν
1149 4574 1318 4628 ἔσται
1350 4573 1416 4626 τὸ
1431 4575 1826 4642 ἀτελεύτητον
1845 4617 1859 4642 ,
1891 4595 1982 4632 τε-

412 4667 708 4734 λέυτητὸν
722 4666 789 4719 δὲ
814 4667 879 4720 τό
906 4665 1224 4735 ἄφθαρτον.
1268 4665 1427 4719 Ἀλλά
1456 4667 1821 4738 παραιτοῦμαι
1853 4669 1980 4732 τοὺς

413 4759 852 4829 ἐντυγχάνοντας,
874 4757 947 4828 μὴ
975 4756 1095 4809 καθ’
1109 4754 1464 4828 ήμῶντρέψαι
1476 4755 1573 4826 τὴν
1589 4757 1680 4808 ἐπὶ
1693 4758 1770 4828 τῷ
1785 4759 1980 4828 γελοίῳ

410 4851 769 4919 κατάγνωσιν.
787 4848 973 4902 Ταῦτα
987 4847 1095 4916 γὰρ
1123 4848 1283 4915 ἡμεῖς
1295 4846 1428 4917 πρὸς
1444 4847 1536 4899 τὸν
1555 4847 1872 4919 γελοιαστὴν
1888 4851 1980 4902 ὑπ’

406 4942 648 5012 ἀνάγκης
682 4939 1008 5009 ἐπαίξαμεν,
1041 4937 1128 4990 ἵνα
1156 4937 1243 4990 διά
1274 4937 1374 5006 τῆς
1403 4937 1590 5007 ὁμοίας
1617 4939 1835 5002 παιδιᾶς
1881 4939 1979 5010 τὴν

409 5031 741 5105 μειρακιώδη
760 5030 851 5084 τοῦ
866 5029 1197 5099 σοφίσματος
1216 5026 1378 5081 αὑτοῦ
1398 5027 1599 5099 πλοκὴν
1615 5029 1975 5102 διαλύσωμεν.

420 5124 558 5177 Ἀλλ’
581 5125 630 5175 ei.
653 5123 726 5192 μὴ
749 5121 884 5192 βαρύ
898 5139 957 5174 τε
973 5120 1066 5173 καὶ
1083 5118 1311 5189 ὀχληρὸν
1326 5119 1436 5181 τοῖς
1454 5121 1836 5190 ἐντυγχάνουσι
1857 5123 1982 5192 φαί-

407 5231 568 5279 νοιτο,
599 5215 699 5266 οὑκ
724 5214 947 5282 ἄκαιρον
979 5210 1043 5264 ἂν
1071 5211 1155 5280 εῖη
1192 5209 1353 5262 πάλιν
1386 5211 1480 5263 ἐπὶ
1507 5209 1702 5276 λέξεως
1727 5213 1979 5268 ἐκθέσθαι

407 5307 500 5359 τοῦ
534 5306 796 5372 Εὑνομίου
822 5305 891 5357 τά
919 5306 1157 5374 ῥήματα.
1196 5303 1261 5355 El
1292 5300 1441 5354 κατὰ
1466 5300 1531 5353 τὸ
1561 5301 1977 5371 ἀτελεύτητον,

409 5397 564 5466 φησὶ,
581 5394 689 5464 τῆς
711 5393 856 5463 ζωῆς
877 5395 1065 5462 μόνον
1083 5391 1256 5446 ἐστίν
1270 5390 1586 5459 ἄφθαρτος,
1619 5392 1718 5445 καὶ
1747 5395 1895 5448 κατὰ
1915 5396 1978 5450 τό

407 5489 676 5558 ἄναρχον
682 5489 872 5557 μόνον
883 5483 1104 5556 ἀγέννη
1111 5481 1469 5550 τος-,καθὸμτή
1484 5483 1650 5537 ἐστιν
1661 5484 1976 5554 ἄφθαρτος,

406 5579 665 5648 φθαρτὸς
689 5575 860 5629 ἔσται
881 5591 892 5602 ·
926 5573 1023 5627 καὶ
1041 5571 1184 5626 καθὸ
1195 5569 1279 5639 μή
1296 5569 1822 5641 ἐστινάγέννητος,
1845 5594 1979 5646 γεν-

404 5672 587 5741 νητὸς
611 5670 804 5726 ἔσται.
835 5667 944 5723 Καὶ
978 5661 1328 5721 ἐπαεθαλαῦὼν
1351 5663 1410 5717 τὸ
1430 5666 1559 5719 αὐτὸ
1592 5669 1772 5738 πάλιν,
1792 5671 1974 5742 φησίν

2083 4486 2172 4538 sed
2218 4481 2558 4550 corruptibile
2589 4481 2797 4552 quidem
2839 4483 2938 4536 erit
2975 4482 3113 4552 quod
3146 4483 3304 4550 ﬁnem
3331 4501 3433 4537 non
3481 4487 3654 4551 liabet,

2079 4584 2128 4628 et
2160 4574 2316 4642 ﬁnem
2345 4571 2539 4626 habens
2565 4572 2704 4641 quod
2729 4583 2807 4626 est
2834 4572 3256 4640 incorruptibile.
3297 4574 3402 4628 Sed
3429 4577 3657 4633 lectores

2079 4664 2346 4735 deprecor
2389 4678 2458 4717 ne
2495 4676 2596 4717 nos
2647 4663 2718 4716 ob
2761 4663 2952 4717 istha'c
2985 4663 3606 4720 ridenda'condemncnt
3639 4686 3653 4723 :

2079 4755 2194 4811 Inec
2235 4757 2380 4810 enim
2417 4769 2516 4809 nos
2561 4754 2824 4809 adversus
2867 4755 3146 4809 irrisorem
3189 4771 3300 4825 pra:
3334 4759 3658 4814 necessitate

2080 4846 2336 4908 lusimus,
2393 4855 2452 4898 ut
2513 4860 2610 4914 per
2659 4844 2893 4899 similem
2943 4845 3147 4912 lusum,
3188 4846 3482 4916 juvenilem
3537 4850 3656 4918 ejus

2082 4937 2443 5008 sophismatis
2487 4951 2685 4989 nexum
2741 4923 3130 4992 dissolvamus.
3187 4937 3291 4992 Sed
3342 4940 3388 4994 si
3439 4955 3545 4993 non
3581 4940 3657 4994 le-

2080 5029 2337 5100 gentibus
2379 5042 2542 5097 grave
2579 5036 2636 5080 et
2674 5027 2963 5082 molestum
3011 5030 3282 5096 videatur,
3315 5030 3458 5084 haud
3495 5029 3658 5084 fuerit

2081 5117 2544 5193 intempestivum,
2582 5117 2777 5172 iterum
2822 5120 2886 5174 ad
2921 5123 3143 5176 verbum
3178 5136 3446 5191 exponere
3478 5120 3658 5174 Euno-

2081 5208 2177 5263 mii
2221 5207 2388 5262 dicta.
2445 5207 2526 5272 Si,
2578 5208 2776 5280 inquit,
2837 5227 2942 5281 qua
2976 5214 3095 5266 vita:
3156 5211 3280 5279 ﬁnis
3329 5220 3404 5262 est
3452 5225 3655 5277 expers,

2081 5300 2253 5356 solum
2302 5309 2380 5354 est
2428 5302 2868 5371 incorruptibilis,
2930 5312 2981 5356 et
3034 5318 3137 5373 qua
3177 5301 3434 5370 principio
3488 5314 3652 5369 caret,

2080 5393 2251 5446 solum
2305 5403 2382 5446 est
2417 5393 2704 5463 ingenitus,
2754 5403 3011 5461 quatenus
3063 5407 3166 5445 non
3205 5400 3284 5445 est
3338 5393 3657 5462 incorrupti-

2085 5485 2226 5548 bilis,
2269 5485 2633 5552 corruptibilis
2662 5485 2804 5548 'erit,
2854 5492 2903 5536 et
2945 5493 3201 5550 quatenus
3255 5499 3357 5538 non
3401 5493 3476 5539 est
3513 5487 3655 5556 inge-

2087 5581 2250 5642 nitus,
2287 5580 2492 5647 genitus
2541 5577 2661 5630 erit.
2707 5575 2770 5628 Et
2820 5583 3108 5646 postquam
3145 5575 3290 5634 idem
3338 5578 3654 5645 resumpsit,

2086 5684 2279 5726 rursus
2337 5667 2512 5737 inquit
2545 5685 2557 5722 :
2585 5665 2703 5721 Erit
2759 5667 2939 5738 igitur,
2991 5678 3246 5740 quatenus
3287 5676 3369 5727 est
3407 5651 3655 5740 principii
