  <div class='ocr_page' id='page_1' title='image "/cluster/home/n/w/nwhite01/storage/ocr_20150623/45/mdp.39015011921478/560.png"; bbox 0 0 4020 6140; ppageno 0'>
   <div class='ocr_carea' id='block_1_1' title="bbox 327 273 463 332">
    <p class='ocr_par' dir='ltr' id='par_1_1' title="bbox 327 273 463 332">
     <span class='ocr_line' id='line_1_1' title="bbox 327 273 463 332; baseline 0.037 -5"><span class='ocrx_word' id='word_1_1' title='bbox 327 273 463 332; x_wconf 70' lang='grc'><strong>1080</strong></span> 
     </span>
    </p>
   </div>
   <div class='ocr_carea' id='block_1_2' title="bbox 1460 269 2508 336">
    <p class='ocr_par' dir='ltr' id='par_1_2' title="bbox 1460 269 2508 336">
     <span class='ocr_line' id='line_1_2' title="bbox 1460 269 2508 336; baseline 0.001 -9"><span class='ocrx_word' id='word_1_2' title='bbox 1460 270 1746 327; x_wconf 75' lang='lat' dir='ltr'><strong>CONTRA</strong></span> <span class='ocrx_word' id='word_1_3' title='bbox 1788 269 2177 336; x_wconf 79' lang='lat' dir='ltr'><strong>EUNOMIUM,</strong></span> <span class='ocrx_word' id='word_1_4' title='bbox 2220 269 2349 325; x_wconf 84' lang='lat' dir='ltr'><strong>LIB.</strong></span> <span class='ocrx_word' id='word_1_5' title='bbox 2392 270 2508 329; x_wconf 75' lang='lat' dir='ltr'><strong>XII.</strong></span> 
     </span>
    </p>
   </div>
   <div class='ocr_carea' id='block_1_3' title="bbox 3406 279 3596 347">
    <p class='ocr_par' dir='ltr' id='par_1_3' title="bbox 3406 279 3596 347">
     <span class='ocr_line' id='line_1_3' title="bbox 3406 279 3596 347; baseline 0.016 -12"><span class='ocrx_word' id='word_1_6' title='bbox 3406 279 3596 347; x_wconf 31' lang='lat'><strong>.1090</strong></span> 
     </span>
    </p>
   </div>
   <div class='ocr_carea' id='block_1_4' title="bbox 318 386 3594 461">
    <p class='ocr_par' dir='ltr' id='par_1_4' title="bbox 318 386 3594 461">
     <span class='ocr_line' id='line_1_4' title="bbox 318 386 3594 461; baseline 0.003 -20"><span class='ocrx_word' id='word_1_7' title='bbox 318 389 430 441; x_wconf 88' lang='lat' dir='ltr'><strong>duo</strong></span> <span class='ocrx_word' id='word_1_8' title='bbox 490 387 602 442; x_wconf 68' lang='lat' dir='ltr'><strong>haec</strong></span> <span class='ocrx_word' id='word_1_9' title='bbox 669 387 811 442; x_wconf 89' lang='lat' dir='ltr'><strong>inter</strong></span> <span class='ocrx_word' id='word_1_10' title='bbox 878 403 937 441; x_wconf 88' lang='lat' dir='ltr'><strong>se</strong></span> <span class='ocrx_word' id='word_1_11' title='bbox 1013 387 1221 441; x_wconf 87' lang='lat' dir='ltr'><strong>mutuis</strong></span> <span class='ocrx_word' id='word_1_12' title='bbox 1294 388 1610 443; x_wconf 77' lang='lat' dir='ltr'><strong>nationibus</strong></span> <span class='ocrx_word' id='word_1_13' title='bbox 1685 402 1795 442; x_wconf 93' lang='lat' dir='ltr'><strong>non</strong></span> <span class='ocrx_word' id='word_1_14' title='bbox 1857 386 2293 457; x_wconf 75' lang='lat' dir='ltr'><strong>permiscentur,</strong></span> <span class='ocrx_word' id='word_1_15' title='bbox 2362 400 2541 456; x_wconf 87' lang='lat' dir='ltr'><strong>neque</strong></span> <span class='ocrx_word' id='word_1_16' title='bbox 2595 388 2925 461; x_wconf 82' lang='lat' dir='ltr'><strong>principium</strong></span> <span class='ocrx_word' id='word_1_17' title='bbox 2986 406 3111 447; x_wconf 90' lang='lat' dir='ltr'><strong>cum</strong></span> <span class='ocrx_word' id='word_1_18' title='bbox 3173 392 3280 450; x_wconf 88' lang='lat' dir='ltr'><strong>ﬁne</strong></span> <span class='ocrx_word' id='word_1_19' title='bbox 3348 395 3594 451; x_wconf 80' lang='lat' dir='ltr'><strong>eamdem</strong></span> 
     </span>
    </p>
   </div>
   <div class='ocr_carea' id='block_1_5' title="bbox 320 473 3596 558">
    <p class='ocr_par' dir='ltr' id='par_1_5' title="bbox 320 473 3596 558">
     <span class='ocr_line' id='line_1_5' title="bbox 320 473 3596 558; baseline 0.004 -29"><span class='ocrx_word' id='word_1_20' title='bbox 320 480 584 533; x_wconf 85' lang='lat' dir='ltr'><strong>rationem</strong></span> <span class='ocrx_word' id='word_1_21' title='bbox 648 480 830 547; x_wconf 89' lang='lat' dir='ltr'><strong>habet,</strong></span> <span class='ocrx_word' id='word_1_22' title='bbox 912 495 1091 550; x_wconf 77' lang='lat' dir='ltr'><strong>neque</strong></span> <span class='ocrx_word' id='word_1_23' title='bbox 1135 494 1256 551; x_wconf 63' lang='lat' dir='ltr'><strong>quae</strong></span> <span class='ocrx_word' id='word_1_24' title='bbox 1321 480 1437 535; x_wconf 54' lang='lat' dir='ltr'><strong>haec</strong></span> <span class='ocrx_word' id='word_1_25' title='bbox 1494 480 1603 534; x_wconf 87' lang='lat' dir='ltr'><strong>vim</strong></span> <span class='ocrx_word' id='word_1_26' title='bbox 1671 479 1955 534; x_wconf 86' lang='lat' dir='ltr'><strong>aul‘ereudi</strong></span> <span class='ocrx_word' id='word_1_27' title='bbox 2013 473 2231 532; x_wconf 85' lang='lat' dir='ltr'><strong>habent</strong></span> <span class='ocrx_word' id='word_1_28' title='bbox 2306 480 2550 545; x_wconf 89' lang='lat' dir='ltr'><strong>nomina,</strong></span> <span class='ocrx_word' id='word_1_29' title='bbox 2613 481 2756 537; x_wconf 88' lang='lat' dir='ltr'><strong>inter</strong></span> <span class='ocrx_word' id='word_1_30' title='bbox 2817 497 2878 538; x_wconf 89' lang='lat' dir='ltr'><strong>se</strong></span> <span class='ocrx_word' id='word_1_31' title='bbox 2939 482 3324 554; x_wconf 84' lang='lat' dir='ltr'><strong>signiﬁcantiis</strong></span> <span class='ocrx_word' id='word_1_32' title='bbox 3370 500 3596 558; x_wconf 84' lang='lat' dir='ltr'><strong>compo-</strong></span> 
     </span>
    </p>
   </div>
   <div class='ocr_carea' id='block_1_6' title="bbox 322 579 545 624">
    <p class='ocr_par' dir='ltr' id='par_1_6' title="bbox 322 579 545 624">
     <span class='ocr_line' id='line_1_6' title="bbox 322 579 545 624; baseline 0.018 -4"><span class='ocrx_word' id='word_1_33' title='bbox 322 579 545 624; x_wconf 86' lang='lat' dir='ltr'><strong>nuntur.</strong></span> 
     </span>
    </p>
   </div>
   <div class='ocr_carea' id='block_1_7' title="bbox 400 644 1914 734">
    <p class='ocr_par' dir='ltr' id='par_1_7' title="bbox 400 650 1904 732">
     <span class='ocr_line' id='line_1_7' title="bbox 400 650 1904 732; baseline 0.001 -22"><span class='ocrx_word' id='word_1_34' title='bbox 400 661 487 721; x_wconf 85' lang='grc' dir='ltr'>Ὠς</span> <span class='ocrx_word' id='word_1_35' title='bbox 528 660 571 712; x_wconf 82' lang='grc' dir='ltr'><strong>δ’</strong></span> <span class='ocrx_word' id='word_1_36' title='bbox 604 659 667 713; x_wconf 73' lang='grc' dir='ltr'><strong>ἂν</strong></span> <span class='ocrx_word' id='word_1_37' title='bbox 705 661 799 712; x_wconf 74' lang='grc' dir='ltr'><strong>καὶ</strong></span> <span class='ocrx_word' id='word_1_38' title='bbox 844 661 1007 723; x_wconf 71' lang='grc' dir='ltr'>αὐτὸς</span> <span class='ocrx_word' id='word_1_39' title='bbox 1040 661 1287 732; x_wconf 81' lang='grc' dir='ltr'>ἐπιγνοίη</span> <span class='ocrx_word' id='word_1_40' title='bbox 1319 650 1410 713; x_wconf 82' lang='grc' dir='ltr'><strong>τὸν</strong></span> <span class='ocrx_word' id='word_1_41' title='bbox 1444 660 1574 714; x_wconf 85' lang='grc' dir='ltr'>ἴδιον</span> <span class='ocrx_word' id='word_1_42' title='bbox 1607 659 1791 731; x_wconf 87' lang='grc' dir='ltr'>λῆρον,</span> <span class='ocrx_word' id='word_1_43' title='bbox 1840 661 1904 713; x_wconf 83' lang='grc' dir='ltr'>ὲκ</span> 
     </span>
    </p>
   </div>
   <div class='ocr_carea' id='block_1_8' title="bbox 2017 644 3596 734">
    <p class='ocr_par' dir='ltr' id='par_1_8' title="bbox 2081 644 3596 734">
     <span class='ocr_line' id='line_1_8' title="bbox 2081 644 3596 734; baseline 0.008 -21"><span class='ocrx_word' id='word_1_44' title='bbox 2081 657 2152 713; x_wconf 90' lang='lat' dir='ltr'><strong>Ut</strong></span> <span class='ocrx_word' id='word_1_45' title='bbox 2187 668 2370 715; x_wconf 89' lang='lat' dir='ltr'><strong>autem</strong></span> <span class='ocrx_word' id='word_1_46' title='bbox 2427 676 2559 717; x_wconf 89' lang='lat' dir='ltr'><strong>suas</strong></span> <span class='ocrx_word' id='word_1_47' title='bbox 2614 644 2731 732; x_wconf 86' lang='lat' dir='ltr'><strong>ipse</strong></span> <span class='ocrx_word' id='word_1_48' title='bbox 2778 678 2950 734; x_wconf 85' lang='lat' dir='ltr'><strong>nugas</strong></span> <span class='ocrx_word' id='word_1_49' title='bbox 2996 672 3280 734; x_wconf 86' lang='lat' dir='ltr'><strong>agnoscat,</strong></span> <span class='ocrx_word' id='word_1_50' title='bbox 3324 681 3390 721; x_wconf 83' lang='lat' dir='ltr'><strong>ex</strong></span> <span class='ocrx_word' id='word_1_51' title='bbox 3448 667 3596 726; x_wconf 81' lang='lat' dir='ltr'><strong>illius</strong></span> 
     </span>
    </p>
   </div>
   <div class='ocr_carea' id='block_1_9' title="bbox 315 749 1901 823">
    <p class='ocr_par' dir='ltr' id='par_1_9' title="bbox 315 749 1901 823">
     <span class='ocr_line' id='line_1_9' title="bbox 315 749 1901 823; baseline 0.001 -22"><span class='ocrx_word' id='word_1_52' title='bbox 315 749 424 801; x_wconf 80' lang='grc' dir='ltr'><strong>τῶν</strong></span> <span class='ocrx_word' id='word_1_53' title='bbox 463 750 592 822; x_wconf 87' lang='grc' dir='ltr'>παρ’</span> <span class='ocrx_word' id='word_1_54' title='bbox 635 750 843 804; x_wconf 75' lang='grc' dir='ltr'>ἐκείνου</span> <span class='ocrx_word' id='word_1_55' title='bbox 880 752 1151 823; x_wconf 77' lang='grc' dir='ltr'><strong>ῥηθέντων</strong></span> <span class='ocrx_word' id='word_1_56' title='bbox 1194 750 1347 803; x_wconf 75' lang='grc' dir='ltr'>ἔσται</span> <span class='ocrx_word' id='word_1_57' title='bbox 1392 752 1419 804; x_wconf 98' lang='lat'><strong>6</strong></span> <span class='ocrx_word' id='word_1_58' title='bbox 1468 750 1704 821; x_wconf 78' lang='grc' dir='ltr'>ἔλεγχος.</span> <span class='ocrx_word' id='word_1_59' title='bbox 1741 749 1901 818; x_wconf 81' lang='grc' dir='ltr'>Λέγει</span> 
     </span>
    </p>
   </div>
   <div class='ocr_carea' id='block_1_10' title="bbox 318 841 1905 913">
    <p class='ocr_par' dir='ltr' id='par_1_10' title="bbox 318 841 1905 913">
     <span class='ocr_line' id='line_1_10' title="bbox 318 841 1905 913; baseline 0.001 -20"><span class='ocrx_word' id='word_1_60' title='bbox 318 842 428 908; x_wconf 74' lang='grc' dir='ltr'><strong>γὰρ</strong></span> <span class='ocrx_word' id='word_1_61' title='bbox 460 844 570 904; x_wconf 84' lang='grc' dir='ltr'>τοῖς</span> <span class='ocrx_word' id='word_1_62' title='bbox 608 843 898 913; x_wconf 79' lang='grc' dir='ltr'><strong>ἡμετέροις</strong></span> <span class='ocrx_word' id='word_1_63' title='bbox 935 843 1257 913; x_wconf 81' lang='grc' dir='ltr'>μαχόμενος,</span> <span class='ocrx_word' id='word_1_64' title='bbox 1297 842 1377 894; x_wconf 86' lang='grc' dir='ltr'>ὅτι</span> <span class='ocrx_word' id='word_1_65' title='bbox 1410 842 1437 894; x_wconf 97' lang='lat'><strong>6</strong></span> <span class='ocrx_word' id='word_1_66' title='bbox 1471 841 1602 904; x_wconf 77' lang='grc' dir='ltr'>Θεὸς</span> <span class='ocrx_word' id='word_1_67' title='bbox 1635 842 1728 895; x_wconf 75' lang='grc' dir='ltr'>καὶ</span> <span class='ocrx_word' id='word_1_68' title='bbox 1762 841 1905 895; x_wconf 85' lang='grc' dir='ltr'>κατὰ</span> 
     </span>
    </p>
   </div>
   <div class='ocr_carea' id='block_1_11' title="bbox 320 930 1902 1004">
    <p class='ocr_par' dir='ltr' id='par_1_11' title="bbox 320 930 1902 1004">
     <span class='ocr_line' id='line_1_11' title="bbox 320 930 1902 1004; baseline 0.003 -23"><span class='ocrx_word' id='word_1_69' title='bbox 320 930 378 981; x_wconf 83' lang='grc' dir='ltr'><strong>τὸ</strong></span> <span class='ocrx_word' id='word_1_70' title='bbox 409 932 762 1004; x_wconf 73' lang='grc' dir='ltr'>ἀτελεύτητον</span> <span class='ocrx_word' id='word_1_71' title='bbox 797 936 942 986; x_wconf 82' lang='grc' dir='ltr'>ἐστιν</span> <span class='ocrx_word' id='word_1_72' title='bbox 973 934 1264 1002; x_wconf 85' lang='grc' dir='ltr'>ἀγέννητος</span> <span class='ocrx_word' id='word_1_73' title='bbox 1287 972 1301 996; x_wconf 90' lang='grc'><strong>,</strong></span> <span class='ocrx_word' id='word_1_74' title='bbox 1339 933 1432 986; x_wconf 78' lang='grc' dir='ltr'><strong>καὶ</strong></span> <span class='ocrx_word' id='word_1_75' title='bbox 1469 932 1609 985; x_wconf 86' lang='grc' dir='ltr'><strong>κατά</strong></span> <span class='ocrx_word' id='word_1_76' title='bbox 1647 933 1706 985; x_wconf 86' lang='grc' dir='ltr'><strong>τὸ</strong></span> <span class='ocrx_word' id='word_1_77' title='bbox 1739 932 1902 1000; x_wconf 84' lang='grc' dir='ltr'>ἀγέν-</span> 
     </span>
    </p>
   </div>
   <div class='ocr_carea' id='block_1_12' title="bbox 318 1024 1904 1097">
    <p class='ocr_par' dir='ltr' id='par_1_12' title="bbox 318 1024 1904 1097">
     <span class='ocr_line' id='line_1_12' title="bbox 318 1024 1904 1097; baseline 0.003 -23"><span class='ocrx_word' id='word_1_78' title='bbox 318 1040 479 1092; x_wconf 84' lang='grc' dir='ltr'>νητον</span> <span class='ocrx_word' id='word_1_79' title='bbox 507 1024 881 1096; x_wconf 83' lang='grc' dir='ltr'>ἀτελεύτητος,</span> <span class='ocrx_word' id='word_1_80' title='bbox 914 1025 987 1089; x_wconf 81' lang='grc' dir='ltr'><strong>ὡς</strong></span> <span class='ocrx_word' id='word_1_81' title='bbox 1020 1027 1146 1095; x_wconf 82' lang='grc' dir='ltr'>μιᾶς</span> <span class='ocrx_word' id='word_1_82' title='bbox 1175 1026 1282 1078; x_wconf 81' lang='grc' dir='ltr'>τῶν</span> <span class='ocrx_word' id='word_1_83' title='bbox 1311 1026 1590 1097; x_wconf 69' lang='grc' dir='ltr'>ὀνομάτων</span> <span class='ocrx_word' id='word_1_84' title='bbox 1622 1026 1680 1079; x_wconf 87' lang='grc' dir='ltr'>ὲν</span> <span class='ocrx_word' id='word_1_85' title='bbox 1711 1024 1904 1078; x_wconf 80' lang='grc' dir='ltr'>ἐκατέ-</span> 
     </span>
    </p>
   </div>
   <div class='ocr_carea' id='block_1_13' title="bbox 324 1114 1907 1187">
    <p class='ocr_par' dir='ltr' id='par_1_13' title="bbox 324 1114 1907 1187">
     <span class='ocr_line' id='line_1_13' title="bbox 324 1114 1907 1187; baseline 0.003 -22"><span class='ocrx_word' id='word_1_86' title='bbox 324 1131 438 1185; x_wconf 85' lang='grc' dir='ltr'>ροις</span> <span class='ocrx_word' id='word_1_87' title='bbox 468 1114 632 1187; x_wconf 73' lang='grc' dir='ltr'>οὓσης</span> <span class='ocrx_word' id='word_1_88' title='bbox 664 1118 974 1186; x_wconf 82' lang='grc' dir='ltr'>ἐμφάσεως.</span> <span class='ocrx_word' id='word_1_89' title='bbox 1017 1119 1079 1170; x_wconf 70' lang='lat' dir='ltr'><strong>EE</strong></span> <span class='ocrx_word' id='word_1_90' title='bbox 1108 1118 1283 1171; x_wconf 78' lang='grc' dir='ltr'>τοίνυν</span> <span class='ocrx_word' id='word_1_91' title='bbox 1310 1119 1404 1171; x_wconf 72' lang='grc' dir='ltr'><strong>καὶ</strong></span> <span class='ocrx_word' id='word_1_92' title='bbox 1434 1118 1574 1171; x_wconf 88' lang='grc' dir='ltr'><strong>κατά</strong></span> <span class='ocrx_word' id='word_1_93' title='bbox 1602 1116 1907 1170; x_wconf 60' lang='grc' dir='ltr'>τὸνάτελεύ-</span> 
     </span>
    </p>
   </div>
   <div class='ocr_carea' id='block_1_14' title="bbox 324 1207 1905 1281">
    <p class='ocr_par' dir='ltr' id='par_1_14' title="bbox 324 1207 1905 1281">
     <span class='ocr_line' id='line_1_14' title="bbox 324 1207 1905 1281; baseline 0.003 -22"><span class='ocrx_word' id='word_1_94' title='bbox 324 1207 485 1276; x_wconf 84' lang='grc' dir='ltr'>τητόν</span> <span class='ocrx_word' id='word_1_95' title='bbox 524 1210 667 1261; x_wconf 71' lang='grc' dir='ltr'>ἐστιν</span> <span class='ocrx_word' id='word_1_96' title='bbox 696 1209 1003 1278; x_wconf 79' lang='grc' dir='ltr'>ἀγέννητος,</span> <span class='ocrx_word' id='word_1_97' title='bbox 1034 1212 1127 1262; x_wconf 79' lang='grc' dir='ltr'><strong>καὶ</strong></span> <span class='ocrx_word' id='word_1_98' title='bbox 1165 1211 1357 1263; x_wconf 79' lang='grc' dir='ltr'>ταύτόν</span> <span class='ocrx_word' id='word_1_99' title='bbox 1397 1212 1512 1263; x_wconf 79' lang='grc' dir='ltr'>ἐστι</span> <span class='ocrx_word' id='word_1_100' title='bbox 1540 1210 1682 1263; x_wconf 84' lang='grc' dir='ltr'><strong>κατά</strong></span> <span class='ocrx_word' id='word_1_101' title='bbox 1710 1211 1769 1263; x_wconf 85' lang='grc' dir='ltr'><strong>τὸ</strong></span> <span class='ocrx_word' id='word_1_102' title='bbox 1806 1228 1905 1281; x_wconf 86' lang='grc' dir='ltr'>ση-</span> 
     </span>
    </p>
   </div>
   <div class='ocr_carea' id='block_1_15' title="bbox 327 1299 1906 1373">
    <p class='ocr_par' dir='ltr' id='par_1_15' title="bbox 327 1299 1906 1373">
     <span class='ocr_line' id='line_1_15' title="bbox 327 1299 1906 1373; baseline 0.003 -22"><span class='ocrx_word' id='word_1_103' title='bbox 327 1299 649 1369; x_wconf 83' lang='grc' dir='ltr'>μαινόμενον</span> <span class='ocrx_word' id='word_1_104' title='bbox 677 1299 737 1352; x_wconf 84' lang='grc' dir='ltr'><strong>τὸ</strong></span> <span class='ocrx_word' id='word_1_105' title='bbox 758 1300 1107 1370; x_wconf 74' lang='grc' dir='ltr'>ἀτελεύτητον</span> <span class='ocrx_word' id='word_1_106' title='bbox 1133 1319 1192 1355; x_wconf 90' lang='grc' dir='ltr'><strong>τε</strong></span> <span class='ocrx_word' id='word_1_107' title='bbox 1221 1303 1313 1355; x_wconf 81' lang='grc' dir='ltr'><strong>καὶ</strong></span> <span class='ocrx_word' id='word_1_108' title='bbox 1342 1302 1653 1373; x_wconf 82' lang='grc' dir='ltr'>ἀγέννητον.</span> <span class='ocrx_word' id='word_1_109' title='bbox 1687 1302 1906 1355; x_wconf 87' lang='grc' dir='ltr'>ἀτελεύ-</span> 
     </span>
    </p>
   </div>
   <div class='ocr_carea' id='block_1_16' title="bbox 323 1389 1907 1465">
    <p class='ocr_par' dir='ltr' id='par_1_16' title="bbox 323 1389 1907 1465">
     <span class='ocr_line' id='line_1_16' title="bbox 323 1389 1907 1465; baseline 0.004 -25"><span class='ocrx_word' id='word_1_110' title='bbox 323 1406 484 1458; x_wconf 88' lang='grc' dir='ltr'>τητον</span> <span class='ocrx_word' id='word_1_111' title='bbox 515 1390 569 1442; x_wconf 87' lang='grc' dir='ltr'><strong>δὲ</strong></span> <span class='ocrx_word' id='word_1_112' title='bbox 602 1391 694 1442; x_wconf 81' lang='grc' dir='ltr'><strong>καὶ</strong></span> <span class='ocrx_word' id='word_1_113' title='bbox 723 1390 813 1442; x_wconf 87' lang='grc' dir='ltr'><strong>τὸν</strong></span> <span class='ocrx_word' id='word_1_114' title='bbox 841 1391 967 1444; x_wconf 86' lang='grc' dir='ltr'>Υίὸν</span> <span class='ocrx_word' id='word_1_115' title='bbox 997 1389 1133 1445; x_wconf 76' lang='grc' dir='ltr'>εἶναι</span> <span class='ocrx_word' id='word_1_116' title='bbox 1170 1393 1493 1460; x_wconf 81' lang='grc' dir='ltr'>συντίθεται,</span> <span class='ocrx_word' id='word_1_117' title='bbox 1524 1394 1818 1465; x_wconf 79' lang='grc' dir='ltr'>ἀγέννητον</span> <span class='ocrx_word' id='word_1_118' title='bbox 1844 1395 1907 1447; x_wconf 75' lang='grc' dir='ltr'>ἐκ</span> 
     </span>
    </p>
   </div>
   <div class='ocr_carea' id='block_1_17' title="bbox 323 1480 1907 1559">
    <p class='ocr_par' dir='ltr' id='par_1_17' title="bbox 323 1480 1907 1559">
     <span class='ocr_line' id='line_1_17' title="bbox 323 1480 1907 1559; baseline 0.003 -26"><span class='ocrx_word' id='word_1_119' title='bbox 323 1480 423 1549; x_wconf 80' lang='grc' dir='ltr'>τῆς</span> <span class='ocrx_word' id='word_1_120' title='bbox 466 1482 783 1546; x_wconf 71' lang='grc' dir='ltr'><strong>ἀκολουθίας</strong></span> <span class='ocrx_word' id='word_1_121' title='bbox 822 1483 1025 1553; x_wconf 84' lang='grc' dir='ltr'>ταύτης</span> <span class='ocrx_word' id='word_1_122' title='bbox 1069 1487 1160 1539; x_wconf 79' lang='grc' dir='ltr'><strong>καὶ</strong></span> <span class='ocrx_word' id='word_1_123' title='bbox 1203 1484 1294 1540; x_wconf 86' lang='grc' dir='ltr'><strong>τὸν</strong></span> <span class='ocrx_word' id='word_1_124' title='bbox 1344 1487 1470 1539; x_wconf 82' lang='grc' dir='ltr'>Υἰὸν</span> <span class='ocrx_word' id='word_1_125' title='bbox 1512 1489 1631 1540; x_wconf 80' lang='grc' dir='ltr'>κατ’</span> <span class='ocrx_word' id='word_1_126' title='bbox 1652 1488 1907 1559; x_wconf 78' lang='grc' dir='ltr'>’ἀνάγκην</span> 
     </span>
    </p>
   </div>
   <div class='ocr_carea' id='block_1_18' title="bbox 326 1570 1908 1651">
    <p class='ocr_par' dir='ltr' id='par_1_18' title="bbox 326 1570 1908 1651">
     <span class='ocr_line' id='line_1_18' title="bbox 326 1570 1908 1651; baseline 0.006 -29"><span class='ocrx_word' id='word_1_127' title='bbox 326 1570 667 1641; x_wconf 82' lang='grc' dir='ltr'>συνθήσεται,</span> <span class='ocrx_word' id='word_1_128' title='bbox 709 1575 865 1646; x_wconf 79' lang='grc' dir='ltr'>εἰπερ</span> <span class='ocrx_word' id='word_1_129' title='bbox 907 1578 1101 1632; x_wconf 82' lang='grc' dir='ltr'>ταύτόν</span> <span class='ocrx_word' id='word_1_130' title='bbox 1148 1581 1283 1644; x_wconf 82' lang='grc' dir='ltr'>ἐστι,</span> <span class='ocrx_word' id='word_1_131' title='bbox 1331 1578 1513 1642; x_wconf 83' lang='grc' dir='ltr'>καθὼς</span> <span class='ocrx_word' id='word_1_132' title='bbox 1570 1578 1779 1649; x_wconf 81' lang='grc' dir='ltr'>εἴρηκε,</span> <span class='ocrx_word' id='word_1_133' title='bbox 1831 1580 1908 1651; x_wconf 80' lang='grc' dir='ltr'><strong>τῷ</strong></span> 
     </span>
    </p>
   </div>
   <div class='ocr_carea' id='block_1_19' title="bbox 325 1662 1909 1739">
    <p class='ocr_par' dir='ltr' id='par_1_19' title="bbox 325 1662 1909 1739">
     <span class='ocr_line' id='line_1_19' title="bbox 325 1662 1909 1739; baseline 0.003 -25"><span class='ocrx_word' id='word_1_134' title='bbox 325 1662 544 1732; x_wconf 83' lang='grc' dir='ltr'>ἀνάρχῳ</span> <span class='ocrx_word' id='word_1_135' title='bbox 567 1663 626 1715; x_wconf 87' lang='grc' dir='ltr'><strong>τὸ</strong></span> <span class='ocrx_word' id='word_1_136' title='bbox 646 1665 1017 1737; x_wconf 85' lang='grc' dir='ltr'>ἀτελεύτητον.</span> <span class='ocrx_word' id='word_1_137' title='bbox 1067 1668 1151 1731; x_wconf 84' lang='grc' dir='ltr'>Ὧς</span> <span class='ocrx_word' id='word_1_138' title='bbox 1175 1669 1281 1739; x_wconf 74' lang='grc' dir='ltr'>γὰρ</span> <span class='ocrx_word' id='word_1_139' title='bbox 1304 1670 1359 1721; x_wconf 83' lang='grc' dir='ltr'><strong>ὲν</strong></span> <span class='ocrx_word' id='word_1_140' title='bbox 1387 1668 1465 1738; x_wconf 82' lang='grc' dir='ltr'><strong>τῷ</strong></span> <span class='ocrx_word' id='word_1_141' title='bbox 1484 1669 1763 1738; x_wconf 83' lang='grc' dir='ltr'>ἀγεννήτῳ</span> <span class='ocrx_word' id='word_1_142' title='bbox 1785 1667 1909 1737; x_wconf 83' lang='grc' dir='ltr'>βλέ-</span> 
     </span>
    </p>
   </div>
   <div class='ocr_carea' id='block_1_20' title="bbox 325 1758 1910 1833">
    <p class='ocr_par' dir='ltr' id='par_1_20' title="bbox 325 1758 1910 1833">
     <span class='ocr_line' id='line_1_20' title="bbox 325 1758 1910 1833; baseline 0.004 -26"><span class='ocrx_word' id='word_1_143' title='bbox 325 1773 418 1809; x_wconf 78' lang='grc' dir='ltr'><strong>πει</strong></span> <span class='ocrx_word' id='word_1_144' title='bbox 458 1758 516 1809; x_wconf 89' lang='grc' dir='ltr'><strong>τὸ</strong></span> <span class='ocrx_word' id='word_1_145' title='bbox 550 1758 924 1830; x_wconf 77' lang='grc' dir='ltr'>ἀτελεύτητον,</span> <span class='ocrx_word' id='word_1_146' title='bbox 965 1761 1135 1825; x_wconf 76' lang='grc' dir='ltr'>οὕτως</span> <span class='ocrx_word' id='word_1_147' title='bbox 1181 1763 1433 1833; x_wconf 83' lang='grc' dir='ltr'>ὁμολογεῖ</span> <span class='ocrx_word' id='word_1_148' title='bbox 1473 1761 1784 1831; x_wconf 77' lang='grc' dir='ltr'>νενοηκέναι</span> <span class='ocrx_word' id='word_1_149' title='bbox 1820 1762 1910 1815; x_wconf 77' lang='grc' dir='ltr'><strong>καὶ</strong></span> 
     </span>
    </p>
   </div>
   <div class='ocr_carea' id='block_1_21' title="bbox 325 1848 1911 1926">
    <p class='ocr_par' dir='ltr' id='par_1_21' title="bbox 325 1848 1911 1926">
     <span class='ocr_line' id='line_1_21' title="bbox 325 1848 1911 1926; baseline 0.003 -27"><span class='ocrx_word' id='word_1_150' title='bbox 325 1849 383 1899; x_wconf 80' lang='grc' dir='ltr'>ὲν</span> <span class='ocrx_word' id='word_1_151' title='bbox 412 1848 489 1918; x_wconf 80' lang='grc' dir='ltr'>τῷ</span> <span class='ocrx_word' id='word_1_152' title='bbox 522 1850 861 1922; x_wconf 81' lang='grc' dir='ltr'>ἀτελευτήτῳ</span> <span class='ocrx_word' id='word_1_153' title='bbox 898 1853 959 1905; x_wconf 88' lang='grc' dir='ltr'><strong>τὸ</strong></span> <span class='ocrx_word' id='word_1_154' title='bbox 988 1852 1240 1926; x_wconf 76' lang='grc' dir='ltr'>ἄναρχον.</span> <span class='ocrx_word' id='word_1_155' title='bbox 1276 1854 1348 1906; x_wconf 74' lang='grc' dir='ltr'><strong>Οὐ</strong></span> <span class='ocrx_word' id='word_1_156' title='bbox 1383 1852 1490 1924; x_wconf 70' lang='grc' dir='ltr'><strong>γὰρ</strong></span> <span class='ocrx_word' id='word_1_157' title='bbox 1520 1851 1584 1905; x_wconf 83' lang='grc' dir='ltr'><strong>ἂν</strong></span> <span class='ocrx_word' id='word_1_158' title='bbox 1615 1854 1671 1904; x_wconf 85' lang='grc' dir='ltr'>ὲν</span> <span class='ocrx_word' id='word_1_159' title='bbox 1702 1851 1779 1922; x_wconf 84' lang='grc' dir='ltr'>τῷ</span> <span class='ocrx_word' id='word_1_160' title='bbox 1814 1851 1911 1922; x_wconf 77' lang='grc' dir='ltr'><strong>ἴσῳ</strong></span> 
     </span>
    </p>
   </div>
   <div class='ocr_carea' id='block_1_22' title="bbox 323 1940 1909 2015">
    <p class='ocr_par' dir='ltr' id='par_1_22' title="bbox 323 1940 1909 2015">
     <span class='ocr_line' id='line_1_22' title="bbox 323 1940 1909 2015; baseline 0.002 -22"><span class='ocrx_word' id='word_1_161' title='bbox 323 1940 423 2011; x_wconf 67' lang='grc' dir='ltr'>τὴν</span> <span class='ocrx_word' id='word_1_162' title='bbox 447 1941 551 1992; x_wconf 84' lang='grc' dir='ltr'><strong>τῶν</strong></span> <span class='ocrx_word' id='word_1_163' title='bbox 580 1942 855 2012; x_wconf 77' lang='grc' dir='ltr'>ὀνομάτων</span> <span class='ocrx_word' id='word_1_164' title='bbox 879 1944 1221 2015; x_wconf 64' lang='grc' dir='ltr'>ἀναστροφὴν</span> <span class='ocrx_word' id='word_1_165' title='bbox 1254 1947 1564 2014; x_wconf 70' lang='grc' dir='ltr'>ἐποιήσατο.</span> <span class='ocrx_word' id='word_1_166' title='bbox 1614 1944 1773 1997; x_wconf 82' lang='grc' dir='ltr'>’Λλλά</span> <span class='ocrx_word' id='word_1_167' title='bbox 1805 1943 1909 2012; x_wconf 79' lang='grc' dir='ltr'><strong>φύ-</strong></span> 
     </span>
    </p>
   </div>
   <div class='ocr_carea' id='block_1_23' title="bbox 328 2034 1913 2107">
    <p class='ocr_par' dir='ltr' id='par_1_23' title="bbox 328 2034 1913 2107">
     <span class='ocr_line' id='line_1_23' title="bbox 328 2034 1913 2107; baseline 0.003 -23"><span class='ocrx_word' id='word_1_168' title='bbox 328 2050 408 2085; x_wconf 85' lang='grc' dir='ltr'><strong>σει</strong></span> <span class='ocrx_word' id='word_1_169' title='bbox 449 2034 540 2085; x_wconf 72' lang='grc' dir='ltr'>καὶ</span> <span class='ocrx_word' id='word_1_170' title='bbox 582 2036 640 2087; x_wconf 76' lang='grc' dir='ltr'><strong>οὐ</strong></span> <span class='ocrx_word' id='word_1_171' title='bbox 693 2036 991 2106; x_wconf 76' lang='grc' dir='ltr'><strong>παραθέσει</strong></span> <span class='ocrx_word' id='word_1_172' title='bbox 1040 2037 1145 2089; x_wconf 84' lang='grc' dir='ltr'><strong>τῶν</strong></span> <span class='ocrx_word' id='word_1_173' title='bbox 1192 2036 1421 2100; x_wconf 79' lang='grc' dir='ltr'>αἰώνων,</span> <span class='ocrx_word' id='word_1_174' title='bbox 1470 2037 1655 2107; x_wconf 73' lang='grc' dir='ltr'>φησὶν,</span> <span class='ocrx_word' id='word_1_175' title='bbox 1705 2039 1733 2090; x_wconf 88' lang='grc' dir='ltr'><strong>ὀ</strong></span> <span class='ocrx_word' id='word_1_176' title='bbox 1782 2037 1913 2100; x_wconf 82' lang='grc' dir='ltr'><strong>Θεός</strong></span> 
     </span>
    </p>
   </div>
   <div class='ocr_carea' id='block_1_24' title="bbox 326 2125 1911 2200">
    <p class='ocr_par' dir='ltr' id='par_1_24' title="bbox 326 2125 1911 2200">
     <span class='ocr_line' id='line_1_24' title="bbox 326 2125 1911 2200; baseline 0.003 -24"><span class='ocrx_word' id='word_1_177' title='bbox 326 2125 473 2178; x_wconf 78' lang='grc' dir='ltr'>ἐστιν</span> <span class='ocrx_word' id='word_1_178' title='bbox 509 2125 820 2197; x_wconf 81' lang='grc' dir='ltr'>ἀγέννητος.</span> <span class='ocrx_word' id='word_1_179' title='bbox 864 2130 960 2192; x_wconf 85' lang='grc' dir='ltr'><strong>Τίς</strong></span> <span class='ocrx_word' id='word_1_180' title='bbox 992 2130 1046 2183; x_wconf 77' lang='grc' dir='ltr'>δὲ</span> <span class='ocrx_word' id='word_1_181' title='bbox 1083 2132 1109 2183; x_wconf 91' lang='grc' dir='ltr'><strong>ὀ</strong></span> <span class='ocrx_word' id='word_1_182' title='bbox 1156 2130 1285 2200; x_wconf 76' lang='grc' dir='ltr'>περὶ</span> <span class='ocrx_word' id='word_1_183' title='bbox 1327 2130 1531 2183; x_wconf 90' lang='grc' dir='ltr'>τούτων</span> <span class='ocrx_word' id='word_1_184' title='bbox 1580 2130 1911 2199; x_wconf 83' lang='grc' dir='ltr'>μαχόμενος,</span> 
     </span>
    </p>
   </div>
   <div class='ocr_carea' id='block_1_25' title="bbox 326 2215 1910 2287">
    <p class='ocr_par' dir='ltr' id='par_1_25' title="bbox 326 2215 1910 2287">
     <span class='ocr_line' id='line_1_25' title="bbox 326 2215 1910 2287; baseline 0.003 -20"><span class='ocrx_word' id='word_1_185' title='bbox 326 2215 388 2268; x_wconf 89' lang='grc' dir='ltr'><strong>τὸ</strong></span> <span class='ocrx_word' id='word_1_186' title='bbox 415 2215 487 2286; x_wconf 80' lang='grc' dir='ltr'>μὴ</span> <span class='ocrx_word' id='word_1_187' title='bbox 524 2216 678 2284; x_wconf 65' lang='grc' dir='ltr'>φύσει</span> <span class='ocrx_word' id='word_1_188' title='bbox 720 2219 808 2271; x_wconf 89' lang='grc' dir='ltr'><strong>τὸν</strong></span> <span class='ocrx_word' id='word_1_189' title='bbox 839 2218 971 2273; x_wconf 86' lang='grc' dir='ltr'>Θεὸν</span> <span class='ocrx_word' id='word_1_190' title='bbox 1018 2221 1125 2272; x_wconf 72' lang='grc' dir='ltr'>πᾶν</span> <span class='ocrx_word' id='word_1_191' title='bbox 1165 2216 1304 2273; x_wconf 75' lang='grc' dir='ltr'>εἶναι</span> <span class='ocrx_word' id='word_1_192' title='bbox 1350 2221 1377 2272; x_wconf 79' lang='grc' dir='ltr'>ὅ</span> <span class='ocrx_word' id='word_1_193' title='bbox 1450 2237 1500 2272; x_wconf 84' lang='grc' dir='ltr'><strong>τι</strong></span> <span class='ocrx_word' id='word_1_194' title='bbox 1536 2220 1629 2273; x_wconf 75' lang='grc' dir='ltr'><strong>καὶ</strong></span> <span class='ocrx_word' id='word_1_195' title='bbox 1663 2220 1910 2287; x_wconf 84' lang='grc' dir='ltr'>λέγεται;</span> 
     </span>
    </p>
   </div>
   <div class='ocr_carea' id='block_1_26' title="bbox 330 2307 1914 2377">
    <p class='ocr_par' dir='ltr' id='par_1_26' title="bbox 330 2307 1914 2377">
     <span class='ocr_line' id='line_1_26' title="bbox 330 2307 1914 2377; baseline -0.001 -18"><span class='ocrx_word' id='word_1_196' title='bbox 330 2307 439 2359; x_wconf 73' lang='grc' dir='ltr'><strong>Καὶ</strong></span> <span class='ocrx_word' id='word_1_197' title='bbox 475 2308 580 2377; x_wconf 80' lang='grc' dir='ltr'><strong>γὰρ</strong></span> <span class='ocrx_word' id='word_1_198' title='bbox 625 2309 716 2360; x_wconf 70' lang='grc' dir='ltr'><strong>καὶ</strong></span> <span class='ocrx_word' id='word_1_199' title='bbox 741 2307 969 2369; x_wconf 84' lang='grc' dir='ltr'>δίκαιον,</span> <span class='ocrx_word' id='word_1_200' title='bbox 1014 2309 1107 2362; x_wconf 70' lang='grc' dir='ltr'><strong>καὶ</strong></span> <span class='ocrx_word' id='word_1_201' title='bbox 1140 2308 1384 2368; x_wconf 87' lang='grc' dir='ltr'>δυνατὸν,</span> <span class='ocrx_word' id='word_1_202' title='bbox 1428 2308 1521 2360; x_wconf 72' lang='grc' dir='ltr'><strong>καὶ</strong></span> <span class='ocrx_word' id='word_1_203' title='bbox 1553 2307 1790 2377; x_wconf 80' lang='grc' dir='ltr'>Πατέρα,</span> <span class='ocrx_word' id='word_1_204' title='bbox 1822 2307 1914 2360; x_wconf 77' lang='grc' dir='ltr'><strong>καὶ</strong></span> 
     </span>
    </p>
   </div>
   <div class='ocr_carea' id='block_1_27' title="bbox 330 2396 1915 2471">
    <p class='ocr_par' dir='ltr' id='par_1_27' title="bbox 330 2396 1915 2471">
     <span class='ocr_line' id='line_1_27' title="bbox 330 2396 1915 2471; baseline 0.001 -22"><span class='ocrx_word' id='word_1_205' title='bbox 330 2396 620 2466; x_wconf 72' lang='grc' dir='ltr'>ἄφθαρτον,</span> <span class='ocrx_word' id='word_1_206' title='bbox 650 2397 773 2452; x_wconf 77' lang='grc' dir='ltr'>οὔτε</span> <span class='ocrx_word' id='word_1_207' title='bbox 798 2402 863 2471; x_wconf 79' lang='grc' dir='ltr'>τῇ</span> <span class='ocrx_word' id='word_1_208' title='bbox 891 2400 1025 2471; x_wconf 80' lang='grc' dir='ltr'>πρὸς</span> <span class='ocrx_word' id='word_1_209' title='bbox 1052 2401 1177 2462; x_wconf 71' lang='grc' dir='ltr'>τοὺς</span> <span class='ocrx_word' id='word_1_210' title='bbox 1206 2399 1409 2462; x_wconf 81' lang='grc' dir='ltr'>αἰῶνας</span> <span class='ocrx_word' id='word_1_211' title='bbox 1438 2398 1734 2469; x_wconf 80' lang='grc' dir='ltr'>παραθέσει</span> <span class='ocrx_word' id='word_1_212' title='bbox 1762 2398 1915 2465; x_wconf 85' lang='grc' dir='ltr'>λέγο-</span> 
     </span>
    </p>
   </div>
   <div class='ocr_carea' id='block_1_28' title="bbox 333 2486 1913 2563">
    <p class='ocr_par' dir='ltr' id='par_1_28' title="bbox 333 2486 1913 2563">
     <span class='ocr_line' id='line_1_28' title="bbox 333 2486 1913 2563; baseline 0.001 -23"><span class='ocrx_word' id='word_1_213' title='bbox 333 2506 431 2559; x_wconf 89' lang='grc' dir='ltr'><strong>μεν</strong></span> <span class='ocrx_word' id='word_1_214' title='bbox 462 2488 550 2541; x_wconf 88' lang='grc' dir='ltr'><strong>τὸν</strong></span> <span class='ocrx_word' id='word_1_215' title='bbox 573 2491 703 2544; x_wconf 83' lang='grc' dir='ltr'>Θεὸν</span> <span class='ocrx_word' id='word_1_216' title='bbox 724 2486 883 2556; x_wconf 79' lang='grc' dir='ltr'>εἶναι,</span> <span class='ocrx_word' id='word_1_217' title='bbox 912 2491 1033 2544; x_wconf 74' lang='grc' dir='ltr'>οὔτε</span> <span class='ocrx_word' id='word_1_218' title='bbox 1066 2494 1131 2563; x_wconf 84' lang='grc' dir='ltr'>τῇ</span> <span class='ocrx_word' id='word_1_219' title='bbox 1157 2492 1290 2560; x_wconf 85' lang='grc' dir='ltr'>πρὸς</span> <span class='ocrx_word' id='word_1_220' title='bbox 1318 2490 1502 2561; x_wconf 76' lang='grc' dir='ltr'>ἕτερον</span> <span class='ocrx_word' id='word_1_221' title='bbox 1530 2507 1581 2542; x_wconf 87' lang='grc' dir='ltr'><strong>τι</strong></span> <span class='ocrx_word' id='word_1_222' title='bbox 1607 2490 1715 2543; x_wconf 83' lang='grc' dir='ltr'><strong>τῶν</strong></span> <span class='ocrx_word' id='word_1_223' title='bbox 1741 2488 1913 2541; x_wconf 80' lang='grc' dir='ltr'>ὄντων</span> 
     </span>
    </p>
   </div>
   <div class='ocr_carea' id='block_1_29' title="bbox 328 2576 1915 2655">
    <p class='ocr_par' dir='ltr' id='par_1_29' title="bbox 328 2576 1915 2655">
     <span class='ocr_line' id='line_1_29' title="bbox 328 2576 1915 2655; baseline -0.001 -23"><span class='ocrx_word' id='word_1_224' title='bbox 328 2576 595 2652; x_wconf 73' lang='grc' dir='ltr'>ἀναφορᾷ,</span> <span class='ocrx_word' id='word_1_225' title='bbox 623 2582 756 2636; x_wconf 88' lang='grc' dir='ltr'><strong>ἀλλά</strong></span> <span class='ocrx_word' id='word_1_226' title='bbox 799 2584 926 2655; x_wconf 70' lang='grc' dir='ltr'>περὶ</span> <span class='ocrx_word' id='word_1_227' title='bbox 951 2583 1083 2637; x_wconf 80' lang='grc' dir='ltr'>αὐτὸ</span> <span class='ocrx_word' id='word_1_228' title='bbox 1113 2583 1172 2636; x_wconf 89' lang='grc' dir='ltr'><strong>τὸ</strong></span> <span class='ocrx_word' id='word_1_229' title='bbox 1207 2582 1593 2652; x_wconf 84' lang='grc' dir='ltr'>ὑποκείμενον,</span> <span class='ocrx_word' id='word_1_230' title='bbox 1626 2582 1653 2634; x_wconf 84' lang='grc' dir='ltr'>ὅ</span> <span class='ocrx_word' id='word_1_231' title='bbox 1702 2579 1753 2633; x_wconf 84' lang='grc' dir='ltr'><strong>τί</strong></span> <span class='ocrx_word' id='word_1_232' title='bbox 1786 2593 1915 2633; x_wconf 83' lang='grc' dir='ltr'>ποτε</span> 
     </span>
    </p>
   </div>
   <div class='ocr_carea' id='block_1_30' title="bbox 328 2671 1913 2744">
    <p class='ocr_par' dir='ltr' id='par_1_30' title="bbox 328 2671 1913 2744">
     <span class='ocr_line' id='line_1_30' title="bbox 328 2671 1913 2744; baseline 0 -19"><span class='ocrx_word' id='word_1_233' title='bbox 328 2673 470 2726; x_wconf 85' lang='grc' dir='ltr'><strong>κατά</strong></span> <span class='ocrx_word' id='word_1_234' title='bbox 498 2675 596 2744; x_wconf 77' lang='grc' dir='ltr'><strong>τὴν</strong></span> <span class='ocrx_word' id='word_1_235' title='bbox 627 2673 785 2742; x_wconf 84' lang='grc' dir='ltr'>φύσιν</span> <span class='ocrx_word' id='word_1_236' title='bbox 815 2677 981 2737; x_wconf 69' lang='grc' dir='ltr'>ἐστὶν,</span> <span class='ocrx_word' id='word_1_237' title='bbox 1011 2676 1190 2728; x_wconf 81' lang='grc' dir='ltr'>πᾶσαν</span> <span class='ocrx_word' id='word_1_238' title='bbox 1215 2675 1413 2744; x_wconf 75' lang='grc' dir='ltr'>εὐσεϐῆ</span> <span class='ocrx_word' id='word_1_239' title='bbox 1433 2671 1744 2744; x_wconf 73' lang='grc' dir='ltr'>θεωροῦμεν</span> <span class='ocrx_word' id='word_1_240' title='bbox 1780 2672 1913 2725; x_wconf 74' lang='grc' dir='ltr'><strong>ὑπὸ·</strong></span> 
     </span>
    </p>
   </div>
   <div class='ocr_carea' id='block_1_31' title="bbox 326 2764 1915 2835">
    <p class='ocr_par' dir='ltr' id='par_1_31' title="bbox 326 2764 1915 2835">
     <span class='ocr_line' id='line_1_31' title="bbox 326 2764 1915 2835; baseline 0.001 -19"><span class='ocrx_word' id='word_1_241' title='bbox 326 2765 525 2834; x_wconf 67' lang='grc' dir='ltr'>ληψινο</span> <span class='ocrx_word' id='word_1_242' title='bbox 587 2764 661 2827; x_wconf 83' lang='grc' dir='ltr'>ὡς</span> <span class='ocrx_word' id='word_1_243' title='bbox 702 2766 815 2834; x_wconf 82' lang='grc' dir='ltr'>εἴγε</span> <span class='ocrx_word' id='word_1_244' title='bbox 874 2767 995 2818; x_wconf 86' lang='grc' dir='ltr'>καθ’</span> <span class='ocrx_word' id='word_1_245' title='bbox 1040 2766 1295 2818; x_wconf 73' lang='grc' dir='ltr'>ὑπόθεσιν</span> <span class='ocrx_word' id='word_1_246' title='bbox 1334 2767 1469 2835; x_wconf 84' lang='grc' dir='ltr'>μήτε</span> <span class='ocrx_word' id='word_1_247' title='bbox 1495 2764 1647 2829; x_wconf 81' lang='grc' dir='ltr'>αἰὼν,</span> <span class='ocrx_word' id='word_1_248' title='bbox 1696 2767 1831 2834; x_wconf 81' lang='grc' dir='ltr'>μήτε</span> <span class='ocrx_word' id='word_1_249' title='bbox 1864 2781 1915 2817; x_wconf 89' lang='grc' dir='ltr'><strong>τι</strong></span> 
     </span>
    </p>
   </div>
   <div class='ocr_carea' id='block_1_32' title="bbox 329 2853 1911 2927">
    <p class='ocr_par' dir='ltr' id='par_1_32' title="bbox 329 2853 1911 2927">
     <span class='ocr_line' id='line_1_32' title="bbox 329 2853 1911 2927; baseline -0.004 -17"><span class='ocrx_word' id='word_1_250' title='bbox 329 2855 459 2910; x_wconf 76' lang='grc' dir='ltr'>ἄλλο</span> <span class='ocrx_word' id='word_1_251' title='bbox 490 2853 597 2907; x_wconf 85' lang='grc' dir='ltr'><strong>τῶν</strong></span> <span class='ocrx_word' id='word_1_252' title='bbox 627 2855 768 2908; x_wconf 85' lang='grc' dir='ltr'><strong>κατά</strong></span> <span class='ocrx_word' id='word_1_253' title='bbox 795 2855 893 2927; x_wconf 80' lang='grc' dir='ltr'><strong>τὴν</strong></span> <span class='ocrx_word' id='word_1_254' title='bbox 927 2856 1101 2909; x_wconf 85' lang='grc' dir='ltr'>κτίσιν</span> <span class='ocrx_word' id='word_1_255' title='bbox 1130 2855 1433 2921; x_wconf 81' lang='grc' dir='ltr'>νοουμένων</span> <span class='ocrx_word' id='word_1_256' title='bbox 1461 2855 1911 2924; x_wconf 75' lang='grc' dir='ltr'>δεδημιούργητο,</span> 
     </span>
    </p>
   </div>
   <div class='ocr_carea' id='block_1_33' title="bbox 331 2940 1918 3017">
    <p class='ocr_par' dir='ltr' id='par_1_33' title="bbox 331 2940 1918 3017">
     <span class='ocr_line' id='line_1_33' title="bbox 331 2940 1918 3017; baseline -0.003 -17"><span class='ocrx_word' id='word_1_257' title='bbox 331 2946 484 3000; x_wconf 75' lang='grc' dir='ltr'>οὐδὲν</span> <span class='ocrx_word' id='word_1_258' title='bbox 514 2940 675 3017; x_wconf 81' lang='grc' dir='ltr'>ἧττον</span> <span class='ocrx_word' id='word_1_259' title='bbox 702 2942 770 3017; x_wconf 82' lang='grc' dir='ltr'>ἦν</span> <span class='ocrx_word' id='word_1_260' title='bbox 799 2946 863 3000; x_wconf 83' lang='grc' dir='ltr'><strong>ἂν</strong></span> <span class='ocrx_word' id='word_1_261' title='bbox 896 2947 923 2998; x_wconf 93' lang='lat'><strong>6</strong></span> <span class='ocrx_word' id='word_1_262' title='bbox 957 2946 1109 3008; x_wconf 87' lang='grc' dir='ltr'>Θεὸς,</span> <span class='ocrx_word' id='word_1_263' title='bbox 1149 2946 1284 3015; x_wconf 85' lang='grc' dir='ltr'>ὅπερ</span> <span class='ocrx_word' id='word_1_264' title='bbox 1321 2944 1416 2997; x_wconf 81' lang='grc' dir='ltr'>νῦν</span> <span class='ocrx_word' id='word_1_265' title='bbox 1455 2940 1595 2998; x_wconf 75' lang='grc' dir='ltr'>εἶναι</span> <span class='ocrx_word' id='word_1_266' title='bbox 1626 2945 1918 2996; x_wconf 82' lang='grc' dir='ltr'>πεπίστευ-</span> 
     </span>
    </p>
   </div>
   <div class='ocr_carea' id='block_1_34' title="bbox 328 3035 1918 3104">
    <p class='ocr_par' dir='ltr' id='par_1_34' title="bbox 328 3035 1918 3104">
     <span class='ocr_line' id='line_1_34' title="bbox 328 3035 1918 3104; baseline -0.003 -14"><span class='ocrx_word' id='word_1_267' title='bbox 328 3054 440 3100; x_wconf 89' lang='grc' dir='ltr'>ται,</span> <span class='ocrx_word' id='word_1_268' title='bbox 471 3037 623 3090; x_wconf 75' lang='grc' dir='ltr'>ούδὲν</span> <span class='ocrx_word' id='word_1_269' title='bbox 663 3037 769 3089; x_wconf 83' lang='grc' dir='ltr'><strong>τῶν</strong></span> <span class='ocrx_word' id='word_1_270' title='bbox 799 3036 1007 3090; x_wconf 71' lang='grc' dir='ltr'>αἰώνων</span> <span class='ocrx_word' id='word_1_271' title='bbox 1043 3039 1119 3100; x_wconf 87' lang='grc' dir='ltr'><strong>είς</strong></span> <span class='ocrx_word' id='word_1_272' title='bbox 1143 3037 1203 3089; x_wconf 85' lang='grc' dir='ltr'><strong>τὸ</strong></span> <span class='ocrx_word' id='word_1_273' title='bbox 1232 3035 1483 3104; x_wconf 83' lang='grc' dir='ltr'>γενέσθαι</span> <span class='ocrx_word' id='word_1_274' title='bbox 1518 3035 1545 3088; x_wconf 76' lang='grc' dir='ltr'>ὅ</span> <span class='ocrx_word' id='word_1_275' title='bbox 1578 3036 1717 3103; x_wconf 82' lang='grc' dir='ltr'>ἐστι,</span> <span class='ocrx_word' id='word_1_276' title='bbox 1750 3051 1918 3103; x_wconf 83' lang='grc' dir='ltr'>προσ-</span> 
     </span>
    </p>
   </div>
   <div class='ocr_carea' id='block_1_35' title="bbox 332 3129 1919 3201">
    <p class='ocr_par' dir='ltr' id='par_1_35' title="bbox 332 3129 1919 3201">
     <span class='ocr_line' id='line_1_35' title="bbox 332 3129 1919 3201; baseline -0.003 -16"><span class='ocrx_word' id='word_1_277' title='bbox 332 3130 599 3199; x_wconf 70' lang='grc' dir='ltr'>δεόμενος.</span> <span class='ocrx_word' id='word_1_278' title='bbox 644 3129 783 3183; x_wconf 82' lang='grc' dir='ltr'>Ἀλλ’</span> <span class='ocrx_word' id='word_1_279' title='bbox 809 3132 908 3184; x_wconf 73' lang='grc' dir='ltr'><strong>οὐκ</strong></span> <span class='ocrx_word' id='word_1_280' title='bbox 942 3131 1299 3196; x_wconf 83' lang='grc' dir='ltr'>ἐπείσακτον,</span> <span class='ocrx_word' id='word_1_281' title='bbox 1333 3132 1528 3201; x_wconf 68' lang='grc' dir='ltr'>φησὶν,</span> <span class='ocrx_word' id='word_1_282' title='bbox 1565 3130 1682 3183; x_wconf 79' lang='grc' dir='ltr'>οὐδὲ</span> <span class='ocrx_word' id='word_1_283' title='bbox 1733 3129 1919 3181; x_wconf 73' lang='grc' dir='ltr'>σύνθε-</span> 
     </span>
    </p>
   </div>
   <div class='ocr_carea' id='block_1_36' title="bbox 329 3218 1918 3293">
    <p class='ocr_par' dir='ltr' id='par_1_36' title="bbox 329 3218 1918 3293">
     <span class='ocr_line' id='line_1_36' title="bbox 329 3218 1918 3293; baseline 0 -21"><span class='ocrx_word' id='word_1_284' title='bbox 329 3237 441 3282; x_wconf 90' lang='grc' dir='ltr'>τον,</span> <span class='ocrx_word' id='word_1_285' title='bbox 462 3220 582 3272; x_wconf 75' lang='grc' dir='ltr'><strong>οὐδὲ</strong></span> <span class='ocrx_word' id='word_1_286' title='bbox 601 3220 855 3293; x_wconf 76' lang='grc' dir='ltr'>διάφορον</span> <span class='ocrx_word' id='word_1_287' title='bbox 880 3221 990 3292; x_wconf 77' lang='grc' dir='ltr'>ἔχει</span> <span class='ocrx_word' id='word_1_288' title='bbox 1015 3223 1176 3293; x_wconf 72' lang='grc' dir='ltr'>ζωήν.</span> <span class='ocrx_word' id='word_1_289' title='bbox 1208 3222 1379 3285; x_wconf 80' lang='grc' dir='ltr'>Αὐτὸς</span> <span class='ocrx_word' id='word_1_290' title='bbox 1398 3223 1504 3291; x_wconf 88' lang='grc' dir='ltr'><strong>γάρ</strong></span> <span class='ocrx_word' id='word_1_291' title='bbox 1522 3224 1667 3273; x_wconf 79' lang='grc' dir='ltr'>ἐστιν</span> <span class='ocrx_word' id='word_1_292' title='bbox 1692 3223 1723 3291; x_wconf 82' lang='grc' dir='ltr'><strong>ἡ</strong></span> <span class='ocrx_word' id='word_1_293' title='bbox 1752 3218 1918 3283; x_wconf 78' lang='grc' dir='ltr'>ἀΐδιος</span> 
     </span>
    </p>
   </div>
   <div class='ocr_carea' id='block_1_37' title="bbox 333 3310 1917 3384">
    <p class='ocr_par' dir='ltr' id='par_1_37' title="bbox 333 3310 1917 3384">
     <span class='ocr_line' id='line_1_37' title="bbox 333 3310 1917 3384; baseline -0.001 -20"><span class='ocrx_word' id='word_1_294' title='bbox 333 3310 465 3382; x_wconf 79' lang='grc' dir='ltr'>ζωὴ,</span> <span class='ocrx_word' id='word_1_295' title='bbox 495 3312 614 3364; x_wconf 79' lang='grc' dir='ltr'>κατ’</span> <span class='ocrx_word' id='word_1_296' title='bbox 642 3313 809 3383; x_wconf 77' lang='grc' dir='ltr'>αὐτὴν</span> <span class='ocrx_word' id='word_1_297' title='bbox 844 3313 940 3384; x_wconf 81' lang='grc' dir='ltr'>τὴν</span> <span class='ocrx_word' id='word_1_298' title='bbox 971 3313 1114 3383; x_wconf 72' lang='grc' dir='ltr'>ζωὴν</span> <span class='ocrx_word' id='word_1_299' title='bbox 1145 3313 1430 3377; x_wconf 78' lang='grc' dir='ltr'>ἀθάνατος,</span> <span class='ocrx_word' id='word_1_300' title='bbox 1461 3314 1580 3366; x_wconf 85' lang='grc' dir='ltr'>κατ’</span> <span class='ocrx_word' id='word_1_301' title='bbox 1621 3311 1789 3382; x_wconf 75' lang='grc' dir='ltr'>αὐτὴν</span> <span class='ocrx_word' id='word_1_302' title='bbox 1818 3311 1917 3380; x_wconf 77' lang='grc' dir='ltr'><strong>τὴν</strong></span> 
     </span>
    </p>
   </div>
   <div class='ocr_carea' id='block_1_38' title="bbox 334 3377 1986 3475">
    <p class='ocr_par' dir='ltr' id='par_1_38' title="bbox 334 3377 1986 3475">
     <span class='ocr_line' id='line_1_38' title="bbox 334 3377 1986 3475; baseline 0 -20"><span class='ocrx_word' id='word_1_303' title='bbox 334 3404 627 3456; x_wconf 78' lang='grc' dir='ltr'>ἀθανασίαν</span> <span class='ocrx_word' id='word_1_304' title='bbox 671 3404 961 3475; x_wconf 62' lang='grc' dir='ltr'>ἄφθαρτος.</span> <span class='ocrx_word' id='word_1_305' title='bbox 1002 3406 1186 3458; x_wconf 76' lang='grc' dir='ltr'>Ταῦτα</span> <span class='ocrx_word' id='word_1_306' title='bbox 1221 3407 1312 3458; x_wconf 77' lang='grc' dir='ltr'><strong>καὶ</strong></span> <span class='ocrx_word' id='word_1_307' title='bbox 1360 3406 1485 3475; x_wconf 74' lang='grc' dir='ltr'>περὶ</span> <span class='ocrx_word' id='word_1_308' title='bbox 1537 3404 1627 3457; x_wconf 74' lang='grc' dir='ltr'>τοῦ</span> <span class='ocrx_word' id='word_1_309' title='bbox 1676 3405 1915 3471; x_wconf 85' lang='grc' dir='ltr'>Μονογε-</span> <span class='ocrx_word' id='word_1_310' title='bbox 1945 3377 1986 3434; x_wconf 77' lang='lat' dir='ltr'>c</span> 
     </span>
    </p>
   </div>
   <div class='ocr_carea' id='block_1_39' title="bbox 332 3492 1915 3563">
    <p class='ocr_par' dir='ltr' id='par_1_39' title="bbox 332 3492 1915 3563">
     <span class='ocr_line' id='line_1_39' title="bbox 332 3492 1915 3563; baseline -0.001 -16"><span class='ocrx_word' id='word_1_311' title='bbox 332 3492 455 3555; x_wconf 78' lang='grc' dir='ltr'>νοῦς</span> <span class='ocrx_word' id='word_1_312' title='bbox 505 3494 922 3563; x_wconf 75' lang='grc' dir='ltr'>μεμαθήκαμεν,</span> <span class='ocrx_word' id='word_1_313' title='bbox 968 3496 1062 3547; x_wconf 75' lang='grc' dir='ltr'><strong>καὶ</strong></span> <span class='ocrx_word' id='word_1_314' title='bbox 1102 3496 1129 3547; x_wconf 91' lang='grc' dir='ltr'>ὁ</span> <span class='ocrx_word' id='word_1_315' title='bbox 1161 3495 1457 3563; x_wconf 78' lang='grc' dir='ltr'>ἀντιλέγων</span> <span class='ocrx_word' id='word_1_316' title='bbox 1492 3495 1589 3547; x_wconf 67' lang='grc' dir='ltr'>οὒκ</span> <span class='ocrx_word' id='word_1_317' title='bbox 1637 3493 1816 3556; x_wconf 82' lang='grc' dir='ltr'>ἔστιν,</span> <span class='ocrx_word' id='word_1_318' title='bbox 1866 3494 1915 3545; x_wconf 85' lang='grc' dir='ltr'><strong>εί</strong></span> 
     </span>
    </p>
   </div>
   <div class='ocr_carea' id='block_1_40' title="bbox 337 3583 1914 3656">
    <p class='ocr_par' dir='ltr' id='par_1_40' title="bbox 337 3583 1914 3656">
     <span class='ocr_line' id='line_1_40' title="bbox 337 3583 1914 3656; baseline 0 -21"><span class='ocrx_word' id='word_1_319' title='bbox 337 3584 409 3653; x_wconf 80' lang='grc' dir='ltr'>μή</span> <span class='ocrx_word' id='word_1_320' title='bbox 452 3600 534 3646; x_wconf 83' lang='grc' dir='ltr'><strong>τις</strong></span> <span class='ocrx_word' id='word_1_321' title='bbox 565 3584 670 3654; x_wconf 87' lang='grc' dir='ltr'>ἄρα</span> <span class='ocrx_word' id='word_1_322' title='bbox 708 3587 828 3647; x_wconf 87' lang='grc' dir='ltr'>ταῖς</span> <span class='ocrx_word' id='word_1_323' title='bbox 877 3584 1121 3637; x_wconf 86' lang='grc' dir='ltr'>Ἰωάννου</span> <span class='ocrx_word' id='word_1_324' title='bbox 1153 3589 1357 3654; x_wconf 79' lang='grc' dir='ltr'>φωναῖς</span> <span class='ocrx_word' id='word_1_325' title='bbox 1388 3588 1453 3639; x_wconf 78' lang='grc' dir='ltr'><strong>ἐκ</strong></span> <span class='ocrx_word' id='word_1_326' title='bbox 1481 3584 1572 3637; x_wconf 76' lang='grc' dir='ltr'>τοῦ</span> <span class='ocrx_word' id='word_1_327' title='bbox 1608 3583 1914 3656; x_wconf 75' lang='grc' dir='ltr'>προφανοῦς</span> 
     </span>
    </p>
   </div>
   <div class='ocr_carea' id='block_1_41' title="bbox 330 3673 1912 3747">
    <p class='ocr_par' dir='ltr' id='par_1_41' title="bbox 330 3673 1912 3747">
     <span class='ocr_line' id='line_1_41' title="bbox 330 3673 1912 3747; baseline 0 -20"><span class='ocrx_word' id='word_1_328' title='bbox 330 3674 667 3744; x_wconf 79' lang='grc' dir='ltr'>διαμάχοιτο.</span> <span class='ocrx_word' id='word_1_329' title='bbox 721 3674 857 3727; x_wconf 69' lang='grc' dir='ltr'>Οὔτε</span> <span class='ocrx_word' id='word_1_330' title='bbox 912 3676 1020 3747; x_wconf 76' lang='grc' dir='ltr'><strong>γάρ</strong></span> <span class='ocrx_word' id='word_1_331' title='bbox 1067 3675 1365 3746; x_wconf 81' lang='grc' dir='ltr'>ἐπεισήχθη</span> <span class='ocrx_word' id='word_1_332' title='bbox 1417 3675 1495 3746; x_wconf 78' lang='grc' dir='ltr'><strong>τῷ</strong></span> <span class='ocrx_word' id='word_1_333' title='bbox 1543 3675 1725 3745; x_wconf 80' lang='grc' dir='ltr'><strong>Υίῷή</strong></span> <span class='ocrx_word' id='word_1_334' title='bbox 1779 3673 1912 3745; x_wconf 74' lang='grc' dir='ltr'>ζωή.</span> 
     </span>
    </p>
   </div>
   <div class='ocr_carea' id='block_1_42' title="bbox 343 3765 1913 3840">
    <p class='ocr_par' dir='ltr' id='par_1_42' title="bbox 343 3765 1913 3840">
     <span class='ocr_line' id='line_1_42' title="bbox 343 3765 1913 3840; baseline -0.002 -21"><span class='ocrx_word' id='word_1_335' title='bbox 343 3765 491 3835; x_wconf 78' lang='grc' dir='ltr'>Ἐγὼ</span> <span class='ocrx_word' id='word_1_336' title='bbox 522 3766 628 3840; x_wconf 89' lang='grc' dir='ltr'><strong>γάρ</strong></span> <span class='ocrx_word' id='word_1_337' title='bbox 655 3769 788 3835; x_wconf 84' lang='grc' dir='ltr'>είμι,</span> <span class='ocrx_word' id='word_1_338' title='bbox 817 3768 1001 3836; x_wconf 79' lang='grc' dir='ltr'>φησὶν,</span> <span class='ocrx_word' id='word_1_339' title='bbox 1028 3767 1066 3835; x_wconf 79' lang='grc' dir='ltr'>ἡ</span> <span class='ocrx_word' id='word_1_340' title='bbox 1092 3766 1232 3834; x_wconf 76' lang='grc' dir='ltr'>ζωή..</span> <span class='ocrx_word' id='word_1_341' title='bbox 1251 3766 1390 3821; x_wconf 70' lang='grc' dir='ltr'>Οὔτε</span> <span class='ocrx_word' id='word_1_342' title='bbox 1414 3766 1665 3829; x_wconf 88' lang='grc' dir='ltr'>σύνθετος</span> <span class='ocrx_word' id='word_1_343' title='bbox 1686 3765 1849 3818; x_wconf 73' lang='grc' dir='ltr'>αὐτοῦ</span> <span class='ocrx_word' id='word_1_344' title='bbox 1881 3766 1913 3835; x_wconf 86' lang='grc' dir='ltr'>ὴ</span> 
     </span>
    </p>
   </div>
   <div class='ocr_carea' id='block_1_43' title="bbox 331 3846 1914 3930">
    <p class='ocr_par' dir='ltr' id='par_1_43' title="bbox 331 3846 1914 3930">
     <span class='ocr_line' id='line_1_43' title="bbox 331 3846 1914 3930; baseline -0.008 -9"><span class='ocrx_word' id='word_1_345' title='bbox 331 3858 468 3927; x_wconf 70' lang='grc' dir='ltr'>ζωὴ,</span> <span class='ocrx_word' id='word_1_346' title='bbox 524 3856 647 3911; x_wconf 75' lang='grc' dir='ltr'>οὔτε</span> <span class='ocrx_word' id='word_1_347' title='bbox 693 3858 968 3929; x_wconf 80' lang='grc' dir='ltr'>διάφορος,</span> <span class='ocrx_word' id='word_1_348' title='bbox 1004 3859 1140 3913; x_wconf 77' lang='grc' dir='ltr'>ἀλλὰ</span> <span class='ocrx_word' id='word_1_349' title='bbox 1188 3858 1329 3913; x_wconf 86' lang='grc' dir='ltr'><strong>κατά</strong></span> <span class='ocrx_word' id='word_1_350' title='bbox 1376 3846 1580 3930; x_wconf 75' lang='grc' dir='ltr'>ταύτην</span> <span class='ocrx_word' id='word_1_351' title='bbox 1622 3858 1721 3928; x_wconf 82' lang='grc' dir='ltr'><strong>τὴν</strong></span> <span class='ocrx_word' id='word_1_352' title='bbox 1770 3856 1914 3926; x_wconf 77' lang='grc' dir='ltr'>ζωήν</span> 
     </span>
    </p>
   </div>
   <div class='ocr_carea' id='block_1_44' title="bbox 331 3948 1914 4021">
    <p class='ocr_par' dir='ltr' id='par_1_44' title="bbox 331 3948 1914 4021">
     <span class='ocr_line' id='line_1_44' title="bbox 331 3948 1914 4021; baseline 0.002 -22"><span class='ocrx_word' id='word_1_353' title='bbox 331 3948 476 4000; x_wconf 82' lang='grc' dir='ltr'>ἐστιν</span> <span class='ocrx_word' id='word_1_354' title='bbox 510 3949 793 4013; x_wconf 86' lang='grc' dir='ltr'>ἀθάνατος.</span> <span class='ocrx_word' id='word_1_355' title='bbox 841 3950 954 4003; x_wconf 80' lang='grc' dir='ltr'>Τίνι</span> <span class='ocrx_word' id='word_1_356' title='bbox 1000 3950 1107 4019; x_wconf 77' lang='grc' dir='ltr'>γὰρ</span> <span class='ocrx_word' id='word_1_357' title='bbox 1152 3951 1216 4005; x_wconf 82' lang='grc' dir='ltr'><strong>ἀν</strong></span> <span class='ocrx_word' id='word_1_358' title='bbox 1254 3969 1333 4013; x_wconf 82' lang='grc' dir='ltr'><strong>τις</strong></span> <span class='ocrx_word' id='word_1_359' title='bbox 1366 3950 1511 4021; x_wconf 82' lang='grc' dir='ltr'>ἄλλῳ</span> <span class='ocrx_word' id='word_1_360' title='bbox 1540 3950 1600 4002; x_wconf 89' lang='grc' dir='ltr'><strong>τὸ</strong></span> <span class='ocrx_word' id='word_1_361' title='bbox 1647 3949 1914 4002; x_wconf 88' lang='grc' dir='ltr'>ἀθάνατον</span> 
     </span>
    </p>
   </div>
   <div class='ocr_carea' id='block_1_45' title="bbox 333 4038 1916 4112">
    <p class='ocr_par' dir='ltr' id='par_1_45' title="bbox 333 4038 1916 4112">
     <span class='ocr_line' id='line_1_45' title="bbox 333 4038 1916 4112; baseline 0.002 -22"><span class='ocrx_word' id='word_1_362' title='bbox 333 4038 471 4108; x_wconf 77' lang='grc' dir='ltr'>πλὴν</span> <span class='ocrx_word' id='word_1_363' title='bbox 501 4040 557 4091; x_wconf 83' lang='grc' dir='ltr'>ὲν</span> <span class='ocrx_word' id='word_1_364' title='bbox 592 4038 701 4110; x_wconf 78' lang='grc' dir='ltr'><strong>ζωῇ</strong></span> <span class='ocrx_word' id='word_1_365' title='bbox 736 4040 1067 4110; x_wconf 81' lang='grc' dir='ltr'>θεωρήσειε;</span> <span class='ocrx_word' id='word_1_366' title='bbox 1111 4042 1219 4094; x_wconf 75' lang='grc' dir='ltr'>Καὶ</span> <span class='ocrx_word' id='word_1_367' title='bbox 1246 4041 1364 4095; x_wconf 79' lang='grc' dir='ltr'>κατ’</span> <span class='ocrx_word' id='word_1_368' title='bbox 1392 4041 1561 4112; x_wconf 78' lang='grc' dir='ltr'>αὐτὴν</span> <span class='ocrx_word' id='word_1_369' title='bbox 1589 4041 1688 4111; x_wconf 85' lang='grc' dir='ltr'>τὴν</span> <span class='ocrx_word' id='word_1_370' title='bbox 1714 4041 1916 4094; x_wconf 81' lang='grc' dir='ltr'>ἀθανα-</span> 
     </span>
    </p>
   </div>
   <div class='ocr_carea' id='block_1_46' title="bbox 335 4127 1915 4204">
    <p class='ocr_par' dir='ltr' id='par_1_46' title="bbox 335 4127 1915 4204">
     <span class='ocr_line' id='line_1_46' title="bbox 335 4127 1915 4204; baseline 0.004 -25"><span class='ocrx_word' id='word_1_371' title='bbox 335 4127 475 4191; x_wconf 91' lang='grc' dir='ltr'>σίαν,</span> <span class='ocrx_word' id='word_1_372' title='bbox 508 4127 793 4200; x_wconf 65' lang='grc' dir='ltr'>ἄφθαρτος.</span> <span class='ocrx_word' id='word_1_373' title='bbox 840 4131 912 4183; x_wconf 81' lang='grc' dir='ltr'><strong>Τὸ</strong></span> <span class='ocrx_word' id='word_1_374' title='bbox 944 4132 1051 4204; x_wconf 86' lang='grc' dir='ltr'><strong>γὰρ</strong></span> <span class='ocrx_word' id='word_1_375' title='bbox 1083 4132 1310 4186; x_wconf 83' lang='grc' dir='ltr'>θανάτου</span> <span class='ocrx_word' id='word_1_376' title='bbox 1346 4136 1614 4204; x_wconf 84' lang='grc' dir='ltr'>κρεῖττον,</span> <span class='ocrx_word' id='word_1_377' title='bbox 1658 4134 1752 4187; x_wconf 77' lang='grc' dir='ltr'><strong>καὶ</strong></span> <span class='ocrx_word' id='word_1_378' title='bbox 1784 4133 1915 4202; x_wconf 79' lang='grc' dir='ltr'>φθο-</span> 
     </span>
    </p>
   </div>
   <div class='ocr_carea' id='block_1_47' title="bbox 334 4220 1916 4297">
    <p class='ocr_par' dir='ltr' id='par_1_47' title="bbox 334 4220 1916 4297">
     <span class='ocr_line' id='line_1_47' title="bbox 334 4220 1916 4297; baseline 0.004 -27"><span class='ocrx_word' id='word_1_379' title='bbox 334 4221 436 4290; x_wconf 81' lang='grc' dir='ltr'>ρᾶς</span> <span class='ocrx_word' id='word_1_380' title='bbox 468 4220 681 4284; x_wconf 83' lang='grc' dir='ltr'>πάντως</span> <span class='ocrx_word' id='word_1_381' title='bbox 708 4223 854 4274; x_wconf 79' lang='grc' dir='ltr'>ἐστὶν</span> <span class='ocrx_word' id='word_1_382' title='bbox 898 4224 1264 4281; x_wconf 80' lang='grc' dir='ltr'>ἀνεπίδεκτον.</span> <span class='ocrx_word' id='word_1_383' title='bbox 1307 4226 1483 4297; x_wconf 86' lang='grc' dir='ltr'>Μέχρι</span> <span class='ocrx_word' id='word_1_384' title='bbox 1529 4224 1719 4278; x_wconf 77' lang='grc' dir='ltr'>τούτου</span> <span class='ocrx_word' id='word_1_385' title='bbox 1753 4224 1848 4277; x_wconf 78' lang='grc' dir='ltr'>καὶ</span> <span class='ocrx_word' id='word_1_386' title='bbox 1885 4224 1916 4276; x_wconf 90' lang='lat'><strong>6</strong></span> 
     </span>
    </p>
   </div>
   <div class='ocr_carea' id='block_1_48' title="bbox 334 4306 1445 4380">
    <p class='ocr_par' dir='ltr' id='par_1_48' title="bbox 334 4306 1445 4380">
     <span class='ocr_line' id='line_1_48' title="bbox 334 4306 1445 4380; baseline 0.014 -23"><span class='ocrx_word' id='word_1_387' title='bbox 334 4306 598 4379; x_wconf 83' lang='grc' dir='ltr'>ἡμέτερος</span> <span class='ocrx_word' id='word_1_388' title='bbox 637 4309 825 4364; x_wconf 75' lang='grc' dir='ltr'>ἕπεται</span> <span class='ocrx_word' id='word_1_389' title='bbox 858 4312 1035 4380; x_wconf 69' lang='grc' dir='ltr'>λόγος.</span> <span class='ocrx_word' id='word_1_390' title='bbox 1438 4320 1445 4327; x_wconf 71' lang='grc'><strong><em>’</em></strong></span> 
     </span>
    </p>
   </div>
   <div class='ocr_carea' id='block_1_49' title="bbox 2009 748 3593 829">
    <p class='ocr_par' dir='ltr' id='par_1_49' title="bbox 2009 748 3593 829">
     <span class='ocr_line' id='line_1_49' title="bbox 2009 748 3593 829; baseline 0.006 -25"><span class='ocrx_word' id='word_1_391' title='bbox 2009 748 2169 805; x_wconf 85' lang='lat' dir='ltr'><strong>dietis</strong></span> <span class='ocrx_word' id='word_1_392' title='bbox 2201 750 2305 804; x_wconf 87' lang='lat' dir='ltr'><strong>erit</strong></span> <span class='ocrx_word' id='word_1_393' title='bbox 2359 752 2650 818; x_wconf 83' lang='lat' dir='ltr'><strong>refutatio;</strong></span> <span class='ocrx_word' id='word_1_394' title='bbox 2704 752 2837 807; x_wconf 88' lang='lat' dir='ltr'><strong>dicit</strong></span> <span class='ocrx_word' id='word_1_395' title='bbox 2882 753 3028 809; x_wconf 89' lang='lat' dir='ltr'><strong>enim</strong></span> <span class='ocrx_word' id='word_1_396' title='bbox 3084 757 3291 811; x_wconf 89' lang='lat' dir='ltr'><strong>nostris</strong></span> <span class='ocrx_word' id='word_1_397' title='bbox 3318 772 3593 829; x_wconf 75' lang='lat' dir='ltr'><strong>pugnans,</strong></span> 
     </span>
    </p>
   </div>
   <div class='ocr_carea' id='block_1_50' title="bbox 2010 840 3595 915">
    <p class='ocr_par' dir='ltr' id='par_1_50' title="bbox 2010 840 3595 915">
     <span class='ocr_line' id='line_1_50' title="bbox 2010 840 3595 915; baseline 0.006 -22"><span class='ocrx_word' id='word_1_398' title='bbox 2010 841 2157 911; x_wconf 89' lang='lat' dir='ltr'><strong>quod</strong></span> <span class='ocrx_word' id='word_1_399' title='bbox 2189 840 2332 896; x_wconf 86' lang='lat' dir='ltr'><strong>Deus</strong></span> <span class='ocrx_word' id='word_1_400' title='bbox 2353 850 2406 896; x_wconf 91' lang='lat' dir='ltr'><strong>et</strong></span> <span class='ocrx_word' id='word_1_401' title='bbox 2451 843 2750 898; x_wconf 90' lang='lat' dir='ltr'><strong>secundum</strong></span> <span class='ocrx_word' id='word_1_402' title='bbox 2796 845 2849 899; x_wconf 93' lang='lat' dir='ltr'><strong>id</strong></span> <span class='ocrx_word' id='word_1_403' title='bbox 2892 845 3038 915; x_wconf 91' lang='lat' dir='ltr'><strong>quod</strong></span> <span class='ocrx_word' id='word_1_404' title='bbox 3084 848 3189 902; x_wconf 89' lang='lat' dir='ltr'><strong>ﬁne</strong></span> <span class='ocrx_word' id='word_1_405' title='bbox 3220 856 3370 903; x_wconf 87' lang='lat' dir='ltr'><strong>caret</strong></span> <span class='ocrx_word' id='word_1_406' title='bbox 3394 858 3479 904; x_wconf 89' lang='lat' dir='ltr'><strong>est</strong></span> <span class='ocrx_word' id='word_1_407' title='bbox 3506 849 3595 904; x_wconf 83' lang='lat' dir='ltr'><strong>in-</strong></span> 
     </span>
    </p>
   </div>
   <div class='ocr_carea' id='block_1_51' title="bbox 2010 932 3594 1004">
    <p class='ocr_par' dir='ltr' id='par_1_51' title="bbox 2010 932 3594 1004">
     <span class='ocr_line' id='line_1_51' title="bbox 2010 932 3594 1004; baseline 0.004 -19"><span class='ocrx_word' id='word_1_408' title='bbox 2010 932 2245 1001; x_wconf 88' lang='lat' dir='ltr'><strong>genitus,</strong></span> <span class='ocrx_word' id='word_1_409' title='bbox 2286 939 2339 985; x_wconf 92' lang='lat' dir='ltr'><strong>et</strong></span> <span class='ocrx_word' id='word_1_410' title='bbox 2356 932 2655 986; x_wconf 89' lang='lat' dir='ltr'><strong>secundum</strong></span> <span class='ocrx_word' id='word_1_411' title='bbox 2706 933 2851 1000; x_wconf 90' lang='lat' dir='ltr'><strong>quod</strong></span> <span class='ocrx_word' id='word_1_412' title='bbox 2878 934 3179 1004; x_wconf 89' lang='lat' dir='ltr'><strong>ingenitum</strong></span> <span class='ocrx_word' id='word_1_413' title='bbox 3207 943 3315 1000; x_wconf 88' lang='lat' dir='ltr'><strong>est,</strong></span> <span class='ocrx_word' id='word_1_414' title='bbox 3351 944 3437 991; x_wconf 91' lang='lat' dir='ltr'><strong>est</strong></span> <span class='ocrx_word' id='word_1_415' title='bbox 3468 937 3594 993; x_wconf 89' lang='lat' dir='ltr'><strong>ﬁnis</strong></span> 
     </span>
    </p>
   </div>
   <div class='ocr_carea' id='block_1_52' title="bbox 2010 1020 3596 1097">
    <p class='ocr_par' dir='ltr' id='par_1_52' title="bbox 2010 1020 3596 1097">
     <span class='ocr_line' id='line_1_52' title="bbox 2010 1020 3596 1097; baseline 0.004 -24"><span class='ocrx_word' id='word_1_416' title='bbox 2010 1034 2228 1089; x_wconf 79' lang='lat' dir='ltr'><strong>expers,</strong></span> <span class='ocrx_word' id='word_1_417' title='bbox 2264 1034 2329 1073; x_wconf 91' lang='lat' dir='ltr'><strong>ac</strong></span> <span class='ocrx_word' id='word_1_418' title='bbox 2361 1020 2405 1074; x_wconf 91' lang='lat' dir='ltr'><strong>si</strong></span> <span class='ocrx_word' id='word_1_419' title='bbox 2451 1020 2738 1089; x_wconf 87' lang='lat' dir='ltr'><strong>utriusque</strong></span> <span class='ocrx_word' id='word_1_420' title='bbox 2791 1023 3029 1078; x_wconf 84' lang='lat' dir='ltr'><strong>nominis</strong></span> <span class='ocrx_word' id='word_1_421' title='bbox 3064 1032 3209 1078; x_wconf 85' lang='lat' dir='ltr'><strong>esset</strong></span> <span class='ocrx_word' id='word_1_422' title='bbox 3245 1040 3353 1078; x_wconf 89' lang='lat' dir='ltr'><strong>una</strong></span> <span class='ocrx_word' id='word_1_423' title='bbox 3385 1025 3596 1097; x_wconf 86' lang='lat' dir='ltr'><strong>signiﬁ-</strong></span> 
     </span>
    </p>
   </div>
   <div class='ocr_carea' id='block_1_53' title="bbox 2012 1110 3596 1184">
    <p class='ocr_par' dir='ltr' id='par_1_53' title="bbox 2012 1110 3596 1184">
     <span class='ocr_line' id='line_1_53' title="bbox 2012 1110 3596 1184; baseline 0.008 -21"><span class='ocrx_word' id='word_1_424' title='bbox 2012 1110 2176 1163; x_wconf 88' lang='lat' dir='ltr'><strong>catio.</strong></span> <span class='ocrx_word' id='word_1_425' title='bbox 2209 1111 2269 1163; x_wconf 90' lang='lat' dir='ltr'><strong>Si</strong></span> <span class='ocrx_word' id='word_1_426' title='bbox 2316 1110 2485 1179; x_wconf 91' lang='lat' dir='ltr'><strong>igitur</strong></span> <span class='ocrx_word' id='word_1_427' title='bbox 2535 1121 2587 1164; x_wconf 90' lang='lat' dir='ltr'><strong>et</strong></span> <span class='ocrx_word' id='word_1_428' title='bbox 2636 1113 2939 1167; x_wconf 90' lang='lat' dir='ltr'><strong>secundum</strong></span> <span class='ocrx_word' id='word_1_429' title='bbox 2981 1113 3034 1167; x_wconf 91' lang='lat' dir='ltr'><strong>id</strong></span> <span class='ocrx_word' id='word_1_430' title='bbox 3084 1114 3231 1184; x_wconf 87' lang='lat' dir='ltr'><strong>quod</strong></span> <span class='ocrx_word' id='word_1_431' title='bbox 3272 1115 3429 1173; x_wconf 87' lang='lat' dir='ltr'><strong>ﬁnem</strong></span> <span class='ocrx_word' id='word_1_432' title='bbox 3484 1133 3596 1174; x_wconf 87' lang='lat' dir='ltr'><strong>non</strong></span> 
     </span>
    </p>
   </div>
   <div class='ocr_carea' id='block_1_54' title="bbox 2012 1198 3595 1277">
    <p class='ocr_par' dir='ltr' id='par_1_54' title="bbox 2012 1198 3595 1277">
     <span class='ocr_line' id='line_1_54' title="bbox 2012 1198 3595 1277; baseline 0.008 -25"><span class='ocrx_word' id='word_1_433' title='bbox 2012 1198 2175 1253; x_wconf 84' lang='lat' dir='ltr'><strong>habet</strong></span> <span class='ocrx_word' id='word_1_434' title='bbox 2204 1208 2288 1255; x_wconf 90' lang='lat' dir='ltr'><strong>est</strong></span> <span class='ocrx_word' id='word_1_435' title='bbox 2323 1200 2616 1271; x_wconf 88' lang='lat' dir='ltr'><strong>ingenitus,</strong></span> <span class='ocrx_word' id='word_1_436' title='bbox 2645 1210 2699 1255; x_wconf 90' lang='lat' dir='ltr'><strong>et</strong></span> <span class='ocrx_word' id='word_1_437' title='bbox 2732 1202 2872 1256; x_wconf 88' lang='lat' dir='ltr'><strong>idem</strong></span> <span class='ocrx_word' id='word_1_438' title='bbox 2897 1205 3196 1260; x_wconf 86' lang='lat' dir='ltr'><strong>secundum</strong></span> <span class='ocrx_word' id='word_1_439' title='bbox 3231 1207 3595 1277; x_wconf 87' lang='lat' dir='ltr'><strong>signiﬁcatum</strong></span> 
     </span>
    </p>
   </div>
   <div class='ocr_carea' id='block_1_55' title="bbox 2012 1290 3597 1370">
    <p class='ocr_par' dir='ltr' id='par_1_55' title="bbox 2012 1290 3597 1370">
     <span class='ocr_line' id='line_1_55' title="bbox 2012 1290 3597 1370; baseline 0.008 -27"><span class='ocrx_word' id='word_1_440' title='bbox 2012 1290 2071 1344; x_wconf 85' lang='grc' dir='ltr'><strong>τὸ</strong></span> <span class='ocrx_word' id='word_1_441' title='bbox 2087 1290 2434 1362; x_wconf 85' lang='grc' dir='ltr'>ἀτελεύτητον</span> <span class='ocrx_word' id='word_1_442' title='bbox 2452 1292 2617 1364; x_wconf 88' lang='lat' dir='ltr'><strong>(quod</strong></span> <span class='ocrx_word' id='word_1_443' title='bbox 2638 1292 2794 1348; x_wconf 88' lang='lat' dir='ltr'><strong>ﬁnem</strong></span> <span class='ocrx_word' id='word_1_444' title='bbox 2828 1310 2937 1348; x_wconf 88' lang='lat' dir='ltr'><strong>non</strong></span> <span class='ocrx_word' id='word_1_445' title='bbox 2970 1296 3187 1369; x_wconf 82' lang='lat' dir='ltr'><strong>habet,)</strong></span> <span class='ocrx_word' id='word_1_446' title='bbox 3223 1308 3275 1353; x_wconf 91' lang='lat' dir='ltr'><strong>et</strong></span> <span class='ocrx_word' id='word_1_447' title='bbox 3304 1299 3597 1370; x_wconf 82' lang='grc' dir='ltr'>ἀγέννητον</span> 
     </span>
    </p>
   </div>
   <div class='ocr_carea' id='block_1_56' title="bbox 2016 1382 3599 1463">
    <p class='ocr_par' dir='ltr' id='par_1_56' title="bbox 2016 1382 3599 1463">
     <span class='ocr_line' id='line_1_56' title="bbox 2016 1382 3599 1463; baseline 0.006 -28"><span class='ocrx_word' id='word_1_448' title='bbox 2016 1382 2182 1454; x_wconf 90' lang='lat' dir='ltr'><strong>(quod</strong></span> <span class='ocrx_word' id='word_1_449' title='bbox 2212 1393 2297 1438; x_wconf 91' lang='lat' dir='ltr'><strong>est</strong></span> <span class='ocrx_word' id='word_1_450' title='bbox 2322 1384 2672 1454; x_wconf 87' lang='lat' dir='ltr'><strong>iugenitum,)</strong></span> <span class='ocrx_word' id='word_1_451' title='bbox 2697 1385 2893 1440; x_wconf 89' lang='lat' dir='ltr'><strong>Filium</strong></span> <span class='ocrx_word' id='word_1_452' title='bbox 2922 1397 3098 1442; x_wconf 89' lang='lat' dir='ltr'><strong>autem</strong></span> <span class='ocrx_word' id='word_1_453' title='bbox 3128 1389 3290 1443; x_wconf 80' lang='lat' dir='ltr'><strong>etiam</strong></span> <span class='ocrx_word' id='word_1_454' title='bbox 3309 1391 3599 1463; x_wconf 81' lang='grc' dir='ltr'>ἀτελεύτη-</span> 
     </span>
    </p>
   </div>
   <div class='ocr_carea' id='block_1_57' title="bbox 2014 1475 3596 1552">
    <p class='ocr_par' dir='ltr' id='par_1_57' title="bbox 2014 1475 3596 1552">
     <span class='ocr_line' id='line_1_57' title="bbox 2014 1475 3596 1552; baseline 0.006 -25"><span class='ocrx_word' id='word_1_455' title='bbox 2014 1492 2103 1527; x_wconf 85' lang='grc' dir='ltr'><strong>τον</strong></span> <span class='ocrx_word' id='word_1_456' title='bbox 2122 1475 2284 1529; x_wconf 89' lang='lat' dir='ltr'><strong>ﬁnem</strong></span> <span class='ocrx_word' id='word_1_457' title='bbox 2319 1491 2429 1530; x_wconf 87' lang='lat' dir='ltr'><strong>non</strong></span> <span class='ocrx_word' id='word_1_458' title='bbox 2450 1476 2648 1530; x_wconf 89' lang='lat' dir='ltr'><strong>habere</strong></span> <span class='ocrx_word' id='word_1_459' title='bbox 2670 1479 2991 1542; x_wconf 77' lang='lat' dir='ltr'><strong>assentitur.</strong></span> <span class='ocrx_word' id='word_1_460' title='bbox 3012 1495 3078 1533; x_wconf 77' lang='lat' dir='ltr'><strong>ex</strong></span> <span class='ocrx_word' id='word_1_461' title='bbox 3098 1479 3201 1533; x_wconf 90' lang='lat' dir='ltr'><strong>hac</strong></span> <span class='ocrx_word' id='word_1_462' title='bbox 3221 1482 3596 1552; x_wconf 83' lang='lat' dir='ltr'><strong>consequendi</strong></span> 
     </span>
    </p>
   </div>
   <div class='ocr_carea' id='block_1_58' title="bbox 2017 1567 3597 1641">
    <p class='ocr_par' dir='ltr' id='par_1_58' title="bbox 2017 1567 3597 1641">
     <span class='ocr_line' id='line_1_58' title="bbox 2017 1567 3597 1641; baseline 0.004 -19"><span class='ocrx_word' id='word_1_463' title='bbox 2017 1567 2347 1622; x_wconf 90' lang='lat' dir='ltr'><strong>necessitate</strong></span> <span class='ocrx_word' id='word_1_464' title='bbox 2370 1568 2537 1622; x_wconf 88' lang='lat' dir='ltr'><strong>etiam</strong></span> <span class='ocrx_word' id='word_1_465' title='bbox 2568 1567 2764 1623; x_wconf 83' lang='lat' dir='ltr'><strong>Filium</strong></span> <span class='ocrx_word' id='word_1_466' title='bbox 2793 1570 3098 1641; x_wconf 87' lang='lat' dir='ltr'><strong>ingenitum</strong></span> <span class='ocrx_word' id='word_1_467' title='bbox 3131 1586 3254 1627; x_wconf 89' lang='lat' dir='ltr'><strong>esse</strong></span> <span class='ocrx_word' id='word_1_468' title='bbox 3281 1575 3597 1629; x_wconf 88' lang='lat' dir='ltr'><strong>necessario</strong></span> 
     </span>
    </p>
   </div>
   <div class='ocr_carea' id='block_1_59' title="bbox 2016 1658 3593 1733">
    <p class='ocr_par' dir='ltr' id='par_1_59' title="bbox 2016 1658 3593 1733">
     <span class='ocr_line' id='line_1_59' title="bbox 2016 1658 3593 1733; baseline 0.004 -19"><span class='ocrx_word' id='word_1_469' title='bbox 2016 1658 2388 1725; x_wconf 85' lang='lat' dir='ltr'><strong>conﬁtebitur,</strong></span> <span class='ocrx_word' id='word_1_470' title='bbox 2421 1661 2690 1731; x_wconf 91' lang='lat' dir='ltr'><strong>siquidem</strong></span> <span class='ocrx_word' id='word_1_471' title='bbox 2729 1662 2870 1716; x_wconf 89' lang='lat' dir='ltr'><strong>idem</strong></span> <span class='ocrx_word' id='word_1_472' title='bbox 2903 1671 3015 1729; x_wconf 88' lang='lat' dir='ltr'><strong>est,</strong></span> <span class='ocrx_word' id='word_1_473' title='bbox 3048 1664 3192 1717; x_wconf 89' lang='lat' dir='ltr'><strong>sicut</strong></span> <span class='ocrx_word' id='word_1_474' title='bbox 3226 1664 3398 1733; x_wconf 85' lang='lat' dir='ltr'><strong>dixit,</strong></span> <span class='ocrx_word' id='word_1_475' title='bbox 3433 1667 3593 1722; x_wconf 83' lang='lat' dir='ltr'><strong>[luem</strong></span> 
     </span>
    </p>
   </div>
   <div class='ocr_carea' id='block_1_60' title="bbox 2017 1752 3597 1824">
    <p class='ocr_par' dir='ltr' id='par_1_60' title="bbox 2017 1752 3597 1824">
     <span class='ocr_line' id='line_1_60' title="bbox 2017 1752 3597 1824; baseline 0.003 -18"><span class='ocrx_word' id='word_1_476' title='bbox 2017 1767 2127 1806; x_wconf 91' lang='lat' dir='ltr'><strong>non</strong></span> <span class='ocrx_word' id='word_1_477' title='bbox 2159 1752 2396 1818; x_wconf 88' lang='lat' dir='ltr'><strong>habere,</strong></span> <span class='ocrx_word' id='word_1_478' title='bbox 2435 1768 2558 1808; x_wconf 91' lang='lat' dir='ltr'><strong>cum</strong></span> <span class='ocrx_word' id='word_1_479' title='bbox 2598 1768 2663 1807; x_wconf 90' lang='lat' dir='ltr'><strong>eo</strong></span> <span class='ocrx_word' id='word_1_480' title='bbox 2691 1753 2837 1823; x_wconf 92' lang='lat' dir='ltr'><strong>quod</strong></span> <span class='ocrx_word' id='word_1_481' title='bbox 2870 1761 2953 1808; x_wconf 89' lang='lat' dir='ltr'><strong>est</strong></span> <span class='ocrx_word' id='word_1_482' title='bbox 2980 1754 3253 1824; x_wconf 88' lang='lat' dir='ltr'><strong>principio</strong></span> <span class='ocrx_word' id='word_1_483' title='bbox 3284 1771 3495 1811; x_wconf 84' lang='lat' dir='ltr'><strong>carere.</strong></span> <span class='ocrx_word' id='word_1_484' title='bbox 3528 1754 3597 1812; x_wconf 88' lang='lat' dir='ltr'><strong>Ut</strong></span> 
     </span>
    </p>
   </div>
   <div class='ocr_carea' id='block_1_61' title="bbox 2017 1846 3596 1916">
    <p class='ocr_par' dir='ltr' id='par_1_61' title="bbox 2017 1846 3596 1916">
     <span class='ocr_line' id='line_1_61' title="bbox 2017 1846 3596 1916; baseline 0.004 -17"><span class='ocrx_word' id='word_1_485' title='bbox 2017 1846 2163 1900; x_wconf 91' lang='lat' dir='ltr'><strong>enim</strong></span> <span class='ocrx_word' id='word_1_486' title='bbox 2203 1846 2255 1898; x_wconf 90' lang='lat' dir='ltr'><strong>in</strong></span> <span class='ocrx_word' id='word_1_487' title='bbox 2283 1846 2536 1915; x_wconf 78' lang='lat' dir='ltr'><strong>ingenito</strong></span> <span class='ocrx_word' id='word_1_488' title='bbox 2570 1846 2716 1901; x_wconf 87' lang='lat' dir='ltr'><strong>videt</strong></span> <span class='ocrx_word' id='word_1_489' title='bbox 2750 1846 2896 1916; x_wconf 93' lang='lat' dir='ltr'><strong>quod</strong></span> <span class='ocrx_word' id='word_1_490' title='bbox 2932 1846 3092 1902; x_wconf 89' lang='lat' dir='ltr'><strong>ﬁnem</strong></span> <span class='ocrx_word' id='word_1_491' title='bbox 3130 1864 3241 1903; x_wconf 89' lang='lat' dir='ltr'><strong>non</strong></span> <span class='ocrx_word' id='word_1_492' title='bbox 3276 1850 3478 1915; x_wconf 85' lang='lat' dir='ltr'><strong>habet,</strong></span> <span class='ocrx_word' id='word_1_493' title='bbox 3515 1853 3596 1905; x_wconf 89' lang='lat' dir='ltr'><strong>sic</strong></span> 
     </span>
    </p>
   </div>
   <div class='ocr_carea' id='block_1_62' title="bbox 2020 1935 3596 2007">
    <p class='ocr_par' dir='ltr' id='par_1_62' title="bbox 2020 1935 3596 2007">
     <span class='ocr_line' id='line_1_62' title="bbox 2020 1935 3596 2007; baseline 0.005 -19"><span class='ocrx_word' id='word_1_494' title='bbox 2020 1935 2313 1990; x_wconf 88' lang='lat' dir='ltr'><strong>conﬁtetur</strong></span> <span class='ocrx_word' id='word_1_495' title='bbox 2348 1937 2400 1990; x_wconf 93' lang='lat' dir='ltr'><strong>in</strong></span> <span class='ocrx_word' id='word_1_496' title='bbox 2431 1952 2495 1991; x_wconf 88' lang='lat' dir='ltr'><strong>eo</strong></span> <span class='ocrx_word' id='word_1_497' title='bbox 2522 1937 2666 2007; x_wconf 90' lang='lat' dir='ltr'><strong>quod</strong></span> <span class='ocrx_word' id='word_1_498' title='bbox 2711 1936 2869 1993; x_wconf 85' lang='lat' dir='ltr'><strong>linem</strong></span> <span class='ocrx_word' id='word_1_499' title='bbox 2915 1938 3079 1994; x_wconf 87' lang='lat' dir='ltr'><strong>habet</strong></span> <span class='ocrx_word' id='word_1_500' title='bbox 3126 1939 3503 2006; x_wconf 80' lang='lat' dir='ltr'><strong>intellexisse,</strong></span> <span class='ocrx_word' id='word_1_501' title='bbox 3538 1942 3596 1996; x_wconf 88' lang='lat' dir='ltr'><strong>id</strong></span> 
     </span>
    </p>
   </div>
   <div class='ocr_carea' id='block_1_63' title="bbox 1947 2021 3595 2103">
    <p class='ocr_par' dir='ltr' id='par_1_63' title="bbox 1947 2021 3595 2103">
     <span class='ocr_line' id='line_1_63' title="bbox 1947 2021 3595 2103; baseline 0.005 -23"><span class='ocrx_word' id='word_1_502' title='bbox 1947 2021 1987 2081; x_wconf 84' lang='grc' dir='ltr'><strong>Β</strong></span> <span class='ocrx_word' id='word_1_503' title='bbox 2019 2027 2163 2097; x_wconf 91' lang='lat' dir='ltr'><strong>quod</strong></span> <span class='ocrx_word' id='word_1_504' title='bbox 2195 2028 2450 2099; x_wconf 89' lang='lat' dir='ltr'><strong>principii</strong></span> <span class='ocrx_word' id='word_1_505' title='bbox 2482 2037 2568 2084; x_wconf 89' lang='lat' dir='ltr'><strong>est</strong></span> <span class='ocrx_word' id='word_1_506' title='bbox 2593 2045 2790 2100; x_wconf 78' lang='lat' dir='ltr'><strong>expers</strong></span> <span class='ocrx_word' id='word_1_507' title='bbox 2812 2069 2826 2094; x_wconf 92' lang='lat'><strong>,</strong></span> <span class='ocrx_word' id='word_1_508' title='bbox 2860 2046 2968 2085; x_wconf 90' lang='lat' dir='ltr'><strong>non</strong></span> <span class='ocrx_word' id='word_1_509' title='bbox 3000 2033 3144 2086; x_wconf 86' lang='lat' dir='ltr'><strong>enim</strong></span> <span class='ocrx_word' id='word_1_510' title='bbox 3178 2033 3232 2087; x_wconf 91' lang='lat' dir='ltr'><strong>in</strong></span> <span class='ocrx_word' id='word_1_511' title='bbox 3264 2033 3462 2103; x_wconf 73' lang='lat' dir='ltr'><strong>aequali</strong></span> <span class='ocrx_word' id='word_1_512' title='bbox 3491 2048 3595 2088; x_wconf 87' lang='lat' dir='ltr'><strong>no-</strong></span> 
     </span>
    </p>
   </div>
   <div class='ocr_carea' id='block_1_64' title="bbox 2018 2121 3593 2197">
    <p class='ocr_par' dir='ltr' id='par_1_64' title="bbox 2018 2121 3593 2197">
     <span class='ocr_line' id='line_1_64' title="bbox 2018 2121 3593 2197; baseline 0.006 -26"><span class='ocrx_word' id='word_1_513' title='bbox 2018 2121 2225 2173; x_wconf 89' lang='lat' dir='ltr'><strong>minum</strong></span> <span class='ocrx_word' id='word_1_514' title='bbox 2258 2123 2669 2179; x_wconf 76' lang='lat' dir='ltr'><strong>conversionem</strong></span> <span class='ocrx_word' id='word_1_515' title='bbox 2701 2122 2940 2180; x_wconf 84' lang='lat' dir='ltr'><strong>fecisset.</strong></span> <span class='ocrx_word' id='word_1_516' title='bbox 2973 2124 3079 2179; x_wconf 89' lang='lat' dir='ltr'><strong>Sed</strong></span> <span class='ocrx_word' id='word_1_517' title='bbox 3110 2133 3309 2181; x_wconf 86' lang='lat' dir='ltr'><strong>natura</strong></span> <span class='ocrx_word' id='word_1_518' title='bbox 3331 2167 3345 2191; x_wconf 92' lang='lat'><strong>,</strong></span> <span class='ocrx_word' id='word_1_519' title='bbox 3380 2127 3593 2197; x_wconf 86' lang='lat' dir='ltr'><strong>inquit,</strong></span> 
     </span>
    </p>
   </div>
   <div class='ocr_carea' id='block_1_65' title="bbox 2016 2211 3592 2286">
    <p class='ocr_par' dir='ltr' id='par_1_65' title="bbox 2016 2211 3592 2286">
     <span class='ocr_line' id='line_1_65' title="bbox 2016 2211 3592 2286; baseline 0.004 -22"><span class='ocrx_word' id='word_1_520' title='bbox 2016 2217 2069 2264; x_wconf 89' lang='lat' dir='ltr'><strong>et</strong></span> <span class='ocrx_word' id='word_1_521' title='bbox 2103 2226 2209 2264; x_wconf 94' lang='lat' dir='ltr'><strong>non</strong></span> <span class='ocrx_word' id='word_1_522' title='bbox 2244 2211 2573 2265; x_wconf 69' lang='lat' dir='ltr'><strong>smculorum</strong></span> <span class='ocrx_word' id='word_1_523' title='bbox 2610 2211 2958 2281; x_wconf 89' lang='lat' dir='ltr'><strong>appositione</strong></span> <span class='ocrx_word' id='word_1_524' title='bbox 2994 2212 3138 2269; x_wconf 88' lang='lat' dir='ltr'><strong>Deus</strong></span> <span class='ocrx_word' id='word_1_525' title='bbox 3169 2222 3256 2269; x_wconf 89' lang='lat' dir='ltr'><strong>est</strong></span> <span class='ocrx_word' id='word_1_526' title='bbox 3292 2215 3592 2286; x_wconf 87' lang='lat' dir='ltr'><strong>ingenitus.</strong></span> 
     </span>
    </p>
   </div>
   <div class='ocr_carea' id='block_1_66' title="bbox 2017 2298 3595 2367">
    <p class='ocr_par' dir='ltr' id='par_1_66' title="bbox 2017 2298 3595 2367">
     <span class='ocr_line' id='line_1_66' title="bbox 2017 2298 3595 2367; baseline 0.007 -15"><span class='ocrx_word' id='word_1_527' title='bbox 2017 2298 2151 2365; x_wconf 88' lang='lat' dir='ltr'><strong>Quis</strong></span> <span class='ocrx_word' id='word_1_528' title='bbox 2184 2301 2251 2355; x_wconf 87' lang='lat' dir='ltr'><strong>de</strong></span> <span class='ocrx_word' id='word_1_529' title='bbox 2280 2317 2343 2356; x_wconf 87' lang='lat' dir='ltr'><strong>eo</strong></span> <span class='ocrx_word' id='word_1_530' title='bbox 2372 2302 2708 2367; x_wconf 89' lang='lat' dir='ltr'><strong>contendat,</strong></span> <span class='ocrx_word' id='word_1_531' title='bbox 2745 2302 2911 2358; x_wconf 89' lang='lat' dir='ltr'><strong>Deum</strong></span> <span class='ocrx_word' id='word_1_532' title='bbox 2946 2319 3055 2358; x_wconf 89' lang='lat' dir='ltr'><strong>non</strong></span> <span class='ocrx_word' id='word_1_533' title='bbox 3087 2314 3286 2361; x_wconf 90' lang='lat' dir='ltr'><strong>natura</strong></span> <span class='ocrx_word' id='word_1_534' title='bbox 3328 2306 3385 2361; x_wconf 91' lang='lat' dir='ltr'><strong>id</strong></span> <span class='ocrx_word' id='word_1_535' title='bbox 3430 2323 3595 2364; x_wconf 88' lang='lat' dir='ltr'><strong>omne</strong></span> 
     </span>
    </p>
   </div>
   <div class='ocr_carea' id='block_1_67' title="bbox 2017 2391 3595 2467">
    <p class='ocr_par' dir='ltr' id='par_1_67' title="bbox 2017 2391 3595 2467">
     <span class='ocr_line' id='line_1_67' title="bbox 2017 2391 3595 2467; baseline 0.006 -24"><span class='ocrx_word' id='word_1_536' title='bbox 2017 2405 2141 2445; x_wconf 90' lang='lat' dir='ltr'><strong>esse</strong></span> <span class='ocrx_word' id='word_1_537' title='bbox 2167 2391 2310 2460; x_wconf 89' lang='lat' dir='ltr'><strong>quod</strong></span> <span class='ocrx_word' id='word_1_538' title='bbox 2345 2392 2505 2445; x_wconf 89' lang='lat' dir='ltr'><strong>etiam</strong></span> <span class='ocrx_word' id='word_1_539' title='bbox 2534 2392 2739 2446; x_wconf 87' lang='lat' dir='ltr'><strong>dicitur</strong></span> <span class='ocrx_word' id='word_1_540' title='bbox 2762 2393 2784 2444; x_wconf 89' lang='lat'><strong>?</strong></span> <span class='ocrx_word' id='word_1_541' title='bbox 2811 2393 3025 2448; x_wconf 82' lang='lat' dir='ltr'><strong>Etenim</strong></span> <span class='ocrx_word' id='word_1_542' title='bbox 3056 2404 3109 2449; x_wconf 91' lang='lat' dir='ltr'><strong>et</strong></span> <span class='ocrx_word' id='word_1_543' title='bbox 3136 2396 3345 2465; x_wconf 88' lang='lat' dir='ltr'><strong>justum</strong></span> <span class='ocrx_word' id='word_1_544' title='bbox 3368 2433 3384 2461; x_wconf 92' lang='lat'><strong>,</strong></span> <span class='ocrx_word' id='word_1_545' title='bbox 3414 2405 3468 2451; x_wconf 91' lang='lat' dir='ltr'><strong>et</strong></span> <span class='ocrx_word' id='word_1_546' title='bbox 3497 2412 3595 2467; x_wconf 87' lang='lat' dir='ltr'><strong>po-</strong></span> 
     </span>
    </p>
   </div>
   <div class='ocr_carea' id='block_1_68' title="bbox 2017 2483 3596 2560">
    <p class='ocr_par' dir='ltr' id='par_1_68' title="bbox 2017 2483 3596 2560">
     <span class='ocr_line' id='line_1_68' title="bbox 2017 2483 3596 2560; baseline 0.007 -24"><span class='ocrx_word' id='word_1_547' title='bbox 2017 2489 2220 2537; x_wconf 85' lang='lat' dir='ltr'><strong>tentem</strong></span> <span class='ocrx_word' id='word_1_548' title='bbox 2242 2523 2255 2546; x_wconf 94' lang='lat'><strong>,</strong></span> <span class='ocrx_word' id='word_1_549' title='bbox 2291 2491 2344 2538; x_wconf 87' lang='lat' dir='ltr'><strong>et</strong></span> <span class='ocrx_word' id='word_1_550' title='bbox 2378 2483 2591 2539; x_wconf 87' lang='lat' dir='ltr'><strong>Patrem</strong></span> <span class='ocrx_word' id='word_1_551' title='bbox 2612 2527 2626 2551; x_wconf 95' lang='lat'><strong>,</strong></span> <span class='ocrx_word' id='word_1_552' title='bbox 2657 2495 2710 2539; x_wconf 90' lang='lat' dir='ltr'><strong>et</strong></span> <span class='ocrx_word' id='word_1_553' title='bbox 2738 2487 3212 2557; x_wconf 87' lang='lat' dir='ltr'><strong>incorruptibilem</strong></span> <span class='ocrx_word' id='word_1_554' title='bbox 3240 2506 3259 2557; x_wconf 77' lang='lat'><strong>-,</strong></span> <span class='ocrx_word' id='word_1_555' title='bbox 3291 2505 3466 2560; x_wconf 85' lang='lat' dir='ltr'><strong>neque</strong></span> <span class='ocrx_word' id='word_1_556' title='bbox 3494 2507 3596 2547; x_wconf 70' lang='lat' dir='ltr'><strong>saa-</strong></span> 
     </span>
    </p>
   </div>
   <div class='ocr_carea' id='block_1_69' title="bbox 2016 2576 3598 2655">
    <p class='ocr_par' dir='ltr' id='par_1_69' title="bbox 2016 2576 3598 2655">
     <span class='ocr_line' id='line_1_69' title="bbox 2016 2576 3598 2655; baseline 0.007 -26"><span class='ocrx_word' id='word_1_557' title='bbox 2016 2576 2267 2629; x_wconf 85' lang='lat' dir='ltr'><strong>culorum</strong></span> <span class='ocrx_word' id='word_1_558' title='bbox 2319 2577 2667 2646; x_wconf 87' lang='lat' dir='ltr'><strong>appositione</strong></span> <span class='ocrx_word' id='word_1_559' title='bbox 2716 2578 2886 2633; x_wconf 91' lang='lat' dir='ltr'><strong>Deum</strong></span> <span class='ocrx_word' id='word_1_560' title='bbox 2939 2596 3064 2635; x_wconf 86' lang='lat' dir='ltr'><strong>esse</strong></span> <span class='ocrx_word' id='word_1_561' title='bbox 3111 2580 3385 2647; x_wconf 84' lang='lat' dir='ltr'><strong>dicimus,</strong></span> <span class='ocrx_word' id='word_1_562' title='bbox 3420 2599 3598 2655; x_wconf 89' lang='lat' dir='ltr'><strong>neque</strong></span> 
     </span>
    </p>
   </div>
   <div class='ocr_carea' id='block_1_70' title="bbox 2016 2667 3597 2746">
    <p class='ocr_par' dir='ltr' id='par_1_70' title="bbox 2016 2667 3597 2746">
     <span class='ocr_line' id='line_1_70' title="bbox 2016 2667 3597 2746; baseline 0.006 -25"><span class='ocrx_word' id='word_1_563' title='bbox 2016 2682 2139 2721; x_wconf 92' lang='lat' dir='ltr'><strong>cum</strong></span> <span class='ocrx_word' id='word_1_564' title='bbox 2173 2667 2345 2723; x_wconf 88' lang='lat' dir='ltr'><strong>altero</strong></span> <span class='ocrx_word' id='word_1_565' title='bbox 2377 2683 2568 2722; x_wconf 92' lang='lat' dir='ltr'><strong>corum</strong></span> <span class='ocrx_word' id='word_1_566' title='bbox 2600 2685 2722 2738; x_wconf 67' lang='lat' dir='ltr'><strong>quae</strong></span> <span class='ocrx_word' id='word_1_567' title='bbox 2755 2678 2885 2725; x_wconf 87' lang='lat' dir='ltr'><strong>sunt</strong></span> <span class='ocrx_word' id='word_1_568' title='bbox 2914 2671 3222 2739; x_wconf 89' lang='lat' dir='ltr'><strong>relatione;</strong></span> <span class='ocrx_word' id='word_1_569' title='bbox 3259 2672 3355 2727; x_wconf 84' lang='lat' dir='ltr'><strong>sed</strong></span> <span class='ocrx_word' id='word_1_570' title='bbox 3386 2674 3442 2728; x_wconf 94' lang='lat' dir='ltr'><strong>in</strong></span> <span class='ocrx_word' id='word_1_571' title='bbox 3475 2675 3597 2746; x_wconf 90' lang='lat' dir='ltr'><strong>ipso</strong></span> 
     </span>
    </p>
   </div>
   <div class='ocr_carea' id='block_1_71' title="bbox 2017 2758 3593 2834">
    <p class='ocr_par' dir='ltr' id='par_1_71' title="bbox 2017 2758 3593 2834">
     <span class='ocr_line' id='line_1_71' title="bbox 2017 2758 3593 2834; baseline 0.006 -22"><span class='ocrx_word' id='word_1_572' title='bbox 2017 2758 2265 2827; x_wconf 87' lang='lat' dir='ltr'><strong>subjecto</strong></span> <span class='ocrx_word' id='word_1_573' title='bbox 2285 2799 2299 2823; x_wconf 90' lang='lat'><strong>,</strong></span> <span class='ocrx_word' id='word_1_574' title='bbox 2329 2759 2597 2829; x_wconf 77' lang='lat' dir='ltr'><strong>quidquid</strong></span> <span class='ocrx_word' id='word_1_575' title='bbox 2623 2761 2841 2816; x_wconf 88' lang='lat' dir='ltr'><strong>tandem</strong></span> <span class='ocrx_word' id='word_1_576' title='bbox 2872 2763 3172 2817; x_wconf 91' lang='lat' dir='ltr'><strong>secundum</strong></span> <span class='ocrx_word' id='word_1_577' title='bbox 3199 2770 3450 2819; x_wconf 90' lang='lat' dir='ltr'><strong>naturam</strong></span> <span class='ocrx_word' id='word_1_578' title='bbox 3474 2777 3558 2822; x_wconf 86' lang='lat' dir='ltr'><strong>est</strong></span> <span class='ocrx_word' id='word_1_579' title='bbox 3576 2807 3593 2834; x_wconf 92' lang='lat'><strong>,</strong></span> 
     </span>
    </p>
   </div>
   <div class='ocr_carea' id='block_1_72' title="bbox 2018 2852 3639 2925">
    <p class='ocr_par' dir='ltr' id='par_1_72' title="bbox 2018 2852 3639 2925">
     <span class='ocr_line' id='line_1_72' title="bbox 2018 2852 3639 2925; baseline 0.007 -20"><span class='ocrx_word' id='word_1_580' title='bbox 2018 2865 2234 2905; x_wconf 87' lang='lat' dir='ltr'><strong>omnem</strong></span> <span class='ocrx_word' id='word_1_581' title='bbox 2277 2852 2421 2921; x_wconf 88' lang='lat' dir='ltr'><strong>piam</strong></span> <span class='ocrx_word' id='word_1_582' title='bbox 2456 2854 2772 2923; x_wconf 87' lang='lat' dir='ltr'><strong>opinionem</strong></span> <span class='ocrx_word' id='word_1_583' title='bbox 2804 2856 3280 2925; x_wconf 84' lang='lat' dir='ltr'><strong>contemplamur:</strong></span> <span class='ocrx_word' id='word_1_584' title='bbox 3328 2868 3387 2913; x_wconf 92' lang='lat' dir='ltr'><strong>ut</strong></span> <span class='ocrx_word' id='word_1_585' title='bbox 3432 2859 3481 2914; x_wconf 88' lang='lat' dir='ltr'><strong>si</strong></span> <span class='ocrx_word' id='word_1_586' title='bbox 3528 2875 3594 2915; x_wconf 79' lang='lat' dir='ltr'><strong>ex</strong></span> <span class='ocrx_word' id='word_1_587' title='bbox 3632 2858 3639 2865; x_wconf 85' lang='grc'><em>’</em></span> 
     </span>
    </p>
   </div>
   <div class='ocr_carea' id='block_1_73' title="bbox 2019 2942 3598 3022">
    <p class='ocr_par' dir='ltr' id='par_1_73' title="bbox 2019 2942 3598 3022">
     <span class='ocr_line' id='line_1_73' title="bbox 2019 2942 3598 3022; baseline 0.007 -26"><span class='ocrx_word' id='word_1_588' title='bbox 2019 2942 2394 3011; x_wconf 83' lang='lat' dir='ltr'><strong>suppositione</strong></span> <span class='ocrx_word' id='word_1_589' title='bbox 2440 2961 2618 3015; x_wconf 88' lang='lat' dir='ltr'><strong>neque</strong></span> <span class='ocrx_word' id='word_1_590' title='bbox 2660 2947 2964 3013; x_wconf 68' lang='lat' dir='ltr'><strong>saeculum,</strong></span> <span class='ocrx_word' id='word_1_591' title='bbox 3011 2963 3192 3019; x_wconf 89' lang='lat' dir='ltr'><strong>neque</strong></span> <span class='ocrx_word' id='word_1_592' title='bbox 3237 2949 3389 3004; x_wconf 89' lang='lat' dir='ltr'><strong>aliud</strong></span> <span class='ocrx_word' id='word_1_593' title='bbox 3436 2952 3598 3022; x_wconf 49' lang='lat' dir='ltr'><strong>quid‘</strong></span> 
     </span>
    </p>
   </div>
   <div class='ocr_carea' id='block_1_74' title="bbox 2018 3040 3597 3107">
    <p class='ocr_par' dir='ltr' id='par_1_74' title="bbox 2018 3040 3597 3107">
     <span class='ocr_line' id='line_1_74' title="bbox 2018 3040 3597 3107; baseline 0.009 -21"><span class='ocrx_word' id='word_1_594' title='bbox 2018 3049 2179 3102; x_wconf 89' lang='lat' dir='ltr'><strong>quam</strong></span> <span class='ocrx_word' id='word_1_595' title='bbox 2209 3049 2430 3101; x_wconf 89' lang='lat' dir='ltr'><strong>eorum,</strong></span> <span class='ocrx_word' id='word_1_596' title='bbox 2482 3054 2606 3107; x_wconf 75' lang='lat' dir='ltr'><strong>qua:</strong></span> <span class='ocrx_word' id='word_1_597' title='bbox 2661 3040 2963 3095; x_wconf 89' lang='lat' dir='ltr'><strong>secundum</strong></span> <span class='ocrx_word' id='word_1_598' title='bbox 3015 3043 3348 3099; x_wconf 89' lang='lat' dir='ltr'><strong>creationem</strong></span> <span class='ocrx_word' id='word_1_599' title='bbox 3392 3045 3597 3101; x_wconf 87' lang='lat' dir='ltr'><strong>intelli-</strong></span> 
     </span>
    </p>
   </div>
   <div class='ocr_carea' id='block_1_75' title="bbox 2020 3129 3597 3196">
    <p class='ocr_par' dir='ltr' id='par_1_75' title="bbox 2020 3129 3597 3196">
     <span class='ocr_line' id='line_1_75' title="bbox 2020 3129 3597 3196; baseline 0.012 -21"><span class='ocrx_word' id='word_1_600' title='bbox 2020 3132 2243 3193; x_wconf 83' lang='lat' dir='ltr'><strong>guntur,</strong></span> <span class='ocrx_word' id='word_1_601' title='bbox 2293 3134 2439 3181; x_wconf 85' lang='lat' dir='ltr'><strong>esset</strong></span> <span class='ocrx_word' id='word_1_602' title='bbox 2486 3129 2805 3196; x_wconf 86' lang='lat' dir='ltr'><strong>conditum,</strong></span> <span class='ocrx_word' id='word_1_603' title='bbox 2846 3132 3212 3190; x_wconf 84' lang='lat' dir='ltr'><strong>nihilominus</strong></span> <span class='ocrx_word' id='word_1_604' title='bbox 3260 3144 3409 3192; x_wconf 82' lang='lat' dir='ltr'><strong>esset</strong></span> <span class='ocrx_word' id='word_1_605' title='bbox 3452 3135 3597 3193; x_wconf 88' lang='lat' dir='ltr'><strong>Deus</strong></span> 
     </span>
    </p>
   </div>
   <div class='ocr_carea' id='block_1_76' title="bbox 2018 3215 3598 3297">
    <p class='ocr_par' dir='ltr' id='par_1_76' title="bbox 2018 3215 3598 3297">
     <span class='ocr_line' id='line_1_76' title="bbox 2018 3215 3598 3297; baseline 0.011 -30"><span class='ocrx_word' id='word_1_606' title='bbox 2018 3215 2164 3284; x_wconf 82' lang='lat' dir='ltr'><strong>quod</strong></span> <span class='ocrx_word' id='word_1_607' title='bbox 2200 3232 2343 3269; x_wconf 93' lang='lat' dir='ltr'><strong>nunc</strong></span> <span class='ocrx_word' id='word_1_608' title='bbox 2375 3232 2499 3272; x_wconf 89' lang='lat' dir='ltr'><strong>esse</strong></span> <span class='ocrx_word' id='word_1_609' title='bbox 2529 3220 2801 3274; x_wconf 89' lang='lat' dir='ltr'><strong>creditum</strong></span> <span class='ocrx_word' id='word_1_610' title='bbox 2839 3229 2954 3285; x_wconf 89' lang='lat' dir='ltr'><strong>est,</strong></span> <span class='ocrx_word' id='word_1_611' title='bbox 2986 3222 3124 3276; x_wconf 90' lang='lat' dir='ltr'><strong>nihil</strong></span> <span class='ocrx_word' id='word_1_612' title='bbox 3156 3232 3214 3278; x_wconf 91' lang='lat' dir='ltr'><strong>ut</strong></span> <span class='ocrx_word' id='word_1_613' title='bbox 3240 3226 3313 3280; x_wconf 89' lang='lat' dir='ltr'><strong>sit</strong></span> <span class='ocrx_word' id='word_1_614' title='bbox 3342 3228 3488 3297; x_wconf 89' lang='lat' dir='ltr'><strong>quod</strong></span> <span class='ocrx_word' id='word_1_615' title='bbox 3514 3237 3598 3285; x_wconf 86' lang='lat' dir='ltr'><strong>est</strong></span> 
     </span>
    </p>
   </div>
   <div class='ocr_carea' id='block_1_77' title="bbox 2020 3306 3599 3383">
    <p class='ocr_par' dir='ltr' id='par_1_77' title="bbox 2020 3306 3599 3383">
     <span class='ocr_line' id='line_1_77' title="bbox 2020 3306 3599 3383; baseline 0.009 -22"><span class='ocrx_word' id='word_1_616' title='bbox 2020 3306 2237 3361; x_wconf 79' lang='lat' dir='ltr'><strong>saeculis</strong></span> <span class='ocrx_word' id='word_1_617' title='bbox 2268 3307 2541 3376; x_wconf 83' lang='lat' dir='ltr'><strong>indigens.</strong></span> <span class='ocrx_word' id='word_1_618' title='bbox 2588 3309 2693 3364; x_wconf 88' lang='lat' dir='ltr'><strong>Sed</strong></span> <span class='ocrx_word' id='word_1_619' title='bbox 2739 3311 2815 3363; x_wconf 89' lang='lat' dir='ltr'><strong>ait</strong></span> <span class='ocrx_word' id='word_1_620' title='bbox 2857 3327 3039 3380; x_wconf 89' lang='lat' dir='ltr'><strong>neque</strong></span> <span class='ocrx_word' id='word_1_621' title='bbox 3080 3314 3468 3383; x_wconf 85' lang='lat' dir='ltr'><strong>adventitiam,</strong></span> <span class='ocrx_word' id='word_1_622' title='bbox 3500 3334 3599 3375; x_wconf 81' lang='lat' dir='ltr'><strong>ne-</strong></span> 
     </span>
    </p>
   </div>
   <div class='ocr_carea' id='block_1_78' title="bbox 2023 3392 3596 3472">
    <p class='ocr_par' dir='ltr' id='par_1_78' title="bbox 2023 3392 3596 3472">
     <span class='ocr_line' id='line_1_78' title="bbox 2023 3392 3596 3472; baseline 0.01 -22"><span class='ocrx_word' id='word_1_623' title='bbox 2023 3414 2130 3467; x_wconf 91' lang='lat' dir='ltr'><strong>que</strong></span> <span class='ocrx_word' id='word_1_624' title='bbox 2160 3401 2524 3469; x_wconf 79' lang='lat' dir='ltr'><strong>compositam</strong></span> <span class='ocrx_word' id='word_1_625' title='bbox 2549 3442 2563 3465; x_wconf 91' lang='lat'><strong>,</strong></span> <span class='ocrx_word' id='word_1_626' title='bbox 2596 3417 2773 3472; x_wconf 90' lang='lat' dir='ltr'><strong>neque</strong></span> <span class='ocrx_word' id='word_1_627' title='bbox 2803 3392 3145 3458; x_wconf 78' lang='lat' dir='ltr'><strong>diﬂ‘erentem</strong></span> <span class='ocrx_word' id='word_1_628' title='bbox 3174 3405 3379 3463; x_wconf 85' lang='lat' dir='ltr'><strong>habere</strong></span> <span class='ocrx_word' id='word_1_629' title='bbox 3406 3410 3596 3465; x_wconf 86' lang='lat' dir='ltr'><strong>vitam.</strong></span> 
     </span>
    </p>
   </div>
   <div class='ocr_carea' id='block_1_79' title="bbox 2023 3490 3596 3567">
    <p class='ocr_par' dir='ltr' id='par_1_79' title="bbox 2023 3490 3596 3567">
     <span class='ocr_line' id='line_1_79' title="bbox 2023 3490 3596 3567; baseline 0.006 -23"><span class='ocrx_word' id='word_1_630' title='bbox 2023 3490 2143 3560; x_wconf 84' lang='lat' dir='ltr'><strong>Ipse</strong></span> <span class='ocrx_word' id='word_1_631' title='bbox 2170 3492 2315 3545; x_wconf 92' lang='lat' dir='ltr'><strong>enim</strong></span> <span class='ocrx_word' id='word_1_632' title='bbox 2350 3499 2435 3545; x_wconf 92' lang='lat' dir='ltr'><strong>est</strong></span> <span class='ocrx_word' id='word_1_633' title='bbox 2464 3499 2665 3547; x_wconf 74' lang='lat' dir='ltr'><strong>aeterna</strong></span> <span class='ocrx_word' id='word_1_634' title='bbox 2701 3494 2807 3546; x_wconf 92' lang='lat' dir='ltr'><strong>vita</strong></span> <span class='ocrx_word' id='word_1_635' title='bbox 2830 3532 2844 3556; x_wconf 95' lang='lat'><strong>,</strong></span> <span class='ocrx_word' id='word_1_636' title='bbox 2881 3494 3185 3564; x_wconf 83' lang='lat' dir='ltr'><strong>secundum</strong></span> <span class='ocrx_word' id='word_1_637' title='bbox 3220 3498 3398 3567; x_wconf 88' lang='lat' dir='ltr'><strong>ipsam</strong></span> <span class='ocrx_word' id='word_1_638' title='bbox 3427 3500 3596 3555; x_wconf 85' lang='lat' dir='ltr'><strong>vitam</strong></span> 
     </span>
    </p>
   </div>
   <div class='ocr_carea' id='block_1_80' title="bbox 2022 3582 3600 3661">
    <p class='ocr_par' dir='ltr' id='par_1_80' title="bbox 2022 3582 3600 3661">
     <span class='ocr_line' id='line_1_80' title="bbox 2022 3582 3600 3661; baseline 0.007 -26"><span class='ocrx_word' id='word_1_639' title='bbox 2022 3582 2378 3643; x_wconf 86' lang='lat' dir='ltr'><strong>immortalis,</strong></span> <span class='ocrx_word' id='word_1_640' title='bbox 2416 3582 2718 3638; x_wconf 80' lang='lat' dir='ltr'><strong>secundum</strong></span> <span class='ocrx_word' id='word_1_641' title='bbox 2766 3584 3231 3642; x_wconf 80' lang='lat' dir='ltr'><strong>iunnOrtalitalem</strong></span> <span class='ocrx_word' id='word_1_642' title='bbox 3265 3588 3600 3661; x_wconf 80' lang='lat' dir='ltr'><strong>incorrupti-</strong></span> 
     </span>
    </p>
   </div>
   <div class='ocr_carea' id='block_1_81' title="bbox 2022 3671 3600 3744">
    <p class='ocr_par' dir='ltr' id='par_1_81' title="bbox 2022 3671 3600 3744">
     <span class='ocr_line' id='line_1_81' title="bbox 2022 3671 3600 3744; baseline 0.008 -18"><span class='ocrx_word' id='word_1_643' title='bbox 2022 3672 2169 3727; x_wconf 90' lang='lat' dir='ltr'><strong>bilis.</strong></span> <span class='ocrx_word' id='word_1_644' title='bbox 2208 3671 2330 3726; x_wconf 79' lang='lat' dir='ltr'><strong>llaec</strong></span> <span class='ocrx_word' id='word_1_645' title='bbox 2359 3673 2522 3726; x_wconf 89' lang='lat' dir='ltr'><strong>etiam</strong></span> <span class='ocrx_word' id='word_1_646' title='bbox 2557 3673 2624 3727; x_wconf 92' lang='lat' dir='ltr'><strong>dc</strong></span> <span class='ocrx_word' id='word_1_647' title='bbox 2674 3671 2964 3744; x_wconf 87' lang='lat' dir='ltr'><strong>Uuigenito</strong></span> <span class='ocrx_word' id='word_1_648' title='bbox 3010 3676 3326 3734; x_wconf 87' lang='lat' dir='ltr'><strong>didicimus.</strong></span> <span class='ocrx_word' id='word_1_649' title='bbox 3357 3678 3467 3736; x_wconf 87' lang='lat' dir='ltr'><strong>Nec</strong></span> <span class='ocrx_word' id='word_1_650' title='bbox 3514 3690 3600 3738; x_wconf 84' lang='lat' dir='ltr'><strong>est</strong></span> 
     </span>
    </p>
   </div>
   <div class='ocr_carea' id='block_1_82' title="bbox 2022 3763 3598 3843">
    <p class='ocr_par' dir='ltr' id='par_1_82' title="bbox 2022 3763 3598 3843">
     <span class='ocr_line' id='line_1_82' title="bbox 2022 3763 3598 3843; baseline 0.009 -28"><span class='ocrx_word' id='word_1_651' title='bbox 2022 3764 2112 3835; x_wconf 89' lang='lat' dir='ltr'><strong>qui</strong></span> <span class='ocrx_word' id='word_1_652' title='bbox 2146 3764 2489 3817; x_wconf 86' lang='lat' dir='ltr'><strong>contradicat</strong></span> <span class='ocrx_word' id='word_1_653' title='bbox 2509 3804 2523 3828; x_wconf 94' lang='lat'><strong>,</strong></span> <span class='ocrx_word' id='word_1_654' title='bbox 2559 3765 2665 3818; x_wconf 88' lang='lat' dir='ltr'><strong>nisi</strong></span> <span class='ocrx_word' id='word_1_655' title='bbox 2694 3763 2923 3821; x_wconf 86' lang='lat' dir='ltr'><strong>Joannis</strong></span> <span class='ocrx_word' id='word_1_656' title='bbox 2952 3769 3179 3824; x_wconf 89' lang='lat' dir='ltr'><strong>vocibus</strong></span> <span class='ocrx_word' id='word_1_657' title='bbox 3209 3786 3276 3825; x_wconf 78' lang='lat' dir='ltr'><strong>ex</strong></span> <span class='ocrx_word' id='word_1_658' title='bbox 3307 3777 3598 3843; x_wconf 86' lang='lat' dir='ltr'><strong>propatulo</strong></span> 
     </span>
    </p>
   </div>
   <div class='ocr_carea' id='block_1_83' title="bbox 2023 3854 3594 3924">
    <p class='ocr_par' dir='ltr' id='par_1_83' title="bbox 2023 3854 3594 3924">
     <span class='ocr_line' id='line_1_83' title="bbox 2023 3854 3594 3924; baseline 0.007 -17"><span class='ocrx_word' id='word_1_659' title='bbox 2023 3862 2308 3924; x_wconf 80' lang='lat' dir='ltr'><strong>repugnet.</strong></span> <span class='ocrx_word' id='word_1_660' title='bbox 2342 3854 2533 3923; x_wconf 88' lang='lat' dir='ltr'><strong>Neque</strong></span> <span class='ocrx_word' id='word_1_661' title='bbox 2559 3855 2705 3909; x_wconf 90' lang='lat' dir='ltr'><strong>enim</strong></span> <span class='ocrx_word' id='word_1_662' title='bbox 2735 3854 2874 3909; x_wconf 89' lang='lat' dir='ltr'><strong>Filio</strong></span> <span class='ocrx_word' id='word_1_663' title='bbox 2902 3858 3009 3911; x_wconf 89' lang='lat' dir='ltr'><strong>vita</strong></span> <span class='ocrx_word' id='word_1_664' title='bbox 3042 3859 3265 3915; x_wconf 88' lang='lat' dir='ltr'><strong>aliunde</strong></span> <span class='ocrx_word' id='word_1_665' title='bbox 3290 3862 3462 3917; x_wconf 87' lang='lat' dir='ltr'><strong>ascita</strong></span> <span class='ocrx_word' id='word_1_666' title='bbox 3488 3872 3594 3922; x_wconf 89' lang='lat' dir='ltr'><strong>est.</strong></span> 
     </span>
    </p>
   </div>
   <div class='ocr_carea' id='block_1_84' title="bbox 2022 3943 3597 4021">
    <p class='ocr_par' dir='ltr' id='par_1_84' title="bbox 2022 3943 3597 4021">
     <span class='ocr_line' id='line_1_84' title="bbox 2022 3943 3597 4021; baseline 0.008 -24"><span class='ocrx_word' id='word_1_667' title='bbox 2022 3943 2135 4015; x_wconf 82' lang='lat' dir='ltr'><strong>Ego</strong></span> <span class='ocrx_word' id='word_1_668' title='bbox 2192 3945 2334 3999; x_wconf 88' lang='lat' dir='ltr'><strong>enim</strong></span> <span class='ocrx_word' id='word_1_669' title='bbox 2380 3962 2530 4008; x_wconf 81' lang='lat' dir='ltr'><strong>sum,</strong></span> <span class='ocrx_word' id='word_1_670' title='bbox 2561 3945 2773 4015; x_wconf 87' lang='lat' dir='ltr'><strong>inquit,</strong></span> <span class='ocrx_word' id='word_1_671' title='bbox 2819 3947 2926 3999; x_wconf 83' lang='lat' dir='ltr'><strong>vita</strong></span> <span class='ocrx_word' id='word_1_672' title='bbox 2960 3947 3029 4003; x_wconf 83' lang='lat'><strong>”.</strong></span> <span class='ocrx_word' id='word_1_673' title='bbox 3086 3946 3272 4019; x_wconf 81' lang='lat' dir='ltr'><strong>Neque</strong></span> <span class='ocrx_word' id='word_1_674' title='bbox 3315 3951 3436 4021; x_wconf 89' lang='lat' dir='ltr'><strong>ejus</strong></span> <span class='ocrx_word' id='word_1_675' title='bbox 3489 3954 3597 4009; x_wconf 88' lang='lat' dir='ltr'><strong>vita</strong></span> 
     </span>
    </p>
   </div>
   <div class='ocr_carea' id='block_1_85' title="bbox 2021 4036 3597 4108">
    <p class='ocr_par' dir='ltr' id='par_1_85' title="bbox 2021 4036 3597 4108">
     <span class='ocr_line' id='line_1_85' title="bbox 2021 4036 3597 4108; baseline 0.006 -16"><span class='ocrx_word' id='word_1_676' title='bbox 2021 4039 2365 4108; x_wconf 84' lang='lat' dir='ltr'><strong>composita,</strong></span> <span class='ocrx_word' id='word_1_677' title='bbox 2401 4053 2577 4106; x_wconf 90' lang='lat' dir='ltr'><strong>neque</strong></span> <span class='ocrx_word' id='word_1_678' title='bbox 2624 4036 2916 4102; x_wconf 73' lang='lat' dir='ltr'><strong>differens,</strong></span> <span class='ocrx_word' id='word_1_679' title='bbox 2955 4039 3046 4095; x_wconf 92' lang='lat' dir='ltr'><strong>sed</strong></span> <span class='ocrx_word' id='word_1_680' title='bbox 3100 4042 3402 4097; x_wconf 88' lang='lat' dir='ltr'><strong>secundum</strong></span> <span class='ocrx_word' id='word_1_681' title='bbox 3456 4044 3597 4101; x_wconf 85' lang='lat' dir='ltr'><strong>hanc</strong></span> 
     </span>
    </p>
   </div>
   <div class='ocr_carea' id='block_1_86' title="bbox 2018 4129 3597 4204">
    <p class='ocr_par' dir='ltr' id='par_1_86' title="bbox 2018 4129 3597 4204">
     <span class='ocr_line' id='line_1_86' title="bbox 2018 4129 3597 4204; baseline 0.004 -21"><span class='ocrx_word' id='word_1_682' title='bbox 2018 4130 2183 4183; x_wconf 86' lang='lat' dir='ltr'><strong>vitam</strong></span> <span class='ocrx_word' id='word_1_683' title='bbox 2215 4138 2299 4184; x_wconf 90' lang='lat' dir='ltr'><strong>est</strong></span> <span class='ocrx_word' id='word_1_684' title='bbox 2330 4130 2678 4185; x_wconf 84' lang='lat' dir='ltr'><strong>immortalis.</strong></span> <span class='ocrx_word' id='word_1_685' title='bbox 2716 4129 2770 4184; x_wconf 83' lang='lat' dir='ltr'><strong>In</strong></span> <span class='ocrx_word' id='word_1_686' title='bbox 2805 4146 2916 4200; x_wconf 90' lang='lat' dir='ltr'><strong>quo</strong></span> <span class='ocrx_word' id='word_1_687' title='bbox 2957 4132 3101 4186; x_wconf 90' lang='lat' dir='ltr'><strong>enim</strong></span> <span class='ocrx_word' id='word_1_688' title='bbox 3147 4133 3256 4187; x_wconf 91' lang='lat' dir='ltr'><strong>alio</strong></span> <span class='ocrx_word' id='word_1_689' title='bbox 3304 4136 3450 4204; x_wconf 91' lang='lat' dir='ltr'><strong>quod</strong></span> <span class='ocrx_word' id='word_1_690' title='bbox 3496 4137 3597 4190; x_wconf 90' lang='lat' dir='ltr'><strong>im-</strong></span> 
     </span>
    </p>
   </div>
   <div class='ocr_carea' id='block_1_87' title="bbox 2021 4220 3598 4292">
    <p class='ocr_par' dir='ltr' id='par_1_87' title="bbox 2021 4220 3598 4292">
     <span class='ocr_line' id='line_1_87' title="bbox 2021 4220 3598 4292; baseline 0.007 -21"><span class='ocrx_word' id='word_1_691' title='bbox 2021 4220 2249 4273; x_wconf 87' lang='lat' dir='ltr'><strong>mortale</strong></span> <span class='ocrx_word' id='word_1_692' title='bbox 2269 4227 2373 4281; x_wconf 90' lang='lat' dir='ltr'><strong>est,</strong></span> <span class='ocrx_word' id='word_1_693' title='bbox 2394 4229 2753 4289; x_wconf 68' lang='lat' dir='ltr'><strong>praeterquam</strong></span> <span class='ocrx_word' id='word_1_694' title='bbox 2779 4222 2834 4274; x_wconf 90' lang='lat' dir='ltr'><strong>in</strong></span> <span class='ocrx_word' id='word_1_695' title='bbox 2858 4222 2988 4285; x_wconf 77' lang='lat' dir='ltr'><strong>vita,</strong></span> <span class='ocrx_word' id='word_1_696' title='bbox 3008 4224 3513 4292; x_wconf 73' lang='lat' dir='ltr'><strong>contemplaretur?</strong></span> <span class='ocrx_word' id='word_1_697' title='bbox 3535 4227 3598 4282; x_wconf 78' lang='lat' dir='ltr'><strong>Et</strong></span> 
     </span>
    </p>
   </div>
   <div class='ocr_carea' id='block_1_88' title="bbox 2025 4300 3598 4383">
    <p class='ocr_par' dir='ltr' id='par_1_88' title="bbox 2025 4300 3598 4383">
     <span class='ocr_line' id='line_1_88' title="bbox 2025 4300 3598 4383; baseline 0.006 -18"><span class='ocrx_word' id='word_1_698' title='bbox 2025 4312 2330 4365; x_wconf 85' lang='lat' dir='ltr'><strong>secundum</strong></span> <span class='ocrx_word' id='word_1_699' title='bbox 2365 4300 2538 4378; x_wconf 85' lang='lat' dir='ltr'><strong>ipsam</strong></span> <span class='ocrx_word' id='word_1_700' title='bbox 2575 4311 3035 4365; x_wconf 86' lang='lat' dir='ltr'><strong>immortalitatem</strong></span> <span class='ocrx_word' id='word_1_701' title='bbox 3080 4312 3514 4383; x_wconf 89' lang='lat' dir='ltr'><strong>incorruptibilis</strong></span> <span class='ocrx_word' id='word_1_702' title='bbox 3544 4328 3598 4374; x_wconf 88' lang='lat' dir='ltr'><strong>et</strong></span> 
     </span>
    </p>
   </div>
   <div class='ocr_carea' id='block_1_89' title="bbox 334 4399 3456 4473">
    <p class='ocr_par' dir='ltr' id='par_1_89' title="bbox 334 4399 3456 4473">
     <span class='ocr_line' id='line_1_89' title="bbox 334 4399 3456 4473; baseline 0.003 -25"><span class='ocrx_word' id='word_1_703' title='bbox 334 4407 509 4451; x_wconf 90' lang='lat' dir='ltr'><strong>morte</strong></span> <span class='ocrx_word' id='word_1_704' title='bbox 546 4402 836 4467; x_wconf 86' lang='lat' dir='ltr'><strong>potentior,</strong></span> <span class='ocrx_word' id='word_1_705' title='bbox 867 4410 1029 4471; x_wconf 84' lang='lat' dir='ltr'><strong>atque</strong></span> <span class='ocrx_word' id='word_1_706' title='bbox 1073 4420 1299 4473; x_wconf 89' lang='lat' dir='ltr'><strong>prorsus</strong></span> <span class='ocrx_word' id='word_1_707' title='bbox 1346 4405 1601 4459; x_wconf 84' lang='lat' dir='ltr'><strong>interitus</strong></span> <span class='ocrx_word' id='word_1_708' title='bbox 1632 4402 1810 4458; x_wconf 87' lang='lat' dir='ltr'><strong>omnis</strong></span> <span class='ocrx_word' id='word_1_709' title='bbox 1839 4412 1920 4457; x_wconf 87' lang='lat' dir='ltr'><strong>est</strong></span> <span class='ocrx_word' id='word_1_710' title='bbox 1954 4416 2169 4471; x_wconf 77' lang='lat' dir='ltr'><strong>expers.</strong></span> <span class='ocrx_word' id='word_1_711' title='bbox 2207 4399 2485 4453; x_wconf 85' lang='lat' dir='ltr'><strong>Hactenus</strong></span> <span class='ocrx_word' id='word_1_712' title='bbox 2515 4414 2695 4453; x_wconf 88' lang='lat' dir='ltr'><strong>sermo</strong></span> <span class='ocrx_word' id='word_1_713' title='bbox 2728 4407 2916 4455; x_wconf 90' lang='lat' dir='ltr'><strong>noster</strong></span> <span class='ocrx_word' id='word_1_714' title='bbox 2942 4400 3104 4455; x_wconf 89' lang='lat' dir='ltr'><strong>dictis</strong></span> <span class='ocrx_word' id='word_1_715' title='bbox 3134 4404 3456 4460; x_wconf 89' lang='lat' dir='ltr'><strong>assentitur.</strong></span> 
     </span>
    </p>
   </div>
   <div class='ocr_carea' id='block_1_90' title="bbox 406 4489 1920 4567">
    <p class='ocr_par' dir='ltr' id='par_1_90' title="bbox 406 4489 1920 4567">
     <span class='ocr_line' id='line_1_90' title="bbox 406 4489 1920 4567; baseline 0.009 -28"><span class='ocrx_word' id='word_1_716' title='bbox 406 4489 507 4540; x_wconf 84' lang='grc' dir='ltr'>Τὸν</span> <span class='ocrx_word' id='word_1_717' title='bbox 545 4490 601 4542; x_wconf 82' lang='grc' dir='ltr'>δὲ</span> <span class='ocrx_word' id='word_1_718' title='bbox 654 4496 1139 4564; x_wconf 84' lang='grc' dir='ltr'>συγγεγραμμένον</span> <span class='ocrx_word' id='word_1_719' title='bbox 1192 4500 1304 4559; x_wconf 84' lang='grc' dir='ltr'>τοῖς</span> <span class='ocrx_word' id='word_1_720' title='bbox 1355 4497 1662 4567; x_wconf 77' lang='grc' dir='ltr'>εἰρημένοις</span> <span class='ocrx_word' id='word_1_721' title='bbox 1711 4495 1920 4565; x_wconf 67' lang='grc' dir='ltr'>γρίφου.</span> 
     </span>
    </p>
   </div>
   <div class='ocr_carea' id='block_1_91' title="bbox 333 4580 1920 4657">
    <p class='ocr_par' dir='ltr' id='par_1_91' title="bbox 333 4580 1920 4657">
     <span class='ocr_line' id='line_1_91' title="bbox 333 4580 1920 4657; baseline 0.002 -24"><span class='ocrx_word' id='word_1_722' title='bbox 333 4580 725 4651; x_wconf 83' lang='grc' dir='ltr'>ἑρμηνεύοντες</span> <span class='ocrx_word' id='word_1_723' title='bbox 750 4586 797 4635; x_wconf 80' lang='grc' dir='ltr'>οἱ</span> <span class='ocrx_word' id='word_1_724' title='bbox 828 4588 892 4655; x_wconf 80' lang='grc' dir='ltr'>τῇ</span> <span class='ocrx_word' id='word_1_725' title='bbox 926 4586 1222 4656; x_wconf 87' lang='grc' dir='ltr'>Προυνίκου</span> <span class='ocrx_word' id='word_1_726' title='bbox 1250 4586 1410 4657; x_wconf 69' lang='grc' dir='ltr'>σοφία</span> <span class='ocrx_word' id='word_1_727' title='bbox 1433 4585 1920 4656; x_wconf 82' lang='grc' dir='ltr'>ὲγγυμνασθέντες·</span> 
     </span>
    </p>
   </div>
   <div class='ocr_carea' id='block_1_92' title="bbox 2097 4492 3598 4565">
    <p class='ocr_par' dir='ltr' id='par_1_92' title="bbox 2097 4492 3598 4565">
     <span class='ocr_line' id='line_1_92' title="bbox 2097 4492 3598 4565; baseline 0.003 -20"><span class='ocrx_word' id='word_1_728' title='bbox 2097 4492 2413 4560; x_wconf 84' lang='lat' dir='ltr'><strong>Ascriptum</strong></span> <span class='ocrx_word' id='word_1_729' title='bbox 2446 4500 2628 4546; x_wconf 92' lang='lat' dir='ltr'><strong>autem</strong></span> <span class='ocrx_word' id='word_1_730' title='bbox 2662 4494 2714 4545; x_wconf 90' lang='lat' dir='ltr'><strong>in</strong></span> <span class='ocrx_word' id='word_1_731' title='bbox 2750 4493 3108 4562; x_wconf 89' lang='lat' dir='ltr'><strong>sequentibus</strong></span> <span class='ocrx_word' id='word_1_732' title='bbox 3136 4494 3390 4565; x_wconf 90' lang='lat' dir='ltr'><strong>griphum</strong></span> <span class='ocrx_word' id='word_1_733' title='bbox 3427 4496 3598 4551; x_wconf 90' lang='lat' dir='ltr'><strong>inter-</strong></span> 
     </span>
    </p>
   </div>
   <div class='ocr_carea' id='block_1_93' title="bbox 2023 4583 3592 4655">
    <p class='ocr_par' dir='ltr' id='par_1_93' title="bbox 2023 4583 3592 4655">
     <span class='ocr_line' id='line_1_93' title="bbox 2023 4583 3592 4655; baseline 0.004 -18"><span class='ocrx_word' id='word_1_734' title='bbox 2023 4592 2330 4655; x_wconf 89' lang='lat' dir='ltr'><strong>pretentur,</strong></span> <span class='ocrx_word' id='word_1_735' title='bbox 2360 4585 2453 4654; x_wconf 91' lang='lat' dir='ltr'><strong>qui</strong></span> <span class='ocrx_word' id='word_1_736' title='bbox 2488 4585 2541 4638; x_wconf 93' lang='lat' dir='ltr'><strong>in</strong></span> <span class='ocrx_word' id='word_1_737' title='bbox 2567 4583 2791 4639; x_wconf 89' lang='lat' dir='ltr'><strong>Prunici</strong></span> <span class='ocrx_word' id='word_1_738' title='bbox 2818 4585 3084 4654; x_wconf 90' lang='lat' dir='ltr'><strong>sapientia</strong></span> <span class='ocrx_word' id='word_1_739' title='bbox 3113 4595 3241 4640; x_wconf 89' lang='lat' dir='ltr'><strong>sunt</strong></span> <span class='ocrx_word' id='word_1_740' title='bbox 3265 4587 3549 4642; x_wconf 83' lang='lat' dir='ltr'><strong>exercitati</strong></span> <span class='ocrx_word' id='word_1_741' title='bbox 3576 4608 3592 4646; x_wconf 91' lang='lat'><strong>:</strong></span> 
     </span>
    </p>
   </div>
   <div class='ocr_carea' id='block_1_94' title="bbox 333 4671 1914 4749">
    <p class='ocr_par' dir='ltr' id='par_1_94' title="bbox 333 4671 1914 4748">
     <span class='ocr_line' id='line_1_94' title="bbox 333 4671 1914 4748; baseline 0.004 -25"><span class='ocrx_word' id='word_1_742' title='bbox 333 4671 391 4737; x_wconf 79' lang='grc' dir='ltr'>ἐξ</span> <span class='ocrx_word' id='word_1_743' title='bbox 428 4673 640 4743; x_wconf 78' lang='grc' dir='ltr'>ἐκείνης</span> <span class='ocrx_word' id='word_1_744' title='bbox 668 4674 775 4744; x_wconf 85' lang='grc' dir='ltr'>γὰρ</span> <span class='ocrx_word' id='word_1_745' title='bbox 803 4676 947 4729; x_wconf 85' lang='grc' dir='ltr'>δοκεῖ</span> <span class='ocrx_word' id='word_1_746' title='bbox 980 4695 1068 4747; x_wconf 89' lang='grc' dir='ltr'><strong>μοι</strong></span> <span class='ocrx_word' id='word_1_747' title='bbox 1121 4680 1219 4747; x_wconf 81' lang='grc' dir='ltr'>τῆς</span> <span class='ocrx_word' id='word_1_748' title='bbox 1272 4679 1625 4748; x_wconf 74' lang='grc' dir='ltr'>παρασκευῆς</span> <span class='ocrx_word' id='word_1_749' title='bbox 1668 4679 1736 4729; x_wconf 84' lang='grc' dir='ltr'>τὰ</span> <span class='ocrx_word' id='word_1_750' title='bbox 1774 4677 1914 4747; x_wconf 74' lang='grc' dir='ltr'>εἰρη-</span> 
     </span>
    </p>
   </div>
   <div class='ocr_carea' id='block_1_95' title="bbox 2017 4671 3595 4749">
    <p class='ocr_par' dir='ltr' id='par_1_95' title="bbox 2022 4676 3595 4749">
     <span class='ocr_line' id='line_1_95' title="bbox 2022 4676 3595 4749; baseline 0.003 -17"><span class='ocrx_word' id='word_1_751' title='bbox 2022 4693 2089 4732; x_wconf 78' lang='lat' dir='ltr'><strong>cx</strong></span> <span class='ocrx_word' id='word_1_752' title='bbox 2124 4678 2217 4729; x_wconf 93' lang='lat' dir='ltr'><strong>illo</strong></span> <span class='ocrx_word' id='word_1_753' title='bbox 2246 4677 2391 4731; x_wconf 86' lang='lat' dir='ltr'><strong>enim</strong></span> <span class='ocrx_word' id='word_1_754' title='bbox 2429 4689 2696 4747; x_wconf 87' lang='lat' dir='ltr'><strong>apparatu</strong></span> <span class='ocrx_word' id='word_1_755' title='bbox 2730 4679 2859 4732; x_wconf 90' lang='lat' dir='ltr'><strong>mihi</strong></span> <span class='ocrx_word' id='word_1_756' title='bbox 2893 4676 3109 4732; x_wconf 84' lang='lat' dir='ltr'><strong>videtur</strong></span> <span class='ocrx_word' id='word_1_757' title='bbox 3137 4695 3259 4749; x_wconf 64' lang='lat' dir='ltr'><strong>qua:</strong></span> <span class='ocrx_word' id='word_1_758' title='bbox 3288 4679 3431 4734; x_wconf 86' lang='lat' dir='ltr'><strong>dicta</strong></span> <span class='ocrx_word' id='word_1_759' title='bbox 3464 4689 3595 4736; x_wconf 79' lang='lat' dir='ltr'><strong>sunt</strong></span> 
     </span>
    </p>
   </div>
   <div class='ocr_carea' id='block_1_96' title="bbox 338 4762 1925 4837">
    <p class='ocr_par' dir='ltr' id='par_1_96' title="bbox 338 4762 1925 4837">
     <span class='ocr_line' id='line_1_96' title="bbox 338 4762 1925 4837; baseline 0.001 -24"><span class='ocrx_word' id='word_1_760' title='bbox 338 4762 473 4831; x_wconf 86' lang='grc' dir='ltr'>μένα</span> <span class='ocrx_word' id='word_1_761' title='bbox 523 4764 961 4834; x_wconf 83' lang='grc' dir='ltr'>προενηνοχέναι.</span> <span class='ocrx_word' id='word_1_762' title='bbox 1010 4767 1073 4818; x_wconf 90' lang='grc' dir='ltr'>Τί</span> <span class='ocrx_word' id='word_1_763' title='bbox 1122 4768 1229 4835; x_wconf 87' lang='grc' dir='ltr'><strong>γάρ</strong></span> <span class='ocrx_word' id='word_1_764' title='bbox 1278 4783 1475 4837; x_wconf 79' lang='grc' dir='ltr'>φησιν;</span> <span class='ocrx_word' id='word_1_765' title='bbox 1512 4768 1798 4832; x_wconf 74' lang='grc' dir='ltr'>Ἀναρχος</span> <span class='ocrx_word' id='word_1_766' title='bbox 1841 4762 1925 4816; x_wconf 85' lang='grc' dir='ltr'><strong>ὢν</strong></span> 
     </span>
    </p>
   </div>
   <div class='ocr_carea' id='block_1_97' title="bbox 333 4850 1921 4924">
    <p class='ocr_par' dir='ltr' id='par_1_97' title="bbox 333 4850 1921 4924">
     <span class='ocr_line' id='line_1_97' title="bbox 333 4850 1921 4924; baseline 0.001 -19"><span class='ocrx_word' id='word_1_767' title='bbox 333 4850 635 4922; x_wconf 71' lang='grc' dir='ltr'>ἀνάρχως,</span> <span class='ocrx_word' id='word_1_768' title='bbox 666 4853 993 4923; x_wconf 75' lang='grc' dir='ltr'>ἀγέννητός</span> <span class='ocrx_word' id='word_1_769' title='bbox 1021 4855 1189 4909; x_wconf 80' lang='grc' dir='ltr'>ἐστιν</span> <span class='ocrx_word' id='word_1_770' title='bbox 1209 4854 1567 4924; x_wconf 72' lang='grc' dir='ltr'>ἀγεννήτως,</span> <span class='ocrx_word' id='word_1_771' title='bbox 1604 4855 1921 4921; x_wconf 77' lang='grc' dir='ltr'>ἀτελεύτη-</span> 
     </span>
    </p>
   </div>
   <div class='ocr_carea' id='block_1_98' title="bbox 2028 4766 3594 4839">
    <p class='ocr_par' dir='ltr' id='par_1_98' title="bbox 2028 4766 3594 4839">
     <span class='ocr_line' id='line_1_98' title="bbox 2028 4766 3594 4839; baseline 0.004 -20"><span class='ocrx_word' id='word_1_772' title='bbox 2028 4768 2348 4837; x_wconf 87' lang='lat' dir='ltr'><strong>protulisse.</strong></span> <span class='ocrx_word' id='word_1_773' title='bbox 2386 4766 2528 4831; x_wconf 86' lang='lat' dir='ltr'><strong>Quid</strong></span> <span class='ocrx_word' id='word_1_774' title='bbox 2560 4768 2703 4821; x_wconf 89' lang='lat' dir='ltr'><strong>enim</strong></span> <span class='ocrx_word' id='word_1_775' title='bbox 2735 4767 2857 4822; x_wconf 87' lang='lat' dir='ltr'><strong>ait?</strong></span> <span class='ocrx_word' id='word_1_776' title='bbox 2883 4767 3012 4822; x_wconf 85' lang='lat' dir='ltr'><strong>Cum</strong></span> <span class='ocrx_word' id='word_1_777' title='bbox 3043 4769 3111 4822; x_wconf 84' lang='lat' dir='ltr'><strong>sit</strong></span> <span class='ocrx_word' id='word_1_778' title='bbox 3136 4769 3382 4838; x_wconf 79' lang='lat' dir='ltr'><strong>principii</strong></span> <span class='ocrx_word' id='word_1_779' title='bbox 3410 4785 3594 4839; x_wconf 73' lang='lat' dir='ltr'><strong>expers</strong></span> 
     </span>
    </p>
   </div>
   <div class='ocr_carea' id='block_1_99' title="bbox 2026 4859 3594 4929">
    <p class='ocr_par' dir='ltr' id='par_1_99' title="bbox 2026 4859 3594 4929">
     <span class='ocr_line' id='line_1_99' title="bbox 2026 4859 3594 4929; baseline 0.004 -19"><span class='ocrx_word' id='word_1_780' title='bbox 2026 4860 2139 4911; x_wconf 82' lang='lat' dir='ltr'><strong>sine</strong></span> <span class='ocrx_word' id='word_1_781' title='bbox 2174 4859 2465 4926; x_wconf 83' lang='lat' dir='ltr'><strong>principio,</strong></span> <span class='ocrx_word' id='word_1_782' title='bbox 2503 4859 2881 4927; x_wconf 55' lang='lat' dir='ltr'><strong>ingenitus&#39;est</strong></span> <span class='ocrx_word' id='word_1_783' title='bbox 2914 4861 3174 4929; x_wconf 78' lang='lat' dir='ltr'><strong>ingenite,</strong></span> <span class='ocrx_word' id='word_1_784' title='bbox 3220 4862 3594 4917; x_wconf 74' lang='lat' dir='ltr'><strong>interminatus</strong></span> 
     </span>
    </p>
   </div>
   <div class='ocr_carea' id='block_1_100' title="bbox 334 4924 1914 5022">
    <p class='ocr_par' dir='ltr' id='par_1_100' title="bbox 334 4944 1914 5014">
     <span class='ocr_line' id='line_1_100' title="bbox 334 4944 1914 5014; baseline 0.001 -18"><span class='ocrx_word' id='word_1_785' title='bbox 334 4945 435 5009; x_wconf 87' lang='grc' dir='ltr'><strong>τός</strong></span> <span class='ocrx_word' id='word_1_786' title='bbox 484 4945 653 4999; x_wconf 82' lang='grc' dir='ltr'>ἐστιν</span> <span class='ocrx_word' id='word_1_787' title='bbox 688 4944 1124 5014; x_wconf 76' lang='grc' dir='ltr'>άτελευτήτως,</span> <span class='ocrx_word' id='word_1_788' title='bbox 1170 4946 1308 4999; x_wconf 82' lang='grc' dir='ltr'>οὔτε</span> <span class='ocrx_word' id='word_1_789' title='bbox 1342 4946 1469 4999; x_wconf 79' lang='grc' dir='ltr'>καθ’</span> <span class='ocrx_word' id='word_1_790' title='bbox 1508 4944 1731 5012; x_wconf 83' lang='grc' dir='ltr'>ἕτερον,</span> <span class='ocrx_word' id='word_1_791' title='bbox 1781 4944 1914 4998; x_wconf 79' lang='grc' dir='ltr'>οὔτε</span> 
     </span>
    </p>
   </div>
   <div class='ocr_carea' id='block_1_101' title="bbox 2017 4924 3596 5022">
    <p class='ocr_par' dir='ltr' id='par_1_101' title="bbox 2022 4942 3596 5022">
     <span class='ocr_line' id='line_1_101' title="bbox 2022 4942 3596 5022; baseline 0.003 -22"><span class='ocrx_word' id='word_1_792' title='bbox 2022 4948 2389 5011; x_wconf 74' lang='lat' dir='ltr'><strong>interminata,</strong></span> <span class='ocrx_word' id='word_1_793' title='bbox 2428 4946 2565 5017; x_wconf 86' lang='lat' dir='ltr'><strong>quod</strong></span> <span class='ocrx_word' id='word_1_794' title='bbox 2601 4964 2761 5015; x_wconf 84' lang='lat' dir='ltr'><strong>neque</strong></span> <span class='ocrx_word' id='word_1_795' title='bbox 2794 4949 3080 5002; x_wconf 85' lang='lat' dir='ltr'><strong>secundum</strong></span> <span class='ocrx_word' id='word_1_796' title='bbox 3128 4949 3389 5018; x_wconf 71' lang='lat' dir='ltr'><strong>alterum,</strong></span> <span class='ocrx_word' id='word_1_797' title='bbox 3434 4942 3596 5022; x_wconf 67' lang='lat' dir='ltr'><strong>neque</strong></span> 
     </span>
    </p>
   </div>
   <div class='ocr_carea' id='block_1_102' title="bbox 332 5038 1919 5111">
    <p class='ocr_par' dir='ltr' id='par_1_102' title="bbox 332 5038 1919 5111">
     <span class='ocr_line' id='line_1_102' title="bbox 332 5038 1919 5111; baseline 0 -20"><span class='ocrx_word' id='word_1_798' title='bbox 332 5038 406 5091; x_wconf 80' lang='grc' dir='ltr'><strong>δι’</strong></span> <span class='ocrx_word' id='word_1_799' title='bbox 450 5038 673 5107; x_wconf 82' lang='grc' dir='ltr'>ἕτερον,</span> <span class='ocrx_word' id='word_1_800' title='bbox 722 5041 859 5094; x_wconf 81' lang='grc' dir='ltr'>οὔτε</span> <span class='ocrx_word' id='word_1_801' title='bbox 895 5040 1046 5109; x_wconf 82' lang='grc' dir='ltr'>πρὸς</span> <span class='ocrx_word' id='word_1_802' title='bbox 1087 5040 1292 5109; x_wconf 75' lang='grc' dir='ltr'>ἕτερον</span> <span class='ocrx_word' id='word_1_803' title='bbox 1329 5041 1674 5110; x_wconf 79' lang='grc' dir='ltr'>λεγόμενον.</span> <span class='ocrx_word' id='word_1_804' title='bbox 1721 5040 1778 5091; x_wconf 86' lang='grc'><strong>’0</strong></span> <span class='ocrx_word' id='word_1_805' title='bbox 1812 5040 1919 5111; x_wconf 74' lang='grc' dir='ltr'><strong>γὰρ</strong></span> 
     </span>
    </p>
   </div>
   <div class='ocr_carea' id='block_1_103' title="bbox 337 5126 1917 5203">
    <p class='ocr_par' dir='ltr' id='par_1_103' title="bbox 337 5126 1917 5203">
     <span class='ocr_line' id='line_1_103' title="bbox 337 5126 1917 5203; baseline 0.001 -22"><span class='ocrx_word' id='word_1_806' title='bbox 337 5126 750 5200; x_wconf 85' lang='grc' dir='ltr'>κεκαθαρμένος</span> <span class='ocrx_word' id='word_1_807' title='bbox 768 5129 865 5202; x_wconf 79' lang='grc' dir='ltr'>τὴν</span> <span class='ocrx_word' id='word_1_808' title='bbox 887 5131 1075 5202; x_wconf 83' lang='grc' dir='ltr'>ἀκοὴν,</span> <span class='ocrx_word' id='word_1_809' title='bbox 1100 5134 1192 5185; x_wconf 74' lang='grc' dir='ltr'><strong>καὶ</strong></span> <span class='ocrx_word' id='word_1_810' title='bbox 1221 5132 1519 5203; x_wconf 86' lang='grc' dir='ltr'>διορατικὸς</span> <span class='ocrx_word' id='word_1_811' title='bbox 1544 5132 1640 5201; x_wconf 81' lang='grc' dir='ltr'><strong>τὴν</strong></span> <span class='ocrx_word' id='word_1_812' title='bbox 1660 5130 1917 5195; x_wconf 82' lang='grc' dir='ltr'>διάνοιαν,</span> 
     </span>
    </p>
   </div>
   <div class='ocr_carea' id='block_1_104' title="bbox 332 5215 1916 5293">
    <p class='ocr_par' dir='ltr' id='par_1_104' title="bbox 332 5215 1916 5293">
     <span class='ocr_line' id='line_1_104' title="bbox 332 5215 1916 5293; baseline 0.001 -21"><span class='ocrx_word' id='word_1_813' title='bbox 332 5215 441 5272; x_wconf 77' lang='grc' dir='ltr'>οἶδε</span> <span class='ocrx_word' id='word_1_814' title='bbox 472 5220 566 5273; x_wconf 57' lang='grc' dir='ltr'><strong>καὶ⁴</strong></span> <span class='ocrx_word' id='word_1_815' title='bbox 596 5220 700 5290; x_wconf 87' lang='grc' dir='ltr'><strong>πρὸ</strong></span> <span class='ocrx_word' id='word_1_816' title='bbox 728 5222 834 5274; x_wconf 85' lang='grc' dir='ltr'><strong>τῶν</strong></span> <span class='ocrx_word' id='word_1_817' title='bbox 865 5223 1014 5293; x_wconf 83' lang='grc' dir='ltr'>ἐμῶν</span> <span class='ocrx_word' id='word_1_818' title='bbox 1051 5224 1244 5293; x_wconf 84' lang='grc' dir='ltr'>λόγων,</span> <span class='ocrx_word' id='word_1_819' title='bbox 1277 5225 1357 5276; x_wconf 83' lang='grc' dir='ltr'>ὅτι</span> <span class='ocrx_word' id='word_1_820' title='bbox 1379 5223 1519 5292; x_wconf 81' lang='grc' dir='ltr'>πλὴν</span> <span class='ocrx_word' id='word_1_821' title='bbox 1552 5222 1645 5275; x_wconf 77' lang='grc' dir='ltr'>τοῦ</span> <span class='ocrx_word' id='word_1_822' title='bbox 1673 5224 1916 5290; x_wconf 87' lang='grc' dir='ltr'>πατάγου</span> 
     </span>
    </p>
   </div>
   <div class='ocr_carea' id='block_1_105' title="bbox 333 5309 1919 5385">
    <p class='ocr_par' dir='ltr' id='par_1_105' title="bbox 333 5309 1919 5385">
     <span class='ocr_line' id='line_1_105' title="bbox 333 5309 1919 5385; baseline 0.003 -23"><span class='ocrx_word' id='word_1_823' title='bbox 333 5309 441 5362; x_wconf 80' lang='grc' dir='ltr'><strong>τῶν</strong></span> <span class='ocrx_word' id='word_1_824' title='bbox 470 5310 768 5381; x_wconf 84' lang='grc' dir='ltr'>ὀνομάτων,</span> <span class='ocrx_word' id='word_1_825' title='bbox 790 5312 825 5366; x_wconf 81' lang='grc' dir='ltr'><strong>ἀ</strong></span> <span class='ocrx_word' id='word_1_826' title='bbox 849 5317 914 5385; x_wconf 83' lang='grc' dir='ltr'>τῇ</span> <span class='ocrx_word' id='word_1_827' title='bbox 939 5315 1209 5385; x_wconf 83' lang='grc' dir='ltr'>ἀλλοκότῳ</span> <span class='ocrx_word' id='word_1_828' title='bbox 1235 5314 1415 5369; x_wconf 72' lang='grc' dir='ltr'>αὐτῶν</span> <span class='ocrx_word' id='word_1_829' title='bbox 1442 5314 1727 5384; x_wconf 83' lang='grc' dir='ltr'>συμπλοκῇ</span> <span class='ocrx_word' id='word_1_830' title='bbox 1761 5332 1919 5367; x_wconf 85' lang='grc' dir='ltr'>κατε-</span> 
     </span>
    </p>
   </div>
   <div class='ocr_carea' id='block_1_106' title="bbox 337 5403 1918 5478">
    <p class='ocr_par' dir='ltr' id='par_1_106' title="bbox 337 5403 1918 5478">
     <span class='ocr_line' id='line_1_106' title="bbox 337 5403 1918 5478; baseline 0.002 -23"><span class='ocrx_word' id='word_1_831' title='bbox 337 5403 622 5474; x_wconf 70' lang='grc' dir='ltr'>κρότησεν,</span> <span class='ocrx_word' id='word_1_832' title='bbox 650 5404 802 5457; x_wconf 78' lang='grc' dir='ltr'>οὐδὲν</span> <span class='ocrx_word' id='word_1_833' title='bbox 831 5407 972 5475; x_wconf 54' lang='grc' dir='ltr'>τινος</span> <span class='ocrx_word' id='word_1_834' title='bbox 1000 5408 1431 5478; x_wconf 83' lang='grc' dir='ltr'>ὲπιστημονικῆς</span> <span class='ocrx_word' id='word_1_835' title='bbox 1459 5406 1696 5469; x_wconf 85' lang='grc' dir='ltr'>διανοίας</span> <span class='ocrx_word' id='word_1_836' title='bbox 1720 5407 1776 5457; x_wconf 83' lang='grc' dir='ltr'>ἐν</span> <span class='ocrx_word' id='word_1_837' title='bbox 1807 5408 1918 5468; x_wconf 86' lang='grc' dir='ltr'>τοῖς</span> 
     </span>
    </p>
   </div>
   <div class='ocr_carea' id='block_1_107' title="bbox 335 5493 1916 5568">
    <p class='ocr_par' dir='ltr' id='par_1_107' title="bbox 335 5493 1916 5568">
     <span class='ocr_line' id='line_1_107' title="bbox 335 5493 1916 5568; baseline 0.001 -21"><span class='ocrx_word' id='word_1_838' title='bbox 335 5493 645 5565; x_wconf 70' lang='grc' dir='ltr'>εἰρημένοις</span> <span class='ocrx_word' id='word_1_839' title='bbox 670 5494 1003 5565; x_wconf 75' lang='grc' dir='ltr'>εὑρίσκεται.</span> <span class='ocrx_word' id='word_1_840' title='bbox 1027 5498 1087 5550; x_wconf 85' lang='grc' dir='ltr'>Εἰ</span> <span class='ocrx_word' id='word_1_841' title='bbox 1112 5497 1169 5549; x_wconf 77' lang='grc' dir='ltr'><strong>δὲ</strong></span> <span class='ocrx_word' id='word_1_842' title='bbox 1197 5497 1306 5568; x_wconf 84' lang='grc' dir='ltr'><strong>ἀρα</strong></span> <span class='ocrx_word' id='word_1_843' title='bbox 1328 5514 1409 5560; x_wconf 88' lang='grc' dir='ltr'><strong>τις</strong></span> <span class='ocrx_word' id='word_1_844' title='bbox 1443 5496 1535 5548; x_wconf 74' lang='grc' dir='ltr'><strong>καὶ</strong></span> <span class='ocrx_word' id='word_1_845' title='bbox 1563 5495 1690 5549; x_wconf 85' lang='grc' dir='ltr'>σκιὰ</span> <span class='ocrx_word' id='word_1_846' title='bbox 1713 5496 1916 5566; x_wconf 82' lang='grc' dir='ltr'>νοήμα-</span> 
     </span>
    </p>
   </div>
   <div class='ocr_carea' id='block_1_108' title="bbox 336 5583 1917 5660">
    <p class='ocr_par' dir='ltr' id='par_1_108' title="bbox 336 5583 1917 5660">
     <span class='ocr_line' id='line_1_108' title="bbox 336 5583 1917 5660; baseline 0.001 -21"><span class='ocrx_word' id='word_1_847' title='bbox 336 5602 446 5649; x_wconf 82' lang='grc' dir='ltr'>τος,</span> <span class='ocrx_word' id='word_1_848' title='bbox 480 5583 557 5655; x_wconf 82' lang='grc' dir='ltr'>τῷ</span> <span class='ocrx_word' id='word_1_849' title='bbox 583 5583 739 5655; x_wconf 70' lang='grc' dir='ltr'>ψόφῳ</span> <span class='ocrx_word' id='word_1_850' title='bbox 768 5585 877 5639; x_wconf 85' lang='grc' dir='ltr'>τῶν</span> <span class='ocrx_word' id='word_1_851' title='bbox 911 5586 1169 5659; x_wconf 73' lang='grc' dir='ltr'>ῥημάτων</span> <span class='ocrx_word' id='word_1_852' title='bbox 1204 5586 1530 5660; x_wconf 79' lang='grc' dir='ltr'>ὲνευρεθείη,</span> <span class='ocrx_word' id='word_1_853' title='bbox 1562 5589 1595 5660; x_wconf 80' lang='grc' dir='ltr'><strong>ἢ</strong></span> <span class='ocrx_word' id='word_1_854' title='bbox 1631 5587 1823 5652; x_wconf 82' lang='grc' dir='ltr'>ἀσεϐὲς</span> <span class='ocrx_word' id='word_1_855' title='bbox 1856 5586 1917 5641; x_wconf 87' lang='grc' dir='ltr'><strong>τὸ</strong></span> 
     </span>
    </p>
   </div>
   <div class='ocr_carea' id='block_1_109' title="bbox 406 5722 863 5793">
    <p class='ocr_par' dir='ltr' id='par_1_109' title="bbox 406 5722 863 5793">
     <span class='ocr_line' id='line_1_109' title="bbox 406 5722 863 5793; baseline -0.007 -11"><span class='ocrx_word' id='word_1_856' title='bbox 406 5724 451 5757; x_wconf 85' lang='grc'><strong>⁸³</strong></span> <span class='ocrx_word' id='word_1_857' title='bbox 485 5722 641 5781; x_wconf 72' lang='lat' dir='ltr'><strong>Joan.</strong></span> <span class='ocrx_word' id='word_1_858' title='bbox 670 5742 745 5793; x_wconf 71' lang='lat' dir='ltr'><strong>xx,</strong></span> <span class='ocrx_word' id='word_1_859' title='bbox 774 5725 863 5781; x_wconf 74' lang='lat'><strong>25.</strong></span> 
     </span>
    </p>
   </div>
   <div class='ocr_carea' id='block_1_110' title="bbox 2020 5034 3594 5108">
    <p class='ocr_par' dir='ltr' id='par_1_110' title="bbox 2020 5034 3594 5108">
     <span class='ocr_line' id='line_1_110' title="bbox 2020 5034 3594 5108; baseline 0.001 -17"><span class='ocrx_word' id='word_1_860' title='bbox 2020 5047 2234 5107; x_wconf 79' lang='lat' dir='ltr'><strong>propter</strong></span> <span class='ocrx_word' id='word_1_861' title='bbox 2283 5040 2547 5101; x_wconf 78' lang='lat' dir='ltr'><strong>alterum,</strong></span> <span class='ocrx_word' id='word_1_862' title='bbox 2600 5054 2759 5108; x_wconf 83' lang='lat' dir='ltr'><strong>neque</strong></span> <span class='ocrx_word' id='word_1_863' title='bbox 2812 5038 2879 5091; x_wconf 87' lang='lat' dir='ltr'><strong>ad</strong></span> <span class='ocrx_word' id='word_1_864' title='bbox 2937 5034 3164 5093; x_wconf 62' lang='lat' dir='ltr'><strong>alteru&#39;m</strong></span> <span class='ocrx_word' id='word_1_865' title='bbox 3216 5038 3435 5095; x_wconf 75' lang='lat' dir='ltr'><strong>dicitur.</strong></span> <span class='ocrx_word' id='word_1_866' title='bbox 3489 5037 3594 5104; x_wconf 86' lang='lat' dir='ltr'><strong>Qui</strong></span> 
     </span>
    </p>
   </div>
   <div class='ocr_carea' id='block_1_111' title="bbox 2023 5122 3594 5201">
    <p class='ocr_par' dir='ltr' id='par_1_111' title="bbox 2023 5122 3594 5201">
     <span class='ocr_line' id='line_1_111' title="bbox 2023 5122 3594 5201; baseline 0 -17"><span class='ocrx_word' id='word_1_867' title='bbox 2023 5145 2210 5184; x_wconf 86' lang='lat' dir='ltr'><strong>aurem</strong></span> <span class='ocrx_word' id='word_1_868' title='bbox 2243 5139 2529 5199; x_wconf 79' lang='lat' dir='ltr'><strong>purgatam</strong></span> <span class='ocrx_word' id='word_1_869' title='bbox 2564 5129 2764 5195; x_wconf 88' lang='lat' dir='ltr'><strong>habet,</strong></span> <span class='ocrx_word' id='word_1_870' title='bbox 2809 5140 2863 5185; x_wconf 94' lang='lat' dir='ltr'><strong>et</strong></span> <span class='ocrx_word' id='word_1_871' title='bbox 2909 5122 3267 5201; x_wconf 78' lang='lat' dir='ltr'><strong>intelligentia</strong></span> <span class='ocrx_word' id='word_1_872' title='bbox 3304 5140 3386 5184; x_wconf 88' lang='lat' dir='ltr'><strong>est</strong></span> <span class='ocrx_word' id='word_1_873' title='bbox 3410 5129 3594 5184; x_wconf 54' lang='lat' dir='ltr'><strong>&#39;solers</strong></span> 
     </span>
    </p>
   </div>
   <div class='ocr_carea' id='block_1_112' title="bbox 2023 5210 3595 5294">
    <p class='ocr_par' dir='ltr' id='par_1_112' title="bbox 2023 5210 3595 5294">
     <span class='ocr_line' id='line_1_112' title="bbox 2023 5210 3595 5294; baseline -0.001 -18"><span class='ocrx_word' id='word_1_874' title='bbox 2023 5237 2088 5276; x_wconf 92' lang='lat' dir='ltr'><strong>ac</strong></span> <span class='ocrx_word' id='word_1_875' title='bbox 2121 5222 2410 5292; x_wconf 82' lang='lat' dir='ltr'><strong>perspicax</strong></span> <span class='ocrx_word' id='word_1_876' title='bbox 2434 5262 2447 5285; x_wconf 91' lang='lat'><strong>,</strong></span> <span class='ocrx_word' id='word_1_877' title='bbox 2483 5229 2782 5293; x_wconf 88' lang='lat' dir='ltr'><strong>antequam</strong></span> <span class='ocrx_word' id='word_1_878' title='bbox 2814 5222 3111 5294; x_wconf 89' lang='lat' dir='ltr'><strong>quidquam</strong></span> <span class='ocrx_word' id='word_1_879' title='bbox 3147 5218 3409 5283; x_wconf 79' lang='lat' dir='ltr'><strong>dixerim,</strong></span> <span class='ocrx_word' id='word_1_880' title='bbox 3440 5210 3595 5275; x_wconf 85' lang='lat' dir='ltr'><strong>novit</strong></span> 
     </span>
    </p>
   </div>
   <div class='ocr_carea' id='block_1_113' title="bbox 2024 5308 3593 5385">
    <p class='ocr_par' dir='ltr' id='par_1_113' title="bbox 2024 5308 3593 5385">
     <span class='ocr_line' id='line_1_113' title="bbox 2024 5308 3593 5385; baseline -0.002 -18"><span class='ocrx_word' id='word_1_881' title='bbox 2024 5322 2223 5385; x_wconf 63' lang='lat' dir='ltr'><strong>praeter</strong></span> <span class='ocrx_word' id='word_1_882' title='bbox 2252 5312 2544 5367; x_wconf 89' lang='lat' dir='ltr'><strong>verborum</strong></span> <span class='ocrx_word' id='word_1_883' title='bbox 2581 5313 2904 5385; x_wconf 85' lang='lat' dir='ltr'><strong>strepitum,</strong></span> <span class='ocrx_word' id='word_1_884' title='bbox 2951 5324 3072 5382; x_wconf 72' lang='lat' dir='ltr'><strong>qua:</strong></span> <span class='ocrx_word' id='word_1_885' title='bbox 3100 5318 3410 5363; x_wconf 89' lang='lat' dir='ltr'><strong>monstroso</strong></span> <span class='ocrx_word' id='word_1_886' title='bbox 3444 5308 3593 5377; x_wconf 84' lang='lat' dir='ltr'><strong>ipso-</strong></span> 
     </span>
    </p>
   </div>
   <div class='ocr_carea' id='block_1_114' title="bbox 2022 5394 3651 5476">
    <p class='ocr_par' dir='ltr' id='par_1_114' title="bbox 2022 5394 3651 5476">
     <span class='ocr_line' id='line_1_114' title="bbox 2022 5394 3651 5476; baseline -0.004 -15"><span class='ocrx_word' id='word_1_887' title='bbox 2022 5423 2143 5461; x_wconf 90' lang='lat' dir='ltr'><strong>rum</strong></span> <span class='ocrx_word' id='word_1_888' title='bbox 2178 5406 2468 5476; x_wconf 84' lang='lat' dir='ltr'><strong>complexu</strong></span> <span class='ocrx_word' id='word_1_889' title='bbox 2498 5406 2713 5475; x_wconf 87' lang='lat' dir='ltr'><strong>crepuit</strong></span> <span class='ocrx_word' id='word_1_890' title='bbox 2733 5444 2747 5467; x_wconf 88' lang='lat'><strong>,</strong></span> <span class='ocrx_word' id='word_1_891' title='bbox 2776 5406 2984 5459; x_wconf 90' lang='lat' dir='ltr'><strong>nullum</strong></span> <span class='ocrx_word' id='word_1_892' title='bbox 3014 5394 3296 5455; x_wconf 85' lang='lat' dir='ltr'><strong>scientiam</strong></span> <span class='ocrx_word' id='word_1_893' title='bbox 3321 5398 3594 5469; x_wconf 67' lang='lat' dir='ltr'><strong>gignentia</strong></span> <span class='ocrx_word' id='word_1_894' title='bbox 3648 5422 3651 5423; x_wconf 48' lang='grc' dir='ltr'><strong>ν</strong></span> 
     </span>
    </p>
   </div>
   <div class='ocr_carea' id='block_1_115' title="bbox 2025 5486 3593 5567">
    <p class='ocr_par' dir='ltr' id='par_1_115' title="bbox 2025 5486 3593 5567">
     <span class='ocr_line' id='line_1_115' title="bbox 2025 5486 3593 5567; baseline -0.006 -15"><span class='ocrx_word' id='word_1_895' title='bbox 2025 5495 2412 5567; x_wconf 68' lang='lat' dir='ltr'><strong>intelligentiae</strong></span> <span class='ocrx_word' id='word_1_896' title='bbox 2440 5495 2731 5562; x_wconf 80' lang='lat' dir='ltr'><strong>vestigium</strong></span> <span class='ocrx_word' id='word_1_897' title='bbox 2762 5494 2813 5545; x_wconf 92' lang='lat' dir='ltr'><strong>in</strong></span> <span class='ocrx_word' id='word_1_898' title='bbox 2850 5492 2935 5545; x_wconf 88' lang='lat' dir='ltr'><strong>his</strong></span> <span class='ocrx_word' id='word_1_899' title='bbox 2963 5489 3125 5543; x_wconf 90' lang='lat' dir='ltr'><strong>dictis</strong></span> <span class='ocrx_word' id='word_1_900' title='bbox 3154 5487 3405 5542; x_wconf 85' lang='lat' dir='ltr'><strong>inveniri.</strong></span> <span class='ocrx_word' id='word_1_901' title='bbox 3437 5486 3593 5554; x_wconf 84' lang='lat' dir='ltr'><strong>Quod</strong></span> 
     </span>
    </p>
   </div>
   <div class='ocr_carea' id='block_1_116' title="bbox 2025 5578 3593 5659">
    <p class='ocr_par' dir='ltr' id='par_1_116' title="bbox 2025 5578 3593 5659">
     <span class='ocr_line' id='line_1_116' title="bbox 2025 5578 3593 5659; baseline -0.006 -15"><span class='ocrx_word' id='word_1_902' title='bbox 2025 5588 2069 5644; x_wconf 89' lang='lat' dir='ltr'><strong>si</strong></span> <span class='ocrx_word' id='word_1_903' title='bbox 2101 5588 2281 5659; x_wconf 89' lang='lat' dir='ltr'><strong>aliqua</strong></span> <span class='ocrx_word' id='word_1_904' title='bbox 2314 5583 2556 5641; x_wconf 88' lang='lat' dir='ltr'><strong>notionis</strong></span> <span class='ocrx_word' id='word_1_905' title='bbox 2593 5582 2783 5637; x_wconf 90' lang='lat' dir='ltr'><strong>umbra</strong></span> <span class='ocrx_word' id='word_1_906' title='bbox 2817 5580 2874 5636; x_wconf 83' lang='lat' dir='ltr'><strong>in</strong></span> <span class='ocrx_word' id='word_1_907' title='bbox 2906 5580 3011 5635; x_wconf 88' lang='lat' dir='ltr'><strong>hoc</strong></span> <span class='ocrx_word' id='word_1_908' title='bbox 3043 5578 3331 5635; x_wconf 87' lang='lat' dir='ltr'><strong>verborum</strong></span> <span class='ocrx_word' id='word_1_909' title='bbox 3361 5579 3593 5651; x_wconf 85' lang='lat' dir='ltr'><strong>strepitu</strong></span> 
     </span>
    </p>
   </div>
  </div>
