4020 6140
451 238 475 287 1
490 228 591 286 091·

1670 216 1727 274 S.
1770 209 2099 273 GREGORII
2124 210 2412 268 NYSSENI

3605 202 3748 257 109?

450 345 674 399 inventa
713 338 912 405 fuerit,
937 339 1024 394 vel
1065 337 1212 409 quod
1255 336 1535 393 inventum
1579 333 1778 397 fuerit,
1802 333 2027 387 omnino

2135 330 2347 403 εὑρεθὲν
2376 330 2525 383 ἔσται
2555 328 2791 391 πάντως,
2822 326 2855 397 ἢ
2884 323 3304 390 καταγέλαστον.
3345 321 3411 375 Τί
3444 320 3561 392 γὰρ
3587 320 3729 374 νοῶν

453 435 678 505 impium
711 433 852 496 erit,
883 432 967 487 vel
1000 408 1316 486 ridiculum.
1372 428 1516 496 Quid
1548 427 1695 482 enim
1728 408 2040 500 intelligetis

452 527 557 581 hoc
595 523 771 579 dicis?
824 522 912 577 dic
960 522 1116 578 mihi.
1169 522 1325 589 Quod
1371 521 1628 593 principii
1678 536 1873 591 expers
1924 523 2042 579 sine

452 619 561 671 ﬁne
591 623 709 681 est,
747 624 801 670 et
834 615 940 670 line
967 629 1167 670 carens
1198 615 1414 683 absque
1450 612 1738 683 principio.
1778 609 1858 665 An
1893 614 2037 669 idem

454 717 615 777 putas
651 723 773 761 csse
807 707 1138 777 principium
1171 721 1297 760 cum
1336 705 1488 758 ﬁne?
1519 704 1585 758 Et
1622 704 1689 758 de
1726 720 1836 759 uno
1871 721 2038 761 sensu

454 799 592 852 duas
635 812 797 851 voces
845 797 1056 865 positas
1093 810 1251 857 esse,
1302 802 1361 847 ut
1408 792 1554 847 Petri
1584 800 1637 848 et
1669 791 1910 849 Simonis
1944 809 2040 865 ap-

454 890 781 958 pellationes
815 904 984 942 unum
1031 885 1308 956 quoddam
1355 886 1666 955 subjectum
1714 886 2035 952 declarant,

455 982 732 1051 hujusque
774 982 949 1052 gratia
1004 979 1472 1049 quemadmodum
1530 978 1863 1049 principium
1909 995 2034 1034 cum

457 1075 562 1127 ﬁne
604 1072 744 1127 idem
780 1087 901 1127 esse
936 1080 1096 1141 putas
1117 1114 1131 1136 ,
1170 1070 1250 1125 sic
1281 1069 1549 1140 copulans
1578 1070 1645 1123 ad
1672 1086 1837 1125 unam
1866 1072 2036 1143 signi-

458 1165 734 1218 ﬁcantiam
769 1165 1107 1218 duasrvoces
1152 1164 1345 1217 horum
1394 1170 1691 1232 utrumque
1741 1164 2033 1227 tollentes,

456 1259 620 1311 ﬁnem
655 1256 778 1311 dico
816 1264 869 1311 et
904 1255 1236 1326 principium
1261 1295 1275 1319 ,
1315 1270 1381 1309 ex
1415 1269 1685 1310 converso
1719 1255 2034 1327 intelligens

458 1348 600 1402 idem
634 1362 756 1401 esse
788 1362 912 1416 cum
947 1346 1200 1415 principii
1233 1354 1485 1414 experte,
1521 1345 1573 1399 id
1608 1344 1754 1415 quod
1800 1344 1907 1400 ﬁne
1936 1361 2033 1400 ca-

457 1448 579 1504 ret,
607 1440 745 1493 duas
774 1454 938 1493 voces
970 1437 1230 1492 confusas
1260 1438 1401 1491 inter
1423 1453 1483 1493 se
1512 1452 1673 1490 unam
1708 1436 1907 1492 fecisti.
1934 1440 2032 1492 At-

456 1546 563 1601 que
602 1531 717 1584 haec
751 1530 845 1583 tibi
891 1530 1173 1583 nominum
1209 1529 1327 1583 vult
1354 1529 1701 1595 commistio,
1734 1544 1858 1585 cum
1892 1529 2032 1588 dicis

457 1623 759 1693 ingenitum
794 1638 918 1677 esse
953 1627 1072 1679 sine
1115 1623 1247 1685 line,
1282 1631 1337 1677 et
1383 1622 1489 1677 ﬁne
1529 1638 1725 1679 carens
1760 1625 2024 1696 ingenite.

2143 423 2301 478 τοῦτο
2338 423 2552 492 λέγεις;
2581 422 2717 477 Εἰπέ
2761 438 2868 491 μοι.
2913 419 3039 473 Ὀτι
3070 419 3303 488 άναρχὸς
3334 420 3486 471 ἐστιν
3515 418 3717 471 ἀτελευ

2143 520 2319 590 τήτως
2342 558 2356 582 ,
2389 517 2483 570 καὶ
2513 514 2867 584 ἀτελεύτητος
2905 512 3176 584 ἀνάρχως.
3217 508 3286 564 Ἀ
3299 530 3364 582 ρα
3395 512 3606 564 ταύτὸν
3643 515 3745 567 οἴει

2143 610 2239 675 τὴν
2293 608 2469 680 ἀρχὴν
2508 602 2646 661 εἶναι
2685 605 2762 675 τῷ
2805 605 2984 668 τέλει;
3036 603 3146 657 Καὶ
3189 605 3310 657 καθ’
3348 605 3469 680 ἑνὸς
3520 603 3744 657 κεῖσθαι

2142 678 2412 770 νοήματος
2445 698 2543 763 τὰς
2571 699 2665 752 δύο
2694 696 2896 767 φωνὰς,
2929 697 3004 759 ὡς
3031 696 3235 767 Πέτρου
3268 678 3659 764 καὶκΣεμωνος
3690 698 3745 748 αἱ

2143 792 2503 865 προσηγορίαι
2524 792 2582 844 ’ἐν
2607 810 2658 844 τι
2688 792 2747 844 τὸ
2776 790 3133 860 ὑποκείμενον
3162 788 3226 839 δι’
3254 786 3463 840 ἑαυτῶν
3488 787 3745 857 δηλοῦςι,

2142 889 2238 942 καὶ
2265 887 2455 941 τούτου
2493 888 2652 958 χάριν
2684 885 2874 955 ὥσπερ
2916 883 3010 954 τὴν
3053 883 3226 953 ἀρχὴν
3256 882 3334 951 τῷ
3362 882 3507 934 τέλει
3540 884 3747 934 ταὺτὶν

2140 976 2281 1034 εἶναι
2323 979 2584 1050 νομίζεις,
2633 977 2805 1041 οὕτως
2835 975 3073 1044 συνάψας
3108 975 3245 1045 πρὸς
3282 975 3411 1043 μίαν
3456 976 3746 1044 σημασίαν

2138 1074 2234 1136 τὰς
2264 1072 2355 1126 δύο
2379 1072 2560 1143 φωνὰς
2584 1072 2680 1134 τὰς
2706 1071 2966 1140 ἑκατέρου
3000 1068 3203 1122 τούτων
3232 1070 3618 1139 ἀναιρετικὰς,
3648 1068 3741 1121 τοῦ

2137 1165 2321 1229 τέλους
2347 1165 2490 1233 λέγω
2508 1168 2600 1216 καὶ
2626 1165 2722 1232 τῆς
2742 1163 2934 1233 ἀρχῆς,
2958 1163 3022 1213 ὲκ
3039 1161 3131 1213 τοῦ
3151 1160 3512 1229 ἀντιστρόφου
3535 1164 3743 1230 νοήσας

2136 1258 2213 1327 τῷ
2253 1258 2477 1329 ἀνάρχῳ
2521 1255 2716 1309 ταύτὸν
2758 1251 2896 1308 εἶναι
2929 1255 2988 1306 τὸ
3029 1253 3401 1324 ἀτελεύτητον,
3455 1254 3596 1320 μίαν
3645 1254 3743 1316 τάς

2135 1352 2229 1405 δύο
2271 1351 2453 1420 φωνὰς
2493 1349 2769 1421 συγχύσας
2802 1350 3058 1420 ἀλλήλαις
3097 1348 3378 1417 ἐποίησας.
3423 1347 3537 1400 Καὶ
3582 1346 3743 1401 τοῦτο

2140 1462 2220 1498 σοι
2274 1442 2522 1513 βούλεται
2559 1443 2667 1495 τῶν
2705 1442 2985 1512 ὀνομάτων
3032 1443 3066 1511 ἡ
3118 1440 3290 1510 μίξις,
3330 1442 3386 1493 ὲν
3421 1438 3502 1510 τῷ
3554 1440 3742 1501 λέγειν

2135 1534 2428 1605 ἀγέννητον
2456 1530 2593 1587 εἶναι
2620 1534 2989 1605 άτελευτήτως
3008 1576 3021 1595 ,
3062 1533 3154 1586 καὶ
3186 1532 3551 1602 ἀτελεύτητον
3583 1536 3743 1600 ἀγεν-

2137 1629 2329 1698 νήτως.
2355 1629 2463 1680 Καὶ
2484 1626 2599 1691 πῶς
2621 1627 2720 1679 οὐκ
2741 1623 2878 1690 εἶδες
2896 1627 2957 1679 τὸ
2978 1625 3171 1687 ἀσεϐὲς
3194 1626 3252 1677 ὲν
3272 1628 3385 1688 τοῖς
3410 1625 3741 1695 λεγομένοις

457 1714 743 1780 Quomodo
774 1715 831 1771 in
866 1715 951 1769 his
982 1714 1147 1769 dictis
1198 1729 1305 1767 non
1358 1714 1680 1783 advertisti,
1736 1693 1883 1785 quod
1932 1718 2029 1771 im-

2138 1722 2254 1792 ἆμα
2294 1722 2388 1775 καὶ
2436 1721 2869 1789 καταγέλαστον;
2913 1721 2975 1772 El
3019 1718 3128 1789 γὰρ
3169 1719 3233 1769 ὲκ
3278 1717 3373 1770 τοῦ
3426 1717 3545 1770 ἴσου
3582 1719 3738 1786 γίνε-

455 1806 607 1875 pium
640 1812 725 1859 est
760 1806 923 1858 simul
967 1811 1021 1859 et
1062 1805 1233 1874 quod;
1263 1804 1612 1859 ridiculum?
1664 1807 1721 1860 Si
1773 1809 1917 1862 enim
1967 1825 2034 1863 ex

455 1915 612 1969 asquo
646 1915 741 1969 per
775 1900 916 1953 hanc
952 1914 1145 1953 novam
1179 1898 1489 1954 mistionem
1524 1900 1807 1954 nominum
1848 1902 1906 1955 ﬁt
1951 1902 2035 1955 iu-

455 1991 677 2053 versio,
709 1992 780 2044 ita
815 2000 874 2043 ut
910 1992 1212 2060 ingenitum
1247 1991 1318 2045 sit
1354 1991 1710 2046 interminate
1756 1992 1872 2047 sive
1917 1993 2035 2048 sine

458 2083 563 2137 ﬁne
594 2082 931 2152 ingenitum,
985 2089 1039 2135 et
1084 2082 1496 2135 interminatum
1543 2084 1658 2138 sive
1682 2083 1787 2138 ﬁne
1836 2099 2035 2140 carens

457 2176 529 2230 sit
560 2174 797 2242 ingenite
829 2173 1244 2227 interminatum
1274 2173 1389 2228 sive
1418 2173 1527 2228 ﬁne
1560 2189 1779 2239 carens,
1809 2177 2036 2232 omnino

455 2280 681 2321 necesse
706 2271 790 2319 est
818 2279 979 2319 omne
1009 2264 1420 2319 interminatum
1449 2280 1558 2319 non
1590 2266 1748 2321 aliter
1774 2282 1898 2323 esse
1928 2268 2035 2324 nisi

454 2357 701 2424 ingenite
730 2355 914 2410 fuerit.
951 2354 1013 2409 Et
1040 2356 1119 2409 sic
1144 2356 1242 2409 tibi
1276 2356 1574 2421 invenitur,
1602 2373 1635 2412 o
1665 2358 1997 2415 amicissime
2017 2402 2032 2427 ,

454 2450 773 2520 pervulgata
823 2458 875 2503 et
926 2450 1159 2503 multum
1213 2449 1342 2502 trita
1389 2449 1719 2520 ἀγεννησὶα,
1762 2467 1884 2521 qua:
1919 2452 2036 2507 solo

453 2550 551 2597 tuo
596 2542 805 2611 judicio
851 2540 1033 2596 Patris
1078 2542 1375 2596 essentiam
1429 2550 1583 2596 notat
1630 2552 1683 2598 ct
1732 2545 2030 2614 exprimit,

455 2633 764 2687 communis
795 2631 939 2685 facta
968 2647 1092 2685 cum
1125 2633 1382 2686 omnibus
1409 2650 1530 2703 qua:
1557 2634 1778 2688 interitu
1807 2645 1997 2689 carent
2018 2676 2032 2699 ,

453 2731 508 2776 et
540 2723 722 2775 omnia
750 2720 961 2775 faciens
990 2719 1139 2774 Patri
1171 2722 1669 2775 consubstantialia
1695 2763 1709 2787 ,
1746 2734 2032 2793 propterea

453 2811 602 2882 quod
633 2810 890 2867 omnibus
931 2811 1192 2866 similiter
1221 2820 1521 2881 appareat,
1556 2814 1757 2881 quibus
1792 2830 1888 2885 par
1931 2816 2035 2869 im-

458 2903 842 2958 mortalitatem
891 2904 1003 2957 vita
1059 2903 1111 2956 in
1157 2903 1431 2956 inlinitum
1483 2904 1763 2972 procedit,
1800 2906 2034 2961 archan-

455 2998 629 3064 gelis,
683 2996 927 3065 angelis,
982 2996 1238 3050 humanis
1289 2998 1533 3052 animis:
1576 2997 1819 3053 fortasse
1867 3002 2028 3055 etiam

456 3091 560 3158 ipsi
596 3088 848 3160 potestati
881 3104 1000 3158 quae
1031 3087 1228 3143 defecit
1252 3129 1265 3153 ,
1301 3089 1523 3145 diabolo
1565 3097 1621 3146 et
1662 3090 2024 3147 daemonibus.

456 3183 513 3235 Si
542 3183 686 3236 enim
719 3180 1129 3235 interminatum
1172 3182 1287 3237 sive
1329 3181 1435 3237 ﬁne
1472 3197 1699 3246 carens,
1745 3192 1799 3237 et
1843 3183 2026 3237 incor-

2136 1832 2226 1868 ται
2271 1815 2359 1868 διὰ
2413 1815 2515 1883 τῆς
2556 1813 2753 1883 καινῆς
2797 1813 3002 1881 ταύτης
3049 1809 3248 1882 μίξεως
3291 1813 3324 1881 ἡ
3367 1812 3482 1863 τῶν
3526 1812 3740 1881 ὀνομά-

2133 1923 2242 1960 των
2308 1904 2659 1977 ἀναστροφὴ,
2724 1903 2799 1967 ὼς
2860 1899 2922 1953 τὸ
2977 1901 3273 1973 ἀγέννητον
3348 1902 3738 1973 άτελευτήτως

2136 1996 2273 2053 εἶναι
2342 1999 2663 2069 ἀγέννητον,
2721 1996 2814 2049 καὶ
2880 1994 2941 2047 τὸ
2998 1994 3353 2065 ἀτελεύτητον
3411 1996 3739 2064 ἀγεννήτως

2136 2087 2276 2146 εἶναι
2331 2091 2720 2160 ἀτελεύτητον,
2763 2087 2977 2157 ἀνάγκη
3024 2088 3173 2141 πᾶσα
3241 2087 3605 2156 ἀτελεύτητον
3661 2090 3739 2160 μὴ

2138 2183 2312 2246 ἄλλως
2363 2180 2502 2237 εἶναι
2529 2225 2543 2249 ,
2595 2185 2642 2235 εἰ
2693 2182 2765 2252 μὴ
2799 2181 3106 2251 ἀγεννήτως
3141 2179 3245 2248 εἴη.
3276 2179 3388 2231 Καὶ
3420 2179 3605 2242 οὕτως
3653 2181 3741 2231 εὐ-

2140 2272 2382 2345 ρίσκεταί
2428 2290 2541 2336 σοι,
2576 2266 2621 2325 ὧ
2670 2272 2888 2339 φίλτατε
2910 2272 2982 2339 ,ἡ
3023 2267 3460 2339 πολυθρύλλητος
3493 2271 3739 2339 ἀγεννη-

2138 2365 2263 2429 σία,
2298 2365 2332 2434 ἡ
2377 2363 2512 2433 μόνη
2552 2362 2693 2415 κατά
2725 2361 2781 2414 σὲ
2819 2361 2913 2414 τοῦ
2949 2358 3162 2430 Πατρὸς
3202 2361 3302 2429 τὴν
3335 2359 3527 2412 οὐσίαν
3559 2376 3741 2429 χαρα-

2135 2452 2974 2525 κτηρίςουσακκοινοποιουμένη
3015 2451 3151 2521 πρὸς
3184 2452 3293 2503 πᾶν
3332 2451 3392 2503 τὸ
3433 2450 3733 2514 ἀθάνατον,

2135 2548 2230 2600 καὶ
2256 2548 2432 2600 πάντα
2465 2545 2694 2599 ποιοῦσα
2720 2544 2794 2615 τῷ
2826 2544 3002 2615 Πατρὶ
3031 2543 3292 2613 ὀμοούσια
3319 2584 3331 2606 ,
3361 2543 3448 2596 διὰ
3475 2543 3535 2597 τὸ
3564 2547 3735 2596 πᾶσιν

2134 2637 2335 2709 ὁμοίως
2362 2636 2742 2706 ἐμφαίνεσθαι.
2774 2631 2855 2699 οἷς
2883 2635 2969 2688 διὰ
2999 2636 3096 2702 τῆς
3129 2634 3429 2698 ἀθανασίας
3478 2636 3737 2707 πρόεισιν

2133 2733 2165 2801 ἡ
2205 2728 2318 2798 ζωὴ
2355 2729 2488 2800 πρὸς
2527 2728 2586 2782 τὸ
2612 2729 2859 2799 ἄπειρον,
2908 2728 3289 2799 ἀρχαγγέλοις,
3324 2728 3605 2795 ἀγγέλοις,
3646 2730 3737 2781 ἀν-

2135 2822 2435 2893 θρωπίναις
2466 2821 2683 2892 ψυχαῖςο
2722 2823 2861 2892 τάχα
2897 2822 2952 2873 δὲ
2986 2821 3079 2875 καὶ
3112 2820 3247 2891 αὐτῇ
3286 2822 3352 2891 τῇ
3386 2822 3731 2893 ἀποστατικῇ

2133 2914 2382 2984 δυνάμει,
2416 2913 2493 2982 τῷ
2521 2912 2751 2983 διαϐόλῳ
2776 2929 2836 2965 τε
2866 2913 2958 2965 καὶ⁴
2986 2913 3096 2973 τοῖς
3130 2910 3403 2978 δαίμοσιν.
3434 2910 3500 2964 Εἰ
3531 2912 3645 2983 γάρ
3672 2912 3735 2965 τὸ

2136 3006 2493 3077 ἀτελεύτητόν
2528 3023 2587 3058 τε
2638 3011 2732 3058 καὶ
2774 3005 3047 3077 ἄφθαρτον
3087 3006 3399 3076 ἀγεννήτως
3446 3007 3597 3058 κατὰ
3643 3006 3734 3058 τὸν

2136 3099 2229 3152 σὺν
2276 3099 2432 3167 λόγον
2468 3099 2687 3161 πάντως
2738 3098 2854 3151 ἐστὶ
2878 3139 2892 3161 ,
2937 3099 3101 3151 παντὶ
3144 3098 3224 3168 τῷ
3272 3099 3621 3168 ἀτελευτήτῳ
3672 3114 3733 3149 τε

2134 3190 2227 3242 καὶ
2248 3189 2508 3261 ἀφθάρτῳ
2532 3190 2950 3263 συνθεωρεῖσθαι
2969 3192 3185 3253 πάντως
3203 3192 3308 3261 χρὴ
3329 3191 3391 3243 τὸ
3410 3192 3730 3260 ἀγέννητον.
3786 3248 3789 3249 ν

453 3274 743 3343 ruptibile,
790 3273 1059 3343 ingenite,
1102 3281 1159 3327 ut
1208 3282 1264 3329 tu
1313 3274 1591 3344 loqueris,
1641 3276 1804 3345 plane
1842 3283 1963 3340 est,
2001 3277 2058 3331 in
2110 3282 2259 3336 omni
2317 3283 2681 3339 interminato
2716 3295 2768 3339 et
2804 3284 3211 3354 incorruptibili
3248 3284 3477 3338 omnino
3509 3292 3727 3353 oportet

352 3422 365 3431 κ
451 3368 758 3438 ingenitum
801 3368 1174 3423 considerari.

520 3465 577 3519 lu
610 3467 723 3520 haec
750 3464 1063 3518 inciduntet
1086 3463 1438 3517 revolvuntur
1454 3462 1715 3527 absurda,
1744 3464 1833 3533 qui
1852 3465 2024 3532 prius‘

449 3574 613 3628 quam
655 3556 948 3611 didicerint
973 3569 1094 3623 qua:
1114 3555 1327 3608 discere
1349 3553 1526 3619 decet,
1554 3570 1652 3624 per
1684 3571 1807 3625 qua:
1834 3556 2030 3612 docere

451 3648 844 3719 aggrediuntur
870 3661 1024 3701 suam
1064 3646 1339 3699 inscitiam
1376 3646 1739 3717 publicantcs.
1775 3647 1830 3702 Si
1863 3650 2026 3703 etiam

450 3739 687 3807 aliquam
718 3734 1052 3805 dijudicandi
1078 3734 1361 3788 scientiam
1389 3734 1633 3799 haberet,
1669 3751 1779 3789 non
1810 3736 2030 3807 ignora—

448 3836 534 3885 ret
592 3844 813 3883 sensum
879 3826 1222 3897 peculiariter
1270 3827 1609 3880 reconditum
1663 3827 1717 3880 in
1762 3841 1827 3881 eo
1882 3828 2027 3897 quod

449 3922 703 3993 principii
754 3927 838 3975 est
899 3934 1094 3988 expers
1121 3917 1346 3987 etquod
1406 3916 1513 3972 ﬁne
1551 3926 1721 3973 caret.
1777 3917 1842 3971 Et
1881 3917 2028 3989 quod

450 4012 668 4084 quidem
732 4009 1141 4064 interminatum
1178 4010 1294 4063 sive
1346 4008 1453 4063 ﬁne
1504 4024 1699 4064 carens
1735 4026 2028 4066 commune

447 4115 531 4162 est
558 4104 798 4159 Omnium
829 4116 1168 4172 quaecunque
1190 4101 1395 4154 credita
1426 4108 1553 4153 sunt
1581 4114 1743 4170 posse
1772 4100 1936 4154 vitam
1970 4101 2024 4155 in

447 4199 720 4255 inﬁnitum
750 4195 1111 4266 protendere;
1147 4192 1400 4262 principii
1457 4207 1586 4246 vero
1619 4207 1816 4261 expers
1852 4193 2025 4249 solius

446 4300 527 4345 est
579 4289 672 4358 qui
710 4287 919 4356 absque
947 4299 1113 4339 causa
1162 4292 1265 4337 est.
1308 4282 1596 4348 Quomodo
1646 4283 1813 4352 igitur
1874 4284 2020 4353 quod

444 4382 684 4436 ouinium
715 4390 1005 4431 commune
1030 4381 1135 4436 est,
1186 4374 1513 4444 aaquivalere
1548 4374 1625 4426 illi
1684 4375 1807 4428 licet
1831 4376 2023 4429 existi-

444 4490 615 4537 mare,
653 4470 797 4543 quod
856 4468 1027 4525 solius
1063 4465 1179 4529 Dei,
1210 4463 1403 4534 ne'mpe
1455 4467 1728 4535 prmeipua
1786 4466 2022 4536 quadam

442 4564 656 4619 ratione
702 4576 823 4615 esse
856 4559 923 4613 ab
956 4557 1212 4612 omnibus
1258 4555 1528 4610 creditum
1578 4563 1684 4614 est.
1722 4556 1797 4609 ita
1830 4566 1887 4610 ut
1927 4572 2024 4626 per

443 4655 649 4710 hocch
690 4651 993 4722 ingenitum
1026 4664 1316 4703 commune
1334 4647 1497 4701 faciat
1523 4647 2021 4701 omnibusimmor-

445 4747 674 4802 talitatis
700 4743 1079 4816 participibus,
1105 4741 1188 4797 vel
1217 4740 1353 4794 nihil
1395 4739 1707 4793 immortale
1730 4752 1855 4793 esse
1889 4753 2023 4793 con-

442 4838 624 4901 cedat,
658 4836 927 4905 siquidem
991 4834 1161 4891 solius
1188 4838 1272 4888 est
1332 4830 1438 4886 ﬁne
1480 4829 1722 4886 carentis
1784 4829 2023 4900 ingenito

441 4946 585 4994 esse,
618 4936 672 4985 et
700 4937 915 4992 contra,
946 4929 993 4985 si
1040 4927 1215 4982 solius
1240 4934 1324 4981 est
1350 4925 1455 4980 ﬁne
1488 4923 1730 4979 carentis
1782 4922 2025 4994 ingenite

439 5039 565 5078 esse
598 5025 623 5078 ?
667 5021 749 5077 sic
775 5020 921 5075 enim
958 5020 1405 5074 existimarentur
1450 5017 1806 5071 interminata
1839 5016 2021 5070 omnia

439 5133 565 5174 esse
594 5116 859 5188 ingenita.
893 5112 999 5167 Sed
1033 5112 1147 5166 haec
1209 5112 1554 5173 omittantur,
1584 5116 1639 5166 et
1679 5109 1800 5179 ejus
1834 5110 2023 5163 convi-

439 5212 610 5266 tiandi
642 5206 980 5265 consuetudo
1010 5219 1172 5275 quam
1209 5205 1261 5257 in
1303 5218 1401 5258 sua
1442 5203 1587 5256 dicta
1642 5200 1862 5262 infudit,
1897 5216 2023 5254 cum

441 5304 528 5358 his
561 5303 781 5358 silentio
813 5300 1143 5355 involvatur.
1174 5296 1254 5350 Ad
1275 5295 1559 5350 lectionem
1590 5303 2018 5362 consequentem

439 5411 753 5466 pergamus.

512 5483 768 5540 Fortasse
806 5491 986 5538 autem
1042 5480 1174 5535 mihi
1225 5478 1440 5533 videtur
1490 5476 1751 5547 praeclare
1817 5475 2018 5532 habere

438 5576 604 5633 ctiam
658 5575 890 5644 plurima
938 5587 1059 5643 quae
1087 5572 1346 5641 deinceps
1378 5578 1686 5640 sequuntur
1722 5570 2016 5624 inexcussa

439 5675 878 5741 praetercurrere.
909 5665 967 5719 ln
990 5663 1245 5719 omnibus
1278 5665 1420 5718 enim
1452 5663 1592 5719 idem
1628 5669 1732 5732 est,
1761 5676 1869 5717 non
1891 5675 2015 5717 cum

2206 3465 2426 3529 Τούτοις
2464 3466 2881 3537 περιπίπτουσιν
2913 3466 2961 3517 οἱ
3002 3466 3130 3535 πρὶν
3168 3464 3359 3535 μαθεῖν
3388 3465 3423 3517 ἃ
3456 3469 3725 3537 προςήκει

2138 3558 2349 3631 μαθεῖν,
2380 3559 2448 3611 δι’
2474 3552 2549 3611 ὧν
2569 3558 2837 3611 διδάσκειν
2860 3557 3197 3628 ἐπιχειροῦσι
3222 3558 3319 3628 τὴν
3343 3558 3554 3610 ἑαυτῶν
3580 3560 3726 3628 ἅμα·

2135 3651 2256 3706 θίαν
2304 3648 2737 3720 δημοσιεύοντες.
2795 3648 2856 3700 Εἰ
2896 3648 3002 3718 γάρ
3050 3643 3163 3717 εἶχέ
3212 3664 3335 3699 τινα
3375 3648 3723 3719 διακριτικήν

2134 3744 2463 3814 ἐπιστήμην,
2500 3742 2600 3794 οὐκ
2628 3740 2694 3793 ἂν
2725 3740 2957 3810 ἠγνόησε
2987 3739 3085 3810 τὴν
3125 3738 3429 3803 ἰδιαζόντως
3462 3741 3722 3810 ἐγκειμέ-

2131 3852 2229 3907 νην
2255 3834 2332 3906 τῷ
2361 3850 2421 3887 τε
2467 3833 2688 3903 ἀνάρχῳ
2714 3832 2807 3884 καὶ
2838 3830 2917 3901 τῷ
2948 3830 3287 3901 ἀτελευτήτῳ
3315 3831 3577 3884 διάνοιαν.
3614 3832 3721 3884 Καὶ

2129 3928 2209 3979 ὅτι
2234 3926 2293 3979 τὸ
2322 3926 2418 3997 μὲν
2440 3923 2793 3992 ἀτελεύτητον
2816 3922 2991 3975 κοινὸν
3013 3923 3230 3975 πάντων
3250 3923 3419 3985 ἐστὶν,
3448 3924 3553 3977 ὅσα
3578 3923 3722 3994 διαρ-

2130 4018 2245 4069 κεῖν
2263 4015 2617 4067 πεπίστευται
2646 4014 2711 4081 τῇ
2752 4009 2863 4079 ζωῇ
2890 4009 3025 4081 πρὸς
3043 4009 3102 4061 τὸ
3123 4009 3368 4080 ἄπειρον·
3392 4010 3452 4063 τὸ
3474 4011 3535 4063 δὲ
3556 4012 3721 4081 ἄναρ-

2129 4125 2241 4177 χον,
2278 4108 2437 4178 μόνου
2461 4105 2576 4159 ὲστὶ
2607 4104 2701 4157 τοῦ
2747 4105 2872 4157 ἄνευ
2902 4103 3079 4167 αἰτίας
3112 4102 3281 4165 ὄντος.
3310 4103 3435 4166 Πῶς
3465 4098 3561 4156 οὖν
3608 4102 3715 4156 ἔστι

2128 4201 2189 4254 τὸ
2217 4202 2432 4253 πάντων
2462 4198 2658 4262 κοινὸν,
2697 4196 3245 4267 ίσοδύναμον⁶ὲκείνῳ
3274 4198 3497 4266 νομίσαι
3515 4239 3529 4261 ,
3556 4197 3583 4250 ὃ
3624 4197 3715 4266 μό-

2128 4311 2219 4347 νου
2252 4292 2344 4347 τοῦ
2377 4291 2509 4345 Θεοῦ
2550 4291 2669 4344 κατ’
2700 4290 2973 4361 ἐξαίρετον
3006 4285 3144 4342 εἶναι
3177 4288 3326 4359 παρά
3363 4290 3579 4342 πάντων
3621 4308 3713 4341 πε-

2128 4385 2430 4445 πίστευται,
2456 4383 2593 4434 ὥστε
2613 4381 2700 4433 διὰ
2715 4381 2900 4433 τούτου
2922 4380 2954 4449 ἦ
2980 4380 3351 4448 κοινοποιῆσαι
3378 4379 3517 4450 πρὸς
3540 4381 3711 4432 πάντα

2123 4478 2191 4531 τά
2224 4477 2328 4545 τῆς
2365 4474 2660 4537 ἀθανασίας
2698 4472 2991 4543 μετέχοντα
3031 4471 3092 4523 τὸ
3121 4471 3436 4541 ἀγέννητον,
3472 4472 3507 4542 ἦ
3550 4472 3709 4541 μηδὲν

2123 4570 2389 4625 ἀθάνατον
2457 4568 2759 4637 συγχωρεῖν
2808 4562 2967 4629 εἶναι,
3022 4564 3180 4635 εἴπερ
3233 4564 3392 4634 μόνον
3452 4565 3569 4616 ἐστὶ
3620 4562 3708 4616 τοῦ

2123 4662 2417 4732 ἀγεννήτου
2451 4646 2511 4713 to
2549 4658 2917 4727 ἀτελευτήτως
2956 4650 3126 4718 εἶναι,
3160 4657 3252 4708 καὶ
3282 4656 3344 4707 τὸ
3372 4654 3629 4725 ἔμπαλιν,
3666 4657 3713 4707 εί

2120 4750 2213 4805 τοῦ
2267 4750 2625 4819 ἀτελευτήτου
2691 4747 2852 4817 μόνου
2904 4747 3019 4798 ἐστὶ
3070 4746 3132 4797 τὸ
3185 4747 3499 4813 ἀγεννήτως
3554 4741 3710 4803 εἷναις

2125 4842 2279 4897 Οὕτω
2314 4841 2424 4912 γὰρ
2458 4839 2524 4893 ἂν
2556 4836 2693 4891 εἶναι
2749 4837 3027 4908 νομισθείη
3073 4836 3141 4889 τά
3174 4836 3507 4906 ἀτελεύτητα
3536 4836 3712 4889 πάντα

2121 4935 2408 5004 ἀγέννητα.
2473 4931 2611 4984 Ἀλλ’
2659 4929 2839 4983 ἐάσθω
2890 4928 3221 4992 καὶταῦτα,
3255 4928 3351 4981 καὶ
3392 4929 3425 4998 ἡ
3475 4925 3710 4999 συνήθης

2122 5026 2287 5080 αὐτοῦ
2325 5025 2560 5093 λοιδορία
2606 5024 2672 5095 ἣν
2704 5026 2815 5086 τοῖς
2854 5022 3159 5094 εἰρημένοις
3194 5022 3499 5092 ἐπήντλησε
3524 5062 3537 5083 ,
3574 5021 3711 5091 μετᾶ

2121 5121 2325 5173 τούτων
2357 5117 2615 5185 σιγάσθω.
2655 5116 2796 5188 Πρὸς
2830 5116 2887 5168 δὲ
2930 5117 2989 5168 τὸ
3019 5115 3308 5168 ἀκόλουθον
3334 5114 3577 5186 ἔλθωμεν
3610 5114 3707 5181 τῆς

2122 5210 2502 5281 ἀναγνώσεως.

2198 5472 2349 5540 Τάχα
2375 5469 2429 5522 δέ
2463 5485 2550 5539 μοι
2579 5468 2723 5519 δοκεῖ
2750 5462 2928 5528 καλῶς
2952 5462 3114 5534 ἔχειν,
3145 5463 3234 5515 καὶ
3255 5463 3323 5513 τὰ
3344 5461 3574 5515 πλεῖστα
3598 5460 3706 5514 τῶν

2125 5564 2321 5633 ἑφεξῆς
2372 5560 2746 5631 παραδραμεῖν
2791 5555 3139 5620 ἀνεξέταστα.
3208 5553 3295 5605 Ἐν
3342 5554 3475 5605 πᾶσι
3528 5553 3633 5622 γὰρ
3675 5553 3707 5604 ό

2126 5655 2286 5717 αὑτός
2320 5655 2467 5705 ἐστιν
2504 5652 2564 5705 οὐ
2599 5653 2713 5713 τοῖς
2742 5650 2870 5719 παρ’
2902 5646 3061 5719 ἡμῶν
3096 5644 3561 5718 συμπλεκόμενος,
3589 5643 3702 5699 ἀλλ’
