  <div class='ocr_page' id='page_1' title='image "/cluster/home/n/w/nwhite01/storage/ocr_20150623/45/mdp.39015011921478/562.png"; bbox 0 0 4056 6146; ppageno 0'>
   <div class='ocr_carea' id='block_1_1' title="bbox 248 264 392 321">
    <p class='ocr_par' dir='ltr' id='par_1_1' title="bbox 248 264 392 321">
     <span class='ocr_line' id='line_1_1' title="bbox 248 264 392 321; baseline 0.007 -2"><span class='ocrx_word' id='word_1_1' title='bbox 248 264 392 321; x_wconf 60' lang='grc'><strong>1033</strong></span> 
     </span>
    </p>
   </div>
   <div class='ocr_carea' id='block_1_2' title="bbox 1346 251 2387 321">
    <p class='ocr_par' dir='ltr' id='par_1_2' title="bbox 1346 251 2387 321">
     <span class='ocr_line' id='line_1_2' title="bbox 1346 251 2387 321; baseline 0.003 -12"><span class='ocrx_word' id='word_1_2' title='bbox 1346 251 1630 309; x_wconf 77' lang='lat' dir='ltr'><strong>CONTRA</strong></span> <span class='ocrx_word' id='word_1_3' title='bbox 1680 252 2071 321; x_wconf 77' lang='lat' dir='ltr'><strong>EUNOMIUM,</strong></span> <span class='ocrx_word' id='word_1_4' title='bbox 2104 254 2236 311; x_wconf 88' lang='lat' dir='ltr'><strong>LIB.</strong></span> <span class='ocrx_word' id='word_1_5' title='bbox 2270 255 2387 312; x_wconf 69' lang='lat' dir='ltr'><strong>XII.</strong></span> 
     </span>
    </p>
   </div>
   <div class='ocr_carea' id='block_1_3' title="bbox 3388 264 3525 321">
    <p class='ocr_par' dir='ltr' id='par_1_3' title="bbox 3388 264 3525 321">
     <span class='ocr_line' id='line_1_3' title="bbox 3388 264 3525 321; baseline 0.015 -2"><span class='ocrx_word' id='word_1_6' title='bbox 3388 264 3525 321; x_wconf 74' lang='grc' dir='ltr'>ιοοι</span> 
     </span>
    </p>
   </div>
   <div class='ocr_carea' id='block_1_4' title="bbox 245 373 1851 455">
    <p class='ocr_par' dir='ltr' id='par_1_4' title="bbox 245 373 1841 455">
     <span class='ocr_line' id='line_1_4' title="bbox 245 373 1841 455; baseline -0.009 -15"><span class='ocrx_word' id='word_1_7' title='bbox 245 383 425 455; x_wconf 81' lang='grc' dir='ltr'>ἐαυτῷ</span> <span class='ocrx_word' id='word_1_8' title='bbox 467 379 640 443; x_wconf 63' lang='grc' dir='ltr'>διδοὺς</span> <span class='ocrx_word' id='word_1_9' title='bbox 688 378 762 441; x_wconf 82' lang='grc' dir='ltr'>ὡς</span> <span class='ocrx_word' id='word_1_10' title='bbox 802 378 866 430; x_wconf 80' lang='grc' dir='ltr'><strong>ἐκ</strong></span> <span class='ocrx_word' id='word_1_11' title='bbox 900 374 992 429; x_wconf 77' lang='grc' dir='ltr'>τοῦ</span> <span class='ocrx_word' id='word_1_12' title='bbox 1029 373 1302 446; x_wconf 62' lang='grc' dir='ltr'>ἡμετέρου</span> <span class='ocrx_word' id='word_1_13' title='bbox 1334 374 1493 443; x_wconf 88' lang='grc' dir='ltr'>λόγου</span> <span class='ocrx_word' id='word_1_14' title='bbox 1542 374 1703 445; x_wconf 89' lang='grc' dir='ltr'>δῆθεν</span> <span class='ocrx_word' id='word_1_15' title='bbox 1742 374 1841 438; x_wconf 75' lang='grc' dir='ltr'><strong>τὰς</strong></span> 
     </span>
    </p>
   </div>
   <div class='ocr_carea' id='block_1_5' title="bbox 1956 373 3532 455">
    <p class='ocr_par' dir='ltr' id='par_1_5' title="bbox 1956 374 3532 445">
     <span class='ocr_line' id='line_1_5' title="bbox 1956 374 3532 445; baseline 0.008 -18"><span class='ocrx_word' id='word_1_16' title='bbox 1956 375 2148 445; x_wconf 72' lang='lat' dir='ltr'><strong>iisqnze</strong></span> <span class='ocrx_word' id='word_1_17' title='bbox 2168 390 2196 429; x_wconf 92' lang='lat' dir='ltr'><strong>a</strong></span> <span class='ocrx_word' id='word_1_18' title='bbox 2219 376 2374 431; x_wconf 89' lang='lat' dir='ltr'><strong>nobis</strong></span> <span class='ocrx_word' id='word_1_19' title='bbox 2397 374 2657 429; x_wconf 85' lang='lat' dir='ltr'><strong>dicuntur</strong></span> <span class='ocrx_word' id='word_1_20' title='bbox 2686 390 2905 430; x_wconf 87' lang='lat' dir='ltr'><strong>manum</strong></span> <span class='ocrx_word' id='word_1_21' title='bbox 2934 390 3253 443; x_wconf 89' lang='lat' dir='ltr'><strong>conserens,</strong></span> <span class='ocrx_word' id='word_1_22' title='bbox 3275 379 3372 435; x_wconf 80' lang='lat' dir='ltr'><strong>sed</strong></span> <span class='ocrx_word' id='word_1_23' title='bbox 3393 396 3532 440; x_wconf 85' lang='lat' dir='ltr'><strong>sane</strong></span> 
     </span>
    </p>
   </div>
   <div class='ocr_carea' id='block_1_6' title="bbox 246 461 1840 550">
    <p class='ocr_par' dir='ltr' id='par_1_6' title="bbox 246 461 1840 550">
     <span class='ocr_line' id='line_1_6' title="bbox 246 461 1840 550; baseline -0.008 -20"><span class='ocrx_word' id='word_1_24' title='bbox 246 475 385 550; x_wconf 77' lang='grc' dir='ltr'>πρὸς</span> <span class='ocrx_word' id='word_1_25' title='bbox 411 472 681 527; x_wconf 80' lang='grc' dir='ltr'><strong>ἀντίθεσιν</strong></span> <span class='ocrx_word' id='word_1_26' title='bbox 716 468 993 539; x_wconf 81' lang='grc' dir='ltr'>ἀφορμάς,</span> <span class='ocrx_word' id='word_1_27' title='bbox 1024 461 1104 531; x_wconf 73' lang='grc' dir='ltr'>οἷς</span> <span class='ocrx_word' id='word_1_28' title='bbox 1131 466 1192 519; x_wconf 72' lang='grc' dir='ltr'>τὸ</span> <span class='ocrx_word' id='word_1_29' title='bbox 1219 466 1285 519; x_wconf 76' lang='grc' dir='ltr'>δι’</span> <span class='ocrx_word' id='word_1_30' title='bbox 1311 466 1596 537; x_wconf 78' lang='grc' dir='ltr'>ἀκριϐείας</span> <span class='ocrx_word' id='word_1_31' title='bbox 1629 467 1840 534; x_wconf 80' lang='grc' dir='ltr'>ἐπεξιέ-</span> 
     </span>
    </p>
   </div>
   <div class='ocr_carea' id='block_1_7' title="bbox 245 557 1836 636">
    <p class='ocr_par' dir='ltr' id='par_1_7' title="bbox 245 557 1836 636">
     <span class='ocr_line' id='line_1_7' title="bbox 245 557 1836 636; baseline -0.005 -18"><span class='ocrx_word' id='word_1_32' title='bbox 245 585 356 627; x_wconf 87' lang='grc' dir='ltr'>ναι,</span> <span class='ocrx_word' id='word_1_33' title='bbox 388 564 614 636; x_wconf 81' lang='grc' dir='ltr'>μάταιον</span> <span class='ocrx_word' id='word_1_34' title='bbox 645 560 710 613; x_wconf 82' lang='grc' dir='ltr'><strong>ἀν</strong></span> <span class='ocrx_word' id='word_1_35' title='bbox 737 577 819 622; x_wconf 88' lang='grc' dir='ltr'><strong>τις</strong></span> <span class='ocrx_word' id='word_1_36' title='bbox 849 558 993 611; x_wconf 80' lang='grc' dir='ltr'>εἴποι</span> <span class='ocrx_word' id='word_1_37' title='bbox 1017 557 1126 635; x_wconf 86' lang='grc' dir='ltr'><strong>τῶν</strong></span> <span class='ocrx_word' id='word_1_38' title='bbox 1155 557 1361 628; x_wconf 86' lang='grc' dir='ltr'>κρίνειν</span> <span class='ocrx_word' id='word_1_39' title='bbox 1392 559 1836 629; x_wconf 84' lang='grc' dir='ltr'>ἐπεσκεμμένων,</span> 
     </span>
    </p>
   </div>
   <div class='ocr_carea' id='block_1_8' title="bbox 245 647 1839 723">
    <p class='ocr_par' dir='ltr' id='par_1_8' title="bbox 245 647 1839 723">
     <span class='ocr_line' id='line_1_8' title="bbox 245 647 1839 723; baseline -0.007 -11"><span class='ocrx_word' id='word_1_40' title='bbox 245 658 479 712; x_wconf 81' lang='grc' dir='ltr'>ἑκάστου</span> <span class='ocrx_word' id='word_1_41' title='bbox 514 654 621 706; x_wconf 91' lang='grc' dir='ltr'><strong>τῶν</strong></span> <span class='ocrx_word' id='word_1_42' title='bbox 654 652 793 723; x_wconf 85' lang='grc' dir='ltr'>μετὰ</span> <span class='ocrx_word' id='word_1_43' title='bbox 834 647 1072 711; x_wconf 79' lang='grc' dir='ltr'>διανοίας</span> <span class='ocrx_word' id='word_1_44' title='bbox 1111 649 1546 719; x_wconf 78' lang='grc' dir='ltr'>ἐντυγχανόντων</span> <span class='ocrx_word' id='word_1_45' title='bbox 1572 649 1736 704; x_wconf 76' lang='grc' dir='ltr'>αὐτοῦ</span> <span class='ocrx_word' id='word_1_46' title='bbox 1764 650 1839 721; x_wconf 77' lang='grc' dir='ltr'>τῷ</span> 
     </span>
    </p>
   </div>
   <div class='ocr_carea' id='block_1_9' title="bbox 246 739 1839 816">
    <p class='ocr_par' dir='ltr' id='par_1_9' title="bbox 246 739 1839 816">
     <span class='ocr_line' id='line_1_9' title="bbox 246 739 1839 816; baseline -0.004 -16"><span class='ocrx_word' id='word_1_47' title='bbox 246 747 662 816; x_wconf 82' lang='grc' dir='ltr'>συγγράμματι,</span> <span class='ocrx_word' id='word_1_48' title='bbox 694 743 750 808; x_wconf 77' lang='grc' dir='ltr'>ἐξ</span> <span class='ocrx_word' id='word_1_49' title='bbox 773 740 952 793; x_wconf 73' lang='grc' dir='ltr'>αὐτῶν</span> <span class='ocrx_word' id='word_1_50' title='bbox 980 740 1086 791; x_wconf 88' lang='grc' dir='ltr'><strong>τῶν</strong></span> <span class='ocrx_word' id='word_1_51' title='bbox 1114 739 1419 809; x_wconf 83' lang='grc' dir='ltr'>λεγομένων</span> <span class='ocrx_word' id='word_1_52' title='bbox 1442 742 1539 811; x_wconf 78' lang='grc' dir='ltr'>τὴν</span> <span class='ocrx_word' id='word_1_53' title='bbox 1569 758 1839 810; x_wconf 83' lang='grc' dir='ltr'>συκοφαν-</span> 
     </span>
    </p>
   </div>
   <div class='ocr_carea' id='block_1_10' title="bbox 246 831 1839 905">
    <p class='ocr_par' dir='ltr' id='par_1_10' title="bbox 246 831 1839 905">
     <span class='ocr_line' id='line_1_10' title="bbox 246 831 1839 905; baseline -0.003 -14"><span class='ocrx_word' id='word_1_54' title='bbox 246 840 367 892; x_wconf 88' lang='grc' dir='ltr'>τίαν</span> <span class='ocrx_word' id='word_1_55' title='bbox 401 835 929 905; x_wconf 72' lang='grc' dir='ltr'>καταλαμϐάνοντος.</span> <span class='ocrx_word' id='word_1_56' title='bbox 970 831 1351 902; x_wconf 75' lang='grc' dir='ltr'>Πρεσὸυτέραν</span> <span class='ocrx_word' id='word_1_57' title='bbox 1380 832 1528 900; x_wconf 83' lang='grc' dir='ltr'>λέγει</span> <span class='ocrx_word' id='word_1_58' title='bbox 1568 832 1661 885; x_wconf 78' lang='grc' dir='ltr'>τοῦ</span> <span class='ocrx_word' id='word_1_59' title='bbox 1705 833 1839 887; x_wconf 78' lang='grc' dir='ltr'>Θεοῦ</span> 
     </span>
    </p>
   </div>
   <div class='ocr_carea' id='block_1_11' title="bbox 249 921 1837 1001">
    <p class='ocr_par' dir='ltr' id='par_1_11' title="bbox 249 921 1837 1001">
     <span class='ocr_line' id='line_1_11' title="bbox 249 921 1837 1001; baseline -0.003 -19"><span class='ocrx_word' id='word_1_60' title='bbox 249 930 346 1001; x_wconf 80' lang='grc' dir='ltr'>τὴν</span> <span class='ocrx_word' id='word_1_61' title='bbox 392 929 547 994; x_wconf 79' lang='grc' dir='ltr'>ἀξίαν</span> <span class='ocrx_word' id='word_1_62' title='bbox 618 926 719 995; x_wconf 85' lang='grc' dir='ltr'><strong>τῆς</strong></span> <span class='ocrx_word' id='word_1_63' title='bbox 762 923 855 976; x_wconf 76' lang='grc' dir='ltr'>τοῦ</span> <span class='ocrx_word' id='word_1_64' title='bbox 899 922 1170 993; x_wconf 75' lang='grc' dir='ltr'><strong>ἡμετέρου</strong></span> <span class='ocrx_word' id='word_1_65' title='bbox 1218 921 1529 993; x_wconf 88' lang='grc' dir='ltr'>καθηγητοῦ</span> <span class='ocrx_word' id='word_1_66' title='bbox 1575 924 1837 988; x_wconf 81' lang='grc' dir='ltr'>ἐπινοίας.</span> 
     </span>
    </p>
   </div>
   <div class='ocr_carea' id='block_1_12' title="bbox 251 1012 1835 1090">
    <p class='ocr_par' dir='ltr' id='par_1_12' title="bbox 251 1012 1835 1090">
     <span class='ocr_line' id='line_1_12' title="bbox 251 1012 1835 1090; baseline -0.006 -16"><span class='ocrx_word' id='word_1_67' title='bbox 251 1021 385 1073; x_wconf 76' lang='grc' dir='ltr'>Οὐδὲ</span> <span class='ocrx_word' id='word_1_68' title='bbox 418 1022 575 1090; x_wconf 78' lang='grc' dir='ltr'>ἡμεῖς</span> <span class='ocrx_word' id='word_1_69' title='bbox 608 1016 959 1085; x_wconf 76' lang='grc' dir='ltr'>ἀντιλέγομεν</span> <span class='ocrx_word' id='word_1_70' title='bbox 980 1031 992 1043; x_wconf 87' lang='grc'><strong>·</strong></span> <span class='ocrx_word' id='word_1_71' title='bbox 1029 1015 1061 1084; x_wconf 86' lang='grc' dir='ltr'>ἡ</span> <span class='ocrx_word' id='word_1_72' title='bbox 1114 1013 1220 1084; x_wconf 80' lang='grc' dir='ltr'>γὰρ</span> <span class='ocrx_word' id='word_1_73' title='bbox 1254 1012 1346 1066; x_wconf 79' lang='grc' dir='ltr'>τοῦ</span> <span class='ocrx_word' id='word_1_74' title='bbox 1392 1012 1526 1066; x_wconf 76' lang='grc' dir='ltr'>Θεοῦ</span> <span class='ocrx_word' id='word_1_75' title='bbox 1560 1013 1705 1079; x_wconf 84' lang='grc' dir='ltr'>ἀξία,</span> <span class='ocrx_word' id='word_1_76' title='bbox 1747 1016 1835 1085; x_wconf 78' lang='grc' dir='ltr'><strong>ἦν·</strong></span> 
     </span>
    </p>
   </div>
   <div class='ocr_carea' id='block_1_13' title="bbox 248 1100 1840 1181">
    <p class='ocr_par' dir='ltr' id='par_1_13' title="bbox 248 1100 1840 1181">
     <span class='ocr_line' id='line_1_13' title="bbox 248 1100 1840 1181; baseline -0.003 -19"><span class='ocrx_word' id='word_1_77' title='bbox 248 1128 372 1164; x_wconf 89' lang='grc' dir='ltr'>τινα</span> <span class='ocrx_word' id='word_1_78' title='bbox 402 1111 507 1181; x_wconf 84' lang='grc' dir='ltr'><strong>χρὴ</strong></span> <span class='ocrx_word' id='word_1_79' title='bbox 539 1108 633 1160; x_wconf 71' lang='grc' dir='ltr'><strong>καὶ</strong></span> <span class='ocrx_word' id='word_1_80' title='bbox 655 1106 856 1175; x_wconf 78' lang='grc' dir='ltr'>ταύτην</span> <span class='ocrx_word' id='word_1_81' title='bbox 878 1103 1119 1175; x_wconf 84' lang='grc' dir='ltr'>νομίζειν</span> <span class='ocrx_word' id='word_1_82' title='bbox 1145 1100 1302 1164; x_wconf 75' lang='grc' dir='ltr'>εἶναι,</span> <span class='ocrx_word' id='word_1_83' title='bbox 1334 1105 1393 1156; x_wconf 82' lang='grc' dir='ltr'>οὺ</span> <span class='ocrx_word' id='word_1_84' title='bbox 1418 1104 1519 1171; x_wconf 83' lang='grc' dir='ltr'><strong>τῆς</strong></span> <span class='ocrx_word' id='word_1_85' title='bbox 1546 1105 1665 1157; x_wconf 78' lang='grc' dir='ltr'>καθ’</span> <span class='ocrx_word' id='word_1_86' title='bbox 1695 1106 1840 1174; x_wconf 81' lang='grc' dir='ltr'>ἡμᾶς</span> 
     </span>
    </p>
   </div>
   <div class='ocr_carea' id='block_1_14' title="bbox 256 1196 1841 1273">
    <p class='ocr_par' dir='ltr' id='par_1_14' title="bbox 256 1196 1841 1273">
     <span class='ocr_line' id='line_1_14' title="bbox 256 1196 1841 1273; baseline -0.004 -18"><span class='ocrx_word' id='word_1_87' title='bbox 256 1203 416 1273; x_wconf 82' lang='grc' dir='ltr'>μόνον</span> <span class='ocrx_word' id='word_1_88' title='bbox 445 1202 639 1270; x_wconf 78' lang='grc' dir='ltr'>γενεᾶς</span> <span class='ocrx_word' id='word_1_89' title='bbox 673 1197 993 1269; x_wconf 75' lang='grc' dir='ltr'>προτερεὺει</span> <span class='ocrx_word' id='word_1_90' title='bbox 1018 1236 1031 1259; x_wconf 89' lang='grc'><strong>,</strong></span> <span class='ocrx_word' id='word_1_91' title='bbox 1064 1196 1200 1249; x_wconf 89' lang='grc' dir='ltr'><strong>άλλά</strong></span> <span class='ocrx_word' id='word_1_92' title='bbox 1244 1197 1337 1249; x_wconf 69' lang='grc' dir='ltr'><strong>καὶ</strong></span> <span class='ocrx_word' id='word_1_93' title='bbox 1374 1196 1555 1266; x_wconf 81' lang='grc' dir='ltr'>πάσης</span> <span class='ocrx_word' id='word_1_94' title='bbox 1584 1196 1682 1266; x_wconf 86' lang='grc' dir='ltr'><strong>τῆς</strong></span> <span class='ocrx_word' id='word_1_95' title='bbox 1725 1198 1841 1250; x_wconf 85' lang='grc' dir='ltr'>κτί-</span> 
     </span>
    </p>
   </div>
   <div class='ocr_carea' id='block_1_15' title="bbox 256 1285 1841 1359">
    <p class='ocr_par' dir='ltr' id='par_1_15' title="bbox 256 1285 1841 1359">
     <span class='ocr_line' id='line_1_15' title="bbox 256 1285 1841 1359; baseline -0.003 -10"><span class='ocrx_word' id='word_1_96' title='bbox 256 1313 394 1359; x_wconf 87' lang='grc' dir='ltr'>σεως</span> <span class='ocrx_word' id='word_1_97' title='bbox 426 1294 519 1347; x_wconf 72' lang='grc' dir='ltr'><strong>καὶ</strong></span> <span class='ocrx_word' id='word_1_98' title='bbox 568 1291 742 1345; x_wconf 73' lang='grc' dir='ltr'>αὐτῶν</span> <span class='ocrx_word' id='word_1_99' title='bbox 791 1291 1105 1359; x_wconf 76' lang='grc' dir='ltr'>ὑπέρκειται</span> <span class='ocrx_word' id='word_1_100' title='bbox 1147 1288 1255 1342; x_wconf 89' lang='grc' dir='ltr'><strong>τῶν</strong></span> <span class='ocrx_word' id='word_1_101' title='bbox 1289 1291 1518 1343; x_wconf 81' lang='grc' dir='ltr'>αἰώνων.</span> <span class='ocrx_word' id='word_1_102' title='bbox 1550 1288 1615 1341; x_wconf 92' lang='grc' dir='ltr'>Τί</span> <span class='ocrx_word' id='word_1_103' title='bbox 1656 1285 1746 1343; x_wconf 73' lang='grc' dir='ltr'><strong>οὖν</strong></span> <span class='ocrx_word' id='word_1_104' title='bbox 1775 1290 1841 1344; x_wconf 88' lang='grc' dir='ltr'><strong>ἐκ</strong></span> 
     </span>
    </p>
   </div>
   <div class='ocr_carea' id='block_1_16' title="bbox 254 1381 1837 1456">
    <p class='ocr_par' dir='ltr' id='par_1_16' title="bbox 254 1381 1837 1456">
     <span class='ocr_line' id='line_1_16' title="bbox 254 1381 1837 1456; baseline -0.005 -15"><span class='ocrx_word' id='word_1_105' title='bbox 254 1388 463 1441; x_wconf 83' lang='grc' dir='ltr'>τούτων</span> <span class='ocrx_word' id='word_1_106' title='bbox 496 1385 573 1456; x_wconf 80' lang='grc' dir='ltr'>τῷ</span> <span class='ocrx_word' id='word_1_107' title='bbox 606 1386 745 1455; x_wconf 83' lang='grc' dir='ltr'>λόγῳ</span> <span class='ocrx_word' id='word_1_108' title='bbox 775 1385 1141 1453; x_wconf 82' lang='grc' dir='ltr'>προσγίνεται,</span> <span class='ocrx_word' id='word_1_109' title='bbox 1174 1383 1221 1434; x_wconf 89' lang='grc' dir='ltr'>εἰ</span> <span class='ocrx_word' id='word_1_110' title='bbox 1253 1381 1325 1453; x_wconf 80' lang='grc' dir='ltr'>μὴ</span> <span class='ocrx_word' id='word_1_111' title='bbox 1352 1381 1629 1435; x_wconf 87' lang='grc' dir='ltr'>Βασιλείου</span> <span class='ocrx_word' id='word_1_112' title='bbox 1659 1382 1837 1453; x_wconf 87' lang='grc' dir='ltr'>μόνον,</span> 
     </span>
    </p>
   </div>
   <div class='ocr_carea' id='block_1_17' title="bbox 254 1473 1839 1544">
    <p class='ocr_par' dir='ltr' id='par_1_17' title="bbox 254 1473 1839 1544">
     <span class='ocr_line' id='line_1_17' title="bbox 254 1473 1839 1544; baseline -0.005 -9"><span class='ocrx_word' id='word_1_113' title='bbox 254 1479 397 1535; x_wconf 80' lang='grc' dir='ltr'><strong>ἀλλά</strong></span> <span class='ocrx_word' id='word_1_114' title='bbox 440 1480 533 1532; x_wconf 70' lang='grc' dir='ltr'>καὶ</span> <span class='ocrx_word' id='word_1_115' title='bbox 576 1478 793 1530; x_wconf 89' lang='grc' dir='ltr'>πάντων</span> <span class='ocrx_word' id='word_1_116' title='bbox 824 1476 930 1528; x_wconf 90' lang='grc' dir='ltr'><strong>τῶν</strong></span> <span class='ocrx_word' id='word_1_117' title='bbox 984 1474 1152 1527; x_wconf 76' lang='grc' dir='ltr'>ὄντων</span> <span class='ocrx_word' id='word_1_118' title='bbox 1202 1473 1448 1543; x_wconf 85' lang='grc' dir='ltr'>ἀνωτέρα</span> <span class='ocrx_word' id='word_1_119' title='bbox 1497 1474 1839 1544; x_wconf 81' lang='grc' dir='ltr'>ὁμολογεῖται</span> 
     </span>
    </p>
   </div>
   <div class='ocr_carea' id='block_1_18' title="bbox 251 1563 1840 1639">
    <p class='ocr_par' dir='ltr' id='par_1_18' title="bbox 251 1563 1840 1639">
     <span class='ocr_line' id='line_1_18' title="bbox 251 1563 1840 1639; baseline -0.003 -16"><span class='ocrx_word' id='word_1_120' title='bbox 251 1571 349 1623; x_wconf 79' lang='grc' dir='ltr'>τοῦ</span> <span class='ocrx_word' id='word_1_121' title='bbox 385 1569 571 1639; x_wconf 79' lang='grc' dir='ltr'><strong>Θεοῦή</strong></span> <span class='ocrx_word' id='word_1_122' title='bbox 610 1568 771 1632; x_wconf 61' lang='lat' dir='ltr'><strong>diis;</strong></span> <span class='ocrx_word' id='word_1_123' title='bbox 809 1568 935 1630; x_wconf 72' lang='grc' dir='ltr'>Ναὶ,</span> <span class='ocrx_word' id='word_1_124' title='bbox 973 1565 1153 1635; x_wconf 63' lang='grc' dir='ltr'>φησιν,</span> <span class='ocrx_word' id='word_1_125' title='bbox 1185 1563 1320 1616; x_wconf 78' lang='grc' dir='ltr'>ἀλλὰ</span> <span class='ocrx_word' id='word_1_126' title='bbox 1360 1564 1422 1616; x_wconf 76' lang='grc' dir='ltr'>τὸ</span> <span class='ocrx_word' id='word_1_127' title='bbox 1451 1564 1620 1635; x_wconf 77' lang='grc' dir='ltr'>ὄνομα</span> <span class='ocrx_word' id='word_1_128' title='bbox 1650 1568 1682 1635; x_wconf 82' lang='grc' dir='ltr'>ἡ</span> <span class='ocrx_word' id='word_1_129' title='bbox 1716 1566 1840 1631; x_wconf 79' lang='grc' dir='ltr'>ἀξία</span> 
     </span>
    </p>
   </div>
   <div class='ocr_carea' id='block_1_19' title="bbox 255 1649 1840 1728">
    <p class='ocr_par' dir='ltr' id='par_1_19' title="bbox 255 1649 1840 1728">
     <span class='ocr_line' id='line_1_19' title="bbox 255 1649 1840 1728; baseline -0.003 -14"><span class='ocrx_word' id='word_1_130' title='bbox 255 1662 425 1714; x_wconf 84' lang='grc' dir='ltr'>ἐστίν.</span> <span class='ocrx_word' id='word_1_131' title='bbox 476 1660 586 1712; x_wconf 69' lang='grc' dir='ltr'><strong>Καὶ</strong></span> <span class='ocrx_word' id='word_1_132' title='bbox 636 1659 716 1721; x_wconf 85' lang='grc' dir='ltr'><strong>τίς</strong></span> <span class='ocrx_word' id='word_1_133' title='bbox 749 1656 1026 1721; x_wconf 80' lang='grc' dir='ltr'>ἀπέδειξε.</span> <span class='ocrx_word' id='word_1_134' title='bbox 1056 1654 1250 1707; x_wconf 74' lang='grc' dir='ltr'>ταύτὸν</span> <span class='ocrx_word' id='word_1_135' title='bbox 1298 1649 1433 1707; x_wconf 78' lang='grc' dir='ltr'>εἶναι</span> <span class='ocrx_word' id='word_1_136' title='bbox 1467 1658 1533 1726; x_wconf 82' lang='grc' dir='ltr'>τῇ</span> <span class='ocrx_word' id='word_1_137' title='bbox 1582 1656 1707 1725; x_wconf 74' lang='grc' dir='ltr'>ἀξία</span> <span class='ocrx_word' id='word_1_138' title='bbox 1743 1657 1840 1728; x_wconf 80' lang='grc' dir='ltr'>τὴν</span> 
     </span>
    </p>
   </div>
   <div class='ocr_carea' id='block_1_20' title="bbox 1949 467 3532 541">
    <p class='ocr_par' dir='ltr' id='par_1_20' title="bbox 1949 467 3532 541">
     <span class='ocr_line' id='line_1_20' title="bbox 1949 467 3532 541; baseline 0.006 -22"><span class='ocrx_word' id='word_1_139' title='bbox 1949 467 2054 521; x_wconf 90' lang='lat' dir='ltr'><strong>sibi</strong></span> <span class='ocrx_word' id='word_1_140' title='bbox 2089 467 2188 537; x_wconf 88' lang='lat' dir='ltr'><strong>ipsi</strong></span> <span class='ocrx_word' id='word_1_141' title='bbox 2225 467 2362 522; x_wconf 88' lang='lat' dir='ltr'><strong>dans</strong></span> <span class='ocrx_word' id='word_1_142' title='bbox 2388 469 2534 522; x_wconf 86' lang='lat' dir='ltr'><strong>velut</strong></span> <span class='ocrx_word' id='word_1_143' title='bbox 2556 483 2624 522; x_wconf 79' lang='lat' dir='ltr'><strong>ex</strong></span> <span class='ocrx_word' id='word_1_144' title='bbox 2658 476 2848 522; x_wconf 89' lang='lat' dir='ltr'><strong>nostro</strong></span> <span class='ocrx_word' id='word_1_145' title='bbox 2876 484 3131 524; x_wconf 89' lang='lat' dir='ltr'><strong>sermone</strong></span> <span class='ocrx_word' id='word_1_146' title='bbox 3158 469 3227 523; x_wconf 87' lang='lat' dir='ltr'><strong>ad</strong></span> <span class='ocrx_word' id='word_1_147' title='bbox 3250 486 3532 541; x_wconf 85' lang='lat' dir='ltr'><strong>opponen-</strong></span> 
     </span>
    </p>
   </div>
   <div class='ocr_carea' id='block_1_21' title="bbox 1949 560 3533 629">
    <p class='ocr_par' dir='ltr' id='par_1_21' title="bbox 1949 560 3533 629">
     <span class='ocr_line' id='line_1_21' title="bbox 1949 560 3533 629; baseline 0.004 -14"><span class='ocrx_word' id='word_1_148' title='bbox 1949 560 2078 615; x_wconf 90' lang='lat' dir='ltr'><strong>dum</strong></span> <span class='ocrx_word' id='word_1_149' title='bbox 2132 575 2191 615; x_wconf 90' lang='lat' dir='ltr'><strong>se</strong></span> <span class='ocrx_word' id='word_1_150' title='bbox 2252 560 2594 623; x_wconf 84' lang='lat' dir='ltr'><strong>occasiones,</strong></span> <span class='ocrx_word' id='word_1_151' title='bbox 2662 560 2862 629; x_wconf 87' lang='lat' dir='ltr'><strong>quibus</strong></span> <span class='ocrx_word' id='word_1_152' title='bbox 2910 562 3181 617; x_wconf 79' lang='lat' dir='ltr'><strong>subtiliter</strong></span> <span class='ocrx_word' id='word_1_153' title='bbox 3229 566 3533 623; x_wconf 89' lang='lat' dir='ltr'><strong>tractandis</strong></span> 
     </span>
    </p>
   </div>
   <div class='ocr_carea' id='block_1_22' title="bbox 1948 652 3535 725">
    <p class='ocr_par' dir='ltr' id='par_1_22' title="bbox 1948 652 3535 725">
     <span class='ocr_line' id='line_1_22' title="bbox 1948 652 3535 725; baseline 0.004 -19"><span class='ocrx_word' id='word_1_154' title='bbox 1948 666 2167 722; x_wconf 84' lang='lat' dir='ltr'><strong>operam</strong></span> <span class='ocrx_word' id='word_1_155' title='bbox 2221 668 2425 723; x_wconf 88' lang='lat' dir='ltr'><strong>ponere</strong></span> <span class='ocrx_word' id='word_1_156' title='bbox 2492 652 2760 723; x_wconf 88' lang='lat' dir='ltr'><strong>quispiam</strong></span> <span class='ocrx_word' id='word_1_157' title='bbox 2812 667 3001 706; x_wconf 89' lang='lat' dir='ltr'><strong>eorum</strong></span> <span class='ocrx_word' id='word_1_158' title='bbox 3040 655 3133 725; x_wconf 88' lang='lat' dir='ltr'><strong>qui</strong></span> <span class='ocrx_word' id='word_1_159' title='bbox 3187 657 3535 712; x_wconf 73' lang='lat' dir='ltr'><strong>considerate</strong></span> 
     </span>
    </p>
   </div>
   <div class='ocr_carea' id='block_1_23' title="bbox 1950 745 3535 817">
    <p class='ocr_par' dir='ltr' id='par_1_23' title="bbox 1950 745 3535 817">
     <span class='ocr_line' id='line_1_23' title="bbox 1950 745 3535 817; baseline 0.006 -20"><span class='ocrx_word' id='word_1_160' title='bbox 1950 745 2509 813; x_wconf 85' lang='lat' dir='ltr'><strong>noveruntjudicare,</strong></span> <span class='ocrx_word' id='word_1_161' title='bbox 2547 761 2745 799; x_wconf 88' lang='lat' dir='ltr'><strong>vanum</strong></span> <span class='ocrx_word' id='word_1_162' title='bbox 2780 754 2833 800; x_wconf 90' lang='lat' dir='ltr'><strong>et</strong></span> <span class='ocrx_word' id='word_1_163' title='bbox 2873 748 3207 817; x_wconf 84' lang='lat' dir='ltr'><strong>superﬂuum</strong></span> <span class='ocrx_word' id='word_1_164' title='bbox 3244 765 3367 805; x_wconf 88' lang='lat' dir='ltr'><strong>esse</strong></span> <span class='ocrx_word' id='word_1_165' title='bbox 3387 749 3535 807; x_wconf 72' lang='lat' dir='ltr'><strong>disc-</strong></span> 
     </span>
    </p>
   </div>
   <div class='ocr_carea' id='block_1_24' title="bbox 1950 837 3532 915">
    <p class='ocr_par' dir='ltr' id='par_1_24' title="bbox 1950 837 3532 915">
     <span class='ocr_line' id='line_1_24' title="bbox 1950 837 3532 915; baseline 0.006 -25"><span class='ocrx_word' id='word_1_166' title='bbox 1950 837 2041 903; x_wconf 89' lang='lat' dir='ltr'><strong>rit,</strong></span> <span class='ocrx_word' id='word_1_167' title='bbox 2082 854 2206 892; x_wconf 93' lang='lat' dir='ltr'><strong>cum</strong></span> <span class='ocrx_word' id='word_1_168' title='bbox 2245 839 2627 908; x_wconf 88' lang='lat' dir='ltr'><strong>unusquisque</strong></span> <span class='ocrx_word' id='word_1_169' title='bbox 2682 854 2873 893; x_wconf 91' lang='lat' dir='ltr'><strong>eorum</strong></span> <span class='ocrx_word' id='word_1_170' title='bbox 2930 840 3023 909; x_wconf 91' lang='lat' dir='ltr'><strong>qui</strong></span> <span class='ocrx_word' id='word_1_171' title='bbox 3073 840 3127 894; x_wconf 92' lang='lat' dir='ltr'><strong>in</strong></span> <span class='ocrx_word' id='word_1_172' title='bbox 3176 842 3299 911; x_wconf 91' lang='lat' dir='ltr'><strong>ejus</strong></span> <span class='ocrx_word' id='word_1_173' title='bbox 3329 846 3532 915; x_wconf 88' lang='lat' dir='ltr'><strong>scripta</strong></span> 
     </span>
    </p>
   </div>
   <div class='ocr_carea' id='block_1_25' title="bbox 1951 930 3530 1005">
    <p class='ocr_par' dir='ltr' id='par_1_25' title="bbox 1951 930 3530 1005">
     <span class='ocr_line' id='line_1_25' title="bbox 1951 930 3530 1005; baseline 0.004 -22"><span class='ocrx_word' id='word_1_174' title='bbox 1951 930 2267 995; x_wconf 91' lang='lat' dir='ltr'><strong>inciderint,</strong></span> <span class='ocrx_word' id='word_1_175' title='bbox 2307 946 2370 986; x_wconf 85' lang='lat' dir='ltr'><strong>ex</strong></span> <span class='ocrx_word' id='word_1_176' title='bbox 2401 931 2535 999; x_wconf 88' lang='lat' dir='ltr'><strong>ipsis</strong></span> <span class='ocrx_word' id='word_1_177' title='bbox 2563 931 2727 985; x_wconf 85' lang='lat' dir='ltr'><strong>dictis</strong></span> <span class='ocrx_word' id='word_1_178' title='bbox 2744 932 3072 986; x_wconf 86' lang='lat' dir='ltr'><strong>calumniam</strong></span> <span class='ocrx_word' id='word_1_179' title='bbox 3094 934 3530 1005; x_wconf 82' lang='lat' dir='ltr'><strong>possitarguere.</strong></span> 
     </span>
    </p>
   </div>
   <div class='ocr_carea' id='block_1_26' title="bbox 1951 1021 3535 1091">
    <p class='ocr_par' dir='ltr' id='par_1_26' title="bbox 1951 1021 3535 1091">
     <span class='ocr_line' id='line_1_26' title="bbox 1951 1021 3535 1091; baseline 0.005 -16"><span class='ocrx_word' id='word_1_180' title='bbox 1951 1021 2050 1075; x_wconf 91' lang='lat' dir='ltr'><strong>llic</strong></span> <span class='ocrx_word' id='word_1_181' title='bbox 2084 1021 2176 1076; x_wconf 87' lang='lat' dir='ltr'><strong>Dei</strong></span> <span class='ocrx_word' id='word_1_182' title='bbox 2211 1023 2526 1091; x_wconf 81' lang='lat' dir='ltr'><strong>dignitatem</strong></span> <span class='ocrx_word' id='word_1_183' title='bbox 2557 1021 2799 1077; x_wconf 88' lang='lat' dir='ltr'><strong>doctoris</strong></span> <span class='ocrx_word' id='word_1_184' title='bbox 2840 1024 3015 1078; x_wconf 86' lang='lat' dir='ltr'><strong>nostri</strong></span> <span class='ocrx_word' id='word_1_185' title='bbox 3073 1029 3535 1084; x_wconf 88' lang='lat' dir='ltr'><strong>commentatione</strong></span> 
     </span>
    </p>
   </div>
   <div class='ocr_carea' id='block_1_27' title="bbox 1950 1110 3531 1183">
    <p class='ocr_par' dir='ltr' id='par_1_27' title="bbox 1950 1110 3531 1183">
     <span class='ocr_line' id='line_1_27' title="bbox 1950 1110 3531 1183; baseline 0.008 -20"><span class='ocrx_word' id='word_1_186' title='bbox 1950 1110 2315 1181; x_wconf 81' lang='lat' dir='ltr'><strong>antiquiorem</strong></span> <span class='ocrx_word' id='word_1_187' title='bbox 2376 1119 2645 1166; x_wconf 85' lang='lat' dir='ltr'><strong>autumat.</strong></span> <span class='ocrx_word' id='word_1_188' title='bbox 2678 1112 2865 1183; x_wconf 77' lang='lat' dir='ltr'><strong>Neque</strong></span> <span class='ocrx_word' id='word_1_189' title='bbox 2919 1130 3021 1170; x_wconf 93' lang='lat' dir='ltr'><strong>nos</strong></span> <span class='ocrx_word' id='word_1_190' title='bbox 3057 1119 3531 1175; x_wconf 88' lang='lat' dir='ltr'><strong>contradicimus:</strong></span> 
     </span>
    </p>
   </div>
   <div class='ocr_carea' id='block_1_28' title="bbox 1949 1201 3534 1275">
    <p class='ocr_par' dir='ltr' id='par_1_28' title="bbox 1949 1201 3534 1275">
     <span class='ocr_line' id='line_1_28' title="bbox 1949 1201 3534 1275; baseline 0.003 -16"><span class='ocrx_word' id='word_1_191' title='bbox 1949 1202 2221 1273; x_wconf 88' lang='lat' dir='ltr'><strong>siquidem</strong></span> <span class='ocrx_word' id='word_1_192' title='bbox 2261 1201 2352 1256; x_wconf 88' lang='lat' dir='ltr'><strong>Dei</strong></span> <span class='ocrx_word' id='word_1_193' title='bbox 2386 1202 2640 1272; x_wconf 75' lang='lat' dir='ltr'><strong>dignitas,</strong></span> <span class='ocrx_word' id='word_1_194' title='bbox 2696 1220 2861 1272; x_wconf 88' lang='lat' dir='ltr'><strong>quam</strong></span> <span class='ocrx_word' id='word_1_195' title='bbox 2897 1205 3116 1275; x_wconf 87' lang='lat' dir='ltr'><strong>quidem</strong></span> <span class='ocrx_word' id='word_1_196' title='bbox 3172 1208 3336 1262; x_wconf 90' lang='lat' dir='ltr'><strong>etiam</strong></span> <span class='ocrx_word' id='word_1_197' title='bbox 3394 1208 3534 1264; x_wconf 87' lang='lat' dir='ltr'><strong>hanc</strong></span> 
     </span>
    </p>
   </div>
   <div class='ocr_carea' id='block_1_29' title="bbox 1949 1286 3536 1371">
    <p class='ocr_par' dir='ltr' id='par_1_29' title="bbox 1949 1286 3536 1371">
     <span class='ocr_line' id='line_1_29' title="bbox 1949 1286 3536 1371; baseline 0.004 -20"><span class='ocrx_word' id='word_1_198' title='bbox 1949 1286 2271 1351; x_wconf 73' lang='lat' dir='ltr'><strong>existimare</strong></span> <span class='ocrx_word' id='word_1_199' title='bbox 2301 1304 2537 1366; x_wconf 87' lang='lat' dir='ltr'><strong>oportet,</strong></span> <span class='ocrx_word' id='word_1_200' title='bbox 2574 1311 2681 1352; x_wconf 93' lang='lat' dir='ltr'><strong>non</strong></span> <span class='ocrx_word' id='word_1_201' title='bbox 2714 1297 2890 1351; x_wconf 92' lang='lat' dir='ltr'><strong>solum</strong></span> <span class='ocrx_word' id='word_1_202' title='bbox 2927 1306 3087 1353; x_wconf 66' lang='lat' dir='ltr'><strong>aetate</strong></span> <span class='ocrx_word' id='word_1_203' title='bbox 3148 1310 3337 1355; x_wconf 86' lang='lat' dir='ltr'><strong>nostra</strong></span> <span class='ocrx_word' id='word_1_204' title='bbox 3386 1302 3536 1371; x_wconf 88' lang='lat' dir='ltr'><strong>prior</strong></span> 
     </span>
    </p>
   </div>
   <div class='ocr_carea' id='block_1_30' title="bbox 1948 1388 3531 1459">
    <p class='ocr_par' dir='ltr' id='par_1_30' title="bbox 1948 1388 3531 1459">
     <span class='ocr_line' id='line_1_30' title="bbox 1948 1388 3531 1459; baseline 0.001 -13"><span class='ocrx_word' id='word_1_205' title='bbox 1948 1398 2055 1456; x_wconf 89' lang='lat' dir='ltr'><strong>est,</strong></span> <span class='ocrx_word' id='word_1_206' title='bbox 2083 1389 2178 1445; x_wconf 89' lang='lat' dir='ltr'><strong>sed</strong></span> <span class='ocrx_word' id='word_1_207' title='bbox 2206 1391 2367 1445; x_wconf 90' lang='lat' dir='ltr'><strong>etiam</strong></span> <span class='ocrx_word' id='word_1_208' title='bbox 2416 1388 2563 1443; x_wconf 91' lang='lat' dir='ltr'><strong>omni</strong></span> <span class='ocrx_word' id='word_1_209' title='bbox 2628 1397 2901 1455; x_wconf 81' lang='lat' dir='ltr'><strong>creatura,</strong></span> <span class='ocrx_word' id='word_1_210' title='bbox 2930 1397 2983 1443; x_wconf 91' lang='lat' dir='ltr'><strong>et</strong></span> <span class='ocrx_word' id='word_1_211' title='bbox 3016 1391 3149 1459; x_wconf 81' lang='lat' dir='ltr'><strong>ipsis</strong></span> <span class='ocrx_word' id='word_1_212' title='bbox 3178 1394 3396 1447; x_wconf 66' lang='lat' dir='ltr'><strong>saeculis</strong></span> <span class='ocrx_word' id='word_1_213' title='bbox 3431 1410 3531 1449; x_wconf 83' lang='lat' dir='ltr'><strong>sn-</strong></span> 
     </span>
    </p>
   </div>
   <div class='ocr_carea' id='block_1_31' title="bbox 1950 1480 3534 1553">
    <p class='ocr_par' dir='ltr' id='par_1_31' title="bbox 1950 1480 3534 1553">
     <span class='ocr_line' id='line_1_31' title="bbox 1950 1480 3534 1553; baseline 0 -16"><span class='ocrx_word' id='word_1_214' title='bbox 1950 1483 2133 1553; x_wconf 88' lang='lat' dir='ltr'><strong>pcrior</strong></span> <span class='ocrx_word' id='word_1_215' title='bbox 2170 1482 2395 1537; x_wconf 89' lang='lat' dir='ltr'><strong>eminet.</strong></span> <span class='ocrx_word' id='word_1_216' title='bbox 2422 1480 2563 1547; x_wconf 83' lang='lat' dir='ltr'><strong>Quid</strong></span> <span class='ocrx_word' id='word_1_217' title='bbox 2598 1482 2762 1552; x_wconf 82' lang='lat' dir='ltr'><strong>igitur</strong></span> <span class='ocrx_word' id='word_1_218' title='bbox 2787 1498 2851 1537; x_wconf 77' lang='lat' dir='ltr'><strong>ex</strong></span> <span class='ocrx_word' id='word_1_219' title='bbox 2902 1482 2988 1538; x_wconf 87' lang='lat' dir='ltr'><strong>his</strong></span> <span class='ocrx_word' id='word_1_220' title='bbox 3037 1484 3277 1537; x_wconf 88' lang='lat' dir='ltr'><strong>sermoni</strong></span> <span class='ocrx_word' id='word_1_221' title='bbox 3311 1486 3534 1551; x_wconf 84' lang='lat' dir='ltr'><strong>accidit,</strong></span> 
     </span>
    </p>
   </div>
   <div class='ocr_carea' id='block_1_32' title="bbox 1951 1575 3538 1633">
    <p class='ocr_par' dir='ltr' id='par_1_32' title="bbox 1951 1575 3538 1633">
     <span class='ocr_line' id='line_1_32' title="bbox 1951 1575 3538 1633; baseline 0.001 -2"><span class='ocrx_word' id='word_1_222' title='bbox 1951 1576 1995 1631; x_wconf 90' lang='lat' dir='ltr'><strong>si</strong></span> <span class='ocrx_word' id='word_1_223' title='bbox 2022 1592 2132 1630; x_wconf 91' lang='lat' dir='ltr'><strong>non</strong></span> <span class='ocrx_word' id='word_1_224' title='bbox 2157 1575 2357 1630; x_wconf 89' lang='lat' dir='ltr'><strong>Basilio</strong></span> <span class='ocrx_word' id='word_1_225' title='bbox 2387 1576 2565 1630; x_wconf 89' lang='lat' dir='ltr'><strong>solum</strong></span> <span class='ocrx_word' id='word_1_226' title='bbox 2619 1575 2711 1629; x_wconf 90' lang='lat' dir='ltr'><strong>scd</strong></span> <span class='ocrx_word' id='word_1_227' title='bbox 2770 1575 2931 1630; x_wconf 88' lang='lat' dir='ltr'><strong>etiam</strong></span> <span class='ocrx_word' id='word_1_228' title='bbox 2966 1576 3220 1631; x_wconf 90' lang='lat' dir='ltr'><strong>omnibus</strong></span> <span class='ocrx_word' id='word_1_229' title='bbox 3247 1577 3411 1633; x_wconf 86' lang='lat' dir='ltr'><strong>rebus</strong></span> <span class='ocrx_word' id='word_1_230' title='bbox 3439 1594 3538 1633; x_wconf 85' lang='lat' dir='ltr'><strong>sn-</strong></span> 
     </span>
    </p>
   </div>
   <div class='ocr_carea' id='block_1_33' title="bbox 1950 1666 3533 1740">
    <p class='ocr_par' dir='ltr' id='par_1_33' title="bbox 1950 1666 3533 1740">
     <span class='ocr_line' id='line_1_33' title="bbox 1950 1666 3533 1740; baseline 0.001 -17"><span class='ocrx_word' id='word_1_231' title='bbox 1950 1669 2202 1739; x_wconf 84' lang='lat' dir='ltr'><strong>perioret</strong></span> <span class='ocrx_word' id='word_1_232' title='bbox 2223 1668 2501 1739; x_wconf 86' lang='lat' dir='ltr'><strong>antiquior</strong></span> <span class='ocrx_word' id='word_1_233' title='bbox 2521 1666 2611 1722; x_wconf 89' lang='lat' dir='ltr'><strong>Dei</strong></span> <span class='ocrx_word' id='word_1_234' title='bbox 2631 1675 2887 1721; x_wconf 84' lang='lat' dir='ltr'><strong>censetur</strong></span> <span class='ocrx_word' id='word_1_235' title='bbox 2900 1667 3138 1736; x_wconf 75' lang='lat' dir='ltr'><strong>dignitas</strong></span> <span class='ocrx_word' id='word_1_236' title='bbox 3152 1669 3174 1700; x_wconf 76' lang='grc'>⁹</span> <span class='ocrx_word' id='word_1_237' title='bbox 3197 1668 3310 1733; x_wconf 76' lang='lat' dir='ltr'><strong>Nae,</strong></span> <span class='ocrx_word' id='word_1_238' title='bbox 3329 1671 3533 1740; x_wconf 86' lang='lat' dir='ltr'><strong>inquit,</strong></span> 
     </span>
    </p>
   </div>
   <div class='ocr_carea' id='block_1_34' title="bbox 258 1746 1851 1829">
    <p class='ocr_par' dir='ltr' id='par_1_34' title="bbox 258 1747 1844 1823">
     <span class='ocr_line' id='line_1_34' title="bbox 258 1747 1844 1823; baseline 0.005 -26"><span class='ocrx_word' id='word_1_239' title='bbox 258 1751 649 1823; x_wconf 79' lang='grc' dir='ltr'>προσηγορίαν,</span> <span class='ocrx_word' id='word_1_240' title='bbox 674 1750 762 1801; x_wconf 80' lang='grc' dir='ltr'><strong>ἵνα</strong></span> <span class='ocrx_word' id='word_1_241' title='bbox 786 1747 880 1801; x_wconf 67' lang='grc' dir='ltr'>καὶ</span> <span class='ocrx_word' id='word_1_242' title='bbox 910 1749 1071 1818; x_wconf 69' lang='grc' dir='ltr'>ἡμεῖς</span> <span class='ocrx_word' id='word_1_243' title='bbox 1093 1747 1169 1818; x_wconf 80' lang='grc' dir='ltr'>τῷ</span> <span class='ocrx_word' id='word_1_244' title='bbox 1194 1747 1470 1818; x_wconf 77' lang='grc' dir='ltr'>λεγομένῳ</span> <span class='ocrx_word' id='word_1_245' title='bbox 1494 1748 1844 1820; x_wconf 82' lang='grc' dir='ltr'>συνθώμεθα;</span> 
     </span>
    </p>
   </div>
   <div class='ocr_carea' id='block_1_35' title="bbox 1956 1746 3536 1829">
    <p class='ocr_par' dir='ltr' id='par_1_35' title="bbox 1956 1758 3536 1829">
     <span class='ocr_line' id='line_1_35' title="bbox 1956 1758 3536 1829; baseline 0.001 -13"><span class='ocrx_word' id='word_1_246' title='bbox 1956 1762 2047 1816; x_wconf 79' lang='lat' dir='ltr'><strong>sed</strong></span> <span class='ocrx_word' id='word_1_247' title='bbox 2078 1762 2179 1815; x_wconf 83' lang='lat' dir='ltr'><strong>hoc</strong></span> <span class='ocrx_word' id='word_1_248' title='bbox 2204 1776 2400 1815; x_wconf 87' lang='lat' dir='ltr'><strong>nomen</strong></span> <span class='ocrx_word' id='word_1_249' title='bbox 2426 1760 2662 1829; x_wconf 82' lang='lat' dir='ltr'><strong>dignitas</strong></span> <span class='ocrx_word' id='word_1_250' title='bbox 2707 1767 2813 1813; x_wconf 91' lang='lat' dir='ltr'><strong>est.</strong></span> <span class='ocrx_word' id='word_1_251' title='bbox 2865 1758 2932 1812; x_wconf 89' lang='lat' dir='ltr'><strong>Et</strong></span> <span class='ocrx_word' id='word_1_252' title='bbox 2959 1760 3083 1829; x_wconf 87' lang='lat' dir='ltr'><strong>quis</strong></span> <span class='ocrx_word' id='word_1_253' title='bbox 3136 1760 3536 1817; x_wconf 79' lang='lat' dir='ltr'><strong>demonstravit</strong></span> 
     </span>
    </p>
   </div>
   <div class='ocr_carea' id='block_1_36' title="bbox 255 1840 1849 1915">
    <p class='ocr_par' dir='ltr' id='par_1_36' title="bbox 255 1840 1849 1915">
     <span class='ocr_line' id='line_1_36' title="bbox 255 1840 1849 1915; baseline 0.001 -19"><span class='ocrx_word' id='word_1_254' title='bbox 255 1846 473 1907; x_wconf 75' lang='grc' dir='ltr'>Φύσεως</span> <span class='ocrx_word' id='word_1_255' title='bbox 497 1842 673 1915; x_wconf 78' lang='grc' dir='ltr'>ἡμῶν,</span> <span class='ocrx_word' id='word_1_256' title='bbox 710 1842 860 1913; x_wconf 63' lang='grc' dir='ltr'>φησι,</span> <span class='ocrx_word' id='word_1_257' title='bbox 895 1840 1135 1895; x_wconf 75' lang='grc' dir='ltr'>διδάσκει</span> <span class='ocrx_word' id='word_1_258' title='bbox 1166 1840 1385 1910; x_wconf 82' lang='grc' dir='ltr'>θεσμὸς.</span> <span class='ocrx_word' id='word_1_259' title='bbox 1419 1844 1475 1893; x_wconf 87' lang='grc' dir='ltr'><strong>ἐν</strong></span> <span class='ocrx_word' id='word_1_260' title='bbox 1509 1845 1619 1905; x_wconf 88' lang='grc' dir='ltr'>τοῖς</span> <span class='ocrx_word' id='word_1_261' title='bbox 1649 1843 1849 1914; x_wconf 88' lang='grc' dir='ltr'>ὀνομα-</span> 
     </span>
    </p>
   </div>
   <div class='ocr_carea' id='block_1_37' title="bbox 258 1930 1852 2007">
    <p class='ocr_par' dir='ltr' id='par_1_37' title="bbox 258 1930 1852 2007">
     <span class='ocr_line' id='line_1_37' title="bbox 258 1930 1852 2007; baseline -0.001 -20"><span class='ocrx_word' id='word_1_262' title='bbox 258 1937 507 2007; x_wconf 81' lang='grc' dir='ltr'>ζομένοις</span> <span class='ocrx_word' id='word_1_263' title='bbox 563 1933 903 2003; x_wconf 79' lang='grc' dir='ltr'>πράγμασιν,</span> <span class='ocrx_word' id='word_1_264' title='bbox 952 1932 1051 1983; x_wconf 76' lang='grc' dir='ltr'><strong>οὐκ</strong></span> <span class='ocrx_word' id='word_1_265' title='bbox 1102 1933 1158 1984; x_wconf 89' lang='grc' dir='ltr'><strong>ἐν</strong></span> <span class='ocrx_word' id='word_1_266' title='bbox 1208 1932 1272 2001; x_wconf 77' lang='grc' dir='ltr'>τῇ</span> <span class='ocrx_word' id='word_1_267' title='bbox 1322 1930 1430 1983; x_wconf 89' lang='grc' dir='ltr'><strong>τῶν</strong></span> <span class='ocrx_word' id='word_1_268' title='bbox 1477 1931 1852 2002; x_wconf 79' lang='grc' dir='ltr'>ὀνομαζόντων</span> 
     </span>
    </p>
   </div>
   <div class='ocr_carea' id='block_1_38' title="bbox 256 2017 1851 2097">
    <p class='ocr_par' dir='ltr' id='par_1_38' title="bbox 256 2017 1851 2097">
     <span class='ocr_line' id='line_1_38' title="bbox 256 2017 1851 2097; baseline -0.002 -15"><span class='ocrx_word' id='word_1_269' title='bbox 256 2027 473 2097; x_wconf 75' lang='grc' dir='ltr'>ἐξουσίᾳ</span> <span class='ocrx_word' id='word_1_270' title='bbox 505 2024 717 2078; x_wconf 85' lang='grc' dir='ltr'>κεῖσθαι</span> <span class='ocrx_word' id='word_1_271' title='bbox 749 2024 847 2095; x_wconf 76' lang='grc' dir='ltr'>τὴν</span> <span class='ocrx_word' id='word_1_272' title='bbox 872 2024 978 2076; x_wconf 88' lang='grc' dir='ltr'><strong>τῶν</strong></span> <span class='ocrx_word' id='word_1_273' title='bbox 1006 2024 1283 2093; x_wconf 87' lang='grc' dir='ltr'>ὀνομάτων</span> <span class='ocrx_word' id='word_1_274' title='bbox 1312 2023 1489 2087; x_wconf 79' lang='grc' dir='ltr'>ἀξίαν.</span> <span class='ocrx_word' id='word_1_275' title='bbox 1517 2023 1611 2088; x_wconf 85' lang='grc' dir='ltr'>Τίς</span> <span class='ocrx_word' id='word_1_276' title='bbox 1638 2017 1792 2089; x_wconf 73' lang='grc' dir='ltr'>οὗτος</span> <span class='ocrx_word' id='word_1_277' title='bbox 1823 2027 1851 2079; x_wconf 91' lang='grc' dir='ltr'><strong>ὀ</strong></span> 
     </span>
    </p>
   </div>
   <div class='ocr_carea' id='block_1_39' title="bbox 254 2117 1849 2193">
    <p class='ocr_par' dir='ltr' id='par_1_39' title="bbox 254 2117 1849 2193">
     <span class='ocr_line' id='line_1_39' title="bbox 254 2117 1849 2193; baseline -0.003 -18"><span class='ocrx_word' id='word_1_278' title='bbox 254 2124 354 2193; x_wconf 81' lang='grc' dir='ltr'><strong>τῆς</strong></span> <span class='ocrx_word' id='word_1_279' title='bbox 399 2122 611 2189; x_wconf 75' lang='grc' dir='ltr'>φύσεως</span> <span class='ocrx_word' id='word_1_280' title='bbox 641 2120 839 2189; x_wconf 86' lang='grc' dir='ltr'>νόμος;</span> <span class='ocrx_word' id='word_1_281' title='bbox 877 2119 985 2170; x_wconf 77' lang='grc' dir='ltr'>Καὶ</span> <span class='ocrx_word' id='word_1_282' title='bbox 1028 2117 1143 2181; x_wconf 88' lang='grc' dir='ltr'><strong>πῶς</strong></span> <span class='ocrx_word' id='word_1_283' title='bbox 1174 2118 1232 2169; x_wconf 80' lang='grc' dir='ltr'><strong>οὐ</strong></span> <span class='ocrx_word' id='word_1_284' title='bbox 1260 2117 1399 2170; x_wconf 84' lang='grc' dir='ltr'><strong>κατά</strong></span> <span class='ocrx_word' id='word_1_285' title='bbox 1438 2118 1655 2171; x_wconf 85' lang='grc' dir='ltr'>πάντων</span> <span class='ocrx_word' id='word_1_286' title='bbox 1685 2136 1849 2173; x_wconf 84' lang='grc' dir='ltr'>κεκυ-</span> 
     </span>
    </p>
   </div>
   <div class='ocr_carea' id='block_1_40' title="bbox 265 2209 1849 2284">
    <p class='ocr_par' dir='ltr' id='par_1_40' title="bbox 265 2209 1849 2284">
     <span class='ocr_line' id='line_1_40' title="bbox 265 2209 1849 2284; baseline -0.001 -19"><span class='ocrx_word' id='word_1_287' title='bbox 265 2213 543 2284; x_wconf 85' lang='grc' dir='ltr'>ρωμένος;</span> <span class='ocrx_word' id='word_1_288' title='bbox 603 2212 665 2263; x_wconf 84' lang='grc' dir='ltr'><strong>Εἰ</strong></span> <span class='ocrx_word' id='word_1_289' title='bbox 705 2211 811 2281; x_wconf 83' lang='grc' dir='ltr'><strong>γάρ</strong></span> <span class='ocrx_word' id='word_1_290' title='bbox 868 2210 1026 2279; x_wconf 69' lang='grc' dir='ltr'>φύσις</span> <span class='ocrx_word' id='word_1_291' title='bbox 1076 2210 1135 2263; x_wconf 81' lang='grc' dir='ltr'><strong>τὸ</strong></span> <span class='ocrx_word' id='word_1_292' title='bbox 1170 2209 1407 2264; x_wconf 76' lang='grc' dir='ltr'>τοιοῦτον</span> <span class='ocrx_word' id='word_1_293' title='bbox 1454 2211 1849 2282; x_wconf 78' lang='grc' dir='ltr'>ἐνομοθέτησε,</span> 
     </span>
    </p>
   </div>
   <div class='ocr_carea' id='block_1_41' title="bbox 256 2299 1852 2371">
    <p class='ocr_par' dir='ltr' id='par_1_41' title="bbox 256 2299 1852 2371">
     <span class='ocr_line' id='line_1_41' title="bbox 256 2299 1852 2371; baseline 0 -16"><span class='ocrx_word' id='word_1_294' title='bbox 256 2302 401 2355; x_wconf 82' lang='grc' dir='ltr'>κατὰ</span> <span class='ocrx_word' id='word_1_295' title='bbox 427 2302 641 2355; x_wconf 82' lang='grc' dir='ltr'>πάντων</span> <span class='ocrx_word' id='word_1_296' title='bbox 670 2299 1079 2371; x_wconf 78' lang='grc' dir='ltr'>κεκυρωμένος.</span> <span class='ocrx_word' id='word_1_297' title='bbox 1114 2301 1174 2352; x_wconf 78' lang='grc' dir='ltr'><strong>Εἰ</strong></span> <span class='ocrx_word' id='word_1_298' title='bbox 1206 2300 1315 2371; x_wconf 82' lang='grc' dir='ltr'><strong>γὰρ</strong></span> <span class='ocrx_word' id='word_1_299' title='bbox 1342 2301 1501 2369; x_wconf 79' lang='grc' dir='ltr'>φύσις</span> <span class='ocrx_word' id='word_1_300' title='bbox 1530 2302 1589 2354; x_wconf 87' lang='grc' dir='ltr'><strong>τὸ</strong></span> <span class='ocrx_word' id='word_1_301' title='bbox 1614 2302 1852 2355; x_wconf 84' lang='grc' dir='ltr'>τοιοῦτον</span> 
     </span>
    </p>
   </div>
   <div class='ocr_carea' id='block_1_42' title="bbox 258 2392 1848 2466">
    <p class='ocr_par' dir='ltr' id='par_1_42' title="bbox 258 2392 1848 2466">
     <span class='ocr_line' id='line_1_42' title="bbox 258 2392 1848 2466; baseline 0.001 -20"><span class='ocrx_word' id='word_1_302' title='bbox 258 2394 636 2465; x_wconf 74' lang='grc' dir='ltr'>ἐνομοθέτησε,</span> <span class='ocrx_word' id='word_1_303' title='bbox 661 2392 800 2445; x_wconf 79' lang='grc' dir='ltr'>κατὰ</span> <span class='ocrx_word' id='word_1_304' title='bbox 824 2393 1040 2445; x_wconf 88' lang='grc' dir='ltr'>πάντων</span> <span class='ocrx_word' id='word_1_305' title='bbox 1068 2392 1236 2463; x_wconf 78' lang='grc' dir='ltr'>αὐτὴν</span> <span class='ocrx_word' id='word_1_306' title='bbox 1261 2392 1365 2445; x_wconf 76' lang='grc' dir='ltr'>ἔδει</span> <span class='ocrx_word' id='word_1_307' title='bbox 1395 2394 1455 2446; x_wconf 84' lang='grc' dir='ltr'><strong>τὸ</strong></span> <span class='ocrx_word' id='word_1_308' title='bbox 1483 2394 1682 2466; x_wconf 84' lang='grc' dir='ltr'>κράτος</span> <span class='ocrx_word' id='word_1_309' title='bbox 1706 2393 1848 2464; x_wconf 77' lang='grc' dir='ltr'>ἔχειν</span> 
     </span>
    </p>
   </div>
   <div class='ocr_carea' id='block_1_43' title="bbox 256 2480 1852 2557">
    <p class='ocr_par' dir='ltr' id='par_1_43' title="bbox 256 2480 1852 2557">
     <span class='ocr_line' id='line_1_43' title="bbox 256 2480 1852 2557; baseline 0 -18"><span class='ocrx_word' id='word_1_310' title='bbox 256 2480 366 2540; x_wconf 81' lang='grc' dir='ltr'><strong>τῶν</strong></span> <span class='ocrx_word' id='word_1_311' title='bbox 398 2484 793 2539; x_wconf 81' lang='grc' dir='ltr'>κοινωνούντων</span> <span class='ocrx_word' id='word_1_312' title='bbox 838 2483 937 2553; x_wconf 88' lang='grc' dir='ltr'><strong>τῆς</strong></span> <span class='ocrx_word' id='word_1_313' title='bbox 980 2482 1192 2551; x_wconf 82' lang='grc' dir='ltr'>φύσεως</span> <span class='ocrx_word' id='word_1_314' title='bbox 1215 2524 1228 2547; x_wconf 95' lang='grc'><strong>,</strong></span> <span class='ocrx_word' id='word_1_315' title='bbox 1259 2483 1448 2557; x_wconf 86' lang='grc' dir='ltr'>ῶσπερ</span> <span class='ocrx_word' id='word_1_316' title='bbox 1486 2486 1579 2538; x_wconf 68' lang='grc' dir='ltr'><strong>καὶ</strong></span> <span class='ocrx_word' id='word_1_317' title='bbox 1618 2485 1687 2538; x_wconf 87' lang='grc' dir='ltr'><strong>τά</strong></span> <span class='ocrx_word' id='word_1_318' title='bbox 1717 2486 1852 2540; x_wconf 82' lang='grc' dir='ltr'>ἄλλα</span> 
     </span>
    </p>
   </div>
   <div class='ocr_carea' id='block_1_44' title="bbox 256 2575 1852 2650">
    <p class='ocr_par' dir='ltr' id='par_1_44' title="bbox 256 2575 1852 2650">
     <span class='ocr_line' id='line_1_44' title="bbox 256 2575 1852 2650; baseline 0 -17"><span class='ocrx_word' id='word_1_319' title='bbox 256 2580 442 2633; x_wconf 82' lang='grc' dir='ltr'>πάντα</span> <span class='ocrx_word' id='word_1_320' title='bbox 468 2580 565 2632; x_wconf 82' lang='grc' dir='ltr'><strong>ὅσα</strong></span> <span class='ocrx_word' id='word_1_321' title='bbox 591 2579 690 2648; x_wconf 85' lang='grc' dir='ltr'><strong>τῆς</strong></span> <span class='ocrx_word' id='word_1_322' title='bbox 719 2577 931 2646; x_wconf 76' lang='grc' dir='ltr'>φύσεως</span> <span class='ocrx_word' id='word_1_323' title='bbox 953 2577 1079 2631; x_wconf 80' lang='grc' dir='ltr'>ἴδια.</span> <span class='ocrx_word' id='word_1_324' title='bbox 1108 2579 1168 2630; x_wconf 81' lang='grc' dir='ltr'><strong>ΕΞ</strong></span> <span class='ocrx_word' id='word_1_325' title='bbox 1194 2575 1286 2630; x_wconf 72' lang='grc' dir='ltr'><strong>οὖν</strong></span> <span class='ocrx_word' id='word_1_326' title='bbox 1312 2579 1473 2650; x_wconf 90' lang='grc' dir='ltr'>νόμος</span> <span class='ocrx_word' id='word_1_327' title='bbox 1504 2580 1602 2650; x_wconf 83' lang='grc' dir='ltr'><strong>τῆς</strong></span> <span class='ocrx_word' id='word_1_328' title='bbox 1638 2580 1852 2649; x_wconf 81' lang='grc' dir='ltr'>φύσεως</span> 
     </span>
    </p>
   </div>
   <div class='ocr_carea' id='block_1_45' title="bbox 256 2670 1849 2745">
    <p class='ocr_par' dir='ltr' id='par_1_45' title="bbox 256 2670 1849 2745">
     <span class='ocr_line' id='line_1_45' title="bbox 256 2670 1849 2745; baseline -0.001 -17"><span class='ocrx_word' id='word_1_329' title='bbox 256 2675 323 2728; x_wconf 74' lang='grc' dir='ltr'><strong>ἐκ</strong></span> <span class='ocrx_word' id='word_1_330' title='bbox 361 2675 468 2725; x_wconf 67' lang='grc' dir='ltr'><strong>τῶν</strong></span> <span class='ocrx_word' id='word_1_331' title='bbox 505 2672 842 2744; x_wconf 82' lang='grc' dir='ltr'>πραγμάτων</span> <span class='ocrx_word' id='word_1_332' title='bbox 878 2672 1009 2741; x_wconf 78' lang='grc' dir='ltr'>ἡμῖν</span> <span class='ocrx_word' id='word_1_333' title='bbox 1048 2670 1386 2739; x_wconf 69' lang='grc' dir='ltr'>ἀναφύεσθαι</span> <span class='ocrx_word' id='word_1_334' title='bbox 1434 2672 1533 2736; x_wconf 78' lang='grc' dir='ltr'><strong>τὰς</strong></span> <span class='ocrx_word' id='word_1_335' title='bbox 1572 2690 1849 2745; x_wconf 84' lang='grc' dir='ltr'>προσηγο-</span> 
     </span>
    </p>
   </div>
   <div class='ocr_carea' id='block_1_46' title="bbox 255 2762 1849 2837">
    <p class='ocr_par' dir='ltr' id='par_1_46' title="bbox 255 2762 1849 2837">
     <span class='ocr_line' id='line_1_46' title="bbox 255 2762 1849 2837; baseline 0.001 -21"><span class='ocrx_word' id='word_1_336' title='bbox 255 2766 383 2837; x_wconf 72' lang='lat' dir='ltr'><strong>pia;</strong></span> <span class='ocrx_word' id='word_1_337' title='bbox 419 2762 610 2819; x_wconf 82' lang='grc' dir='ltr'>ἐποίει.</span> <span class='ocrx_word' id='word_1_338' title='bbox 645 2762 831 2832; x_wconf 82' lang='grc' dir='ltr'>ὥσπερ</span> <span class='ocrx_word' id='word_1_339' title='bbox 859 2764 923 2815; x_wconf 81' lang='grc' dir='ltr'><strong>ἐκ</strong></span> <span class='ocrx_word' id='word_1_340' title='bbox 966 2762 1073 2814; x_wconf 85' lang='grc' dir='ltr'><strong>τῶν</strong></span> <span class='ocrx_word' id='word_1_341' title='bbox 1113 2764 1441 2833; x_wconf 79' lang='grc' dir='ltr'>σπερμάτων</span> <span class='ocrx_word' id='word_1_342' title='bbox 1475 2764 1507 2834; x_wconf 85' lang='grc' dir='ltr'>ἢ</span> <span class='ocrx_word' id='word_1_343' title='bbox 1542 2764 1649 2817; x_wconf 84' lang='grc' dir='ltr'><strong>τῶν</strong></span> <span class='ocrx_word' id='word_1_344' title='bbox 1682 2764 1849 2835; x_wconf 80' lang='grc' dir='ltr'>ριζῶν</span> 
     </span>
    </p>
   </div>
   <div class='ocr_carea' id='block_1_47' title="bbox 255 2855 1848 2928">
    <p class='ocr_par' dir='ltr' id='par_1_47' title="bbox 255 2855 1848 2928">
     <span class='ocr_line' id='line_1_47' title="bbox 255 2855 1848 2928; baseline -0.001 -19"><span class='ocrx_word' id='word_1_345' title='bbox 255 2856 327 2909; x_wconf 80' lang='grc' dir='ltr'>τὰ</span> <span class='ocrx_word' id='word_1_346' title='bbox 355 2855 736 2925; x_wconf 83' lang='grc' dir='ltr'>βλαστήματα,</span> <span class='ocrx_word' id='word_1_347' title='bbox 762 2857 850 2908; x_wconf 75' lang='grc' dir='ltr'><strong>καὶ</strong></span> <span class='ocrx_word' id='word_1_348' title='bbox 882 2857 955 2926; x_wconf 78' lang='grc' dir='ltr'>μὴ</span> <span class='ocrx_word' id='word_1_349' title='bbox 977 2860 1041 2928; x_wconf 81' lang='grc' dir='ltr'>τῇ</span> <span class='ocrx_word' id='word_1_350' title='bbox 1070 2857 1388 2928; x_wconf 84' lang='grc' dir='ltr'>προαιρέσει</span> <span class='ocrx_word' id='word_1_351' title='bbox 1415 2856 1536 2910; x_wconf 79' lang='grc' dir='ltr'>τῶν.</span> <span class='ocrx_word' id='word_1_352' title='bbox 1548 2856 1848 2924; x_wconf 78' lang='grc' dir='ltr'>δηλούντων</span> 
     </span>
    </p>
   </div>
   <div class='ocr_carea' id='block_1_48' title="bbox 254 2929 1849 3020">
    <p class='ocr_par' dir='ltr' id='par_1_48' title="bbox 254 2929 1849 3020">
     <span class='ocr_line' id='line_1_48' title="bbox 254 2929 1849 3020; baseline -0.003 -18"><span class='ocrx_word' id='word_1_353' title='bbox 254 2951 325 3004; x_wconf 80' lang='grc' dir='ltr'><strong>τά</strong></span> <span class='ocrx_word' id='word_1_354' title='bbox 342 2929 652 3020; x_wconf 52' lang='grc' dir='ltr'>’πράγματα</span> <span class='ocrx_word' id='word_1_355' title='bbox 674 2951 770 3013; x_wconf 76' lang='grc' dir='ltr'>τὰς</span> <span class='ocrx_word' id='word_1_356' title='bbox 800 2948 1140 3018; x_wconf 78' lang='grc' dir='ltr'>σημαντικάς</span> <span class='ocrx_word' id='word_1_357' title='bbox 1166 2947 1274 3000; x_wconf 89' lang='grc' dir='ltr'><strong>τῶν</strong></span> <span class='ocrx_word' id='word_1_358' title='bbox 1308 2948 1679 3017; x_wconf 77' lang='grc' dir='ltr'>ὑποκειμένων</span> <span class='ocrx_word' id='word_1_359' title='bbox 1705 2949 1849 2999; x_wconf 82' lang='grc' dir='ltr'>ἐπω-</span> 
     </span>
    </p>
   </div>
   <div class='ocr_carea' id='block_1_49' title="bbox 254 3030 1849 3113">
    <p class='ocr_par' dir='ltr' id='par_1_49' title="bbox 254 3030 1849 3113">
     <span class='ocr_line' id='line_1_49' title="bbox 254 3030 1849 3113; baseline -0.002 -20"><span class='ocrx_word' id='word_1_360' title='bbox 254 3030 456 3113; x_wconf 82' lang='grc' dir='ltr'>νυμίας</span> <span class='ocrx_word' id='word_1_361' title='bbox 490 3039 781 3110; x_wconf 78' lang='grc' dir='ltr'>ἐπέτρεπε,</span> <span class='ocrx_word' id='word_1_362' title='bbox 816 3040 1017 3103; x_wconf 86' lang='grc' dir='ltr'>πάντες</span> <span class='ocrx_word' id='word_1_363' title='bbox 1040 3039 1105 3093; x_wconf 83' lang='grc' dir='ltr'><strong>ἂν</strong></span> <span class='ocrx_word' id='word_1_364' title='bbox 1134 3034 1275 3110; x_wconf 85' lang='grc' dir='ltr'>ῆμεν</span> <span class='ocrx_word' id='word_1_365' title='bbox 1302 3040 1350 3091; x_wconf 84' lang='grc' dir='ltr'><strong>οἱ</strong></span> <span class='ocrx_word' id='word_1_366' title='bbox 1376 3038 1668 3109; x_wconf 84' lang='grc' dir='ltr'>ἄνθρωποι,</span> <span class='ocrx_word' id='word_1_367' title='bbox 1712 3038 1849 3108; x_wconf 70' lang='grc' dir='ltr'>πρὸς</span> 
     </span>
    </p>
   </div>
   <div class='ocr_carea' id='block_1_50' title="bbox 256 3128 1845 3205">
    <p class='ocr_par' dir='ltr' id='par_1_50' title="bbox 256 3128 1845 3205">
     <span class='ocr_line' id='line_1_50' title="bbox 256 3128 1845 3205; baseline -0.003 -19"><span class='ocrx_word' id='word_1_368' title='bbox 256 3132 523 3205; x_wconf 80' lang='grc' dir='ltr'>ἀλλήλους</span> <span class='ocrx_word' id='word_1_369' title='bbox 551 3130 907 3201; x_wconf 86' lang='grc' dir='ltr'>ὁμόγλωσσοι.</span> <span class='ocrx_word' id='word_1_370' title='bbox 947 3131 1037 3201; x_wconf 81' lang='grc' dir='ltr'><strong>Μὴ</strong></span> <span class='ocrx_word' id='word_1_371' title='bbox 1080 3129 1188 3201; x_wconf 83' lang='grc' dir='ltr'><strong>γάρ</strong></span> <span class='ocrx_word' id='word_1_372' title='bbox 1239 3128 1710 3200; x_wconf 84' lang='grc' dir='ltr'>παρηλλαγμένων</span> <span class='ocrx_word' id='word_1_373' title='bbox 1738 3128 1845 3181; x_wconf 86' lang='grc' dir='ltr'><strong>τῶν</strong></span> 
     </span>
    </p>
   </div>
   <div class='ocr_carea' id='block_1_51' title="bbox 258 3220 1848 3295">
    <p class='ocr_par' dir='ltr' id='par_1_51' title="bbox 258 3220 1848 3295">
     <span class='ocr_line' id='line_1_51' title="bbox 258 3220 1848 3295; baseline -0.003 -17"><span class='ocrx_word' id='word_1_374' title='bbox 258 3223 624 3295; x_wconf 76' lang='grc' dir='ltr'>ἐπικειμένων</span> <span class='ocrx_word' id='word_1_375' title='bbox 661 3227 771 3286; x_wconf 85' lang='grc' dir='ltr'>τοῖς</span> <span class='ocrx_word' id='word_1_376' title='bbox 804 3223 1123 3294; x_wconf 85' lang='grc' dir='ltr'>πράγμασιν</span> <span class='ocrx_word' id='word_1_377' title='bbox 1152 3222 1451 3292; x_wconf 85' lang='grc' dir='ltr'>ὀνομάτων,</span> <span class='ocrx_word' id='word_1_378' title='bbox 1488 3222 1587 3273; x_wconf 74' lang='grc' dir='ltr'><strong>οὐκ</strong></span> <span class='ocrx_word' id='word_1_379' title='bbox 1619 3220 1683 3274; x_wconf 85' lang='grc' dir='ltr'>ἂν</span> <span class='ocrx_word' id='word_1_380' title='bbox 1716 3220 1848 3291; x_wconf 78' lang='grc' dir='ltr'>πρὸς</span> 
     </span>
    </p>
   </div>
   <div class='ocr_carea' id='block_1_52' title="bbox 257 3311 1845 3386">
    <p class='ocr_par' dir='ltr' id='par_1_52' title="bbox 257 3311 1845 3386">
     <span class='ocr_line' id='line_1_52' title="bbox 257 3311 1845 3386; baseline -0.001 -15"><span class='ocrx_word' id='word_1_381' title='bbox 257 3316 526 3386; x_wconf 79' lang='grc' dir='ltr'>ἀλλήλους</span> <span class='ocrx_word' id='word_1_382' title='bbox 586 3315 724 3368; x_wconf 74' lang='grc' dir='ltr'>κατὰ</span> <span class='ocrx_word' id='word_1_383' title='bbox 788 3315 853 3367; x_wconf 83' lang='grc' dir='ltr'><strong>τὸ</strong></span> <span class='ocrx_word' id='word_1_384' title='bbox 899 3311 1037 3377; x_wconf 83' lang='grc' dir='ltr'>εἶδος</span> <span class='ocrx_word' id='word_1_385' title='bbox 1089 3313 1462 3383; x_wconf 83' lang='grc' dir='ltr'>διεφωνοῦμέν</span> <span class='ocrx_word' id='word_1_386' title='bbox 1512 3312 1605 3365; x_wconf 75' lang='grc' dir='ltr'>τοῦ</span> <span class='ocrx_word' id='word_1_387' title='bbox 1665 3313 1845 3381; x_wconf 88' lang='grc' dir='ltr'>λόγου.</span> 
     </span>
    </p>
   </div>
   <div class='ocr_carea' id='block_1_53' title="bbox 261 3401 1850 3476">
    <p class='ocr_par' dir='ltr' id='par_1_53' title="bbox 261 3401 1850 3476">
     <span class='ocr_line' id='line_1_53' title="bbox 261 3401 1850 3476; baseline -0.002 -16"><span class='ocrx_word' id='word_1_388' title='bbox 261 3407 453 3460; x_wconf 83' lang='grc' dir='ltr'>Ὅσιόν</span> <span class='ocrx_word' id='word_1_389' title='bbox 492 3422 653 3475; x_wconf 81' lang='grc' dir='ltr'>φησιν</span> <span class='ocrx_word' id='word_1_390' title='bbox 702 3401 863 3468; x_wconf 81' lang='grc' dir='ltr'>εἶναι,</span> <span class='ocrx_word' id='word_1_391' title='bbox 886 3406 978 3457; x_wconf 71' lang='grc' dir='ltr'>καὶ</span> <span class='ocrx_word' id='word_1_392' title='bbox 1003 3404 1079 3474; x_wconf 82' lang='grc' dir='ltr'><strong>τῷ</strong></span> <span class='ocrx_word' id='word_1_393' title='bbox 1099 3406 1193 3475; x_wconf 83' lang='grc' dir='ltr'><strong>τῆς</strong></span> <span class='ocrx_word' id='word_1_394' title='bbox 1226 3405 1480 3476; x_wconf 81' lang='grc' dir='ltr'>προνοίας</span> <span class='ocrx_word' id='word_1_395' title='bbox 1511 3403 1659 3473; x_wconf 84' lang='grc' dir='ltr'>νόμῳ</span> <span class='ocrx_word' id='word_1_396' title='bbox 1683 3420 1850 3472; x_wconf 81' lang='grc' dir='ltr'>προσ-</span> 
     </span>
    </p>
   </div>
   <div class='ocr_carea' id='block_1_54' title="bbox 259 3494 1846 3567">
    <p class='ocr_par' dir='ltr' id='par_1_54' title="bbox 259 3494 1846 3567">
     <span class='ocr_line' id='line_1_54' title="bbox 259 3494 1846 3567; baseline -0.003 -17"><span class='ocrx_word' id='word_1_397' title='bbox 259 3497 594 3567; x_wconf 80' lang='grc' dir='ltr'>φυέστατον,</span> <span class='ocrx_word' id='word_1_398' title='bbox 635 3494 840 3548; x_wconf 83' lang='grc' dir='ltr'>ἄνωθεν</span> <span class='ocrx_word' id='word_1_399' title='bbox 890 3494 1200 3547; x_wconf 86' lang='grc' dir='ltr'>ἐπικεῖσθαι</span> <span class='ocrx_word' id='word_1_400' title='bbox 1248 3496 1359 3558; x_wconf 87' lang='grc' dir='ltr'>τοῖς</span> <span class='ocrx_word' id='word_1_401' title='bbox 1420 3494 1709 3565; x_wconf 82' lang='grc' dir='ltr'>πράγμασι</span> <span class='ocrx_word' id='word_1_402' title='bbox 1746 3494 1846 3557; x_wconf 80' lang='grc' dir='ltr'><strong>τάς</strong></span> 
     </span>
    </p>
   </div>
   <div class='ocr_carea' id='block_1_55' title="bbox 262 3582 1852 3659">
    <p class='ocr_par' dir='ltr' id='par_1_55' title="bbox 262 3582 1852 3659">
     <span class='ocr_line' id='line_1_55' title="bbox 262 3582 1852 3659; baseline -0.003 -16"><span class='ocrx_word' id='word_1_403' title='bbox 262 3587 467 3659; x_wconf 76' lang='grc' dir='ltr'>φωνάς.</span> <span class='ocrx_word' id='word_1_404' title='bbox 503 3587 625 3649; x_wconf 89' lang='grc' dir='ltr'>Πῶς</span> <span class='ocrx_word' id='word_1_405' title='bbox 655 3582 745 3640; x_wconf 77' lang='grc' dir='ltr'><strong>οὖν</strong></span> <span class='ocrx_word' id='word_1_406' title='bbox 778 3587 1050 3657; x_wconf 72' lang='grc' dir='ltr'>ἠγνόησαν</span> <span class='ocrx_word' id='word_1_407' title='bbox 1085 3588 1132 3638; x_wconf 86' lang='grc' dir='ltr'>οἱ</span> <span class='ocrx_word' id='word_1_408' title='bbox 1166 3586 1439 3657; x_wconf 80' lang='grc' dir='ltr'>προφῆται</span> <span class='ocrx_word' id='word_1_409' title='bbox 1466 3587 1526 3638; x_wconf 79' lang='grc' dir='ltr'>τὸ</span> <span class='ocrx_word' id='word_1_410' title='bbox 1556 3587 1724 3649; x_wconf 80' lang='grc' dir='ltr'>ὅσιον,</span> <span class='ocrx_word' id='word_1_411' title='bbox 1758 3587 1852 3639; x_wconf 76' lang='grc' dir='ltr'>καὶ</span> 
     </span>
    </p>
   </div>
   <div class='ocr_carea' id='block_1_56' title="bbox 257 3677 1849 3751">
    <p class='ocr_par' dir='ltr' id='par_1_56' title="bbox 257 3677 1849 3751">
     <span class='ocr_line' id='line_1_56' title="bbox 257 3677 1849 3751; baseline -0.004 -17"><span class='ocrx_word' id='word_1_412' title='bbox 257 3683 356 3735; x_wconf 79' lang='grc' dir='ltr'><strong>τόν</strong></span> <span class='ocrx_word' id='word_1_413' title='bbox 394 3680 491 3749; x_wconf 89' lang='grc' dir='ltr'><strong>τῆς</strong></span> <span class='ocrx_word' id='word_1_414' title='bbox 531 3678 783 3751; x_wconf 78' lang='grc' dir='ltr'>προνοίας</span> <span class='ocrx_word' id='word_1_415' title='bbox 828 3678 992 3748; x_wconf 88' lang='grc' dir='ltr'>νόμον</span> <span class='ocrx_word' id='word_1_416' title='bbox 1035 3677 1135 3730; x_wconf 79' lang='grc' dir='ltr'><strong>οὐκ</strong></span> <span class='ocrx_word' id='word_1_417' title='bbox 1178 3677 1597 3748; x_wconf 80' lang='grc' dir='ltr'>ἐπαιδεύθησαν,</span> <span class='ocrx_word' id='word_1_418' title='bbox 1643 3682 1693 3733; x_wconf 86' lang='grc' dir='ltr'>οἱ</span> <span class='ocrx_word' id='word_1_419' title='bbox 1744 3694 1849 3748; x_wconf 86' lang='grc' dir='ltr'>μη-</span> 
     </span>
    </p>
   </div>
   <div class='ocr_carea' id='block_1_57' title="bbox 260 3768 1855 3843">
    <p class='ocr_par' dir='ltr' id='par_1_57' title="bbox 260 3768 1855 3843">
     <span class='ocr_line' id='line_1_57' title="bbox 260 3768 1855 3843; baseline -0.006 -15"><span class='ocrx_word' id='word_1_420' title='bbox 260 3772 475 3843; x_wconf 77' lang='grc' dir='ltr'>δαμῶς,</span> <span class='ocrx_word' id='word_1_421' title='bbox 502 3772 643 3825; x_wconf 77' lang='grc' dir='ltr'>κατά</span> <span class='ocrx_word' id='word_1_422' title='bbox 678 3771 765 3823; x_wconf 75' lang='grc' dir='ltr'><strong>τὸν</strong></span> <span class='ocrx_word' id='word_1_423' title='bbox 804 3771 893 3823; x_wconf 85' lang='grc' dir='ltr'><strong>σὺν</strong></span> <span class='ocrx_word' id='word_1_424' title='bbox 922 3770 1100 3838; x_wconf 91' lang='grc' dir='ltr'>λόγον,</span> <span class='ocrx_word' id='word_1_425' title='bbox 1133 3771 1230 3840; x_wconf 76' lang='grc' dir='ltr'><strong>τὴν</strong></span> <span class='ocrx_word' id='word_1_426' title='bbox 1263 3768 1586 3838; x_wconf 81' lang='grc' dir='ltr'>άγεννησίαν</span> <span class='ocrx_word' id='word_1_427' title='bbox 1606 3768 1855 3839; x_wconf 82' lang='grc' dir='ltr'>θεοποιή-</span> 
     </span>
    </p>
   </div>
   <div class='ocr_carea' id='block_1_58' title="bbox 265 3858 1853 3933">
    <p class='ocr_par' dir='ltr' id='par_1_58' title="bbox 265 3858 1853 3933">
     <span class='ocr_line' id='line_1_58' title="bbox 265 3858 1853 3933; baseline -0.006 -14"><span class='ocrx_word' id='word_1_428' title='bbox 265 3882 489 3933; x_wconf 88' lang='grc' dir='ltr'>σαντες;</span> <span class='ocrx_word' id='word_1_429' title='bbox 513 3864 635 3927; x_wconf 89' lang='grc' dir='ltr'>Πῶς</span> <span class='ocrx_word' id='word_1_430' title='bbox 666 3864 722 3916; x_wconf 82' lang='grc' dir='ltr'>δὲ</span> <span class='ocrx_word' id='word_1_431' title='bbox 756 3861 848 3915; x_wconf 78' lang='grc' dir='ltr'><strong>καὶ</strong></span> <span class='ocrx_word' id='word_1_432' title='bbox 878 3861 1039 3924; x_wconf 71' lang='grc' dir='ltr'>αὐτὸς</span> <span class='ocrx_word' id='word_1_433' title='bbox 1068 3863 1096 3914; x_wconf 87' lang='grc' dir='ltr'>ὁ</span> <span class='ocrx_word' id='word_1_434' title='bbox 1141 3860 1271 3923; x_wconf 76' lang='grc' dir='ltr'>Θεὸς</span> <span class='ocrx_word' id='word_1_435' title='bbox 1300 3862 1485 3928; x_wconf 88' lang='grc' dir='ltr'>ἀγνοεῖ</span> <span class='ocrx_word' id='word_1_436' title='bbox 1524 3860 1584 3910; x_wconf 81' lang='grc' dir='ltr'><strong>τὸ</strong></span> <span class='ocrx_word' id='word_1_437' title='bbox 1614 3858 1853 3911; x_wconf 81' lang='grc' dir='ltr'>τοιοῦτον</span> 
     </span>
    </p>
   </div>
   <div class='ocr_carea' id='block_1_59' title="bbox 263 3950 1855 4026">
    <p class='ocr_par' dir='ltr' id='par_1_59' title="bbox 263 3950 1855 4026">
     <span class='ocr_line' id='line_1_59' title="bbox 263 3950 1855 4026; baseline -0.006 -15"><span class='ocrx_word' id='word_1_438' title='bbox 263 3952 407 4020; x_wconf 79' lang='grc' dir='ltr'>εἶδος</span> <span class='ocrx_word' id='word_1_439' title='bbox 435 3956 532 4026; x_wconf 84' lang='grc' dir='ltr'><strong>τῆς</strong></span> <span class='ocrx_word' id='word_1_440' title='bbox 564 3955 860 4024; x_wconf 84' lang='grc' dir='ltr'>ὁσιότητος,</span> <span class='ocrx_word' id='word_1_441' title='bbox 897 3954 955 4016; x_wconf 87' lang='grc' dir='ltr'>ὅς</span> <span class='ocrx_word' id='word_1_442' title='bbox 979 3970 1043 4021; x_wconf 88' lang='grc' dir='ltr'><strong>γε</strong></span> <span class='ocrx_word' id='word_1_443' title='bbox 1076 3952 1175 4005; x_wconf 82' lang='grc' dir='ltr'><strong>οὐκ</strong></span> <span class='ocrx_word' id='word_1_444' title='bbox 1203 3950 1408 4004; x_wconf 77' lang='grc' dir='ltr'>ἀνωθεν</span> <span class='ocrx_word' id='word_1_445' title='bbox 1438 3950 1716 4020; x_wconf 84' lang='grc' dir='ltr'>ἐπιτίθησι</span> <span class='ocrx_word' id='word_1_446' title='bbox 1744 3952 1855 4013; x_wconf 85' lang='grc' dir='ltr'>τοῖς</span> 
     </span>
    </p>
   </div>
   <div class='ocr_carea' id='block_1_60' title="bbox 264 4043 1855 4121">
    <p class='ocr_par' dir='ltr' id='par_1_60' title="bbox 264 4043 1855 4121">
     <span class='ocr_line' id='line_1_60' title="bbox 264 4043 1855 4121; baseline -0.005 -17"><span class='ocrx_word' id='word_1_447' title='bbox 264 4050 398 4121; x_wconf 86' lang='grc' dir='ltr'>παρ’</span> <span class='ocrx_word' id='word_1_448' title='bbox 435 4047 598 4101; x_wconf 79' lang='grc' dir='ltr'>αὐτοῦ</span> <span class='ocrx_word' id='word_1_449' title='bbox 640 4046 923 4100; x_wconf 85' lang='grc' dir='ltr'>πλασθείσι</span> <span class='ocrx_word' id='word_1_450' title='bbox 962 4044 1123 4109; x_wconf 79' lang='grc' dir='ltr'>ζώοις</span> <span class='ocrx_word' id='word_1_451' title='bbox 1154 4044 1252 4107; x_wconf 82' lang='grc' dir='ltr'>τὰς</span> <span class='ocrx_word' id='word_1_452' title='bbox 1293 4043 1683 4115; x_wconf 61' lang='grc' dir='ltr'>προσηγορίας</span> <span class='ocrx_word' id='word_1_453' title='bbox 1720 4043 1855 4097; x_wconf 81' lang='grc' dir='ltr'><strong>ἀλλά</strong></span> 
     </span>
    </p>
   </div>
   <div class='ocr_carea' id='block_1_61' title="bbox 265 4132 1856 4213">
    <p class='ocr_par' dir='ltr' id='par_1_61' title="bbox 265 4132 1856 4213">
     <span class='ocr_line' id='line_1_61' title="bbox 265 4132 1856 4213; baseline -0.004 -21"><span class='ocrx_word' id='word_1_454' title='bbox 265 4141 345 4213; x_wconf 82' lang='grc' dir='ltr'>τῷ</span> <span class='ocrx_word' id='word_1_455' title='bbox 396 4140 568 4209; x_wconf 81' lang='grc' dir='ltr'>Ἀδάμ</span> <span class='ocrx_word' id='word_1_456' title='bbox 590 4138 685 4209; x_wconf 79' lang='grc' dir='ltr'>τὴν</span> <span class='ocrx_word' id='word_1_457' title='bbox 707 4137 953 4202; x_wconf 78' lang='grc' dir='ltr'>ἐξουσίαν</span> <span class='ocrx_word' id='word_1_458' title='bbox 978 4136 1077 4206; x_wconf 82' lang='grc' dir='ltr'><strong>τῆς</strong></span> <span class='ocrx_word' id='word_1_459' title='bbox 1104 4136 1518 4206; x_wconf 83' lang='grc' dir='ltr'>ὀνοματοποιῖας</span> <span class='ocrx_word' id='word_1_460' title='bbox 1551 4132 1856 4205; x_wconf 72' lang='grc' dir='ltr'>χαρίζεταις</span> 
     </span>
    </p>
   </div>
   <div class='ocr_carea' id='block_1_62' title="bbox 265 4224 1856 4303">
    <p class='ocr_par' dir='ltr' id='par_1_62' title="bbox 265 4224 1856 4303">
     <span class='ocr_line' id='line_1_62' title="bbox 265 4224 1856 4303; baseline -0.008 -16"><span class='ocrx_word' id='word_1_461' title='bbox 265 4235 331 4287; x_wconf 79' lang='grc' dir='ltr'><strong>Εἰ</strong></span> <span class='ocrx_word' id='word_1_462' title='bbox 354 4232 461 4303; x_wconf 82' lang='grc' dir='ltr'><strong>γάρ</strong></span> <span class='ocrx_word' id='word_1_463' title='bbox 485 4231 759 4302; x_wconf 75' lang='grc' dir='ltr'>προσφυὲς</span> <span class='ocrx_word' id='word_1_464' title='bbox 790 4229 866 4299; x_wconf 83' lang='grc' dir='ltr'>τῷ</span> <span class='ocrx_word' id='word_1_465' title='bbox 885 4230 981 4299; x_wconf 87' lang='grc' dir='ltr'><strong>τῆς</strong></span> <span class='ocrx_word' id='word_1_466' title='bbox 1012 4228 1266 4300; x_wconf 88' lang='grc' dir='ltr'>προνοίας</span> <span class='ocrx_word' id='word_1_467' title='bbox 1287 4228 1457 4299; x_wconf 84' lang='grc' dir='ltr'>νόμῳ,</span> <span class='ocrx_word' id='word_1_468' title='bbox 1483 4224 1660 4288; x_wconf 82' lang='grc' dir='ltr'>καθώς</span> <span class='ocrx_word' id='word_1_469' title='bbox 1692 4241 1856 4299; x_wconf 73' lang='grc' dir='ltr'>φησιγ</span> 
     </span>
    </p>
   </div>
   <div class='ocr_carea' id='block_1_63' title="bbox 268 4315 1855 4395">
    <p class='ocr_par' dir='ltr' id='par_1_63' title="bbox 268 4315 1855 4395">
     <span class='ocr_line' id='line_1_63' title="bbox 268 4315 1855 4395; baseline -0.008 -16"><span class='ocrx_word' id='word_1_470' title='bbox 268 4329 297 4379; x_wconf 84' lang='grc' dir='ltr'>ὁ</span> <span class='ocrx_word' id='word_1_471' title='bbox 326 4324 610 4395; x_wconf 75' lang='grc' dir='ltr'>Εὑνόμιος,</span> <span class='ocrx_word' id='word_1_472' title='bbox 637 4325 729 4377; x_wconf 71' lang='grc' dir='ltr'><strong>καὶ</strong></span> <span class='ocrx_word' id='word_1_473' title='bbox 758 4323 901 4376; x_wconf 83' lang='grc' dir='ltr'>ὅσιόν</span> <span class='ocrx_word' id='word_1_474' title='bbox 928 4322 1042 4373; x_wconf 83' lang='grc' dir='ltr'>ἐστι</span> <span class='ocrx_word' id='word_1_475' title='bbox 1084 4320 1142 4373; x_wconf 79' lang='grc' dir='ltr'>τὸ</span> <span class='ocrx_word' id='word_1_476' title='bbox 1165 4319 1367 4373; x_wconf 78' lang='grc' dir='ltr'>ἄνωθεν</span> <span class='ocrx_word' id='word_1_477' title='bbox 1412 4315 1718 4371; x_wconf 82' lang='grc' dir='ltr'>ἐπικεῖσθαι</span> <span class='ocrx_word' id='word_1_478' title='bbox 1744 4318 1855 4377; x_wconf 83' lang='grc' dir='ltr'>τοῖς</span> 
     </span>
    </p>
   </div>
   <div class='ocr_carea' id='block_1_64' title="bbox 268 4409 1936 4497">
    <p class='ocr_par' dir='ltr' id='par_1_64' title="bbox 268 4409 1936 4497">
     <span class='ocr_line' id='line_1_64' title="bbox 268 4409 1936 4497; baseline -0.007 -27"><span class='ocrx_word' id='word_1_479' title='bbox 268 4417 559 4488; x_wconf 89' lang='grc' dir='ltr'>πράγμασι</span> <span class='ocrx_word' id='word_1_480' title='bbox 580 4415 675 4477; x_wconf 76' lang='grc' dir='ltr'>τὰς</span> <span class='ocrx_word' id='word_1_481' title='bbox 699 4415 900 4484; x_wconf 80' lang='grc' dir='ltr'>φωνάς,</span> <span class='ocrx_word' id='word_1_482' title='bbox 922 4413 1131 4465; x_wconf 87' lang='grc' dir='ltr'>ἀνόσιον</span> <span class='ocrx_word' id='word_1_483' title='bbox 1161 4413 1376 4473; x_wconf 87' lang='grc' dir='ltr'>πάντως</span> <span class='ocrx_word' id='word_1_484' title='bbox 1401 4410 1493 4463; x_wconf 70' lang='grc' dir='ltr'><strong>καὶ</strong></span> <span class='ocrx_word' id='word_1_485' title='bbox 1514 4409 1855 4479; x_wconf 84' lang='grc' dir='ltr'>ἀνάρμοστον</span> <span class='ocrx_word' id='word_1_486' title='bbox 1886 4437 1936 4497; x_wconf 64' lang='grc' dir='ltr'><strong>ι)</strong></span> 
     </span>
    </p>
   </div>
   <div class='ocr_carea' id='block_1_65' title="bbox 267 4499 1854 4580">
    <p class='ocr_par' dir='ltr' id='par_1_65' title="bbox 267 4499 1854 4580">
     <span class='ocr_line' id='line_1_65' title="bbox 267 4499 1854 4580; baseline -0.009 -17"><span class='ocrx_word' id='word_1_487' title='bbox 267 4509 424 4580; x_wconf 80' lang='grc' dir='ltr'>παρὰ</span> <span class='ocrx_word' id='word_1_488' title='bbox 444 4508 550 4561; x_wconf 90' lang='grc' dir='ltr'><strong>τῶν</strong></span> <span class='ocrx_word' id='word_1_489' title='bbox 574 4508 723 4561; x_wconf 84' lang='grc' dir='ltr'>κάτω</span> <span class='ocrx_word' id='word_1_490' title='bbox 743 4508 853 4569; x_wconf 85' lang='grc' dir='ltr'>τοῖς</span> <span class='ocrx_word' id='word_1_491' title='bbox 876 4501 1027 4558; x_wconf 86' lang='grc' dir='ltr'>οὖσιν</span> <span class='ocrx_word' id='word_1_492' title='bbox 1058 4503 1471 4574; x_wconf 80' lang='grc' dir='ltr'>ἐφαρμοσθῆναι</span> <span class='ocrx_word' id='word_1_493' title='bbox 1494 4500 1592 4565; x_wconf 79' lang='grc' dir='ltr'><strong>τὰς</strong></span> <span class='ocrx_word' id='word_1_494' title='bbox 1617 4499 1854 4570; x_wconf 86' lang='grc' dir='ltr'>κλήσεις.</span> 
     </span>
    </p>
   </div>
   <div class='ocr_carea' id='block_1_66' title="bbox 352 4674 1861 4749">
    <p class='ocr_par' dir='ltr' id='par_1_66' title="bbox 352 4674 1861 4749">
     <span class='ocr_line' id='line_1_66' title="bbox 352 4674 1861 4749; baseline -0.009 -10"><span class='ocrx_word' id='word_1_495' title='bbox 352 4684 507 4739; x_wconf 57' lang='grc' dir='ltr'><strong>Ἀλλ’</strong></span> <span class='ocrx_word' id='word_1_496' title='bbox 562 4687 593 4736; x_wconf 81' lang='grc' dir='ltr'><strong>ό</strong></span> <span class='ocrx_word' id='word_1_497' title='bbox 646 4682 888 4735; x_wconf 73' lang='grc' dir='ltr'>πάντων</span> <span class='ocrx_word' id='word_1_498' title='bbox 934 4679 1227 4749; x_wconf 81' lang='grc' dir='ltr'>κηδεμὼν,</span> <span class='ocrx_word' id='word_1_499' title='bbox 1272 4676 1423 4746; x_wconf 63' lang='grc' dir='ltr'>φησι,</span> <span class='ocrx_word' id='word_1_500' title='bbox 1473 4674 1861 4744; x_wconf 55' lang='grc' dir='ltr'>δημιουργίας</span> 
     </span>
    </p>
   </div>
   <div class='ocr_carea' id='block_1_67' title="bbox 267 4766 1862 4845">
    <p class='ocr_par' dir='ltr' id='par_1_67' title="bbox 267 4766 1862 4845">
     <span class='ocr_line' id='line_1_67' title="bbox 267 4766 1862 4845; baseline -0.009 -14"><span class='ocrx_word' id='word_1_501' title='bbox 267 4777 432 4845; x_wconf 74' lang='grc' dir='ltr'>νόμῳ</span> <span class='ocrx_word' id='word_1_502' title='bbox 466 4774 590 4841; x_wconf 82' lang='grc' dir='ltr'>ταῖς</span> <span class='ocrx_word' id='word_1_503' title='bbox 633 4773 946 4843; x_wconf 72' lang='grc' dir='ltr'>ἡμετέραις</span> <span class='ocrx_word' id='word_1_504' title='bbox 991 4769 1451 4840; x_wconf 73' lang='grc' dir='ltr'>ἐγκατασπεῖραι</span> <span class='ocrx_word' id='word_1_505' title='bbox 1500 4766 1729 4835; x_wconf 69' lang='grc' dir='ltr'>ψυχαῖς</span> <span class='ocrx_word' id='word_1_506' title='bbox 1757 4766 1862 4818; x_wconf 82' lang='grc' dir='ltr'>ἐδι-</span> 
     </span>
    </p>
   </div>
   <div class='ocr_carea' id='block_1_68' title="bbox 266 4854 1862 4928">
    <p class='ocr_par' dir='ltr' id='par_1_68' title="bbox 266 4854 1862 4928">
     <span class='ocr_line' id='line_1_68' title="bbox 266 4854 1862 4928; baseline -0.01 -8"><span class='ocrx_word' id='word_1_507' title='bbox 266 4868 512 4921; x_wconf 79' lang='grc' dir='ltr'>καίωσε.</span> <span class='ocrx_word' id='word_1_508' title='bbox 550 4866 659 4917; x_wconf 70' lang='grc' dir='ltr'>Καὶ</span> <span class='ocrx_word' id='word_1_509' title='bbox 713 4864 761 4916; x_wconf 88' lang='grc' dir='ltr'><strong>εί</strong></span> <span class='ocrx_word' id='word_1_510' title='bbox 810 4862 981 4915; x_wconf 81' lang='grc' dir='ltr'>ταῦτα</span> <span class='ocrx_word' id='word_1_511' title='bbox 1024 4863 1145 4925; x_wconf 87' lang='grc' dir='ltr'>ταῖς</span> <span class='ocrx_word' id='word_1_512' title='bbox 1178 4860 1285 4913; x_wconf 89' lang='grc' dir='ltr'><strong>τῶν</strong></span> <span class='ocrx_word' id='word_1_513' title='bbox 1320 4856 1622 4928; x_wconf 85' lang='grc' dir='ltr'>ἀνθρώπων</span> <span class='ocrx_word' id='word_1_514' title='bbox 1663 4854 1862 4924; x_wconf 73' lang='grc' dir='ltr'>ψυχαῖς</span> 
     </span>
    </p>
   </div>
   <div class='ocr_carea' id='block_1_69' title="bbox 266 4946 1863 5028">
    <p class='ocr_par' dir='ltr' id='par_1_69' title="bbox 266 4946 1863 5028">
     <span class='ocr_line' id='line_1_69' title="bbox 266 4946 1863 5028; baseline -0.009 -15"><span class='ocrx_word' id='word_1_515' title='bbox 266 4959 614 5028; x_wconf 86' lang='grc' dir='ltr'>κατεσπάρη,</span> <span class='ocrx_word' id='word_1_516' title='bbox 651 4957 767 5020; x_wconf 90' lang='grc' dir='ltr'><strong>πῶς</strong></span> <span class='ocrx_word' id='word_1_517' title='bbox 794 4956 901 5009; x_wconf 80' lang='grc' dir='ltr'><strong>άπὸ</strong></span> <span class='ocrx_word' id='word_1_518' title='bbox 937 4954 1105 5024; x_wconf 80' lang='grc' dir='ltr'>’Λδάμ</span> <span class='ocrx_word' id='word_1_519' title='bbox 1150 4954 1311 5024; x_wconf 85' lang='grc' dir='ltr'>μέχρι</span> <span class='ocrx_word' id='word_1_520' title='bbox 1348 4951 1445 5021; x_wconf 86' lang='grc' dir='ltr'><strong>τῆς</strong></span> <span class='ocrx_word' id='word_1_521' title='bbox 1478 4952 1573 5021; x_wconf 86' lang='grc' dir='ltr'><strong>σῆς</strong></span> <span class='ocrx_word' id='word_1_522' title='bbox 1609 4946 1863 5019; x_wconf 73' lang='grc' dir='ltr'>παραϐά-</span> 
     </span>
    </p>
   </div>
   <div class='ocr_carea' id='block_1_70' title="bbox 267 5042 1861 5122">
    <p class='ocr_par' dir='ltr' id='par_1_70' title="bbox 267 5042 1861 5122">
     <span class='ocr_line' id='line_1_70' title="bbox 267 5042 1861 5122; baseline -0.011 -12"><span class='ocrx_word' id='word_1_523' title='bbox 267 5072 408 5117; x_wconf 89' lang='grc' dir='ltr'>σεως</span> <span class='ocrx_word' id='word_1_524' title='bbox 427 5057 455 5106; x_wconf 89' lang='grc' dir='ltr'><strong>ὀ</strong></span> <span class='ocrx_word' id='word_1_525' title='bbox 477 5054 575 5122; x_wconf 87' lang='grc' dir='ltr'><strong>τῆς</strong></span> <span class='ocrx_word' id='word_1_526' title='bbox 603 5049 959 5119; x_wconf 86' lang='grc' dir='ltr'>ματαιότητος</span> <span class='ocrx_word' id='word_1_527' title='bbox 983 5047 1184 5115; x_wconf 85' lang='grc' dir='ltr'>ταύτης</span> <span class='ocrx_word' id='word_1_528' title='bbox 1208 5045 1419 5117; x_wconf 84' lang='grc' dir='ltr'>καρπὸς</span> <span class='ocrx_word' id='word_1_529' title='bbox 1440 5044 1539 5096; x_wconf 76' lang='grc' dir='ltr'><strong>οὐκ</strong></span> <span class='ocrx_word' id='word_1_530' title='bbox 1563 5042 1861 5110; x_wconf 77' lang='grc' dir='ltr'>ἐϐλάστησε</span> 
     </span>
    </p>
   </div>
   <div class='ocr_carea' id='block_1_71' title="bbox 263 5133 1863 5215">
    <p class='ocr_par' dir='ltr' id='par_1_71' title="bbox 263 5133 1863 5215">
     <span class='ocr_line' id='line_1_71' title="bbox 263 5133 1863 5215; baseline -0.009 -15"><span class='ocrx_word' id='word_1_531' title='bbox 263 5151 385 5209; x_wconf 84' lang='grc' dir='ltr'>ταῖς</span> <span class='ocrx_word' id='word_1_532' title='bbox 416 5146 635 5215; x_wconf 75' lang='grc' dir='ltr'>ψυχαῖς,</span> <span class='ocrx_word' id='word_1_533' title='bbox 656 5144 730 5205; x_wconf 84' lang='grc' dir='ltr'>ὡς</span> <span class='ocrx_word' id='word_1_534' title='bbox 752 5144 876 5214; x_wconf 80' lang='grc' dir='ltr'>φῂς,</span> <span class='ocrx_word' id='word_1_535' title='bbox 900 5140 1007 5194; x_wconf 88' lang='grc' dir='ltr'><strong>τῶν</strong></span> <span class='ocrx_word' id='word_1_536' title='bbox 1036 5136 1338 5210; x_wconf 85' lang='grc' dir='ltr'>ἀνθρώπων</span> <span class='ocrx_word' id='word_1_537' title='bbox 1363 5136 1698 5205; x_wconf 87' lang='grc' dir='ltr'>ἐγκείμενος,</span> <span class='ocrx_word' id='word_1_538' title='bbox 1722 5133 1863 5187; x_wconf 86' lang='grc' dir='ltr'>ὥστε</span> 
     </span>
    </p>
   </div>
   <div class='ocr_carea' id='block_1_72' title="bbox 264 5226 1862 5305">
    <p class='ocr_par' dir='ltr' id='par_1_72' title="bbox 264 5226 1862 5305">
     <span class='ocr_line' id='line_1_72' title="bbox 264 5226 1862 5305; baseline -0.009 -14"><span class='ocrx_word' id='word_1_539' title='bbox 264 5239 439 5305; x_wconf 76' lang='grc' dir='ltr'>ὄνομα</span> <span class='ocrx_word' id='word_1_540' title='bbox 488 5236 587 5303; x_wconf 85' lang='grc' dir='ltr'><strong>τῆς</strong></span> <span class='ocrx_word' id='word_1_541' title='bbox 634 5233 726 5286; x_wconf 73' lang='grc' dir='ltr'>τοῦ</span> <span class='ocrx_word' id='word_1_542' title='bbox 770 5232 981 5302; x_wconf 83' lang='grc' dir='ltr'>Πατρὸς</span> <span class='ocrx_word' id='word_1_543' title='bbox 1014 5231 1201 5293; x_wconf 74' lang='grc' dir='ltr'>οὐσίας</span> <span class='ocrx_word' id='word_1_544' title='bbox 1230 5229 1329 5300; x_wconf 85' lang='grc' dir='ltr'><strong>τὴν</strong></span> <span class='ocrx_word' id='word_1_545' title='bbox 1364 5226 1690 5297; x_wconf 84' lang='grc' dir='ltr'>ἀγεννησίαν</span> <span class='ocrx_word' id='word_1_546' title='bbox 1728 5226 1862 5297; x_wconf 87' lang='grc' dir='ltr'>κλη-</span> 
     </span>
    </p>
   </div>
   <div class='ocr_carea' id='block_1_73' title="bbox 266 5318 1863 5398">
    <p class='ocr_par' dir='ltr' id='par_1_73' title="bbox 266 5318 1863 5398">
     <span class='ocr_line' id='line_1_73' title="bbox 266 5318 1863 5398; baseline -0.007 -17"><span class='ocrx_word' id='word_1_547' title='bbox 266 5328 450 5398; x_wconf 86' lang='grc' dir='ltr'>θῆναι.</span> <span class='ocrx_word' id='word_1_548' title='bbox 486 5323 623 5378; x_wconf 80' lang='grc' dir='ltr'>Εἷπε</span> <span class='ocrx_word' id='word_1_549' title='bbox 659 5324 767 5394; x_wconf 80' lang='grc' dir='ltr'>γὰρ</span> <span class='ocrx_word' id='word_1_550' title='bbox 800 5324 864 5376; x_wconf 85' lang='grc' dir='ltr'><strong>ἂν</strong></span> <span class='ocrx_word' id='word_1_551' title='bbox 892 5322 1049 5376; x_wconf 79' lang='grc' dir='ltr'>τοῦτο</span> <span class='ocrx_word' id='word_1_552' title='bbox 1078 5324 1171 5375; x_wconf 74' lang='grc' dir='ltr'>καὶ</span> <span class='ocrx_word' id='word_1_553' title='bbox 1199 5324 1227 5375; x_wconf 88' lang='grc' dir='ltr'>ὁ</span> <span class='ocrx_word' id='word_1_554' title='bbox 1272 5320 1463 5390; x_wconf 77' lang='grc' dir='ltr'>Ἀδὰμ,</span> <span class='ocrx_word' id='word_1_555' title='bbox 1495 5320 1591 5372; x_wconf 68' lang='grc' dir='ltr'><strong>καὶ</strong></span> <span class='ocrx_word' id='word_1_556' title='bbox 1635 5320 1683 5372; x_wconf 88' lang='grc' dir='ltr'><strong>οί</strong></span> <span class='ocrx_word' id='word_1_557' title='bbox 1730 5318 1863 5371; x_wconf 88' lang='grc' dir='ltr'>καθ-</span> 
     </span>
    </p>
   </div>
   <div class='ocr_carea' id='block_1_74' title="bbox 268 5410 1863 5488">
    <p class='ocr_par' dir='ltr' id='par_1_74' title="bbox 268 5410 1863 5488">
     <span class='ocr_line' id='line_1_74' title="bbox 268 5410 1863 5488; baseline -0.006 -17"><span class='ocrx_word' id='word_1_558' title='bbox 268 5419 396 5488; x_wconf 76' lang='grc' dir='ltr'>εξῆς</span> <span class='ocrx_word' id='word_1_559' title='bbox 428 5419 522 5470; x_wconf 81' lang='grc' dir='ltr'>ἀπ’</span> <span class='ocrx_word' id='word_1_560' title='bbox 573 5417 782 5469; x_wconf 88' lang='grc' dir='ltr'>ἐκείνου</span> <span class='ocrx_word' id='word_1_561' title='bbox 830 5416 1029 5477; x_wconf 86' lang='grc' dir='ltr'>πάντες</span> <span class='ocrx_word' id='word_1_562' title='bbox 1057 5457 1071 5479; x_wconf 93' lang='grc'><strong>,</strong></span> <span class='ocrx_word' id='word_1_563' title='bbox 1122 5415 1280 5482; x_wconf 80' lang='grc' dir='ltr'>εἴπερ</span> <span class='ocrx_word' id='word_1_564' title='bbox 1316 5412 1465 5482; x_wconf 79' lang='grc' dir='ltr'>παρὰ</span> <span class='ocrx_word' id='word_1_565' title='bbox 1493 5411 1587 5464; x_wconf 76' lang='grc' dir='ltr'><strong>τοῦ</strong></span> <span class='ocrx_word' id='word_1_566' title='bbox 1632 5410 1764 5463; x_wconf 78' lang='grc' dir='ltr'>Θεοῦ</span> <span class='ocrx_word' id='word_1_567' title='bbox 1800 5414 1863 5481; x_wconf 82' lang='grc' dir='ltr'>τῇ</span> 
     </span>
    </p>
   </div>
   <div class='ocr_carea' id='block_1_75' title="bbox 270 5502 1865 5577">
    <p class='ocr_par' dir='ltr' id='par_1_75' title="bbox 270 5502 1865 5577">
     <span class='ocr_line' id='line_1_75' title="bbox 270 5502 1865 5577; baseline -0.005 -14"><span class='ocrx_word' id='word_1_568' title='bbox 270 5507 430 5563; x_wconf 60' lang='grc' dir='ltr'>φύσει</span> <span class='ocrx_word' id='word_1_569' title='bbox 460 5505 520 5560; x_wconf 85' lang='grc' dir='ltr'>τὸ</span> <span class='ocrx_word' id='word_1_570' title='bbox 543 5506 780 5559; x_wconf 76' lang='grc' dir='ltr'>τοιοῦτον</span> <span class='ocrx_word' id='word_1_571' title='bbox 812 5506 1177 5577; x_wconf 82' lang='grc' dir='ltr'>κατέσπαρτο.</span> <span class='ocrx_word' id='word_1_572' title='bbox 1211 5506 1421 5575; x_wconf 84' lang='grc' dir='ltr'>’Ὠσπερ</span> <span class='ocrx_word' id='word_1_573' title='bbox 1447 5503 1554 5573; x_wconf 79' lang='grc' dir='ltr'>γὰρ</span> <span class='ocrx_word' id='word_1_574' title='bbox 1578 5503 1646 5556; x_wconf 79' lang='grc' dir='ltr'>τὰ</span> <span class='ocrx_word' id='word_1_575' title='bbox 1676 5502 1768 5555; x_wconf 76' lang='grc' dir='ltr'>νῦν</span> <span class='ocrx_word' id='word_1_576' title='bbox 1801 5505 1865 5555; x_wconf 83' lang='grc' dir='ltr'><strong>ἐκ</strong></span> 
     </span>
    </p>
   </div>
   <div class='ocr_carea' id='block_1_76' title="bbox 268 5595 1865 5670">
    <p class='ocr_par' dir='ltr' id='par_1_76' title="bbox 268 5595 1865 5670">
     <span class='ocr_line' id='line_1_76' title="bbox 268 5595 1865 5670; baseline -0.001 -20"><span class='ocrx_word' id='word_1_577' title='bbox 268 5600 369 5668; x_wconf 84' lang='grc' dir='ltr'><strong>τῆς</strong></span> <span class='ocrx_word' id='word_1_578' title='bbox 392 5599 496 5667; x_wconf 63' lang='grc' dir='ltr'><strong>γῆς</strong></span> <span class='ocrx_word' id='word_1_579' title='bbox 546 5601 791 5670; x_wconf 85' lang='grc' dir='ltr'>φυόμενα</span> <span class='ocrx_word' id='word_1_580' title='bbox 817 5601 881 5653; x_wconf 84' lang='grc' dir='ltr'>ὲκ</span> <span class='ocrx_word' id='word_1_581' title='bbox 914 5599 1015 5669; x_wconf 88' lang='grc' dir='ltr'><strong>τῆς</strong></span> <span class='ocrx_word' id='word_1_582' title='bbox 1052 5597 1428 5669; x_wconf 86' lang='grc' dir='ltr'>σπερματικῆς</span> <span class='ocrx_word' id='word_1_583' title='bbox 1463 5597 1709 5667; x_wconf 79' lang='grc' dir='ltr'>διαδοχῆς</span> <span class='ocrx_word' id='word_1_584' title='bbox 1755 5595 1865 5649; x_wconf 81' lang='grc' dir='ltr'><strong>άπὸ</strong></span> 
     </span>
    </p>
   </div>
   <div class='ocr_carea' id='block_1_77' title="bbox 271 5688 1864 5761">
    <p class='ocr_par' dir='ltr' id='par_1_77' title="bbox 271 5688 1864 5761">
     <span class='ocr_line' id='line_1_77' title="bbox 271 5688 1864 5761; baseline -0.003 -21"><span class='ocrx_word' id='word_1_585' title='bbox 271 5693 370 5759; x_wconf 78' lang='grc' dir='ltr'><strong>τῆς</strong></span> <span class='ocrx_word' id='word_1_586' title='bbox 403 5690 625 5761; x_wconf 85' lang='grc' dir='ltr'>πρώτης</span> <span class='ocrx_word' id='word_1_587' title='bbox 653 5691 882 5754; x_wconf 86' lang='grc' dir='ltr'>κτίσεως</span> <span class='ocrx_word' id='word_1_588' title='bbox 902 5693 981 5753; x_wconf 86' lang='grc' dir='ltr'><strong>είς</strong></span> <span class='ocrx_word' id='word_1_589' title='bbox 1002 5692 1085 5744; x_wconf 70' lang='grc' dir='ltr'>ἀεὶ</span> <span class='ocrx_word' id='word_1_590' title='bbox 1107 5689 1383 5760; x_wconf 86' lang='grc' dir='ltr'>διαμένει,</span> <span class='ocrx_word' id='word_1_591' title='bbox 1415 5688 1503 5741; x_wconf 66' lang='grc' dir='ltr'><strong>καὶ</strong></span> <span class='ocrx_word' id='word_1_592' title='bbox 1526 5688 1673 5742; x_wconf 74' lang='grc' dir='ltr'>οὐδὲν</span> <span class='ocrx_word' id='word_1_593' title='bbox 1701 5689 1757 5741; x_wconf 82' lang='grc' dir='ltr'><strong>ἐν</strong></span> <span class='ocrx_word' id='word_1_594' title='bbox 1789 5688 1864 5758; x_wconf 76' lang='grc' dir='ltr'>τῷ</span> 
     </span>
    </p>
   </div>
   <div class='ocr_carea' id='block_1_78' title="bbox 1956 1848 3534 1918">
    <p class='ocr_par' dir='ltr' id='par_1_78' title="bbox 1956 1848 3534 1918">
     <span class='ocr_line' id='line_1_78' title="bbox 1956 1848 3534 1918; baseline -0.001 -13"><span class='ocrx_word' id='word_1_595' title='bbox 1956 1852 2099 1907; x_wconf 90' lang='lat' dir='ltr'><strong>idem</strong></span> <span class='ocrx_word' id='word_1_596' title='bbox 2154 1866 2277 1906; x_wconf 87' lang='lat' dir='ltr'><strong>esse</strong></span> <span class='ocrx_word' id='word_1_597' title='bbox 2327 1865 2450 1904; x_wconf 92' lang='lat' dir='ltr'><strong>cum</strong></span> <span class='ocrx_word' id='word_1_598' title='bbox 2516 1849 2778 1918; x_wconf 77' lang='lat' dir='ltr'><strong>dignitate</strong></span> <span class='ocrx_word' id='word_1_599' title='bbox 2807 1848 3246 1917; x_wconf 86' lang='lat' dir='ltr'><strong>appellationem,</strong></span> <span class='ocrx_word' id='word_1_600' title='bbox 3281 1858 3338 1903; x_wconf 90' lang='lat' dir='ltr'><strong>ut</strong></span> <span class='ocrx_word' id='word_1_601' title='bbox 3368 1851 3534 1905; x_wconf 91' lang='lat' dir='ltr'><strong>etiam</strong></span> 
     </span>
    </p>
   </div>
   <div class='ocr_carea' id='block_1_79' title="bbox 1956 1939 3534 2006">
    <p class='ocr_par' dir='ltr' id='par_1_79' title="bbox 1956 1939 3534 2006">
     <span class='ocr_line' id='line_1_79' title="bbox 1956 1939 3534 2006; baseline -0.001 -10"><span class='ocrx_word' id='word_1_602' title='bbox 1956 1958 2056 1997; x_wconf 87' lang='lat' dir='ltr'><strong>nos</strong></span> <span class='ocrx_word' id='word_1_603' title='bbox 2104 1941 2251 1996; x_wconf 82' lang='lat' dir='ltr'><strong>dicto</strong></span> <span class='ocrx_word' id='word_1_604' title='bbox 2305 1939 2721 1995; x_wconf 84' lang='lat' dir='ltr'><strong>assentiamur?</strong></span> <span class='ocrx_word' id='word_1_605' title='bbox 2770 1939 2983 1994; x_wconf 69' lang='lat' dir='ltr'><strong>Nostrae</strong></span> <span class='ocrx_word' id='word_1_606' title='bbox 3030 1948 3259 2005; x_wconf 59' lang='lat' dir='ltr'><strong>naturae,</strong></span> <span class='ocrx_word' id='word_1_607' title='bbox 3304 1943 3403 2006; x_wconf 80' lang='lat' dir='ltr'><strong>a&#39;t,</strong></span> <span class='ocrx_word' id='word_1_608' title='bbox 3446 1942 3534 1997; x_wconf 80' lang='lat' dir='ltr'><strong>lex</strong></span> 
     </span>
    </p>
   </div>
   <div class='ocr_carea' id='block_1_80' title="bbox 1956 2031 3538 2102">
    <p class='ocr_par' dir='ltr' id='par_1_80' title="bbox 1956 2031 3538 2102">
     <span class='ocr_line' id='line_1_80' title="bbox 1956 2031 3538 2102; baseline -0.001 -13"><span class='ocrx_word' id='word_1_609' title='bbox 1956 2034 2113 2089; x_wconf 75' lang='lat' dir='ltr'><strong>docet</strong></span> <span class='ocrx_word' id='word_1_610' title='bbox 2142 2034 2197 2089; x_wconf 92' lang='lat' dir='ltr'><strong>in</strong></span> <span class='ocrx_word' id='word_1_611' title='bbox 2233 2033 2397 2089; x_wconf 91' lang='lat' dir='ltr'><strong>rebus</strong></span> <span class='ocrx_word' id='word_1_612' title='bbox 2428 2049 2549 2102; x_wconf 61' lang='lat' dir='ltr'><strong>quae</strong></span> <span class='ocrx_word' id='word_1_613' title='bbox 2577 2031 2954 2095; x_wconf 83' lang='lat' dir='ltr'><strong>nominantur,</strong></span> <span class='ocrx_word' id='word_1_614' title='bbox 3017 2048 3124 2086; x_wconf 92' lang='lat' dir='ltr'><strong>non</strong></span> <span class='ocrx_word' id='word_1_615' title='bbox 3152 2033 3207 2087; x_wconf 92' lang='lat' dir='ltr'><strong>in</strong></span> <span class='ocrx_word' id='word_1_616' title='bbox 3241 2035 3538 2089; x_wconf 87' lang='lat' dir='ltr'><strong>nominan-</strong></span> 
     </span>
    </p>
   </div>
   <div class='ocr_carea' id='block_1_81' title="bbox 1956 2122 3533 2194">
    <p class='ocr_par' dir='ltr' id='par_1_81' title="bbox 1956 2122 3533 2194">
     <span class='ocr_line' id='line_1_81' title="bbox 1956 2122 3533 2194; baseline 0.003 -17"><span class='ocrx_word' id='word_1_617' title='bbox 1956 2123 2091 2178; x_wconf 92' lang='lat' dir='ltr'><strong>tium</strong></span> <span class='ocrx_word' id='word_1_618' title='bbox 2133 2131 2403 2194; x_wconf 85' lang='lat' dir='ltr'><strong>potestate</strong></span> <span class='ocrx_word' id='word_1_619' title='bbox 2437 2122 2719 2175; x_wconf 90' lang='lat' dir='ltr'><strong>nominum</strong></span> <span class='ocrx_word' id='word_1_620' title='bbox 2768 2122 3085 2191; x_wconf 85' lang='lat' dir='ltr'><strong>dignitatem</strong></span> <span class='ocrx_word' id='word_1_621' title='bbox 3125 2139 3247 2178; x_wconf 87' lang='lat' dir='ltr'><strong>esse</strong></span> <span class='ocrx_word' id='word_1_622' title='bbox 3272 2126 3533 2193; x_wconf 81' lang='lat' dir='ltr'><strong>positam.</strong></span> 
     </span>
    </p>
   </div>
   <div class='ocr_carea' id='block_1_82' title="bbox 1956 2203 3537 2282">
    <p class='ocr_par' dir='ltr' id='par_1_82' title="bbox 1956 2203 3537 2282">
     <span class='ocr_line' id='line_1_82' title="bbox 1956 2203 3537 2282; baseline 0.002 -14"><span class='ocrx_word' id='word_1_623' title='bbox 1956 2216 2212 2282; x_wconf 65' lang='lat' dir='ltr'><strong>Quaenam</strong></span> <span class='ocrx_word' id='word_1_624' title='bbox 2243 2215 2355 2269; x_wconf 77' lang='lat' dir='ltr'><strong>haec</strong></span> <span class='ocrx_word' id='word_1_625' title='bbox 2382 2222 2592 2270; x_wconf 67' lang='lat' dir='ltr'><strong>natura:</strong></span> <span class='ocrx_word' id='word_1_626' title='bbox 2621 2214 2743 2268; x_wconf 79' lang='lat' dir='ltr'><strong>lex?</strong></span> <span class='ocrx_word' id='word_1_627' title='bbox 2787 2222 2842 2266; x_wconf 89' lang='lat' dir='ltr'><strong>et</strong></span> <span class='ocrx_word' id='word_1_628' title='bbox 2886 2214 3161 2282; x_wconf 86' lang='lat' dir='ltr'><strong>quomodo</strong></span> <span class='ocrx_word' id='word_1_629' title='bbox 3191 2203 3303 2269; x_wconf 82' lang='lat' dir='ltr'><strong>non</strong></span> <span class='ocrx_word' id='word_1_630' title='bbox 3336 2216 3388 2270; x_wconf 92' lang='lat' dir='ltr'><strong>in</strong></span> <span class='ocrx_word' id='word_1_631' title='bbox 3419 2232 3537 2272; x_wconf 89' lang='lat' dir='ltr'><strong>om-</strong></span> 
     </span>
    </p>
   </div>
   <div class='ocr_carea' id='block_1_83' title="bbox 1958 2304 3536 2364">
    <p class='ocr_par' dir='ltr' id='par_1_83' title="bbox 1958 2304 3536 2364">
     <span class='ocr_line' id='line_1_83' title="bbox 1958 2304 3536 2364; baseline 0.002 -3"><span class='ocrx_word' id='word_1_632' title='bbox 1958 2307 2121 2362; x_wconf 91' lang='lat' dir='ltr'><strong>nibus</strong></span> <span class='ocrx_word' id='word_1_633' title='bbox 2164 2316 2355 2362; x_wconf 91' lang='lat' dir='ltr'><strong>sancta</strong></span> <span class='ocrx_word' id='word_1_634' title='bbox 2379 2314 2434 2360; x_wconf 90' lang='lat' dir='ltr'><strong>et</strong></span> <span class='ocrx_word' id='word_1_635' title='bbox 2480 2314 2596 2358; x_wconf 89' lang='lat' dir='ltr'><strong>rata</strong></span> <span class='ocrx_word' id='word_1_636' title='bbox 2636 2314 2719 2359; x_wconf 89' lang='lat' dir='ltr'><strong>cst</strong></span> <span class='ocrx_word' id='word_1_637' title='bbox 2770 2304 3006 2358; x_wconf 86' lang='lat' dir='ltr'><strong>habita?</strong></span> <span class='ocrx_word' id='word_1_638' title='bbox 3038 2304 3093 2359; x_wconf 90' lang='lat' dir='ltr'><strong>Si</strong></span> <span class='ocrx_word' id='word_1_639' title='bbox 3145 2307 3289 2361; x_wconf 88' lang='lat' dir='ltr'><strong>enim</strong></span> <span class='ocrx_word' id='word_1_640' title='bbox 3341 2316 3536 2364; x_wconf 82' lang='lat' dir='ltr'><strong>natura</strong></span> 
     </span>
    </p>
   </div>
   <div class='ocr_carea' id='block_1_84' title="bbox 1956 2396 3537 2468">
    <p class='ocr_par' dir='ltr' id='par_1_84' title="bbox 1956 2396 3537 2468">
     <span class='ocr_line' id='line_1_84' title="bbox 1956 2396 3537 2468; baseline 0.001 -15"><span class='ocrx_word' id='word_1_641' title='bbox 1956 2398 2087 2468; x_wconf 89' lang='lat' dir='ltr'><strong>quid</strong></span> <span class='ocrx_word' id='word_1_642' title='bbox 2144 2399 2253 2453; x_wconf 88' lang='lat' dir='ltr'><strong>tale</strong></span> <span class='ocrx_word' id='word_1_643' title='bbox 2303 2400 2417 2468; x_wconf 91' lang='lat' dir='ltr'><strong>lege</strong></span> <span class='ocrx_word' id='word_1_644' title='bbox 2470 2397 2669 2461; x_wconf 83' lang='lat' dir='ltr'><strong>sanxit,</strong></span> <span class='ocrx_word' id='word_1_645' title='bbox 2730 2396 2797 2450; x_wconf 92' lang='lat' dir='ltr'><strong>de</strong></span> <span class='ocrx_word' id='word_1_646' title='bbox 2829 2397 3083 2452; x_wconf 91' lang='lat' dir='ltr'><strong>omnibus</strong></span> <span class='ocrx_word' id='word_1_647' title='bbox 3118 2406 3295 2452; x_wconf 87' lang='lat' dir='ltr'><strong>ratum</strong></span> <span class='ocrx_word' id='word_1_648' title='bbox 3344 2411 3445 2456; x_wconf 89' lang='lat' dir='ltr'><strong>est.</strong></span> <span class='ocrx_word' id='word_1_649' title='bbox 3479 2399 3537 2455; x_wconf 89' lang='lat' dir='ltr'><strong>Si</strong></span> 
     </span>
    </p>
   </div>
   <div class='ocr_carea' id='block_1_85' title="bbox 1956 2490 3539 2562">
    <p class='ocr_par' dir='ltr' id='par_1_85' title="bbox 1956 2490 3539 2562">
     <span class='ocr_line' id='line_1_85' title="bbox 1956 2490 3539 2562; baseline -0.001 -14"><span class='ocrx_word' id='word_1_650' title='bbox 1956 2493 2099 2548; x_wconf 89' lang='lat' dir='ltr'><strong>enim</strong></span> <span class='ocrx_word' id='word_1_651' title='bbox 2134 2500 2329 2548; x_wconf 85' lang='lat' dir='ltr'><strong>natura</strong></span> <span class='ocrx_word' id='word_1_652' title='bbox 2386 2491 2494 2545; x_wconf 88' lang='lat' dir='ltr'><strong>tale</strong></span> <span class='ocrx_word' id='word_1_653' title='bbox 2527 2491 2655 2560; x_wconf 89' lang='lat' dir='ltr'><strong>quid</strong></span> <span class='ocrx_word' id='word_1_654' title='bbox 2693 2490 2882 2553; x_wconf 82' lang='lat' dir='ltr'><strong>edixit,</strong></span> <span class='ocrx_word' id='word_1_655' title='bbox 2944 2490 2997 2543; x_wconf 92' lang='lat' dir='ltr'><strong>in</strong></span> <span class='ocrx_word' id='word_1_656' title='bbox 3033 2491 3215 2544; x_wconf 87' lang='lat' dir='ltr'><strong>omnia</strong></span> <span class='ocrx_word' id='word_1_657' title='bbox 3247 2492 3418 2562; x_wconf 92' lang='lat' dir='ltr'><strong>ipsam</strong></span> <span class='ocrx_word' id='word_1_658' title='bbox 3448 2494 3539 2547; x_wconf 82' lang='lat' dir='ltr'><strong>Ita-</strong></span> 
     </span>
    </p>
   </div>
   <div class='ocr_carea' id='block_1_86' title="bbox 1958 2582 3535 2654">
    <p class='ocr_par' dir='ltr' id='par_1_86' title="bbox 1958 2582 3535 2654">
     <span class='ocr_line' id='line_1_86' title="bbox 1958 2582 3535 2654; baseline -0.003 -13"><span class='ocrx_word' id='word_1_659' title='bbox 1958 2585 2085 2641; x_wconf 87' lang='lat' dir='ltr'><strong>bere</strong></span> <span class='ocrx_word' id='word_1_660' title='bbox 2115 2584 2408 2654; x_wconf 88' lang='lat' dir='ltr'><strong>imperium</strong></span> <span class='ocrx_word' id='word_1_661' title='bbox 2457 2589 2695 2653; x_wconf 89' lang='lat' dir='ltr'><strong>oportet,</strong></span> <span class='ocrx_word' id='word_1_662' title='bbox 2738 2596 2858 2650; x_wconf 73' lang='lat' dir='ltr'><strong>quae</strong></span> <span class='ocrx_word' id='word_1_663' title='bbox 2906 2588 3160 2634; x_wconf 84' lang='lat' dir='ltr'><strong>naturam</strong></span> <span class='ocrx_word' id='word_1_664' title='bbox 3185 2582 3535 2652; x_wconf 88' lang='lat' dir='ltr'><strong>participant,</strong></span> 
     </span>
    </p>
   </div>
   <div class='ocr_carea' id='block_1_87' title="bbox 1957 2674 3534 2745">
    <p class='ocr_par' dir='ltr' id='par_1_87' title="bbox 1957 2674 3534 2745">
     <span class='ocr_line' id='line_1_87' title="bbox 1957 2674 3534 2745; baseline -0.001 -16"><span class='ocrx_word' id='word_1_665' title='bbox 1957 2675 2413 2745; x_wconf 85' lang='lat' dir='ltr'><strong>quemadmodum</strong></span> <span class='ocrx_word' id='word_1_666' title='bbox 2430 2675 2533 2727; x_wconf 85' lang='lat' dir='ltr'><strong>alia</strong></span> <span class='ocrx_word' id='word_1_667' title='bbox 2549 2674 2733 2727; x_wconf 89' lang='lat' dir='ltr'><strong>omnia</strong></span> <span class='ocrx_word' id='word_1_668' title='bbox 2757 2688 2881 2742; x_wconf 62' lang='lat' dir='ltr'><strong>qua:</strong></span> <span class='ocrx_word' id='word_1_669' title='bbox 2903 2680 3033 2727; x_wconf 90' lang='lat' dir='ltr'><strong>sunt</strong></span> <span class='ocrx_word' id='word_1_670' title='bbox 3058 2682 3268 2726; x_wconf 70' lang='lat' dir='ltr'><strong>natura:</strong></span> <span class='ocrx_word' id='word_1_671' title='bbox 3293 2674 3534 2744; x_wconf 89' lang='lat' dir='ltr'><strong>propria.</strong></span> 
     </span>
    </p>
   </div>
   <div class='ocr_carea' id='block_1_88' title="bbox 1958 2761 3538 2834">
    <p class='ocr_par' dir='ltr' id='par_1_88' title="bbox 1958 2761 3538 2834">
     <span class='ocr_line' id='line_1_88' title="bbox 1958 2761 3538 2834; baseline 0 -16"><span class='ocrx_word' id='word_1_672' title='bbox 1958 2764 2014 2818; x_wconf 90' lang='lat' dir='ltr'><strong>Si</strong></span> <span class='ocrx_word' id='word_1_673' title='bbox 2042 2764 2209 2834; x_wconf 77' lang='lat' dir='ltr'><strong>igitur</strong></span> <span class='ocrx_word' id='word_1_674' title='bbox 2242 2773 2451 2817; x_wconf 83' lang='lat' dir='ltr'><strong>naturae</strong></span> <span class='ocrx_word' id='word_1_675' title='bbox 2484 2763 2571 2818; x_wconf 77' lang='lat' dir='ltr'><strong>lex</strong></span> <span class='ocrx_word' id='word_1_676' title='bbox 2620 2777 2683 2815; x_wconf 81' lang='lat' dir='ltr'><strong>ex</strong></span> <span class='ocrx_word' id='word_1_677' title='bbox 2717 2762 2881 2815; x_wconf 90' lang='lat' dir='ltr'><strong>rebus</strong></span> <span class='ocrx_word' id='word_1_678' title='bbox 2931 2761 3321 2831; x_wconf 86' lang='lat' dir='ltr'><strong>appellationes</strong></span> <span class='ocrx_word' id='word_1_679' title='bbox 3353 2764 3538 2820; x_wconf 86' lang='lat' dir='ltr'><strong>enasci</strong></span> 
     </span>
    </p>
   </div>
   <div class='ocr_carea' id='block_1_89' title="bbox 1956 2853 3535 2926">
    <p class='ocr_par' dir='ltr' id='par_1_89' title="bbox 1956 2853 3535 2926">
     <span class='ocr_line' id='line_1_89' title="bbox 1956 2853 3535 2926; baseline 0 -15"><span class='ocrx_word' id='word_1_680' title='bbox 1956 2856 2177 2918; x_wconf 69' lang='lat' dir='ltr'><strong>luceret,</strong></span> <span class='ocrx_word' id='word_1_681' title='bbox 2207 2857 2348 2910; x_wconf 87' lang='lat' dir='ltr'><strong>sicut</strong></span> <span class='ocrx_word' id='word_1_682' title='bbox 2371 2872 2437 2909; x_wconf 78' lang='lat' dir='ltr'><strong>ex</strong></span> <span class='ocrx_word' id='word_1_683' title='bbox 2484 2853 2786 2908; x_wconf 88' lang='lat' dir='ltr'><strong>seminibus</strong></span> <span class='ocrx_word' id='word_1_684' title='bbox 2824 2853 2904 2907; x_wconf 86' lang='lat' dir='ltr'><strong>vel</strong></span> <span class='ocrx_word' id='word_1_685' title='bbox 2943 2854 3221 2909; x_wconf 87' lang='lat' dir='ltr'><strong>radicibus</strong></span> <span class='ocrx_word' id='word_1_686' title='bbox 3266 2858 3535 2926; x_wconf 79' lang='lat' dir='ltr'><strong>germina,</strong></span> 
     </span>
    </p>
   </div>
   <div class='ocr_carea' id='block_1_90' title="bbox 1956 2946 3538 3018">
    <p class='ocr_par' dir='ltr' id='par_1_90' title="bbox 1956 2946 3538 3018">
     <span class='ocr_line' id='line_1_90' title="bbox 1956 2946 3538 3018; baseline 0.003 -17"><span class='ocrx_word' id='word_1_687' title='bbox 1956 2963 2057 3003; x_wconf 90' lang='lat' dir='ltr'><strong>nec</strong></span> <span class='ocrx_word' id='word_1_688' title='bbox 2076 2948 2362 3002; x_wconf 77' lang='lat' dir='ltr'><strong>hominum</strong></span> <span class='ocrx_word' id='word_1_689' title='bbox 2395 2947 2648 3002; x_wconf 90' lang='lat' dir='ltr'><strong>instituto</strong></span> <span class='ocrx_word' id='word_1_690' title='bbox 2676 2955 2730 3001; x_wconf 88' lang='lat' dir='ltr'><strong>et</strong></span> <span class='ocrx_word' id='word_1_691' title='bbox 2760 2946 2990 3001; x_wconf 91' lang='lat' dir='ltr'><strong>arbitrio</strong></span> <span class='ocrx_word' id='word_1_692' title='bbox 3024 2947 3116 3016; x_wconf 92' lang='lat' dir='ltr'><strong>qui</strong></span> <span class='ocrx_word' id='word_1_693' title='bbox 3138 2962 3226 3002; x_wconf 85' lang='lat' dir='ltr'><strong>res</strong></span> <span class='ocrx_word' id='word_1_694' title='bbox 3258 2947 3410 3018; x_wconf 86' lang='lat' dir='ltr'><strong>ipsas</strong></span> <span class='ocrx_word' id='word_1_695' title='bbox 3440 2950 3538 3006; x_wconf 91' lang='lat' dir='ltr'><strong>de-</strong></span> 
     </span>
    </p>
   </div>
   <div class='ocr_carea' id='block_1_91' title="bbox 1957 3036 3542 3109">
    <p class='ocr_par' dir='ltr' id='par_1_91' title="bbox 1957 3036 3542 3109">
     <span class='ocr_line' id='line_1_91' title="bbox 1957 3036 3542 3109; baseline 0.001 -17"><span class='ocrx_word' id='word_1_696' title='bbox 1957 3038 2192 3104; x_wconf 77' lang='lat' dir='ltr'><strong>clarant,</strong></span> <span class='ocrx_word' id='word_1_697' title='bbox 2233 3036 2625 3107; x_wconf 83' lang='lat' dir='ltr'><strong>signiticativas</strong></span> <span class='ocrx_word' id='word_1_698' title='bbox 2655 3051 2836 3091; x_wconf 90' lang='lat' dir='ltr'><strong>rerum</strong></span> <span class='ocrx_word' id='word_1_699' title='bbox 2866 3036 3267 3093; x_wconf 86' lang='lat' dir='ltr'><strong>nominationes</strong></span> <span class='ocrx_word' id='word_1_700' title='bbox 3315 3040 3542 3109; x_wconf 84' lang='lat' dir='ltr'><strong>permit-</strong></span> 
     </span>
    </p>
   </div>
   <div class='ocr_carea' id='block_1_92' title="bbox 1954 3127 3542 3193">
    <p class='ocr_par' dir='ltr' id='par_1_92' title="bbox 1954 3127 3542 3193">
     <span class='ocr_line' id='line_1_92' title="bbox 1954 3127 3542 3193; baseline 0.002 -10"><span class='ocrx_word' id='word_1_701' title='bbox 1954 3136 2113 3193; x_wconf 89' lang='lat' dir='ltr'><strong>teret,</strong></span> <span class='ocrx_word' id='word_1_702' title='bbox 2163 3142 2353 3183; x_wconf 88' lang='lat' dir='ltr'><strong>omnes</strong></span> <span class='ocrx_word' id='word_1_703' title='bbox 2387 3127 2635 3182; x_wconf 83' lang='lat' dir='ltr'><strong>homines</strong></span> <span class='ocrx_word' id='word_1_704' title='bbox 2664 3143 2912 3183; x_wconf 86' lang='lat' dir='ltr'><strong>essemus</strong></span> <span class='ocrx_word' id='word_1_705' title='bbox 2968 3128 3111 3183; x_wconf 86' lang='lat' dir='ltr'><strong>inter</strong></span> <span class='ocrx_word' id='word_1_706' title='bbox 3140 3145 3241 3184; x_wconf 89' lang='lat' dir='ltr'><strong>nos</strong></span> <span class='ocrx_word' id='word_1_707' title='bbox 3287 3131 3456 3186; x_wconf 87' lang='lat' dir='ltr'><strong>unius</strong></span> <span class='ocrx_word' id='word_1_708' title='bbox 3486 3138 3542 3186; x_wconf 87' lang='lat' dir='ltr'><strong>et</strong></span> 
     </span>
    </p>
   </div>
   <div class='ocr_carea' id='block_1_93' title="bbox 1950 3217 3540 3291">
    <p class='ocr_par' dir='ltr' id='par_1_93' title="bbox 1950 3217 3540 3291">
     <span class='ocr_line' id='line_1_93' title="bbox 1950 3217 3540 3291; baseline 0.002 -18"><span class='ocrx_word' id='word_1_709' title='bbox 1950 3217 2196 3288; x_wconf 88' lang='lat' dir='ltr'><strong>ejusdem</strong></span> <span class='ocrx_word' id='word_1_710' title='bbox 2243 3218 2461 3287; x_wconf 72' lang='lat' dir='ltr'><strong>lingum.</strong></span> <span class='ocrx_word' id='word_1_711' title='bbox 2497 3218 2553 3272; x_wconf 91' lang='lat' dir='ltr'><strong>Si</strong></span> <span class='ocrx_word' id='word_1_712' title='bbox 2582 3218 2725 3270; x_wconf 88' lang='lat' dir='ltr'><strong>enim</strong></span> <span class='ocrx_word' id='word_1_713' title='bbox 2784 3220 3005 3271; x_wconf 88' lang='lat' dir='ltr'><strong>nomina</strong></span> <span class='ocrx_word' id='word_1_714' title='bbox 3062 3219 3229 3275; x_wconf 83' lang='lat' dir='ltr'><strong>rebus</strong></span> <span class='ocrx_word' id='word_1_715' title='bbox 3283 3220 3540 3291; x_wconf 88' lang='lat' dir='ltr'><strong>imposita</strong></span> 
     </span>
    </p>
   </div>
   <div class='ocr_carea' id='block_1_94' title="bbox 1951 3310 3542 3381">
    <p class='ocr_par' dir='ltr' id='par_1_94' title="bbox 1951 3310 3542 3381">
     <span class='ocr_line' id='line_1_94' title="bbox 1951 3310 3542 3381; baseline 0.001 -14"><span class='ocrx_word' id='word_1_716' title='bbox 1951 3327 2063 3367; x_wconf 92' lang='lat' dir='ltr'><strong>non</strong></span> <span class='ocrx_word' id='word_1_717' title='bbox 2114 3311 2511 3381; x_wconf 85' lang='lat' dir='ltr'><strong>discreparent,</strong></span> <span class='ocrx_word' id='word_1_718' title='bbox 2565 3324 2741 3378; x_wconf 82' lang='lat' dir='ltr'><strong>neque</strong></span> <span class='ocrx_word' id='word_1_719' title='bbox 2786 3324 2888 3363; x_wconf 88' lang='lat' dir='ltr'><strong>nos</strong></span> <span class='ocrx_word' id='word_1_720' title='bbox 2921 3310 2974 3363; x_wconf 93' lang='lat' dir='ltr'><strong>in</strong></span> <span class='ocrx_word' id='word_1_721' title='bbox 3041 3312 3313 3367; x_wconf 90' lang='lat' dir='ltr'><strong>sermonis</strong></span> <span class='ocrx_word' id='word_1_722' title='bbox 3358 3314 3542 3381; x_wconf 84' lang='lat' dir='ltr'><strong>specie</strong></span> 
     </span>
    </p>
   </div>
   <div class='ocr_carea' id='block_1_95' title="bbox 1952 3402 3541 3473">
    <p class='ocr_par' dir='ltr' id='par_1_95' title="bbox 1952 3402 3541 3473">
     <span class='ocr_line' id='line_1_95' title="bbox 1952 3402 3541 3473; baseline 0.001 -15"><span class='ocrx_word' id='word_1_723' title='bbox 1952 3403 2388 3460; x_wconf 86' lang='lat' dir='ltr'><strong>dissonaremus.</strong></span> <span class='ocrx_word' id='word_1_724' title='bbox 2409 3402 2671 3457; x_wconf 90' lang='lat' dir='ltr'><strong>Sanctum</strong></span> <span class='ocrx_word' id='word_1_725' title='bbox 2724 3402 2901 3472; x_wconf 90' lang='lat' dir='ltr'><strong>inquit</strong></span> <span class='ocrx_word' id='word_1_726' title='bbox 2950 3417 3094 3466; x_wconf 84' lang='lat' dir='ltr'><strong>esse,</strong></span> <span class='ocrx_word' id='word_1_727' title='bbox 3114 3411 3167 3457; x_wconf 90' lang='lat' dir='ltr'><strong>et</strong></span> <span class='ocrx_word' id='word_1_728' title='bbox 3182 3403 3541 3473; x_wconf 74' lang='lat' dir='ltr'><strong>providentia:</strong></span> 
     </span>
    </p>
   </div>
   <div class='ocr_carea' id='block_1_96' title="bbox 1952 3493 3533 3567">
    <p class='ocr_par' dir='ltr' id='par_1_96' title="bbox 1952 3493 3533 3567">
     <span class='ocr_line' id='line_1_96' title="bbox 1952 3493 3533 3567; baseline 0.001 -17"><span class='ocrx_word' id='word_1_729' title='bbox 1952 3497 2057 3567; x_wconf 83' lang='lat' dir='ltr'><strong>legi</strong></span> <span class='ocrx_word' id='word_1_730' title='bbox 2094 3496 2572 3567; x_wconf 82' lang='lat' dir='ltr'><strong>cognatissimunt,</strong></span> <span class='ocrx_word' id='word_1_731' title='bbox 2614 3508 2777 3548; x_wconf 86' lang='lat' dir='ltr'><strong>voces</strong></span> <span class='ocrx_word' id='word_1_732' title='bbox 2814 3493 3052 3564; x_wconf 87' lang='lat' dir='ltr'><strong>desuper</strong></span> <span class='ocrx_word' id='word_1_733' title='bbox 3103 3494 3266 3550; x_wconf 89' lang='lat' dir='ltr'><strong>rebus</strong></span> <span class='ocrx_word' id='word_1_734' title='bbox 3299 3496 3533 3566; x_wconf 90' lang='lat' dir='ltr'><strong>imponi.</strong></span> 
     </span>
    </p>
   </div>
   <div class='ocr_carea' id='block_1_97' title="bbox 1952 3584 3543 3657">
    <p class='ocr_par' dir='ltr' id='par_1_97' title="bbox 1952 3584 3543 3657">
     <span class='ocr_line' id='line_1_97' title="bbox 1952 3584 3543 3657; baseline -0.001 -13"><span class='ocrx_word' id='word_1_735' title='bbox 1952 3587 2237 3656; x_wconf 84' lang='lat' dir='ltr'><strong>Quomodo</strong></span> <span class='ocrx_word' id='word_1_736' title='bbox 2266 3587 2429 3657; x_wconf 84' lang='lat' dir='ltr'><strong>igitur</strong></span> <span class='ocrx_word' id='word_1_737' title='bbox 2459 3585 2737 3657; x_wconf 66' lang='lat' dir='ltr'><strong>propheta:</strong></span> <span class='ocrx_word' id='word_1_738' title='bbox 2764 3584 2869 3638; x_wconf 88' lang='lat' dir='ltr'><strong>hoc</strong></span> <span class='ocrx_word' id='word_1_739' title='bbox 2890 3586 3067 3655; x_wconf 90' lang='lat' dir='ltr'><strong>ipsum</strong></span> <span class='ocrx_word' id='word_1_740' title='bbox 3099 3593 3349 3639; x_wconf 87' lang='lat' dir='ltr'><strong>sanctum</strong></span> <span class='ocrx_word' id='word_1_741' title='bbox 3385 3586 3543 3657; x_wconf 83' lang='lat' dir='ltr'><strong>igno-</strong></span> 
     </span>
    </p>
   </div>
   <div class='ocr_carea' id='block_1_98' title="bbox 1953 3677 3539 3750">
    <p class='ocr_par' dir='ltr' id='par_1_98' title="bbox 1953 3677 3539 3750">
     <span class='ocr_line' id='line_1_98' title="bbox 1953 3677 3539 3750; baseline -0.002 -13"><span class='ocrx_word' id='word_1_742' title='bbox 1953 3693 2170 3745; x_wconf 87' lang='lat' dir='ltr'><strong>rarunt,</strong></span> <span class='ocrx_word' id='word_1_743' title='bbox 2202 3696 2304 3735; x_wconf 90' lang='lat' dir='ltr'><strong>nec</strong></span> <span class='ocrx_word' id='word_1_744' title='bbox 2344 3679 2699 3749; x_wconf 74' lang='lat' dir='ltr'><strong>providentia:</strong></span> <span class='ocrx_word' id='word_1_745' title='bbox 2745 3678 2915 3749; x_wconf 87' lang='lat' dir='ltr'><strong>legem</strong></span> <span class='ocrx_word' id='word_1_746' title='bbox 2965 3677 3277 3733; x_wconf 89' lang='lat' dir='ltr'><strong>didicerunt</strong></span> <span class='ocrx_word' id='word_1_747' title='bbox 3327 3680 3403 3733; x_wconf 87' lang='lat' dir='ltr'><strong>illi</strong></span> <span class='ocrx_word' id='word_1_748' title='bbox 3442 3680 3539 3750; x_wconf 87' lang='lat' dir='ltr'><strong>qui</strong></span> 
     </span>
    </p>
   </div>
   <div class='ocr_carea' id='block_1_99' title="bbox 1953 3768 3543 3841">
    <p class='ocr_par' dir='ltr' id='par_1_99' title="bbox 1953 3768 3543 3841">
     <span class='ocr_line' id='line_1_99' title="bbox 1953 3768 3543 3841; baseline -0.002 -14"><span class='ocrx_word' id='word_1_749' title='bbox 1953 3785 2232 3840; x_wconf 89' lang='lat' dir='ltr'><strong>nunquam</strong></span> <span class='ocrx_word' id='word_1_750' title='bbox 2256 3769 2559 3824; x_wconf 90' lang='lat' dir='ltr'><strong>secundum</strong></span> <span class='ocrx_word' id='word_1_751' title='bbox 2581 3778 2732 3823; x_wconf 91' lang='lat' dir='ltr'><strong>tuum</strong></span> <span class='ocrx_word' id='word_1_752' title='bbox 2767 3784 3075 3823; x_wconf 89' lang='lat' dir='ltr'><strong>sermonem</strong></span> <span class='ocrx_word' id='word_1_753' title='bbox 3102 3768 3203 3839; x_wconf 84' lang='grc' dir='ltr'><strong>τὴν</strong></span> <span class='ocrx_word' id='word_1_754' title='bbox 3218 3770 3543 3841; x_wconf 81' lang='grc' dir='ltr'>ἁγεννησίσιν</span> 
     </span>
    </p>
   </div>
   <div class='ocr_carea' id='block_1_100' title="bbox 1955 3857 3542 3927">
    <p class='ocr_par' dir='ltr' id='par_1_100' title="bbox 1955 3857 3542 3927">
     <span class='ocr_line' id='line_1_100' title="bbox 1955 3857 3542 3927; baseline 0.001 -13"><span class='ocrx_word' id='word_1_755' title='bbox 1955 3857 2621 3925; x_wconf 85' lang='lat' dir='ltr'><strong>deilicarunt?Quoinodo</strong></span> <span class='ocrx_word' id='word_1_756' title='bbox 2657 3867 2711 3913; x_wconf 90' lang='lat' dir='ltr'><strong>et</strong></span> <span class='ocrx_word' id='word_1_757' title='bbox 2747 3858 2861 3927; x_wconf 90' lang='lat' dir='ltr'><strong>ipse</strong></span> <span class='ocrx_word' id='word_1_758' title='bbox 2887 3858 3027 3914; x_wconf 87' lang='lat' dir='ltr'><strong>Deus</strong></span> <span class='ocrx_word' id='word_1_759' title='bbox 3051 3859 3209 3914; x_wconf 84' lang='lat' dir='ltr'><strong>talem</strong></span> <span class='ocrx_word' id='word_1_760' title='bbox 3236 3861 3542 3916; x_wconf 82' lang='lat' dir='ltr'><strong>sanctitatis</strong></span> 
     </span>
    </p>
   </div>
   <div class='ocr_carea' id='block_1_101' title="bbox 1954 3947 3542 4022">
    <p class='ocr_par' dir='ltr' id='par_1_101' title="bbox 1954 3947 3542 4022">
     <span class='ocr_line' id='line_1_101' title="bbox 1954 3947 3542 4022; baseline -0.002 -14"><span class='ocrx_word' id='word_1_761' title='bbox 1954 3951 2192 4022; x_wconf 88' lang='lat' dir='ltr'><strong>speciem</strong></span> <span class='ocrx_word' id='word_1_762' title='bbox 2228 3947 2468 4020; x_wconf 81' lang='lat' dir='ltr'><strong>ignorat,</strong></span> <span class='ocrx_word' id='word_1_763' title='bbox 2501 3950 2595 4019; x_wconf 92' lang='lat' dir='ltr'><strong>qui</strong></span> <span class='ocrx_word' id='word_1_764' title='bbox 2631 3965 2738 4004; x_wconf 93' lang='lat' dir='ltr'><strong>non</strong></span> <span class='ocrx_word' id='word_1_765' title='bbox 2770 3949 3006 4019; x_wconf 86' lang='lat' dir='ltr'><strong>desuper</strong></span> <span class='ocrx_word' id='word_1_766' title='bbox 3060 3951 3389 4007; x_wconf 86' lang='lat' dir='ltr'><strong>animalibus</strong></span> <span class='ocrx_word' id='word_1_767' title='bbox 3419 3966 3448 4004; x_wconf 91' lang='lat' dir='ltr'><strong>a</strong></span> <span class='ocrx_word' id='word_1_768' title='bbox 3484 3967 3542 4005; x_wconf 84' lang='lat' dir='ltr'><strong>se</strong></span> 
     </span>
    </p>
   </div>
   <div class='ocr_carea' id='block_1_102' title="bbox 1955 4042 3545 4114">
    <p class='ocr_par' dir='ltr' id='par_1_102' title="bbox 1955 4042 3545 4114">
     <span class='ocr_line' id='line_1_102' title="bbox 1955 4042 3545 4114; baseline -0.001 -15"><span class='ocrx_word' id='word_1_769' title='bbox 1955 4045 2153 4101; x_wconf 87' lang='lat' dir='ltr'><strong>creatis</strong></span> <span class='ocrx_word' id='word_1_770' title='bbox 2216 4043 2607 4114; x_wconf 89' lang='lat' dir='ltr'><strong>appellationes</strong></span> <span class='ocrx_word' id='word_1_771' title='bbox 2677 4042 2947 4110; x_wconf 88' lang='lat' dir='ltr'><strong>imponit,</strong></span> <span class='ocrx_word' id='word_1_772' title='bbox 3000 4042 3093 4097; x_wconf 88' lang='lat' dir='ltr'><strong>sed</strong></span> <span class='ocrx_word' id='word_1_773' title='bbox 3174 4042 3384 4096; x_wconf 64' lang='lat' dir='ltr'><strong>Adams</strong></span> <span class='ocrx_word' id='word_1_774' title='bbox 3451 4043 3545 4098; x_wconf 85' lang='lat' dir='ltr'><strong>lin-</strong></span> 
     </span>
    </p>
   </div>
   <div class='ocr_carea' id='block_1_103' title="bbox 1956 4131 3543 4207">
    <p class='ocr_par' dir='ltr' id='par_1_103' title="bbox 1956 4131 3543 4207">
     <span class='ocr_line' id='line_1_103' title="bbox 1956 4131 3543 4207; baseline -0.001 -18"><span class='ocrx_word' id='word_1_775' title='bbox 1956 4135 2115 4207; x_wconf 84' lang='lat' dir='ltr'><strong>gendi</strong></span> <span class='ocrx_word' id='word_1_776' title='bbox 2146 4134 2370 4189; x_wconf 87' lang='lat' dir='ltr'><strong>nomina</strong></span> <span class='ocrx_word' id='word_1_777' title='bbox 2399 4140 2719 4202; x_wconf 89' lang='lat' dir='ltr'><strong>potestatem</strong></span> <span class='ocrx_word' id='word_1_778' title='bbox 2745 4131 3123 4201; x_wconf 82' lang='lat' dir='ltr'><strong>gratiﬁcatur?</strong></span> <span class='ocrx_word' id='word_1_779' title='bbox 3154 4132 3209 4186; x_wconf 88' lang='lat' dir='ltr'><strong>Si</strong></span> <span class='ocrx_word' id='word_1_780' title='bbox 3243 4134 3384 4187; x_wconf 85' lang='lat' dir='ltr'><strong>enim</strong></span> <span class='ocrx_word' id='word_1_781' title='bbox 3414 4148 3543 4202; x_wconf 89' lang='lat' dir='ltr'><strong>pro-</strong></span> 
     </span>
    </p>
   </div>
   <div class='ocr_carea' id='block_1_104' title="bbox 1955 4223 3544 4296">
    <p class='ocr_par' dir='ltr' id='par_1_104' title="bbox 1955 4223 3544 4296">
     <span class='ocr_line' id='line_1_104' title="bbox 1955 4223 3544 4296; baseline -0.001 -17"><span class='ocrx_word' id='word_1_782' title='bbox 1955 4226 2211 4281; x_wconf 69' lang='lat' dir='ltr'><strong>videntia:</strong></span> <span class='ocrx_word' id='word_1_783' title='bbox 2230 4227 2333 4296; x_wconf 89' lang='lat' dir='ltr'><strong>legi</strong></span> <span class='ocrx_word' id='word_1_784' title='bbox 2360 4234 2675 4294; x_wconf 85' lang='lat' dir='ltr'><strong>cognatum,</strong></span> <span class='ocrx_word' id='word_1_785' title='bbox 2707 4226 2849 4278; x_wconf 89' lang='lat' dir='ltr'><strong>sicut</strong></span> <span class='ocrx_word' id='word_1_786' title='bbox 2874 4223 3116 4292; x_wconf 90' lang='lat' dir='ltr'><strong>loquitur</strong></span> <span class='ocrx_word' id='word_1_787' title='bbox 3146 4223 3462 4287; x_wconf 83' lang='lat' dir='ltr'><strong>Eunoniius,</strong></span> <span class='ocrx_word' id='word_1_788' title='bbox 3488 4231 3544 4277; x_wconf 90' lang='lat' dir='ltr'><strong>ct</strong></span> 
     </span>
    </p>
   </div>
   <div class='ocr_carea' id='block_1_105' title="bbox 1958 4310 3539 4383">
    <p class='ocr_par' dir='ltr' id='par_1_105' title="bbox 1958 4310 3539 4383">
     <span class='ocr_line' id='line_1_105' title="bbox 1958 4310 3539 4383; baseline -0.003 -11"><span class='ocrx_word' id='word_1_789' title='bbox 1958 4310 2208 4373; x_wconf 67' lang='lat' dir='ltr'><strong>sanctum</strong></span> <span class='ocrx_word' id='word_1_790' title='bbox 2240 4323 2324 4369; x_wconf 91' lang='lat' dir='ltr'><strong>est</strong></span> <span class='ocrx_word' id='word_1_791' title='bbox 2363 4314 2602 4383; x_wconf 85' lang='lat' dir='ltr'><strong>desuper</strong></span> <span class='ocrx_word' id='word_1_792' title='bbox 2638 4313 2803 4367; x_wconf 89' lang='lat' dir='ltr'><strong>rebus</strong></span> <span class='ocrx_word' id='word_1_793' title='bbox 2854 4328 3017 4367; x_wconf 86' lang='lat' dir='ltr'><strong>voces</strong></span> <span class='ocrx_word' id='word_1_794' title='bbox 3075 4311 3363 4380; x_wconf 91' lang='lat' dir='ltr'><strong>impositas</strong></span> <span class='ocrx_word' id='word_1_795' title='bbox 3395 4327 3539 4376; x_wconf 85' lang='lat' dir='ltr'><strong>esse,</strong></span> 
     </span>
    </p>
   </div>
   <div class='ocr_carea' id='block_1_106' title="bbox 1963 4403 3539 4479">
    <p class='ocr_par' dir='ltr' id='par_1_106' title="bbox 1963 4403 3539 4479">
     <span class='ocr_line' id='line_1_106' title="bbox 1963 4403 3539 4479; baseline -0.003 -16"><span class='ocrx_word' id='word_1_796' title='bbox 1963 4407 2252 4479; x_wconf 81' lang='lat' dir='ltr'><strong>profanum</strong></span> <span class='ocrx_word' id='word_1_797' title='bbox 2288 4421 2540 4475; x_wconf 81' lang='lat' dir='ltr'><strong>prorsus,</strong></span> <span class='ocrx_word' id='word_1_798' title='bbox 2594 4412 2649 4458; x_wconf 90' lang='lat' dir='ltr'><strong>ct</strong></span> <span class='ocrx_word' id='word_1_799' title='bbox 2682 4404 2907 4473; x_wconf 90' lang='lat' dir='ltr'><strong>impium</strong></span> <span class='ocrx_word' id='word_1_800' title='bbox 2962 4414 3123 4472; x_wconf 85' lang='lat' dir='ltr'><strong>atque</strong></span> <span class='ocrx_word' id='word_1_801' title='bbox 3181 4403 3539 4474; x_wconf 88' lang='lat' dir='ltr'><strong>incongruum</strong></span> 
     </span>
    </p>
   </div>
   <div class='ocr_carea' id='block_1_107' title="bbox 1964 4493 3544 4567">
    <p class='ocr_par' dir='ltr' id='par_1_107' title="bbox 1964 4493 3544 4567">
     <span class='ocr_line' id='line_1_107' title="bbox 1964 4493 3544 4567; baseline -0.003 -14"><span class='ocrx_word' id='word_1_802' title='bbox 1964 4500 2031 4554; x_wconf 91' lang='lat' dir='ltr'><strong>ab</strong></span> <span class='ocrx_word' id='word_1_803' title='bbox 2081 4498 2167 4554; x_wconf 83' lang='lat' dir='ltr'><strong>liis</strong></span> <span class='ocrx_word' id='word_1_804' title='bbox 2229 4498 2322 4567; x_wconf 88' lang='lat' dir='ltr'><strong>qui</strong></span> <span class='ocrx_word' id='word_1_805' title='bbox 2349 4506 2477 4551; x_wconf 92' lang='lat' dir='ltr'><strong>sunt</strong></span> <span class='ocrx_word' id='word_1_806' title='bbox 2541 4493 2684 4550; x_wconf 86' lang='lat' dir='ltr'><strong>infra</strong></span> <span class='ocrx_word' id='word_1_807' title='bbox 2731 4493 2997 4548; x_wconf 82' lang='lat' dir='ltr'><strong>vocabula</strong></span> <span class='ocrx_word' id='word_1_808' title='bbox 3024 4493 3189 4548; x_wconf 86' lang='lat' dir='ltr'><strong>rebus</strong></span> <span class='ocrx_word' id='word_1_809' title='bbox 3232 4508 3544 4549; x_wconf 89' lang='lat' dir='ltr'><strong>accommo-</strong></span> 
     </span>
    </p>
   </div>
   <div class='ocr_carea' id='block_1_108' title="bbox 1963 4595 2102 4650">
    <p class='ocr_par' dir='ltr' id='par_1_108' title="bbox 1963 4595 2102 4650">
     <span class='ocr_line' id='line_1_108' title="bbox 1963 4595 2102 4650; baseline -0.014 -1"><span class='ocrx_word' id='word_1_810' title='bbox 1963 4595 2102 4650; x_wconf 83' lang='lat' dir='ltr'><strong>dari.</strong></span> 
     </span>
    </p>
   </div>
   <div class='ocr_carea' id='block_1_109' title="bbox 2040 4674 3544 4751">
    <p class='ocr_par' dir='ltr' id='par_1_109' title="bbox 2040 4674 3544 4751">
     <span class='ocr_line' id='line_1_109' title="bbox 2040 4674 3544 4751; baseline -0.007 -11"><span class='ocrx_word' id='word_1_811' title='bbox 2040 4683 2166 4747; x_wconf 84' lang='lat' dir='ltr'><strong>Sed,</strong></span> <span class='ocrx_word' id='word_1_812' title='bbox 2220 4680 2421 4751; x_wconf 88' lang='lat' dir='ltr'><strong>inquit,</strong></span> <span class='ocrx_word' id='word_1_813' title='bbox 2461 4677 2694 4732; x_wconf 85' lang='lat' dir='ltr'><strong>omnium</strong></span> <span class='ocrx_word' id='word_1_814' title='bbox 2722 4685 2957 4738; x_wconf 85' lang='lat' dir='ltr'><strong>curator,</strong></span> <span class='ocrx_word' id='word_1_815' title='bbox 2992 4676 3189 4745; x_wconf 77' lang='lat' dir='ltr'><strong>opiﬁcii</strong></span> <span class='ocrx_word' id='word_1_816' title='bbox 3218 4675 3324 4746; x_wconf 79' lang='lat' dir='ltr'><strong>lege</strong></span> <span class='ocrx_word' id='word_1_817' title='bbox 3349 4674 3544 4730; x_wconf 74' lang='lat' dir='ltr'><strong>nostris</strong></span> 
     </span>
    </p>
   </div>
   <div class='ocr_carea' id='block_1_110' title="bbox 1966 4768 3546 4839">
    <p class='ocr_par' dir='ltr' id='par_1_110' title="bbox 1966 4768 3546 4839">
     <span class='ocr_line' id='line_1_110' title="bbox 1966 4768 3546 4839; baseline -0.005 -7"><span class='ocrx_word' id='word_1_818' title='bbox 1966 4778 2161 4832; x_wconf 71' lang='lat' dir='ltr'><strong>animi:</strong></span> <span class='ocrx_word' id='word_1_819' title='bbox 2191 4792 2280 4830; x_wconf 81' lang='lat' dir='ltr'><strong>eas</strong></span> <span class='ocrx_word' id='word_1_820' title='bbox 2328 4774 2558 4827; x_wconf 74' lang='lat' dir='ltr'><strong>inserere</strong></span> <span class='ocrx_word' id='word_1_821' title='bbox 2586 4786 2793 4839; x_wconf 66' lang='lat' dir='ltr'><strong>aequum</strong></span> <span class='ocrx_word' id='word_1_822' title='bbox 2824 4769 3046 4823; x_wconf 79' lang='lat' dir='ltr'><strong>censuit.</strong></span> <span class='ocrx_word' id='word_1_823' title='bbox 3084 4768 3151 4821; x_wconf 84' lang='lat' dir='ltr'><strong>Et</strong></span> <span class='ocrx_word' id='word_1_824' title='bbox 3182 4769 3228 4823; x_wconf 88' lang='lat' dir='ltr'><strong>si</strong></span> <span class='ocrx_word' id='word_1_825' title='bbox 3273 4769 3390 4824; x_wconf 69' lang='lat' dir='ltr'><strong>haec</strong></span> <span class='ocrx_word' id='word_1_826' title='bbox 3427 4772 3546 4824; x_wconf 85' lang='lat' dir='ltr'><strong>ani—</strong></span> 
     </span>
    </p>
   </div>
   <div class='ocr_carea' id='block_1_111' title="bbox 1966 4854 3544 4928">
    <p class='ocr_par' dir='ltr' id='par_1_111' title="bbox 1966 4854 3544 4928">
     <span class='ocr_line' id='line_1_111' title="bbox 1966 4854 3544 4928; baseline -0.006 -8"><span class='ocrx_word' id='word_1_827' title='bbox 1966 4868 2069 4921; x_wconf 92' lang='lat' dir='ltr'><strong>mis</strong></span> <span class='ocrx_word' id='word_1_828' title='bbox 2103 4864 2385 4919; x_wconf 90' lang='lat' dir='ltr'><strong>bominum</strong></span> <span class='ocrx_word' id='word_1_829' title='bbox 2426 4869 2554 4916; x_wconf 90' lang='lat' dir='ltr'><strong>sunt</strong></span> <span class='ocrx_word' id='word_1_830' title='bbox 2605 4860 2877 4928; x_wconf 90' lang='lat' dir='ltr'><strong>inspersa,</strong></span> <span class='ocrx_word' id='word_1_831' title='bbox 2911 4854 3189 4926; x_wconf 91' lang='lat' dir='ltr'><strong>quomodo</strong></span> <span class='ocrx_word' id='word_1_832' title='bbox 3229 4854 3297 4909; x_wconf 87' lang='lat' dir='ltr'><strong>ab</strong></span> <span class='ocrx_word' id='word_1_833' title='bbox 3334 4855 3544 4911; x_wconf 78' lang='lat' dir='ltr'><strong>Adamo</strong></span> 
     </span>
    </p>
   </div>
   <div class='ocr_carea' id='block_1_112' title="bbox 1968 4946 3545 5024">
    <p class='ocr_par' dir='ltr' id='par_1_112' title="bbox 1968 4946 3545 5024">
     <span class='ocr_line' id='line_1_112' title="bbox 1968 4946 3545 5024; baseline -0.006 -13"><span class='ocrx_word' id='word_1_834' title='bbox 1968 4970 2141 5024; x_wconf 91' lang='lat' dir='ltr'><strong>usque</strong></span> <span class='ocrx_word' id='word_1_835' title='bbox 2191 4953 2257 5007; x_wconf 88' lang='lat' dir='ltr'><strong>ad</strong></span> <span class='ocrx_word' id='word_1_836' title='bbox 2308 4960 2456 5006; x_wconf 91' lang='lat' dir='ltr'><strong>tuam</strong></span> <span class='ocrx_word' id='word_1_837' title='bbox 2512 4948 3005 5017; x_wconf 79' lang='lat' dir='ltr'><strong>transgressionem</strong></span> <span class='ocrx_word' id='word_1_838' title='bbox 3064 4946 3229 5016; x_wconf 85' lang='lat' dir='ltr'><strong>hujus</strong></span> <span class='ocrx_word' id='word_1_839' title='bbox 3285 4946 3545 5001; x_wconf 80' lang='lat' dir='ltr'><strong>vanitatis</strong></span> 
     </span>
    </p>
   </div>
   <div class='ocr_carea' id='block_1_113' title="bbox 1967 5041 3545 5115">
    <p class='ocr_par' dir='ltr' id='par_1_113' title="bbox 1967 5041 3545 5115">
     <span class='ocr_line' id='line_1_113' title="bbox 1967 5041 3545 5115; baseline -0.006 -11"><span class='ocrx_word' id='word_1_840' title='bbox 1967 5049 2180 5104; x_wconf 82' lang='lat' dir='ltr'><strong>fructus</strong></span> <span class='ocrx_word' id='word_1_841' title='bbox 2219 5061 2327 5100; x_wconf 90' lang='lat' dir='ltr'><strong>non</strong></span> <span class='ocrx_word' id='word_1_842' title='bbox 2359 5044 2579 5115; x_wconf 89' lang='lat' dir='ltr'><strong>prodiit,</strong></span> <span class='ocrx_word' id='word_1_843' title='bbox 2612 5042 2809 5097; x_wconf 91' lang='lat' dir='ltr'><strong>animis</strong></span> <span class='ocrx_word' id='word_1_844' title='bbox 2841 5041 3146 5104; x_wconf 84' lang='lat' dir='ltr'><strong>hominum,</strong></span> <span class='ocrx_word' id='word_1_845' title='bbox 3176 5051 3235 5095; x_wconf 92' lang='lat' dir='ltr'><strong>ut</strong></span> <span class='ocrx_word' id='word_1_846' title='bbox 3260 5048 3319 5095; x_wconf 93' lang='lat' dir='ltr'><strong>tu</strong></span> <span class='ocrx_word' id='word_1_847' title='bbox 3356 5041 3545 5110; x_wconf 86' lang='lat' dir='ltr'><strong>loque-</strong></span> 
     </span>
    </p>
   </div>
   <div class='ocr_carea' id='block_1_114' title="bbox 1968 5133 3544 5205">
    <p class='ocr_par' dir='ltr' id='par_1_114' title="bbox 1968 5133 3544 5205">
     <span class='ocr_line' id='line_1_114' title="bbox 1968 5133 3544 5205; baseline -0.009 -9"><span class='ocrx_word' id='word_1_848' title='bbox 1968 5141 2067 5205; x_wconf 88' lang='lat' dir='ltr'><strong>ris,</strong></span> <span class='ocrx_word' id='word_1_849' title='bbox 2118 5140 2336 5200; x_wconf 87' lang='lat' dir='ltr'><strong>insitus,</strong></span> <span class='ocrx_word' id='word_1_850' title='bbox 2389 5144 2449 5190; x_wconf 91' lang='lat' dir='ltr'><strong>ut</strong></span> <span class='ocrx_word' id='word_1_851' title='bbox 2496 5150 2695 5191; x_wconf 84' lang='lat' dir='ltr'><strong>nomen</strong></span> <span class='ocrx_word' id='word_1_852' title='bbox 2742 5133 2994 5189; x_wconf 71' lang='lat' dir='ltr'><strong>essentia:</strong></span> <span class='ocrx_word' id='word_1_853' title='bbox 3042 5140 3334 5189; x_wconf 84' lang='lat' dir='ltr'><strong>vocaretur</strong></span> <span class='ocrx_word' id='word_1_854' title='bbox 3382 5133 3544 5199; x_wconf 82' lang='grc' dir='ltr'>ἀγεν-</span> 
     </span>
    </p>
   </div>
   <div class='ocr_carea' id='block_1_115' title="bbox 1967 5221 3543 5307">
    <p class='ocr_par' dir='ltr' id='par_1_115' title="bbox 1967 5221 3543 5307">
     <span class='ocr_line' id='line_1_115' title="bbox 1967 5221 3543 5307; baseline -0.008 -20"><span class='ocrx_word' id='word_1_855' title='bbox 1967 5232 2147 5307; x_wconf 87' lang='grc' dir='ltr'>νησία,</span> <span class='ocrx_word' id='word_1_856' title='bbox 2192 5228 2321 5284; x_wconf 85' lang='lat' dir='ltr'><strong>illltd</strong></span> <span class='ocrx_word' id='word_1_857' title='bbox 2351 5228 2551 5299; x_wconf 82' lang='lat' dir='ltr'><strong>quippe</strong></span> <span class='ocrx_word' id='word_1_858' title='bbox 2580 5225 2808 5281; x_wconf 82' lang='lat' dir='ltr'><strong>dixisset</strong></span> <span class='ocrx_word' id='word_1_859' title='bbox 2841 5226 3005 5281; x_wconf 84' lang='lat' dir='ltr'><strong>etiam</strong></span> <span class='ocrx_word' id='word_1_860' title='bbox 3034 5225 3297 5285; x_wconf 84' lang='lat' dir='ltr'><strong>Adamns,</strong></span> <span class='ocrx_word' id='word_1_861' title='bbox 3345 5230 3399 5275; x_wconf 88' lang='lat' dir='ltr'><strong>et</strong></span> <span class='ocrx_word' id='word_1_862' title='bbox 3450 5221 3543 5290; x_wconf 88' lang='lat' dir='ltr'><strong>qui</strong></span> 
     </span>
    </p>
   </div>
   <div class='ocr_carea' id='block_1_116' title="bbox 1967 5309 3543 5393">
    <p class='ocr_par' dir='ltr' id='par_1_116' title="bbox 1967 5309 3543 5393">
     <span class='ocr_line' id='line_1_116' title="bbox 1967 5309 3543 5393; baseline -0.01 -14"><span class='ocrx_word' id='word_1_863' title='bbox 1967 5325 2225 5393; x_wconf 89' lang='lat' dir='ltr'><strong>deinceps</strong></span> <span class='ocrx_word' id='word_1_864' title='bbox 2254 5322 2321 5375; x_wconf 87' lang='lat' dir='ltr'><strong>ab</strong></span> <span class='ocrx_word' id='word_1_865' title='bbox 2361 5321 2453 5375; x_wconf 92' lang='lat' dir='ltr'><strong>illo</strong></span> <span class='ocrx_word' id='word_1_866' title='bbox 2482 5317 2655 5373; x_wconf 79' lang='lat' dir='ltr'><strong>exorti</strong></span> <span class='ocrx_word' id='word_1_867' title='bbox 2686 5324 2815 5373; x_wconf 90' lang='lat' dir='ltr'><strong>sunt</strong></span> <span class='ocrx_word' id='word_1_868' title='bbox 2840 5330 3054 5376; x_wconf 90' lang='lat' dir='ltr'><strong>omnes,</strong></span> <span class='ocrx_word' id='word_1_869' title='bbox 3083 5312 3348 5382; x_wconf 90' lang='lat' dir='ltr'><strong>siquidem</strong></span> <span class='ocrx_word' id='word_1_870' title='bbox 3380 5324 3411 5364; x_wconf 85' lang='lat' dir='ltr'><strong>a</strong></span> <span class='ocrx_word' id='word_1_871' title='bbox 3434 5309 3543 5365; x_wconf 88' lang='lat' dir='ltr'><strong>Deo</strong></span> 
     </span>
    </p>
   </div>
   <div class='ocr_carea' id='block_1_117' title="bbox 1969 5399 3543 5471">
    <p class='ocr_par' dir='ltr' id='par_1_117' title="bbox 1969 5399 3543 5471">
     <span class='ocr_line' id='line_1_117' title="bbox 1969 5399 3543 5471; baseline -0.01 -2"><span class='ocrx_word' id='word_1_872' title='bbox 1969 5416 2075 5470; x_wconf 88' lang='lat' dir='ltr'><strong>tale</strong></span> <span class='ocrx_word' id='word_1_873' title='bbox 2103 5424 2312 5469; x_wconf 73' lang='lat' dir='ltr'><strong>natura:</strong></span> <span class='ocrx_word' id='word_1_874' title='bbox 2342 5410 2567 5465; x_wconf 89' lang='lat' dir='ltr'><strong>insitum</strong></span> <span class='ocrx_word' id='word_1_875' title='bbox 2595 5416 2731 5463; x_wconf 89' lang='lat' dir='ltr'><strong>erat.</strong></span> <span class='ocrx_word' id='word_1_876' title='bbox 2765 5401 3231 5471; x_wconf 88' lang='lat' dir='ltr'><strong>Quemadmodum</strong></span> <span class='ocrx_word' id='word_1_877' title='bbox 3254 5399 3399 5454; x_wconf 91' lang='lat' dir='ltr'><strong>enim</strong></span> <span class='ocrx_word' id='word_1_878' title='bbox 3424 5416 3543 5470; x_wconf 73' lang='lat' dir='ltr'><strong>qua:</strong></span> 
     </span>
    </p>
   </div>
   <div class='ocr_carea' id='block_1_118' title="bbox 1968 5490 3542 5560">
    <p class='ocr_par' dir='ltr' id='par_1_118' title="bbox 1968 5490 3542 5560">
     <span class='ocr_line' id='line_1_118' title="bbox 1968 5490 3542 5560; baseline -0.007 -4"><span class='ocrx_word' id='word_1_879' title='bbox 1968 5517 2031 5556; x_wconf 80' lang='lat' dir='ltr'><strong>ex</strong></span> <span class='ocrx_word' id='word_1_880' title='bbox 2060 5508 2205 5555; x_wconf 88' lang='lat' dir='ltr'><strong>terra</strong></span> <span class='ocrx_word' id='word_1_881' title='bbox 2231 5497 2555 5559; x_wconf 78' lang='lat' dir='ltr'><strong>funduntur,</strong></span> <span class='ocrx_word' id='word_1_882' title='bbox 2580 5511 2648 5549; x_wconf 79' lang='lat' dir='ltr'><strong>ex</strong></span> <span class='ocrx_word' id='word_1_883' title='bbox 2673 5493 2920 5547; x_wconf 89' lang='lat' dir='ltr'><strong>seminali</strong></span> <span class='ocrx_word' id='word_1_884' title='bbox 2948 5490 3297 5546; x_wconf 85' lang='lat' dir='ltr'><strong>successione</strong></span> <span class='ocrx_word' id='word_1_885' title='bbox 3323 5504 3351 5542; x_wconf 90' lang='lat' dir='ltr'><strong>a</strong></span> <span class='ocrx_word' id='word_1_886' title='bbox 3371 5490 3542 5560; x_wconf 88' lang='lat' dir='ltr'><strong>prima</strong></span> 
     </span>
    </p>
   </div>
   <div class='ocr_carea' id='block_1_119' title="bbox 1970 5581 3543 5659">
    <p class='ocr_par' dir='ltr' id='par_1_119' title="bbox 1970 5581 3543 5659">
     <span class='ocr_line' id='line_1_119' title="bbox 1970 5581 3543 5659; baseline -0.008 -10"><span class='ocrx_word' id='word_1_887' title='bbox 1970 5593 2244 5649; x_wconf 88' lang='lat' dir='ltr'><strong>creatione</strong></span> <span class='ocrx_word' id='word_1_888' title='bbox 2276 5606 2490 5659; x_wconf 90' lang='lat' dir='ltr'><strong>semper</strong></span> <span class='ocrx_word' id='word_1_889' title='bbox 2528 5592 2867 5658; x_wconf 89' lang='lat' dir='ltr'><strong>permanent,</strong></span> <span class='ocrx_word' id='word_1_890' title='bbox 2922 5581 3242 5651; x_wconf 87' lang='lat' dir='ltr'><strong>nullumque</strong></span> <span class='ocrx_word' id='word_1_891' title='bbox 3278 5596 3465 5637; x_wconf 89' lang='lat' dir='ltr'><strong>semen</strong></span> <span class='ocrx_word' id='word_1_892' title='bbox 3512 5598 3543 5637; x_wconf 84' lang='lat' dir='ltr'><strong>a</strong></span> 
     </span>
    </p>
   </div>
   <div class='ocr_carea' id='block_1_120' title="bbox 1969 5674 3546 5752">
    <p class='ocr_par' dir='ltr' id='par_1_120' title="bbox 1969 5674 3546 5752">
     <span class='ocr_line' id='line_1_120' title="bbox 1969 5674 3546 5752; baseline -0.008 -13"><span class='ocrx_word' id='word_1_893' title='bbox 1969 5692 2166 5739; x_wconf 84' lang='lat' dir='ltr'><strong>natura</strong></span> <span class='ocrx_word' id='word_1_894' title='bbox 2208 5683 2261 5737; x_wconf 90' lang='lat' dir='ltr'><strong>in</strong></span> <span class='ocrx_word' id='word_1_895' title='bbox 2305 5679 2592 5752; x_wconf 82' lang='lat' dir='ltr'><strong>praesentia</strong></span> <span class='ocrx_word' id='word_1_896' title='bbox 2634 5676 2948 5745; x_wconf 82' lang='lat' dir='ltr'><strong>innovatur,</strong></span> <span class='ocrx_word' id='word_1_897' title='bbox 3003 5675 3083 5730; x_wconf 84' lang='lat' dir='ltr'><strong>sic</strong></span> <span class='ocrx_word' id='word_1_898' title='bbox 3130 5684 3184 5729; x_wconf 90' lang='lat' dir='ltr'><strong>et</strong></span> <span class='ocrx_word' id='word_1_899' title='bbox 3234 5674 3321 5730; x_wconf 83' lang='lat' dir='ltr'><strong>hic</strong></span> <span class='ocrx_word' id='word_1_900' title='bbox 3363 5687 3546 5729; x_wconf 85' lang='lat' dir='ltr'><strong>sermo</strong></span> 
     </span>
    </p>
   </div>
  </div>
