4020 6140
446 1679 449 1681 ς
531 1620 820 1681 alienatur,
850 1624 902 1670 et
931 1615 976 1670 si
1010 1614 1139 1684 quid
1167 1614 1309 1667 aliud
1342 1614 1447 1666 tale
1471 1612 1789 1667 conceditur
1814 1626 2104 1666 commune

516 232 654 289 £095
1790 218 1847 271 S.
1889 214 2215 274 GREGORII
2253 216 2542 274 NYSSENI
3677 210 3839 267 1096

516 341 797 421 siquidem
816 348 981 408 esset,
1039 348 1098 394 ut
1147 345 1205 392 tu
1249 334 1354 401 ais,
1401 343 1611 388 naturae
1646 346 1675 385 ιι
1723 331 1831 387 Deo
1866 331 2086 396 insitus,

2222 332 2417 403 ;αρόντι
2468 332 2689 405 σπέρμα
2725 332 3128 403 καινοτομεῖται
3175 326 3326 398 παρὰ
3371 325 3477 395 τῆς
3549 322 3838 393 φύσεως,

518 414 641 497 cuin
686 437 859 509 prima
886 438 1169 504 parentum
1200 427 1641 499 primigenarum.
1668 438 1798 478 voce
1830 421 2092 493 pullulas-

2222 426 2372 488 ιῦτως
2405 426 2498 479 καὶ
2542 427 2569 479 ὁ
2611 425 2767 493 λόγος
2808 417 2962 487 οὗτος
3005 422 3161 492 εἴπερ
3195 416 3282 491 ἦν,
3317 417 3504 481 καθὼς
3563 414 3638 468 σὺ
3674 415 3803 485 φξῆ
3822 459 3838 481 ο

521 541 624 597 set,
656 538 710 584 et
741 542 863 583 cum
897 531 1243 596 posterorum
1273 517 1625 575 successione
1648 515 1961 586 prodiisset.
1990 512 2097 567 Sed

2222 518 2383 571 ledOav
2426 510 2872 588 κατεσπαρμένος
2913 517 2980 586 τῇ
3029 514 3220 582 φύσει,
3253 514 3319 583 τῇ
3355 508 3564 582 πρώτῃ
3607 508 3683 561 ἂν
3714 508 3837 559 τῶν

518 621 777 692 quoniam
814 618 919 671 hoc
952 616 1020 670 ab
1070 613 1226 668 initio
1259 627 1365 665 non
1397 615 1535 673 erat,
1588 607 1770 662 nullus
1809 605 1954 660 enim
1988 604 2099 674 pri-

2222 609 2643 681 τρωτοπλάστων
2691 611 2841 680 φωνῇ
2879 606 3277 675 συνεϐλάστησε
3299 644 3314 666 ,
3344 604 3440 655 καὶ
3468 604 3546 671 τῇ
3590 599 3835 667 διαδοχῇ

519 690 734 769 morum
790 710 890 763 fuit
936 721 1110 777 usque
1156 704 1223 758 ad
1268 702 1519 765 homines
1570 700 1735 769 hujus
1784 698 1980 760 aetatis,
2033 696 2101 749 ad

2222 704 2310 756 τῶν
2336 701 2726 772 ἐπιγινομένων
2762 698 3192 770 συνδιεξήρχετο.
3244 697 3380 748 Ἀλλ’
3416 692 3629 763 ἐπειδὴ
3661 690 3837 743 τοῦτο

522 820 663 877 quos
697 802 807 857 tale
841 802 1057 855 locutus
1106 808 1209 858 est,
1261 795 1609 865 perspicuum
1647 792 1806 861 plane
1836 797 1919 845 est
1956 786 2104 858 quod

2222 792 2360 864 παρὰ
2408 793 2511 863 τὴν
2562 794 2783 864 πρώτην
2838 785 3067 861 οὐχ’ἦν,
3111 788 3283 851 οὐδεὶς
3324 786 3436 856 γὰρ
3489 784 3619 837 τῶν

524 873 895 954 adulterinum
949 892 1080 964 quid
1129 898 1183 945 et
1232 901 1510 959 perperam
1566 887 1843 939 inventum
1892 898 1955 938 ex
2001 882 2106 935 hoc

2222 900 2312 937 των
2345 884 2505 955 μέχρι
2536 883 2642 936 τῶν
2686 881 2778 936 νῦν
2809 883 3108 952 ἀνθρώπων
3146 881 3279 949 πρὸς
3311 877 3404 941 οὓς
3446 877 3509 930 τὸ
3564 873 3834 928 τοιοῦτον

524 991 776 1045 loliorum
834 962 981 1042 satu—
1010 991 1232 1039 enatmn
1283 988 1389 1043 est,
1443 993 1554 1032 non
1597 993 1661 1031 ex
1705 974 1950 1047 pulchris
1996 972 2106 1029 illis

2222 976 2535 1047 ιφθέγξατο,
2576 976 2732 1044 δῆλον
2759 974 2840 1027 ὅτι
2875 974 3027 1026 νόθον
3053 989 3106 1024 τι
3136 971 3229 1024 καὶ
3280 962 3738 1040 παρευρημένων
3766 968 3832 1016 ἐκ

534 1080 838 1137 seminibus
893 1090 1013 1147 qua;
1065 1080 1277 1128 naturas
1324 1084 1473 1142 agro,
1529 1076 1588 1122 ut
1635 1082 1761 1135 cum
1811 1064 2106 1135 Evangelio

2222 1071 2305 1140 τῆς
2335 1067 2684 1133 ζιζανιὼδους
2714 1065 2919 1136 ἁνεφύη
2971 1067 3208 1135 σπορᾶς,
3236 1064 3333 1116 οὐκ
3372 1064 3439 1113 ἐκ
3473 1061 3597 1112 τῶν
3637 1058 3831 1110 καλῶς

531 1174 729 1241 loquar
752 1170 821 1231 ’°,
857 1168 1001 1221 Deus
1034 1163 1344 1218 mandavit:
1392 1175 1512 1230 qua:
1536 1159 1678 1214 enim
1709 1158 1867 1227 plane
1899 1163 2026 1211 sunt
2051 1156 2105 1211 in

2222 1160 2429 1215 ἐκείνων
2458 1159 2806 1231 σπερμάτων,
2836 1157 2871 1211 ἃ
2894 1156 2969 1227 τῷ
3008 1156 3161 1225 ἀγρῷ
3191 1155 3286 1224 τῆς
3326 1153 3554 1223 φύσεως
3582 1191 3599 1214 ,
3650 1151 3829 1217 εὐαγ-

529 1260 804 1317 conimuni
836 1268 1048 1322 natura,
1077 1270 1183 1308 non
1225 1267 1371 1308 nunc
1401 1260 1460 1306 ut
1491 1251 1603 1306 sint
1647 1248 1975 1320 principium
2009 1246 2107 1301 ha-

2222 1251 2439 1321 γελικῶς
2467 1252 2660 1311 εἰπεῖν,
2706 1251 2734 1303 ὁ
2771 1248 2903 1311 Θεὸς
2932 1246 3278 1301 κατεϐάλετο.
3307 1245 3454 1297 Ὅσα
3483 1242 3611 1311 γὰρ
3650 1242 3712 1293 ἐν
3758 1244 3825 1309 τῇ

526 1353 677 1415 bent,
705 1349 801 1404 sed
829 1363 894 1402 ex
920 1346 1092 1416 prima
1134 1342 1524 1398 constitutione
1552 1355 1675 1394 cum
1709 1346 1902 1394 natura
1936 1352 2106 1407 appa-

2222 1347 2357 1416 ιοινῇ
2395 1342 2552 1413 φύσει
2575 1342 2790 1404 πάντως
2813 1342 2976 1403 ἐστὶν,
3000 1340 3060 1393 οὐ
3089 1339 3182 1391 νῦν
3208 1338 3301 1391 τοῦ
3324 1332 3470 1390 εἶναι
3494 1336 3613 1404 τὴν
3646 1334 3827 1404 ἀρχῇ

528 1450 793 1496 ruerunt:
839 1440 983 1493 sicut
1032 1433 1301 1489 sentiendi
1352 1433 1841 1487 instrumentorum
1875 1430 2103 1492 functio,

2222 1436 2343 1506 ἔχει,
2394 1434 2511 1487 ἀλλ’
2555 1437 2618 1487 ἐκ
2672 1435 2771 1505 τῆς
2833 1433 3053 1503 πρώτης
3100 1430 3410 1492 συστάσεως
3455 1426 3825 1495 συνανεςρεὶτη

530 1535 583 1581 et
630 1541 755 1579 cum
791 1523 857 1578 ad
906 1521 1114 1592 aliquid
1159 1522 1321 1575 homo
1346 1520 1646 1590 cupiditate
1691 1520 1972 1583 incitatur,
2022 1518 2104 1573 vel

2222 1526 2272 1594 τῇ
2306 1523 2485 1592 φύσει·
2520 1523 2595 1587 ὡς
2624 1523 2658 1591 ἦ
2690 1540 2746 1576 τε
2775 1522 2880 1575 τῶν
2916 1519 3283 1591 αἰσθητηρίων
3313 1517 3606 1588 ἐνέργεια,
3643 1515 3743 1567 καὶ
3773 1516 3827 1566 τὸ

2215 1616 2351 1686 πρός
2378 1633 2429 1669 τι
2463 1615 2553 1668 τὸν
2600 1613 2883 1685 ἄνθρωπον
2937 1610 3381 1682 ἐπιθυμητικῶς,
3420 1608 3457 1677 ἢ
3505 1606 3827 1677 ἀλλοτρίως

532 1716 762 1771 naturae,
791 1718 1023 1775 quorum
1048 1702 1183 1757 nihil
1215 1703 1266 1756 in
1291 1702 1520 1771 posteris
1544 1701 1653 1755 vita
1683 1701 1983 1765 innovavit,
2016 1701 2109 1755 sed

2222 1708 2381 1779 ἔχειν,
2412 1707 2507 1760 καὶ
2536 1705 2589 1759 εἴ
2616 1724 2667 1760 τι
2697 1706 2824 1760 ἄλλο
2852 1704 3089 1759 τοιοῦτον
3114 1703 3461 1774 ὁμολογεῖται
3494 1701 3691 1753 κοινὸν
3721 1699 3824 1768 τῆς

530 1803 586 1858 in
626 1801 762 1871 ipsis
792 1796 1220 1869 proprietatibus
1264 1810 1292 1847 a
1339 1793 1530 1863 primis
1574 1809 1747 1863 usque
1792 1793 1859 1847 ad
1892 1793 2114 1849 ultimos

530 1900 888 1949 conservatur
914 1904 1132 1960 semper
1173 1886 1317 1957 quod
1349 1887 1651 1940 humanum
1694 1894 1797 1950 est,
1848 1886 1981 1940 nihil
2018 1901 2117 1939 na-

531 1994 652 2039 tura
672 1997 849 2051 neque
869 1995 1062 2036 eorum
1093 1994 1213 2048 quae
1241 1992 1269 2031 a
1301 1977 1571 2047 principio
1592 1978 1781 2033 insunt
1806 1977 2118 2046 abjiciente,

532 2090 708 2144 neque
746 2087 935 2128 eorum
990 2084 1111 2140 quae
1156 2084 1265 2124 non
1320 2069 1511 2123 insunt
1565 2076 1902 2125 assumente.
1963 2066 2121 2121 Sicut

532 2167 737 2231 videre,
771 2172 982 2217 natura:
1006 2161 1224 2231 quidem
1253 2176 1451 2215 munus
1491 2174 1614 2215 esse
1641 2174 1805 2215 nemo
1834 2174 1941 2214 non
1979 2173 2112 2213 con-

537 2257 738 2320 titctur,
781 2252 877 2308 sed
912 2252 1209 2306 artiliciose
1236 2250 1420 2305 videre
1452 2265 1516 2304 ex
1564 2250 1834 2305 industria
1862 2257 1915 2304 et
1946 2248 2119 2303 artifi-

534 2345 622 2399 cio
655 2344 723 2397 iis
754 2341 847 2412 qui
876 2339 1126 2396 scientiis
1150 2346 1205 2393 et
1243 2339 1549 2408 disciplinis
1582 2353 1802 2407 operam
1846 2337 2121 2407 impendio

534 2435 802 2491 dederunt
823 2431 1061 2486 advenit.
1100 2430 1214 2485 Non
1243 2430 1385 2484 enim
1412 2430 1656 2484 omnium
1695 2430 1923 2500 dioptrae
1944 2429 2123 2484 scien-

543 2526 685 2580 tilica
714 2523 976 2594 cognitio,
1014 2522 1094 2575 vel
1125 2520 1576 2591 geometricarum
1611 2520 1876 2574 linearum
1902 2519 2124 2574 demon-

536 2614 761 2669 strativa
796 2611 1209 2679 contemplatio,
1245 2611 1327 2663 vel
1359 2610 1404 2665 si
1436 2608 1565 2678 quid
1610 2610 1717 2664 tale
1750 2608 1900 2663 aliud
1935 2623 1964 2662 a
1993 2608 2118 2677 qui-

537 2706 638 2760 bus
675 2718 783 2757 non
824 2701 1031 2764 videre,
1082 2700 1177 2755 sed
1210 2700 1277 2754 ad
1327 2700 1531 2769 aliquid
1574 2700 1653 2754 uti
1692 2699 1915 2754 videndi
1971 2707 2119 2765 actu,

537 2795 605 2850 ab
638 2800 753 2849 arte
797 2794 1079 2847 inventum
1127 2798 1244 2846 est:
1310 2791 1390 2846 sic
1439 2790 1653 2845 ratione
1698 2790 1886 2845 utendi
1926 2804 2122 2843 munus

536 2898 828 2941 commune
865 2882 1086 2954 quidem
1130 2898 1253 2938 esse
1294 2883 1547 2937 humana:
1583 2888 1794 2937 natum
1836 2880 2037 2936 dixerit
2068 2890 2123 2938 et

537 2976 845 3047 proprium,
890 2975 1126 3042 desuper
1150 2986 1275 3026 cum
1324 2982 1517 3027 natura
1545 2980 1611 3027 etv
1635 2972 1943 3028 substantia
1985 2985 2116 3025 con-

539 3069 724 3122 situm.
758 3065 863 3121 Sed
892 3065 1055 3120 rebus
1078 3080 1198 3135 quae
1229 3073 1356 3119 sunt
1386 3080 1546 3120 voces
1580 3064 1822 3119 invenire
1854 3072 1908 3118 et
1936 3063 2113 3133 appel-

540 3138 789 3213 lationes,
819 3171 1001 3212 rerum
1056 3157 1447 3227 signiticativas
1509 3157 1791 3212 hominum
1843 3173 1967 3213 esse
2016 3156 2109 3227 qui

538 3250 900 3305 ratiocinandi
944 3248 1253 3305 facultatem
1303 3266 1332 3304 a
1386 3251 1495 3305 Deo
1550 3252 1603 3304 in
1655 3251 1849 3321 seipsis
1887 3250 2110 3315 habent,

538 3343 632 3416 qui
678 3357 910 3414 semper,
947 3350 1007 3396 ut
1048 3342 1182 3412 ipsis
1210 3343 1408 3412 placet,
1441 3341 1507 3395 ad
1549 3356 1737 3396 eorum
1780 3355 1901 3410 quae
1931 3341 2115 3395 decla-

538 3443 730 3489 rantur
757 3428 1196 3504 explanationem
1225 3432 1492 3486 dictiones
1520 3431 1734 3500 aliquas
1758 3445 1938 3485 rerum
1970 3432 2115 3501 ipsa—

540 3543 659 3583 rum
696 3526 904 3581 indices
931 3534 985 3580 et
1014 3535 1170 3579 notas
1204 3523 1535 3593 excogitant.
1573 3522 1677 3577 Sed
1711 3522 1758 3578 si
1801 3522 1914 3577 haec
1943 3522 2115 3577 robur

543 3617 796 3679 habeant,
825 3614 1059 3668 duorum
1087 3612 1265 3682 inquit
1300 3612 1529 3667 alterum
1562 3613 1758 3673 astrui,
1790 3613 1874 3668 vel
1902 3612 1987 3666 his
2021 3612 2115 3682 qui

540 3705 1033 3761 comminiscuntur
1063 3704 1577 3759 commentationem
1610 3704 1997 3773 antiquiorem,
2030 3703 2115 3759 vel

542 3798 655 3854 Deo
690 3797 989 3852 secundum
1025 3802 1275 3850 naturam
1308 3782 1700 3853 convenientes
1724 3797 2115 3867 appellationes

541 3902 596 3945 et
650 3889 906 3943 omnibus
948 3888 1386 3958 praaexsistentes
1432 3888 1712 3942 hominum
1767 3888 2115 3959 generatione

545 3979 899 4051 posteriores.
947 3978 1088 4049 Ergo
1133 3976 1334 4034 talibus
1362 3980 1773 4050 repugnandum
1813 3987 1897 4035 est
1931 3989 1985 4035 et
2015 3982 2116 4036 ob-

544 4077 824 4138 standum,
857 4078 910 4126 et
943 4071 1008 4125 ad
1040 4079 1150 4123 tam
1187 4070 1468 4124 molestam
1501 4071 1791 4125 amentiam
1824 4085 1919 4141 per
1949 4072 2116 4125 ratio-

552 4183 673 4223 nem
705 4162 1125 4220 conserendum.
1159 4160 1358 4231 Ecquis
1402 4161 1474 4215 ita
1504 4161 1729 4232 simplex
1764 4173 1822 4217 ut
1862 4179 1958 4233 per
1991 4164 2118 4218 talia

544 4260 667 4317 hcdi
700 4265 851 4328 putet
882 4265 936 4312 et
966 4256 1258 4317 existimet,
1292 4254 1338 4308 si
1363 4255 1528 4309 verba
1555 4255 1976 4311 ratiocinatricis
1996 4270 2119 4311 esse

2217 1801 2450 1870 φύσεως,
2481 1794 2554 1852 ὧν
2586 1797 2736 1851 οὐδὲν
2772 1799 2827 1850 ἐν
2868 1799 2976 1860 τοῖς
3013 1794 3409 1864 ἐπιγινομένοις
3436 1794 3467 1844 ὁ
3499 1791 3626 1861 βίος
3664 1790 3822 1842 ἐκαι-

2217 1890 2549 1959 νοτόμησεν,
2589 1888 2704 1942 ἀλλ’
2755 1890 2811 1941 ἐν
2850 1890 2962 1949 τοῖς
3000 1889 3181 1951 αὐτοῖς
3218 1885 3509 1955 ἰδιώμασιν
3554 1883 3677 1937 ἀπὸ
3710 1882 3820 1935 τῶν

2217 1978 2449 2047 πρώτων
2486 1978 2644 2049 μέχρι
2679 1978 2786 2031 τῶν
2823 1979 3061 2048 ἐσχάτων
3101 1979 3445 2047 συντηρεῖται
3475 1974 3570 2028 διὰ
3615 1972 3821 2033 παντὶς

2217 2070 2277 2122 τὸ
2302 2068 2658 2141 ἀνθρώπινον·
2698 2070 2849 2124 οὐδὲν
2874 2071 2971 2141 τῆς
3005 2070 3215 2140 φύσεως
3245 2067 3367 2120 οὔτε
3398 2067 3510 2121 τῶν
3538 2065 3607 2131 ἐξ
3643 2063 3819 2134 ἀρχῆς

2220 2162 2528 2232 προσόντων
2574 2161 2983 2232 άποϐαλλούσης
3009 2202 3023 2225 ,
3069 2160 3192 2216 οὔτε
3221 2159 3329 2213 τῶν
3365 2159 3440 2230 μὴ
3492 2158 3818 2228 προσόντων

2222 2250 2762 2321 προσλαμϐανούσης.
2790 2251 2999 2321 Ὥσπερ
3022 2249 3076 2302 δὲ
3100 2249 3160 2301 τὸ
3194 2249 3289 2319 μὲν
3315 2247 3449 2317 ὸρᾷν
3472 2243 3663 2297 κοινὸν
3693 2242 3817 2311 ὁμο-

2221 2342 2454 2409 λογεῖται
2478 2342 2577 2412 τῆς
2603 2342 2815 2411 φύσεως
2834 2382 2847 2405 ,
2878 2342 2937 2394 τὸ
2962 2341 3019 2395 δὲ
3046 2340 3305 2411 τεχνικῶς
3348 2340 3484 2409 ὁρᾷν
3517 2337 3583 2401 ἐξ
3619 2338 3812 2405 ἐπιτη-

2221 2433 2451 2497 δεύσεως
2473 2436 2583 2497 τοῖς
2604 2432 2957 2486 ἐσπουδακόσι
2982 2434 3109 2503 περὶ
3120 2432 3220 2495 τὰς
3246 2430 3561 2500 ἐπιστήμας
3582 2425 3815 2498 προσγί-

2222 2543 2387 2579 νεται.
2419 2528 2491 2579 Οὐ
2514 2526 2619 2595 γὰρ
2649 2524 2863 2577 πάντων
2906 2525 3050 2577 ἐστὶν
3080 2525 3113 2594 ἡ
3145 2522 3231 2576 διὰ
3264 2525 3363 2593 τῆς
3394 2521 3667 2590 διόπτρας
3695 2521 3813 2572 ἐπιο

2224 2619 2521 2689 στημονικὴ
2557 2618 2901 2688 κατανόησις,
2926 2618 2958 2688 ἣ
2983 2615 3091 2668 τῶν
3114 2613 3506 2685 γεωμετρικῶν
3527 2610 3812 2683 γραμμῶν

2222 2713 2255 2781 ή
2286 2710 2641 2780 ἀποδεικτικὴ
2668 2710 2888 2780 Θεωρία,
2910 2709 2942 2780 ἢ
2968 2709 3021 2761 ετ
3060 2725 3111 2760 τι
3138 2707 3346 2772 τοιοῦτρ
3376 2707 3591 2777 ἕτερον,
3620 2708 3715 2774 ἀφ’
3738 2699 3810 2759 ὧν

2223 2804 2283 2856 οὐ
2313 2803 2373 2855 τὸ
2404 2802 2638 2873 βλέπειν,
2666 2801 2799 2854 ἀλλὰ
2828 2801 2887 2853 τὸ
2916 2800 3050 2871 πρός
3073 2817 3124 2852 τι
3148 2799 3444 2871 κεχρῆσθαι
3480 2798 3559 2868 τῷ
3591 2798 3809 2868 βλέπειν

2226 2894 2377 2965 παρὰ
2405 2894 2504 2964 τῆς
2535 2893 2729 2963 τέχνης
2780 2892 3115 2963 ἐφεύρηται’
3152 2890 3296 2943 οὓτω
3339 2890 3433 2943 καὶ
3478 2889 3539 2942 τὺ
3592 2888 3807 2957 λογικὸν

2228 2984 2325 3053 μὲν
2350 2979 2508 3045 εἶναι,
2535 2983 2710 3036 κοινὸν
2743 2982 2807 3036 ἄν
2837 3001 2918 3045 τις
2944 2983 3089 3035 είποι
3116 2982 3213 3053 τῆς
3236 2980 3585 3051 ἀνθρωπίνης
3622 2981 3808 3043 οὐσίας

2217 3077 2311 3130 καὶ
2346 3077 2476 3130 ἴδιον
2509 3074 2718 3129 ἄνωθεν
2750 3072 3294 3142 συγκατουσιωμένον
3327 3075 3392 3142 τῇ
3428 3072 3612 3140 φύσει.
3654 3072 3726 3123 Τὸ
3753 3071 3805 3123 δέ

2213 3170 2323 3231 τοῖς
2344 3163 2462 3221 οὖσι
2495 3167 2832 3243 σημαντικὰς
2849 3166 3029 3236 φωνὰς
3045 3166 3387 3238 ἐφευρίσκειν
3412 3168 3507 3218 καὶ
3531 3182 3805 3236 προσηγο-

2218 3257 2335 3329 ρίας
2368 3257 2476 3309 τῶν
2516 3255 2817 3326 ἀνθρώπων
2855 3252 2994 3308 εἶναι
3034 3256 3142 3309 τῶν
3179 3255 3276 3325 τὴν
3310 3254 3537 3323 λογικὴν
3573 3255 3800 3325 δύναμιν

2215 3347 2399 3402 θεόθεν
2443 3350 2500 3400 ἐν
2542 3348 2754 3410 ἑαυτοῖς
2801 3346 3172 3417 κεκτημένων,
3222 3346 3329 3400 τῶν
3372 3347 3480 3409 ἀεὶ,
3533 3347 3679 3401 κατὰ
3748 3347 3803 3399 τὸ

2214 3440 2467 3509 ἀρέσκον,
2496 3440 2677 3502 αὐτοῖς
2703 3438 2836 3509 πρὸς
2862 3439 2960 3509 τὴν
2986 3436 3094 3490 τῶν
3126 3437 3471 3508 δηλουμένων
3506 3440 3801 3509 σαφήνειαν

2213 3531 2387 3598 λέξεις
2411 3534 2561 3594 τινας
2585 3531 2691 3586 τῶν
2718 3532 3059 3603 πραγμάτων
3083 3530 3423 3601 ἐμφαντικὰς
3449 3530 3800 3601 ἐφευρισκὸν-

2214 3642 2342 3680 των.
2382 3624 2523 3685 Ἀλλ’
2558 3624 2651 3677 ἐὰν
2681 3624 2852 3677 ταῦτα
2890 3629 3100 3696 κρατῇ,
3130 3624 3273 3677 δυοῖν
3298 3640 3430 3693 φησι
3465 3622 3802 3675 κατασκευά-

2216 3710 2401 3778 ζεσθαι
2426 3712 2669 3783 θάτερον,
2689 3714 2731 3784 ἢ
2749 3712 2855 3766 τῶν
2882 3714 3236 3767 ἐπινοούντων
3259 3712 3356 3782 τὴν
3385 3711 3638 3764 ἐπίνοιαν
3674 3724 3797 3779 πρε-

2216 3805 2480 3877 σϐυτέραν
2506 3806 2537 3876 ἦ
2559 3805 2657 3866 τὰς
2673 3805 2750 3876 τῷ
2768 3805 2883 3877 Θεῷ
2899 3806 3038 3859 κατὰ
3060 3806 3217 3875 φύσιν
3234 3802 3619 3876 προσηκούσας
3639 3818 3797 3873 προσ-

2216 3899 2441 3971 ηγορίας
2467 3898 2560 3953 καὶ
2590 3899 2806 3952 πάντων
2836 3898 3293 3970 προϋπαρχούσας
3311 3939 3325 3962 ,
3352 3900 3453 3968 τῆς
3476 3897 3589 3950 τῶν
3611 3894 3798 3965 ἀνθρὼ-

2216 4007 2332 4043 πων
2363 3990 2628 4058 γενέσεως
2653 3988 2904 4059 ὑστέρας.
2939 3989 3002 4040 Ἀ
3016 4005 3080 4059 ρα
3109 4004 3169 4056 γε
3190 3988 3329 4057 πρὸς
3352 3987 3420 4039 τὰ
3443 3985 3668 4039 τοιαῦτα
3695 3986 3797 4037 δια-

2220 4080 2484 4152 μάχεσθαι
2508 4080 2754 4151 χρὴ,.καὶ
2781 4079 2913 4149 πρὸς
2936 4078 3032 4150 τὴν
3060 4078 3233 4142 οὕτως
3260 4077 3481 4149 ἔκδηλον
3506 4078 3689 4131 ἄνοιαν
3716 4074 3793 4126 διὰ

2215 4170 2307 4225 τοῦ
2329 4172 2483 4239 λόγου
2504 4171 2927 4241 συμπλέκεσθαι.
2950 4172 3061 4224 Καὶ
3086 4172 3170 4234 τίς
3185 4170 3355 4234 οὕτως
3380 4168 3603 4239 εὐτελὴς
3622 4170 3692 4231 ὡς
3714 4165 3794 4220 διὰ

2220 4262 2328 4316 τῶν
2357 4262 2612 4317 τοιούτων
2644 4263 2905 4333 βλαϐῆναι
2943 4264 3037 4316 καὶ
3072 4262 3326 4334 νομίσαι,
3362 4262 3410 4313 εί
3454 4260 3553 4328 τῆς
3584 4259 3792 4327 λογικῆς

547 4349 819 4406 facultatis
844 4348 1161 4413 credantur,
1197 4345 1320 4400 ideo
1361 4346 1523 4400 etiam
1555 4346 1885 4400 conﬁteatur
1925 4348 2117 4402 verbo-

2224 4355 2505 4425 δυνάμεως
2532 4350 2669 4409 εἶναι
2703 4356 3014 4427 πιστευθείη
3044 4355 3113 4407 τὰ
3143 4357 3384 4425 ῥήματα,
3419 4353 3516 4407 καὶ
3544 4350 3790 4422 πρεσὸεν-

547 4459 665 4497 ηιιιι
714 4456 878 4497 voces
932 4439 1278 4509 loquentibus
1327 4451 1450 4493 esse
1513 4438 1873 4508 antiquiores,
1924 4440 2009 4494 vel
2066 4439 2121 4493 in

548 4536 716 4592 Deum
745 4551 805 4591 se
834 4548 1060 4605 peccare
1091 4532 1389 4594 existimet,
1427 4531 1475 4585 si
1514 4531 1783 4596 homines,
1832 4540 2119 4601 postquam

547 4626 714 4698 geniti
747 4634 895 4692 sunt,
947 4637 1047 4695 pro
1073 4632 1235 4694 captu
1271 4639 1371 4678 suo
1402 4621 1567 4677 Deum
1607 4624 1929 4678 nominant?
1964 4623 2122 4690 Quod

548 4718 693 4773 enim
721 4715 1132 4788 supereminens
1154 4722 1350 4769 natura
1384 4728 1489 4768 non
1512 4714 1748 4783 indigeat
1776 4715 1977 4779 verbis,
2001 4731 2122 4785 quae

550 4824 683 4862 voce
715 4818 769 4863 et
794 4808 977 4878 lingua
1006 4806 1407 4876 exprimuntur,
1438 4806 1549 4876 jam
1577 4805 1782 4860 dictum
1812 4814 1924 4873 est;
1957 4816 2123 4877 atque

551 4898 887 4968 superﬂuum
929 4896 1093 4952 fuerit
1131 4910 1228 4967 per
1266 4895 1379 4950 haec
1423 4896 1722 4950 molestiam
1762 4906 1817 4952 et
1847 4898 2125 4953 fastidium

552 4988 789 5044 orationi
822 4987 1083 5043 inserere.
1117 4987 1249 5041 Nam
1280 4988 1426 5057 quod
1475 4996 1669 5042 natura
1698 4990 1902 5045 nullius
1929 4990 2007 5045 rei
2039 4991 2124 5044 in-

551 5083 773 5154 dignum
804 5086 909 5143 est,
938 5087 993 5133 et
1022 5077 1319 5148 perfectum
1360 5092 1462 5134 nec
1492 5079 1825 5145 redundans,
1850 5082 1987 5135 nihil
2017 5089 2125 5137 non

554 5176 716 5232 habet
741 5188 931 5230 eorum
953 5186 1073 5243 quae
1104 5179 1231 5226 sunt
1258 5175 1593 5239 necessaria,
1626 5189 1802 5243 neque
1827 5176 2123 5245 quidquam

554 5267 716 5322 habet
758 5279 947 5323 eorum
979 5276 1105 5334 quas
1152 5277 1264 5317 non
1300 5272 1428 5317 sunt
1478 5266 1812 5319 necessaria.
1860 5264 2127 5330 Quoniam

555 5353 722 5423 igitur
746 5368 858 5409 non
897 5352 946 5408 ei
976 5366 1112 5422 opus
1143 5357 1231 5406 est
1258 5350 1593 5405 nominativa
1640 5354 2025 5422 appellatione,
2064 5371 2130 5410 ex

556 5444 988 5515 praecedentibus
1011 5444 1359 5501 sermonibus
1383 5443 1811 5501 demonstratum
1834 5456 1937 5512 est,
1968 5455 2131 5518 atque

626 5616 671 5649 ’θ
698 5617 885 5675 Matth.
918 5635 1019 5683 vI.,
1054 5619 1146 5685 28,
1180 5635 1303 5689 sqq.

2227 4446 2391 4514 τέρας
2413 4446 2521 4500 τῶν
2555 4446 2855 4501 λαλούντων
2881 4447 3158 4518 ὁμολογεῖν
3196 4443 3334 4499 εἶναι
3359 4445 3458 4509 τὰς
3491 4446 3604 4497 τῶν
3632 4442 3788 4515 ῥημά-

2228 4556 2336 4591 των
2368 4539 2626 4609 φωνὰς,ἢ
2664 4539 3003 4610 πλημμελεῖν
3044 4541 3122 4603 είς
3148 4540 3210 4592 τὸ
3238 4537 3390 4591 Θεῖον
3423 4537 3663 4601 οἴεσθαι,
3696 4537 3787 4589 τῶν

2229 4628 2550 4699 ἀνθρώπων,
2583 4628 2764 4693 καθὼς
2797 4628 3030 4700 χωροῦσι
3058 4629 3197 4697 μετὰ
3233 4628 3293 4681 τὸ
3315 4628 3570 4696 γενέσθαι
3602 4626 3786 4698 ἄνθρω-

2231 4738 2344 4785 ποι,
2390 4720 2449 4773 τὸ
2481 4720 2633 4773 Θεῖον
2663 4720 3070 4790 ὀνομαζόντων;
3098 4720 3171 4771 Τὸ
3206 4718 3312 4788 γὰρ
3359 4718 3435 4789 μὴ
3474 4715 3680 4770 δεῖσθαι
3706 4716 3787 4785 τὴν

2229 4814 2601 4884 ὑπερέχουσαν
2634 4812 2792 4881 φύσιν
2823 4814 3080 4883 ῥημάτων
3107 4811 3193 4864 διὰ
3223 4811 3405 4879 φωνῆς
3444 4809 3540 4861 καὶ
3568 4806 3787 4877 γλώττης

2229 4907 2631 4975 ἐκπτυομένων,
2663 4906 2761 4975 ἤδη
2800 4921 2857 4956 τε
2889 4906 3131 4976 εἴρηται,
3184 4904 3277 4955 καὶ
3320 4902 3574 4972 περιττὸν
3610 4901 3672 4953 ἂν
3715 4900 3786 4966 εἴη

2228 4994 2316 5047 διὰ
2349 4993 2456 5045 τῶν
2506 4993 2681 5046 αὐτῶν
2724 4992 2877 5063 ὄχλον
2916 4976 3189 5047 ⁸(ἐντιθέναι
3243 4992 3322 5063 τῷ
3364 4992 3530 5063 λόγῳ.
3582 4992 3653 5044 Τὸ
3697 4990 3787 5061 γὰρ

2227 5084 2521 5154 ἀπροσδεὲς
2552 5086 2617 5153 τῇ
2663 5082 2819 5152 φύσει
2849 5084 2941 5135 καὶ
2970 5083 3173 5136 τέλειον
3209 5084 3299 5135 καὶ
3330 5082 3641 5154 ἀπέριττον,
3679 5080 3786 5132 οὔτε

2227 5190 2279 5226 τι
2306 5172 2415 5224 τῶν
2446 5172 2670 5225 δεόντων
2698 5174 2797 5225 ούκ
2818 5172 2950 5242 ἔχει,
2976 5171 3097 5225 οὕτε
3121 5171 3229 5224 τῶν
3254 5172 3327 5243 μὴ
3347 5172 3571 5225 δεόντων
3597 5188 3647 5223 τι
3672 5171 3787 5240 ἔχει.

2246 5265 2397 5317 Ἐπεὶ
2426 5261 2517 5317 οὖν
2548 5265 2608 5317 τὸ
2643 5264 2716 5336 μὴ
2744 5264 2852 5318 δεῖν
2876 5263 3022 5335 αὑτῷ
3047 5264 3142 5335 τῆς
3171 5264 3529 5334 ὀνομαστικῆς
3563 5263 3785 5332 κλήσεως

2233 5357 2297 5410 ἐκ
2325 5358 2432 5409 τῶν
2466 5355 2783 5425 φθασάντων
2826 5356 3197 5409 ἀποδέδεικται
3235 5355 3429 5423 λόγων,
3477 5354 3571 5408 καὶ
3608 5354 3669 5405 ἐκ
3704 5354 3787 5421 τῆς

2234 5451 2418 5520 κοινῆς
2443 5450 2551 5505 τῶν
2573 5448 2695 5504 νοῦν
2723 5447 2953 5519 ἐχόντων
2980 5448 3426 5519 συγκαταθέσεως
3448 5445 3782 5517 ὁμολογεῖται,
