4056 6146
310 355 451 419 109⁵1

1361 350 1636 414 CONTRA
1679 356 2069 423 EUNOMILM,
2106 359 2227 415 LIB.
2264 363 2376 415 XII.

3438 352 3570 413 1093

308 480 482 540 οὐδεὶς
526 478 591 531 ἂν
643 479 885 531 ἀντείποι
928 478 1025 548 τῆς
1073 481 1307 553 ἐσχάτης
1346 464 1605 547 ἀσεϐείας
1653 479 1795 536 εἶναι
1836 481 1886 534 τὸ

1997 494 2064 534 ex
2110 484 2386 537 communi
2432 482 2759 551 sapientium
2805 494 3075 534 consensu
3125 489 3177 533 et
3226 478 3572 533 confessione

312 572 754 642 προσμαρτυρεῖν
786 569 865 639 τῷ
897 570 1015 640 Θεῷ
1042 572 1109 625 τά
1138 573 1213 644 μὴ
1240 575 1446 629 δέοντα.

393 832 529 885 Ἀλλ’
557 833 709 886 οὐδὲν
741 829 894 904 οἶμαι
918 826 1126 899 τούτοις
1148 839 1341 908 χρῆναι
1374 841 1465 893 καὶ
1491 840 1602 903 τοῖς
1632 843 1890 908 τοιούτοις

310 924 680 1007 ἐγδιατρίεειν·
713 926 835 978 οὐδὲ
858 927 926 979 τὰ
953 927 1187 998 καθεξῆς
1215 932 1478 1000 εἰρημένα
1505 932 1571 985 δι’
1607 934 1890 1004 ἀκριϐείας

308 1015 570 1084 ἐλέγχειν.
637 1015 859 1079 Ἰκανῶς
907 1018 1015 1087 γὰρ
1070 1020 1183 1080 τοῖς
1226 1021 1739 1091 ἐπιστατικωτέροις
1790 1025 1887 1076 αὐ-

309 1106 399 1160 τὸς
428 1107 456 1158 6
483 1106 737 1176 ἀντιδίκῳ
770 1106 1025 1177 πονηθεὶς
1067 1108 1254 1176 λόγος,
1308 1112 1608 1183 συνήγορος
1640 1113 1749 1166 τῶν
1788 1116 1889 1185 τῆς

311 1195 591 1260 εὐσεόείας
635 1198 918 1267 δογμάτων
960 1200 1388 1271 ἀναφανήσεται.
1448 1205 1588 1274 Φησὶ
1644 1206 1754 1277 γὰρ
1790 1207 1889 1278 τὴν

310 1285 499 1338 οὐσίαν
535 1286 704 1357 αὐτὴν
742 1287 1048 1357 ἀφθαρσίαν
1074 1286 1212 1344 εἶναι
1243 1292 1334 1345 καὶ
1362 1293 1660 1348 ἀθανασίαν
1703 1295 1886 1350 ὡσαύ-

310 1393 440 1438 τως.
481 1376 620 1445 Ἐγὼ
644 1379 721 1440 δὲ,
752 1378 807 1431 ετ
849 1397 909 1432 τε
948 1381 1205 1451 πρόσεστι
1245 1382 1418 1437 ταῦτα
1462 1388 1527 1457 τῇ
1559 1386 1679 1458 Θείᾳ
1704 1389 1883 1456 φύσει,

309 1465 365 1519 sl.’
382 1484 441 1520 τε
468 1468 606 1520 αὐτά
624 1468 795 1523 ταῦτα
825 1470 963 1524 κατὰ
991 1472 1050 1525 τὸ
1068 1474 1466 1547 σημαινόμενον
1485 1479 1517 1548 ἡ
1541 1479 1697 1532 οὐσία
1716 1480 1885 1544 ἐστὶν,

306 1558 473 1611 οὐδὲν
494 1554 648 1629 οἶμαι
670 1563 863 1631 χρῆναι
888 1562 1023 1632 πρὸς
1046 1564 1205 1617 αὐτὸν
1230 1566 1591 1637 διαμάχεσθαι
1614 1580 1626 1601 ⁵
1645 1571 1673 1624 ὃ
1711 1572 1886 1643 τιγάρ

309 1649 378 1702 ἂν
398 1651 594 1720 νικήσῃ
632 1649 741 1705 τῶν
779 1653 1104 1723 εἰρημένων,
1131 1654 1221 1706 τὸν
1254 1656 1518 1727 ἡμέτερον
1547 1661 1763 1724 πάντως
1793 1679 1886 1715 συ-

309 1742 494 1813 στήσει
546 1742 721 1811 λόγον.
773 1743 836 1796 Εἰ
872 1744 971 1813 μὲν
993 1744 1102 1815 γὰρ
1132 1748 1359 1818 προσείη
1392 1752 1457 1820 τῇ
1510 1752 1667 1823 οὐσίᾳ
1714 1754 1777 1805 τὸ
1810 1755 1883 1825 μὴ

307 1832 644 1905 φθείρεσθαι,
686 1834 984 1905 προσέσται
1024 1836 1160 1908 αὐτῇ
1220 1839 1434 1903 πάντως
1466 1842 1646 1895 καὶτὸ
1695 1844 1768 1914 μὴ
1798 1844 1884 1898 διὰ

307 1925 613 1994 γεννήσεως
642 1921 800 1979 εἶναι.
852 1927 958 1979 Καὶ
995 1926 1165 1993 οὕτως
1190 1930 1347 2000 ὁτῆς
1376 1931 1700 2001 ἀγεννησίας
1731 1935 1886 2003 λόγος

307 2014 413 2081 ἔξω
450 2016 547 2086 τῆς
578 2015 720 2069 κατά
738 2017 838 2085 τὴν
859 2017 1046 2070 οὐσίαν
1075 2020 1348 2089 σημασίας
1384 2022 1789 2092 ἀπωσθήσεται.
1822 2026 1885 2077 Εἰ

236 2168 259 2189 κ
305 2105 382 2169 δὲ,
420 2106 499 2158 ὅτι
528 2107 589 2159 οὐ
619 2106 901 2178 φθείρεται
938 2110 967 2161 6
994 2108 1146 2173 Θεὸς,
1174 2110 1482 2180 ἀφθαρσίαν
1512 2131 1596 2177 τις
1622 2115 1768 2183 λέγει
1786 2117 1886 2188 τὴν

306 2196 494 2250 οὐσίαν
548 2194 711 2262 εἶναι,
767 2198 862 2250 καὶ
919 2199 1000 2251 ὃτι
1062 2199 1293 2253 θανάτου
1329 2202 1592 2274 κρείττων
1633 2205 1770 2268 ἐστὶ,
1798 2206 1887 2259 διὰ

306 2288 463 2340 τοῦτο
511 2288 681 2359 αὐτὴν
733 2289 831 2358 τὴν
885 2290 1048 2357 φύσιν
1105 2291 1402 2345 ἀθανασίαν
1454 2290 1594 2347 εἶναι
1622 2296 1882 2366 ὁρίζοιτο*

306 2378 582 2448 ἄφθαρτος
605 2379 659 2431 δὲ
710 2382 738 2433 6
773 2380 900 2443 Υἱὸς
944 2382 1038 2433 καὶ
1067 2381 1350 2446 ἀθάνατος,
1385 2384 1662 2455 ἀφθαρσία
1700 2387 1765 2441 ἂν
1799 2387 1886 2458 εἴη

308 2472 405 2523 καὶ
462 2469 727 2523 ἀθανασία
774 2471 869 2524 καὶ
912 2472 1007 2524 τοῦ
1055 2474 1390 2542 Μονογενοῦς
1432 2478 1671 2547 ἡούσία.
1702 2480 1764 2531 Εἰ
1795 2475 1886 2532 οὖν

306 2560 583 2631 ἀφθαρσία
609 2563 709 2630 μὲν
745 2563 773 2614 6
816 2563 1026 2634 Πατὴρ,
1072 2565 1347 2636 ἀφθαρσία
1379 2568 1435 2619 δὲ
1481 2569 1509 2618 6
1557 2567 1704 2631 Υἱὸς,
1731 2570 1889 2624 οὐσία

304 2653 363 2704 δὲ
389 2654 589 2707 τούτων
629 2655 907 2727 ἑκάτερον,
932 2656 1155 2726 οὐδεμία
1182 2658 1238 2710 δὲ
1268 2660 1403 2712 κατά
1423 2660 1520 2730 τὴν
1552 2661 1651 2731 τῆς
1679 2661 1888 2735 ἀφθαρ-

266 2790 270 2794 .
310 2744 433 2806 σίας
475 2745 681 2798 ἔννοιαν
723 2747 1012 2801 ἐπινοεῖται
1037 2748 1287 2819 διαφορὰ,
1332 2753 1450 2803 κατ’
1483 2752 1634 2804 οὐδὲν
1669 2753 1889 2816 πάντως

306 2842 340 2908 ἡ
372 2838 529 2891 οὐσία
567 2839 663 2907 τῆς
710 2839 895 2902 οὐσίας
931 2841 1352 2913 διενεχθήσεται,
1393 2844 1550 2913 εἴπερ
1578 2845 1772 2915 ἐπίσης
1800 2845 1886 2897 ἐπ’

305 2928 635 2999 ἀμφοτέρων
658 2931 691 2998 ή
722 2929 880 2997 φύσις
897 2932 1272 3004 ἠλλοτρίωται.
1318 2933 1434 2985 Κᾶν
1462 2934 1529 2986 τά
1550 2933 1689 2987 αὐτὰ
1727 2934 1888 2987 πάλιν

307 3022 776 3089 ἐπαναλαμϐάνων
802 3026 919 3086 ταῖς
956 3025 1216 3093 ἀφύκτοις
1244 3028 1409 3096 ἡμᾶς,
1441 3026 1516 3089 ὡς
1553 3029 1746 3089 οἴεται,
1780 3028 1887 3079 τῶν

1996 572 2405 640 comprobatur,
2460 573 2647 626 nullus
2688 569 3103 631 contradixerit,
3161 578 3416 623 extremae
3470 570 3565 620 im-

1994 662 2214 730 pietatis
2260 678 2383 718 essc
2444 660 2553 717 Deo
2612 662 2911 715 attribuere
2971 675 3034 714 ea
3085 674 3205 729 quae
3267 674 3373 712 non
3434 670 3568 711 con-

1993 753 2239 806 veniunt.

2068 841 2174 895 Sed
2222 844 2276 897 in
2326 839 2412 897 bis
2442 858 2647 896 moram
2682 840 2860 896 facere
2908 849 2961 894 et
2994 849 3207 910 tempus
3251 851 3426 894 terere
3456 852 3565 892 non

1990 942 2242 1002 Oportere
2274 932 2534 996 arbitror,
2591 948 2768 1002 neque
2798 930 3054 1001 deinceps
3087 947 3207 1001 qua:
3252 941 3379 983 sunt
3410 929 3560 981 dicta

1994 1025 2266 1079 subtiliter
2309 1023 2672 1094 redarguere:
2728 1022 2942 1077 abunde
2989 1023 3132 1077 enim
3180 1019 3564 1075 attentioribus

1990 1110 2279 1171 sermo'ab
2303 1114 2616 1169 adversario
2652 1114 2965 1169 elaboratus
2991 1110 3336 1167 decretorum
3373 1111 3566 1179 impie-

1990 1207 2116 1261 tatis
2165 1213 2428 1276 patronus
2462 1220 2585 1260 esse
2638 1204 3102 1258 manifestabitur.
3155 1204 3367 1257 Asserit
3417 1201 3563 1254 enim

1989 1298 2162 1367 ipsam
2201 1297 2494 1352 essentiam
2548 1294 3121 1364 inrorruptibilitatem
3178 1309 3299 1347 esse
3347 1300 3401 1345 et
3459 1293 3563 1344 im-

1988 1390 2373 1444 mortalitatem
2410 1387 2680 1443 similiter.
2730 1384 2843 1455 Ego
2889 1400 3039 1449 vero,
3076 1386 3190 1439 sive
3221 1386 3334 1437 haec
3368 1382 3565 1434 divina:

1987 1485 2197 1532 naturae
2226 1479 2436 1543 insunt,
2490 1477 2606 1531 sive
2635 1477 2750 1530 haec
2788 1476 2905 1545 ipsa
2956 1475 3257 1530 secundum
3290 1473 3565 1542 significa-—

1987 1580 2099 1623 tum
2130 1579 2260 1623 sunt
2303 1570 2534 1638 ipsamet
2567 1567 2807 1622 essentia
2832 1605 2847 1629 ,
2881 1562 3017 1619 nihil
3049 1563 3282 1618 arbitror
3315 1570 3567 1631 oportere

1986 1674 2109 1715 cum
2168 1662 2285 1730 ipso
2333 1674 2611 1731 pugnare:
2671 1658 3040 1729 quodcunque
3099 1657 3243 1712 enim
3295 1656 3566 1709 dictorum

1985 1752 2201 1815 vicerit,
2246 1758 2495 1806 nostrum
2550 1749 2776 1803 omnino
2829 1758 3135 1801 sermonem
3197 1742 3562 1798 confirmabit.

1919 1814 1961 1869 Β
1989 1841 2045 1895 Si
2098 1843 2244 1897 enim
2283 1842 2534 1897 essentia:
2580 1838 2841 1904 adfuerit,
2895 1854 3003 1892 non
3056 1851 3216 1906 posse
3263 1833 3562 1901 corrumpi,

1986 1935 2088 2004 ipsi
2128 1934 2319 2003 procul
2345 1931 2512 1987 dubio
2546 1932 2743 1995 aderit,
2790 1936 2845 1985 et
2888 1945 2996 1983 non
3029 1944 3124 1998 per
3154 1927 3564 1998 generationem

1985 2043 2127 2082 esse.
2169 2026 2232 2081 Et
2261 2027 2341 2082 sic
2370 2022 2693 2095 ἀγεννησίας
2716 2037 2896 2077 sermo
2930 2028 3083 2076 extra
3117 2016 3561 2089 significantiam,

1984 2136 2107 2189 qua:
2134 2126 2218 2175 est
2266 2117 2569 2174 secundum
2614 2115 2931 2176 essentiam,
2978 2112 3374 2181 repudiabitur.
3406 2108 3564 2175 Quod

1986 2211 2052 2273 si,
2088 2210 2343 2279 quoniam
2391 2225 2496 2263 non
2522 2207 2892 2276 corrumpitur
2920 2201 3085 2268 Deus,
3133 2195 3565 2271 incorruptibili-

1985 2297 2154 2357 tatem
2182 2303 2307 2372 quis
2336 2301 2471 2355 dicit
2498 2299 2792 2355 essentiam
2823 2314 2968 2361 esse,
3009 2308 3061 2352 et
3094 2296 3221 2366 quia
3253 2302 3428 2347 morte
3462 2308 3565 2362 po-

1985 2394 2183 2448 tentior
2214 2400 2332 2457 est,
2362 2392 2569 2446 idcirco
2596 2391 2769 2460 ipsam
2806 2396 3057 2443 naturam
3101 2385 3562 2440 immortalitatem

1985 2500 2107 2539 esse
2157 2484 2417 2539 deﬁniat:
2477 2480 2906 2549 incorruptibilis
2958 2486 3138 2533 autem
3187 2486 3271 2532 est
3298 2470 3468 2529 Filius
3508 2483 3564 2528 et

1989 2574 2337 2637 immortalis,
2370 2573 2536 2642 igitur
2570 2569 3060 2640 incorruptibilitas
3096 2576 3149 2623 et
3179 2566 3564 2621 immortalitas

1989 2662 2153 2719 fuerit
2186 2663 2459 2734 Unigeniti
2499 2664 2759 2719 essentia.
2796 2662 2852 2716 Si
2884 2663 3046 2732 igitur
3073 2656 3562 2727 incorruptibilitas

1986 2754 2203 2824 quidem
2236 2749 2419 2819 Pater,
2456 2752 2946 2822 incorruptibilitas
2975 2763 3106 2804 vero
3136 2746 3329 2812 Filius,
3371 2761 3563 2800 essen—

1989 2848 2061 2899 tia
2112 2854 2288 2899 autem
2326 2847 2521 2900 horum
2576 2856 2887 2913 utrumque,
2935 2842 3087 2895 nulla
3142 2846 3321 2891 autem
3366 2850 3563 2891 secunn

1987 2938 2115 2989 dum
2156 2936 2689 3004 incorruptibilitatis
2734 2934 3011 2988 notionem
3048 2928 3365 2999 intelligitur
3393 2926 3562 2980 diffe—

1990 3025 2184 3090 rentia,
2215 3025 2360 3077 nulla
2396 3026 2448 3077 in
2484 3040 2540 3077 re
2565 3040 2793 3094 prorsus
2818 3023 3057 3078 essentia
3092 3020 3159 3073 ab
3187 3018 3423 3074 essentia
3454 3017 3559 3071 dif-

306 3112 661 3183 διλημμάτων
689 3116 953 3183 ἀνάγκαις
980 3118 1210 3187 καταδῇ,
1234 3118 1405 3185 λέγων
1425 3134 1437 3148 ’
1471 3122 1537 3172 El
1562 3118 1678 3187 μὲν
1708 3119 1886 3187 διορί-

1992 3114 2115 3179 fert,
2150 3113 2417 3183 siquidem
2452 3129 2517 3167 ex
2553 3126 2708 3182 aequo
2737 3114 2791 3166 in
2823 3112 3073 3180 utrisque
3100 3116 3293 3163 natura
3324 3106 3560 3161 alienata

306 3203 460 3263 ζοιτο
492 3208 625 3274 παρ’
654 3205 822 3275 ἡμῶν
868 3207 935 3259 τὸ
976 3208 1207 3277 προσὸν
1238 3210 1342 3262 τοῦ
1371 3209 1564 3274 ὄντος,
1592 3211 1886 3264 σύνθετον

1988 3216 2091 3263 est.
2122 3207 2233 3261 Etsi
2281 3208 2468 3261 eadem
2505 3221 2695 3260 rursus
2721 3219 3006 3259 resumens
3041 3203 3473 3265 inevitabilibus,
3500 3206 3562 3254 ut

307 3298 376 3348 τὸ
405 3297 577 3351 Θεῖογ
596 3299 1161 3360 κατασκευάζεσθαι·
1184 3304 1237 3354 εἰ
1264 3301 1331 3354 δὲ
1369 3302 1407 3367 ἡ
1430 3302 1717 3368 ἁπλότης,
1754 3307 1889 3371 ὀμο-

307 3386 477 3454 λογεῖ
510 3388 571 3439 τὸ
597 3388 703 3454 τῆς
735 3390 950 3453 οὐσίας
975 3390 1355 3458 mutaruth
1380 3389 1494 3456 τὴν
1525 3390 1886 3457 ἀφθαρσίαν,

311 3476 411 3528 καὶ
437 3477 549 3543 τὴν
568 3478 936 3548 ἀγεννησίαν
963 3480 1197 3545 πάντως
1231 3479 1744 3548 ἀναφανήσεσθαι.
1774 3482 1888 3535 Πά-

312 3568 394 3619 λιν
417 3570 576 3621 αὐτὸν
593 3570 877 3641 σύμμαχον
902 3570 1010 3622 τῶν
1028 3570 1307 3641 ἡμετέρων
1328 3571 1677 3643 ἀποδείξομεν
1694 3573 1885 3641 λόγων.

315 3662 376 3713 Εἰ
406 3661 514 3731 γὰρ
567 3662 742 3729 πάντη
784 3660 1038 3715 σύνθετον
1084 3665 1227 3714 ποιεῖ
1269 3661 1367 3733 τὴν
1401 3661 1549 3715 θείαν
1577 3664 1782 3726 οὐσίαν,
1811 3663 1888 3733 τῷ

310 3756 590 3821 προσεῖναί
608 3770 657 3806 τι
682 3752 861 3821 λέγειν
884 3755 1041 3823 αὐτῇ,
1068 3753 1189 3805 οὐδὲ
1218 3752 1313 3824 τήν
1335 3754 1647 3823 πατρότητα
1673 3755 1887 3817 πάντως

310 3844 468 3906 ἐκτὸς
499 3844 597 3913 τῆς
625 3844 812 3906 οὐσίας
848 3845 1266 3913 ἀποποιήσεται,
1309 3845 1442 3897 ἀλλὰ
1475 3845 1631 3915 φύσει
1670 3846 1888 3916 Πατέρα

308 3932 632 4002 ὁμολογήσει
661 3932 735 3995 ὼς
762 3933 1034 4003 ἄφθαρτόν
1064 3950 1123 3985 τε
1170 3933 1261 3986 καὶ
1295 3932 1559 3987 ἀθάνατον
1586 3951 1599 3964 °
1636 3936 1729 3988 καὶ
1748 3935 1888 3989 οὕτω

314 4029 389 4092 μὴ
426 4022 761 4092 βουλόμενος,
803 4024 882 4085 είς
924 4023 1023 4093 τὴν
1080 4025 1176 4092 τῆς
1206 4022 1418 4090 φύσεως
1461 4024 1768 4092 οἰκειότητα
1799 4024 1887 4077 τὸν

310 4114 438 4166 Υἱὸν
462 4112 815 4177 καταδέξεται
839 4130 849 4144 ·
879 4114 940 4165 οὐ
957 4113 1065 4184 γὰρ
1087 4112 1239 4165 ἔσται
1262 4113 1479 4166 δυνατὸν
1504 4114 1709 4166 ἐκείνου
1730 4115 1887 4182 φύσει

311 4202 529 4271 Πατρὸς
559 4202 728 4265 ὄντος,
792 4202 889 4271 τῆς
923 4203 1160 4271 φυσικῆς
1190 4202 1324 4273 πρὸς
1352 4202 1515 4254 αὐτὸν
1538 4203 1772 4271 σχέσεως
1796 4201 1887 4255 τὸν

312 4292 441 4345 Υἱὸν
466 4291 835 4363 ἀφορίζεσθαι.
884 4294 947 4345 Et
993 4293 1050 4345 δὲ
1095 4292 1199 4357 ἔξω
1230 4294 1329 4362 τῆς
1363 4293 1576 4361 φύσεως
1610 4296 1887 4363 προσεῖναι

310 4382 456 4450 λέγει
476 4382 554 4451 τῷ
575 4383 767 4471 1.111.191,
795 4383 869 4447 ὡς
890 4384 1041 4437 οὐδὲν
1051 4383 1152 4452 τῆς
1172 4384 1469 4455 ἁπλότητος
1498 4384 1688 4438 ἀθετου
1697 4385 1883 4457 μένης,

1990 3306 2162 3369 putat,
2208 3299 2579 3353 dilemmatum
2628 3292 3043 3351 necessitatibus
3096 3293 3296 3357 irretit,
3332 3296 3556 3351 dicens:

1991 3392 2050 3446 Si
2073 3392 2454 3445 dfscerneretur
2483 3407 2515 3443 a
2549 3389 2699 3443 nobis
2733 3389 2873 3459 quod
2907 3391 3040 3443 inest
3089 3386 3153 3441 ab
3180 3396 3315 3449 ente,
3349 3404 3559 3456 compo-

1988 3482 2149 3534 situm
2174 3482 2380 3534 Numen
2407 3479 2465 3532 id
2508 3489 2642 3534 esset
2689 3491 2956 3538 astruere;
2998 3475 3136 3548 quod
3166 3479 3213 3531 si
3244 3478 3559 3545 simplicitas

1987 3580 2083 3635 est,
2138 3571 2376 3622 assentire
2428 3570 2839 3639 signiﬁcativam
2900 3550 3453 3637 incorruptibilitatem
3511 3577 3561 3622 et

1988 3660 2310 3731 ἀγεννησίαν
2338 3676 2555 3730 prorsus
2596 3660 2932 3728 manifestam
2962 3660 3096 3727 fore.
3131 3654 3345 3714 Rursus
3382 3661 3561 3729 ipsum

1988 3760 2300 3806 nostrorum
2319 3766 2630 3806 sermonum
2646 3752 3021 3809 auxiliatorcm
3038 3748 3559 3806 demonstrabimus.

1990 3841 2046 3895 Si
2075 3843 2218 3896 enim
2245 3842 2467 3895 omnino
2510 3842 2749 3895 divinam
2776 3842 3073 3896 essentiam
3124 3840 3257 3894 facit
3285 3841 3561 3910 composi-

1988 3910 2120 3997 lani
2150 3934 2275 4002 quia
2307 3933 2454 3987 dicat
2488 3932 2590 4002 ipsi
2631 3932 2811 3987 inesse
2841 3930 3072 4002 aliquid,
3109 3946 3287 4001 neque
3319 3929 3559 3999 paterni-

1988 4030 2152 4078 tatem
2195 4024 2411 4092 penitus
2444 4032 2599 4077 extra
2637 4016 2930 4078 essentiam
2963 4022 3193 4091 rejiciet,
3232 4020 3328 4077 sed
3362 4028 3560 4073 natura

1986 4111 2203 4169 Patrem
2231 4114 2602 4179 confitebitur,
2640 4123 2700 4168 ut
2734 4113 3207 4184 incorruptibilem
3251 4120 3305 4167 et
3337 4113 3560 4164 immor-

1986 4206 2173 4259 talem.
2206 4206 2270 4260 Et
2298 4208 2377 4261 sic
2404 4208 2565 4262 etiam
2600 4207 2802 4261 invitus
2835 4204 3032 4259 Filium
3074 4205 3139 4257 ad
3172 4211 3378 4256 naturae
3407 4201 3560 4255 simi«

1988 4295 2270 4351 litudinem
2298 4297 2583 4363 admittet;
2617 4312 2740 4350 nam
2770 4297 2884 4349 fieri
2921 4310 3029 4348 non
3071 4294 3293 4364 poterit,
3330 4294 3375 4348 si
3413 4292 3558 4345 illius

1988 4395 2180 4439 natura
2218 4386 2287 4439 sit
2316 4388 2499 4451 Pater,
2547 4396 2605 4439 ut
2636 4400 2666 4438 a
2710 4384 2943 4438 naturali
2980 4399 3101 4437 cum
3147 4384 3265 4454 ipso
3296 4382 3560 4436 relatione

312 4479 360 4529 εί
389 4474 493 4539 ἔξω
510 4466 606 4545 τῆς
636 4474 821 4539 οὐσίας
837 4475 898 4528 τὸ
928 4476 1068 4527 κατά
1087 4475 1183 4545 τὴν
1206 4476 1529 4547 ἀγεννησίαν
1548 4478 1883 4547 σημαίνοιτο·

1990 4475 2160 4531 Filius
2182 4484 2483 4545 separetur.
2505 4476 2661 4541 Quod
2679 4476 2724 4529 si
2746 4483 2900 4529 extra
2921 4482 3170 4527 naturam
3194 4472 3341 4525 Patri
3368 4466 3560 4525 adesse

313 4567 361 4618 εί
396 4564 454 4617 δὲ
487 4565 657 4633 αὐτῆς
682 4582 813 4634 φησι
835 4565 930 4635 τῆς
955 4564 1139 4626 οὐσίας
1174 4566 1503 4635 σημαντικὸν
1527 4566 1587 4617 τὸ
1610 4565 1883 4635 ἄφθαρτον

311 4657 491 4710 καὶτὸ
536 4656 853 4727 ἀγέννητον,
884 4657 978 4709 καὶ
1014 4656 1350 4725 ἰσοδυναμεῖν
1378 4655 1466 4708 ἀλλ
1478 4656 1626 4725 ήλοις
1654 4657 1886 4728 ἑκάτερα

308 4750 421 4802 τῶν
446 4750 724 4819 ὀνομάτων
753 4747 1157 4817 διισχυρίζοιτο,
1192 4746 1267 4810 ὡς
1303 4746 1568 4817 μηδεμίαν
1594 4748 1679 4797 ἐπ’
1708 4748 1886 4800 αὐτῶν

310 4837 454 4895 εἶναι
508 4841 787 4913 διαφορὰν,
846 4839 924 4910 τῷ
969 4840 1164 4891 ταύτὸν
1204 4840 1481 4909 ἑκατέροις
1523 4838 1799 4906 ἐγκεῖσθαι
1829 4840 1889 4892 τὸ

313 4932 733 5003 σημαινόμενον,
764 4931 859 4984 καὶ
900 4930 1027 5001 μίαν
1059 4929 1203 4997 λέγοι
1239 4929 1333 4984 τοῦ
1368 4930 1642 5000 ἀφθάρτου
1678 4930 1769 4983 καὶ
1794 4928 1886 4983 τοῦ

311 5023 607 5092 ἀγεννήτου
643 5022 742 5092 τὴν
775 5020 1003 5080 ἔννοιαν,
1052 5022 1080 5071 6
1113 5017 1174 5072 16
1212 5017 1269 5072 ἒν
1299 5018 1501 5072 τούτων
1561 5017 1656 5082 ὢν,
1699 5021 1793 5074 καὶ
1829 5018 1889 5072 τὸ

308 5108 497 5178 ἕτερον
528 5108 740 5170 πάντως
757 5106 921 5161 ἐστίν,
941 5105 1099 5158 Ἀλλά
1130 5105 1235 5175 μὴν
1259 5105 1531 5174 ἄφθαρτος
1554 5107 1583 5159 6
1605 5107 1730 5171 Υἱὸς
1750 5103 1887 5161 εἶναι

310 5197 408 5249 καὶ⁵
440 5196 591 5264 παρὰ
619 5196 821 5249 τούτων
850 5196 949 5249 οὐκ
977 5194 1391 5265 ἀμφιϐάλλεται.
1423 5194 1736 5263 Ἀγέννητος
1757 5195 1884 5265 ἀρα,

310 5288 456 5341 κατά
482 5287 575 5340 τὸν
600 5287 693 5341 τοῦ
717 5288 981 5358 Εὐνομίου
1013 5288 1189 5355 λόγον,
1227 5287 1319 5341 καὶ
1347 5281 1497 5348 οὗτός
1537 5288 1704 5350 ἐστιν,
1733 5286 1889 5357 εἴπερ

307 5378 477 5431 ταύτὸ
523 5378 775 5447 σημαίνει
822 5381 887 5449 τῇ
955 5379 1249 5450 ἀγεννησίᾳ
1306 5380 1365 5431 16
1419 5378 1711 5447 ἄφθαρτον,
1749 5378 1888 5430 ὥστε

307 5470 455 5522 δυοῖν
481 5468 728 5539 θάτερον,
755 5470 933 5540 ἢάλλο
956 5487 1011 5523 τι
1026 5471 1185 5542 απαρά
1200 5470 1297 5540 τὴν
1320 5469 1621 5539 ἀφθαρσίαν
1640 5469 1699 5521 16
1733 5470 1890 5536 ἀγέν-

307 5577 473 5629 νητον
527 5560 807 5629 σημαίνειν
867 5561 1208 5631 συνθήσεται.
1248 5562 1281 5631 ἢ
1324 5561 1594 5630 ἐπιμένων
1652 5563 1763 5623 τοῖς
1806 5561 1888 5613 δε-

310 5648 595 5718 δογμένοις
629 5648 903 5718 πολλαχῶς
938 5652 1061 5720 περὶ
1094 5652 1184 5703 τὸν
1214 5650 1470 5721 μονογενῆ
1496 5648 1626 5701 Θεὸν
1652 5646 1889 5716 βλασφη-

314 5742 501 5811 μήσει,
531 5740 565 5809 ἦ
587 5757 667 5792 τοι
694 5740 928 5810 φθαρτὸν
974 5742 1134 5794 αὐτὸν
1180 5741 1346 5823 ποιῶν
1374 5742 1459 5794 ἵνα
1490 5739 1563 5809 μὴ
1597 5738 1887 5809 ἀγέννητον

558 5834 827 5895 ΡΑτιιοι.
866 5833 986 5895 Gn.
1020 5836 1205 5895 XLV.

1989 4566 2143 4630 dicit,
2176 4566 2303 4636 quia
2334 4567 2386 4619 in
2418 4567 2520 4621 hoc
2547 4562 2867 4635 simplicitas
2895 4564 3016 4635 ejus
3064 4564 3287 4618 minime
3318 4562 3556 4625 laeditur,

1988 4657 2033 4712 si
2087 4666 2238 4711 extra
2292 4658 2584 4712 essentiam
2646 4656 2787 4726 quod
2864 4655 3159 4710 secundum
3235 4653 3559 4721 ἀγεννησίαν

1990 4749 2362 4821 significetur;
2412 4748 2557 4820 quod
2609 4749 2653 4803 si
2690 4744 3104 4816 incorruptibile
3146 4753 3198 4799 et
3250 4744 3554 4815 ingenitqu

1991 4843 2161 4911 ipsam
2215 4842 2507 4896 essentiam
2557 4838 2884 4910 signiﬁcare,
2943 4845 2996 4893 et
3048 4847 3275 4905 utraque
3332 4834 3554 4889 nomina

1988 4930 2176 4984 eadem
2226 4930 2333 4983 vim
2375 4944 2439 4983 ac
2492 4927 2942 4997 significationem
2995 4925 3194 4979 habere
3243 4923 3554 4987 contendat,

1989 5022 2145 5094 quasi
2178 5022 2323 5076 nulla
2352 5022 2405 5075 in
2448 5022 2584 5092 ipsis
2612 5022 2682 5076 sit
2706 5019 3029 5083 differentia,
3061 5019 3188 5089 quia
3220 5016 3358 5073 idem
3390 5018 3555 5072 utris-

1990 5127 2095 5182 que
2122 5111 2251 5167 insit
2278 5110 2665 5181 significatum,
2697 5116 2748 5164 et
2774 5122 2933 5165 unam
2961 5110 3106 5164 dicat
3127 5108 3553 5177 incorruptibilis

1990 5212 2045 5257 et
2088 5201 2313 5272 ingeniti
2344 5202 2615 5269 notitiam,
2654 5202 2745 5272 qui
2777 5211 2860 5257 est
2897 5201 3088 5255 horum
3123 5215 3287 5253 unum
3324 5206 3376 5251 et
3414 5200 3552 5248 atte-

1990 5307 2110 5347 rum
2138 5308 2365 5362 prorsus
2393 5300 2495 5347 est.
2521 5288 2902 5346 Verumtamen
2930 5287 3353 5357 incorruptibiiis
3385 5284 3549 5339 Filius

1989 5398 2113 5438 esse
2157 5394 2210 5437 et
2253 5384 2319 5437 ab
2355 5385 2438 5437 his
2473 5398 2577 5438 non
2625 5383 2984 5438 dubitabitur.
3032 5380 3310 5447 lngenitus
3364 5376 3551 5445 igitur,

1989 5474 2289 5528 secundum
2320 5474 2567 5528 Ennomii
2597 5475 2882 5535 rationem,
2923 5477 2975 5523 et
3008 5469 3095 5521 hic
3133 5475 3239 5527 est,
3278 5466 3549 5535 siquidem

1990 5565 2130 5619 idem
2168 5564 2439 5634 significat
2490 5561 2899 5629 incorruptibile
2940 5557 3084 5627 quod
3129 5556 3354 5625 ingeniti
3387 5558 3550 5622 ratio,

1992 5654 2065 5706 ita
2096 5662 2155 5704 ut
2182 5654 2411 5705 duorum
2454 5651 2705 5710 alterum,
2737 5647 2821 5700 vel
2861 5644 3006 5699 aliud
3050 5644 3327 5713 quidpiam
3359 5649 3553 5713 preter

1994 5742 2561 5811 incorruptibilitatcm
2607 5738 2901 5809 ingenitum
2939 5736 3248 5807 signiﬁcare
3287 5734 3553 5789 assentio:

3207 5826 3283 5885 35
