4056 6146
637 287 771 342 10119

1785 331 1796 343 .
1866 297 1919 351 S.
1961 298 2285 352 GllEGORIl
2333 297 2617 352 NYSSENI
3674 306 3772 362 uno

632 413 744 469 tur,
780 407 860 458 vel
890 420 1116 462 tuanens
1161 408 1213 464 in
1246 412 1502 480 decretis,
1529 416 1880 470 multifariam
1915 419 1980 473 de
2008 420 2196 492 unige-
2228 468 2234 482 ,

2173 449 2196 459 -
2228 427 2270 482 Α
2301 419 2452 489 λέγῃ,
2486 418 2519 489 ἢ
2552 418 2842 487 ἀγέννητον
2877 414 3013 471 εἶναι
3034 418 3440 480 κατασκευάζων
3470 419 3544 472 ἵνα
3570 419 3626 489 μὴ
3655 423 3771 493 ψεαρ-

635 495 750 547 nito
784 497 891 549 Deo
931 495 1095 566 impie
1140 507 1194 554 et
1232 501 1532 574 irreligiose
1574 506 1827 576 loquetur
1878 510 1960 564 vel
2003 523 2197 564 corru-

2303 513 2394 565 τὸν
2423 511 2703 580 ἀποδείξῃ.

631 585 872 657 ptibilem
916 587 1094 658 ipsum
1134 590 1339 650 faciens
1396 611 1464 650 ne
1498 597 1798 668 ingenitum
1833 599 2000 667 dicat,
2035 602 2120 656 vel
2158 602 2458 671 ingenitum
2505 617 2628 657 esse
2675 609 2933 656 astruens
2964 614 3031 652 ne
3073 601 3464 669 corruptibilem
3502 603 3772 659 demonstret.

703 677 809 733 Sed
842 681 1028 735 nescio
1080 683 1209 753 quid
1227 688 1512 742 conveniat
1534 703 1732 758 agere:
1779 700 1959 744 utrum
2011 691 2203 747 ordine

632 769 849 840 singula
878 787 1000 842 quae
1044 776 1114 829 ab
1140 791 1205 831 eo
1254 779 1532 849 proposita
1577 789 1705 836 sunt
1745 784 1884 854 stylo
1923 786 2217 856 persequi,

632 877 699 914 an
727 862 811 916 his
844 873 1156 930 contentus,
1207 869 1471 926 adversus
1512 887 1651 925 vana
1683 873 1785 928 ista
1830 889 2064 946 pugnam
2092 885 2202 932 ter-

635 952 847 1008 minare
876 953 1123 1010 debeam.
1158 955 1624 1024 Quemadmodum
1651 965 1794 1018 enim
1829 966 1912 1020 his
1941 967 2033 1038 qui
2068 968 2202 1022 leta-

635 1042 706 1095 lia
760 1046 1002 1100 vendunt
1052 1064 1282 1115 venena,
1339 1052 1392 1106 in
1427 1054 1623 1126 exiguo
1673 1056 1816 1110 facta
1867 1059 2200 1127 experientia

635 1131 802 1188 totius
831 1135 1210 1192 medicamenti
1249 1140 1351 1193 vim
1383 1156 1447 1196 ac
1485 1140 1795 1198 facultatem
1828 1144 1893 1198 ad
1923 1145 2200 1199 interitum

634 1230 687 1275 et
717 1239 902 1280 necem
940 1227 1276 1284 inferendam
1305 1229 1464 1286 facile
1490 1233 1756 1303 spondet;
1789 1250 1887 1290 nec
1934 1236 2079 1291 ullus
2121 1245 2204 1290 est

632 1316 726 1384 qui
767 1316 997 1380 dubitet,
1031 1335 1154 1372 cum
1181 1336 1246 1375 ex
1282 1321 1464 1392 aliqua
1498 1332 1652 1393 parte
1680 1325 1970 1394 perniciem
2002 1327 2202 1381 illatam

632 1407 968 1474 experientia
1009 1409 1219 1474 didicit,
1260 1412 1393 1482 quin
1445 1421 1618 1468 totum
1649 1415 2080 1485 quodvenditur
2127 1419 2205 1473 le-

634 1495 743 1550 tale
782 1497 852 1552 sit
900 1512 964 1552 ac
1012 1500 1351 1556 mortiferum
1397 1503 1790 1573 pharmacum:
1827 1507 1906 1561 sic
1948 1515 2201 1589 oportere

632 1593 765 1655 puto
801 1589 901 1644 hoc
950 1593 1220 1648 sermonis
1258 1594 1599 1650 mortiferum
1646 1598 1963 1654 veneficium
2013 1616 2108 1670 per
2135 1616 2198 1654 ea

2383 693 2522 746 Ἀλλ’
2555 693 2654 745 οὐκ
2684 688 2778 745 οἷδ’
2798 690 2826 743 ὃ
2843 705 2895 740 τι
2918 691 3183 760 προσήκει
3220 690 3482 760 πράττειν,
3504 692 3595 744 εἴτε
3612 694 3663 746 δι’
3693 697 3774 747 ἀκι-

2298 785 2516 847 λουθίας
2562 783 2833 849 ἐπεξιέναι
2865 783 2998 834 πᾶσι
3024 785 3134 844 τοῖς
3175 781 3549 853 προκειμένοις,
3581 785 3668 836 εἴτε
3711 787 3774 836 καὶ

2297 875 2506 938 τούτοις
2534 891 2600 927 πε
2610 872 2844 945 ριορίσαι
2869 873 2966 941 τὴν
2993 872 3127 942 πρὸς
3149 871 3216 925 τὰ
3237 873 3432 942 μάταια
3458 873 3625 941 μάχην.
3645 873 3773 926 Καθᾶ-

2299 986 2404 1040 περ
2428 967 2535 1038 γάρ
2563 965 2657 1018 ἐπὶ
2707 964 2815 1024 τῶν
2862 965 2930 1018 τὰ
2979 964 3277 1036 δηλητήρια
3331 964 3691 1032 πωλούντων,ή
3735 969 3774 1016 ἐν

2299 1061 2462 1129 ὀλίγῳ
2491 1061 2655 1128 πεῖρα
2680 1056 2879 1120 παντὸς
2914 1056 3008 1110 τοῦ
3042 1055 3331 1127 φαρμάκου
3361 1055 3450 1126 τὴν
3470 1053 3585 1125 πρὸς
3603 1054 3672 1106 τὸν
3697 1055 3774 1107 ὄλε-

2300 1150 2328 1203 θ
2339 1167 2427 1218 ρον
2457 1148 2682 1219 δύναμιν
2698 1151 2811 1212 τοῖς
2828 1147 3154 1218 ὠνουμένοις
3176 1147 3525 1213 κατεΥγυᾶται
3537 1161 3549 1174 ·
3566 1144 3641 1197 καὶ
3655 1144 3774 1205 οὐδεὶς

2301 1238 2628 1310 ἀμφιϐάλλει
2676 1238 2776 1308 τὴν
2810 1240 2876 1291 ὲκ
2932 1236 3025 1290 τοῦ
3071 1237 3269 1307 μέρους
3299 1234 3571 1306 διαφθορὰν
3587 1234 3657 1288 διά
3676 1251 3772 1294 τινος

2303 1331 2496 1402 πείρας
2526 1326 2880 1398 καταμαθὼν,
2907 1326 2980 1399 μὴ
3007 1325 3128 1378 ὅλον
3149 1321 3286 1379 εἶναι
3312 1325 3369 1378 τὸ
3385 1324 3676 1394 πωλούμενον
3698 1323 3773 1373 ὀλέ-

2305 1425 2434 1492 θρου
2477 1423 2791 1492 φάρμακον·
2823 1419 2994 1482 οὕτως
3017 1414 3170 1488 οἶμαι
3213 1418 3318 1470 δεῖν
3373 1417 3460 1470 καὶ
3502 1416 3584 1486 τὴν
3606 1413 3771 1504 δηλητη·

2310 1514 2472 1585 ριώδη
2505 1515 2706 1584 ταύτην
2738 1511 3085 1584 φαρμακείαν
3116 1510 3206 1562 τοῦ
3239 1509 3392 1578 λόγου
3423 1507 3501 1561 διὰ
3520 1506 3611 1559 τῶν
3641 1506 3773 1572 ἐξητα-

2307 1606 2516 1677 σμένων
2561 1605 2972 1674 ἐπιδειχθεῖσαν,
3025 1601 3221 1672 μηκέτι
3258 1599 3533 1669 ἀμφίϐολον
3567 1592 3774 1656 εἶναιτοῖς

633 1693 754 1746 ηοω
787 1688 914 1734 sunt
947 1683 1200 1752 superius
1234 1685 1544 1740 examinata
1587 1687 2041 1756 demonStratum,
2090 1706 2196 1744 non
2230 1692 2235 1746 1

2172 1707 2196 1744 η
2230 1692 2270 1746 Β
2299 1697 2504 1766 γε,νοῦν
2531 1697 2730 1768 ἔχουσι,
2767 1695 2827 1748 τὸ
2866 1693 2956 1747 διὰ
2990 1693 3192 1755 παντὸς
3217 1687 3351 1745 εἶναι
3377 1689 3617 1757 τοιαύτην,
3640 1687 3774 1740 οἶαδιὰ

634 1769 868 1836 amplius
912 1773 1226 1843 ambiguum
1263 1791 1385 1832 esse
1424 1777 1507 1833 his
1535 1779 1624 1849 qui
1673 1783 1868 1837 mentis
1902 1784 2008 1837 sint
2051 1799 2202 1838 com-

634 1869 809 1928 potes,
842 1863 973 1932 quin
1005 1867 1074 1920 sit
1103 1882 1199 1937 per
1221 1869 1403 1923 omnia
1435 1871 1541 1926 tale
1577 1873 1734 1940 quale
1759 1889 1855 1943 per
1894 1876 2202 1944 praeceden-

632 1954 704 2006 tia
735 1965 820 2008 est
855 1967 1158 2014 ostensum.
1192 1959 1462 2027 Quocirca
1506 1966 1853 2037 expetibilius
1894 1985 2018 2025 esse
2060 1971 2201 2027 duco

631 2047 684 2100 in
722 2048 803 2104 his
832 2052 1166 2110 vanitatibus
1193 2056 1401 2112 diutius
1428 2059 1769 2120 immorando
1795 2080 1902 2119 non
1936 2066 2201 2135 prolixius

632 2151 938 2193 sermonem
965 2143 1286 2211 producere.
1320 2145 1422 2201 Sed
1454 2150 1710 2216 quoniam
1744 2153 1928 2208 multis
1960 2170 2022 2208 ex
2067 2155 2200 2210 locis

629 2228 776 2296 quod
807 2245 902 2285 eos
949 2235 1280 2302 persuadere
1327 2245 1509 2308 potest
1543 2244 1747 2297 erroris
1794 2245 2051 2312 praesides
2097 2247 2200 2302 sibi

632 2318 763 2387 ipsis
788 2323 1295 2392 comminiscuntur,
1329 2343 1392 2382 ac
1423 2341 1598 2386 metus
1631 2339 1714 2387 est
1745 2349 1812 2388 ne
1835 2336 1961 2403 quia
1995 2337 2199 2406 aliquid

629 2423 694 2462 ex
722 2409 805 2465 his
827 2427 946 2482 quae
969 2413 1036 2468 ab
1062 2416 1192 2484 ipsis
1213 2426 1342 2472 sunt
1370 2420 1646 2476 elaborata
1667 2423 1981 2494 despectum
2012 2416 2208 2493 fuerit,

630 2500 877 2566 speciosa
901 2503 1269 2562 calumniandi
1289 2519 1476 2563 contra
1504 2527 1605 2565 nos
1626 2515 1844 2568 occasio
1873 2518 2196 2584 praebeatur,

631 2598 691 2642 ut
737 2593 828 2659 qui
855 2592 998 2662 quod
1040 2594 1235 2651 fortius
1264 2606 1348 2654 est
1387 2608 1440 2654 et
1467 2603 1734 2658 valentius
1791 2607 2201 2676 reliquerimus:

630 2678 834 2734 idcirco
853 2689 1038 2737 oratos
1069 2684 1227 2738 velim
1255 2701 1350 2743 eos
1373 2689 1462 2758 qui
1493 2692 1782 2746 nobiscum
1817 2694 1871 2746 in
1894 2695 1993 2748 hoc
2018 2697 2198 2752 studio

627 2782 935 2836 versantur,
975 2773 1122 2827 nulla
1156 2776 1393 2845 neglecta
1428 2783 1768 2847 garrulitate,
1804 2786 1970 2840 alacri
2017 2789 2199 2843 animo

628 2871 874 2931 prompte
927 2867 1079 2936 sequi
1129 2870 1450 2936 orationem,
1503 2889 1832 2946 quocunque
1885 2881 2198 2935 necessario

626 2952 894 3011 adversus
924 2959 1189 3014 mendacii
1237 2964 1612 3032 aggressiones
1651 2976 1841 3022 contra
1871 2985 1991 3025 sese
2027 2970 2184 3026 ferat.

626 3042 894 3108 Quoniam
929 3048 1097 3118 igitur
1118 3052 1203 3105 vix
1238 3054 1457 3110 tandem
1488 3056 1555 3112 de
1581 3061 2038 3116 commentatione
2059 3077 2198 3118 som-

625 3134 775 3189 nium
813 3139 867 3192 in
897 3139 1170 3210 profundo
1201 3160 1395 3200 somno
1426 3151 1739 3220 contingere
1777 3151 1961 3218 desiit‘,
1999 3153 2196 3209 absur-

624 3228 863 3285 dis-illis
903 3239 956 3285 et
1010 3233 1218 3290 insanis
1275 3241 1609 3308 argumentis
1665 3243 1906 3312 seipsum
1951 3259 2193 3312 armans,

623 3334 931 3380 sermonem
981 3325 1049 3380 ad
1096 3328 1333 3393 alterum.
1371 3331 1642 3390 somnium
1684 3333 1965 3398 transfert,
2024 3335 2196 3390 multo

622 3415 962 3480 praecedente
986 3417 1198 3473 visione
1221 3419 1516 3475 absurdius
1551 3429 1605 3475 et
1640 3424 1932 3478 amentius.
1965 3424 2194 3482 Laboris

622 3509 803 3556 autem
835 3504 1133 3558 vanitatem
1165 3512 1219 3560 et
1252 3506 1659 3562 absurditatem’
1682 3509 1810 3564 licet
1849 3510 2172 3581 dignoscere

623 3593 671 3644 ei
699 3593 791 3661 qui
819 3593 887 3647 de
934 3595 1241 3662 privatione
1273 3597 1574 3666 captiosum
1615 3598 1736 3668 ejus
1774 3616 2078 3656 sermonem
2113 3602 2192 3656 di-

625 3684 892 3749 gnm-erit.
928 3684 1035 3739 Sed
1091 3687 1358 3743 universze
1413 3689 1538 3744 huic
1590 3691 1895 3760 garrulitati
1938 3700 1991 3747 et
2023 3709 2195 3764 nuga-

623 3771 757 3825 tioni
811 3775 1025 3829 conseri
1067 3785 1120 3831 et
1162 3776 1453 3847 implicari,
1502 3779 1605 3834 hoc
1634 3783 1912 3851 proprium
1944 3782 2192 3837 Eunomii

622 3858 786 3915 fuerit
811 3873 863 3917 et
891 3864 1011 3932 ejus
1042 3874 1370 3922 sectatorum
1410 3870 1503 3940 qui
1536 3871 1738 3925 nullam
1772 3873 1936 3928 rebus
1958 3876 2195 3930 maxime

621 3953 785 4008 seriis
829 3963 883 4009 et
915 3955 1100 4011 studio
1132 3957 1472 4029 dignissimis
1515 3976 1702 4015 curam
1733 3970 1786 4017 et
1829 3979 2047 4032 operam
2097 3965 2194 4018 ad-

2301 1788 2409 1840 τῶν
2457 1786 2775 1856 φθασάντων
2835 1785 3182 1855 ἐλήλεγκται.
3237 1784 3344 1836 Καὶ
3395 1781 3563 1835 τούτου
3589 1779 3710 1849 χάριν
3734 1777 3777 1827 τὸ

2304 1878 2379 1950 μὴ
2409 1878 2668 1949 προάγειν
2706 1879 2786 1942 είς
2825 1878 2997 1948 μῆκος
3021 1874 3116 1929 τοῦ
3154 1877 3266 1938 τοῖς
3297 1873 3524 1945 ματαίοις
3553 1869 3774 1940 ἐμφιλοχω-

2303 1972 2414 2038 ρεῖν
2444 1969 2799 2040 αἱρετώτερον
2836 1963 2974 2022 εῖναι
3018 1966 3322 2037 λογίζομαι.
3361 1963 3488 2016 Ἀλλ’
3519 1959 3670 2029 ἐπειδὴ
3689 1957 3775 2009 πιλ-

2300 2059 2525 2130 λαχόθεν
2552 2061 2611 2112 τὸ
2643 2059 2865 2113 πιθανὸν
2892 2059 3104 2122 ἑαυτοῖς
3129 2059 3180 2111 οἱ
3200 2055 3486 2128 προστάται
3512 2055 3595 2122 τῆς
3620 2050 3774 2117 ἀπάτης

2301 2153 2633 2222 εὑρίσκουσι.
2684 2151 2776 2204 καὶ
2807 2149 2921 2212 δέος
2971 2149 3134 2220 μὴτὸ
3166 2145 3494 2219 παροφθῆναί
3526 2161 3571 2196 τι
3596 2142 3681 2194 τῶν

2302 2243 2619 2313 πονημένων
2678 2243 2879 2304 αὐτοῖς,
2918 2241 3276 2311 εὐπρόσωπος
3308 2237 3423 2292 καθ’
3450 2234 3585 2306 ἡμῶν
3614 2232 3772 2301 γένηται

2299 2333 2552 2400 διαϐολῆς
2603 2331 2844 2404 ἀφορμὴ,
2881 2331 2955 2394 ὡς
2994 2330 3056 2384 τὸ
3087 2330 3426 2402 ἰσχυρότερον
3463 2323 3773 2380 ὲλλελοιπότων.

2299 2425 2490 2477 τούτου
2513 2425 2671 2494 χάριν
2690 2422 3093 2494 παρῃτησάμην
3122 2421 3249 2484 τοὺς
3266 2415 3645 2490 καθομιλοῦντας
3665 2412 3773 2484 ἡμῶν

2299 2533 2327 2566 τ
2333 2518 2363 2586 ᾖ
2395 2514 2594 2585 σπουδῇ
2630 2514 2760 2583 μηδε
2771 2513 2898 2582 μίαν
2915 2511 3282 2580 καταγνόντας
3297 2510 3595 2580 ἀδολεσχίαν,
3610 2505 3774 2560 ἔπεσθαι

2301 2603 2594 2674 προθύμως
2623 2603 2700 2674 τῷ
2727 2603 2891 2672 λόγῳ,
2913 2603 3193 2674 πανταχοῦ
3216 2605 3331 2656 κατ’
3348 2602 3564 2671 ἀνάγκην
3583 2596 3689 2668 πρὸς
3705 2594 3773 2650 τὰς

2298 2693 2391 2748 τοῦ
2416 2694 2642 2763 ψεύδους
2673 2695 3042 2764 ἐπιχειρήσεις
3067 2694 3262 2748 ἑαυτὸν
3278 2686 3772 2759 ἀντεξάγοντι.Ὲπειῖὴ

2299 2787 2478 2840 τοίνυν
2527 2787 2682 2856 μόγις
2726 2786 2857 2838 ποτὲ
2890 2785 2981 2838 τὸν
3028 2785 3161 2856 περὶ
3196 2788 3292 2856 τῆς
3311 2783 3529 2846 ἐπινοίας
3564 2776 3774 2850 δνειρονὲν

2300 2877 2454 2946 βαθεῖ
2498 2876 2575 2947 τῷ
2626 2875 2778 2944 ὕπνῳ
2805 2875 3154 2929 διαπλάσσων
3193 2874 3474 2938 ἐπαύσατο,
3500 2874 3593 2933 τοῖς
3614 2866 3772 2923 ἀτόποις

2299 2967 2527 3030 ἐκείνοις
2554 2968 2646 3020 καὶ
2699 2967 3034 3037 ἁδιανοήτοις
3057 2967 3172 3020 τῶν
3206 2964 3606 3036 ἐπιχειρημάτων
3638 2954 3773 3011 ἑαυτὸν

2303 3058 2566 3122 καθοπλίζ
2567 3077 2661 3121 ων,
2699 3059 2922 3127 μετάγει
2962 3057 3054 3111 τὸν
3099 3058 3261 3126 λόγον
3294 3059 3380 3110 ἐπὶ
3421 3056 3580 3125 ἕτερον
3608 3051 3772 3118 ὄνειρον.

2302 3149 2436 3203 πολὺ
2457 3149 2554 3218 τῆς
2571 3148 2944 3218 προλαδούσης
2967 3149 3266 3215 ψαντασίας
3285 3137 3771 3216 ἀνοητότερον.Ἔξεστι

2301 3241 2357 3293 δὲ
2403 3238 2603 3308 γνῶναι
2645 3238 2737 3292 τοῦ
2800 3239 2962 3292 πόνου
2990 3239 3051 3292 τὸ
3101 3241 3347 3310 μάταιον,
3375 3238 3446 3307 τῷ
3469 3237 3553 3306 τὴν

2304 3332 2609 3402 στερήσεως
2655 3329 2818 3382 αὑτοῦ
2857 3331 3204 3400 τεχνολογίαν
3248 3331 3614 3397 κατανοήσαντι.
3652 3317 3772 3411 aut

2296 3419 2357 3472 τὸ
2391 3420 2538 3489 πάσῃ
2571 3421 2639 3490 τῇ
2661 3418 2896 3489 φλυαρίᾳ
2925 3419 3354 3490 συμπλέκεσθαι,
3385 3413 3530 3474 αὑτοῦ
3554 3412 3607 3465 ἂν
3624 3409 3689 3476 εἴη
3707 3409 3770 3455 τεῦ

2298 3511 2560 3580 Εὑνομίου
2588 3511 2682 3564 καὶ
2718 3511 2826 3563 τῶν
2865 3513 2984 3565 κατ’
3025 3512 3192 3566 αὑτὸν
3217 3513 3321 3565 τῶν
3347 3508 3583 3582 μηδεμίαν
3602 3499 3704 3599 epit;

2299 3602 2690 3672 σπουδαιότερα
2743 3602 2850 3654 τῶν
2900 3603 3244 3674 πραγμάτων
3276 3599 3529 3674 φροντίδα.
3565 3585 3769 3662 Ἦμεῑςδὲ

2296 3693 2384 3747 διὰ
2409 3694 2699 3762 συντομίαν
2717 3693 2809 3746 ἐπὶ
2846 3693 3159 3761 κεφαλαίων
3201 3697 3308 3756 τοῖς
3329 3689 3600 3764 εἰρημένοις
3614 3679 3769 3747 ἐπιδρα·

2300 3783 2566 3857 μούμεθᾳ,
2599 3783 2674 3847 ὡς
2701 3783 2766 3836 ἂν
2791 3783 2924 3852 μήτε
2953 3799 3006 3835 τι
3023 3783 3135 3836 τῶν
3167 3784 3421 3852 ὑπαιτίων
3446 3767 3767 3864 παραλειφθιίιο

2303 3875 2439 3944 μήτε
2485 3892 2536 3927 τι
2581 3873 2687 3926 τῶν
2715 3872 2955 3941 ματαίων
2994 3875 3071 3937 εἰς
3094 3875 3348 3945 ἀνόνητον
3372 3859 3526 3943 μῆκός
3543 3859 3768 3936 προαγάτοι

2299 3965 2389 4016 τὸν
2417 3963 2590 4030 λόγον.

620 4046 828 4102 hibent.
871 4048 981 4104 Nos
1012 4059 1192 4106 autem
1228 4055 1452 4110 concise
1477 4067 1529 4109 et
1560 4058 1874 4112 summatim
1905 4058 2053 4111 dicta
2079 4072 2492 4126 percurremus,
2531 4067 2587 4113 ut
2621 4071 2798 4125 neque
2872 4055 3174 4125 quidquam
3244 4053 3515 4110 criminum
3572 4044 3772 4106 relinqui“

621 4150 730 4201 tur,
762 4157 940 4211 neque
984 4142 1113 4213 quid
1149 4147 1312 4199 lnane
1339 4154 1392 4200 et
1424 4161 1622 4201 vanum
1653 4149 1717 4202 ad
1750 4149 1994 4204 inutilem
2025 4149 2387 4218 prolixitatem
2419 4161 2721 4206 sermonem
2751 4147 3031 4215 producat.

687 4230 898 4288 Etenim
931 4237 1320 4303 propositurus
1373 4237 1514 4295 hanc
1569 4240 1830 4309 praeclare
1859 4249 2170 4296 contextam

2360 4237 2584 4291 Μέλλων
2631 4237 2737 4309 γὰρ
2768 4239 3061 4311 προθήσειν
3090 4240 3192 4310 τὴν
3216 4239 3338 4309 περὶ
3382 4237 3482 4290 τῶν
3517 4219 3765 4299 στερητικιῖνρ

617 4324 918 4379 orationem
948 4327 1016 4380 de
1037 4326 1122 4384 his
1149 4329 1463 4384 numinibus
1493 4345 1612 4399 qua:
1638 4331 1995 4400 privationem
2021 4332 2191 4402 signi-

2161 4361 2191 4381 η-
2223 4313 2266 4366 Ῑ)
2294 4328 2570 4398 ὀνομάτων
2591 4329 2956 4399 τεχνολογίαν,
3001 4330 3333 4399 ἐπήγγελται
3370 4324 3542 4391 δείξειν
3571 4319 3653 4372 τῶν
3671 4315 3763 4382 ἠμί·

620 4413 802 4481 ficant,
835 4433 895 4472 se
921 4420 1418 4476 demonstraturum
1460 4423 1742 4492 professus
1771 4432 1853 4480 est
1879 4431 2194 4480 nostrorum

616 4503 962 4560 decretorum
1001 4509 1418 4578 absurditatem,
1445 4521 1506 4567 ut
1524 4513 1648 4583 ipse
1667 4514 1945 4585 ‘loquitur,
1968 4515 2158 4586 insana
2174 4543 2190 4555 -

621 4591 776 4646 bilem
811 4600 866 4647 et
899 4596 1212 4665 religionem
1254 4600 1541 4669 quamdam
1569 4603 1876 4658 simulatam
1912 4618 1976 4657 ac
2005 4617 2190 4672 repre-

618 4681 958 4741 hensibilem.
991 4686 1625 4762 Pollicitatioigiturhac
1647 4702 1729 4750 est
1751 4713 1764 4748 :
1796 4695 1990 4750 horum
2009 4702 2192 4750 autem

620 4775 908 4831 criminum
944 4781 1343 4838 demonstratio
1372 4799 1494 4854 qua:
1514 4785 1682 4840 ?Cum
1699 4786 1915 4857 quidam
1936 4787 2191 4853 dixerint,

622 4865 816 4934 inquit,
847 4873 1137 4948 privatione
1155 4878 1506 4945 generationis
1539 4877 1706 4932 Deum
1738 4896 1851 4933 esse
1876 4881 2188 4952 ingenitum,

621 4971 715 5008 nos
730 4957 799 5008 ad
820 4961 1465 5031 reprehensionem/torum
1489 4984 1649 5038 neque
1665 4967 1768 5023 Deo
1780 4987 2062 5040 congruere
2081 4971 2190 5026 ullo

620 5047 775 5100 modo
809 5047 943 5102 [tunc
993 5067 1186 5116 vocem,
1227 5073 1386 5128 neque
1433 5060 1695 5121 notionem
1751 5061 2074 5116 dixerimus:
2096 5061 2190 5116 de-

620 5147 889 5194 monstret
921 5137 1191 5198 sermonis
1220 5149 1452 5213 primum
1508 5159 1810 5215 auctorem,
1844 5153 1888 5221 si
1918 5152 2042 5221 quis
2069 5161 2193 5220 post

622 5229 874 5286 homines
915 5242 1109 5297 natos,
1146 5235 1260 5288 sive
1308 5238 1451 5306 apud
1482 5238 1751 5294 barbaros
1805 5242 1921 5296 sive
1949 5241 2216 5307 Graecos,

620 5323 748 5392 quid
779 5325 886 5379 tale
917 5325 1132 5380 locutus
1156 5325 1585 5393 demonstratur,
1644 5339 1696 5386 et
1729 5347 1831 5386 nos
1861 5333 2189 5401 tacebimus;

621 5413 716 5468 sed
758 5423 879 5484 post
912 5415 1190 5470 hominum
1227 5417 1546 5472 memoriam
1579 5421 1762 5476 nullus
1821 5421 2193 5492 deprehensus

622 5505 789 5557 fuerit
825 5508 928 5560 tale
978 5507 1109 5577 quid
1163 5506 1389 5573 dixisse,
1429 5510 1537 5564 nisi
1587 5511 1710 5582 quis
1749 5512 2034 5569 insaniret.
2059 5515 2193 5581 Quis

621 5596 768 5648 enim
804 5597 891 5649 hic
939 5601 1290 5667 temulentus,
1353 5603 1478 5673 quis
1531 5604 1669 5659 adeo
1701 5605 1786 5660 vel
1837 5605 2073 5670 insania,
2110 5608 2193 5662 vel

623 5686 937 5757 phrenitide
978 5691 1091 5746 sive
1145 5693 1339 5748 delirio
1358 5710 1388 5751 e
1409 5695 1538 5753 sede
1562 5697 1764 5754 mentis
1799 5712 1912 5755 suae
1931 5697 2193 5769 depulsus

2290 4419 2463 4490 τέρων
2497 4419 2780 4488 δογμάτων
2812 4420 3060 4485 ἀτοπίαν,
3089 4421 3165 4484 ὡς
3190 4420 3346 4484 αὑτός
3371 4433 3536 4488 φησιν,
3547 4411 3764 4490 ἀνῆκεπῗῗ

2292 4485 2385 4563 καὶ
2419 4485 2701 4563 εὐλάϐειάν
2752 4527 2872 4564 τινα
2914 4513 3278 4584 προσποίητον
3315 4485 3404 4562 καί
3431 4485 3695 4572 ⁷ὲοιτίληπτονο
3720 4485 3758 4588 ῬΙ

2295 4601 2392 4670 μὲν
2419 4595 2510 4654 οὖν
2545 4601 2853 4672 ὑπόσχεσις.
2883 4602 3043 4672 αὓτη.
3061 4604 3120 4656 '0
3143 4603 3199 4656 δέ
3232 4602 3336 4656 τῶν
3363 4592 3666 4667 ἐγκλημάτων
3677 4597 3760 4688 fa:

2291 4709 2398 4744 των
2422 4690 2637 4761 ἐλεγχος
2657 4733 2671 4755 ,
2697 4692 2779 4756 τίς
2797 4709 2811 4757 ;
2832 4695 3155 4754 Εὶπόντων,
3174 4693 3323 4762 φησὶ,
3357 4687 3532 4749 τινῶν,

2291 4759 2631 4853 γεννήσεως
2682 4781 2834 4837 εἶναι
2871 4783 2978 4834 τὸν
3011 4783 3156 4835 Θεὸν
3187 4759 3515 4851 ἀγέννητον,
3547 4764 3679 4865 ημεῐς

2291 4847 2524 4945 ἐλέγχῳ
2564 4847 2805 4936 τούτων,
2833 4872 3118 4942 μηδαμῶς
3153 4847 3411 4941 ἁρμόζειν
3440 4864 3512 4930 τῷ
3551 4855 3648 4919 Θεῷ
3659 4847 3762 4923 μήτε

2290 4967 2406 5034 τὴν
2438 4966 2648 5035 φωνὴν
2688 4967 2930 5031 ταύτην,
2979 4965 3134 5034 μήτε
3167 4964 3281 5030 τὴν
3317 4961 3537 5016 ἔννοιαν

2292 5056 2528 5122 Δειξὸιτω
2556 5058 2646 5111 τὸν
2676 5058 2986 5128 προστάτην
3013 5057 3106 5110 τοῦ
3146 5054 3322 5124 λόγου,
3347 5053 3398 5106 sl’
3418 5066 3494 5112 τις
3516 5043 3606 5098 τῶν
3723 5039 3763 5078 σὺ

2294 5149 2580 5216 γεγόνασιν
2617 5123 2893 5220 ἄνθρωποι
2920 5123 3082 5220 μέχρι
3104 5146 3199 5201 τοῦ
3221 5123 3335 5207 νῦν,
3379 5140 3478 5194 εἴτε
3526 5129 3646 5220 παρά

2293 5211 2502 5312 ἀείροις,
2539 5241 2649 5294 εἶτε
2698 5211 2826 5309 παρ’
2856 5211 3082 5311 Ἕλλησι
3110 5239 3169 5291 τὸ
3210 5233 3437 5289 τοιοῦτον

2297 5350 2454 5402 μενος
2478 5331 2768 5396 δείκνυται,
2797 5333 2893 5385 καὶ
2930 5333 3090 5402 ἡμεῖς
3123 5332 3474 5398 σιωπήσομεν
3501 5315 3596 5371 ἀλλ’
3618 5322 3693 5408 (fuit
3719 5315 3764 5408 fy

2294 5399 2575 5498 ἐλεγχθείη
2610 5428 2716 5480 τῶν
2753 5430 2812 5480 ὲν
2848 5399 3006 5481 παντὶ
3044 5428 3218 5498 χρόνῳ
3254 5399 3762 5508 γεγενημένων

2295 5537 2412 5573 πων
2428 5497 2609 5582 οὐδεὶς
2630 5520 2710 5572 τὺ
2737 5519 2976 5573 τοιοῦτον
3015 5517 3201 5579 εἰπὼν,
3239 5513 3369 5583 πλὴν
3396 5509 3444 5561 εί
3468 5519 3539 5566 τις
3561 5497 3762 5622 piri;

2297 5610 2360 5622 ’.ῃ
2469 5609 2479 5622 ι
2585 5601 2612 5622 τ
2764 5611 2777 5622 ⁸
2922 5608 2968 5622 ’λ
3195 5606 3206 5622 '
3298 5619 3371 5622 7--
3424 5596 3497 5622 Δ-
3534 5595 3668 5622 Anien:
3720 5606 3742 5618 ..

2297 5610 2392 5672 Τίς
2420 5609 2529 5680 γὰρ
2555 5601 2711 5671 οὗτος
2761 5611 2825 5661 ἐκ
2871 5608 3041 5679 μέθης
3069 5606 3390 5711 “Pavori:
3418 5596 3497 5704 ξς

2307 5701 2555 5769 μανίαςῆ
2586 5700 2884 5771 φρενίτιδος
2907 5697 3206 5770 ἐξεστηκὼς
3239 5694 3333 5764 τὴν
3357 5688 3580 5743 διάνοιαν,
3607 5689 3661 5731 ων
3687 5701 3698 5714 ⁸

3905 1825 3912 1888 i
