4056 6146
342 260 480 323 “Ol

1454 280 1728 345 CONTRA
1770 284 2161 363 EUNOMIUM,
2196 290 2321 356 Lm.
2360 260 2471 361 xu.

3466 312 3488 377 ι
3509 312 3595 378 ιλιι

338 398 434 434 τον
466 381 641 434 εἰπεῖν
676 383 766 436 τὸν
820 383 976 455 λόγον
1005 429 1017 451 ,
1062 391 1141 443 ὅτι
1286 396 1565 472 ἀγεννὴτῳ
1619 404 1737 475 Θεῷ
1787 408 1911 461 κατέ

342 470 506 503 ...ἄρηι
555 470 652 503 ..έη
706 475 853 503 1......
879 478 909 503 ,ι
942 478 1193 503 nam.--“
1256 501 1301 503 ,ω
1418 489 1442 503 Α
1476 491 1488 503 ι
1568 493 1607 503 κ.
1726 496 1748 503 -
1902 499 1911 503 -

2029 421 2087 466 ut
2118 415 2260 469 hunc
2292 433 2595 475 sermonem
2622 416 2882 493 proferat,
2935 430 3074 500 quod
3111 432 3349 503 ingenito
3375 436 3483 497 Deo
3514 456 3601 498 sea

342 470 506 539 φύσιν
552 470 652 540 μέν
705 475 910 546 ἐστινὴ
942 478 1213 550 γέννησις,
1247 470 1617 557 στερηθεὶςδέ
1660 470 1752 547 τοῦ
1789 499 1927 551 κατὰ

343 563 527 628 φύσιν,
558 566 621 616 ἐκ
643 568 899 637 γεννητοῦ
934 570 1026 623 τοῦ
1070 576 1324 645 πρόσθεν,
1349 582 1539 649 γέγονε
1590 589 1725 655 μετὰ
1757 590 1929 645 ταῦτα

342 655 673 725 ἀγέννητος;
712 658 873 713 Ἀλλά
920 662 1090 717 ταῦτα
1137 669 1235 736 τῆς
1288 673 1585 745 ῥητορικῆς
1627 678 1693 730 τὰ
1738 684 1928 749 τεχνά-

344 762 547 814 σματα,
574 747 653 811 τὸ,
688 749 747 800 ἐν
794 746 875 814 οἷς
917 753 1230 826 ἐλέγχονται
1262 762 1567 829 προσώπων
1596 769 1758 821 τινῶν
1798 772 1927 824 ύπο-

341 836 525 900 ϐολαῖς
572 838 670 909 τὴν
702 842 766 893 ἐκ
790 842 899 894 τῶν
928 844 1165 916 ἐλέγχων
1188 852 1452 922 αἰσχύνην
1480 855 1883 927 διαδιδράσκειν
1908 879 1920 891 ⁸

339 924 480 1031 οὕτω
506 928 597 982 καὶ
642 931 769 1000 περὶ
800 932 898 1004 τῆς
931 935 1224 1005 ἀπολογίας
1256 943 1473 1014 ἐκείνης
1506 924 1921 1031 ἀπολελόγηται,

338 1010 622 1082 δικασταῖς
671 1022 768 1074 καὶ
799 1026 1126 1096 κατηγόροις
1166 1010 1438 1097 ἀνατιθεὶς
1482 1036 1579 1107 τῆς
1609 1010 1925 1113 ἐπιγραφή·

339 1105 437 1176 τὴν
470 1110 673 1173 αἰτίαν,
696 1112 756 1165 οὐ
782 1117 1143 1187 κατηγόρους,
1176 1122 1236 1173 ού
1260 1122 1462 1193 κρίσιν,
1485 1128 1545 1179 οὐ
1575 1128 1925 1204 δικαστήριον

340 1196 603 1262 ἐπιδεῖξαι
653 1201 966 1273 δυνάμενος.
1015 1208 1125 1260 Καὶ
1154 1210 1249 1262 νῦν
1274 1212 1349 1275 ὡς
1374 1214 1659 1288 ἀλλοτρίαν
1714 1196 1923 1293 μωρίαν

339 1287 828 1360 ἐπανορθούμενος,
864 1295 942 1357 είς
975 1297 1221 1367 ἀνάγκην
1256 1304 1391 1372 φησι
1418 1304 1511 1358 τοῦ
1540 1287 1724 1373 οὕτως-
1751 1287 1923 1365 εἰπεῖν

340 1376 678 1446 ἐληλυθέναι.
738 1378 907 1448 Οὗτος
947 1386 975 1438 ὁ
1020 1386 1239 1458 ἔλεγχος
1289 1395 1389 1463 τῆς
1436 1397 1734 1467 ἀνηκέστου
1765 1404 1922 1473 ἡμῶν

339 1467 589 1531 ἀτοπίας,
634 1471 729 1523 καὶ
764 1473 865 1542 τῆς
906 1481 1268 1549 προσποιήτου
1301 1485 1395 1535 καὶ
1428 1487 1727 1558 ἐπιλήπτου
1766 1467 1921 1547 ε’ύλα-

338 1558 513 1623 ϐείας.
557 1562 696 1615 Ἀλλ’
751 1565 1087 1636 ἀποροῦντας
1121 1573 1267 1641 ἡμᾶς
1324 1591 1487 1645 φησιν
1517 1580 1615 1633 οὐκ
1660 1582 1843 1653 ἔχεινδ
1867 1602 1919 1639 τι

336 1652 651 1719 χρησόμεθα
678 1657 789 1717 τοῖς
812 1659 1040 1728 παροῦσι
1072 1663 1165 1714 καὶ
1199 1664 1297 1735 τὴν
1323 1666 1551 1739 ἀπορίαν
1589 1652 1920 1744 ἐπικρυπτο-

338 1741 533 1809 μένους
558 1759 571 1773 ο
634 1745 841 1799 ἐκείνου
891 1748 991 1817 μὲν
1043 1752 1107 1804 ἐκ
1142 1753 1251 1807 τῶν
1286 1758 1545 1827 ῥημάτων
1583 1764 1662 1825 είς
1693 1741 1791 1834 τὴν
1824 1765 1918 1819 τοῦ
1954 1760 1992 1812 Β

332 1830 538 1913 κόσμου
567 1832 869 1889 διαϐάλλειν
903 1841 1097 1908 σοφίαν
1116 1860 1129 1873 ’
1161 1845 1359 1909 αὐτοὺς
1390 1848 1447 1900 δὲ
1486 1852 1585 1921 τὴν
1626 1852 1720 1905 τοῦ
1749 1830 1916 1922 *ἁγίου

334 1908 651 2017 ῐξνέύματος
695 1929 1025 1984 οἰκειοῦσθαι
1064 1908 1430 1991 διδασκαλίαν.
1474 1908 1666 2006 ’Ἄλλος
1708 1908 1917 2017 δνείρος

331 2005 485 2075 οὗτος
529 2013 780 2069 τοσοῦτον
814 2019 995 2091 ἐαυτῷ
1042 2028 1323 2094 προσεῖναι
1349 2029 1450 2097 τῆς
1480 2030 1583 2109 ἔξω
1616 2034 1807 2102 σοφίας
1836 2039 1915 2089 οἵ·

331 2101 509 2167 εσθαι,
536 2104 612 2168 ὡς
644 2107 871 2179 φοϐερὸν
912 2111 1179 2184 Βασιλείῳ
1215 2116 1302 2171 διὰ
1345 2101 1722 2177 τοῦτοδοκεῖν.
1762 2126 1918 2180 Οὕτω

330 2193 474 2256 τινὲς
507 2196 600 2248 καὶ
648 2196 960 2266 βασιλεῦσιν
986 2204 1291 2276 ὁμόθρονοι,
1330 2212 1424 2263 καὶ
1458 2214 1556 2281 τῆς
1581 2212 1917 2288 ὑψηλοτέρας

272 2328 280 2335 .
330 2282 493 2348 ἀξίας
538 2284 676 2341 εἶναι
727 2287 986 2357 πολλάκις
1031 2297 1258 2363 ἑαυτοὺς
1311 2282 1750 2375 ἐφαντάσθησαν,
1814 2282 1914 2377 τῆς

331 2375 693 2450 ἡπατὴμενης
718 2380 824 2435 τῶν
872 2385 1137 2439 ἐνυπνίων
1174 2388 1373 2457 ὅψεως,
1402 2393 1467 2445 ἐκ
1495 2395 1593 2465 τῆς
1616 2397 1736 2450 καθ’
1767 2375 1915 2469 ῦπαρ

333 2464 647 2537 ἐπιθυμίας,
678 2470 776 2542 τὴν
804 2475 934 2542 περὶ
972 2476 1161 2530 τούτου
1193 2478 1413 2552 δόκησιν
1442 2483 1763 2558 ἐντιθείσης.
1800 2464 1915 2543 Οὐκ

333 2555 542 2625 ἔχοντα,
572 2562 757 2629 φησὶν,
778 2564 1072 2631 Βασίλειον,
1103 2569 1131 2621 ὃ
1173 2586 1224 2622 τι
1246 2572 1356 2634 τοῖς
1376 2555 1914 2650 εἰρημένοις-χρήσε-

329 2665 441 2712 ται,
466 2651 768 2708 διαϐάλλειν
790 2657 949 2709 αὑτὸν
981 2659 1071 2711 ἐπὶ
1102 2663 1164 2732 τῇ
1196 2662 1288 2715 τοῦ
1319 2665 1523 2735 κόσμου
1559 2669 1740 2738 σοφίᾳ.
1780 2671 1913 2723 Πολ-

328 2739 423 2793 λοῦ
457 2742 555 2812 μέν
583 2760 663 2796 τοι
690 2746 788 2816 τὴν
833 2750 1087 2820 τοιαύτην
1115 2752 1182 2806 ἂν
1224 2753 1475 2827 διαϐολὴν
1498 2758 1818 2830 ἐτιμήσατο,
1854 2762 1913 2813 τὸ

329 2831 561 2903 φοϐερὸς
590 2835 903 2907 νομισθῆναι
923 2844 987 2910 τῇ
1020 2836 1305 2915 περιουσίᾳ
1331 2845 1437 2899 τῶν
1467 2848 1657 2915 λόγων,
1689 2850 1911 2905 καὶτῶν

327 2922 692 2993 ἐπιτυχόντων
746 2929 866 2991 τινὶ,
929 2932 1001 3000 μή
1043 2932 1095 2984 τί
1149 2949 1212 3001 γε
1246 2935 1507 3006 Βασιλείῳ
1538 2939 1631 2990 καί
1666 2956 1772 2993 τινι
1804 2942 1911 2992 τῶν

326 3013 451 3065 κατ’
479 3014 657 3078 αὑτὸν,
690 3014 847 3087 εἴπερ
863 3035 946 3080 τις
974 3019 1109 3082 ὅλως
1140 3021 1256 3073 ἐστὶ
1286 3026 1404 3075 κατ’
1426 3024 1587 3078 αὑτὸν
1616 3026 1649 3096 ἢ
1672 3027 1905 3094 ἐγένετο.

342 3102 500 3155 Ἀλλὰ
529 3104 620 3155 τὸν
663 3105 760 3173 μὲν
791 3106 879 3159 διὰ
920 3108 1084 3175 μέσου
1123 3109 1299 3179 λόγον,
1335 3114 1495 3185 εἴπερ
1526 3114 1680 3182 λόγος
1706 3118 1904 3187 ἐστὶνὴ

325 3194 745 3265 ἀνδραποδώδης
777 3198 938 3250 αὐτοῦ
977 3199 1231 3272 λοιδορία,
1261 3205 1354 3256 καὶ
1381 3205 1448 3258 τὰ
1481 3207 1694 3276 ἄμουσα
1731 3208 1908 3279 σκώμ-

329 3301 494 3353 ματα,
519 3285 584 3337 δι’
608 3279 680 3338 ὧν
700 3290 1051 3362 κατατρέχειν
1078 3292 1183 3344 τῶν
1208 3296 1496 3366 ἡμετέρων
1527 3299 1716 3361 οἴεται,
1733 3301 1907 3354 πάντα

322 3376 579 3445 παρήσω,
625 3377 913 3445 βδελυκτόν
954 3399 1011 3433 τε
1054 3385 1145 3435 καὶ
1178 3384 1339 3454 ἀηδὲς
1369 3387 1689 3458 ποιούμενος
1715 3391 1904 3443 τοσού-

321 3480 437 3527 τοις
496 3466 800 3536 μολύσμασι
854 3469 945 3521 τὸν
978 3471 1240 3543 ἡμέτερον
1279 3477 1680 3547 ἐμφορύνεσθαι
1728 3482 1902 3550 λόγον,

324 3552 515 3626 ὥσπερ
541 3556 589 3608 οί
615 3556 680 3609 τὰ
724 3558 933 3630 ὀχθώδη
978 3577 1036 3612 τε
1072 3563 1165 3615 καὶ
1208 3564 1440 3620 ὀδωδότα
1469 3569 1579 3621 τῶν
1611 3570 1784 3623 ἑλκῶν
1815 3590 1907 3642 μυ-

326 3646 661 3715 σαττόμενοι,
695 3649 789 3703 καὶ⁹
829 3650 1347 3721 δυσανασχετοῦντες
1383 3657 1480 3726 τὴν
1504 3658 1633 3711 θέαν
1659 3660 1768 3713 τῶν
1799 3664 1907 3715 ἀπὸ

321 3736 677 3810 πληθωρικῆς
712 3756 853 3803 τινος
893 3741 1233 3814 βαρυχυμίας
1265 3746 1331 3798 δι’
1357 3748 1780 3820 ἀκροχορδόνων,
1813 3753 1906 3807 καὶ

320 3825 466 3891 ἥλων
493 3829 895 3885 ἀλλοιωθέντων
918 3835 1015 3903 τὴν
1036 3837 1374 3904 ἐπιφάνειαν.
1398 3838 1499 3892 Τὸν
1523 3841 1579 3893 δέ
1599 3842 1723 3894 νοῦν
1742 3844 1905 3898 αὑτοῦ

319 3918 389 3969 δι’
441 3920 638 3989 ὀλίγων
677 3923 988 3994 ἐκθέμενος,
1039 3926 1137 3997 τὴν
1196 3929 1395 3999 πολλὴν
1456 3931 1561 3984 τῶν
1602 3934 1905 4004 εἰρημένων

322 4009 789 4079 παραδραμοῦμεν
813 4014 1101 4070 δυσωδίαν.

2030 506 2266 560 cundum
2288 520 2535 565 naturam
2560 515 2776 584 quidem
2798 525 2880 573 est
2900 523 3199 588 generatio,
3233 528 3476 594 privatus
3507 547 3602 588 au-

2031 604 2134 650 tem
2166 614 2231 651 eo
2265 602 2410 669 quod
2445 613 2528 658 est
2546 607 2844 660 secundum
2881 618 3129 666 naturam
3166 631 3230 669 ex
3278 620 3461 686 genito
3490 622 3601 679 Deo

2028 690 2172 757 quod
2222 693 2369 760 prius
2397 705 2534 759 erat,
2584 696 2761 753 factus
2802 706 2886 755 est
2926 706 3113 771 postea
3157 702 3467 777 ingenitus?
3493 713 3599 770 Sed

2030 780 2143 834 haec
2172 792 2299 837 sunt
2327 785 2610 843 rhetoricas
2630 791 2878 858 artificia,
2907 811 3098 866 nempe
3128 800 3181 855 in
3208 802 3289 859 his
3314 805 3367 859 in
3400 809 3599 875 quibus

2028 862 2501 942 reprehenduntur
2537 883 2862 951 quibusdam
2896 890 3179 947 accersitis
3228 899 3480 963 personis
3512 916 3600 955 re-

2029 965 2449 1033 prehensionum
2483 966 2720 1029 dedecus
2772 977 3148 1051 subterfugere
3180 1000 3196 1047 ;
3233 986 3311 1040 sic
3331 994 3385 1042 et
3412 988 3479 1044 de
3506 991 3599 1046 illa

2029 1054 2349 1113 defensione
2408 1059 2669 1128 defendit,
2720 1065 3004 1135 judicibus
3074 1084 3128 1128 et
3174 1081 3597 1136 accusatoribus

2028 1149 2399 1206 accusationis
2434 1153 2650 1224 culpam
2682 1165 2736 1211 et
2764 1174 2986 1217 causam
3022 1167 3324 1235 ascribens,
3361 1187 3471 1227 non
3503 1188 3597 1228 ac-

2026 1246 2331 1305 cusatores,
2362 1250 2469 1298 ιιοη
2499 1244 2768 1314 judicium
2794 1290 2809 1315 ,
2851 1267 2956 1306 non
2997 1254 3255 1325 iudiciale
3291 1262 3468 1318 forum
3506 1282 3597 1319 va-

2027 1332 2141 1387 lens
2164 1334 2469 1392 ostendere.
2509 1336 2574 1391 Et
2607 1356 2753 1396 nunc
2787 1346 2847 1397 ut
2911 1346 3143 1404 alienam
3210 1356 3498 1411 stultitiam
3543 1365 3598 1431 et

2029 1423 2329 1482 fatuitatem
2390 1429 2694 1499 corrigens,
2741 1422 2798 1489 se
2831 1435 2884 1489 in
2940 1442 3323 1500 necessitatem
3385 1447 3466 1503 sic
3512 1429 3596 1503 lo;

2025 1518 2225 1585 quendi
2259 1522 2472 1577 venisse
2502 1522 2655 1580 dicit.
2692 1524 2817 1582 Haec
2876 1538 2960 1585 est
3008 1535 3359 1603 reprehensio
3397 1550 3597 1596 nostra:

2027 1608 2349 1667 iiisanabilis
2392 1614 2771 1680 absurditatis,
2804 1626 2858 1673 et
2895 1620 3163 1679 simulatae
3216 1636 3379 1698 atque
3405 1646 3595 1700 repres-

2027 1700 2311 1757 bensibilis
2334 1704 2632 1775 religionis.
2677 1706 2782 1763 Sed
2806 1724 2906 1766 nos
2944 1712 3157 1785 indigos
3186 1714 3319 1773 dicit
3354 1736 3463 1775 non
3494 1722 3595 1776 ha-

2024 1795 2149 1847 bere
2175 1794 2307 1863 quid
2341 1795 2395 1850 in
2428 1800 2714 1867 praesentia
2738 1815 2962 1872 agamus
2993 1812 3047 1860 et
3067 1820 3176 1878 quo
3192 1823 3601 1879 nosvertamus,

2020 1884 2354 1951 quinetiam
2385 1889 2666 1957 penuriam
2707 1898 2954 1948 nostram
3003 1900 3309 1967 occultare;
3339 1916 3404 1957 ac
3435 1903 3588 1959 illum

2020 1976 2238 2045 quidem
2270 1993 2335 2032 ex
2366 1979 2546 2035 verbis
2571 1982 2642 2035 ob
2658 1983 2846 2037 mundi
2871 1985 3192 2055 sapientiam
3222 1991 3543 2047 calumniari
3574 2009 3589 2045 :

2020 2065 2167 2133 ipsos
2195 2080 2323 2119 vero
2352 2068 2526 2122 sancti
2581 2066 2821 2139 Spiritus
2855 2074 3160 2131 doctrinam
3218 2080 3377 2135 nobis
3412 2080 3591 2135 vindi-

2018 2172 2164 2211 care.
2204 2159 2360 2212 Aliud
2392 2159 2495 2214 hoc
2554 2165 2849 2228 somnium,
2883 2174 3091 2222 tantum
3126 2170 3230 2224 sibi
3275 2171 3377 2240 ipsi
3404 2172 3594 2230 adesse

2017 2257 2254 2304 externae
2306 2252 2584 2321 sapientiae
2638 2262 2851 2323 putare,
2905 2264 2966 2311 ut
3018 2267 3303 2329 propterea
3333 2264 3592 2321 terribilis

2020 2340 2219 2397 Basilio
2249 2342 2515 2398 videatur.
2576 2344 2667 2400 Sic
2716 2346 2937 2417 quidam
2984 2350 3146 2405 etiam
3197 2368 3321 2408 cum
3372 2357 3590 2426 regibus

2017 2433 2179 2488 simul
2230 2436 2419 2490 eodem
2454 2436 2510 2490 in
2571 2437 2710 2491 solio
2745 2439 2958 2504 sedere,
3011 2450 3065 2497 et
3105 2443 3297 2501 altiore
3326 2432 3592 2518 dignitate

2015 2541 2136 2579 esse
2173 2541 2315 2595 saepe
2356 2542 2415 2581 se
2442 2527 2633 2597 dignos
2688 2530 3052 2596 somniarunt,
3087 2531 3219 2589 falsa
3251 2539 3589 2593 somniorum

2016 2616 2251 2685 imagine
2281 2631 2347 2669 ex
2388 2632 2515 2671 vera
2559 2618 2858 2687 cupiditate
2904 2621 3045 2677 hanc
3089 2624 3224 2691 ipsis
3276 2626 3590 2696 opinionem

2017 2707 2330 2771 inserente;
2383 2723 2491 2761 non
2524 2708 2833 2775 habentem,
2871 2713 2965 2777 ait,
3029 2712 3291 2770 Basilium
3353 2719 3483 2787 quid
3519 2721 3589 2775 ad
3652 2758 3655 2761 λ

2015 2798 2158 2852 dicta
2187 2798 2514 2867 respondeat
2542 2800 2822 2855 criminari
2849 2802 3025 2872 ipsum
3054 2806 3125 2861 ob
3166 2809 3355 2864 mundi
3376 2812 3588 2880 sapien~

2014 2890 2166 2942 tiam.
2202 2885 2377 2956 Magni
2407 2880 2625 2956 quidem
2660 2890 2821 2945 talem
2865 2893 3302 2952 criminationem
3356 2899 3501 2967 fecit,
3527 2909 3583 2959 ut

2013 2984 2358 3039 existimetur
2396 2985 2655 3040 terribilis
2696 2988 2986 3043 verborum
3017 2992 3175 3062 copia
3214 2992 3459 3063 cuilibet,
3492 3013 3590 3054 ne-

1938 3067 1979 3124 C
2013 3083 2140 3136 dum
2189 3079 2390 3134 Basilio
2418 3089 2470 3135 et
2501 3083 2661 3136 alieni
2690 3084 3113 3156 discipulorum,
3146 3090 3191 3147 si
3216 3093 3433 3160 quidem
3464 3097 3589 3166 quis

2014 3177 2230 3246 penitus
2256 3184 2341 3231 est
2371 3178 2668 3231 secundum
2694 3179 2871 3248 ipsum
2906 3181 2988 3235 vel
3024 3182 3146 3238 fuit.
3185 3185 3290 3242 Sed
3322 3188 3588 3246 interme-s

2012 3272 2160 3326 dium
2194 3286 2522 3334 sermonem,
2544 3272 2592 3326 si
2617 3271 2833 3343 quidem
2864 3289 3045 3328 sermo
3074 3285 3158 3333 est
3186 3282 3384 3338 servile
3411 3284 3585 3354 ipsius

2013 3367 2341 3429 convicium,
2379 3374 2433 3420 et
2467 3366 2683 3422 indocta
2718 3375 2880 3436 atque
2928 3370 3111 3440 inepta
3137 3388 3460 3444 scommata,
3488 3396 3585 3450 per

2013 3479 2133 3536 quae
2156 3464 2210 3517 in
2247 3471 2436 3517 nostra
2484 3462 2767 3517 incurrere
2797 3465 3115 3532 arbitratur,
3143 3473 3328 3527 omnia
3360 3484 3584 3544 preter-

2003 3558 2581 3620 mittam.exsecrabile
2605 3568 2659 3613 et
2684 3560 3109 3619 abominandum
3131 3567 3474 3635 existimans,
3503 3578 3584 3627 tot

2009 3657 2283 3725 tantisque
2334 3654 2725 3725 pollntionibus
2784 3666 3094 3715 sermonem
3130 3671 3380 3719 nostrum
3412 3665 3585 3722 infer-

2017 3752 2139 3815 ciri,
2180 3749 2636 3819 quemadmodum
2671 3752 2764 3819 qui
2794 3756 3114 3821 praetumida
3150 3768 3205 3813 et
3231 3764 3371 3815 tetra
3400 3761 3583 3817 ulcera

2009 3847 2413 3907 abominantur,
2463 3858 2711 3915 aagreque
2768 3845 2950 3902 ferunt
2983 3854 3355 3920 spectaculum
3396 3872 3584 3912 eorum

2006 3953 2127 4007 quae
2146 3954 2209 3992 ex
2248 3937 2428 4007 aliqua
2462 3939 2642 4008 gravis
2679 3939 2927 3996 humoris
2969 3944 3269 4013 repletione
3293 3963 3593 4018 pel-verru-

2007 4044 2100 4085 cas
2130 4040 2184 4086 et
2215 4033 2397 4087 clavos
2446 4032 2730 4087 immutata
2790 4042 2938 4102 sunt,
2974 4035 3028 4089 in
3077 4039 3218 4095 cutis
3274 4042 3582 4111 superficie.

323 4098 559 4154 Sensum
590 4104 831 4172 ipsorum
893 4122 1016 4160 cum
1064 4108 1253 4178 paucis
1320 4125 1622 4181 exposuero
1672 4116 1896 4171 multam
1940 4121 2181 4191 ipsorum
2210 4124 2629 4195 graveolentiam
2662 4130 3101 4194 przetercurram.

397 4193 589 4246 Ἔσται
617 4195 671 4249 δέ
700 4214 786 4265 μοι
810 4200 947 4263 τέως
975 4204 1093 4254 κατ’
1126 4202 1437 4278 ἐλευθερίαν
1465 4208 1493 4259 ὁ
1531 4207 1687 4277 λόγος
1719 4209 1899 4275 διεξαα

319 4285 571 4355 γόμενος,
624 4290 772 4341 οὐδὲν
807 4292 941 4362 πρὸς
996 4295 1057 4346 τὸ
1093 4298 1504 4365 ἐπηρεαστικῶς
1559 4302 1898 4373 σπαράσσειν

2078 4216 2192 4270 Erit
2225 4224 2403 4272 autem
2431 4217 2561 4270 mihi
2594 4232 2691 4287 pro
2740 4218 2991 4274 libertate
3025 4226 3206 4275 sermo
3239 4222 3331 4289 qui
3384 4221 3581 4290 produ-

2006 4309 2169 4371 citur,
2202 4309 2295 4378 qui
2327 4324 2433 4363 non
2464 4310 2529 4362 ad
2561 4309 2896 4363 calumniose
2953 4306 3369 4380 discerpendum
3419 4310 3582 4382 quid-

318 4392 373 4427 τι
426 4377 534 4428 τῶν
573 4377 878 4448 λεγομένων
926 4383 1406 4456 ἐπιστρεφόμενος.
1453 4390 1568 4453 Πᾶς
1597 4389 1750 4458 λόγος
1779 4393 1807 4445 ὅ
1835 4410 1898 4460 γε

2012 4414 2168 4470 quam
2220 4377 2409 4455 eorum
2458 4416 2579 4470 qua:
2631 4401 2911 4465 dicuntur,
2966 4402 3323 4457 convertitur.
3390 4402 3581 4457 Omnis

318 4465 535 4535 ἀληθῶς
560 4467 735 4535 λόγος,
776 4473 1081 4542 σημαντικὴ
1125 4474 1207 4537 τίς
1240 4477 1354 4529 ἐστι
1384 4478 1492 4531 τῶν
1533 4482 1652 4533 κατ’
1695 4481 1901 4534 ἔννοιαν

318 4557 636 4625 κινημάτων
665 4560 837 4630 φωνή.
881 4560 1037 4615 Πᾶσα
1060 4562 1114 4615 δὲ
1146 4565 1242 4633 τῆς
1271 4566 1458 4631 ὑγιοῦς
1481 4570 1717 4635 διανοίας
1747 4573 1901 4644 ἐνέρ-

319 4649 448 4714 γειά
472 4665 532 4700 τε
572 4650 665 4701 καὶ
726 4652 958 4722 κίνησις,
990 4655 1125 4726 πρὸς
1158 4657 1255 4727 τὴν
1294 4658 1403 4710 τῶν
1428 4659 1594 4714 ὄντων
1618 4664 1818 4730 γνῶσίν
1843 4682 1903 4717 τε

318 4738 414 4792 καὶ
447 4740 698 4811 θεωρίαν,
723 4743 797 4805 ὡς
820 4744 886 4797 ἂν
915 4741 1024 4798 οἷόν
1053 4764 1111 4799 τε
1156 4740 1211 4821 ᾗ,
1246 4748 1455 4818 βλέπει.
1478 4753 1610 4823 Διχῆ
1640 4755 1696 4807 δὲ
1731 4758 1902 4828 μεμέ-

321 4849 503 4903 ρισται
560 4834 667 4885 τῶν
705 4834 874 4888 ὄντων
906 4840 939 4906 ἡ
973 4837 1151 4905 φύσις,
1206 4839 1286 4902 είς
1327 4858 1386 4893 τε
1410 4842 1470 4893 τὺ
1514 4845 1701 4915 νοητὸν
1728 4849 1903 4902 καὶτὸ

318 4924 575 4989 αἰσθητὸν
607 4925 956 4999 διαιρουμένη
978 4945 993 4959 ο
1034 4929 1171 4983 ἀλλὰ
1197 4932 1305 4985 τῶν
1338 4933 1435 5003 μέν
1478 4939 1595 4989 κατέ
1652 4938 1901 5009 αἴσθησιν

319 5017 681 5087 φαινομένων,
723 5019 811 5071 διὰ
875 5020 936 5073 τὸ
993 5021 1279 5094 πρόχειρον
1337 5024 1435 5094 τῆς
1485 5021 1897 5096 κατανοήσεως’

318 5106 470 5176 κοινὴ
514 5107 796 5177 πρόκειται
859 5109 1023 5163 πᾶσιν
1054 5113 1086 5180 ἡ
1120 5106 1318 5180 γνῶσις
1342 5130 1354 5144 ·
1405 5116 1658 5185 οὐδεμίαν
1686 5121 1811 5190 περὶ
1840 5121 1900 5173 τὸ

319 5196 678 5265 ὑποκείμενον
716 5200 1042 5269 ἀμφιϐολίαν
1075 5203 1410 5276 ἐμποιούσης
1448 5207 1546 5274 τῆς
1578 5210 1899 5282 αίσθητικῆς

318 5284 649 5353 ἐπικρίσεως
673 5303 687 5316 ·
716 5289 815 5352 τάς
840 5308 898 5343 τε
925 5293 1032 5363 γὰρ
1061 5292 1169 5346 τῶν
1191 5295 1516 5366 χρωμάτων,
1547 5302 1639 5352 καὶ
1669 5302 1777 5354 τῶν
1798 5303 1899 5355 λοι·

317 5372 437 5425 πῶν
459 5376 759 5447 ποιοτήτων
785 5378 1069 5449 διαφορὰς,
1093 5384 1224 5448 ὅσας
1257 5386 1344 5440 διὰ
1384 5388 1482 5457 τῆς
1511 5388 1684 5457 ὅψεως
1715 5392 1807 5446 καὶ
1828 5393 1894 5447 δι’

317 5464 508 5533 ἀκοῆς,
536 5464 568 5535 ἢ
599 5468 936 5540 ὀσφρήσεως,
972 5471 1009 5543 ἢ
1065 5474 1165 5543 τῆς
1217 5477 1358 5531 κατὰ
1402 5479 1498 5549 τὴν
1540 5480 1758 5554 ἁφὴν,ἢ
1796 5484 1894 5556 τὴν

318 5550 507 5619 γεῦσιν
537 5556 840 5629 αἰσθήσεως
878 5562 1248 5635 ὲπικρίνομεν,
1286 5567 1583 5637 ὁμοφώνως
1609 5550 1807 5638 πάντες
1840 5550 1890 5629 οἱ

311 5652 414 5721 τῆς
440 5647 609 5719 αὐτῆς
634 5654 1013 5721 κοινωνοῦντες
1048 5657 1283 5729 φύσεως,
1337 5662 1673 5737 γινώσκομέν
1707 5684 1766 5721 τε
1797 5671 1888 5724 καὶ

2007 4507 2185 4546 sermo
2216 4494 2307 4561 qui
2329 4507 2456 4547 vere
2484 4499 2568 4547 est
2598 4506 2798 4555 sermo,
2842 4491 3196 4563 signiﬁcativa
3230 4500 3315 4548 est
3346 4508 3449 4548 vox
3480 4494 3580 4548 im-

2004 4583 2314 4652 pulsionum
2346 4598 2465 4653 quae
2496 4583 2550 4637 in
2589 4590 2770 4637 mente
2808 4583 2960 4636 liunt.
2991 4580 3180 4638 Omnis
3218 4590 3400 4638 autem
3434 4598 3580 4640 sanae

2004 4675 2349 4745 cogitationis
2373 4674 2576 4729 functio
2602 4683 2653 4729 et
2678 4674 2901 4744 agitatio
2919 4673 2984 4727 ad
3004 4689 3185 4743 rerum
3214 4674 3579 4745 cognitionem

2002 4776 2057 4821 et
2109 4765 2624 4835 contemplationem
2676 4763 2855 4834 quoad
2889 4768 3066 4833 potest
3111 4770 3339 4832 spectat.
3375 4762 3578 4818 Rerum

2004 4862 2183 4910 autem
2218 4862 2410 4909 natura
2441 4854 2699 4925 bipartita
2725 4861 2846 4919 est;
2885 4853 3055 4907 altera
3107 4862 3288 4909 mente
3310 4853 3578 4918 cernitur,

2003 4961 2167 5003 sensu
2194 4947 2364 5002 altera
2392 4945 2727 5018 percipitur;
2770 4945 2865 4999 sed
2893 4945 3014 5014 ejus
3076 4958 3197 5014 qua:
3251 4946 3440 5001 sensui
3477 4961 3577 5015 pa-

2003 5044 2096 5101 tet,
2124 5036 2249 5106 quia
2276 5040 2347 5094 sit
2371 5038 2427 5092 in
2460 5050 2623 5092 sensu
2652 5041 2705 5089 et
2738 5033 2898 5089 facile
2921 5044 3301 5103 cognoscatur,
3333 5048 3577 5090 commu-

2001 5129 2083 5182 nis
2100 5128 2354 5181 omnibus
2381 5127 2706 5197 proponitur
2721 5126 2982 5197 cognitio,
3003 5127 3206 5181 nullam
3235 5126 3303 5181 de
3324 5124 3577 5193 subjecto

2000 5218 2404 5289 ambiguitatem
2463 5216 2694 5272 faciente
2746 5231 3005 5273 sensuum
3047 5217 3294 5287 judicio:
3330 5213 3574 5267 colorum

1997 5311 2142 5365 enim
2176 5308 2513 5364 differentias
2533 5318 2586 5365 et
2610 5308 2944 5379 reliquarum
2992 5307 3314 5376 qualitatum
3343 5304 3573 5358 varietao

1997 5410 2080 5458 tes
2108 5417 2204 5472 per
2231 5403 2407 5457 visum
2432 5409 2485 5457 et
2508 5404 2775 5465 auditum,
2805 5403 2886 5457 vel
2899 5400 3210 5460 odoratum,
3231 5397 3313 5452 vel
3342 5403 3570 5461 tactum,

2003 5494 2083 5547 vel
2116 5501 2391 5563 gustatum
2410 5494 2797 5563 dijudicamus,
2816 5490 3058 5545 unanimi
3088 5503 3359 5544 consensu
3383 5500 3573 5543 omnes

1994 5584 2084 5652 qui
2105 5591 2311 5637 natura:
2333 5582 2637 5636 communis
2670 5586 2799 5659 sunt
2816 5578 3106 5648 participes
3120 5579 3501 5649 cognoscimus
3522 5586 3572 5633 et

1992 5674 2356 5727 nominamus.
2384 5670 2446 5722 Et
2464 5670 2666 5739 reliqua
2685 5683 3020 5738 quaecunque
3038 5669 3572 5740 comprehensionem
