4056 6146
476 220 616 278 H03

1734 228 1789 281 S.
1822 226 2145 285 GREGOBII
2179 227 2462 285 Ni’SSENl

3594 219 3736 281 HM

466 341 817 404 exteriorem,
838 343 1122 411 magisque
1138 357 1235 413 per
1249 358 1459 399 summa
1480 361 1829 417 apparentem
1859 350 2056 404 habere

2168 350 2513 419 ὀνομάζομεν,
2542 350 2634 401 καὶ
2658 350 2756 401 ὅσα
2791 348 2897 400 τῶν
2926 345 3128 399 λοιπῶν
3158 344 3255 413 τὴν
3291 343 3597 412 κατάληψιν
3619 345 3735 395 ὲπι-

467 430 863 498 videntur,qute
887 432 942 486 in
979 432 1085 486 vita
1108 445 1293 490 nostra
1321 445 1690 503 versantur,et
1720 456 1837 510 qu.e
1868 442 1935 495 ad
1969 444 2048 496 ci-

466 520 626 573 vilem
654 521 818 573 vitam
872 527 927 575 et
955 520 1021 583 ad
1050 525 1310 580 moralem
1341 526 1463 581 vita:
1493 542 1717 597 scepum
1746 530 2047 599 pertinent.

467 608 534 660 At
564 623 692 661 vero
715 610 766 661 in
798 612 1263 681 contemplatione
1290 623 1497 668 naturae
1529 616 1903 688 intelligentis,
1960 636 2049 673 so-

472 699 633 767 laque
660 709 840 755 mente
864 704 1257 773 perceptibilis,
1281 707 1409 775 quia
1434 707 1550 777 ipsa
1577 724 1743 778 supra
1780 725 2048 764 sensuum

468 792 1011 859 comprehensionem
1033 796 1135 849 sita
1154 805 1257 863 est,
1277 797 1724 865 conjecturaliter
1747 801 2051 870 intelligen-

470 882 545 933 tia
569 890 854 951 appetente
884 900 945 938 ea
980 901 1100 955 qua:
1124 903 1344 942 sensum
1368 888 1651 959 ctIugiunt,
1675 891 1765 945 alii
1802 892 1960 945 aliter
1985 892 2050 946 ad

472 972 525 1026 id
554 974 696 1042 quod
725 976 984 1043 quaeritur
1016 993 1316 1043 movemur,
1347 981 1645 1035 secundum
1676 996 1793 1037 eam
1818 999 1939 1052 quae
1966 983 2051 1036 in-

472 1072 760 1130 generatur
812 1068 1008 1136 cuique
1034 1069 1100 1124 de
1146 1071 1395 1140 subjecto
1429 1071 1840 1142 intelligentiam
1871 1074 2050 1143 quoad

472 1154 589 1209 ﬁeri
617 1166 796 1224 potest
820 1160 1016 1214 mentis
1045 1170 1373 1231 conceptum
1430 1163 1809 1226 enuntiamus,
1852 1178 2049 1233 appro-

474 1246 825 1316 pinquantes,
860 1259 919 1304 ut
947 1250 1073 1306 licet
1089 1252 1344 1317 maxime,
1370 1253 1437 1307 ad
1461 1254 1858 1309 intellectorum
1884 1255 2049 1309 facul-

474 1344 638 1391 tatem
696 1354 793 1408 per
850 1341 1143 1395 verborum
1192 1342 1485 1398 dilucidam
1568 1344 2050 1416 signiﬁcationem.

544 1430 603 1480 in
633 1429 719 1483 bis
740 1440 918 1485 autem
955 1447 1097 1502 saepe
1122 1432 1246 1489 licet
1278 1450 1375 1503 per
1406 1442 1639 1505 utraque
1678 1435 1823 1506 quod
1853 1437 2054 1507 quaeri.

478 1526 566 1571 tur
598 1519 852 1585 obtineri,
900 1537 1023 1575 cum
1077 1537 1178 1578 nec
1234 1524 1595 1594 intelligentia
1650 1527 1865 1581 aberret
1916 1542 1945 1580 a
1997 1542 2055 1581 re

476 1603 726 1678 qu'aasita.
752 1620 804 1664 et
832 1627 933 1666 vox
975 1613 1188 1667 directo
1256 1615 1457 1669 mentis
1480 1624 1804 1685 conceptum
1830 1633 1926 1688 per
1955 1633 2053 1697 na-

2160 443 2509 513 πολαιοτέραν
2533 442 2673 510 ἔχειν
2715 441 2862 493 δοκεῖ
2890 437 3030 492 κατὰ
3065 437 3155 489 τὸν
3186 436 3296 505 βίον
3329 434 3741 504 ἀναστρεφομέ-

2158 551 2263 585 νων
2291 533 2648 603 πραγμάτων.
2699 531 2734 585 ἃ
2773 532 2909 601 πρός
2958 547 3015 581 τε
3063 529 3153 580 τὸν
3186 527 3485 589 πολιτικὸν,
3526 524 3739 578 καὶτὸν

2160 623 2347 691 ἠθικὸν
2379 624 2472 677 τοῦ
2508 622 2621 693 βίου
2652 622 2851 674 σκοπὸν
2901 619 3270 686 καταγίνεται.
3312 619 3401 669 Ἐν
3432 608 3491 670 δὲ
3516 619 3583 685 τῇ
3607 616 3740 667 θεω-

2162 716 2251 786 ρίᾳ
2285 717 2379 785 τῆς
2404 716 2593 785 νοερᾶς
2618 713 2850 781 φύσεως,
2876 711 2964 764 διὰ
2987 711 3045 763 τὸ
3073 709 3430 780 ὑπερκεῖσθαι
3451 708 3621 776 αὐτὴν
3641 708 3743 775 τῆς

2160 806 2479 875 αἰσθητικῆς
2545 804 2922 873 καταλήψεως,
2978 801 3347 871 στοχαστικῶς
3379 800 3477 868 τῆς
3502 800 3743 860 διανοίας

2159 894 2565 965 ὲπορεγομένης
2598 893 2702 946 τῶν
2735 891 3107 961 ὲκφευγόντων
3137 890 3235 960 τὴν
3276 889 3551 960 αἴσθησιν,
3594 889 3743 941 ἄλλοι

2159 986 2334 1047 ἄλλως
2382 983 2679 1053 κινούμεθά
2735 1000 2793 1035 τε
2848 983 2976 1053 περ)⁵
3003 983 3061 1034 τὸ
3094 982 3444 1051 ζητούμενον,
3480 981 3575 1032 xa‘t
3607 978 3746 1031 κατά

2159 1078 2258 1145 τὴν
2315 1076 2670 1146 ὲγγινομένην
2710 1076 2924 1145 ἑκάστῳ
2956 1074 3082 1143 περὶ
3128 1073 3185 1125 τὸ
3220 1072 3581 1140 ὑποκείμενον
3626 1070 3739 1121 διά-

2159 1185 2326 1232 νοιαν,
2356 1170 2502 1230 ὅπως
2527 1163 2639 1220 οἷόν
2662 1185 2719 1219 τε
2747 1165 2801 1238 ᾖ,
2833 1167 2894 1219 τὸ
2922 1166 3110 1231 νοηθὲν
3139 1164 3555 1232 ἐξαγγέλλομεν,
3596 1161 3746 1226 ἐγγί-

2161 1259 2343 1322 ζοντες
2372 1260 2445 1321 ὡς
2482 1258 2559 1311 ἔνι
2589 1259 2819 1329 μάλιστα
2854 1260 2918 1327 τῇ
2949 1256 3172 1324 δυνάμει
3206 1257 3312 1307 τῶν
3336 1252 3637 1322 νοηθέντων
3662 1252 3745 1304 διὰ

2160 1351 2258 1420 τῆς
2281 1351 2389 1402 τῶν
2422 1350 2678 1420 ρημάτων
2712 1348 3026 1417 ἐμφάσεως.

2247 1441 2333 1491 Ἐν
2350 1440 2407 1493 δὲ
2434 1440 2640 1502 τούτοις
2674 1438 2785 1491 ἐστι
2810 1437 2906 1506 μὲν
2932 1435 3187 1496 πολλάκις
3204 1434 3298 1487 καὶ
3324 1433 3390 1485 δι’
3418 1434 3746 1503 ἀμφοτέρων

2160 1526 2567 1598 κατορθωθῆναι
2602 1526 2661 1578 τὸ
2698 1524 3128 1593 σπουδαζόμενον
3158 1523 3255 1589 τῆς
3284 1539 3341 1573 τε
3380 1521 3620 1578 διανοίας
3651 1522 3747 1592 οὐχ

2162 1620 2511 1691 ἁμαρτούσης
2542 1616 2634 1670 τοῦ
2675 1615 3031 1686 ζητουμένου,
3064 1615 3157 1666 καὶ
3189 1612 3288 1681 τῆς
3316 1612 3499 1681 φωνῆς
3532 1612 3748 1663 εύθυϐό-

478 1700 644 1755 tivam
672 1702 1172 1773 interpretationem
1227 1708 1492 1761 enuntiet.
1526 1706 1800 1763 interdum
1826 1708 2061 1764 fortasse

2168 1710 2265 1773 λως
2326 1710 2385 1762 τὸ
2426 1709 2614 1780 νοηθὲν
2638 1708 2725 1760 διὰ
2770 1707 2870 1775 τῆς
2905 1704 3214 1776 προσφυῶς
3248 1703 3545 1772 ἑρμηνείας
3592 1703 3748 1769 ἐξαγ-

477 1793 675 1846 accidit
704 1794 771 1848 ab
801 1795 1050 1865 utrisque
1080 1797 1162 1851 vel
1194 1797 1387 1850 horum
1411 1798 1581 1852 altero
1609 1800 1884 1861 aberrare,
1933 1815 2056 1853 cum

476 1884 562 1937 vel
608 1885 1060 1954 comprehensiva
1103 1888 1486 1958 intelligentia,
1515 1890 1601 1944 vel
1653 1890 2061 1960 interpretativa

478 1970 711 2027 facultas
745 1974 813 2028 ab
843 1989 909 2029 eo
933 1975 1075 2045 quod
1109 1977 1385 2040 convenit,
1414 1978 1769 2033 transversim
1793 1986 1847 2034 et
1878 1994 2063 2049 perpe-

478 2077 597 2115 ram
639 2062 829 2118 fertur.
891 2065 1027 2119 Cum
1080 2066 1245 2136 igitur
1301 2067 1409 2120 duo
1467 2068 1575 2123 sint
1601 2068 1802 2139 quibus
1847 2070 2066 2123 omnino

479 2153 656 2206 oratio
680 2153 955 2224 dirigitur,
982 2170 1177 2224 nempe
1200 2164 1346 2210 certa
1379 2158 1722 2213 conﬁrmatio
1752 2160 1866 2214 sive
1904 2176 2064 2216 secu-

479 2242 637 2305 ritas,
671 2259 791 2313 quaa
818 2244 873 2297 fit
909 2244 962 2298 in
996 2252 1176 2301 mente
1214 2256 1266 2302 et
1292 2247 1646 2318 intelligentia
1681 2266 1695 2314 ;
1750 2260 1804 2303 et
1835 2267 1954 2319 qua:
1981 2258 2067 2307 est

482 2335 536 2388 in
568 2335 747 2390 verbis
779 2337 1029 2405 prolatio,
1058 2338 1405 2407 prmslantius
1430 2353 1642 2407 semper
1665 2339 1882 2409 quidem
1904 2342 2068 2396 fuerit

480 2423 624 2493 quod
648 2439 743 2494 per
767 2432 1056 2494 utrumque
1086 2426 1368 2494 probatur.
1396 2425 1515 2481 Non
1543 2428 1722 2483 minus
1756 2436 1938 2483 autem
1958 2431 2062 2485 bo-

480 2530 612 2568 num
637 2531 666 2569 a
702 2516 1051 2571 eonvenienti
1082 2516 1343 2587 Opinione
1372 2532 1480 2571 non
1508 2519 1786 2584 aberrare,
1818 2521 2069 2590 quamvis

482 2605 838 2674 intelligentia
905 2607 1082 2661 oratio
1166 2607 1237 2662 sit
1292 2607 1537 2663 inferior.
1597 2609 1732 2663 Cum
1799 2612 1960 2680 igitur
2015 2613 2067 2665 in

416 2710 421 2713 ·
483 2695 709 2749 excelsis
783 2702 837 2748 et
896 2696 1069 2751 aciem
1103 2696 1385 2750 oculorum
1434 2698 1816 2769 eﬂ‘ugientibus
1868 2702 2068 2757 intelli-

484 2784 663 2853 gentia
724 2784 962 2840 studium
1000 2792 1054 2839 et
1097 2800 1316 2856 operam
1353 2789 1543 2857 ponit,
1599 2788 1664 2842 ad
1713 2805 1835 2859 quae
1873 2806 2072 2848 sensus

486 2890 593 2929 non
631 2877 877 2949 pervenit
910 2894 922 2930 :
956 2877 1152 2947 loquor
1184 2884 1363 2931 autem
1415 2877 1482 2932 de
1502 2879 1684 2934 divina
1714 2890 1769 2935 et
1804 2881 2069 2937 ineffabili

486 2972 705 3027 natura,
738 2966 790 3019 in
820 2966 1015 3035 quibus
1051 2965 1227 3019 audax
1287 2965 1497 3022 facinus
1534 2978 1680 3045 esset
1733 2980 1979 3040 prompte
2015 2980 2067 3026 et

487 3056 596 3110 cito
628 3056 982 3125 intelligentia
1009 3056 1138 3124 quid
1169 3070 1397 3125 capere;
1428 3057 1523 3112 scd
1547 3059 1811 3115 audacius
1840 3062 2065 3129 quibus-

488 3143 620 3199 libet
648 3144 872 3199 vocibus
905 3145 1243 3200 committere
1289 3146 1408 3215 ejus
1434 3162 1557 3217 qua:
1582 3148 1739 3203 uobis
1773 3148 2056 3220 ingenera-

490 3245 578 3288 tur
598 3234 873 3304 opinionis
894 3236 1421 3305 interpretationem,
1443 3246 1575 3293 tunc
1596 3240 2065 3309 valerejubentes,

489 3325 581 3394 qui
609 3334 693 3381 est
728 3326 783 3380 in
821 3326 1022 3394 verbis,
1057 3342 1275 3390 sonum,
1308 3328 1386 3382 sic
1413 3329 1499 3384 vel
1546 3331 1703 3385 aliter
1732 3332 2067 3401 loquentium

488 3416 697 3471 viribus
722 3418 1086 3485 enuntiatum,
1142 3419 1314 3474 solam
1349 3434 1473 3489 quae
1509 3420 1692 3476 verbis
1735 3421 2071 3491 signiﬁcatur

491 3508 900 3579 intelligentiam
960 3511 1301 3579 exquirimus
1332 3518 1517 3563 utrum
1580 3524 1731 3575 sane,
1774 3512 1888 3568 sive
1916 3513 2072 3569 aliter

491 3598 672 3659 habet,
698 3598 796 3651 has
828 3598 1074 3653 verbales
1101 3599 1186 3654 vel
1206 3600 1509 3655 nominales
1533 3601 1863 3658 subtilitates
1893 3620 2072 3674 gram-

493 3688 835 3743 matistarum
894 3688 1103 3745 artibus
1142 3689 1506 3747 concedentes
1551 3694 1861 3764 :quoniam
1908 3696 2072 3766 igitur

494 3778 609 3833 sola
627 3792 747 3847 quae
763 3788 1171 3849 cognoscuntur
1191 3796 1287 3851 per
1305 3782 1634 3839 nominalem
1654 3785 2071 3855 appellationem

406 3856 409 3859 ἤ
493 3870 775 3939 signamus
804 3887 818 3935 ;
854 3885 975 3940 quae
1009 3886 1136 3927 vero
1169 3873 1537 3945 cognitionem
1575 3884 1853 3945 superant,
1874 3876 2073 3931 notivis

493 3961 816 4030 quibusdam
858 3963 1306 4032 appellationibus
1357 3965 1642 4035 complecti
1692 3964 1774 4021 fas
1824 3980 1931 4020 non
1966 3974 2070 4023 est.

494 4051 777 4118 Quomodo
792 4054 933 4107 enim
952 4056 1098 4123 quod
1124 4056 1403 4126 ignoratur
1425 4058 1749 4111 notaretur?
1781 4056 2072 4127 Propterea

495 4159 617 4199 eum
665 4144 813 4198 nulla
872 4144 926 4198 in
965 4144 1102 4215 ipsis
1151 4146 1335 4201 nativa
1400 4146 1711 4201 inveniatur
1759 4148 2069 4218 appellatio,

494 4250 615 4305 qua:
647 4234 948 4305 subjectum
982 4236 1140 4306 plane
1170 4236 1462 4307 exprimat,
1517 4237 1705 4293 multis
1732 4245 1787 4293 et
1835 4238 2070 4295 diversis

2162 1801 2472 1870 γελλούσης.
2514 1801 2667 1852 Ἐστι
2708 1799 2763 1851 δὲ
2819 1798 2980 1867 τυχὸν
3024 1797 3115 1850 κα)⁵
3169 1794 3523 1865 ἀμφοτέρων,
3574 1794 3606 1863 ἢ
3654 1793 3746 1847 τοῦ

2164 1893 2349 1963 ἑτέρου
2396 1908 2457 1958 γε
2514 1891 2716 1944 τούτων
2769 1891 3082 1958 ἀποτυχεῖν,
3121 1888 3154 1958 ἢ
3200 1888 3301 1957 τῆς
3336 1887 3749 1956 καταληπτικῂ

2164 1983 2419 2045 διανοίας,
2465 1981 2497 2051 ἢ
2550 1982 2648 2050 τῆς
2687 1980 3086 2050 ὲρμηνευτικῆς
3130 1978 3409 2048 δυνάμεως
3449 1977 3544 2029 τοῦ
3581 1992 3749 2046 προσ-

2166 2074 2387 2144 ήκοντος
2414 2070 2855 2141 παρενεχθείσης.
2880 2068 2983 2121 Δύο
3006 2068 3184 2120 τοίνυν
3213 2067 3381 2120 ὄντων
3401 2066 3469 2120 δι’
3492 2060 3570 2119 ὧν
3608 2068 3751 2129 ἆπας

2166 2164 2447 2217 εὐθύνεται
2490 2163 2666 2230 λόγος,
2710 2164 2810 2231 τῆς
2860 2178 2919 2212 τε
2964 2159 3105 2213 κατὰ
3140 2159 3228 2211 τὸν
3272 2160 3396 2212 νοῦν
3426 2158 3749 2227 ἀσφαλείας,

2166 2258 2260 2308 καὶ
2297 2257 2395 2325 τῆς
2425 2257 2480 2307 ὲν
2516 2255 2719 2323 ῥήμασι
2749 2253 3049 2322 προφορᾶς,
3083 2254 3325 2322 κρεῖττον
3359 2252 3455 2321 μὲν
3486 2244 3552 2304 ἂν
3582 2252 3668 2321 εἴη
3694 2249 3753 2303 τὺ

2166 2343 2230 2395 δι’
2258 2343 2581 2412 ἀμφοτέρων
2618 2340 2921 2409 εὐδόκιμον.
2979 2340 3091 2409 Οὐχ
3124 2334 3286 2409 ἦττον
3306 2339 3360 2391 δὲ
3399 2340 3625 2407 ἀγαθὸν,
3654 2339 3753 2407 τῆς

2171 2432 2550 2505 προσηκούσης
2585 2432 2658 2502 μὴ
2700 2431 3017 2501 διαμαρτεῖν
3041 2430 3378 2499 ὑπολήψεως,
3403 2431 3507 2483 κᾶν
3545 2433 3574 2482 ὁ
3598 2431 3756 2496 λόγος

2169 2522 2401 2576 ἐλάττων
2456 2522 2553 2589 τῆς
2604 2520 2845 2582 διανοίας
2901 2518 3163 2587 τυγχάνῃ.
3194 2520 3363 2571 Ὄταν
3408 2519 3589 2571 τοίνυν
3622 2519 3752 2589 περὶ

2170 2613 2278 2667 τῶν
2309 2610 2525 2681 ὑψηλῶν
2548 2611 2641 2663 καὶ
2675 2611 2919 2665 ἀθεάτων
2941 2612 2972 2680 ή
2996 2611 3202 2664 διάνοια
3224 2610 3319 2679 τὴν
3350 2611 3583 2679 σπουδὴν
3607 2609 3742 2678 ἔχει,

2170 2699 2244 2758 ὧν
2269 2704 2368 2756 οὐκ
2384 2703 2731 2772 ὲφικνεῖταιή
2755 2701 3005 2771 αἴσθησις
3022 2717 3034 2730 ·
3065 2700 3205 2768 λέγω
3237 2701 3293 2752 δὲ
3325 2702 3452 2768 περὶ
3479 2701 3579 2769 τῆς
3601 2699 3753 2760 θείας

2171 2794 2265 2849 καὶ
2316 2794 2593 2863 ἀφράστου
2637 2790 2878 2861 φύσεως·
2914 2795 2970 2847 ὲν
3012 2787 3094 2855 οἷς
3127 2792 3395 2861 τολμηρὸν
3428 2786 3496 2860 ἦν
3554 2792 3646 2843 καὶ
3694 2790 3755 2841 τὸ

2174 2885 2473 2955 προχείρως
2504 2901 2554 2935 τι
2577 2887 2640 2954 τῇ
2669 2883 2874 2953 διανοίᾳ
2902 2882 3107 2942 λαϐεῖν,
3127 2881 3527 2952 τολμηρότερον
3548 2880 3605 2932 δὲ
3635 2882 3755 2941 ταῖς

2173 2973 2549 3043 ὲπιτυχούσαις
2573 2972 2884 3041 ἐπιτρέπειν
2899 2974 3120 3040 φωναῖς,
3151 2971 3247 3041 τὴν
3272 2969 3373 3039 τῆς
3398 2968 3755 3037 ἐγγινομένης

2168 3065 2300 3133 ήμῖν
2332 3062 2647 3131 ὑπολήψεως
2706 3061 3017 3129 ἑρμηνείαν,
3076 3060 3195 3112 τότε
3248 3058 3462 3129 χαίρειν
3495 3058 3755 3117 ἐάσαντες

2169 3150 2258 3204 τὸν
2285 3153 2343 3204 ὲν
2382 3152 2490 3212 τοῖς
2521 3151 2757 3220 ῥήμασιν
2779 3146 2932 3219 ἦχον,
2963 3148 3133 3212 οὕτως
3164 3149 3196 3219 ἢ
3248 3148 3447 3217 ἑτέρως
3482 3148 3626 3198 κατὰ
3658 3148 3757 3216 τὴν

2168 3239 2394 3308 δύναμιν
2422 3239 2529 3291 τῶν
2551 3238 2937 3308 φθεγγομένων
2962 3236 3439 3305 ὲξαγγελλόμενον,
3474 3235 3642 3305 μόνην
3669 3233 3748 3299 ἐξ·

2170 3326 2432 3396 ετάζομεν
2490 3326 2588 3398 τὴν
2644 3326 2880 3379 διάνοιαν
2926 3325 3022 3395 τὴν
3071 3325 3481 3393 ἐμφαινομένην
3512 3326 3625 3384 τοῖς
3662 3324 3759 3391 ῥή-

2174 3435 2358 3488 μασιν,
2411 3421 2521 3472 εἴτε
2573 3418 2757 3487 ὑγιῶς,
2803 3422 2912 3473 εἴτε
2955 3418 3047 3468 κα¹ι
3093 3414 3263 3476 άλλως
3288 3415 3419 3483 ἔχει,
3452 3414 3550 3476 τὰς
3579 3415 3760 3482 ῥημαρ

2170 3510 2325 3573 τικὰς
2349 3508 2549 3571 ταύτας
2578 3508 2608 3577 ἦ
2641 3506 3001 3576 ὀνομαστικὰς
3043 3506 3447 3576 ἀκριϐολογίας,
3493 3522 3757 3574 γραμμα-

2172 3597 2365 3650 τιστῶν
2384 3598 2598 3665 τέχναις
2621 3597 3137 3666 παραχωρήσαντες.
3161 3595 3378 3664 Ἐπειδὴ
3406 3595 3588 3647 τοίνυν
3620 3594 3754 3662 μόνα

2171 3690 2238 3743 τὰ
2264 3688 2639 3758 γινωσκόμενα
2683 3680 2773 3739 διὰ
2816 3687 2916 3756 τῆς
2958 3686 3324 3759 ὀνομαστικῆς
3374 3685 3756 3755 σημειούμεθα

2173 3778 2439 3849 κλήσεως,
2480 3778 2545 3830 τά
2587 3777 2641 3830 δὲ
2682 3776 2820 3846 ὑπὲρ
2845 3776 2941 3841 τὴν
2973 3776 3173 3845 γνῶσιν
3204 3777 3329 3828 ὄντα
3362 3779 3756 3846 σημειωτικαῖς

2171 3886 2282 3921 τισι
2306 3868 2693 3939 προσηγορίαις
2723 3865 3109 3935 διαλαμϐάνειν
3124 3867 3220 3935 οὐχ
3251 3861 3363 3919 οἷόν
3393 3882 3476 3919 τε.
3508 3866 3634 3930 Πῶς
3650 3868 3757 3936 γάρ

2174 3960 2237 4013 ἄν
2266 3977 2349 4023 τις
2372 3960 2432 4012 τὸ
2462 3958 2820 4028 ἀγνοούμενον
2867 3956 3234 4028 σημειώσαιτο
3256 3973 3271 4022 ;
3297 3958 3394 4010 Διά
3416 3956 3579 4010 τοῦτο
3611 3957 3756 4009 οὔδει

2177 4053 2307 4121 μιᾶς
2335 4053 2420 4103 ἐπ’
2468 4050 2644 4103 αὐτῶν
2670 4048 2983 4119 προσφυοῦς
3033 4048 3427 4118 εὑρισκομένης
3486 4064 3758 4117 προσηγο-

2176 4139 2316 4210 ρίας,
2347 4138 2462 4208 ἥτὸ
2489 4138 2842 4207 ὑποκείμενον
2885 4137 3084 4200 ίκανῶς
3130 4138 3495 4207 παραστήσει,
3544 4138 3753 4199 πολλοῖς

2175 4226 2267 4280 καὶ
2299 4225 2573 4296 διαφόροις
2619 4225 2897 4294 ὀνόμασιν,
2937 4225 3081 4286 ὅπως
3108 4224 3173 4276 ἂν
3208 4218 3516 4294 ᾖδυνατὺν,
3556 4224 3753 4275 ἀνακα-

494 4326 823 4388 nominibus,
887 4326 1068 4397 quoad
1098 4326 1211 4382 ﬁeri
1265 4335 1462 4398 potest,
1494 4326 1564 4383 de
1592 4327 1877 4384 divinitate
1904 4330 2062 4384 inna-

2173 4318 2335 4387 λύψαι
2361 4314 2653 4387 βιαζόμεθα
2671 4316 2767 4385 τὴν
2786 4314 3151 4384 ἐγγενομένην
3172 4316 3305 4382 ἡμῖν
3327 4314 3459 4381 περὶ
3481 4314 3576 4365 τοῦ
3594 4313 3751 4364 θείου

498 4427 606 4469 tam
637 4416 794 4471 nobis
839 4416 1153 4486 opinionem
1188 4416 1429 4474 revelare
1465 4418 1733 4488 cogimur.
1776 4416 2070 4474 Verumta-

498 4523 618 4561 men
649 4522 770 4577 quae
837 4508 890 4562 in
940 4517 1184 4564 nostram
1246 4510 1791 4579 comprehensionem
1846 4511 2069 4578 cadunt,

497 4599 623 4653 talia
657 4607 804 4663 sunt,
835 4609 893 4653 ut
920 4602 1161 4664 omnino,
1198 4602 1281 4655 vel
1309 4601 1362 4654 in
1410 4602 1591 4671 aliqua
1625 4602 1927 4659 intervallis
1988 4604 2072 4659 di-

498 4690 696 4743 stincta
723 4691 1044 4746 extensione
1092 4691 1534 4756 considerentur,
1574 4693 1657 4747 vel
1684 4692 1871 4749 localis
1906 4708 2071 4763 capa-

498 4778 680 4832 citatis
714 4781 959 4833 notitiam
986 4781 1284 4851 prazbeant,
1316 4783 1369 4836 in
1426 4796 1533 4853 qua
1600 4783 1899 4853 singularia
1950 4800 2073 4840 esse

499 4869 1078 4939 comprehenduntur;
1111 4874 1195 4927 vel
1225 4875 1277 4927 in
1319 4875 1572 4944 principii
1601 4884 1654 4929 et
1699 4874 1822 4930 ﬁnis
1873 4875 2071 4932 descri-

496 4957 685 5027 ptione
712 4956 767 5010 in
801 4967 989 5013 nostro
1036 4969 1333 5031 conspectu
1376 4962 1535 5025 ﬁunt,
1587 4978 1652 5018 ex
1684 4978 1841 5032 a’qtto
1869 4979 2071 5019 secun-

498 5046 633 5114 dum
666 5052 956 5115 utrumque
994 5050 1284 5102 terminum
1320 5065 1384 5105 eo
1420 5051 1563 5119 quod
1604 5066 1709 5104 non
1741 5064 1824 5107 est
1854 5053 2067 5122 incipit,

498 5146 551 5192 et
578 5139 632 5192 in
670 5136 719 5190 id
743 5136 887 5206 quod
918 5152 1026 5191 non
1058 5147 1139 5192 est
1164 5138 1365 5193 desinit
1390 5160 1403 5205 ;
1438 5142 1520 5196 vel
1549 5143 1692 5210 quod
1716 5144 1959 5196 omnium
1988 5151 2071 5199 est

497 5237 862 5301 postremum,
893 5244 988 5298 per
1024 5230 1391 5297 corporalium
1430 5232 1753 5299 qualitatum
1797 5234 2072 5302 composi-

500 5321 728 5383 tionem,
758 5320 903 5390 quod
935 5328 1160 5391 apparet
1195 5320 1734 5399 comprehendimus,
1786 5323 1874 5375 cui
1905 5330 1958 5376 et
1987 5324 2071 5378 in-

501 5413 699 5465 teritus
728 5419 782 5465 et
815 5412 1115 5482 perpessio,
1146 5421 1200 5467 et
1229 5411 1539 5475 conversio,
1574 5420 1628 5467 et
1660 5412 1985 5476 immutatio,
2019 5422 2073 5468 et

504 5515 624 5567 qure
681 5501 1012 5570 liujusmodi,
1069 5502 1317 5572 capulata
1375 5513 1519 5558 sunt.
1585 5502 1945 5568 Quamobrem
2015 5513 2072 5558 ut

508 5589 708 5644 nullam
738 5606 861 5646 cum
903 5595 1064 5650 rebus
1092 5596 1177 5651 his
1202 5595 1402 5651 infimis
1457 5596 1833 5667 cognationem
1870 5596 2068 5650 habere

2176 4409 2442 4462 ὐπόνοιανι
2512 4405 2669 4457 Ἀλλά
2719 4406 2825 4475 μὴν
2869 4404 2935 4457 τὰ
2963 4404 3067 4456 ὑπὸ
3111 4403 3415 4473 κατάληψιν
3482 4402 3752 4472 ἡμετέραν

2174 4501 2457 4571 ἐρχόμενα,
2492 4496 2714 4549 τοιαῦτά
2738 4498 2904 4558 ἐστιν,
2934 4494 3075 4547 ὥστε
3118 4494 3353 4556 πάντως.
3386 4494 3419 4563 ἣ
3450 4496 3508 4546 ἐν
3536 4494 3751 4561 διαστη-

2177 4590 2379 4658 ματικῇ
2399 4604 2503 4638 τινι
2526 4585 2832 4656 παρατάσει
2861 4584 3177 4653 θεωρεῖσθαι
3202 4585 3268 4636 τά
3295 4584 3443 4646 ὄντα,
3468 4586 3501 4653 ἥ
3528 4583 3749 4635 comm-3

2173 4680 2495 4752 χωρήματος
2527 4678 2785 4748 παρέχειν
2811 4675 2909 4746 τὴν
2943 4675 3168 4737 ἔννοιαν,
3208 4678 3263 4727 ὲν
3368 4676 3434 4729 τά
3482 4676 3603 4729 καθ’
3632 4679 3753 4728 ἐκάη»

2175 4790 2296 4826 στον
2326 4769 2463 4825 εἶναι
2481 4769 2978 4840 καταλαμϐάνεται,
3009 4769 3041 4839 ἦ
3078 4771 3143 4839 τῇ
3169 4769 3306 4821 κατὰ
3331 4770 3430 4838 τὴν
3466 4768 3642 4838 ἀρχὴν
3664 4768 3751 4818 καὶ

2172 4866 2232 4919 τὸ
2264 4866 2413 4928 τέλος
2450 4867 2760 4933 περιγραφῇ
2783 4862 2933 4925 ἐντὸς
2964 4861 3173 4929 γίνεται
3194 4861 3291 4931 τῆς
3322 4861 3602 4930 ἡμετέρας
3632 4862 3753 4910 ἐπὸν

2172 4956 2335 5023 ψεως,
2371 4953 2563 5024 ἐπίσης
2592 4952 2711 5005 καθ’
2743 4952 3000 5021 ἑκάτερον
3034 4952 3228 5021 πέρας,
3249 4949 3327 5018 τῷ
3355 4949 3433 5018 μὴ
3454 4949 3569 5000 δντι
3602 4965 3753 5017 περι-

2173 5045 2489 5115 γραφόμενα
2510 5062 2523 5075 ’
2565 5045 2669 5097 πᾶν
2709 5043 2815 5112 γὰρ
2841 5042 2900 5094 τὸ
2924 5042 3097 5112 ἀρχήν
3128 5058 3186 5093 τε
3214 5041 3311 5093 καὶ
3342 5039 3598 5109 τελευτὴν
3635 5040 3752 5108 ἔχον

2172 5138 2264 5191 τοῦ
2292 5134 2448 5200 εἶναι,
2506 5139 2569 5189 ὲκ
2609 5137 2705 5189 τοῦ
2743 5136 2816 5205 μὴ
2848 5136 3000 5199 ὄντος
3044 5135 3295 5203 ἄρχεται,
3330 5134 3423 5185 καὶ
3469 5135 3550 5195 εἰς
3577 5135 3639 5183 τὸ
3677 5134 3751 5199 μὴ

2172 5231 2232 5283 ὃν
2266 5230 2559 5299 καταλήγει
2582 5248 2593 5260 ο
2626 5228 2658 5298 ἢ
2688 5228 2749 5280 τὸ
2784 5227 3000 5279 πάντων
3040 5224 3285 5294 ἔσχατον,
3316 5224 3404 5276 διὰ
3433 5226 3535 5294 τῆς
3567 5238 3752 5290 σωμα-

2172 5322 2326 5391 τικῆς
2373 5321 2480 5372 τῶν
2511 5319 2804 5388 ποιοτήτων
2844 5317 3113 5391 συνθήκης
3156 5312 3647 5383 καταλαμὸάνομεν
3690 5313 3751 5362 τὸ

2173 5413 2511 5483 φαινόμενον,
2659 5409 2854 5479 φθορὰ,
2899 5408 2991 5463 καὶ
3047 5405 3239 5467 πάθος,
3279 5405 3373 5461 καὶ
3414 5402 3615 5473 τροπὴ,
3655 5402 3748 5454 καὶ

2172 5504 2468 5566 ἀλλοίωσις,
2527 5501 2620 5555 καὶ
2676 5502 2748 5553 τάι
2776 5498 2998 5552 τοιαῦτα
3039 5496 3414 5559 συνέζευκται.
3459 5494 3560 5545 Διά
3594 5492 3748 5545 τοῦτο

2172 5596 2245 5659 ὡς
2281 5594 2344 5647 ἂν
2377 5593 2639 5664 μηδεμίαν
2671 5591 2976 5661 οἰκειότητα
3012 5588 3146 5660 πρὸς
3178 5586 3243 5640 τά
3271 5588 3420 5639 κάτω
3448 5586 3741 5654 πράγματα
