4056 6146
332 313 473 370 “05

1464 332 1739 388 CONTRA
1774 336 2160 405 EUNOMIUM,
2203 340 2331 396 LIB.
2366 343 2477 399 XII.

3456 355 3589 415 “06

329 433 362 499 ἡ
397 431 776 531 ὑπερκειμένη
811 435 970 504 φύσις
998 438 1141 510 ἔχειν
1175 442 1378 515 δοκοίη,
1412 452 1522 511 τοῖς
1555 451 1891 523 ἀποχωριστι

2024 461 2438 525 supereminens
2486 461 2576 513 illa
2622 470 2813 516 natura
2863 461 3132 531 videatur,
3190 469 3508 529 notionibus
3536 486 3588 530 et

332 525 447 584 κοῖς
474 522 582 576 τῶν
605 525 860 579 τοιούτων
899 532 1134 606 νοήμασί
1169 552 1226 586 τε
1281 538 1374 590 καὶ
1425 541 1663 609 ῥήμασιν
1695 522 1786 594 ἐπὶ
1816 546 1914 614 τῆς

329 611 482 674 θείας
509 615 824 684 κεχρήμεθα
885 624 1118 688 φύσεως.
1150 625 1223 678 Τὺ
1256 628 1509 698 ὑπεράνω
1533 633 1640 684 τῶν
1681 611 1908 701 αἰώνων,

331 704 656 775 προαιώνιον
705 708 978 777 λέγοντες,
1014 717 1196 770 καὶτὸ
1246 719 1384 790 ὑπὲρ
1427 722 1618 792 ἀρχὴν,
1652 724 1906 797 ἄναρχον,

331 797 514 850 καὶτὸ
543 799 616 869 μὴ
671 801 1065 886 τελειρύμενον,
1112 809 1483 884 ἀτελεύτητον,
1523 816 1809 886 ἀσώματόν
1847 838 1906 874 τε

329 884 389 979 to
434 888 600 958 χωρὶς
655 873 904 959 σώματος
955 893 1053 964 τὴν
1100 873 1392 955 ὑπόστασιν
1438 873 1578 976 ἕχον,
1622 873 1716 959 καὶ
1738 908 1797 960 τὸ
1829 909 1904 979 μὴ

328 977 681 1073 ιρθειρδμενον
720 982 1015 1054 ἄφθαρτον,
1063 992 1156 1043 καὶ
1196 993 1255 1045 τὸ
1287 998 1494 1067 τροπῆς
1546 977 1901 1073 ῆπάθουςξῆ

325 1068 662 1134 ἀλλοιώσεως
715 1074 1080 1144 ἀνεπίδεκτον,
1142 1083 1350 1149 ἀπαθὲς
1389 1090 1479 1141 καὶ
1510 1068 1776 1161 ἄτρεπτον
1810 1068 1902 1147 καί

323 1157 698 1213 ἀναλλοίωτον.
733 1163 812 1215 Τά
858 1165 912 1217 δὲ
951 1169 1173 1222 τοιαῦτα
1204 1173 1307 1226 τῶν
1335 1157 1634 1246 ὀνομάτων,
1658 1183 1899 1253 τεχνολο-

324 1247 566 1342 γούντων
603 1252 700 1320 μὲν
729 1253 874 1318 ὅπως
899 1254 964 1308 ἂν
1067 1261 1218 1327 φίλον
1257 1265 1434 1318 αὐτῶν
1463 1269 1509 1320 οἱ
1560 1247 1891 1342 βουλόμενοι,

323 1340 419 1391 καὶ
466 1341 702 1411 ὀνόματα
728 1344 874 1434 ἀλλα
904 1349 1015 1410 τοῖς
1053 1351 1278 1422 ὀνόμασι
1317 1357 1521 1422 τούτοις
1557 1340 1893 1434 ἐφαρμοζόν-

320 1444 430 1482 των
459 1433 768 1502 στερητικά,
795 1435 1187 1510 ῆάφαιρετικά,
1214 1443 1360 1516 ἢὸτι
1389 1448 1540 1516 φίλον
1563 1433 1742 1515 αὐτοῖς
1774 1457 1890 1508 ὀνο-

321 1521 612 1588 μάζοντες.

2011 549 2204 603 verbis.
2259 566 2380 619 qua:
2435 565 2464 604 a
2528 551 2728 607 talibus
2785 564 3096 620 secernant,
3159 557 3213 610 in
3263 559 3446 615 divina
3504 567 3588 620 usi

2011 657 2200 698 sumus
2235 653 2450 698 natura.
2485 644 2639 710 Quod
2671 661 2834 716 supra
2863 654 2918 702 et
2957 655 3082 702 ante
3111 652 3308 705 smcula
3332 662 3436 717 est,
3468 656 3573 711 hoe

2009 732 2351 801 προαιώνιον,
2386 746 2638 790 wternum
2667 737 2934 800 dicentes,
2973 745 3027 791 et
3058 742 3205 808 quod
3241 757 3407 811 supra
3433 747 3586 813 prin-

2006 816 2508 896 cipium,&vatpxov,
2547 829 2795 896 principii
2822 845 3043 896 expers;
3103 839 3157 885 et
3221 821 3369 902 quod
3430 836 3582 891 nullo

2006 911 2112 967 ﬁne
2128 915 2454 970 terminatur
2469 918 2820 989 ἀτελεύτητον
2842 921 2935 974 καὶ
2960 920 3248 993 ἀσώματον
3274 927 3584 982 intermina-

2005 1002 2762 1076 tumiucorporeumque,quod
2795 1010 3001 1081 absque
3033 1029 3262 1084 corpore
3293 1019 3571 1088 subsistit;

1999 1097 2054 1142 et
2089 1091 2232 1158 quod
2268 1107 2378 1145 non
2415 1093 2623 1147 interiit
2687 1097 2978 1168 ἄφθαρτον,
3037 1103 3432 1174 incorruptibile
3466 1110 3584 1165 sive

1998 1177 2243 1234 interitus
2268 1197 2493 1250 expers;
2525 1192 2579 1238 et
2605 1187 2750 1255 quod
2776 1193 3153 1249 conversionis
3213 1197 3296 1251 vel
3345 1214 3571 1269 perpeso

1986 1269 2190 1334 'sionis,
2219 1273 2305 1327 vel
2364 1274 2764 1331 immutationis
2809 1280 2924 1335 sive
2944 1283 3287 1343 alterationis
3347 1306 3455 1344 non
3493 1301 3576 1347 est

1995 1373 2189 1429 capax,
2227 1361 2542 1432 impatibile,
2599 1367 2922 1435 invertibile,
2976 1371 3320 1440 invariabilc,
3369 1379 3572 1434 immu-

1992 1448 2174 1504 tabile.
2217 1448 2369 1504 Talia
2396 1460 2576 1508 autem
2604 1457 2826 1511 nomina
2857 1458 3050 1514 solerti
3097 1461 3332 1519 artiﬁcio
3360 1468 3571 1522 conﬁn-

1988 1549 2118 1610 gant
2165 1544 2256 1612 qui
2285 1544 2560 1609 volunt,ut
2588 1548 2723 1616 ipsis
2757 1550 2908 1604 cordi
2939 1551 3121 1615 fuerit,
3154 1554 3368 1625 aliaque
3397 1561 3573 1613 nomi-

324 1619 396 1658 na
437 1606 748 1659 nominibus
795 1606 879 1660 his
917 1609 1209 1677 applicent,
1261 1614 1506 1683 privandi
1556 1619 1641 1672 vel
1688 1618 1968 1678 auferendi
1993 1606 2112 1679 ⁷νίπι
2147 1606 2423 1698 habentia,
2450 1606 2533 1690 vel
2585 1606 2727 1704 quod
2759 1639 2894 1709 ipsis
2937 1606 3164 1702 lubebit,
3204 1606 3568 1707 έιέιῖιιίῖιξζιῖίζῖέ.

415 1711 598 1781 Ἡμεῖς
615 1715 668 1766 δὲ
701 1715 794 1768 τοῦ
810 1717 1074 1772 διδάσκειν
1091 1721 1124 1790 ῆ
1149 1722 1437 1790 μανθάνειν
1457 1725 1523 1777 τά
1543 1726 1765 1779 τοιαῦτα
1788 1729 1894 1790 τοῖς

926 1810 936 1823 .
1239 1813 1251 1823 .
1405 1814 1418 1823 .
1551 1816 1574 1823 -
1641 1819 1651 1823 -
1673 1816 1694 1823 -
1774 1818 1784 1823 -

2078 1733 2188 1790 Nos
2228 1747 2410 1794 autem
2446 1741 2678 1797 docendi
2705 1745 2787 1799 vel
2825 1744 3070 1802 discendi
3107 1749 3232 1799 talia
3259 1751 3574 1818 percupidis
3646 1750 3654 1755 ’

330 1805 627 1875 φιλοτίμοις
649 1810 1164 1880 παραχωρήσαντες,
1186 1813 1343 1882 μόνον
1371 1814 1460 1866 τὸν
1486 1816 1609 1868 νοῦν
1637 1816 1901 1881 ἐξετάσω-

329 1913 449 1964 μεν,
474 1899 520 1949 εἰ
537 1897 633 1965 τῆς
655 1899 910 1962 εὐσεϐοῦς
929 1918 986 1953 τε
1006 1903 1098 1954 καὶ
1113 1902 1447 1972 θεοπρεποῦς
1471 1907 1787 1978 ὑπολήψεως
1816 1911 1903 1964 ὲν-

325 1984 415 2045 τός
437 1986 602 2045 ἐστιν,
625 1985 657 2055 ἢ
681 1985 1008 2056 κεχώρισται
1047 1990 1108 2042 El
1131 1991 1228 2060 μὲν
1253 1988 1344 2046 οὖν
1364 1993 1513 2062 ἢούκ
1542 1991 1608 2066 ἦν
1640 1997 1903 2068 πρότερον

325 2077 352 2128 ὀ
369 2075 496 2138 Θεὸς
513 2075 653 2145 ἢούκ
668 2077 818 2132 ἔσται
831 2079 1083 2146 ποτὲ,οὐκ
1098 2081 1160 2134 ἂν
1177 2083 1377 2147 κυρίως
1389 2083 1510 2137 οὔτε
1529 2087 1898 2159 ἀτελεύτητος,

323 2165 444 2218 οὐτε
462 2166 692 2238 ἄναρχος
725 2169 950 2238 λέγοιτο.
996 2172 1265 2236 Ὡσαύτως
1283 2174 1338 2227 δὲ
1364 2174 1486 2227 οὐτε
1513 2176 1890 2243 ἀναλλοίωτος,

323 2255 445 2308 οὐτε
470 2258 776 2328 ἀσώματος,
809 2259 932 2313 οὔτε
956 2262 1231 2333 ἄφθαρτος
1249 2304 1263 2326 ,
1295 2263 1454 2336 εἴπερ
1475 2269 1754 2320 ὑπονοοῖτο
1773 2269 1900 2338 περὶ

323 2349 506 2410 αὑτὸν,
533 2349 563 2420 ἢ
591 2351 825 2424 σῶμα,ἢ
863 2352 1058 2425 φθορά,
1098 2355 1131 2425 ἢ
1167 2356 1470 2421 ἀλλοίωσις,
1504 2359 1537 2427 ἤ
1560 2377 1610 2410 τι
1639 2360 1894 2413 τοιοῦτον.

325 2438 386 2490 Εἰ
406 2440 458 2490 δὲ
501 2441 701 2494 τούτων
749 2443 940 2510 εὐαγές
984 2445 1129 2498 ἐστιν
1155 2446 1305 2499 οὐδὲν
1332 2464 1397 2499 πε
1410 2448 1460 2518 ρὶ
1485 2449 1646 2501 αὐτὸν
1676 2451 1894 2512 ἐννοεῖν,

323 2530 514 2593 ἀσεϐὲς
539 2532 606 2584 ἂν
635 2533 721 2604 ε⁵”η
749 2534 962 2598 πάντως
988 2538 1098 2599 τοῖς
1120 2542 1464 2607 χωριστικοῖς
1492 2539 1599 2593 τῶν
1622 2542 1896 2611 ἀπεμιραι-

320 2620 522 2674 νὸντων
579 2624 816 2693 ῥήμασιν
853 2627 936 2678 ἐπ’
985 2627 1149 2679 αὐτοῦ
1203 2631 1538 2699 κεχρῆσθαι,
1581 2633 1674 2684 καὶ
1717 2633 1894 2701 λέγειν

321 2712 494 2763 ταῦτα
521 2711 555 2764 ἂ
601 2713 700 2783 ἤδη
746 2714 1001 2780 πολλάκις
1041 2719 1359 2790 εἰρήκαμεν,
1401 2721 1678 2795 ἄφθαρτον
1710 2741 1769 2778 τε
1801 2727 1894 2780 καὶ

321 2799 678 2870 ἀτελεύτητον
712 2807 802 2857 καὶ
824 2808 1136 2880 ἀγέννητον,
1171 2813 1263 2864 καὶ
1296 2815 1396 2866 ὅσα
1424 2816 1516 2867 τοῦ
1540 2817 1778 2870 τοιούτου
1818 2819 1893 2870 εἵ-

314 2891 442 2955 δους
474 2894 608 2957 ἐστὶ,
634 2899 730 2966 τῆς
756 2900 1077 2971 ἐγκειμένης
1097 2902 1311 2974 ἑκάστῳ
1331 2903 1532 2958 τούτων
1562 2907 1670 2961 τῶν
1703 2909 1894 2979 ὀνομά-

315 3002 424 3038 των
449 2986 755 3054 ἐμφάσεως,
792 2990 948 3060 μόνον
977 2992 1068 3045 τὸν
1090 2995 1366 3065 χωρισμὸν
1391 2995 1499 3049 τῶν
1517 2998 1646 3068 ἡμῖν
1672 3002 1891 3070 προχεί-

2003 1825 2310 1885 libertatem
2338 1835 2728 1902 concedentes,
2755 1838 2925 1893 solam
2955 1849 3190 1894 mentem
3220 1843 3572 1910 quuiramus

1996 1919 2041 1975 si
2067 1921 2211 1990 piam
2246 1931 2300 1978 et
2330 1923 2441 1980 Deo
2464 1927 2718 1982 decoram
2749 1930 3058 1992 opinionem
3088 1932 3142 1985 in
3173 1947 3231 1986 se
3263 1934 3570 1997 contineat,

1995 2010 2078 2063 vel
2109 2018 2326 2066 contra.
2363 2011 2420 2066 Si
2451 2013 2618 2082 igitur
2651 2016 2736 2068 vel
2795 2030 2900 2069 non
2943 2025 3060 2071 erat
3089 2019 3241 2087 prius
3285 2017 3451 2078 Deus,
3486 2020 3572 2072 vel

1994 2115 2101 2154 non
2139 2103 2244 2156 erit
2308 2104 2622 2173 aliquando,
2663 2120 2769 2158 non
2832 2109 3049 2175 proprie
3077 2123 3249 2178 neque
3278 2109 3570 2178 ἀτελεύτη-

1990 2208 2103 2257 τος,
2162 2194 2215 2248 id
2246 2204 2348 2259 est,
2411 2197 2804 2260 interminatus,
2847 2201 2959 2254 sive
2998 2200 3102 2268 ﬁne
3141 2217 3348 2266 carens,
3392 2218 3572 2272 neque

1991 2282 2247 2354 ἄναρχος,
2282 2287 2533 2355 principii
2566 2303 2746 2357 expers
2778 2289 3012 2343 dicatur.
3041 2290 3240 2346 Eodem
3275 2292 3436 2346 modo
3475 2310 3569 2346 ne-

1994 2388 2098 2442 que
2163 2375 2539 2442 immutabilis,
2592 2393 2769 2445 neque
2824 2379 3214 2448 incorporeus,
3265 2395 3440 2449 neque
3488 2381 3572 2434 in-

1991 2464 2718 2536 corruptibilis,siquidem
2784 2467 2836 2520 in
2902 2484 3020 2537 φεο
3101 2470 3402 2537 cogitetur,
3487 2472 3570 2538 vel

1986 2555 2205 2625 corpus,
2231 2558 2314 2610 vel
2345 2557 2620 2620 interitus,
2664 2557 2744 2612 vel
2803 2557 3129 2623 immutatio,
3159 2561 3240 2631 vel
3282 2559 3410 2630 quid
3439 2561 3565 2615 tale.

1983 2645 2138 2709 Quod
2171 2648 2215 2702 si
2258 2655 2508 2702 sanctum
2549 2656 2652 2711 est,
2691 2648 2829 2702 nihil
2881 2649 3073 2702 horum
3133 2650 3186 2703 in
3245 2651 3364 2720 ipso
3421 2653 3568 2720 cogi-

1981 2745 2124 2803 tare,
2162 2738 2386 2809 Impium
2439 2749 2586 2795 esset
2634 2754 2859 2808 prorsus
2899 2740 3082 2795 verbis
3122 2756 3241 2810 quae
3294 2741 3568 2796 dissenta-

1981 2844 2083 2883 nea
2117 2836 2172 2882 et
2209 2829 2558 2885 abhorrentia
2602 2831 2670 2884 ab
2717 2831 2835 2900 ipso
2879 2841 3154 2901 separant,
3211 2833 3323 2894 uti,
3372 2843 3424 2888 et
3455 2833 3567 2886 haec

1979 2919 2159 2974 dicere
2217 2935 2337 2988 qua:
2402 2921 2515 2990 jam
2602 2937 2744 2992 smpe
2807 2923 3048 2978 diximus
3084 2963 3100 2988 ,
3153 2924 3567 2992 incorruptibile

1981 3015 2036 3062 ει
2063 3007 2479 3062 interminatum
2545 3010 2661 3065 sive
2720 3011 2994 3066 inﬁnitum
3064 3021 3119 3066 et
3155 3012 3479 3082 ingenitum,
3512 3021 3567 3067 et

317 3093 427 3145 ρων
458 3078 534 3139 είς
550 3081 872 3150 κατανόησιν
893 3082 1264 3155 διδασκούσης,
1292 3087 1392 3139 οὐκ
1421 3088 1586 3160 αὐτὴν
1615 3089 1710 3160 τὴν
1730 3089 1889 3158 φύσιν

1992 3111 2317 3164 quaecunque
2347 3097 2510 3165 hujus
2541 3098 2664 3153 talis
2697 3099 2925 3168 speciei,
2995 3113 3119 3152 cum
3152 3078 3407 3169 imposita
3439 3101 3560 3153 cui-

313 3166 414 3237 τὴν
449 3168 554 3221 τῶν
570 3170 673 3222 ἀπε
682 3174 1015 3240 μφαινόντων
1036 3177 1448 3249 κεχωρισμένην
1462 3181 1884 3252 ἐρμηνευούσης.

313 3260 382 3313 Τί
401 3261 508 3330 γάρ
525 3261 620 3313 οὑκ
645 3262 760 3316 ἐστι
783 3268 844 3321 τὸ
865 3267 1021 3321 Θεῖον
1040 3268 1137 3338 τῆς
1148 3269 1255 3321 τῶν
1287 3271 1564 3339 ὀνομάτων
1580 3272 1781 3325 τούτων
1803 3291 1890 3346 ση-

1981 3201 2088 3256 que
2150 3201 2340 3240 eorum
2403 3188 2685 3241 nominum
2757 3189 3085 3257 signiﬁcatio
3163 3192 3566 3258 separationem

1978 3291 2167 3332 eorum
2204 3293 2325 3346 qua:
2347 3277 2506 3330 nobis
2535 3287 2786 3349 prompta
2816 3285 2943 3332 sunt
2969 3279 3034 3332 ad
3067 3280 3432 3349 cognitionem
3467 3282 3568 3336 do-

317 3353 521 3422 μασξας
539 3355 1014 3430 προδεικνυῡύσης,
1033 3359 1086 3412 τί
1104 3362 1252 3413 ἐστιν
1266 3362 1440 3415 ἐκεῖνο
1454 3363 1595 3416 κατά
1608 3363 1704 3433 τὴν
1727 3365 1888 3432 φύσιν

1992 3373 2119 3429 :eat,
2157 3381 2265 3418 non
2302 3381 2431 3420 vero
2463 3367 2751 3435 ipsammet
2799 3375 3052 3420 naturam
3077 3383 3198 3437 quae
3227 3383 3256 3421 a
3288 3383 3397 3422 non
3428 3384 3564 3422 con-

313 3443 345 3496 ὃ
372 3444 540 3498 ταῦτα
562 3447 837 3511 οὐκέστιν,
864 3451 921 3501 ὲν
944 3451 1124 3522 ἀδήλῳ
1148 3453 1316 3523 μένει.
1353 3455 1510 3507 Ἀλλά
1527 3456 1620 3509 καὶ
1646 3456 1713 3508 τά
1729 3455 1889 3509 λοιπά

1992 3453 2321 3509 venientibus
2377 3461 2588 3508 secreta
2631 3460 2738 3516 est,
2799 3455 3204 3523 interpretetur.
3247 3453 3382 3509 Nam
3437 3471 3561 3510 eum

311 3535 424 3589 τῶν
448 3537 744 3608 ὀνομάτων,
770 3533 898 3612 ὧνή
934 3544 1176 3614 σημασία
1221 3545 1420 3609 Οέσεώς
1457 3549 1600 3610 τινός
1625 3549 1770 3600 ἐστιν
1803 3551 1887 3601 ὲν-

313 3627 554 3700 δεικτικὴ
579 3632 671 3684 καὶ
691 3631 994 3702 ὑπάρξεως,
1017 3636 1117 3686 οὐκ
1142 3637 1311 3704 αὐτῆς
1341 3639 1440 3708 τῆς
1474 3639 1621 3702 θείας
1639 3639 1850 3708 φύσεως
1874 3684 1887 3706 ,

315 3715 449 3770 ἀλλὰ
477 3718 584 3773 τῶν
621 3722 746 3792 περὶ
789 3722 956 3792 αὐτὴν
997 3723 1234 3786 εὐσεϐῶς
1262 3723 1648 3796 θεωρουμένων
1676 3727 1776 3797 τὴν
1805 3727 1890 3780 ἕν-

311 3808 478 3874 δειξιν
499 3808 612 3879 ἔχει
628 3826 639 3838 ·
663 3810 954 3878 νοήσαντες
972 3810 1080 3879 γάρ
1096 3809 1176 3861 ὅτι
1193 3809 1344 3862 οὐδὲν
1363 3808 1469 3861 τῶν
1499 3809 1686 3870 ὄντων,
1704 3810 1811 3861 τῶν
1827 3826 1886 3862 τε

313 3902 649 3973 φαινομένων
674 3902 767 3954 καὶ
809 3902 916 3955 τῶν
955 3905 1254 3972 νοουμένων
1297 3901 1598 3969 αὐτόματόν
1629 3916 1750 3953 τινα
1791 3901 1888 3953 καὶ

311 3995 542 4064 τυχαίαν
573 3993 684 4063 ἔχει
710 3993 806 4064 τὴν
841 3993 1117 4057 σύστασιν,
1135 3992 1268 4046 ἀλλά
1299 3994 1326 4046 ὃ
1353 3992 1406 4044 τί
1431 4009 1534 4063 περ
1556 3994 1613 4046 ὲν
1633 3995 1742 4055 τοῖς
1768 3989 1887 4046 οὖσι

311 4087 523 4142 καταλα
532 4087 813 4158 μϐάνεται,
827 4087 924 4156 τῆς
941 4086 1156 4139 πάντων
1173 4084 1277 4138 τῶν
1295 4085 1462 4138 ὄντων
1491 4087 1590 4137 ὐπε
1602 4102 1717 4155 ρκει
1725 4086 1891 4156 μένης

259 4232 264 4234 ,
311 4179 528 4247 φύσεως
558 4178 804 4248 ἐξῆπται,
837 4179 1086 4231 κάκεῖθεν
1123 4178 1220 4247 τὴν
1248 4177 1422 4230 αἰτίαν
1469 4176 1569 4246 τῆς
1606 4177 1891 4248 ὑπάρξεως

311 4269 446 4338 ἔχει,
481 4269 546 4326 τό,
593 4286 650 4320 τε
689 4270 880 4331 κάλλος
909 4269 1086 4322 καὶτὸ
1121 4269 1349 4338 μέγεθος
1390 4267 1497 4321 τῶν
1543 4269 1599 4320 ὲν
1629 4271 1692 4338 τῇ
1719 4269 1890 4321 κτίσει

312 4361 603 4431 θαυμάτων
635 4362 1082 4431 κατανοήσαντες,
1101 4362 1162 4412 ὲκ
1193 4361 1406 4412 πάντων
1436 4359 1640 4411 τούτων
1671 4360 1763 4411 καὶ
1781 4357 1889 4410 τῶν

1983 3543 2256 3613 ejusmodi
2291 3543 2573 3597 nominum
2634 3543 2964 3613 signiﬁcatio
3018 3546 3147 3614 quid
3184 3545 3326 3601 Deus
3357 3561 3462 3599 non
3488 3547 3562 3600 sit

1983 3645 2380 3707 praemonstret,
2415 3634 2546 3705 quid
2609 3635 2741 3688 illud
2795 3642 2879 3688 est
2936 3637 3233 3690 secundum
3291 3645 3559 3701 naturam,

1982 3728 2128 3798 quod
2162 3729 2275 3781 haec
2310 3741 2416 3780 non
2474 3734 2579 3792 est,
2614 3726 2666 3779 in
2696 3726 2934 3780 obscuro
2962 3735 3175 3793 manet;
3208 3727 3303 3782 sed
3348 3727 3561 3796 reliqua

1983 3819 2201 3873 nomina
2239 3833 2469 3887 quomm
2526 3816 2854 3885 signiﬁcatio
2879 3817 3114 3885 alicujus
3175 3817 3466 3885 positionis
3505 3824 3562 3871 et

1980 3909 2314 3964 exsistentiaa
2339 3908 2497 3962 index
2535 3915 2642 3973 est,
2683 3922 2791 3960 non
2822 3906 3070 3976 ejusdem
3104 3906 3303 3961 divina:
3330 3917 3557 3968 naturae,

1984 3999 2078 4053 sed
2125 4015 2312 4054 eorum
2351 4013 2472 4068 quae
2513 3997 2566 4051 in
2607 3996 2725 4066 ipsa
2755 3998 2844 4066 pie
2881 4005 3183 4052 cernuntur
3216 3998 3558 4054 demonstra-

1992 4090 2196 4144 tionem
2230 4089 2453 4143 habent.
2512 4086 2829 4158 Cogitantes
2855 4088 2999 4141 enim
3032 4088 3178 4157 quod
3206 4090 3338 4143 nihil
3367 4105 3556 4144 eorum

1993 4186 2112 4238 quae
2152 4179 2304 4236 sunt,
2333 4179 2388 4226 et
2416 4186 2538 4236 quae
2579 4181 2846 4241 apparent
2898 4181 2952 4226 et
3001 4173 3396 4241 intelliguntur,
3450 4172 3555 4226 for-

1994 4264 2186 4316 tuitam
2225 4270 2280 4317 et
2324 4262 2672 4316 temerariam
2703 4261 2998 4330 quamdam
3045 4262 3206 4315 habet
3247 4263 3556 4318 subsisten-

1994 4357 2148 4418 tiam,
2185 4354 2278 4410 sed
2306 4353 2573 4424 quidquid
2607 4354 2663 4406 in
2693 4367 2876 4406 rerum
2917 4361 3108 4406 natura
3136 4355 3558 4423 comprehendi-

310 4441 567 4506 τοιούτων
599 4452 732 4505 ἀλλά
770 4452 1016 4521 νοήματα
1046 4451 1168 4520 περὶ
1216 4451 1276 4502 τὸ
1306 4451 1458 4503 Θεῖον
1502 4449 1888 4520 λαμϐάνοντες,

1996 4455 2084 4499 tur
2123 4461 2187 4498 ex
2246 4443 2689 4513 supereminente
2733 4441 2982 4495 omnium
3026 4457 3148 4512 quae
3201 4453 3328 4496 sunt
3370 4452 3565 4499 natura

313 4546 467 4608 ἰδίοις
487 4545 740 4614 ὀνόμασιν
761 4544 987 4597 ἕκαστον
1011 4543 1119 4594 τῶν
1141 4543 1502 4612 ὲγγινομὲνων
1528 4544 1659 4612 ἡμῖν
1683 4559 1776 4613 νοη
1787 4543 1890 4613 μά-

308 4654 420 4689 των
463 4635 889 4707 διερμηνεύομεν
923 4633 1343 4694 ἀκολουθοῦντες
1383 4635 1448 4702 τῇ
1487 4633 1761 4704 συμϐουλῇ
1793 4633 1891 4703 τῆς

310 4727 534 4797 Σοφίας,
556 4729 590 4798 ἦ
620 4746 802 4798 φησιν,
833 4732 895 4781 ὲκ
934 4727 1196 4798 μεγέθους
1245 4726 1339 4779 καὶ
1369 4725 1632 4794 καλλονῆς
1658 4727 1892 4796 κτισμά-

307 4834 421 4876 των
449 4817 725 4886 ἀναλόγως
737 4818 845 4870 δεῖν
875 4816 982 4870 τῶν
1013 4817 1228 4869 πάντων
1256 4815 1635 4885 γενεσιουργὸν
1674 4814 1894 4886 θεωρεῖ-

312 4910 459 4962 σθαι.
489 4896 828 4979 Δημιουργδν
864 4908 962 4978 μὲν
988 4907 1080 4959 τὸν
1110 4907 1338 4977 ποιητὴν
1356 4905 1463 4958 τῶν
1483 4905 1691 4976 θνητῶν
1726 4923 1894 4975 προσ-

309 4999 668 5070 αγορεύομεν,
696 4998 918 5053 δυνατὸν
938 4997 994 5054 δὲ
1017 4997 1106 5052 τδν
1132 4997 1229 5068 τῆς
1266 4995 1530 5066 τοσαύτης
1567 4997 1894 5069 περικρατή-

247 5071 252 5078 Ι
311 5106 482 5143 σαντα
509 5090 756 5152 κτίσεως,
775 5083 820 5158 ᾧ
837 5089 929 5160 ὲξή
940 5105 1131 5160 ρκεσεν
1150 5090 1193 5160 ήί
1206 5088 1435 5158 δύναμις
1452 5087 1637 5141 οὐσίαν
1670 5087 1893 5158 ποιῆσαι

307 5182 408 5252 τὴν
425 5180 777 5252 βούλησιν.Τό
793 5197 850 5234 τε
866 5182 962 5251 τῆς
979 5181 1123 5250 ζωῆς
1139 5179 1294 5250 ἡμῶν
1307 5178 1505 5247 ἀγαθὸν
1519 5179 1672 5250 ὲννοή
1680 5197 1890 5245 σαντες,

1993 4537 2282 4605 dependet,
2317 4541 2372 4588 et
2400 4534 2556 4588 illine
2596 4533 2932 4588 exsistcntite
2970 4548 3194 4588 causam
3228 4534 3410 4600 habet,
3447 4537 3567 4606 pul-

1994 4625 2474 4695 chritudinemque
2494 4632 2549 4679 et
2566 4623 2999 4693 magnitudinem
3029 4625 3422 4680 miraculorum
3445 4642 3566 4696 qua:

1996 4725 2126 4772 sunt
2159 4720 2214 4772 in
2253 4724 2508 4771 creatura
2539 4714 3058 4781 animadvertentes,
3101 4732 3167 4774 ex
3210 4718 3467 4774 omnibus
3511 4728 3564 4774 et

1995 4809 2196 4863 talibus
2236 4809 2373 4862 alias
2423 4807 2677 4863 notion‘tas
2733 4807 2788 4862 in
2843 4806 2958 4864 Deo
3015 4807 3202 4864 animo
3259 4811 3561 4880 capientes,

1995 4899 2234 4968 propriis
2274 4899 2590 4953 nominibus
2629 4894 2901 4962 notiones,
2953 4913 3076 4968 quae
3130 4899 3188 4954 in
3239 4901 3400 4956 nobis
3433 4917 3566 4956 con-

1995 4991 2296 5059 cipiuntur,
2322 4990 2568 5059 singulas
2613 4989 3080 5059 interpretamur;
3117 4990 3409 5062 Sapientia:
3435 5008 3566 5047 con-

1996 5084 2178 5138 silium
2238 5091 2551 5151 sequentes,
2604 5095 2728 5152 quaa
2779 5080 2912 5135 dicit
2970 5097 3038 5137 ex
3085 5083 3460 5155 magnitudine
3511 5089 3566 5136 et

1997 5177 2181 5248 specie
2213 5191 2398 5230 rerum
2443 5182 2785 5240 creaturum,
2825 5177 3182 5247 proportione
3229 5175 3416 5228 habita
3456 5185 3566 5225 om-

308 5271 463 5326 nium
495 5272 804 5343 genitorem
843 5283 1098 5342 oportere
1151 5273 1508 5342 contemplari
1540 5272 1607 5327 ⁹¹.
1636 5272 1894 5342 Opiﬁcem
1941 5273 2158 5344 quidem
2214 5269 2477 5324 factorem
2525 5268 2836 5324 martalium
2894 5268 3259 5338 appellamus;
3291 5272 3564 5367 Ροίθηξθιυ

308 5373 493 5418 autem
554 5379 678 5419 eum
734 5367 827 5436 qui
899 5375 1105 5422 tantam
1170 5375 1477 5421 creaturam
1522 5379 1622 5420 suo
1677 5365 1922 5422 dominio
1977 5366 2262 5432 continet,
2331 5361 2419 5419 cui
2466 5363 2601 5420 satis
2650 5362 2753 5418 t'uit
2802 5360 3078 5433 potentia,
3143 5366 3204 5413 ut
3266 5360 3597 5419 essentiam.

381 5528 426 5560 "
464 5527 592 5596 Sap.
633 5545 757 5596 xm,
787 5531 858 5586 5..
