4056 6146
519 290 655 348 Ηοῖ

1743 297 1799 351 S.
1838 297 2162 354 GREGOIUI
2202 299 2494 354 NYSSENI

3617 298 3633 350 ι
3653 298 3733 354 103

517 427 716 481 laceret
769 425 1122 481 voluntatem.
1159 429 1336 499 Atque
1366 431 1528 486 etiam
1577 448 1700 487 Vita:
1744 445 1948 490 nostrae
1983 438 2069 490 ho-

2187 417 2492 481 ἀκο>.ούθως
2535 419 2622 471 τὸν
2656 415 2853 484 ταύτης
2885 414 3356 484 καθηγησάμενον,
3387 415 3452 483 τῇ
3482 413 3573 465 τοῦ
3613 416 3737 481 ἀγα-

516 529 643 566 num
667 522 848 568 mente
865 517 1238 587 contemplati,
1263 531 1666 590 consequenter
1691 525 1854 593 hujus
1886 527 2078 580 ducem

514 610 568 655 et
601 609 885 658 auctorem
923 604 1050 661 boni
1080 609 1442 677 appellatione
1475 613 1844 670 nominamus.
1877 613 2078 670 Judicii

512 707 734 762 quoque
775 692 947 749 futuri
993 698 1140 766 quod
1172 701 1550 772 incorruptum
1582 714 1668 759 est
1706 718 1759 760 et
1786 707 2077 774 integrum,

513 795 544 834 a
577 780 762 836 divina
793 781 1080 855 Scriptura
1120 789 1358 846 instituti
1385 836 1398 857 ,
1436 794 1676 864 judicem
1714 798 1891 868 ipsum
1922 808 1976 852 et
1998 799 2082 868 ju-

512 880 658 929 Stum
693 889 790 943 per
815 875 929 931 haec
964 879 1184 942 nomina
1218 897 1501 951 vocamus.
1528 887 1705 958 Atque
1737 899 1795 943 ut
1828 891 1882 944 in
1906 906 2078 960 pauca

509 966 852 1031 contraham,
876 983 1066 1026 omnes
1096 987 1219 1042 qua
1248 974 1316 1030 de
1344 977 1531 1032 divina
1563 989 1758 1034 natura
1783 982 1838 1034 in
1871 982 2078 1038 nostris

510 1053 714 1110 animis
737 1057 1129 1128 ingenerantur
1153 1065 1428 1131 notiones,
1454 1067 1509 1121 in
1533 1071 1814 1125 nominum
1845 1071 2076 1126 formam

510 1158 850 1233 revocamus,
905 1152 979 1205 ita
1013 1164 1071 1208 ut
1105 1157 1316 1212 nullum
1349 1160 1675 1215 vocabulum
1711 1162 1917 1232 absque
1954 1179 2078 1233 pro-

508 1232 626 1298 pria
669 1244 725 1290 et
775 1240 1038 1306 peculiari
1090 1245 1272 1314 aliqua
1319 1247 1513 1302 notitia
1551 1249 1608 1303 in
1654 1250 1838 1304 divina
1879 1232 2117 1305 natura‘

507 1319 742 1379 dicatur.
767 1324 916 1392 Quin
938 1331 1100 1388 etiam
1130 1334 1269 1389 hanc
1299 1352 1486 1393 vocem
1509 1338 1640 1402 Θεός
1659 1354 1724 1394 ex
1749 1340 2077 1409 inspectrice

507 1413 827 1478 operatione
851 1417 966 1473 sive
989 1423 1404 1492 contemplandi
1433 1439 1557 1483 actu
1603 1427 1901 1484 invaluisse
1923 1445 2074 1486 com-

506 1500 914 1590 prehendimus.
931 1508 1194 1567 Omnibus
1208 1515 1352 1568 enim
1367 1517 1426 1568 τὸ
1445 1517 1596 1573 Θεῖον
1618 1517 1830 1590 (Deum)
1860 1522 2070 1588 adesse,

506 1589 690 1643 omnia
720 1592 920 1658 videre,
959 1599 1143 1652 omnia
1169 1609 1456 1670 penetrare
1485 1607 1752 1673 persuasi,
1784 1609 1944 1662 talem
1980 1624 2072 1664 co-

506 1678 825 1746 gitationem
890 1687 993 1743 hoc
1038 1680 1290 1747 nomine
1320 1692 1714 1762 signiﬁcamus,
1760 1697 1828 1752 ad
1887 1699 1992 1754 hoc
2040 1716 2068 1752 a

505 1782 694 1824 sancta
732 1789 863 1830 voce
910 1777 1164 1846 deducti;
1197 1783 1290 1851 qui
1335 1759 1476 1838 enim
1523 1786 1660 1840 dixit
1682 1759 1866 1842 {Deus
1895 1801 2064 1848 meus,
2102 1759 2142 1812 Β

504 1857 714 1915 intende
764 1865 892 1918 mihi
915 1868 983 1930 ",
1005 1875 1077 1930 et,
1098 1869 1412 1935 ViditDeus
1435 1875 1502 1940 ”,
1539 1884 1613 1939 et,
1639 1874 1776 1930 Deus
1807 1877 2070 1946 cognoscit

501 1951 679 2006 cordis
715 1954 897 2011 abdita
946 1958 1012 2022 ",
1060 1963 1352 2020 manifeste
1403 1967 1529 2021 huic
1585 1967 1702 2022 voci
1764 1968 2069 2038 impositam

504 2045 832 2098 sententiam
899 2049 1313 2120 interpretatur,
1384 2058 1528 2126 quod
1576 2058 1705 2121 Θεὸς
1759 2059 2072 2112 nominatur

503 2130 614 2182 ἀπὸ
651 2133 744 2184 τοῦ
782 2135 1026 2201 θεᾶσθαι,
1079 2157 1112 2192 a
1156 2143 1375 2196 videndo
1409 2146 1526 2202 sive
1551 2148 1892 2215 speculando.
1925 2147 2070 2203 Nihil

504 2233 683 2309 autem
725 2223 904 2280 diﬂert
944 2229 1127 2286 dicere
1155 2233 1395 2300 intende,
1417 2245 1469 2289 ct
1495 2237 1647 2303 vide,
1680 2248 1734 2293 et
1766 2242 2066 2309 speculare.

507 2307 775 2373 Quoniam
808 2313 976 2384 igitur
1024 2320 1168 2387 quod
1202 2325 1502 2391 spectabile
1543 2327 1638 2394 qui
1671 2307 1879 2396 spectat
1906 2329 2067 2396 videt,

501 2399 632 2464 Θεός
665 2407 858 2458 merito
885 2407 1007 2476 ejus
1037 2411 1182 2478 quod
1214 2412 1450 2479 videtur,
1487 2416 1580 2485 qui
1611 2403 1823 2486 spectat
1849 2417 2068 2474 dicitur.

501 2489 680 2556 Quare
716 2511 812 2564 per
855 2499 960 2553 hoc
1017 2501 1182 2556 etiam
1228 2507 1614 2572 particularem
1651 2508 1942 2577 quamdam
1988 2509 2072 2564 di-

500 2585 640 2639 vinae
693 2595 902 2643 natura:
942 2595 1320 2661 operationem
1360 2597 1559 2660 edocti,
1611 2601 1862 2654 essentia:
1897 2602 2070 2670 ipsius

501 2691 596 2743 per
643 2676 784 2732 hanc
832 2695 1020 2735 vocem
1072 2685 1436 2756 intelligentes
1503 2702 1616 2742 non
1670 2689 1800 2742 facti
1857 2706 2067 2754 sumus,

501 2783 608 2820 non
653 2781 832 2824 tamen
870 2774 1130 2840 quoniam
1177 2778 1425 2832 nominis
1458 2780 1813 2850 congruentis
1843 2783 2068 2850 penuria

500 2857 835 2926 laboramus,
870 2862 1038 2918 Deum
1067 2866 1273 2922 idcirco
1301 2869 1490 2938 gloriae
1519 2870 1834 2926 detrimenti
1862 2873 2068 2942 aliquid

501 2969 723 3023 passum
775 2972 898 3012 esse
936 2973 1038 3013 nos
1082 2961 1466 3016 existimamus
1501 2980 1513 3015 :
1553 2961 1871 3032 impotentia
1923 2963 2068 3016 enim

499 3046 896 3102 enuntiationis
953 3063 1141 3116 eorum
1197 3067 1320 3121 qua:
1348 3053 1623 3120 enuntiari
1650 3060 1945 3124 nequeunt,
1976 3067 2068 3107 ac-

498 3149 703 3190 cusans
749 3137 907 3194 nobis
949 3147 1147 3195 natura
1183 3142 1426 3198 innatam
1458 3144 1761 3213 penuriam,
1803 3143 2064 3212 majorem

497 3225 685 3298 gloria;
744 3228 838 3285 Dei
893 3231 1416 3292 demonstrationem
1470 3236 1652 3301 habet,
1699 3236 1901 3291 docens
1941 3251 2063 3298 nos,

497 3320 640 3375 sicut
668 3321 844 3392 inquit
872 3323 1186 3393 Apostolus,
1231 3329 1376 3396 quod
1407 3329 1583 3383 solum
1622 3335 1706 3382 est
1733 3327 1830 3380 Dei
1864 3341 2061 3381 nomen

495 3426 825 3481 congruens,
883 3415 1063 3485 ipsum
1119 3418 1348 3473 credere
1383 3434 1504 3473 esse
1563 3417 1706 3488 quod
1760 3425 1844 3472 est
1896 3432 2063 3486 supra

492 3519 657 3559 omne
729 3522 925 3562 nomen
993 3509 1061 3561 ".
1095 3508 1253 3573 Quod
1281 3510 1426 3562 enim
1471 3510 1589 3578 ipsc
1656 3523 1872 3562 omnem
1965 3505 2313 3578 cogitationis
2398 3518 2602 3560 metum

2183 505 2275 558 θοῦ
2319 510 2653 580 προσηγορία
2702 507 3159 576 κατονομάζομεν.
3211 505 3322 574 Τῆς
3350 523 3408 557 τε
3454 506 3738 574 μελλούσης

2182 589 2410 667 κρίσεως
2451 600 2511 653 τὸ
2536 601 2829 654 ἀδέκαστον
2876 597 3023 668 παρὰ
3064 598 3163 666 τῆς
3194 597 3340 659 θείας
3371 596 3738 659 παιδευθέντες

2179 689 2420 760 Γραφῆς,
2456 691 2644 762 κριτὴν
2671 690 2832 744 αὐτὸν
2866 690 2963 742 καὶ
2990 688 3196 742 δίκαιον
3225 687 3312 740 διὰ
3350 687 3553 739 τούτων
3581 703 3736 756 προσ-

2179 777 2530 848 αγορεύομεν.
2579 781 2688 833 Καὶ
2740 780 2918 833 πάντα
2967 779 3233 832 συνελόντι
3282 779 3482 846 φάναι,
3523 779 3590 829 τὰ
3625 778 3738 847 περὶ

2176 869 2275 937 τῆς
2313 869 2461 934 Θείας
2525 871 2736 939 φύσεως
2785 870 3112 939 ἐγγινόμενα
3155 871 3288 940 ἡμῖν
3335 869 3619 937 νοήματα,
3670 871 3739 930 εἰς

2176 959 2451 1028 ὀνομάτων
2472 961 2640 1014 τύπον
2669 961 3174 1032 μεταλαμϐάνομεν,
3208 960 3282 1022 ὡς
3315 959 3585 1028 μηδεμίαν
3621 958 3738 1027 κλῆ-

2178 1064 2260 1100 σιν
2287 1049 2407 1120 δίχα
2445 1051 2586 1116 τινὸς
2628 1051 2931 1120 ίδιαζούσης
2965 1051 3169 1114 ἑννοίας
3212 1051 3303 1102 ἐπὶ
3331 1051 3426 1119 τῆς
3463 1048 3613 1110 θείας
3658 1049 3738 1100 λέ-

2176 1139 2366 1207 γεσθαι
2402 1141 2633 1209 φύσεως.
2688 1141 2848 1196 Ἀλλὰ
2877 1141 2970 1194 καὶ
2999 1140 3098 1210 τὴν
3141 1141 3283 1208 Θεὸς
3317 1141 3521 1208 φωνὴν,
3560 1139 3623 1190 ὲκ
3651 1140 3738 1208 τῆς

2177 1231 2478 1300 ἐποπτικῑκ
2522 1233 2800 1303 ἐνεργείας
2860 1231 3256 1304 κεκρατηκέναι
3311 1231 3735 1299 κατελαϐόμεθα.

2177 1321 2316 1374 Πᾶσι
2342 1320 2448 1391 γὰρ
2479 1324 2728 1392 παρεῖναι
2762 1321 2820 1375 τὸ
2846 1321 3019 1384 Θεῖον,
3051 1323 3144 1374 καὶ
3173 1320 3350 1373 πάντα
3381 1320 3626 1383 θεᾶσθαι,
3653 1320 3737 1370 καὶ

2175 1408 2262 1462 διὰ
2296 1408 2513 1463 πάντων
2549 1410 2703 1478 ἥκειν
2743 1396 3201 1477 πεπιστευκότεςξ
3216 1409 3314 1480 τὴν
3346 1411 3602 1477 τοιαύτην
3631 1409 3737 1461 διά·

2173 1515 2321 1552 νοιαν
2351 1497 2430 1568 τῷ
2475 1498 2697 1570 ὀνόματι
2723 1499 2892 1570 τούτῳ
2925 1499 3368 1570 διασημαίνομεν,
3415 1497 3552 1568 πρὸς
3592 1497 3739 1549 τοῦτο

2175 1589 2324 1659 παρὰ
2364 1590 2458 1658 τῆς
2493 1590 2651 1656 ἁγίας
2681 1590 3035 1660 όδηγηθέντες
3077 1593 3280 1661 φωνῆς.
3319 1590 3378 1641 '0
3409 1589 3514 1658 γὰρ
3556 1589 3735 1648 εἰπὼν,

2174 1681 2251 1733 ὅτι
2303 1680 2366 1731 Ὃ
2400 1681 2544 1744 Θεός
2577 1681 2995 1750 μου,πρόσχες
3036 1697 3164 1750 μοι,
3193 1682 3310 1743 καὶ,
3338 1680 3462 1732 Ἴδε
3496 1682 3528 1731 ὁ
3573 1677 3734 1741 Θεὸς,

2173 1769 2264 1822 καὶ
2294 1768 2372 1829 τὸ,
2394 1769 2446 1820 '0
2487 1769 2632 1834 Θεὸς
2662 1768 2934 1838 γινώσκει
2972 1769 3042 1823 τὰ
3077 1769 3295 1836 κρύφια
3335 1766 3445 1835 τῆς
3476 1766 3735 1833 καρδίας,

2174 1855 2359 1924 σαφῶς
2403 1857 2501 1924 τὴν
2538 1858 2857 1928 ὲγκειμένην
2877 1861 2943 1928 τῇ
2991 1861 3140 1928 φωνῇ
3181 1857 3351 1928 ταύτῃ
3387 1857 3624 1909 διάνοιαν
3655 1858 3736 1927 ἑρο

2175 1945 2429 2015 μηνεύει,
2505 1947 2587 1999 ὅτι
2638 1949 2701 1999 ἐκ
2748 1947 2839 2000 τοῦ
2904 1947 3161 2011 θεᾶσθαι,
3209 1947 3340 2008 Θεὸς
3398 1946 3733 2015 ὀνομάζεται.

2171 2037 2428 2108 Διαφέρει
2473 2037 2580 2109 γὰρ
2619 2039 2788 2101 οὐδὲν,
2842 2039 3075 2110 πρόσχες
3119 2040 3310 2099 εἰπεῖν,
3365 2039 3459 2089 καὶ
3499 2036 3574 2088 ἴδε
3599 2041 3618 2097 ,’
3656 2039 3738 2090 καὶ

2173 2125 2380 2180 θέασαι.
2402 2128 2552 2180 Ἐπεὶ
2579 2126 2671 2180 οὖν
2706 2130 2797 2182 καὶ
2821 2129 3007 2182 θεατὸν
3030 2130 3058 2181 δ
3083 2129 3351 2199 θεώμενος
3379 2128 3586 2197 βλέπει,
3615 2127 3740 2190 Θεὸς

2172 2218 2396 2281 εἰκότως
2424 2219 2517 2271 τοῦ
2543 2219 2816 2288 ὁρωμένου
2846 2221 2873 2270 ό
2900 2219 3166 2290 θεώμενος
3191 2219 3429 2285 λέγεται.
3463 2220 3628 2270 Ὥστε
3655 2219 3742 2269 καὶ

2171 2308 2256 2361 διά
2281 2308 2469 2360 τούτου
2499 2311 2728 2380 μερικήν
2756 2326 2877 2362 τινα
2903 2309 3002 2378 τῆς
3034 2309 3181 2372 θείας
3225 2308 3439 2376 φύσεως
3466 2308 3740 2386 ἐνέργειαν

2171 2399 2539 2468 διδαχθέντες,
2581 2399 2681 2468 τῆς
2719 2400 2905 2463 οὐσίας
2945 2399 3115 2468 αὐτῆς
3148 2401 3204 2451 ἐν
3249 2397 3496 2467 περινοίᾳ
3526 2397 3614 2448 διὰ
3647 2395 3741 2462 τῆς

2173 2492 2352 2562 φωνῆς
2379 2493 2580 2561 ταύτης
2604 2492 2702 2544 οὐκ
2723 2491 3016 2562 ἐγενόμεθα
3036 2534 3049 2555 ,
3087 2491 3144 2542 οὖ
3181 2489 3288 2560 μὴν
3331 2489 3518 2556 ἐπειδὴ
3544 2488 3738 2556 ὀνόμα-

2170 2603 2259 2648 τος
2307 2585 2614 2654 προσφυοῦς
2660 2583 2990 2654 ἀποροῦμεν,
3043 2580 3372 2652 ζημιοῦσθαί
3405 2598 3459 2632 τι
3501 2580 3562 2632 τὸ
3593 2579 3740 2631 Θεῖον

2171 2676 2251 2737 είς
2275 2674 2432 2740 δόξαν
2467 2674 2940 2743 ὑπολαμϐάνομεν.
2996 2674 3060 2726 Ἠ
3083 2673 3190 2742 γάρ
3214 2670 3484 2740 ἀδυναμία
3512 2673 3611 2739 τῆς
3638 2669 3742 2721 τῶν

2171 2765 2566 2834 ἀνεκφωνήτων
2597 2763 3001 2833 ἐξαγορεύσεως
3041 2762 3421 2833 κατηγοροῦσα
3459 2763 3558 2832 τῆς
3605 2761 3741 2812 κατὰ

2170 2857 2267 2926 τὴν
2285 2856 2443 2924 φύσιν
2467 2855 2624 2926 ἡμῶν
2649 2855 2938 2926 πτωχείας,
2967 2854 3185 2924 μείζονα
3207 2855 3303 2922 τῆς
3323 2853 3416 2905 τοῦ
3440 2853 3574 2905 Θεοῦ
3590 2851 3742 2921 δόξης

2170 2947 2268 3017 τὴν
2300 2948 2567 3012 ἀπόδειξιν
2602 2947 2733 3018 ἕχει,
2763 2947 3084 3000 διδάσκουσα
3114 2949 3144 3015 ἡ
3156 2947 3284 3014 μᾶς,
3310 2945 3490 3007 καθώς
3531 2962 3693 3013 φησιν
3720 2946 3747 2994 ό

2185 3038 2525 3102 Ἀπόστολος,
2556 3040 2637 3092 ὅτι
2674 3038 2831 3107 μόνον
2861 3039 2976 3092 ἐστὶ
3008 3036 3142 3090 Θεοῦ
3171 3037 3443 3107 προσφυὲς
3481 3035 3651 3104 ὄνομα
3687 3033 3742 3086 τὲ

2174 3131 2312 3200 ὑπὲρ
2339 3131 2445 3182 πᾶν
2473 3130 2632 3182 αὐτὸν
2661 3124 2794 3181 εἶναι
2825 3129 3094 3181 πιστεύειν
3123 3128 3314 3197 ὄνομα.
3345 3127 3418 3178 Τὸ
3443 3125 3550 3196 γάρ
3584 3127 3739 3192 ὕπερ-

2173 3220 2373 3273 6αίνειν
2403 3222 2560 3274 αὐτὸν
2581 3222 2757 3274 πᾶσαν
2773 3221 3002 3284 διανοίας
3020 3221 3252 3290 κίνησιν,
3271 3219 3362 3271 καὶ
3383 3216 3643 3287 ἐξώτερον
3660 3216 3738 3266 5'5-

2172 3310 2451 3380 ρίσκεσθαι
2467 3311 2563 3380 τῆς
2581 3311 2940 3382 δνομαστικῆς
2955 3309 3312 3382 περιλήψεως,
3329 3309 3622 3378 τεκμήριον
3651 3306 3743 3375 τῆς

2162 3403 2438 3472 ἁφράστου
2485 3401 2898 3472 μεγαλειότητος
2916 3405 3026 3465 τοῖς
3050 3400 3355 3471 ἀνθρώποις
3402 3399 3742 3452 καθίσταται.

2706 3515 2945 3577 superet,
3038 3514 3300 3575 extraque
3404 3504 3742 3558 nominalem

493 3596 1033 3662 comprehensionem
1090 3595 1417 3660 inveniatur,
1443 3597 1812 3652 certissimum
1845 3604 2219 3668 argumentum
2253 3595 2650 3664 inexplicabilis
2682 3597 2984 3666 majestalis
3019 3598 3334 3651 hominibus
3363 3597 3743 3651 constituitur.

563 3686 694 3740 llzrc
739 3684 960 3753 quidem
1012 3687 1080 3742 de
1127 3689 1441 3745 nominibus
1489 3706 1610 3761 qua:
1649 3691 1718 3746 de
1761 3690 1871 3747 Deo
1923 3706 2059 3761 qna-

494 3786 712 3838 cunque
767 3774 940 3830 forma
992 3777 1345 3847 proferuntur
1395 3783 1801 3854 cognoscimus,
1828 3799 2064 3854 quorum

497 3862 901 3930 expositionem
951 3867 1140 3922 rudem
1192 3878 1246 3923 et
1292 3871 1596 3940 simplicem
1649 3873 2064 3943 benignioribus

495 3951 842 4010 auditoribus
887 3959 1265 4026 apposuimus,
1295 3969 1486 4014 contra
1532 3962 1779 4018 imbelles
1812 3964 2064 4017 Eunomii

494 4043 786 4100 adversum
830 4045 946 4101 haec
985 4063 1220 4118 pugnas,
1247 4059 1408 4118 turpe
1461 4052 1626 4107 simul
1656 4061 1712 4118 et
1739 4053 2061 4109 indecorum

493 4133 656 4188 nobis
687 4135 823 4205 ipsis
852 4137 1164 4206 judicantes
1203 4142 1450 4198 animose
1495 4154 1550 4198 et
1578 4142 1757 4199 valide
1783 4145 2059 4202 resistere.

493 4222 636 4290 Quid
687 4227 832 4280 enim
865 4229 990 4297 quis
1033 4229 1240 4285 diceret
1283 4232 1356 4298 ei,
1399 4233 1493 4303 qui
1543 4234 1621 4289 ait
1671 4240 1773 4290 nos
1827 4233 2061 4290 formam

492 4316 779 4371 nominum
826 4318 1031 4390 lingere
1071 4324 1336 4392 majorem
1380 4332 1436 4381 et
1467 4325 1843 4394 potentiorem
1876 4341 2061 4380 rerum

491 4421 614 4476 quae
652 4408 1010 4466 nominantur
1041 4412 1326 4484 dignitate,
1375 4414 1692 4471 nominibus
1733 4425 1927 4471 contra
1973 4430 2061 4470 res

2238 3691 2372 3761 Περὶ
2403 3691 2498 3761 μὲν
2538 3691 2602 3761 δὴ
2628 3691 2736 3744 τῶν
2781 3692 3056 3762 ὀνομάτων
3085 3691 3192 3744 τῶν
3222 3691 3313 3745 ἐπὶ
3345 3690 3482 3744 Θεοῦ
3535 3691 3656 3744 καθ’
3688 3691 3750 3743 ξν

2165 3783 2360 3852 δήποτε
2407 3782 2576 3836 τύπον
2619 3783 3044 3854 ἐκφωνουμένων
3076 3782 3247 3836 ταῦτα
3275 3782 3641 3851 γινώσκομεν,
3676 3775 3750 3832 ὧν

2166 3874 2264 3943 τὴν
2297 3871 2512 3926 ἔκθεσιν
2547 3872 2920 3926 ἀκατάσκευόν
2963 3889 3020 3924 τε
3055 3872 3150 3926 καὶ
3182 3872 3355 3942 ἁπλῆν
3387 3874 3502 3934 τοῖς
3547 3872 3748 3938 εὐγνω-

2171 3945 2514 4036 μονεχστέροις
2557 3962 2666 4016 τῶν
2717 3962 3004 4034 ἀκροατῶν
3057 3961 3431 4034 παρεθέμεθα,
3485 3963 3622 4032 πρὸς
3652 3961 3750 4023 τας

2168 4056 2390 4120 ἀτόνους
2427 4055 2519 4109 τοῦ
2568 4055 2835 4126 Εύνομίου
2888 4057 3248 4126 περὶτούτων
3298 4055 3480 4126 μάχας
3523 4055 3752 4124 αἰσχρζν

2167 4145 2284 4216 ἅμα
2337 4147 2432 4200 καὶ
2475 4147 2720 4217 ἀπρεπὲς
2769 4147 2898 4215 ἡμῖν
2951 4146 3133 4209 αὐτοῖς
3180 4145 3465 4216 κρίναντες
3495 4145 3748 4212 ἐκθύμως

2167 4237 2670 4292 ἀντικαθίστασθαι.
2703 4239 2766 4290 Τί
2792 4238 2900 4308 γὰρ
2926 4239 2989 4292 ἄν
3021 4257 3103 4302 τις
3131 4238 3273 4291 εἴποι
3306 4239 3385 4310 τῷ
3413 4239 3625 4306 λέγοντι
3656 4237 3746 4288 τύ-

2166 4346 2266 4382 πον
2309 4329 2418 4382 τῶν
2456 4329 2733 4399 ὀνομάτων
2778 4328 3106 4400 κυριώτερον
3147 4331 3295 4400 ἡμᾶς
3325 4329 3596 4382 ποιεῖσθαι
3651 4329 3749 4394 τῆς

2166 4421 2275 4475 τῶν
2299 4421 2712 4491 ὀνομαζομένων
2741 4422 2916 4500 ἀξίας,
2948 4425 3058 4484 τοῖς
3085 4421 3309 4492 ὀνόμασι
3339 4423 3437 4491 τὴν
3466 4420 3605 4473 κατὰ
3638 4419 3748 4469 τῶν

494 4498 765 4560 donantes
821 4505 1260 4574 praerogativam,
1315 4513 1370 4560 et
1407 4505 1763 4576 inaequalibus
1795 4505 2061 4576 aequalem

2171 4511 2502 4584 πραγμάτων
2530 4497 2899 4582 δωρουμένους
2933 4512 3253 4585 προνομίαν,
3279 4512 3373 4564 καὶ
3399 4514 3512 4573 τοῖς
3539 4511 3747 4570 ἀνί-σοῖς

489 4590 753 4647 honorem
787 4593 1127 4650 tribuentes?
1150 4594 1278 4650 Hzec
1299 4597 1380 4652 sic
1401 4597 1549 4653 illius
1572 4613 1705 4654 voce
1728 4597 1875 4653 dicta
1908 4606 2058 4652 sunt.

491 4679 710 4738 Judicet
751 4692 938 4740 autem
975 4687 1070 4756 qui
1108 4686 1360 4756 judicare
1405 4689 1751 4746 considerate
1783 4695 1984 4758 potest,
2012 4687 2059 4744 si

494 4773 624 4840 quid
683 4787 1056 4846 opportunum
1113 4787 1305 4834 contra
1361 4795 1464 4838 nos
1510 4779 1669 4834 habet
1713 4779 2062 4834 vehementer

490 4860 746 4920 instituta
763 4878 954 4922 contra
976 4884 1082 4924 nos
1097 4871 1449 4939 sycophanta:
1471 4870 1772 4935 accusatio,
1800 4870 1872 4924 oh
1893 4883 2058 4939 quam

493 4952 658 5008 etiam
702 4953 990 5014 defendere
1022 4961 1248 5031 dignum
1276 4963 1370 5028 sit,
1399 4966 1546 5032 quod
1577 4961 1892 5028 nominibus
1924 4974 2058 5014 con-

488 5055 574 5104 tra
596 5061 686 5100 res
713 5047 858 5116 ipsas
881 5049 1217 5120 privilegium
1241 5055 1608 5127 indulgemus,
1653 5055 1909 5110 omnibus
1933 5067 2057 5105 cum

489 5137 566 5192 sit
611 5139 982 5208 perspicuum,
1025 5143 1170 5210 quod
1214 5145 1421 5200 nullum
1470 5163 1668 5204 nomen
1706 5147 2056 5202 essentialem

490 5242 588 5298 per
646 5244 710 5284 se
768 5229 1179 5290 subsistentiam
1241 5232 1422 5297 habet,
1481 5237 1577 5290 sed
1639 5251 1801 5290 omne
1857 5251 2054 5291 nomen

489 5319 764 5388 quoddam
804 5329 890 5378 est
920 5321 1154 5392 alicujus
1190 5324 1444 5378 essentne
1485 5332 1540 5380 et
1588 5325 1868 5380 sententiae
1912 5324 2052 5378 indi-

491 5410 637 5464 cium
666 5420 719 5465 et
741 5413 981 5482 signum,
1022 5413 1169 5486 quod
1204 5414 1382 5485 ipsum
1415 5429 1510 5483 per
1535 5429 1593 5472 se
1615 5429 1792 5486 neque
1813 5415 2052 5477 exsistit,

490 5513 668 5571 neque
712 5505 1049 5577 intelligitur.

573 5675 614 5708 ³⁸
643 5674 784 5733 l‘sal.
818 5695 925 5741 Liv.
958 5682 1008 5735 5.
1087 5683 1282 5739 "Geni.
1322 5700 1358 5752 ι,
1391 5695 1437 5751 ι,
1465 5701 1584 5758 sqq.

1664 5683 1707 5718 ’⁸
1746 5686 1893 5742 l‘sal.
1921 5701 2018 5750 vn,
2061 5689 2142 5742 l0.

2170 4601 2470 4672 ίσοτιμίαν;
2497 4601 2680 4656 Ταῦτα
2736 4601 2906 4664 οὕτως
2947 4601 3159 4672 εἴρηται
3195 4602 3345 4672 παρὰ
3387 4601 3487 4669 τῆς
3537 4602 3747 4653 ἐκείνου

2169 4692 2371 4762 φωνῆς.
2424 4693 2665 4760 Κρινέτω
2712 4692 2767 4746 δὲ
2815 4694 2844 4744 ὁ
2885 4693 3086 4761 κρίνειν
3119 4693 3568 4763 ἑπεσκεμμένος,
3603 4692 3655 4744 εἴ
3698 4708 3745 4740 τι

2169 4782 2375 4854 καίριον
2423 4783 2692 4854 ἡσφοδρὰ
2739 4783 2830 4836 τοῦ
2879 4785 3211 4852 συκοφάντου
3264 4785 3570 4854 κατηγορία
3625 4779 3746 4835 καθ’

2167 4873 2322 4943 ἡμῶν
2363 4873 2509 4944 ἔχει,
2553 4877 2636 4942 ἐφ’
2683 4868 2728 4942 ᾦ
2780 4877 2872 4927 καὶ
2925 4873 3365 4944 ἀπολογήσασθαι
3416 4875 3597 4938 ἄξιον,
3662 4875 3747 4924 ὅτι

2165 4963 2483 5036 δωρούμεθα
2514 4972 2625 5029 τοῖς
2651 4966 2876 5035 ὀνόμασι
2923 4967 3019 5036 τὴν
3055 4965 3191 5018 κατά
3239 4964 3346 5018 τῶν
3399 4965 3746 5034 πραγμάτων

2167 5055 2483 5126 προνομίαν,
2514 5057 2676 5108 πᾶσιν
2710 5056 2859 5119 ὄντος
2893 5057 3174 5126 προδήλου,
3205 5057 3284 5108 ὅτι
3307 5055 3461 5107 οὐδὲν
3489 5053 3597 5106 τῶν
3625 5053 3748 5103 ὀνο-

2169 5145 2353 5216 μάτων
2406 5145 2636 5217 ούσιώδή
2697 5148 2814 5201 καθ’
2869 5149 3029 5199 ἑαυτὸ
3091 5147 3385 5199 ὑπόστασιν
3441 5145 3576 5215 ἔγει,
3609 5142 3749 5196 ἀλλὰ

2166 5237 2451 5307 γνώρισμά
2471 5254 2522 5290 τι
2557 5238 2650 5291 καὶ
2693 5240 2913 5308 σημεῖον
2964 5237 3151 5300 οὐσίας
3180 5235 3321 5298 τινὸς
3362 5235 3456 5287 καὶ
3505 5233 3748 5293 διανοίας

2160 5330 2362 5397 γίνεται
2394 5331 2501 5382 πᾶν
2528 5329 2731 5400 ὄνομα,
2773 5329 2902 5383 αὐτὸ
2941 5331 3024 5400 ἐφ’
3056 5328 3249 5384 ἑαυτοῦ
3288 5328 3426 5400 μήτε
3474 5325 3744 5395 ὖπάρχῡνν

2166 5423 2301 5492 μήτε
2341 5421 2644 5492 νοούμενον.

2222 5687 2264 5717 ⁸⁵
2298 5684 2536 5758 Philipp.
2582 5701 2647 5751 ιι,
2670 5685 2727 5750 9,
2759 5701 2877 5750 sqq.
