4056 6146
384 238 516 292 tum

1486 234 1767 291 CONTRA
1812 233 2196 300 EL’NOMIUM,
2230 239 2356 297 LIB.
2401 243 2506 300 XII.

3515 200 3674 308 mo-

444 346 535 415 Τῷ
563 346 617 397 δὲ
649 346 723 416 μὴ
754 346 1080 416 ὑφεστηκὸτι
1107 348 1221 412 πῶς
1243 348 1353 403 ἕστε
1387 352 1570 421 νέμειν
1594 354 1694 417 τὰς
1726 354 1951 425 δωρεὰς,

2134 359 2193 412 Ei
2246 370 2424 415 autem
2472 363 2618 431 quod
2676 378 2784 416 non
2836 379 2933 432 per
2980 379 3038 417 sc
3086 362 3317 423 substat,
3369 364 3643 429 quomodo

371 439 670 491 διδασκέτω
719 440 845 500 τοὺς
904 438 1150 509 μαθητάς
1182 442 1278 511 τῆς
1317 444 1533 513 ἀπάτης
1583 446 1611 496 ὁ
1660 445 1954 516 προσφυῶς

374 530 675 602 κεχρῆσθαι
714 534 826 594 τοῖς
867 532 1125 601 ὀνόμασιν
1171 535 1357 599 ἀξιῶν,
1402 537 1494 588 καὶ
1528 538 1638 599 τοῖς
1691 538 1954 607 ῥήμασιν.

374 623 593 677 Τούτων
614 624 671 676 δὲ
700 624 808 676 οὐδ’
838 624 904 677 ἂν
932 626 1281 697 ἐπεμνήσθην
1310 618 1539 691 ὄλως,ἐί
1578 629 1650 699 μὴ
1683 628 1749 681 δι’
1780 628 1952 681 αὐτῶν

374 717 486 770 ἔδει
528 719 627 787 τὴν
668 716 951 783 ἀπόδειξιν
986 719 1084 788 τῆς
1128 719 1270 772 κατά
1317 718 1410 773 τὸν
1466 719 1589 773 νοῦν
1623 737 1683 772 τε
1738 720 1830 773 καὶ
1861 720 1959 790 τὴν

380 809 523 875 λέξιν
560 809 778 872 ἀτονίας
810 808 904 861 τοῦ
949 809 1289 880 λογογράφου
1336 811 1686 882 ποιήσασθαι.
1720 792 1961 865 Καλδὸσα

378 902 481 973 τῆς
511 902 869 955 θεοπνεύστου
919 903 1139 973 Γραφῆς
1183 902 1543 973 ἀναρμόστως
1577 903 1669 955 καὶ
1705 903 1765 955 οὐ
1817 902 1962 955 κατὰ

380 995 585 1048 σκοπὸν
615 994 952 1065 ἐπισύρεται,
983 993 1244 1065 διαφορὰν
1277 993 1575 1057 ἀθανασίας
1624 992 1873 1061 ἀγγέλων
1901 1010 1962 1045 τε

383 1086 478 1140 καὶ
494 1085 797 1157 ἀνθρώπων
811 1084 1162 1156 τεχνολογῶν,
1179 1079 1404 1137 οὐκοῐδα
1426 1084 1562 1154 πρὸς
1579 1084 1607 1137 ὅ
1653 1101 1704 1136 τι
1727 1082 1961 1154 βλέπων,

382 1180 479 1232 καὶ
500 1178 555 1230 τί
585 1177 674 1230 διά
693 1176 883 1229 τούτου
909 1173 1354 1238 κατασκευάζων,
1382 1174 1667 1227 καὶταῦτα
1701 1174 1957 1244 παρήσω.

384 1269 460 1320 Τὸ
487 1269 595 1339 γὰρ
622 1267 885 1320 ἀθάνατον
913 1266 1016 1329 ἕως
1041 1264 1306 1318 ἀθάνατον
1332 1263 1389 1337 ᾖ,
1419 1266 1479 1317 τὸ
1514 1263 1713 1334 μᾶλλον
1744 1265 1837 1317 καὶ
1862 1259 1963 1334 ⁴ἧτ-

384 1377 477 1412 τον
513 1358 878 1428 συγκριτικῶς
910 1358 969 1410 οὐ
1008 1357 1385 1427 προσδέχεται.
1415 1357 1476 1410 Εἰ
1506 1357 1613 1428 γὰρ
1662 1358 1965 1428 ὑποστολὴν

384 1468 506 1505 τινα
536 1451 675 1504 κατά
707 1447 989 1520 σύγκρισιν
1030 1448 1092 1501 τὸ
1136 1447 1323 1518 ἕτερον
1369 1446 1477 1500 τῶν
1517 1447 1965 1519 παρατιθεμένων

390 1543 556 1613 μέρος
583 1543 641 1594 ὲν
667 1540 746 1611 τῷ
773 1542 870 1612 τῆς
895 1540 1188 1601 ἀθανασίας
1218 1539 1329 1608 ἔχοι
1358 1539 1502 1609 λόγῳ
1527 1556 1539 1569 ·
1575 1540 1788 1608 ἀνάγκη
1819 1540 1966 1591 πᾶσα

389 1634 525 1705 μηδὲ
546 1634 810 1687 ἀθάνατον
830 1633 889 1685 τὸ
913 1633 1149 1687 τοιοῦτον
1171 1631 1657 1701 κατονομάζεσθαι.
1691 1631 1813 1693 Πῶς
1856 1630 1966 1701 γὰρ

387 1729 454 1782 ἂν
511 1726 589 1780 ἔτι
630 1727 835 1797 κυρίως
888 1726 1099 1793 λέγοιτο
1144 1725 1430 1787 ἀθάνατον,
1478 1720 1540 1777 οὒ
1592 1724 1653 1776 τὸ
1705 1723 1965 1793 θνητὸνή

382 1824 473 1875 διὰ
500 1820 838 1891 συγκρίσεως
868 1819 1292 1890 ἀντιπαράθεσις
1320 1820 1664 1890 κατηγόρησε
1694 1838 1708 1884 ;
1739 1820 1834 1872 καὶ
1868 1819 1967 1887 τὴν

385 1909 587 1979 λεπτὴν
615 1908 831 1979 ἐκείνην
862 1908 1146 1978 ἀκρίϐειαν
1176 1909 1236 1962 τὸ
1268 1908 1342 1979 μὴ
1368 1909 1607 1961 κελεύειν
1644 1909 1967 1979 ἀδιάφθορον

386 1996 527 2055 εἶναι
560 2000 654 2054 καὶ
694 2000 865 2071 μέσην
905 2000 1003 2070 τὴν
1050 2001 1146 2070 τῆς
1188 2002 1494 2071 στερήσεως
1524 2000 1786 2060 ἔννοιαν,
1832 1999 1970 2053 ἀλλά

387 2092 477 2145 τὸν
515 2091 612 2162 μὲν
643 2091 752 2143 τῶν
787 2091 1107 2162 κρειττόνων
1138 2092 1414 2161 χωρισμὸν
1436 2131 1449 2154 ,
1486 2091 1737 2161 στέρησιν
1770 2090 1966 2159 λέγειν,

386 2184 485 2254 τὴν
508 2184 562 2236 δὲ
586 2183 692 2237 τῶν
720 2185 976 2254 χειρόνων
1022 2183 1341 2248 ἀπόστασιν,
1383 2182 1457 2253 μὴ
1503 2183 1613 2235 δεῖν
1636 2183 1714 2253 τῷ
1745 2183 1969 2253 ὀνόματι

387 2278 562 2345 τούτῳ
590 2276 995 2347 διασημαίνειν;
1034 2277 1120 2336 Ὡς
1142 2277 1191 2328 εί
1220 2275 1391 2328 ταῦτα
1420 2278 1733 2347 κρατήσειε,
1773 2276 1969 2345 μηκέτι

387 2368 509 2420 κατ’
542 2368 700 2421 αὐτὸν
734 2368 831 2438 τῆς
862 2367 1228 2436 ἀποπολικῆς
1266 2365 1661 2437 ἀληθευούσης
1685 2367 1902 2436 φωνῆς,
1934 2366 1968 2435 ἦ

391 2476 523 2528 φησι
557 2458 714 2528 μόνον
746 2460 905 2513 αὑτὸν
938 2458 1081 2528 ἔχειν
1115 2459 1448 2521 ἀθανασίαν,
1499 2460 1593 2511 καὶ
1635 2462 1745 2521 τοῖς
1792 2459 1975 2522 ἄλλοις

392 2548 664 2618 παρέχειν.
695 2546 760 2599 Τί
785 2545 891 2617 γὰρ
914 2546 1024 2616 ἕχει
1053 2546 1228 2600 κοινὸν
1259 2547 1293 2615 ἡ
1313 2546 1611 2615 ἐπαχθεῖσαι
1644 2546 1799 2616 ῥῆσις
1823 2546 1973 2614 αὐτῷ

391 2640 529 2709 πρὸς
564 2639 655 2692 τὸν
688 2637 997 2710 προάγοντα
1037 2638 1215 2706 λόγον,
1263 2636 1389 2691 οὔτε
1437 2638 1602 2707 ἡμῖν,
1633 2635 1755 2689 οὕτε
1795 2637 1973 2701 ἄλλοις

391 2730 504 2783 τισὶ
535 2730 646 2782 τῶν
678 2728 800 2783 νοῦν
834 2729 1065 2797 ἐχόντων
1085 2729 1305 2782 δυνατὸν
1338 2730 1607 2799 ἐννοῆσαι.
1648 2729 1759 2783 Καὶ
1789 2729 1973 2801 ἐπειδὴ

392 2819 463 2873 τὰ
506 2819 645 2887 σοφά
690 2817 860 2872 ταῦτα
891 2820 982 2871 καὶ
1013 2818 1185 2872 λεπτά
1232 2819 1470 2872 κατιδεῖν
1506 2820 1605 2871 οὐκ
1654 2818 1971 2889 ἰσχύσαμεν,

392 2911 832 2980 ἀνεπιστήμονας
876 2910 1161 2981 ὀνομάζει,
1201 2910 1427 2981 καὶτῆς
1474 2910 1582 2963 τῶν
1632 2912 1976 2981 πραγμάτων

394 3004 658 3073 κρίσεως,
713 3004 805 3057 καὶ
838 3002 935 3073 τῆς
976 3004 1086 3057 τῶν
1132 3002 1412 3075 ὀνομάτων
1460 3003 1742 3074 χρήσεως,
1776 3003 1974 3056 οὑτωσὶ

395 3098 505 3159 τοῖς
534 3096 741 3166 ῥήμασι
779 3094 1027 3165 γράφων,
1067 3095 1161 3148 καὶ
1202 3094 1380 3148 πάντα
1416 3092 1485 3147 τὰ
1514 3092 1753 3156 τοιαῦτα,
1781 3092 1855 3155 ὼς
1883 3093 1972 3144 οὐο

391 3186 583 3257 δεμίαν
630 3186 821 3257 ἔχοντα
860 3185 1003 3241 κατά
1054 3187 1152 3257 τῆς
1199 3186 1457 3257 ἀληθείας
1490 3186 1663 3256 ἰσχὺν,
1695 3185 1975 3256 παραδρα-

400 3278 608 3348 μούμαι
649 3279 1047 3346 ἀνεξετάστως,
1097 3279 1277 3333 καὶτὸ
1324 3280 1631 3335 διαϐάλλειν
1675 3280 1837 3334 αὐτὸν
1876 3279 1975 3349 τὴν

397 3369 710 3423 ἑκτεθεῖσαν
742 3373 871 3441 παρ’
904 3370 1063 3441 ἡμῶν
1090 3369 1184 3424 τοῦ
1210 3370 1487 3442 ἀφθάρτου
1522 3388 1581 3424 τε
1624 3372 1716 3425 καὶ
1748 3373 1975 3442 ἀσωμά-

397 3479 491 3514 του
512 3462 768 3528 διάνοιαν,
799 3463 873 3525 ὡς
903 3463 1164 3533 ἑκατέρας
1191 3461 1299 3517 τῶν
1342 3464 1723 3534 προσηγοριῶν
1749 3465 1974 3527 τούτων,

397 3550 498 3621 τῆς
527 3551 643 3621 μὲν,
674 3551 737 3604 τὸ
765 3550 1107 3616 ἀδιάστατον,
1150 3543 1195 3618 ᾧ
1223 3552 1257 3621 ή
1280 3552 1550 3623 τριμερὴς
1575 3552 1683 3607 τῶν
1709 3555 1977 3623 σωμάτων

397 3645 500 3696 οὐκ
530 3642 877 3713 ὲνθεωρείται
895 3644 1173 3708 διάστασις
1192 3662 1205 3674 ·
1237 3646 1337 3715 τῆς
1362 3644 1439 3709 δὲ,
1467 3646 1526 3699 τὸ
1560 3645 1764 3716 φθορᾶς
1794 3647 1953 3700 ἀνεπί
1970 3679 1978 3686 -

399 3737 589 3789 δεκτον
637 3735 1023 3806 σημαινούσης.
1074 3737 1184 3790 Καὶ
1222 3737 1285 3790 τὸ
1329 3737 1511 3805 λέγειν
1555 3739 1737 3801 αὐτὸν,
1781 3740 1981 3793 οὑτωσὶ

400 3828 512 3889 τοῖς
544 3827 813 3896 ῥήμασιν,
849 3826 930 3879 ὅτι
973 3828 1035 3880 οὐ
1079 3826 1393 3898 δικαιοῦμεν
1440 3828 1531 3881 τὸν
1563 3827 1671 3881 τῶν
1704 3830 1981 3899 ὀνομάτων

402 3915 593 3979 τύπον,
635 3918 714 3979 είς
746 3918 1119 3989 ἀναρμόστους
1156 3920 1411 3972 ἐκπεσεῖν
1455 3919 1680 3983 ἑννοίας.
1716 3910 1842 3975 ’Καὶ
1885 3924 1979 3976 τοῦ

408 4007 484 4077 μὴ
514 4002 653 4061 εἶναι
687 4006 719 4077 ἢ
762 4008 836 4079 μὴ
872 4012 1156 4078 προσεῖναι
1198 4012 1533 4081 σημαντικὸν
1583 4012 1983 4083 ὑπολαμϐάνειν

404 4096 609 4151 τούτων
656 4098 903 4162 ἕκαστον,
952 4099 1065 4152 ἀλλ’
1119 4098 1283 4152 αὐτοῦ
1315 4100 1409 4153 τοῦ
1457 4096 1629 4163 εἶναι,
1669 4104 1764 4155 καὶ
1814 4104 1985 4157 ταῦτα

408 4188 567 4258 σιγῆς
592 4188 736 4254 ἀξια,
771 4192 863 4245 καὶ
894 4191 1111 4261 βαθείας
1142 4191 1309 4263 λήθης
1340 4188 1478 4246 εἶναι
1510 4194 1722 4264 κρίνας,
1755 4199 1984 4267 παρήσω

406 4285 519 4345 τοῖς
558 4283 971 4353 ἐντυγχάνουσιν
998 4287 1082 4355 ἐφ’
1117 4285 1325 4339 ἑαυτῶν
1367 4286 1647 4356 φωρᾶσθαι
1673 4287 1770 4360 τὴν
1816 4307 1982 4360 μεμι-

408 4375 615 4445 γμένην
656 4376 791 4445 μετά
816 4378 911 4447 τῆς
938 4378 1121 4441 ἀνοίας
1150 4378 1419 4431 ἀσέϐειαν.

2065 447 2192 503 licet
2232 448 2374 504 dona
2427 452 2669 507 tribuere
2712 452 2904 506 doceat
2944 451 3152 506 erroris
3193 451 3514 518 discipulos,
3550 453 3639 520 qui

2062 537 2377 593 nominibus
2399 548 2453 595 et
2474 543 2657 597 verbis
2682 543 2896 597 adhaese
2918 550 2969 596 et
2995 548 3357 612 congruenter
3397 557 3455 594 se
3484 558 3641 596 usum

2062 629 2233 685 fuisse
2310 643 2517 689 censet.
2596 634 2803 688 Ilorutn
2884 642 3063 688 autem
3148 634 3350 687 nullam
3421 636 3643 688 omnino

2063 723 2393 778 mentionem
2455 726 2750 790 fecissem,
2802 728 2907 781 nisi
2978 742 3073 797 per
3121 725 3237 796 ipsa
3297 726 3644 782 imbecillitas

2062 821 2175 867 tam
2229 817 2432 871 mentis
2469 810 2633 887 quam
2670 819 2932 873 dictionis
2972 819 3135 888 hujus
3183 817 3471 887 scriptoris
3499 827 3646 871 esset

2061 908 2511 963 demonstranda.
2548 910 2903 981 Quaecunque
2926 922 3109 964 autem
3139 925 3166 963 a
3191 908 3452 963 divinitus
3481 908 3645 979 inspi-

2063 1006 2181 1053 rata
2208 1000 2495 1069 Scriptura
2522 1001 2851 1057 inconcinne
2875 1010 2930 1057 et
2966 1002 3145 1071 inepte
3184 1015 3284 1056 nec
3316 1000 3381 1053 ad
3416 1016 3644 1070 seupum

2064 1089 2356 1157 pertrahit,
2404 1091 2727 1159 angelorum
2769 1101 2823 1147 et
2876 1092 3163 1148 hominum
3217 1090 3645 1146 immortalitatis

2064 1180 2424 1236 diﬁerentiam
2462 1188 2829 1253 pertractans,
2886 1184 3076 1239 nescio
3119 1184 3230 1253 quo
3282 1193 3555 1252 spectans,
3594 1191 3647 1235 et

2065 1271 2195 1340 quid
2236 1286 2332 1340 per
2372 1273 2474 1326 hoc
2527 1279 2884 1342 praestruens,
2933 1275 3096 1327 etiam
3157 1274 3271 1325 haec
3322 1271 3504 1325 dicere
3549 1270 3648 1324 s'u~

2066 1361 2381 1429 persedebo.
2421 1361 2579 1427 Quod
2626 1362 2770 1417 enim
2800 1361 3110 1416 immortale
3148 1358 3389 1429 quaudiu
3423 1358 3647 1411 immor-

2069 1452 2173 1506 tale
2207 1451 2391 1517 fuerit,
2414 1454 2587 1525 magis
2621 1462 2675 1508 et
2710 1453 2895 1509 minus
2934 1450 3308 1521 comparative
3358 1464 3465 1501 non
3503 1447 3651 1501 acci-
3681 1520 3685 1523 _

2067 1545 2165 1614 pit.
2204 1544 2261 1599 Si
2298 1545 2442 1600 enim
2501 1545 2929 1600 subtractionem
2990 1544 3229 1613 aliquam
3279 1555 3374 1611 per
3433 1552 3653 1608 compa-

2069 1638 2337 1693 rationem
2386 1652 2576 1692 eorum
2631 1651 2753 1707 quas
2807 1644 3157 1705 apponuntur
3200 1647 3328 1701 pars
3379 1630 3548 1684 altera
3596 1628 3650 1682 iu

2001 1700 2040 1754 Β
2073 1729 2281 1783 ratione
2312 1727 2737 1783 immortalitatis
2757 1726 2981 1781 haberet
2998 1767 3011 1792 ,
3046 1738 3269 1779 necesse
3291 1720 3514 1776 omnino
3534 1734 3657 1774 esse

2070 1833 2247 1889 neque
2271 1818 2416 1889 quod
2448 1817 2555 1874 tale
2583 1826 2686 1883 est,
2730 1816 3037 1871 immortale
3061 1813 3343 1885 appellari.
3368 1809 3657 1878 Quomodo

2070 1913 2213 1967 enim
2254 1913 2487 1982 amplius
2530 1911 2749 1982 proprie
2782 1910 3057 1965 diceretur
3121 1905 3446 1969 immortale,
3498 1903 3658 1971 cujus

2072 2004 2456 2057 mortalitatem
2519 2003 2661 2057 facta
2707 2016 2802 2071 per
2847 1999 3313 2071 comparationem
3380 1994 3658 2051 contraria

2071 2094 2343 2164 oppositio’
2369 2094 2752 2149 accusavit?et
2772 2092 2919 2146 illam
2945 2099 3254 2144 accuratam
3281 2086 3657 2146 subtilitatem,

2072 2184 2217 2255 quod
2248 2200 2357 2238 non
2403 2183 2595 2253 jubeat
2635 2181 3103 2251 incorruptibilem
3136 2194 3293 2241 esse,
3324 2186 3377 2232 et
3424 2174 3659 2229 mediam

2077 2278 2407 2348 privationis
2455 2277 2729 2338 notitiam,
2786 2276 2879 2331 sed
2938 2272 3387 2345 praaslantiorum
3439 2267 3658 2339 quidem

2074 2369 2482 2440 separatiunem
2517 2368 2879 2438 privationem
2922 2365 3127 2425 dicere,
3163 2361 3493 2416 deteriorum
3530 2370 3662 2411 vero

2072 2460 2475 2514 abscessionem
2538 2458 2653 2511 sive
2700 2455 3015 2509 distantiam
3090 2467 3199 2505 non
3260 2456 3519 2519 oportere
3554 2446 3663 2498 hoc

2074 2552 2296 2607 nomine
2326 2547 2677 2619 signiﬁcare?
2716 2546 2870 2612 Quod
2921 2547 2967 2601 si
3012 2546 3129 2599 haec
3160 2541 3518 2612 praevaleant,
3552 2550 3662 2591 non

2075 2644 2309 2712 amplius
2334 2642 2634 2697 secundum
2677 2641 2852 2709 ipsum
2881 2653 2986 2693 vox
3029 2635 3339 2705 apostolica
3370 2646 3497 2686 vera
3534 2646 3665 2699 pro-

2076 2735 2319 2796 babitur,
2374 2748 2495 2802 qua:
2549 2732 2685 2786 dicit
2738 2731 2915 2786 solum
2964 2729 3145 2798 ipsum
3194 2726 3396 2779 habere
3441 2723 3665 2777 immor-

2078 2826 2344 2880 talitatem
2398 2824 2445 2855 "
2491 2831 2546 2878 et
2604 2822 2727 2877 aliis
2786 2819 3052 2890 praebere.
3109 2815 3250 2882 Quid
3297 2814 3444 2868 enim
3499 2813 3667 2869 habet

2077 2930 2372 2970 commune
2395 2915 2464 2967 ab
2489 2914 2604 2983 ipsa
2639 2913 2863 2966 inducta
2900 2910 3070 2964 dictio
3106 2907 3172 2961 ad
3213 2920 3337 2961 eum
3369 2919 3531 2973 quem
3575 2906 3665 2958 in-

2078 3006 2231 3061 ducit
2246 3019 2575 3068 sermonem,
2599 3018 2778 3073 neque
2800 3001 2982 3065 nobis,
3002 3014 3176 3069 neque
3196 2997 3318 3051 aliis
3341 2995 3665 3062 quibusdam

2080 3098 2173 3167 qui
2205 3106 2384 3149 mente
2428 3102 2555 3150 sunt
2589 3093 2800 3163 praediti
2824 3132 2839 3159 ,
2874 3091 3178 3161 intelligere
3213 3102 3536 3145 concessum
3561 3093 3665 3141 est.

2080 3190 2148 3244 Et
2183 3189 2442 3259 quoniam
2477 3186 2582 3240 ista
2632 3185 2792 3239 docta
2840 3191 2894 3238 et
2953 3182 3177 3237 subtilia
3229 3196 3339 3235 non
3384 3180 3665 3250 potuimus

2080 3281 2414 3353 perspicere,
2464 3291 2648 3331 rerum
2682 3274 2878 3345 judicii
2921 3280 2975 3327 et
3015 3288 3116 3327 usu
3150 3273 3431 3325 nominum
3465 3271 3668 3325 inscios

2080 3382 2135 3430 et
2184 3375 2406 3444 ignaros
2456 3369 2728 3434 nominat,
2765 3367 2846 3422 sic
2899 3365 2966 3419 ad
3016 3364 3241 3419 verbum
3293 3363 3564 3426 scribens,
3616 3370 3670 3416 et

2080 3466 2264 3520 omnia
2308 3477 2430 3533 quae
2460 3469 2589 3517 sunt
2629 3457 2930 3529 ejusmodi,
2964 3464 3023 3509 ut
3067 3469 3189 3524 quae
3244 3454 3446 3507 nullam
3478 3461 3671 3505 contra

2081 3554 2367 3609 veritatem
2413 3551 2522 3607 vim
2564 3549 2825 3614 habeant,
2869 3547 3179 3601 indiscussa
3225 3551 3668 3613 praetercurram,

2083 3655 2136 3703 et
2179 3647 2324 3716 quod
2377 3659 2408 3697 a
2461 3642 2622 3697 nobis
2659 3641 2965 3711 expositam
3019 3635 3457 3705 incorruptibilis
3504 3644 3556 3689 et
3588 3635 3673 3687 in-

2089 3736 2339 3807 corporei
2374 3733 2794 3803 intelligentiam
2838 3730 3232 3794 calumnietur,
3265 3726 3409 3796 quod
3441 3736 3673 3793 utraque

2085 3832 2277 3884 harum
2332 3824 2755 3896 appellationum
2802 3837 2908 3876 una
2972 3821 3214 3890 quidem,
3268 3818 3411 3887 quod
3463 3817 3674 3871 dimen—

2086 3923 2241 3977 sione
2257 3926 2431 3979 caret,
2467 3916 2521 3969 in
2541 3930 2652 3984 quo
2674 3913 2947 3982 tripartita
2971 3924 3265 3978 corporum
3291 3924 3397 3962 non
3426 3908 3674 3961 cernitur

2084 4012 2380 4078 distantia;
2413 4009 2582 4063 altera
2614 4006 2746 4063 vero
2770 4003 2915 4074 quod
2943 4003 3198 4058 interitus
3224 4016 3331 4055 non
3366 4009 3450 4056 est
3475 4015 3668 4069 capax,

2084 4104 2378 4177 signiﬁcet.
2417 4099 2482 4153 Et
2505 4098 2652 4170 quod
2684 4098 2801 4169 ipse
2842 4096 2989 4151 dicat
3028 4096 3113 4151 his
3144 4095 3348 4155 verbis,
3385 4100 3672 4162 propterea

2083 4196 2227 4269 quod
2267 4194 2415 4264 juste
2470 4206 2580 4245 non
2623 4189 2928 4259 accipimus
2981 4186 3261 4240 nominum
3321 4184 3571 4245 formam,
3616 4181 3670 4233 in

2090 4268 2360 4343 absurdas
2398 4290 2453 4334 et
2512 4280 2873 4334 inconeinnas
2917 4276 3170 4329 notiones
3219 4272 3552 4327 excidimus.
3609 4268 3675 4321 Et

2014 4357 2058 4411 θ
2087 4379 2231 4451 quod
2285 4376 2388 4446 ipsi
2435 4387 2559 4428 esse
2622 4370 2706 4424 vel
2753 4368 2947 4422 adesse
3004 4367 3199 4420 horum
3250 4359 3678 4430 unumquodque

408 4468 786 4524 existimemus
820 4469 1151 4539 signiﬁcare,
1176 4471 1271 4524 sed
1302 4472 1481 4541 ipsum
1509 4487 1652 4536 esse,
1678 4472 1793 4526 haec
1824 4476 1987 4529 etiam
2030 4472 2250 4531 silentio
2282 4477 2336 4523 et
2370 4463 2643 4535 profunda
2686 4461 2963 4515 oblivione
2988 4458 3154 4527 digna
3211 4469 3337 4511 esse
3397 4451 3681 4523 judicans,

409 4566 820 4635 preter-mittam
857 4563 991 4634 ipsis
1022 4565 1330 4634 legentibus
1363 4567 1415 4619 in
1454 4568 1651 4635 seipsis
1681 4569 2091 4639 deprehendere
2139 4566 2361 4622 mistam
2407 4575 2532 4615 cum
2590 4555 2829 4612 amentia
2878 4553 3236 4623 impietatem.

489 4660 586 4721 Ὃς
629 4657 790 4722 ἀξιοῖ,
831 4657 903 4726 μὴ
951 4656 1477 4711 ἀντιδιαστέλλεσθαι
1529 4660 1590 4712 τὸ
1626 4661 1863 4733 φθαρτὸν
1915 4661 1994 4733 τῷ

408 4747 711 4819 ἀφθάρτῳ.
763 4746 903 4816 μηδὲ
930 4746 1229 4799 ἀπόστασιν
1271 4746 1557 4815 σημαίνειν
1607 4748 1701 4801 τοῦ
1750 4750 1997 4820 χείρονος

410 4841 510 4911 τὴν
550 4837 912 4909 ἀφαιρετικὴν
948 4837 1256 4907 σημασίαν,
1292 4838 1405 4891 ἀλλ’
1454 4839 1588 4892 αὐτὸ
1631 4840 1692 4891 τὸ
1742 4836 1878 4894 εἶναι
1907 4841 1995 4895 διὰ

412 4934 506 4987 τοῦ
536 4933 894 5002 ὑποκειμένου
927 4929 1308 5001 σημαίνεσθαι.
1339 4932 1399 4984 ΕΞ
1426 4932 1605 4985 τοίνυν
1635 4932 1734 4985 οὐκ
1766 4935 1995 5005 ἀφαιρε-

414 5026 538 5098 τικὴ
577 5026 783 5097 φθορᾶς
815 5028 848 5095 ὴ
894 5024 988 5079 τοῦ
1023 5023 1300 5094 ἀφθάρτου
1328 5025 1573 5095 σημασία
1604 5027 1753 5098 παρὰ
1778 5028 1871 5080 τοῦ
1902 5045 1993 5081 κε-

415 5120 520 5182 νῶς
584 5118 754 5172 ταῦτα
817 5108 1257 5189 τεχνολογΟὖντΟς
1319 5115 1633 5186 νομίζεται,
1689 5120 1996 5174 τούναντίον

418 5210 635 5271 πάντως
655 5211 802 5263 κατά
815 5210 992 5262 πᾶσαν
1013 5208 1258 5278 ἀνάγκην
1272 5207 1301 5259 ὁ
1320 5205 1559 5270 τοιοῦτος
1592 5206 1881 5273 ἐνδείξεται
1903 5208 1995 5263 τοῦ

421 5302 689 5369 ὀνόματος
711 5301 902 5366 τύπος.
934 5302 997 5355 Ei
1020 5300 1129 5373 γὰρ
1149 5302 1249 5355 οὐκ
1276 5301 1392 5355 ἔστι
1423 5302 1628 5374 φθορᾶς
1646 5302 1998 5374 ἀλλοτρίωσις

422 5397 451 5463 ἡ
486 5393 764 5464 ἀφθαρσία
786 5433 799 5455 ,
836 5393 1230 5461 συγκατάθεσις
1263 5394 1416 5448 ἔσται
1446 5396 1664 5459 πάντως
1691 5398 1784 5449 τοῦ
1819 5398 1997 5465 ἀπεμο

423 5483 727 5554 φαίνοντας
764 5486 900 5553 αὓτη
928 5484 1027 5555 μὲν
1053 5484 1161 5555 γὰρ
1194 5484 1303 5539 τῶν
1330 5486 1619 5539 ἀντιθέτων
1651 5486 1684 5555 ἡ
1718 5485 1898 5554 φύσις,
1920 5484 1996 5547 ὡς

479 5642 523 5672 ¹⁹⁶
562 5653 842 5712 ITimuth.
881 5675 953 5715 γι.
1000 5659 1081 5714 Ιϋ.

2169 4659 2239 4714 Ut
2270 4657 2365 4728 qui
2400 4658 2622 4708 censeat
2650 4646 3011 4716 corruptibile
3041 4642 3110 4695 ab
3138 4636 3541 4707 incorruptibili
3566 4649 3676 4690 non

2098 4749 2341 4814 differre,
2394 4758 2573 4815 neque
2617 4741 3017 4797 abscessiouem
3049 4734 3359 4805 signiﬁcare
3389 4727 3676 4785 deterioris

2101 4840 2494 4899 abstractivam
2538 4832 3013 4907 signiﬁcationem,
3060 4828 3155 4883 sed
3192 4827 3372 4895 ipsum
3417 4837 3540 4879 esse
3580 4837 3677 4891 per

2097 4934 2403 5001 subjectum
2441 4927 2760 5001 signiﬁcari.
2824 4924 2883 4978 Si
2921 4923 3087 4993 igitur
3138 4915 3570 4988 incorruptibilis
3600 4914 3676 4969 si-

2096 5024 2373 5098 gniﬁcatio
2399 5022 2679 5077 interitum
2718 5033 2825 5071 non
2862 5014 3181 5070 abstrahere
3206 5011 3294 5067 ab
3326 5026 3393 5066 eo
3432 5008 3525 5078 qui
3561 5006 3676 5059 hac

2092 5118 2329 5173 inaniter
2357 5124 2411 5171 et
2464 5114 2747 5169 incassum
2779 5118 2896 5162 arte
2934 5121 3035 5187 sua
3080 5104 3347 5174 conﬁngit
3388 5098 3674 5156 existima-

2092 5221 2207 5277 tur,
2246 5207 2583 5265 contrariuni
2635 5206 2861 5261 omnino
2898 5218 2993 5272 per
3025 5204 3242 5257 omnem
3290 5193 3673 5250 necessitatem

2093 5299 2494 5358 demonstrabit
2523 5295 2795 5365 eiusmodi
2835 5292 3083 5347 nominis
3107 5290 3299 5345 forma.
3330 5281 3387 5336 Si
3415 5281 3561 5335 enim
3591 5279 3673 5333 in-

2092 5392 2532 5463 corruptibilitas
2576 5404 2685 5444 non
2715 5388 2972 5443 interitus
3001 5391 3087 5437 est
3119 5375 3401 5439 alienatio,
3425 5368 3675 5463 proiecto

2104 5458 2351 5541 assertsio
2387 5481 2496 5538 erit
2548 5474 2926 5535 dissentanei:
2979 5471 3095 5525 haec
3129 5465 3274 5522 enim
3325 5470 3411 5518 est
3462 5458 3676 5531 opposi-
