4056 6146
435 152 561 206 HI!
981 121 1000 139 ”
1687 154 1742 210 s.
1770 151 2096 225 caseos"
2126 152 2420 209 NYSSENI
3550 159 3691 214 me

413 275 595 322 torum
653 277 870 328 natura.
923 277 982 321 ut
1010 269 1172 322 unius
1197 268 1472 322 ablatione
1501 269 1728 324 alterius
1758 269 1994 340 Oppositi

2098 273 2163 340 τῇ
2197 270 2287 323 τοῦ
2337 269 2454 331 ἐνὸς
2486 268 2806 339 ἀφαιρέσει,
2839 269 2938 339 τὴν
2980 267 3076 322 τοῦ
3106 269 3486 338 ἀντικειμένου
3537 271 3695 326 θέσιν

413 360 616 435 positio
650 368 1038 428 consequatur.
1081 357 1186 413 Sed
1236 369 1289 414 et
1343 361 1594 414 acerbam
1639 361 1783 414 illam
1815 374 1996 416 astru-

2097 358 2446 413 ἀντεισιέναι.
2495 357 2654 409 Ἀλλὰ
2696 357 2789 410 καί
2834 358 2933 426 τὴν
2970 357 3221 428 δριμεῖαν
3269 360 3486 430 ἐκείνην
3515 379 3691 415 κατα-

413 451 652 504 ctioncm
693 450 836 518 quod
882 448 1023 505 Deus
1076 463 1272 505 natura
1326 453 1395 506 sit
1442 467 1608 521 capax
1670 453 1884 513 mortis,
1937 459 1997 506 ut

2101 449 2299 520 σκευὴν
2319 448 2412 501 τοῦ
2435 450 2594 518 φύσει
2617 448 2707 501 τὸν
2730 448 2860 501 Θεὸν
2888 447 3237 501 ἀνεπίδεκτον
3263 445 3403 501 εἶναι
3431 451 3694 515 θανάτου,

413 535 508 610 qui
558 543 893 596 contrariam
936 541 1004 597 de
1057 543 1145 598 his
1197 545 1397 598 habeat
1444 545 1780 613 Opinionem,
1817 545 1997 598 valere

2098 543 2284 613 ὥσπερ
2312 542 2463 604 ὄντος
2496 541 2589 594 τοῦ
2634 541 2734 611 τὴν
2765 540 3012 594 ἐναντίαν
3062 542 3191 612 περὶ
3235 540 3442 594 τούτων
3477 542 3696 612 ἔχοντος

414 635 681 690 sinamus.
720 634 834 690 Nos
897 635 1042 690 enim
1084 636 1136 689 in
1169 637 1441 706 oppositis
1476 636 1612 690 nihil
1656 635 1874 691 differre
1907 653 2001 706 pu-

2097 634 2284 700 δόξαν,
2326 634 2534 706 χαίρειν
2582 635 2852 702 ἐάσωμεν.
2905 633 3098 702 Ἡμεῖς
3137 632 3244 702 γὰρ
3275 634 3334 684 ὲν
3383 637 3499 696 τοῖς
3538 637 3693 686 ἀντι-

415 736 617 789 tamus,
677 729 760 782 vel
817 729 1000 784 dicere
1047 729 1254 799 aliquid
1315 745 1460 794 esse,
1515 730 1601 785 vel
1658 729 1997 786 contrarium

2099 725 2274 787 θέτοις
2309 724 2462 778 οὐδὲν
2506 725 2783 795 διαφέρειν
2818 724 3133 794 ἡγούμεθα,
3180 723 3212 792 ἦ
3244 724 3305 775 τὸ
3336 723 3393 776 δὲ
3427 725 3612 792 λέγειν
3645 745 3695 778 τι

414 831 521 869 non
567 832 711 882 esse,
742 824 802 871 ut
829 817 944 887 jam
979 817 1033 871 in
1071 820 1330 886 praesenti
1359 834 1612 880 sermone
1646 819 1813 873 vitam
1850 834 2002 874 assc-

2098 813 2258 883 εἷναι,
2280 818 2313 888 ἢ
2335 819 2396 870 τὸ
2428 817 2667 871 ἐναντίον
2699 817 2773 889 μὴ
2794 812 2958 879 εἶναι,
2975 811 3089 869 οἷον
3109 817 3173 886 δὴ
3192 818 3285 869 καί
3306 817 3400 868 ἐπὶ
3422 817 3519 869 τοῦ
3544 835 3695 888 παρ-

412 916 598 959 rentes
643 904 808 962 Deum
853 923 998 970 esse,
1045 907 1215 978 hujus
1272 907 1638 962 confessionis
1693 909 1744 962 vi
1798 925 1860 962 ac
1902 923 2000 978 po-

2097 907 2247 971 όντος
2293 909 2452 977 λόγου
2501 908 2646 977 ζωὴν
2684 909 2932 971 εἰπόντες
2970 909 3060 960 τὸν
3100 908 3233 961 Θεὸν
3281 903 3443 969 εἶναι,
3481 911 3695 976 ἀπαγο-

415 992 616 1053 testate
681 1010 937 1055 velamus
989 1010 1222 1054 mortem
1278 1003 1330 1054 in
1400 1003 1521 1069 ipso
1579 1000 1844 1069 cogitare,
1894 1000 1997 1056 etsi

2103 1000 2330 1070 ρεύομεν
2359 1003 2424 1070 τῇ
2453 999 2679 1069 δυνάμει
2719 999 2807 1052 διὰ
2857 1001 2954 1067 τῆς
3005 999 3295 1068 ὁμολογίας
3342 999 3550 1069 ταύτης
3602 1000 3696 1050 τὸν

413 1104 524 1144 non
561 1106 659 1160 per
690 1106 872 1145 vocem
919 1092 1293 1148 enuntiamus.
1326 1091 1393 1144 Et
1424 1106 1548 1145 cum
1597 1092 1776 1160 ipsum
1809 1092 1999 1146 mortis

2100 1093 2328 1146 θάνατον
2364 1093 2491 1163 περὶ
2519 1093 2681 1146 αὑτὸν
2728 1093 2927 1144 ἐννοεῖν
2949 1132 2963 1152 ,
2997 1093 3098 1144 κᾶν
3143 1092 3216 1162 μὴ
3247 1091 3337 1144 διὰ
3375 1093 3472 1162 τῆς
3507 1093 3694 1161 φωνῆς

415 1197 524 1235 non
583 1197 840 1250 capacem
883 1181 1124 1238 confessi
1173 1182 1462 1248 fuerimus,
1506 1183 1695 1238 eadem
1751 1185 2001 1237 oratione

2100 1185 2534 1256 ἐξαγγέλλωμεν.
2565 1185 2674 1237 Καὶ
2720 1185 2848 1238 ὅταν
2889 1185 3236 1236 ἀνεπίδεκτον
3265 1183 3425 1236 αὑτὸν
3454 1183 3692 1236 Θανάτου

415 1272 596 1340 ipsum
646 1273 810 1326 vitam
859 1288 984 1328 esse
1032 1273 1444 1328 aﬂirmavimus.
1501 1272 1606 1328 Sed
1665 1289 1774 1327 non
1817 1275 1999 1340 video,

2099 1275 2544 1346 ὁμολογήσωμεν,
2590 1273 2668 1344 τῷ
2717 1273 2864 1344 αὑτῷ
2899 1274 3043 1344 λόγῳ
3085 1272 3146 1325 τὸ
3175 1272 3320 1342 ζωὴν
3353 1273 3518 1326 αὐτὸν
3552 1268 3693 1325 εἶναι

414 1359 613 1429 inquit,
668 1362 947 1428 quomodo
997 1377 1064 1417 ex
1121 1363 1207 1417 his
1262 1379 1385 1432 quae
1441 1379 1548 1416 non
1599 1364 1805 1427 insunt,
1858 1363 2001 1419 Dens

2100 1365 2603 1436 κατεσκευάσαμεν.
2661 1363 2800 1416 Ἀλλ’
2849 1363 2948 1432 οὑχ
2999 1361 3109 1433 ὁρῶ
3131 1401 3144 1422 ,
3180 1363 3345 1432 φησὶ,
3375 1360 3496 1423 πῶς
3524 1359 3591 1413 ἂν
3631 1363 3694 1414 ἐκ

415 1464 581 1518 super
621 1465 751 1504 suas
787 1459 1068 1506 creaturas
1096 1453 1356 1507 emineat.
1403 1452 1469 1506 Et
1515 1454 1620 1508 hoc
1657 1455 1873 1508 erudito
1907 1470 1999 1508 ar-

2099 1455 2206 1510 τῶν
2235 1456 2310 1527 μὴ
2339 1457 2648 1528 προσόντων
2687 1455 2930 1527 ὑπερέχῃ
2969 1454 3076 1507 τῶν
3101 1453 3282 1506 αὑτῶν
3315 1453 3641 1522 ποιημάτων
3667 1457 3695 1506 ο

413 1550 672 1611 gumento
714 1541 831 1597 sive
879 1551 1079 1597 conatu
1126 1559 1250 1600 cum
1294 1545 1574 1614 impietate
1613 1546 1846 1601 bardum
1884 1547 2000 1602 sive

2099 1547 2250 1611 Θεός.
2305 1549 2413 1602 Καὶ
2457 1549 2548 1601 ἐπὶ
2580 1547 2657 1618 τῷ
2691 1546 2839 1617 σοφῷ
2885 1537 3063 1617 τούτῳ
3093 1547 3482 1616 ἐπιχειρήματι
3503 1585 3518 1608 ,
3551 1545 3695 1614 μετὰ

415 1632 671 1688 stolidum
724 1634 970 1688 nominat
1020 1649 1279 1705 magnum
1313 1633 1597 1699 Basilium,
1643 1637 1735 1705 qui
1789 1637 1994 1693 talibus

2103 1640 2355 1703 ἀσεϐείας
2390 1638 2595 1708 ἠλίθιον
2622 1638 2878 1706 ὀνομάζει
2923 1636 3016 1690 τὸν
3051 1635 3228 1704 μέγαν
3261 1634 3562 1696 Βασίλειον,
3601 1636 3692 1686 τὸν

414 1724 596 1782 Verbis
647 1724 723 1780 uti
779 1739 947 1781 ausus
971 1733 1078 1791 est,
1124 1728 1390 1782 adversus
1436 1743 1597 1797 quem
1631 1727 1861 1782 dixerim
1891 1742 1999 1782 non

2100 1739 2211 1798 τοῖς
2241 1735 2500 1798 τοιούτοις
2525 1734 2962 1806 ὲπιτολμήσαντα
2992 1733 3190 1802 λόγοις,
3230 1732 3368 1802 πρὸς
3394 1731 3452 1785 ὃν
3481 1732 3694 1800 εἴποιμι

414 1812 575 1868 valde
613 1813 784 1869 effuse
839 1823 1033 1870 contra
1091 1831 1187 1872 eos
1234 1819 1328 1888 qui
1395 1819 1510 1890 haec
1563 1819 1754 1873 dicunt
1805 1827 2000 1873 eontu-

2104 1829 2192 1892 ἂν,
2227 1830 2302 1900 μὴ
2332 1829 2452 1882 λίαν
2487 1828 2722 1897 ἀφειδῶς
2759 1827 2899 1880 κατὰ
2929 1825 3038 1880 τῶν
3071 1827 3244 1880 ταῦτα
3286 1825 3556 1893 λεγόντων
3600 1841 3691 1875 κε-

416 1904 598 1960 meliis
643 1921 804 1962 usum
839 1906 1034 1972 fuisse,
1073 1925 1143 1964 ne
1179 1910 1369 1964 iisdem
1412 1910 1732 1980 imprudens
1760 1911 2001 1981 seipsum

2103 1921 2336 1993 χρῆσθαι
2364 1924 2485 1985 ταῖς
2515 1921 2740 1992 ὕϐρεσι,
2792 1924 2863 1990 μή
2897 1937 2972 1986 πη
3005 1921 3097 1971 καὶ
3155 1917 3346 1970 ἑαυτὸν
3402 1916 3545 1988 λάθῃ
3583 1917 3694 1977 τοῖς

417 1997 639 2072 probris
686 1997 918 2066 alliciat;
966 1999 1206 2056 fortasse
1247 2003 1395 2056 enim
1430 2018 1605 2072 neque
1638 2003 1756 2072 ipse
1788 2014 2005 2058 contra-

2103 2015 2287 2076 αὐτοῖς
2331 2012 2697 2084 καθυϐρίζων.
2737 2011 2892 2081 Τάχα
2951 2010 3049 2081 γὰρ
3076 2010 3182 2062 οὐδ’
3219 2009 3284 2062 ἂν
3317 2009 3477 2070 αὑτὸς
3517 2008 3696 2060 ἀντεῖ·

373 2149 377 2151 _
416 2090 641 2157 dixerit,
667 2092 725 2145 in
758 2091 862 2146 hoc
884 2093 1087 2145 divinae
1108 2101 1320 2147 natura;
1342 2094 1685 2162 majestatem
1715 2094 1975 2165 cognosci

2103 2125 2194 2160 ποι
2231 2108 2286 2159 έν
2318 2106 2494 2173 τούτῳ
2539 2105 2600 2157 τὸ
2648 2105 2932 2174 μεγαλεῖον
2973 2106 3072 2174 τῆς
3122 2101 3271 2165 θείας
3324 2101 3693 2171 γνωρίζεσθαι

415 2183 470 2236 in
522 2198 632 2250 quo
675 2183 880 2237 nullam
909 2184 1073 2238 habet
1110 2199 1233 2239 cum
1261 2185 1347 2240 his
1369 2186 1832 2250 communionem,
1862 2202 2001 2256 quo-

2103 2198 2338 2267 φύσεως,
2371 2198 2429 2249 ὲν
2451 2196 2530 2266 τῷ
2559 2195 2826 2266 μηδεμίαν
2851 2193 2997 2264 ἔχειν
3023 2193 3156 2262 πρὸς
3183 2191 3354 2246 ταῦτα
3383 2191 3691 2250 κοινωνίαν,

415 2287 538 2329 rum
575 2280 770 2326 natura
825 2272 1008 2327 infima
1052 2274 1328 2344 particeps
1371 2276 1697 2330 ostenditur.
1758 2277 1815 2329 Si
1850 2279 1996 2332 enim

2102 2287 2177 2344 ὧν
2203 2292 2236 2361 ἡ
2263 2289 2411 2343 κάτω
2428 2283 2598 2356 ’φύσις
2655 2286 2952 2357 μετέχουσα
2983 2285 3277 2337 δείκνυται.
3309 2284 3370 2335 Εἰ
3401 2282 3514 2352 γὰρ
3543 2284 3601 2334 ἓν
3639 2299 3691 2334 τι

417 2381 585 2424 unum
620 2365 748 2435 quid
785 2366 980 2421 borum
1011 2375 1182 2432 esset,
1221 2383 1399 2438 neque
1443 2370 1567 2439 plus
1624 2370 1872 2437 haberet,
1905 2371 2000 2426 sed

2103 2381 2305 2435 τούτων
2349 2380 2466 2450 είη,
2513 2378 2620 2432 οὐδ’
2650 2379 2716 2430 ἂν
2763 2377 2825 2430 τὸ
2861 2376 3021 2430 πλέον
3049 2374 3198 2445 ἔχοι,
3227 2373 3361 2428 ἀλλά
3390 2373 3590 2427 ταύτὸν
3629 2374 3697 2425 ἂν

415 2457 556 2516 idem
613 2475 836 2527 prorsus
886 2467 1031 2515 esset
1075 2475 1200 2514 cum
1247 2477 1581 2533 unoquoque
1630 2479 1820 2517 eorum
1868 2480 1991 2534 qua:

2104 2475 2189 2544 εἴη
2219 2473 2436 2535 πάντως
2473 2471 2689 2540 ἑκάστῳ
2728 2468 2836 2521 τῶν
2883 2465 3382 2520 ὲπικοινωνούντων
3413 2464 3509 2517 τοῦ
3549 2463 3693 2516 ἰδιώ-

416 2549 768 2617 proprietatis
813 2550 1256 2609 communionem
1291 2550 1516 2606 habent.
1554 2550 1710 2617 Quod
1746 2553 1792 2606 si
1835 2570 2001 2623 supra

2107 2584 2299 2636 ματος.
2337 2566 2400 2618 Εἰ
2431 2564 2488 2617 δὲ
2520 2564 2659 2634 ὑπὲρ
2687 2561 2859 2616 ταῦτά
2891 2563 3036 2623 ἐστι,
3071 2559 3150 2630 τῷ
3193 2558 3268 2629 μὴ
3309 2557 3454 2628 ἔχειν
3492 2556 3695 2628 δηλαδὴ

418 2639 532 2696 haec
562 2647 667 2702 est,
715 2640 843 2708 quia
886 2641 1142 2694 nimirum
1175 2640 1290 2694 haec
1322 2657 1432 2696 non
1476 2641 1691 2705 habeat,
1741 2644 2001 2712 supra'ea

2102 2659 2304 2720 ταῦτα,
2338 2656 2445 2716 τῶν
2478 2655 2708 2726 ἐχόντων
2742 2653 3150 2724 ὑπερανέστηκε
3175 2667 3188 2679 ·
3223 2649 3475 2718 καθάπερ
3515 2647 3698 2715 φαμὲν

415 2743 538 2802 quso
570 2727 683 2781 haec
735 2729 956 2792 habent,
987 2730 1194 2783 eminet
1227 2750 1240 2784 :
1282 2731 1744 2800 quemadmodum
1771 2734 2000 2790 dicimus

2105 2750 2390 2820 κρείττονα
2435 2747 2541 2802 τῶν
2590 2748 2649 2799 ἐν
2690 2744 2988 2815 ἁμαρτίαις
3028 2743 3198 2794 ὄντων
3241 2735 3382 2793 εἶναι
3444 2739 3538 2791 τὸν
3568 2739 3698 2790 ἁνα-

418 2814 628 2889 ρεοοόιί
682 2833 960 2892 expertem
1003 2825 1442 2893 praestantiorem
1478 2839 1600 2880 esse
1636 2825 1721 2880 his
1753 2827 1844 2896 qui
1879 2844 2003 2896 pec-

2107 2814 2403 2911 p'dtpr'qtav.
2453 2839 2528 2890 Τὸ
2561 2838 2672 2909 γὰρ
2696 2814 2792 2889 τοῦ
2823 2834 2993 2890 κακοῦ
3027 2831 3382 2904 κεχωρίσθαι,
3407 2829 3500 2882 τοῦ
3540 2829 3698 2911 7.10;.)-

415 2915 558 2973 catis
590 2916 1074 2982 contaminamur;
1105 2931 1291 2990 nam\a
1332 2917 1475 2971 malo
1512 2927 1820 2988 separatum
1853 2936 1996 2985 esse,

2103 2895 2215 2987 τείν
2246 2895 2304 2984 ὲν
2335 2935 2446 2996 τοῖς
2478 2895 2720 3002 ἀρίστοις
2759 2927 3034 2992 ἀπόδειξις
3085 2925 3316 2994 γίνεται.
3351 2924 3493 2976 Ἀλλ’
3525 2926 3554 2975 ὁ
3599 2895 3701 2993 μέν

323 3060 338 3069 ,
418 3004 474 3057 in
523 3005 747 3073 optimis
809 3005 1034 3059 divitem
1097 3021 1241 3072 esse,
1288 3006 1688 3063 demonstratio
1743 3010 1925 3066 eflicitt

2109 3027 2372 3097 ὑϐριστὴς
2421 3023 2709 3094 κεχρήσθω
2757 3024 2824 3091 τῇ
2877 3019 3066 3089 φύσει·
3117 3020 3280 3088 ἡμεῖς
3327 3016 3384 3069 δὲ
3418 3016 3615 3085 μικρόν
3646 3033 3701 3068 τι

421 3094 528 3157 Sed
559 3096 650 3150 hic
681 3096 899 3166 quidem
931 3098 1365 3158 contumeliosus
1391 3102 1728 3156 conviciator
1774 3119 1873 3158 sua
1908 3120 2005 3158 na—

2108 3117 2636 3190 παρασημανάμενοι
2675 3114 2782 3168 τῶν
2807 3115 2866 3166 ὲν
2890 3113 2968 3183 τῷ
3011 3111 3166 3182 μέρει
3198 3110 3372 3179 τούτῳ
3401 3108 3697 3180 ῥηθέντων,

417 3194 543 3240 tura
567 3193 782 3250 utatur,
831 3201 933 3241 nos
980 3198 1160 3242 autem
1201 3203 1326 3242 cum
1362 3189 1619 3259 exiguum
1652 3192 1782 3260 quid
1814 3208 2002 3247 eorum

1737 3192 1782 3246 id
1814 3208 2002 3247 eorum
2110 3189 2241 3282 πρὸς
2263 3210 2330 3264 τὰ
2363 3209 2702 3280 προκείμενα
2718 3206 2810 3260 τὸν
2837 3205 2993 3276 λόγον
3018 3203 3339 3275 μετ-ἀξόμεν-

419 3277 910 3349 significaverimus
944 3294 1063 3349 qua:
1110 3286 1238 3334 sunt
1278 3279 1334 3334 in
1369 3279 1473 3334 hac
1523 3291 1676 3350 parte
1729 3283 1897 3350 dicta,
1938 3287 2006 3346 ad

422 3373 704 3441 proposita
746 3373 1048 3428 orationem
1104 3372 1459 3435 reducemus.‘

454 3465 757 3520 "Similiter
793 3467 889 3530 ait,
947 3465 1124 3534 ipsum
1159 3481 1422 3535 superare
1465 3483 1592 3537 quae
1632 3479 1760 3524 sunt
1803 3483 2010 3524 morta.

2192 3472 2421 3542 Ὁμοίως
2453 3471 2640 3542 φησὶν,
2681 3469 2841 3522 αὑτὸν
2871 3468 3159 3537 ὑπερέχειν
3202 3466 3312 3519 τῶν
3363 3465 3462 3536 μὲν
3487 3463 3700 3535 θνητῶν

423 3555 494 3614 lia
533 3565 593 3610 ut
647 3556 1037 3622 immortalem,
1069 3563 1124 3610 et
1152 3557 1532 3626 corruptibilia
1580 3569 1640 3614 ut
1677 3561 2009 3632 incorrupti-

2107 3563 2182 3625 ὼς
2208 3561 2492 3626 ἀθάνατον,
2527 3561 2634 3613 τῶν
2661 3560 2718 3612 δὲ
2762 3558 3014 3629 φθαρτῶν
3043 3558 3117 3620 ὼς
3159 3556 3461 3627 ἄφθαρτον,
3493 3556 3603 3608 τῶν
3643 3555 3701 3607 δὲ

421 3650 614 3711 bilem,
650 3659 705 3703 et
747 3649 834 3702 his
899 3663 1022 3717 qua:
1078 3655 1208 3704 sunt
1257 3649 1442 3719 genita
1487 3653 1920 3722 supereminere,
1950 3663 2008 3709 ut

2107 3652 2385 3724 γεννητῶν
2434 3652 2510 3715 ὡς
2543 3651 2861 3721 ἀγέννητον.
2895 3645 3041 3720 *Αρα
3085 3648 3250 3702 πᾶσίν
3289 3650 3405 3700 ἐστι
3437 3647 3705 3717 πρόδηλος

423 3742 748 3811 ingenitum.
786 3743 868 3796 An
911 3755 1024 3796 non
1085 3741 1345 3798 omnibus
1392 3745 1680 3815 perspicua
1725 3757 1810 3801 est
1843 3746 2008 3819 hujus

2109 3751 2144 3819 ἡ
2177 3746 2270 3800 τοῦ
2315 3745 2586 3814 θεομάχου
2628 3742 2727 3811 τῆς
2751 3739 3012 3819 ἀσεϐείας
3071 3737 3420 3808 κατασκευὴ,
3470 3737 3504 3806 ἦ
3559 3735 3703 3804 λόγῳ

425 3833 536 3888 Deo
597 3834 818 3889 rebellis
871 3834 1175 3905 impietatis
1209 3838 1466 3903 assertio,
1521 3853 1589 3893 an
1632 3841 1880 3897 oratione
1910 3843 2011 3896 im-

2110 3838 2374 3909 προσήκει
2402 3831 2798 3901 διανακαλύψαι
2822 3830 2921 3902 τὴν
2951 3829 3251 3898 πονηρίαν;
3284 3827 3381 3890 Τίς
3423 3827 3525 3879 οὐκ
3562 3822 3701 3878 οἶδεν

422 3926 748 3996 probitatem
791 3928 1048 3983 convenit
1103 3930 1391 3984 revelare?
1436 3931 1573 3996 Quis
1630 3931 1843 4003 ignorat
1889 3951 2011 4004 qua:

2108 3932 2190 3984 ὅτι
2217 3930 2287 3983 τὰ
2325 3928 2406 3998 τῷ
2425 3926 2574 3997 αὑτῷ
2606 3925 2787 3998 μέτρῳ
2808 3922 3210 3994 ὑπερεχόμενα,
3245 3921 3335 3973 ίσα
3361 3920 3582 3982 πάντως
3612 3918 3703 3970 ἁλ-

422 4019 616 4075 eadem
631 4034 893 4074 mensura
915 4029 1173 4089 superata
1195 4030 1343 4087 sunt,
1376 4024 1607 4092 aequalia
1635 4025 1862 4079 omnino
1889 4042 2011 4084 esse

2110 4021 2291 4092 λήλοις
2308 4019 2489 4085 ὲστίν;
2519 4019 2584 4071 Εἰ
2604 4012 2697 4070 οὖν
2712 4015 2914 4086 ὁμοίως
2935 4011 3259 4085 ὑπερέχεται
3285 4011 3434 4081 παρὰ
3447 4010 3542 4064 τοῦ
3567 4009 3700 4062 Θεοῦ

422 4113 564 4166 inter
612 4111 720 4166 se?
775 4109 830 4164 Si
873 4111 1040 4181 igitur
1070 4111 1324 4166 similiter
1355 4129 1386 4167 a
1415 4113 1525 4169 Deo
1569 4125 1863 4184 superatur
1893 4133 2011 4172 cor:-

2109 4115 2171 4167 τὸ
2197 4111 2434 4184 φθαρτὸν
2458 4112 2554 4164 καὶ
2579 4107 2836 4179 γεννητὸν
2856 4146 2871 4171 ,
2907 4104 3167 4176 γεννητὸς
3207 4104 3262 4157 δὲ
3294 4105 3388 4156 καὶ
3419 4102 3696 4172 ὁΚύριος·

421 4203 680 4272 rnptibile
737 4211 792 4258 et
852 4204 1132 4274 genitum;-
1194 4205 1414 4275 genitus
1469 4215 1652 4262 autem
1708 4219 1795 4264 est
1844 4211 2008 4264 etiam

2114 4207 2375 4276 Εὑνόμιος
2425 4202 2830 4274 συμπερανάτω
2884 4201 2945 4254 τὸ
2998 4191 3063 4252 ἔκ
3105 4199 3214 4252 τῶν
3266 4196 3532 4250 τεθέντων
3569 4197 3716 4248 ἀνα-

421 4295 688 4350 Dominus
732 4315 744 4350 :
789 4295 1090 4352 Eunomius
1143 4298 1436 4352 concludat
1475 4316 1541 4354 ex
1590 4300 1783 4370 positis
1830 4317 2006 4357 emer-

2113 4299 2317 4350 κύπτον
2357 4295 2633 4364 ἀσέϐημα.
2683 4293 2852 4363 Δῆλον
2885 4292 2994 4363 γὰρ
3033 4293 3113 4344 ὅτι
3148 4289 3344 4343 ταὺτὸν
3375 4290 3589 4358 ἡγεῖται
3634 4289 3696 4354 τῇ

421 4406 556 4459 gens
585 4390 911 4460 inexpiabile
945 4392 1149 4447 scelus.
1178 4390 1540 4462 Perspicuum
1568 4395 1714 4448 enim
1748 4396 2006 4466 estquod

2113 4389 2288 4459 φθορᾷ
2309 4387 2401 4439 καὶ
2432 4384 2509 4454 τῷ
2533 4384 2748 4454 θανάτῳ
2818 4384 2918 4453 τὴν
2947 4383 3202 4450 γέννησιν
3222 4422 3236 4445 ,
3279 4381 3355 4442 ὡς
3394 4378 3591 4433 ταύτὸν
3642 4379 3699 4429 ὲν

422 4483 826 4548 generationem
859 4483 999 4538 idem
1027 4484 1306 4539 existimat
1333 4485 1702 4541 cuminteritu
1732 4498 1785 4541 et
1810 4496 2006 4553 morte,

2109 4484 2222 4545 τοῖς
2241 4480 2348 4550 πρὸ
2375 4478 2565 4531 τούτου
2599 4478 2776 4546 λόγοις
2804 4479 2861 4530 ὲν
2888 4477 2965 4547 τῷ
2992 4475 3257 4545 ἀφθάρτῳ
3311 4474 3374 4526 τὸ
3402 4472 3699 4540 ἀγέννητον

422 4583 483 4629 ιιι
514 4575 661 4630 idem
701 4575 762 4632 in
812 4575 975 4645 paulo
1040 4576 1422 4646 superioribus
1475 4580 1823 4636 sermonibus
1884 4597 2007 4636 cum

2111 4573 2448 4643 ἀπεφήνατο.
2481 4572 2543 4623 Ei
2567 4566 2659 4624 οὖν
2693 4573 2751 4624 ἐν
2772 4572 2872 4639 ἴσῳ
2901 4569 3086 4640 βλέπει
3118 4569 3218 4639 τὴν
3242 4567 3450 4638 φθορὰν
3477 4568 3574 4620 καὶ
3605 4567 3699 4637 τὴν

420 4668 825 4737 incorruptibili
887 4668 1188 4739 ingenitum
1229 4670 1623 4738 pronuntiavit.
1669 4670 1727 4725 Si
1779 4687 1909 4742 ergo
1953 4674 2008 4727 in

2112 4666 2385 4735 γέννησιν,
2423 4665 2516 4717 καὶ
2548 4663 2748 4733 ὁμοίως
2776 4661 2922 4730 λέγει
2953 4661 3043 4714 τὸν
3087 4660 3222 4713 Θεὸν
3261 4661 3570 4730 ἀφεστάναι
3597 4659 3700 4711 τῶν

419 4759 621 4828 aequali
659 4761 834 4814 cernit
867 4762 1152 4816 interitum
1185 4770 1242 4815 et
1280 4764 1694 4832 generationem
1750 4772 1804 4818 et
1851 4765 2007 4819 simi-

2110 4757 2232 4811 δύο·
2280 4755 2535 4827 γεννητὸς
2562 4755 2620 4809 δὲ
2647 4757 2675 4808 ὁ
2703 4754 2926 4825 Κύριος,
2962 4753 3151 4824 μηδεὶς
3178 4753 3310 4822 παρ’
3341 4751 3502 4822 ἡμῶν
3537 4753 3699 4804 ἁπαι-

422 4853 549 4906 liter
598 4853 819 4915 asserit,
853 4853 924 4907 ab
953 4854 1039 4909 his
1065 4854 1282 4908 duobus
1333 4845 1501 4910 Deum
1544 4855 1758 4920 abesse,
1789 4859 2010 4927 genitus

2110 4852 2273 4905 τείτω
2313 4849 2677 4922 προστεθῆναι
2716 4848 2776 4901 τὸ
2804 4849 2870 4900 ὲκ
2901 4849 2998 4900 τοῦ
3030 4845 3190 4914 λόγου
3230 4843 3547 4905 ἀκόλουθον,
3590 4841 3698 4895 ἀλλ’

422 4952 606 5000 autem
657 4942 922 4998 Dominus
967 4962 979 4995 :
1023 4947 1207 5002 nullus
1239 4963 1269 5000 a
1323 4948 1483 5003 nobis
1533 4948 1735 5018 exigat,
1767 4948 1914 5018 quod
1943 4967 2010 5004 ex

2111 4943 2203 5012 ἀφ’
2239 4941 2431 4994 ἑαυτοῦ
2478 4937 2884 5008 συλλογισὰσθω
2931 4937 2991 4990 τὸ
3040 4937 3248 5009 πέρας-⁸
3298 4935 3460 5007 εἴπερ
3506 4936 3702 5005 ἐπίσης

422 5039 526 5092 hac
561 5035 812 5092 oratione
835 5041 1215 5105 consequitur,
1251 5053 1575 5108 proponere,
1609 5041 1704 5095 sed
1729 5056 1794 5095 ex
1826 5043 2008 5112 seipso

2112 5037 2206 5089 καὶ
2252 5033 2391 5088 κατὰ
2445 5033 2536 5085 τὸν
2589 5032 2752 5085 αὑτὸν
2803 5029 2960 5098 λόγον
3012 5029 3106 5082 τοῦ
3165 5026 3428 5099 γεννητοῦ
3481 5025 3700 5080 καὶτοῦ

379 5183 384 5188 .
421 5130 835 5186 conclusionem
867 5128 1087 5198 colligat
1115 5148 1126 5182 :
1158 5131 1426 5198 siquidem
1457 5147 1520 5186 ex
1553 5147 1711 5202 aequo
1740 5144 1794 5186 et
1815 5149 1981 5189 secuti

2113 5121 2354 5194 φθαρτοῦ
2403 5124 2436 5193 ἠ
2485 5121 2579 5175 τοῦ
2625 5121 2759 5174 Θεοῦ
2807 5120 2967 5189 φύσις
3017 5118 3350 5188 ἀφέστηκεν.
3415 5118 3560 5174 Ἀλλ’
3603 5117 3702 5171 οὑκ

422 5223 554 5277 dum
583 5221 831 5278 eamdem
891 5220 1159 5274 rationem
1190 5234 1220 5272 a
1243 5220 1427 5289 genito
1452 5230 1506 5275 et
1528 5222 1873 5290 corruptibili
1915 5221 2007 5276 Dei

2115 5217 2261 5281 ἔστι,
2312 5216 2496 5287 φησὶν,
2535 5213 2769 5282 ἀπουσίᾳ
2820 5211 3051 5265 θανάτου
3087 5210 3182 5264 καὶ
3238 5210 3482 5280 φθορᾶς,
3521 5208 3701 5274 λέγειν

423 5327 620 5370 natura
653 5317 840 5372 distat.
875 5313 980 5370 Sed
1011 5329 1117 5368 non
1149 5313 1298 5376 licet,
1328 5313 1524 5383 inquit,
1549 5315 1740 5368 mortis
1771 5322 1824 5368 et
1850 5316 2012 5369 inter-

2111 5310 2385 5380 ἄφθαρτον
2433 5307 2596 5361 αὑτὸν
2649 5307 2742 5359 καὶ
2794 5305 3077 5358 ἀθάνατον.
3150 5301 3532 5356 Πειθέσθωσαν
3591 5304 3699 5362 τοῖς

422 5408 534 5461 itus
582 5408 835 5463 absentia
883 5408 1068 5464 dicere
1099 5406 1572 5476 incorruptibilem
1603 5405 1784 5476 ipsum
1825 5415 1880 5460 et
1912 5407 2011 5460 im-

2114 5406 2421 5476 είρημένοις
2495 5403 2542 5454 οἱ
2591 5399 2697 5452 τῶν
2759 5397 2920 5469 ῥινῶν
2977 5397 3289 5466 ἑλκόμενοι,
3340 5395 3437 5447 καὶ
3477 5395 3613 5466 πρὸς
3642 5393 3699 5444 τὸ

423 5500 733 5559 mortalem.
758 5501 947 5556 Fidem
968 5502 1204 5563 habeant
1221 5501 1404 5564 dictis,
1423 5500 1518 5571 qui
1541 5499 1768 5554 naribus
1790 5501 2012 5555 trahun-

2113 5497 2302 5551 δοκῶν
2344 5493 2557 5562 έκόιστῳ
2611 5483 3036 5562 περιαγόμενοι,“
3079 5488 3171 5541 καί
3224 5487 3536 5553 λεγέτωσαν
3561 5499 3695 5551 παρ-

423 5597 612 5660 tur,et
643 5592 707 5645 ad
744 5593 794 5646 id
837 5593 982 5662 quod
1026 5595 1223 5663 cuique
1269 5593 1480 5650 videtur
1533 5593 2006 5664 circumaguntur,

2118 5590 2254 5637 εἶναι
2312 5583 2390 5652 τῷ
2455 5583 2572 5653 Θεῷ
2613 5583 2708 5652 τὴν
2756 5581 2959 5652 φθορὰν
3016 5581 3108 5634 καὶ
3153 5579 3243 5632 τὸν
3297 5577 3528 5639 θάνατον
3615 5576 3693 5626 ἵνα
