4020 6140
289 259 426 315 1115

1337 246 1614 303 CONTRA
1655 243 2038 310 EUNOMILTM,
2080 246 2206 304 LIB.
2249 247 2358 306 XII.
2458 250 2467 259 ’

3386 248 3520 307 IH-l

287 373 552 436 ἀθάνατός
574 391 632 426 τε
660 375 751 426 καὶ
778 373 1051 444 ἄφθαρτος
1082 373 1329 442 λέγηται.
1364 375 1430 429 Ei
1460 376 1566 446 γὰρ
1615 375 1734 444 οὐχὶ
1759 373 1854 443 τὴν

1968 381 2010 427 et
2038 374 2224 431 dicant
2255 376 2364 432 Deo
2417 377 2698 433 interitum
2728 384 2783 432 et
2817 384 3045 432 mortem
3087 373 3300 433 adesse,
3333 375 3393 421 ut
3421 366 3528 420 im-

287 469 550 522 ἀπουσίαν
576 466 668 519 τοῦ
710 466 935 520 θανάτου
967 467 1060 519 καὶ⁸
1082 467 1182 536 τῆς
1216 467 1449 538 φθορᾶς,
1483 467 1661 530 καθώς
1694 483 1854 537 φησιν

285 561 316 612 6
349 558 626 628 Εὑνόμιος,
657 557 715 610 αἱ
753 558 1103 628 ἀφαιρετικαὶ
1134 559 1336 614 τούτων
1363 560 1731 632 προσηγορίαι
1755 575 1854 628 ση-

226 685 231 689 -
291 649 569 718 μαίνουσι,
601 646 816 711 πάντως
843 648 905 700 τὸ
937 651 1188 719 παρεῖναι
1223 649 1369 718 αὑτῷ
1414 649 1485 702 τὰ
1538 649 1754 702 ἐναντία
1797 665 1855 700 τε

286 741 380 793 καὶ
403 738 653 808 ἀλλότρια
679 738 768 792 διὰ
789 740 888 808 τῆς
912 740 1254 809 τεχνολογίας
1283 740 1484 810 ταύτης
1515 740 1856 794 κατασκευά-

288 831 458 895 ζεται.
497 830 767 883 Ἕκαστον
808 828 915 899 γάρ
955 830 1062 883 τῶν
1091 831 1391 901 νοουμένων
1422 831 1454 902 ἢ
1485 830 1682 884 άπεστι
1717 831 1857 883 πάν-

284 941 392 986 τως
427 923 592 986 τινὸς,
627 922 660 994 ἢ
688 922 788 975 οὑκ
820 922 1066 987 ἄπεστιν,
1112 919 1239 987 οἷον,
1266 921 1381 992 φῶς
1401 963 1415 988 ,
1449 923 1638 986 σκότος
1658 963 1672 987 ,
1719 921 1854 993 ζωὴ,

293 1017 540 1079 θάνατος,
568 1014 745 1083 ὑγεία,
779 1015 932 1079 νόσος
960 1017 1050 1068 καὶ
1079 1015 1177 1069 ὅσα
1198 1014 1420 1068 τοιαῦτα
1444 1033 1458 1047 ’
1485 1017 1570 1084 ἐφ’
1611 1008 1686 1068 ὧν
1721 1016 1768 1066 εί
1797 1014 1858 1067 τὸ

284 1107 470 1178 ἕτερόν
520 1121 608 1169 τις
653 1105 762 1158 τῶν
805 1105 1105 1174 νοουμένων
1148 1107 1365 1161 ἀπεῖναι
1410 1105 1580 1174 λέγοι,
1633 1105 1730 1177 τὴν
1762 1103 1856 1158 τοῦ

286 1197 472 1268 ἑτέρου
504 1196 720 1258 πάντως
748 1199 1048 1266 παρουσίαν
1079 1197 1492 1250 κατασκευάσει.
1525 1197 1589 1248 El
1611 1191 1701 1249 οὖν
1727 1211 1858 1266 φησι

291 1291 365 1360 μὴ
393 1289 487 1342 τοῦ
512 1288 740 1341 θανάτου
763 1288 997 1357 ἀπουσίᾳ
1014 1287 1109 1340 ⁵τὸν
1134 1287 1266 1340 Θεὸν
1295 1287 1854 1356 ἀθάνατον-λέγεσθαι,

284 1383 444 1452 δῆλος
461 1383 526 1437 ἀν
556 1381 639 1452 εἴη
662 1381 960 1452 παρουσίαν
981 1379 1126 1448 αὑτῷ
1153 1363 1382 1434 ’θανάτου
1411 1381 1856 1447 κατασκευάζων,

289 1473 382 1525 καὶ
423 1472 510 1524 διὰ
552 1471 742 1524 τούτου
780 1470 879 1538 τὴν
934 1469 1230 1522 ἀθανασίαν
1282 1470 1377 1521 επὶ
1425 1469 1518 1522 τοῦ
1567 1470 1701 1523 Θεοῦ
1753 1470 1858 1524 τῶν

285 1562 423 1615 ὅλων
449 1560 797 1633 ἀρνούμενος.
839 1557 963 1621 Πῶς
1004 1557 1112 1628 γὰρ
1141 1557 1206 1614 ἂν
1232 1557 1311 1610 ἔτι
1347 1558 1612 1622 ἀθάνατος
1646 1557 1860 1628 ἀληθῶς

286 1653 372 1720 εἴη
419 1651 512 1704 καὶ
550 1649 851 1719 ἄφθαρτος.
881 1643 942 1700 οὗ
984 1649 1058 1718 μὴ
1097 1649 1314 1702 ἀπεῖναι
1353 1648 1499 1713 λέγει
1524 1649 1622 1716 τὴν
1654 1647 1859 1717 φθορὰν

1957 468 2204 524 mortalis
2241 476 2294 523 et
2330 469 2758 539 incorruptibilis
2802 469 3032 522 dicatur.
3072 466 3129 519 Si
3160 465 3302 519 enim
3330 457 3523 514 mortis

1956 565 2010 610 et
2040 556 2295 614 interitus
2347 559 2674 624 absentiam,
2721 559 2862 613 sicut
2885 558 2961 610 ait
3008 553 3329 611 Eunomius,
3387 547 3520 602 sub-

1957 650 2230 703 stractiva:
2259 649 2452 704 horum
2489 650 2880 720 appellationes
2897 663 3003 701 non
3039 644 3368 715 signiﬁcant,
3399 653 3520 692 om—

1956 740 2089 796 nino
2134 741 2182 796 ei
2230 742 2422 797 adesse
2473 741 2747 796 contraria
2797 748 2852 795 et
2903 739 3078 792 aliena
3143 736 3245 788 hoc
3293 727 3523 783 artilicio

1958 832 2243 888 astruitur.
2273 831 2712 902 Unumquodque
2745 830 2890 886 enim
2932 841 3123 884 eorum
3153 839 3276 894 quae
3324 817 3525 874 intelli-

1956 938 2178 997 guntur,
2214 927 2298 982 vel
2334 927 2488 981 abest
2510 941 2732 996 prorsus
2762 925 2829 978 ab
2859 923 3063 992 aliquo,
3098 919 3178 974 vel
3203 931 3310 970 non
3347 912 3523 974 abest,

1959 1023 2017 1068 ut
2063 1015 2177 1078 lux,
2228 1015 2485 1081 tenebrae,
2527 1017 2660 1081 vita,
2718 1031 2887 1077 mors,
2919 1013 3148 1071 sanitas,
3187 1005 3430 1064 morbus.
3469 1009 3524 1054 et

1958 1120 2294 1174 quaecunque
2341 1105 2609 1173 ejusmodi
2663 1121 2677 1157 :
2729 1103 2785 1157 in
2838 1101 3037 1172 quibus
3086 1098 3130 1151 si
3181 1097 3408 1149 alterum
3433 1102 3524 1142 eo-

1957 1206 2078 1245 rum
2114 1206 2235 1261 qua:
2264 1191 2642 1259 intelliguntur
2662 1191 2854 1244 abesse
2871 1188 2992 1257 quis
3017 1185 3186 1245 dicat,
3215 1176 3403 1250 procul
3423 1177 3523 1228 du-

1957 1279 2050 1333 bio
2087 1277 2313 1333 alterius
2336 1277 2680 1348 praesentiam
2709 1282 3012 1331 construct.
3052 1273 3110 1326 Si
3135 1273 3299 1340 igitur
3329 1265 3527 1322 asserit

1958 1371 2154 1426 mortis
2206 1370 2450 1425 absentia
2498 1369 2667 1424 Deum
2701 1383 2812 1423 non
2851 1368 2958 1422 dici
2994 1364 3374 1420 immortalem,
3413 1374 3526 1411 ma-

1960 1461 2162 1516 nifeste
2198 1469 2408 1516 astruet
2447 1462 2639 1516 mortis
2671 1459 3012 1530 praesentiam
3037 1457 3085 1512 ei
3117 1455 3330 1511 adesse,
3361 1459 3526 1517 atque

1959 1553 2167 1609 idcirco
2213 1554 2674 1610 immortalitatem
2708 1555 2762 1608 in
2795 1552 2904 1606 Deo
2945 1551 3322 1604 universorum
3364 1557 3530 1612 nega-

1963 1645 2061 1699 bit.
2094 1644 2381 1710 Quomodo
2409 1646 2554 1700 enim
2590 1661 2718 1700 vere
2758 1644 3082 1698 immortalis
3113 1651 3168 1695 et
3193 1637 3526 1706 incorrupti-

285 1745 376 1796 xai.
406 1743 494 1795 τὸν
525 1741 786 1803 θάνατονς
839 1738 977 1790 Ἀλλ’
1012 1739 1140 1801 ἴσως
1181 1740 1296 1809 ἐρεῖ
1321 1755 1404 1800 τις
1447 1741 1594 1809 ἡμᾶς
1621 1743 1855 1808 ἐπηρεα-

1968 1736 2085 1791 bilis
2120 1737 2209 1791 ille
2268 1736 2450 1800 fuerit,
2493 1752 2522 1789 a
2570 1753 2678 1806 quo
2718 1739 2806 1790 ille
2844 1752 2952 1790 non
3013 1735 3204 1788 abesse
3245 1731 3527 1784 interitum

287 1833 612 1902 στικώτερον
640 1830 718 1901 τῷ
750 1829 892 1899 λόγῳ
917 1829 1324 1899 προσφύεσθαι·
1361 1829 1434 1898 μὴ
1461 1827 1565 1900 γὰρ
1607 1829 1673 1881 ἂν
1717 1828 1860 1880 οὑτω

288 1923 522 1996 μανῆναί
553 1940 707 1985 τινα,
760 1923 835 1983 ὡς
866 1920 1272 1974 κατασκευάσαι
1318 1921 1409 1972 τὸν
1432 1920 1564 1973 Θεὸν
1607 1921 1681 1990 μὴ
1723 1915 1860 1972 εἶναι

285 2017 580 2078 ἀθάνατον,
615 2013 748 2066 ἀλλά
783 2012 891 2065 τῶν
925 2012 1022 2073 μὲν
1048 2013 1104 2064 ὲν
1131 2011 1209 2081 τῷ
1239 2011 1466 2082 κρυπτῷ
1495 2029 1603 2064 τισι
1635 2011 1861 2081 νοουμέ-

286 2126 413 2169 νων,
448 2105 621 2167 οὑδεὶς
648 2102 951 2174 ἀνθρώπων
983 2102 1080 2172 τὴν
1119 2101 1318 2171 γνῶσιν
1345 2101 1456 2171 ἔχει
1476 2143 1491 2166 ,
1543 2101 1629 2154 διὰ
1657 2102 1712 2154 δὲ
1752 2101 1862 2155 τῶν

290 2197 592 2267 λεγομένων
630 2196 659 2247 6
698 2193 1001 2263 στοχασμὸς
1029 2197 1161 2262 ἡμῖν
1195 2193 1303 2246 τῶν
1340 2195 1733 2265 κεκρυμμένων
1772 2197 1861 2265 ἐγ-

293 2290 514 2363 γίνεται.
542 2285 749 2342 Οὑκοῦν
779 2285 936 2340 πάλιν
964 2283 1026 2338 τὸ
1059 2283 1220 2356 ῥηθὲν
1242 2283 1618 2356 ἀναλάϐωμεν.

364 2573 484 2625 οὐκ
511 2570 775 2637 ἀπουσίᾳ
805 2570 1084 2632 θανάτου,
1127 2570 1308 2639 φησὶν,
1340 2573 1372 2623 ό
1402 2571 1537 2636 Θεὸς
1570 2570 1864 2635 ἀθάνατος

288 2663 544 2733 λέγεται.
571 2663 690 2726 Πῶς
719 2661 978 2731 δεξόμεθα
998 2662 1059 2714 τὸ
1084 2662 1369 2731 λεγόμενον
1391 2680 1404 2727 ;
1432 2663 1512 2716 ὅτι
1537 2665 1634 2715 οὑκ
1668 2662 1862 2715 ἄπεστι

288 2756 385 2810 τοῦ
419 2754 552 2808 Θεοῦ
579 2757 606 2807 6
633 2755 878 2817 θάνατος,
911 2754 1011 2807 κᾶν
1056 2755 1318 2815 ἀθάνατος
1350 2753 1602 2824 λέγηται;
1655 2752 1862 2806 Οὐκοῦν

291 2847 341 2897 εἰ
365 2845 520 2896 τοῦτο
556 2843 763 2897 κελεύει
787 2847 944 2906 νοεῖν,
983 2843 1173 2912 θνητὸς
1203 2843 1355 2895 ἔσται
1389 2844 1602 2905 πάντως
1642 2847 1668 2895 6
1695 2845 1862 2896 Εὐνο-

296 2937 420 3006 μίου
476 2935 640 3000 Θεὸς,
682 2935 774 2987 καὶ
821 2933 994 3004 φθορᾷ
1062 2933 1438 3002 ὑποκείμενος.
1490 2925 1564 2985 Ob
1609 2933 1716 3002 γὰρ
1767 2933 1865 2984 οὑκ

295 3026 490 3079 ἄπεστι
521 3025 743 3085 θάνατος
773 3024 1038 3077 ἀθάνατον
1071 3018 1208 3076 εἶναι
1237 3023 1398 3091 φύσιν
1425 3023 1524 3076 οὑκ
1554 3023 1665 3092 ἔχει
1686 3039 1699 3053 ·
1732 3021 1866 3075 ἀλλά
1894 3047 1938 3107 C

295 3115 405 3184 μὴν
438 3116 485 3165 εί
510 3115 644 3183 μήτε
682 3111 908 3165 θανάτου
943 3112 1077 3181 μήτε
1113 3110 1317 3182 φθορᾶς
1336 3111 1600 3163 ἀπουσίαν
1620 3113 1674 3164 αἱ
1702 3127 1865 3182 προσ-

291 3204 511 3273 ηγορίαι
552 3200 919 3271 σημαίνουσιν,
961 3201 994 3271 ἢ
1041 3201 1216 3272 μάτην
1259 3201 1595 3268 ἐπιλέγονται
1645 3200 1722 3271 τῷ
1775 3202 1868 3254 ἐπὶ

295 3295 510 3346 πάντων
533 3293 670 3362 Θεῷ,
701 3292 729 3362 ἢ
757 3291 941 3362 ἕτερόν
962 3308 1081 3343 τινα
1105 3291 1228 3344 νοῦν
1252 3293 1309 3342 ὲν
1326 3291 1512 3354 αὑταῖς
1533 3292 1863 3362 περιέχουσι.

296 3387 392 3448 Τίς
442 3383 533 3437 οὗν
594 3376 747 3445 οὗτος
796 3383 1182 3452 ἑρμηνευσάτω
1236 3385 1264 3435 6
1317 3383 1646 3452 τεχνολόγος.
1729 3382 1868 3434 Ἀλλ’

295 3476 455 3545 ἡμεῖς
486 3475 563 3535 οἱ,
593 3471 774 3534 καθώς
818 3488 982 3541 φησιν
1029 3473 1056 3523 ὁ
1097 3472 1388 3542 Εὑνόμιος,
1437 3474 1869 3543 ἀνεπιστήμονες

297 3566 390 3617 καὶ
418 3566 513 3634 τῆς
554 3561 660 3614 τῶν
693 3562 1028 3631 πραγμάτων
1065 3562 1299 3631 κρίσεως
1315 3602 1329 3625 ,
1359 3564 1453 3615 καὶ
1482 3562 1582 3632 τῆς
1620 3563 1726 3615 τῶν
1748 3564 1869 3616 ὀνο-

300 3657 484 3726 μάτων
514 3655 780 3724 χρήσεως,
812 3654 997 3706 ἄνοσον
1031 3651 1210 3719 λέγειν
1236 3653 1631 3723 μεμαθήκαμεν
1650 3695 1663 3719 ,
1688 3655 1784 3724 οὑχ
1809 3651 1870 3708 οὗ

295 3747 359 3799 τὸ
382 3746 598 3816 κράτος,
623 3743 735 3796 ἀλλ’
757 3734 817 3795 οὗ
841 3744 872 3812 ἠ
900 3741 1052 3804 νόσος
1074 3740 1399 3812 κεχώρισται
1420 3757 1433 3772 °
1459 3743 1552 3796 καὶ
1578 3743 1787 3814 ἀπηρον
1808 3743 1868 3796 οὑ

297 3837 390 3890 τὸν
418 3836 522 3901 ἔξω
559 3835 666 3887 τῶν
691 3832 1006 3901 συμποσίων
1035 3831 1194 3895 ὄντα,
1239 3832 1371 3886 ἀλλὰ
1401 3834 1491 3892 τὸν
1527 3834 1792 3903 μηδεμίαν
1813 3837 1871 3887 ὲν

301 3926 480 3996 ἑαυτῷ
505 3927 748 3996 πήρωσιν
781 3923 972 3993 έχοντα
995 3939 1009 3952 ·
1041 3921 1132 3974 καὶ
1147 3923 1213 3974 τὰ
1235 3921 1369 3975 ἀλλα
1395 3922 1567 3975 πάντα
1588 3923 1868 3987 ὡσαύτως,

297 4019 332 4089 ἢ
355 4020 418 4071 ὲκ
439 4017 531 4070 τοῦ
561 4016 822 4087 παρόντος
850 4014 882 4084 ἦ
906 4015 970 4066 ὲκ
997 4013 1090 4066 τοῦ
1117 4012 1191 4084 μὴ
1214 4013 1478 4084 παρόντος
1507 4013 1869 4084 κατονομάζο-

304 4126 403 4180 μεν
423 4150 436 4170 ,
470 4108 731 4179 ἀνδρεῖον,
773 4106 1050 4175 ἄνανδρον,
1104 4104 1321 4173 ὑπνώδη
1341 4146 1356 4170 ,
1380 4105 1611 4170 ἄϋπνον,
1650 4107 1740 4159 καὶ
1774 4107 1872 4159 ὅσα

297 4201 400 4270 τῆς
435 4199 715 4270 συνηθείας
739 4197 915 4268 ἔχεται
942 4197 1160 4268 ταύτης.
1206 4197 1342 4251 Ἀλλ’
1372 4199 1473 4250 οὑκ
1496 4193 1612 4250 οἶδα
1642 4199 1694 4250 τί
1718 4198 1871 4271 φέρει

302 4291 490 4356 κέρδος
533 4291 592 4343 τὸ
623 4289 720 4346 τὰς
766 4288 1032 4359 φλυαρίας
1075 4288 1277 4352 ταύτας
1325 4288 1507 4353 ἀξιοῦν
1541 4290 1869 4354 ἐξετάσεως·

1960 1838 2013 1882 et
2037 1839 2262 1882 mortem
2294 1828 2573 1882 autumat?
2601 1829 2706 1882 Sed
2729 1830 2871 1883 dicet
2904 1826 3120 1895 aliquis.
3149 1837 3248 1876 nos
3275 1819 3528 1874 infestius

1961 1929 2014 1972 et
2053 1921 2446 1975 calumniosius
2496 1921 2732 1974 sermoni
2787 1921 3194 1982 adhaerescere;
3244 1930 3351 1968 non
3383 1912 3529 1966 enim

1963 2013 2041 2064 sic
2088 2024 2414 2078 quemquam
2467 2011 2725 2074 insanire,
2775 2018 2833 2062 ut
2879 2009 3046 2064 Deum
3099 2022 3207 2060 non
3251 2018 3375 2058 esse
3428 2001 3533 2053 im-

1962 2102 2247 2156 mortalem
2279 2111 2511 2162 astruat,
2562 2103 2654 2156 sed
2693 2117 2881 2156 eorum
2915 2100 3131 2171 quidem
3179 2110 3300 2166 quae
3346 2094 3399 2147 in
3439 2106 3533 2144 oc-

1963 2193 2113 2248 culto
2154 2208 2184 2245 a
2227 2192 2552 2262 quibusdam
2586 2193 2981 2262 intelliguntur,
3031 2191 3216 2245 nullus
3250 2189 3532 2242 hominum

1963 2283 2327 2353 cognitionem
2359 2283 2539 2347 habet,
2573 2284 2839 2352 siquidem
2873 2299 2969 2353 per
3019 2297 3080 2337 ea
3115 2298 3236 2350 qttze
3275 2282 3535 2336 dicuntur

1964 2375 2018 2428 in
2073 2377 2232 2431 nobis
2285 2377 2587 2431 abditorum
2641 2378 2712 2431 sit
2755 2376 3090 2445 conjectura.
3147 2375 3287 2446 Ergo
3337 2377 3532 2430 iterum

1962 2468 2108 2537 quod
2151 2468 2357 2522 dictum
2400 2477 2485 2522 est
2534 2483 2897 2522 resumamus.

2036 2553 2159 2608 Non
2203 2555 2442 2609 absentia
2502 2558 2685 2610 mortis
2714 2599 2728 2624 ,
2768 2555 2974 2625 inquit,
3018 2557 3158 2611 Deus
3216 2559 3536 2613 immortalis

1963 2633 2179 2702 dicitur.
2221 2646 2505 2712 Quomodo
2555 2651 2698 2717 quod
2733 2648 2938 2702 dicitur
2986 2651 3362 2720 accipiemus?
3390 2653 3532 2721 quod

1965 2757 1993 2796 a
2023 2742 2134 2796 Deo
2180 2755 2327 2794 mors
2392 2756 2501 2794 non
2552 2742 2726 2804 abest,
2768 2742 2870 2796 etsi
2925 2742 3247 2799 immortalis
3295 2744 3540 2800 dicitur?

1964 2831 2132 2901 Igitur
2167 2833 2212 2885 si
2253 2832 2354 2885 hoc
2371 2833 2522 2901 jubet
2553 2833 2874 2905 intelligere,
2907 2834 3011 2888 erit
3043 2836 3262 2904 penitus
3292 2838 3538 2891 mortalis

1967 2922 2219 2976 Eunomii
2254 2922 2416 2986 Deus,
2452 2932 2504 2977 et
2535 2925 2774 2980 interitui
2817 2927 3105 2982 obnoxius.
3148 2944 3177 2982 a
3218 2945 3326 2999 quo
3391 2931 3536 2984 enim

1970 3026 2118 3064 mors
2156 3026 2264 3065 non
2299 3012 2473 3074 abest,
2510 3013 2841 3070 immortalis
2887 3023 2944 3069 ut
3000 3016 3073 3072 sit
3122 3029 3370 3073 naturam
3430 3037 3538 3076 non

1970 3102 2126 3157 habet
2160 3122 2173 3155 :
2201 3111 2567 3158 verumtamen
2602 3106 2647 3158 si
2683 3121 2858 3176 neque
2889 3109 3079 3163 mortis
3124 3126 3299 3180 neque
3350 3127 3541 3167 corru-

1970 3196 2176 3267 ptionis
2209 3196 2513 3251 absentiam
2557 3197 2637 3250 ha:
2673 3199 3063 3268 appellationes
3109 3201 3431 3271 (privatim)
3464 3205 3540 3259 si-

1968 3286 2262 3356 gniﬁcant,
2299 3287 2383 3341 vel
2442 3287 2642 3342 frustra
2675 3288 2743 3343 de
2784 3288 2892 3343 Deo
2927 3292 3307 3348 universorum
3341 3295 3537 3350 dicun-

1969 3382 2079 3440 tur,
2115 3376 2198 3430 vel
2229 3376 2398 3430 alium
2429 3377 2718 3446 quemdam
2753 3378 3087 3434 intellectum
3131 3383 3185 3436 in
3220 3385 3356 3453 ipsis
3388 3401 3541 3439 com-

1967 3465 2301 3534 plectuntur.
2366 3466 2502 3532 Quis
2563 3467 2730 3538 igitur
2787 3468 3098 3526 intellectus
3152 3473 3541 3542 interpretetur

1969 3556 2185 3612 artifex.
2216 3557 2321 3613 Sed
2353 3574 2472 3623 nos,
2500 3567 2558 3612 ut
2590 3559 2767 3628 inquit
2795 3561 3118 3630 Eunomius,
3147 3565 3239 3634 qui
3265 3581 3454 3621 sumus
3485 3575 3540 3622 et

1970 3663 2152 3704 rerum
2193 3649 2386 3718 judicii
2427 3660 2718 3720 expertes,
2763 3661 2817 3707 et
2861 3655 3142 3708 nominum
3181 3672 3315 3711 usus
3359 3654 3535 3722 inscii,

1973 3754 2166 3794 sanum
2196 3740 2382 3795 dicere
2415 3741 2742 3807 didicimus,
2783 3759 2891 3798 non
2941 3760 2971 3798 a
3003 3762 3110 3814 quo
3165 3748 3348 3812 robur,
3383 3750 3474 3804 scd
3510 3767 3539 3804 a

1972 3846 2084 3902 quo
2144 3832 2371 3886 morbus
2423 3840 2708 3902 separatus
2767 3843 2886 3902 est;
2929 3845 2984 3890 et
3032 3838 3382 3902 incolumem,
3431 3857 3538 3894 non

1972 3937 2096 3979 eum
2126 3923 2218 3993 qui
2255 3933 2337 3978 est
2367 3934 2520 3978 extra
2569 3926 2840 3990 convivia,
2875 3927 2967 3981 sed
3010 3929 3102 3997 qui
3144 3931 3345 3984 nullam
3394 3933 3445 3985 in
3484 3949 3542 3987 se

1974 4016 2094 4086 ipso
2128 4017 2292 4071 habet
2344 4017 2763 4085 mutilationem,
2794 4027 2848 4073 et
2895 4031 3090 4074 caetera
3133 4021 3314 4074 omnia
3349 4022 3542 4076 simili-

1974 4116 2077 4172 ter,
2113 4109 2196 4163 vel
2230 4124 2296 4163 ex
2331 4117 2617 4180 praesente,
2661 4110 2742 4175 vel
2795 4125 2862 4165 ex
2913 4127 3018 4166 non
3061 4122 3323 4186 praesente
3365 4115 3541 4166 nomio

1975 4215 2189 4259 namus,
2212 4199 2430 4264 fortem,
2459 4198 2852 4263 effeminatum,
2886 4203 3308 4265 somnolentum,
3335 4203 3535 4257 insom-

1958 4303 2122 4352 .nem,
2159 4296 2217 4341 ut
2246 4304 2604 4358 quaecumque
2636 4299 2762 4343 sunt
2793 4289 2954 4358 hujus
2979 4291 3407 4346 consuetudinis.
3437 4291 3540 4346 Sed

301 4385 458 4454 ἀνδρὶ
483 4384 590 4453 γάρ
629 4385 686 4434 ὲν
722 4383 881 4452 πολιᾷ
919 4381 1108 4445 ζῶντι,
1157 4381 1250 4433 καί
1289 4381 1424 4452 πρὸς
1464 4381 1721 4452 ἀλὴθειαν
1753 4381 1869 4451 βλέ-

1979 4379 2122 4434 haud
2173 4384 2288 4434 scio
2339 4381 2468 4449 quid
2526 4381 2662 4434 lucri
2698 4379 2906 4444 aﬂ‘erat,
2952 4381 3051 4435 has
3085 4397 3256 4453 nugas
3297 4384 3544 4437 animad—

303 4491 479 4536 ποντι,
507 4474 568 4525 οὐ
603 4472 772 4541 μικρά
801 4471 934 4541 πρὸς
964 4470 1283 4540 κατάκρισιν
1309 4471 1474 4536 αἰτία,
1512 4472 1576 4524 τὸ
1603 4472 1669 4525 τὰ
1691 4472 1874 4540 γελοῖά

300 4586 363 4622 τε
398 4567 492 4620 καὶ
536 4563 773 4618 ἄσπονδα
813 4564 914 4633 τῆς
951 4563 1046 4632 τοῦ
1087 4562 1379 4615 ἀντιπάλου
1425 4563 1751 4630 φιλονεικίας
1787 4564 1875 4617 διὰ

304 4660 572 4728 στόματος
598 4656 803 4725 φέρειν.
846 4655 936 4706 Διὸ
973 4655 1203 4729 παρήσω
1243 4655 1502 4718 κάκεῖνα,
1534 4655 1627 4706 καὶ
1658 4655 1726 4708 τὰ
1750 4655 1876 4724 ἑξῆς

303 4747 536 4807 ἐκείνοις
581 4743 967 4814 προσκείμενα.
1013 4741 1166 4793 Ἐστι
1198 4741 1254 4792 δὲ
1293 4740 1499 4793 ταῦτα·
1549 4740 1876 4811 Μηδεμίαγ,

305 4839 460 4910 φησι,
492 4836 600 4904 τῆς
620 4835 920 4902 ἀληθείας,
937 4831 1089 4902 μήτε
1110 4832 1188 4896 τῷ
1223 4831 1344 4896 Θεῷ
1367 4833 1678 4901 συμφυΐαν
1698 4849 1880 4902 προσ-

301 4927 742 4999 ιιαρτυρούσης.
785 4925 848 4977 El
896 4923 1005 4994 γὰρ
1051 4923 1128 4992 »μὴ
1181 4922 1364 4993 εἴρητο
1414 4923 1588 4985 τοῦτο,
1636 4923 1720 4985 τίς
1753 4917 1820 4993 ἦν
1851 4925 1880 4975 6

305 5018 470 5086 διφυᾶ
508 5016 598 5068 τὸν
634 5015 765 5068 Θεὸν
813 5009 952 5065 εἶναι
1003 5011 1208 5078 λέγων,
1257 5011 1395 5079 πλὴν
1426 5011 1540 5074 σοῦ,
1572 5011 1665 5064 τοῦ
1699 5013 1880 5065 πᾶσαν

307 5111 569 5180 ὀνόματος
595 5107 800 5160 ἔννοιαν
839 5107 905 5176 τῇ
947 5103 1042 5158 τοῦ
1079 5104 1291 5174 Πατρὸς
1322 5104 1478 5174 οὐσίᾳ
1524 5104 1878 5175 συμφὺοντος,

310 5200 406 5254 καὶ
439 5199 601 5270 μηδὲν
628 5197 731 5262 ἔξω
765 5199 1041 5266 προσεῖναι
1069 5195 1334 5266 λέγοντος,
1366 5195 1482 5248 ἀλλ’
1507 5195 1736 5249 ἕκαστον
1771 5197 1880 5250 τῶν

309 5290 440 5359 περὶ
483 5288 543 5339 τὸ
583 5287 735 5340 Θεῑον
775 5287 1072 5358 ὀνομάτων,
1112 5290 1176 5357 τῇ
1210 5286 1368 5357 οὑσίᾳ
1400 5286 1494 5339 τοῦ
1521 5286 1656 5339 Θεοῦ
1695 5290 1882 5352 ἐγκεν-

304 5372 628 5444 ,τρίξοντος;
659 5368 823 5431 Εἶτα,
857 5372 1010 5440 φησι,
1051 5372 1204 5440 μήτε
1234 5371 1360 5440 μὴν
1389 5371 1613 5435 ἔξωθεν
1636 5370 1736 5424 καὶ
1764 5366 1900 5439 παρ’

315 5463 490 5536 ἡμῶν
500 5464 653 5515 alat
665 5461 920 5531 τομένην
929 5464 1211 5532 τοιαύτην
1223 5464 1466 5524 ἔννοιαν
1477 5464 1787 5530 εὐσεϐείας
1803 5464 1901 5517 νό-

310 5573 451 5627 μοις
482 5553 922 5624 ἐγγραφούσης.
950 5553 1110 5608 Ἀλλά
1144 5558 1555 5626 παραιτήσομαι
1588 5555 1747 5610 πάλιν
1773 5556 1901 5628 περὶ

319 5647 423 5702 τῶν
437 5644 744 5720 εἰρημένων
753 5688 766 5713 ,
783 5645 857 5708 ὡς
869 5645 989 5722 οὐχὶ
1003 5645 1379 5712 γελωτοποιῶν
1392 5649 1499 5711 τοῖς
1511 5648 1898 5719 ἐντυγχάνουσι

1979 4469 2232 4523 versione
2291 4469 2484 4538 dignas
2547 4483 2804 4536 censere;
2865 4469 2984 4524 viro
3048 4472 3192 4524 enim
3247 4472 3300 4525 in
3348 4473 3546 4528 canitie

1978 4559 2206 4622 viventi,
2241 4567 2294 4614 et
2326 4559 2393 4612 ad
2440 4559 2724 4614 veritatem
2753 4560 3089 4629 respicienti,
3125 4576 3230 4615 nou
3279 4576 3441 4631 parva
3477 4563 3544 4616 ad

1981 4649 2490 4703 condemnationem
2519 4649 2701 4719 culpa,
2733 4650 2962 4704 ridicula
2988 4658 3043 4705 et
3073 4652 3327 4720 perﬁdias
3355 4655 3546 4709 adrer-

1981 4739 2111 4794 sarii
2159 4741 2446 4795 ambitiosa
2497 4743 2848 4796 contentione
2907 4743 3214 4800 maledictis
3268 4745 3544 4802 insectari.

1981 4829 2324 4900 Quapropter
2357 4839 2415 4886 et
2453 4832 2542 4886 illa
2577 4834 3009 4902 praetermittam,
3039 4845 3092 4891 et
3128 4851 3246 4906 quae
3294 4839 3548 4910 deinceps

1983 4922 2092 4978 illis
2120 4921 2396 4990 adjacent.
2434 4922 2627 4987 Nulla,
2656 4924 2853 4994 inquit,
2882 4927 3097 4980 veritate
3128 4925 3234 4982 Deo
3251 4931 3549 4984 naturalem

1982 5011 2398 5081 conjunctionem
2421 5013 2756 5068 attribuente.
2787 5014 2846 5069 Si
2880 5015 3025 5071 enim
3067 5017 3169 5072 hoc
3209 5019 3411 5074 dictum
3440 5033 3551 5073 non

1983 5110 2149 5169 esset,
2183 5104 2305 5172 quis
2349 5103 2515 5158 Deum
2546 5119 2668 5160 esse
2694 5105 2980 5161 biformem
3007 5106 3209 5164 diceret
3239 5117 3449 5177 praeter
3476 5115 3549 5169 te,

1983 5197 2075 5266 qui
2107 5211 2320 5251 omnem
2359 5199 2597 5254 nominis
2625 5201 2874 5255 notitiam
2896 5201 3078 5258 Patris
3122 5204 3374 5256 essentiae
3417 5214 3550 5253 coa-

1984 5286 2189 5342 lescere
2238 5286 2397 5351 facis,
2433 5289 2678 5359 nihilque
2706 5301 2860 5346 extra
2892 5291 3085 5346 adesse
3122 5290 3282 5352 dicis,
3309 5288 3404 5342 sed
3439 5288 3552 5342 sin-

1985 5377 2109 5446 gula
2133 5379 2354 5432 nomina
2379 5380 2446 5434 de
2470 5380 2579 5436 Deo
2608 5383 2904 5442 celebrata,
2938 5383 2992 5436 in
3020 5381 3114 5435 Dei
3143 5379 3382 5434 essentia
3409 5380 3556 5435 velut

1987 5467 2040 5521 in
2078 5477 2329 5524 centrum
2365 5471 2692 5526 adducens?
2721 5471 2942 5539 Deinde,
2974 5470 3169 5538 inquit,
3220 5485 3380 5538 neque
3417 5480 3556 5526 certe

1987 5562 2314 5616 extrinsecus
2343 5572 2392 5616 et
2443 5580 2474 5615 a
2504 5563 2651 5616 nobis
2677 5563 2960 5631 conﬁctam
2985 5561 3144 5616 talem
3163 5562 3408 5617 notitiam
3446 5566 3558 5632 pie.

1992 5659 2096 5703 tate
2121 5651 2315 5721 legibus
2351 5651 2682 5708 inscribente.
2711 5651 2818 5708 Sed
2842 5651 2908 5708 de
2941 5651 3104 5708 dictis
3149 5668 3343 5710 rursus
3371 5669 3557 5724 prcca-
