4056 6146
519 275 654 330 ΙΙῙὸ

1689 266 1697 275 “
1747 262 1807 317 S.
1847 258 2175 317 GREGORll
2216 254 2506 311 NYSSENI

3590 248 3757 302 Ἠίϐ

514 387 633 448 bur,
662 389 719 437 ut
744 381 989 446 credant,
1026 394 1113 434 me
1142 393 1250 433 non
1279 384 1338 431 ut
1365 377 1670 447 legentibus
1696 378 1869 432 risum
1898 390 2083 429 move-

2187 369 2283 433 τὰς
2309 368 2693 437 ὲπιγελάστους
2707 365 2911 429 ταύτας
2940 363 3202 433 ὲξεθέμην
3226 361 3426 448 φωνάς,
3451 360 3566 414 ἀλλ’
3595 360 3670 422 ὡς
3693 360 3760 413 ἂν

515 493 653 541 retu,
703 477 800 528 bas
836 472 1099 527 ridiculas
1134 486 1298 525 voces
1339 469 1682 538 exposuisse,
1713 468 1809 522 sed
1844 477 1901 520 ut
1928 464 2086 519 audi-

515 567 621 623 tori
673 563 1082 635 persuaderem,
1116 578 1145 616 a
1176 576 1283 632 quo
1308 560 1411 615 iste
1452 568 1715 631 apparatu
1771 570 2084 613 sermonum

514 658 793 724 incitatus,
845 666 1090 711 rtostram
1144 655 1550 723 simplicitatem
1623 651 1823 713 diluit,
1890 648 2089 703 deinde

511 757 704 804 contra
724 748 1004 808 veritatem
1034 746 1290 801 audacter
1308 744 1570 813 loquitur.
1590 741 1853 808 Quisnam
1878 740 2089 793 ratione

511 850 567 895 et
604 840 786 909 qualia
831 837 1062 908 profert,
1123 837 1467 891 auditoribus
1530 834 1881 903 elepliantino
1935 830 2089 886 corio

512 930 765 985 obductis
817 944 988 999 usque
1012 931 1077 983 ad
1112 929 1342 984 delicias
1372 924 1806 981 ostentabundus
1833 930 1886 977 et
1913 922 2089 993 jacta-

516 1021 755 1085 bundus,
791 1020 884 1088 qui
923 1019 1042 1087 ejus
1074 1025 1393 1088 arrogantes
1424 1016 1523 1069 bas
1566 1015 1699 1069 sicci
1755 1014 1867 1067 oris
1928 1026 2088 1065 voces

511 1112 651 1163 mala
686 1110 1081 1180 compositione
1125 1109 1485 1177 trajicientes,
1526 1116 1788 1175 tauquam
1840 1103 2086 1157 omnium

506 1198 726 1254 dicendi
776 1198 1033 1255 facultate
1068 1200 1331 1253 victorem
1395 1196 1713 1267 prazdicaut,
1767 1194 1859 1271 sed
1911 1193 2087 1263 ipsam

511 1287 974 1340 innuortalitatem
1052 1303 1191 1355 esse
1254 1284 1388 1338 dicit
1446 1284 1761 1345 essentiam,
1815 1280 2085 1351 Unigeniti

508 1391 688 1434 autem
753 1380 1075 1434 essentiam?
1108 1379 1249 1445 Quid
1316 1378 1437 1433 ais?
1500 1378 1567 1433 ad
1612 1378 1789 1447 ipsqu
1828 1376 2088 1441 dixerim,

511 1471 998 1536 immortalitatem,
1052 1484 1119 1522 an
1154 1470 1299 1524 non?
1353 1483 1610 1539 quoniam
1666 1468 1831 1522 etiam
1892 1468 1945 1520 in
1986 1467 2088 1520 hac

509 1561 850 1631 simplicitas,
893 1561 1118 1623 nullam,
1151 1561 1292 1615 sicut
1320 1561 1422 1623 ais,
1453 1563 1846 1614 connexiouem
1877 1567 2089 1612 natum

509 1655 730 1720 appetit.
763 1650 1042 1723 Siquidem
1070 1661 1231 1723 negat
1259 1652 1723 1707 immortalitatem
1746 1664 1871 1704 esse
1900 1663 2088 1703 essen-

2190 458 2437 527 πείσαιμι
2466 458 2556 510 τὸν
2600 456 2892 528 ἀκροατὴν,
2940 458 3032 523 ἀφ’
3073 455 3195 517 οἵας
3222 447 3376 516 οὗτος
3410 452 3765 521 παρασκευῆς

2186 548 2293 601 τῶν
2340 548 2513 615 λόγων
2553 546 2892 617 ὁρμώμενος,
2936 547 2964 597 ὁ
3000 544 3091 597 τὸν
3131 544 3403 614 ἡμέτερον
3453 541 3766 610 ἰδιωτισμὸν

2184 626 2517 701 διαπλύνων,
2572 637 2763 690 ἔπειτα
2814 636 2913 706 τῆς
2954 634 3207 705 ἀληθείας
3265 633 3763 702 καταθρασύνεται.

2186 727 2284 791 Τίς
2322 726 2397 780 ὢν
2426 726 2566 779 κατὰ
2607 727 2696 780 τὸν
2726 726 2880 795 λόγον
2921 726 3015 778 καὶ
3047 720 3133 777 οἷα
3162 725 3550 798 φθεγγόμενος,
3594 725 3623 776 ὁ
3650 726 3767 785 τοῖς

2189 820 2558 890 παχυδέρμοις
2593 819 2702 871 τῶν
2736 819 3020 889 ἀκροατῶν
3045 817 3323 886 ἐντρυφῶν
3346 833 3403 868 τε
3429 817 3522 868 καὶ
3546 818 3770 885 ἐμπομ-

2190 912 2390 975 πεύων,
2416 912 2465 965 οἳ
2492 911 2591 975 τὰς
2615 910 2947 980 στομφὼδεις
2970 909 3133 965 αὑτοῦ
3170 908 3368 971 ταύτας
3401 908 3770 980 ξηροστομίας

2192 1004 2598 1067 κακοσυνθέτως
2628 1004 3081 1074 διαπεραίνοντες,
3125 1002 3199 1065 ὡς
3226 1003 3605 1073 κεκρατηκότα
3659 1001 3771 1054 τῶν

2194 1094 2409 1147 πάντων
2443 1098 2508 1165 τῇ
2533 1095 2756 1165 δυνάμει
2778 1094 2886 1147 τῶν
2922 1094 3094 1163 λόγων
3121 1092 3611 1163 ἀνακηρύσσουσιν,
3650 1095 3770 1148 ἀλλ’

2190 1184 2361 1255 αὐτὴν
2390 1179 2527 1238 εἷναί
2555 1203 2685 1256 φησι
2714 1187 2813 1258 τὴν
2841 1186 3027 1239 οὐσίαν
3069 1185 3382 1251 ἀθανασίαν,
3424 1186 3524 1255 τὴν
3566 1186 3625 1239 δὲ
3672 1187 3771 1240 τοῦ

2190 1276 2526 1343 Μονογενοῦς
2562 1279 2772 1348 οὐσίαν;
2801 1279 2864 1330 Τί
2900 1278 3039 1349 φῄς;
3079 1279 3212 1347 πρὸς
3241 1278 3402 1332 αὐτὸν
3432 1279 3649 1351 εἴποιμι
3681 1281 3768 1345 ἂν,

2189 1366 2509 1431 ἀθανασίαν,
2530 1368 2561 1437 ἢ
2581 1369 2731 1440 οὐχί;
2771 1368 2985 1439 Ἐπειδὴ
3008 1370 3101 1420 καὶ
3119 1369 3210 1421 ἐπὶ
3238 1370 3443 1441 ταύτης
3464 1374 3496 1441 ἠ
3524 1372 3771 1440 ἁπλότης

2189 1457 2462 1528 οὐδεμίαν,
2487 1458 2667 1523 καθὼς
2682 1463 2805 1533 φῂς,
2831 1462 3107 1531 συμφυΐαν
3132 1463 3435 1532 προσίεται.
3467 1464 3528 1515 Εἰ
3551 1463 3653 1531 μὲν
3677 1459 3771 1515 οὖν

2190 1549 2430 1619 ἀρνεῖται
2446 1551 2506 1603 τὸ
2523 1549 2819 1604 ἀθανασίαν
2840 1547 2977 1603 εἶναι
2998 1552 3088 1604 τοῦ
3108 1552 3237 1605 Υἱού
3261 1553 3357 1623 τὴν
3378 1554 3587 1614 οὐσίαν.
3605 1555 3771 1623 δῆλον

2190 1641 2265 1702 εἰς
2283 1640 2310 1691 ὃ
2335 1657 2384 1691 τι
2406 1640 2586 1710 βλέπει
2596 1642 2688 1695 ,Τὸ
2701 1642 2808 1714 γὰρ
2824 1644 2972 1697 ἀντιδ
2979 1645 3217 1698 ιαστελλο
3224 1662 3383 1715 μενον
3396 1646 3473 1714 τῷ
3484 1646 3767 1716 ἀθανάτῳ,

509 1715 661 1805 tiam,
694 1715 1048 1813 perspicuum
1083 1715 1305 1814 advquid
1344 1744 1585 1815 respicit.
1616 1740 1770 1808 Quod
1810 1741 1953 1795 enim
1986 1741 2085 1795 im-

2189 1731 2248 1783 ού
2272 1730 2390 1783 λίαν
2416 1733 2531 1786 ἐστὶ
2564 1733 2763 1805 λεπτῆς
2794 1736 3124 1805 κατανοῆσαι
3166 1738 3380 1807 φρενός.
3432 1738 3519 1800 Ὡς
3568 1740 3677 1809 γάρ
3705 1715 3769 1793 τὸ

511 1835 722 1887 mortali
751 1852 816 1889 ex
840 1836 1068 1890 adverso
1095 1838 1423 1905 opponitur,
1456 1851 1564 1890 non
1588 1847 1670 1890 est
1696 1836 1913 1890 subtilis
1943 1850 2092 1888 men-

507 1923 580 1976 tis
606 1924 865 1993 cogitare.
890 1923 957 1978 Ut
979 1926 1125 1978 enim
1153 1926 1297 1994 quod
1317 1941 1425 1980 non
1447 1924 1800 1994 corruptibile
1820 1925 2093 1992 corrupti-

508 2014 617 2069 Lile
662 2019 1050 2086 consequentia
1098 2018 1362 2086 opposita:
1407 2016 1693 2071 divisionis
1731 2016 2089 2081 demonstrat,

506 2115 562 2160 et
614 2110 898 2162 mutationi
972 2115 1058 2162 est
1119 2107 1413 2161 obnoxium
1476 2106 1621 2176 quod
1695 2120 1801 2159 non
1858 2112 1942 2160 est
1990 2104 2094 2158 im-

507 2198 802 2251 mutabile:
836 2200 916 2252 sic
950 2199 1113 2253 etiam
1161 2198 1389 2251 mortale
1423 2212 1671 2266 prorsus,
1694 2198 1837 2264 quod
1872 2213 1973 2251 non
2008 2185 2092 2252 est

509 2288 838 2342 immortale.
875 2288 1013 2353 Quid
1060 2289 1224 2358 igitur
1261 2303 1522 2342 novorum
1555 2289 1868 2357 dogzuatum
1901 2288 2089 2356 expla-

508 2377 707 2430 nator?
763 2375 904 2441 Quid
950 2378 1016 2430 de
1057 2375 1330 2445 Unigeniti
1371 2376 1609 2431 essentia
1655 2376 1811 2429 nobis
1870 2377 2092 2445 proprio

508 2468 727 2521 nomine
749 2466 1156 2523 dicet?Rursus
1184 2469 1327 2521 enim
1362 2467 1607 2520 eamdem
1641 2468 1898 2536 scriptori
1925 2468 2090 2522 inter-

509 2558 846 2627 rogationem
871 2557 1168 2626 proferam.
1198 2556 1352 2611 Dabit
1378 2566 1431 2610 et
1459 2557 1599 2610 hanc
1627 2557 2087 2611 immortalitatem

508 2649 750 2711 esse,vel
774 2664 881 2703 non
903 2652 1255 2704 assentietur.
1279 2648 1334 2701 Si
1362 2648 1525 2717 igitur
1550 2664 1655 2702 non
1687 2651 1948 2717 approbet
1968 2649 2088 2701 Filii

507 2740 798 2794 essentiam
850 2740 1210 2793 immortalem
1255 2754 1417 2801 esse,
1458 2739 1771 2793 necessario
1816 2739 2089 2792 contrario

509 2830 916 2900 astipulabitur,
954 2845 1049 2900 per
1086 2830 1479 2900 praestantioris
1524 2830 1873 2892 ablationem,
1914 2832 2086 2900 ipsam

513 2936 635 2976 csse
666 2929 895 2976 mortem
922 2931 1274 2991 praestruens.
1294 2919 1447 2986 Quod
1475 2920 1520 2974 si
1552 2921 1847 2975 absurdum
1872 2920 2087 2992 fugiens

510 3013 976 3066 immortalitatem
1012 3013 1173 3066 etiam
1196 3009 1463 3081 Uuigeniti
1499 3012 1791 3066 essentiam
1821 3012 2083 3077 nominet,

510 3103 712 3155 nullam
736 3119 801 3158 ex
820 3103 1143 3158 necessitate
1166 3114 1448 3173 propterea
1469 3102 1768 3157 secundum
1791 3104 2081 3159 essentiam

507 3189 875 3246 differentiam
916 3208 1037 3249 esse
1059 3194 1426 3247 conﬁtebitur.
1469 3192 1525 3245 Si
1553 3193 1697 3247 enim
1732 3208 1795 3248 ex
1851 3208 2006 3262 aaquo
2029 3200 2084 3247 et

508 3281 688 3339 Patris
734 3293 788 3339 et
821 3284 943 3340 Filii
988 3295 1183 3340 natura
1213 3286 1595 3340 immortalitas
1622 3294 1727 3348 est,
1758 3285 2081 3338 immortali-

508 3383 598 3432 tas
629 3386 809 3432 autem
850 3380 903 3433 in
944 3378 1180 3448 seipsam
1202 3377 1351 3431 nulla
1382 3377 1596 3431 ratione
1651 3375 1966 3429 dillerentize
1994 3375 2079 3429 di-

2194 1822 2266 1893 μὴ
2285 1824 2558 1894 ἄφθαρτον
2578 1825 2814 1899 φθαρτὸν
2850 1829 2881 1898 ή
2900 1828 3189 1881 ἀκολουθία
3208 1830 3307 1898 τῆς
3324 1830 3769 1900 ἀντιδιαιρέσεως

2188 1913 2446 1981 δείκνυσι,
2468 1917 2561 1968 καὶ
2593 1918 2824 1988 τρεπτὸν
2847 1919 2906 1971 τὸ
2923 1920 2998 1989 μὴ
3028 1921 3320 1990 ἄτρεπτονο
3339 1921 3481 1974 οὕτω
3515 1924 3610 1975 καὶ
3648 1925 3771 1994 θνη-

2192 2008 2283 2060 τὸν
2312 2008 2545 2071 πάντως,
2566 2009 2627 2060 τὸ
2642 2010 2715 2080 μὴ
2744 2010 3031 2064 ἀθάνατον.
3055 2013 3117 2064 Τί
3140 2009 3230 2065 οὖν
3250 2016 3277 2066 ὁ
3299 2014 3405 2066 τῶν
3424 2016 3631 2068 καινῶν
3646 2017 3768 2084 δογ-

2198 2098 2387 2167 μάτων
2402 2099 2670 2171 ἐξηγητής
2692 2118 2706 2164 ;
2737 2102 2801 2154 Τί
2825 2104 3068 2173 περὶτῆς
3087 2104 3178 2157 τοῦ
3208 2106 3547 2174 Μονογενοῦς
3576 2109 3736 2161 οὐσία
3746 2126 3771 2171 ;

2191 2190 2319 2259 ἡμῖν
2344 2192 2718 2262 κυριολογήσει
2740 2211 2754 2259 ;
2781 2193 2948 2247 Πάλιν
2968 2194 3075 2265 γὰρ
3095 2195 3192 2265 τὴν
3209 2196 3375 2267 αὐτὴν
3400 2200 3772 2270 προσοίσωτῷ

2190 2279 2510 2353 λογογράφῳ
2547 2282 2833 2353 ἐρώτησιν.
2878 2284 3048 2337 Δώσει
3095 2288 3189 2339 καὶ
3217 2288 3421 2358 ταύτην
3459 2290 3771 2343 ἀθανασίαν

2189 2365 2348 2435 εἶναι,
2391 2372 2424 2442 ἢ
2470 2375 2529 2425 ού
2564 2374 2903 2445 συνθήσεται.
2942 2376 3002 2428 Εἰ
3043 2376 3143 2444 μὲν
3180 2373 3271 2430 οὖν
3323 2379 3396 2449 μὴ
3432 2380 3641 2449 δέχοιτο
3671 2384 3764 2436 τού

2191 2462 2318 2515 Υἱοῦ
2372 2464 2469 2534 τὴν
2519 2466 2706 2519 οὐσίαν
2758 2467 3053 2520 ἀθανασίαν
3113 2465 3281 2534 εἶναι,
3323 2472 3640 2540 ἀναγκαίως
3685 2478 3765 2546 τῷ

2189 2556 2412 2625 ἐναντίῳ
2456 2556 2796 2628 συνθήσεται,
2822 2558 2910 2611 διὰ
2932 2559 3028 2627 τῆς
3062 2558 3155 2611 τοῦ
3188 2562 3495 2631 κρείττονος
3535 2567 3768 2639 ἀφαιρέ-

2191 2664 2327 2710 σεως
2365 2648 2590 2701 θάνατον
2623 2650 2790 2719 αὐτὴν
2829 2647 2968 2703 εἶναι
2990 2654 3431 2717 κατασκευάζων.
3458 2656 3519 2708 Εἰ
3549 2658 3605 2710 δὲ
3630 2659 3764 2725 φεύ-

2192 2744 2305 2804 γων
2325 2739 2383 2789 τὸ
2408 2740 2626 2801 ἄτοπον,
2651 2741 2944 2796 ἀθανασίαν
2966 2744 3170 2797 καὶτοῦ
3198 2747 3540 2814 Μονογενοῦς
3563 2751 3662 2819 τὴν
3682 2754 3769 2805 ού-

2192 2830 2310 2883 σίαν
2328 2830 2705 2901 κατονομάζοι,
2726 2834 2978 2902 οὐδεμίαν
2994 2833 3053 2897 ἐξ
3068 2836 3310 2906 ἀνάγκης
3326 2837 3413 2889 διὰ
3437 2838 3597 2891 τοῦτο
3621 2843 3765 2894 κατά

2187 2920 2287 2990 τὴν
2311 2920 2497 2973 οὐσίαν
2517 2920 2777 2991 διαφοράν
2803 2915 2942 2974 εἶναι
2972 2922 3312 2991 συνθήσεται.
3340 2924 3401 2975 Et
3424 2925 3533 2994 γὰρ
3568 2926 3784 2997 ἐπίσης.
3808 2974 3817 2983 ,

2188 3011 2301 3081 ἦτε
2322 3014 2414 3066 τοῦ
2436 3011 2649 3083 Πατρὸς
2678 3014 2771 3066 καὶ
2797 3013 2924 3066 Υἱοῦ
2954 3014 3113 3081 φύσις
3142 3013 3408 3067 ἀθανασία
3433 3016 3602 3078 ἐστὶν,
3630 3018 3765 3072 ἀθα-

2187 3100 2346 3153 νασία
2384 3101 2439 3153 δὲ
2470 3102 2605 3171 πρὸς
2644 3101 2838 3173 ἑαυτὴν
2876 3103 3051 3156 οὐδενὶ
3090 3103 3234 3173 λόγῳ
3266 3103 3527 3174 διαφορᾶς
3550 3107 3762 3177 διασχί-

2188 3193 2360 3258 ζεται,
2395 3193 2502 3262 ἄρα
2531 3194 2624 3245 καὶ
2654 3194 2781 3264 παρ’
2816 3194 2994 3247 αὐτῶν
3018 3194 3124 3248 τῶν
3154 3194 3361 3264 ἐχθρῶν
3398 3197 3759 3267 ὁμολογεῖται,

2186 3285 2244 3336 τὸ
2272 3284 2473 3354 μηδένα
2516 3284 2781 3353 διαφορᾶς
2815 3286 2969 3354 λόγον
3014 3287 3103 3339 ἐπὶ
3138 3288 3231 3339 τοῦ
3271 3288 3483 3358 Πατρὸς
3536 3292 3629 3343 καὶ
3668 3292 3761 3344 τού

2188 3376 2318 3428 Υἱοῦ
2349 3377 2489 3429 κατά
2524 3376 2621 3447 τὴν
2643 3377 2829 3431 οὐσίαν
2867 3378 3249 3450 εὑρίσκεσθαι;

508 3472 805 3533 scinditur,
864 3471 1109 3539 nunquid
1157 3470 1319 3524 etiam
1374 3469 1443 3521 ab
1498 3467 1631 3536 ipsis
1686 3465 1924 3521 inimicis
1974 3466 2309 3535 conceditur,
2352 3469 2554 3522 nullam
2589 3468 2904 3524 differentiae
2948 3471 3210 3526 rationem
3251 3473 3305 3526 in
3336 3472 3497 3529 Patre
3535 3486 3589 3529 et
3624 3476 3761 3532 Filio

506 3563 809 3615 secundum
843 3562 1138 3616 essentiam
1166 3560 1419 3614 deﬁniri?

583 3650 688 3703 Sed
714 3652 828 3718 jam
856 3660 1069 3721 tempus
1102 3651 1265 3705 fuerit
1293 3652 1543 3705 acerbam
1568 3651 1742 3721 ipsius
1762 3659 1950 3706 contra
1978 3667 2079 3708 nos

512 3756 816 3811 proponere
865 3743 1294 3807 accusationem,
1334 3761 1494 3812 quam
1541 3746 1593 3798 in
1646 3744 1750 3800 fine
1815 3746 2080 3800 orationis

507 3832 660 3896 fecit,
687 3833 875 3888 dicens
920 3850 1019 3889 nos
1073 3851 1138 3889 ex
1179 3835 1352 3889 nihilo
1376 3836 1588 3905 penitus
1625 3834 1839 3891 Patrem
1876 3838 2078 3898 dicere,

506 3924 801 3979 dictionem
837 3925 1075 3993 aliquam
1112 3942 1177 3979 ex
1218 3937 1475 3980 contextu
1531 3926 1849 3990 sutfuratus,
1887 3930 2081 3997 ipsam-

508 4032 617 4087 que
664 4016 860 4071 exilem
894 4024 949 4071 et
993 4017 1359 4071 inordinatam
1383 4035 1447 4071 ex
1485 4019 1694 4087 reliquo
1733 4035 1963 4088 corpore
1994 4020 2082 4074 de-

510 4115 740 4162 tractam
789 4107 1043 4161 vellicare
1095 4116 1343 4175 conatur,
1399 4118 1453 4163 et
1509 4111 1849 4166 stomachum
1905 4114 2080 4168 facere

512 4200 719 4255 insanis
746 4198 1003 4253 dentibus
1031 4198 1357 4259 dilacerans.
1396 4202 1475 4265 rel
1516 4203 1692 4272 potius
1713 4203 1953 4260 salivans
2000 4203 2077 4273 (id

2272 3646 2426 3699 Ἀλλὰ
2481 3649 2670 3719 καιρὸς
2723 3649 2793 3701 ἂν
2837 3649 2922 3719 εἴη
2971 3652 3068 3721 τὴν
3120 3652 3360 3724 χαλεπὴν
3406 3654 3576 3707 αὐτοῦ
3638 3656 3760 3709 καθ’

2185 3738 2341 3809 ἡμῶν
2372 3740 2649 3809 προθεῖναι
2682 3743 3035 3812 κατηγορίαν,
3077 3745 3142 3815 ἥν
3168 3745 3261 3796 ἐπὶ
3292 3746 3437 3798 τέλει
3471 3747 3568 3800 τοῦ
3602 3748 3757 3816 λόγου

2189 3830 2500 3897 πεποίηται,
2531 3829 2703 3898 λέγων
2740 3834 2886 3901 ἡμᾶς
2923 3837 2986 3887 ὲκ
3016 3834 3108 3887 τοῦ
3155 3836 3329 3907 πάντη
3366 3837 3440 3908 μὴ
3472 3839 3625 3904 ὄντος
3672 3843 3760 3893 τὸν

2193 3917 2413 3984 Πατέρα
2438 3916 2616 3985 λέγειν
2646 3935 2659 3948 '
2698 3920 2901 3989 κλέψας
2939 3923 3060 3975 τινά
3089 3923 3233 3987 λέξιν
3276 3928 3341 3979 ἐκ
3365 3927 3469 3996 τῆς
3508 3934 3759 3999 συμφρά.

2187 4025 2321 4083 asto;
2347 4049 2357 4067 ,
2386 4010 2479 4063 καί¹
2502 4010 2660 4082 ψιλὴν
2689 4014 2855 4083 αὐτὴν
2883 4015 2973 4066 καὶ
2997 4015 3331 4071 ἀσύντακτον
3360 4021 3424 4071 ὲκ
3449 4021 3545 4073 τοῦ
3573 4022 3757 4075 λοιποῦ

2186 4099 2435 4169 σώματος
2463 4103 2805 4170 ἀφελκύσας,
2841 4106 3041 4170 κνίζειν
3098 4108 3367 4178 ἐπιχειρεῖ
3410 4114 3524 4174 τοῖς
3558 4112 3757 4183 ἐκπλή-

2182 4209 2330 4255 κτοις
2352 4194 2527 4247 ὀδοῦσι
2554 4212 2805 4249 κατασπα
2816 4198 3045 4266 ράσσων,
3068 4200 3265 4268 μᾶλλον
3282 4202 3338 4254 δὲ
3366 4205 3757 4268 κατασιελίζων

506 4298 595 4343 est
620 4292 771 4345 velut
794 4288 1017 4342 salivam
1047 4304 1353 4345 sermonem
1368 4292 1934 4363 exspucus):primum
1966 4295 2079 4364 qui.

2187 4283 2272 4336 τὸν
2320 4284 2493 4353 λόγον.
2545 4286 2696 4352 Λέξω
2728 4286 2783 4339 δὲ
2823 4287 3035 4357 πρῶτον
3071 4290 3170 4358 μὲν
3218 4292 3315 4362 τὴν
3363 4294 3603 4348 διάνοιαν
3647 4297 3754 4348 τῶν

506 4378 634 4432 dem
660 4377 839 4431 dicant
871 4377 1193 4433 sententiam
1225 4392 1410 4432 eorum
1436 4394 1557 4447 quae
1588 4394 1616 4432 a
1641 4381 1862 4435 doctore
1885 4383 1950 4438 de
1978 4384 2080 4439 hoc

511 4469 773 4537 praeclare
822 4478 950 4522 sunt
1001 4468 1250 4522 oratione
1312 4468 1596 4536 distincta,
1661 4468 1857 4525 deinde
1903 4475 2080 4542 ipsum

510 4573 819 4615 sermonem
852 4558 919 4611 ad
950 4558 1176 4612 verbum
1225 4573 1530 4628 apponam,
1583 4570 1641 4612 ut
1686 4562 1937 4617 (ltlllllbUS
1990 4565 2082 4617 fiat

515 4650 925 4704 manifestarius
979 4650 1035 4703 in
1084 4649 1469 4703 contumeliam
1514 4652 1758 4705 veritatis
1816 4654 1869 4705 iu
1901 4652 2082 4708 studia

515 4740 728 4807 piorum
764 4738 1071 4809 perniciose
1102 4740 1361 4808 irrepere.
1387 4738 1497 4794 Nos
1531 4742 1673 4794 enim
1708 4743 1985 4798 adducens
2013 4746 2079 4798 ad

516 4830 741 4899 ingeniti
773 4826 1226 4901 signiﬁcationem
1265 4846 1359 4901 per
1400 4846 1530 4886 suos
1583 4848 1862 4888 sermones
1891 4834 2082 4889 doctor

514 4927 724 4985 noster,
762 4924 918 4976 talem
944 4925 1102 4979 nobis
1141 4922 1569 4978 insinuationem
1613 4924 1679 4978 ad
1715 4908 2079 4995 cognitionem

513 5007 636 5079 ejus
660 5009 805 5078 quod
836 5012 1117 5080 quatritur,
1143 5014 1401 5083 subjecit,
1448 5013 1833 5070 demonstrans
1869 5019 2022 5086 longe
2052 5033 2081 5071 a

515 5102 709 5157 notitia
733 5116 854 5172 qua:
870 5111 953 5155 est
970 5104 1272 5158 secundum
1295 5106 1608 5168 essentiam,
1632 5121 1754 5160 esse
1774 5108 1995 5174 ingeniti
2014 5112 2085 5161 si-

517 5192 856 5262 gnificatum.
876 5191 1009 5246 Cum
1028 5194 1379 5263 evangelista,
1398 5195 1594 5264 inquit,
1610 5195 1821 5250 Domini
1842 5199 2084 5267 genealo-

2184 4374 2334 4443 παρὰ
2388 4379 2480 4430 τοῦ
2511 4376 2829 4430 διδασκάλου
2876 4380 3003 4450 περὶ
3038 4381 3226 4435 τούτου
3269 4384 3752 4456 διευκρινηθέντων

2180 4468 2333 4537 ἡμῖν’
2376 4463 2474 4521 εἷθ’
2495 4466 2638 4521 οὕτω
2664 4469 2754 4523 τὸν
2786 4470 2941 4538 λόγον
2975 4472 3137 4526 αὑτὸν
3159 4475 3253 4527 ἐπὶ
3276 4475 3479 4541 λέξεως
3514 4480 3749 4549 παραθή-

2182 4574 2346 4626 σομαι
2366 4597 2381 4621 ,
2415 4558 2490 4619 ὡς
2519 4558 2585 4611 ἂν
2615 4561 2748 4611 πᾶσι
2780 4561 2987 4629 γένοιτο
3019 4563 3249 4633 φανερὸς
3286 4566 3314 4617 ὁ
3356 4566 3452 4617 ἐπὶ
3483 4566 3629 4639 λύμῃ
3657 4570 3749 4636 τῆς

2181 4644 2437 4715 ἀληθείας
2470 4649 2584 4710 ταῖς
2612 4648 2716 4701 τῶν
2754 4650 3118 4705 εὐσεϐούντων
3160 4653 3419 4718 σπουδαῖς
3454 4657 3746 4726 εἰσφθειμᾶο
3801 4640 3815 4654 ’

2185 4752 2365 4804 μενος.
2396 4737 2691 4807 Προσάγων
2720 4739 2829 4811 γὰρ
2862 4742 3007 4811 ἡμᾶς
3035 4745 3101 4813 τῇ
3130 4743 3223 4796 τοῦ
3255 4744 3554 4817 ἀγεννήτου
3580 4765 3745 4817 amu-

2184 4825 2273 4896 σίᾳ
2297 4825 2386 4879 διὰ
2416 4828 2521 4880 τῶν
2552 4828 2673 4881 καθ’
2723 4831 2911 4884 ἑαυτὸν
2954 4832 3126 4900 λόγων
3157 4836 3186 4886 ὁ
3213 4834 3532 4901 διδάσκαλος
3579 4840 3742 4908 ἡμῶν,

2180 4918 2433 4987 τοιαύτην
2460 4921 2589 4989 ἡμῖν
2623 4918 2806 4987 ἔφοδον
2834 4922 2970 4991 πρὸς
3004 4923 3102 4994 τὴν
3134 4924 3226 4976 τοῦ
3257 4924 3594 4996 ζητουμένου
3617 4930 3740 4996 γνὼ-

2186 5028 2268 5064 σιν
2298 5009 2556 5076 ὑπέθετο,
2606 5011 2817 5076 δεικνὺς
2862 5014 3051 5084 πόρρω
3085 5015 3184 5085 τῆς
3239 5017 3383 5072 κατὰ
3415 5019 3515 5089 τὴν
3567 5022 3739 5073 οὐσίαν

2183 5102 2388 5164 ἐννοίας
2417 5101 2475 5154 ὃν
2504 5102 2595 5156 τοῦ
2622 5104 2915 5173 ἀγεννήτου
2953 5108 3014 5157 τὸ
3062 5107 3477 5177 σημαινόμενον.
3512 5111 3617 5163 Τοῦ
3644 5112 3736 5163 Εὑ-

2185 5192 2531 5261 αγγελιστοῦ,
2565 5195 2719 5265 φησὶ,
2752 5195 2854 5263 τῆς
2892 5195 3034 5248 κατὰ
3073 5198 3251 5267 σάρκα
3284 5199 3377 5252 τοῦ
3408 5202 3614 5270 Κυρίου
3653 5218 3738 5267 γε·

514 5284 617 5353 gite
637 5300 757 5354 qua:
773 5291 856 5338 est
878 5282 1182 5340 secundum
1201 5298 1420 5339 carnem
1433 5301 1499 5339 ex
1525 5284 1725 5357 Josepli
1756 5289 2085 5357 principium

2187 5288 2467 5356 νεαλογίας
2514 5290 2580 5340 ὲκ
2622 5287 2719 5341 τοῦ
2768 5287 2961 5359 Ἰωσὴφ
3006 5288 3102 5359 τὴν
3138 5290 3312 5361 ἀρχὴν
3359 5293 3735 5362 ποιησαμένου,

517 5376 737 5432 fecisset
775 5377 841 5442 ",
875 5376 1070 5432 deinde
1111 5390 1325 5446 semper
1352 5376 1704 5446 progrediens
1733 5380 1801 5433 ad
1840 5389 2088 5449 tempore

516 5468 905 5537 Intiquiorcm,
926 5468 1215 5523 terminum
1234 5469 1565 5541 genealogia:
1582 5471 1635 5525 in
1646 5471 1854 5529 Adamo
1869 5473 2085 5530 deﬁnis-

590 5635 631 5667 "
662 5637 799 5695 Luc.
834 5657 913 5708 ιιι,
945 5643 1014 5698 9.3
1041 5660 1153 5715 sqq.

2183 5374 2306 5435 εἶτα
2337 5380 2616 5450 προϊόντος
2651 5381 2743 5433 ὲπὶ
2770 5380 2859 5432 τὸν
2885 5380 2971 5433 ἀεὶ
3012 5380 3188 5449 χρόνῳ
3236 5382 3624 5453 πρεσϐύτερον,
3654 5383 3733 5433 καὶ

2184 5476 2242 5526 ἐν
2288 5472 2365 5546 τῷ
2420 5472 2589 5545 Ἀδάμ
2634 5474 2695 5527 τὸ
2729 5472 2899 5545 πέρας
2919 5471 3016 5541 τῆς
3069 5472 3415 5543 γενεαλογίας
3446 5474 3730 5545 ὁρίταντοςο
