4056 6146
367 328 504 386 ΗΠ

1523 324 1564 377 C
1595 320 1798 378 )NTRA
1840 317 2220 380 amomum,
2263 314 2390 366 mu.
2435 314 2551 366 λιι.

3454 315 3589 373 m8

359 426 451 480 καὶ
474 426 561 480 διὰ
590 431 653 482 τὸ
684 431 759 501 μὴ
784 429 1137 498 ὑπερκεῖσθαι
1162 430 1254 482 τοῦ
1288 429 1706 500 πρωτοπλάστου
1734 448 1916 501 σωμαιο

2031 440 2128 496 set,
2148 439 2199 486 et
2221 433 2350 502 quia
2370 448 2474 485 non
2499 432 2675 502 primo
2697 430 2929 483 formato
2953 431 3205 499 superior
3220 437 3364 485 esset
3390 445 3589 500 corpo-

356 507 520 558 τικὸν
553 510 790 579 Πατέρα,
818 511 913 564 τοῦ
955 513 1089 565 Θεοῦ
1129 518 1419 586 φήσαντος.
1460 519 1753 591 Πρόχειρον
1794 518 1929 572 εἶπαί

2031 540 2142 580 reos
2159 524 2335 588 Pater,
2354 524 2496 577 hunc
2518 521 2606 575 Dei
2623 538 2740 575 esse
2758 522 2913 575 dixit.
2932 520 3245 590 Promptum
3267 538 3387 576 esse
3408 522 3585 592 inquit

356 612 512 665 φησι,
536 600 847 667 τῇέ..άστου
873 602 1083 674 διανοίᾳ
1100 607 1227 677 περὶ
1253 608 1345 660 τοῦ
1372 609 1505 661 Θεοῦ
1528 611 1686 663 τοῦτο
1706 612 1883 663 λαϐεῖν
1906 627 1918 641 ·

352 687 435 740 δτι
462 690 490 740 6
516 688 647 751 Θεὸς
676 690 733 755 ἐξ
768 685 829 745 οὗ
874 694 1063 764 Ἀδάμ,
1096 697 1156 750 ού
1204 699 1327 751 καθ’
1356 700 1649 771 ὁμοιότητα
1678 704 1785 756 τῶν
1826 705 1923 755 ἀν·

353 778 646 849 θρωπικῶς
671 783 1179 854 γενεαλογηθέντων
1203 790 1296 840 καὶ
1330 790 1490 853 αὐτὸς
1524 792 1582 858 ἐξ
1614 796 1799 864 ἑτέρου
1824 796 1922 865 τὴν

351 871 645 926 ὑπόστασιν
672 873 784 944 ἔχει
806 890 819 903 ·
850 876 1069 930 ἐπειδάν
1098 879 1208 949 γὰρ
1235 880 1412 935 πάντα
1445 882 1799 949 διεξελθόντες
1831 887 1921 937 τὸν

348 961 480 1017 Θεὸν
505 965 643 1034 μετά
677 966 853 1019 πάντα
878 967 955 1037 τῷ
980 968 1054 1038 νῷ
1080 968 1352 1041 λάϐωμεν,
1386 973 1483 1045 τὴν
1514 976 1727 1029 πάντων
1748 977 1920 1046 ἀρχὴν

348 1054 669 1125 ἐνοήσαμεν.
710 1057 875 1128 Ἀρχὴ
905 1057 959 1110 δὲ
998 1061 1148 1111 πᾶσα
1185 1063 1340 1134 εἴπερ
1378 1064 1565 1135 ἑτέρου
1591 1069 1732 1130 τινὸς
1762 1067 1923 1139 ἐξημ-

352 1145 485 1216 μένη
527 1147 702 1218 τύχοι,
741 1150 881 1219 ἁρχὴ
922 1151 1020 1202 οὑκ
1067 1150 1235 1205 ἐστιν.
1296 1154 1504 1207 Οὐκοῦν
1547 1160 1594 1209 εἰ
1636 1158 1776 1228 ἀρχὴ
1824 1158 1919 1211 τοῦ

353 1237 547 1299 παντὸς
591 1238 619 1288 ὁ
657 1239 786 1301 Θεὸς
810 1256 822 1268 ·
848 1238 961 1291 οὗθ’
1006 1239 1186 1292 ὁτιοῦν
1230 1240 1381 1296 ἔσται
1414 1245 1515 1315 τῆς
1558 1247 1663 1299 τῶν
1702 1249 1921 1305 πάντων

345 1320 521 1390 ἀρχῆς
548 1324 955 1395 ὑπερκείμενον.
988 1326 1135 1397 Αὖτη
1170 1329 1262 1382 τοῦ
1294 1332 1612 1387 διδασκάλου
1652 1338 1779 1405 περὶ
1819 1339 1917 1409 τῆς

346 1410 437 1462 τοῦ
490 1413 785 1482 ἀγεννήτου
841 1417 1169 1489 σημασίαςή
1222 1420 1459 1487 ἔκθεσις,
1498 1428 1604 1480 Καὶ
1646 1430 1725 1481 ὅτι
1765 1429 1917 1481 οὐδὲν

346 1502 449 1567 ἔξω
494 1505 593 1574 τῆς
636 1505 887 1576 ἀληθείας
930 1506 1077 1577 αύτῷ
1108 1512 1235 1580 παρ’
1272 1514 1427 1583 ήμῶν
1474 1519 1914 1591 μεμαρτύρηται,

346 1592 513 1663 αὐτὴν
541 1594 632 1647 ἐπὶ
660 1597 943 1672 ,ῥημάτων
994 1598 1090 1668 τὴν
1136 1601 1262 1672 περὶ
1328 1605 1518 1659 τούτου
1569 1610 1724 1679 ῥῆσιν
1756 1610 1917 1683 ἐκθή-

345 1701 524 1754 σομαι.

2016 617 2285 685 cujusque
2325 615 2533 667 notioni
2566 613 2632 667 de
2677 612 2785 667 Deo
2821 615 2950 667 illud
2983 614 3255 682 accipere:
3284 614 3423 681 quod
3448 613 3589 668 Deus

2012 715 2121 772 est,
2156 722 2221 760 ex
2254 720 2362 775 quo
2394 704 2656 765 Adamus,
2692 719 2798 756 non
2844 703 2909 756 ad
2955 701 3365 756 similitudinem
3400 718 3587 756 eorum

2020 813 2251 867 quorum
2302 797 2617 865 geneamgia
2671 796 2909 849 humano
2968 810 3117 848 more
3172 795 3442 864 descripta
3486 806 3588 859 est,

2019 889 2137 958 ipse
2167 904 2233 943 ex
2261 887 2370 941 alio
2394 886 2760 941 substantiam
2796 886 2976 950 habet,
3003 886 3257 954 quoniam
3306 886 3447 939 enim
3474 900 3591 938 om-

2019 980 2108 1030 nia
2144 987 2530 1047 percurrentes
2560 975 2830 1028 narrando
2863 974 3029 1027 Deum
3062 982 3183 1043 post
3206 976 3387 1028 omnia
3414 984 3593 1029 mente

2020 1068 2289 1136 capimus,
2316 1067 2557 1120 omnium
2583 1065 2908 1135 principium
2953 1064 3335 1119 intelleximus.
3376 1063 3591 1118 Princi-

2021 1158 2166 1227 pium
2200 1164 2378 1210 autem
2418 1170 2578 1208 omne
2602 1153 2647 1205 si
2679 1155 2896 1223 quidem
2929 1170 2990 1207 ex
3048 1155 3152 1207 alio
3192 1156 3421 1224 quodam
3460 1171 3592 1225 pen-

2020 1247 2164 1309 deat,
2200 1243 2532 1314 principium
2581 1257 2686 1294 non
2740 1251 2842 1295 est.
2880 1242 3046 1311 lgitur
3097 1246 3418 1314 principium
3473 1249 3594 1302 uni-

2020 1338 2165 1391 versi
2192 1334 2332 1390 Deus
2363 1351 2377 1396 ;
2422 1349 2596 1402 neque
2626 1333 2919 1403 quidquam
2953 1344 3035 1388 est
3068 1336 3211 1405 quod
3240 1353 3402 1406 supra
3447 1340 3595 1407 priu-

2022 1427 2224 1498 cipium
2261 1426 2505 1479 omnium
2560 1424 2818 1477 constitui
2864 1426 3055 1492 possit.
3090 1424 3211 1478 llaac
3262 1428 3498 1480 doctoris
3526 1427 3593 1480 de

2022 1515 2246 1587 ingeniti
2279 1513 2677 1584 signiﬁcatione
2701 1513 2993 1581 expositio.
3030 1512 3093 1566 Et
3145 1516 3287 1582 quod
3326 1516 3461 1569 nihil
3491 1533 3591 1570 ex-

2022 1613 2108 1661 tra
2138 1605 2419 1660 veritatem
2455 1604 2557 1673 ipsi
2621 1620 2650 1656 a
2713 1604 2871 1658 nobis
2922 1605 3243 1658 attributum
3272 1619 3377 1671 est,
3419 1608 3592 1678 ipsam

2025 1696 2094 1751 de
2130 1697 2233 1750 hoc
2256 1698 2323 1750 ad
2363 1696 2528 1750 verba
2571 1694 2865 1749 dictionem
2900 1713 3193 1766 exponam.

436 1792 493 1843 '0
516 1760 904 1858 εὐαγγελίστὴς
930 1828 945 1852 ,
992 1789 1150 1859 φησὶ,
1179 1788 1412 1851 Λουκᾶς,
1445 1788 1542 1859 τὴν
1576 1791 1716 1873 κατά
1746 1791 1925 1862 σάρκα

2102 1784 2281 1839 Lucas
2306 1786 2662 1854 evangelista,
2682 1785 2883 1854 inquit,
2903 1788 3266 1857 genealogiam
3298 1788 3595 1842 secundum

358 1879 703 1947 γενεαλογίαν
762 1878 855 1931 τοῦ
907 1877 1041 1931 Θεοῦ
1098 1878 1189 1931 καὶ
1237 1879 1485 1949 Σωτῆρος
1531 1880 1686 1949 ἡμῶν
1752 1880 1927 1953 Ἰησοῦ

361 1968 590 2040 Χριστοῦ
625 1970 1004 2041 ἐκτιθέμενος,
1046 1972 1138 2023 καὶ
1179 1971 1287 2023 ἀπὸ
1327 1972 1433 2024 τῶν
1481 1971 1798 2026 τελευταίων
1837 1975 1929 2027 ἐπὶ

354 2058 761 2130 τοὺςνπρώτους
806 2060 1161 2124 ἀναποδίζων,
1192 2060 1395 2131 ἤρξατο
1430 2062 1527 2132 μὲν
1554 2064 1659 2114 ἀπὸ
1687 2064 1779 2117 τοῦ
1820 2064 1928 2118 Ἰω-

360 2152 464 2221 σήφ
486 2168 500 2181 °
534 2150 703 2204 εἰπὼν
731 2151 787 2204 δὲ
813 2151 999 2204 τοῦτον
1029 2152 1122 2204 τοῦ
1162 2153 1331 2217 Ἠλεὶ,
1375 2153 1465 2205 τὸν
1496 2153 1552 2205 δὲ
1590 2154 1681 2206 τοῦ
1707 2154 1926 2208 Mattio

358 2246 450 2296 καὶ
483 2243 625 2297 οῦτω
658 2243 801 2297 κατά
833 2244 1095 2297 ἀνάϐασιν
1122 2246 1255 2314 πρὸς
1284 2246 1373 2298 τὸν
1412 2245 1581 2316 Ἀδάμ
1606 2247 1704 2316 τὴν
1733 2248 1928 2318 ἐξήγη-

361 2354 443 2389 σιν
474 2336 770 2404 ἐπαγαγὼν
795 2354 807 2366 ·
847 2331 966 2389 εἶτα
1001 2337 1167 2389 ἐλθὼν
1199 2339 1293 2390 ἐπὶ
1325 2339 1449 2399 τοὺς
1478 2338 1589 2391 ἄνω
1616 2339 1707 2390 καὶ
1738 2338 1923 2401 εἰπὼν,

356 2428 435 2479 ὅτι
474 2428 530 2479 Ὀ
564 2428 670 2496 Σὴθ
718 2430 782 2481 ὲκ
818 2428 911 2481 τοῦ
961 2427 1161 2496 Ἀδάμ·
1196 2430 1223 2480 6
1249 2428 1305 2480 δὲ
1347 2427 1516 2497 Ἀδὰμ
1549 2430 1611 2480 ἐκ
1644 2428 1736 2480 τοῦ
1770 2429 1925 2496 Θεοῦ,

359 2519 588 2573 ἐνταῦθα
631 2520 731 2590 τῆς
780 2518 1093 2581 ἀναϐάσεως
1130 2518 1333 2588 ἔληξεν.
1365 2519 1574 2592 Ὥσπερ
1603 2515 1693 2572 οὖν
1727 2523 1929 2583 ἐκεῖνος

357 2608 530 2677 εἶπεν,
560 2614 638 2665 ὅτι
672 2616 699 2665 6
738 2611 907 2681 Ἀδὰμ
934 2612 999 2663 ὲκ
1034 2611 1127 2663 τοῦ
1154 2611 1310 2675 Θεοῦ,
1339 2615 1498 2683 ἡμεῖς
1530 2613 1689 2665 αὑτὸν
1721 2614 1927 2684 ἐρωτή-

359 2716 544 2769 σομεν·
572 2700 632 2754 Ὀ
655 2700 711 2754 δὲ
727 2700 855 2763 Θεὸς
880 2702 944 2753 ὲκ
972 2700 1113 2763 τίνος
1140 2717 1155 2767 ;
1187 2696 1312 2770 'Ap‘
1351 2702 1467 2771 οὐχὶ
1498 2702 1784 2771 πρόχειρόν
1813 2702 1927 2753 ἐστι

358 2794 423 2863 τῇ
442 2792 669 2844 ἑκάστου
691 2791 894 2863 διανοίᾳ
918 2793 997 2845 ὅτι
1023 2792 1081 2856 ἐξ
1103 2792 1313 2854 οὐδενός
1336 2810 1350 2858 ;
1380 2790 1441 2843 τὸ
1467 2791 1523 2843 δὲ
1550 2791 1605 2856 ἐξ
1636 2792 1844 2855 οὐδενὸς
1870 2791 1928 2844 τὸ

356 2880 593 2951 ἄναρχον
619 2883 736 2933 ἐστι
759 2881 995 2950 δηλονότι
1025 2899 1039 2913 ο
1071 2880 1131 2934 τὸ
1161 2880 1216 2933 δὲ
1247 2878 1507 2948 ἄναρχον,
1533 2879 1592 2932 τὸ
1618 2879 1926 2950 ἀγέννητον.

367 2974 458 3037 Ὠς
488 2969 580 3026 οὖν
610 2972 702 3025 ἐπὶ
741 2972 848 3024 τῶν
879 2970 1179 3042 ἀνθρώπων
1208 2970 1362 3022 οὐσία
1389 2968 1450 3021 τὸ
1472 2967 1533 3020 ἔκ
1556 2985 1727 3032 τινος,
1759 2969 1928 3033 οὕτως

355 3066 474 3118 οὐδὲ
504 3065 597 3118 ἐπὶ
642 3063 734 3117 τοῦ
763 3062 896 3116 Θεοῦ
942 3062 1049 3121 τῶν
1075 3064 1230 3127 ὅλων,
1272 3062 1459 3116 οὐσίαν
1489 3064 1633 3117 ἐστιν
1667 3064 1839 3116 εἰπεῖν
1870 3065 1929 3117 τὸ

356 3155 667 3226 ἀγέννητον.
695 3155 846 3207 Τίσιν
862 3152 1151 3224 ὀφθαλμοῖς
1183 3154 1262 3207 ἔτι
1284 3153 1416 3224 πρὸς
1444 3154 1534 3208 τὸν
1559 3154 1750 3225 ὁδηγὸν
1777 3153 1929 3224 ὑμῶν

359 3248 690 3302 ἀποϐλέπετε
712 3266 726 3315 ;
748 3247 885 3319 πρὸς
908 3248 1052 3317 ὑμᾶς
1078 3246 1241 3316 λέγω,
1273 3248 1370 3318 τὴν
1398 3248 1505 3300 τῶν
1542 3248 1930 3318 ἀπολλυμένων

359 3341 577 3410 ἀγέλην.
614 3339 734 3402 Πῶς
774 3338 853 3392 ἔτι
882 3338 980 3409 τὴν
1020 3338 1186 3409 ἀκοὴν
1221 3339 1537 3392 ὑποκλίνετε
1570 3339 1645 3409 τῷ
1676 3338 1931 3410 τοιαύτην

361 3432 560 3501 στήλην
593 3418 689 3501 τῆς
719 3429 851 3493 ίδίας
893 3429 1162 3493 ἀναιδείας
1193 3428 1281 3483 διά
1300 3430 1409 3482 τῶν
1437 3430 1609 3498 λόγων
1637 3430 1889 3500 στήσαντι
1913 3448 1928 3497 ;

361 3524 473 3576 Οὐκ
500 3522 816 3593 αἰσχύνεσθε
845 3519 938 3573 νῦν
965 3520 1094 3590 γοῦν
1124 3522 1172 3573 εί
1199 3522 1289 3574 καὶ
1322 3520 1396 3592 μὴ
1423 3522 1681 3593 πρότερον
1706 3522 1932 3593 τοιούτῳ

361 3610 683 3682 χειραγωγῷ
709 3611 844 3683 πρὸς
867 3611 966 3681 τὴν
1000 3609 1253 3679 ἀλήθειαν
1288 3608 1586 3680 χρώμενοι;
1615 3610 1688 3661 Ού
1720 3608 1932 3679 σημείῳ

363 3700 629 3771 χρήσεσθε
661 3698 837 3769 τούτῳ
870 3699 969 3768 τῆς
993 3699 1124 3769 περὶ
1164 3695 1271 3748 τῶν
1314 3696 1594 3766 δογμάτων
1622 3696 1783 3749 αὑτοῦ
1828 3714 1930 3767 μαι

362 3794 499 3856 νίας,
534 3792 612 3863 τῷ
641 3789 781 3844 οὕτω
807 3784 944 3861 πρὸς
968 3788 1064 3861 τὴν
1087 3787 1343 3858 ἀλήθειαν
1374 3786 1535 3840 αὑτὸν
1562 3788 1668 3841 τῶν
1692 3805 1933 3858 γεγραμ-

366 3887 541 3955 μένων
597 3881 963 3952 ἀναισχύντως
1009 3879 1526 3944 ἀντικαθίστασθαι;
1569 3878 1756 3942 Οὕτως
1799 3881 1933 3948 ἡμῖν

365 3972 460 4025 καὶ
487 3972 583 4035 τάς
610 3971 758 4034 θείας
789 3968 1079 4041 ἑρμηνεύει
1116 3969 1333 4037 φωνάς;
1373 3968 1528 4021 Οῦτω
1553 3968 1649 4037 τῆς
1680 3966 1788 4019 τῶν
1818 3966 1936 4035 δογ-

368 4065 553 4132 μάτων
582 4061 837 4133 ἀληθείας
870 4062 1225 4131 προΐσταται;
1280 4059 1367 4122 Ὡς
1414 4058 1736 4129 ἀπελέγχειν
1770 4058 1934 4112 Βασί-

364 4156 506 4209 λειον
538 4157 602 4208 ὲκ
640 4152 733 4207 τοῦ
773 4153 947 4223 πάντη
980 4152 1054 4223 μὴ
1085 4152 1236 4214 ὄντος
1264 4151 1685 4219 γενεαλογοῦντα
1714 4150 1804 4203 τὸν
1843 4149 1936 4203 ὲπὶ

367 4249 585 4300 πάντων
618 4244 748 4297 Θεόν
773 4263 786 4275 ·
808 4243 946 4297 εἴπω
984 4245 1081 4313 τὴν
1115 4244 1243 4313 παρ’
1273 4242 1450 4294 αὐτῶν
1482 4243 1654 4307 ῥῆσιν,
1687 4239 1935 4311 ἐκθῶμαι

366 4338 464 4405 τῆς
492 4335 871 4405 ἀναισχυντίας
892 4334 959 4386 τὰ
984 4335 1225 4403 ῥήματα,
1250 4334 1486 4405 παρίημι
1511 4333 1606 4396 τὰς
1639 4331 1844 4402 ὕϐρεις,
1875 4332 1936 4383 οὐ

2028 1890 2247 1931 carnem
2282 1876 2372 1931 Dei
2407 1885 2459 1930 et
2491 1876 2797 1930 Servaloris
2828 1878 2998 1931 nostri
3042 1876 3165 1932 Jesu
3190 1877 3393 1934 Christi
3427 1896 3594 1949 espo-

2029 1985 2185 2033 nens,
2219 1979 2272 2024 et
2308 1985 2337 2023 a
2366 1971 2658 2036 postremis
2698 1971 2762 2023 ad
2798 1970 3035 2039 primum
3067 1972 3330 2038 repedans
3360 1974 3474 2028 sive
3507 1990 3597 2028 re-

2030 2061 2389 2129 trogrediens,
2428 2076 2457 2114 a
2489 2060 2729 2129 Joseplio
2767 2060 2988 2130 quidem
3024 2077 3184 2117 orsus
3206 2071 3327 2117 est:
3369 2081 3490 2118 cum
3516 2066 3600 2118 di—

2030 2151 2201 2205 xisset
2224 2161 2402 2205 autem
2437 2153 2587 2205 hunc
2620 2150 2770 2216 lleli,
2807 2161 2858 2205 et
2894 2153 3034 2206 hunc
3062 2145 3307 2221 Mattatli,
3342 2168 3391 2210 et
3414 2158 3600 2227 sieper

2029 2256 2314 2295 ascensum
2334 2242 2401 2296 ad
2417 2241 2681 2295 Adamum
2705 2245 3071 2298 narrationem
3088 2246 3388 2311 adducens,
3405 2250 3602 2306 deinde

2028 2348 2151 2385 cum
2186 2335 2424 2386 venisset
2456 2332 2520 2384 ad
2562 2348 2840 2397 summos,
2883 2342 2936 2387 et
2987 2336 3214 2392 dixiSset
3264 2338 3485 2393 Sethum
3533 2358 3597 2395 ex

2028 2424 2257 2489 Adamn,
2296 2424 2471 2493 ipsum
2515 2431 2694 2477 autem
2722 2425 2989 2479 Adamum
3028 2444 3093 2481 ex
3131 2428 3259 2492 Deo,
3286 2430 3369 2482 hic
3398 2447 3594 2487 ascen-

2028 2514 2189 2569 dendi
2217 2514 2375 2569 ﬁnem
2406 2513 2551 2569 fecit.
2590 2514 3064 2581 Quemadmodum
3112 2518 3274 2590 igitur
3320 2521 3408 2575 ille
3438 2523 3595 2588 dixit,

2028 2606 2293 2659 Adamum
2325 2621 2390 2658 ex
2422 2604 2551 2670 Deo,
2589 2621 2688 2659 nos
2718 2607 2894 2675 ipsum
2945 2607 3427 2681 interrogabimus,
3473 2616 3595 2683 Ipse

2028 2710 2156 2750 vero
2191 2694 2331 2749 Deus
2367 2710 2430 2749 ex
2460 2695 2603 2764 quo?
2630 2695 2828 2749 Annon
2878 2706 3188 2767 promptum
3216 2706 3302 2755 est
3331 2703 3598 2773 cujusque

2028 2785 2339 2855 cogitationi
2383 2784 2526 2854 quod
2582 2800 2645 2839 ex
2682 2785 2870 2840 nullo?
2903 2786 3058 2852 Quod
3102 2798 3284 2844 autem
3339 2808 3403 2846 ex
3436 2795 3589 2847 nullo

2028 2882 2129 2936 est,
2163 2874 2217 2927 id
2246 2872 2496 2927 videlicet
2530 2872 2781 2943 principii
2807 2890 3023 2943 expers.
3058 2874 3213 2942 Quod
3236 2891 3415 2934 autem
3450 2884 3602 2952 prin-

2030 2965 2155 3034 cipii
2186 2980 2402 3036 expers,
2441 2965 2738 3035 ingenitum
2764 2974 2848 3021 est
2877 2985 2889 3020 :
2924 2977 2983 3019 ut
3008 2967 3174 3037 igitur
3202 2971 3255 3024 in
3282 2971 3601 3032 hominibus

2032 3058 2269 3114 essentia
2304 3056 2448 3126 quod
2478 3065 2560 3111 est
2585 3072 2651 3111 ex
2683 3057 2887 3127 aliquo,
2921 3059 3001 3113 sic
3033 3074 3208 3129 neque
3249 3062 3304 3115 in
3338 3063 3444 3119 Deo
3475 3068 3600 3121 uni-

2032 3164 2316 3205 versorum
2347 3148 2642 3202 essentiam
2680 3148 2806 3201 licet
2844 3148 3051 3213 dicere,
3085 3152 3230 3220 quod
3274 3154 3601 3225 ingenitum.

2033 3239 2243 3305 Quibus
2274 3239 2452 3293 oculis
2475 3238 2654 3292 adhuc
2690 3238 2757 3292 ad
2790 3238 2984 3294 ducem
3027 3252 3267 3298 vestrum
3327 3250 3605 3318 aspicitis?

2034 3331 2099 3385 ad
2134 3345 2230 3384 vos
2264 3330 2409 3393 dico,
2435 3329 2776 3399 pereuntium
2815 3345 3056 3399 gregem.
3106 3332 3390 3397 Quomodo
3439 3354 3601 3396 aures

2035 3424 2312 3478 inclinatis
2337 3424 2385 3477 ei
2413 3423 2507 3492 qui
2551 3422 2711 3476 talem
2743 3423 3053 3476 columnam
3088 3440 3201 3480 sua:
3255 3428 3606 3499 impudentia:

2033 3530 2130 3585 per
2180 3515 2279 3569 bos
2348 3529 2630 3569 sermones
2680 3513 2908 3567 statuit?
2938 3512 3055 3569 Non
3090 3519 3252 3572 etiam
3273 3524 3380 3577 'vos
3442 3525 3606 3591 pudet

2033 3621 2180 3660 nunc
2239 3620 2410 3671 sane,
2472 3605 2520 3659 si
2582 3603 2746 3659 etiam
2814 3619 2925 3659 non
2992 3607 3190 3675 prius,
3256 3611 3348 3665 tali
3409 3628 3607 3668 manu-

2034 3698 2263 3751 ductore
2317 3696 2384 3750 ad
2443 3696 2725 3750 veritatem
2783 3698 3176 3754 utenteshion
3224 3703 3325 3757 hoc
3379 3708 3606 3762 utemini

2036 3788 2197 3859 signo
2228 3787 2457 3841 insaniae
2479 3786 2545 3840 de
2578 3785 2815 3841 decretis
2842 3788 3038 3856 ipsius,
3062 3791 3205 3859 quod
3238 3793 3317 3848 sic
3342 3795 3604 3852 adversus

2044 3880 2327 3936 veritatem
2358 3880 2689 3950 scriptorum
2722 3879 3066 3950 impudenter
3093 3898 3153 3937 se
3197 3884 3315 3955 ipse
3339 3893 3609 3959 opponat?

2037 3971 2119 4026 sic
2152 3969 2313 4024 nobis
2348 3968 2563 4023 divinas
2590 3982 2755 4023 voces
2794 3969 3220 4039 interpretatur?
3242 3975 3323 4031 sic
3359 3980 3607 4036 veritatis

2038 4064 2382 4118 decretorum
2466 4059 2723 4115 defensor
2792 4068 2849 4116 et
2907 4072 3148 4118 assertor
3218 4071 3469 4135 prostat?
3550 4080 3609 4125 ut

2037 4153 2296 4208 Basilium
2333 4150 2717 4221 reprehendat,
2747 4151 2840 4221 qui
2868 4168 2933 4206 ex
2961 4168 3027 4207 eo
3056 4155 3199 4222 quod
3232 4159 3459 4214 omnino
3496 4177 3607 4215 non

2036 4254 2116 4299 est
2142 4243 2509 4314 genealogiam
2546 4241 2658 4304 Dei,
2682 4242 2775 4312 qui
2803 4251 2888 4297 est
2921 4243 2975 4297 in
3009 4246 3283 4311 omnibus,
3309 4261 3605 4305 recenseat.

2040 4331 2278 4386 Dixerim
2316 4332 2559 4400 ipsorum
2597 4330 2911 4395 dictionem,
2947 4332 3293 4399 exposuerim
3326 4333 3610 4403 impuden.

371 4428 654 4497 μέμφομαι
684 4428 802 4488 ταῖς
832 4424 1119 4494 λοιδορίαις
1138 4442 1149 4453 ·
1168 4425 1232 4477 ού
1262 4424 1369 4496 γάρ
1398 4424 1658 4495 αἰτιῶμαι
1689 4425 1780 4476 τὸν
1805 4424 1929 4475 ὀδω-

2040 4424 2128 4478 tiae
2161 4423 2344 4487 verba,
2381 4431 2642 4492 prazlereo
2668 4421 3050 4483 contumelias,
3088 4437 3197 4476 non
3241 4438 3441 4479 accuso
3476 4442 3608 4481 con.

365 4518 493 4570 δότα
525 4516 602 4585 τῷ
636 4515 863 4585 στόματι
891 4555 906 4580 ,
938 4516 1019 4568 ὃτι
1060 4514 1434 4579 ὅδωδεν,-ούδὲ
1464 4516 1552 4569 τὸν
1594 4515 1671 4586 τῷ
1722 4513 1936 4585 σώματι

367 4610 572 4679 λελωϐη
582 4609 758 4679 μένον,
783 4609 862 4660 ὅτι
890 4605 1209 4677 λελώϐηται.
1238 4607 1319 4659 Τά
1347 4606 1454 4677 γὰρ
1476 4607 1699 4661 τοιαῦτα
1726 4606 1938 4676 φύσεώς

368 4706 517 4755 ἐστιν
555 4702 878 4771 ἀτυχήματα
902 4739 918 4764 ,
947 4698 1043 4769 τὴν
1074 4699 1223 4769 παρά
1244 4699 1351 4751 τῶν
1376 4699 1500 4752 νοῦν
1526 4700 1752 4767 ἑχόντων
1796 4702 1937 4770 μέμ-

366 4793 459 4859 ψιν
506 4791 861 4859 ἐκφεύγοντα.
911 4788 1117 4843 Οὐκοῦν
1172 4792 1205 4859 ἠ
1258 4788 1351 4842 τοῦ
1393 4788 1633 4860 ὑϐρίζειν
1695 4791 1936 4859 σπουδὴ,

368 4882 645 4951 λογισμῶν
675 4884 818 4933 ἐστιν
846 4878 1141 4951 ἀρρωστία,
1172 4880 1264 4932 καὶ
1287 4879 1585 4948 δυσκληρία
1613 4880 1787 4949 ψυχῆς
1805 4919 1818 4942 ,
1850 4881 1939 4932 τὸν

369 4972 683 5040 ὑγιαίνοντα
730 4969 984 5039 λογισμὸν
1028 4967 1429 5038 λελωϐημένης.
1479 4969 1665 5032 Οὐδεὶς
1704 4966 1796 5022 οὖν
1850 4987 1939 5040 μοι

368 5064 521 5129 λόγος
553 5055 626 5115 ὧν
652 5060 1033 5131 λελοιδόρηται,
1068 5058 1205 5111 ἀλλά
1229 5058 1325 5129 τὴν
1353 5059 1583 5130 σφοδρὰν
1608 5061 1821 5129 ἐκείνην
1848 5062 1941 5113 καὶ

368 5152 577 5220 ἄμαχον
598 5150 688 5202 τοῦ
710 5148 1064 5219 συλλογισμοῦ
1086 5147 1309 5219 πλοκὴν,
1338 5148 1402 5201 δι’
1424 5144 1491 5220 ἦς
1518 5149 1613 5221 τὴν
1635 5150 1754 5203 καθ’
1783 5152 1941 5221 ἡμῶν

370 5241 705 5312 κατηγορίαν
759 5240 892 5310 πρὸς
954 5240 1045 5293 τὸν
1095 5239 1294 5293 σκοπὸν
1344 5239 1537 5293 ἑαυτοῦ
1588 5242 1939 5312 συνεπέρανε,

369 5333 662 5404 διαρῤήδην
700 5332 894 5402 γράψω
933 5333 1050 5384 κατ’
1089 5332 1227 5385 αύτά
1265 5331 1332 5385 τὰ
1378 5334 1619 5403 ῥήματα.
1656 5332 1768 5385 ’Ίνςι
1806 5333 1939 5404 γάρ,

372 5427 539 5496 φησὶ,
578 5425 652 5495 μὴ
678 5424 891 5494 κωλυθῇ
923 5424 1013 5476 τὸν
1046 5424 1173 5476 Υἰὸν
1218 5424 1281 5476 ἐκ
1317 5422 1604 5494 μετουσίας
1640 5423 1811 5474 εἰπεῖν
1846 5422 1941 5475 τοῦ

372 5519 545 5581 ὄντος,
576 5517 796 5588 λέληθεν
828 5515 1053 5582 ἑαυτὸν,
1088 5515 1179 5568 τὸν
1210 5516 1302 5568 ἐπὶ
1338 5515 1554 5567 πάντων
1588 5514 1719 5566 Θεὸν
1757 5514 1820 5566 ἐκ
1848 5513 1941 5566 τοῦ

376 5608 553 5677 πάντη
588 5608 661 5679 μὴ
693 5608 842 5671 ὄντος
892 5606 1079 5661 εἰπών.
1129 5606 1191 5658 Εἰ
1223 5604 1332 5677 γὰρ
1363 5605 1423 5658 τὸ
1460 5606 1623 5675 μηδὲν
1648 5604 1725 5674 τῷ
1769 5605 1942 5677 πάντη

380 5698 456 5774 μὴ
488 5698 601 5751 ὄντι
622 5697 787 5753 ταὺτὸ
808 5696 944 5751 κατά
970 5695 1066 5770 τὴν
1094 5696 1320 5763 ἔννοιαν,
1353 5696 1458 5750 τῶν
1484 5697 1537 5750 δὲ
1560 5694 1941 5766 ἰσοδυναμούν-

2022 4516 2175 4589 vicia
2207 4522 2259 4569 et
2291 4514 2488 4584 probra
2508 4552 2522 4576 ,
2560 4527 2668 4566 non
2699 4504 2861 4580 culpo
2890 4527 3012 4566 eum
3063 4514 3156 4582 qui
3185 4504 3292 4569 olet
3318 4530 3433 4581 ore,
3463 4520 3610 4586 quod

2038 4605 2231 4668 olevit,
2280 4619 2459 4673 neque
2491 4616 2721 4671 corpore
2754 4603 3000 4655 vitiatum
3034 4611 3087 4657 et
3129 4604 3432 4658 mutilatum
3465 4608 3613 4676 quod

2046 4697 2274 4750 mutilus
2306 4703 2409 4749 est.
2442 4692 2594 4746 Talia
2643 4693 2786 4746 enim
2839 4702 2967 4748 sunt
3024 4702 3234 4748 natura:
3289 4694 3611 4765 infortunia,

2039 4805 2159 4859 quae
2182 4787 2508 4857 vituperium
2543 4801 2572 4837 a
2606 4785 2970 4856 prudentibus
3004 4784 3293 4855 eﬂugiunt.
3324 4786 3466 4858 Ergo
3486 4806 3614 4847 con.

2043 4879 2262 4932 tumelia
2296 4874 2560 4931 alliciendi
2590 4875 2830 4930 studium
2880 4877 3108 4931 rationis
3154 4886 3236 4931 est
3268 4878 3499 4943 insania,
3530 4891 3613 4936 at-

2042 4986 2149 5041 que
2176 4969 2340 5022 animi
2377 4983 2507 5022 sana
2557 4967 2769 5022 ratione
2812 4966 2987 5021 vitiati
3025 4968 3405 5026 infortunium.
3454 4972 3613 5027 Nulla

2044 5061 2208 5132 igitur
2230 5059 2359 5113 mihi
2387 5059 2458 5113 sit
2479 5059 2618 5112 ratio
2644 5058 2764 5128 ejus
2787 5060 3182 5127 conviciorum,
3213 5064 3307 5118 sed
3327 5063 3613 5117 vehemen-

2042 5160 2150 5207 tem
2184 5152 2332 5204 illum
2363 5150 2904 5221 etinexpugnabilem
2934 5153 3364 5208 ratiocinationis
3387 5170 3611 5216 nexum,

2050 5262 2142 5314 per
2179 5260 2337 5315 quem
2365 5252 2557 5299 contra
2587 5260 2685 5300 nos
2712 5246 3116 5301 accusationem
3148 5246 3212 5298 ad
3243 5261 3468 5315 scopum
3497 5261 3615 5314 per-

2046 5338 2222 5402 duxit,
2258 5337 2448 5391 iisdem
2508 5336 2688 5393 verbis
2719 5345 2905 5407 aperte
2934 5339 3189 5392 scribam.
3230 5334 3296 5389 Ut
3338 5337 3505 5397 enim,
3538 5338 3615 5392 inv

2042 5431 2180 5500 quit,
2225 5446 2332 5482 non
2366 5429 2701 5498 prohibitum
2737 5429 2807 5483 sit
2850 5426 3044 5479 Filium
3083 5426 3265 5479 dicere
3294 5442 3357 5480 ex
3394 5429 3615 5496 partici~

2043 5520 2262 5589 patione
2296 5519 2415 5588 ejus
2440 5521 2530 5587 qui
2560 5525 2665 5583 est,
2698 5517 2853 5570 latuit
2884 5515 3058 5583 ipsum
3084 5515 3267 5569 dicere
3302 5516 3490 5584 Deum,
3519 5521 3611 5589 qui

2043 5618 2129 5665 est
2184 5611 2237 5664 in
2295 5609 2551 5663 omnibus
2582 5622 2647 5660 ex
2678 5620 2743 5659 eo
2792 5604 2936 5674 quod
2992 5604 3210 5673 penitus
3250 5622 3356 5661 non
3407 5616 3508 5662 est.
3552 5609 3611 5664 Si

2045 5700 2189 5759 enim
2216 5700 2350 5754 nihil
2381 5700 2519 5753 idem
2555 5704 2637 5753 est
2672 5710 2795 5750 cum
2828 5710 2892 5749 eo
2911 5695 3055 5769 quod
3082 5711 3309 5767 prorsus
3341 5714 3447 5755 non
3502 5692 3624 5767 est,
