4056 6146
452 327 592 393 1119

1688 321 1740 374 S.
1790 318 2114 377 GREGOBII
2172 316 2466 372 NYSSENI

3575 316 3714 370 H20

454 444 760 501 secundum
802 440 1208 510 significatum;
1257 456 1445 496 eorum
1478 449 1656 496 autem
1708 457 1828 511 qua:
1858 458 2034 511 aequa-

2140 457 2248 492 των
2279 438 2554 501 ἀκώλυτος
2586 438 2618 506 ἡ
2649 435 2970 508 μετάληψις,
2999 438 3027 489 ό
3057 436 3230 506 λέγων
3252 435 3310 503 ἐξ
3333 435 3545 498 οὐδενὸς
3575 435 3714 489 εἶναι

459 536 579 587 liter
621 533 822 601 pollent
846 532 1014 585 libera
1053 538 1136 585 est
1167 531 1584 600 transsumptio,
1633 547 1810 601 neque
1845 533 2032 602 prohi-

458 628 656 688 betur;
693 623 784 690 qui
817 621 952 674 dicit
1009 621 1176 676 Deum
1211 637 1278 675 ex
1332 622 1504 685 nullo,
1537 637 1600 676 ex
1643 637 1708 676 eo
1734 623 1878 692 quod
1907 623 2034 676 fun-

455 713 602 765 ditus
637 727 742 764 non
767 718 850 764 est
899 709 1030 764 dicit
1090 709 1254 765 Deum
1292 726 1433 764 esse.
1489 712 1565 763 Ad
1598 712 1818 780 aliquod
1847 727 2035 766 eorum

447 817 567 870 quae
591 810 720 855 sunt
752 802 897 854 dicta
930 801 1082 870 prius
1115 801 1303 855 oculos
1339 809 1746 856 convertemus.

517 891 670 957 Quod
731 908 799 946 ex
852 892 1264 961 participatione
1316 891 1407 945 Dei
1462 890 1657 946 Filium
1722 901 1897 962 putat,
1952 891 2039 946 his

447 983 611 1036 etiam
645 983 738 1052 qni
764 997 871 1036 non
897 983 998 1036 hoc
1037 982 1313 1051 accipiunt
1356 984 1466 1038 oris
1504 986 1585 1037 sui
1617 985 2038 1054 graveolentiam

448 1076 730 1144 inspergit,
756 1075 839 1128 vel
859 1083 1069 1144 turpem
1091 1083 1143 1128 et
1158 1075 1509 1140 somniosam,
1538 1076 1651 1129 sive
1672 1076 2038 1130 turbulentam

448 1166 796 1233 sophismatis
825 1165 1298 1234 compositionem,
1333 1165 1448 1219 sive
1483 1174 1813 1219 structuram
1839 1166 2053 1236 disqui-

449 1271 652 1308 remus.
683 1253 788 1309 Sed
822 1255 1041 1326 quidem
1073 1270 1138 1309 ex
1169 1255 1582 1324 participatione
1612 1257 1808 1312 divina:
1833 1266 2041 1312 natura:

449 1346 720 1398 asciscere
761 1345 920 1408 ﬁlios,
965 1344 1207 1397 solorum
1263 1354 1542 1414 poetarum
1579 1355 1632 1400 et
1676 1347 2041 1402 tabulatorum

447 1449 570 1488 esse
620 1450 778 1488 nemo
823 1434 914 1504 qui
966 1435 1048 1489 vel
1090 1435 1369 1504 paululum
1427 1440 1725 1504 prudentize
1760 1449 1814 1494 et
1843 1441 2040 1499 mentis

449 1523 665 1585 habeat,
710 1523 944 1593 ignorat.
994 1521 1085 1576 Sic
1136 1523 1280 1578 enim
1315 1526 1407 1592 qui
1446 1527 1781 1582 carminibus
1829 1527 2041 1583 fabulas

447 1624 799 1678 connectunt,
830 1613 1095 1684 Dionysos
1141 1614 1404 1684 quosdam
1441 1625 1494 1670 et
1547 1617 1828 1683 Hercules,
1856 1628 1909 1672 et
1940 1619 2040 1672 Mi-

450 1721 581 1760 nocs
615 1722 680 1759 ex
707 1707 1095 1760 dzemoniorum
1128 1708 1415 1776 complexu
1459 1708 1512 1762 in
1548 1710 1783 1763 humana
1812 1725 2038 1780 corpora

2136 529 2232 580 τὸν
2279 529 2430 590 Θεὸν,
2466 529 2531 580 ὲκ
2574 526 2666 580 τοῦ
2707 527 2884 597 πάντη
2929 527 3003 598 μὴ
3049 527 3200 589 ὄντος
3243 520 3380 580 εῖναι
3423 527 3574 592 λέγει
3621 525 3716 579 τὸν

2136 617 2296 671 Θεόν·
2323 621 2458 688 πρός
2494 636 2546 672 τι
2579 619 2694 672 τῶν
2721 617 3026 688 εἰρημένων
3058 619 3320 688 πρότερον
3353 618 3571 688 ίδωμεν.

2208 873 2333 929 Ὀτι
2368 875 2429 927 ὲκ
2464 873 2754 944 μετουσίας
2783 871 2876 926 τοῦ
2921 871 3057 926 Θεοῦ
3099 872 3190 926 τὸν
3226 873 3353 925 Υίδν
3394 872 3588 936 οἴεται,
3622 874 3718 927 καὶ

2135 972 2246 1033 τοῖς
2293 970 2368 1040 μὴ
2405 969 2562 1022 τοῦτο
2587 969 2894 1040 δεχομένοις
2925 964 3270 1028 ὲπισκεδάζει
3310 965 3405 1017 τοῦ
3449 965 3716 1034 στόματος

2139 1061 2331 1116 ἑαυτοῦ
2351 1061 2450 1131 τὴν
2478 1061 2759 1126 δυσωδίαν,
2790 1061 2822 1129 ἢ
2855 1061 2953 1131 τὴν
2974 1057 3186 1128 ψυχρὰν
3217 1059 3312 1110 καὶ
3337 1056 3597 1128 ὀνειρὼδη
3622 1057 3713 1109 τοῦ

2143 1159 2473 1229 σοφίσματος
2495 1157 2769 1226 συνθήκην
2803 1155 3198 1223 διεξετάσομεν.
3244 1153 3383 1205 Ἀλλ’
3416 1155 3499 1204 ὅτι
3536 1153 3634 1221 μὲν
3658 1153 3715 1206 τὸ

2139 1249 2202 1301 ὲκ
2231 1247 2519 1318 μετουσίας
2539 1249 2604 1318 τῇ
2627 1245 2745 1316 θείᾳ
2761 1245 2917 1313 φύσει
2939 1247 3271 1314 προσάπτειν
3291 1243 3459 1306 υἱοὺς,
3480 1243 3716 1312 ποιητῶν

2141 1339 2314 1408 μόνων
2331 1339 2425 1390 καὶ
2457 1336 2842 1408 μυθοπλαστῶν
2865 1338 3034 1392 ἐστιν.
3057 1334 3158 1386 ούκ
3183 1332 3248 1387 ἂν
3274 1332 3494 1402 ἀγνοοίη
3512 1349 3595 1394 τις
3613 1333 3716 1385 τῶν

2137 1428 2382 1491 ὁπωσοῦν
2433 1427 2766 1497 μετεχόντων
2806 1426 3141 1496 φρονήσεως.
3186 1425 3296 1476 Καὶ
3342 1423 3486 1476 οὕτω
3519 1424 3630 1492 γὰρ
3670 1426 3717 1476 oi

2137 1519 2249 1581 τοῖς
2277 1519 2496 1588 μέτροις
2526 1519 2651 1582 τοὺς
2678 1517 2880 1589 μύθους
2902 1517 3221 1586 ένείροντες,
3257 1514 3547 1578 Διονύσους
3569 1515 3717 1578 τινας

2139 1613 2232 1664 καὶ
2271 1611 2573 1682 Ἡρακλέας
2597 1649 2612 1674 ,
2663 1610 2755 1663 καὶ
2796 1609 3054 1670 Μίνωας,
3089 1608 3183 1660 καὶ
3211 1607 3403 1669 ἄλλους
3444 1606 3716 1670 τοιούτους

2141 1702 2205 1754 ὲκ
2235 1701 2521 1770 δαιμονίας
2549 1703 2627 1764 είς
2651 1699 2967 1770 ἀνθρώπινα
3000 1697 3226 1766 σώματα
3259 1697 3579 1767 συμπλοκῆς
3606 1697 3716 1749 δια-

447 1798 787 1868 contingunt,
811 1809 972 1869 atque
1006 1799 1216 1854 caeteris
1240 1800 1550 1856 hominibus
1571 1803 1707 1856 tales
1732 1779 2034 1872 superiores

2143 1792 2465 1852 πλάσσουσι,
2505 1791 2600 1844 καὶ
2640 1789 2991 1861 ὑπεραίρουσι
3024 1788 3133 1841 τῶν
3173 1788 3375 1842 λοιπῶν
3413 1787 3724 1856 ἀνθρώπων

443 1899 498 1944 et
528 1891 868 1960 angustiores
898 1907 997 1945 suo
1038 1893 1279 1946 carmine
1309 1892 1612 1956 celebrant,
1655 1902 1713 1946 ut
1747 1896 2036 1965 participa-

448 1979 595 2032 tione
630 1979 1022 2047 praestantioris
1042 1989 1247 2033 naturae
1263 1980 1385 2049 plus
1413 1981 1696 2038 habeats.
1729 1983 1864 2054 Ergo
1895 1985 2039 2039 hunc

445 2069 661 2135 quidem
695 2083 997 2130 sermonem
1026 2079 1083 2120 ut
1113 2084 1143 2122 e
1169 2068 1330 2121 domo
1365 2071 1615 2124 amentiae
1642 2081 1695 2125 et
1739 2072 2038 2142 impietatis

447 2158 921 2226 reprehensionem
963 2158 1250 2211 habentem
1287 2159 1505 2213 silentio
1541 2160 1818 2215 involvere
1859 2163 2034 2219 decet.

455 2245 560 2299 Sed
628 2248 806 2316 potius
892 2247 1364 2316 inexpugnabilem
1432 2248 1583 2302 illum
1662 2251 2036 2321 syllogismum

447 2338 704 2406 adjicere,
754 2349 810 2391 ut
859 2339 1030 2392 nostri
1087 2338 1365 2407 simplices
1418 2349 1471 2393 et
1510 2340 1744 2409 imperiti
1796 2343 2034 2409 discant,

446 2428 607 2496 quale
633 2437 686 2480 et
724 2437 986 2496 quantum
1015 2427 1108 2496 qui
1140 2428 1466 2484 artiﬁciosas
1491 2431 1893 2489 insinuationes
1926 2452 2035 2491 non

447 2519 772 2577 didicerunt.
803 2519 1060 2572 damnum
1099 2529 1154 2573 et
1185 2519 1567 2576 detrimentum
1613 2525 1759 2593 passi
1788 2537 1935 2581 sunt.
1978 2527 2038 2582 Si

446 2612 587 2664 enim
628 2611 782 2677 nihil,
821 2611 1018 2680 inquit,
1043 2627 1168 2665 cum
1209 2628 1275 2668 eo
1312 2614 1456 2683 quod
1491 2631 1716 2684 prorsus
1767 2633 1874 2672 non
1930 2630 2034 2687 est,

447 2704 587 2756 idem
615 2710 698 2756 est
728 2703 1024 2755 secundum
1058 2718 1316 2758 sensum:
1354 2707 1820 2775 zequipollentium
1855 2717 2036 2763 autem

447 2811 555 2847 non
611 2793 928 2862 prohibetur
981 2795 1412 2864 transsumptio;
1469 2797 1562 2866 qui
1615 2798 1749 2852 dicit
1774 2815 1839 2853 ex
1888 2802 2037 2856 nullo

446 2901 567 2938 esse
609 2883 794 2948 Deum,
823 2899 887 2938 ex
917 2899 980 2938 eo
1014 2887 1159 2951 quod
1200 2902 1309 2940 non
1353 2888 1575 2942 omnino
1625 2897 1708 2942 est
1741 2891 1876 2944 dicit
1917 2907 2038 2948 esse

448 2974 638 3028 Deum.
672 2975 805 3041 Quis
841 2975 989 3028 dedit
1024 2976 1072 3030 ei
1124 2979 1218 3046 qui
1250 2977 1306 3030 in
1340 2994 1441 3032 nos
1490 2979 1895 3035 Aristotelicam
1940 2999 2036 3036 ru-

2140 1883 2265 1945 τοὺς
2289 1879 2561 1942 τοιούτους
2589 1879 2666 1948 τῷ
2707 1878 2869 1949 λόγῳ,
2901 1879 2976 1940 ὡς
3005 1880 3070 1948 τῇ
3105 1879 3362 1949 μετουσίᾳ
3402 1878 3502 1946 τῆς
3533 1878 3716 1948 κρείτ-

2139 1987 2288 2032 τονος
2317 1967 2549 2037 φύσεως,
2580 1968 2641 2020 τὸ
2677 1966 2838 2019 πλέον
2865 1966 3106 2037 ἔχοντας.
3140 1967 3348 2020 Οὐκοῦν
3391 1967 3580 2018 τοῦτον
3621 1968 3718 2036 μὲν

2137 2061 2228 2113 τὸν
2255 2060 2409 2127 λόγον
2436 2059 2508 2121 ὡς
2527 2056 2734 2110 οἴκοθεν
2761 2057 2852 2109 τὸν
2876 2057 2975 2125 τῆς
2996 2057 3180 2119 ἀνοίας
3207 2057 3322 2126 ἅμα
3348 2057 3442 2109 καὶ
3464 2056 3716 2118 ἀσεϐείας

2139 2150 2357 2220 ἔλεγχον
2398 2149 2619 2219 ἔχοντα,
2665 2148 2938 2217 σιωπῆσαι
2985 2149 3272 2218 προσήκει.
3307 2147 3631 2217 Προσθεῖναι
3661 2148 3718 2200 δὲ

2143 2243 2338 2313 μᾶλλον
2371 2242 2456 2294 τὸν
2485 2241 2693 2311 ἄμαχον
2734 2241 2939 2292 ἐκεῖνον
2981 2239 3357 2308 συλλογισμὸν,
3389 2241 3465 2302 ὼς
3508 2239 3574 2293 ἂν
3615 2239 3719 2307 μά-

2145 2339 2286 2392 θοιεν
2331 2340 2380 2392 οἱ
2417 2337 2538 2391 καθ’
2576 2338 2722 2406 ἡμᾶς
2769 2336 3009 2402 ἰδιῶται,
3053 2336 3180 2389 οἴων
3217 2334 3312 2389 καὶ
3349 2338 3490 2388 ὅσων
3533 2338 3580 2388 οἱ
3619 2335 3716 2396 τὰς

2137 2427 2388 2498 τεχνικας
2423 2425 2644 2495 ἐφόδους
2672 2426 2746 2496 μὴ
2788 2424 3170 2487 παιδευθέντες
3221 2423 3627 2494 ἐζημιώθησαν.
3654 2425 3722 2475 Εἰ

2137 2520 2245 2589 γὰρ
2273 2519 2332 2570 τὸ
2359 2517 2543 2587 μηδὲν,
2594 2517 2749 2586 φησὶ,
2779 2515 2855 2586 τῷ
2889 2517 3062 2585 πάντη
3095 2517 3168 2585 μὴ
3209 2516 3320 2569 ὄντι
3349 2516 3547 2568 ταύτὸν
3577 2517 3725 2569 κατὰ

2139 2613 2238 2680 τὴν
2274 2612 2502 2673 ἔννοιαν,
2540 2610 2648 2662 τῶν
2676 2611 2731 2663 δὲ
2757 2608 3212 2679 ίσοδυναμούντων
3239 2609 3515 2670 ἀκώλυτος
3551 2611 3582 2679 ἡ
3613 2626 3712 2679 με-

2138 2703 2371 2772 τάληψις
2393 2720 2406 2734 ο
2443 2704 2471 2755 ὁ
2495 2702 2664 2770 λέγων
2692 2701 2752 2765 ἐξ
2786 2701 2999 2762 οὐδενὸς
3040 2695 3181 2753 εἶναι
3210 2700 3301 2753 τὸν
3333 2699 3484 2762 Θεὸν,
3515 2701 3580 2753 ὲκ
3618 2699 3714 2752 τοῦ

2098 2786 2100 2790 ’
2138 2793 2316 2863 πάντη
2346 2793 2419 2862 μὴ
2442 2792 2593 2854 ὄντος
2623 2789 2764 2845 εἶναι
2791 2791 2939 2860 λέγει
2980 2790 3070 2843 τὸν
3111 2790 3264 2844 Θεὸν.
3307 2790 3404 2853 Τίς
3435 2790 3604 2843 ἔδωκε
3636 2791 3718 2861 τῷ

2136 2883 2233 2954 τὴν
2273 2883 2706 2955 Ἀριστοτελικὴν
2752 2884 2883 2953 ἡμῖν
2931 2881 3132 2952 αἰχμὴν
3168 2882 3466 2935 ὲπισείοντι
3488 2921 3504 2944 ,
3538 2883 3618 2935 ὅτι
3653 2882 3713 2935 τὸ

2147 2973 2326 3042 λέγειν
2355 2972 2479 3026 τινὰ
2501 2971 2712 3048 πατέρα
2742 2973 2817 3042 μὴ
2848 2973 3010 3042 ἔχειν,
3047 2972 3242 3024 ταύτόν
3274 2973 3387 3026 ἐστι
3425 2972 3504 3043 τῷ
3523 2975 3588 3026 ἐκ
3617 2972 3711 3027 τοῦ

449 3067 656 3136 spidem
695 3067 895 3129 vibrat,
933 3067 1116 3122 dicere
1145 3069 1380 3139 aliquem
1428 3080 1638 3141 patrem
1675 3089 1784 3126 non
1837 3074 2034 3129 habere

2142 3064 2317 3134 πάντη
2368 3064 2442 3135 μὴ
2489 3063 2638 3125 ὄντος
2688 3062 2848 3115 αὐτὸν
2899 3060 3269 3128 γεγενῆσθαι;
3317 3063 3375 3115 Ὁ
3424 3063 3531 3130 γάρ
3585 3065 3712 3126 τοὺς

450 3155 590 3210 idem
627 3171 748 3210 esse
768 3172 890 3209 cum
916 3171 981 3210 eo
1011 3159 1152 3226 quod
1191 3167 1276 3213 est
1306 3174 1372 3215 ex
1411 3175 1476 3215 eo
1500 3161 1645 3230 quod
1689 3163 1838 3217 nullo
1881 3165 2042 3221 modo

445 3255 532 3302 est
563 3249 738 3318 ipsum
772 3249 931 3304 esse?
965 3248 1066 3315 Qui
1104 3251 1248 3306 enim
1270 3267 1365 3308 eos
1394 3253 1486 3323 qui
1521 3255 1575 3307 in
1608 3256 1922 3326 genealogia
1959 3273 2042 3312 re-

447 3350 742 3395 censentur
802 3356 829 3394 ο
888 3355 1045 3395 sacra
1113 3341 1400 3414 Scriptura
1463 3344 1657 3398 ordine
1712 3348 2039 3410 numeravit,

449 3444 663 3498 semper
709 3428 826 3498 ejus
858 3431 950 3500 qui
1004 3439 1339 3486 memoratus
1385 3431 1507 3494 fuit,
1564 3434 1900 3502 superiorem
1949 3453 2042 3504 pa-

448 3525 586 3571 trem
632 3532 754 3572 esse
800 3518 1056 3570 nimirum
1097 3517 1370 3586 intelligit.
1407 3515 1546 3583 Quid
1589 3519 1732 3573 enim
1777 3529 1894 3574 erat
1925 3521 2037 3578 lleli

447 3606 717 3677 Joscpho,
765 3608 894 3675 quid
957 3615 1138 3661 autem
1176 3607 1468 3662 Mattathus
1510 3609 1658 3674 Heli,
1702 3613 1831 3682 quid
1875 3616 2037 3668 etiam

448 3700 689 3753 Adamus
716 3697 884 3764 Seth;
926 3712 994 3750 an
1026 3714 1134 3752 non
1179 3699 1342 3753 etiam
1391 3701 1632 3769 puerulis
1681 3703 1832 3758 valde
1867 3707 2039 3759 mani-

451 3790 647 3844 festum
673 3796 725 3844 et
765 3798 975 3852 notum,
1007 3789 1153 3858 quod
1183 3800 1393 3859 patrum
1446 3802 1529 3845 est
1570 3795 1912 3848 enumeratio
1945 3812 2038 3849 co-

449 3896 568 3935 rum
594 3879 685 3948 qui
719 3877 1004 3933 memorati
1033 3886 1183 3942 sunt,
1217 3879 1409 3932 horum
1443 3881 1722 3933 nominum
1753 3883 2038 3937 recensio?

452 3971 508 4026 Si
539 3972 682 4024 enim
740 3968 867 4024 Seth
924 3969 1067 4023 lilius
1120 3969 1333 4033 Adami,
1361 3976 1512 4038 pater
1546 3971 1664 4038 eius
1695 3971 1786 4039 qui
1812 3988 1878 4025 ex
1916 3972 2037 4041 ipso

449 4061 662 4132 genitus
698 4067 780 4114 est
807 4058 996 4127 procul
1038 4057 1202 4112 dubio
1245 4065 1329 4111 est
1359 4057 1635 4130 Adamus,
1675 4059 1754 4113 sic
1783 4059 1871 4113 dic
1905 4057 2033 4114 mihi

448 4153 572 4216 quis
615 4159 768 4220 pater
819 4149 909 4203 Dei
951 4150 1043 4220 qui
1086 4156 1169 4203 est
1203 4164 1369 4220 super
1415 4150 1618 4215 omnia,
1667 4149 1756 4202 dic
1802 4149 2034 4204 interro-

449 4244 619 4314 ganti,
664 4257 854 4311 rumpe
899 4257 1108 4304 vocem,
1147 4239 1438 4308 responde,
1473 4254 1689 4294 omnem
1734 4239 2032 4294 disserendi

450 4345 593 4389 tuam
630 4341 799 4389 artem
830 4333 895 4387 ad
926 4333 1064 4386 hanc
1097 4331 1577 4400 interrogationem
1620 4344 1920 4394 commove.
1949 4331 2033 4384 An

448 4429 690 4502 invenies
737 4427 974 4494 aliquam
1043 4425 1312 4478 rationem
1364 4439 1484 4492 qua:
1545 4423 1899 4492 sophismatis
1953 4429 2030 4480 tui

445 4518 748 4584 captionem
795 4512 1054 4582 ell'ugiat?
1106 4511 1240 4576 Quis
1292 4511 1516 4580 ingeniti
1563 4512 1753 4581 pater?
1797 4513 2030 4566 Potesne

445 4608 626 4661 dicere
664 4606 829 4675 quis?
888 4602 1007 4656 Non
1063 4603 1229 4672 igitur
1275 4601 1567 4672 ingenitus.
1613 4601 1719 4656 Sed
1759 4602 2029 4656 contritus

445 4699 594 4751 dices
657 4711 925 4765 prorsus,
996 4694 1140 4764 quod
1209 4695 1372 4747 etiam
1448 4707 1676 4747 necesse
1729 4704 1832 4758 est,
1882 4692 2025 4760 quod

446 4786 650 4839 nullus.
683 4783 821 4848 Quid
851 4782 1038 4852 igitur,
1089 4779 1440 4844 amicissime,
1476 4795 1545 4834 an
1580 4781 1676 4834 tibi
1726 4780 1806 4835 sic
1849 4781 2028 4836 soluta

443 4883 528 4930 est
561 4875 674 4927 her
715 4875 893 4928 mollis
940 4871 1296 4941 sophismatis
1339 4872 1680 4941 complexio?
1730 4887 1839 4927 non
1871 4872 2028 4927 intel-

445 4962 622 5018 lexisti
651 4969 702 5014 te
743 4963 796 5013 in
831 4972 952 5016 tuos
983 4961 1138 5017 sinus
1161 4960 1505 5030 conspuisse,
1526 4962 1668 5032 quod
1687 4962 1762 5015 ait
1793 4978 2026 5035 magnus

445 5055 700 5119 Basilius,
731 5051 875 5122 quod
907 5052 1177 5120 ingenitus
1201 5067 1268 5106 ex
1295 5051 1445 5105 nullo
1475 5056 1558 5104 est
1593 5049 1772 5120 patre?
1791 5049 1926 5105 Nam
1957 5066 2022 5105 ex

445 5146 691 5215 patribus
739 5141 808 5196 iis
856 5140 948 5210 qui
993 5140 1144 5208 prius
1187 5140 1240 5193 in
1291 5139 1616 5210 genealogiae
1661 5138 2026 5210 descriptione

443 5245 570 5292 sunt
613 5234 892 5297 recensiti,
946 5231 1336 5301 consequentia
1380 5247 1477 5300 per
1523 5231 1575 5285 id
1614 5233 1759 5302 quod
1809 5233 2021 5299 siletur,

439 5328 533 5382 dat
564 5329 735 5399 patris
781 5325 1114 5381 additionem
1155 5339 1255 5394 pro
1295 5321 1551 5377 confesso
1595 5323 1805 5380 haberi.
1842 5322 1922 5378 Tu
1957 5340 2022 5378 ex

440 5420 592 5474 nullo
639 5428 813 5487 patre,
869 5417 1004 5470 nihil
1057 5414 1257 5470 fecisti.
1309 5413 1374 5468 Et
1436 5421 1628 5468 contra
1681 5414 1814 5468 nihil
1853 5415 1920 5469 ad
1969 5415 2023 5470 id

441 5508 586 5578 quod
641 5507 863 5560 omnino
909 5522 1017 5560 non
1069 5513 1152 5560 est
1183 5505 1519 5576 complexus,
1577 5505 1814 5560 solutum
1871 5507 2020 5560 illum

441 5595 812 5661 syllogismum
845 5597 1149 5652 confecisti.
1178 5596 1271 5652 ﬂre
1306 5598 1468 5668 igitur
1499 5596 1674 5652 doctas
1711 5598 1947 5653 solertia:
1969 5609 2022 5654 et

443 5685 752 5738 artiﬁciosae
781 5686 846 5739 ad
877 5694 929 5740 te
962 5687 1376 5745 transferentur.
1422 5689 1556 5754 Quis
1605 5689 1828 5760 ingeniti
1868 5698 2022 5761 pater

2143 3154 2661 3223 γενεαλογουμένους
2697 3152 2848 3222 παρά
2878 3150 2972 3204 τοῦ
3003 3151 3161 3218 λόγου
3191 3151 3423 3222 καθεξῆς
3470 3153 3710 3223 ἀριθμῄ-

2144 3258 2273 3305 σας,
2311 3239 2398 3292 ἀεὶ
2424 3239 2516 3291 τοῦ
2565 3237 3030 3309 μνημονευθέντος
3059 3239 3451 3311 ὑπερκείμενον
3498 3245 3712 3315 πατέρα.

2140 3332 2376 3401 δηλονότι
2408 3333 2534 3385 νοεῖ.
2571 3330 2636 3381 Τί
2669 3329 2777 3399 γὰρ
2809 3325 2878 3400 ἦν
2924 3332 2952 3382 ὁ
3001 3331 3149 3384 Ἠλεὶ
3183 3330 3276 3384 τοῦ
3325 3333 3544 3403 Ἰωσὴφ,
3576 3335 3627 3386 τί
3653 3334 3714 3388 δὲ

2139 3429 2167 3479 ό
2191 3425 2415 3478 Ματτὰθ
2451 3425 2542 3477 τοῦ
2586 3423 2754 3488 Ἠλεὶ,
2784 3422 2911 3475 τίδὲ
2941 3425 2968 3476 ὁ
3010 3423 3178 3494 Ἀδὰμ
3202 3423 3294 3478 τοῦ
3317 3425 3445 3496 Σὴθ,
3469 3423 3558 3497 ἆρ’
3590 3428 3713 3496 οὐχὶ

2141 3515 2400 3584 πρόδηλον
2436 3515 2528 3566 καὶ
2564 3515 2679 3576 τοῖς
2721 3513 2858 3580 ἄγαν
2886 3514 3129 3583 νηπίοις,
3167 3515 3248 3568 ὅτι
3289 3518 3541 3585 πατέρων
3563 3518 3710 3570 ἐστὶν

2138 3606 2513 3675 ἁπαρίθμησις
2555 3606 2583 3657 ὁ
2620 3603 2728 3656 τῶν
2766 3605 3248 3675 μνημονευθέντων
3280 3606 3483 3660 τούτων
3513 3609 3713 3679 ὀνομά-

2136 3715 2243 3750 των
2273 3695 2605 3763 κατὰλογος;
2634 3695 2697 3748 El
2721 3693 2828 3765 γὰρ
2851 3697 2878 3748 ό
2902 3693 3008 3765 Σὴθ
3038 3696 3132 3748 τοῦ
3168 3697 3338 3767 Ἀδὰμ
3365 3698 3499 3762 υἱὸς,
3527 3699 3714 3771 πατὴρ

2135 3789 2229 3842 τοῦ
2277 3788 2334 3854 ἐξ
2375 3787 2539 3840 αὐτοῦ
2577 3785 2972 3856 γεγεννημένου
3018 3787 3234 3850 πάντως
3286 3788 3475 3859 Ἀδάμ.
3522 3790 3712 3854 υῦτως

2135 3879 2255 3932 εἰπέ
2288 3896 2400 3950 μοι,
2427 3877 2633 3931 καὶτοῦ
2670 3877 2763 3930 ἐπὶ
2793 3877 3009 3930 πάντων
3037 3877 3172 3930 Θεοῦ
3214 3879 3394 3950 πατὴρ
3429 3881 3554 3948 τίς;
3587 3883 3712 3934 εἰπὲ

2134 3971 2214 4041 τῷ
2258 3971 2559 4042 ἐρωτῶντι,
2610 3969 2770 4040 ῥῆξον
2805 3969 3007 4040 φωνὴν,
3033 3969 3358 4042 ἀπόκριναι,
3401 3974 3578 4027 πᾶσαν
3610 3975 3711 4040 τὴν

2135 4062 2356 4130 λογικήν
2397 4078 2490 4112 σου
2527 4059 2719 4129 τέχνην
2752 4060 2888 4131 πρὸς
2918 4060 3018 4129 τὴν
3053 4059 3249 4112 πεῦσιν
3275 4059 3482 4132 ταύτην
3520 4064 3711 4131 συγκί-

2135 4169 2325 4223 νησον·
2364 4147 2451 4220 ἆρ’
2485 4151 2732 4220 εὑρήσεις
2777 4150 2899 4203 τινὰ
2932 4150 3086 4220 λόγον
3115 4153 3214 4222 τὴν
3251 4152 3344 4205 τοῦ
3375 4154 3708 4225 σοφίσματός

2137 4261 2229 4296 σου
2250 4243 2415 4313 λαϐὴν
2436 4242 2793 4311 διαφεύγοντα
2819 4262 2832 4309 ;
2858 4244 2940 4306 τίς
2963 4245 2991 4295 ό
3019 4247 3111 4297 τοῦ
3146 4246 3446 4314 ἀγεννήτου
3484 4249 3705 4318 πατήρς

2138 4334 2321 4402 Ἔχεις
2366 4335 2539 4384 εἰπεῖν
2570 4334 2758 4395 ὃστιςς
2796 4332 3004 4386 Οὐκοῦν
3032 4335 3132 4386 ούκ
3175 4336 3492 4407 ἀγέννητος.
3549 4340 3707 4392 Ἀλλὰ

2065 4423 2109 4476 D
2138 4423 2545 4491 συνθλιϐόμενος
2591 4426 2733 4491 ἐρεῖς
2767 4425 2983 4488 πάντως
3008 4466 3022 4489 ,
3054 4426 3082 4478 ὃ
3109 4425 3172 4497 δὴ
3210 4428 3305 4480 καὶ
3350 4429 3526 4481 είς-εῖν
3559 4431 3705 4482 ἐστιν

2132 4513 2441 4580 ἐπάναγκες
2463 4554 2476 4575 ,
2511 4515 2590 4566 ὅτι
2629 4505 2820 4578 οὐδείς.
2854 4516 2919 4568 Τί
2963 4512 3076 4580 οὖν,
3113 4511 3158 4570 ὦ
3207 4518 3454 4586 φίλτατε,
3484 4517 3596 4592 ἆρά
3625 4539 3704 4574 σοι

2129 4605 2279 4660 οὔπω
2307 4604 2520 4658 λέλυται
2555 4607 2586 4676 ἡ
2633 4607 2887 4677 μαλθακὴ
2915 4607 3007 4660 τοῦ
3045 4609 3378 4680 σοφίσματος
3410 4611 3550 4682 αῦτη
3596 4613 3708 4665 διαο

2129 4695 2332 4766 πλοκῆς
2359 4691 2428 4748 Ἀ
2440 4713 2505 4767 ρα
2531 4697 2768 4767 συνῆκας
2795 4701 2906 4761 τοῖς
2943 4698 3095 4763 ίδίοις
3122 4700 3343 4765 κόλποις
3375 4703 3702 4766 ὲνσιελίσας,

2127 4784 2178 4837 τί
2223 4800 2384 4853 φησιν
2409 4785 2436 4836 ὁ
2469 4784 2642 4854 μέγας
2674 4785 2952 4849 Βασίλειος
2979 4826 2993 4850 ,
3037 4786 3121 4840 ὅτι
3181 4787 3237 4841 '0
3271 4789 3568 4860 άγέννητος
3646 4791 3707 4855 ἐξ

2126 4875 2337 4937 οὐδενός
2365 4876 2482 4927 ἐστι
2511 4875 2739 4945 πατρός;
2771 4876 2867 4929 Ἐκ
2899 4878 3010 4948 γὰρ
3040 4879 3146 4932 τῶν
3182 4881 3705 4952 προγενεαλογηθέν-

2126 4980 2233 5016 των
2271 4964 2549 5035 πατέρων,
2590 4967 2626 5036 ἡ
2671 4966 2960 5021 ἀκολουθία
3014 4969 3155 5022 κατὰ
3213 4971 3272 5023 τὸ
3321 4973 3701 5042 σιωπώμενον,

2129 5055 2607 5126 συνομολογεῖσθαι
2649 5057 2830 5111 δίδωσι
2869 5060 2961 5113 τοῦ
2993 5063 3198 5132 πατρὸς
3225 5063 3327 5136 τὴν
3356 5066 3700 5135 προσθήκην.

2126 5148 2196 5200 Σὺ
2228 5149 2287 5200 τὸ
2313 5147 2371 5212 ἐξ
2408 5150 2616 5212 ούδενὸς
2643 5152 2844 5222 πατρὸς
2868 5153 2927 5206 τὸ
2953 5154 3116 5224 μηδὲν
3143 5155 3424 5227 ἐποίησας.
3459 5159 3573 5212 Καὶ
3597 5158 3704 5212 πά-

2124 5235 2207 5288 λιν
2236 5237 2296 5290 τὺ
2328 5239 2492 5308 μηδὲν
2523 5242 2602 5303 είς
2636 5240 2695 5294 τὺ
2737 5241 2910 5312 πάντη
2947 5242 3023 5314 μὴ
3048 5243 3108 5296 ὂν
3138 5245 3466 5299 καταλαϐὼν
3495 5247 3586 5301 τὸν
3627 5249 3704 5302 λε-

2123 5326 2354 5397 λυμένον
2401 5331 2606 5382 ἐκεῖνον
2659 5329 3019 5402 συλλογισμὸν
3058 5333 3449 5405 συνεπέρανας.
3495 5338 3704 5390 Οὐκοῦν

2122 5420 2189 5470 τὰ
2221 5421 2364 5489 σοφὰ
2384 5421 2556 5474 ταῦτα
2582 5423 2677 5491 τῆς
2704 5423 2956 5493 τεχνικῆς
2977 5425 3253 5492 ἀγχινοίας
3279 5426 3418 5496 πρὸς
3454 5427 3513 5480 σὲ
3539 5445 3705 5497 μεταο

2124 5509 2400 5579 χθήσεται.
2437 5513 2531 5575 Τίς
2560 5512 2652 5565 τοῦ
2683 5514 2978 5584 ἁγεννήτου
3019 5516 3225 5587 πατὴρ,
3247 5519 3467 5589 ὲρωτῶς
3496 5519 3702 5586 Οὐδεὶς,

2122 5603 2266 5669 ἐρεῖς
2311 5605 2446 5656 κατὰ
2477 5608 2654 5658 πᾶσαν
2684 5607 2948 5676 ἀνάγκην.
2997 5609 3054 5659 Ὀ
3102 5607 3210 5678 γὰρ
3243 5610 3542 5680 ὰγέννητος
3604 5629 3699 5663 πα-

2123 5691 2254 5760 τέρα
2283 5692 2495 5756 πάντως
2527 5695 2624 5747 οὐκ
2658 5695 2789 5764 ἔχει.
2825 5697 2886 5748 ΕΞ
2916 5695 3090 5749 τοίνυν
3137 5697 3308 5760 οὐδεὶς
3339 5697 3435 5750 τοῦ
3475 5696 3698 5767 ἀγεννή-
