4020 6140
268 294 393 349 Ηὲί

1422 280 1699 338 CONTRA
1737 277 2116 342 ΗΖΝΟΜΙΙΣΜ,
2160 277 2286 331 LIB.
2317 275 2425 329 XII.

3372 276 3509 330 “2‘2

265 427 356 463 του
414 415 613 476 πατὴρ,
656 412 711 459 τὸ
748 407 800 458 δὲ
840 405 1025 469 οὐδε-ί,
1068 404 1216 473 παιρὰ
1245 403 1334 455 σοῦ
1374 404 1507 471 πρὸς
1536 402 1596 452 τὸ
1635 398 1825 467 μηδὲν

1935 397 2249 465 interrogo?
2280 396 2483 459 nullus,
2518 393 2665 446 dices
2700 391 3026 445 necessario.
3052 392 3155 456 Qui
3185 395 3326 448 enim
3358 396 3506 464 inge-

271 499 594 568 μετελήφθη·
615 497 672 549 τὸ
694 497 750 548 δὲ
766 496 959 565 μηδὲν
981 496 1119 548 κατὰ
1136 496 1224 547 τὸν
1250 494 1339 546 σὺν
1359 494 1513 559 λόγον
1536 492 1613 559 τῷ
1629 489 1819 552 πάι-πη

260 586 347 654 μὴ
373 586 495 637 ὄντι
520 585 711 636 ταύτόν
740 587 855 637 ἐστι
890 584 1027 637 κατὰ
1052 588 1149 654 τὴν
1183 584 1403 635 ἔννοιαν.
1444 580 1741 640 Ἀκώλυτος
1770 578 1824 629 δὲ

267 675 883 744 τῶνίίσοδυναμούντων,
914 674 1095 737 καθὼς
1133 673 1256 743 φῂς,
1291 677 1323 744 ἡ
1368 673 1684 743 μετάληψις.
1716 672 1825 724 Καὶ

267 767 432 818 εἰπὼν
458 766 535 818 ὃτι
578 766 749 827 οὐδείς
789 768 903 818 ἐστι
934 764 1027 818 τοῦ
1059 765 1348 833 ἀγεννήτου
1389 763 1595 833 πατὴρ,
1631 763 1694 813 ὲκ
1730 760 1823 812 τοῦ

267 858 441 926 πάντη
478 858 550 927 μὴ
571 858 720 920 ὄντος
750 858 894 925 λέγει
924 857 1014 909 τὸν
1040 857 1131 908 ἐπὶ
1154 856 1369 908 πάντων
1396 854 1545 907 Θεόν.
1576 853 1827 906 Τοιοῦτον

268 948 341 1011 ὠς
388 947 563 1001 ἔοικέν
606 951 750 1000 ἐστιν
772 989 787 1012 ,
825 942 869 1000 ὦ
902 947 1151 1017 Εὐνόμιε,
1186 948 1384 999 κακόν·
1424 948 1536 1006 τοῖς
1580 948 1691 1006 σοῖς
1720 944 1827 1014 γὰρ

268 1041 539 1110 χρήσομαι
568 1038 745 1106 λόγοις
769 1055 783 1069 ·
817 1039 875 1091 οὐ
907 1038 966 1091 τὸ
996 1038 1168 1090 δοκεῖν
1201 1033 1337 1090 εἶναι
1377 1036 1556 1103 σοφὸν,
1594 1035 1700 1105 πρὸ
1733 1034 1827 1087 τοῦ

270 1125 405 1180 εἶναι
432 1127 810 1196 τετιμηκέναι·
848 1126 1039 1196 μικρὸν
1084 1128 1211 1188 ἴσως
1241 1124 1301 1177 τὸ
1331 1125 1570 1177 τοιοῦτον
1600 1124 1679 1186 εἰς
1704 1123 1829 1175 δυσ-

268 1218 479 1286 τυχίαν,
515 1216 649 1269 ana
696 1216 756 1268 τὸ
790 1216 978 1268 ἑαυτὸν
1008 1216 1240 1283 ἀγνοεῖν,
1292 1215 1382 1266 καὶ
1430 1214 1502 1284 μὴ
1543 1212 1829 1281 γινώσκειν

269 1311 393 1361 ὅσον
423 1308 571 1360 ἐστὶν
603 1308 661 1359 τὸ
686 1308 934 1378 διάφορον
975 1306 1066 1359 τοῦ
1096 1306 1387 1375 ὑψιπετοῖκ
1432 1305 1708 1358 Βασιλείου
1740 1305 1832 1357 καὶ

269 1398 364 1452 τοῦ
402 1399 655 1469 χερσαίου
684 1398 891 1469 Θηρίου.
932 1399 993 1450 Ei
1019 1399 1126 1468 γὰρ
1160 1397 1376 1467 ἐφεώρα
1415 1398 1504 1450 τὸν
1535 1397 1648 1467 βίον
1677 1397 1832 1468 ἡμῶν

270 1491 331 1541 τὸ
365 1490 458 1552 ὀξυ
491 1490 583 1542 καὶ
608 1488 746 1541 θεῖον
791 1489 943 1560 ὄμμα
978 1490 1170 1549 ἐκεῖνο,
1204 1490 1252 1540 εἰ
1287 1488 1592 1558 περιεπόλει
1619 1487 1715 1559 τὴν
1742 1489 1835 1541 ἀν-

273 1579 549 1648 θρωπίνην
573 1577 715 1648 ζωὴν
744 1577 819 1647 τῷ
845 1582 943 1648 τῆς
965 1578 1153 1647 σοφίας
1181 1576 1382 1649 πτερῷ,
1413 1576 1610 1643 ἔδειξεν
1636 1578 1702 1631 ἂν
1732 1596 1833 1631 κα-

270 1671 477 1731 ταπτὰς
507 1671 596 1722 ἐπὶ
625 1670 682 1722 σὲ
711 1669 787 1739 τῷ
818 1668 978 1739 ῥοίζῳ
1003 1669 1109 1721 τῶν
1139 1669 1331 1736 λόγων,
1363 1669 1459 1738 οἵῳ
1483 1668 1559 1737 τῷ
1587 1668 1837 1738 ὀστράκῳ

1933 488 2096 548 nitus,
2134 495 2339 555 patreIu
2375 484 2597 539 omnino
2650 497 2761 535 non
2805 480 2984 535 habet.
3024 482 3079 535 Si
3116 483 3281 552 igitur
3326 488 3505 539 nullus

1934 578 2155 645 ingeniti
2202 587 2377 646 pater,
2428 576 2531 629 hoc
2576 584 2780 635 autem,
2824 590 3018 643 nempe
3062 576 3239 628 nullus
3270 590 3299 628 a
3342 588 3392 631 te
3438 579 3505 632 ad

1933 669 2065 721 nihil
2097 676 2527 736 traussumptum
2567 674 2670 727 est,
2703 665 2808 719 hoc
2831 672 3012 719 autem
3039 666 3172 717 nihil
3204 667 3508 721 secundum

1937 771 2082 814 luam
2120 761 2384 815 rationem
2428 758 2567 813 idem
2600 765 2684 812 est
2712 772 2839 810 cum
2886 771 2951 809 eo
2983 756 3127 825 quod
3162 774 3263 810 non
3306 767 3383 811 est
3424 775 3510 813 se-

1935 851 2172 907 cundum
2203 865 2463 906 sensum:
2507 851 2726 904 minime
2760 859 2938 905 autem
2975 849 3293 918 prohibetur
3322 864 3508 919 aequa-

1935 946 2057 999 liter
2101 942 2438 1013 pollentium,
2494 940 2631 996 sicut
2666 941 2927 1011 loqueris,
2974 940 3388 1010 transsumptio.
3444 940 3510 993 Et

1933 1037 2027 1107 qui
2051 1035 2187 1088 dixit
2230 1033 2437 1087 nullum
2466 1048 2589 1088 esse
2636 1034 2859 1103 ingeniti
2892 1041 3124 1102 patrem,
3169 1047 3237 1086 ex
3271 1047 3335 1086 eo
3362 1031 3506 1100 quod

1936 1143 2044 1195 non
2084 1134 2169 1181 est
2198 1140 2423 1195 prorsus
2448 1124 2581 1178 dicit
2627 1124 2817 1189 Deum,
2858 1126 2950 1194 qui
2987 1132 3070 1179 est
3101 1139 3267 1193 super
3300 1124 3506 1177 omnia.

1938 1194 2086 1283 Tale,
2111 1227 2171 1271 ut
2200 1194 2300 1286 par
2331 1225 2435 1278 est,
2468 1231 2502 1269 ο
2535 1214 2786 1279 Eunomi,
2822 1218 3021 1270 malum
3056 1217 3182 1286 (tuis
3216 1218 3357 1270 enim
3387 1224 3510 1269 utar

1940 1310 2141 1378 verbis)
2177 1325 2287 1363 non
2324 1309 2495 1365 videri
2535 1323 2659 1363 esse
2695 1308 3017 1377 sapientem,
3054 1316 3342 1376 antequam
3383 1308 3510 1362 talis

1942 1402 2205 1455 habeatur
2228 1408 2280 1455 et
2306 1400 2634 1464 honoretur,
2661 1413 2886 1468 parvum
2914 1398 3148 1453 fortasse
3178 1398 3281 1452 hoc
3319 1406 3403 1453 est
3429 1399 3511 1452 in-

1943 1490 2271 1555 fortunium,
2311 1491 2407 1545 sed
2468 1492 2705 1558 seipsum
2750 1490 3019 1559 ignorare,
3065 1498 3118 1544 et
3166 1503 3273 1542 nou
3312 1503 3512 1560 cogno-

1943 1597 2096 1637 scere
2119 1592 2380 1651 quantum
2419 1581 2488 1635 sit
2522 1579 2815 1634 discrimen
2860 1579 3000 1632 inter
3039 1577 3296 1631 Basilium
3329 1578 3383 1631 in
3421 1593 3513 1632 su-

1944 1673 2106 1727 blime
2152 1673 2445 1736 volantem,
2499 1678 2552 1723 et
2600 1679 2911 1725 terrestrem
2964 1670 3211 1722 bestiam.
3264 1667 3320 1721 Si
3368 1670 3512 1722 enim

270 1760 369 1823 τῆς
386 1759 567 1821 ἀνοίας
592 1758 981 1827 συμπεφυκὼς,
1003 1759 1137 1828 πρὸς
1152 1759 1272 1811 τίνα
1293 1758 1359 1809 δι’
1376 1758 1588 1829 ἀπάτης
1611 1759 1830 1811 σεαυτὸν

1935 1766 2101 1819 vitam
2166 1774 2411 1819 nostram
2458 1766 2769 1834 exploraret
2820 1769 3017 1814 acutus
3061 1759 3150 1813 ille
3196 1767 3249 1813 et
3294 1760 3513 1813 divinus

272 1851 692 1918 ἁντεπήγειρας,
722 1848 911 1920 ὕϐρεσι
936 1851 1051 1911 ταῖς
1080 1849 1196 1901 κατ’
1232 1848 1393 1901 αὑτοῦ
1427 1849 1518 1900 καὶ
1550 1848 1835 1919 λοιδορίαις

270 1942 330 1993 τὸ
352 1942 525 1993 δοκεῖν
546 1958 629 2000 τις
662 1936 796 1993 εἶναι
827 1939 979 2004 παρὰ
1008 1944 1115 2003 τοῖς
1144 1940 1404 2009 γραῖδίοις
1428 1941 1519 1991 καὶ
1542 1942 1654 2001 τοῖς
1681 1939 1834 1991 ἐκτο-

276 2031 427 2100 μίαις
491 2031 826 2102 θηρώμενος.
873 2031 1020 2101 Πλὴν
1059 2032 1172 2084 ἀλλ’
1207 2032 1305 2084 οὐκ
1348 2031 1705 2083 ἀπελπιστέον
1755 2047 1834 2084 σοι

274 2122 367 2173 καὶ
406 2120 511 2173 τῶν
546 2122 751 2191 ὀνύχων
794 2121 1022 2175 ἐκείνου.
1066 2122 1139 2174 Τὸ
1166 2122 1273 2192 γὰρ
1307 2121 1591 2192 ἡμέτερον,
1622 2122 1695 2183 ὡς
1738 2121 1834 2190 μὲν

274 2211 411 2281 πρὸς
442 2213 667 2275 ἐκεῖνον,
699 2212 887 2282 ὄνυχος
912 2216 1073 2283 μοῖρα
1099 2215 1430 2284 κρινόμενον,
1460 2213 1591 2265 πολὺ
1636 2213 1702 2266 ἂν
1726 2214 1831 2283 εἴη.

275 2302 419 2371 Πρὸς
460 2302 516 2354 δὲ
566 2302 624 2354 σὲ
668 2302 919 2356 τοσοῦτόν
966 2305 1132 2365 ἐστιν,
1179 2305 1301 2357 ὅσον
1342 2306 1522 2358 ἱκανὸν
1572 2302 1708 2357 εἷναί
1756 2322 1837 2359 σοι

276 2392 600 2462 περιρρῆξαι
646 2392 743 2464 τῆς
776 2394 989 2464 ἀπάτης
1025 2395 1087 2447 τὸ
1133 2395 1368 2465 ἔλυτρον,
1417 2397 1508 2448 καὶ
1543 2395 1710 2461 δεῖξαι
1739 2396 1838 2467 τὴν

1935 1856 2148 1917 oculus,
2179 1855 2224 1908 si
2263 1855 2429 1908 vitam
2470 1855 2760 1908 humanam
2792 1850 3212 1905 circumvolaret
3241 1851 3517 1918 sapientia:

1935 1948 2043 2007 ala.
2075 1946 2128 1999 in
2166 1955 2217 2000 te
2244 1946 2491 2000 involans
2540 1948 2740 2014 impetu
2787 1952 2839 1998 et
2888 1943 3121 1998 stridore
3178 1958 3512 2005 sermonum,

1918 2037 2245 2093 ‘ostenderet
2276 2037 2416 2106 quali
2448 2045 2583 2092 testa
2613 2036 2895 2091 dementia:
2915 2033 3252 2103 congenitos.
3282 2033 3333 2085 iu
3355 2048 3517 2101 quem

1935 2140 2031 2195 per
2059 2140 2299 2179 errorem
2324 2125 2555 2193 tcipsum
2579 2124 2890 2190 concitasti,
2925 2122 3273 2176 contumeliis
3311 2130 3363 2175 et
3396 2135 3514 2189 pro-

1936 2216 2052 2272 bris
2082 2217 2137 2269 in
2170 2216 2347 2286 ipsum
2377 2216 2664 2285 conjectis,
2694 2215 2821 2269 dum
2856 2214 2999 2285 apud
3033 2216 3279 2268 auiculas
3305 2222 3358 2268 et
3388 2229 3515 2282 spa-

1935 2307 2105 2363 dones
2128 2307 2368 2370 venaris,
2390 2314 2448 2360 ut
2471 2306 2667 2376 aliquis
2697 2322 2821 2361 esse
2845 2307 3099 2362 videaris.
3124 2305 3517 2359 Verumtamen
3562 2360 3570 2367 ,

1934 2415 2046 2455 non
2073 2398 2171 2454 tibi
2204 2398 2605 2469 desperandum
2636 2406 2719 2453 est
2748 2398 2815 2452 ab
2847 2398 3121 2468 unguibus
3155 2396 3322 2450 illius.
3362 2394 3517 2460 Quod

280 2484 730 2555 ἐγκεκρυμμὲνην
753 2485 831 2555 τῷ
864 2488 1114 2557 ὀστράκῳ
1148 2487 1549 2557 ἀσχημοσύνην.

1935 2491 2075 2545 enim
2119 2500 2369 2546 nostrum
2417 2499 2519 2555 est,
2551 2498 2607 2542 ut
2654 2488 2873 2557 quidem
2914 2504 3035 2543 cum
3069 2488 3180 2547 illo,
3231 2488 3274 2541 si
3318 2486 3520 2553 unguis

280 2577 457 2644 portio
481 2577 777 2646 judicetur,
814 2580 1041 2631 multum
1076 2580 1256 2633 fuerit.
1292 2578 1492 2633 Tecum
1526 2590 1702 2635 autem
1733 2588 1939 2634 tantum
1970 2588 2054 2636 est
2088 2591 2347 2650 quantum
2383 2582 2517 2636 satis
2542 2595 2665 2636 esse
2713 2581 2884 2651 possit
2958 2581 3023 2635 ad
3090 2580 3297 2635 erroris
3370 2580 3521 2633 invo-

281 2663 495 2720 lucrum
542 2666 1024 2737 prorumpendum,
1059 2678 1111 2724 et
1158 2670 1222 2722 ad
1265 2669 1569 2724 abstrusam
1628 2670 1681 2723 in
1737 2677 1873 2724 testa
1911 2670 2388 2726 demonstrandam
2417 2669 2879 2727 inverecundiam.
