4056 6146
366 339 420 408 Π
430 350 504 406 33

1530 347 1899 403 ADVERSUS
1941 347 2454 406 APOLLINAREM.

3487 353 3626 408 4154

365 469 450 522 τοῦ
483 467 692 541 [ἰατρὸς
721 465 1118 537 ὁμολογεῖσθαι.
1152 467 1213 520 Εἰ
1247 461 1338 522 οὖν
1384 446 1696 540 ἀὲτεσϐέσθη
1723 467 1834 540 ('57)
1864 469 1940 542 τῷ

2067 480 2230 526 antur
2260 490 2275 529 :
2311 488 2435 527 nam
2463 472 2558 530 Dei
2589 473 2702 528 hac
2729 473 2910 528 omnia
2937 472 3159 544 propria
3186 487 3331 538 esse,
3356 479 3408 527 ct
3431 483 3623 528 cuncta

358 559 578 631 θανάτῳ
626 561 659 631 ἡ
688 559 914 630 δύναμις
941 601 955 625 ,
987 561 1220 630 Χριστὸς
1253 560 1308 613 δὲ
1340 558 1475 614 Θεοῦ
1529 564 1644 615 ἐστι
1688 561 1934 632 δύναμιςο

364 654 500 708 ποία
539 652 701 706 πάλιν
726 653 789 705 ὲκ
818 651 912 704 τοῦ
950 652 1024 722 μὴ
1057 652 1207 716 ὄντος
1243 652 1514 724 ἀνεκλήθη
1548 652 1775 722 δύναμις
1795 694 1810 718 ,
1840 653 1939 724 τῆς

363 740 464 816 ’μὲν
492 743 658 815 οὔσης
698 744 774 814 τῷ
806 744 1018 814 θανάτῳ
1058 745 1449 816 ἀφανισθείσης
1471 785 1485 810 ,
1530 745 1720 818 ἐτέρας
1749 745 1806 799 δὲ
1844 746 1940 816 οὐχ

366 836 786 915 ὑπολειφθείσης
812 855 826 902 ;
855 838 970 908 Τὴν
1009 838 1118 909 γὰρ
1161 837 1255 892 τοῦ
1288 838 1500 908 Πατρδς
1525 836 1753 906 δύναμιν
1779 839 1836 890 ὲν
1865 837 1940 907 τῷ

366 928 479 999 Υίῷ
505 925 642 982 εἶναι
672 930 766 981 καὶ
803 928 954 1000 παρὰ
984 928 1092 982 τῶν
1141 929 1464 999 μαχομένων
1505 921 1638 1000 ἡμῖν
1667 927 1941 998 ὁμολογεῖ-

365 1038 454 1074 ut
486 1021 614 1090 (38).
653 1020 713 1074 Et
746 1015 838 1074 οὗν
867 1021 963 1091 μία
993 1021 1026 1092 ἡ
1057 1019 1316 1090 δύναμις,
1349 1018 1484 1091 αὕτη
1513 1019 1568 1073 δὲ
1599 1018 1702 1072 ὑπὸ
1722 1019 1813 1072 τοῦ
1847 1019 1942 1072 θα-

366 1112 526 1166 νάτου
579 1111 997 1165 δυναστευθετσα
1026 1151 1040 1176 ,
1092 1113 1173 1176 είς
1229 1111 1531 1182 ἀφανισμὸν
1563 1110 1943 1184 μετεχώρησεν

367 1206 426 1257 ὲν
452 1203 532 1275 τῷ
579 1203 753 1275 καιρῷ
795 1206 894 1274 τῆς
920 1204 1014 1257 τοῦ
1068 1203 1273 1268 πάθους
1300 1203 1611 1271 οἰκονομίας
1635 1241 1650 1268 ,
1698 1202 1780 1267 τίς
1810 1203 1940 1274 ἄλλη

366 1295 594 1365 δύναμις
625 1294 754 1367 παρ’
776 1294 935 1350 αὐτὸν
968 1293 1363 1348 ἀναπλάττεται
1412 1291 1444 1366 ἠ
1487 1292 1690 1364 ταύτην
1737 1296 1801 1348 ὲκ
1847 1294 1941 1348 τοῦ

371 1386 604 1440 θανάτου
641 1384 1047 1457 ἀνακαλουμένη
1099 1383 1196 1457 τὴν
1233 1385 1496 1457 δύναμινς
1547 1387 1609 1440 Ei
1638 1386 1746 1456 γὰρ
1787 1386 1945 1440 τοῦτο

370 1469 583 1545 “iam
609 1477 691 1531 ὅτι
720 1475 753 1547 ἠ
789 1475 885 1547 μὲν
918 1473 1184 1531 ἀπέθανεν
1209 1517 1222 1542 ,
1255 1474 1289 1548 ἡ
1323 1476 1381 1531 δὲ
1413 1476 1678 1542 ἀθάνατος
1710 1478 1942 1550 ἔμεινεν,

371 1560 556 1624 οὐὲιέτι
577 1569 634 1622 ὲν
657 1568 734 1640 τῷ
758 1567 874 1639 Υίῷ
897 1568 994 1638 τὴν
1013 1567 1104 1621 τοῦ
1133 1569 1344 1640 Πατρὸς
1382 1569 1610 1640 δύναμιν
1643 1567 1780 1626 εἶναι
1815 1572 1945 1642 ὁμο-

373 1657 701 1728 λογήσουσι,
756 1658 850 1711 καὶ
896 1654 1068 1722 οὕτως
1117 1660 1180 1712 ὲκ
1218 1657 1311 1711 τοῦ
1363 1658 1656 1713 ἀκολούθου
1704 1658 1802 1723 τὰς
1851 1661 1946 1712 αὐ-

372 1748 476 1804 τοῦ.
500 1748 610 1818 (59)
645 1748 738 1803 τοῦ
773 1751 978 1822 Κυρίου
1013 1741 1193 1820 φωνὰς
1216 1751 1703 1822 παραγράφονται,
1739 1749 1813 1815 ὡς
1849 1751 1947 1805 οὐκ

374 1839 589 1908 ἀληθῶς
613 1839 842 1911 ἐχούσας
859 1881 874 1903 ,
897 1842 952 1895 αἳ
977 1842 1151 1895 πάντα
1171 1841 1238 1894 τὰ
1260 1841 1351 1894 τοῦ
1377 1839 1587 1912 [Ιατρὸς
1609 1841 1677 1895 τὰ
1720 1841 1831 1911 (46)
1853 1840 1946 1894 τοῦ

377 1931 508 1986 Υἱοῦ
558 1928 694 1986 εἶναι
731 1932 1208 2005 διαμαρτύρονται.
1254 1934 1310 1988 '0
1354 1934 1463 2005 γὰρ
1511 1934 1687 1988 πάντα
1718 1934 1854 2005 ἔχων
1882 1934 1949 1988 τὰ

375 2021 470 2075 τοῦ
507 2017 716 2094 Πατρὺς
739 2065 752 2085 ,
784 2021 877 2078 καὶ
911 2026 1009 2094 τὴν
1041 2024 1338 2078 ἀθανασίαν
1372 2025 1589 2089 πάντως
1613 2025 1707 2078 τοῦ
1739 2027 1951 2096 Πατρὸς

376 2113 438 2189 tv
473 2112 622 2184 αὑτῷ
649 2114 759 2183 (Η)
786 2114 896 2185 ἔχει
923 2131 937 2146 ⁸
971 2116 1004 2186 ή
1036 2115 1090 2169 δὲ
1117 2114 1404 2179 ἀθανασία,
1436 2114 1541 2180 ἕως
1578 2113 1628 2170 εἳ
1658 2117 1769 2188 (42)
1797 2118 1953 2171 τοῦτο

373 2197 409 2258 ὃ
437 2205 684 2273 λέγεται,
727 2207 973 2277 ἁμίκτως
1014 2225 1072 2262 τε
1123 2209 1217 2262 καὶ
1252 2209 1630 2281 ἀκοινωνήτως
1678 2211 1810 2282 πρὸς
1863 2211 1954 2264 τὸν

378 2291 610 2347 θάνατον
646 2293 777 2366 ἔχει.
812 2297 875 2349 Et
930 2293 1022 2350 οὖν
1057 2296 1256 2379 θνητὴν
1288 2298 1505 2369 λέγουσι
1551 2292 1644 2353 τοῦ
1682 2301 1812 2354 Υἱοῢ
1857 2299 1954 2372 τὴν

379 2383 631 2455 θεότητα.
667 2385 726 2437 τὸ
763 2385 836 2456 μὴ
873 2383 1013 2457 ἔχειν
1052 2390 1108 2440 ὲν
1138 2387 1287 2460 αὐτῷ
1319 2390 1430 2461 (45)
1468 2391 1566 2461 τὴν
1607 2389 1700 2443 τοῦ
1744 2384 1956 2461 Πατρὸς

383 2475 680 2531 ἀθανασίαν
728 2477 1243 2544 κατασκευάζουσιν.
1289 2479 1447 2534 Ἀλλὰ
1493 2482 1598 2552 μὴν
1635 2480 1890 2554 ἀληθεύει
1929 2483 1957 2535 ὁ

383 2565 575 2634 λέγων,
607 2567 726 2620 ὅλον
754 2567 864 2639 (44)
899 2568 1040 2638 ἔχειν
1071 2572 1128 2622 ἑν
1157 2567 1334 2641 έαυτῷ
1357 2570 1449 2626 τὸν
1481 2564 1734 2642 Πατέραὲ
1767 2570 1957 2642 ψεύδε-

384 2651 472 2709 ται
519 2657 626 2729 ἄρα
657 2662 684 2712 ὁ
723 2657 915 2731 θνητὸν
965 2662 1388 2728 κατασκευάζων
1436 2662 1622 2718 τοῦτον
1650 2657 1694 2732 ᾧ
1733 2667 1882 2719 πᾶσα
1925 2666 1957 2737 ἡ

385 2751 479 2806 τοῦ
533 2753 740 2824 Πατρδς
790 2753 1027 2823 atatem;
1075 2755 1461 2826 ἐγκαθορᾶται.
1523 2756 1673 2810 Ἐπεὶ
1719 2753 1810 2812 οὖν
1864 2759 1962 2829 μία

390 2845 600 2914 Harpe;
630 2846 722 2899 καὶ
756 2846 882 2899 Υἱοῦ
912 2847 1050 2901 κατὰ
1078 2846 1169 2900 τὸν
1197 2847 1355 2916 λόγον
1384 2849 1490 2904 τῶν
1523 2849 1896 2907 εὐσεϐούντων
1925 2855 1957 2923 ἡ

386 2937 616 3010 δύναμις
636 2955 649 2968 ⁸
700 2941 755 2991 ἐν
783 2939 891 3011 γὰρ
919 2940 997 3010 τῷ
1029 2939 1199 3011 Πατρὶ
1229 2942 1320 2994 τὸν
1355 2942 1483 2995 Υίὸν
1523 2942 1790 3014 βλέπομεν
1811 2985 1825 3009 ,
1869 2945 1962 2998 καὶ

387 3029 448 3083 ὲν
478 3029 554 3101 τῷ
586 3030 699 3100 Υίῷ
729 3029 818 3084 τὸν
845 3031 1096 3100 Πατέρα’
1128 3031 1314 3102 σαφῶς
1340 3033 1756 3097 ἀποδείκνυται,
1789 3035 1871 3087 ὄτι
1904 3034 1963 3088 τ’)

393 3122 491 3192 μὲν
524 3123 767 3190 ἐμπαθὲς
797 3127 862 3194 τῇ
899 3124 1058 3193 φύσει
1110 3125 1201 3178 τὸν
1254 3125 1482 3179 θάνατον
1517 3125 1770 3196 δέχεται,
1803 3128 1861 3181 τὸ
1907 3126 1962 3181 δὲ

389 3213 762 3283 ἁπαράδεκτον
813 3214 1016 3278 πάθους
1065 3216 1123 3268 ἐν
1170 3215 1247 3288 τῷ
1295 3217 1522 3289 παθητῷ
1566 3220 1666 3291 τὴν
1695 3220 1962 3275 ἀπάθειαν

389 3304 712 3377 ἐνήργησεν.

2047 581 2167 636 qum
2187 563 2366 622 Patris
2396 575 2525 620 sunt
2543 566 2683 620 Filio
2707 582 2926 637 quoque
2945 568 3124 622 inesse
3149 565 3448 620 credimus.
3474 563 3623 630 Quae,

2049 659 2094 714 si
2128 657 2300 713 Filius
2349 660 2570 730 quidem
2605 659 2857 724 exsistat,
2911 668 2967 714 et
3016 659 3134 729 ipsa
3183 659 3498 722 exsistunt;
3540 659 3626 710 sin

2049 752 2251 816 minus,
2284 741 2387 808 nec
2424 752 2544 822 ipsa
2585 751 2883 814 exsistunt,
2921 758 3211 822 propterea
3244 751 3391 820 quod
3425 752 3479 806 in
3506 753 3626 822 ipso

2049 845 2232 898 omnia
2263 859 2383 913 quae
2414 843 2593 898 Patris
2619 851 2746 898 sunt
2774 843 3047 897 contineri
3082 841 3337 897 fatemur.
3372 841 3430 896 Si
3462 844 3628 914 igitur

2050 951 2146 1004 per
2185 944 2414 990 mortem
2445 935 2714 990 exstincta
2745 943 2828 989 est
2871 934 3133 1004 potentia,
3158 933 3414 990 Christus
3441 945 3626 990 autem

2050 1015 2143 1078 Dei
2171 1023 2410 1094 potentia
2443 1032 2560 1089 est,
2592 1023 2769 1093 qualis
2804 1039 2934 1094 ergo
2963 1039 3028 1078 ex
3059 1038 3123 1076 eo
3152 1023 3297 1093 quod
3340 1038 3445 1078 non
3483 1023 3629 1078 exsi-

2051 1114 2166 1181 stit,
2198 1123 2504 1170 restaurata
2531 1125 2615 1169 est
2644 1116 2906 1184 potentia,
2927 1130 3050 1169 cum
3082 1129 3144 1169 ea
3175 1131 3296 1185 quae
3330 1117 3632 1172 exsistebat.

2052 1198 2468 1287 morte_sublata
2499 1206 2566 1260 sit
2590 1241 2603 1268 ,
2643 1205 2746 1259 alia
2780 1221 2908 1259 vero
2943 1207 3010 1260 ab
3045 1221 3106 1262 ea
3137 1205 3354 1262 diversa
3388 1223 3495 1261 non
3532 1223 3628 1262 sn-

2051 1284 2267 1368 persit'?
2300 1295 2478 1351 Patris
2504 1297 2648 1350 enim
2686 1297 2984 1366 potentiam
3027 1296 3080 1350 in
3113 1284 3252 1351 Filio
3287 1313 3406 1352 esse
3437 1298 3631 1351 adver-

2053 1389 2184 1444 sarii
2209 1387 2371 1444 etiam
2411 1387 2586 1442 nostri
2614 1402 2719 1441 non
2750 1385 3072 1440 diffitentur.
3123 1385 3180 1440 Si
3209 1389 3391 1456 itaque
3418 1404 3522 1440 una
3549 1396 3633 1443 est

2053 1477 2146 1534 Dei
2173 1481 2432 1552 potentia,
2469 1479 2582 1533 hmc
2616 1487 2797 1533 autem
2853 1493 2883 1531 a
2927 1484 3102 1532 morte
3134 1493 3420 1547 oppressa,
3466 1478 3519 1531 in
3552 1480 3635 1531 ni-

2056 1573 2228 1627 hilum
2265 1584 2511 1641 tempore
2551 1568 2982 1640 dispensationis
3013 1585 3043 1622 a
3082 1567 3195 1622 Deo
3226 1584 3317 1638 per
3356 1564 3480 1621 Filii
3507 1582 3635 1638 pas-

2055 1664 2268 1718 sionem
2329 1661 2616 1725 institutre,
2663 1661 2886 1716 redacta
2939 1659 3064 1725 fuit,
3109 1673 3358 1729 quasnam
3415 1659 3521 1713 alia
3567 1661 3635 1712 al)

1997 1823 2000 1826 _
2054 1752 2354 1826 Apollinari
2407 1752 2685 1822 efﬁngitur
2727 1751 2970 1821 potentia
3013 1768 3134 1822 qure
3180 1752 3319 1804 hanc
3375 1766 3404 1803 a
3456 1762 3634 1805 morte

1980 1829 2024 1886 Β
2051 1842 2350 1914 potentiam
2383 1841 2640 1897 revocet?
2677 1840 2736 1896 Si
2779 1843 2922 1896 enim
2965 1840 3180 1896 dicatur
3211 1841 3373 1894 aliam
3409 1841 3629 1910 quidem

2052 1934 2352 2005 potentiam
2383 1941 2614 1988 mortem
2665 1931 2925 1995 subiisse,
2970 1931 3132 1984 aliam
3171 1944 3301 1985 vero
3353 1929 3635 1983 immorta-

2053 2029 2158 2083 lem
2194 2027 2585 2097 permansisse,
2627 2040 2977 2096 nequaquam
3022 2023 3076 2077 in
3121 2019 3265 2076 Filio
3315 2019 3495 2075 Patris
3542 2038 3636 2090 po—

2056 2125 2279 2180 tentiam
2311 2140 2435 2180 essc
2477 2122 2816 2188 fatebuntur,
2849 2132 2902 2177 et
2934 2128 3341 2192 consequenter
3389 2119 3637 2190 ejusdem

2057 2214 2270 2269 Domini
2313 2229 2473 2269 voces
2504 2213 2671 2267 veluti
2703 2213 2867 2267 falsas
2909 2211 3230 2282 cxplodunt,
3269 2203 3391 2278 qute
3435 2215 3636 2264 cuncta

2057 2323 2177 2378 quae
2216 2305 2396 2362 Patris
2445 2315 2573 2362 sunt
2615 2305 2739 2359 Filii
2775 2320 2994 2376 quoque
3027 2317 3152 2358 esse
3188 2297 3462 2357 testantur
3497 2320 3508 2355 :
3546 2304 3638 2370 qui

2057 2398 2204 2454 enim
2242 2405 2443 2454 cuncta
2484 2413 2607 2468 qua:
2633 2394 2811 2451 Patris
2862 2403 3012 2460 sunt,
3057 2395 3241 2458 habet,
3290 2395 3466 2448 Patris
3502 2408 3640 2461 quo-

2057 2503 2161 2558 quc
2198 2487 2656 2540 immortalitatem
2688 2485 2914 2539 omnino
2943 2483 3224 2553 possidet;
3257 2480 3643 2536 immortalitas

2057 2594 2210 2642 vero,
2245 2578 2484 2649 quandiu
2514 2577 2564 2632 id
2597 2586 2680 2632 est
2709 2577 2852 2648 quod
2878 2589 2999 2630 esse
3028 2574 3250 2638 dicitur,
3285 2573 3491 2628 nullam
3515 2587 3639 2625 eum

2059 2677 2234 2727 morte
2287 2669 2727 2726 communionem
2793 2675 2955 2738 atque
3004 2667 3311 2722 mistioncm
3363 2665 3544 2719 habet.
3586 2664 3642 2716 Si

2062 2764 2225 2836 igitur
2255 2763 2542 2818 mortalem
2565 2777 2687 2815 esse
2716 2761 2908 2814 dicunt
2934 2759 3053 2812 Filii
3077 2758 3441 2822 divinitatem,
3462 2755 3641 2824 ipsum

2065 2859 2120 2910 in
2150 2870 2210 2911 se
2251 2871 2359 2910 non
2397 2852 2598 2908 habere
2629 2849 2810 2907 Patris
2851 2851 3321 2906 immertalilalem
3366 2856 3643 2902 astruunt.

2063 2945 2226 3014 Atqui
2261 2959 2448 2998 verum
2486 2942 2684 2997 asserit
2731 2939 2904 2995 Filius
2946 2941 3036 3010 qui
3091 2944 3267 2992 totum
3317 2937 3372 2990 in
3420 2951 3478 2990 se
3526 2936 3646 3001 ipso

2064 3035 2278 3092 Patrem
2305 3035 2508 3089 habere
2538 3034 2707 3099 dicit;
2741 3035 2926 3103 itaque
2953 3032 3210 3086 mentitur
3241 3031 3333 3099 qui
3363 3027 3646 3081 mortalem

1991 3158 2034 3218 ε
2071 3129 2225 3183 illum
2257 3142 2378 3182 esse
2400 3126 2635 3198 probare
2664 3134 2898 3178 conatur
2935 3125 2986 3178 in
3013 3140 3125 3193 quo
3161 3130 3272 3175 tota
3289 3119 3468 3174 Patris
3490 3127 3648 3172 teter-

2069 3222 2212 3278 nitas
2255 3219 2614 3290 conspicitur.
2645 3215 2913 3282 Quoniam
2939 3217 3108 3286 igitur
3128 3214 3282 3284 juxta
3308 3213 3395 3284 pie
3419 3210 3648 3266 creden-

2067 3318 2202 3372 tium
2258 3311 2582 3368 sententiam
2630 3323 2736 3361 una
2772 3305 2952 3361 Patris
2986 3317 3036 3360 et
3085 3304 3204 3358 Filii
3257 3303 3495 3373 potentia
3545 3309 3649 3363 est,

393 3398 446 3451 in
493 3396 653 3451 Patre
705 3397 846 3451 enim
884 3395 1078 3452 Filium
1115 3399 1466 3468 agnoscimus
1491 3443 1504 3464 ,
1557 3411 1612 3456 et
1652 3404 1704 3456 in
1752 3403 1893 3461 Filio
1928 3404 2178 3470 Patrem;
2209 3402 2338 3456 hinc
2393 3396 2680 3454 manifeste
2738 3396 3044 3450 ostenditur
3070 3394 3119 3447 id
3157 3393 3298 3460 quod
3329 3392 3413 3444 sui
3455 3397 3651 3443 natura

393 3497 502 3568 pati
545 3488 780 3566 poterat,
810 3500 1042 3545 mortem
1084 3488 1371 3545 admisisse
1403 3510 1415 3544 :
1446 3491 1588 3560 quod
1621 3502 1799 3550 autem
1830 3498 2072 3568 passioni
2105 3511 2212 3551 non
2256 3501 2374 3547 erat
2412 3489 2733 3551 obnoxium,
2768 3485 3266 3556 impassibililatem
3313 3483 3366 3534 in
3400 3496 3465 3536 eo
3505 3481 3650 3550 quod

394 3588 635 3662 βειεείοηί
666 3586 960 3641 obnoxium
997 3591 1115 3636 erat
1157 3591 1437 3654 operatum
1478 3585 1669 3643 fuisse.

479 3724 636 3780 Ἀλλὰ
665 3723 800 3795 πρὸς
825 3723 886 3776 τὸ
911 3721 1023 3792 (45)
1060 3721 1258 3791 ἐφεξῆς
1284 3721 1383 3806 τοῦ.
1415 3721 1574 3790 λόγου
1602 3723 1970 3795 προέλθωμεν;

397 3818 551 3884 Λέξω
577 3817 632 3869 δὲ
661 3815 824 3868 πάλιν
850 3815 914 3884 τῇ
945 3810 1136 3868 ἑαυτοῦ
1172 3814 1355 3883 φωνῇ,
1403 3811 1638 3866 συνελὼν
1675 3815 1735 3866 ἐν
1781 3813 1972 3885 βραχεῖ

397 3910 496 3981 τὴν
521 3908 776 3962 διάνοιαν.
815 3906 960 3974 Φησὶ
1002 3905 1109 3975 γὰρ
1129 3945 1143 3969 ,
1181 3903 1248 3956 τὸ
1286 3902 1601 3971 ἄνθρωπον
1630 3904 1840 3958 ἔνθεον
1867 3905 1974 3958 τὸν

399 3998 656 4068 Χριστὸν
683 3993 1007 4065 ὀνομάζειν,
1038 3993 1319 4048 ἐναντίον
1364 3987 1518 4046 εἶναι
1548 3993 1677 4059 ταῖς
1707 3993 1971 4048 ἀποστο-

401 4091 598 4158 λικιιῑς
616 4089 1032 4154 διδασκαλίαις
1049 4103 1062 4117 ’
1085 4085 1411 4154 ἀλλότριον
1437 4085 1504 4138 δὲ
1529 4085 1648 4140 τῶν
1675 4087 1970 4168 συνόδων

403 4185 650 4240 Παῦλον
677 4180 744 4234 δὲ
769 4223 783 4247 ,
818 4181 913 4234 καὶ
961 4177 1286 4239 Φωτεινάν,
1341 4177 1436 4231 καὶ
1480 4175 1838 4245 Μάρκελλον
1868 4176 1978 4246 τῆς

402 4278 682 4342 τοσαύτης
722 4271 1088 4341 διαστροφῆς
1139 4271 1442 4339 κατάρξαι.
1486 4268 1616 4325 Εἶτα
1663 4272 1804 4325 κατὰ
1855 4273 1978 4335 τοὺς

405 4368 610 4430 δεινοὺς
645 4365 749 4419 τῶν
794 4361 1108 4432 ἀγωνιστῶν
1132 4402 1146 4426 ,
1182 4362 1257 4424 ὡς
1287 4361 1730 4431 προσεμπλακεὶς
1762 4360 1838 4430 τῷ
1865 4360 1980 4413 δια-ο

407 4457 680 4527 λεγομένῳ
729 4454 872 4526 (i6),
915 4453 1008 4506 καὶ
1055 4451 1228 4522 εὑρὼν
1265 4452 1355 4504 τὸν
1387 4453 1650 4524 αὐθέντην
1683 4451 1775 4504 τοῦ
1809 4452 1980 4521 ῥήμα-

2152 3709 2242 3774 Ἦ.
2283 3719 2387 3774 Sed
2438 3716 2505 3770 ad
2549 3717 2638 3768 illa
2667 3729 2788 3784 quae
2827 3715 2880 3767 in
2917 3710 3248 3782 Apollinaris
3286 3717 3523 3762 tractatu
3567 3721 3656 3760 se—

2080 3821 2350 3882 quuntur,
2397 3807 2838 3877 progrediamur,
2874 3805 3036 3873 cujus
3075 3801 3426 3863 sententiam,
3458 3800 3512 3852 in
3543 3801 3659 3867 epi-

2080 3914 2262 3958 tomen
2305 3900 2605 3963 redactam,
2650 3896 2888 3966 propriis
2947 3893 3193 3961 ejusdem
3229 3890 3413 3944 verbis
3466 3903 3658 3943 rursus

2082 3995 2337 4051 referam.
2369 3992 2633 4047 Christum
2675 3991 2834 4052 enim,
2868 3987 3063 4056 inquit,
3113 3985 3347 4037 diuinum
3394 3982 3657 4035 hominem

2083 4100 2408 4151 nuncupare,
2480 4081 2788 4151 apostolica:
2836 4080 3094 4132 doctrina:
3147 4075 3478 4130 contrarium
3527 4082 3575 4126 et
3627 4091 3660 4124 a

2084 4179 2406 4250 cynodorum
2451 4174 2713 4229 sententia
2745 4172 2978 4226 alienum
3016 4186 3149 4228 esse,
3195 4167 3427 4222 Paulum
3483 4175 3659 4217 autent

2088 4271 2517 4331 Samosatenum,
2556 4265 2863 4323 Photiuum,
2895 4271 3053 4329 atque
3088 4257 3402 4311 Marcellum
3444 4269 3656 4318 perter-

2085 4361 2262 4414 sitatis
2311 4358 2468 4426 hujus
2513 4365 2758 4408 auctores
2807 4351 2990 4419 fuisse.
3018 4348 3236 4414 Deinde
3268 4345 3660 4398 acerrimorum

2085 4452 2408 4504 athletarum
2433 4449 2541 4500 inst
2562 4461 2625 4503 σι’.
2643 4459 2766 4498 cum
2791 4443 3134 4508 ροιΙοσιιιυιιιυ
3159 4436 3324 4491 νυΙιιῑί
3351 4433 3660 4501 implicatus

408 4525 518 4613 τος,
539 4525 865 4618 τοῦτό-φησι
888 4561 902 4578 ο
929 4543 1060 4610 Πῶς
1089 4543 1242 4612 ἐρεῖς
1269 4545 1336 4597 ἐκ
1375 4543 1484 4613 γῆς
1513 4545 1844 4611 ἄνθρωπον,
1873 4541 1958 4596 cdt

2085 4547 2138 4597 et
2172 4541 2454 4596 sentcntiae
2506 4538 2654 4591 illius
2696 4532 3102 4602 astipulatorem
3146 4538 3361 4590 nactus,
3405 4527 3480 4579 ita
3530 4525 3661 4579 sui)-

408 4643 478 4707 ὲξ
519 4640 776 4710 οὐρανοῦ
831 4637 1295 4705 καταϐεϐηκέναι
1346 4637 1836 4704 μαρτυρούμενον
1881 4635 1984 4689 ἄν.

410 4739 666 4804 θρωπον,
695 4734 790 4787 καὶ
824 4731 960 4785 Υἰὸν
984 4727 1295 4798 ἀνθρώπου
1318 4727 1830 4796 ἀνωγορευόμενον
1846 4727 1981 4798 (4ης

411 4824 582 4879 Πάλιν
634 4826 690 4876 ὲν
747 4821 1026 4891 τούτοιςή
1084 4816 1396 4887 κατασκευὴ
1452 4817 1560 4869 τῶν
1607 4817 1985 4888 προλαϐόντων

411 4916 608 4984 ἑτέρας
665 4913 892 4976 ἀτοπίας
939 4912 1086 4966 ἐστὶν
1141 4912 1302 4980 ἀρχή.
1338 4911 1454 4964 Ἰνα
1508 4910 1616 4979 γὰρ
1663 4908 1811 4981 δείξῃ
1853 4908 1984 4961 θεὸν

411 5007 711 5076 τεθνηκότα
737 5049 751 5072 ,
782 5007 930 5060 οὐδὲν
961 5005 1095 5066 ὅλως
1141 5003 1492 5072 καταδέχεται
1537 5004 1634 5072 τῆς
1663 5003 1854 5072 γηῖνης
1885 5000 1986 5071 φύ-

415 5113 552 5163 σεως
599 5102 726 5170 περὶ
766 5099 927 5154 αὑτὸν
963 5098 1307 5169 θεωρεῖσθαι.
1358 5095 1574 5164 Ἐπειδὴ
1609 5094 1741 5157 ὅλως
1772 5093 1885 5163 (48)
1921 5095 1985 5163 τῇ

492 5333 603 5401 (57)
639 5332 796 5386 Corr.
830 5328 1221 5398 ἐναπεσὸέσθη.

639 5401 796 5488 Eorr.
827 5401 1192 5488 ὡμολόγηται.

494 5471 606 5540 (59)
642 5472 800 5526 Corr.
830 5471 1018 5531 αὑτάς.

497 5535 608 5612 (40)
642 5541 796 5595 Corr.
825 5541 978 5612 delet
995 5548 1328 5608 postremum
1356 5535 1441 5590 τά.

495 5609 607 5682 (41)
635 5613 789 5682 Corr.
816 5609 1011 5682 ἐαυτῷ.

497 5674 606 5752 (49)
633 5681 785 5752 Corr.
816 5680 920 5752 ea);
947 5674 1012 5732 ἂν
1183 5748 1194 5752 _
1272 5747 1285 5752 _
1407 5741 1433 5752 _

499 5739 611 5819 (33')
640 5751 792 5805 Ccrr.
827 5739 966 5817 ἔχειν
989 5739 1148 5800 αὑτὸν
1181 5748 1238 5798 ἐν
1269 5741 1468 5811 ἐαυτῷ.

2088 4635 2301 4707 jungit:
2335 4629 2612 4698 Quomodo
2667 4638 2930 4682 terrenum
2974 4625 3115 4678 dices
3156 4623 3416 4676 hominem
3450 4633 3600 4686 quem
3636 4631 3662 4666 ε

2092 4728 2220 4783 caelo
2260 4725 2591 4780 descendisse
2642 4721 2921 4788 Scriptura
2973 4726 3221 4777 testatur,
3261 4713 3448 4782 quique
3486 4707 3660 4761 Itilius

2092 4821 2317 4874 [taurinis
2343 4817 2682 4887 appellatur?
2713 4812 2927 4866 Rursus
2951 4812 3003 4864 in
3039 4809 3124 4863 his
3158 4805 3512 4877 pratcedentis
3538 4815 3666 4856 ora‘o

2093 4912 2258 4965 tionis
2291 4906 2636 4962 conﬁrmatio
2661 4903 2886 4959 alterius
2917 4899 3274 4955 absurditatis
3306 4897 3522 4951 initium
3559 4906 3662 4948 est.

2096 5007 2226 5056 iVam
2251 5009 2308 5054 ut
2334 4998 2585 5053 ostendat
2614 4995 2783 5049 Deum
2804 5003 3031 5047 mortem
3065 4990 3324 5052 subiisse,
3350 4987 3482 5041 nihil
3513 4998 3668 5054 pror-

2097 5108 2191 5148 sus
2221 5101 2430 5146 natura?
2462 5098 2692 5143 terrente
2725 5088 2778 5140 in
2803 5085 2922 5154 ipso
2946 5083 3183 5153 spectari
3209 5095 3374 5152 posse
3390 5072 3664 5138 concedit,

2171 5322 2286 5392 (lii)
2318 5323 2396 5376 ita
2425 5335 2566 5392 corr.
2593 5360 2608 5385 ,
2640 5317 2796 5388 prius
2825 5317 2972 5385 ὅλην.

2167 5390 2278 5460 (ts)
2311 5393 2467 5445 Corr.
2499 5390 2588 5444 τά.

2169 5451 3030 5532 (46)ίέοτιε--πρρσῆιελεγρεένεεκ
3168 5515 3180 5532 .
3245 5515 3334 5532 η.
3426 5531 3432 5532 ,

2308 5513 2464 5585 Corr.
2496 5513 2644 5598 leigit,
2664 5525 2791 5577 Υίὸν
2809 5513 3105 5588 ’ἀνθρώπου
3133 5515 3224 5569 τὸν
3243 5515 3396 5583 Θεὸν,
3422 5516 3515 5570 καὶ
3537 5513 3674 5570 θεοῦ

2097 5603 2227 5656 Υίδν
2265 5597 2558 5668 ἀναγορευό
2567 5610 2743 5668 μενον.

2175 5671 2288 5740 (48)
2312 5655 2536 5723 Videtur
2567 5655 2876 5731 legendum,
2911 5657 3033 5711 ἐπεὶ
3056 5656 3102 5711 δ’
3123 5655 3280 5720 ὅλως.
