4020 6140
411 291 548 346 H35

1684 290 1741 345 S.
1785 287 2110 348 GREGORII
2148 291 2443 349 NYSSENI

3547 290 3692 349 ηδε

408 403 503 459 sed
547 401 804 472 quoniam
861 402 1054 457 mortis
1106 402 1390 474 perpessio
1445 414 1639 476 suapte
1671 414 1868 461 natura
1916 405 1983 461 ad

2107 411 2158 480 (“ﬁ
2196 407 2472 476 συγγενῶς
2514 406 2657 477 ἔχειν
2713 407 2856 459 δοκεί
2905 405 2964 458 τὸ
3007 404 3148 459 κατὰ
3198 403 3427 458 θάνατον
3483 401 3694 459 πάθος.

411 503 612 548 terram
657 491 934 562 pertinere
972 493 1200 548 omnino
1235 495 1477 570 videtur,
1509 495 1628 550 Non
1655 507 1755 559 est.
1789 499 1988 568 inquit,

411 591 565 642 homo
595 597 854 650 terrenus,
883 587 974 654 qui
1002 602 1029 639 e
1051 586 1179 640 caelo
1205 587 1470 641 descendit
1493 604 1510 650 ;
1533 589 1622 644 sed
1650 574 1992 644 nihilominus

411 679 584 738 horno.
627 675 862 742 quamvis
910 691 974 728 ea:
1005 675 1134 729 creto
1172 675 1535 740 descenderit;
1573 693 1732 748 neque
1767 679 1905 733 enim
1939 680 1994 732 in

415 769 713 839 Erangeiiis
769 783 956 821 nomen
1003 767 1098 820 hoc
1153 767 1408 822 Dominus
1443 772 1663 840 respuit.
1708 769 1994 836 Quomodo

415 863 581 930 igitur
613 861 664 914 in
693 861 855 914 dictis
888 860 1006 915 suis
1037 860 1138 914 sibi
1181 872 1586 917 consentaneus
1631 863 1752 918 est?
1782 862 1840 918 Si
1884 877 1992 918 non

413 962 664 1004 Ierrenus
695 949 877 1015 homo,
911 948 1005 1004 sed
1045 965 1074 1004 e
1108 950 1248 1004 etelo
1275 951 1339 1005 ad
1387 966 1487 1006 nos
1521 951 1826 1018 descendit,
1855 967 1995 1024 quo-

415 1041 577 1095 ιιςυιίο
615 1037 782 1096 Filius
810 1041 1048 1096 hmninis
1097 1045 1188 1112 qui
1217 1059 1245 1097 e
1278 1043 1418 1098 ccelo
1467 1043 1750 1098 descendit
1788 1059 1998 1102 nuncu-

415 1133 614 1204 patur?
647 1134 778 1188 Illud
807 1135 950 1190 enim
973 1137 1194 1190 omnino
1225 1136 1506 1203 concedet,
1533 1137 1994 1205 quemadmodum

417 1229 473 1280 in
514 1234 662 1281 terra
698 1227 906 1297 priores
955 1223 1079 1282 ﬁliis
1125 1235 1306 1298 patres
1342 1243 1466 1283 esse
1511 1226 1888 1298 intelligimus,
1925 1228 1996 1281 ita

416 1320 579 1374 etiam
619 1321 674 1374 in
709 1321 931 1375 homine
980 1321 1097 1388 qui,
1132 1329 1189 1373 ut
1226 1320 1341 1389 ipse
1371 1328 1560 1390 'puIaI,
1591 1337 1619 1375 e
1662 1321 1800 1375 ρωὶο
1825 1321 1994 1384 venit,

418 1413 863 1484 Quandoquidem
901 1402 1072 1466 Filius
1104 1412 1345 1466 hominis
1379 1411 1600 1476 dicitur,
1642 1429 1750 1468 non
1794 1421 1999 1468 temere

420 1523 448 1558 a
486 1515 639 1574 patre
679 1521 874 1558 nomen
922 1520 1172 1570 sumere;
1204 1503 1302 1559 'sed
1353 1503 1474 1573 ejus
1517 1502 1723 1574 patrem
1769 1505 1822 1558 in
1859 1505 1998 1559 caelo

421 1613 542 1651 esse
579 1597 744 1649 alium
764 1589 1075 1658 hominem,
1114 1612 1274 1665 quem
1309 1595 1550 1649 humano
1581 1603 1732 1650 more
1761 1596 1996 1666 priorem

423 1703 544 1741 esse
585 1687 724 1740 Filio
762 1687 1155 1756 intelligamus.
1208 1687 1268 1743 Si
1303 1687 1446 1741 enim
1486 1686 1672 1740 verbis
1709 1687 1816 1741 illis
1853 1685 1999 1740 inni-

2096 503 2216 556 Οὐκ
2245 502 2398 564 ἔστι,
2436 502 2620 572 φησὶν,
2651 501 2719 554 ἑκ
2746 500 2856 570 γῆς
2885 499 3229 566 ἅνθρωπος,
3263 501 3296 550 ό
3317 496 3386 559 ἐξ
3416 494 3697 564 οὐρανοῦ

2093 592 2351 658 καταϐὰς
2386 592 2719 661 ἅνθρωπος.
2758 593 3091 659 Ἀνθρωπος
3120 589 3329 659 μέντοι
3354 629 3368 652 ,
3401 587 3503 642 καὶ
3533 590 3588 641 εἰ
3617 587 3697 650 ἐξ

2095 683 2356 752 οὐρανοῦ
2378 682 2782 750 καταϐέϐηκεν
2799 700 2810 712 ·
2842 683 2914 736 οὐ
2935 681 3045 750 γὰρ
3067 679 3331 748 ἀρνεῖται
3359 679 3472 747 τὴν
3492 679 3696 731 τοιαύ-

2095 793 2207 842 την
2241 775 2647 845 προσηγορίαν
2686 774 2755 827 ἐν
2787 772 2910 837 τοῖς
2942 772 3335 842 Edam-clloq-
3369 773 3402 825 ὀ
3442 771 3689 837 Κύριος.

2096 866 2217 930 Πῶς
2247 863 2341 920 οὖν
2389 868 2446 919 ἐν
2473 869 2587 929 τοῖς
2619 864 2932 936 εἰρημένοις
2964 863 3025 917 τὸ
3056 861 3348 916 ἀκόλουθον
3382 861 3589 926 σώζεις
3622 861 3694 914 Εἰ

2098 959 2172 1029 μὴ
2203 960 2267 1012 ὲκ
2294 960 2396 1029 γῆς
2433 960 2461 1012 ὁ
2495 957 2780 1028 ἄνθρωπος
2805 995 2821 1021 ,
2863 956 2976 1009 ἀλλ’
3009 953 3068 1020 ἐξ
3093 954 3321 1024 οὐρανοῦ
3362 953 3696 1007 καταϐαίνει

2098 1052 2231 1121 πρὸς
2261 1048 2442 1121 ἡμᾶς,
2482 1049 2599 1112 πῶς
2630 1047 2916 1119 ἀνθρώπου
2953 1046 3076 1110 Υἱὸς
3125 1049 3152 1100 ὁ
3193 1045 3252 1110 ἐξ
3302 1045 3536 1117 οὐρανοῦ
3583 1063 3695 1098 καί

2095 1143 2361 1202 ταϐαίνων
2405 1142 2654 1211 λέγεται;
2705 1140 2877 1193 Δώσει
2913 1139 3019 1210 γὰρ
3067 1139 3322 1201 πάντως,
3368 1138 3567 1208 ὥσπερ
3597 1139 3695 1190 ἐπὶ

2095 1238 2195 1305 τῆς
2237 1237 2339 1305 γῆς
2394 1231 2821 1306 προεπινοοῦμεν
2872 1230 2978 1284 τῶν
3031 1229 3163 1282 υἱῶν
3215 1229 3344 1291 τοὺς
3402 1229 3692 1298 πατέρας,

2097 1325 2238 1378 οὕτω
2271 1324 2364 1377 καὶ
2394 1324 2487 1376 ἐπὶ
2518 1322 2611 1376 τοῦ
2647 1324 2765 1376 κατ’
2800 1322 2961 1376 αὑτὸν
3001 1319 3295 1392 οὐρανόθεν
3333 1320 3562 1390 ἥκοντος
3591 1321 3694 1373 ἁν-

2099 1411 2315 1482 θρώπου
2343 1453 2356 1477 ,
2395 1411 2581 1482 ἐπειδὴ
2627 1410 2756 1474 Υἰδς
2789 1409 3074 1480 ἀνθρώπου
3126 1407 3379 1477 λέγεται,
3434 1408 3514 1479 μὴ
3560 1408 3692 1478 εἰκῆ

2100 1502 2368 1576 πατρόθεν
2401 1500 2902 1572 κατονομάζεσθαι·
2949 1500 3062 1553 ἀλλ’
3097 1496 3236 1554 εἶναι
3290 1499 3491 1566 αὐτοῦ,
3546 1499 3696 1555 κατὰ

2099 1595 2159 1648 τὸ
2185 1594 2514 1666 ἀνθρώπινον
2543 1635 2556 1657 ,
2596 1595 2653 1647 ἐν
2700 1591 2914 1663 οὐρανῷ
2946 1592 3425 1663 προθεωροὺμιενον
3472 1592 3698 1662 πατέρα

2100 1687 2255 1740 ἄλλον
2285 1685 2568 1756 ἄνθρωπον
2589 1724 2604 1739 .
2640 1686 2700 1738 Εἰ
2756 1683 2864 1754 γὰρ
2896 1682 3209 1754 στηρίζεται
3250 1683 3360 1753 (49)
3395 1682 3576 1753 τούτῳ
3611 1682 3694 1751 τῷ

425 1779 578 1838 titur.
619 1779 787 1831 Nemo
823 1776 1058 1831 ascendit
1104 1776 1158 1830 in
1191 1777 1400 1839 cretum,
1450 1777 1556 1830 nisi
1593 1778 1680 1846 qui
1727 1774 1993 1830 descendit

2107 1775 2312 1846 ῥήματι
2349 1754 2427 1844 τῷ
2475 1774 2758 1844 εἰρηκότι,
2788 1771 2997 1838 Οὐδεὶς
3035 1771 3405 1840 ἀναϐέϐηκεν
3445 1773 3538 1836 εἰς
3581 1771 3698 1824 τὸν

423 1867 486 1924 dc
518 1870 646 1922 cocto
675 1867 852 1922 Filius
885 1869 1113 1922 hominis
1143 1869 1193 1934 ⁸,
1229 1877 1284 1923 et
1313 1868 1524 1924 idcirco
1555 1869 1710 1924 illum
1734 1885 1762 1922 a
1795 1868 1998 1924 terreni

427 1962 662 2015 hominis
692 1961 1022 2030 cognatione
1067 1961 1329 2031 seiungit,
1358 1971 1412 2016 et
1445 1976 1475 2014 e
1512 1962 1654 2015 cmlo
1681 1961 1747 2018 ad
1781 1976 1882 2018 nos
1905 1975 2000 2015 ve-

425 2053 573 2107 nisse
592 2041 786 2106 Filium
819 2052 1090 2107 hominem
1122 2054 1283 2112 dicit:
1314 2056 1547 2124 aliquem
1579 2054 1744 2108 alium
1774 2061 2000 2124 prersus

425 2143 574 2198 dabit
608 2145 661 2198 in
694 2144 835 2198 caelo
867 2143 1142 2198 hominem
1189 2153 1396 2214 patrem
1433 2145 1583 2200 illius
1636 2145 1874 2199 hominis
1907 2145 2000 2216 qui

427 2229 493 2283 ad
529 2245 630 2284 nos
680 2230 984 2294 descendit,
1020 2232 1093 2284 ita
1139 2241 1199 2286 ut
1242 2232 1309 2286 'in
1352 2229 1564 2288 cmiesti
1609 2233 1718 2286 vita
1753 2235 2003 2290 nationes

428 2321 729 2386 hominum,
763 2330 815 2375 et
853 2323 1058 2392 populi,
1093 2333 1147 2378 et
1187 2325 1370 2378 omnia
1418 2331 1759 2398 quaecunque
1797 2327 1851 2380 in
1898 2327 2002 2381 hac

427 2413 538 2466 vita
570 2421 718 2477 sunt,
749 2414 973 2484 reperiri
1010 2414 1367 2472 arbitremur.
1401 2416 1456 2470 Si
1491 2418 1656 2487 igitur
1681 2418 1771 2487 qui
1803 2432 1833 2471 e
1862 2417 2004 2471 cmlo

428 2506 597 2565 venit.
633 2505 800 2562 Filius
829 2508 1064 2562 hominis
1095 2516 1216 2572 est;
1255 2509 1347 2579 qui
1385 2518 1566 2563 autem
1601 2525 1664 2564 ex
1711 2509 1877 2563 Maria
1923 2509 1990 2564 de

428 2595 636 2650 semine
681 2595 847 2649 David
892 2597 1191 2651 secundum
1226 2612 1444 2652 carnem
1479 2607 1642 2654 natus
1677 2610 1780 2666 est,
1820 2616 2006 2670 quam—

363 2747 370 2753 _
429 2685 512 2740 vis
537 2701 565 2739 e
595 2687 734 2739 cmlo
764 2689 994 2749 venerit,
1023 2685 1198 2742 Filius
1231 2689 1472 2741 hominis
1504 2689 1832 2759 appellatur,
1865 2690 2004 2747 falso

432 2776 729 2831 Secundum
771 2777 920 2846 ipsos
975 2776 1065 2832 Dei
1097 2777 1269 2834 Filius
1321 2779 1545 2843 dicitur,
1583 2795 1708 2834 cum
1751 2795 1850 2836 nec
1893 2789 2007 2836 ter-

432 2869 648 2930 reSII-is,
677 2879 776 2922 nec
811 2869 1054 2925 cmlestis
1073 2867 1165 2923 ille
1193 2869 1365 2926 Filius
1389 2885 1510 2925 cum
1537 2872 1825 2946 divinitate
1856 2888 2007 2928 com-

433 2976 596 3014 mune
639 2961 941 3030 quidqham
1002 2961 1219 3015 habeat.
1277 2961 1382 3016 Sed
1431 2961 1484 3016 in
1535 2979 1804 3018 summam
1841 2967 2004 3022 veluti

431 3053 696 3122 colligens
733 3070 854 3123 qmn
889 3055 956 3106 ab
994 3053 1114 3123 ipso
1151 3052 1294 3108 dicta
1321 3065 1470 3121 sum,
1511 3057 1661 3111 hisce
1691 3059 1872 3115 verbis
1893 3075 2000 3114 sero

433 3143 581 3196 moui
617 3143 776 3198 ﬁnem
815 3145 1071 3214 imponit:
1095 3143 1154 3200 Si
1179 3156 1353 3200 autent
1386 3159 1433 3201 et
1473 3165 1500 3202 ε
1535 3147 1663 3201 οαοΙο
1711 3147 1884 3203 Filius
1916 3149 2008 3204 ho-

432 3233 590 3286 minis
625 3243 672 3286 et
702 3251 768 3287 e.r-
801 3236 1016 3290 muliere
1051 3235 1227 3291 Filius
1269 3237 1382 3304 Dei,
1430 3239 1689 3316 quomodo
1733 3257 1836 3294 non
1872 3239 2029 3293 idem‘

434 3323 575 3377 Deus
597 3334 646 3378 et
683 3325 836 3380 homo
867 3327 1146 3380 censetur?
1174 3326 1283 3398 Ego
1314 3344 1447 3383 sane
1477 3334 1531 3382 et
1559 3330 1808 3383 eumdem
1839 3328 2007 3383 Deum

433 3425 595 3485 atque
625 3417 898 3472 hominem
935 3419 1180 3480 credere,
1207 3420 1465 3474 erunibus
1497 3432 1657 3473 rectae
1681 3411 1804 3472 lidei
1830 3428 2010 3474 asser-

433 3511 646 3564 torihus
677 3512 971 3565 convenire
999 3512 1109 3574 aio,
1143 3527 1252 3563 non
1289 3519 1470 3564 tamen
1508 3512 1808 3566 secundum
1841 3510 2010 3582 Apol-

434 3601 629 3654 linaris
660 3603 1023 3666 sententiam;
1059 3615 1236 3669 neque
1265 3601 1408 3654 enim
1442 3601 1703 3656 divinitas
1735 3619 1819 3659 res
1845 3611 2016 3660 terre-

436 3708 526 3756 na,
558 3707 731 3759 neque
762 3693 1072 3746 lmmauitas
1091 3693 1316 3748 cmleste
1337 3693 1540 3763 aliquid
1565 3695 1802 3757 exsistit.
1824 3709 2017 3765 quem-

437 3780 728 3858 admodum
761 3781 851 3836 ille
875 3781 1167 3851 opinatur;
1203 3784 1298 3837 sed
1323 3800 1352 3838 e
1378 3785 1518 3838 malo
1547 3785 1765 3854 quidem
1789 3788 1810 3819 ’
1840 3785 2016 3842 virtus

436 3870 702 3924 Altissimi
741 3885 836 3942 per
886 3871 1150 3942 Spiritum
1208 3883 1456 3930 sanctum
1510 3876 1763 3932 humanae
1809 3887 2017 3934 natura:

436 3961 801 4025 obumbravit,
865 3964 969 4017 hoc
1029 3974 1134 4028 est,
1191 3968 1246 4020 in
1301 3981 1364 4021 ea
1425 3966 1706 4021 eﬂ‘ormata
1760 3967 1890 4032 fuit;
1946 3985 2011 4024 ex

437 4053 787 4107 immaculata
824 4069 952 4108 vero
988 4055 1206 4125 Virgine
1249 4058 1433 4111 carnis
1475 4058 1654 4126 portio
1693 4059 1926 4125 coaluit;
1960 4069 2016 4115 et

439 4146 540 4198 hoc
579 4151 762 4213 pacto,
810 4145 955 4214 quod
1007 4146 1061 4199 in
1099 4161 1162 4200 ea
1201 4157 1387 4202 natum
1423 4159 1507 4202 est
1537 4147 1711 4203 Filius
1745 4149 2014 4205 Altissimi

437 4246 664 4292 voratus
705 4247 807 4300 est,
843 4223 1029 4292 divina
1069 4238 1287 4308 quidem
1328 4240 1568 4309 polentia
1617 4240 1868 4296 humanae
1917 4256 2012 4296 na-

439 4344 572 4386 tura:
606 4348 728 4385 cum
780 4332 1083 4406 Altissimo'
1111 4330 1456 4395 afﬁnitatem,
1505 4346 1674 4387 carne
1715 4349 1844 4388 vero
1888 4349 2012 4388 cum
2049 4378 2090 4431 Ι)

438 4424 658 4478 homine
694 4425 1076 4494 cognationem
1117 4421 1227 4478 Deo
1259 4425 1610 4478 conciliante.

515 4516 627 4570 V-ll.
663 4515 766 4570 Sed
809 4517 944 4570 Deus
996 4515 1205 4586 quidem
1247 4526 1358 4576 est,
1425 4517 1604 4586 inquit
1653 4517 2016 4586 Apollinaris,

438 4625 530 4678 per
561 4610 782 4678 spiritus
820 4609 1262 4668 incarnationem,
1297 4607 1454 4661 homo
1487 4618 1661 4661 autent
1685 4624 1776 4676 per
1802 4625 2017 4662 carnem

441 4719 472 4752 a
493 4700 598 4754 Deo
628 4709 974 4768 assumptum.
1013 4699 1155 4766 Quid
1189 4709 1271 4755 est
1301 4715 1494 4754 rursus
1525 4700 1830 4754 incarnatio
1857 4701 2018 4768 spiri-

440 4800 530 4843 tus
568 4799 930 4860 prmterquam
976 4792 1107 4844 unio
1153 4805 1278 4846 cum
1320 4806 1486 4846 carne
1520 4801 1707 4846 nostra
1747 4791 1923 4844 inita?
1955 4790 2019 4844 Et

441 4879 714 4934 undenam
748 4891 1064 4951 assumptus
1099 4889 1183 4938 est
1231 4882 1414 4944 homo,
1470 4881 1574 4937 nisi
1609 4897 1674 4936 ex
1705 4882 1880 4951 primo
1917 4881 2015 4935 ho-

443 4972 589 5025 mine
644 4971 805 5039 cujus
832 4975 1059 5041 primam
1106 4975 1512 5043 generationem
1555 4990 1585 5029 e
1625 4983 1789 5038 terra,
1838 4991 1945 5029 non
1985 4991 2016 5031 e

442 5065 580 5118 uelo
613 5063 808 5117 factam
846 5063 1015 5118 fuisse
1068 5079 1096 5116 a
1134 5065 1314 5132 Moyse
1349 5067 1468 5135 ejus
1517 5067 1886 5135 genealogiam
1922 5067 2015 5121 de-

443 5157 738 5223 scribente,
786 5155 1113 5212 didicimus?
1158 5157 1202 5210 Ε
1257 5169 1396 5211 terra
1438 5159 1573 5212 enim
1625 5158 1764 5213 Deus
1805 5161 2015 5226 pulvere

445 5260 674 5317 accepto,
700 5249 960 5303 hominem
994 5248 1185 5317 finxit;
1215 5249 1373 5301 aliam
1406 5261 1584 5301 autem
1627 5250 1858 5304 hominis
1887 5265 2018 5305 con-

525 5417 546 5446 ⁸
579 5414 732 5472 Joan.
778 5432 859 5480 III,
901 5417 984 5469 13.
1064 5417 1083 5447 ⁹
1115 5413 1244 5469 Luc.
1282 5430 1318 5476 I,
1354 5414 1442 5476 '55,
1476 5432 1593 5484 sqq.

520 5571 628 5638 (i9)
678 5567 881 5622 Locum
929 5569 1072 5638 hunc
1123 5583 1322 5638 usque;
1341 5565 1408 5620 ad
1448 5567 1534 5620 illa
1569 5564 2020 5638 verba,;:o:o§':ov

447 5635 680 5706 πατέρα,
715 5638 895 5691 laudat
926 5635 1247 5708 Euthymius
1287 5636 1593 5708 Zigabeuus
1640 5639 1692 5691 in
1748 5635 2020 5703 Panoplia:

451 5714 536 5764 tit.
571 5710 651 5767 l3,
689 5717 825 5776 part.
868 5723 924 5768 II,
963 5724 1084 5780 pag.
1119 5707 1240 5766 5'24.

2101 1864 2396 1934 οὐρανὸν,
2424 1867 2476 1918 εἰ
2523 1864 2610 1934 μὴ
2653 1867 2685 1918 ό
2743 1864 2810 1930 ἐξ
2851 1863 3112 1932 οὐρανοῦ
3147 1863 3406 1930 καταϐὰς
3431 1904 3448 1928 ,
3483 1868 3517 1918 ὀ
3559 1865 3697 1930 Υἱὸς

2101 1956 2207 2010 τοῦ
2237 1947 2586 2025 ἀνθρώποὺ,
2620 1956 2712 2010 καὶ
2749 1955 2837 2009 διὰ
2866 1955 3020 2009 τοῦτο
3052 1956 3150 2024 τῆς
3180 1957 3318 2027 πρὸς
3363 1955 3458 2008 τὸν
3500 1956 3697 2024 γήῖνον

2101 2043 2384 2118 ἄνθρωπον
2408 2047 2724 2116 συγγενείας
2753 2045 2913 2100 αὐτὸν
2943 2045 3246 2116 ἀποσχίζει,
3283 2046 3348 2098 ὲκ
3387 2044 3484 2098 τοῦ
3517 2045 3695 2115 οὐρα⁴

2102 2139 2193 2194 νοῦ
2224 2141 2426 2210 ἥκοντα
2458 2137 2584 2192 Υἰδν
2621 2138 2903 2209 ἄνθρωπον
2939 2137 3112 2205 λέγων
3137 2154 3150 2167 ·
3182 2136 3343 2190 δώσει
3390 2137 3518 2190 τινὰ
3555 2139 3699 2191 πάνά

2102 2249 2210 2295 τως
2233 2229 2327 2284 τοῦ
2358 2221 2696 2292 καταϐάντος
2719 2229 2855 2300 πρὸς
2887 2230 3032 2300 ἡμᾶς
3056 2227 3213 2281 ἄλλον
3240 2231 3296 2281 ἐν
3329 2228 3387 2281 οὐ
3399 2227 3550 2298 ρανῷ
3583 2245 3698 2280 τοι-

2104 2322 2256 2377 οῦτον
2287 2321 2495 2392 πατέρα
2521 2337 2534 2353 ·
2567 2309 2707 2374 ὥστε
2739 2321 2832 2373 καὶ
2857 2321 3004 2392 ὲνίτῇ
3033 2319 3270 2390 οὐρανίῳ
3293 2317 3406 2390 ζωῇ
3436 2319 3566 2390 ἔθνη
3597 2322 3698 2374 ἀν-

2105 2409 2358 2486 θρώπων,
2395 2391 2489 2466 καὶ
2520 2411 2748 2485 δήμους,
2777 2412 2871 2465 καὶ
2905 2391 3083 2466 πάντα
3107 2411 3243 2478 (50),
3280 2412 3382 2464 ὅσα
3415 2411 3562 2464 κατὰ
3600 2411 3694 2463 τὸν

2104 2499 2230 2578 τῇδε
2272 2506 2384 2577 βίον
2437 2505 2586 2558 ἐστιν
2623 2504 2985 2558 ὑπονοεῖσθαι.
3036 2503 3098 2555 Εἰ
3129 2497 3222 2556 οὖν
3263 2501 3322 2555 τὸ
3354 2501 3413 2568 ἐξ
3456 2500 3694 2572 οὐρανοῦ

2104 2595 2259 2672 ἧκον,
2309 2596 2597 2667 ἀνθρώπου
2638 2597 2786 2649 ἐστὶν
2837 2595 3000 2658 Υἱός·
3048 2593 3110 2646 τὸ
3151 2593 3205 2647 δὲ
3244 2595 3307 2646 ὲκ
3355 2593 3579 2664 Μαρίας
3628 2594 3697 2644 ὲκ

2109 2693 2418 2761 σπέρματος
2447 2689 2610 2743 Δαϐἰδ
2633 2687 2775 2743 κατὰ
2816 2688 2995 2759 σάρκα
3025 2687 3444 2758 γεγεννημένον,
3482 2686 3696 2740 ἄνωθεν

2107 2782 2184 2846 δὲ,
2217 2779 2506 2850 ἀνθρώπου
2538 2779 2665 2842 Υἱὸς
2692 2776 3042 2849 ὠνόμασται·
3091 2776 3302 2846 ψευδῶς
3337 2777 3456 2830 κατ’
3497 2777 3698 2838 αὐτοὺς

2109 2872 2236 2938 Υἱὸς
2275 2872 2408 2925 Θεοῦ
2461 2871 2708 2940 λέγεται,
2767 2872 2905 2941 μήτε
2953 2870 3046 2922 τοῦ
3095 2869 3370 2939 οὐρανίου,
3423 2871 3561 2939 μήτε
3598 2866 3698 2921 τοῦ

2109 2967 2296 3037 γηῖνου
2321 2965 2455 3037 πρὸς
2478 2964 2538 3017 τὸ
2562 2960 2716 3017 Θεῖον
2750 2964 3134 3034 οἰκειουμένου.
3174 2961 3333 3015 Ἀλλὰ
3368 2959 3698 3029 συναγαγὼν

2116 3058 2296 3130 ἑαυτῷ
2314 3058 2449 3129 πρὸς
2471 3057 2530 3111 τὸ
2551 3056 2842 3124 κεφάλαιον
2863 3055 2932 3109 τὰ
2954 3055 3238 3126 εἰρημένα,
3264 3055 3320 3106 ὲν
3350 3054 3520 3124 τούτῳ
3557 3073 3621 3107 συ
3630 3073 3691 3124 μ-

2111 3150 2357 3222 περαίνει
2385 3149 2475 3202 τδν
2509 3148 2685 3216 λόγον·
2721 3150 2786 3202 El
2826 3147 2893 3200 δὲ
2916 3148 3015 3200 καὶ
3041 3146 3108 3212 ἐξ
3139 3146 3400 3216 οὐρανοῦ
3433 3146 3569 3210 Υἱὸς
3591 3147 3698 3199 ἀι·-

2110 3243 2366 3310 θρώπου,
2405 3239 2502 3294 καί
2535 3239 2603 3292 ἐκ
2638 3238 2925 3309 γυναικὸς
2971 3238 3106 3304 Υἱὸς
3144 3236 3313 3298 Θεοῦ,
3355 3237 3481 3303 πῶς
3510 3239 3625 3306 οὐκ
3663 3239 3699 3290 ὁ

2110 3333 2292 3398 αὐτὸς
2319 3333 2462 3398 Θεὸς
2484 3331 2580 3386 καὶ
2613 3330 2954 3398 ἄνθρωπος;
2996 3328 3138 3396 Ἐγὼ
3168 3327 3224 3382 δὲ
3258 3327 3317 3380 τὸ
3354 3328 3450 3397 μὲν
3476 3327 3568 3380 τὸν
3603 3328 3700 3380 αξ.-

2107 3422 2196 3478 τὸν
2264 3423 2547 3495 ἄνθρωπον
2583 3423 2676 3475 καὶ
2719 3419 2849 3474 Θεὸν
2887 3417 3161 3472 πιστεύειν
3203 3413 3366 3483 εἶναι,
3402 3417 3567 3487 φημὶ,
3604 3417 3698 3468 καὶ

2120 3515 2320 3578 παντὸς
2364 3510 2503 3567 εἶναι
2547 3503 2640 3566 τοῦ
2674 3512 2766 3568 τὸν
2813 3510 2970 3582 ὀρθὸν
3008 3510 3161 3578 λόγον
3194 3507 3609 3581 πρεσϐεύοντκ,
3634 3507 3695 3559 οὔ

2117 3606 2222 3678 μὴν
2248 3605 2389 3659 κατὰ
2416 3605 2515 3675 τὴν
2540 3593 2632 3658 τοῦ
2669 3601 3004 3674 λογογράφου
3032 3602 3270 3655 διάνοιαν
3292 3619 3304 3630 ο
3337 3600 3459 3653 οὔτε
3497 3599 3604 3671 γὰρ
3638 3597 3698 3650 rb

2114 3699 2265 3752 Θεϊον
2293 3698 2501 3768 γήϊνον,
2552 3697 2674 3750 οὔτε
2725 3696 3064 3767 ἀνθρώπινον
3093 3693 3152 3748 τὸ
3194 3694 3462 3765 οὐράνιον,
3511 3692 3699 3754 καθὼς

2115 3792 2320 3853 ἐκεῖνος
2347 3789 2516 3843 οἴεται
2543 3804 2558 3820 °
2592 3788 2706 3842 ἀλλ’
2740 3787 2944 3843 ἄνωθεν
2979 3787 3131 3856 μὲνὴ
3169 3785 3262 3838 τοῦ
3301 3784 3562 3852 Ὑψίστου
3603 3782 3698 3834 δύο

2115 3899 2298 3953 ναμις,
2346 3881 2434 3935 διὰ
2477 3881 2570 3934 τοῦ
2620 3879 2775 3948 ἁγίου
2817 3878 3134 3948 Πνεύματος
3175 3879 3232 3930 ὲν
3272 3879 3337 3948 τῇ
3381 3875 3700 3946 ἀνθρωπίνῃ

2117 3975 2274 4044 φύσει
2310 3972 2652 4042 ὲνεσκιάσθη,
2681 3970 2982 4037 τουτέστιν,
3007 3967 3383 4039 ὲνεμορφὼθη,
3421 3968 3486 4019 ὲκ
3521 3966 3578 4018 δὲ
3599 3966 3698 4034 τῆς

2117 4067 2379 4139 ἀμιάντου
2399 4064 2672 4137 Παρθένου
2701 4065 2736 4134 ἡ
2761 4065 2858 4132 τῆς
2888 4057 3090 4133 σαρκὸς
3109 4064 3271 4132 μοῖρα
3294 4059 3664 4131 συνηρανίσθη
3679 4066 3694 4088 '°

2117 4160 2210 4212 καὶ
2247 4157 2418 4222 οὕτως
2445 4159 2505 4211 τὸ
2543 4159 2600 4211 ἐν
2640 4159 2774 4228 αὐτῇ
2807 4156 3086 4225 γεννηθὲν,
3119 4155 3247 4217 Υἰδς
3278 4153 3534 4222 Ὑψίστου
3569 4168 3699 4204 xar-

2115 4250 2405 4320 ωνομάσθη
2429 4267 2440 4278 ·
2497 4249 2594 4320 τῆς
2626 4249 2724 4318 μὲν
2761 4248 2911 4311 θείας
2945 4247 3228 4316 δυνάμεως
3278 4245 3376 4315 τὴν
3422 4243 3562 4315 πρὸς
3606 4243 3698 4294 τὸν

2121 4343 2385 4412 Ὕψιστον
2407 4341 2741 4412 ἀγχιστείαν,
2773 4339 2872 4409 τῆς
2900 4340 2955 4395 δὲ
2986 4339 3186 4412 σαρκὸς
3217 4337 3321 4408 τὴν
3351 4335 3698 4406 ἀνθρωπίνην

2121 4433 2499 4503 οἰκειουμένης
2529 4431 2870 4500 συγγένειαν.

2197 4524 2372 4578 Ἀλλὰ
2395 4523 2538 4589 Θεὸς
2558 4522 2694 4592 μὲν,
2736 4523 2888 4592 φησὶ,
2919 4525 3000 4588 τῷ
3038 4522 3326 4592 πνεύματι
3362 4518 3444 4584 τῷ
3464 4529 3698 4586 σαρκω-

2116 4615 2274 4670 θέντι
2298 4631 2313 4646 ·
2353 4615 2660 4683 ἅνθρωπος
2681 4615 2748 4667 δὲ
2765 4613 2836 4682 τῇ
2858 4617 2976 4669 ὑπὸ
2998 4614 3103 4668 τοῦ
3123 4613 3268 4667 Θεοῦ
3295 4610 3700 4678 προσληφθεί-

2117 4723 2199 4774 an
2230 4707 2430 4774 "Uttpr
2478 4707 2542 4758 Ti
2578 4708 2693 4758 ἐστι
2731 4705 2892 4758 πάλιν
2921 4705 3016 4758 τοῦ
3062 4705 3369 4773 πνεύματος
3402 4702 3699 4772 σάρκωσις,

2120 4796 2277 4860 ἐκτὸς
2305 4800 2404 4867 τῆς
2427 4796 2562 4867 προς
2584 4797 2682 4866 τὴν
2712 4795 2984 4867 ἡμετέραν
3010 4795 3186 4865 σάρκα
3221 4794 3502 4857 ὲνώσεως;
3536 4790 3703 4843 πόθεν

2119 4888 2174 4941 δὲ
2229 4887 2576 4958 προσελήφθη
2631 4887 2947 4957 ἄνθρωπος,
3003 4888 3052 4939 εἰ
3107 4884 3182 4956 μὴ
3235 4886 3301 4937 ὲκ
3333 4882 3429 4937 τοῦ
3483 4881 3699 4952 πρώτου

2118 4979 2434 5052 (ἀνθρώπου
2463 4979 2598 5051 (51),
2636 4975 2695 5034 οὗ
2731 4979 2828 5050 τὴν
2848 4977 3070 5050 πρώτην
3095 4978 3306 5045 γένεσιν
3333 4977 3398 5028 ὲκ
3424 4973 3532 5044 γῆς
3551 5016 3566 5039 ,
3604 4974 3704 5026 οὐκ

2119 5074 2182 5124 ἐκ
2209 5070 2302 5124 τοῦ
2334 5071 2585 5140 οὐρανοῦ)
2621 5070 3066 5139 γενεαλογοῦντος
3088 5069 3180 5123 τοῦ
3221 5068 3503 5129 Μωῦσέως
3538 5065 3701 5135 nmio

2121 5180 2324 5232 σαμεν;
2357 5165 2564 5217 Λαϐὼν
2604 5163 2711 5234 γάρ
2738 5165 2770 5216 ό
2795 5163 2938 5228 Θεὸς
2961 5159 3114 5230 χοῦν
3139 5160 3258 5213 ἀπὸ
3289 5157 3399 5225 τῆς
3433 5157 3564 5228 γῆς,
3597 5159 3703 5209 τεν

2127 5255 2441 5322 ἄνθρωπον
2499 5255 2808 5308 ἔπλασεν·
2881 5253 3044 5323 ἄλλην
3091 5251 3145 5306 δὲ
3197 5249 3486 5320 ἀνθρώπου
3539 5267 3702 5301 κατα-

2200 5568 2312 5632 (50)
2335 5566 2490 5620 Corr.
2517 5566 2608 5619 καὶ
2634 5566 2857 5634 δήμους,
2890 5564 2983 5617 καὶ
3019 5563 3270 5634 πἰτριὰς,
3314 5565 3405 5616 καί
3435 5563 3629 5615 πάντα.

2201 5637 2312 5707 (51)
2347 5636 2476 5702 Quae
2510 5637 2864 5690 includuntur
2887 5635 3069 5689 addita
3100 5642 3228 5688 sunt
3269 5648 3296 5686 a
3331 5647 3474 5687 corr.
