4056 6146
415 225 556 282 “'57

1585 226 1956 286 Anvtznsus
1994 183 2505 284 APOLOLINAREM.

3505 222 3674 280 1138

417 346 617 416 σκευὴν
649 345 706 412 ἐξ
738 346 969 418 οὐρανοῦ
998 347 1262 418 συστῆσαι
1290 348 1401 421 (52)
1437 352 1564 419 παρ’
1582 350 1794 414 οὐδενὸς
1827 367 1983 421 μεμα

2107 348 2466 404 structionem
2501 363 2530 403 e
2555 347 2696 404 coelo
2742 344 3040 410 exstitisse,
3088 357 3250 399 nemo
3294 354 3532 413 unquam
3574 354 3675 395 nos

413 433 682 505 θήκαμεν.
700 431 832 488 Εἶτα
855 435 1051 504 ἐπάγει
1071 439 1182 500 τοῖς
1199 437 1532 507 εἰρημένοις,
1557 439 1651 492 ὅτι·
1672 437 1748 491 Τὸ
1767 436 2002 507 μυστή-

2095 438 2314 496 "docuit.
2369 439 2574 496 Deinde
2627 440 2716 497 bis
2773 438 2950 495 dictis.
2989 436 3268 508 subiungit
3321 433 3674 505 Apollinaris,

409 543 550 600 ριον
589 525 658 578 ἐν
685 527 863 594 σαρκὶ
889 527 1232 597 ἐφανερώθη
1260 544 1272 556 ·
1318 529 1496 594 καλῶς
1527 529 1684 583 τοῦτο
1704 529 1899 598 λέγων,
1925 521 1983 583 οῦ

2105 526 2424 600 Hysterium
2457 532 2509 584 in
2547 546 2705 585 carne
2734 528 3134 598 manifestatum
3161 525 3359 595 fuisse;
3382 531 3529 578 recte
3561 523 3678 592 qui-

414 635 504 684 τος
533 619 560 672 ὁ
583 617 848 689 ἡμέτερος
881 619 1035 692 λόγος
1061 637 1073 649 ·
1103 621 1196 675 καὶ
1211 621 1292 674 ὅτι
1319 624 1354 676 d
1375 623 1564 691 Λόγος
1585 620 1743 688 σὰρξ
1753 620 2002 690 ’ἐγένετο

416 706 565 761 κατὰ
594 707 708 774 τὴν
731 694 982 768 ἕνωσιν
1033 709 1128 770 καὶ
1157 707 1332 764 ταῦτα
1370 713 1468 780 τῆς
1505 709 1856 779 ὑγιαινούσης
1888 726 2003 778 φω-

415 798 510 866 νῆς
545 799 656 851 ἐστι
698 799 764 863 τά
808 801 1026 870 ῥήματα
1051 839 1067 856 .
1125 801 1184 854 Ὅ
1219 800 1590 872 γάρὴνῶσθαι
1623 803 1688 870 τῇ
1727 801 1890 869 σαρκὶ
1912 798 2001 853 τὸν

415 889 586 956 Λόγον
615 890 804 955 εἰπὼν,
845 893 996 946 οὐδὲν
1026 894 1212 968 ἕτερον
1244 894 1276 965 ἢ
1320 893 1429 946 τῶν
1456 892 1548 945 δύο
1570 891 1669 962 τὴν
1697 890 1999 966 συνδρομὴν

413 979 581 1048 λέγει.
643 983 794 1036 Ἀλλ’
825 985 936 1037 οὐκ
971 984 1237 1054 ἄψυχος,
1268 985 1453 1056 φησὶν,
1492 986 1530 1053 ἠ
1569 981 1764 1053 σάρξ·
1817 999 2000 1052 aspa-

411 1073 691 1126 σεύεσθαι
734 1072 842 1143 γὰρ
886 1076 1034 1134 κατὰ
1076 1072 1184 1130 τοῦ
1229 1077 1570 1144 πνεύματος
1598 1076 1856 1143 εἴρηται,
1897 1075 1997 1130 καί

415 1159 980 1227 ἀντιστρατεύεσθαι
1004 1161 1082 1227 τῷ
1103 1163 1268 1234 νόμῳ
1286 1163 1394 1216 τοῦ
1421 1164 1608 1233 νόμου
1625 1163 1755 1234 (55).
1787 1163 1929 1241 ςΥπέ
1939 1181 1997 1236 ρ-

415 1265 542 1318 ευγε
574 1250 672 1320 τῆς
714 1253 1139 1323 ἀγνωμοσύνηςι
1193 1256 1293 1307 οὐκ
1330 1253 1534 1324 ἄψυχον
1581 1254 1658 1325 τῷ
1689 1254 1806 1325 Θεῷ
1836 1273 1993 1327 περι-

416 1340 645 1394 πλάσσει
668 1342 765 1414 τὴν
799 1343 992 1414 σάρκα.
1019 1344 1228 1398 Οὐκοῦν
1253 1345 1634 1417 ἐρωτήσωμεν,
1659 1347 1706 1398 εἰ
1746 1345 1994 1416 ἔμψυχος

418 1431 775 1503 προσελήῳθη
823 1433 973 1505 παρά
1008 1432 1101 1488 τοῦ
1135 1434 1271 1488 Θεοῦ
1305 1435 1477 1504 Λόγου
1526 1439 1561 1508 ἡ
1613 1437 1769 1508 σὰρξ,
1812 1438 1992 1502 καθώς

415 1537 580 1600 φησιν
609 1523 638 1574 δ
668 1523 1030 1595 λογογράφος·
1068 1524 1286 1596 ἔμψυχα
1316 1525 1370 1578 δέ
1405 1543 1585 1596 φαμεν
1613 1529 1706 1582 καὶ
1734 1528 1840 1582 τῶν
1871 1529 1992 1582 ἀλό.

413 1630 524 1680 γων
550 1613 618 1667 τά
651 1613 910 1685 σώματα·
958 1619 986 1670 ὁ
1029 1617 1375 1689 ἀνθρωπίνην
1417 1619 1614 1688 σάρκα,
1659 1620 1752 1672 καὶ
1788 1619 1990 1690 ταύτην

2105 619 2248 685 dem,
2283 635 2410 676 nam
2439 629 2493 676 ct
2525 636 2626 677 nos
2651 621 2790 677 idem
2832 620 3090 686 dicimus,
3140 616 3396 686 additque
3449 613 3677 668 Verbum

2103 725 2314 766 carnem
2365 711 2566 782 factum
2647 711 2814 782 fuisse
2867 709 3154 766 secundum
3217 707 3498 772 unionem;
3556 719 3678 774 qua:

2102 801 2321 872 quidem
2353 803 2515 858 etiam
2558 817 2690 859 sane
2721 802 2996 874 loquentis
3021 808 3149 858 sunt
3177 799 3372 866 verba;
3404 799 3497 868 qui
3531 797 3676 852 enim

2101 893 2253 946 carni
2296 893 2508 946 unitum
2539 892 2710 950 fuisse
2741 892 2979 950 Verbum
3014 889 3170 956 dicit,
3205 890 3283 944 nil
3329 888 3474 944 aliud
3509 902 3675 958 quam

2099 983 2330 1054 duplicis
2376 984 2454 1040 rei
2509 999 2837 1041 concursum
2891 984 3108 1040 asserit.
3147 981 3251 1041 Sed
3287 997 3436 1048 caro,
3480 979 3673 1050 inquit,

2100 1091 2204 1130 non
2251 1086 2395 1131 caret
2432 1078 2633 1142 anima,
2687 1079 2919 1133 militare
2958 1078 3097 1133 enim
3140 1075 3390 1131 adversus
3431 1073 3674 1144 spiritum

2098 1165 2297 1220 dictum
2328 1176 2408 1221 est
2441 1162 2501 1221 ac
2532 1183 2822 1238 repugnare
2859 1168 2961 1238 legi
2989 1168 3153 1239 legem
3189 1165 3380 1220 mentis
3398 1164 3463 1219 “-:
3492 1162 3538 1218 Ο
3569 1162 3672 1216 mi-

2098 1275 2214 1313 ram
2247 1255 2552 1315 inscitiam!
2588 1257 2709 1314 Non
2738 1259 3032 1314 inanimem
3065 1257 3174 1313 Deo
3196 1256 3405 1326 afﬁngit
3428 1269 3669 1310 carnem.

2099 1349 2286 1421 Itaque
2313 1350 2713 1421 interrogemus
2750 1364 2818 1404 an
2853 1349 3096 1403 animata
3125 1362 3254 1403 caro
3293 1363 3323 1401 a
3360 1347 3470 1402 Deo
3497 1345 3675 1400 Verbo

2098 1440 2260 1497 fuerit
2301 1449 2604 1512 assumpta,
2627 1439 3087 1512 quemadmodum
3116 1447 3300 1494 noster
3321 1437 3555 1506 scriptor
3577 1436 3672 1494 ait,

2095 1533 2274 1586 anima
2319 1542 2498 1588 autem
2548 1531 2776 1603 praedita
2821 1546 2944 1587 esse
2991 1530 3314 1596 dicimuset
3357 1527 3671 1581 animalium

2094 1625 2303 1680 ratione
2347 1625 2648 1680 carentium
2686 1639 2938 1695 corpora.
2991 1622 3096 1689 Qui
3147 1629 3329 1678 autem
3376 1622 3671 1675 humanam

410 1702 671 1774 ἔμψυχον,
705 1707 1068 1776 προσοικίζων
1095 1709 1174 1779 τῷ
1201 1708 1364 1778 λόγῳ,
1399 1709 1549 1763 οὐδὲν
1579 1710 1786 1781 ἕτερον,
1812 1711 1846 1780 ἢ
1871 1711 1983 1766 ὅλον

2095 1729 2314 1770 carnem
2385 1729 2615 1786 eamque
2663 1715 2959 1768 animatum
3009 1712 3189 1768 V'erbo
3245 1711 3517 1774 attribuit,
3589 1709 3669 1762 nil

411 1797 672 1849 συνάπτει
710 1798 800 1850 τὸν
834 1797 1153 1870 ἄνθρωπον·
1203 1802 1354 1854 οὐδὲν
1399 1802 1508 1874 γὰρ
1556 1787 1687 1857 ἄλλο
1709 1803 1859 1876 παρά
1893 1804 1989 1876 τὴν

409 1887 599 1958 νοεράν
645 1888 804 1956 φύσιν
845 1890 944 1958 τῆς
973 1891 1323 1962 ἀνθρωπίνης
1359 1893 1535 1964 ψυχῆς
1578 1895 1724 1949 ἐστιν
1769 1877 1985 1968 ἰδίωμα,

405 1979 494 2033 διὰ
513 1981 573 2033 τὸ
599 1981 656 2033 ὲν
692 1983 822 2034 πᾶσι
849 1985 960 2046 τοῖς
991 1983 1174 2047 ἄλλοις
1199 1985 1486 2040 κοινωνίαν
1520 1985 1659 2041 εἶναι
1693 1989 1822 2059 ἡμῖν
1849 1989 1986 2059 πρὸς

405 2070 473 2123 τά
509 2070 696 2139 ἄλογα.
753 2073 826 2126 Τὸ
859 2074 1274 2146 ἐπιθυμητικὸν,
1314 2076 1375 2130 τὸ
1423 2078 1721 2149 θυμοειδὲς,
1767 2081 1800 2151 ἡ
1845 2079 1988 2132 κατά

404 2161 608 2232 τροφὴν
639 2161 838 2229 ὄρεξις,
863 2165 890 2216 ό
923 2165 1101 2238 κόρος,
1131 2170 1158 2221 ό
1198 2167 1384 2240 ὕπνος,
1418 2170 1448 2240 ἡ
1485 2170 1666 2240 πέψις,
1700 2173 1732 2242 ἡ
1760 2171 1985 2224 ἀλλοίω-

407 2268 510 2313 σις,
550 2252 708 2322 ἡτοῦ
737 2256 1123 2326 ἀχρειωθέντος
1173 2261 1487 2331 ὲκποίησις,
1547 2261 1721 2314 πάντα
1761 2263 1900 2316 κατά
1927 2264 1986 2316 τὸ

404 2341 522 2396 ἴσον
552 2346 608 2397 ὲν
640 2347 789 2428 ἡμῖν,
824 2350 915 2401 καὶ
953 2351 1062 2413 τοῖς
1096 2349 1309 2420 ἀλόγοις
1331 2351 1417 2406 διά
1446 2370 1588 2416 τινος
1613 2353 1848 2426 ψυχικῆς
1892 2355 1983 2407 δυ-

403 2434 622 2505 νάμεως
659 2439 1040 2508 οἰκονομεῖται.
1083 2441 1139 2494 '0
1166 2443 1344 2495 τοίνυν
1374 2442 1548 2511 λέγων
1584 2443 1872 2514 ἄνθρωπον
1901 2441 1981 2498 εἶ-

403 2542 492 2579 ναι
523 2527 613 2580 τὸν
655 2529 1144 2602 προσειλημμένον,
1183 2531 1424 2607 ἔμψυχον
1453 2534 1509 2587 δὲ
1551 2535 1737 2588 τοῦτον
1769 2536 1944 2600 διδοὺς
1964 2575 1978 2598 ,

401 2615 552 2670 οὐδὲν
603 2617 786 2689 ἕτερον
841 2620 873 2690 ἢ
918 2621 1012 2674 καὶ
1045 2622 1157 2692 (54)
1208 2623 1404 2694 νοητὴν
1455 2624 1605 2695 αὐτῷ
1655 2642 1972 2697 προσεμαρ-

401 2704 605 2776 τύρησε
628 2707 873 2777 δύναμιν,
900 2709 1035 2779 ὅπερ
1067 2709 1195 2762 ῐδιον
1222 2710 1322 2780 τῆς
1349 2709 1698 2782 ἀνθρωπίνης
1729 2713 1845 2764 ἐστὶ
1874 2713 1979 2780 ψυ-

401 2799 526 2867 χῆς,
550 2797 610 2861 ἐξ
635 2798 831 2864 αὐτῶν,
863 2791 936 2852 ὧν
968 2800 1238 2870 παρέθετο
1268 2802 1418 2871 ἡμῖν,
1453 2801 1560 2855 τῶν
1591 2802 1684 2855 τοῦ
1727 2804 1980 2857 ’Λποστό-

402 2888 497 2941 λου
537 2891 814 2960 ῥημάτων.
862 2891 922 2944 '0
943 2891 1053 2962 γὰρ
1079 2889 1268 2955 εἰπὼν,
1317 2893 1400 2945 ὅτι
1453 2893 1523 2945 Τὸ
1576 2894 1848 2962 φρόνημα
1872 2893 1981 2961 τῆς

399 2981 625 3049 σαρκὸς
652 2981 835 3051 ἔχθρα
856 2985 942 3049 εις
969 2982 1137 3037 Θεὸν·
1160 2982 1240 3048 τῷ
1259 2984 1366 3052 γὰρ
1386 2984 1545 3053 νόμῳ
1565 2983 1674 3038 τοῦ
1699 2985 1846 3039 Θεοῦ
1867 2987 1979 3054 οὐχ

399 3072 809 3126 ὑποτάσσεται
828 3091 839 3103 ·
862 3075 961 3144 τῆς
989 3075 1378 3145 πρωιρετικῆς
1409 3091 1468 3126 τε
1496 3076 1590 3128 καὶ
1632 3075 1975 3146 διανοηπκῆς

343 3224 350 3230 θ
398 3163 682 3234 δυνάμεως
706 3166 909 3236 ἐναργῆ
934 3166 1002 3220 τά
1043 3165 1306 3236 ἰδιώματα
1330 3166 1508 3240 λέγει·
1539 3165 1598 3219 τὸ
1626 3165 1734 3237 γὰρ
1762 3166 1975 3220 ἐπιπει-

398 3253 527 3318 θῶς,
550 3255 584 3324 ἢ
614 3256 918 3319 άντιτύπως
939 3257 1075 3328 πρὸς
1099 3256 1187 3309 τὸν
1220 3257 1382 3328 νόμον
1412 3257 1576 3327 ἔχειν,
1603 3257 1974 3329 προαιρέσεως

398 3344 555 3402 διον·
587 3345 718 3398 αὑτό
742 3363 798 3398 τε
828 3346 888 3399 τὸ
918 3347 1012 3399 τοῦ
1041 3346 1424 3416 φρονήματος
1448 3347 1642 3418 ὄνομα,
1670 3347 1770 3400 οὐκ
1798 3347 1862 3401 ἄν
1890 3365 1974 3411 τις

396 3439 495 3507 τῆς
539 3438 682 3491 κατά
733 3439 794 3491 τὸ
848 3442 1064 3510 φρονεῖν
1112 3440 1391 3508 ἐνεργείας
1460 3439 1844 3512 ἀποχωρίσειε.
1901 3440 1974 3493 Τὸ

395 3528 454 3582 δὲ
491 3529 736 3598 φρονεῖν
762 3531 957 3584 ταύτὸν
1005 3517 1145 3584 εἶναι
1175 3530 1252 3601 τῷ
1294 3534 1434 3585 νοεῖν
1459 3531 1593 3602 (55),
1632 3532 1742 3585 οὐδ’
1769 3531 1835 3584 ἂν
1866 3530 1972 3583 τῶν

397 3621 591 3692 κομιδῇ
625 3638 708 3686 τις
752 3620 1124 3692 νηπιαζόντων
1163 3622 1448 3676 ἀντείποι·
1507 3623 1535 3675 ὅ
1577 3639 1634 3674 τε
1679 3624 1970 3692 ἀντιστρα-

393 3711 703 3782 τευόμενος,
736 3713 832 3766 καὶ
864 3714 1304 3784 αἰχμαλωτίςων,
1335 3713 1450 3776 πῶς
1484 3714 1551 3767 ἂν
1570 3713 1668 3780 τῆς
1698 3712 1973 3782 ἐνεργείας

393 3803 490 3855 τοῦ
517 3805 654 3856 νοεῖν
683 3805 1071 3873 ἀμοιρήσειεν;
1118 3806 1192 3858 Οὐ
1235 3806 1344 3874 γὰρ
1377 3803 1513 3875 πρὸς
1551 3802 1663 3871 (56)
1700 3803 1766 3856 τὰ
1794 3802 1972 3871 φαῦλα

395 3891 660 3948 κινεῖσθαι
699 3897 811 3957 τοῖς
843 3898 1031 3960 κακοῖς
1066 3897 1165 3966 τὴν
1199 3894 1538 3965 προαίρεσιν,
1566 3893 1839 3958 ἀπόδειξις
1877 3892 1972 3946 τοῦ

398 3982 631 4056 μὴεῖναι
654 3987 778 4039 νοῦν
804 3987 862 4039 ὲν
888 3987 1114 4050 ἐκείνοις
1142 3988 1312 4048 ἐστὶν,
1347 3984 1483 4038 ἀλλά
1520 3984 1688 4055 καλῆς
1727 3985 1823 4054 μὲν
1853 3984 1968 4037 δια-

395 4076 546 4139 νοίας
572 4079 726 4140 ἐκτός
754 4079 880 4143 εἱσι,
913 4075 1094 4130 νοοῦσι
1121 4077 1176 4130 δὲ
1205 4079 1355 4147 ὅμως
1380 4091 1394 4106 °
1445 4075 1568 4128 ἐπεὶ
1595 4077 1686 4128 καὶ
1713 4074 1808 4129 τὸν
1848 4074 1974 4144 ὅφιν

394 4167 622 4232 ἐκεῖνον,
651 4168 710 4221 ὃν
729 4169 791 4240 δὴ
822 4170 919 4239 τῆς
951 4169 1148 4232 κακίας
1170 4168 1411 4240 ἀρχηγὸν
1443 4168 1536 4221 καὶ
1565 4167 1794 4238 εὑρέτην
1823 4165 1971 4236 παρὰ

391 4259 503 4313 τῶν
533 4259 764 4331 Γραφῶν
789 4261 1166 4332 ἐδιδάχθημεν,
1195 4263 1295 4314 οὐκ
1328 4260 1550 4330 ἀνόητον
1579 4256 1715 4312 εἷναί
1740 4276 1903 4329 φησιν
1942 4259 1973 4311 ὁ

393 4350 746 4417 θεόπνευστος
789 4353 962 4421 λόγος,
1013 4353 1230 4406 πλείονα
1270 4352 1376 4405 τῶν
1405 4351 1579 4406 ἄλλων
1616 4366 1969 4422 προσμαρτυν

395 4444 504 4510 ρῶν
529 4444 702 4515 τούτῳ
729 4445 828 4512 τὴν
859 4444 1250 4516 φρονιμότητα.

2093 1805 2425 1874 ειΙῐιιάψιιιω
2447 1805 2718 1875 integrum
2747 1803 3023 1860 hominem
3049 1799 3230 1858 Verbo
3251 1801 3507 1872 copulat;
3536 1797 3670 1852 nihil

2089 1896 2232 1948 enim
2263 1904 2372 1948 tam
2405 1895 2684 1966 proprium
2717 1901 2800 1950 est
2837 1895 3089 1949 humanm
3135 1894 3329 1947 animae
3373 1905 3534 1962 quam
3584 1890 3670 1942 in-

2092 1984 2310 2039 tellectu
2353 1987 2581 2056 praedita
2620 1993 2838 2050 natura,
2881 2000 2947 2041 eo
2974 1985 3118 2056 quod
3157 1985 3213 2038 in
3253 1985 3376 2039 aliis
3415 1981 3668 2036 omnibus

2088 2077 2534 2132 communionem
2561 2092 2685 2132 cum
2719 2077 2894 2132 brutis
2923 2076 3242 2132 habeamus.
3265 2074 3669 2143 Concupisccn—

2087 2170 2184 2233 tia,
2226 2169 2328 2233 ira,
2359 2169 2465 2225 cibi
2502 2171 2834 2240 appetentis,
2862 2170 3108 2231 satietas,
3131 2183 3380 2230 sonmus,
3408 2165 3664 2236 digestio,

2087 2258 2358 2326 alteratio,
2401 2271 2874 2315 excrementorum
2918 2260 3152 2332 cgestio,
3182 2259 3298 2314 haec
3334 2257 3514 2312 omnia
3557 2263 3666 2309 tam

2086 2347 2139 2401 in
2174 2349 2330 2403 nobis
2352 2364 2515 2419 quam
2540 2350 2593 2404 in
2626 2349 2958 2405 animalibus
2985 2350 3196 2404 ratione
3226 2347 3542 2403 carentibus
3572 2359 3669 2415 per

2087 2440 2380 2507 quamdam
2413 2441 2610 2495 animae
2637 2440 2950 2495 facultatem
2978 2457 3041 2494 ex
3073 2455 3228 2510 aequo
3254 2439 3664 2508 dispensantur.

2085 2529 2185 2595 Qui
2226 2531 2392 2601 igitur
2419 2533 2550 2586 dicit
2584 2533 2858 2587 hominem
2905 2547 3029 2587 esse
3061 2533 3154 2602 qui
3204 2539 3517 2600 assumptus
3557 2534 3663 2589 est,

2083 2637 2314 2693 eumque
2354 2624 2536 2677 anima
2585 2625 2867 2694 praeditum
2908 2639 3032 2679 esse
3075 2622 3346 2683 concedit,
3400 2620 3475 2674 nil
3516 2618 3665 2673 aliud

2082 2727 2248 2782 quam
2302 2711 2640 2782 intelligendi
2696 2711 3008 2767 facultatem
3056 2711 3372 2766 testimonio
3419 2724 3521 2765 suo
3561 2707 3665 2778 ipsi

2081 2802 2418 2870 impertitur;
2472 2801 2618 2872 quod
2674 2802 2924 2857 humanae
2968 2809 3180 2856 tantum
3236 2801 3428 2855 animus
3462 2813 3665 2854 conve-

2081 2893 2221 2955 nire,
2254 2893 2334 2946 vel
2381 2907 2446 2947 ex
2481 2893 2637 2962 ipsis,
2688 2899 2808 2963 quae
2856 2894 3012 2948 nobis
3052 2893 3104 2947 in
3134 2893 3381 2947 medium
3425 2891 3661 2956 adducit,

2082 2981 2322 3052 Apostoli
2359 2984 2540 3039 verbis
2581 2991 2827 3054 apparet.
2882 2983 2984 3051 Qui
3035 2985 3179 3040 enim
3247 2984 3401 3050 dicit,
3447 2982 3665 3052 Sapien-

2083 3077 2213 3128 tiam
2263 3075 2439 3129 carnis
2493 3077 2832 3130 inimicitiam
2884 3092 2996 3131 esse
3032 3077 3087 3129 in
3134 3075 3323 3141 Deum,
3369 3076 3467 3146 legi
3524 3076 3660 3130 enim

2082 3164 2179 3218 Dei
2211 3181 2312 3218 non
2357 3164 2636 3234 subjicitur
2675 3166 2742 3226 “,
2779 3165 3110 3222 manifestas
3139 3165 3391 3235 eligentis
3417 3172 3472 3219 et
3511 3164 3663 3234 cogi-

2081 3255 2248 3309 tantis
2277 3255 2531 3323 potentiat
2560 3253 2924 3323 proprietates
2950 3253 3230 3324 exprimit.
3268 3254 3401 3308 Nam
3427 3255 3660 3324 obsequi

2083 3347 2184 3416 legi
2237 3346 2321 3402 vel
2368 3359 2682 3418 repugnare
2714 3346 2970 3418 eligentis
3014 3346 3296 3417 proprium
3345 3355 3430 3401 est
3465 3347 3661 3400 volun—

2081 3439 2230 3502 tatis,
2270 3438 2559 3510 ipsumque
2591 3438 2956 3510 φρονήματος,
2997 3438 3100 3492 hoc
3129 3447 3232 3500 est,
3267 3438 3543 3507 sapientia:
3578 3438 3663 3492 vel

2081 3530 2446 3601 bttelligentiw
2491 3545 2691 3588 nomen
2741 3544 2903 3586 nemo
2945 3544 2975 3583 a
3013 3529 3288 3600 cogitandi
3329 3529 3408 3584 vel
3462 3528 3664 3584 intelli-

2081 3621 2240 3691 gendi
2267 3622 2524 3678 facultate
2550 3623 2866 3680 secreverit.
2886 3622 3118 3694 ’Φρονεῖν
3145 3627 3326 3676 autem
3357 3621 3497 3675 idem
3527 3635 3655 3676 esse

2081 3727 2144 3766 ac
2181 3713 2482 3784 intelligere
2513 3722 2568 3769 et
2601 3714 2785 3768 animo
2806 3727 3047 3777 versare,
3082 3727 3181 3768 nec
3218 3725 3508 3781 parvorum
3576 3711 3661 3765 in-

2081 3799 2310 3855 fantium
2343 3803 2614 3872 quispiam
2669 3801 2880 3856 inficias
2920 3802 3112 3866 iverit,
3149 3808 3203 3856 et
3253 3801 3345 3871 qui
3381 3800 3536 3855 alteri
3574 3815 3661 3855 re-

2077 3901 2304 3962 pugnat,
2359 3909 2593 3964 eumque
2634 3893 2688 3947 in
2746 3893 3064 3948 servitutem
3119 3891 3339 3963 redigit,
3385 3892 3660 3963 quomodo

2080 3983 2414 4055 intelligendi
2461 3985 2790 4039 actuositate
2820 3984 3067 4038 carebit?
3103 3982 3291 4053 Neque
3333 3983 3478 4038 enim
3511 3984 3657 4053 quod

2080 4076 2246 4130 libera
2283 4076 2514 4145 eligendi
2548 4075 2781 4131 facultas
2812 4075 2876 4129 ad
2905 4076 3047 4129 mala
3080 4076 3135 4130 in
3174 4075 3443 4145 improbis
3471 4088 3657 4128 move-

2077 4173 2188 4231 tur,
2226 4175 2513 4236 propterea
2557 4167 2680 4222 illos
2715 4176 2894 4222 mente
2933 4165 3230 4222 destitutos
3269 4181 3394 4222 esse
3430 4167 3667 4219 demon--

2078 4265 2304 4322 stratur,
2337 4258 2434 4312 sed
2484 4258 2622 4312 bene
2666 4257 2885 4326 quidem
2933 4271 3043 4312 non
3076 4257 3340 4326 cogitant,
3373 4255 3659 4310 aL-nihilo-

2078 4347 2261 4402 minus
2290 4349 2552 4418 COgitanl.
2599 4349 2784 4413 Quare
2825 4354 2880 4401 et
2914 4361 3142 4418 serpens
3188 4347 3300 4411 ille,
3341 4359 3502 4415 quem
3542 4359 3658 4397 ma-.

2005 4439 2050 4494 ι)
2080 4440 2208 4493 iitiaa
2254 4440 2584 4508 principem,
2640 4438 3090 4506 inventoremque
3141 4434 3315 4491 fuisse
3371 4434 3658 4504 Scriptura

392 4554 494 4594 nos
532 4539 690 4594 decet
716 4541 781 4605 "-,
814 4555 922 4594 non
955 4539 1204 4594 caruisse
1239 4546 1421 4592 mente
1451 4553 1480 4589 a
1516 4536 1624 4592 Deo
1670 4539 1972 4608 inSpiratus
2007 4551 2190 4595 sermo
2219 4534 2373 4598 dicit,
2406 4533 2498 4604 qui
2527 4531 2940 4603 prudentiorem
3007 4531 3221 4586 caeteris
3289 4529 3656 4586 animantibus

393 4636 568 4704 ipsum
615 4635 787 4713 fuisse
817 4643 1071 4690 testatur.

461 4725 670 4778 Οὐκοῦν
703 4725 761 4790 ἐξ
794 4725 991 4791 αὐτῶν,
1031 4725 1096 4779 δι’
1131 4717 1206 4778 ὧν
1234 4725 1402 4779 οἴεται
1434 4727 1685 4796 συνιστᾷν
1716 4725 1806 4779 τὸν
1837 4727 1962 4778 eau-

390 4813 483 4867 τοῦ
520 4815 696 4883 λόγον,
739 4816 795 4868 αἱ
842 4814 1226 4885 παρατιθεῖσαι
1292 4815 1424 4884 ἡμῖν
1459 4813 1634 4882 φωναὶ
1678 4813 1737 4865 τὸ
1776 4813 1969 4876 ἀσεϐὲς

386 4905 482 4958 τοῦ
530 4908 649 4959 κατ’
693 4906 854 4961 αὑτὸν
903 4906 1170 4976 δόγματος
1209 4904 1594 4974 διελέγχουσιν.
1646 4905 1719 4958 Οὐ
1763 4903 1872 4973 γὰρ
1911 4906 1967 4956 ἐν

385 4996 595 5060 τούτοις
621 4998 797 5069 μόνοις
824 4998 934 5068 (57)
962 4998 989 5049 ό
1022 4995 1339 5061 ’Λπόστολος
1366 4996 1646 5066 ἀνθίστησι
1669 4995 1765 5065 τὴν
1792 4995 1968 5066 σάρκα

385 5085 464 5156 τῷ
513 5088 802 5158 πνεύματι,
841 5087 1106 5152 τουτέστι,
1146 5087 1243 5157 τὴν
1276 5085 1517 5156 πονηράν
1545 5085 1865 5156 προαίρεσιν
1899 5087 1966 5155 τῇ

2146 4721 2282 4775 V’lll.
2319 4719 2548 4776 Prolata.
2575 4719 2760 4788 itaque
2797 4732 2826 4770 a
2864 4717 3025 4772 nobis
3055 4717 3110 4770 in
3141 4715 3385 4770 medium.
3409 4713 3657 4784 ejusdem

2076 4815 2238 4872 verba
2283 4813 2484 4884 quibus
2532 4811 2844 4882 Opinionem
2892 4823 3046 4865 suam
3105 4807 3417 4862 conﬁrmari
3466 4815 3655 4888 putat,

2077 4905 2408 4972 impietatem
2445 4901 2716 4971 dogmatis
2755 4899 2825 4954 ab
2875 4900 2994 4969 ipso
3038 4897 3312 4968 praedicati
3353 4897 3533 4969 palam
3565 4913 3656 4953 re-

2075 4997 2371 5066 dargnunt.
2403 4993 2588 5064 Neque
2623 4993 2768 5048 enim
2822 4992 2876 5046 in
2913 4993 3064 5049 hisce
3103 4991 3235 5048 solis
3275 4991 3457 5048 verbis
3493 4989 3656 5060 spiri-

2079 5085 2155 5138 tui
2206 5099 2425 5152 carnem
2486 5083 2692 5150 malum
2730 5081 2984 5142 videlicet
3024 5081 3367 5152 propositum
3410 5079 3656 5134 honestae

464 5203 506 5233 ¹⁰
533 5201 688 5258 Rom.
725 5219 818 5267 vn,
859 5202 948 5257 23.
1033 5202 1072 5232 “
1105 5199 1262 5261 Rom.
1320 5215 1434 5262 vm,
1478 5199 1529 5252 7.
1609 5199 1650 5229 ’τ
1683 5197 1817 5256 Cen.
1854 5213 1935 5260 ιιι,
1968 5196 1989 5252 1
2020 5211 2144 5266 sim.

459 5319 570 5390 (52)
608 5318 765 5390 βυτ-τ.
798 5321 1078 5390 συστῆναι.

2062 5314 2572 5385 ᾀντιστρατεύεσθαι
2623 5314 2700 5385 τῷ
2738 5317 2887 5385 νόμῳ
2929 5313 3022 5366 τοῦ
3067 5309 3212 5374 νοός)
3247 5315 3307 5361 ιιι
3365 5304 3526 5359 habet
3585 5301 3652 5356 υ.

459 5382 571 5457 (55)
606 5388 865 5443 Primaeva
899 5382 1060 5442 manu
1109 5389 1160 5441 in
1194 5389 1317 5441 Vat.
1367 5388 1490 5441 cod.
1542 5386 1822 5447 scribitur,
1868 5384 1961 5437 καὶ
2062 5382 2283 5457 Ραιιιιιεε

389 5459 985 5541 παντὶ-στρατεύεσθαι
1043 5457 1120 5528 τῷ
1170 5459 1340 5541 νόμῳ,ζ
1390 5459 1546 5539 Carr.
1586 5469 1780 5541 laniem
1806 5463 1961 5541 vetus

385 5525 728 5600 emendavit.
764 5529 855 5582 καὶ
892 5525 1402 5600 ἀντιστρατεόεσθαι
1429 5526 1504 5597 τῷ
1543 5529 1692 5600 νόμῳ
1738 5527 1830 5579 τοῦ
1877 5525 1961 5576 νό-

392 5616 514 5669 μου.
549 5590 683 5652 Vide
731 5607 910 5652 tamen
953 5615 1019 5652 an
1058 5590 1343 5665 legendum
1399 5590 1490 5661 sit,
1535 5590 1626 5650 mi
1665 5590 1957 5669 ’ἀντιστρα-

389 5666 640 5722 «mea:
673 5670 745 5739 τῷ
781 5669 927 5738 νόμῳ
964 5670 1051 5721 τὸν
1087 5669 1246 5738 νόμον
1298 5671 1412 5734 νοὸς
1455 5686 1571 5738 μου,
1623 5666 1704 5718 vel
1756 5668 1957 5734 potius.

2133 5453 2244 5522 (54)
2278 5453 2350 5508 Ita
2372 5469 2543 5517 corr.,
2580 5453 2733 5522 prius
2767 5453 2815 5522 el
2849 5451 2962 5504 καί.

2130 5521 2240 5591 (55)
2269 5522 2344 5576 ita
2375 5539 2544 5585 corn,
2566 5521 2717 5591 prius
2736 5521 2806 5591 ,τὸ
2837 5522 2999 5574 νοεῖν.

2133 5590 2244 5659 (56)
2275 5593 2348 5647 Ita
2383 5606 2524 5646 corr.
2553 5590 2610 5641 τὸ
2643 5590 2796 5660 πρός.

2132 5663 2244 5733 (37)
2278 5663 2434 5718 Corr.
2476 5661 2654 5731 μόνον.
