4056 6146
273 323 412 383 1153

1451 323 1817 380 ADVERSUS
1856 322 2363 377 Al‘OLLlNAm-IM.

3393 331 3534 387 1154

273 442 456 495 κύνειν
483 437 575 494 τὸν
619 438 792 508 λόγον.
842 440 933 502 Είς
968 436 1075 508 γὰρ
1120 435 1423 508 μαρτυρίαν
1453 437 1546 489 τοῦ
1579 438 1662 490 ἀεὶ
1692 437 1852 490 αὐτὸν

1973 451 2091 504 pie,
2117 436 2451 505 superﬂuum
2484 446 2631 492 esset
2657 438 2710 492 in
2737 439 2955 508 longum
2986 439 3302 509 protrahere
3325 457 3534 498 sermo-

273 530 335 586 ἐν
367 529 531 602 σαρκί
569 547 628 582 τε
658 532 753 583 καὶ
784 529 978 600 αἵματι
1017 524 1176 589 εἶναι,
1205 526 1303 599 τὴν
1335 529 1693 601 ἀποστολικὴν
1724 546 1857 599 παρ-

276 620 427 676 έθετο
459 623 636 692 ῥῆσιν,
670 620 768 691 τὴν
792 614 1077 689 λέγουσαν,
1117 619 1186 673 δι’
1213 619 1377 674 αὑτοῦ
1408 622 1556 690 ἡμᾶς
1581 622 1855 692 εἰληφέναι

273 711 372 784 τὴν
420 711 817 784 ἀπολύτρωσιν,
847 712 935 771 διὰ
968 712 1062 765 τοῦ
1109 713 1340 782 αἵματος
1385 711 1570 777 αὐτοῦ,
1620 712 1719 784 τὴν
1750 712 1854 781 ἄφ-

276 819 390 855 εσιν
420 802 526 855 τῶν
551 802 854 873 ἁμαρτιῶν,
886 803 974 856 διὰ
1003 803 1102 874 τῆς
1126 802 1327 874 σαρκὸς
1350 801 1535 857 αὐτοῦ.
1568 803 1743 875 Ὅπερ
1773 805 1855 857 ὅτι
1898 827 1905 835 ·

278 894 413 964 πρὸς
436 895 624 967 ἑτέραν
653 894 838 963 βλέπει
872 894 1130 957 διάνοιαν,
1166 893 1267 946 οὐκ
1302 893 1368 947 ἂν
1391 891 1543 964 οῖμαί
1570 911 1722 958 τινας
1747 895 1855 948 τῶν

275 987 400 1040 νοῦν
428 986 659 1058 ἐχόντων
692 985 1073 1057 ἆμφιϐάλλειν.
1116 983 1212 1047 Τίς
1234 983 1342 1057 γὰρ
1366 985 1466 1039 οὐκ
1488 981 1594 1038 οῐδε
1621 985 1679 1038 τὸ
1716 985 1856 1039 θεῖον

280 1079 594 1149 μυστήριον,
645 1079 726 1131 ὅτι
775 1079 803 1131 6
853 1077 1096 1149 ἀρχηγὸς
1145 1078 1243 1148 τῆς
1277 1077 1547 1149 σωτηρίας
1593 1076 1747 1147 ἡμῶν
1798 1077 1859 1129 τὸ

277 1170 692 1239 πεπλανημένον
712 1156 785 1239 (5)
810 1168 1079 1239 πρόϐατον
1106 1168 1345 1239 μέτεισιν
1365 1168 1473 1238 (6);
1509 1167 1699 1237 Ἡμεῖς
1725 1168 1780 1221 δὲ
1808 1168 1859 1220 οἱ

276 1259 554 1331 ἄνθρωποί
595 1262 759 1331 ἐσμεν
799 1261 973 1314 ἐκεῖνο
1000 1258 1063 1314 τὸ
1099 1260 1388 1332 πρόϐατον,
1418 1258 1467 1313 οἱ
1500 1261 1596 1331 τῆς
1636 1261 1859 1331 λογικῆς

277 1340 630 1415 ἑκατοντάδος
653 1350 1178 1422 ἀποϐουκοληθέντες
1213 1351 1303 1405 διὰ
1321 1345 1416 1422 τῆς
1437 1352 1725 1422 ἁμαρτίας.
1752 1352 1860 1407 Καὶ

275 1440 545 1512 λαμϐάνει
585 1441 676 1494 ἐπὶ
724 1439 830 1494 τῶν
882 1441 1026 1495 ἰδίων
1072 1439 1238 1512 ὤμων
1279 1441 1399 1494 ὅλον
1444 1439 1504 1495 τὺ
1552 1443 1857 1513 πρόϐατον·

276 1528 399 1583 οὐδὲ
432 1531 540 1600 γὰρ
569 1531 626 1584 ἐν
665 1530 821 1600 μέρει
866 1525 933 1600 ἦν
983 1529 1075 1584 τοῦ
1107 1526 1379 1601 προϐάτου
1422 1526 1455 1601 ἡ
1506 1530 1702 1603 πλάνη,
1744 1528 1861 1587 ἀλλ’

278 1618 464 1690 ἐπειδὴ
512 1617 632 1673 ὅλον
677 1619 1034 1691 άπεφοίτησε,
1069 1622 1163 1675 καὶ
1209 1621 1329 1675 ὅλον
1368 1625 1731 1693 ἐπανάγεται”
1763 1628 1862 1699 οὐχ

277 1712 311 1781 ἡ
359 1710 457 1782 μὲν
492 1710 627 1779 δὸρὰ
662 1709 1011 1781 βαστάζεται,
1058 1706 1119 1765 τὸ
1161 1713 1217 1767 δὲ
1250 1712 1573 1770 ἐντοσθίδιον
1620 1721 1861 1773 καταλεί·

277 1817 461 1862 πεται,
510 1797 695 1864 καθὼς
755 1801 1128 1874 Ἀπολινάριος
1177 1802 1445 1874 βούλεται.
1484 1806 1654 1862 Τοῦτο
1687 1809 1743 1863 δὲ
1796 1813 1855 1865 ἐν

277 1893 387 1954 τοῖς
409 1888 578 1960 ὤμοις
608 1889 700 1943 τοῦ
718 1896 995 1963 ποιμένος,
1023 1894 1319 1961 τουτέστιν,
1344 1896 1403 1949 ἐν
1427 1899 1492 1969 τῇ
1521 1893 1732 1969 θεότητι
1760 1902 1855 1956 τοῦ

276 1980 484 2053 Κυρίου
530 1974 839 2052 γενόμενον,
870 1983 927 2036 ἐν
970 1983 1105 2055 πρὸς
1138 1988 1347 2041 ἐκεῖνον
1386 1987 1474 2042 διὰ
1513 1991 1614 2061 τῆς
1658 1993 1860 2066 ἀναλή-

276 2071 425 2142 ψεως
448 2071 672 2140 γίνεται,
706 2074 792 2128 διὰ
827 2074 984 2130 τοῦτο
1026 2076 1192 2131 θέλων
1232 2079 1580 2153 ἐπιζητῆσαι,
1625 2087 1721 2139 καὶ
1754 2087 1860 2140 σῶ-

279 2181 372 2216 σαι
420 2164 478 2217 τὸ
514 2165 808 2230 ἀπολωλός.
854 2168 1073 2247 Ἐπειδὴ
1112 2162 1237 2242 εὗρε
1278 2171 1338 2225 τὸ
1389 2172 1736 2247 ζητούμενον,
1768 2183 1859 2234 ἀν·

279 2254 471 2308 ἐλαϐεν
501 2257 584 2323 ἐφ’
603 2254 795 2310 ἑαυτοῦ
822 2244 879 2310 τδ
905 2259 1200 2329 εὑρημένον
1218 2278 1232 2292 ο
1253 2257 1437 2337 οὐγὰρ
1460 2244 1680 2334 ἐπὶντοῖς
1712 2269 1859 2333 ἰδίοις

280 2346 429 2408 ποσὶ,
471 2346 584 2410 τοῖς
617 2346 965 2418 πλανηθεῖσιν
1000 2348 1164 2414 ἅπαξ,
1199 2351 1427 2406 ἐκινεῖτο
1467 2353 1526 2408 τὸ
1567 2357 1855 2428 πρόϐατον,

280 2435 399 2489 ἀλλ’
428 2437 535 2489 ὑπὸ
563 2437 661 2507 τῆς
699 2437 952 2509 θεότητος
982 2439 1282 2509 ἐκομίζετο.
1325 2443 1421 2507 Διὰ
1454 2430 1609 2499 τοῧτο
1651 2447 1712 2499 τὸ
1761 2448 1858 2518 μὲν

282 2524 625 2594 φαινόμενον,
658 2525 948 2595 πρόϐατον,
1001 2529 1293 2597 τουτέστιν,
1340 2532 1645 2604 ἄνθρωπος.
1677 2532 1759 2591 Τὰ
1802 2534 1859 2592 δὲ

286 2617 409 2685 ῐχνη
443 2615 625 2680 αὑτοῦ,
666 2617 808 2672 κατὰ
844 2617 906 2670 τὸ
936 2624 1340 2693 γεγραμμένον,
1375 2628 1474 2680 οὐκ
1512 2629 1856 2697 ἐγινώσκετο.

285 2706 455 2759 Οὐδὲν
497 2708 607 2776 γὰρ
641 2707 910 2778 ἁμαρτίας
938 2709 971 2781 ἢ
1017 2711 1224 2784 πλάνης
1258 2715 1401 2786 ἴχνος
1432 2718 1508 2789 τῷ
1537 2721 1861 2794 ἀνθρωπίνῳ

290 2796 392 2867 βίῳ
424 2798 811 2869 ἐνεσημήνατο,
860 2801 888 2851 6
918 2802 1001 2868 ἐφ’
1027 2802 1221 2855 ἑαυτοῦ
1262 2807 1443 2878 φέρων
1470 2809 1530 2862 τὸ
1557 2812 1825 2881 πρόϐατον
1845 2831 1859 2844 ·

288 2888 408 2941 ἀλλ’
436 2883 524 2941 οἷα
539 2889 681 2952 εἰκὸς
702 2885 769 2960 ἦν
815 2891 949 2943 Θεοῦ
981 2892 1102 2963 ἴχνη
1133 2894 1221 2947 διὰ
1249 2897 1348 2965 τῆς
1375 2899 1466 2950 τοῦ
1500 2900 1615 2969 βίου
1641 2904 1865 2973 πορείας

289 2979 686 3050 ἐντυταοθῆναι,
719 2977 890 3034 ταῦτα
923 2983 1194 3052 ἐφαίνετο,
1224 2985 1380 3041 ἅτινα
1411 2984 1476 3060 ἦν
1506 2990 1865 3061 διδασκαλίαι,

1959 543 2102 580 nein.
2142 520 2218 581 Ad
2266 520 2759 584 demonstrandum
2793 533 2938 585 enim
2976 548 3257 603 nunquam
3296 532 3532 591 Verbum

1958 632 2123 673 carne
2152 615 2205 672 et
2232 621 2498 690 sanguine
2527 622 2794 683 caruisse,
2814 623 3057 691 Apostoli
3092 624 3255 677 verba
3288 624 3531 695 profert,

1959 712 2159 780 quibus
2194 711 2401 782 inquit,
2434 710 2535 767 Per
2564 713 2741 784 ipsum
2775 730 2874 769 nos
2902 716 3180 784 accepisse
3209 717 3535 788 redemptio-

1958 819 2081 857 nem
2113 819 2206 873 per
2233 803 2559 873 sanguinem
2589 807 2743 874 ejus,
2774 807 3152 861 remissionem
3183 815 3535 876 peccatorum

1960 909 2059 963 per
2086 909 2307 948 carnem
2341 895 2461 963 ejus
2494 894 2539 926 ⁸³
2565 913 2581 956 ς
2610 912 2731 963 quae
2762 897 2926 951 verba
2958 897 3064 951 alio
3091 898 3365 966 respicere
3388 939 3403 963 ,
3441 915 3540 955 ne-

1959 985 2159 1039 minem
2180 1000 2327 1040 sana:
2347 987 2543 1042 mentis
2571 987 2948 1043 dubitaturum
2982 987 3099 1045 fore
3118 986 3382 1046 arbitror.
3402 992 3539 1058 Quis

1960 1076 2103 1131 enim
2137 1076 2380 1131 divinum
2429 1080 2748 1149 mysterium
2797 1080 3047 1150 ignorat,
3090 1081 3235 1150 quod
3284 1081 3539 1137 videlicet

1962 1166 2221 1236 princeps
2260 1166 2561 1236 auctorque
2600 1164 2792 1224 salutis
2834 1178 3035 1225 nostrae
3072 1164 3344 1227 errantem
3381 1187 3535 1229 ovem

1962 1255 2192 1324 inquirit
2220 1250 2296 1310 *ιθ
2317 1255 2410 1309 Illa
2445 1258 2626 1310 autem
2656 1254 2774 1311 ovis
2808 1273 2910 1313 nos
2931 1258 3179 1315 homines
3203 1277 3412 1328 sumus,
3445 1262 3537 1332 qui

1962 1360 1991 1398 a
2035 1354 2266 1400 centeno
2298 1348 2390 1401 illo
2422 1348 2771 1403 ralionalium
2804 1358 3178 1403 creaturarum
3204 1351 3394 1422 grege,
3428 1357 3539 1422 quo

1963 1437 2261 1491 humanum
2295 1453 2457 1491 omne
2497 1452 2672 1508 genus
2722 1438 3079 1507 significatur,
3119 1455 3215 1509 per
3257 1442 3541 1510 peccatuni

1962 1530 2290 1585 erravimus.
2318 1524 2497 1586 Sumit
2522 1540 2703 1588 autem
2734 1529 2899 1602 super
2925 1532 3183 1588 humeros
3213 1548 3345 1588 suos
3372 1536 3541 1588 totam

1965 1637 2118 1677 ovem
2146 1641 2161 1689 ;
2198 1639 2373 1693 neque
2404 1625 2548 1678 enim
2587 1623 2641 1677 in
2675 1632 2826 1693 parte
2854 1633 3060 1678 tantum
3092 1625 3274 1695 aliqua
3308 1626 3426 1681 ovis
3455 1620 3544 1679 er:-

1966 1729 2060 1767 ror
2086 1722 2237 1781 erat,
2275 1714 2370 1770 sed
2410 1715 2667 1786 quoniam
2700 1715 2812 1768 tota
2846 1717 3154 1783 aberravit,
3186 1725 3296 1771 tota
3328 1717 3394 1770 ad
3428 1732 3544 1789 grc-

1963 1820 2082 1874 gem
2121 1804 2444 1860 reducitur:
2480 1820 2590 1859 non
2627 1805 2783 1875 pellis
2823 1821 2853 1859 a
2900 1814 3121 1877 pastore
3168 1813 3442 1876 portatur,
3487 1812 3545 1861 et

1958 1893 2103 1964 quod
2133 1895 2272 1947 intra
2300 1895 2494 1964 pellem
2519 1904 2602 1949 est
2622 1894 2916 1956 deseritur,
2948 1895 3404 1965 quemadmOdum
3427 1892 3543 1950 vult

1957 1985 2311 2056 Apollinaris.
2349 1982 2470 2039 Haec
2492 1993 2673 2039 autem
2700 1986 2939 2056 pastoris
2970 1984 3213 2042 humeris
3236 2027 3250 2051 ,
3288 1987 3390 2041 hoc
3420 1976 3503 2041 est
3523 2027 3540 2055 ,

1961 2078 2173 2133 Domini
2203 2077 2494 2132 divinitate
2518 2116 2533 2143 ,
2569 2086 2778 2146 gestata
2799 2118 2813 2141 ,
2844 2093 2951 2132 una
2982 2094 3077 2149 per
3107 2078 3540 2149 assumptionem

1958 2184 2083 2223 cum
2120 2169 2217 2224 illo
2248 2167 2502 2235 edicitur,
2543 2175 2599 2223 ut
2636 2184 2702 2223 eo
2728 2177 2889 2239 pacto
2923 2177 3190 2239 quaereret
3226 2178 3392 2240 atque
3430 2172 3540 2225 sal-

1957 2267 2109 2316 varet
2144 2261 2295 2331 quod)
2323 2262 2580 2331 perierat.
2618 2260 2912 2331 Postquam
2946 2269 3125 2315 autem
3175 2277 3331 2316 ovem
3379 2277 3543 2331 quam

1958 2346 2281 2419 qua-siverat
2307 2349 2527 2419 reperit,
2552 2349 2797 2404 eamdem
2820 2350 2875 2402 in
2899 2348 3192 2417 semetipso
3222 2348 3548 2417 assumpsit.

1958 2434 2145 2513 Neque
2182 2443 2326 2497 enim
2369 2443 2604 2512 propriis
2652 2442 2745 2512 qui
2804 2444 2972 2495 semel
3029 2451 3354 2495 erraverant
3398 2441 3549 2510 pedi-

1960 2536 2065 2591 bus
2099 2536 2218 2589 ovis
2249 2529 2535 2589 incedebat
2556 2534 2699 2601 ,,sed
2732 2546 2760 2586 a
2788 2533 3077 2587 divinitate
3108 2532 3446 2600 gestabatur.
3476 2528 3543 2583 Et

1966 2635 2258 2697 pr0pterea
2298 2622 2443 2696 quod
2477 2625 2695 2695 quidem
2735 2623 3064 2693 apparebat,
3101 2622 3220 2675 ovis
3242 2662 3257 2686 ,
3292 2614 3394 2675 hoc
3424 2629 3544 2683 est,

1967 2719 2132 2772 homo
2160 2727 2317 2785 erat;
2347 2714 2467 2787 ejus
2493 2731 2621 2771 vero
2652 2715 2913 2785 vestigia,
2953 2714 3110 2782 juxta
3144 2714 3199 2766 id
3238 2712 3381 2782 quod
3412 2712 3551 2766 scri-~

1965 2818 2118 2881 ptum
2148 2817 2259 2874 est,
2287 2824 2396 2863 non
2425 2807 2899 2879 cognoscebantur
2926 2805 2992 2856 ⁸⁵.
3011 2804 3112 2870 Qui
3141 2803 3284 2856 enim
3314 2818 3468 2857 ovem
3496 2802 3551 2856 in

1970 2904 2156 2974 seipso
2188 2892 2478 2971 portabat,
2510 2901 2721 2955 nullum
2756 2898 2962 2969 peccati
2994 2905 3089 2951 aut
3122 2896 3328 2951 erroris
3357 2896 3410 2949 in
3443 2895 3549 2948 hu-

1974 3008 2137 3046 mana
2169 2993 2278 3044 vita
2305 2991 2591 3061 vestigium
2622 2989 2937 3059 impressit;
2968 2988 3061 3041 sed
3095 2987 3277 3057 qualia
3307 3001 3406 3055 par
3433 2993 3552 3041 erat

291 3071 388 3124 καὶ
413 3070 718 3142 θεραπεῖαι,
755 3073 849 3125 καὶ
879 3073 1086 3144 νεκρῶν
1114 3075 1489 3148 ζωοποιήσεις,
1525 3082 1709 3136 καὶτὰ
1736 3083 1870 3138 ἄλλα

1979 3084 2066 3138 Dei
2103 3076 2330 3152 vestigia
2360 3081 2413 3133 in
2443 3080 2568 3134 vitae
2594 3094 2760 3134 cursu
2796 3080 2909 3133 ﬁeri
2935 3119 2948 3142 ,
2981 3079 3110 3132 talia
3141 3094 3198 3133 re
3234 3078 3349 3148 ipsa
3382 3092 3552 3147 appa-

292 3159 571 3231 θαύματα.
632 3161 802 3215 Τοῦτο
853 3164 1030 3217 τοίνυν
1087 3166 1148 3218 τὸ
1206 3167 1473 3238 πρόϐατον
1532 3172 1618 3241 ἐφ’
1680 3175 1870 3230 ἑαυτοῦ

1973 3175 2202 3237 rebant,
2244 3160 2515 3228 salutares
2573 3171 2826 3224 videlicet
2886 3171 3183 3233 doctrinm,
3237 3170 3554 3223 morborum

293 3251 478 3304 λαϐὼν
517 3254 546 3305 6
592 3254 792 3323 ποιμὴν
825 3253 882 3307 ἓν
931 3254 1068 3326 πρὸς
1111 3258 1288 3311 ἐκεῖνο
1318 3260 1565 3328 ἐγένετο·
1608 3265 1695 3319 διὰ
1720 3268 1878 3322 τοῦτο

294 3344 395 3397 καὶ
416 3345 484 3415 τῇ
515 3343 609 3403 τοῦ
630 3344 902 3415 προϐάτου
928 3350 1077 3419 φωνῇ
1106 3353 1221 3414 τοῖς
1257 3354 1528 3424 ποιμνίοις
1553 3356 1719 3414 λαλεῖ.
1753 3362 1877 3427 Πῶς

294 3433 410 3507 γὰρ
443 3434 508 3488 ἂν
541 3435 819 3507 ἐχώρησεν
861 3437 1175 3512 ἀνθρωπίνη
1208 3442 1460 3499 ἀσθένεια
1501 3446 1651 3514 θείας
1693 3454 1880 3524 φωνῆς

298 3525 640 3597 προσϐολήν;
713 3527 854 3581 Ἀλλ’
876 3528 1256 3599 ἀνθρωπικῶς,
1299 3534 1375 3599 ὡς
1414 3536 1460 3589 δ’
1487 3539 1553 3593 ἄν
1601 3559 1683 3606 τις
1736 3543 1881 3600 εἴποι

298 3617 667 3689 προϐατικῶς,
706 3620 832 3690 ἡμῖν
875 3620 1180 3689 διαλέγεται
1228 3622 1423 3705 λέγων,
1462 3630 1539 3685 Τὰ
1584 3631 1696 3701 ἐμὰ
1738 3638 1881 3704 πρό-

298 3711 446 3763 6am
476 3707 589 3777 τῆς
603 3710 753 3779 ἐμῆς
774 3711 983 3780 φωνῆς
1011 3713 1239 3770 ἀκούει.
1279 3718 1337 3771 '0
1361 3715 1454 3774 οὖν
1483 3723 1770 3780 ἀναλαϐὼν
1796 3729 1880 3797 ἐφ’

300 3809 496 3863 ἑαυτοῦ
541 3810 602 3864 τὸ
646 3811 918 3882 πρόϐατον
962 3810 1165 3884 ποιμὴν
1224 3812 1319 3866 καὶ
1368 3813 1435 3866 δι’
1489 3815 1699 3869 ἐκείνου
1753 3820 1883 3889 ἡμῖν

301 3902 701 3973 φθεγγόμενος,
752 3903 846 3957 καλ⁵
899 3904 1169 3974 πρόϐατόν
1221 3904 1337 3956 ἐστι
1394 3905 1487 3958 καὶ
1542 3909 1774 3979 ποιμήν·
1820 3912 1878 3964 ἐν

304 3993 405 4065 μὲν
433 3992 510 4063 τῷ
538 3995 919 4066 ἀναληφθέντι,
953 3996 1222 4067 πρόϐατον
1240 4012 1257 4031 ο
1284 3997 1340 4049 ἐν
1364 3995 1420 4049 δὲ
1445 3996 1520 4067 τῷ
1541 3997 1873 4069 ἀνειληφότι,

301 4087 529 4157 ποιμήν.

388 4344 542 4401 Ἐπεὶ
582 4345 678 4405 σῦν
737 4347 843 4404 ἔδει
896 4348 987 4402 τὲν
1041 4348 1204 4403 καλὸν
1262 4349 1497 4421 ποιμένα
1554 4348 1652 4420 τὴν
1704 4349 1881 4421 ψυχὴν

309 4439 478 4492 αὐτοῦ
523 4441 602 4510 (7)
643 4440 811 4494 θεῖναι
847 4442 987 4512 ὑπὲρ
1037 4441 1342 4512 προϐάτων,
1377 4443 1462 4495 ἵνα
1495 4441 1583 4495 διὰ
1611 4441 1705 4495 τοῦ
1756 4442 1884 4496 [δίου

307 4531 539 4585 θανάτου
570 4533 848 4605 καταλύσῃ
880 4533 972 4586 τὸν
1008 4533 1255 4599 θάνατον,
1286 4533 1407 4586 τότε
1441 4533 1647 4601 γίνεται
1670 4533 1731 4587 τὸ
1759 4551 1888 4587 συν-

305 4620 615 4691 αμφότερον
652 4622 680 4673 ὁ
720 4620 960 4693 ἀρχηγὸς
987 4620 1086 4692 τῆς
1108 4619 1381 4691 σωτηρίας
1404 4620 1558 4690 ήμῶν
1580 4624 1646 4692 τῇ
1678 4621 1890 4693 ἀνθρω-

309 4710 440 4781 πίνῃ
472 4710 655 4780 φύσει,
686 4711 778 4764 καὶ⁸
826 4712 1021 4782 ἱερεὺς,
1065 4711 1163 4765 καὶ
1206 4710 1398 4780 ἀμνὸς,
1425 4711 1483 4763 ἐν
1506 4710 1584 4781 τῷ
1609 4711 1890 4782 δυναμένῳ

307 4800 564 4868 δέξασθαι
602 4801 701 4873 τὴν
733 4801 1016 4855 κοινωνίαν
1066 4798 1160 4853 τοῦ
1211 4799 1436 4863 πάθους,
1473 4790 1772 4870 ἐνεργήσας
1799 4801 1890 4854 τὸν

314 4893 542 4947 θάνατον
573 4893 672 4960 (8).
711 4891 929 4962 Ἐπειδὴ
960 4891 1070 4961 γὰρ
1104 4890 1255 4944 οὐδὲν
1282 4889 1467 4961 ἐτερόν
1495 4890 1640 4943 ἐστιν
1666 4888 1695 4941 ὁ
1728 4889 1893 4943 θάνα-

308 4997 424 5045 τος,
462 4982 510 5033 εἰ
544 4980 618 5052 μὴ
641 4968 880 5044 διάλυσις
908 4981 1086 5051 ψυχῆς
1113 4997 1174 5033 τε
1204 4982 1296 5034 καὶ
1340 4979 1608 5050 σώματος,
1650 4979 1786 5051 πρὸς
1816 4980 1893 5052 (9)

318 5073 601 5143 ἀμφότερα
626 5075 815 5127 ἐαυτὸν
857 5074 1082 5138 ἐνώσας,
1111 5073 1248 5143 πρός
1273 5090 1333 5127 τε
1375 5072 1474 5142 τὴν
1500 5071 1696 5144 ψυχὴν,
1730 5073 1894 5144 φημὶ,

312 5165 407 5218 καὶ
432 5165 493 5217 τὸ
524 5164 704 5236 σῶμα,
741 5164 852 5219 οὗθ’
877 5165 1064 5236 ἐτέρου
1105 5158 1418 5234 χωρίζεταί,
1467 5163 1895 5233 Ἀμεταμέλητα

389 5320 435 5351 ⁸³
474 5319 673 5406 Ephes.
710 5335 748 5384 ι,
775 5319 828 5375 7.
904 5320 950 5352 ⁸³⁵
980 5319 1115 5406 Luc.
1150 5338 1243 5385 xv,
1278 5320 1344 5388 ὥς
1380 5320 1574 5405 Matth.
1610 5336 1765 5385 xvm,
1799 5322 1885 5377 12.

392 5458 468 5528 (5)
486 5457 647 5529 corr.
685 5459 718 5529 ἡ
729 5457 844 5527 μῶν
872 5457 947 5521 ὡς
976 5458 1179 5529 ποιμὴν
1203 5458 1263 5510 τὸ
1292 5456 1723 5529 πεπλανημένον,

390 5526 469 5596 (6)
532 5526 923 5582 Hune'locum
978 5528 1035 5581 in
1076 5526 1355 5596 ‘epitomen
1402 5526 1683 5596 redactum
1707 5527 1894 5596 laudat

316 5594 648 5669 Euthymius
674 5596 983 5667 Zigabenus
1013 5594 1157 5669 saepe
1207 5596 1460 5652 laudatus
1499 5611 1616 5667 pag.
1660 5595 1785 5663 528,
1839 5597 1895 5650 in

322 5668 351 5739 ᾗ
388 5666 453 5739 Si
476 5666 574 5739 nos
605 5666 863 5739 homines.

397 5728 477 5807 (7)
506 5730 664 5792 Carr.
703 5735 917 5791 ἑαυτοῦ.

1978 3266 2324 3330 curationes,
2364 3271 2704 3319 mortuorum
2748 3260 2817 3315 ad
2855 3261 3019 3315 vitam
3060 3262 3340 3316 revocatio
3397 3268 3558 3316 ciete-

1976 3373 2149 3429 raque
2173 3356 2459 3412 miracula.
2491 3354 2645 3409 Hanc
2672 3353 2839 3424 igitur
2860 3367 3016 3406 ovem
3050 3352 3105 3406 in
3140 3367 3198 3406 se
3227 3352 3344 3422 ipso
3371 3358 3557 3422 pastor

1981 3464 2268 3506 assumens
2287 3489 2302 3510 ,
2331 3463 2500 3503 unum
2531 3462 2655 3501 cum
2688 3446 2780 3505 illa
2808 3446 3015 3512 evasit,
3048 3452 3101 3498 et
3123 3453 3413 3514 propterea
3438 3441 3556 3497 ovis

1986 3557 2340 3613 vocegregem
2370 3540 2690 3610 alloquitur.
2711 3536 2998 3604 Quomodo
3019 3535 3165 3591 enim
3194 3535 3432 3588 humana
3462 3533 3560 3587 im-

1979 3633 2250 3689 becillitas
2300 3632 2499 3687 divinae
2547 3628 2700 3686 vocis
2745 3628 3163 3699 impressionem
3203 3623 3557 3681 sustineret?

1982 3724 2087 3779 Sed
2131 3724 2392 3789 humano,
2427 3727 2481 3776 et
2510 3729 2570 3776 ut
2600 3719 2868 3790 quispiam
2910 3716 3145 3780 dixerit,
3182 3716 3366 3770 ovium
3409 3729 3559 3769 more

1980 3817 2267 3885 nobiscum
2301 3814 2557 3880 disserit,
2588 3813 2776 3866 dicens
2807 3829 2819 3863 :
2863 3806 2995 3862 Oves
3026 3824 3153 3862 mea:
3186 3823 3357 3860 vocem
3390 3821 3559 3858 meam

1982 3909 2207 3961 audiunt
2234 3904 2303 3960 ⁸⁸.
2336 3905 2532 3959 Pastor
2561 3903 2748 3974 igitur,
2779 3901 2870 3971 qui
2903 3900 2955 3954 in
2985 3916 3043 3955 se
3073 3901 3251 3970 ipsum
3282 3912 3439 3952 ovem
3471 3911 3561 3950 as-

1984 3994 2237 4063 sumpsit,
2265 3975 2319 4048 et
2345 3984 2587 4063 ejusdem
2614 3997 2707 4044 ore
2730 3989 3017 4061 nobiscum
3048 3987 3309 4058 loquitur,
3338 3986 3455 4041 ovis
3477 3986 3564 4039 est

1987 4085 2153 4141 simul
2191 4092 2246 4141 et
2284 4096 2512 4156 pastor;
2552 4082 2670 4136 ovis
2706 4080 2925 4151 quidem
2949 4120 2962 4143 ,
3003 4086 3270 4150 quantum
3315 4077 3379 4131 ad
3424 4072 3560 4130 illud

1986 4176 2252 4246 pertinet,
2278 4175 2420 4245 quod
2453 4174 2506 4228 in
2541 4188 2598 4228 se
2633 4171 2962 4242 assumpsit;
2996 4177 3183 4240 pastor
3210 4184 3336 4222 vero
3368 4173 3562 4237 quate-

1986 4282 2091 4320 nus
2115 4264 2436 4319 assumpsit.

2059 4347 2225 4407 XVII.
2263 4350 2533 4418 Quoniam
2572 4358 2701 4404 vero
2733 4347 3019 4418 oportebat
3050 4346 3252 4400 heuum
3288 4355 3562 4414 pastorem

1991 4447 2230 4500 animam
2274 4458 2477 4515 ponere
2514 4458 2614 4512 pro
2654 4441 2849 4495 ovibus
2871 4481 2886 4506 ,
2920 4446 2981 4492 ut
3012 4437 3298 4492 moriendo
3329 4448 3561 4490 mortem

1992 4535 2267 4598 aboleret,
2296 4533 2420 4588 ideo
2450 4532 2642 4588 salutis
2667 4537 2868 4586 nostrae
2896 4536 3085 4583 auctor
3113 4527 3169 4582 in
3202 4528 3436 4581 humana
3469 4538 3568 4580 na-

1991 4636 2115 4683 tura
2160 4631 2455 4696 utrumque
2497 4623 2660 4678 simul
2695 4623 2901 4685 evasit,
2934 4619 3193 4676 sacerdos
3235 4619 3475 4680 scilicet,
3512 4624 3568 4673 et

1993 4736 2196 4791 agnus,
2224 4719 2280 4772 in
2311 4717 2362 4771 id
2390 4758 2404 4779 ,
2428 4715 2573 4787 quod
2600 4713 2875 4785 passionis
2895 4726 3063 4780 capax
3085 4718 3238 4774 erat,
3265 4711 3372 4763 vim
3404 4710 3567 4763 morti

1995 4818 2159 4881 atque
2182 4809 2556 4865 ellicacitatem
2581 4805 2922 4875 impertiens.
2943 4798 3078 4855 Nam
3103 4815 3225 4854 cum
3249 4815 3396 4854 mors
3421 4800 3569 4853 aliud

2000 4916 2112 4955 non
2163 4902 2233 4954 sit
2277 4910 2441 4967 quam
2486 4896 2679 4949 animae
2723 4909 2754 4947 a
2786 4906 3019 4962 corpore
3052 4889 3394 4954 dissolutio;
3447 4904 3571 4943 cum

2001 4996 2274 5059 utroque,
2325 4987 2543 5049 anima,
2582 4984 2839 5053 inquam,
2888 4988 2942 5036 et
2990 4994 3222 5050 corpore
3270 4994 3330 5035 se
3391 4980 3569 5048 ipsum

2004 5082 2200 5135 uniens
2232 5077 2489 5133 Christus
2522 5077 2590 5130 ab
2620 5089 2807 5130 eorum
2846 5082 3040 5128 neutro
3065 5072 3411 5143 sejungitur:
3450 5069 3574 5123 Siue

2001 5165 2303 5235 parnitentia
2327 5164 2499 5229 enim,
2527 5170 2587 5216 ut
2615 5162 2690 5216 ait
2718 5161 3014 5230 Apostolus
3037 5160 3107 5225 ⁸⁷,
3135 5170 3255 5215 sunt
3283 5160 3422 5213 dona
3454 5155 3571 5210 Dei.

1962 5324 2005 5354 "
2044 5322 2189 5378 Psal.
2225 5318 2410 5385 um,
2443 5319 2534 5374 20.
2611 5319 2656 5351 ⁵⁸
2680 5319 2838 5374 Joan.
2873 5335 2927 5373 χ.
2953 5319 3037 5372 16.
3114 5317 3160 5347 δ’
3181 5313 3339 5367 Rom.
3372 5326 3450 5374 at,
3478 5310 3568 5365 ‘29.

2071 5456 2147 5527 (8)
2175 5455 2388 5527 Similia
2419 5469 2644 5523 prorsus
2678 5453 2751 5527 de
2774 5450 2979 5527 Christi
3005 5443 3363 5527 passione,_de
3401 5442 3573 5498 latro-

2001 5513 2089 5582 nis
2119 5513 2326 5584 salute,
2359 5513 2540 5592 deque
2566 5522 2822 5592 paradiso
2875 5513 3038 5592 habet
3083 5516 3224 5569 idem
3284 5513 3571 5592 Nyssenus

2000 5598 2056 5651 in
2114 5605 2255 5648 orat.
2304 5593 2327 5644 l
2390 5586 2461 5645 ὕπ’
2503 5586 2702 5644 Christi
2744 5587 3199 5653 resurrectionem,
3228 5586 3390 5655 paulo
3451 5593 3589 5655 post.

2002 5664 2262 5719 medium.

2076 5734 2149 5802 (9)
2184 5734 2340 5786 Corr.
2366 5734 2395 5785 6
2429 5731 2580 5798 πρός.
