4056 6146
513 341 655 415 ηδε

1808 343 1866 396 S.
1911 336 2245 396 GREGORII
2289 334 2582 392 NYSSENI

3653 335 3788 394 “56

504 476 650 542 Quin
701 471 812 527 imo
856 468 1075 540 corpori
1125 473 1177 522 ct
1226 466 1422 520 anima:
1448 479 1505 519 se
1533 464 1711 533 ipsqu
1756 460 2110 531 impertiens,

2212 455 2288 524 ’ἀρ
2325 456 2427 509 τοῦ
2462 454 2608 509 Θεοῦ
2646 455 2715 508 τὰ
2748 453 3106 522 χαρίσματα,
3135 453 3312 517 καθώς
3339 470 3510 522 φησιν
3547 455 3576 506 ὁ
3622 455 3793 507 Ἀπό-

506 567 686 618 anima
734 561 957 633 quidem
1006 560 1204 615 latroni
1243 557 1560 629 paradisum
1599 555 1809 626 aperit,
1858 567 2090 621 corpore

505 663 688 709 autem
721 653 831 706 vim
867 660 1029 722 atque
1061 652 1355 706 efﬁcaciam
1385 646 1762 719 corruptionis
1793 643 2048 713 infringit
2075 661 2086 696 :

505 757 560 801 et
596 747 705 800 hoc
737 755 820 801 est
856 753 1088 799 mortem
1125 743 1428 815 perimere,
1465 737 1840 808 corruptionis
1874 735 2092 790 scilicet

504 841 655 895 vires
675 880 689 904 ,
725 854 821 909 per
854 838 1223 893 viviﬁcantem
1250 844 1513 890 naturam
1544 847 1574 888 e
1599 830 1786 886 ‘medio
1813 827 2089 890 sublatas,

508 933 695 984 irritas
731 931 977 985 reddere.
1017 927 1173 995 Quod
1207 926 1350 982 enim
1379 930 1609 995 corpore
1644 922 1935 990 animaque
1963 932 2094 988 ope—

511 1029 669 1072 ratur
703 1021 757 1072 in
792 1029 1084 1072 commune
1117 1025 1326 1070 natura:
1362 1022 1564 1069 nostra:
1595 1009 1927 1066 beneﬁcium
1963 1021 2092 1078 gra-

510 1112 755 1180 ti-unque
788 1109 966 1174 cedit,
991 1123 1166 1177 eoque
1201 1116 1359 1176 pacto
1391 1105 1575 1158 omnia
1605 1102 1881 1172 disjuncta
1909 1113 2095 1154 resur-

511 1203 692 1272 gendo
720 1201 1007 1270 coniungit
1029 1241 1043 1265 ,
1077 1200 1170 1268 qui
1199 1214 1263 1253 ex
1293 1207 1562 1266 utroque,
1588 1195 1695 1248 hoc
1718 1201 1804 1248 cst
1825 1232 1839 1257 ,
1865 1204 2096 1261 corpore

513 1307 566 1351 et
599 1297 783 1348 anima
811 1301 1062 1355 constat,
1087 1293 1182 1362 qui
1212 1298 1482 1361 potestate
1510 1303 1610 1343 sua
1641 1300 1843 1356 corpus
1873 1283 2094 1351 quidem

515 1392 683 1443 tradit.
712 1391 764 1442 in
797 1403 892 1442 cor
925 1395 1085 1440 terrae
1106 1387 1175 1449 λθ,
1201 1381 1658 1454 quemadmodum
1685 1380 1950 1449 scriptum
1975 1383 2059 1430 est
2079 1414 2094 1436 ,

518 1475 756 1528 animam
793 1489 925 1527 vero
962 1489 990 1525 a
1024 1489 1082 1527 se
1117 1475 1235 1543 ipso
1272 1471 1456 1542 posuit
1491 1469 1554 1533 ⁵⁸,
1596 1476 1653 1522 ιιι
1687 1467 1837 1520 Patri
1873 1465 2095 1530 quidem

518 1566 651 1620 dicit
686 1566 753 1628 ⁵ο,
792 1563 858 1617 In
894 1580 1079 1616 manus
1114 1574 1233 1616 tuas
1261 1561 1570 1616 commendo
1601 1559 1856 1629 Spiritum
1887 1573 2056 1610 meum
2079 1596 2093 1619 ,

519 1668 579 1710 ut.
604 1666 785 1711 autem
815 1655 880 1709 ad
912 1656 1180 1709 latronem
1210 1655 1285 1707 ait
1317 1654 1383 1720 υ,
1416 1655 1468 1706 iu
1496 1650 1771 1721 paradiso,
1795 1663 1923 1704 vera
1951 1657 2099 1701 utro-

519 1750 684 1819 bique
717 1762 975 1802 asserens
1001 1765 1014 1811 ;
1041 1762 1217 1815 neque
1244 1747 1386 1799 enim
1417 1745 1656 1799 divinam
1688 1743 1833 1795 illam
1860 1739 2099 1794 mansio-
2129 1790 2132 1812 ἶ

521 1857 643 1896 nem
666 1881 679 1905 ,
711 1856 834 1893 cum
865 1838 1163 1893 Paradisus
1190 1837 1425 1897 dicatur,
1457 1836 1568 1888 ullo
1594 1834 1701 1887 alio
1734 1833 1788 1886 in
1822 1832 1944 1884 loco
1975 1845 2099 1884 esse

521 1931 852 1986 credendum
900 1939 1017 1993 est,
1060 1938 1421 2000 praeterquam
1457 1928 1511 1980 in
1548 1926 1883 1996 amplissima
1922 1923 2098 1978 Patris

523 2037 686 2076 manu
709 2064 723 2085 ,
762 2023 839 2076 uti
879 2023 1147 2092 prapheta
1180 2020 1287 2084 ait,
1321 2034 1382 2073 ex
1420 2017 1634 2070 Domini
1667 2031 1902 2085 persona
1934 2014 2102 2068 coale-

525 2122 662 2167 stem
691 2113 992 2168 Jerusalem
1027 2113 1310 2180 alloquens
1333 2150 1346 2170 ,
1381 2107 1445 2162 In
1476 2108 1717 2160 manibus
1749 2106 1873 2159 meis
1902 2104 2102 2157 descri-

523 2207 603 2274 psi
635 2221 813 2257 muros
846 2215 961 2256 tuos
984 2244 997 2267 ,
1028 2218 1208 2256 coram
1240 2200 1404 2253 oculis
1438 2199 1563 2251 meis
1595 2212 1793 2263 semper
1827 2213 1878 2248 es
1913 2195 1977 2248 ⁵³,
2011 2194 2102 2246 Sic

528 2296 690 2364 igitur
721 2303 767 2349 et
808 2302 1036 2346 mortem
1073 2291 1242 2354 obiit,
1275 2298 1325 2343 et
1363 2303 1507 2342 mors
1536 2289 1584 2340 ei
1621 2304 1728 2339 non
1763 2285 2099 2339 dominatur.

525 2386 678 2452 Quod
720 2387 862 2439 cnim
899 2383 1263 2452 compositum
1301 2389 1384 2435 est
1418 2377 1701 2438 dividitur,
1736 2375 1879 2446 quod
1918 2385 2103 2428 autem

525 2477 939 2547 compositionis
975 2490 1171 2544 expers
1218 2481 1303 2528 est
1331 2514 1344 2538 ,
1383 2470 1807 2525 dissolutionem
1848 2483 1957 2520 non
2004 2465 2105 2518 ad-

527 2571 728 2632 mittit;
763 2567 858 2621 sed
896 2567 949 2618 in
985 2565 1260 2618 divisione
1297 2561 1518 2631 quidem
1553 2558 1848 2630 compositi
1889 2557 2104 2625 integra

530 2664 724 2708 natura
757 2661 1076 2724 permanet,
1105 2669 1227 2721 qua:
1257 2651 1713 2720 compositionem
1747 2664 1854 2702 non
1890 2649 2104 2716 recipit,

529 2747 818 2813 animaque
844 2760 873 2797 a
899 2759 1130 2812 corpore
1157 2751 1408 2811 separata
1432 2782 1445 2804 ,
1478 2743 1546 2795 ab
1574 2757 1761 2794 eorum
1796 2746 1991 2793 neutro
2023 2755 2108 2793 sc-

531 2839 796 2908 iungitur.
834 2835 947 2890 lloc
975 2843 1154 2888 autem
1189 2835 1260 2888 ita
1298 2848 1355 2888 se
1385 2833 1586 2886 habere
1613 2830 1814 2885 indicio
1844 2839 2006 2898 atque
2030 2846 2110 2881 ar-

532 2938 788 3001 gumento
815 2936 899 2982 est
926 2928 1006 2982 vis
1033 2935 1196 2996 atque
1225 2931 1471 2996 potestas
1505 2925 1594 2978 illa
1613 2967 1625 2988 ,
1651 2929 1771 2993 qua:
1800 2923 1854 2976 in
1880 2937 2112 2997 corpore

532 3023 752 3093 quidem
784 3020 1289 3087 incorruptionem,
1317 3018 1576 3072 inanima
1608 3033 1733 3071 vero
1759 3015 1996 3085 paradisi
2027 3015 2111 3067 in-

2131 1805 2170 1858 Β

2195 549 2408 611 στολος·
2463 547 2597 601 ἀλλὰ
2648 546 2740 598 καὶ
2784 547 2858 614 τῷ
2895 545 3107 615 σώματι
3158 545 3251 598 καὶ
3283 547 3350 616 τῇ
3401 545 3551 616 ψυχῇ
3603 547 3794 600 ἑαυτδν

2200 639 2549 710 ὲπιμερίσας,
2593 637 2679 689 διὰ
2725 637 2826 708 μὲν
2865 635 2964 706 τῆς
3011 636 3191 706 ψυχῆς
3231 636 3435 705 ἀνοίγει
3483 636 3568 707 τῷ
3621 637 3794 709 λῃστῇ

2193 730 2283 782 τὸν
2314 729 2662 800 παράδεισον,
2703 727 2791 779 διὰ
2819 726 2874 778 δὲ
2905 726 2998 779 τοῦ
3039 726 3290 798 σώματος
3321 726 3505 798 ἵστησι
3534 728 3638 798 τῆς
3668 731 3794 797 φθο-

2197 823 2294 893 ρᾶς
2337 821 2435 892 τὴν
2482 820 2794 891 ὲνέργειαν-
2831 818 2925 871 καὶ
2973 816 3127 871 τοῦτό
3181 821 3327 871 ἐστιν
3357 821 3390 889 ἠ
3429 819 3525 872 τοῦ
3559 819 3794 873 θανάτου

2195 915 2508 978 κατάλυσις,
2542 912 2602 964 τὸ
2647 912 3009 982 ἀνενέργητον
3040 910 3292 980 γενέσθαι
3326 911 3424 982 τὴν
3465 911 3704 984 φθορὰν,
3738 914 3793 964 ἐν

2195 1010 2260 1078 τῇ
2290 1004 2537 1075 ζωοποιῷ
2566 1003 2725 1074 φύσει
2765 1003 3151 1072 ἀφανισθεῖσαν
3172 1019 3186 1036 ο
3230 1003 3292 1056 τὸ
3323 1003 3434 1075 γὰρ
3463 1005 3557 1056 ἐπὶ
3591 1005 3798 1058 τούτων

2196 1099 2486 1170 γενόμενον
2511 1096 2664 1168 κοινὴ
2687 1097 2783 1166 τῆς
2812 1097 3025 1164 φύσεως
3044 1098 3076 1165 ἡ
3087 1094 3200 1165 μῶν
3225 1096 3517 1166 εὐεργεσία
3569 1098 3668 1150 καὶ
3700 1097 3797 1166 χά-

2193 1195 2284 1264 ρις
2314 1191 2556 1261 γίνεται·
2591 1191 2684 1242 καὶ
2723 1187 2864 1241 οὕτω
2900 1187 3077 1240 πάντα
3105 1187 3172 1240 τά
3211 1187 3480 1241 διεστῶτα
3529 1189 3800 1241 συνάπτει

2196 1285 2283 1338 διά
2311 1285 2412 1352 τῆς
2432 1282 2800 1344 ἀναστάσεως,
2824 1283 2851 1334 ό
2877 1282 2933 1332 ἐν
2964 1279 3293 1349 ἀμφοτέροις
3315 1278 3413 1341 ὢν,
3438 1279 3468 1330 ὁ
3497 1281 3622 1332 κατ’
3652 1279 3800 1343 ἐξου-

2200 1376 2320 1429 σίαν
2346 1374 2406 1426 τὸ
2435 1373 2531 1441 μὲν
2558 1371 2716 1442 σῶμα
2744 1371 2919 1433 διδοὺς
2950 1371 3016 1441 τῇ
3044 1369 3242 1440 καρδίᾳ
3286 1368 3386 1438 τῆς
3433 1367 3566 1437 γῆς.
3610 1367 3796 1432 καθὼς

2197 1465 2503 1536 γέγραπται
2541 1462 2686 1533 (10),
2737 1461 2834 1533 τὴν
2884 1454 2938 1513 δὲ
2989 1461 3166 1532 ψυχὴν
3211 1461 3303 1529 ἀφ’
3352 1458 3553 1512 ἑαυτοῦ
3603 1459 3801 1523 τιθεὶς,

2198 1559 2271 1621 ὡς
2291 1559 2388 1630 μὲν
2409 1557 2542 1628 πρὸς
2561 1556 2652 1608 τὸν
2671 1553 2890 1626 Πατέρα
2909 1556 3093 1624 φησιν,
3111 1555 3190 1607 ὅτι
3219 1555 3321 1608 Ἐν
3340 1553 3472 1618 ταῖς
3485 1554 3668 1622 χερσί
3687 1569 3806 1606 σου

2199 1648 2557 1718 παρατίθημι
2581 1646 2646 1701 τὸ
2676 1646 2919 1715 πνεῦμά
2933 1663 3050 1715 μου
3072 1663 3084 1675 ·
3112 1646 3185 1708 ὡς
3206 1645 3261 1697 δὲ
3289 1645 3424 1717 πρὸς
3457 1646 3548 1698 τὸν
3575 1645 3807 1715 λῃστὴν,

2200 1745 2257 1796 ὲν
2291 1742 2369 1813 τῷ
2405 1740 2746 1813 παραδείσῳο
2798 1738 3076 1810 ἀληθεύων
3115 1738 3182 1791 δι’
3230 1739 3542 1807 ἑκατέρων·
3597 1737 3659 1791 οὒ
3699 1738 3806 1808 γάρ

2202 1830 2384 1887 ἄλλοθί
2433 1849 2535 1884 που
2585 1828 2861 1883 πιστεύειν
2912 1827 3018 1898 χρὴ
3051 1827 3148 1898 τὴν
3184 1825 3336 1881 θείαν
3387 1828 3611 1898 ἐκείνην
3663 1825 3808 1880 εἶναι

2200 1925 2494 1994 διαγωγὴν,
2525 1923 2682 1993 εἴπερ
2714 1921 2825 1991 (ll)
2871 1919 3206 1990 Παράδεισος
3247 1919 3490 1994 λέγεται,
3521 1921 3571 1971 εἰ
3614 1920 3692 1990 μὴ
3749 1922 3808 1972 ἐν

2203 2019 2268 2086 τῇ
2306 1993 2603 2085 πολυχώρῳ
2633 2012 2724 2066 τοῦ
2766 2009 2980 2082 Πατρὶς
3020 1993 3288 2088 παλάμῃί
3319 2009 3500 2074 καθώς
3534 2027 3676 2080 φησι
3711 2011 3808 2062 καὶ

2203 2112 2230 2162 ὁ
2266 2109 2565 2178 προφήτης,
2593 2105 2729 2177 πρὸς
2758 2103 2854 2174 τὴν
2878 2104 2990 2156 ἄνω
3026 2102 3380 2174 Ἰερουσαλὴμ
3408 2105 3473 2155 ἐκ
3507 2101 3810 2173 προσώπου

2204 2199 2409 2266 ιξυρεου
2444 2197 2533 2248 τὶν
2566 2195 2722 2263 λόγον
2754 2191 3096 2263 ποιούμενος,
3136 2187 3260 2245 Ἐπὶ
3294 2192 3412 2245 τῶν
3450 2193 3672 2261 χειρῶν
3688 2211 3811 2261 μευ

2204 2285 2583 2356 ἐζὶυςρίὶέςηκιὶ
2604 2300 2720 2338 σου
2755 2283 2827 2336 τὰ
2853 2283 3043 2352 τείχη,
3067 2281 3322 2338 ἐνώπιόν
3346 2284 3599 2353 (12)μου
3638 2280 3700 2337 εἷ
3714 2283 3814 2337 διὰ

2206 2383 2450 2445 παντός.
2481 2377 2634 2432 Οὕτω
2667 2377 2840 2430 τοίνυν
2867 2377 2959 2429 xa‘t
2995 2377 3050 2429 ἐν
3090 2376 3165 2446 τῷ
3193 2377 3407 2447 θανάτῳ
3436 2379 3672 2445 γίνεται,
3709 2379 3810 2430 καὶ

2209 2471 2312 2525 ὑπὸ
2357 2470 2449 2523 τοῦ
2485 2469 2713 2524 Θανάτου
2750 2469 2810 2521 οὐ
2845 2467 3175 2539 κυριεύεται.
3213 2469 3286 2522 Τὸ
3338 2469 3434 2538 μὲν
3463 2470 3574 2540 γάρ
3609 2468 3812 2521 σύνθε-

2209 2582 2298 2617 τον
2340 2561 2646 2633 μερίζεται·
2693 2561 2751 2613 τὸ
2793 2555 2848 2613 δὲ
2877 2559 3170 2613 ἀσύνθετον
3219 2560 3373 2618 λύσιν
3414 2561 3516 2614 οὐκ
3563 2561 3817 2631 ἐπιδέχε-

2209 2673 2297 2708 ται
2318 2672 2331 2685 ⁸
2366 2655 2498 2708 ἀλλὰ
2547 2652 2852 2725 παραμένει
2886 2652 2983 2722 μὲν
3009 2649 3088 2721 τῷ
3121 2651 3374 2723 μερισμῷ
3415 2651 3509 2705 τοῦ
3543 2654 3813 2706 συνθέτου

2212 2749 2243 2817 ὴ
2297 2745 2587 2808 ἀσύνθετος
2635 2743 2817 2814 φύσις,
2867 2741 2960 2796 καὶ
3010 2744 3110 2813 τῆς
3163 2744 3340 2814 ψυχῆς
3394 2744 3489 2797 τοῦ
3551 2744 3814 2814 σώματος

2211 2836 2622 2906 ἀποχωρούσης,
2659 2834 2770 2888 οὗθ’
2797 2829 2982 2903 ἐτέρου
3034 2835 3351 2905 χωρίζεται.
3404 2835 3726 2904 Τεκμήριον
3759 2836 3814 2888 δὲ

2213 2929 2246 2998 ἡ
2299 2928 2570 2998 ἐνέργεια,
2611 2926 2791 2990 καθὼς
2839 2926 3076 2998 εἴρηται,
3125 2928 3216 2980 ἐπὶ
3268 2927 3363 2996 μὲν
3409 2925 3502 2980 τοῦ
3557 2925 3816 2996 σώματος

2212 3021 2309 3093 τὴν
2345 3015 2672 3089 ἀςθαρσίάν,
2711 3019 2803 3071 ἐπὶ
2833 3018 2888 3072 δὲ
2922 3021 3019 3088 τῆς
3061 3020 3238 3090 ψυχῆς
3269 3019 3369 3090 τὴν
3429 3021 3488 3070 ἐν
3548 3018 3818 3089 παραδεί-

534 3112 770 3164 colatnm
805 3115 1101 3178 operatur:
1142 3116 1518 3162 verumtamen
1552 3106 1644 3176 qui
1680 3107 1911 3175 simplex
1944 3113 2028 3158 est
2058 3111 2110 3159 et

2218 3120 2294 3185 σῳ
2335 3112 2613 3181 διαγωγὴν
2658 3111 3021 3183 ὲνεργήσασα.
3081 3113 3153 3166 Οὐ
3209 3111 3313 3183 μὴν
3375 3110 3821 3181 συνδιασχίζεται

536 3202 604 3258 ab
636 3202 782 3257 omni
817 3198 1217 3272 compositione
1251 3199 1464 3254 alienus
1489 3239 1503 3262 ,
1535 3203 1727 3252 horum
1763 3197 2112 3268 separatione

539 3309 884 3366 nequaquam
925 3309 1032 3348 una
1068 3308 1191 3346 cum
1228 3291 1369 3362 ipsis
1415 3307 1453 3346 s-
1481 3291 1728 3352 inditur;
1768 3289 1876 3341 imo
1911 3307 1938 3342 c
1975 3303 2112 3342 con-

536 3390 706 3442 trario
735 3402 901 3440 unum
933 3385 1063 3456 quid
1095 3399 1160 3438 ex
1194 3384 1276 3438 eis
1307 3382 1510 3445 ellicit;
1544 3397 1668 3435 nam
1700 3379 1862 3433 insita
1900 3380 2004 3434 sibi
2041 3381 2116 3432 in-

537 3479 921 3534 divisibilitate
941 3520 953 3542 ,
980 3476 1126 3546 quod
1155 3482 1428 3529 secretum
1454 3483 1537 3528 est
1562 3474 1680 3526 unit
1704 3490 1717 3537 ;
1745 3473 1904 3541 idque
1928 3487 2114 3525 verum

537 3586 661 3624 esse
694 3568 936 3623 ostendit
970 3566 1172 3618 Paulus
1201 3603 1214 3628 ,
1252 3578 1377 3616 cum
1411 3562 1630 3631 inquit,
1673 3560 1809 3614 Deus
1844 3560 2115 3613 suscitat-it

542 3660 709 3723 ipsum
741 3674 772 3709 (ι
805 3656 1026 3709 mortuis
1056 3655 1102 3685 ⁸³
1128 3673 1140 3720 ;
1171 3667 1346 3723 neque
1377 3652 1519 3706 enim
1555 3654 1699 3706 sicut
1729 3649 1993 3716 Lazarus,
2026 3655 2119 3703 aut

545 3749 684 3802 alius
711 3747 986 3817 quispiam
1022 3761 1211 3800 cormn
1245 3745 1335 3814 qui
1368 3743 1720 3807 revixerunt,
1757 3742 1984 3797 alterius
2016 3756 2119 3812 ope

546 3841 611 3894 ad
640 3841 803 3893 vitam
835 3839 1027 3903 rediit,
1060 3839 1132 3890 ita
1169 3837 1252 3891 las
1273 3837 1445 3891 estde
1467 3835 1685 3889 Domini
1716 3834 2121 3890 resurrectione

544 3933 758 4002 Opinari
790 3952 800 3985 :
838 3931 932 3985 sed
968 3930 1299 4000 Uuigenitus
1336 3929 1476 3984 Deus
1505 3944 1658 3982 suam
1688 3943 1716 3980 a
1749 3943 1978 3997 corpore
2002 3929 2120 3984 ani-

549 4040 690 4078 mam
729 4022 951 4093 propria
1004 4029 1272 4093 potestate
1307 4019 1644 4089 separando,
1681 4030 1734 4072 ct
1766 4034 1962 4074 rursus
1994 4035 2121 4074 cum

547 4131 779 4185 corpore
810 4112 1057 4168 eamdem
1093 4108 1510 4179 conjungendo,
1548 4109 1666 4178 ipse
1701 4108 1986 4163 suscitavit
2020 4109 2122 4163 lio-

555 4208 758 4261 miuem
824 4204 924 4258 sibi
963 4201 1317 4256 commixtum
1349 4218 1362 4266 ;
1399 4214 1573 4268 eoque
1609 4210 1769 4268 pacto
1815 4198 1983 4253 totius
2027 4213 2125 4253 na-

549 4303 685 4352 turae
720 4307 921 4350 nostrge
955 4297 1104 4348 salus
1143 4293 1442 4364 peragitur,
1481 4291 1626 4346 unde
1669 4298 1722 4346 et
1767 4290 1893 4345 vita:
1933 4302 2126 4347 auctor

549 4405 611 4443 ac
644 4389 897 4459 princeps
937 4395 1202 4452 vocatur;
1240 4398 1365 4438 nam
1403 4397 1500 4452 per
1537 4395 1664 4437 eum
1697 4381 1788 4451 qui
1827 4395 1926 4452 pro
1964 4382 2124 4438 nobis

2215 3205 2291 3276 τῷ
2319 3203 2580 3276 χωρισμῷ
2619 3204 2842 3269 τούτων,
2873 3206 2901 3257 ὁ
2931 3203 3136 3269 ἁπλοῦς
3178 3205 3273 3258 καὶ
3322 3203 3638 3268 ἀσύνθετος,
3674 3204 3824 3257 ἀλλά

2216 3295 2276 3348 τὸ
2321 3294 2579 3356 ἐναντίον,
2637 3293 2693 3346 ἓν
2750 3292 3078 3365 ἐργάζεται·
3131 3293 3210 3364 τῷ
3265 3293 3375 3365 γάρ
3435 3293 3556 3347 καθ’
3620 3294 3825 3348 ἑαυτὸν

2219 3386 2507 3459 ἀδιαιρέτῳ
2559 3387 2650 3439 καὶ
2696 3387 2758 3439 τὸ
2803 3387 3130 3459 διῃρημένον
3177 3387 3481 3450 εἰςένωσιν
3527 3386 3674 3453 ἄγει,
3726 3386 3824 3439 καὶ

2218 3476 2377 3530 τοῦτο
2426 3477 2755 3532 ἐνδείκνυται
2798 3477 2966 3530 εἰπὼν
3010 3478 3146 3548 (15),
3193 3479 3276 3530 ὅτι
3348 3479 3402 3529 '0
3438 3477 3587 3543 Θεὸς
3628 3478 3826 3530 αὑτὸν·

2219 3566 2457 3634 ἤγειρεν
2483 3568 2552 3620 ἐκ
2583 3565 2828 3639 ιτεκρῶν.
2870 3568 2944 3620 Ού
2989 3568 3096 3639 γὰρ
3138 3567 3326 3638 ὥσπερ
3357 3567 3636 3638 Λάζαρος,
3670 3570 3705 3637 ἡ
3737 3585 3824 3629 τις

2221 3659 2375 3724 ἄλλος
2403 3658 2511 3713 τῶν
2540 3659 3011 3722 ἀναϐεόεωκότων,
3044 3659 3300 3731 ἀλλοτρίᾳ
3337 3659 3567 3729 δυνάμει
3598 3659 3736 3729 πρὸς
3761 3661 3822 3712 τὸ

2222 3752 2320 3823 ζῇν
2352 3750 2706 3820 ἐπανάγεται,
2737 3749 2909 3815 οὕτως
2943 3752 3053 3818 (14)
3097 3752 3292 3819 εὐαγὲς
3319 3753 3414 3804 καὶ
3457 3753 3552 3804 ἐπὶ
3597 3753 3696 3821 τῆς
3727 3750 3818 3804 τοῦ

2222 3844 2427 3914 Κυρίου
2458 3843 2804 3906 ἀναστάσεως
2837 3843 3064 3898 οἴεσθαι.
3104 3842 3240 3895 Ἀλλ’
3261 3846 3289 3896 ὁ
3322 3844 3641 3913 Μονογενὴς
3664 3844 3817 3906 85%;,

2223 3938 2384 3999 αὐτὸς
2414 3936 2664 4005 ἀνίστησι
2691 3935 2781 3988 τὸν
2811 3929 3188 4006 ἀνακραθέντα
3217 3935 3505 4006 ἄνθρωπον
3528 3936 3702 4006 αὐτῷ,
3730 3938 3820 3988 καὶ

2223 4027 2457 4099 χωρίσας
2492 4025 2584 4079 τοῦ
2619 4025 2868 4096 σώματος
2895 4027 2995 4097 τὴν
3040 4027 3239 4098 ψυχὴν,
3280 4028 3372 4080 καὶ
3401 4026 3616 4091 ἑνώσας
3661 4029 3818 4080 πάλιν

2226 4117 2531 4188 ἀμφότερα,
2576 4117 2668 4171 καὶ
2700 4116 2874 4181 οὕτως
2921 4119 2953 4187 ἠ
2990 4117 3144 4188 κοινὴ
3178 4117 3386 4186 γίνεται
3434 4119 3684 4188 σωτηρία
3722 4120 3819 4186 τῆς

2228 4209 2470 4278 φύσεως·
2506 4209 2628 4263 ὅθεν
2652 4209 2746 4262 καὶ
2781 4210 3021 4281 ἀρχηγὸς
3059 4209 3204 4281 ζωῆς
3231 4210 3594 4280 ὀνομάζεται·
3625 4215 3682 4264 ἐν
3713 4214 3818 4280 γὰρ

2226 4300 2304 4370 τῷ
2334 4301 2474 4373 ὑπὲρ
2508 4299 2662 4370 ἡμῶν
2724 4300 3066 4365 ἀποθανόντι,
3111 4303 3205 4356 καὶ
3244 4303 3543 4373 ἐγερθέντι,
3583 4303 3680 4356 τὸν
3729 4305 3818 4354 χό-

2231 4408 2366 4462 σμον
2401 4390 2581 4462 ὲαυτῷ
2603 4390 2936 4460 κατήλλαξεν
2970 4391 2997 4445 ὁ
3021 4390 3324 4462 Μονογενὴς
3353 4392 3509 4456 Θεὸς.
3534 4387 3648 4446 οἶόν
3674 4408 3820 4453 τινας

550 4491 780 4535 mortem
817 4478 954 4533 obiit
988 4492 1049 4530 ac
1087 4474 1426 4541 resurrexit,
1462 4472 1731 4527 mundum
1767 4473 1873 4527 sibi
1903 4473 2008 4544 ipsi
2037 4489 2110 4528 rei

2231 4481 2624 4553 δορυαλώτους,
2680 4483 2826 4554 ἡμᾶς
2856 4481 2944 4536 διὰ
2974 4481 3068 4536 τοῦ
3111 4482 3409 4552 συγγενοῦς
3453 4485 3612 4554 ἡμῶν
3657 4485 3817 4553 αἷμα-

549 4571 865 4646 copciliavit
906 4567 1232 4639 Unigenitus
1275 4567 1452 4634 Deus,
1493 4581 1594 4621 nos
1634 4581 1826 4621 omnes
1868 4565 1960 4636 qui
2001 4580 2128 4620 cum

550 4679 615 4719 eo
663 4678 828 4718 carne
859 4678 921 4714 ac
969 4660 1236 4730 sanguine
1267 4658 1748 4713 communicamus
1771 4696 1786 4720 ,
1819 4657 1985 4712 veluti
2037 4671 2131 4711 ca-

553 4755 732 4823 ptivos
781 4752 1083 4823 quosdam,
1140 4751 1364 4820 proprio
1413 4749 1683 4819 sanguine
1733 4749 1827 4818 qui
1883 4747 2129 4816 ejusdem

553 4855 718 4915 atque
747 4856 934 4903 noster
973 4854 1182 4900 naturae
1217 4852 1341 4905 est,
1393 4843 1708 4897 redimens:
1768 4841 1836 4894 ad
1886 4840 1939 4894 id
1985 4839 2128 4894 enim

554 4936 830 5004 respicere
852 4935 1072 4990 videtur
1100 4934 1426 5004 Apostolus,
1457 4947 1582 4985 cum
1618 4931 1798 5001 inquit
1828 4947 1922 5001 per
1951 4932 2129 5002 ipsum

556 5041 660 5082 nos
697 5024 977 5093 aet-episse
1012 5024 1444 5095 redemptionem
1486 5037 1579 5091 per
1618 5022 1941 5092 sanguinem
1976 5024 2129 5091 ejus,

556 5117 938 5172 remissionem
975 5127 1324 5185 peccatorum
1362 5132 1455 5186 per
1487 5131 1713 5169 carnem
1743 5115 1866 5184 ejus
1899 5115 1965 5168 5‘.
2003 5115 2130 5171 llaec

554 5218 639 5264 est
676 5209 951 5264 sententia
989 5216 1175 5262 nostra
1210 5223 1372 5275 quam
1407 5222 1565 5261 secus
1599 5213 1764 5274 atque
1793 5207 2131 5274 Apollinaris

631 5324 674 5356 ⁸⁸
707 5323 896 5378 Matth.
932 5337 1030 5385 xu,
1064 5321 1153 5373 40.
1230 5320 1272 5351 ⁸9
1313 5317 1468 5373 Joan.
1506 5335 1560 5381 κ,
1595 5317 1678 5370 18.

558 5395 574 5449 l
609 5391 805 5450 Thess.
842 5409 879 5457 t,
916 5393 1004 5445 10.
1081 5391 1126 5422 ⁸³
1158 5388 1355 5459 Eplies.
1395 5403 1432 5454 t,
1468 5389 1516 5440 7.

633 5510 744 5575 (l0)
793 5507 1000 5561 Similia
1025 5505 1428 5575 quoqtteiiabet
1461 5503 1742 5576 Nyssenus
1799 5505 1854 5560 in
1904 5513 2043 5561 orat.
2077 5506 2127 5570 1,

561 5578 616 5630 in
633 5578 833 5632 Christi
865 5579 1294 5630 resurrectionem
1329 5577 1478 5630 circa
1509 5576 1769 5631 medium.

635 5647 681 5708 (l
700 5647 746 5778 lg
769 5645 931 5697 Forte
967 5647 1253 5713 legendum
1285 5647 1451 5716 ἥπερ.

635 5714 725 5778 (l9.
773 5715 926 5764 (Sorr.
961 5718 1051 5766 καὶ
1083 5715 1326 5767 ἐνώπιον.

663 5714 746 5767 121
773 5715 926 5764 (Sorr.
961 5718 1051 5766 καὶ
1083 5715 1326 5767 ἐνώπιον.

664 5783 746 5846 15)
779 5783 932 5836 Corr.
963 5785 988 5834 ὁ
1011 5783 1198 5836 εἰπών.

1759 5317 1805 5350 ⁵⁸
1847 5317 1981 5373 Luc.
2013 5336 2168 5386 mu,
2197 5323 2287 5377 46.

2231 4587 2344 4636 τος,
2378 4570 2586 4635 πάντας
2614 4572 2741 4635 τοὺς
2785 4572 3250 4641 κεκοινωνηκότας
3278 4571 3426 4642 αὐτῴ
3470 4576 3570 4644 τῆς
3622 4573 3816 4643 capitis;

2235 4655 2329 4716 καὶ
2361 4660 2454 4714 τοῦ
2501 4663 2732 4734 αἵματος
2767 4662 3195 4734 ἐξωνησάμενος,
3225 4662 3301 4729 ὡς
3341 4663 3476 4735 πρὸς
3510 4663 3671 4717 τοῦτο
3703 4664 3814 4732 βλέο

2232 4771 2355 4808 πειν
2387 4754 2484 4825 τὴν
2518 4753 2882 4826 ἀποστολικὴν
2936 4756 3118 4826 ῥῆσιν,
3165 4757 3200 4826 ἢ
3249 4773 3434 4825 φησιν,
3480 4757 3632 4826 ἔχειν
3676 4757 3812 4826 ἡμᾶς

2235 4848 2330 4920 τὴν
2360 4846 2733 4918 ἀπολύτρωσιν
2765 4846 2857 4901 διὰ
2877 4847 2968 4901 τοῦ
3001 4848 3229 4918 αἵματος
3250 4847 3413 4901 αὑτοῦ
3435 4864 3447 4875 ·
3492 4848 3590 4918 τὴν
3633 4849 3813 4912 ἄφεσιν

2233 4938 2342 4991 τῶν
2377 4937 2658 5010 ἁμαρτιῶν
2682 4937 2770 4992 διὰ
2805 4937 2903 5008 τῆς
2928 4938 3130 5008 σαρκὸς
3159 4937 3343 4990 αὑτοῦ.
3371 4932 3540 5000 Οὗτος
3570 4939 3601 4989 ὁ
3624 4937 3816 5005 ﬁuit;-

2239 5045 2327 5099 ρος
2356 5028 2532 5096 λόγος,
2565 5019 2622 5080 ὃν
2671 5029 2735 5080 ἐκ
2767 5025 2875 5079 τῶν
2913 5025 3326 5096 παρατεθέντων
3355 5024 3450 5077 τοῦ
3493 5024 3816 5079 ’Δποστόλου

2239 5119 2501 5190 ῥημάτων
2545 5119 2590 5184 (1
2607 5117 2658 5189 ὅ)
2707 5117 3032 5189 ὲνοήσαμεν,
3077 5117 3171 5171 καὶ
3199 5118 3297 5187 οὐχ
3335 5117 3411 5180 ὡς
3449 5117 3819 5184 Ἀτωλινάρις

2235 5212 2440 5275 ἐκεῖνος
2465 5210 2598 5281 (16).
2626 5210 2977 5279 Δοκιμαζέτω
3017 5210 3073 5263 δὲ
3100 5212 3130 5263 ὁ
3172 5209 3380 5280 κρίνειν
3413 5207 3821 5277 ἐπεσκεμμένος

2367 5326 2407 5356 σι
2439 5325 2568 5383 ibid.
2603 5325 2691 5380 45.
2769 5323 2940 5382 "lsa.
2968 5339 3117 5385 xxxx,
3143 5321 3232 5378 16.
3307 5323 3583 5379 "Coloss.
3626 5337 3683 5383 ιι,
3717 5319 3818 5383 12;

2279 5509 2426 5566 -ι-ηι
2453 5507 2616 5561 Carr.
2645 5508 2744 5578 οὐχ
2772 5508 2964 5571 οὕτως.

2309 5578 2422 5650 (15)
2445 5578 2602 5650 Corr.
2645 5579 2753 5632 τῶν
2786 5580 3069 5650 ῥημάτιον.

2307 5648 2511 5716 (16)1η
2546 5662 2718 5717 marg.
2758 5647 3019 5703 scribitur
3065 5647 3254 5704 cadent
3298 5661 3444 5706 corr.
3491 5662 3670 5714 manu,
3719 5661 3815 5714 τρο

2241 5718 2335 5771 καὶ
2369 5717 2462 5770 τοῦ
2499 5717 2876 5788 ’Λπολιναρῖου
2909 5720 3132 5781 ἐκεῖνος.
