4020 6140
280 307 302 362 ε
317 297 416 366 157

1450 284 1821 357 An‘vst‘tsus
1859 293 2370 357 APULLINAREM.

3414 307 3549 365 H53

278 419 372 474 τὸν
394 418 797 489 εὐσεϐέστερον,
815 416 922 469 εἴτε
950 414 1131 479 καθὼς
1166 416 1322 487 ἡμεῖς
1342 433 1542 487 φαμεν,
1567 418 1600 487 ὴ
1628 416 1753 481 δόξα
1784 417 1861 469 oi-

1972 415 2058 469 ille
2089 430 2153 469 ex
2186 415 2436 487 allegatis
2466 416 2711 486 Apostoli
2754 416 2938 475 verbis
2976 416 3370 487 expressimus.
3418 416 3550 475 Per-

278 510 582 583 κονομικῶς
614 510 943 580 κατασκηνοῖ
971 509 1029 561 ἐν
1067 510 1133 579 τῇ
1182 511 1253 580 γῇ
1305 509 1482 580 ἡμῶν,
1534 507 1643 560 εἴτε
1690 507 1867 572 καθὼς

277 605 484 668 ἐκεῖνός
508 618 692 673 φησιν,
709 600 830 671 οὐχὶ
852 600 1143 670 ἐπίκτητος
1156 600 1250 652 ἐπὶ
1268 602 1336 672 τῇ
1352 601 1640 672 εὐεργεσίᾳ
1657 599 1866 669 γίνεται

275 687 312 763 ἡ
351 693 485 763 σὰρξ
505 694 572 763 τῇ
606 689 841 761 θεότητι,
859 687 994 743 ἀλλά
1012 689 1415 760 συνουσιωμένη
1453 690 1546 744 καὶ
1564 688 1863 759 σύμφυτος.

1974 505 2175 576 pendat
2216 516 2397 562 autem
2445 509 2539 577 qui
2591 509 2692 563 hac
2736 508 2804 564 de
2838 525 2896 563 re
2921 508 3194 577 judicium
3235 507 3376 563 ferre
3408 510 3553 578 potis

1974 607 2090 662 est,
2124 608 2243 652 utra
2284 614 2347 652 ex
2397 599 2549 654 hisce
2591 600 2948 670 opinionibus
2981 600 3070 670 pia
3113 599 3290 669 magis
3337 599 3443 663 sit,
3482 617 3549 652 an

1975 690 2190 744 scilicet
2229 698 2286 744 ut
2325 706 2425 746 nos
2456 690 2726 757 dicimus,
2763 691 2949 745 divina
2983 691 3159 761 gloria
3194 706 3290 759 per
3323 689 3553 760 dispen-

280 787 552 839 sationem
604 784 659 837 in
714 790 859 837 terra
912 789 1104 849 nostra
1154 782 1510 847 habitaverit,
1556 798 1624 836 an
1679 794 1848 847 vero,
1889 781 2352 851 quemadmodum
2386 785 2475 840 ille
2504 793 2692 854 putat,
2728 799 2856 839 caro
2924 798 3037 838 non
3078 783 3320 837 ascititia
3403 782 3549 835 divi-

272 879 436 933 nitati
471 874 539 930 ad
570 873 1023 929 benefaciendum
1058 874 1402 938 hominibus,
1435 875 1529 931 sed
1561 874 1737 930 cidem
1776 874 2263 931 consubstantialis
2303 885 2467 947 atque
2492 879 2871 934 connaturalis
2902 880 3194 934 exstiterit.

348 969 413 1022 Ei
441 969 498 1029 δὲ
528 965 802 1037 Ζαχαρίας
830 966 859 1018 6
890 966 1179 1037 προφήτης
1211 967 1290 1029 είς
1322 965 1525 1020 τούτων
1547 963 1658 1035 (i7)
1681 963 1867 1035 ἓτερον

275 1064 388 1124 τοῖς
414 1040 704 1129 αἰνίγμασι
725 1056 972 1126 φέρεται,
1002 1057 1152 1110 οὐδὲν
1174 1051 1327 1127 οἶμαι
1356 1056 1467 1110 δεῖν
1493 1054 1765 1120 ἐξετάζειν
1788 1051 1868 1121 τῷ

277 1151 444 1221 λόγῳ,
489 1150 601 1204 εἴτε
636 1148 776 1220 πρὸς
824 1140 917 1201 τὸν
949 1147 1174 1218 Κύριον,
1209 1149 1318 1201 εἴτε
1362 1147 1499 1219 πρὸς
1530 1146 1715 1219 ἕτερόν
1744 1162 1865 1199 τινα

279 1244 467 1315 βλέπει
494 1242 556 1295 τὸ
583 1242 782 1312 νόημα.
823 1241 986 1309 Λέγει
1011 1240 1140 1311 γὰρ,
1173 1240 1254 1294 ὅτι
1295 1240 1606 1310 Ῥομφαία,
1641 1238 1868 1309 ἐξεγέρ-

275 1340 409 1403 θητι
435 1334 532 1388 ἐπὶ
566 1333 751 1404 νομέα
767 1350 907 1402 μου,
930 1333 1031 1388 καί
1060 1334 1157 1387 ἐπὶ
1179 1332 1367 1400 ἄνδρα
1382 1333 1707 1402 σύμβουλόν
1721 1348 1862 1400 μου.

289 1426 481 1498 Ἡμεῖς
527 1426 625 1497 μὲν
666 1425 775 1497 γὰρ
818 1425 1187 1496 ἀπειλητικῶς
1219 1423 1443 1495 οἰόμεθα
1482 1423 1626 1477 κατὰ
1661 1423 1767 1476 τῶν
1796 1423 1864 1493 τῇ

278 1518 466 1588 ἀδικίᾳ
493 1517 629 1589 πρὸς
649 1516 710 1570 τὸ
733 1516 1000 1588 ὁμόφυλον
1028 1517 1384 1589 κεχρημένων
1412 1518 1580 1570 κινεῖν
1606 1516 1703 1585 τὴν
1739 1512 1866 1585 ῥομ-

280 1608 448 1678 φαίαν
469 1608 560 1661 τὸν
590 1606 748 1676 λόγον
768 1623 783 1637 ·
830 1606 1199 1678 ’Δπολινάριος
1218 1608 1276 1662 δέ
1308 1625 1442 1679 φησι
1470 1607 1612 1662 κατά
1634 1605 1727 1660 τοῦ
1754 1607 1863 1659 Κυ-

283 1699 400 1770 ρίου
419 1697 517 1770 τὴν
545 1697 822 1769 ῥομφαίαν
851 1698 1086 1770 ἐγείρειν
1112 1699 1330 1770 διάςτὴν
1356 1699 1449 1752 τοῦ
1473 1700 1680 1770 νομέως
1705 1716 1865 1768 προσ-

277 1790 530 1862 ηγορίαν,
577 1790 676 1843 οὐκ
725 1789 880 1854 εἰδὼς
921 1791 1004 1844 ὅτι
1054 1789 1294 1861 πολλαχῆ
1342 1790 1441 1860 τῆς
1484 1790 1708 1862 Γραφῆς
1739 1790 1864 1853 τοὺς

278 1883 360 1945 εἰς
406 1880 582 1952 ἀρχὴν
633 1880 1020 1951 τεταγμένως,
1075 1882 1168 1933 καὶ
1206 1880 1470 1950 ποιμένας
1521 1880 1615 1933 καὶ
1666 1881 1865 1951 νομέας

279 1968 643 2041 κατονομάζει
661 1969 860 2037 ὀλόγος
876 1985 890 2000 ·
916 1970 1015 2022 ὅσα
1041 1968 1097 2023 δὲ
1119 1969 1278 2023 πάλιν
1296 1970 1397 2039 τῆς
1422 1969 1554 2040 πρὸς
1583 1968 1867 2040 Ἐϐραίους

280 2058 567 2130 ἐπιστολῆς
604 2058 741 2130 πρὸς
766 2058 858 2111 τὸν
885 2058 1046 2112 αὐτὸν
1088 2059 1287 2112 σκοπὸν
1314 2059 1659 2130 ὲπισύρεται,
1691 2058 1867 2122 οὕτως

288 2148 513 2221 ἔκδηλον
555 2149 654 2220 τὴν
684 2151 743 2203 ὲν
794 2151 912 2213 ταῖς
962 2153 1325 2214 κατασκευαῖς
1359 2151 1584 2204 ἀτοπίαν
1628 2151 1759 2220 ἔχει,
1791 2150 1868 2213 ὡς

281 2243 446 2296 παντὶ
475 2243 709 2296 συνιδεῖν
745 2242 943 2313 ῥᾴδιον,
992 2243 1085 2296 καὶ
1111 2244 1289 2313 (18)εἰ
1321 2243 1512 2314 μικρόν
1538 2261 1620 2306 τις
1652 2242 1867 2314 μετέχοι

281 2335 620 2406 φρονήσεως.
666 2333 885 2405 Ἐπειδὴ
913 2333 1022 2405 γὰρ
1047 2335 1378 2406 γέγραπται,
1423 2336 1505 2387 ὅτι
1546 2336 1663 2387 Ἐπ’
1698 2335 1862 2404 ἐσχά-

280 2433 389 2480 των
428 2426 537 2480 τῶν
571 2426 798 2497 ἡμερῶν
842 2427 901 2479 ἐν
946 2426 1063 2496 Υίῷ
1113 2426 1377 2497 ἐλάλησεν
1403 2429 1538 2497 ἡμῖν
1580 2429 1611 2480 6
1651 2426 1808 2490 Θεὸς,
1838 2426 1869 2478 6

282 2518 623 2590 πολυμερῶς,
654 2517 748 2571 καὶ
779 2514 1129 2588 πολυτρόπως
1153 2518 1211 2571 ὲν
1236 2520 1346 2580 τοῖς
1374 2519 1680 2588 προφήταις
1711 2517 1867 2587 λαλὴ-

284 2628 383 2675 σας
410 2612 522 2673 τοῖς
556 2611 793 2681 πατράσι
826 2609 886 2662 τὸ
930 2608 1215 2680 πρότερον,
1243 2607 1518 2676 ἀπόδειξίς
1544 2606 1680 2672 ἐστὶ,
1708 2611 1863 2679 φησὶ,

281 2702 396 2768 τοῦ,
422 2701 485 2754 τὸ
512 2699 846 2771 ἀνθρώπινον
875 2698 969 2752 τοῦ
997 2701 1253 2768 φανέντος
1289 2702 1420 2770 ἡμῖν
1460 2700 1597 2754 Θεοῦ
1630 2699 1867 2772 «poetib-

282 2808 395 2844 νιον
428 2787 564 2843 εἶναι
586 2808 598 2822 ο
628 2791 760 2860 φησι
799 2790 908 2861 γὰρ
939 2789 1082 2842 οὕτω
1114 2791 1256 2843 κατὰ
1291 2792 1390 2861 τὴν
1431 2790 1601 2857 λέξιν,
1622 2793 1866 2862 ὲφερμη-

281 2884 456 2937 νεύων
475 2881 633 2953 δῆθεν
658 2883 746 2935 τὸν
773 2882 1091 2936 Ἀπόστολον
1109 2897 1123 2911 ⁸
1150 2884 1317 2936 Ἔστι
1337 2882 1405 2935 δὲ
1424 2883 1493 2935 ἐν
1507 2885 1739 2948 τούτοις
1760 2901 1867 2937 κα-

282 2975 568 3045 ταφανὲς,
590 2974 678 3028 ὅτι
700 2976 880 3039 αὐτὸς
913 2976 946 3027 ό
973 2973 1297 3042 ἄνθρωπος,
1338 2977 1372 3029 ό
1415 2974 1697 3042 λαλήσας
1720 2975 1866 3044 ἡμῖν

284 3065 358 3117 τὰ
394 3062 498 3117 τοῦ
534 3063 782 3132 Πατρός,
825 3063 966 3127 630';-
1007 3062 1139 3117 ἐστι
1179 3063 1435 3132 ποιητὴς
1467 3061 1586 3116 τῶν
1618 3063 1867 3126 αἰώνων,

286 3157 653 3226 ἀπαύγασμα
702 3156 907 3223 δόξης,
962 3155 1267 3224 χαρακτὴρ
1323 3154 1430 3223 τῆς
1480 3154 1873 3220 ὑποστάσεως

287 3247 496 3309 αὐτοῦ,
527 3247 630 3302 ἅτε
661 3246 737 3315 δὴ
780 3246 862 3311 τῷ
895 3245 1019 3311 ἰδίῳ
1046 3246 1335 3315 πνεύματι
1371 3245 1515 3311 Θεὸς
1540 3244 1644 3310 ὢν,
1676 3245 1771 3299 καὶ
1800 3246 1871 3298 οὺ

290 3340 440 3395 Θεὸν
460 3338 616 3407 ἔχων
634 3339 704 3391 ἐν
725 3337 914 3402 ἑαυτῴ
933 3336 1141 3404 ἕτερον
1157 3339 1290 3405 παρ’
1310 3336 1518 3398 αὑτὸν,
1541 3335 1724 3401 αὐτὸς
1745 3339 1777 3389 ό
1797 3335 1871 3388 δι’

286 3432 526 3497 ἑαυτοῦ,
564 3430 856 3495 τουτέστι,
878 3430 975 3483 διὰ
1005 3429 1114 3498 τῆς
1150 3430 1396 3498 σαρκὸς,
1421 3429 1752 3497 καθαρίσας
1775 3429 1873 3482 κό-

285 3538 448 3594 σμον
478 3522 796 3594 ἁμαρτιῶν.
839 3521 1027 3576 Ταῦτά
1078 3534 1240 3590 φησιν
1287 3522 1317 3573 6
1359 3521 1732 3591 Ἀπολινάριος
1780 3519 1872 3573 ἐπὶ

287 3610 507 3684 λέξεως,
541 3617 636 3667 καὶ⁹
663 3614 815 3667 οὐδὲν
846 3613 974 3684 παρ’
1013 3615 1045 3683 ἡ
1055 3614 1171 3684 μῶν
1198 3614 1254 3665 ὲν
1282 3615 1395 3676 τοῖς
1416 3612 1726 3683 εἰρημένοις
1761 3627 1869 3665 πα-

294 3710 682 3782 ραπεποίηται.
705 3708 770 3762 Εἰ
799 3702 891 3774 οὖν
908 3705 1190 3777 ἄνθρωπος
1208 3707 1318 3777 (19)
1334 3706 1363 3759 6
1387 3705 1625 3776 λαλήσας
1646 3705 1873 3775 ποιητής

289 3804 407 3855 ἔστι
434 3801 543 3854 τῶν
584 3799 816 3863 αἰώνων,
842 3797 1023 3863 καθὼς
1046 3797 1125 3869 τῷ
1166 3797 1487 3869 λογογράφῳ
1515 3797 1682 3861 δοκεῖ,
1720 3798 1811 3850 καὶ
1835 3798 1868 3867 ἡ

293 3892 434 3964 σάρξ
455 3895 570 3947 ἐστι
594 3891 657 3945 τὸ
680 3874 1040 3962 ἀπαύγασμα,
1066 3890 1160 3943 καὶ
1184 3891 1216 3959 ἡ
1239 3888 1333 3943 τοῦ
1354 3888 1540 3942 δούλου
1568 3888 1749 3960 μορφὴ
1775 3905 1873 3959 χα-

295 3985 615 4058 ρακτηρίζει
642 3984 735 4038 τοῦ
765 3983 898 4037 Θεοῦ
923 3985 1022 4054 τὴν
1059 3982 1373 4046 ὑπόστασιν,
1409 3982 1592 4035 οὐκέτι
1616 3998 1703 4052 μοι
1727 3980 1874 4035 δοκεῖ

292 4077 474 4141 καλῶς
503 4077 644 4148 ἔχειν
677 4076 943 4148 μάχεσθαι
975 4076 1111 4148 πρὸς
1149 4075 1210 4129 τὸ
1242 4074 1550 4146 εἰρημένον,
1578 4074 1793 4147 θρηνεῖν
1817 4074 1874 4128 δὲ

297 4168 499 4240 μᾶλλον
534 4170 634 4239 τῆς
671 4168 1043 4237 ἀναισθησίας,
1070 4166 1196 4230 τοὺς
1231 4165 1329 4238 τὴν
1356 4165 1609 4237 τοιαύτην
1640 4164 1875 4236 παραδε-

295 4259 559 4330 χομένους
600 4257 961 4326 καινοφωνίαν
1012 4255 1146 4328 (‘20).
1200 4242 1521 4327 ’Ἄνθρωπος
1557 4254 1586 4308 6
1635 4254 1875 4325 λαλήσας

295 4353 427 4423 ημῖν
449 4348 810 4421 ἀνθρωπικῶς
837 4348 924 4402 διά
952 4348 1050 4418 τῆς
1078 4348 1349 4419 ἡμετέρας
1378 4347 1582 4417 φωνῆς,
1617 4347 1645 4399 6
1666 4345 1876 4409 πτύσας

293 4441 374 4513 τῷ
400 4442 628 4513 στόματι
653 4440 785 4512 (21),
810 4441 904 4493 καὶ
948 4442 1015 4511 τῇ
1042 4441 1185 4510 χειρὶ
1213 4439 1618 4510 πηλουργήσας,
1643 4439 1671 4492 6
1705 4437 1878 4509 ἐμϐα-

293 4530 405 4585 λὼν
433 4532 558 4593 τοὺς
586 4530 876 4594 δακτύλους
907 4530 964 4582 ἐν
1002 4531 1121 4591 ταῖς
1153 4528 1260 4582 τῶν
1294 4528 1493 4597 κωφῶν
1523 4530 1734 4593 ἀκοαῖς,
1780 4530 1875 4584 καὶ

293 4624 405 4679 τῶν
436 4621 862 4695 ἀρρωστούντων
884 4638 944 4674 τε
968 4621 1062 4674 καὶ
1084 4619 1392 4673 τεθνεώτων
1433 4621 1756 4690 ἁπτόμενος,
1780 4620 1877 4675 καὶ

296 4713 452 4788 ὕπνῳ
504 4716 597 4769 καὶ
649 4713 885 4785 καθέδρᾳ
929 4713 1222 4766 ἀναπαύων
1260 4712 1380 4781 (22)
1424 4712 1516 4765 τὸν
1546 4713 1731 4780 κόπον,
1782 4714 1876 4767 καὶ

296 4808 569 4880 δακρύων,
601 4807 695 4861 καὶ
725 4804 1031 4876 ἀδημονῶν,
1066 4802 1160 4858 καί
1181 4804 1537 4875 λυπούμενος,
1568 4806 1662 4858 καὶ
1688 4806 1877 4869 πείνας

298 4898 552 4969 αἴσθησιν
602 4896 761 4967 ἔχων,
789 4897 882 4950 καὶ
927 4895 1130 4967 τροφὴν
1168 4897 1543 4966 προσιέμενος,
1597 4898 1690 4950 καὶ
1735 4896 1878 4969 ὕδωρ

299 4990 465 5046 αἰτῶν
485 5007 498 5021 ·
539 4985 690 5053 οὗτος
721 4989 841 5042 κατ’
874 4988 1006 5042 αὐτὸ
1032 4987 1093 5041 τὸ
1127 4986 1405 5058 σαρκῶδές
1432 5004 1490 5040 τε
1536 4989 1630 5043 καὶ
1670 4986 1880 5059 ἀνθρὼ-

301 5099 475 5144 πινον,
504 5083 601 5152 τῆς
635 5081 742 5134 τῶν
768 5081 936 5134 ὅντων
980 5082 1381 5149 προεπινοεῖται
1424 5079 1752 5145 συστάσεως,
1786 5080 1878 5133 καὶ

298 5173 429 5237 θεὸς
463 5175 497 5242 ή
524 5170 723 5241 σαρκὸς
757 5171 917 5239 φύσις
940 5171 1154 5237 λέγεται
1185 5171 1218 5238 ἡ
1254 5168 1526 5231 σύνθετος,
1555 5171 1649 5222 καὶ
1675 5169 1876 5242 στερῤἀ

298 5271 392 5320 καί
438 5265 762 5328 ἀντίτυπος;
828 5261 1249 5331 Ἐπιφραξάσθω
1296 5263 1445 5315 πᾶσα
1484 5261 1591 5316 τῶν
1640 5261 1877 5316 εὐσεϐῶν

369 5449 417 5481 ⁸⁸
451 5445 618 5501 Zaeh.
654 5460 773 5506 xm,
803 5445 853 5497 7.
927 5446 972 5478 “
999 5443 1158 5501 liebr.
1186 5462 1224 5507 ι,
1258 5444 1309 5499 ι.

374 5604 490 5673 (i7)
515 5602 673 5658 Corr.
713 5600 925 5673 τούτον.

376 5665 489 5744 (18)
517 5673 675 5727 Corr.
716 5671 895 5744 ῥᾴδιον
922 5665 1061 5721 εἶναι
1091 5668 1200 5722 καί.

377 5739 488 5806 (19)
524 5744 680 5799 Corr.
713 5739 1076 5806 661090173);

2043 961 2228 1018 XVIII.
2282 964 2364 1018 An
2412 973 2596 1020 autem
2650 966 2702 1020 in
2752 968 2984 1023 alteram
3033 976 3099 1022 ex
3145 967 3360 1021 duabus
3400 967 3555 1021 hisce

1968 1057 2259 1111 sententiis
2319 1056 2615 1112 Zacharias
2653 1059 2915 1128 propheta
2959 1060 3074 1114 suis
3109 1059 3363 1116 obscuris
3393 1060 3548 1112 locu-

1967 1148 2209 1203 tionibus
2257 1150 2612 1219 propendeat,
2656 1166 3127 1218 supervacaneum
3166 1166 3287 1205 esse
3314 1151 3551 1204 arbitror

1967 1240 2176 1296 nostris
2203 1242 2559 1297 sermonibus
2592 1242 2891 1310 inquirere,
2923 1243 3037 1296 sive
3062 1242 3128 1296 ad
3160 1243 3337 1311 ipsum
3364 1240 3550 1294 Domi-

1968 1347 2122 1397 nttm,
2151 1334 2266 1388 sive
2296 1333 2362 1386 ad
2397 1334 2562 1387 alium
2590 1336 2904 1404 quempiam
2929 1334 3050 1403 ejus
3082 1334 3245 1388 verba
3268 1342 3546 1402 spectent:

1966 1425 2041 1478 ait
2081 1423 2250 1488 enim,
2303 1423 2346 1476 F
2352 1441 2554 1486 ramea,
2586 1426 2849 1479 suscitare
2878 1441 3036 1493 super
3062 1433 3327 1493 pastorem
3352 1441 3547 1490 meum,

1965 1524 2013 1569 et
2050 1530 2206 1584 super
2237 1517 2405 1570 virum
2432 1516 2777 1571 eoltwrentem
2803 1517 2931 1570 mihi
2957 1517 3026 1568 ⁵⁵.
3067 1515 3178 1571 Nos
3204 1517 3348 1570 enim
3380 1515 3549 1570 verba

1969 1609 2074 1665 ista
2120 1610 2175 1665 in
2206 1610 2329 1665 illos
2358 1611 2449 1679 qui
2479 1624 2608 1681 erga
2639 1609 2976 1664 contribules
3009 1616 3062 1662 et
3098 1607 3387 1677 populares
3417 1621 3548 1661 suos

1972 1701 2176 1770 injuste
2200 1717 2259 1758 se
2282 1709 2478 1772 gerunt
2501 1702 2740 1772 gladium
2776 1701 3047 1755 intentare
3066 1711 3352 1769 putamus;
3384 1699 3550 1768 Apol-

1970 1794 2163 1847 linaris
2197 1808 2328 1848 vero
2357 1792 2428 1847 ob
2462 1793 2700 1862 pastoris
2734 1808 2933 1847 nomen
2982 1791 3246 1847 frameam
3284 1791 3548 1848 adversus

1968 1885 2258 1938 Dominum
2300 1884 2540 1938 excitare
2576 1884 2671 1949 ait,
2730 1883 2990 1953 ignorans
3027 1896 3123 1939 eos
3170 1883 3264 1953 qui
3297 1883 3351 1936 in
3391 1883 3546 1951 prin-

1967 1973 2150 2042 cipum
2207 1974 2400 2029 ordine
2445 1983 2740 2029 censentur
2788 1982 3037 2043 pastores
3080 1973 3132 2027 in
3186 1973 3372 2027 multis
3395 1972 3548 2026 Scri-

1969 2073 2143 2134 ptum
2174 2065 2311 2119 locis
2345 2066 2672 2134 nuncupari.
2722 2063 2993 2119 Caeterum
3034 2080 3154 2133 quae
3202 2080 3265 2118 cx
3306 2062 3549 2132 Epistula

1964 2158 2036 2210 ad
2092 2156 2350 2212 Hebraos
2405 2172 2600 2211 rursus
2662 2156 2729 2210 ad
2780 2141 2833 2210 id
2891 2156 3230 2225 probandum
3285 2169 3379 2223 per
3439 2153 3550 2207 vim

1961 2251 2155 2312 trahit,
2205 2248 2552 2304 manifestam
2588 2249 2721 2302 adeo
2763 2249 2817 2301 in
2881 2247 3231 2315 argumentis
3284 2245 3409 2300 inde
3454 2245 3555 2299 de-

1967 2340 2147 2395 ductis
2184 2341 2576 2395 absurditatem
2625 2340 2929 2401 continent,
2965 2346 3023 2391 ut
3060 2353 3180 2390 eam
3223 2334 3550 2405 unicuique,

1966 2436 2074 2491 etsi
2106 2436 2379 2490 modicum
2406 2434 2605 2502 sapiat,
2634 2431 2791 2485 facile
2819 2431 2891 2485 sit
2924 2428 3331 2498 deprehendere
3409 2426 3553 2492 Qun-

1968 2529 2114 2582 niam
2145 2527 2293 2580 enim
2320 2526 2583 2593 scriptum
2614 2531 2721 2585 est,
2739 2522 2793 2576 in
2817 2520 3132 2576 novissimis
3162 2520 3358 2575 diebus
3388 2518 3549 2573 nobis

1968 2620 2022 2673 in
2079 2619 2215 2672 Filio
2255 2620 2493 2672 locutum
2549 2617 2719 2671 fuisse
2773 2614 2983 2675 Deum,
3040 2613 3132 2682 qui
3195 2611 3549 2665 multifariam

1970 2711 2263 2779 tnnltisque
2319 2709 2497 2763 modis
2552 2707 2683 2759 olim
2730 2706 2945 2763 locutus
2992 2702 3169 2757 fuerat
3204 2684 3453 2772 patribus
3494 2701 3550 2754 in

1968 2802 2250 2872 prophetis
2288 2802 2364 2868 5°;
2408 2801 2531 2861 hoc,
2567 2800 2745 2869 inquit
2795 2798 2903 2862 ille,
2942 2796 3245 2850 luculenter
3286 2793 3550 2856 ostendit,

1974 2894 2064 2949 Dei
2112 2893 2203 2962 qui
2247 2893 2405 2946 nobis
2458 2891 2729 2962 apparuit,
2765 2889 3158 2943 humanitatem
3194 2895 3320 2940 ante
3347 2886 3547 2939 saecula

1971 2985 2283 3049 exstitisse;
2351 2985 2421 3037 ita
2491 2985 2636 3037 enim
2692 2981 2916 3037 disertis
2979 2981 3163 3033 verbis
3228 2977 3549 3047 Apostolum

1899 3089 1942 3148 α
1976 3076 2181 3132 scilicet
2230 3075 2618 3142 interpretans,
2663 3073 2759 3133 ait.
2800 3072 2902 3126 Per
2948 3072 3059 3124 Iure
3108 3080 3286 3123 autem
3329 3069 3553 3136 nut'tt'fe-

1976 3179 2117 3222 stum
2156 3175 2233 3220 est
2264 3166 2415 3218 illum
2451 3164 2711 3217 hominem
2744 3164 2832 3230 qui
2867 3178 2984 3227 qua:
3040 3160 3217 3213 Patris
3257 3169 3379 3212 sunt
3403 3158 3551 3211 nobis

1976 3260 2229 3328 loquitur,
2288 3256 2450 3310 Deum
2486 3272 2595 3309 esse
2656 3253 2971 3306 sa'cut’orum
3011 3252 3354 3313 conditorem,
3380 3249 3555 3315 splen-

1975 3352 2155 3404 dorem
2201 3350 2410 3419 glorias,
2466 3357 2513 3401 ct
2555 3348 2786 3413 ﬁguram
2835 3344 3149 3397 substantia:
3199 3340 3335 3409 ejus.
3379 3348 3555 3407 utpote

1974 3444 2064 3513 qui
2112 3442 2301 3508 spiritu
2339 3439 2549 3507 proprio
2590 3436 2725 3489 Deus
2770 3435 3015 3493 exsistat,
3057 3440 3243 3485 etnon
3283 3428 3449 3482 Deum
3498 3428 3554 3481 in

1974 3550 2028 3587 se
2063 3534 2176 3600 ipso
2204 3532 2468 3584 diversum
2493 3547 2523 3582 a
2562 3544 2616 3582 se
2663 3527 2873 3590 habeat,
2904 3527 3114 3593 ipseque
3139 3540 3231 3592 per
3263 3540 3319 3576 se
3349 3522 3548 3590 ipsum,

1975 3622 2070 3675 hoc
2107 3629 2206 3682 est,
2229 3635 2319 3687 per
2348 3632 2581 3678 carnem,
2608 3615 2861 3668 mundum
2884 3631 2915 3667 a
2937 3615 3162 3683 peccatis
3193 3607 3393 3682 purget.
3429 3610 3554 3664 llaec

1976 3710 2168 3765 iisdem
2214 3708 2395 3762 verbis
2444 3706 2799 3775 Apollinaris,
2845 3719 2946 3758 nec
2994 3701 3291 3773 quidquam
3319 3716 3349 3755 a
3391 3699 3553 3753 nobis

1978 3800 2030 3854 in
2076 3800 2197 3870 ejus
2250 3797 2415 3851 dictis
2457 3802 2727 3852 mutatum
2777 3793 2900 3849 fuit.
2950 3792 3006 3848 Si
3056 3794 3221 3864 igitur
3269 3793 3430 3845 homo
3458 3792 3553 3860 qui

1977 3893 2240 3963 loquitur,
2269 3891 2617 3952 saeculorum,
2658 3901 2717 3942 ut
2744 3887 2978 3955 scriptor
3004 3886 3107 3939 iste
3123 3894 3330 3948 censet,
3359 3883 3552 3936 cundia

1977 3992 2062 4039 tor
2096 3992 2201 4047 est,
2249 3991 2303 4037 et
2358 3997 2487 4036 caro
2535 3988 2775 4051 paternae
2815 3977 3001 4048 gloria:
3046 3976 3304 4047 splendor
3347 3984 3457 4050 est,
3502 3980 3558 4028 et

1977 4076 2121 4131 servi
2154 4073 2330 4129 forma
2361 4071 2726 4127 substantiam
2763 4070 2851 4125 Dei
2880 4077 3251 4139 repraesentat,
3297 4083 3404 4120 non
3437 4082 3556 4119 am-

1976 4167 2120 4238 plius
2170 4165 2435 4219 adversus
2483 4162 2597 4217 haec
2644 4162 2766 4229 eius
2817 4162 2966 4214 dicta
3025 4157 3373 4227 pugnandum
3423 4154 3555 4207 mihi

1975 4261 2213 4321 videtur,
2263 4257 2356 4313 sed
2396 4255 2569 4310 satius
2601 4253 2856 4308 existimo
2888 4266 3077 4305 eorum
3108 4248 3307 4301 deflere
3352 4247 3557 4300 stolidi.

1977 4359 2142 4410 tatem
2184 4351 2276 4420 qui
2301 4347 2568 4419 ejusmodi
2604 4343 2939 4400 novitatibus
2963 4358 3085 4397 sese
3118 4341 3312 4396 abduci
3342 4339 3556 4409 patiun‘

1903 4429 1959 4517 Ρ
1987 4451 2094 4497 tur.
2135 4441 2331 4505 l'lomo,
2366 4440 2457 4508 qui
2494 4438 2779 4494 nobiscum
2822 4436 3061 4489 humano
3086 4446 3236 4486 more
3260 4441 3556 4499 nostraque

1980 4548 2113 4589 voce
2141 4531 2413 4603 loquitur,
2444 4528 2539 4599 qui
2560 4545 2656 4583 ore
2678 4526 2898 4599 exspuit
2924 4535 2978 4580 et
3009 4539 3173 4578 manu
3202 4524 3375 4577 lutum
3405 4522 3556 4589 facit,

1979 4626 2072 4695 qui
2125 4623 2323 4693 digitos
2375 4620 2429 4676 in
2475 4619 2765 4675 surdorum
2798 4632 2959 4672 aures
2987 4615 3171 4678 infert,
3204 4615 3295 4684 qui
3325 4621 3557 4684 aegrotos

1977 4729 2033 4775 et
2076 4726 2323 4772 mortuos
2368 4714 2562 4784 tangit,
2598 4712 2692 4781 qui
2750 4722 2946 4766 somno
2986 4715 3041 4762 et
3095 4706 3343 4762 sessione
3392 4720 3420 4758 a
3473 4705 3558 4758 la-

1980 4809 2114 4863 bore
2171 4804 2493 4876 requiescit,
2546 4801 2639 4871 qui
2678 4800 3030 4867 laerymatur,
3067 4796 3161 4866 qui
3216 4809 3448 4850 moerere
3502 4801 3559 4849 et

1986 4899 2210 4956 tristitia
2248 4898 2502 4957 adicitur,
2548 4892 2643 4964 qui
2701 4891 2841 4946 fame
2874 4891 3086 4945 laborat
3135 4888 3428 4956 cibumque
3460 4901 3560 4955 ap-t

1988 4992 2144 5062 petit,
2187 4999 2243 5045 et
2290 5002 2486 5059 aquam
2542 4983 2759 5055 poscit;
2803 4982 2965 5035 homo
3007 4980 3131 5045 iste,
3166 4986 3429 5050 quantum
3493 4973 3560 5027 ad

1987 5086 2160 5154 ipsam
2192 5096 2413 5136 carnem
2443 5086 2497 5132 et
2534 5075 2932 5131 humanitatem
2968 5073 3224 5143 pertinet,
3256 5070 3404 5140 prior
3444 5080 3563 5118 om-

1986 5176 2137 5230 nium
2193 5188 2376 5229 rerum
2429 5169 2711 5224 creatione
2750 5181 2874 5220 esse
2923 5164 3269 5233 intelligitur,
3310 5158 3564 5221 Deusque

1986 5268 2191 5322 dicitur
2218 5264 2401 5321 carnis
2428 5270 2645 5325 natura,
2678 5276 2798 5333 quae
2825 5263 3128 5326 composita
3166 5266 3229 5303 ac
3259 5246 3431 5303 solida
3451 5248 3557 5305 est,

2063 5595 2176 5665 (‘20)
2204 5594 2360 5648 Corr.
2385 5593 2739 5660 κενοφωνὶαν.

2061 5658 2268 5733 (9.1)lta
2295 5678 2466 5733 corr.,
2503 5658 2658 5733 antea
2692 5658 2926 5725 σώματι.

2061 5729 2174 5809 (:39)
2213 5735 2367 5788 Carr.
2397 5729 2753 5785 διαναπαύων.
