4056 6146
373 325 506 398 not

1538 332 1578 384 Α
1591 331 1765 386 DVER
1777 331 1858 390 SU
1871 333 1908 388 S
1941 330 2460 390 APOLLINAREM.

3485 327 3623 383 “6‘2

372 437 794 511 ρακτηρίζεσθαι
837 439 936 509 μὲν
963 436 1175 508 σώματι
1219 440 1278 492 τὸ
1311 441 1601 514 ἀσώματον
1643 448 1777 518 (54),
1804 450 1869 501 ὲκ
1890 449 1946 501 δὲ

2051 449 2301 520 exprimi,
2353 456 2406 504 et
2445 447 2514 502 ab
2567 443 2827 501 invisibili
2876 443 2929 498 id
2969 443 3114 514 quod
3169 442 3342 499 oculis
3380 445 3625 500 cernitur

368 529 462 584 τοῦ
501 527 737 598 ἀοράτου
785 528 845 580 τὸ
885 528 1079 598 ὁρατὸν
1113 529 1544 598 ἀπαυγάξεσθαι.
1616 535 1753 588 Ἀλλ’
1793 538 1878 590 οἵα
1917 540 1950 607 ἡ

368 618 513 685 δόξα,
540 617 778 671 τοιοῦτον
801 617 1042 689 δηλονότι
1067 621 1162 673 καὶ
1189 621 1249 674 τὸ
1283 622 1642 694 ἀπαύγασμα,
1671 627 1765 679 καὶ
1787 621 1898 690 οἷος
1923 629 1952 679 6

367 710 673 783 χαρακτὴρ,
703 712 924 782 τοιαύτη
949 712 1169 777 πάντως
1195 715 1288 767 καὶ
1313 717 1346 785 ἡ
1384 716 1700 783 ὑπόστασις,
1723 718 1864 772 ὥστε
1902 722 1951 774 εί

367 802 524 857 τοῦτο
554 801 733 872 σῶμα,
771 803 906 874 μηδὲ
940 805 1115 857 ἐκεῖνο
1145 803 1362 868 πάντως
1385 806 1677 876 ἀσώματον
1719 807 1948 863 οἴεσθαι.

382 894 540 949 Ἀλλὰ
593 896 687 948 καὶ
727 894 820 948 τοῦ
870 896 1012 948 κατὰ
1057 895 1295 949 Νίκαιαν
1344 896 1618 967 μέμνηται
1659 899 1947 969 δόγματος,

368 990 426 1042 ὲν
454 981 498 1056 ᾧ
526 988 586 1040 τὸ
611 987 894 1057 ὁμοούσιον
927 989 960 1057 ἡ
994 987 1146 1058 κοινὴ
1191 987 1298 1041 τῶν
1353 988 1613 1060 Πατέρων
1641 987 1950 1062 ὲξεφώνησε

370 1071 620 1138 σύνοδος(
646 1079 760 1132 Οὐκ
788 1079 854 1132 ἀν
900 1079 958 1132 δέ
1005 1096 1087 1142 τις
1134 1079 1275 1132 εῐποι
1307 1098 1360 1133 τι
1394 1081 1729 1152 ἐτερογενὲς,
1760 1083 1952 1152 ὀμοού-

371 1186 514 1222 σιονο
550 1168 661 1221 ἀλλ’
691 1162 763 1223 ὧν
792 1164 872 1232 εἷς
901 1167 993 1223 καὶ
1021 1172 1049 1224 6
1082 1171 1242 1232 αὐτός
1269 1173 1384 1224 ἐστι
1412 1172 1509 1243 τῆς
1548 1173 1736 1237 οὐσίας
1772 1173 1948 1242 λόγος,

368 1259 576 1323 τούτοις
609 1261 904 1331 ἐφαρμόζει
935 1263 1150 1325 πάντως
1182 1261 1242 1314 τὸ
1268 1263 1571 1332 ὁξιοούσιον.
1604 1265 1666 1317 Ei
1696 1259 1788 1318 οὖν
1820 1267 1951 1336 σάρ-

369 1366 516 1412 κινος
549 1348 680 1411 Θεὸς
723 1350 751 1400 ὁ
790 1350 935 1413 Υἱὸς,
989 1350 1120 1403 αὐτὸ
1162 1351 1296 1424 ὅπερ
1349 1353 1464 1405 ἐστὶ
1495 1355 1561 1424 τῇ
1610 1352 1768 1422 φύσει
1815 1355 1949 1424 σὰρξ

367 1439 443 1492 ὢν
473 1440 611 1493 κατά
642 1440 701 1493 τὸ
728 1440 1046 1510 προαιώνιον
1081 1441 1248 1512 ὄνομα
1286 1442 1398 1512 (55)
1421 1461 1433 1473 °
1462 1437 1745 1514 ὀμοούσιος
1783 1445 1840 1497 δὲ
1873 1445 1950 1516 τῷ

367 1528 544 1598 Πατρὶ
590 1529 685 1581 καὶ
733 1529 864 1600 παρ’
912 1530 1076 1582 αὐτοῦ
1107 1529 1199 1582 τοῦ
1240 1530 1580 1602 λογογράφου
1627 1534 1729 1586 οὐκ
1781 1535 1949 1603 ἀμφι-

366 1619 619 1672 ϐάλλεται
668 1621 803 1689 (56).
845 1621 1056 1674 Ἐκεῖνα
1092 1621 1146 1674 δὲ
1190 1621 1435 1692 ἀλλήλοις
1479 1626 1625 1679 ἐστὶν
1655 1627 1934 1696 ὀμοούσια,

365 1709 434 1764 τὰ
479 1711 557 1779 τῷ
601 1710 750 1780 αὐτῷ
796 1711 937 1780 λόγῳ
963 1701 1060 1782 τῆς
1102 1713 1287 1776 οὐσίας
1319 1714 1762 1786 ὐπογραιρόμενα.
1804 1721 1944 1790 Ἄρα

367 1801 462 1855 καὶ⁵
486 1801 582 1873 τὴν
610 1801 702 1856 τοῦ
728 1802 938 1874 Πατρὸς
960 1803 1139 1872 φύσιν,
1166 1803 1511 1874 ἀνθρωπίνην
1535 1806 1656 1859 τινὰ
1695 1810 1788 1861 καὶ
1817 1825 1944 1881 σαρ-
1975 1791 2016 1844 Β

368 1892 527 1962 κικὴν
564 1893 1010 1966 ὐβΑπολινάριος
1050 1895 1382 1961 ὑποτίθεται,
1410 1897 1497 1950 ἵνα
1537 1896 1684 1968 σώσῃ
1721 1899 1807 1951 ἐπ’
1835 1901 1942 1970 ἀμ-

365 1984 608 2054 φοτέρων
635 1982 728 2035 τοῦ
764 1984 1048 2052 ὀμοουσίου
1086 1985 1145 2038 τὸ
1179 1984 1368 2056 ὄνομα,
1398 1987 1473 2050 ὡς
1519 1991 1630 2041 τοῖν
1668 1989 1808 2043 δυοῖν
1843 1990 1938 2044 θά⁶

363 2093 520 2146 τερον
557 2075 690 2145 (57),
718 2074 750 2146 ἢ
779 2075 1068 2146 ἀσώματον
1093 2077 1185 2130 τὸν
1214 2077 1430 2148 Πατέρα
1462 2079 1656 2148 λέγων,
1682 2080 1942 2152 σαρκίνην

363 2165 421 2216 δὲ
448 2163 541 2217 τοῦ
574 2164 703 2217 Υἱοῦ
733 2164 842 2234 ('58)
869 2166 964 2237 τὴν
989 2165 1236 2237 θεότητα,
1275 2167 1352 2238 τῷ
1389 2169 1711 2239 ὲτεροουσίῳ
1746 2171 1944 2242 συνθή-

367 2273 550 2311 σεται·
585 2257 618 2326 ἢ
657 2257 716 2309 τὺ
746 2257 922 2310 κοινὸν
965 2258 1062 2327 τῆς
1109 2258 1358 2328 θεότητός
1401 2278 1459 2312 τε
1493 2261 1716 2332 καὶτῆς
1760 2262 1943 2327 οὐσίας

363 2348 644 2418 ὁμολογῶν
677 2350 873 2417 ὁμοίως
905 2350 996 2403 ἐπὶ
1029 2351 1237 2420 Πατρός
1280 2369 1340 2404 τε
1373 2353 1466 2404 καὶ
1501 2352 1652 2418 Υίοῦ,
1697 2355 1944 2425 ἀποσαρ-

367 2438 534 2492 κώσει
568 2440 659 2492 καὶ
683 2439 775 2492 ἐπὶ
805 2441 1016 2511 Πατρὸς
1041 2441 1140 2512 τὴν
1171 2442 1267 2512 τῆς
1297 2442 1547 2514 θεότητος
1577 2444 1759 2513 φύσιν.
1806 2445 1943 2499 Ἀλλ’

367 2530 557 2601 ὥσπερ
597 2529 978 2602 διορθούμενος
1025 2533 1122 2603 τὴν
1171 2535 1399 2588 ἀτοπίαν
1445 2536 1667 2606 ταύτην,
1723 2540 1784 2591 ὲν
1833 2540 1946 2601 τοῖς

369 2624 475 2693 πρὸ
505 2624 690 2676 τούτου
735 2626 890 2696 φησὶ,
935 2625 1028 2679 τοῦ
1067 2627 1337 2698 Ζαχαρίου
1368 2628 1468 2700 τὴν
1516 2629 1672 2700 ρἧιν
1701 2630 1838 2700 πρὸς
1882 2630 1944 2682 τὸ

366 2715 562 2770 δοκοῦν
622 2716 957 2788 ἑρμηνεύων,
1005 2717 1080 2782 ὡς
1134 2720 1199 2771 ἐκ
1247 2719 1538 2790 προσώπου
1590 2721 1684 2774 τοῦ
1733 2721 1944 2792 Πατρὸς

369 2807 629 2878 περὶτοῦ
676 2809 805 2862 Υἱοῦ
855 2809 1024 2879 λέγων
1074 2810 1326 2879 εἰρῆσθαι
1378 2812 1439 2864 τὸ
1475 2812 1770 2884 σύμφυλον,
1808 2815 1944 2885 ὅπερ

366 2899 486 2952 ἐστὶ
516 2900 733 2972 συμφυῆ
763 2917 821 2953 τε
854 2901 948 2954 καὶ
976 2899 1289 2972 ὁμοούσιον’
1339 2903 1387 2954 εί
1419 2903 1516 2974 μὲν
1556 2899 1647 2956 οὖν
1679 2904 1873 2974 ὀρθῶς,
1906 2905 1940 2977 ἢ

370 2987 448 3059 μὴ
484 2988 641 3042 τοῦτο
689 2990 1007 3060 ὑπείληφεν,
1042 2991 1230 3062 ἐτέρου
1272 2991 1451 3059 λόγου,
1482 2993 1548 3045 Ὅ
1587 2993 1632 3045 δ’
1661 2988 1753 3046 οὖν
1779 3011 1943 3048 κατα-

2053 541 2432 609 resplendere;
2470 537 2566 594 sed
2613 536 2793 608 qualis
2819 543 2902 591 est
2949 535 3147 605 gloria,
3191 535 3317 588 talis
3367 535 3622 590 nimirum

2052 640 2106 687 et
2143 632 2405 702 splendor
2447 630 2589 700 ejus,
2635 640 2690 685 et
2732 628 2911 699 qualis
2956 628 3148 698 ﬁgura,
3195 627 3320 681 talis
3353 627 3537 697 utique
3569 634 3624 683 et

2053 722 2390 789 substantia;
2434 736 2605 792 quare
2652 719 2700 775 si
2765 734 2969 788 corpus
3020 725 3105 773 est
3155 719 3280 780 boc,
3336 733 3438 772 nec
3489 719 3623 774 illud

2051 811 2272 882 quidem
2325 811 2437 866 ullo
2483 817 2646 882 pacto
2693 808 3078 878 incorporeum
3132 804 3468 860 censendum
3517 815 3621 862 est.

2054 903 2162 959 Sed
2202 911 2257 960 et
2298 903 2422 959 lidei
2474 902 2620 972 apud
2649 901 2886 957 Nicaeam
2930 899 3259 969 conscriptae
3290 897 3622 952 mentionem

2053 995 2213 1060 facit,
2259 994 2316 1049 in
2370 1007 2480 1064 qua
2530 991 2840 1048 communis
2898 990 3120 1045 Patrum
3175 995 3475 1044 conventus
3525 988 3624 1043 ho-

2051 1083 2304 1141 mousion
2355 1096 2552 1153 magna
2595 1095 2732 1135 voce
2759 1080 3052 1137 confessus
3079 1086 3184 1134 est.
3235 1077 3406 1133 Nemo
3440 1083 3623 1131 autem

2050 1174 2198 1244 quod
2247 1173 2448 1228 diversi
2497 1172 2711 1244 generis
2770 1181 2856 1227 est
2908 1171 3235 1226 homousion
3277 1178 3331 1224 et
3379 1168 3623 1223 consub-

2052 1267 2305 1323 stantiale
2359 1265 2695 1336 appellavit;
2753 1265 2848 1319 sed
2903 1265 3104 1335 quibus
3161 1278 3268 1317 una
3321 1263 3626 1332 eademque

2051 1357 2374 1416 substantiae
2424 1357 2564 1410 ratio
2608 1364 2713 1423 est,
2754 1357 2823 1412 iis
2873 1371 3102 1426 prorsus
3139 1355 3625 1410 cunsubstantialis

2051 1467 2250 1507 nomen
2287 1449 2564 1506 convenit.
2596 1447 2652 1502 Si
2683 1448 2851 1518 igitur
2883 1455 3106 1501 carnem
3139 1444 3347 1500 habens
3377 1445 3520 1499 Deus
3539 1454 3626 1499 est

2049 1541 2241 1605 Filius,
2282 1541 2445 1610 idque
2488 1541 2666 1610 ipsum
2719 1537 2939 1607 propria
2999 1536 3084 1591 sui
3136 1543 3331 1589 natura
3383 1535 3621 1596 exsistit,

2050 1637 2236 1699 utpote
2285 1629 2378 1698 qui
2429 1643 2560 1682 caro
2610 1626 2775 1680 fuerit
2804 1626 2958 1694 juxta
3011 1640 3206 1680 nomen
3238 1623 3383 1694 quod
3413 1625 3513 1693 ipsi
3555 1616 3653 1677 abi

2048 1728 2253 1776 aeterno
2273 1720 2563 1790 competit;
2587 1716 3112 1772 consubstantialem
3139 1723 3318 1769 autem
3338 1729 3460 1769 esse
3475 1713 3620 1766 Patri

2044 1828 2145 1867 nec
2180 1811 2518 1880 Apollinaris
2574 1810 2690 1880 ipse
2721 1809 2972 1873 dubitat;
3001 1808 3091 1861 illa
3139 1817 3318 1860 autem
3372 1806 3514 1859 inter
3563 1820 3624 1859 se

2043 1902 2539 1958 consubstantialia
2570 1908 2701 1956 sunt
2740 1915 2861 1970 quae
2901 1915 3008 1953 una
3033 1897 3336 1967 eademque
3365 1896 3623 1968 substan-

2043 1995 2133 2050 tiae
2157 1993 2474 2048 definitione
2503 1992 2854 2048 declarantur
2882 2011 2895 2046 :
2928 2006 3058 2060 ergo
3103 1989 3400 2043 humanam
3433 2002 3620 2056 quam-

2045 2087 2168 2142 dam
2199 2097 2253 2140 et.
2278 2101 2531 2140 carneam
2561 2084 2740 2138 Patris
2775 2092 3027 2142 naturam
3075 2080 3412 2152 Apollinaris
3443 2081 3619 2148 ponit,

2045 2179 2180 2233 utin
2213 2187 2468 2246 utroque,
2494 2176 2653 2232 Patre
2687 2175 2939 2230 videlicet
2962 2182 3015 2229 et
3063 2173 3220 2236 Filio,
3251 2170 3618 2226 consubstan-

2046 2271 2194 2326 tialis
2240 2284 2438 2323 nomen
2492 2275 2712 2332 servet;
2757 2276 2928 2336 quare
2973 2280 3039 2320 ex
3087 2263 3304 2319 duobus
3365 2261 3619 2318 absurdis

2047 2361 2278 2415 alterum
2313 2367 2594 2429 sequetur,
2630 2359 2713 2414 vel
2749 2359 2894 2414 enim
2925 2357 3139 2412 Patrem
3183 2354 3405 2426 quidem
3438 2355 3621 2409 incor-

2045 2467 2291 2522 poreum,
2327 2450 2452 2505 Filii
2486 2466 2615 2506 vero
2661 2450 2998 2504 divinitatem
3043 2463 3307 2520 carneam'
3345 2460 3618 2506 asserens,

2045 2541 2114 2595 iis
2145 2540 2330 2610 utique
2357 2537 2804 2608 adstipulabitur,
2843 2537 2933 2606 qui
2958 2537 3189 2591 diversae
3223 2550 3252 2588 a
3298 2532 3458 2588 Patre
3489 2532 3624 2587 sub-

2047 2633 2263 2688 stantias
2304 2630 2506 2685 Filium
2549 2645 2672 2684 esse
2712 2630 2937 2695 dicunt;
2984 2629 3070 2682 ve!
3105 2629 3150 2683 si
3187 2627 3366 2680 Patris
3408 2640 3471 2680 ac
3495 2623 3621 2678 Filii

2045 2740 2211 2779 unam
2251 2723 2608 2793 eamdemque
2628 2737 2752 2776 esse
2793 2720 3134 2775 divinitatem
3167 2727 3330 2788 atque
3364 2716 3622 2772 substan-

2045 2815 2180 2868 tiam
2232 2813 2504 2876 fateatur,
2562 2827 2820 2867 carneam
2869 2825 3088 2880 quoque
3136 2810 3193 2864 in
3243 2808 3401 2862 Patre
3459 2806 3620 2862 faciet

2051 2900 2356 2956 divinitatis
2419 2909 2692 2955 naturam.
2766 2900 2871 2954 Sed
2931 2899 3165 2969 ineptias
3235 2899 3401 2953 hasce
3451 2898 3621 2952 veluti

2050 2993 2332 3063 corrigens
2366 2993 2641 3063 superius,
2679 2993 2769 3047 ubi
2801 2991 3078 3046 Zacharia:
3109 2990 3295 3055 verba,
3329 2997 3490 3060 prout
3517 2989 3621 3044 sibi

371 3081 643 3148 σκευάζει,
671 3080 828 3134 τοῦτό
871 3083 986 3135 ἐστι
1017 3097 1030 3111 '
1058 3082 1258 3151 Δηλοῖ,
1308 3084 1461 3154 φησὶ,
1496 3083 1593 3138 διὰ
1641 3085 1867 3139 τούτων
1911 3088 1945 3140 ό

2047 3080 2227 3136 visum
2272 3081 2396 3145 fuit,
2442 3081 2854 3152 interpretatur,
2905 3096 2970 3137 ex
3009 3096 3242 3151 persona
3332 3079 3510 3137 Patris
3543 3080 3620 3132 ait

368 3172 731 3240 προφητικὸς
759 3174 958 3243 λόγος,
987 3173 1076 3227 ὅτι
1097 3175 1169 3228 οὐ
1198 3175 1346 3229 κατὰ
1371 3152 1485 3244 τὴν
1509 3173 1707 3245 σάρκα
1733 3176 1945 3245 όμοού-

2050 3169 2118 3226 de
2154 3169 2294 3226 Filio
2331 3171 2538 3226 dictum
2593 3171 2764 3226 fuisse
2809 3171 3108 3242 σύμφυλον,
3145 3173 3288 3242 quod
3340 3173 3483 3250 idem
3539 3179 3626 3226 est

369 3281 504 3329 σιος
531 3264 610 3330 τῷ
638 3263 778 3330 Θεῷ,
801 3264 962 3320 ἀλλὰ
992 3266 1143 3320 κατὰ
1168 3269 1233 3320 τὸ
1263 3268 1517 3336 πνεῦμα,
1543 3267 1610 3321 τὸ
1633 3266 1947 3336 ἡνωμένον

367 3357 441 3424 τῇ
489 3357 689 3425 σαρκί.
741 3357 866 3420 Πῶς
895 3358 1075 3410 τοίνυν
1105 3356 1317 3411 ἑνοῦται
1367 3358 1530 3428 σαρκὶ
1577 3357 1683 3426 πρὸ
1723 3357 1822 3428 τῆς
1851 3357 1946 3410 τοῦ

369 3449 571 3518 κόσμου
623 3448 934 3512 συστάσεως
976 3449 1004 3500 6
1051 3448 1336 3520 σαρκώδης
1382 3448 1544 3503 αὐτοῦ
1594 3448 1762 3511 Θεός;
1817 3449 1946 3500 Ὅτε

369 3539 478 3611 γὰρ
512 3539 622 3610 (59)
668 3540 718 3592 oi
761 3539 954 3603 αἰῶνες
979 3540 1096 3610 οὐκ¹
1124 3535 1286 3610 ἦσαν,
1317 3539 1439 3592 οὐδὲ
1477 3538 1604 3594 ἄλλο
1630 3556 1684 3592 τι
1713 3537 1822 3591 τῶν
1850 3537 1947 3608 τῆς

369 3634 598 3696 κτίσεως
615 3628 704 3703 ἦν.
740 3633 804 3685 Ἦ
831 3632 888 3685 δὲ
919 3631 1056 3704 σὰρξ
1079 3631 1364 3685 πολλοστόν
1391 3648 1450 3684 τε
1479 3633 1572 3686 καὶ
1594 3630 1818 3700 ἔσχατον
1839 3628 1948 3682 τῶν

367 3727 427 3780 ὲν
445 3728 510 3796 τῇ
533 3725 706 3778 κτίσει
723 3724 1021 3793 γεγονότων
1044 3724 1180 3778 ὲστί.
1201 3723 1336 3794 Ποίᾳ
1359 3723 1536 3778 τοίνυν
1556 3721 1740 3792 ήνώθη
1763 3722 1945 3792 σαρκὶ,

372 3817 540 3886 μήπω
581 3817 679 3886 τῆς
710 3815 1054 3886 ἀνθρωπίνης
1085 3813 1297 3884 φύσεως
1331 3813 1702 3892 παρελθούσης
1738 3815 1818 3876 είς
1852 3814 1946 3882 γέ-

367 3924 548 3972 νεσιν;
589 3907 730 3960 Ἀλλ’
757 3905 946 3978 ὲτέραν
975 3907 1098 3961 τινὰ
1119 3903 1226 3960 οἶδε
1252 3907 1430 3976 σάρκα
1458 3906 1610 3977 παρά
1623 3905 1714 3960 τὸν
1741 3905 1949 3977 ἄνθρω-

369 4017 489 4053 πον.
512 4001 622 4053 Καὶ
643 4000 757 4063 πῶς
779 4016 965 4070 φησιν,
983 4000 1065 4052 ὅτι
1093 3999 1255 4062 αὐτὸς
1284 4000 1312 4052 6
1329 3997 1424 4052 ἄνθ
1432 4015 1634 4070 ρωπος,
1654 4000 1683 4051 ό
1709 3997 1949 4068 λαλήσας

369 4093 503 4162 ἡμῖν
530 4092 598 4144 τὰ
629 4089 722 4145 τοῦ
750 4091 980 4162 Πατρδς,
1020 4090 1226 4154 ἐκεῖνός
1255 4091 1369 4143 ἐστι
1395 4089 1529 4153 Θεὸς
1573 4088 1801 4160 ποιητὴς
1841 4087 1950 4141 τῶν

368 4183 618 4250 αἰώνων;
647 4183 742 4247 Τίς
771 4184 898 4254 ἡμῖν
929 4183 1252 4254 ἑρμηνεύσει
1275 4181 1382 4236 τῶν
1407 4181 1610 4235 καινῶν
1635 4180 1840 4233 τούτων
1867 4180 1950 4233 αί-

367 4273 651 4345 νιγμάτων
676 4272 773 4344 τὴν
805 4273 1066 4337 ἀτοπίαν;
1105 4270 1422 4341 Ἀνθρωπος
1448 4269 1555 4341 πρὸ
1582 4269 1677 4322 τοῦ
1699 4267 1951 4338 γενέσθαι

369 4365 676 4438 ἄνθρωπον,
704 4365 797 4418 καὶ
831 4364 970 4435 σὰρξ
998 4363 1096 4432 τῆς
1137 4362 1272 4424 ἰδίας
1295 4361 1652 4432 δημιουργίας
1689 4376 1948 4429 προγενε-

373 4461 558 4527 στέρα,
589 4457 685 4512 καὶ
733 4454 1057 4528 προαιώνιον
1089 4453 1150 4506 τὸ
1183 4455 1268 4506 ἐπ’
1299 4454 1542 4525 ἐσχάτων
1571 4453 1774 4525 χρόνων
1803 4451 1948 4521 γενό-

446 4661 558 4731 (54)
589 4658 688 4712 Hic
723 4659 778 4731 in
804 4657 966 4731 editis
997 4657 1139 4710 inter
1164 4653 1392 4731 Nysseni
1428 4669 1594 4731 opera
1614 4655 1811 4731 lacuna
1838 4665 1943 4720 est;

371 4723 626 4787 ibi'enim
658 4731 731 4782 ita
768 4728 982 4796 legitur,
1027 4723 1527 4796 χαρακτηρίζεσθαι
1580 4724 1676 4794 μὲν
1731 4724 1946 4795 σώματι

367 4802 432 4856 τὸ
463 4801 691 4870 ἀόρατον
719 4797 1152 4870 ἀπαυγάζεσθαι.

447 4863 560 4940 (δεῖ)
603 4871 814 4940 Ὄνομα
841 4863 928 4940 hic
962 4865 1134 4934 accipi
1166 4864 1382 4919 videtur
1421 4879 1518 4940 pro
1586 4863 1817 4933 ἰδίωμα,
1884 4872 1944 4940 ut

369 4935 514 4995 idem
572 4939 641 4994 sit
669 4935 956 4992 ac'divinae
1002 4945 1214 5004 naturae
1248 4935 1576 5004 proprietas,
1609 4949 1730 5003 qua:
1765 4935 1942 4987 nomi-

369 5027 440 5065 ne
495 5010 679 5078 aliquo
727 5008 1080 5078 designatur.
1114 5003 1262 5078 Sane
1317 5014 1834 5078 ut_rar_n_que_vocem
1886 5004 1942 5078 in

369 5095 484 5134 uno
512 5070 814 5146 eodemque
843 5070 1006 5132 sensu
1041 5076 1201 5130 simul
1226 5074 1412 5146 jungit
1435 5070 1752 5146 Titiiotlteus
1779 5072 1944 5146 Apol-

369 5151 622 5205 linarista
668 5142 845 5218 episc.
884 5146 1062 5216 Beryti
1111 5146 1166 5218 iu
1208 5142 1451 5218 Epistula
1480 5143 1565 5218 _ad
1612 5142 1939 5218 Homonilun

369 5221 559 5275 itidem
615 5213 785 5287 episc.
822 5213 1440 5287 Apollinaristamapud
1480 5213 1766 5287 Leontiiun
1809 5213 1938 5287 _By-

373 5283 664 5345 zantinuni
683 5288 736 5341 in
772 5283 911 5342 libro
965 5286 1232 5354 Adversus
1272 5283 1486 5354 fraudes
1518 5283 1938 5354 Apoltinarista-

371 5377 489 5412 rum
539 5369 672 5413 tom.
709 5356 771 5410 IV
803 5352 1166 5424 Antiq.Lect.i
1201 5351 1386 5410 Canis.
1425 5370 1547 5424 pag.
1569 5351 1676 5406 119
1702 5367 1764 5407 ex
1797 5351 1939 5406 Tur-

373 5429 518 5484 riani
566 5427 761 5482 Latina
794 5427 1088 5490 versione;
1132 5423 1318 5479 Graeca
1354 5423 1517 5477 enim,
1547 5424 1733 5477 videre
1782 5424 1939 5477 nobis

371 5516 480 5554 non
531 5499 705 5560 licuit,
752 5497 846 5552 ubi
906 5497 988 5551 sic
1041 5495 1238 5564 inquit,
1289 5493 1429 5564 Quia
1476 5494 1636 5564 igitur
1691 5501 1940 5564 naturam

370 5571 548 5623 carnis
587 5579 725 5622 recte
792 5566 1064 5634 confessus
1121 5563 1196 5634 es,
1230 5563 1380 5634 nobis
1413 5563 1541 5634 esse
1590 5563 1900 5634 homousion
1923 5603 1938 5623 ,

369 5639 520 5693 nullo
548 5647 721 5692 autem
748 5632 925 5700 modo,
945 5633 1355 5698 auvouou'bebat,
1397 5633 1449 5684 id
1477 5642 1572 5698 est,
1605 5649 1716 5685 esse
1743 5632 1941 5700 factam

370 5707 874 5763 consubstantialem
932 5705 1226 5766 divinitati,
1271 5703 1554 5772 scripsisti.
1617 5702 1705 5755 sed
1771 5702 1940 5754 solum

375 5779 620 5833 unionem
669 5776 977 5838 nominasti,
1011 5775 1186 5843 qualis
1229 5775 1295 5826 sit
1347 5773 1575 5828 hominis
1625 5772 1793 5825 sancti
1821 5788 1939 5825 cum

691 5869 966 5929 ΡΑτιιοι.
1008 5867 1122 5927 Gn.
1171 5867 1332 5927 XLV

2049 3274 2113 3313 ac
2168 3261 2584 3315 connaturalem
2637 3268 2802 3330 atque
2859 3261 3404 3316 consubstantialem.
3457 3261 3626 3316 Recte

2049 3348 2233 3420 itaque
2299 3363 2368 3404 an
2418 3363 2527 3404 non
2592 3349 2645 3402 id
2700 3348 2957 3418 Opinatus
3004 3347 3202 3412 fuerit,
3262 3349 3488 3403 alterius
3538 3356 3625 3403 est

2049 3441 2446 3511 inspectionis;
2501 3438 2648 3511 quod
2703 3447 2884 3494 autem
2921 3439 3205 3494 adstruere
3233 3447 3484 3503 conatur,
3517 3438 3620 3492 hoc

2047 3537 2154 3596 est,
2198 3527 2462 3594 Ostendit,
2504 3528 2704 3598 inquit,
2756 3528 2836 3581 Itis
2878 3527 3044 3582 rerbis
3085 3544 3254 3582 sermo
3294 3525 3624 3596 propheticus

2050 3637 2154 3674 non
2199 3620 2487 3674 secundum
2528 3637 2762 3684 carnem,
2794 3620 2884 3674 sed
2918 3620 3204 3674 secundum
3237 3619 3504 3688 spiritum,
3536 3617 3626 3686 qui

2049 3712 2199 3765 carni
2226 3714 2407 3766 unitas
2437 3711 2563 3781 fuit.
2595 3711 3099 3765 consubstantialem
3123 3728 3233 3766 esse
3257 3710 3461 3763 Filium
3492 3709 3619 3764 Deo.

2049 3803 2298 3869 Quonam
2324 3803 2488 3873 igitur
2510 3813 2670 3874 pacto
2697 3804 2936 3857 carnalis
2967 3804 3087 3873 ejus
3114 3803 3256 3858 Deus
3283 3813 3407 3857 ante
3438 3802 3625 3856 mundi

2051 3895 2500 3950 constitutionem
2541 3894 2694 3948 carni
2743 3894 2969 3948 unitur?
2997 3891 3130 3947 Nam
3177 3894 3395 3964 quando
3426 3894 3624 3948 saecula

2051 3999 2161 4040 non
2207 3991 2383 4050 erant,
2421 3997 2521 4038 nec
2586 3984 2694 4038 ulla
2738 3983 2904 4039 etiam
2947 3984 3051 4037 alia
3087 3990 3396 4038 creatarum
3433 3998 3621 4037 rerum

2051 4077 2319 4132 exstabat.
2345 4077 2508 4147 Atqui
2546 4090 2676 4129 caro
2709 4091 2896 4130 eorum
2927 4091 3048 4146 qua:
3083 4076 3136 4129 in
3181 4074 3459 4131 creatione
3483 4074 3626 4128 facta

2052 4176 2181 4224 sunt
2229 4169 2453 4222 minima
2508 4176 2673 4237 atque
2731 4180 3018 4237 postrema.
3066 4183 3194 4236 pars
3240 4175 3344 4223 est.
3396 4167 3624 4222 Cuiuam

2053 4261 2222 4330 igitur
2267 4260 2423 4314 carni
2475 4259 2629 4314 unita
2668 4257 2771 4312 fuit
2821 4259 3104 4321 divinitas,
3151 4257 3389 4311 humana
3434 4266 3626 4310 natura

2052 4351 2296 4406 nondum
2362 4365 2393 4405 e
2445 4350 2618 4404 nihilo
2659 4349 2902 4403 educta?
2951 4347 3058 4403 Sed
3112 4348 3273 4402 aliam
3333 4350 3624 4418 quamdam

2053 4456 2272 4497 carnem
2307 4451 2502 4512 praeter
2529 4439 2805 4495 hominem
2836 4439 2987 4495 novit
3009 4438 3358 4510 Apollinaris.
3395 4436 3461 4490 Et
3489 4452 3628 4507 quo-

2051 4653 2180 4721 Deo,
2230 4662 2331 4721 non
2373 4647 2443 4721 in
2480 4662 2641 4700 unam
2683 4646 2846 4699 vitam
2899 4643 3313 4721 et_hypostasim
3360 4641 3623 4721 copulati.

2046 4711 2211 4773 sed'a
2275 4716 2453 4771 divina
2501 4726 2694 4769 natura
2745 4711 3176 4782 separatifcum
3231 4722 3403 4765 tamen
3445 4711 3628 4764 beatus

2044 4791 2315 4858 episwpus
2369 4786 2622 4858 magister
2703 4781 2878 4858 uoster
2936 4781 3527 4858 Apollinariusdicat‘
3570 4784 3625 4834 in

2045 4851 2228 4912 variis'
2265 4851 2718 4922 librisfcurnem
2788 4851 3006 4908 Domini
3067 4854 3369 4907 communia
3438 4851 3627 4905 habere

2044 4931 2264 4984 nomina
2316 4937 2364 4981 et
2409 4928 2755 4996 proprietates
2836 4924 3011 4987 Verbi,
3072 4939 3284 4977 manere
3343 4927 3522 4976 autem
3567 4923 3626 4974 in

2042 5000 2236 5053 unione
2315 5013 2528 5050 carnem
2597 5011 2758 5064 neque
2843 5004 3139 5056 mutatam,
3199 5009 3291 5047 nec
3342 5009 3375 5045 a
3434 5004 3627 5064 natura

2040 5067 2258 5137 propria
2287 5067 2576 5121 alienatum
2599 5075 2648 5120 et
2674 5063 2914 5119 Verbum
2939 5067 3098 5118 etiam
3118 5065 3330 5117 nomina
3348 5063 3540 5137 _car_nis
3575 5069 3627 5112 et

2039 5133 2384 5208 proprietates
2408 5137 2607 5208 habere
2637 5137 2935 5208 contmunia
2956 5177 2968 5200 ,
3002 5150 3312 5201 manereque
3341 5133 3397 5184 in
3443 5133 3624 5208 incar-

2042 5198 2256 5262 natione
2297 5206 2522 5261 Verbum
2572 5216 2622 5260 et
2671 5206 2860 5268 Deum,
2911 5198 3073 5276 neque
3123 5198 3406 5263 mutatum,
3455 5214 3546 5251 nec
3571 5198 3627 5250 in

2039 5290 2287 5334 naturam
2328 5277 2558 5344 corporis
2587 5276 2934 5346 transfusum.

2112 5349 2224 5421 (56)
2252 5339 2780 5421 (ξονι-(λογογράφου
2811 5342 2950 5398 εἶναι
2979 5346 3077 5421 οὐκ
3103 5339 3521 5421 ἀμφιϐάλλεται,

2113 5404 2223 5490 (57)
2249 5419 2440 5488 Biceps
2508 5404 2620 5472 l'ioc'
2666 5404 2929 5490 adversus
2982 5404 3344 5490 Apollinarem
3396 5404 3625 5490 Nys'scni

2041 5473 2417 5559 argumentum
2461 5503 2634 5557 usque
2664 5487 2742 5559 _ad
2795 5485 2887 5559 illa
2927 5473 3112 5559 verba,
3159 5479 3409 5546 θεότητος
3445 5473 3625 5559 φύσιν,

2041 5549 2227 5615 laudat
2285 5549 2605 5627 Euthymiiis
2664 5553 2969 5627 Zigabenus
3006 5549 3084 5627 Ain
3131 5563 3272 5620 saepe
3325 5554 3627 5600 metum-ato

2046 5644 2170 5691 cap.
2210 5629 2278 5682 15
2315 5617 2588 5691 Ραηοριὶω
2616 5617 2754 5691 ι)εαῖ
2773 5620 2879 5691 5ᾷὸ
2909 5622 2965 5675 in
3000 5617 3127 5674 line.

2138 5698 2228 5762 58)
2273 5697 2430 5750 Corr.
2467 5688 2558 5747 διὰ
2579 5688 2860 5762 τοῦΥίοῦ.

2121 5761 2233 5836 Z59)
2276 5767 2430 5822 Corr.
2489 5763 2612 5819 add.
2654 5761 2782 5832 γὰρ.

3223 5849 3299 5907 37
