4018 6124
447 301 584 358 I263

1650 305 1710 363 S.
1755 307 2085 364 GREGURII
2125 308 2167 363 Ν
2181 308 2419 364 YSSENI

3564 306 3705 362 1164

436 421 599 478 modo
649 423 798 475 illum
831 423 1005 491 ipsum
1035 418 1309 475 hominem
1348 421 1438 490 qui
1472 422 1627 478 nobis
1668 439 1789 494 qua:
1828 423 2008 480 Patris

2128 444 2292 490 ιενον,
2337 426 2429 478 καὶ
2469 426 2566 477 ὅσα
2607 425 2740 478 ἄλλα
2774 422 2991 476 τοιαῦτα
3023 420 3162 475 κατὰ
3188 420 3278 473 τὸν
3308 420 3468 490 λόγον
3504 437 3710 490 συγκε-

438 525 564 566 sunt
627 512 841 566 locutus
906 521 1015 575 est,
1049 511 1215 564 Deum
1262 527 1384 567 esse
1441 515 1766 568 saeculorum
1812 517 2004 571 condi-

2114 516 2361 586 χυμένως
2399 515 2670 579 διέξεισιν.

435 615 608 659 torem
647 605 830 662 dicit?
874 607 1008 670 Quis
1058 606 1218 660 nobis
1271 623 1533 661 novorum
1588 610 1818 664 istorum
1865 612 2218 681 aenigmatum
2266 611 2504 680 ineptias
2559 609 2886 680 explicabit?
2949 606 3119 660 llomo
3188 617 3479 674 antequam
3541 605 3706 660 homo

439 694 614 756 tim-et,
656 703 710 747 et
757 710 886 750 caro
940 695 1024 750 sui
1068 695 1402 750 creationem
1451 699 1777 768 antiquitate
1826 699 2162 770 praecedens,
2198 711 2252 755 et
2299 701 2544 754 anterius
2577 699 2815 762 saeculis,
2894 699 3040 768 quod
3112 698 3166 750 in
3211 697 3423 751 ultimis
3489 705 3713 765 tempo-

436 795 589 844 ribus
625 792 823 842 factum
857 798 963 856 est,
988 799 1046 844 .et
1081 799 1347 859 quotquot
1376 793 1478 846 alia
1514 793 1599 848 his
1639 804 2011 850 consentanea
2051 795 2105 849 in
2154 810 2255 850 suo
2302 803 2537 848 tractatu
2577 794 2808 849 confuse
2838 794 3113 848 edisserit.

508 881 623 936 XX.
659 881 762 935 Sed
799 883 1034 951 scriptor
1062 894 1266 950 noster,
1302 895 1462 954 prout
1494 886 1596 940 sibi
1625 886 1798 942 visum
1831 886 2011 953 fuerit,

435 987 530 1039 per
584 988 803 1026 suarum
859 974 1336 1030 ratiocinationum
1397 977 1643 1033 salebras
1707 995 1807 1048 pro
1856 980 2014 1034 libitu

435 1068 684 1133 aberret;
719 1082 816 1142 nos
859 1075 1036 1122 autem
1083 1077 1369 1139 postquam
1407 1070 1760 1138 apostolicam
1809 1071 2014 1125 doctri-

436 1173 582 1219 nam,
625 1158 783 1227 cujus
825 1167 879 1212 et
918 1159 1032 1229 ipse
1079 1161 1344 1223 meminit,
1391 1161 1458 1214 ad
1508 1162 1702 1230 impias
1738 1160 1858 1230 ejus
1896 1163 2016 1232 opi-

431 1249 628 1304 niones
676 1248 1038 1305 confutandas
1089 1252 1144 1303 in
1198 1251 1434 1305 medium
1487 1251 1899 1317 adduxerimus,
1945 1252 2014 1305 ad

434 1338 568 1392 alias
591 1341 709 1407 ejus
749 1348 1015 1395 tractatus
1047 1348 1226 1410 partes
1261 1343 1696 1411 properabimus.
1752 1343 1856 1406 Qui
1895 1359 2014 1396 cum

444 1430 492 1483 in
519 1429 689 1495 forma
717 1430 894 1490 Dei,”
923 1433 1120 1502 inquit,
1156 1442 1307 1486 esset.
1340 1431 1458 1487 Non
1491 1434 1586 1496 ait,
1623 1448 1746 1488 cum
1784 1433 2014 1488 formam

435 1519 543 1573 Deo
578 1521 810 1576 similem
845 1524 1090 1587 haberet,
1122 1524 1268 1593 quod
1300 1523 1367 1579 de
1399 1541 1464 1579 eo
1508 1526 1601 1594 qui
1645 1527 1713 1580 ad
1758 1527 2012 1580 similitu-

433 1609 612 1663 dinem
652 1611 741 1665 Dei
771 1612 944 1666 factus
969 1625 1053 1668 est
1090 1613 1312 1678 dicitur,
1367 1615 1460 1668 sed
1501 1631 1623 1668 cum
1679 1617 1734 1670 in
1783 1617 1897 1685 ipsa
1923 1616 2016 1671 Dei

433 1700 606 1755 forma
637 1713 802 1767 esset,
835 1718 958 1756 nam
992 1705 1172 1758 omnia
1211 1719 1330 1774 qua:
1379 1704 1558 1760 Patris
1614 1715 1742 1760 sunt
1790 1706 1842 1758 in
1880 1703 2019 1758 Filio

431 1794 796 1861 reperiuntur.
829 1793 1015 1864 Itaque
1056 1803 1110 1847 et
1147 1803 1413 1850 mternum
1446 1805 1499 1850 et
1528 1797 1872 1866 quantitatis,
1904 1811 2019 1849 ma-

433 1886 581 1940 teria:
615 1888 970 1956 corporisque
1007 1895 1285 1957 expertem
1319 1903 1462 1952 esse,
1497 1897 1555 1941 ut
1590 1904 1683 1958 per
1715 1888 1898 1942 omnia
1930 1903 2024 1957 pa-

430 1985 597 2032 ternre
623 1978 805 2048 ﬁgurae
840 1979 1010 2033 forma
1041 1979 1096 2033 in
1132 1979 1269 2034 Filio
1301 1987 1570 2035 servetur.
1618 1979 1686 2032 Et
1716 1995 1833 2033 cum
1864 1989 2017 2053 esset,

432 2072 649 2140 inquit,
716 2073 935 2138 mqualis
1000 2070 1129 2126 Deo.
1190 2071 1428 2142 Ecquam
1503 2071 1860 2126 differentiam
1914 2070 2018 2125 'vel

431 2165 854 2233 discrepantiam
897 2165 1038 2218 inter
1091 2163 1300 2215 Patrem
1339 2162 1650 2232 Filiumque
1683 2178 1782 2218 nos
1822 2162 2022 2216 intelli-

431 2271 558 2326 gere
583 2255 713 2310 sinit
743 2253 1070 2322 aequalitas?
1119 2252 1234 2317 Qua
1287 2253 1495 2307 ratione
1535 2254 1698 2307 etiam
1732 2253 1894 2308 rebus
1932 2270 2020 2308 se~

429 2346 668 2400 cundum
699 2354 952 2398 naturam
995 2345 1135 2398 inter
1162 2359 1220 2398 se
1251 2342 1700 2412 discrepantibus
1729 2347 2020 2414 mqualitas

429 2438 725 2491 convenire
774 2436 1008 2505 poterit?
1045 2434 1100 2488 Si
1155 2435 1301 2490 enim
1356 2435 1494 2489 alter
1541 2435 1763 2503 quidem
1822 2445 2021 2489 natura

430 2542 661 2582 carm-us
693 2535 797 2592 est,
844 2525 982 2580 aiter
1028 2541 1158 2580 vero
1187 2528 1372 2580 carnis
1396 2541 1614 2596 expers,
1667 2527 1940 2595 quomodo
1969 2527 2020 2580 id

432 2618 575 2686 quod
613 2619 719 2671 tale
756 2627 840 2671 est
870 2619 916 2670 ei
949 2619 1092 2687 quod
1122 2617 1227 2671 tale
1251 2632 1361 2670 non
1389 2618 1700 2687 estzequale
1729 2619 2018 2687 quisquam

433 2707 632 2761 faciet?
667 2706 970 2762 Exinanivit
995 2749 1008 2773 ,
1043 2709 1240 2778 inquit,
1269 2710 1605 2776 semetipsum
1630 2708 1858 2775 formam
1886 2711 2019 2762 servi

433 2796 714 2863 accipiens.
748 2795 1003 2862 Quaenam
1040 2805 1124 2852 est
1144 2798 1285 2852 servi
1319 2797 1532 2851 lorma?
1554 2796 1766 2866 Corpus
1799 2797 2018 2866 utique;

431 2901 609 2955 neque
637 2887 779 2941 enim
823 2888 970 2942 aliud
997 2889 1293 2958 quidquam
1332 2896 1525 2958 praeter
1554 2888 1655 2941 hoc
1680 2901 1797 2942 eam
1842 2903 1963 2943 esse
1991 2905 2019 2942 a

433 2977 684 3034 Patribus
716 2982 1047 3048 accepimus.
1089 2979 1229 3050 Ergo
1259 2981 1348 3049 qui
1382 2977 1578 3033 Filium
1613 2981 1756 3034 servi
1788 2983 2018 3034 fui'iuam

2201 889 2339 940 Ἀλλ’
2369 891 2396 941 ὁ
2429 888 2528 957 μὲν
2555 887 2891 958 λογογράφος
2910 885 3050 939 κατὰ
3071 884 3130 937 τὸ
3155 883 3345 938 δοκῶν
3365 885 3422 937 ἐν
3445 888 3566 948 ταῖς
3593 887 3709 937 τῶν

2119 979 2393 1049 λογισμῶν
2424 979 2659 1042 ἀνοδίαις
2685 977 3067 1032 διαπλανάσθω
3094 994 3106 1004 ·
3151 978 3313 1045 ἡμεῖς
3343 976 3399 1028 δὲ
3431 977 3534 1046 τὴν
3568 977 3706 1028 ἀπο⁹

2121 1069 2370 1141 στολικὴν
2420 1068 2786 1133 διδασκαλίαν,
2833 1066 2932 1136 τὴν
2967 1068 3094 1134 παρ’
3135 1065 3300 1116 αὑτοῦ
3335 1065 3529 1117 τούτου
3567 1075 3706 1134 μνη-

2123 1160 2471 1231 μονευθείσαν
2497 1199 2512 1224 ,
2555 1161 2632 1223 είς
2685 1159 2906 1228 ἔλεγχον
2955 1158 3065 1210 τῶν
3109 1156 3323 1209 ἀσεϐῶν
3374 1157 3705 1228 ὑπολήψεων

2123 1253 2462 1324 παραθέντες
2485 1294 2500 1317 ,
2531 1252 2668 1323 πρὸς
2715 1251 2783 1305 τά
2818 1251 2946 1318 ἑξῆς
2980 1250 3074 1302 τοῦ
3123 1249 3281 1316 λόγου
3315 1249 3701 1320 δραμούμεθα.

2127 1348 2231 1410 Ὃς
2267 1345 2337 1398 ἐν
2375 1343 2574 1413 μορφῇ
2621 1342 2789 1406 Θεοῦ,
2837 1342 3023 1412 φησὶν,
3070 1339 3379 1410 ὑπάρχων.
3419 1343 3538 1394 Οὐκ
3558 1337 3703 1400 εἷπε,

2126 1435 2337 1505 μορφὴν
2368 1436 2504 1505 ἔχων
2535 1435 2725 1504 ὁμοίαν
2758 1433 2912 1495 Θεοῦ,
2942 1434 3078 1503 ὅπερ
3111 1434 3203 1484 ἐπὶ
3233 1431 3329 1484 τοῦ
3365 1433 3490 1485 καθ’
3512 1434 3707 1502 ὁμοίω-

2128 1543 2211 1579 σιν
2249 1525 2384 1578 Θεοῦ
2426 1524 2707 1592 γεγονότος
2739 1522 2977 1590 λέγεται,
3017 1521 3130 1574 ἀλλ’
3175 1523 3233 1573 ὲν
3267 1522 3406 1591 αὐτῇ
3441 1523 3706 1590 ὑπάρχων

2123 1619 2216 1671 τοῦ
2253 1617 2385 1670 Θεοῦ
2420 1619 2483 1687 τῇ
2520 1618 2732 1686 μορφῇο
2771 1616 2952 1668 πάντα
2992 1613 3101 1684 γὰρ
3145 1614 3213 1666 τὰ
3253 1615 3348 1667 τοῦ
3393 1615 3611 1684 Πατρδς
3647 1617 3706 1665 ἐν

2123 1711 2199 1780 τῷ
2233 1709 2363 1780 Υίῷ.
2400 1709 2606 1762 Οὐκοῦν
2640 1707 2812 1760 καὶτὸ
2845 1707 3034 1771 ἀΐδιον,
3071 1706 3167 1758 καὶ
3193 1705 3252 1758 τὸ
3277 1706 3503 1769 ἄποαον,
3530 1706 3623 1757 καὶ
3646 1704 3706 1756 es

2123 1802 2304 1866 ἅῦλον,
2339 1802 2432 1854 καὶ
2463 1801 2772 1871 ἀσώματον,
2799 1799 2875 1861 ὡς
2905 1797 2970 1852 ἂν
2989 1797 3078 1850 διὰ
3104 1797 3323 1851 πάντων
3351 1795 3581 1859 σώζοιτο
3609 1795 3707 1848 τοῦ

2124 1892 2388 1964 πατρικοῦ
2413 1891 2763 1964 χαρακτῆρος
2790 1891 2847 1942 ἐν
2884 1888 2962 1958 τῷ
2990 1887 3107 1957 Υίῷ
3147 1889 3179 1958 ἡ
3228 1888 3410 1958 μορφή
3440 1903 3453 1914 ·
3488 1886 3591 1940 καὶ
3621 1885 3711 1939 ὢν

2123 1977 2228 2035 ἶσα
2259 1980 2380 2045 Θεῷ
2400 1998 2411 2010 ·
2450 1980 2610 2034 ποίαν
2639 1982 2673 2049 ἡ
2706 1978 2887 2048 ἰσότης
2913 1978 3174 2048 διαφορᾶς
3213 1992 3393 2040 τινος,
3433 1976 3466 2046 ἢ
3500 1977 3711 2048 παραλ-

2122 2072 2293 2142 λαγῆς
2326 2072 2533 2124 ἔννοιαν
2572 2069 2921 2123 ὑπολείπεται
2948 2085 2962 2132 ;
2992 2068 3115 2131 Πῶς
3152 2067 3194 2120 δ’
3233 2067 3300 2120 ἂν
3329 2068 3708 2138 ἐφαρμοσθείη

2123 2167 2234 2227 τοῖς
2259 2162 2400 2216 κατά
2423 2163 2520 2232 τὴν
2556 2161 2715 2229 φύσιν
2742 2159 3218 2230 παρηλλαγμένοις
3249 2159 3310 2212 τὸ
3330 2155 3448 2211 ἶσον
3472 2176 3486 2222 ;
3512 2161 3577 2213 Εἰ
3598 2161 3712 2229 γὰρ

2122 2257 2150 2308 ὁ
2185 2255 2282 2324 μὲν
2313 2253 2596 2324 σαρκώδης
2614 2252 2712 2322 τὴν
2743 2251 2923 2321 φύσιν,
2959 2253 2986 2303 ὁ
3011 2251 3067 2304 δὲ
3095 2249 3416 2322 καθαρεύων
3442 2252 3551 2304 ἀπὸ
3576 2269 3714 2322 σαρ-

2122 2347 2243 2418 κὸς,
2290 2345 2407 2408 πῶς
2441 2346 2506 2398 ἄν
2543 2363 2626 2407 τις
2674 2346 2753 2407 είς
2798 2340 2914 2396 ἴσον
2945 2342 3067 2411 ἄγοι
3109 2342 3170 2395 τὸ
3219 2343 3464 2396 τοιοῦτον
3510 2343 3593 2413 τῷ
3629 2344 3714 2415 μὴ

2121 2437 2379 2508 τοιούτῳ;
2416 2437 2745 2491 Ἐκένωσεν
2760 2437 2996 2500 ἑαυτὸν,
3033 2436 3186 2506 φησι,
3209 2437 3452 2505 μορφὴν
3475 2437 3716 2490 δούλου

2122 2529 2338 2583 λαϐὼν.
2382 2528 2477 2591 Τίς
2501 2531 2534 2598 ἡ
2567 2528 2782 2598 δουλικὴ
2814 2529 2992 2598 μορφή
3026 2545 3039 2592 ;
3069 2529 3292 2591 Πάντως
3320 2529 3381 2581 τὸ
3416 2529 3608 2599 σῶμα·
3644 2531 3713 2581 ού

2123 2623 2228 2692 γὰρ
2249 2622 2433 2692 ἕτερόν
2456 2639 2506 2674 τι
2539 2621 2690 2691 παρά
2718 2621 2908 2674 τούτου
2939 2622 3085 2691 παρά
3113 2621 3221 2674 τῶν
3252 2621 3513 2692 Πατέρων
3534 2621 3714 2690 ἠκού-

2124 2730 2314 2782 σαμεν.
2352 2712 2559 2764 Οὐκοῦν
2592 2715 2620 2765 ὁ
2667 2712 2854 2777 είπὼν,
2887 2713 2967 2766 ὅτι
3013 2713 3230 2784 μορφὴν
3263 2713 3425 2766 ἔλαϐε
3466 2713 3662 2766 δούλου
3693 2757 3709 2778 ,

2124 2802 2259 2873 σὰρξ
2285 2804 2341 2856 δέ
2373 2804 2519 2856 ἐστιν
2549 2805 2582 2873 ή
2615 2804 2814 2874 μορφὴ,
2843 2804 2970 2858 ἀλλο
2998 2822 3050 2856 τι
3085 2805 3213 2857 ὄντα
3238 2804 3397 2858 αὐτὸν
3431 2805 3575 2858 κατὰ
3604 2805 3716 2875 τὴν

2123 2893 2271 2947 θείαν
2306 2895 2537 2965 μορφὴν,
2572 2895 2698 2948 ἄλλο
2725 2910 2778 2944 τι
2809 2889 2974 2946 οὖσαν
3017 2897 3083 2965 τῇ
3123 2895 3282 2963 φύσει
3316 2897 3416 2965 τὴν
3447 2895 3716 2965 δουλικὴν

2126 2986 2334 3056 μορφὴν
2362 2987 2639 3056 εἰληφέναι
2671 2986 2835 3054 λέγει.
2872 2987 3032 3040 Ἀλλὰ
3063 2989 3155 3040 καὶ
3185 2988 3217 3058 ἡ
3242 2987 3336 3040 τοῦ
3372 2987 3718 3043 Ἑκένωσεν

433 3072 709 3139 accepisse
753 3071 906 3134 dicit,
959 3086 1080 3140 quae
1134 3072 1351 3140 quidem
1390 3070 1562 3125 forma
1595 3072 1666 3125 sit
1694 3073 1810 3140 ipsa
1861 3084 2011 3134 caro,

2128 3079 2260 3144 λέξις
2291 3079 2476 3148 σαφῶς
2509 3079 2804 3148 παρίστησι
2837 3079 2902 3131 τὸ
2947 3079 3022 3148 μὴ
3054 3080 3139 3132 ἀεὶ
3168 3079 3325 3133 τοῦτο
3347 3075 3510 3143 εἶναι,
3566 3081 3718 3151 ὅπερ

433 3162 522 3215 ille
567 3161 810 3235 profecto
856 3162 1019 3216 etiam
1070 3163 1268 3216 asserit
1314 3175 1460 3225 eum,
1517 3176 1640 3215 cum
1689 3161 1835 3215 aliud
1891 3162 2022 3232 quid

431 3266 575 3310 esset
627 3255 808 3308 divina
844 3255 1036 3319 forma,
1086 3255 1338 3310 servilem
1388 3255 1642 3318 formam,
1675 3269 1797 3325 qua:
1833 3255 2021 3309 itidem

432 3355 622 3400 natura
661 3346 808 3401 aliud
842 3346 1140 3417 quidquam
1177 3344 1271 3400 Dei
1307 3345 1481 3402 forma
1513 3347 1603 3410 sit,
1635 3345 2018 3414 assumpsisse.

431 3443 537 3499 Sed
567 3453 620 3498 et
648 3445 871 3500 verbum
906 3444 1212 3500 Exinanivit
1244 3445 1392 3499 clare
1421 3444 1660 3498 ostendit
1698 3445 1879 3513 ipsum
1913 3460 2022 3498 non

431 3534 484 3587 id
513 3550 726 3602 semper
758 3534 925 3590 fuisse
959 3533 1104 3603 quod
1140 3533 1298 3586 nobis
1332 3533 1605 3601 apparuit,
1631 3535 1723 3588 sed
1756 3548 1878 3589 esse
1905 3537 2025 3605 qui-

431 3625 551 3678 dem
583 3627 633 3677 in
661 3626 962 3679 divinitatis
991 3625 1326 3694 plenitudine
1342 3625 1604 3694 aequalem
1631 3624 1758 3690 Deo,
1794 3637 1845 3681 et
1875 3627 2024 3680 omni

431 3729 656 3784 prorsus
744 3725 1013 3770 creaturae
1082 3716 1426 3772 inaccessum
1494 3717 1776 3788 multoque
1841 3718 2022 3773 minus

435 3810 582 3864 brevi
617 3818 669 3864 et
704 3821 935 3881 angusto
973 3812 1223 3866 humana:
1267 3821 1473 3873 naturae
1512 3812 1718 3868 ambitu
1770 3827 2022 3882 compre-

434 3904 695 3969 hensum;
729 3912 858 3958 tunc
892 3913 1075 3958 autem
1113 3920 1142 3957 a
1185 3904 1328 3959 ﬂuxa
1376 3905 1665 3977 fragilique
1707 3907 1890 3961 carnis
1927 3921 2023 3959 na-

433 4005 553 4048 tura
591 3997 1066 4065 circumscriptum
1095 3997 1283 4064 fuisse,
1318 4014 1464 4065 cum,
1502 4008 1560 4053 ut
1589 4000 1882 4069 Apostolus
1925 4004 2018 4067 ait,

434 4083 758 4143 inell‘abilem
806 4089 1106 4143 divinitatis
1135 4105 1247 4144 suae
1290 4091 1515 4160 gloriam
1550 4093 1849 4146 exinanivit
1876 4103 1928 4148 et
1955 4095 2022 4148 ad

435 4189 636 4234 nostra:
699 4189 910 4234 naturae
959 4181 1240 4233 modulum
1290 4180 1584 4242 imminuit,
1643 4182 1715 4235 ita
1770 4192 1827 4235 ut
1878 4185 2022 4252 quod

432 4270 648 4338 quidem
674 4286 768 4340 per
785 4286 842 4324 se
860 4279 997 4333 erat,
1023 4285 1278 4342 magnum
1308 4278 1474 4332 esset,
1503 4278 1664 4341 atque
1695 4272 2019 4342 perfectum,

431 4369 483 4416 et
503 4363 1051 4432 incomprehensibile
1072 4381 1083 4427 ;
1106 4364 1249 4432 quod
1267 4371 1444 4417 autem
1469 4371 1786 4433 assumpsxt,
1813 4373 2022 4418 naturae

2126 3173 2256 3242 ἡμῖν
2294 3169 2485 3241 ὤφθη,
2527 3170 2642 3222 ἀλλ’
2688 3168 2828 3224 εἶναι
2867 3172 2964 3241 μὲν
2999 3173 3058 3224 ὲν
3103 3171 3181 3241 τῷ
3233 3171 3562 3244 πληρώματι
3605 3175 3720 3244 τῆς

2126 3261 2375 3331 θεότητος
2407 3257 2500 3314 ἴσα
2543 3261 2660 3331 Θεῷ
2684 3303 2699 3327 ,
2732 3263 3027 3334 ἀπρόσιτον
3049 3304 3065 3328 ,
3109 3265 3201 3317 καί
3234 3264 3716 3332 ἀπροσπέλαστον,

2127 3354 2219 3406 καὶ
2249 3353 2489 3425 μάλιστά.
2504 3371 2565 3422 γε
2600 3357 2664 3424 τῇ
2709 3355 3006 3426 βραχύτητι
3036 3359 3137 3427 τῆς
3160 3356 3513 3426 ἀνθρωπίνης
3557 3360 3717 3411 οὐδε-

2126 3447 2272 3508 νείας
2315 3446 2631 3516 ἀχώρηστον
2672 3447 2806 3516 (40)⁶
2844 3448 3087 3518 χωρητὸν
3120 3448 3177 3500 δὲ
3217 3451 3283 3518 τῇ
3326 3450 3578 3520 ὲπικὴρῳ
3609 3451 3718 3520 τῆς

2130 3538 2329 3604 σαρκὸς
2370 3537 2531 3604 φύσει
2577 3538 2700 3590 τότε
2740 3539 3054 3609 γενόμενον,
3097 3540 3185 3593 ὅτε
3216 3540 3489 3604 ἐκένωσε,
3520 3541 3718 3604 καθώς

2127 3645 2289 3699 φησιν
2317 3630 2345 3680 ὁ
2389 3628 2726 3692 Ἀπόστολος,
2758 3628 2856 3698 τὴν
2885 3629 3160 3699 ἄφραστον
3191 3630 3355 3684 αὑτοῦ
3388 3632 3486 3701 τῆς
3515 3633 3717 3703 θεότη-

2126 3736 2214 3782 τος
2237 3719 2393 3784 δόξαν
2417 3720 2509 3771 καὶ
2535 3721 2598 3789 τῇ
2629 3718 2927 3789 βραχύτητι
2949 3720 3104 3789 ἡμῶν
3132 3722 3714 3792 συγκατεσμίκρυνεν,

2127 3811 2265 3864 ὥστε
2287 3810 2314 3862 ὃ
2339 3811 2435 3881 μὲν
2455 3805 2543 3880 ἦν,
2579 3811 2718 3879 μέγα
2750 3810 2841 3862 καὶ
2861 3810 3065 3862 τέλειον
3093 3813 3185 3864 καὶ
3210 3812 3587 3883 ἀπερίληπτον
3608 3810 3679 3885 ἦν
3700 3833 3713 3844 ·

2127 3903 2154 3953 ὃ
2187 3901 2245 3954 δὲ
2274 3900 2484 3964 ἔλαϐεν,
2527 3900 2840 3969 ἰσομέγεθες
2889 3897 2957 3971 ἦν
2986 3901 3064 3972 τῷ
3107 3903 3360 3974 ἡμετέρῳ
3393 3905 3581 3976 μέτρῳ
3615 3907 3719 3975 τῆς

2127 3992 2361 4060 φύσεως.
2407 3991 2503 4043 Ἐν
2530 3990 2842 4059 ὁμοιώματι
2872 3992 3002 4062 γὰρ,
3033 3994 3218 4063 φησιν,
3255 3994 3578 4062 ἀνθρώπου
3623 4015 3715 4065 γτ-

2126 4085 2378 4152 νόμενος
2431 4083 2526 4136 καὶ
2579 4083 2880 4151 σχήματι,
2916 4084 2990 4146 ὡς
3031 4085 3130 4137 οὐκ
3169 4085 3308 4169 ξχων
3357 4086 3604 4156 δηλονότι
3654 4090 3716 4154 ἐξ

2127 4175 2302 4245 ἀρχῆς
2362 4176 2488 4243 περὶ
2530 4173 2692 4226 αὑτὸν
2746 4173 2856 4244 (4-1)
2910 4175 3010 4244 τῆς
3064 4176 3320 4246 τοιαύτης
3378 4178 3600 4244 φύσεως
3654 4180 3715 4230 τὸ

2125 4265 2395 4336 ὁμοίωμα,
2426 4263 2543 4317 οὐδὲ
2583 4261 2718 4333 πρός
2740 4280 2862 4316 τινα
2891 4263 3190 4335 σωματώδη
3237 4265 3408 4318 τύπον
3443 4283 3713 4336 σχηματι-

2127 4358 2368 4428 ζόμενος.
2419 4355 2542 4418 Πῶς
2579 4358 2687 4424 γὰρ
2739 4356 2803 4408 ἂν
2849 4357 3252 4427 περιτυπωθείη
3301 4357 3382 4428 τῷ
3432 4360 3713 4430 ἀσωμάτῳ

2052 4423 2096 4477 D

431 4462 634 4506 nostra:
674 4452 952 4507 modulum
994 4469 1100 4508 non
1149 4455 1474 4520 excederet;
1513 4453 1588 4507 ait
1623 4454 1790 4517 enim,
1828 4453 1887 4507 In
1935 4457 2010 4529 si_-

2128 4451 2402 4520 σχήματος
2428 4448 2630 4512 τύπος;
2672 4447 2832 4500 Ἀλλὰ
2854 4448 2974 4500 τότε
3009 4450 3067 4499 ἐν
3091 4450 3189 4520 σχή
3201 4467 3330 4518 ματι
3355 4451 3592 4518 γίνεται,
3620 4454 3708 4504 ὅτε

429 4543 784 4596 miiitudiuem
826 4553 874 4597 et
920 4543 1156 4596 habitum
1188 4545 1413 4597 hominis
1450 4545 1649 4612 factus,
1693 4553 1878 4615 utpote
1919 4546 2012 4615 qui

2128 4537 2587 4609 σχηματιζόμενος
2627 4539 2803 4609 ἐαυτῷ
2836 4539 3166 4610 περιτίθησι.
3211 4540 3383 4594 Τοῦτο
3402 4542 3462 4595 δέ
3487 4546 3638 4597 ἐστιν
3670 4546 3698 4612 ἡ

430 4635 502 4688 ab
540 4636 694 4688 initio
749 4650 857 4690 non
893 4634 1145 4689 habuerit
1170 4634 1222 4687 in
1254 4650 1313 4689 se
1343 4636 1459 4704 ipso
1488 4633 1862 4704 hujuscemodi
1909 4650 2009 4696 na-

2128 4634 2212 4686 τοῦ
2251 4631 2502 4704 σώματος
2536 4630 2696 4700 φύσις
2708 4677 2724 4693 ,

432 4736 567 4780 turae
619 4725 1059 4790 similitudinem,
1105 4741 1282 4794 neque
1334 4725 1399 4778 ad
1455 4727 1618 4779 ullam
1673 4726 2010 4795 corporalem
2053 4727 2280 4783 formam
2309 4723 2681 4795 conﬁguratus
2708 4723 2799 4778 sit.
2833 4724 3119 4788 Quomouo
3187 4736 3333 4775 enim
3376 4723 3457 4777 rei
3527 4723 3710 4776 incor-

433 4834 609 4888 purcze
639 4816 873 4886 alicujus
910 4816 1093 4888 ﬁgurae
1129 4815 1301 4870 forma
1376 4816 1640 4885 impressa
1683 4817 1913 4871 fuisset?
1977 4817 2084 4874 Sed
2124 4826 2254 4872 tunc
2297 4817 2350 4870 in
2398 4815 2645 4887 corporis
2690 4815 2925 4885 speciem
2976 4813 3152 4869 factus
3200 4822 3306 4878 est,
3359 4831 3488 4869 cum
3537 4832 3603 4871 ea
3663 4833 3722 4873 se

433 4910 610 4976 ipsum
640 4908 852 4960 induit:
885 4909 1002 4965 hac
1031 4918 1214 4965 autem
1235 4917 1320 4963 est
1354 4909 1470 4977 ipsa
1503 4910 1753 4979 corporis
1781 4909 2006 4964 humani
2045 4920 2260 4966 natura.

509 4999 647 5054 XXI.
691 4999 940 5057 Inventus
998 5005 1180 5073 itaque
1231 5013 1289 5057 ut
1335 5004 1508 5059 homo.
1564 5003 1700 5060 Nam
1747 5013 1801 5060 et
1855 5005 2017 5061 homo

431 5104 569 5159 erat,
609 5093 861 5163 quamvis
900 5108 1007 5147 non
1043 5111 1138 5164 per
1167 5095 1350 5149 Omnia
1382 5095 1562 5162 homo,
1595 5095 1691 5152 sed
1732 5104 1789 5150 ut
1831 5097 2014 5160 homo,

433 5188 502 5241 ob
531 5194 790 5241 materna:
822 5184 1148 5255 virginitatis
1174 5189 1517 5256 mysterium,
1579 5196 1638 5242 ut
1664 5204 1856 5258 nempe
1892 5190 2018 5244 hinc

433 5277 785 5334 manifestum
825 5285 972 5333 esset
999 5277 1178 5348 ipsum
1206 5294 1313 5333 non
1347 5282 1602 5336 omnibus
1645 5282 1894 5335 humana:
1922 5296 2018 5336 na-

434 5377 569 5423 turae
615 5370 825 5439 legibus
876 5368 1232 5433 inserviisse,
1283 5369 1378 5424 sed
1429 5384 1491 5423 ea
1539 5386 1659 5439 qua:
1710 5369 1877 5424 Deum
1927 5370 2022 5426 de-

434 5471 580 5515 ceret
598 5462 808 5518 ratione
825 5463 989 5517 vitam
1009 5463 1337 5534 ingressum,
1369 5469 1422 5517 et
1447 5461 1511 5516 ad
1542 5463 1742 5532 proprii
1771 5464 2019 5532 corporis

507 5590 551 5622 ⁸⁸
581 5591 814 5662 Philipp.
847 5611 909 5659 ιι,
948 5595 977 5647 7
1008 5612 1130 5665 sqq.

511 5725 622 5794 (40)
654 5724 806 5780 Corr.
833 5727 948 5795 ἁχῶ
957 5744 1134 5796 ρητον.

2196 5003 2472 5073 Εὐρεθεὶς
2494 5003 2672 5057 τοίνυν
2687 5003 2762 5069 ὡς
2779 5001 3109 5073 ἄνθρωπος’
3126 5001 3347 5072 καὶγὰρ
3370 5004 3466 5055 καὶ
3497 5003 3710 5074 ἀνθρω-

2126 5115 2243 5160 πος,
2274 5098 2322 5149 εἰ
2351 5097 2443 5149 καὶ
2468 5094 2542 5166 μὴ
2569 5095 2634 5148 δι’
2660 5095 2780 5148 ὅλου
2809 5093 3117 5164 ἄνθρωπος,
3143 5094 3257 5147 ἀλλ’
3289 5094 3366 5158 ὠς
3397 5095 3709 5164 ἄνθρωπος,

2125 5188 2214 5241 διὰ
2241 5188 2301 5241 τὸ
2322 5187 2463 5241 κατὰ
2487 5187 2583 5257 τὴν
2614 5185 2910 5257 παρθενίαν
2941 5185 3254 5255 μυστήριονο
3281 5185 3357 5248 ὠς
3386 5185 3453 5239 ἂν
3477 5187 3712 5256 φανερὸν

2131 5279 2218 5333 διὰ
2252 5279 2408 5332 τοῦτο
2433 5279 2662 5348 γένοιτο,
2689 5278 2772 5329 ὅτι
2802 5278 2864 5330 οὐ
2893 5277 2979 5329 διὰ
3005 5277 3224 5330 πάντων
3255 5277 3372 5340 τοῖς
3401 5276 3586 5346 νόμοις
3607 5274 3708 5337 τῆς

2133 5371 2474 5443 ἀνθρωπίνης
2513 5369 2789 5422 ἐδούλευσε
2828 5367 3075 5436 φύσεως,
3105 5369 3239 5422 ἀλλά
3273 5368 3472 5431 θεῖκῶς
3518 5368 3710 5420 ἑαυτὴν

2131 5461 2426 5522 εἰσοικίσας
2449 5458 2526 5528 τῷ
2558 5458 2678 5528 βίῳ,
2712 5460 2806 5511 καὶ
2834 5459 2908 5528 μὴ
2935 5457 3147 5529 δεηθεὶς
3174 5457 3274 5529 τῆς
3295 5459 3360 5510 ὲκ
3388 5458 3484 5513 τοῦ
3528 5457 3711 5527 γάμου

2195 5729 2303 5798 (Η)
2333 5725 2488 5780 Corr.
2521 5723 2647 5792 περὶ
2668 5722 2877 5778 ἑαυτόν.

3803 681 3829 704 Ι
