4018 6124
315 369 457 425 MSS

1472 357 1840 413 ADVERSUS
1876 354 2386 414 APOLLINAREM.

3432 363 3569 420 1166

313 483 590 552 ἐνεργείας
631 483 761 552 πρὸς
794 481 892 552 τὴν
927 482 1272 550 κατασκευὴν
1308 479 1419 551 (4:2)
1455 481 1546 533 τοῦ
1597 480 1726 533 ἰδίου
1757 480 1888 532 πλά-

1993 480 2440 534 coustitutioncm
2492 480 2800 549 nuptiarum
2851 495 3013 550 opere
3059 495 3164 533 non
3213 479 3566 551 indigentem,

315 592 538 646 σματος,
574 573 882 644 εὑρίσκεται
907 573 966 626 οὐ
997 573 1084 625 διὰ
1121 576 1336 626 πάντων
1377 573 1549 633 κοινὸς
1580 571 1884 642 ἅνθρωπος,

313 667 399 720 διὰ
421 666 480 718 τὸ
513 665 960 736 παρηλλαγμένον
991 667 1154 720 αὐτοῦ
1184 668 1280 736 τῆς
1313 665 1640 726 συστάσεως,
1670 663 1785 716 ἀλλ’
1814 663 1888 726 ὼς

315 758 613 828 ἄνθρωπος.
644 759 750 810 Καὶ
780 756 951 821 οὕτως
979 757 1340 810 ἐταπείνωσεν
1367 757 1576 819 ἑαυτὸν,
1606 755 1889 824 ἀτρέπτως

315 849 601 918 γενόμενος
639 845 944 917 ἄνθρωπος.
979 849 1041 900 Εἰ
1068 847 1176 917 γάρ
1203 845 1296 898 ἀπ’
1329 847 1502 916 ἀρχῆς
1531 844 1688 898 τοῦτο
1715 842 1802 915 ἦν,
1831 847 1888 897 ἐν

315 938 418 991 τίνι
459 939 675 1007 γέγονεν
709 938 740 1007 ἡ
774 937 1134 1000 ταπείνωσιςς
1173 936 1284 988 Νῦν
1329 936 1385 989 δὲ
1431 938 1459 988 ὁ
1496 934 1757 1005 ’Ὕψιστος
1803 937 1888 988 διὰ

315 1029 412 1098 τῆς
439 1028 571 1098 πρὸς
591 1027 649 1080 τὸ
672 1027 923 1081 ταπεινὸν
947 1027 1045 1096 τῆς
1068 1026 1284 1094 φύσεως
1317 1025 1473 1096 ἡμῶν
1495 1027 1738 1090 ἐνώσεως
1765 1029 1890 1079 ἑαυο

315 1121 406 1172 τὸν
436 1121 814 1173 ἐταπείνωσεν.
862 1118 1112 1180 Ἐνωθεὶς
1157 1120 1268 1188 γὰρ
1304 1120 1369 1188 τῇ
1416 1120 1596 1188 μορφῇ
1641 1118 1733 1169 τοῦ
1770 1118 1889 1171 δούυ

315 1209 430 1273 λου,
452 1210 517 1279 ἢν
550 1209 728 1271 ἔλαϐε,
761 1211 851 1262 καὶ
880 1209 936 1262 ἓν
973 1209 1110 1280 πρὸς
1138 1200 1634 1276 αὐτὴν’γενόμενος,
1661 1207 1890 1260 οἰκειοῦ-

317 1318 408 1354 ται
435 1300 507 1352 τὰ
547 1299 638 1352 τοῦ
679 1299 862 1352 δούλου
911 1299 1054 1370 πάθη
1080 1341 1092 1363 ,
1118 1298 1212 1350 καὶ
1240 1296 1490 1368 καθάπερ
1538 1297 1631 1350 καὶ
1658 1299 1715 1351 ὲν
1760 1299 1889 1368 ἡμῖν

318 1390 524 1456 γίνεται
563 1389 648 1440 διὰ
690 1390 786 1459 τῆς
827 1389 961 1460 πρὸς
1003 1388 1069 1440 τὰ
1101 1388 1234 1457 μέλη
1268 1387 1564 1453 συμφυΐας,
1598 1387 1692 1440 ἐάν
1736 1405 1786 1438 τι
1813 1387 1889 1456 τῷ

319 1481 473 1549 ἄκρῳ
503 1480 750 1550 συμπέσῃ
772 1481 863 1532 τοῦ
892 1479 1102 1550 ὄνυχος,
1125 1479 1185 1530 τὸ
1210 1479 1315 1530 πᾶν
1346 1477 1421 1547 τῷ
1444 1477 1730 1532 πεπονθότι
1763 1496 1889 1530 συν-

271 1573 278 1582 ’
319 1573 632 1630 διατίθεται,
657 1573 739 1639 ἐφ’
762 1572 878 1624 ὅλον
902 1572 961 1624 τὸ
986 1571 1140 1641 σῶμα
1168 1571 1457 1640 διηκούσης
1477 1570 1574 1640 τῆς
1600 1570 1888 1640 συναισθή-

322 1681 460 1725 σεως
482 1704 498 1726 ,
529 1662 697 1725 οὕτως
730 1664 757 1714 ὁ
811 1662 1028 1725 ἐνωθεὶς
1073 1661 1227 1732 ἡμῶν
1259 1665 1324 1732 τῇ
1367 1660 1563 1730 φύσει,
1599 1661 1890 1716 οἰκειοῦται

319 1755 388 1807 τά
419 1754 661 1824 ἡμέτερα
690 1753 858 1821 πάθη,
892 1751 1074 1816 καθώς
1107 1771 1268 1823 φησιν
1308 1753 1557 1816 Ἡσαΐας,
1591 1753 1672 1805 ὅτι
1700 1754 1890 1819 Αὐτὸς

1991 573 2211 640 reperiri
2242 587 2347 624 non
2375 579 2431 622 ιιι
2463 572 2684 624 Omnino
2706 570 2976 638 vulgarem
3006 568 3304 634 hominem,
3330 584 3395 623 eo
3422 572 3569 640 quod

1994 661 2216 715 diverso
2244 676 2272 712 a
2296 661 2509 716 caeteris
2535 660 2845 714 hominibus
2872 658 3090 726 opiﬁcio
3117 659 3374 714 conditus
3401 673 3569 725 esset,

1993 751 2086 806 scd
2139 759 2196 806 ut
2251 751 2548 818 hominem,
2600 766 2772 821 eoque
2821 760 2981 820 pacto
3039 749 3344 804 bumiliavit
3397 761 3566 807 semet

1993 843 2194 912 ipsum,
2246 841 2365 897 sine
2413 842 2520 896 ulla
2570 843 2656 897 sui
2708 841 3005 896 mutatione
3048 840 3224 896 factus
3267 840 3450 896 homo.
3509 843 3569 896 Si

1991 935 2136 990 enim
2177 935 2246 988 ab
2273 935 2431 988 initio
2471 933 2523 988 id
2553 934 2876 997 exstitisset,
2911 948 3148 1002 quanam
3175 935 3229 987 in
3260 949 3319 988 re
3386 934 3569 987 Immi-

1991 1027 2154 1080 liatus
2186 1025 2367 1080 esset?
2409 1024 2563 1079 Nunc
2605 1036 2785 1079 autem
2825 1026 3139 1082 Altissimus
3170 1041 3266 1095 per
3306 1026 3563 1080 unionem

1991 1131 2114 1171 cum
2156 1127 2363 1170 natura:
2393 1123 2595 1170 nostra:
2617 1117 2917 1171 humilitate
2952 1118 3142 1171 initam
3174 1132 3233 1172 se
3259 1118 3436 1188 ipsum
3465 1118 3566 1171 hu-i

1991 1207 2238 1262 miliavit.
2272 1207 2408 1261 Nam
2437 1206 2626 1261 formae
2654 1207 2820 1271 servi,
2843 1223 3002 1276 quam
3032 1209 3350 1278 assumpsit,
3378 1209 3568 1263 unitus

1991 1309 2045 1353 et
2083 1313 2248 1351 unum
2285 1297 2414 1367 quid
2443 1313 2568 1352 cum
2600 1298 2715 1368 ipsa
2742 1296 2940 1360 factus,
2966 1301 3106 1353 servi
3142 1299 3423 1368 passiones
3465 1299 3570 1354 sibi

1993 1391 2242 1460 preprias
2265 1389 2532 1457 reddidit;
2555 1399 2607 1445 et
2635 1389 3088 1460 quemadmodum
3114 1391 3184 1443 ob
3204 1391 3568 1445 membrorum

1993 1482 2136 1536 inter
2164 1498 2222 1536 se
2252 1482 2642 1536 connexionem
2668 1482 2826 1535 nobis
2847 1481 3063 1536 evenire
3090 1481 3247 1546 solet,
3274 1489 3333 1534 ut
3363 1481 3408 1535 si
3438 1481 3570 1550 quid

1994 1573 2122 1624 mali
2178 1572 2232 1625 iu
2268 1571 2580 1626 summitate
2619 1571 2880 1640 unguium
2917 1571 3209 1634 acciderit,
3245 1579 3418 1624 tetum
3462 1585 3572 1624 una

1996 1678 2119 1716 cum
2165 1663 2290 1716 la‘sa
2340 1670 2494 1730 parte
2533 1662 2736 1732 pariter
2779 1661 3062 1724 alliciatur,
3097 1662 3286 1716 dolore
3325 1676 3419 1731 per
3447 1662 3572 1716 uni-

1994 1766 2209 1806 versum
2274 1765 2474 1821 corpus
2531 1757 2899 1819 pervagantc:
2957 1750 3030 1802 ita
3090 1755 3298 1802 naturae
3362 1756 3570 1803 nostra:

319 1843 430 1908 τὰς
479 1843 797 1906 ἀσθενείας
834 1840 1004 1909 ἡμῶν
1043 1839 1335 1902 ἀνέλαϐε,
1394 1839 1490 1890 καὶ
1533 1838 1636 1902 τὰς
1679 1839 1888 1902 νόσους

2005 1843 2208 1908 unitas,
2247 1843 2531 1912 passiones
2586 1852 2807 1896 nostras
2847 1841 3098 1910 praprias
3147 1842 3248 1895 sibi
3309 1840 3454 1905 fecit,
3516 1850 3571 1895 et.

321 1935 616 1986 ἑῖιίστασε
641 1975 653 1996 ,
679 1932 775 2001 τὴν
813 1931 953 2002 ὑπὲρ
975 1931 1130 2002 ἡμῶν
1167 1928 1406 1990 ὑποστὰς
1438 1927 1671 1998 πληγὴν,
1705 1927 1792 1979 ἵνα
1819 1926 1894 1996 τῷ

325 2026 550 2096 μώλωπι
616 2025 777 2078 αὑτοῦ
829 2027 987 2095 ἡμεῖς
1037 2023 1308 2092 ἰαθῶμεν⁶
1358 2021 1457 2090 οὐχ
1505 2020 1585 2071 ὅτι
1630 2021 1661 2089 ἡ
1709 2019 1896 2088 θεότης

321 2116 707 2188 ἐμωλωπίσθη,
745 2118 855 2169 ἀλλ’
881 2120 906 2169 ὁ
937 2115 1237 2186 προσρυεὶς
1261 2114 1349 2167 διὰ
1382 2113 1479 2183 τῆς
1513 2109 1757 2172 ὲνὼσεως
1782 2110 1894 2181 (45)

321 2211 385 2278 τῇ
419 2208 629 2277 θεότητι
664 2208 973 2279 ἄνθρωπος,
1018 2199 1078 2258 οὗ
1123 2207 1157 2276 ἡ
1191 2204 1349 2274 φύσις
1373 2201 1595 2272 δεκτικὴ
1632 2201 1893 2272 μώλωπος

318 2299 570 2365 γενέσθαι
601 2299 840 2350 δύναται·
870 2297 1038 2350 ταῦτα
1060 2297 1115 2349 δὲ
1147 2296 1256 2364 (4-1)
1275 2295 1503 2363 γίνεται,
1532 2295 1676 2355 ὅπως
1711 2291 1776 2346 ἂν
1808 2291 1893 2344 διὰ

318 2389 426 2440 τῶν
462 2389 638 2440 αὐτῶν
675 2389 831 2442 πάλιν
860 2389 990 2441 ὁδῶν
1022 2391 1053 2456 ἡ
1096 2387 1192 2456 τῆς
1217 2385 1410 2447 κακίας
1431 2385 1547 2447 ὁδὸς
1576 2382 1890 2452 ἀναλυθείη.

333 2477 547 2547 Ἐπειδὴ
579 2477 687 2545 γὰρ
716 2478 801 2529 διὰ
835 2480 930 2546 τῆς
966 2476 1248 2546 παρακοῆς
1291 2474 1381 2527 τού
1413 2472 1700 2544 ἀνθρώπου
1733 2472 1845 2541 (15)
1875 2514 1888 2535 ,

321 2571 350 2622 ὁ
391 2569 641 2632 θάνατος
669 2568 1051 2640 (46)(εἰσῆλθε
1078 2611 1091 2633 ,
1127 2567 1314 2620 τούτου
1348 2567 1504 2635 χάριν
1541 2563 1625 2616 διὰ
1665 2563 1762 2632 τῆς
1791 2563 1893 2614 ὑπ-

325 2661 496 2727 ακοῆς
523 2658 614 2711 τοῦ
637 2658 884 2725 δευτέρου
914 2653 1224 2727 ἀνθρώπου)
1242 2656 1584 2724 ἐξοικίζεται.
1603 2654 1701 2708 Διά
1735 2653 1889 2706 τοῦτο

322 2752 562 2820 ὑπήκοος
611 2751 767 2820 μέχρι
821 2750 1049 2824 Θανάτου
1099 2749 1329 2816 γίνεται,
1375 2747 1460 2799 ἵνα
1500 2746 1587 2800 διὰ
1647 2746 1742 2816 μὲν
1789 2747 1889 2815 τῆς

321 2840 570 2908 ὑπακοῆς
625 2840 731 2908 (47)
765 2839 858 2908 (τὸ
910 2839 973 2891 ὲκ
1035 2836 1136 2904 τῆς
1202 2836 1521 2904 παρακοῆς)
1575 2835 1885 2906 θεραπεύσῃ

317 2930 693 3000 πλημμέλημα
719 2946 730 2958 ⁸
765 2928 850 2985 διὰ
888 2927 941 2980 δὲ
977 2927 1074 2996 τῆς
1103 2927 1167 2976 ὲκ
1197 2925 1404 2994 νεκρῶν
1431 2924 1774 2986 ἀναστάσεως
1798 2925 1884 2976 τὸν

317 3020 720 3074 συνεισελθὸντα
748 3023 811 3090 τῇ
840 3021 1089 3089 παρακοῇ
1119 3017 1344 3070 θάνατον
1371 3016 1683 3088 ἐξαφανίσῃ.
1724 3017 1884 3085 Ἀψα-

315 3109 506 3180 νισμὸς
546 3111 649 3180 γάρ
691 3111 806 3162 ἐστι
850 3108 1081 3161 Θανάτου
1116 3108 1148 3176 ἡ
1190 3106 1252 3158 ἐκ
1287 3105 1517 3159 θανάτου
1551 3105 1642 3157 τοῦ
1675 3105 1882 3175 ἀνθρὼ-

313 3217 420 3253 που
454 3199 562 3268 (48)
593 3199 915 3259 ἀνάστασις’
953 3197 1067 3258 Διὸ,
1117 3197 1267 3266 φησι,
1308 3195 1407 3248 καὶ
1449 3198 1481 3248 0'
1525 3195 1667 3259 Θεὶις
1707 3195 1891 3248 αὑτὸν
1918 3193 1959 3248 C

313 3291 694 3358 ézepdyi‘wcs.
741 3288 910 3340 Τοῦτο
943 3287 1192 3355 καθάπερ
1228 3285 1462 3357 σφραγίς
1497 3303 1578 3348 τις
1612 3286 1711 3354 τῆς
1757 3303 1890 3355 προ-

314 3381 586 3450 λαϐούσης
626 3379 865 3440 διανοίας
899 3379 1030 3430 ἐστί.
1069 3375 1237 3444 Δῆλον
1278 3375 1405 3446 γὰρ,
1437 3376 1518 3428 ὅτι
1561 3377 1626 3427 τὸ
1671 3375 1892 3443 ὕψιστον

314 3472 409 3524 τού
441 3470 715 3540 ὑψωθῆναι
753 3471 851 3521 οὐκ
905 3469 1214 3528 ἐπιδέεται,
1254 3466 1388 3520 ἀλλά
1433 3467 1492 3520 τὸ
1521 3467 1775 3520 ταπεινὸν
1810 3469 1892 3531 εἰς

314 3559 450 3628 ὕψος
477 3559 706 3630 αἴρεται,
737 3559 830 3611 νῦν
860 3557 1144 3626 γενόμενον
1174 3556 1310 3626 (49),
1339 3556 1366 3608 ὃ
1410 3557 1484 3626 μὴ
1515 3557 1776 3627 πρότερον
1800 3553 1888 3628 ἧν.

325 3652 616 3705 Ἐνωθείσα
644 3651 751 3720 γὰρ
781 3648 855 3719 τῷ
899 3647 1086 3717 Κυρίῳ
1121 3649 1154 3718 ἡ
1213 3647 1522 3716 ἀνθρωπίνη
1559 3647 1717 3714 φύσις
1765 3664 1889 3700 συνο

308 3743 602 3812 επαίρεται
629 3744 693 3812 τῇ
719 3742 952 3809 θεότητι,
980 3741 1070 3791 καὶ
1101 3741 1160 3790 τὸ
1182 3738 1480 3807 ὑψούμενον
1507 3741 1680 3792 ἐκεῖνό
1700 3741 1889 3792 ὲστιτὸ

309 3839 376 3888 ἐκ
433 3832 526 3886 τοῦ
576 3830 831 3884 ταπεινοῦ
881 3829 1268 3898 ἐπαιρόμενον·
1316 3830 1568 3881 ταπεινὸν
1610 3830 1665 3881 δὲ
1710 3830 1742 3899 ἡ
1792 3829 1886 3881 τοῦ

303 3925 498 3979 δούλου
530 3924 730 3994 μορφὴ,
763 3922 848 3974 διὰ
871 3923 969 3991 τῆς
997 3920 1252 3989 ὑψώσεως
1282 3920 1540 3989 γινομένη
1573 3920 1806 3990 Χριστός
1829 3937 1886 3971 τε

305 4018 404 4070 καὶ
439 4015 660 4086 Κύριος.
710 4016 818 4068 Καὶ
862 4012 1048 4082 ἐπειδὴ
1087 4013 1115 4063 ὁ
1147 4012 1288 4064 κατά
1335 4010 1566 4081 Χριστὸν
1602 4011 1886 4082 ἄνθρωπος

309 4106 454 4160 κατὰ
498 4107 597 4176 τὴν
631 4103 976 4176 ἀνθρωπίνην
1025 4102 1343 4156 ἀκολουθίαν
1388 4101 1610 4170 ὀνόματι
1652 4102 1788 4154 κατὰ
1826 4103 1886 4153 τὸ

311 4198 512 4262 ἰδιάζον
534 4194 965 4268 προσηγορεύθη,
989 4194 1076 4247 διὰ
1101 4194 1199 4263 τῆς
1225 4192 1523 4262 γενομένης
1543 4195 1610 4263 τῇ
1629 4193 1885 4264 Παρθένῳ

306 4291 463 4362 παρὰ
484 4288 578 4342 τοῦ
607 4287 843 4359 Γαϐριὴλ
877 4285 1284 4355 μυσταγωγίας,
1312 4284 1407 4337 καὶ
1435 4284 1494 4336 τὸ
1525 4284 1882 4355 ἀνθρώπινον,

310 4380 495 4444 καθὼς
518 4379 766 4450 εἴρηται,
807 4376 1014 4446 Ἰησοῦς
1057 4375 1349 4445 ὠνομάσθη
1374 4391 1386 4402 ·
1428 4376 1461 4445 ἡ
1495 4373 1550 4427 δὲ
1576 4375 1691 4426 θεία
1726 4375 1884 4442 φύσις

306 4471 680 4544 ἁπερίληπτὸς
721 4473 868 4523 ἐστιν
900 4468 1156 4537 ὀνόματι·
1206 4466 1263 4519 ἓν
1305 4467 1360 4519 δὲ
1405 4467 1473 4518 τὰ
1519 4467 1611 4520 δύο
1654 4466 1743 4519 διὰ
1786 4466 1883 4536 τῆς

303 4565 660 4636 ἀνακράσεως
686 4561 874 4630 γέγονε
897 4577 913 4592 ο
939 4557 1127 4611 τούτου
1160 4558 1318 4626 χάριν
1343 4557 1436 4610 καὶ
1466 4559 1493 4608 ὁ
1533 4556 1663 4620 Θεὸς
1697 4559 1759 4609 ἐκ
1784 4555 1875 4609 τοῦ

301 4656 646 4727 ἀνθρωπίνου
697 4649 1142 4721 κατονομάζεται.
1220 4648 1306 4700 Ἐν
1351 4647 1459 4717 γὰρ
1521 4648 1597 4716 τῷ
1657 4649 1875 4718 ὀνόματι

315 4743 491 4814 Ἰησοῦ
521 4743 628 4796 πᾶν
661 4741 775 4811 (50)
805 4739 933 4807 γόνυ
968 4737 1174 4807 κάμψει
1196 4778 1209 4801 ,
1243 4737 1336 4788 καὶ
1369 4736 1397 4786 ὁ
1427 4733 1709 4805 ἄνθρωπος
1737 4736 1876 4806 ὑπὲρ

301 4837 414 4888 πᾶν
443 4833 610 4901 ὄνομα
643 4831 850 4900 γίνεται
875 4870 888 4891 ,
932 4829 1068 4898 ὅπερ
1113 4828 1242 4880 ἴδιόν
1290 4827 1408 4878 ἐστι
1451 4825 1549 4895 τῆς
1583 4825 1832 4894 θεότητος
1855 4867 1869 4889 ,

298 4926 400 4994 τῆς
427 4921 752 4992 δουλωθῆναι
771 4920 844 4991 μὴ
866 4918 1171 4988 δυναμένης
1199 4917 1302 4970 ὑπό
1333 4933 1475 4978 τινος
1504 4917 1872 4985 ὀνομαστικῆς

375 5065 420 5096 ⁵³
446 5062 551 5116 lsa.
583 5075 700 5124 Ltll,
732 5059 781 5113 ι.
859 5057 904 5088 ⁶⁰
937 5055 1095 5111 Rom.
1122 5055 1282 5118 v.19.

377 5193 488 5262 (42)
519 5192 593 5246 Ita
617 5205 786 5254 corr.,'
818 5198 976 5262 antea
1004 5190 1294 5262 enitn‘erat
1323 5190 1416 5242 καὶ
1461 5189 1534 5262 μὴ
1557 5191 1881 5262 ’συνερτείας

300 5257 440 5335 πρὸς
474 5257 574 5335 τὴν
602 5260 960 5329 κατασκευήν,
990 5257 1276 5314 manifesto
1314 5257 1532 5312 veteris
1557 5257 1764 5312 librarii
1793 5276 1882 5314 er-

299 5350 367 5388 ΙὈ
374 5350 430 5387 re
435 5375 449 5388 .

376 5406 492 5472 (45)
527 5403 681 5456 Corr.
713 5405 1080 5473 ἀνακράσεως.

376 5469 487 5542 (ὁά)
523 5473 678 5525 Corr.
713 5469 915 5528 addidit.
938 5472 994 5524 δέ
1021 5488 1032 5531 ς
1070 5479 1122 5542 et
1151 5469 1397 5542 mox'ivg
1420 5469 1528 5522 διά.

375 5537 666 5610 (45)Corr.
711 5544 804 5596 τοῦ
865 5545 953 5596 ὑπ’
1003 5539 1306 5612 ἀνθρώπου.
1357 5537 1520 5591 Forte
1570 5537 1876 5609 legendum,

296 5615 393 5666 τοῦ
419 5613 632 5682 πρώτου
663 5612 967 5683 ἀνθρώπου.

373 5679 483 5748 (46⁷,
521 5684 607 5748 A7)
644 5679 777 5748 Quae
825 5683 1181 5739 scmicirculis
1244 5679 1594 5734 includuntur
1647 5696 1674 5746 _a
1732 5693 1874 5732 corr.

299 5765 432 5806 sum
467 5752 665 5806 addita.

1359 5057 1400 5086 ⁶¹
1432 5055 1664 5126 Philipp.
1695 5072 1756 5121 ll,
1786 5057 1819 5110 8
1841 5072 1959 5129 sqq.

2000 1936 2454 2008 quemadmodum
2487 1935 2562 1988 ait
2591 1932 2781 1997 Isaias,
2821 1932 2940 2002 Ipse
2993 1934 3328 2002 inﬁrmitates
3359 1947 3569 1986 nostras

1998 2026 2296 2096 uccepit,et
2331 2026 2700 2095 wgrotationes
2748 2036 2957 2078 nostras
3004 2027 3232 2094 portavit
3259 2027 3328 2092 ⁵³,
3381 2026 3566 2096 plagas
3633 2098 3638 2102 _

1996 2111 2095 2188 pro
2148 2116 2305 2171 nobis
2343 2116 2642 2180 sustinens,
2685 2127 2737 2168 ut
2783 2115 2902 2183 ejus
2965 2114 3136 2168 livore
3176 2123 3277 2169 nes
3347 2130 3571 2169 sanare-

1995 2229 2159 2280 mur;
2218 2227 2325 2266 non
2384 2211 2527 2280 quod
2567 2210 2829 2263 divinitas
2869 2210 3075 2263 vibices
3139 2225 3205 2263 ex
3250 2210 3571 2263 vulneribus

1995 2302 2349 2365 contraxerit,
2376 2301 2471 2355 sed
2527 2300 2640 2352 htec
2680 2315 2876 2368 passus
2937 2307 3022 2353 est
3089 2298 3275 2362 homo,
3330 2299 3421 2368 qui
3475 2313 3571 2368 per

2000 2394 2304 2448 unitionem
2364 2391 2466 2461 ipsi
2517 2390 2786 2444 divinitati
2845 2388 3172 2457 coniunctus
3217 2398 3319 2453 est,
3363 2391 3568 2458 quique

1998 2485 2082 2538 sui
2128 2493 2324 2537 natura
2360 2481 2627 2535 vibicibus
2658 2479 2993 2550 accipiendis
3029 2488 3176 2549 patet
3205 2498 3219 2534 :
3255 2481 3358 2535 hoc
3388 2490 3568 2535 autem

2012 2579 2093 2644 tit,
2152 2587 2214 2631 ut
2259 2587 2354 2642 per
2385 2570 2600 2626 easdem
2661 2585 2853 2624 rursus
2890 2570 3007 2624 vias
3079 2570 3303 2639 antiqua
3359 2570 3568 2639 peccati

1996 2664 2196 2718 semita'
2252 2671 2544 2718 evertatur.
2581 2660 2847 2726 Quoniam
2883 2660 3028 2714 enim
3084 2675 3182 2731 per
3225 2661 3462 2715 hominis
3488 2661 3571 2713 in-

1988 2754 2349 2811 obedientiam
2402 2767 2550 2806 mors
2586 2752 2832 2821 ingressa
2875 2758 2960 2805 est
2999 2750 3055 2804 in
3102 2751 3398 2811 mundum,
3445 2766 3568 2818 pro-

1988 2854 2169 2914 pter-ea
2221 2860 2313 2914 per
2363 2842 2585 2898 secundi
2627 2840 2862 2895 hominis
2909 2841 3272 2896 obedientiam
3316 2843 3567 2896 elimina-

1987 2943 2076 2987 tur
2103 2934 2168 2985 ⁶⁰.
2223 2933 2285 2985 Ει
2347 2948 2410 2986 ea
2452 2931 2520 2986 dc
2539 2946 2704 2985 causa
2739 2929 3002 2984 obediens
3032 2929 3086 2983 ﬁt
3117 2946 3289 3000 usque
3324 2933 3388 2985 ad
3423 2948 3569 2986 mor-

1986 3033 2096 3078 tem
2123 3024 2188 3088 “,
2210 3031 2267 3075 ut
2297 3039 2390 3091 per
2413 3022 2776 3076 obedientiam
2801 3023 3015 3091 quidem
3039 3021 3415 3078 inobedientiae
3443 3039 3570 3094 pce-

1985 3125 2108 3168 cato
2141 3113 2465 3175 mederetur,
2498 3129 2593 3183 per
2621 3115 3076 3170 resurrectionem
3108 3130 3234 3170 vero
3277 3131 3307 3169 a
3340 3117 3569 3169 mortuis

1995 3213 2220 3280 mortem
2281 3203 2624 3281 destrueret,
2668 3206 2788 3272 quae
2846 3219 2953 3256 una
3008 3220 3130 3257 cum
3204 3205 3569 3260 inobedientia

1997 3278 2256 3346 mundum
2297 3278 2541 3362 ingressa
2567 3299 2672 3346 est.
2727 3292 3035 3346 Destructio
3079 3294 3222 3348 enim
3259 3297 3450 3351 mortis
3485 3307 3571 3350 est

1994 3383 2230 3438 hominis
2265 3399 2293 3437 a
2325 3391 2499 3438 morte
2530 3385 2894 3446 resurrectio;
2925 3383 3146 3453 Propter
3171 3387 3330 3453 quod,
3363 3387 3567 3456 inquit,

1993 3487 2038 3527 et
2083 3473 2220 3529 Deus
2260 3474 2516 3528 exultavit
2555 3475 2732 3528 illum.
2786 3473 2901 3528 Hoc
2937 3475 3080 3530 velut
3136 3477 3380 3546 qumdam
3431 3493 3568 3547 prae-

1993 3565 2234 3621 cedentis
2289 3565 2572 3620 sentcntiae
2624 3565 2966 3620 conﬁrmatio
3008 3577 3112 3621 est.
3173 3565 3386 3621 Nemini
3419 3570 3565 3622 enim

1994 3656 2123 3710 latet
2172 3656 2494 3710 altissimum
2522 3656 2849 3711 exaltatione
2882 3671 2988 3710 non
3027 3657 3289 3727 indigere,
3320 3668 3376 3711 at
3407 3675 3564 3724 vero,

1993 3746 2136 3816 quod
2180 3746 2384 3799 humile
2428 3756 2533 3808 est,
2594 3746 2761 3800 sitiat
2790 3748 2934 3816 quod
2982 3759 3137 3802 antea
3193 3767 3301 3803 non
3359 3751 3564 3815 fuerat,

1994 3837 2382 3891 sublimitatem
2410 3837 2714 3906 acquirere.
2746 3837 2949 3893 Natura
2991 3840 3136 3894 enim
3189 3841 3424 3899 hominis
3458 3843 3577 3898 Dco’

1990 3928 2281 3997 conjuncta
2316 3927 2384 3981 ad
2415 3927 2716 3986 divinitatis
2751 3932 3126 3987 celsitudinem
3142 3934 3407 3999 evehitur,
3432 3937 3564 3991 illud

1991 4030 2168 4075 autem
2214 4021 2485 4076 exaltatur
2526 4023 2671 4092 quod
2713 4041 2776 4080 ex
2812 4025 3003 4083 humili
3050 4026 3283 4082 sublime
3331 4029 3426 4094 lit;
3460 4030 3562 4082 hu-

1990 4111 2116 4165 mile
2165 4119 2344 4166 autem
2388 4112 2518 4181 quid
2569 4122 2652 4167 est
2691 4113 2866 4168 forma
2904 4116 3066 4178 servi,
3105 4131 3227 4187 quae
3273 4132 3368 4186 per
3414 4119 3562 4171 exal-

1989 4202 2246 4256 tationem
2273 4202 2526 4262 Christus
2574 4203 2951 4276 Dominusque
2988 4207 3189 4262 evadit:
3221 4215 3275 4262 et
3300 4209 3558 4277 quoniam

1987 4291 2258 4359 Christus,
2311 4303 2583 4363 quatenus
2641 4296 2806 4351 homo
2851 4306 2989 4359 erat,
3053 4300 3292 4367 preprio,
3328 4308 3388 4352 ut
3460 4299 3562 4353 hu—

1987 4398 2166 4437 mana:
2225 4393 2432 4439 naturae
2473 4388 2850 4450 conveniebat,
2905 4389 3122 4443 nomine
3146 4388 3332 4443 debuit
3380 4391 3562 4458 appel-

1988 4472 2120 4531 lari;
2182 4473 2302 4528 ideo
2356 4475 2664 4531 humanitas
2705 4475 2868 4532 Verbi
2943 4478 2997 4531 in
3089 4477 3257 4532 divini
3315 4480 3558 4549 mysterii

1993 4563 2406 4618 annuntiatione
2433 4580 2463 4618 a
2493 4549 2747 4620 Cabriele
2796 4566 2862 4620 ad
2895 4565 3179 4637 Virginem
3214 4567 3356 4623 facta
3375 4567 3558 4636 Jesus,

1991 4655 2070 4708 uti
2125 4656 2382 4721 diximus,
2437 4666 2628 4730 vocata
2666 4657 2806 4723 fuit;
2846 4673 3086 4729 cumque
3119 4659 3304 4716 divina
3365 4671 3559 4716 natura

1980 4746 2132 4799 nullo
2197 4747 2456 4817 explicari
2534 4748 2754 4803 nomine
2802 4750 2995 4818 possit,
3040 4758 3096 4804 et
3148 4752 3390 4822 alioquin
3451 4752 3561 4808 duo

1979 4851 2076 4904 per
2147 4838 2581 4893 commistionem
2639 4854 2805 4893 unum
2868 4839 3006 4910 quid
3066 4841 3247 4896 fiant:
3297 4843 3425 4898 hinc
3473 4857 3559 4901 est

1979 4927 2122 4996 quod
2174 4937 2227 4983 et
2270 4927 2409 4984 Deus
2462 4929 2516 4983 in
2564 4929 2785 4984 Christo
2818 4947 2883 4985 ex
2929 4946 2994 4986 eo
3061 4934 3206 5003 quod
3259 4934 3555 4991 humanum

2050 5193 2162 5262 (48)
2201 5190 2326 5246 1-1ωο
2355 5195 2519 5274 verba
2557 5209 2719 5263 super
2759 5194 2865 5250 illis
2896 5194 3060 5274 aliis,
3108 5197 3200 5249 τοῦ
3246 5196 3553 5274 ἀνθρώπου,

1980 5260 2067 5315 (16
2087 5276 2237 5316 more
2273 5263 2492 5331 scripsit
2518 5260 2659 5316 corr.
2687 5282 2701 5330 ;
2738 5272 3003 5319 incertum
3028 5274 3202 5318 tamen
3232 5280 3298 5316 an
3332 5260 3397 5318 iis
3425 5266 3555 5318 sub—

1981 5331 2275 5402 stituenda,
2311 5347 2379 5384 an
2419 5334 2600 5402 potius
2631 5340 2737 5388 u'na
2762 5349 2884 5387 cum
2911 5333 3114 5388 eisdem
3159 5335 3209 5384 in
3238 5341 3552 5387 contextum

1983 5401 2258 5471 referenda
2293 5401 2749 5466 esse’censuerit;
2787 5403 2880 5457 sed
2906 5403 3112 5455 utrovis
3143 5402 3300 5456 modo
3323 5404 3551 5471 legatur,

1983 5470 2191 5538 integer
2225 5481 2309 5524 est
2338 5474 2575 5527 auctoris
2599 5487 2814 5526 sensus.

2053 5540 2166 5607 (49)
2196 5541 2350 5610 Corr.
2388 5541 2686 5610 γινόμενον.

2055 5610 2164 5677 (50)
2200 5608 2434 5663 Verbum
2468 5608 2572 5662 πᾶν
2607 5609 2732 5662 add.
2763 5623 2905 5664 corr.
2939 5609 3176 5679 illudque
3211 5608 3368 5665 habet
3389 5611 3549 5668 etiam

1981 5680 2290 5748 Apostolus.
