4018 6124
457 279 590 336 “67

1676 272 1733 328 S.
1775 270 2103 328 GBEGORII
2160 269 2203 324 Ν
2212 268 2453 327 YSSENI

3597 263 3737 318 H68

453 400 540 449 est
604 385 1001 457 denominetur.
1059 381 1116 435 ln
1190 381 1409 437 nomine
1470 382 1616 437 enim
1685 381 1813 438 Jesu
1881 397 2045 438 omne

2161 382 2452 457 τημασίας,
2477 381 2543 434 ἵν’
2565 379 2756 450 ὥσπερ
2785 380 2843 433 ὲν
2872 378 2950 450 τῷ
2975 377 3303 448 ταπεινῷοτὸ
3342 375 3554 448 ὑψηλὸν
3582 376 3735 444 γίνε-

461 486 605 541 genu
638 470 903 531 flectetur,
955 472 1010 520 et
1050 466 1213 519 homo
1251 474 1337 520 est
1390 481 1564 535 super
1598 480 1761 520 omne
1794 481 1996 520 nomen
2025 506 2040 530 ,

461 560 605 629 quod
665 557 967 611 divinitatis
1020 558 1301 626 proprium
1362 565 1470 622 est,
1522 573 1641 627 qua:
1680 558 1814 611 nulli
1868 559 2037 611 deno-

462 648 745 703 minationi
770 646 1016 714 subjecta
1055 662 1176 701 esse
1214 653 1411 714 potest,
1480 654 1540 699 ut
1579 647 2039 715 quemadmodum

461 738 611 809 quod,
655 736 890 791 sublime
932 744 1017 792 est
1061 737 1115 790 in
1168 737 1359 791 humili
1424 736 1713 803 subsistit,
1758 738 1831 791 ita
1874 739 2041 792 vicis-

459 830 564 885 sim
610 828 757 899 quod
798 828 1003 882 humile
1041 835 1127 882 est
1168 829 1429 884 sublimes
1462 829 1824 898 proprietates
1863 829 2041 883 susci-

460 920 592 987 piat.
649 918 784 971 Nam
817 918 979 972 sicuti
1044 933 1143 986 per
1188 917 1463 971 hominem
1512 915 1773 973 divinitas
1845 933 2046 973 nomen

465 1011 677 1065 obtinet
717 1051 731 1073 .
765 1012 841 1065 ita
893 1025 1057 1080 supra
1090 1025 1286 1064 nomen
1317 1009 1377 1064 fit
1419 1009 1563 1080 quod
1596 1025 1657 1063 ex
1694 1011 1881 1065 humili
1905 1018 2050 1065 statu

462 1118 572 1155 una
635 1118 759 1156 cum
806 1102 1094 1156 divinitate
1138 1101 1436 1164 exaltatur,
1490 1108 1546 1154 et
1593 1100 2048 1170 quemadmodum

464 1193 680 1248 servilis
738 1191 926 1246 formae
976 1192 1158 1246 vilitas
1211 1192 1278 1244 ad
1319 1190 1487 1245 Deum
1540 1206 1665 1246 cum
1702 1208 1861 1249 servo
1894 1209 2047 1248 com-

465 1285 689 1339 mistum
740 1283 997 1345 refertur,
1038 1283 1111 1335 ita
1156 1290 1211 1337 et
1262 1282 1534 1345 adoratio,
1588 1299 1710 1353 quae
1754 1298 1784 1337 a
1824 1287 2040 1342 cunctis

464 1372 663 1427 creatis
730 1372 894 1426 rebus
954 1370 1062 1425 Deo
1094 1371 1418 1437 exhibetur,
1477 1371 1546 1425 ad
1598 1386 1719 1425 eum
1760 1374 1853 1443 qui
1916 1389 2039 1428 cum

467 1464 752 1518 divinitate
808 1463 996 1517 unitus
1066 1472 1151 1517 est
1196 1462 1479 1532 dirigitur,
1537 1472 1593 1517 et
1627 1464 1731 1517 hoc
1790 1474 1950 1534 pacto
1984 1467 2040 1521 in

2149 491 2261 537 ται,
2285 472 2457 536 οὕτως
2481 471 2746 543 άντιλάϐῃ
2768 471 2828 523 τὸ
2856 471 3112 524 ταπεινὸν
3136 469 3206 522 τὰ
3236 467 3737 539 ὑψηλὰ,ίδιὼματα.

2159 566 2247 628 Ὠς
2290 564 2396 635 γὰρ
2446 564 2535 617 διὰ
2572 563 2667 616 τοῦ
2712 564 3000 633 ἀνθρώπου
3052 561 3380 632 ὀνομάζεται
3427 560 3462 631 ἡ
3498 558 3736 629 θεότης,

2149 656 2321 718 οὕτως
2354 655 2491 725 ὑπὲρ
2524 654 2695 725 ὄνομα
2724 656 2935 723 γίνεται
2964 654 3025 707 τὸ
3057 655 3122 707 ὲκ
3170 653 3264 706 τοῦ
3310 650 3574 705 ταπεινοῦ
3615 668 3743 703 συν-

2150 745 2387 815 επαρθὲν
2420 746 2487 814 τῇ
2534 743 2779 814 θεότητι·
2813 745 2908 797 καὶ
2935 743 3124 812 ὥσπερ
3156 743 3189 811 ἠ
3216 742 3410 811 ἀτιμία
3430 743 3528 809 τῆς
3560 739 3737 792 δουλι-

2150 835 2252 905 κῆς
2283 835 2496 903 μορφῆς
2521 834 2602 895 εἰς
2646 833 2737 885 τὸν
2765 832 2896 885 Θεὸν
2922 831 3013 884 τὸν
3051 829 3432 901 ἀνακραθέντα
3463 828 3545 899 τῷ
3566 827 3739 897 δούλῳ

2147 926 2245 997 τὴν
2291 923 2567 994 ἀναφορὰν
2612 923 2763 992 ἔχει,
2794 921 2965 985 οὕτως
3010 921 3103 974 καὶ
3143 922 3177 991 ἡ
3223 916 3599 988 προσκύνησις
3642 917 3745 984 τῆς

2150 1018 2435 1087 θεότητος,
2465 1018 2499 1087 ἡ
2533 1017 2683 1086 παρὰ
2715 1016 2896 1085 πάσης
2930 1014 3159 1076 κτίσεως
3200 1009 3625 1083 προσαγομένη,
3666 1007 3743 1076 τῷ

2150 1108 2401 1163 ἐνωθέντι
2431 1110 2567 1179 πρὸς
2594 1109 2694 1179 τὴν
2724 1107 2953 1175 θεότητα
2979 1106 3211 1175 γίνεται,
3248 1104 3343 1156 καὶ
3370 1101 3549 1163 οὕτως
3580 1102 3637 1152 ὲν
3665 1098 3743 1168 τῷ

2148 1198 2373 1268 ὀνόματι
2416 1197 2590 1268 Ἰησοῦ
2624 1196 2863 1268 Χριστοῦ
2898 1196 3006 1248 πᾶν
3050 1194 3179 1263 γόνυ
3221 1194 3469 1262 κάμπτει
3499 1193 3739 1257 ἐπουραο

2147 1289 2274 1341 νίων
2304 1289 2401 1342 καὶ
2437 1288 2549 1358 (51)
2588 1287 2848 1354 ἐπιγείων
2896 1287 2989 1338 καὶ
3022 1284 3422 1353 καταχθονίων,
3456 1282 3555 1334 καὶ
3596 1282 3743 1331 πᾶσα

2147 1378 2371 1445 γλῶσσα
2403 1377 2878 1449 ἐξομολογήσεται,
2910 1377 2992 1428 ὅτι
3026 1374 3232 1445 Κύριος
3265 1372 3478 1443 Ἰησοῦς
3504 1369 3741 1442 Χριστὸς

2148 1473 2229 1533 εἰς
2253 1470 2410 1538 δόξαν
2436 1469 2571 1523 Θεοῦ
2603 1467 2838 1539 Πατρός.
2883 1466 3075 1537 Ἀμήν.

466 1556 688 1610 nomine
760 1554 889 1609 Jesu
950 1553 1153 1610 Christi
1223 1571 1384 1610 omne
1463 1570 1605 1625 genu
1660 1554 1917 1623 flectitur,
1971 1564 2298 1631 caelestium,
2351 1564 2695 1619 terrestrium
2734 1569 2789 1616 et
2832 1561 3195 1623 infernorum,
3243 1566 3298 1613 et
3362 1555 3548 1613 omnis
3631 1554 3741 1607 lin-

471 1661 575 1715 gua
615 1646 964 1701 conﬁtebitur
1017 1648 1143 1717 quia
1193 1647 1455 1704 Dominus
1500 1647 1661 1704 Jesus
1692 1649 1946 1706 Christus
1987 1653 2043 1708 in
2082 1657 2254 1726 gloria
2313 1649 2548 1710 est'Dei
2602 1653 2780 1707 Patris
2805 1653 2876 1707 ".
2922 1651 3117 1705 Amen.
3510 1656 3515 1659 “

538 1734 699 1791 XXII.
759 1738 862 1793 Sed
923 1739 1087 1793 veluti
1123 1739 1190 1795 de
1261 1740 1556 1810 semetipso
1607 1742 1961 1810 erubescens,
1993 1754 2047 1801 et
2080 1757 2121 1812 Β

470 1845 580 1898 prie
608 1845 832 1884 suorum
856 1830 1127 1884 dictorum
1156 1831 1376 1901 ineptiis
1403 1832 1610 1900 pudore
1637 1833 1862 1891 atl'ectus
1882 1838 2049 1907 Apol—

472 1920 681 1983 linaris,
703 1922 1020 1975 subvertere
1051 1920 1473 1991 quodammodo,
1503 1940 1625 1994 quae
1670 1927 1839 1981 variis
1877 1943 2043 1999 argu-

472 2010 670 2063 mentis
701 2019 1026 2073 astruxerat,
1093 2025 1267 2079 neque
1312 2012 1365 2064 in
1398 2011 1538 2067 Filio
1573 2016 1732 2069 aliam
1766 2017 2049 2073 hominum

472 2099 887 2154 similitudinem
914 2115 1077 2168 quam
1109 2100 1462 2154 adventitiam
1495 2103 1782 2161 admittere
1810 2108 1945 2161 velle
1971 2108 2051 2161 vi-

474 2186 654 2241 detur.
714 2189 803 2241 Ait
858 2190 1051 2242 enim:
1092 2188 1225 2242 Ecce
1290 2192 1676 2255 eiusdemJesu
1710 2195 1906 2250 Christi
1934 2214 2051 2251 cum

479 2278 640 2333 Patre
661 2280 936 2350 wqualilas
962 2283 1331 2347 prwexsistens
1362 2294 1413 2338 et
1439 2302 1556 2338 cum
1582 2287 1880 2342 hominibus
1911 2291 2054 2343 simi-

481 2366 647 2420 litudo
700 2370 1081 2436 superveniens.
1125 2367 1324 2424 Eorum
1383 2388 1502 2441 quae
1570 2384 1730 2429 antea
1775 2376 1909 2429 dixit
1938 2392 2052 2446 pae-

480 2460 655 2513 nitere
686 2459 922 2524 videtur,
979 2469 1033 2514 et
1067 2462 1272 2516 utinam
1308 2465 1408 2517 hoc
1441 2464 1612 2531 ﬁeret,
1651 2466 1811 2521 modo
1856 2470 2053 2523 absur-

478 2550 603 2603 dam
662 2552 971 2620 opinionem
1029 2555 1306 2609 exanimo
1364 2554 1681 2619 dimitteret,
1740 2566 1793 2611 et
1842 2574 1944 2614 nos
1986 2560 2054 2614 ab

477 2642 596 2711 ejus
636 2645 1010 2699 confutatione
1038 2646 1449 2702 desisteremus.
1481 2647 1586 2703 Sed
1618 2665 1681 2703 ex
1714 2650 1798 2705 liis
1831 2666 1949 2719 qum
1977 2652 2056 2704 fa-

477 2734 553 2788 cit
615 2740 839 2801 apparet
891 2749 984 2802 per
1018 2735 1214 2789 bonam
1249 2751 1411 2806 quam
1458 2737 1514 2791 in
1549 2739 1635 2792 his
1670 2754 1780 2808 pm
1836 2755 1896 2796 se
1952 2741 2057 2798 fert

479 2830 716 2876 mentem
760 2823 864 2878 sibi
905 2823 970 2877 ad
1005 2824 1228 2880 alteram
1262 2826 1653 2882 absurditatem
1696 2830 1896 2899 gradus
1940 2848 2058 2887 mo-

480 2914 587 2968 liri.
624 2914 702 2967 Ita
726 2915 869 2967 enim
892 2916 958 2969 ad
987 2916 1209 2970 verbum
1240 2922 1333 2981 alt,
1363 2915 1428 2969 Et
1455 2912 1580 2985 quid
1611 2919 1691 2973 his
1722 2921 2056 2990 manifestius

481 3004 549 3057 ad
601 3005 997 3071 ostendendum,
1056 3024 1160 3061 non
1207 3009 1432 3062 alterum
1471 3027 1589 3063 cum
1635 3011 1802 3066 altero
1849 3014 2057 3067 unitum

481 3111 612 3159 esse,
645 3095 741 3148 hoc
770 3104 866 3157 est,
895 3097 1180 3165 perfectum
1206 3098 1374 3153 Deum
1405 3117 1522 3153 cum
1553 3102 1782 3171 perfecto
1805 3102 2053 3159 homine?
2084 3089 2129 3150 ο

484 3183 628 3240 Sane
658 3201 967 3241 sermonem
1006 3188 1152 3243 hunc
1212 3192 1416 3245 nullam
1448 3208 1573 3247 cum
1626 3196 2057 3263 praecedentibus

482 3278 879 3333 connexionem
919 3279 1139 3347 habere,
1176 3283 1386 3337 clarum
1420 3285 1607 3353 utique
1650 3286 1754 3340 erit
1784 3288 1851 3342 iis
1884 3288 2059 3341 omni-

482 3370 587 3423 bus
635 3370 727 3439 qui
770 3371 1097 3440 scriptorum
1131 3382 1365 3428 mentem
1407 3376 1625 3445 assequi
1679 3378 1881 3433 sciunt.
1912 3378 2059 3442 Quo-

486 3459 649 3513 modo
701 3462 846 3515 enim
889 3464 1272 3532 praeexsistens
1302 3466 1584 3533 aequalitas
1613 3482 1737 3522 cum
1793 3467 1977 3533 Patre,
2005 3478 2060 3527 et

484 3550 782 3604 similitudo
801 3568 922 3606 cum
948 3554 1261 3609 hominibus
1281 3557 1696 3625 superveniens,
1715 3560 2064 3630 quemadmo-

489 3644 612 3696 dum
641 3642 787 3710 loqui
840 3652 1007 3707 amat,
1037 3644 1188 3698 illum
1222 3647 1446 3701 minime
1471 3648 1775 3716 perfectum
1805 3666 1928 3707 esse
1958 3652 2061 3706 ho-

484 3732 686 3785 minem
714 3733 974 3796 ostendit,
1022 3750 1120 3804 per
1163 3753 1323 3806 quem
1384 3738 1668 3806 perfectus
1714 3741 1855 3798 Deus
1902 3743 2063 3801 homo

490 3822 664 3877 factus
695 3824 815 3878 est?
837 3823 1068 3881 Perinde
1094 3829 1237 3881 enim
1273 3836 1357 3884 est
1389 3846 1451 3884 ac
1475 3832 1520 3886 si
1555 3833 1680 3903 quis
1709 3834 1915 3890 distare
1948 3851 2063 3890 ca:-

490 3913 597 3965 lum
648 3927 675 3965 a
709 3922 854 3967 terra
895 3914 1105 3981 dicens,
1136 3917 1332 3973 deinde
1361 3934 1427 3973 ex
1479 3936 1544 3976 eo
1565 3922 1910 3979 manifestum
1950 3925 2065 3981 fieri

487 4010 721 4065 asserat,
756 4005 975 4071 gravius
1006 4009 1285 4062 stannoin
1324 4011 1520 4080 aequali
1582 4014 1723 4069 mole
1784 4015 2065 4084 plumbum

489 4111 633 4158 esse,
667 4103 721 4149 et
748 4096 1068 4165 gravitatem
1094 4098 1234 4153 idem
1252 4115 1371 4156 esse
1398 4116 1461 4155 ac
1482 4104 1605 4165 coeli
1636 4120 1665 4157 a
1699 4113 1839 4159 terra
1862 4107 2068 4162 distan-

488 4187 614 4241 tiam
650 4187 959 4243 existimet:
992 4189 1072 4244 sic
1104 4191 1473 4261 imperfectam
1500 4210 1621 4251 esse
1652 4195 2065 4267 humanitatem,

486 4292 581 4347 per
607 4291 768 4347 quam
805 4287 1014 4335 natura:
1063 4290 1266 4337 nostrae
1298 4285 1571 4356 particeps
1614 4286 1845 4343 emcitur
1886 4289 2064 4356 Deus,

488 4384 646 4423 nemo
672 4385 912 4440 unquam
944 4372 1142 4430 dixerit
1162 4390 1227 4429 ex
1256 4390 1321 4431 eo
1349 4377 1735 4445 demonstrari,
1762 4382 1908 4452 quod
1938 4382 2063 4439 Filii

485 4476 608 4515 cum
640 4462 956 4519 hominibus
988 4465 1397 4524 similitudinem
1430 4471 1498 4526 de
1524 4488 1665 4527 novo
1694 4474 1742 4529 ei
1777 4475 2064 4532 advenisse

488 4555 841 4610 concedatur.
894 4555 999 4612 Sed
1031 4558 1309 4629 impietate
1340 4570 1505 4632 atque
1537 4565 1767 4618 stultitia
1804 4566 2063 4636 hujusce-

487 4646 633 4699 modi
698 4647 976 4716 opinionis
1005 4649 1432 4706 demonstranda
1472 4656 1752 4726 paulisper
1806 4673 2061 4726 superse-

2231 1747 2371 1801 Ἀλλ’
2397 1747 2593 1812 ἔοικεν,
2626 1740 2735 1799 οἷον
2765 1744 3105 1815 ἐπερυθριῶν
3129 1742 3290 1805 αὐτὸς
3320 1741 3521 1811 ὲαυπῖ),
3559 1742 3651 1793 καὶ
3678 1745 3740 1812 τῇ

2150 1839 2347 1909 ἀτοπία
2379 1838 2486 1891 τῶν
2514 1837 2817 1908 εἰρημένων
2847 1836 3307 1906 ἐπαισχυνόμενος
3330 1874 3344 1899 ,
3391 1833 3744 1887 ἀνατίθεσθαι

2150 1928 2346 2000 τρόπον
2361 1927 2483 1981 τινὰ
2494 1926 2559 1980 τὰ
2573 1944 2701 1980 κατε
2710 1925 3175 1996 σκευασμένα,κα“ι
3194 1924 3619 1995 ἐπιγεννητικὴν
3633 1925 3743 1989 (5'2)

2151 2021 2243 2073 τοῦ
2282 2017 2414 2073 Υἱοῦ
2453 2018 2551 2089 τὴν
2589 2018 2725 2087 πρὸς
2764 2017 2889 2080 τοὺς
2921 2015 3242 2087 ἀνθρώπους
3275 2016 3577 2086 ὁμοιότητα
3616 2015 3739 2085 βού-

2150 2112 2340 2165 λεσθαι
2369 2109 2800 2173 κατασκευάζειν
2827 2110 2962 2181 (55).
2982 2110 3120 2179 Φησὶ
3151 2108 3281 2180 γὰρ,
3323 2108 3473 2162 Ἰδοὺ
3505 2109 3615 2162 τοῦ
3643 2110 3752 2161 αὑ-

2152 2204 2258 2279 τορῦ
2298 2203 2507 2272 Ἰησοῦ
2554 2202 2882 2269 Χριστοῦνή
2908 2201 3054 2268 πρὸς
3085 2200 3319 2269 Πατέρα
3352 2202 3563 2265 ἰσότης
3590 2217 3738 2269 προ-

2151 2291 2537 2360 ϋπάρχουσα,
2567 2291 2606 2358 ἡ
2642 2290 2792 2358 πρὸς
2816 2290 3165 2358 ἀνθρώπους
3189 2291 3467 2359 ὁμοιότης
3486 2290 3752 2357 ἐπιγινο-

2148 2385 2301 2455 μένη
2339 2384 2473 2454 (54).
2502 2381 2951 2451 Μεταγινώσκειν
2983 2380 3127 2435 ἔοικε
3153 2382 3245 2434 ἐπὶ
3262 2384 3375 2442 τοῖς
3400 2381 3744 2451 εἰρημένοις,

2154 2477 2249 2530 καὶ
2272 2475 2492 2528 ποιείτω
2520 2492 2584 2543 γε
2615 2474 2773 2528 τοῦτο
2790 2517 2803 2541 ,
2836 2474 2995 2545 μόνον
3020 2473 3127 2526 ἀπὸ
3153 2473 3381 2544 καρδίας
3404 2472 3505 2542 τῆς
3539 2472 3751 2525 ἀτόπου

2154 2568 2314 2638 δόξης
2346 2567 2833 2638 μεταϐαλλόμενος,
2876 2566 2969 2618 καὶ
2993 2567 3154 2634 ἡμεῖς
3186 2564 3295 2617 τῶν
3340 2565 3582 2633 ἐλέγχων
3607 2581 3752 2615 παυ-

2158 2657 2379 2728 σόμεθα.
2426 2655 2586 2709 Ἀλλά
2614 2655 2761 2709 δοκεῖ
2791 2654 2860 2707 δι’
2894 2642 2969 2707 ὧν
2999 2654 3160 2711 ποιεῖ,
3197 2652 3364 2721 ἄλλης
3398 2652 3633 2713 ἀτοπίας
3656 2650 3754 2703 διὰ

2156 2750 2257 2819 τῆς
2290 2752 2346 2802 ὲν
2374 2748 2585 2811 τούτοις
2608 2745 3029 2817 εὐγνωμοσύνης
3055 2744 3154 2807 τὰς
3190 2743 3443 2814 ἀφορμὰς
3472 2741 3756 2796 καταϐάλ-

2157 2838 2361 2891 λεσθαι.
2384 2839 2522 2909 Φησὶ
2553 2837 2608 2891 δὲ
2632 2836 2804 2899 οὓτως
2828 2834 2968 2888 κατά
2990 2835 3084 2905 τὴν
3115 2833 3280 2898 λέξιν,
3314 2835 3419 2886 Καὶ
3440 2834 3495 2885 τί
3516 2834 3760 2885 τούτων

2158 2925 2555 2995 σαφέστερον,
2588 2928 2674 2991 εἰς
2705 2925 2773 2978 τὸ
2801 2924 2887 2993 μὴ
2924 2923 3124 2990 ἕτερον
3166 2923 3292 2992 μεθ’
3338 2923 3543 2989 ἐτέρου
3573 2918 3756 2979 εἶναι.

2162 3021 2311 3073 Θεὸν
2329 3018 2558 3073 τέλειον
2572 3019 2722 3087 μετὰ
2742 3016 2976 3070 τελείου
2997 3015 3312 3082 ἀνθρώπου
3332 3028 3351 3076 ;
3375 3014 3495 3067 Ὅτι
3516 3013 3619 3082 μὲν
3638 3012 3759 3080 (55)

2159 3107 2251 3164 οὖν
2297 3110 2416 3163 οὐδὲ
2451 3110 2577 3181 μίαν
2619 3106 2904 3162 κοινωνίαν
2937 3109 2965 3159 6
2993 3106 3149 3174 λόγος
3178 3098 3333 3167 οὗτος
3363 3106 3473 3175 ἔχει
3509 3104 3648 3176 πρὸς
3687 3106 3759 3158 τὰ

2159 3201 2490 3273 προάγοντα,
2528 3199 2759 3269 φανερὸν
2802 3198 2867 3251 ἂν
2916 3196 3002 3266 εἴη
3051 3198 3184 3248 πᾶσι
3218 3198 3329 3257 τοῖς
3361 3194 3761 3263 ἐπισταμένοις

2160 3292 2387 3345 ἕπεσθαι
2417 3292 2579 3361 λόγῳ.
2606 3290 2729 3353 Πῶς
2756 3290 2866 3362 γὰρ
2892 3289 3272 3342 ἀποδείκνυσιν
3292 3290 3325 3356 ἠ
3360 3288 3493 3358 πρὸς
3528 3287 3759 3357 Πατέρα

2165 3384 2348 3454 ἰσότης
2375 3382 2821 3453 προϋπάρχουσα,
2858 3381 2952 3434 καὶ
2987 3383 3020 3450 ἡ
3058 3380 3193 3450 πρὸς
3219 3378 3535 3449 ἀνθρώπους
3570 3380 3761 3449 ὁμοιὸ-

2163 3495 2264 3547 της
2312 3476 2697 3545 ὲπιγινομένη,
2744 3472 2928 3536 καθὼς
2968 3472 3127 3535 αὐτός
3163 3489 3331 3542 φησι,
3380 3471 3441 3524 τὸ
3493 3472 3569 3541 μὴ
3612 3466 3762 3524 εἶναι

2163 3568 2444 3637 ἄνθρωπον
2476 3567 2699 3630 τέλειον,
2739 3565 2804 3617 δι’
2831 3558 2891 3618 οὗ
2921 3567 2948 3618 6
2986 3563 3187 3626 τέλειος
3222 3564 3355 3626 Θεὸς
3388 3561 3762 3633 ὲνηνθρώπη-

2167 3677 2292 3723 σεν;
2319 3661 2540 3730 Ὅμοιον
2561 3660 2670 3730 γὰρ
2699 3659 2886 3727 ὥσπερ
2916 3657 2981 3709 ἂν
3010 3657 3062 3709 εἴ
3097 3674 3179 3719 τις
3206 3655 3511 3725 ἀφεστάναι
3544 3655 3638 3706 τὸν
3669 3654 3763 3704 οὑ-

2167 3751 2325 3822 ρανὸν
2362 3751 2461 3821 τῆς
2491 3752 2593 3820 γῆς
2618 3749 2812 3817 λέγων,
2839 3748 3027 3800 ἔπειτα
3052 3747 3138 3801 διὰ
3172 3745 3376 3800 τούτων
3413 3746 3559 3799 εἴποι
3595 3762 3765 3811 quva-

2171 3842 2260 3912 ρὸν
2293 3839 2537 3908 γίνεσθαι
2568 3838 2629 3892 τὸ
2672 3838 2966 3909 βαρύτερον
3006 3833 3143 3891 εῖναι
3191 3838 3283 3890 τοῦ
3316 3836 3650 3905 κασσιτέρου
3700 3836 3763 3885 ὲν

2164 3935 2267 4004 ῐσῳ
2302 3931 2456 4002 σηκῷ
2488 3930 2596 4001 (56)
2635 3930 2725 3984 τὸν
2763 3929 3040 4000 μόλυϐδον,
3079 3930 3174 3982 καὶ
3213 3929 3377 3998 βάρος
3410 3928 3629 3996 νομίσει
3659 3926 3763 3996 τὴν

2170 4023 2428 4094 οὐρανίαν
2470 4022 2769 4076 ἀπόστασιν
2796 4039 2808 4051 ο
2841 4020 3015 4083 οὕτως
3043 4020 3163 4073 οὐδὲ
3191 4021 3250 4073 τὸ
3280 4019 3500 4083 ἐλλιπὲς
3538 4020 3640 4089 τῆς
3665 4019 3762 4070 ἀν-

2170 4114 2523 4185 θρωπότητος
2544 4153 2558 4175 ,
2588 4113 2655 4166 δι’
2680 4108 2748 4183 ἦς
2773 4114 2830 4165 ὲν
2852 4114 2918 4182 τῇ
2949 4110 3107 4181 φύσει
3137 4111 3293 4182 ἡμῶν
3315 4111 3343 4162 6
3369 4110 3503 4173 Θεὸς
3525 4110 3759 4176 γίνεται.

2168 4205 2311 4258 εἴποι
2346 4220 2427 4266 τις
2469 4202 2536 4256 ἂν
2583 4200 3002 4255 ἀποδείκνυσθαι
3047 4201 3113 4252 ὲκ
3135 4199 3228 4252 τοῦ
3258 4197 3762 4268 ἐπιγέννηματικὴν

2169 4293 2544 4365 ὁμολογεῖσθαι
2566 4293 2664 4362 τὴν
2687 4292 2822 4361 πρὸς
2842 4290 3162 4362 ἀνθρώπους
3177 4290 3271 4343 τοῦ
3292 4289 3421 4342 Υἱοῦ
3442 4290 3761 4359 ὁμοιότητα.

2183 4383 2344 4437 Ἀλλὰ
2370 4382 2468 4452 τὴν
2500 4383 2600 4453 μὲν
2626 4381 2878 4435 ἀσέϐειάν
2904 4398 2959 4434 τε
2992 4381 3085 4433 καὶ
3116 4380 3213 4450 τὴν
3240 4381 3423 4435 ἄνοιαν
3450 4382 3549 4451 τῆς
3580 4382 3763 4433 τοιαύ-

2170 4494 2270 4547 της
2290 4474 2612 4544 ὑπολήψεως
2644 4472 2926 4538 ὲπιδεῖξαι,
2963 4471 3156 4543 μικρὸν
3180 4471 3591 4542 ὑπερθήσομαι.
3624 4472 3759 4523 Νυνὶ

2169 4568 2224 4621 δὲ
2261 4567 2495 4638 καθεξῆς
2526 4569 2639 4630 τοῖς
2678 4564 3086 4636 γεγραμμένοις
3127 4565 3269 4619 κατὰ
3297 4564 3444 4629 λέξιν
3484 4563 3758 4618 διευθῖΝαι

2167 4660 2259 4714 τὸν
2286 4659 2442 4728 λόγον
2490 4659 2859 4730 πειράσομαι,
2900 4659 3111 4729 ὅσαπερ
3157 4657 3222 4712 ἂν
3253 4657 3485 4711 ὑπαίτια
3525 4654 3671 4709 κατὰ
3702 4656 3761 4707 τὸ

487 4740 675 4795 ciebo:
738 4757 885 4795 nunc
940 4753 1117 4797 autem
1154 4760 1273 4813 quae
1326 4745 1587 4817 deinceps
1645 4748 1713 4801 ab
1762 4762 1827 4801 eo
1857 4748 2058 4817 scripta

2163 4753 2453 4824 πρόχειρον
2578 4750 2716 4817 Φησὶ
2744 4749 2853 4821 γὰρ
2901 4751 2975 4820 μὴ
3008 4744 3146 4802 εἶναι
3192 4749 3323 4801 Θεὸν
3363 4748 3576 4801 τέλειον
3626 4747 3761 4817 μετὰ

490 4840 617 4882 sunt
648 4830 712 4883 ad
745 4833 971 4889 verbum
994 4850 1347 4906 persequens,
1373 4837 1491 4906 ejus
1512 4846 1804 4893 tractatum
1826 4839 2067 4895 refutare

489 4922 755 4987 conabor,
806 4924 896 4977 ubi
942 4932 1133 4981 tamen
1184 4928 1238 4981 in
1284 4939 1535 4998 promptu
1568 4937 1651 4985 est
1700 4930 1843 5000 quod
1882 4931 2067 4985 redar-

559 5055 850 5127 “Philipp.
880 5071 943 5121 il,
975 5057 1060 5114 l0.

562 5193 672 5264 (5|)
704 5190 992 5264 Particula
1019 5189 1130 5243 haec
1160 5204 1287 5243 cum
1336 5187 1587 5259 sequenti
1638 5190 1834 5243 additze
1872 5199 2000 5247 sunt
2043 5207 2072 5246 a

490 5279 632 5319 corr.
656 5261 716 5317 'et
739 5268 953 5318 exstant
981 5261 1033 5312 in
1061 5274 1219 5314 sacro
1249 5267 1421 5312 textu.

563 5334 674 5397 (52)
710 5331 892 5387 Secuti
928 5332 1014 5385 hic
1036 5345 1224 5385 sumus
1250 5343 1395 5382 corr.
1419 5329 1874 5389 emendationem,
1902 5347 2069 5399 quam

494 5403 655 5457 veluti
691 5419 754 5456 ex
785 5403 905 5471 ejus
934 5401 1151 5471 ingenio
1187 5399 1504 5468 profectam,
1536 5402 1587 5453 in
1629 5416 1801 5468 marg.
1840 5400 2071 5454 adnota-

498 5474 571 5525 vit
602 5476 702 5526 lioc
732 5470 891 5540 paeto
920 5470 1134 5542 79.141
1167 5472 1615 5540 ὲπιγεννητικὴνς
1656 5486 1779 5523 nam
1805 5470 1857 5523 in
1888 5472 2069 5542 operis

497 5550 750 5611 contextu
786 5550 923 5603 erat,
956 5540 1049 5594 καὶ
1080 5541 1434 5611 ὃογματικήν,
1461 5542 1631 5605 nullo,
1673 5550 1729 5594 ut
1786 5548 1954 5611 patet,
1987 5540 2068 5595 vel

500 5608 564 5663 ad
596 5611 777 5661 minus
807 5626 996 5677 parum
1028 5608 1189 5664 obvio
1217 5608 1398 5665 sensu.

568 5678 682 5745 (53)
711 5677 865 5731 Corr.
902 5680 1323 5735 κατασκευάσαι.

2173 4842 2459 4913 ἀνθρώπου
2486 4840 2711 4895 τελείου.
2743 4840 2891 4904 Τέως
2922 4838 3152 4893 ἐνταῦθα
3176 4839 3403 4909 πότερον
3438 4839 3555 4909 (57)
3595 4837 3761 4904 ἁτελῆ

2173 4935 2281 4989 τῶν
2310 4932 2613 5006 εἰρημένων
2641 4931 2938 5002 ὠνόμασεν,
2968 4932 3178 5001 ἀφῆκεν
3201 4931 3526 5002 ἀμφίϐολον,
3559 4930 3657 4984 καὶ
3685 4926 3763 4996 τῷ

2275 5196 2363 5256 54)
2389 5194 2445 5248 In
2470 5205 2727 5252 contextu
2771 5197 3050 5259 scribitur,
3106 5198 3287 5267 ίσότης
3330 5196 3675 5265 ὑπάρχουσα,
3732 5198 3765 5260 ἡ

2180 5266 2316 5335 πρὸς
2341 5267 2661 5336 ἀνθρώπους
2690 5268 3063 5337 ὲπιγινομένη.
3102 5266 3207 5320 Sco
3244 5266 3423 5320 satius
3467 5267 3644 5337 visqu
3682 5274 3768 5317 est

2177 5350 2323 5415 corr.
2354 5335 2790 5415 emendationem
2824 5335 2997 5415 sequi,
3033 5335 3221 5405 utpote
3253 5352 3376 5407 qua:
3432 5335 3598 5405 paqu
3644 5344 3768 5405 post

2177 5405 2231 5457 in
2263 5405 2381 5473 ipso
2406 5407 2566 5460 etiam
2598 5416 2851 5461 contextu
2884 5408 3200 5473 retineatur.

2248 5471 2361 5609 £55)
2391 5473 2548 5529 Corr.
2581 5477 2790 5532 addidit
2820 5484 2959 5546 part.
2987 5471 3097 5530 οὖν.

2273 5544 2362 5606 56)
2390 5545 2546 5599 (Iorr.
2584 5545 2750 5609 ὄγκῳ.

2273 5544 2362 5616 .59)
2390 5545 2546 5616 (ξω-ι’.
2584 5545 2750 5616 ὄγκῳ.

2248 5613 2360 5685 (57)
2391 5612 2547 5670 Corr.
2572 5612 2845 5687 ὁπότερον.
