4018 6124
350 259 490 315 1169

1489 264 1865 322 ADVERSUS
1896 265 2410 323 APOLLINAItEM.

3477 276 3611 333 I170

346 376 530 448 ἀδήλῳ
573 376 666 431 τοῦ
709 379 1107 450 σημαινομένου
1151 382 1285 453 πρὸς
1327 384 1587 455 ἑκάτερον
1639 386 1837 456 ἐπίσης
1891 387 1910 437 ’ἰ

2030 400 2191 457 guam
2229 388 2348 441 :ait
2398 388 2544 443 enim
2577 405 2686 445 non
2745 407 2869 447 esse
2904 392 3072 446 Deum
3128 392 3443 461 perfectum-
3485 410 3612 451 cum

346 469 553 523 διάνοια
583 469 790 539 βλέπει,
816 470 921 524 καί
943 472 1043 525 οὐκ
1074 471 1221 527 ἔστιν
1263 474 1324 539 ἐξ
1353 469 1427 529 ὧν
1459 477 1772 547 ἠκούσαμεν
1800 477 1929 547 περὶ

346 563 467 616 τίνα
506 562 747 633 νομίζειν
782 564 892 633 (58)
933 565 993 618 τὸ
1035 566 1226 630 ἀτελὲς
1262 566 1614 638 διδαχθῆναι,
1663 570 1791 640 περ).
1837 567 1930 622 τὸν

344 655 499 718 Θεὸν,
527 654 560 726 ἢ
584 654 673 707 τὸν
698 654 1005 726 ἄνθρωπον,
1034 657 1067 728 ἢ
1098 659 1192 711 καὶ
1225 659 1351 730 περὶ
1383 660 1707 732 ἀμφοτέρων
1731 661 1792 715 τὸ
1812 657 1929 715 ἴσον

343 743 533 798 οἴεται.
576 744 745 798 Αὐτὸν
785 742 925 800 εἶναι
996 750 1130 819 φησὶ
1183 749 1295 819 (59)
1331 747 1463 804 Θεὸν
1496 751 1594 820 μὲν
1625 752 1925 822 πνεύματι,

343 836 440 906 τὴν
485 837 578 889 τοῦ
614 836 749 890 Θεοῦ
793 839 954 905 δόξαν
1007 839 1233 910 ἔχοντα·
1286 842 1571 913 ἄνθρωπον
1610 845 1668 896 δὲ
1714 845 1926 914 σώματι

343 926 440 996 τὴν
463 926 571 980 τῶν
614 927 917 998 ἀνθρώπων
943 930 1127 996 ἄδοξον
1169 932 1477 1004 φορέσαντα
1520 936 1755 1007 μορφήν.
1789 932 1926 989 Εἷπε

341 1018 491 1080 Θεὸν,
521 1015 642 1071 εἶπε
659 1021 751 1073 καὶ
772 1020 868 1074 ἀνθ
878 1039 1077 1092 ρωποψ
1110 1025 1343 1095 φανερὸν
1361 1025 1417 1077 δὲ
1441 1028 1594 1090 πᾶσι,
1614 1028 1697 1079 ὅτι
1729 1027 1839 1097 (60)
1864 1029 1923 1082 οὐ

265 1101 267 1105 ⁴
339 1109 507 1161 ταὺτὸ
545 1108 651 1163 τῶν
684 1112 961 1181 ὀνομάτων
1012 1114 1216 1168 τούτων
1240 1116 1299 1169 τὸ
1340 1118 1774 1188 σημαινόμενον’
1810 1120 1924 1173 ἀλλ’

345 1201 475 1264 ἴδιος
498 1202 597 1272 μὲν
619 1203 646 1254 ὀ
661 1203 757 1273 τῆς
781 1203 1049 1277 θεότητος,
1072 1205 1256 1278 ἕτερος
1275 1208 1331 1261 δὲ
1350 1211 1378 1262 ὀ
1394 1208 1490 1278 τῆς
1507 1210 1603 1263 ἀνθ
1612 1212 1925 1281 ρωπότητος

341 1290 737 1363 ὲρμηνευτικός
775 1296 890 1348 ἐστι
919 1296 1095 1366 λόγος.
1140 1298 1273 1362 Θεὸς
1314 1298 1414 1369 μὲν
1447 1300 1555 1372 γάρ
1592 1302 1708 1354 ἐστι
1738 1301 1798 1354 τὸ
1838 1302 1925 1356 ἀεὶ

342 1380 603 1447 ὡσαύτως
632 1384 753 1455 ἔχον
786 1387 1000 1441 πάντων
1031 1388 1251 1457 ἀγαθῶν
1284 1392 1477 1458 αίτιον,
1505 1391 1628 1445 οὔτε
1658 1394 1787 1447 ποτὲ
1811 1394 1923 1465 (GI)

343 1473 434 1542 μὴ.
454 1472 533 1538 ὃν,
570 1475 693 1529 οὔτε
734 1478 863 1531 ποτὲ
896 1480 970 1549 μὴ
1000 1480 1286 1550 ὲσόμενονο
1318 1481 1605 1552 ἄνθρωπος
1627 1482 1683 1535 δὲ
1712 1483 1823 1553 (62)
1853 1485 1924 1538 τὰ

343 1564 440 1633 μὲν
470 1565 605 1619 ἄλλα
644 1569 923 1636 συγγενῶς
953 1570 1088 1641 πρὸς
1118 1572 1218 1642 τὴν
1250 1572 1360 1625 τῶν
1383 1572 1595 1641 ἀλόγων
1622 1574 1784 1643 φύσιν
1810 1576 1924 1629 διά-

338 1670 536 1721 κειται,
574 1658 665 1712 καὶ¹
707 1659 794 1712 διὰ
834 1661 1033 1733 σαρκὸς
1059 1663 1153 1716 καὶ
1183 1664 1487 1735 αἰσθήσεως
1530 1668 1922 1739 παραπλησίως

2034 476 2257 532 homine
2276 479 2541 548 perfecto.
2571 478 2846 538 Hactenus
2903 491 3085 537 utrum
3126 498 3193 537 ex
3245 484 3460 540 duobus
3489 486 3616 542 istis

2032 568 2413 638 imperfectum
2442 573 2737 639 vocaverit,
2787 573 3060 628 incertum
3103 573 3349 643 reliquit,
3389 583 3444 630 et
3504 593 3617 646 prae

2034 658 2329 729 signiticati
2360 660 2714 730 ambiguitate
2756 662 2825 716 ad
2857 671 3151 730 utrumque
3180 679 3247 718 ex
3274 680 3432 734 aequo
3460 683 3615 721 mens

2032 751 2274 821 respicit,
2308 768 2409 807 nec
2452 770 2519 810 ex
2563 755 2648 812 his
2694 772 2818 827 quae
2869 758 3179 812 audivimus
3227 757 3443 813 discere
3489 760 3615 815 licet

2032 848 2216 895 utrum
2256 857 2444 896 eorum
2495 844 2875 914 imperfectum
2903 863 3025 902 esse
3066 854 3310 914 censeat,
3348 847 3607 911 Deumne.

2028 946 2098 985 an
2131 932 2428 999 hominem,
2483 948 2551 988 an
2586 950 2716 989 vero
2743 936 2809 992 de
2844 944 3081 1006 utroque
3131 937 3335 1006 pariter
3389 940 3612 1006 aequali-

2029 1029 2220 1092 terque
2267 1024 2321 1077 id
2372 1024 2483 1079 dici
2534 1026 2809 1094 epinetur.
2876 1031 3060 1099 Ipsum
3115 1044 3238 1083 esse
3292 1028 3367 1084 ait
3414 1030 3611 1098 spiritu

2027 1114 2245 1185 quidem
2281 1114 2475 1181 Deum,
2507 1115 2597 1171 Dei
2623 1118 2852 1187 gloriam
2901 1119 3305 1190 possidentem;
3333 1120 3608 1175 hominem

2026 1220 2158 1260 vero
2183 1221 2415 1276 corpore
2446 1208 2762 1279 ignobilem,
2792 1211 3075 1265 hominum
3123 1211 3355 1267 formam
3386 1221 3609 1283 gestan-

2026 1305 2155 1353 tem.
2194 1297 2340 1352 Dixit
2371 1298 2562 1364 Deum,
2590 1299 2730 1354 dixit
2770 1301 3040 1357 hominem
3068 1321 3082 1369 ;
3139 1304 3395 1357 omnibus
3426 1313 3605 1359 autem

2026 1398 2211 1443 notum
2235 1397 2317 1445 est
2345 1404 2453 1444 non
2476 1392 2720 1447 eamdem
2742 1408 2862 1447 esse
2884 1394 3163 1448 nominum
3184 1395 3413 1450 istorum
3438 1396 3609 1466 signi-

2028 1480 2357 1545 ﬁcationem,
2387 1483 2481 1538 sed
2539 1484 2660 1539 aliis
2708 1484 2890 1541 verbis
2920 1485 3285 1551 divinitatem,
3326 1487 3449 1540 aliis
3479 1503 3608 1540 vero

2024 1571 2427 1628 humanitatem
2480 1575 2764 1645 explicari.
2802 1574 2947 1631 Deus
2986 1577 3189 1632 etenim
3221 1586 3305 1633 est
3335 1578 3604 1632 bonorum

2025 1663 2274 1718 omnium
2302 1681 2469 1722 causa
2521 1682 2739 1737 semper
2768 1683 2877 1722 una
2909 1676 2962 1723 et
3000 1669 3212 1732 eadem,
3249 1677 3303 1725 et
3339 1671 3425 1724 sui
3460 1671 3607 1725 simi-

338 1747 521 1812 αὐτοῖς
561 1727 961 1821 διοικούμενος·
997 1756 1061 1824 τῇ
1098 1754 1153 1806 δὲ
1194 1755 1287 1808 τοῦ
1330 1727 1910 1831 νόουπροσθήκητῶν

2026 1756 2114 1821 Iis,
2148 1772 2270 1826 quae
2300 1772 2579 1828 nunquam
2614 1758 2871 1825 nonfuit,
2905 1770 2959 1815 et
2986 1775 3266 1830 nunquam
3310 1777 3417 1816 non
3450 1762 3555 1816 erit
3587 1781 3600 1814 :

338 1840 548 1908 ἀλόγων
573 1842 1003 1915 κεχωρισμένος,
1033 1844 1093 1896 ὲν
1131 1845 1305 1916 τούτῳ
1349 1847 1410 1900 τὸ
1449 1848 1648 1913 ἰδιάζον
1677 1850 1790 1921 ἔχει
1817 1852 1916 1922 τῆς

336 1930 571 2001 φύσεως.
623 1932 697 1985 Ub
730 1934 838 2004 γὰρ
876 1936 940 1988 ἄν
978 1952 1060 2000 τις
1091 1937 1379 2009 ἄνθρωπον
1421 1938 1766 2011 ὁριζόμενος,
1806 1944 1917 1998 ἀπὸ

336 2024 555 2095 σαρκῶν
592 2042 652 2077 τε
695 2026 790 2078 καὶ
832 2027 1031 2081 ὀστέων
1073 2030 1165 2082 καὶ
1200 2030 1572 2101 αἰσθητηρίων
1624 2034 1871 2103 ὁρίσαιτο
1895 2052 1910 2066 ο

332 2114 454 2168 οὐδὲ
491 2115 587 2187 τὴν
614 2115 887 2187 βρωτικὴν
913 2136 969 2171 τε
1004 2122 1097 2173 καὶ
1136 2121 1495 2194 ἀλλοιωτικὴν
1538 2124 1767 2197 δύναμιν
1796 2128 1907 2198 (65)

332 2206 499 2258 εἰπών
522 2223 626 2271 τις,
645 2207 704 2259 τὸ
727 2207 854 2260 ἰδιον
871 2208 969 2279 τῆς
991 2210 1334 2283 ἀνθρωπίνης
1351 2214 1651 2281 ἐνεδείξατο
1664 2216 1879 2285 φύσεως
1894 2236 1908 2251 ·

330 2295 471 2349 ἀλλὰ
502 2297 562 2349 τὸ
603 2297 939 2369 διανοητικὸν
973 2303 1065 2356 καὶ
1092 2303 1201 2374 (64)
1232 2304 1470 2374 λογικὸν,
1503 2307 1596 2361 τὸν
1625 2308 1910 2381 ἄνθρωπον

331 2387 550 2453 ἔδειξεν.
568 2384 717 2443 Ἷσον
739 2388 831 2444 οὖν
856 2394 1002 2445 ἐστιν
1019 2394 1050 2463 ἢ
1068 2394 1154 2447 διά
1177 2395 1269 2449 τοῦ
1288 2398 1553 2469 ὀνόματος
1572 2400 1909 2471 ἑρμηνεῦσαι

330 2480 429 2549 τὴν
458 2480 639 2549 φύσιν,
686 2484 717 2554 ἢ
752 2484 840 2537 διὰ
868 2485 960 2538 τοῦ
1000 2486 1142 2551 ἰδίως
1189 2491 1575 2561 παρεπομένου
1611 2496 1676 2565 τῇ
1725 2495 1904 2564 φύσει.

334 2569 404 2624 '0
440 2588 498 2624 τε
527 2572 635 2645 γὰρ
674 2573 960 2644 ἄνθρωπον
994 2579 1164 2633 εἰπὼν
1183 2620 1198 2644 ,
1225 2581 1285 2634 τὸ
1317 2582 1533 2652 λογικὸν
1567 2586 1866 2654 ἐνεδείξατο
1890 2606 1903 2619 ·

327 2660 357 2713 δ
385 2678 442 2713 τε
466 2660 683 2732 λογικὸν
719 2664 1014 2737 ὀνομάσας,
1050 2670 1140 2723 τὸν
1161 2672 1446 2743 ἄνθρωπον
1477 2676 1565 2731 διὰ
1591 2679 1691 2749 τῆς
1724 2683 1907 2753 φωνῆς

326 2752 530 2824 ταύτης
560 2756 836 2822 ἀπέδειξεν
882 2760 1022 2830 (65).
1059 2763 1269 2817 Οὐκοῦν
1304 2767 1397 2819 καὶ
1443 2771 1472 2820 ὀ
1530 2772 1906 2848 Ἀπολινάριος

324 2845 459 2899 Θεὸν
492 2848 583 2901 καὶ
606 2847 889 2920 ἄνθρωπον
916 2854 1221 2922 ὀνομάσας,
1251 2856 1409 2927 εἴπερ
1438 2859 1549 2930 (66)
1579 2862 1677 2926 τὰς
1706 2845 1905 2936 eaea:-

323 2940 558 3029 νομένας
596 2942 660 3011 τῇ
707 2942 920 3013 θεότητι
953 2945 1232 3015 σημασίας
1275 2952 1341 3020 τῇ
1369 2955 1518 3022 φωνῇ
1546 2954 1719 3028 ταύτῃ
1764 2975 1903 3029 συμ-

322 3028 664 3136 περιέλαδεν,
695 3032 804 3136 οὐδ’
842 3033 908 3136 ἂν
941 3033 1035 3136 τρί’)
1076 3034 1364 3107 ἀνθρώπου
1398 3040 1460 3093 τὸ
1502 3028 1903 3117 σημαινόμενον
1934 3078 1975 3136 C

320 3118 410 3172 διὰ
434 3120 534 3189 τῆς
563 3122 857 3193 ἑρμηνείας
884 3123 1209 3196 λωϐήσαιτο.
1268 3130 1403 3184 Ἀλλ’
1430 3133 1588 3208 εἰπερ
1622 3139 1906 3209 ἄνθρωπος

318 3208 561 3279 λέγεται,
590 3212 703 3265 ἔστι
732 3213 951 3279 πάντως
979 3217 1011 3286 η
1035 3216 1228 3287 κλῆσις
1257 3219 1462 3294 ἀληθὴς
1488 3265 1503 3290 ,
1532 3226 1625 3279 καὶ
1652 3230 1711 3281 οὐ
1729 3208 1904 3300 ίψευδ-

320 3300 535 3373 ώνυμος
558 3320 573 3333 ·
594 3305 655 3357 τὸ
683 3305 738 3358 δὲ
759 3306 957 3378 ἀληθὲς
986 3310 1078 3362 τοῦ
1110 3312 1370 3382 ὀνόματος
1390 3318 1447 3370 ὲν
1475 3318 1553 3389 τῷ
1581 3320 1795 3390 λογικὸν
1831 3324 1905 3379 εἰς

320 3408 408 3446 ναι
427 3393 582 3460 ζῶον,
612 3395 701 3450 τὸν
721 3397 863 3451 οὕτω
885 3400 1409 3473 κατονομαζόμενον,
1427 3408 1810 3470 ἐπιδείκνυται.
1848 3418 1903 3472 ’0

320 3482 379 3536 δὲ
405 3484 556 3551 λόγος
579 3488 642 3539 ὲκ
669 3488 907 3553 διανοίας
947 3492 1186 3556 πάντως,
1214 3492 1353 3549 ὥστε
1382 3499 1430 3550 εἰ
1455 3498 1773 3572 ἄνθρωπος,
1807 3509 1902 3561 καὶ

318 3576 653 3648 διανοητικὸς
680 3581 739 3649 ἐξ
774 3584 1049 3656 ἀνάγκης·
1095 3586 1142 3638 εἰ
1176 3586 1232 3641 δὲ
1264 3589 1324 3641 οὐ
1366 3590 1724 3664 διανοητικὸς,
1777 3601 1899 3655 οὐδὲ

317 3666 622 3739 ἄνθρωπος.

2024 1852 2080 1900 at
2101 1846 2263 1900 homo
2286 1848 2390 1901 alia
2412 1849 2629 1919 quidem
2656 1865 2780 1905 cum
2811 1851 3141 1907 animalibus
3170 1854 3383 1907 ratione
3411 1868 3606 1908 caren-

2022 1936 2168 1994 tibus
2195 1942 2505 1995 communia
2553 1942 2739 2008 habet,
2795 1951 2849 1998 et
2882 1959 2991 1998 non
3027 1959 3188 2000 secus
3216 1960 3281 2000 ac
3311 1945 3401 1999 illa
3437 1960 3603 1999 carne

2022 2031 2389 2101 sensibusque
2415 2034 2643 2103 regitur,
2678 2036 2793 2090 sola
2821 2051 2953 2091 vero
2977 2038 3178 2091 mentis
3214 2037 3537 2092 accessione
3570 2050 3602 2089 a

2020 2121 2197 2176 brutis
2227 2125 2598 2181 animantibus
2623 2139 2893 2192 secretus,
2920 2129 2974 2182 in
2992 2128 3098 2183 hoc
3128 2130 3361 2197 positam
3394 2137 3603 2182 naturae

2020 2228 2133 2267 sua:
2161 2215 2555 2284 proprietatem
2590 2216 2773 2272 habet.
2790 2217 2960 2273 Nemo
2983 2219 3128 2272 enim
3162 2219 3436 2273 hominem
3469 2219 3602 2273 deli-

2016 2305 2257 2371 niturus,
2313 2321 2500 2373 carne,
2543 2308 2768 2365 ossibus
2833 2320 2998 2380 atque
3032 2310 3297 2367 sensoriis
3345 2311 3600 2375 definiat;

2017 2412 2117 2452 nec
2153 2397 2348 2467 aliquis
2408 2399 2754 2464 comedendi,
2788 2401 3084 2472 cibumque
3127 2402 3394 2458 alterandi
3426 2402 3602 2456 facul-

2016 2496 2181 2545 tatem
2233 2505 2550 2555 recensens,
2605 2492 2858 2547 humana:
2898 2510 3137 2562 unquam
3216 2500 3426 2548 naturae.
3475 2508 3600 2564 pro-

2014 2582 2277 2651 prietates
2308 2582 2652 2654 designavit;
2677 2584 2772 2641 sed
2821 2585 3290 2656 cogitandiatque
3319 2586 3594 2641 disseren-

2014 2671 2069 2726 di
2098 2672 2328 2728 facultas
2356 2674 2630 2731 hominem
2687 2676 2927 2732 denotat.
2982 2677 3127 2732 Idem
3160 2679 3345 2749 itaque
3372 2687 3457 2734 est
3495 2679 3597 2731 ali-

2013 2766 2172 2835 cujus
2216 2776 2468 2822 naturam
2530 2768 2615 2824 vel
2644 2770 2764 2825 solo
2814 2769 3061 2834 nomine,
3097 2771 3182 2826 vel
3240 2785 3309 2825 ex
3338 2786 3405 2825 eo
3449 2771 3597 2842 quod

2014 2859 2367 2927 peculiariter
2397 2860 2475 2914 illi
2528 2868 2740 2917 natura!
2791 2864 3072 2927 convenit,
3108 2863 3426 2934 explicare;
3469 2880 3594 2917 nam

2011 2948 2105 3018 qui
2126 2948 2400 3005 hominem
2428 2950 2583 3018 dicit,
2603 2954 2748 3024 quod
2772 2956 3001 3011 rationis
3022 2970 3194 3026 capax
3214 2962 3300 3031 est
3316 2956 3595 3026 exprimit,

2011 3046 2065 3094 et
2097 3040 2191 3109 qui
2224 3041 2491 3098 rationale
2524 3053 2703 3110 vocat,
2770 3046 3043 3101 hominem
3077 3048 3178 3102 hac
3221 3064 3357 3103 voce
3389 3048 3598 3119 signiﬁ-

2008 3138 2119 3187 cat.
2137 3132 2471 3202 Apollinaris
2490 3135 2673 3206 itaque
2701 3137 2871 3192 Deum
2898 3146 2951 3193 et
2980 3139 3255 3195 hominem
3281 3142 3592 3206 nominans,

2007 3223 2054 3278 si
2111 3239 2302 3278 earum
2354 3241 2540 3281 rerum
2596 3227 3029 3297 signiﬁcationes
3060 3246 3181 3299 quae
3207 3232 3261 3288 in
3310 3232 3596 3287 divinitate

2007 3315 2429 3384 conspiciuntur
2475 3317 2578 3372 hac
2613 3332 2748 3373 voce
2790 3320 3192 3389 complectitur,
3225 3320 3471 3390 profecto
3496 3335 3595 3376 nec

2006 3403 2061 3459 id
2104 3405 2252 3475 quod
2313 3406 2554 3462 hominis
2584 3407 2853 3463 vocabulo
2893 3409 3237 3479 signiﬁcatur
3270 3408 3387 3464 suis
3425 3406 3596 3462 inter-4

2005 3494 2404 3563 prolationibus
2435 3495 2677 3551 adimere
2705 3497 2925 3565 poterit.
2967 3497 3072 3553 Sed
3103 3501 3146 3553 si
3174 3499 3337 3552 homo
3367 3498 3590 3561 dicitur,

2006 3600 2134 3640 vero
2149 3602 2375 3656 prorsus
2402 3596 2459 3642 et
2482 3603 2590 3643 non
2614 3588 2874 3644 ementito
2902 3592 3123 3646 nomine
3154 3591 3235 3646 sic
3255 3592 3592 3661 appellatur;

2004 3691 2190 3731 veram
2246 3686 2424 3731 autem
2488 3678 2654 3747 hujus
2714 3681 2956 3737 nominis
2983 3681 3436 3752 signiﬁcationem
3473 3694 3593 3734 esse

316 3772 385 3811 ex
405 3772 470 3811 eo
500 3758 1074 3831 demonstratur,quod
1120 3764 1386 3822 rationale
1408 3770 1609 3826 animal
1633 3773 1763 3832 illud
1790 3778 2628 3858 sitquod;itaappellatur.Ratio
2655 3798 2835 3847 autem
2851 3808 2919 3848 ex
2956 3802 3137 3849 mente
3152 3810 3380 3862 prorsus
3393 3797 3590 3855 oritur,

317 3852 395 3906 ita
428 3861 486 3907 ut
518 3855 563 3909 si
600 3854 762 3909 homo
795 3865 880 3912 est
902 3897 916 3921 ,
951 3861 1267 3915 necessario
1286 3872 1464 3920 mente
1481 3869 1740 3937 praeditus
1763 3889 1886 3934 esse
1913 3879 2165 3949 dicatur;
2194 3882 2241 3937 si
2267 3898 2399 3938 vero
2421 3893 2603 3942 mente
2626 3894 2834 3954 careat,
2860 3903 3037 3960 neque
3065 3891 3227 3946 homo
3246 3907 3368 3948 esse
3387 3902 3589 3963 potest.

402 3990 557 4045 Ἀλλ’
581 3991 889 4061 ἅνθρωπος
933 3993 1013 4065 ἦν
1043 3998 1123 4064 τῷ
1151 4001 1400 4068 σώματι,
1436 4008 1592 4077 φησὶ,
1625 4010 1743 4080 τὴν
1778 4015 1898 4070 τῶν

315 4080 431 4151 (67)
468 4083 794 4152 ἀνθρώπων
838 4087 1062 4153 ἄδοξον
1104 4092 1372 4160 φορέσας
1415 4100 1674 4168 μορφήν.
1715 4105 1900 4161 Ταῦτα

319 4176 421 4247 μὲν
435 4175 667 4244 οἴκοθεν,
693 4179 787 4232 καὶ
801 4181 900 4233 οὐκ
917 4181 981 4234 ὲκ
998 4182 1097 4253 τῆς
1116 4188 1435 4259 γραφικῆςή
1446 4193 1536 4260 μῖν
1552 4193 1898 4265 διδασκαλίας

316 4266 709 4338 προϐάλλεται·
752 4269 888 4340 πλὴν
922 4270 997 4335 ὡς
1032 4273 1099 4326 ἂν
1127 4275 1221 4328 καὶ
1246 4277 1341 4331 ἀπ’
1371 4280 1572 4347 αὐτῶν,
1604 4277 1678 4337 ὧν
1708 4286 1896 4357 λέγει,

314 4357 453 4429 πρὸς
471 4359 777 4412 τούναντίον
803 4360 952 4431 αὐτῷ
974 4369 1335 4440 περιτραπείη
1359 4372 1420 4424 τὸ
1438 4375 1894 4448 σπουδαζόμενον,

2075 4020 2262 4080 XXIII.
2298 4021 2399 4078 Sed
2432 4023 2615 4093 homo,
2650 4022 2849 4098 inquit,
2888 4038 3004 4083 erat
3056 4047 3274 4099 corpore
3315 4033 3469 4087 vilem
3499 4033 3594 4087 Ιιο-

2004 4113 2207 4165 minum
2233 4113 2465 4182 formam
2489 4124 2723 4185 gestans.
2764 4117 2889 4174 llaec
2921 4120 2989 4175 de
3033 4137 3134 4177 suo
3182 4138 3290 4177 non
3324 4139 3392 4179 ex
3420 4140 3593 4180 sacra:

2006 4202 2303 4274 Scriptura:
2352 4207 2608 4262 doctrina
2641 4211 2801 4267 nobis
2861 4212 3127 4266 obtrudit.
3160 4213 3357 4268 Verum
3389 4226 3448 4269 ut
3478 4217 3594 4271 haec

2006 4310 2222 4365 quoque
2246 4297 2581 4366 Apollinaris
2626 4300 2785 4355 effata
2819 4302 2875 4356 in
2904 4303 3243 4358 contrarium
3277 4313 3443 4375 atque
3475 4308 3593 4377 ipse

2005 4385 2240 4443 intendit
2282 4400 2689 4460 convertamus,
2748 4395 2822 4448 ita
2867 4410 3176 4451 sermonem
3214 4397 3588 4457 instituemus.

312 4450 517 4503 οὑτωσὶ
544 4450 636 4504 τὸν
660 4451 816 4520 λόγον
831 4455 1276 4526 κατανοήσωμεν.
1303 4461 1423 4529 Τὴν
1444 4463 1688 4534 ἄδοξον,
1709 4473 1895 4543 φησὶν,

2016 4476 2319 4549 lgnobilem,
2345 4481 2541 4552 inquit,
2564 4450 2725 4554 gessit
2747 4485 3016 4540 hominum
3046 4450 3590 4557 [omam.(,)uaina;

311 4541 570 4610 ἑφόρεσε
597 4542 717 4597 τῶν
749 4543 1073 4612 ἀνθρώπιον
1098 4549 1357 4619 μορφήν.
1404 4554 1500 4618 Τίς
1530 4557 1656 4622 δόξα
1686 4541 1899 4635 ἀνθρὼ-

314 4650 422 4686 που
454 4634 669 4706 πρῶτον
705 4635 1151 4709 ἐπισκεψώμεθα,
1203 4641 1297 4694 καὶ
1325 4642 1496 4709 οὕτως
1536 4650 1599 4700 ὲκ
1641 4651 1735 4705 τοῦ
1767 4634 1899 4709 ἀκο..

311 4727 509 4781 λούθου
530 4728 628 4801 τὴν
648 4730 862 4795 ἀδοξίαν
895 4732 1182 4802 νοήσομεν.
1216 4733 1428 4791 Οὐκοῦν
1449 4739 1577 4804 δόξα
1604 4744 1894 4817 ἀνθρώπου

311 4821 348 4891 ἥ
378 4838 444 4889 γε
476 4820 682 4892 ἀληθὴς
712 4821 858 4889 δόξα,
893 4826 926 4895 ἡ
955 4826 1095 4880 κατά
1127 4826 1330 4903 ἀρετήν
1368 4830 1483 4883 ἐστι
1509 4833 1727 4899 πάντως
1756 4838 1889 4912 ζωή.

313 4911 390 4962 Τὸ
420 4911 529 4982 γὰρ
562 4912 783 4985 εὐχροίᾳ
809 4914 953 4980 τινὶ,
984 4915 1017 4985 ἢ
1065 4915 1183 4987 ὥρα
1212 4916 1413 4987 σαρκὸς
1436 4960 1450 4983 ,
1491 4919 1523 4991 ἢ
1559 4922 1619 4975 τὸ
1658 4911 1893 4995 ἔμπαλιν

312 5006 564 5077 ἀμορφία
597 5006 849 5078 σώματος
872 5049 887 5075 ,
928 5008 1024 5081 τὴν
1065 5010 1221 5076 δόξαν
1254 5011 1362 5064 τῶν
1396 5012 1699 5085 ἀνθρώπων
1727 5020 1761 5092 ἢ
1796 5022 1895 5093 τὴν

311 5095 530 5164 ἀδοξίαν
564 5099 864 5169 ὁρίζεσθαι,
908 5102 1014 5156 τῶν
1051 5102 1531 5175 διατεθρυμμένων
1564 5108 1631 5163 ἂν
1678 5113 1785 5184 εἴη.
1830 5116 1894 5170 Εἰ

387 5275 500 5351 (ξιξ)
530 5276 674 5351 Lego
703 5280 934 5351 νομίζει.

276 5396 281 5427 ἒ
530 5346 1016 5427 [ta'mrrl_;_prius
1035 5354 1180 5427 enim
1215 5366 1355 5423 erat,
1395 5360 1550 5427 φασί.

528 5418 716 5492 Corr,
747 5414 879 5492 add:
912 5425 1236 5492 particulam
1267 5414 1371 5481 ὃτί.

524 5489 876 5572 μνθώἰυιη.
908 5485 1038 5572 {more
1072 5509 1217 5549 corr.
1247 5498 1375 5572 add.
1406 5509 1636 5572 utroque
1668 5502 1719 5557 in
1756 5502 1895 5560 loco.

382 5555 495 5634 (θὲ)
524 5557 601 5634 Ita
632 5576 803 5634 co_rr.;
844 5564 996 5632 prius
1018 5574 1155 5623 erat.
1192 5566 1310 5634 μέν.

382 5627 499 5709 (63)
532 5629 716 5709 secuti
753 5627 944 5709 sumus
984 5634 1072 5688 hic
1113 5627 1324 5709 antiqui
1371 5655 1515 5695 corr.
1564 5641 1886 5709 lectionem;

316 5714 437 5756 nam
470 5699 527 5754 in
560 5698 683 5757 Vat.
709 5701 831 5758 cod.
869 5710 1019 5760 textu
1046 5698 1324 5776 scribitur,
1354 5711 1474 5765 οὐδὲ
1504 5711 1600 5783 τὴν
1632 5698 1886 5785 βρυτικὴὺ

2005 4570 2286 4626 hominum
2318 4574 2489 4644 gloria
2524 4575 2596 4629 sit
2627 4577 2865 4647 primum
2894 4580 3204 4649 videamus,
3230 4598 3404 4653 eoque
3431 4591 3591 4652 pacto

2002 4676 2255 4732 quaenam
2286 4665 2605 4720 eorumdem
2632 4668 2947 4744 ignobilitas
2981 4672 3052 4726 sit
3088 4684 3489 4744 consequenter
3515 4676 3592 4728 in-

2002 4752 2335 4823 telligemus.
2368 4752 2512 4810 Vera
2542 4757 2728 4828 itaque
2756 4742 2998 4817 homin‘is
3027 4763 3224 4833 gloria,
3259 4742 3370 4818 vita
3399 4772 3483 4821 est
3521 4766 3589 4821 ad

1999 4845 2219 4902 virtutis
2240 4862 2488 4902 normam
2529 4849 2779 4907 instituta
2805 4872 2819 4921 ;
2852 4854 3290 4910 eﬂeminatorum
3317 4857 3461 4913 enim
3488 4860 3591 4914 erit

2001 4952 2069 4992 ex
2097 4939 2332 5008 quadam
2396 4943 2596 4999 coloris
2627 4954 2931 5014 venustate,
2977 4948 3061 5003 vel
3093 4950 3277 5006 carnis
3324 4950 3458 5008 ﬂore
3498 4961 3593 5008 aut

2002 5044 2033 5085 e
2056 5044 2325 5086 converso
2363 5048 2430 5088 ex
2455 5038 2706 5106 corporis
2753 5038 3107 5099 deformitate
3153 5043 3439 5099 hominum
3470 5045 3589 5113 glo-

2005 5120 2141 5175 riam
2192 5121 2274 5176 vel
2320 5122 2714 5195 ignobilitatem
2764 5131 2964 5187 metiri.
3025 5131 3085 5187 Si
3127 5133 3308 5204 itaque
3360 5133 3587 5203 gloriam

2006 5298 2254 5371 δύναμιν,
2306 5303 2489 5367 nullo,
2541 5312 2601 5358 ut
2643 5305 2774 5359 mihi
2817 5306 3055 5368 videtur,
3101 5320 3285 5367 sensu,
3338 5316 3463 5358 nam
3520 5319 3583 5361 ex

2006 5381 2181 5444 morte
2209 5373 2353 5444 nulla
2378 5374 2508 5428 oriri
2544 5382 2720 5444 potest
2749 5377 2801 5429 in
2831 5376 3050 5429 homine
3076 5372 3322 5444 δύναμις.

2216 5443 2376 5497 Corr.
2412 5440 2749 5513 διανοητικόν
2775 5460 2832 5495 τε
2856 5443 2968 5495 καί.

2072 5511 2186 5577 (65)
2221 5514 2375 5567 Corr.
2406 5511 2698 5577 ἐπέδειξεν.

2070 5580 2184 5651 (66)
2222 5583 2381 5637 Corr.
2413 5584 2569 5651 εἰπερ
2599 5582 2775 5644 πάσας
2796 5582 2912 5644 τάς.

2069 5650 2181 5722 (67)
2214 5651 2368 5707 Corr.
2408 5652 2437 5704 ὸ
2464 5650 2582 5722 τήν.
