4018 6124
472 168 598 226 11⁸⁷1

1695 180 1749 233 S.
1777 179 2100 235 GREGORII
2131 181 2425 239 NYSSENI

3605 188 3746 244 “7?.

467 291 708 349 hominis
745 293 978 348 fatemur
1014 311 1135 351 esse
1174 297 1450 365 virtutem,
1481 315 1672 354 eorum
1733 303 2047 370 ignobilitas

2156 299 2286 374 οὗ·ιὴ
2309 303 2478 376 ἀρετὴ
2493 305 2551 356 τὸ
2578 303 2787 369 ἔνδοξον
2811 305 2894 358 ἐπ’
2909 303 3212 376 ἀνθρώπων
3238 306 3588 375 ὁμολογεῖται
3606 309 3742 373 (θεν,

469 401 698 455 prorsus
721 387 823 439 erit
847 386 1061 441 vitium.
1100 387 1488 444 Verumtamen
1553 391 1922 460 Appollinaris
1974 395 2050 446 ait

468 479 762 546 ignobilem
791 479 1071 532 hominum
1123 479 1349 534 formam
1385 480 1550 536 Deum
1593 484 1925 554 suscepisse.
1992 486 2048 540 Si

467 569 634 639 igitur
679 569 734 624 in
789 570 920 625 vitio
954 571 1284 642 ignobilitas.
1336 575 1526 627 vitium
1577 583 1756 630 autem
1801 578 2050 648 eligentis

465 661 765 715 voluntatis
802 663 1082 732 turpitudo
1112 672 1196 718 est
1226 712 1231 724 ε
1263 665 1414 734 eligit
1435 675 1618 718 autem
1641 667 1922 736 cogitatio,
1959 684 2051 723 ea-

465 768 573 821 que
601 756 798 809 mentis
837 755 1058 822 quidam
1088 764 1268 810 motus
1295 767 1411 822 est;
1438 758 1529 826 qui
1560 758 1726 828 igitur
1755 760 2047 814 humanam

467 843 616 895 circa
652 843 818 898 Deum
857 845 1247 915 ignobilitatem
1297 847 1564 917 agnoscit,
1622 849 1920 916 hominem,
1955 867 2052 920 per

467 950 631 1003 quem
663 935 718 989 in
758 937 995 991 humana
1030 939 1138 992 vita
1194 947 1554 994 conversatus
1582 948 1688 1004 est,
1735 952 1917 998 mente
1943 960 2048 998 non

468 1027 686 1095 spoliat.
709 1027 775 1082 Et
812 1031 914 1083 hoc
953 1045 1085 1085 sane
1114 1044 1239 1084 cum
1283 1031 1592 1085 divinarum
1629 1030 2047 1102 Scripturarum

467 1119 701 1188 eloquiis
729 1121 1003 1182 convenit,
1035 1121 1212 1190 ipsum
1236 1137 1432 1192 nempe
1463 1130 1686 1192 propter
1722 1138 1822 1178 nos
1855 1140 2050 1194 pecca-

467 1218 582 1262 tum
623 1227 743 1266 esse
782 1212 984 1266 factum
1044 1215 1108 1279 ⁸³,
1172 1215 1276 1267 hoc
1306 1222 1411 1276 est,
1467 1215 1704 1282 peccatis
1754 1215 2046 1270 obnoxiam

467 1303 709 1357 hominis
769 1304 1007 1357 animam
1068 1304 1170 1358 sibi
1223 1304 1326 1373 ipsi
1363 1305 1671 1371 c0puiasse.
1738 1304 2046 1372 Dominum,

470 1393 670 1461 inquit,
705 1395 758 1446 in
795 1396 978 1448 servili
1028 1395 1198 1450 forma
1258 1406 1606 1465 apparentem
1643 1417 1654 1450 :
1695 1411 1888 1452 servus
1926 1399 2045 1464 iste,

469 1486 628 1554 cujus
664 1485 889 1540 formam
921 1486 1186 1542 Dominus
1222 1488 1416 1550 induit,
1471 1469 1727 1544 omnibus
1756 1505 1824 1543 ne
1856 1506 2049 1545 nume-

468 1578 548 1630 ris
572 1577 855 1632 absolutus
884 1587 1020 1646 erat,
1046 1594 1112 1632 an
1143 1577 1518 1646 depravatus?
1548 1580 1692 1647 quod
1723 1582 1867 1634 enim
1895 1596 2048 1636 man-

2155 397 2188 463 ἠ
2219 394 2384 447 κακία
2433 395 2647 456 πάντως
2692 395 2753 446 τὸ
2783 393 2967 458 ἄδοξον
3002 393 3136 462 (69).
3186 394 3346 447 Ἀλλὰ
3396 395 3506 465 μὴν
3604 407 3738 474 φησὶ

2153 485 2244 538 τὸν
2278 484 2409 537 Θεὸν
2451 486 2480 537 6
2522 484 2895 555 ’Λπολινάριος
2926 485 3021 554 τὴν
3052 483 3238 549 ἄδοξον
3273 483 3380 536 τῶν
3429 483 3741 556 ἀνθρώπων

2153 575 2544 643 ὑπεληλυθέναι
2605 576 2842 646 μορφήν.
2881 575 2942 628 Εἰ
2974 571 3067 628 οὗν
3102 577 3160 627 ἐν
3198 576 3364 645 κακίᾳ
3408 576 3470 627 τὸ
3519 575 3739 642 ἄδοξον,

2153 668 2320 721 κακία
2349 667 2404 721 δὲ
2438 667 2810 738 προαιρέσεως
2836 663 3024 737 αἶσχός
3055 671 3172 720 ἐστι
3193 686 3206 697 ·
3246 672 3594 739 προαιρεῖται
3622 670 3679 722 δὲ
3708 672 3740 739 ἡ

2151 759 2394 822 διάνοια,
2447 759 2655 813 διάνοια
2715 760 2770 813 δὲ
2810 760 2904 812 νοῦ
2963 779 3014 813 τι
3056 760 3259 830 κίνημα
3297 762 3446 828 (70)'
3489 763 3601 832 ἄρα
3645 761 3742 833 τὴν

2153 849 2500 921 ἀνθρωπίνην
2535 851 2749 917 ἀδοξίαν
2785 853 2912 922 περὶ
2941 853 3033 904 τὸν
3065 852 3198 906 Θεὸν
3227 853 3444 922 βλέπων
3474 855 3576 906 οὐκ
3606 856 3743 907 ἀπ’)⁴

2154 941 2327 1010 σχίζει
2357 942 2456 1011 τῆς
2491 941 2725 1005 διανοίας
2768 944 2858 996 τὸν
2891 944 3194 1016 ἄνθρωπον,
3240 945 3305 998 δι’
3341 940 3400 1000 οὗ
3440 948 3470 999 6
3502 945 3641 1009 Θεὸς
3675 950 3742 1017 τῇ

2153 1033 2468 1105 ἀνθρωπίνη
2494 1033 2607 1106 ζωῇ
2631 1035 3002 1106 καθωμίλησε.
3033 1039 3141 1090 Καὶ
3173 1038 3464 1108 συμϐαίνει
3486 1056 3551 1108 γε
3582 1041 3742 1092 τοῦτο

2153 1129 2267 1189 ταῖς
2298 1127 2468 1190 θείαις
2507 1128 2770 1197 Γραφαῖς,
2802 1128 2862 1181 τὸ
2885 1129 2954 1180 δι’
2981 1130 3128 1198 ἡμᾶς
3156 1129 3315 1182 αὑτὸν
3341 1129 3620 1200 ἁμαρτίαν
3650 1146 3741 1197 γε-

2152 1216 2359 1278 νέσθαι,
2389 1217 2636 1270 τουτέστι
2659 1217 2756 1288 τὴν
2784 1218 3096 1290 ἀμαρτικὴν
3119 1218 3210 1270 τοῦ
3237 1218 3532 1290 ἀνθρώπου
3555 1221 3733 1291 ψυχὴν

2154 1308 2290 1378 πρὸς
2324 1308 2514 1360 ἑαυτὸν
2537 1309 2758 1362 ένῶσαι.
2796 1309 3018 1379 Κύριον,
3053 1311 3236 1379 φησὶν,
3268 1313 3326 1362 ἐν
3365 1310 3602 1382 δουλικῷ
3641 1330 3739 1380 φα-

2152 1399 2308 1450 νέντα
2334 1401 2604 1469 σχήματι·
2640 1396 2748 1470 ἆρα
2775 1400 2886 1470 (71)
2913 1402 2940 1452 6
2970 1401 3152 1464 δοῦλος
3177 1395 3350 1462 οὗτος,
3377 1396 3439 1454 οὗ
3463 1402 3524 1453 τδ
3555 1403 3738 1471 alii“

2155 1489 2321 1542 ὑπέδυ
2344 1492 2372 1542 6
2399 1490 2621 1561 Κύριος,
2661 1492 2844 1561 ἄρτιος
2872 1488 2959 1562 ἦν,
3000 1492 3030 1562 ἧ
3066 1493 3336 1562 λελώϐητο
3365 1511 3378 1556 ;
3408 1493 3482 1546 Τὸ
3508 1494 3620 1563 γὰρ
3655 1495 3736 1544 έλ-

2154 1580 2339 1645 λειπές
2377 1599 2433 1633 τε
2477 1583 2571 1634 καὶ
2606 1584 3129 1653 ὴκρωτηριασμένον
3164 1585 3304 1638 κατά
3337 1583 3436 1654 τὴν
3467 1585 3566 1637 τοῦ
3600 1585 3737 1649 ζὼου

468 1683 592 1719 cum
628 1677 710 1723 est
757 1683 820 1722 ac
851 1670 1096 1740 partibus
1127 1672 1192 1725 ad
1234 1675 1485 1730 animalis
1525 1673 1916 1744 perfectionem
1955 1689 2050 1728 ne-

2156 1673 2571 1744 συμπλήρωσιν,
2621 1674 2804 1744 λώϐην
2841 1675 2905 1728 ἄν
2950 1693 3033 1739 τις
3084 1675 3309 1738 εἰκότως
3363 1679 3738 1749 προσαγορεύ-

469 1761 724 1816 cessariis
760 1763 1036 1824 orbatum,
1069 1779 1176 1818 non
1221 1765 1495 1820 immerito
1531 1767 1654 1836 quis
1684 1766 2045 1835 depravatum

470 1855 888 1921 mlncupavcrit.
929 1853 1052 1908 Non
1092 1855 1266 1920 homo,
1296 1857 1493 1927 inquit,
1519 1858 1607 1912 sed
1624 1867 1681 1910 ut
1707 1858 1884 1920 homo,
1924 1859 2048 1927 quia

469 1943 937 1999 consubstantialis
985 1963 1085 2000 non
1129 1959 1241 2001 erat
1283 1949 1482 2002 homini
1529 1967 1590 2004 ea
1637 1967 1700 2004 ea:
1747 1958 1896 2018 parte
1933 1966 2050 2018 qua:

468 2037 747 2097 potissima
783 2046 862 2090 est
914 2038 968 2090 in
1014 2037 1243 2093 homine.
1283 2040 1338 2092 Si
1377 2056 1482 2093 non
1528 2040 2047 2104 consubstantialis,

467 2141 599 2195 ergo
633 2127 860 2182 diversa:
893 2131 1117 2183 omnino
1147 2132 1509 2197 substantiae;
1537 2133 1588 2185 in
1622 2133 1822 2201 quibus
1863 2140 2047 2186 autem

471 2217 612 2271 ratio
640 2225 724 2272 est
750 2217 962 2275 diversa
995 2220 1336 2288 substantiae,
1372 2223 1454 2277 his
1490 2239 1664 2292 neque
1703 2225 1893 2278 eadem
1951 2239 2048 2277 na-

470 2317 616 2374 tura,
677 2325 856 2379 neque
909 2311 1048 2365 idem
1080 2329 1298 2367 nomen.
1346 2315 1461 2367 Alia
1504 2323 1588 2369 est
1657 2315 1821 2383 ignis,
1855 2324 1908 2370 et
1944 2315 2049 2368 alia

469 2416 624 2470 aqua:
642 2401 970 2465 substantia,
994 2409 1048 2456 et
1074 2403 1268 2457 horum
1297 2419 1515 2474 quoque
1546 2403 1762 2458 diversa
1797 2414 1925 2459 sunt
1951 2419 2052 2458 no-

467 2493 650 2547 mina:
705 2490 900 2548 Petrus
953 2502 1134 2552 autem
1165 2506 1241 2573 _et
1293 2495 1516 2559 Paulus,
1563 2499 1824 2566 quoniam
1887 2495 2051 2551 unius

469 2584 827 2654 ejusdemque
868 2596 1078 2641 natura:
1116 2595 1264 2654 sunt,
1301 2589 1423 2643 ideo
1445 2597 1497 2643 et
1518 2605 1810 2644 commune
1831 2605 2050 2643 eorum-

469 2675 592 2729 dem
634 2677 952 2731 substantiae
984 2672 1180 2734 nomen
1232 2681 1464 2746 habent;
1496 2691 1726 2749 uterque
1750 2680 1893 2734 enim
1948 2679 2050 2733 ho-

469 2784 592 2823 rum
625 2768 789 2824 homo
825 2779 932 2824 est.
972 2771 1028 2824 Si
1061 2771 1228 2840 igitur
1261 2771 1405 2825 aliud
1460 2771 1591 2840 quid
1644 2771 1894 2827 Christus
1922 2773 2052 2826 sub-

472 2863 669 2916 stantia
697 2871 835 2927 erat,
871 2880 978 2918 non
1019 2875 1196 2919 autem
1255 2863 1440 2926 homo,
1476 2871 1530 2917 et
1585 2863 1767 2933 specie
1829 2865 2048 2934 quidem

471 2963 633 3009 tenus
661 2955 935 3009 hominem
965 2956 1255 3020 referebat,
1296 2971 1353 3010 re
1378 2963 1556 3008 autem
1586 2970 1711 3010 vera
1750 2957 2048 3012 secundum
2077 2993 2120 3051 C

472 3052 728 3097 naturam
771 3043 1057 3100 differebat
1098 3047 1167 3099 ab
1207 3046 1462 3111 homine;
1497 3045 1644 3100 dicat
1682 3047 1891 3110 omnia,
1927 3063 2049 3117 quze

471 3137 540 3189 de
597 3135 820 3191 Christo
854 3145 1180 3201 narrantur,
1231 3153 1424 3192 vanam
1465 3138 1756 3208 quamdam
1811 3143 2046 3210 speciem

472 3224 775 3297 falsamque
815 3227 1078 3284 visionem
1143 3243 1292 3295 esse;
1326 3245 1436 3285 non
1496 3245 1684 3284 verum
1725 3231 1878 3300 juxta
1931 3231 2050 3301 ejus

475 3321 796 3377 sententiam
828 3321 1034 3384 cibum,
1067 3336 1167 3377 nec
1204 3337 1394 3376 vermn
1421 3337 1671 3377 somnum
1700 3323 1863 3392 cepit,
1898 3332 2050 3391 quot-

471 3419 604 3480 quot
627 3411 788 3465 etiam
816 3412 868 3466 in
887 3413 1146 3468 curandis
1169 3413 1373 3468 morbis
1405 3413 1664 3467 miracula
1695 3417 2047 3481 perpetravit,

472 3501 665 3558 inanes
724 3504 982 3558 exstitere
1030 3504 1295 3567 visiones,
1362 3503 1652 3558 crucifixio
1705 3518 2047 3574 nequaquam

472 3592 596 3658 fuit,
631 3609 730 3648 nec
760 3594 814 3647 in
842 3604 1195 3650 monumento
1222 3595 1506 3665 depositus
1535 3603 1638 3660 est,
1674 3611 1771 3650 nec
1796 3611 2047 3651 resurre-

473 3684 589 3748 xit;
617 3683 711 3738 sed
778 3683 882 3738 ista
909 3686 1092 3739 omnia
1115 3685 1188 3739 ita
1210 3686 1428 3756 quidem
1461 3702 1582 3770 esse
1611 3686 1958 3752 videbantur,
1996 3703 2051 3744 re

473 3782 654 3827 autem
680 3787 827 3837 vera,
852 3774 1006 3843 juxta
1050 3776 1368 3846 scriptorem
1412 3789 1682 3843 nostrum,
1709 3792 1894 3832 eorum
1929 3795 2050 3849 qua:

474 3862 952 3933 conspiciebantur
1015 3866 1151 3920 nihil
1179 3867 1404 3922 omnino
1445 3877 1583 3922 erat.
1609 3867 1666 3921 Si
1697 3868 1843 3922 enim
1884 3867 2050 3924 homo

473 3967 582 4005 non
614 3963 751 4016 erat,
811 3953 1086 4022 quomodo
1119 3969 1240 4024 qua:
1278 3953 1346 4009 de
1395 3955 1515 4023 ipso
1556 3962 1849 4010 narrantur
1878 3955 2050 4010 exsti-

473 4046 626 4100 tere?
661 4044 780 4111 Qua
810 4046 1022 4100 ratione
1049 4054 1228 4099 autem
1275 4045 1399 4115 quis
1449 4060 1573 4099 eum
1605 4059 1728 4099 esse
1770 4044 2048 4099 hominem

474 4139 676 4194 dixerit
708 4139 800 4209 qui
839 4140 906 4194 ab
937 4139 1173 4192 humana
1202 4137 1506 4194 substantia
1531 4137 1742 4193 alienus
1788 4139 1920 4193 est?
1947 4137 2051 4194 Ne-

474 4245 582 4300 que
606 4229 774 4294 enim,
824 4227 1022 4298 inquit,
1072 4227 1558 4284 consubstantialis
1595 4234 1679 4282 est
1726 4227 1929 4282 homini
1965 4244 2052 4283 se-

2153 1784 2312 1818 σειεν.
2349 1768 2469 1819 Οὐκ
2502 1765 2834 1834 ἅνθρωπος,
2874 1767 3058 1835 φησὶν,
3099 1768 3236 1821 ἀλλ’
3271 1768 3352 1833 ὡς
3397 1768 3736 1836 ἅνθρωπος.

2150 1856 2297 1910 διότι
2337 1859 2446 1924 οὐχ
2489 1860 2808 1926 ὀμοοιέσιος
2850 1859 2927 1924 τῷ
2980 1858 3274 1926 ἀνθρώπῳ
3315 1860 3467 1914 κατὰ
3511 1862 3574 1912 τὸ
3625 1863 3738 1929 (7'2)

2151 1949 2531 2015 κυριώτατον.
2567 1951 2630 2001 Εἰ
2664 1949 2737 2019 μὴ
2771 1949 3071 2020 ὀμοούσιος,
3108 1951 3447 2021 ἑτεροούσιος
3478 1951 3699 2024 πάντως
3723 1969 3740 1984 ο

2149 2033 2225 2092 ὧν
2264 2039 2319 2092 δὲ
2345 2041 2373 2093 6
2400 2041 2558 2108 λόγος
2585 2042 2682 2110 τῆς
2712 2041 2900 2104 οὐσίας
2939 2041 3146 2112 ἕτερος,
3179 2042 3391 2106 τούτοις
3424 2044 3550 2097 οὔτε
3575 2047 3609 2115 ἡ
3638 2045 3738 2114 φύ-

2153 2144 2236 2190 σις
2265 2130 2438 2200 κοινὴ,
2485 2129 2609 2182 οὔτε
2658 2131 2690 2200 ἡ
2720 2129 2928 2201 κλῆσις.
2985 2131 3152 2202 Ἀλλη
3189 2133 3362 2203 πυρὸς
3393 2134 3554 2186 οὐσία
3584 2177 3599 2198 ,
3648 2137 3740 2190 καὶ

2153 2217 2343 2282 ὓδατος
2374 2222 2508 2291 ἄλλη
2534 2265 2547 2285 ,
2581 2223 2673 2274 καὶ
2705 2223 2761 2274 αἱ
2794 2225 3154 2293 προσηγορίαι
3191 2225 3299 2276 τῶν
3333 2225 3429 2278 δύο
3454 2226 3735 2296 διάφοροι·

2150 2311 2356 2383 Πέτρος
2397 2311 2452 2364 δὲ
2485 2313 2578 2365 καὶ
2621 2313 2830 2378 Παῦλος
2855 2354 2869 2376 ,
2915 2315 3101 2385 ἐπειδὴ
3151 2315 3311 2383 φύσις
3358 2316 3458 2382 μία
3487 2355 3502 2379 ,
3549 2319 3645 2369 καὶ
3681 2318 3742 2371 τδ

2151 2401 2318 2473 ὄνομα
2343 2403 2447 2472 τῆς
2473 2405 2662 2468 οὐσίας
2695 2406 2871 2458 κοινόν
2891 2420 2904 2435 ⁶
2932 2405 3213 2478 ἄνθρωπος
3246 2407 3353 2477 γὰρ
3374 2408 3583 2460 τούτων
3614 2410 3742 2463 ἑκά-

2151 2511 2327 2565 τερος.
2370 2497 2433 2548 Ei
2457 2493 2548 2549 οὖν
2575 2497 2702 2550 ἄλλο
2732 2515 2785 2550 τι
2827 2497 2969 2551 κατὰ
3001 2498 3097 2570 τὴν
3124 2499 3314 2552 οὐσίαν
3355 2493 3447 2570 ἦν,
3497 2499 3592 2553 καὶ
3635 2502 3739 2553 οὐκ

2151 2587 2469 2658 ἄνθρωπος,
2516 2588 2651 2642 ἀλλὰ
2707 2591 2865 2662 μέχρι
2898 2591 3009 2661 (73)
3064 2591 3157 2644 τοῦ
3209 2591 3540 2662 φαινομένου
3595 2595 3741 2647 κατὰ

2151 2678 2435 2748 ἄνθρωπον
2489 2680 2916 2751 ὲσχηματίζετο,
2965 2685 3032 2753 τῇ
3079 2682 3136 2735 δὲ
3179 2683 3406 2753 ἀληθείᾳ
3451 2684 3595 2737 κατὰ
3640 2686 3742 2756 τὴν

2153 2770 2314 2840 φύσιν
2339 2771 2689 2842 παρήλλακτο
2709 2789 2724 2803 ·
2751 2773 2955 2842 λεγέτω
2977 2774 3154 2828 πάντα
3180 2774 3401 2842 δόκησιν
3429 2772 3572 2829 εἶναί
3595 2795 3741 2842 τινα,

2153 2867 2243 2919 καὶ
2276 2865 2562 2936 ἀπατηλὴν
2595 2867 2915 2936 φαντασίαν,
2952 2866 3150 2936 ψευδὴς
3176 2868 3298 2920 κατ’
3333 2867 3494 2920 αὑτὸν
3525 2870 3560 2936 ἡ
3597 2867 3738 2938 βρῶ-

2155 2975 2259 3022 σις,
2289 2959 2490 3031 ψευδὴς
2520 2962 2548 3013 6
2577 2959 2743 3024 ὕπνος
2767 3001 2782 3023 ,
2817 2960 3139 3030 ἀνύπαρκτα
3170 2961 3348 3013 πάντα
3376 2960 3446 3013 τὰ
3469 2961 3612 3014 κατά
3639 2962 3742 3025 τὰς

2160 3051 2333 3116 ἰάσεις
2382 3049 2642 3122 θαύματα
2671 3092 2684 3111 ,
2733 3051 2794 3104 οὐ
2842 3051 3061 3120 γέγονεν
3114 3054 3142 3104 6
3174 3051 3424 3122 σταυρὸς,
3473 3053 3571 3121 οὐχ
3613 3053 3645 3122 ἡ
3683 3054 3742 3104 ἐν

2159 3142 2408 3211 μνημείῳ
2456 3140 2604 3204 θέσις
2632 3182 2646 3202 ,
2689 3140 2850 3212 οὐχή
2893 3143 2957 3194 ὲκ
3000 3140 3093 3193 τοῦ
3144 3141 3349 3204 πάθους
3391 3142 3694 3205 ἀνάστασις
3725 3159 3738 3171 ·

2156 3231 2293 3286 ἀλλὰ
2319 3231 2538 3303 δοκήσει
2566 3233 2664 3302 μὲν
2693 3231 2762 3286 τὰ
2792 3232 2970 3287 πάντα
2999 3233 3269 3300 ἐφαίνετο,
3297 3228 3366 3304 ἦν
3396 3233 3454 3285 δὲ
3478 3233 3621 3286 κατὰ
3648 3233 3743 3286 τὸν

2155 3322 2249 3376 τοῦ
2284 3323 2621 3396 λογογράφου
2653 3323 2807 3392 λόγον
2829 3323 2936 3378 τῶν
2959 3323 3299 3394 φαινομένων
3331 3324 3504 3377 οὐδέν.
3537 3325 3602 3378 Εἰ
3629 3324 3741 3396 γὰρ

2156 3413 2442 3484 ἄνθρωπος
2473 3416 2574 3468 οὐκ
2618 3410 2709 3485 ἦν,
2751 3415 2868 3480 πῶς
2914 3416 2980 3468 τὰ
3021 3415 3152 3487 περὶ
3182 3415 3344 3468 αὐτὸν
3376 3415 3741 3486 ἱστορούμενα

2155 3500 2258 3576 ἦν;
2304 3504 2427 3569 Πῶς
2467 3504 2513 3557 δ’
2553 3504 2619 3558 ἂν
2653 3506 2797 3560 εἴποι
2829 3523 2914 3568 τις
2954 3503 3092 3559 εἶναι
3146 3505 3454 3577 ἄνθρωπον,
3504 3508 3598 3560 τὸν
3638 3509 3741 3578 τῆς

2155 3595 2500 3666 ἀνθρωπίνης
2524 3595 2709 3660 οὐσίας
2728 3595 3003 3666 ἀλλότριον
3028 3614 3041 3662 ;
3068 3596 3141 3649 Οὐ
3169 3596 3280 3667 γὰρ
3302 3593 3390 3666 ἦν,
3411 3598 3580 3668 φησιν
3603 3598 3738 3667 (τι),

2158 3688 2441 3758 ὁμοούσιος
2471 3687 2548 3758 τῷ
2573 3688 2842 3760 ἀνθρώπῳ
2881 3691 3021 3742 κατὰ
3048 3689 3110 3741 τὸ
3131 3687 3499 3758 κυριώτατονο
3533 3689 3564 3739 6
3593 3688 3648 3741 δὲ
3681 3688 3743 3740 τὸ

2157 3779 2490 3850 κυριώτατον
2523 3779 2771 3850 ἀφαιρῶν
2801 3779 2894 3832 τοῦ
2930 3779 3240 3850 ἀνθρώπου,
3263 3779 3421 3831 τοῦτο
3447 3778 3504 3831 δέ
3535 3780 3688 3832 ἐστιν
3713 3781 3743 3832 6

2157 3869 2308 3933 νοῦς,
2339 3869 2535 3940 κτῆνος
2567 3868 2814 3934 ἀπέδειξε
2845 3870 2907 3922 τὸ
2935 3869 3285 3939 λειπόμενονο
3319 3868 3380 3920 τὸ
3407 3868 3465 3921 δὲ
3504 3872 3701 3938 κτῆνος
3723 3909 3739 3932 ,

2157 3963 2257 4016 οὐκ
2276 3962 2371 4016 ἄνθ
2380 3979 2574 4032 ρωπος.
2595 3957 2725 4016 Εἷτὰ
2745 3979 2818 4033 φη
2827 3979 2895 4014 σι,
2919 3959 3372 4020 Ταπειιὼσαντα
3385 3962 3577 4028 σαρκί
3591 3965 3611 4029 (
3626 3961 3738 4029 75)’

2156 4052 2621 4121 ὑπερυψωθέντα
2633 4052 2701 4105 δὲ
2712 4051 2830 4107 ὑπὸ
2845 4052 2990 4106 Θεοῦ
3004 4051 3118 4119 τὴν
3128 4051 3294 4106 θείαν
3310 4051 3744 4119 ὕψωσινπουτὶ

2161 4141 2320 4194 πάλιν
2345 4142 2451 4195 τῶν
2485 4141 2863 4212 προλαϐόντων
2909 4143 3046 4213 μετά
3071 4141 3326 4205 ἀσεϐείας
3357 4142 3737 4212 ἀνοητότερον.

2162 4232 2352 4286 νΑλλον
2404 4235 2538 4302 φησι
2569 4231 3032 4297 τεταπεινῶσθαι,
3082 4234 3177 4286 καὶ
3219 4233 3404 4302 ἕτερον
3451 4232 3740 4302 ὑπερυψῶ-

474 4320 714 4375 cundum
747 4321 1084 4390 potissimam
1113 4319 1232 4388 ejus
1261 4325 1492 4388 partem.
1531 4316 1634 4385 Qui
1666 4328 1843 4373 autem
1879 4319 2051 4389 potis-

2159 4322 2304 4376 σθαι.
2344 4323 2407 4376 Ἠ
2433 4322 2590 4394 σὰρξ,
2622 4325 2784 4394 φησι,
2810 4322 3201 4376 τεταπείνωται
3220 4362 3234 4387 ,
3263 4323 3440 4376 καίτοι
3464 4323 3616 4376 οὐδὲν
3643 4320 3739 4376 τοῦ

475 4413 669 4470 simam
703 4420 931 4484 partem,
958 4413 1060 4466 hoc
1101 4419 1207 4476 est,
1245 4417 1479 4467 mentem
1514 4409 1692 4464 aufert
1714 4412 1782 4466 ab
1810 4411 2052 4475 homine,

476 4506 525 4560 is
568 4506 713 4575 quod
759 4513 1012 4575 superest
1057 4503 1365 4573 jumentum
1404 4517 1527 4558 esse
1559 4502 1794 4569 deﬁnit;
1835 4504 2054 4574 jumen-

475 4605 589 4650 tum
616 4605 795 4652 autem
839 4611 944 4649 non
972 4604 1056 4650 est
1086 4595 1267 4649 homo.
1304 4593 1507 4650 Deinde
1531 4593 1708 4665 inquit
1737 4615 1749 4646 :
1786 4595 2057 4650 Humilia-

477 4697 586 4741 tum
622 4691 674 4742 in
703 4706 881 4750 carne,
902 4687 1350 4756 superexaltatum
1388 4703 1506 4741 vero
1564 4703 1596 4740 a
1626 4686 1733 4740 Deo
1760 4687 1937 4740 divina
1965 4705 2057 4741 su-

477 4779 754 4833 blimitate.
817 4778 931 4833 Hoc
990 4793 1206 4842 rursus,
1239 4778 1383 4831 ultra
1434 4777 1792 4848 impietatem,
1835 4778 1902 4833 iis
1934 4793 2054 4849 quae

477 4880 633 4923 antea
656 4871 880 4939 protulit
913 4871 1222 4928 dementius
1253 4880 1358 4926 est.
1385 4871 1544 4926 Aliud
1565 4871 2053 4926 dicithumiliatum

478 4959 675 5024 fuisse,
713 4971 767 5015 et
799 4963 946 5018 aliud
998 4963 1481 5036 supetexaltatum.
1520 4962 1684 5032 Caro,
1722 4963 1915 5038 inquit,
1959 4965 2062 5019 hu-

549 5071 593 5102 ⁸³
619 5068 664 5123 ll
692 5069 822 5126 Cor.
856 5087 912 5138 ν,
940 5071 1032 5127 21.

555 5182 660 5254 [68)
694 5182 852 5238 Corr.
877 5182 1242 5254 ὡμολόγηται.

571 5254 660 5323 69)
684 5255 842 5309 Corr.
877 5254 994 5307 ἐστὶ
1023 5257 1104 5310 τό.

546 5324 661 5396 (10)
690 5324 844 5396 Corr.
871 5325 986 5378 ἐστί
1012 5342 1064 5379 τι
1095 5325 1321 5396 κίνημα.

545 5384 661 5463 (71)
685 5395 902 5469 _Locum
929 5397 1074 5469 hunc
1099 5405 1153 5451 et
1181 5384 1352 5469 multa
1381 5411 1502 5460 quae
1525 5405 1827 5468 sequuntur
1856 5402 2051 5469 partim

477 5461 564 5538 ad
589 5465 845 5538 verbum,
879 5467 1076 5538 partim
1131 5466 1198 5520 ad
1239 5469 1560 5522 sententiam
1584 5461 1620 5526 .’
1651 5485 1793 5538 saepe
1837 5461 2056 5525 laudato

484 5530 756 5610 Panople
798 5530 898 5610 tit.‘
935 5537 1000 5589 I3
1031 5538 1674 5610 AinseruitﬂEutbymius,
1729 5530 1848 5610 pag.
1913 5541 2018 5595 528
2042 5579 2057 5600 .

479 5611 627 5655 vers.
690 5601 970 5658 Dominum
1025 5607 1078 5659 in
1142 5608 1318 5666 servili
1363 5601 1566 5679 for'nta,
1619 5601 1743 5669 cuni
1799 5601 2061 5682 vscqucnti

2153 5190 2314 5260 cujus
2340 5191 2554 5246 initium
2585 5211 2599 5248 :

2155 4415 2556 4484 ταπεινωθῆναι
2579 4415 2970 4486 προσδεομένη,
2992 4416 3025 4484 ἡ
3057 4414 3117 4466 τὸ
3145 4414 3401 4467 ταπεινὸν
3424 4416 3491 4467 ἐκ
3526 4414 3738 4482 φύσεως

2157 4506 2357 4576 ἔχουσα
2376 4522 2389 4536 ·
2417 4505 2516 4574 τὴν
2541 4507 2597 4559 δὲ
2622 4505 2853 4577 θεότητα
2883 4504 3273 4576 ὑπερυψῶσθαι
3303 4503 3477 4572 λέγει,
3511 4506 3606 4559 καὶ
3633 4505 3736 4573 μὴν

2154 4599 2214 4652 τὸ
2237 4597 2457 4666 ὕψιστον
2482 4597 2756 4660 ἀνεπιδεὲς
2781 4597 2880 4668 τῆς
2905 4595 3184 4667 ὑψώσεως.
3215 4596 3326 4649 Ποῦ
3347 4597 3526 4649 τοίνυν
3561 4598 3729 4664 ὑπερ-

2158 4686 2344 4758 υψὼοη
2387 4689 2420 4758 ἡ
2467 4686 2678 4759 θεότης,
2732 4688 2765 4757 ἡ
2807 4687 2900 4739 τοῦ
2942 4687 3144 4751 παντὸς
3195 4688 3611 4760 ὑπερκειμένη,
3647 4690 3737 4741 καὶ

2160 4779 2584 4850 ὑπερανεστῶσα
2631 4779 2810 4849 πάσης
2839 4778 3134 4849 ὑψώσεως;
3177 4779 3338 4833 Ἀλλὰ
3374 4781 3434 4833 τὸ
3468 4784 3537 4852 τῇ
3579 4783 3733 4851 φύσει

2161 4871 2414 4926 ταπεινὸν
2451 4867 2714 4941 ὑψοῦται,
2743 4869 2844 4924 κᾶν
2881 4872 2910 4924 6
2950 4871 3289 4941 λογογράφος
3336 4873 3412 4943 μὴ
3445 4872 3730 4944 βούληται,

2159 4962 2341 5028 καθὼς
2373 4961 2552 5034 μικρῷ
2578 4961 2813 5036 πρόσθεν
2837 4963 2867 5015 6
2892 4963 3019 5034 περὶ
3044 4962 3249 5016 τούτων
3273 4963 3430 5030 λόγος
3459 4963 3734 5036 διῄρηται.

2629 5192 2735 5260 Qui
2760 5191 2901 5261 quod
2924 5205 3169 5245 maxime.

2227 5260 2516 5337 (ζῇςοιτ.
2546 5262 2634 5316 διὰ
2670 5260 2782 5337 τό(
3029 5333 3041 5337 _
3192 5333 3200 5337 _
3330 5330 3341 5337 _
3446 5329 3457 5337 _
3560 5325 3587 5337 δ

2230 5332 2343 5408 (ἶὸ)
2370 5331 2642 5408 Ita_corr._;
2671 5333 2826 5408 prius
2846 5341 2970 5408 erat
2986 5333 3085 5408 μὲν
3105 5333 3236 5408 χρῇ,
3260 5330 3346 5408 vel
3377 5329 3472 5398 χρὶ
3492 5329 3590 5408 τῷ
3612 5344 3737 5398 φαι-

2230 5351 2343 5402 UO)
2370 5351 2446 5385 na
2473 5351 2642 5398 εστι-,ς
2671 5351 2826 5402 prius
2846 5351 2962 5387 erat
2986 5351 3085 5455 μεν
3105 5351 3236 5402 χρη,
3260 5351 3346 5385 vet
3377 5351 3472 5398 χρι
3492 5351 3590 5408 :03
3612 5351 3737 5398 qm-

2431 5401 2922 5474 Fortelegendum,
2949 5404 2985 5458 ἀ
3019 5403 3087 5457 λὰ
3133 5402 3230 5471 μὲν
3275 5400 3436 5472 μέχρι
3476 5413 3571 5452 του
3613 5416 3737 5469 φεμ

2162 5490 2385 5528 νομενου
2393 5513 2406 5528 .

2483 5559 2650 5606 cornu;
2684 5553 2843 5615 antea
2871 5544 2936 5597 ἀν
2969 5561 3150 5615 φησιν.

2232 5614 2342 5685 (75)
2371 5613 2526 5670 Corr.
2561 5614 2752 5668 ἑαυτὸν
2779 5615 2959 5686 σαρκί.
