4020 6140
318 249 456 308 1173

1481 245 1850 305 ADVERSUS
1876 248 2383 303 APOLLINAREM.

3428 252 3570 308 HM

315 370 518 425 miliata
544 364 667 431 fuit,
698 371 1026 420 cumtamen
1063 381 1182 434 qum
1211 372 1401 436 suapte
1444 375 1637 420 natura
1685 366 1907 420 humilis
1943 374 2026 421 est
2063 366 2335 420 humiliari
2387 380 2524 434 opus
2580 380 2687 418 non
2736 365 2958 431 nabeat;
3030 364 3368 421 divinitatem
3436 384 3570 423 vero

318 457 705 529 superemltari
779 457 932 524 dicit,
1005 458 1255 529 quamvis
1291 459 1434 527 quod
1483 458 1811 513 altissimum
1863 466 1950 512 est
1987 458 2317 513 cxaltatione
2350 472 2458 510 non
2504 466 2676 525 egeat.
2718 453 2944 509 Ubinam
2978 455 3139 525 igitur
3171 456 3571 524 superexaltata

311 558 399 603 est
432 550 705 615 divinitas,
738 564 857 619 qua:
905 551 1084 605 omnia
1172 549 1560 619 supereminet,
1602 564 1927 619 omnemque
1967 548 2354 604 sublimitatem
2385 547 2635 604 excedit?
2689 547 2781 601 sed
2813 545 2955 616 quod
2998 547 3081 601 sui
3110 554 3303 600 natura
3371 548 3574 601 humile

319 652 403 699 est
431 642 719 708 exaltatur,
751 642 882 696 velit
910 642 1046 696 nolit
1074 643 1308 711 scriptor
1339 650 1545 708 noster,
1572 650 1633 695 ut
1662 642 1717 695 in
1746 642 1908 710 paulo
1923 650 2048 696 ante
2081 641 2266 695 habito
2291 641 2441 695 hisce
2471 639 2538 693 de
2569 640 2730 694 rebus
2758 654 3009 694 sermone
3035 636 3290 693 disserui.

390 734 553 788 Πάλιν
576 733 715 786 κατὰ
743 735 868 797 τοὺς
883 735 941 787 ὲν
957 733 1111 800 ὕπνῳ
1135 735 1889 805 παραφθεγγομένους,ἀφεὶς

2066 732 2253 788 XXIV.
2289 733 2395 787 Sed
2434 748 2627 789 rursus
2668 734 2880 786 illorum
2911 733 3085 787 i'nstar
3122 732 3214 801 qui
3250 732 3303 785 in
3345 733 3575 787 somniis

320 826 417 895 τῆς
454 825 798 895 κατασκευῆς
822 827 884 877 τὸ
925 826 1236 893 ἀκόλουθον,
1266 831 1378 891 τοῖς
1399 829 1687 898 ἡμετέροις
1720 828 1897 896 λόγοις

324 918 716 987 συγκέχρηται,
748 918 841 969 καὶ
879 918 1020 987 άπερ
1054 917 1119 971 ἄν
1143 936 1226 981 τις
1263 918 1408 970 εἴποι
1436 918 1543 970 τῶν
1576 918 1743 986 ὑγιῶς
1770 935 1898 988 φρο-

321 1008 553 1059 νούντων
613 1007 741 1077 περὶ
788 1007 880 1059 τοῦ
916 1008 1202 1078 δόγματος,
1243 1010 1414 1062 ταῦτα
1446 1010 1539 1062 καὶ
1583 1009 1744 1071 αὐτὸς
1786 1010 1897 1071 τοῖς

325 1094 476 1157 ἰδίοις
506 1095 870 1163 καταμίγνυσι
912 1096 1107 1163 λόγοις.
1155 1099 1433 1168 Διακρίνει
1459 1098 1566 1168 γὰρ
1603 1099 1664 1150 τὸ
1685 1097 1899 1161 δοξαζό-

327 1202 503 1252 μενον,
561 1185 656 1238 καὶ
701 1186 793 1238 τὸν
844 1188 942 1255 τὴν
982 1187 1136 1252 δόξαν
1174 1186 1384 1257 ἔχοντα.
1422 1186 1725 1252 Δοξάζεται
1767 1185 1895 1254 γὰρ,

324 1277 510 1345 φησιν,
532 1275 609 1341 ὡς
638 1276 944 1344 ἅνθρωπος
970 1293 985 1307 ο
1024 1278 1212 1342 δόξαν
1249 1278 1317 1331 δὲ
1357 1277 1481 1346 ἔχει
1520 1278 1633 1347 πρὸ
1663 1278 1771 1331 τοῦ
1803 1278 1901 1330 κό-

324 1385 505 1435 σμου,
534 1368 612 1433 ὠς
637 1367 776 1433 Θεὸς
825 1367 1226 1437 προϋπάρχων
1275 1371 1397 1424 τῶν
1435 1367 1679 1422 αἰώνων.
1723 1368 1900 1438 Μέχρι

322 1460 529 1513 τούτων
553 1461 913 1529 εὐγνωμονῶν
954 1460 1064 1531 (76)
1090 1479 1103 1491 ·
1141 1461 1254 1514 ἀλλ’
1287 1463 1335 1515 εἰ
1360 1460 1460 1530 μὲν
1493 1460 1701 1523 τούτοις
1731 1459 1800 1513 τὰ
1822 1461 1903 1513 λε-

324 1552 530 1621 γόμενα
568 1551 698 1621 παρ’
723 1551 889 1605 αὑτοῦ
919 1553 1269 1625 περιώριστο,
1294 1553 1425 1615 ἴσως
1449 1551 1512 1604 ἄν
1546 1568 1627 1613 τις
1655 1551 1818 1605 αὐτὸν
1838 1553 1903 1607 ὲκ

268 1630 271 1633 ’
327 1642 688 1713 μεταμελείας
738 1642 890 1714 ᾠήθη
942 1642 1076 1709 πρὸς
1139 1642 1236 1705 τὰς
1293 1643 1681 1712 εὐσεϐεστέρας
1729 1644 1902 1697 ἐλθεῖν

321 1735 431 1787 τῶν
463 1734 799 1804 ὑπολήψεων.
828 1734 965 1786 Νυνὶ
994 1734 1053 1787 δὲ
1103 1732 1349 1803 καθάπερ
1375 1735 1631 1803 καμπτήν
1658 1752 1777 1786 τινα
1806 1736 1904 1806 τὴν

325 1826 453 1894 ὑγιῆ
499 1824 703 1894 ταύτην
743 1824 984 1877 διάνοιαν
1024 1824 1102 1894 τῷ
1128 1825 1272 1893 λόγῳ
1316 1823 1686 1894 περιοδεύσας,
1744 1825 1904 1879 πάλιν

323 1912 417 1962 ἐπὶ
444 1911 504 1963 τὸ
525 1912 624 1980 τῆς
655 1912 859 1984 πλάνης
902 1913 1256 1982 ἑπανατρὲχει
1298 1913 1529 1976 στάδιον,
1563 1914 1654 1965 καὶ
1688 1915 1905 1979 πολλαῖς

325 2001 448 2053 καθ’
478 2003 631 2072 ἡμῶν
655 2002 941 2074 λοιδορίαις
971 2005 1338 2074 χρησάμενος,
1369 2004 1461 2057 καὶ
1494 2004 1786 2070 Ἰουδαίοις,
1813 2008 1907 2060 καὶ

2003 840 2259 894 perverse
2304 825 2629 893 loquuntur,
2672 839 2737 877 eo
2790 823 3153 892 praetermisso
3198 825 3339 892 quod
3382 839 3575 879 consc-

2003 930 2178 983 quens
2227 922 2344 969 erat
2394 923 2454 967 ut
2495 916 2768 982 probaret,
2806 914 2967 968 verba
3016 924 3201 967 nostra
3247 923 3494 984 usurpat,
3521 924 3575 968 et

1999 1020 2119 1072 quae
2149 1015 2293 1059 recte
2321 1005 2390 1059 de
2429 1004 2533 1058 ﬁde
2588 1006 2938 1059 sentientium
2973 1004 3170 1073 aliquis
3203 1005 3428 1069 diceret,
3462 1007 3575 1060 bare

1999 1102 2053 1149 et
2107 1096 2223 1163 ipse
2278 1096 2513 1164 propriis
2582 1096 2850 1150 immiscet
2895 1096 3261 1150 sermonibus.
3323 1096 3377 1150 Id
3429 1096 3572 1151 eiiim

2002 1186 2145 1255 quod
2179 1185 2514 1254 glorificatur
2542 1187 2609 1239 ab
2635 1201 2700 1240 eo
2721 1187 2815 1256 qui
2846 1187 3073 1256 gloriam
3100 1188 3346 1257 possidet
3372 1189 3576 1243 discer—

2003 1278 2101 1330 nit.
2137 1274 2479 1335 Gloriﬁcatur
2533 1278 2692 1339 enim,
2725 1277 2820 1342 ait,
2879 1286 2937 1330 ut
2978 1277 3419 1347 homo;gloriam
3458 1296 3576 1332 vero

1999 1367 2154 1420 habet
2208 1376 2489 1437 antequam
2551 1367 2777 1421 mundus
2828 1368 3156 1431 conderetur,
3220 1376 3398 1437 utpote
3437 1368 3578 1421 Deus

2003 1467 2125 1512 ante
2150 1459 2343 1512 sa'cula
2391 1460 2668 1513 exsistens.
2700 1458 2974 1513 Hactenus
3007 1459 3227 1530 quidem
3262 1466 3409 1514 recte
3454 1476 3579 1514 sen-

2004 1551 2184 1617 tiens;
2239 1552 2385 1620 atqui
2437 1552 2481 1606 si
2510 1552 2650 1605 intra
2690 1552 2856 1606 hosce
2887 1559 3096 1605 tantum
3136 1549 3403 1604 terminos
3444 1550 3581 1604 scri-

2004 1642 2179 1712 ptoris
2214 1643 2358 1697 dicta
2416 1643 2803 1704 consisterent,
2855 1640 3088 1695 fortasse
3145 1639 3342 1708 aliquis
3402 1639 3579 1708 ipsum

2005 1737 2322 1806 ptenitentia
2346 1736 2568 1790 ductum
2605 1733 2671 1787 ad
2728 1740 2891 1788 recta:
2922 1731 3041 1787 ﬁdei
3073 1731 3246 1802 magis
3271 1729 3579 1785 conformes

2007 1827 2305 1882 accessisse
2343 1827 2645 1881 sententias
2688 1823 2998 1889 censuerit;
3034 1837 3179 1876 nunc
3210 1837 3337 1877 vero
3365 1821 3580 1875 illorum

2009 1921 2182 1976 instar
2223 1920 2315 1990 qui
2356 1934 2451 1989 per
2500 1918 2771 1973 ﬂexuosas
2834 1923 2887 1971 et
2940 1915 2993 1971 in
3031 1930 3090 1970 se
3142 1914 3436 1969 redeuntes
3465 1914 3585 1967 vias

2010 2010 2285 2074 incedunt,
2352 2024 2538 2063 sanam
2570 2008 2710 2061 hanc
2742 2014 3056 2074 rectamque
3079 2004 3407 2059 sententiam
3452 2018 3576 2057 ver-

326 2091 553 2162 Ἔλλησι
580 2093 639 2145 τὸ
669 2093 791 2145 καθ’
839 2096 986 2163 ἡμᾶς
1026 2094 1362 2166 παρισὼσας,
1408 2090 1562 2158 αὖθις
1596 2098 1908 2167 ἐπαναλαμ-

2011 2103 2204 2157 borum
2268 2098 2630 2154 conversione
2692 2096 3083 2165 complectens,
3144 2110 3270 2148 mox
3330 2094 3385 2147 in
3438 2093 3583 2148 idem

325 2184 479 2236 ϐάνει
512 2183 587 2253 τῷ
618 2184 759 2255 λόγῳ
802 2186 895 2239 τὸν
938 2186 1149 2255 ἔμετον,
1192 2186 1251 2238 ὃν
1307 2186 1364 2237 ἐν
1414 2189 1524 2248 τοῖς
1576 2187 1906 2257 προλαϐοῦσι

323 2275 541 2344 φθάσας
566 2275 819 2346 ὲξήμεσε,
856 2278 953 2348 τὴν
994 2279 1318 2348 προαιώνιον
1348 2279 1526 2349 σάρκα
1560 2279 1669 2349 (π)
1704 2280 1789 2333 διὰ
1810 2280 1909 2350 τῆς

326 2366 687 2436 ματαιότητος
708 2368 815 2420 τῶν
840 2368 1013 2435 λόγων
1043 2367 1118 2438 τῷ
1138 2367 1358 2439 Χριστῷ
1373 2368 1781 2437 περιπλάσσων,
1814 2369 1908 2422 καὶ

324 2458 520 2525 λέγων,
545 2458 667 2511 νοῦν
690 2459 800 2529 (78)
825 2459 1087 2529 ἕνσαρκον
1128 2459 1255 2511 ὄντα
1282 2458 1374 2511 τὸν
1401 2458 1529 2511 Υἰδν
1558 2459 1623 2510 ὲκ
1651 2459 1907 2526 γυναικὸς

324 2551 580 2621 τεχθῆναι
603 2567 616 2580 ·
648 2551 749 2602 οὐκ
776 2552 831 2602 ὲν
861 2553 924 2620 τῇ
952 2548 1210 2619 Παρθένῳ
1234 2550 1411 2620 σάρκα
1438 2550 1747 2619 γενόμενον,
1772 2549 1907 2603 ἀλλὰ

326 2640 635 2713 παρώικῶς
663 2641 730 2693 δι’
764 2640 934 2715 αὐτῆς
961 2639 1314 2705 διεξελθόντα,
1347 2638 1458 2704 οἷος
1495 2642 1600 2710 πρὸ
1637 2642 1745 2694 τῶν
1773 2641 1906 2693 αἰώ-

327 2751 435 2786 νων
463 2730 549 2802 ἦν,
580 2734 699 2785 τότε
745 2732 1122 2802 φανερωθῆναι
1160 2733 1289 2786 αὐτὸ
1317 2734 1378 2786 τὸ
1406 2734 1748 2803 φαινόμενον,
1774 2733 1903 2803 σάρ·

328 2842 478 2878 κινον
511 2824 639 2876 ὅντα
664 2824 815 2888 Θεὸν,
851 2825 883 2894 ἢ
926 2823 1108 2887 καθὼς
1132 2824 1294 2887 αὐτὸς
1332 2825 1605 2893 ὀνομάζει,
1645 2826 1905 2895 ἒνσαρκον

328 2916 477 2981 νοῦν.
509 2916 598 2969 Διό
642 2934 805 2986 φησιν
860 2916 1020 2969 αὑτὸν
1054 2915 1256 2987 Κύριον
1295 2916 1452 2985 δόξης
1498 2918 1589 2970 τὸν
1630 2917 1905 2986 ἐσταυρω-

330 3004 499 3077 μένον
549 3003 1032 3073 κατονομάζεσθαι,
1082 3004 1174 3057 καὶ
1214 3004 1416 3074 Κύριον
1450 3004 1729 3074 δυνάμεων
1760 3005 1909 3075 παρὰ

326 3096 433 3164 τῆς
458 3096 791 3166 προφητείας
822 3096 1094 3163 λέγεσθαι,
1126 3096 1334 3159 καὶτὰς
1356 3095 1674 3159 αύθεντικὰς
1698 3094 1909 3160 ὲκείνας

330 3189 426 3241 καὶ
462 3186 783 3250 δεσποτικὰς
808 3186 1079 3242 ποιεῖσθαι
1102 3187 1301 3255 φωνὰς,
1333 3186 1393 3239 τό
1412 3203 1425 3218 ο
1463 3180 1607 3250 Ἐγὼ
1623 3178 1893 3248 λέγωσοι·

328 3279 448 3340 καὶ,
494 3278 634 3347 Ἐγὼ
661 3277 969 3330 ἐπιτάσσω
993 3292 1109 3331 σοι’
1147 3277 1261 3337 καὶ,
1299 3272 1782 3344 Ἐργάζομαιέγὼ,
1816 3273 1909 3325 καὶ

327 3370 431 3424 ὅσα
456 3370 593 3423 ἄλλα
613 3370 713 3441 τῆς
742 3370 1076 3441 ὑψηλοτέρας
1110 3367 1401 3438 ἐμφάσεως
1448 3366 1645 3435 ἔχεται.
1679 3366 1744 3417 Τί
1771 3360 1862 3419 οὖν
1881 3366 1909 3418 ὁ

328 3462 630 3529 γεννάδας;
668 3461 775 3513 Ποῦ
817 3460 970 3532 θήσει
1016 3458 1113 3529 τὴν
1161 3458 1349 3529 θηλὴν,
1382 3457 1450 3510 τὰ
1481 3457 1905 3527 σπάργανα,τὴν

328 3552 624 3623 ἐπίρρυτον
659 3551 800 3620 ζωὴν
824 3553 918 3604 καὶ
965 3550 1291 3621 ἀπόρρυτον,
1323 3548 1421 3618 τὴν
1456 3549 1574 3601 κατ’
1607 3548 1785 3615 ὀλίγον
1815 3546 1908 3600 τοῦ

330 3645 590 3713 σώματος
614 3642 862 3713 αὔξησιν,
887 3644 979 3698 τὸν
1001 3642 1186 3705 ὓπνον,
1207 3641 1299 3694 τὸν
1333 3640 1518 3702 κόπον,
1552 3639 1650 3708 τὴν
1683 3639 1790 3692 τῶν
1815 3655 1910 3706 γοο

328 3738 473 3789 νέων
496 3735 778 3804 ἐπιταγὴν,
807 3733 905 3804 τὴν
948 3732 1263 3803 ἀδημονίαν,
1292 3731 1390 3800 τὴν
1426 3730 1623 3799 λύπην,
1665 3729 1763 3800 τὴν
1793 3732 1914 3783 ἐπι-

328 3830 396 3884 θυ
405 3828 539 3898 μίαν
564 3826 658 3880 τοῦ
681 3827 892 3896 Πάσχα,
926 3826 1020 3895 τὴν
1046 3825 1141 3878 τοῦ
1182 3825 1369 3887 ὓδατος
1395 3822 1627 3893 αἴτησιν,
1658 3823 1754 3893 τὴν
1787 3840 1913 3893 μετ-

326 3920 525 3974 ουσίαν
569 3920 672 3987 τῆς
709 3916 983 3988 βρώσεως,
1014 3916 1080 3970 τὰ
1109 3916 1303 3985 δεσμὰ,
1325 3914 1396 3968 τὰ
1435 3915 1777 3985 ῥαπίσματα,
1814 3915 1914 3979 τὰς

328 4017 397 4067 ἐκ
428 4011 713 4084 μαστίγων
762 4008 996 4078 πληγὰς,
1027 4008 1123 4078 τὴν
1157 4009 1248 4061 ἐπὶ
1276 4008 1374 4076 τῆς
1415 4006 1655 4075 κεφαλῆς
1684 4007 1912 4060 ἀκανθο-

328 4103 556 4174 φορίαν,
591 4100 687 4171 τὴν
733 4099 824 4153 τοῦ
874 4098 1122 4152 κοκκίνου
1180 4096 1491 4167 περιϐολὴν,
1550 4096 1649 4166 τὴν
1695 4095 1785 4148 διὰ
1820 4092 1913 4148 τοῦ

327 4196 587 4264 καλάμου
619 4192 794 4263 ὓϐριν,
814 4191 914 4261 τὴν
950 4191 1147 4261 λόγχην
1175 4190 1311 4259 (79),
1332 4188 1393 4239 τὸ
1412 4187 1552 4253 ὅξος,
1580 4188 1705 4249 τοὺς
1729 4186 1914 4256 ἥλους,

327 4288 430 4357 τὴν
477 4284 656 4356 χολὴν,
714 4284 814 4354 τὴν
848 4282 1075 4349 σινδόνα,
1135 4280 1225 4335 τὸν
1272 4278 1661 4348 ἐνταφιασμόν,
1690 4277 1750 4331 τὸ
1780 4295 1915 4347 μνη-

333 4382 516 4449 μεῖον,
545 4377 637 4429 τὸν
681 4376 865 4439 λίθον;
916 4374 1039 4435 Πῶς
1089 4371 1260 4426 ταῦτα
1302 4371 1629 4441 συναρτήσει
1656 4369 1736 4438 τῷ
1760 4368 1913 4438 Θεῷ;

330 4471 396 4523 Et
426 4470 541 4539 γὰρ
569 4469 598 4520 ό
629 4468 891 4537 ἐνσαρκος
922 4465 1087 4519 αὐτοῦ
1120 4463 1428 4531 Θεὸς,ὃπερ
1458 4460 1546 4514 διὰ
1565 4460 1663 4530 τῆς
1699 4460 1916 4528 Μαρίας

329 4561 521 4629 ὤφθη,
568 4558 724 4612 τοῦτο
771 4559 1000 4612 πάντοτε
1028 4551 1118 4626 ἦν,
1156 4555 1250 4606 κα)⁵
1285 4554 1347 4604 τὸ
1385 4551 1703 4621 φαινόμενον
1727 4550 1915 4620 θεότης

326 4648 423 4722 ἦν,
460 4650 635 4702 πάντα
664 4649 833 4701 ταῦτα
861 4650 895 4718 ἡ
925 4648 1115 4715 θεότης
1144 4646 1366 4712 πάσχει,
1399 4640 1641 4711 θηλάζει,
1673 4657 1917 4712 σπαργα-

330 4743 546 4805 νοῦται,
578 4741 855 4809 τρέφεται,
887 4737 1168 4799 κοποῦται,
1200 4732 1441 4800 αὔξεται,
1478 4730 1798 4802 πληροῦται,
1822 4748 1914 4785 κε-

330 4835 544 4897 νοῦται,
581 4833 756 4899 ὑπνοῖ,
817 4830 1085 4892 λυπεῖται,
1128 4825 1405 4896 άδημονεῖ,
1459 4820 1724 4886 στενάζει,
1758 4821 1917 4892 δίψης

410 4971 483 5003 ⁶³¹
516 4967 650 5025 Luc.
681 4981 777 5034 vn,
804 4964 890 5018 M.
967 4961 1013 4993 “
1036 4959 1204 5014 Marc.
1237 4973 1311 5024 ix,
1348 4957 1438 5011 24.
1518 4955 1562 4987 ⁸⁸
1585 4953 1743 5009 Joan.
1768 4969 1821 5019 ν,
1845 4954 1932 5008 17.

412 5105 526 5175 (76)
588 5103 747 5175 Corr.
792 5098 1117 5175 emendasse
1148 5096 1386 5175 videtur,
1420 5093 1755 5175 εύγνὼμων;
1798 5093 1920 5161 ejus

335 5165 889 5236 enim'emendatio,
943 5168 1196 5229 obscuris
1247 5166 1578 5243 quibusdam
1619 5165 1913 5243 .linearum

335 5244 603 5300 ductibus
626 5232 971 5312 exprimitur,
1009 5256 1111 5302 nec
1141 5232 1318 5308 potest
1343 5236 1490 5290 clare
1530 5233 1633 5303 legi
1685 5234 1738 5287 in
1789 5232 1915 5289 cod.

336 5316 471 5369 Vat.

414 5384 534 5442 (Π)
565 5382 721 5435 Corr.
749 5379 850 5449 τὴν
879 5378 1201 5449 προαιὼνιον
1234 5374 1679 5449 ἐκείνηνΑσάρκα.

444 5453 529 5519 ’28)
564 5451 750 5504 Exstat
777 5442 1294 5519 apud'lﬁutbymium
1324 5442 1653 5519 Zigalientnn
1685 5442 1737 5495 in
1762 5448 1911 5509 parte

340 5541 380 5581 ιι
423 5514 692 5589 Ραίιορίὶαδ
732 5514 1063 5589 άορηιαιιεω,
1093 5514 1175 5589 tit.
1216 5516 1282 5568 15
1304 5555 1318 5575 ,
1362 5517 1499 5589 inter
1526 5514 1629 5565 alia
1656 5520 1911 5589 excerpta

338 5610 409 5650 cx
474 5581 581 5646 hoc.
638 5581 866 5660 Nysse'ni
918 5603 1101 5660 opere,
1165 5586 1318 5660 locus
1361 5584 1602 5653 quidam,
1641 5581 1908 5660 pag.5_2'_7,

339 5676 495 5720 vers.
534 5652 816 5725 Nunc'ait,
852 5652 1007 5727 cujus
1055 5656 1316 5711 nonnulla
1372 5652 1580 5708 tantum
1616 5654 1778 5708 verba
1826 5652 1910 5705 hic

2009 2193 2212 2248 erroris
2270 2192 2508 2247 stadium
2563 2189 2813 2251 recurrit,
2858 2187 3152 2256 multisque
3185 2185 3449 2241 adversus
3484 2200 3585 2241 nos

2008 2284 2266 2339 convitiis
2307 2297 2459 2346 usus,
2483 2288 2537 2335 et
2567 2295 2690 2335 cum
2726 2278 3057 2343 Judzeorum,
3090 2287 3207 2332 tum
3235 2277 3593 2332 ethnicorum

2007 2375 2288 2431 erroribus
2319 2373 2475 2427 (idem
2515 2382 2756 2427 nostram
2807 2369 3170 2439 aequiparans,
3230 2368 3420 2423 sordes
3450 2383 3587 2438 quas

2008 2466 2062 2520 in
2129 2464 2575 2519 antecedentibus
2637 2470 2952 2518 evomuerat
3026 2462 3274 2532 sequenti
3337 2477 3587 2516 sermone

2008 2558 2274 2623 resorbet,
2297 2555 2424 2611 dum
2463 2569 2683 2608 carnem
2713 2554 2928 2608 saeculis
2964 2553 3330 2622 antiquiorem
3363 2568 3585 2608 suorum

2007 2650 2246 2703 vanitate
2298 2648 2586 2703 verborum
2620 2646 2842 2700 Christo
2870 2645 3093 2717 allingit,
3125 2645 3332 2711 dicens,
3361 2643 3586 2709 Filium,

2006 2740 2101 2809 qui
2147 2753 2314 2793 carne
2364 2738 2590 2807 praedita
2631 2752 2785 2791 mens
2812 2743 2950 2800 erat,
2980 2750 3045 2790 ex
3077 2736 3306 2789 muliere
3344 2735 3584 2805 genitum

2008 2832 2221 2897 fuisse;
2261 2844 2366 2883 non
2394 2827 2537 2897 quod
2572 2828 2627 2881 in
2663 2826 2886 2898 Virgine
2914 2841 3043 2881 caro
3065 2825 3242 2882 factus
3277 2827 3460 2889 fuerit,
3493 2826 3587 2881 sed

2007 2921 2152 2991 quod
2185 2935 2281 2990 per
2314 2920 2398 2988 ips
2413 2934 2518 2985 am,
2543 2919 2698 2988 quasi
2724 2932 2822 2987 per
2866 2917 3112 2973 canalem
3143 2917 3439 2980 transiens,
3464 2917 3590 2972 talis

2011 3023 2140 3065 tunc
2176 3009 2418 3065 exterius
2452 3010 2790 3079 apparuerit,
2833 3010 3014 3080 qualis
3052 3017 3179 3063 ante
3213 3010 3413 3065 saecula
3445 3022 3587 3072 erat,

2008 3101 2247 3157 carnalis
2303 3100 2555 3154 videlicet
2616 3101 2795 3166 Deus,
2860 3109 2948 3167 et,
3006 3109 3063 3155 ut
3138 3101 3252 3170 ipse
3310 3102 3588 3169 loquitur,

2007 3209 2160 3249 mens
2204 3208 2370 3249 carne
2415 3193 2637 3263 praedita
2688 3210 2701 3245 :
2762 3194 3114 3261 quamobrem
3172 3194 3355 3247 subdit
3403 3194 3586 3263 ipsum

2011 3285 2163 3338 cruci
2224 3285 2472 3339 sull'ixum
2539 3282 2826 3336 Dominum
2893 3282 3078 3352 gloria:
3115 3284 3441 3351 nuncupari,
3479 3271 3589 3337 eta

2012 3373 2282 3443 propheta
2314 3373 2600 3427 Dominum
2645 3378 2972 3441 potestatum
3016 3371 3163 3437 dici;
3200 3372 3431 3443 indeque
3478 3373 3592 3428 ﬁeri

2024 3474 2081 3520 ut
2114 3480 2275 3520 voces
2298 3466 2418 3518 illas
2455 3464 2667 3535 imperii
2695 3474 2748 3517 et
2774 3463 3062 3533 potestatis
3097 3463 3303 3523 indices
3329 3464 3588 3532 proferat.

2012 3573 2224 3625 nempe,
2258 3556 2370 3628 Ego
2397 3558 2515 3610 dico
2552 3556 2646 3608 tibi
2672 3555 2762 3622 ⁸⁸⁸,
2793 3564 2846 3609 et
2883 3554 2994 3625 Ego
3028 3555 3274 3623 prwcipio
3306 3555 3398 3607 tibi
3442 3551 3510 3618 “,
3531 3559 3586 3605 et

2014 3646 2128 3717 Ego
2147 3661 2330 3714 operor
2356 3647 2423 3709 “,
2460 3656 2515 3700 et
2543 3653 2811 3715 quotquot
2830 3645 2933 3698 alia
2964 3645 3332 3700 sublimiorem
3357 3646 3589 3713 speciem

2015 3752 2128 3809 prae
2166 3752 2225 3792 se
2262 3737 2463 3791 fuerat.
2497 3735 2641 3802 Quid
2677 3736 2843 3805 igitur
2869 3735 3104 3791 eximius
3156 3736 3259 3791 iste
3296 3735 3379 3788 vir
3405 3734 3594 3789 dicet?

2019 3828 2248 3884 Ubinam
2281 3834 2444 3897 ponet
2474 3831 2702 3883 materni
2730 3828 2883 3880 lactis
2926 3827 3206 3892 haustum,
3240 3841 3451 3895 pannos
3471 3826 3593 3895 qui-

2015 3920 2119 3975 bus
2157 3920 2436 3975 involutus
2471 3919 2595 3984 fuit,
2630 3926 2963 3973 crescentem
2998 3925 3159 3988 atque
3188 3917 3590 3972 decrescentem

2016 4014 2205 4075 vitam,
2264 4011 2520 4081 corporis
2580 4012 2972 4065 incrementum
3040 4009 3299 4077 paulatim
3365 4008 3589 4071 factum,

2015 4120 2290 4169 somnum,
2346 4105 2615 4166 laborem,
2660 4102 2977 4172 parentibus
3046 4101 3588 4170 obtemperationem,

2016 4210 2330 4259 maerorem,
2360 4194 2656 4257 tristitiam,
2686 4191 2972 4247 Paschalis
3018 4189 3338 4245 comedendi
3379 4189 3592 4243 deside-

2018 4288 2181 4353 rium,
2211 4302 2365 4356 aquae
2412 4284 2853 4354 postulationem,
2883 4283 2991 4335 cibi
3024 4280 3388 4349 sumptionem
3420 4319 3434 4342 ,
3466 4282 3589 4332 vin-

2017 4379 2161 4445 cula,
2187 4378 2393 4446 alapas,
2423 4377 2610 4445 plagas
2649 4372 2875 4443 ﬂagellis
2903 4371 3159 4435 inﬂictas,
3200 4369 3386 4439 spinas
3415 4370 3592 4437 capite

2019 4473 2279 4538 gestatas,
2353 4466 2671 4519 coccineum
2752 4461 3152 4526 indumentum,
3208 4459 3590 4514 contumeliam

2022 4558 2290 4613 arundine
2344 4558 2570 4621 illatam,
2630 4555 2901 4619 lanceam,
2957 4559 3192 4615 acetum,
3231 4551 3436 4613 clavos,
3499 4549 3587 4613 fel,

2023 4647 2329 4710 sindonem,
2401 4646 2772 4714 sepulturam,
2829 4649 3284 4708 monumentum,
3358 4640 3589 4711 lapidem

1948 4767 1994 4826 υ
2021 4739 2197 4794 eidem
2249 4733 2769 4807 superimpositum?
2821 4732 3105 4826 ριωιηοᾶο
3126 4733 3252 4826 haec
3286 4730 3397 4786 Deo
3428 4740 3589 4801 apta-

2022 4824 2137 4879 bit?
2178 4824 2235 4879 Si
2277 4824 2426 4880 enim
2466 4837 2704 4879 carneus
2743 4822 2865 4891 ejus
2892 4820 3036 4876 Deus
3088 4820 3141 4877 id
3186 4834 3402 4892 semper
3449 4828 3588 4884 erat,

2030 5091 2380 5163 reperiuntur
2404 5133 2420 5156 ,
2449 5095 2644 5143 caetera
2675 5100 2957 5163 vero__nec_
2980 5083 3070 5140 hic
3117 5100 3217 5139 nec
3266 5084 3351 5163 in_
3379 5082 3588 5163 reliquo

2027 5151 2192 5232 Opere
2243 5151 2505 5231 apparent
2547 5175 2591 5232 :_
2615 5165 2672 5232 at
2711 5151 3448 5232 nihilominus__censendum
3506 5161 3590 5207 est

2026 5225 2198 5287 multa
2230 5225 2396 5286 ib'i'de
2424 5244 2524 5285 suo
2553 5227 2899 5299 Eutltymium
2939 5225 3213 5279 addidisse
3242 5261 3257 5284 ,
3307 5235 3429 5273 cuni
3489 5236 3586 5273 su-

2024 5302 2223 5371 Spieari
2272 5316 2451 5371 nemo,
2484 5301 2658 5368 possit
2680 5297 2711 5363 ,⁷
2746 5297 2995 5371 mutilum
3042 5300 3140 5371 aut
3168 5304 3415 5371 mancum
3465 5305 3587 5344 esse

2020 5358 2296 5441 eiemplar
2328 5358 2709 5441 illudiettquo
2733 5367 3011 5436 egregium
3042 5362 3145 5414 hoc
3174 5358 3403 5428 Nysseui
3438 5374 3578 5428 opus

2019 5440 2185 5513 primi
2207 5444 2267 5513 in,
2301 5443 2494 5513 lucem
2511 5440 2745 5513 edimus.
2910 5500 2921 5510 .

2088 5513 2201 5581 (79)
2229 5512 2381 5567 Cori.
2417 5512 2594 5578 primo
2638 5509 2758 5563 loco
2798 5500 2951 5571 ponit
2978 5500 3160 5570 χολήν,
3195 5499 3432 5553 secundo
3464 5501 3585 5552 loco
3628 5526 3633 5529 Α

2018 5583 2235 5653 λόγχην.
