4020 6140
447 209 586 267 “75

1692 206 1748 262 S.
1787 201 2112 263 GBEGORII
2142 199 2433 259 NYSSENI

3566 189 3717 243 H76

440 321 585 393 quod
613 335 679 377 ex
707 320 878 377 uaria
913 319 1189 390 apparuit,
1216 329 1269 376 et
1297 322 1439 392 quod
1472 323 1726 393 apparuit
1753 320 2003 378 divinitas

2118 319 2210 373 καὶ
2257 320 2448 388 πείνης
2482 313 2815 374 αἰσθάνεται,
2869 309 3003 380 πρὸς
3031 306 3128 372 τὴν
3166 304 3336 375 συκῆν
3383 302 3571 374 τρέχει
3603 302 3716 371 (80)

438 423 588 479 erat;
620 412 736 466 haec
763 410 944 466 omnia
977 411 1236 466 divinitas
1258 414 1482 483 patitur,
1509 415 1593 468 lac
1619 414 1786 483 sugit,
1818 415 2016 483 pannis

437 503 754 565 involvitur,
798 501 1064 568 nutritur,
1105 502 1341 565 laborat,
1375 505 1599 569 crescit,
1624 505 1903 575 impletur,
1924 521 2019 560 ex-

436 599 711 647 crementa
766 594 957 662 egerit,
1024 594 1249 661 dormit,
1314 596 1537 651 tristitia
1567 604 1730 666 atque
1782 611 2018 652 mmrore

436 681 689 746 afﬁcitur,
717 684 980 752 suspirat,
1016 683 1212 739 famem
1241 685 1500 756 sitimque
1527 688 1710 751 sentit,
1742 686 1812 741 ad
1854 689 2015 741 ﬁcum

435 774 632 837 currit,
702 775 916 829 arboris
976 776 1121 831 illius
1176 775 1409 839 fructus,
1445 793 1747 848 eorumque
1805 788 2017 849 tempus

434 867 668 935 ignorat,
704 866 844 919 diem
875 874 1038 937 atque
1069 868 1257 922 horam
1293 871 1487 933 nescit,
1523 870 1861 936 verberatur,
1893 872 2014 925 vin-

435 957 575 1010 culis
603 953 1198 1029 constringitur,alapis
1228 961 1476 1023 caeditur,
1504 959 1673 1015 clavis
1698 960 2012 1031 conﬁgitur,

432 1045 753 1115 sanguinem
786 1044 984 1111 fundit,
1018 1050 1269 1113 moritur,
1314 1050 1598 1120 sepelitur,
1640 1051 1694 1104 in
1723 1066 1864 1105 n0vo
1899 1066 2015 1105 mo—

430 1145 695 1191 numento
725 1137 1049 1193 collocatur.
1081 1137 1338 1209 Nunquid
1370 1140 1483 1194 haec
1516 1140 1700 1194 omnia
1740 1140 2011 1194 divinitati

432 1228 558 1282 ante
587 1229 787 1283 smcula
837 1230 1124 1284 exsistenti
1155 1232 1376 1300 propria
1408 1239 1460 1286 ct
1487 1232 1865 1286 connaturalia
1891 1248 2014 1289 esse

431 1319 705 1384 concedit,
744 1332 973 1387 eamque
1006 1320 1253 1387 corporis
1309 1320 1706 1374 incrementum
1761 1331 2013 1389 receptu-

428 1424 547 1462 ram
580 1424 689 1462 non
746 1408 918 1463 fuisse
945 1409 1165 1475 fatetur,
1203 1410 1308 1464 nisi
1343 1411 1616 1473 lactasset,
1652 1426 1753 1465 nec
1784 1426 2012 1480 prorsus

433 1500 612 1553 vivere
638 1500 902 1568 potuisse,
920 1500 973 1554 ni
994 1500 1135 1555 vires
1168 1501 1435 1571 collapsas
1461 1503 1566 1556 cibi
1586 1505 1897 1572 sumptione
1925 1521 2013 1561 re-

432 1601 681 1660 parasset
709 1591 731 1644 ?
760 1592 1044 1655 Quomodo
1074 1594 1234 1647 etiam
1277 1608 1511 1650 carneus
1541 1597 1659 1665 ejus
1689 1596 1827 1652 Deus
1867 1599 2009 1653 diem

430 1682 727 1750 horamque
753 1682 898 1735 illam
933 1683 1179 1752 ignorat?
1232 1682 1516 1749 Quomodo
1544 1687 1720 1742 nescit
1778 1688 2003 1742 ﬁcorum

428 1779 667 1842 tempus,
700 1781 754 1828 et
795 1774 939 1842 quod
976 1774 1293 1831 imminente
1355 1775 1619 1832 Paschate
1668 1778 1883 1835 fructus
1935 1780 2001 1835 ad

427 1865 758 1919 vescendum
791 1874 949 1933 aptus
990 1865 1080 1918 illa
1113 1864 1167 1919 in
1193 1868 1387 1921 arbore
1416 1883 1524 1922 non
1550 1869 1884 1924 inveniretur
1922 1872 2001 1923 ‘5?

429 1952 601 2018 Dicat,
645 1956 897 2024 quisnam
936 1963 1017 2010 est
1050 1956 1139 2010 ille
1176 1957 1264 2025 qui
1296 1958 1549 2028 ignorat?
1601 1959 1863 2026 Quisnam
1901 1962 2000 2015 tri-

427 2045 576 2100 stitia
603 2046 863 2101 afficitur?
894 2047 1155 2115 Quisnam
1181 2050 1396 2104 consilii
1425 2052 1605 2121 inopia
1632 2053 1687 2106 in
1720 2055 2002 2125 angustias

428 2136 757 2191 adducitur?
791 2137 1052 2202 Quisnam
1095 2155 1154 2194 se
1205 2156 1231 2194 a
1284 2140 1396 2195 Deo
1447 2142 1764 2199 derelictum
1827 2146 2002 2203 fuisse

426 2229 663 2282 clamat?
694 2228 748 2282 Si
775 2231 917 2283 enim
949 2240 1031 2285 est
1062 2230 1239 2290 Patris
1275 2232 1506 2304 Filiique
1535 2236 1849 2305 divinitas,a
1866 2255 2003 2309 quo-

425 2335 550 2373 nam
575 2320 988 2393 derelinquitur,
1025 2326 1481 2394 quemadmodum
1520 2330 1573 2383 in
1604 2344 1769 2385 cruce
1800 2332 2001 2386 clama-

425 2410 544 2463 vit?
573 2411 629 2464 Si
670 2428 775 2466 una
807 2415 1113 2482 patiebatur
1146 2417 1438 2486 divinitas;
1461 2436 1624 2475 unam
1657 2430 1838 2477 autem
1877 2439 2001 2479 csse

424 2502 603 2558 Patris
640 2513 694 2558 et
720 2503 841 2559 Filii
870 2505 1211 2567 divinitatem
1262 2523 1424 2567 rectae
1447 2512 1566 2568 ﬁdei
1600 2514 1839 2571 cultores
1867 2531 2000 2570 con-

424 2594 676 2663 ﬁtentur;
706 2605 760 2650 et
786 2598 878 2666 qui
932 2602 1240 2669 patiebatur
1273 2605 1387 2658 ait:
1422 2603 1561 2659 Deus
1625 2623 1792 2670 meus,
1857 2607 1998 2662 Deus

423 2697 589 2743 meus,
617 2690 674 2735 ut
702 2683 826 2751 quid
856 2684 1179 2757 dereliquisti
1210 2707 1288 2744 me
1319 2692 1403 2745 ‘7?
1432 2694 1705 2761 quomodo
1735 2710 1843 2750 una
1866 2696 2001 2752 divi-

424 2772 611 2828 nitatis
638 2774 943 2830 substantia
994 2777 1048 2832 in
1071 2782 1326 2848 passione
1354 2782 1635 2849 dividitur,
1665 2794 1718 2840 et
1748 2787 1851 2841 alia
1874 2791 1997 2859 qui-

423 2863 544 2918 dem
562 2864 907 2937 derelinquit,
930 2870 1036 2924 alia
1056 2887 1186 2928 vero
1203 2873 1631 2946 derelinquitur;
1654 2879 1757 2934 alia
1779 2882 1996 2951 quidem

422 2953 673 3022 moritur,
715 2956 819 3010 alia
868 2957 921 3011 in
954 2960 1062 3012 vita
1096 2970 1413 3029 permanet;
1441 2964 1547 3017 alia
1580 2966 1797 3035 quidem
1840 2985 1997 3025 neca-

425 3051 534 3109 tur,
567 3046 673 3098 alia
724 3062 853 3100 vero
900 3049 1044 3117 quod
1090 3050 1225 3105 obiit
1272 3065 1302 3105 a
1351 3054 1583 3109 mortuis
1633 3059 1870 3113 excitat?
1900 3059 1999 3116 Vel

422 3136 566 3189 enim
592 3153 750 3191 unam
784 3154 891 3193 non
921 3155 1045 3196 esse
1077 3140 1338 3197 fatebitur
1395 3144 1574 3200 Patris
1600 3157 1654 3201 et
1702 3146 1822 3203 Filii
1864 3150 2001 3206 divi-

422 3227 736 3290 nitatem,et
759 3245 856 3299 per
884 3230 997 3286 haec
1026 3234 1157 3286 Ario
1182 3234 1503 3305 adstipulari
1526 3237 1995 3308 deprehendetur;

421 3318 505 3373 vel
536 3319 579 3372 si
602 3320 791 3374 Arium
822 3337 1143 3394 oppugnans
1187 3341 1349 3379 unam
1372 3328 1725 3398 eamdemque
1748 3330 2003 3386 divinita-

421 3419 528 3466 tem
564 3412 849 3484 utriusque
891 3430 1013 3470 esse
1038 3416 1204 3482 dicat,
1235 3432 1264 3470 a
1293 3433 1353 3472 se
1386 3419 1504 3486 ipso
1530 3435 1757 3489 prorsus
1782 3421 1996 3479 dissen-

422 3498 537 3563 tiet,
558 3514 681 3557 cum
713 3503 863 3558 nullo
883 3511 1040 3571 pacto
1063 3507 1236 3573 possit
1260 3505 1473 3562 efﬁcere
1496 3516 1555 3562 ut
1583 3525 1651 3564 ne
1682 3511 1861 3566 fabula
1889 3530 1920 3568 a
1938 3531 1997 3571 se

2119 412 2305 478 ἀγνοεῖ
2346 409 2441 464 τοῦ
2478 408 2694 478 δένδρου
2727 403 2942 472 καὶτῆς
2972 400 3121 472 ὧρας
3162 399 3261 468 τὴν
3298 394 3716 467 καρποφορίαν,

2117 502 2216 572 τὴν
2253 502 2486 573 ἡμέραν,
2513 500 2608 553 καὶ
2649 498 2748 568 τὴν
2798 494 2947 565 ὥραν
2988 492 3090 546 οὐκ
3141 486 3269 553 οἶδε,
3297 488 3594 549 τύπτεται,
3627 486 3715 538 δε-

2121 594 2393 662 σμεύεται·
2414 592 2551 663 (81).
2589 587 2899 661 ραπίζεται,
2944 584 3107 655 ἥλους
3135 582 3204 635 δι’
3236 579 3443 650 ἑαυτῆς
3470 578 3715 647 δέχεται,

2117 685 2392 755 αἱμάσσει,
2442 683 2613 754 νεκρὰ
2679 681 2910 750 γίνεται,
2967 674 3388 744 ἑνταφιάζεται,
3457 672 3761 763 μνήματι

2118 776 2288 846 καινῷ
2310 769 2865 843 ὲναποτίθεται.Ἀρα
2892 768 3197 823 συντίθεται
3230 766 3407 819 οἰκεῖα
3440 765 3538 817 καὶ
3567 762 3719 813 κατὰ
3758 792 3763 801 -

2118 868 2279 935 φύσιν
2302 864 2439 921 εἶναι
2469 871 2535 939 τῇ
2572 863 2873 938 προαιωνίᾳ
2899 861 3112 931 θεότητι
3134 859 3328 922 ταῦτα,
3357 857 3454 911 καὶ
3476 856 3552 927 μὴ
3582 856 3721 907 ἀνα⁸

2117 959 2409 1028 τραφῆναι,
2453 960 2501 1011 εί
2557 959 2630 1027 μὴ
2680 956 2930 1026 ὲΟήλασε,
2981 952 3101 1023 μηδ’
3131 953 3197 1005 ἂν
3224 950 3363 1012 ὅλως
3416 949 3477 1000 ὲν
3506 947 3589 1017 τῷ
3615 948 3718 1013 ζῇν

2116 1044 2276 1113 εἶναι,
2316 1050 2390 1122 μὴ
2413 1049 2489 1120 τῷ
2512 1048 2921 1103 διαπνευσθέντι
2961 1045 3074 1117 (82)
3124 1045 3223 1113 τῆς
3260 1041 3567 1110 δυνάμεως,
3610 1038 3717 1105 τῆς

2114 1140 2321 1210 τροφῆς
2354 1141 2614 1212 μετουσίᾳ
2653 1139 3109 1211 παρεμυθήσατο;
3156 1135 3279 1195 Πῶς
3302 1133 3360 1185 δὲ
3399 1133 3499 1184 καὶ
3522 1131 3718 1197 ἀγνοεῖ

2113 1235 2143 1285 ὁ
2172 1232 2435 1302 ἕνσαρκος
2464 1231 2627 1285 αὑτοῦ
2649 1231 2780 1295 Θεὸς
2795 1231 2892 1301 τὴν
2913 1231 3124 1301 ἡμέραν
3148 1228 3244 1282 καὶ
3268 1227 3368 1296 τὴν
3390 1226 3544 1295 ὥραν
3572 1222 3714 1275 ὲκεί-

2114 1341 2249 1395 νην;
2285 1324 2408 1388 Πῶς
2438 1324 2493 1376 δὲ
2522 1324 2623 1375 οὐκ
2667 1323 2953 1376 ἐπίσταται
3003 1322 3094 1374 τὸν
3132 1321 3240 1373 τῶν
3270 1320 3453 1372 συκῶν
3489 1318 3709 1387 καιρὸν,

2112 1418 2194 1470 ὅτι
2233 1418 2370 1471 κατά
2402 1419 2461 1470 τὸ
2484 1417 2673 1486 Πάσχα
2691 1417 2791 1469 οὐκ
2818 1416 2882 1469 ἂν
2903 1415 3220 1486 ἐφευρεθείη
3247 1415 3362 1483 (85)
3392 1414 3473 1484 τῷ
3498 1413 3712 1481 δένδρῳ

2113 1510 2324 1580 καρπὸς
2377 1512 2457 1572 εἰς
2507 1509 2706 1579 ἐδωδὴν
2754 1509 3091 1579 ὲπιτήδειος;
3145 1508 3239 1570 Τίς
3280 1510 3308 1560 ό
3348 1505 3593 1575 ἀγνοῶν,
3632 1507 3711 1557 εξ-

2117 1601 2305 1667 πάτω;
2339 1601 2436 1658 Τίς
2463 1603 2491 1654 ὁ
2526 1601 2900 1670 λυπούμενος;
2935 1600 3031 1663 Τίς
3059 1602 3088 1653 ὁ
3119 1601 3176 1652 ὲν
3203 1600 3488 1669 ἀμηχανίᾳ
3522 1614 3713 1653 στενο-

2110 1693 2483 1763 χωρούμενοςς
2508 1693 2603 1756 Τίς
2649 1694 2678 1745 ὁ
2739 1690 3224 1760 ἐγκαταλελεῖφθαι
3256 1689 3411 1762 παρὰ
3439 1688 3537 1741 τοῦ
3563 1687 3707 1741 Θεοῦ

2110 1784 2313 1855 βοήσας
2339 1802 2352 1848 ;
2404 1783 2467 1835 Εἰ
2518 1782 2613 1853 μία
2644 1782 2832 1853 θεότης
2860 1782 3072 1853 [ἰατρὸς
3111 1782 3207 1835 καὶ
3241 1779 3397 1845 Υίοῦ,
3428 1780 3528 1833 καὶ
3552 1780 3708 1849 παρά

2102 1878 2301 1949 τίνοςή
2340 1878 2724 1947 ὲγκατάλειψις
2752 1879 2980 1946 γίνεται,
3011 1878 3078 1948 ἢν
3109 1876 3201 1928 ἐπὶ
3234 1876 3312 1947 τῷ
3342 1876 3565 1946 σταυρῷ
3606 1874 3699 1940 ἐξ·

2102 1970 2380 2043 εφὼνησεν
2406 1989 2420 2038 ;
2456 1972 2518 2023 Ei
2544 1971 2652 2039 γὰρ
2674 1969 2734 2023 τὸ
2763 1971 2969 2039 πάσχον
2995 1971 3028 2039 ή
3071 1967 3283 2038 θεότης,
3316 1968 3445 2036 μνᾶς
3467 1966 3526 2018 δὲ
3552 1960 3702 2017 εἶναι

2103 2060 2353 2130 θεότητος
2411 2059 2490 2130 τῷ
2527 2058 2702 2129 Πατρὶ
2752 2059 2841 2111 τὸν
2889 2058 3016 2111 Υίὸν
3047 2059 3095 2110 oi
3136 2056 3490 2118 εὐσεϐοῦντες
3518 2056 3704 2108 συντί-

2103 2153 2322 2206 θενται·
2346 2153 2479 2223 φησὶ
2534 2152 2591 2205 δὲ
2623 2154 2651 2204 ὁ
2694 2151 2938 2220 πάσχων,
2979 2150 3062 2202 ὅτι
3096 2148 3201 2202 Θεέ
3240 2164 3381 2216 μου,
3418 2147 3529 2200 Θεέ
3550 2164 3703 2214 μου,

2100 2246 2201 2299 ἵνα
2220 2246 2278 2298 τί
2297 2262 2373 2314 με
2396 2242 2811 2313 ἐγκατέλιπες
2835 2241 2959 2304 Πῶς
2986 2241 3083 2311 μία
3104 2239 3264 2293 οὐσία
3292 2237 3409 2307 (84)
3448 2240 3482 2308 ἡ
3505 2237 3705 2306 θειότης

2101 2337 2159 2389 ὲν
2187 2335 2267 2405 τῷ
2304 2334 2466 2388 πάθει
2512 2333 2812 2404 μερίζεται,
2849 2334 2941 2385 καὶ
2984 2334 3016 2402 ἡ
3068 2331 3166 2402 μὲν
3195 2329 3540 2391 καταλείπει,
3567 2331 3603 2399 ή
3641 2329 3702 2382 δὲ

2102 2426 2522 2481 καταλείπεταιο
2580 2427 2613 2494 ή
2679 2424 2776 2496 μὲν
2830 2425 2888 2477 ἐν
2937 2424 3149 2494 θανάτῳ
3187 2424 3416 2490 γίνεται,
3451 2424 3485 2491 ἡ
3515 2422 3573 2475 δὲ
3637 2422 3699 2473 ἐν

2101 2518 2212 2588 ζωῇ
2255 2516 2366 2586 (85)
2391 2516 2636 2586 διαμένει
2662 2533 2675 2545 ο
2708 2518 2741 2585 ἡ
2774 2514 2871 2585 μὲν
2901 2515 3207 2586 νεκροῦται,
3239 2516 3271 2584 ἡ
3314 2513 3371 2565 δὲ
3404 2513 3467 2565 τὸ
3488 2529 3703 2582 νεκρω-

2102 2607 2192 2660 θὲν
2238 2606 2603 2676 διανίστησιν;
2642 2608 2715 2659 Ἦ
2749 2605 2857 2675 γὰρ
2904 2607 3001 2676 οὐχ
3054 2605 3375 2676 ὁμολογήσει
3426 2604 3558 2673 μίαν
3602 2604 3699 2656 ἐπὶ

2100 2701 2313 2768 Πατρός
2367 2715 2425 2752 τε
2490 2698 2585 2749 καὶ
2638 2696 2777 2750 Υίοῦ
2839 2697 2936 2768 τὴν
2975 2697 3224 2767 θεότητα.
3259 2698 3351 2749 καὶ
3396 2698 3700 2767 συνήγορος

2113 2790 2320 2860 Ἀρείου
2348 2789 2434 2842 διὰ
2455 2787 2613 2841 τοῦτο
2638 2788 3074 2857 ἀναφανήσεταις
3105 2789 3161 2859 ἣ,
3182 2788 3339 2857 εἴπερ
3356 2788 3550 2857 Ἀρείῳ
3584 2804 3699 2856 μα-

2100 2882 2350 2952 χόμενος,
2387 2880 2513 2949 μίαν
2545 2879 2713 2947 λέγοι,
2749 2880 2870 2933 οὐδὲ
2894 2880 3072 2949 ἐαυτῷ
3103 2881 3318 2942 πάντως
3341 2879 3695 2949 συνθήσεται,

2102 2974 2295 3045 στῆσαι
2318 2972 2410 3025 τὸν
2450 2970 2860 3025 ἀναπλασθέντα
2916 2970 3083 3040 μῦθον
3117 2972 3175 3023 ὲν
3205 2969 3384 3039 ἐαυτῷ
3416 2970 3493 3039 μὴ
3536 2970 3698 3023 δυνά-

2099 3082 2281 3138 μενος.
2328 3063 2486 3116 Ἀλλὰ
2511 3064 2628 3116 κατ’
2645 3063 2890 3132 ἀνάγκην
2935 3061 3035 3123 τὰς
3067 3061 3333 3130 ἐμπαθεῖς
3372 3060 3573 3123 ταύτας
3599 3062 3698 3114 καὶ

2096 3155 2484 3227 ταπεινοτέρας
2518 3155 2702 3223 φωνάς
2748 3172 2806 3206 τε
2839 3155 2932 3206 καὶ
2973 3153 3241 3215 διαθέσεις
3263 3151 3339 3222 τῷ
3365 3150 3695 3224 ἀνθρωπίνῳ

2097 3246 2599 3320 προσμαρτυρήσει,
2657 3244 2925 3316 ἄτρεπτον
2960 3261 3021 3296 τε
3066 3245 3160 3296 καὶ
3198 3242 3386 3311 ἀπαθῆ
3412 3241 3507 3294 τοῦ
3550 3240 3695 3295 Θεοῦ

2096 3338 2195 3407 τὴν
2231 3336 2411 3406 φύσιν,
2446 3337 2539 3389 καί
2572 3338 2628 3388 ἐν
2649 3338 2715 3406 τῇ
2757 3334 3010 3403 κοινωνίᾳ
3052 3333 3158 3386 τῶν
3199 3332 3554 3403 ἀνθρωπίνων
3584 3348 3693 3384 πα-

2099 3427 2358 3498 Θημάτων
2410 3426 2872 3498 διαμεμενηκέναι
2928 3424 3273 3492 συνθήσεται.
3319 3422 3430 3476 Καὶ
3482 3421 3693 3474 τούτων

2101 3520 2312 3590 μάρτυς
2343 3518 2503 3581 αὐτὸς
2546 3520 2575 3571 ὁ
2624 3515 2792 3570 εἰπὼν
2827 3516 2954 3586 περὶ
2987 3514 3175 3580 αὐτοῦ,
3254 3516 3335 3568 ὅτι
3381 3512 3693 3577 Δοξάζετιιι

420 3591 653 3644 conﬁcta
686 3595 930 3663 undique
959 3602 1135 3649 nutet.
1170 3594 1273 3650 Sed
1308 3598 1625 3657 humiliores
1648 3603 1812 3659 hasce
1841 3614 1895 3660 et
1929 3606 1995 3660 ad

2105 3609 2209 3675 μὲν
2230 3611 2308 3676 ὡς
2341 3608 2653 3678 ἄνθρωπος
2700 3609 2769 3673 ἐξ
2797 3608 3046 3675 ἀδοξίας
3079 3607 3439 3667 ἀναϐαίνων,
3468 3607 3589 3673 ἔχει
3622 3604 3695 3658 δὲ

420 3682 838 3735 concitationem
894 3692 1211 3757 motumque
1268 3688 1438 3742 animi
1502 3694 1840 3760 pertinentes
1874 3703 1991 3752 tum

418 3785 580 3825 voces
606 3779 718 3825 tum
748 3772 1059 3831 affectiones
1076 3776 1397 3833 humanitati
1426 3781 1730 3851 adscribet;
1756 3784 1993 3841 divinam

420 3876 548 3917 vero
572 3869 819 3918 naturam
855 3864 909 3919 in
932 3866 1047 3937 ipsa
1077 3867 1440 3927 humanarum
1470 3872 1819 3930 aﬂ‘ectionum
1844 3893 1993 3932 com-

418 3952 678 4007 munione
736 3956 915 4011 omnis
946 3961 1377 4026 perturbationis
1407 3964 1747 4036 affectusque
1787 3969 1987 4024 immu-

2096 3701 2211 3768 τὴν
2232 3700 2419 3765 δόξαν
2443 3700 2556 3769 πρὸ
2582 3700 2688 3754 τοῦ
2724 3700 2955 3768 κόσμου
2980 3700 3060 3765 ὡς
3095 3699 3238 3763 Θεὸς
3264 3695 3690 3765 προϋπάρχειν.

2108 3793 2174 3845 Ἡ
2206 3791 2313 3865 γὰρ
2344 3792 2527 3856 ἀδοξία
2577 3791 2816 3856 πάντως,
2864 3791 2896 3861 ή
2926 3789 3143 3860 παθητὴ
3169 3788 3267 3858 τῆς
3297 3787 3501 3857 σαρκὸς
3526 3784 3695 3855 φύσις

2100 3883 2216 3937 ὲστί
2234 3901 2249 3917 ο
2276 3883 2403 3949 δόξα
2433 3884 2492 3937 δὲ
2529 3884 2637 3955 ἄρα
2666 3882 2901 3948 αἰώνιος,
2930 3884 2963 3953 ή
3012 3880 3229 3952 ἀπαθής
3256 3898 3316 3934 τε
3349 3881 3443 3934 καὶ
3473 3880 3694 3951 ἀκήρα·

2098 3993 2189 4039 τος
2208 3975 2459 4048 δύναμις.

418 4058 541 4098 nem
577 4045 821 4116 nullique
856 4050 1140 4105 mutationi
1193 4054 1481 4109 obnoxiam
1513 4060 1819 4127 perstitisse
1853 4069 2179 4124 consentiet.
2207 4045 2383 4139 Hujus
2416 4076 2596 4124 autem
2633 4069 2713 4124 rei
2777 4068 2935 4124 testis
3002 4076 3086 4122 est
3149 4066 3235 4121 vel
3292 4062 3409 4135 ipse
3474 4061 3688 4134 Apolli-

424 4134 571 4189 naris
602 4136 783 4206 quide
809 4136 944 4193 Filio
969 4141 1196 4210 loquens
1231 4145 1348 4198 ait:
1386 4143 1733 4217 Gloriﬁcatur
1781 4153 1990 4223 quidem
2058 4169 2117 4211 ut
2166 4134 2340 4225 homo,
2403 4175 2469 4213 ea:
2520 4158 2849 4230 ignobilitate
2889 4173 3101 4225 sursum
3149 4134 3398 4220 evectus,-
3453 4156 3684 4225 gloriam

416 4246 534 4285 vero
554 4231 782 4298 possidet
817 4245 936 4293 ante
967 4238 1148 4290 mundi
1176 4241 1461 4307 opiﬁcium,
1486 4253 1543 4296 ut
1565 4244 1700 4301 Deus
1731 4258 1851 4305 ante
1873 4254 2051 4306 omnia
2080 4255 2365 4308 exsistens.
2394 4253 2531 4307 Nam
2585 4253 2899 4324 ignobilitas
2964 4265 3191 4321 prorsus
3261 4258 3350 4305 est
3434 4246 3682 4317 patibtlis

416 4334 612 4379 natura
642 4331 825 4383 carnis
852 4348 864 4383 :
893 4338 1094 4386 aeterna
1126 4333 1306 4406 itaque
1330 4337 1500 4406 gloria
1524 4341 1628 4393 erit
1666 4341 1985 4410 impatibilis
2027 4349 2291 4417 potentia,
2319 4356 2484 4418 atque
2515 4347 2864 4401 immortalis.

490 4416 656 4476 XXV.
688 4418 888 4476 Verum
924 4440 992 4481 ne
1035 4427 1159 4495 quis
1208 4443 1309 4483 nos
1364 4430 1416 4483 in
1468 4431 1550 4484 his
1584 4449 1705 4502 qua}
1748 4436 1988 4494 diximus
2022 4446 2062 4498 D

416 4509 741 4565 calumniari
771 4515 1065 4581 existimet,
1120 4519 1405 4587 ipsinsmet
1447 4523 1778 4593 Apollinaris
1824 4530 1987 4583 verba

417 4598 651 4657 referam
687 4605 741 4657 in
796 4620 1029 4674 quorum
1082 4624 1303 4666 sensum
1359 4612 1522 4668 modo
1578 4616 1986 4685 inquisivimns.

422 4692 634 4748 Ethnici
679 4698 844 4763 enim,
896 4701 1095 4769 inquit,
1141 4712 1191 4756 et
1226 4702 1406 4758 Judwi
1441 4709 1720 4777 manifeste
1754 4710 1991 4777 inﬁdeles

418 4793 565 4847 sunt,
601 4795 777 4854 utpote
803 4790 892 4859 qui
926 4790 1094 4845 Deum
1122 4809 1187 4846 ea,
1218 4795 1436 4849 muliere
1460 4798 1690 4863 genitum
1722 4799 1800 4853 vel
1828 4801 1992 4868 fando

420 4872 608 4928 audire
637 4891 881 4933 renuunt.
907 4882 1017 4936 Cur
1043 4900 1185 4939 nunc
1207 4884 1272 4940 de
1302 4896 1459 4957 partu
1488 4890 1736 4959 loquens,
1770 4907 1989 4947 carnem

422 4964 641 5021 silentio
662 4972 942 5037 praztcriit,
964 4977 1213 5043 quamvis
1246 4988 1389 5056 quod
1430 4992 1613 5037 natum
1637 4993 1721 5040 est
1745 5000 1808 5041 ex
1828 5002 1993 5041 carne

493 5148 539 5178 ‘°
569 5148 736 5204 Marc.
762 5164 841 5214 xx,
876 5150 957 5205 l5.
1037 5153 1081 5184 ⁶⁷
1116 5154 1305 5209 Matth.
1344 5173 1510 5222 xxvn,
1545 5160 1630 5214 46.

640 5325 798 5401 ρων.
834 5328 1074 5401 ἔρχεται.

498 5397 611 5470 (8η
641 5394 796 5470 Corr.
821 5394 1124 5470 δέσμεῖται.

499 5465 611 5535 (82)
646 5468 799 5548 gert.
839 5465 1304 5548 ἰδ’διαπνευσθέν,
1346 5483 1419 5548 et
1462 5492 1584 5531 mox
1640 5478 1996 5548 παραμυθού-

430 5537 749 5619 μενονλξρό
782 5543 966 5619 potius
998 5545 1280 5614 legendum
1307 5547 1519 5601 videtur
1556 5551 1601 5601 εἰ
1654 5537 1731 5619 μῆ
1777 5537 1837 5601 τὸ
1884 5549 1996 5603 δια-

435 5606 715 5670 πνευσῡέν,
742 5606 845 5665 etc.

2172 4440 2260 4503 Ὠς
2291 4440 2334 4492 δ’
2358 4441 2424 4493 ἂν
2475 4440 2549 4510 μὴ
2606 4438 2961 4505 συκοφαντεῖν
3012 4437 3069 4488 ὲν
3110 4437 3224 4498 τοῖς
3254 4433 3569 4504 εἰρημένοις
3596 4434 3657 4486 δο

2090 4533 2338 4601 κοίημεν,
2366 4530 2674 4584 αὐτῶντῶν
2720 4529 2862 4583 κατὰ
2904 4526 3029 4581 νοῦν
3054 4526 3164 4596 (86)
3216 4528 3347 4596 ⁴ἡμῖν
3390 4525 3685 4596 προεξετά-

2094 4623 2326 4676 σθέντων
2354 4624 2449 4676 καὶ
2476 4623 2573 4694 τὴν
2600 4620 2744 4686 λέξιν
2762 4619 3394 4689 ἐκθήσομαι.”Ελληνες
3417 4615 3528 4685 γὰρ
3550 4616 3683 4684 (87).

2094 4716 2248 4788 φησὶ,
2268 4715 2367 4770 καὶ
2400 4715 2673 4771 Ἰουδαῖοι
2701 4710 3020 4784 προφανῶς
3034 4709 3385 4771 ἀπιστοῦσι,
3399 4709 3487 4776 μὴ
3514 4723 3686 4761 κατα-

2095 4809 2403 4877 δεχόμενοι
2431 4809 2577 4861 Θεὸν
2598 4808 2844 4861 ἀκούειν
2863 4807 2972 4861 τὸν
2986 4805 3055 4858 ἐκ
3070 4802 3353 4874 γυναικὸς
3372 4801 3681 4870 τεχθέντα.

2100 4896 2198 4950 Διὰ
2227 4896 2278 4952 τί
2305 4896 2399 4949 νῦν
2428 4899 2485 4951 ὲν
2518 4896 2594 4967 τῷ
2628 4896 2771 4969 τόκῳ
2787 4895 2888 4965 τὴν
2926 4896 3104 4967 σάρκα
3135 4889 3684 4963 παρεσιώπησε,καεο

2101 5007 2183 5044 τοι
2214 4990 2272 5042 τὸ
2300 4990 2660 5064 γεγενημένον
2708 4991 2772 5044 ἐκ
2814 4988 2915 5058 τῆς
2959 4984 3157 5063 σαρκὸς
3187 4978 3326 5057 σὰρξ
3348 4979 3419 5055 ἦν
3445 4984 3682 5045 πάντως.

2174 5337 2286 5409 (85)
2308 5334 2387 5409 Ita
2417 5351 2577 5409 corr._
2598 5344 2779 5409 antea,
2815 5336 2911 5407 οὐχ
2944 5336 3215 5409 εὑρεθείη.

2176 5406 2289 5472 (84)
2324 5406 2480 5460 Corr.
2518 5406 2616 5475 μία
2638 5402 2797 5459 οὖσα.

2124 5491 2128 5495 ·
2177 5476 2290 5543 (85)
2317 5476 2473 5530 Corr.
2500 5478 2558 5527 ὲν
2592 5478 2656 5544 τῇ
2693 5476 2829 5545 ζωῇ.

2180 5547 2291 5614 (86)
2314 5548 2468 5599 Corr.
2513 5547 2655 5599 κατά
2687 5546 2778 5598 τὸν
2802 5546 2945 5599 νοῦν.

2178 5618 2290 5689 (87)
2318 5617 2473 5671 Corr.
2510 5616 2610 5686 μὲν
2640 5616 2765 5685 γάρ.
