4018 6124
202 276 349 332 H77

1383 263 1757 323 ADVERSUS
1798 252 2309 319 APOLLINAREM.

3334 267 3473 327 H78

198 389 385 453 καθώς
423 391 558 459 φησί
586 404 686 440 που
715 387 743 439 6
772 384 1009 458 Κύριος;
1047 384 1188 439 Ἀλλ’
1212 384 1400 456 ἐπειδὴ
1426 384 1673 456 βούλεται
1698 383 1793 436 αὺ-

1912 396 2028 436 :aro
2074 383 2302 438 omnino
2349 381 2453 447 sit,
2482 389 2540 437 ut
2585 382 2783 439 alicubi
2835 383 3096 442 Dominus
3138 387 3213 441 ait
3236 388 3314 443 θεῖ)
3367 390 3476 446 Sed

200 486 302 555 τὴν
349 481 449 553 τὴν
486 478 769 549 τεχθείσαν
814 476 994 548 σάρκα
1025 476 1259 548 θεότητα
1304 473 1464 542 εἶναι,
1506 477 1598 529 καὶ
1629 492 1800 528 κατα-

204 576 471 631 σκευάσαι
501 574 602 627 οὑκ
639 573 697 625 ὲν
753 571 918 644 σαρκὶ
960 571 1260 641 πεφηνέναι
1307 571 1399 624 τὸν
1446 568 1600 634 Θεὸν,
1629 567 1803 635 λέγει·

217 666 375 720 Ἀλλὰ
410 664 542 718 Θεὸν
582 663 847 733 ἔνσαρκον
879 662 985 733 πρὸ
1024 660 1236 715 αἰώνων
1279 661 1428 724 ὄντα,
1458 658 1595 729 μετὰ
1628 656 1801 710 ταῦτα

203 758 291 812 διὰ
321 755 577 827 γυναικὸς
608 755 879 826 τετέχθαι,
906 756 1001 808 καί⁵
1032 754 1170 822 πρὸς
1198 753 1297 823 τὴν
1323 752 1430 805 τῶν
1460 749 1801 821 παθημάτων

204 852 422 921 πεῖραν,
463 848 720 917 καὶπρὸς
757 848 856 917 τὴν
888 847 989 916 τῆς
1025 846 1136 914 (88)
1186 844 1400 915 φύσεως
1436 843 1682 913 ἀνάγκην
1712 841 1800 893 ὲλ-

205 940 339 993 θεῖν.
368 939 476 991 Καὶ
508 938 681 991 ταῦτα
720 936 913 1004 λέγων,
963 934 1023 989 οὐ
1049 934 1265 987 δίδωσιν
1306 931 1596 1001 αὐτῷοὖδὲ
1619 932 1679 983 τὸ
1702 931 1799 984 ἄν·

207 1033 423 1103 θρωπον
448 1026 587 1083 εἶναι
608 1046 620 1058 ·
653 1028 790 1082 ἀλλὰ
822 1030 934 1088 τοῖς
971 1026 1070 1096 μὲν
1101 1024 1329 1078 πάθεσιν
1359 1024 1558 1090 ὑπάγει
1595 1022 1670 1087 ὡς
1708 1022 1802 1076 ἄν·

208 1126 446 1197 θρωπον,
479 1124 578 1192 τῆς
623 1122 678 1174 δὲ
722 1118 1070 1191 ἀνθρωπίνης
1104 1118 1164 1170 οὐ
1216 1117 1534 1187 μεταδίδωσι
1564 1114 1797 1183 φύσεως.

208 1216 334 1278 Πῶς
361 1214 470 1284 γὰρ
515 1213 798 1281 ἅνθρωπος
845 1210 904 1262 τὸ
938 1208 1011 1280 μὴ
1044 1211 1108 1261 ἐκ
1152 1209 1255 1278 γῆς
1294 1202 1432 1261 εἶναι
1478 1206 1798 1276 λεγόμενον;

220 1310 317 1361 Ἐκ
374 1307 480 1378 γὰρ
537 1304 632 1358 τοῦ
675 1302 1036 1373 Ἀδὰμλέγει
1070 1302 1102 1372 ἡ
1144 1301 1332 1371 Γραφὴ
1371 1300 1428 1353 τὸ
1464 1300 1802 1372 ἀνθρώπινον

208 1399 491 1468 γενέσθαι,
525 1398 618 1451 καὶ
646 1395 861 1467 πρῶτον
890 1397 1094 1447 ἐκεῖνον
1115 1394 1202 1447 διὰ
1228 1394 1324 1465 τῇς
1347 1393 1495 1455 θείας
1523 1392 1801 1464 δυνάμεως

209 1497 276 1547 ὲκ
295 1493 399 1564 γῆς
430 1491 613 1561 φῦναι.
643 1491 740 1543 Διὰ
760 1488 915 1541 τοῦτο
939 1488 1034 1541 καὶ
1054 1489 1081 1539 6
1103 1488 1316 1550 Λουκᾶς
1343 1486 1431 1539 τὸν
1448 1485 1802 1557 νομιζόμενον

208 1583 307 1636 τοῦ
350 1582 547 1652 Ἰωσὴφ
586 1581 698 1633 υίὸν
752 1577 1107 1647 γενεαλογῶν,
1146 1577 1300 1646 φησὶ,
1341 1576 1450 1631 Τοῦ
1495 1576 1686 1645 Ἀδὰμ,
1717 1576 1803 1644 ἐξ-

212 1674 401 1729 άπτων
427 1673 547 1727 καθ’
571 1673 801 1726 ἕκαστον
824 1670 933 1722 τῶν
972 1669 1219 1740 πατέρων
1246 1670 1344 1738 τὴν
1376 1668 1549 1739 ἀρχὴν
1581 1668 1680 1740 τῆς
1711 1686 1800 1737 γε-

130 1829 137 1835 ,
212 1766 434 1830 νέσεως.
486 1764 546 1817 Ὀ
604 1763 783 1817 τοίνυν
819 1763 892 1833 μὴ
924 1764 990 1815 ὲκ
1022 1762 1115 1816 τοῦ
1140 1762 1329 1831 γένους
1363 1760 1469 1813 τῶν
1503 1760 1801 1831 ἀνθρώπων
1836 1741 1877 1795 Β

212 1858 504 1927 γενόμενος
554 1855 681 1909 ἄλλο
726 1873 779 1907 τι
807 1855 1023 1917 πάντως
1062 1854 1198 1917 ἐστὶ,
1240 1854 1335 1905 καὶ
1364 1853 1464 1906 οὐκ
1495 1852 1798 1924 ἄνθρωπος.

226 1948 285 2001 Ὀ
310 1943 402 2001 οὖν
440 1947 575 2017 μήτε
610 1945 914 2017 ἅνθρωπος,
975 1944 1053 2015 τῷ
1086 1944 1253 2014 μηδὲν
1288 1943 1432 2014 ἔχειν
1460 1943 1553 1996 τοῦ
1593 1944 1804 2015 ἀνθρω-

215 2037 371 2089 πίνου
417 2036 628 2103 γένους,
689 2035 825 2105 μήτε
870 2033 1022 2097 Θεὸς,
1082 2032 1160 2104 τῷ
1206 2034 1279 2104 μὴ
1311 2029 1449 2086 εἶναι
1491 2032 1800 2103 ἀσώματος,

173 2175 179 2178 .
215 2128 423 2187 ἐκεῖνος
467 2126 494 2177 6
524 2126 784 2194 ἔνσαρκος
838 2122 932 2176 τοῦ
976 2123 1314 2194 λογογράφου
1345 2124 1475 2187 Θεὸς
1503 2124 1556 2177 τί
1598 2125 1662 2178 ἂν
1693 2125 1801 2196 εἴη,

213 2218 524 2286 λεγέτωσαν
578 2219 625 2269 οἱ
678 2217 779 2285 τῆς
810 2217 1024 2287 ἀπάτης
1060 2218 1222 2269 αὐτοῦ
1257 2217 1494 2287 μαθηταὶ
1539 2217 1633 2270 καὶ
1680 2235 1805 2271 συν-

217 2311 447 2380 ήγοροι⁸
490 2308 641 2362 Ἀλλ’
671 2308 953 2371 ἐδέξαντο
1004 2310 1098 2373 ἂν,
1124 2311 1308 2379 φησὶν,
1346 2310 1667 2377 Ἕλληνες,
1703 2312 1803 2365 καὶ

230 2397 518 2458 Ἰουδαῖοι,
560 2397 728 2464 εἴπερ
783 2395 1097 2464 ἅνθρωποι*
1149 2399 1358 2453 ἔνθεον
1396 2394 1547 2452 εἷναι
1584 2402 1691 2453 τὸν
1717 2418 1807 2455 τε·

220 2491 442 2561 χθέντα
469 2490 774 2559 ἐλέγομεν,
810 2490 1012 2559 ὥσπερ
1060 2492 1403 2546 Ἠλίαν.Καὶ
1435 2494 1519 2556 τίς
1539 2493 1648 2548 τῶν
1692 2494 1801 2547 Ἐλο

219 2584 401 2654 λήνων
434 2585 500 2639 τὰ
532 2585 671 2639 κατὰ
695 2585 785 2637 τὸν
830 2584 1015 2638 Ἠλίαν
1044 2584 1296 2656 θαύματα
1329 2586 1403 2650 ὠς
1444 2586 1619 2658 ἀληθῆ
1662 2605 1806 2659 παρ-

221 2677 474 2745 εδέξατο;
514 2679 595 2732 ὃτι
652 2679 764 2751 πῦρ
786 2679 906 2749 διχῆ
936 2678 1012 2748 τῷ
1054 2680 1291 2750 σχήματι
1320 2680 1589 2743 τυπωθὲν,
1618 2682 1679 2734 τὸ
1709 2683 1808 2751 μὲν

223 2774 307 2836 εἱς
331 2771 579 2842 ἅρματος
609 2766 767 2835 εἶδος,
795 2770 855 2823 τὸ
888 2770 944 2823 δὲ
967 2772 1044 2834 εἰς
1064 2772 1247 2823 ἵππων
1272 2772 1505 2843 μορφὴν,
1527 2774 1625 2844 τὴν
1657 2776 1810 2828 ἐναν-

221 2865 349 2918 τίαν
376 2866 445 2934 τῇ
477 2862 653 2933 οἰκείᾳ
691 2862 850 2931 φύσει
901 2863 1127 2914 κινεῖται
1173 2862 1367 2932 φορὰν,
1392 2862 1598 2916 ἄνωθεν
1628 2864 1721 2917 ἐπὶ
1750 2864 1810 2917 τὸ

224 2956 379 3009 κάτω
407 2953 720 3025 φερόμενον,
754 2952 849 3007 καὶ
886 2953 968 3005 ὃτι
997 2952 1287 3021 μετάρσιος
1324 2951 1418 3005 ἐπὶ
1441 2953 1533 3006 τοῦ
1558 2954 1811 3023 φλογίνου

1900 473 2158 541 quoniam
2192 474 2364 544 ipsam
2413 489 2659 541 carnem,
2704 492 2826 545 quae
2855 494 2920 532 ex
2950 479 3175 533 muliere
3203 488 3335 535 nata
3369 490 3475 550 est,

1900 563 2235 619 divinitatem
2270 581 2394 622 esse
2415 567 2564 633 vult;
2597 582 2659 621 ac
2684 569 2908 639 insuper
2938 571 3221 626 adstruere
3251 573 3479 630 intendit

1900 653 2069 709 Deum
2122 656 2175 710 in
2207 672 2372 713 carne
2427 659 2831 715 manifestatum
2882 678 2990 716 non
3027 663 3218 728 fuisse,
3274 665 3480 721 ideirco

1899 748 2033 803 dicit
2069 766 2082 802 :
2124 749 2231 805 Sed
2277 744 2446 805 Deum
2498 767 2666 808 carne
2730 761 2855 807 ante
2896 755 3092 808 swcula
3151 757 3478 825 praeditum,

1901 847 2092 907 postea
2125 855 2192 893 ex
2231 839 2458 894 muliere
2492 842 2730 910 genitum
2763 842 2955 906 fuisse,
2985 853 3039 898 et
3072 845 3137 898 ad
3162 847 3479 915 passionum

1903 931 2298 999 experimenta,
2341 939 2678 1001 caeterasque
2722 935 2972 990 humanae
3005 945 3212 992 naturae
3242 941 3481 995 necessi-

1898 1028 2039 1078 tates
2086 1024 2403 1079 subeundas
2448 1024 2505 1078 in
2555 1027 2817 1080 mundum
2854 1029 3092 1086 venisse.
3126 1029 3250 1085 Haec
3299 1042 3479 1086 autem

1900 1130 2156 1170 asserens
2190 1131 2291 1171 nec
2324 1116 2427 1185 ipsi
2459 1116 2735 1173 hominem
2768 1135 2892 1175 esse
2934 1122 3183 1192 largitur,
3225 1125 3319 1179 sed
3357 1141 3482 1194 pas-

1901 1207 2152 1262 sionibus
2195 1206 2414 1277 quidem
2466 1209 2675 1274 subdit,
2726 1221 2784 1264 ut
2836 1213 3133 1277 hominem,
3187 1216 3479 1271 humanam

1903 1314 2031 1353 vero
2067 1307 2320 1354 naturam
2349 1299 2525 1355 eidem
2550 1316 2659 1354 non
2694 1301 3023 1371 impertitur.
3056 1305 3302 1370 Quonam
3334 1310 3478 1362 enim

1901 1399 2060 1463 pacto
2104 1391 2267 1445 homo
2318 1407 2443 1448 esse
2495 1395 2713 1463 poterit,
2755 1395 2901 1466 quod
2949 1404 3154 1450 eterra
3208 1416 3314 1453 non
3357 1417 3482 1456 esse

1901 1481 2142 1537 dicitur?
2190 1482 2265 1537 Ex
2302 1484 2475 1537 Adam
2524 1488 2669 1539 enim
2723 1486 2797 1539 ait
2850 1485 3132 1556 Scriptura
3182 1489 3480 1544 humanum

1904 1592 2079 1646 genus
2129 1583 2308 1630 ortum
2364 1577 2655 1639 habuisse,
2707 1594 2942 1649 eumque
2980 1582 3211 1652 primum
3255 1598 3285 1638 e
3336 1593 3483 1638 terra

1904 1676 2146 1723 creatum
2171 1669 2355 1723 divina
2388 1670 2587 1725 virtute
2615 1670 2804 1726 fuisse.
2836 1672 3180 1744 Quapropter
3201 1683 3255 1729 et
3279 1673 3480 1738 Lucas,

1908 1760 2107 1815 Christi
2151 1762 2244 1830 qui
2283 1762 2580 1831 putabatur
2607 1761 2849 1833 Josephi-
2874 1766 3016 1821 lilius
3047 1782 3187 1832 esse,
3237 1768 3485 1837 genealo-

1906 1853 2046 1923 giam
2073 1861 2284 1917 texens,
2319 1854 2414 1921 ait,
2442 1854 2546 1919 Qui
2575 1855 2677 1924 fuit
2700 1856 2872 1910 Adam
2897 1858 2960 1923 5’,
2998 1875 3094 1928 per
3118 1860 3361 1930 singulos
3390 1876 3485 1930 pa-

1904 1953 2018 2001 tres
2051 1946 2304 2000 ordinata
2337 1948 2479 2002 serie
2528 1948 2897 2018 generationis
2936 1949 3056 2018 ejus
3086 1950 3298 2004 initium
3330 1967 3485 2021 repe-

1904 2044 2044 2093 tens.
2065 2037 2235 2094 Porro
2263 2040 2355 2109 qui
2383 2056 2450 2095 ex
2479 2040 2757 2095 hominum
2783 2057 2981 2112 genere
3004 2057 3111 2097 non
3142 2044 3339 2110 oritur,
3374 2061 3484 2099 non

1907 2130 2091 2195 homo,
2125 2131 2217 2186 sed
2250 2131 2396 2185 aliud
2427 2132 2556 2202 quid
2596 2133 2821 2186 omnino
2850 2142 2957 2188 est.
2988 2133 3125 2187 Cum
3159 2136 3343 2205 itaque
3364 2152 3488 2190 ear-

1907 2237 2046 2277 neus
2086 2223 2179 2277 ille
2226 2224 2400 2278 nostri
2450 2223 2741 2293 scriptoris
2786 2223 2927 2279 Deus
2977 2241 3150 2294 neque
3198 2226 3359 2281 homo
3391 2229 3485 2292 sit,

1907 2322 2091 2384 utpote
2134 2313 2227 2384 qui
2280 2314 2413 2367 nihil
2464 2313 2686 2368 humani
2738 2315 2955 2384 generis
3008 2315 3244 2383 habeat;
3305 2333 3486 2388 neque

1907 2405 2072 2471 Deus,
2097 2421 2220 2461 cum
2246 2407 2605 2476 incorporeus
2638 2421 2744 2460 non
2771 2407 2876 2473 sit;
2910 2408 3170 2476 quidnam
3205 2425 3393 2463 revera
3416 2410 3489 2464 sit

1910 2499 2096 2554 dicant
2129 2500 2249 2568 ejus
2292 2499 2499 2553 erroris
2538 2499 2793 2568 discipuli
2827 2508 2989 2568 atque
3017 2499 3353 2556 defensores.
3384 2501 3488 2556 Sed

1908 2591 2057 2645 nobis
2094 2591 2496 2655 assentirentur,
2540 2591 2738 2660 intjuit,
2778 2590 2990 2644 Ethnici
3020 2603 3175 2661 atque
3208 2590 3408 2656 Judwi,
3440 2595 3489 2649 si

1908 2700 2046 2747 eum,
2070 2685 2161 2754 qui
2186 2695 2344 2737 natus
2371 2692 2468 2749 est,
2502 2683 2735 2737 divinum
2763 2684 3021 2739 homhzem
3044 2703 3152 2740 esse
3175 2687 3485 2753 diceremus,

1909 2772 2349 2842 quemadmodum
2376 2770 2574 2826 Etiam.
2614 2770 2719 2826 Sed
2746 2773 2869 2843 quis
2891 2775 3230 2828 ethnicorum
3269 2792 3387 2845 qua:
3421 2777 3490 2831 de

1912 2862 2028 2916 Elia
2059 2873 2355 2918 narrantur
2384 2865 2650 2918 miracula
2674 2865 2720 2896 ⁷⁸
2761 2881 2859 2935 pro
2890 2867 3036 2921 veris
3068 2867 3278 2933 habuit,
3310 2868 3486 2938 ignem

1912 2972 2106 3026 nempe
2139 2954 2345 3024 duplici
2391 2955 2565 3011 forma
2598 2957 2867 3023 indulutn,
2901 2958 3066 3012 alium
3110 2960 3327 3029 quidem
3365 2976 3493 3015 cur-

229 3050 479 3117 ἆρματος
528 3044 757 3116 ἡνιοχῶν
804 3044 865 3097 τὸ
912 3043 1022 3113 πῦρ
1073 3044 1102 3095 6
1146 3044 1349 3109 Ἠλίας,
1405 3044 1620 3115 ἀπαθὴς
1651 3046 1709 3098 ἐν
1744 3048 1810 3117 τῇ

1916 3063 2035 3110 rus,
2084 3047 2248 3100 alium
2278 3062 2409 3102 vero
2451 3062 2715 3117 equorum
2762 3051 2963 3119 specie,
3006 3067 3036 3106 e
3065 3053 3204 3106 coelo
3234 3052 3490 3109 deorsum

227 3138 392 3207 φλογὶ
412 3134 751 3201 διασώζεται,
783 3134 880 3189 τοῦ
903 3135 1075 3206 πυρὸς
1109 3135 1169 3187 τὸ
1202 3132 1313 3205 πῦρ
1338 3134 1607 3199 ἕλκοντος,
1644 3135 1734 3187 τοῦ
1757 3139 1813 3189 ὲν

223 3231 342 3293 τοίς
366 3230 553 3292 ἵπποις
592 3227 652 3280 τὸ
684 3228 742 3280 ὲν
767 3225 845 3296 τῷ
886 3226 1132 3296 apudet;
1172 3226 1235 3278 Εί
1258 3225 1367 3297 γὰρ
1400 3225 1572 3279 ταῦτά
1602 3243 1687 3289 τις
1724 3226 1814 3279 δέ-

228 3322 385 3388 ξαιτο
409 3318 528 3374 καθ’
559 3318 615 3372 ὃν
649 3318 729 3371 δεῖ
769 3319 990 3387 τρόπον,
1022 3317 1088 3370 δι’
1119 3316 1296 3370 αὐτῶν
1357 3315 1421 3387 δὴ
1473 3315 1678 3369 τούτων
1725 3315 1816 3369 τὸν

226 3411 389 3480 λόγον
422 3411 530 3480 (89)
592 3409 729 3480 πρὸς
755 3409 855 3478 τὴν
886 3404 979 3460 τοῦ
1014 3405 1313 3478 μυστηρίου
1345 3405 1658 3477 παραδοχὴν
1685 3406 1817 3459 ἀνα-

228 3504 574 3575 δειχθήσεται
598 3501 733 3572 (90),
764 3501 1003 3570 τυπικήν
1028 3515 1153 3552 τινα
1182 3499 1520 3570 προφητείαν
1555 3500 1683 3570 περὶ
1719 3500 1819 3569 τῆς

230 3595 331 3650 τοῦ
357 3595 560 3666 Κυρίου
582 3593 1043 3665 ὲνανθρωπήσεως
1067 3593 1123 3644 ὲν
1146 3590 1223 3661 τῷ
1255 3592 1550 3662 διηγήματι
1582 3590 1816 3661 βλέπων,

230 3688 322 3742 διὰ
338 3687 445 3740 τῶν
469 3687 770 3755 γεγονότων
798 3684 1276 3756 προτυπουμένην.
1292 3684 1382 3745 Ὠς
1410 3682 1518 3753 γὰρ
1543 3682 1822 3754 ἀνωφερὲς

232 3778 294 3833 ὃν
329 3781 394 3849 τῇ
423 3777 581 3847 φύσει
607 3776 670 3829 τὸ
703 3776 834 3846 πῦρ,
876 3774 995 3845 θείᾳ
1024 3774 1248 3842 δυνάμει
1276 3772 1564 3842 πρόσγειον
1589 3775 1819 3840 γίνεται,

234 3870 264 3921 ὁ
291 3868 348 3922 δὲ
377 3867 560 3930 Ἠλίας
590 3865 932 3936 περισχεθεὶς
954 3863 1033 3933 τῷ
1065 3862 1296 3934 οὐρανίῳ
1319 3862 1473 3932 πυρὶ,
1505 3862 1666 3915 πάλιν
1688 3865 1823 3935 πρὸς

236 3960 338 4031 τὴν
390 3958 531 4011 κατὰ
592 3956 753 4027 φύσιν
807 3954 1232 4026 ὲπανατρέχοντι
1274 3954 1509 4025 κίνησιν,
1540 3956 1635 4008 καὶ
1662 3957 1823 4020 αὐτὸς

239 4053 629 4122 συνεπαίρεται
653 4067 665 4078 ·
694 4048 867 4112 οὕτως
886 4048 1047 4110 ἄῡλός
1069 4066 1151 4111 τις
1174 4048 1330 4100 οὐσία
1348 4048 1460 4118 (91)
1504 4048 1598 4101 καὶ
1619 4049 1821 4119 ἀειδὴς,

238 4147 273 4215 ή
294 4144 389 4198 τοῦ
428 4143 683 4210 Ὑψίστου
705 4140 950 4210 δύναμις,
979 4140 1078 4209 τὴν
1098 4139 1347 4209 δουλικὴν
1376 4138 1589 4211 μορφὴν
1611 4141 1708 4211 τὴν
1738 4140 1824 4194 διὰ

239 4235 341 4304 τῆς
381 4233 662 4304 Παρθένου
711 4232 1004 4285 ὑπόστασιν
1036 4229 1383 4294 διαλαϐοῦσα,
1419 4230 1554 4303 πρὸς
1598 4231 1656 4284 τὸ
1698 4230 1824 4284 ἴδιον

242 4327 377 4397 ὕψος
399 4327 697 4397 ἀνήγαγεν,
726 4326 806 4387 είς
834 4325 931 4395 τὴν
968 4323 1119 4376 θείαν
1147 4340 1209 4376 τε
1237 4324 1330 4376 καὶ
1355 4323 1630 4394 ἀκήρατον
1661 4341 1825 4394 μετα·

1916 3155 2108 3195 versus
2140 3139 2399 3204 delatum,
2432 3141 2611 3194 alieno
2643 3141 2710 3194 ab
2747 3142 2867 3209 ejus
2906 3150 3102 3197 natura
3139 3145 3344 3215 impetu
3374 3162 3493 3201 mo-

1916 3231 2068 3297 veri;
2106 3240 2159 3284 et
2204 3230 2397 3294 Eliam,
2432 3231 2609 3300 ignem
2652 3232 2851 3302 aurigae
2892 3233 3065 3287 instar
3094 3236 3491 3302 moderantem,

1917 3320 2167 3375 ﬂammeo
2191 3321 2243 3374 in
2273 3336 2439 3374 curru
2477 3336 2696 3375 salsum
2721 3330 2992 3387 evectum,
3023 3325 3246 3381 illaesum
3279 3328 3332 3380 in
3370 3328 3494 3397 igne

1919 3412 2148 3476 servari,
2181 3412 2304 3481 igne
2336 3411 2512 3482 ignem
2541 3413 2811 3474 trahente,
2848 3429 2914 3468 eo
2952 3414 3159 3470 scilicet
3198 3418 3288 3485 qui
3322 3433 3494 3486 equos

1917 3497 2277 3567 exprimebat,
2308 3496 2459 3550 illum
2489 3496 2582 3566 qui
2620 3512 2819 3552 currus
2857 3498 3096 3567 speciem
3137 3511 3495 3570 repraesenta-

1919 3587 2055 3642 bat?
2093 3586 2149 3641 Si
2184 3587 2310 3657 quis
2342 3587 2487 3641 enim
2534 3585 2651 3640 haec
2678 3601 2744 3641 eo
2789 3602 2897 3656 quo
2948 3588 3103 3643 decet
3145 3599 3302 3658 pacto
3346 3595 3492 3647 acci-

1922 3682 2054 3751 piat,
2086 3696 2152 3735 ex
2200 3679 2303 3734 hac
2346 3679 2536 3749 utique
2584 3678 2715 3732 Elire
2754 3679 2979 3734 historia
3031 3683 3494 3737 accommodatam

1922 3773 1990 3827 ad
2022 3772 2427 3843 suscipiendum
2457 3772 2849 3827 incarnationis
2878 3774 3192 3843 mysterium
3231 3776 3494 3829 rationem

1921 3867 2164 3929 eliceret,
2192 3864 2483 3934 quamdam
2517 3864 2583 3919 de
2604 3863 2806 3919 Christi
2846 3864 3223 3920 incarnatione
3260 3867 3498 3936 prOphe-

1924 3959 2053 4012 tiam
2086 3957 2140 4011 in
2172 3955 2360 4011 eadem
2409 3955 2743 4021 narratione,
2780 3971 2874 4025 per
2906 3970 2968 4009 ea
3001 3972 3122 4026 qua:
3167 3956 3297 4011 Elite
3323 3958 3501 4012 conti-

1925 4061 2144 4120 gerunt,
2176 4049 2572 4117 praeﬁguratam
2607 4062 2929 4116 agnoscens.
2970 4047 3104 4101 Nam
3144 4049 3497 4117 quemadmo-

1925 4141 2054 4196 dum
2081 4140 2244 4210 ignis,
2276 4154 2400 4193 eum
2431 4147 2623 4207 suapte
2652 4148 2847 4192 natura
2881 4154 3100 4193 sursum
3130 4139 3335 4204 tendat,
3367 4139 3500 4191 divi-

1926 4248 1994 4286 na
2021 4238 2292 4302 potestate
2317 4229 2595 4283 contrario
2622 4238 2770 4283 motu
2804 4238 3001 4283 terram
3025 4243 3216 4282 versus
3237 4227 3497 4294 defertur,

1926 4332 1979 4380 et
2030 4323 2146 4393 ipse
2182 4320 2331 4376 Elias
2360 4320 2569 4376 cmlesti
2617 4321 2760 4390 igne,
2794 4321 3092 4372 naturalem
3135 4326 3340 4371 motum
3377 4334 3501 4372 sure

246 4418 640 4487 στοιχειώσασα
706 4415 889 4485 φύσιν·
921 4414 1063 4466 ὥστε
1110 4416 1135 4467 6
1175 4415 1310 4485 πρὸς
1334 4412 1492 4467 τοῦτο
1523 4414 1814 4479 δυσπειθῶς

1930 4430 2051 4470 sum
2087 4414 2403 4483 recipiente,
2454 4412 2847 4475 circumfusus,
2900 4427 3025 4465 cum
3076 4412 3168 4465 illo
3226 4411 3281 4463 in
3330 4411 3499 4464 altum

244 4511 409 4581 ἔχων,
438 4508 543 4560 οὐδ’
567 4506 634 4561 ἂν
662 4510 727 4576 τῇ
751 4505 892 4559 κατὰ
911 4504 1000 4556 τὸν
1033 4503 1219 4556 Ἠλίαν
1244 4503 1639 4575 θαυματοποιῖᾳ
1654 4523 1822 4577 προσ-

244 4603 389 4655 θοῖτο
414 4618 429 4632 ο
463 4601 491 4652 ὁ
515 4599 570 4652 δὲ
600 4599 657 4651 ὲν
685 4597 879 4666 ἐκείνῳ
920 4593 1361 4666 προκαταμαθὼν
1396 4596 1824 4667 σκιαγραφηθεῖ-

246 4710 347 4747 σαν
373 4691 472 4760 τὴν
512 4689 790 4761 ἀλήθειαν,
833 4688 941 4740 οὐδ’
981 4688 1048 4741 ἂν
1083 4685 1220 4757 πρὸς
1251 4685 1424 4757 αὐτὴν
1446 4684 1543 4757 τὴν
1565 4688 1822 4759 ἀλήθειαν

244 4781 553 4843 ἁντιτύπως
582 4780 716 4851 ἔχοι.

1926 4507 2175 4561 tollitur:
2215 4507 2286 4558 ita
2320 4504 2560 4558 materiae
2591 4510 2644 4558 et
2676 4503 2921 4572 cujusvis
2960 4502 3147 4557 forma!
3176 4517 3372 4571 expers
3417 4518 3503 4557 es-

1928 4602 2128 4662 sentia,
2154 4596 2419 4652 Altissimi
2448 4596 2697 4650 videlicet
2737 4597 2929 4660 virtus,
2958 4596 3211 4650 servilem
3246 4595 3499 4659 formam,

1928 4705 2049 4745 eam
2084 4704 2281 4758 nempe
2326 4702 2488 4756 quam
2538 4702 2605 4740 ex
2641 4684 2862 4755 Virgine
2897 4685 3086 4739 habuit
3137 4684 3502 4741 substantiam

1933 4782 2226 4852 accipiens,
2258 4778 2402 4833 illam
2434 4778 2503 4833 ad
2531 4778 2802 4847 propriam
2833 4777 2934 4833 sibi
2966 4776 3351 4832 sublimitatem
3380 4791 3501 4831 eve-

246 4882 348 4945 xit,
393 4884 450 4937 in
480 4882 719 4936 divinam
756 4889 918 4948 atque
953 4872 1315 4929 immortalem
1362 4879 1616 4925 naturam
1656 4879 2054 4941 transmutans,
2107 4874 2181 4928 ita
2256 4880 2316 4927 ut
2357 4872 2449 4942 qui
2501 4870 2615 4926 haec
2690 4886 2799 4925 non
2845 4870 3039 4933 credit,
3111 4885 3288 4939 neque
3334 4870 3497 4924 etiam

248 4976 379 5031 Elite
415 4975 695 5030 miraculis
744 4971 902 5028 tidem
955 4968 1245 5024 habiturus
1298 4967 1391 5030 sit,
1449 4967 1542 5037 qui
1588 4983 1717 5023 vero
1766 4970 1820 5023 in
1859 4970 2049 5026 eodem
2076 4970 2192 5023 Elia
2222 4967 2599 5022 adumbratam
2634 4965 2803 5021 fuisse
2866 4965 3148 5021 veritatem
3190 4973 3347 5021 antea
3410 4964 3498 5019 di-

247 5070 468 5135 dicerit,
501 5069 719 5141 ipsimet
741 5066 960 5123 veritati
995 5077 1103 5118 non
1137 5060 1431 5115 admodum
1460 5061 1533 5116 sit
1562 5072 1985 5135 rcpugnaturus.

320 5206 455 5264 Εἶτα,
509 5209 596 5279 ἐφ’
643 5210 790 5281 ἡμᾶς
846 5207 1066 5279 στρέφει
1100 5204 1198 5276 τὴν
1243 5201 1535 5273 λοιδορίαν,
1576 5204 1699 5267 τοὺς
1757 5205 1832 5277 μὴ

251 5299 728 5375 παραδεχομένους
761 5299 926 5354 αὐτοῦ
954 5300 1047 5353 τὸν
1076 5296 1491 5353 ἀναπλασθέντα
1519 5295 1706 5366 μῦθον,
1737 5298 1832 5352 καί

2005 5204 2195 5261 XXVI.
2236 5203 2440 5260 Deinde
2465 5203 2726 5259 adversus
2757 5218 2877 5268 nos,
2906 5202 2997 5273 qui
3028 5200 3264 5256 fabulam
3296 5197 3365 5253 ab
3388 5197 3505 5266 ipso

1937 5299 2225 5356 conﬁctam
2266 5295 2628 5367 explodimus,
2682 5310 2783 5352 sua
2822 5293 3067 5351 convicia
3109 5286 3377 5345 convertit
3420 5286 3506 5342 his

326 5484 369 5512 επ
398 5478 558 5535 Joan.
588 5493 672 5544 ιιι,
706 5478 759 5533 6.
835 5480 880 5512 σο
913 5479 1043 5536 Luc.
1080 5495 1166 5544 ιιι,
1208 5481 1296 5536 53.
1376 5480 1420 5511 το
1453 5477 1519 5534 IV
1558 5477 1687 5552 [ἱρε-
1723 5495 1779 5543 ιι,
1807 5478 1840 5534 9
1871 5494 1991 5551 sqq-

330 5641 441 5706 t88)
466 5641 622 5695 (ΞΟΠ.
666 5641 806 5694 κατὰ
832 5639 930 5706 τὴν
964 5640 1083 5710 τῆς,

328 5711 441 5783 (89)
472 5711 627 5767 Corr.
661 5712 767 5764 τῶν
795 5710 985 5777 λόγων.

1952 5610 1957 5615 ’
2007 5640 2116 5705 (νο)
2149 5638 2305 5693 Corr.
2339 5634 2758 5705 ἐνδειχθήσεται.

2014 5701 2066 5778 (9
2078 5701 2126 5779 Ιί)
2162 5709 2318 5763 Corr.
2346 5701 2404 5759 οῦ
2413 5701 2500 5759 σα.
