4018 6124
564 226 698 283 H79

1715 211 1774 267 S.
1809 209 2132 267 GREGORll
2162 209 2201 262 LV
2214 208 2453 262 YSSENI

3691 209 3828 265 1189

560 340 742 395 urbis
770 358 780 391 :
826 336 930 403 Qui
963 343 1137 389 autem
1171 332 1299 403 ﬁdei
1327 332 1494 400 specie
1528 330 1764 405 inﬁdeles
1792 337 1936 389 sunt,
1975 326 2136 379 Deum

2244 339 2403 391 φησιν
2431 338 2442 350 ·
2476 323 2539 375 Οἱ
2569 320 2635 373 δὲ
2673 321 2741 372 ἑν
2773 320 3036 389 σχήματι
3068 319 3322 381 πίστεως
3362 316 3609 371 ἄπιστοι
3647 317 3733 383 τῷ
3764 320 3829 373 ἐκ

562 446 627 483 ea:
657 429 871 481 muliere
905 428 1156 496 genitum,
1196 434 1245 478 et
1290 442 1323 477 a
1363 422 1564 477 Judwis
1613 421 1951 489 cruciﬁxum,
1988 420 2136 471 simi-

570 520 688 571 liter
717 528 869 587 atque
896 517 1088 570 ethnici
1114 516 1462 578 erubescunt;
1494 529 1654 583 quare
1697 520 1743 564 ct
1778 512 1887 579 ipse
1911 527 1997 564 eos
2026 527 2139 564 eru-

563 609 745 662 bescet.
776 594 938 677 Atqui
965 607 1273 661 maledictis
1302 612 1491 659 contra
1526 603 1870 658 adversarios
1908 603 1980 656 uti
2012 601 2137 671 quis

562 702 773 772 ignorat
794 717 981 756 eorum
1006 716 1126 755 esse
1154 699 1245 768 qui
1268 698 1413 767 quod
1444 696 1545 751 sibi
1580 702 1989 766 proposuerunt
2016 710 2140 762 per-

564 792 723 846 licere
757 807 862 844 non
894 788 1155 860 possunt?
1189 788 1299 843 Nos
1325 804 1456 843 vero
1488 794 1699 841 tantum
1735 786 1990 848 dicimus,
2012 784 2140 838 duo-

562 887 664 940 bus
704 884 998 954 propositis
1043 897 1295 937 errorum
1336 880 1632 943 barathris,
1670 896 1733 933 ex
1780 894 1886 933 una
1918 878 2136 948 quidem

562 985 713 1046 parte
767 976 1116 1045 Apollinaris,
1166 990 1231 1029 ex
1263 975 1431 1028 altera
1478 987 1608 1026 vero
1640 972 1778 1034 Arii,
1830 986 1983 1041 aeque
2016 970 2138 1023 illos

561 1071 702 1135 laedi,
733 1070 822 1139 qui
860 1071 913 1123 in
946 1070 1267 1123 alterutrum
1303 1068 1539 1133 cadunt;
1575 1064 1679 1119 nisi
1707 1065 1851 1134 quod
1884 1066 1940 1118 in
1975 1065 2141 1117 malo-

561 1179 680 1215 rum
713 1164 943 1226 delectu,
976 1161 1159 1214 minus
1190 1158 1307 1213 laedi
1338 1159 1641 1222 videantur,
1672 1157 1763 1226 qui
1792 1156 1846 1210 in
1878 1156 2138 1209 Arianum

561 1266 804 1308 errorem
872 1253 1212 1305 dilabuntur.
1278 1249 1518 1317 Uterque
1581 1248 1725 1302 enim
1776 1246 2138 1301 immortalem

562 1343 839 1414 lluigeniti
878 1351 1128 1396 naturam
1165 1339 1231 1393 ad
1263 1340 1314 1393 id
1354 1340 1498 1409 quod
1548 1339 1807 1395 humilius
1836 1348 1920 1395 est
1949 1340 2136 1409 depri-

564 1434 698 1486 mit:
740 1434 833 1487 sed
868 1433 1030 1485 Arius
1058 1430 1276 1500 quidem
1320 1430 1654 1498 incorporeae
1683 1430 1997 1499 angelorum
2042 1445 2140 1484 na-

564 1531 701 1578 tura;
725 1523 1011 1578 Dominum
1044 1522 1357 1591 angelorum
1402 1520 1722 1591 aequiparat,
1757 1530 1812 1578 et
1844 1530 1953 1578 tam
1994 1523 2139 1578 hunc

565 1629 726 1682 quam
764 1614 884 1667 illos
923 1629 1019 1683 per
1064 1612 1395 1668 creationem
1430 1614 1729 1680 exstitisse,
1789 1623 1844 1668 et
1897 1616 2135 1670 inereata

566 1711 760 1757 natura
786 1718 848 1757 ex
876 1718 1031 1772 aequo
1063 1703 1303 1756 minores
1324 1718 1444 1757 esse
1466 1704 1803 1772 pronuntiat.
1838 1704 1935 1759 Hic
1957 1716 2136 1761 autem

564 1809 631 1849 eo
665 1809 837 1861 usque
865 1793 1134 1847 insaniam
1167 1800 1470 1863 promovet,
1496 1802 1556 1848 ut
1584 1795 1860 1849 Christum
1895 1812 2001 1851 non
2026 1813 2141 1850 am-

564 1885 755 1954 plioris
802 1900 964 1953 quam
1012 1884 1310 1948 hominem,
1365 1885 1456 1953 qui
1502 1886 1709 1955 angelis
1759 1886 1984 1941 inferior
2034 1897 2138 1951 est,

566 1977 849 2048 dignitatis
875 1992 995 2034 esse
1034 1977 1264 2045 judicet,
1318 1977 1547 2047 ejusque
1586 1988 1836 2032 naturam
1886 1994 2137 2035 carneam

565 2083 688 2122 esse
713 2067 955 2121 deﬁniat.
985 2066 1200 2133 Quanto
1233 2075 1413 2120 autem
1447 2067 1793 2136 praestantior
1824 2076 1907 2123 est
1939 2084 2139 2140 corpo-

566 2157 723 2210 ribus
785 2157 1109 2225 incorporea
1167 2164 1387 2220 natura,
1455 2165 1607 2213 tanto
1666 2160 1848 2213 minus
1904 2161 2141 2216 absurda

566 2246 900 2316 Apollinaris
928 2262 1114 2301 errore
1142 2255 1223 2301 est
1246 2248 1361 2301 Arii
1387 2248 1654 2318 impietas.
1690 2251 1949 2317 Quisnam
1978 2254 2144 2323 igitur

568 2349 673 2403 est,
716 2338 808 2407 qui
850 2338 977 2391 dum
1028 2339 1427 2394 Incarnationis
1455 2356 1518 2395 ex
1553 2340 1770 2412 Virgine
1819 2346 2140 2413 mysterium

569 2429 813 2499 exponit,
871 2428 994 2483 ﬁdei
1049 2430 1229 2499 specie
1282 2430 1516 2486 inﬁdelis
1574 2435 1840 2502 apparet?
1888 2434 2140 2490 Omnium

570 2528 756 2575 autem
785 2521 959 2576 oculis
980 2532 1223 2576 nostram
1248 2521 1427 2587 ﬁdem,
1457 2523 1525 2577 ab
1547 2523 1857 2595 Apollinare
1886 2528 2143 2595 derisam,

569 2611 795 2679 ejusque
832 2612 1177 2680 Opinamenta
1231 2613 1539 2682 subjiciam.
1584 2614 1694 2670 Nos
1737 2616 1879 2671 enim
1912 2617 2145 2674 dicimus

572 2699 740 2753 Deum
768 2714 890 2753 cum
930 2715 1028 2754 sua
1075 2702 1383 2756 substantia
1422 2704 1663 2758 materize
1694 2721 1910 2775 expers,
1956 2708 2144 2764 invisi-

570 2786 712 2852 bilis,
750 2801 803 2845 et
836 2791 1191 2860 incorporeus
1216 2792 1466 2856 exsistat,
1498 2794 1729 2865 benigna
1760 2797 1991 2866 quadam
2018 2814 2144 2868 erga

572 2882 823 2939 homines
868 2884 1295 2953 dispensatione,
1326 2894 1583 2956 vergente
1612 2887 1677 2940 ad
1714 2891 2142 2944 consummatio-

2240 414 2521 481 γυναικὸς
2574 410 2839 478 τεχθέντι
2892 408 3033 473 Θεῷ.
3092 409 3189 461 καὶ
3230 408 3639 476 σταυρωθέντι
3682 413 3831 477 πρὸς

2252 504 2561 567 Ἰουδαῖων,
2582 504 2792 572 ὁμοίως
2807 503 2929 555 ἐκεί
2933 519 3058 566 νοις
3072 501 3545 569 ἐπαισχύνονται
3564 504 3581 570 (
3742 503 3831 555 διὰ

2239 594 2535 659 καὶαὺτός
2566 592 3115 661 ἐπαισχυνθήσεται
3165 592 3430 661 αὐτούς).
3485 593 3564 644 Τὸ
3618 594 3721 662 μὲν
3742 591 3833 646 οὖν

2240 687 2397 757 ἀραῖς
2430 685 2574 738 κατά
2619 684 2727 736 τῶν
2776 684 3106 737 ὑπεναντίων
3132 683 3391 753 χρῆσθαι,
3426 684 3510 745 τίς
3558 686 3668 736 οὐκ
3696 682 3835 736 οἶδεν

2240 780 2321 832 ὅτι
2368 773 2475 825 τῶν
2508 773 2832 827 ἁτονούντων
2858 776 2972 830 ἐστὶ
2994 777 3122 846 περὶ
3150 776 3184 828 ἃ
3221 773 3623 837 σπουδάζουσιν
3663 776 3832 835 ῐδιον;

2253 870 2443 941 Ἡμεῖς
2471 870 2527 923 δὲ
2554 868 2804 922 τοσοῦτόν
2844 884 3044 938 φαμεν,
3074 869 3153 919 ὅτι
3187 866 3281 919 δύο
3316 867 3707 939 προκειμένων
3743 866 3826 936 βα-

2245 963 2477 1034 ράθρων,
2515 962 2664 1015 ἔνθεν
2697 963 2792 1031 μὲν
2820 960 2913 1013 τοῦ
2946 960 3085 1012 κατά
3125 960 3215 1013 τὸν
3252 961 3670 1031 Ἃπολινάριον,
3715 962 3833 1012 ἑτέ-

2245 1055 2418 1125 ρωθεν
2449 1053 2503 1105 δὲ
2526 1052 2617 1104 τοῦ
2665 1051 2804 1105 κατά
2838 1050 2931 1103 τὸν
2964 1052 3182 1121 Ἀρειον
3222 1050 3544 1120 πτώματος,
3579 1046 3706 1103 ἴσον
3742 1053 3835 1121 μὲν

2242 1146 2360 1199 καθ’
2421 1144 2605 1215 ἕτερον
2660 1144 2767 1213 (95)
2826 1145 2939 1205 τοῖς
2991 1141 3426 1195 καταπίπτουσὼ
3451 1144 3573 1194 ἐστι
3606 1144 3671 1194 τὸ
3712 1144 3825 1195 σύν-

2240 1247 2453 1301 τριμμα
2475 1246 2488 1259 ⁸
2514 1229 2652 1299 πλὴν
2686 1230 2743 1281 ὲν
2772 1230 2957 1282 κακῶν
2987 1228 3204 1299 ἐκλογῇ,
3243 1230 3578 1300 κουφότερον
3601 1231 3753 1283 δοκεῖ
3780 1232 3833 1283 τὸ

2242 1324 2382 1379 κατὰ
2406 1324 2497 1376 τὸν
2518 1325 2732 1393 Ἀρειον
2761 1323 3002 1393 κλάσμα.
3050 1324 3373 1395 Ἀμφότεροι
3424 1324 3525 1393 μὲν
3554 1324 3669 1394 γὰρ
3702 1327 3833 1394 πρὸς

2240 1417 2302 1469 τὸ
2332 1414 2713 1485 ταπεινότερον
2738 1415 2838 1484 τὴν
2871 1415 3147 1485 ἀκήρατον
3183 1413 3277 1467 τοῦ
3301 1416 3653 1483 Μονογενοῦς
3678 1416 3837 1483 φύσιν

2243 1508 2597 1563 καθέλκουσιν
2617 1525 2631 1538 ο
2656 1507 2793 1570 ἀλλ’
2824 1509 2852 1561 ὁ
2884 1507 2981 1576 μὲν
3005 1508 3221 1579 Ἀρειος
3272 1509 3338 1578 τῇ
3390 1508 3683 1579 ἀσωμάτῳ
3733 1510 3837 1561 τῶν

2242 1597 2486 1667 ἀγγέλων
2533 1599 2691 1668 φύσει
2745 1599 3082 1667 προσοικειοῖ
3118 1596 3211 1648 τὸν
3262 1595 3372 1649 τῶν
3445 1598 3712 1665 ἀῩγέλων
3746 1600 3838 1649 Δε-

2243 1691 2446 1761 σπότην
2468 1730 2482 1755 ,
2509 1688 2648 1743 κατά
2675 1689 2736 1742 τὸ
2766 1686 2882 1743 ἴσον
2917 1688 3269 1741 ἐλαττοῦσθαι
3300 1689 3400 1759 τῆς
3433 1688 3532 1741 τοῦ
3573 1690 3835 1741 ἁκτίστου

2243 1784 2476 1855 φύσεως,
2531 1783 2626 1836 καὶ¹
2683 1782 2870 1834 τοῦτον
2924 1780 3211 1843 κάκείνους
3260 1780 3349 1832 διὰ
3399 1781 3640 1843 κτίσεως
3702 1777 3837 1833 εἶναι

2241 1875 2682 1945 ἀποφηνάμενος.
2710 1866 2878 1934 Οὗτος
2924 1870 3034 1941 (94)
3066 1871 3125 1923 δὲ
3160 1870 3410 1924 τοσοῦτον
3440 1872 3718 1923 ἐπιτείνει
3743 1873 3835 1939 τὴν

2240 1966 2494 2027 ἀτοπίαν,
2522 1963 2662 2016 ὥστε
2694 1963 2786 2015 καὶ
2804 1961 3077 2033 ἀνθρώπῳ
3100 1962 3179 2031 τῷ
3208 1964 3349 2035 παρ’
3377 1961 3652 2030 ἀγγέλους
3687 1961 3836 2015 ἐλατ-

2238 2056 2485 2125 τουμὲνῳ
2532 2053 2736 2124 κρίνειν
2787 2053 3070 2123 ὁμότιμον,
3129 2052 3223 2106 καὶ
3269 2052 3525 2123 σαρκώδη
3570 2050 3835 2125 εἶναιτὴν

2242 2148 2402 2217 φύσιν
2464 2145 2629 2198 αὐτοῦ
2682 2145 3032 2216 διορίζεσθαι.
3079 2146 3227 2213 Ὅσῳ
3274 2145 3332 2196 δὲ
3401 2144 3679 2215 κρείττων
3736 2145 3837 2197 τῶν

2244 2239 2509 2309 σωμάτων
2538 2240 2570 2307 ὴ
2597 2236 2883 2305 ἀσώματος
2913 2236 3094 2303 φύσις.
3125 2234 3426 2305 τοσοῦτονή
3446 2235 3594 2289 κατὰ
3619 2237 3836 2305 Ἀρειον

2240 2326 2466 2379 ἀσέϐεια
2529 2327 2629 2396 τῆς
2675 2324 3052 2395 Ἀπολιναρίου
3084 2325 3297 2394 πλάνης
3336 2325 3714 2394 αἱρετώτερα.
3742 2326 3833 2385 Τίς

2241 2411 2332 2469 οὖν
2366 2417 2422 2467 ὲν
2462 2416 2699 2485 σχήματι
2740 2414 2973 2477 πίστεως
2998 2414 3245 2477 ἄπιστος,
3282 2414 3605 2483 ἑρμηνεύων
3641 2415 3835 2483 (95)'.'o

2243 2508 2306 2559 ὲκ
2335 2506 2435 2575 τῆς
2462 2505 2736 2576 Παρθένου
2761 2505 3097 2574 μυστήριον;
3126 2503 3388 2574 Προθήσω
3416 2503 3526 2572 γὰρ
3561 2504 3641 2573 τῷ
3678 2504 3837 2573 κοινῷ

2242 2600 2341 2669 τήν
2368 2615 2425 2651 τε
2462 2596 2897 2667 κωμῳδουμένην
2944 2596 3102 2667 ἡμῶν
3153 2597 3305 2666 παρά
3349 2596 3443 2647 τοῦ
3487 2596 3836 2666 λογογράφοι

2243 2688 2443 2753 πίστιν,
2475 2689 2570 2741 καὶ
2594 2689 2693 2760 τὴν
2716 2688 2924 2740 ἐκείνου
2960 2687 3248 2757 ὑπόληψιν.
3276 2687 3469 2756 Ἡμεῖς
3498 2690 3613 2758 γάρ
3632 2706 3836 2758 φαμεν,

2242 2781 2323 2833 ὅτι
2374 2780 2533 2844 ἀῦλός
2588 2797 2647 2831 τε
2697 2780 2793 2831 καὶ
2837 2777 3020 2848 ἀειδὴς
3054 2778 3147 2829 καὶ
3170 2777 3457 2847 ἀσώματος
3487 2779 3613 2830 κατ’
3650 2778 3840 2829 οὐσίαν

2241 2872 2372 2932 Θεὸς
2403 2872 2512 2944 (96)
2538 2870 2634 2935 ὢν,
2686 2869 2965 2942 οἰκονομίᾳ
3004 2870 3111 2922 τινὶ
3148 2869 3514 2940 φιλανθρώπῳ
3568 2871 3713 2942 πρὸς
3764 2872 3838 2942 τῷ

572 2990 696 3030 nem
750 2977 970 3041 saeculo,
1012 2976 1216 3030 malitia
1262 2976 1375 3046 jam
1431 2976 1499 3031 ad
1538 2994 1809 3033 summum
1863 2991 2137 3051 provecta,

2246 2965 2388 3017 τέλει
2408 2964 2507 3032 τῆς
2529 2962 2619 3015 τοῦ
2649 2961 2848 3025 παντὸς
2884 2961 3349 3032 συμπληρώσεως,
3370 2961 3472 3030 ήδη
3503 2961 3606 3031 τῆς
3634 2964 3838 3026 κακίας

573 3072 705 3119 tunc
738 3065 804 3117 ad
836 3074 1117 3135 peccatum
1144 3068 1430 3124 delendum
1455 3085 1578 3125 cum
1610 3072 1845 3126 humana
1880 3081 2147 3143 tempera-

573 3166 689 3211 tum
724 3157 894 3215 fuisse
918 3168 1138 3226 natura,
1169 3162 1627 3231 quemadmodum
1661 3165 1706 3219 si
1744 3166 1868 3236 quis
1893 3167 2059 3221 solem
2090 3166 2146 3220 in

574 3251 918 3304 tenebrosam
969 3251 1281 3320 speluncam
1333 3253 1614 3309 induceret
1658 3263 1711 3310 et
1745 3256 1967 3310 luminis
2009 3272 2145 3326 prte-

574 3338 749 3392 sentia
796 3339 1049 3395 tenebras
1078 3341 1386 3409 dissiparet.
1434 3342 1659 3398 Nostras
1687 3346 1830 3399 enim
1862 3348 2052 3400 sordes
2093 3346 2145 3399 in

574 3426 865 3495 semetipso
911 3442 1219 3491 assumens,
1260 3443 1448 3483 earum
1489 3431 1771 3499 spurcitiis
1821 3448 1929 3485 non
1968 3433 2147 3502 inqui-

574 3523 773 3581 natur;
813 3517 907 3571 sed
953 3519 1007 3569 in
1043 3533 1101 3570 se
1132 3518 1250 3585 ipso
1298 3519 1490 3573 sordes
1533 3520 1804 3588 puriﬁcat.
1830 3520 1948 3576 Lua:
1985 3525 2144 3589 enim,

575 3608 770 3677 inquit,
798 3610 851 3660 in
876 3608 1098 3661 tenebris
1131 3608 1289 3672 luxit,
1316 3617 1366 3662 et
1395 3611 1619 3666 tenebrae
1642 3629 1760 3667 eam
1788 3632 1891 3669 non
1916 3634 2149 3685 compre-

575 3696 953 3748 henderunt“.
992 3696 1048 3749 ld
1094 3696 1238 3766 quod
1267 3705 1322 3751 et
1368 3698 1422 3752 in
1470 3702 1717 3756 medendi
1759 3714 1873 3760 arte
1914 3709 2145 3776 accidit;

574 3786 842 3856 siquidem
876 3787 1159 3842 curatione
1196 3789 1388 3844 morbo
1417 3790 1679 3859 adhibita,
1714 3795 1977 3865 mgritudo
2023 3813 2148 3851 eva-

574 3880 771 3943 nescit,
833 3894 941 3932 non
989 3879 1046 3933 in
1096 3879 1363 3934 medicam
1411 3890 1581 3936 artem
1627 3884 1974 3939 transfertur.
2021 3885 2147 3942 Haec

577 3976 763 4024 nostra
821 3970 1089 4025 sententia
1127 3980 1231 4026 est.
1287 3972 1359 4025 At
1412 3973 1515 4029 iste
1557 3989 1814 4030 carneum
1870 3978 1940 4033 ab
1988 3980 2147 4033 initio

576 4060 742 4115 Deum
778 4077 900 4117 esse
942 4062 1038 4128 ait,
1080 4070 1243 4133 atque
1284 4065 1359 4119 ita
1388 4080 1593 4137 corpus
1622 4068 1839 4124 visibile
1867 4077 1919 4125 et
1962 4072 2146 4142 palpa-

575 4153 702 4219 bile,
726 4154 871 4223 quod
902 4152 956 4207 in
988 4154 1193 4209 ultimis
1224 4155 1419 4212 diebus
1442 4171 1508 4210 ex
1542 4159 1769 4214 muliere
1794 4162 2034 4231 genitum
2063 4173 2145 4218 est

571 4254 628 4300 ct
671 4245 928 4315 paulatim
965 4244 1124 4301 factis
1155 4245 1392 4301 humano
1430 4247 1688 4303 alimento
1736 4253 2144 4309 accessionibus

2248 3053 2326 3116 είς
2359 3052 2418 3104 τὸ
2448 3052 2557 3122 (97)
2589 3052 2888 3120 ἀκρότατον
2911 3049 3259 3119 αὐξηθείσης,
3286 3050 3405 3102 τότε
3443 3052 3539 3103 ἐπὶ
3572 3053 3837 3123 καθαιρὲ-

2251 3162 2331 3198 σει
2362 3146 2457 3215 τῆς
2487 3144 2778 3214 ἁμαρτίας,
2796 3146 2861 3213 τῇ
2887 3142 3202 3215 ἀνθρωπίνῃ
3218 3146 3620 3212 κατακιρνᾶται
3652 3147 3839 3213 φύσει,

2247 3233 2358 3290 οἷόν
2378 3254 2461 3299 τις
2492 3237 2641 3306 ἥλιος
2674 3238 2731 3287 ἐν
2756 3234 3015 3305 γνοφώδει
3040 3235 3150 3306 (98)
3184 3236 3432 3306 σπηλαίῳ
3466 3238 3840 3308 εἰσοικιζόμεο

2248 3346 2359 3393 νος,
2400 3329 2494 3380 καὶ
2534 3327 2620 3379 διὰ
2651 3326 2745 3379 τοῦ
2786 3327 2958 3396 φωτὸς
3000 3326 3336 3395 ἐξαφανίζων
3362 3330 3430 3397 τῇ
3460 3331 3746 3400 παρουσία⁵
3782 3332 3840 3382 τὸ

2252 3422 2458 3484 σκότος.
2509 3421 2613 3473 Τὸν
2645 3420 2753 3491 γὰρ
2791 3422 3057 3494 ἡμέτερον
3093 3421 3261 3491 ῥύπον
3288 3424 3365 3485 εἰς
3403 3424 3602 3475 ἑαυτὸν
3636 3426 3842 3479 ἀναλα-

2248 3513 2379 3579 ϐὼν,
2407 3515 2506 3567 οὑκ
2550 3512 2711 3575 αὐτὸς
2761 3513 3122 3583 ἐμμολύνεται
3169 3514 3244 3584 τῷ
3283 3516 3556 3585 μιάσματι
3583 3533 3597 3545 ·
3626 3517 3750 3569 ἀλλ’
3784 3519 3840 3572 ἐν

2248 3604 2424 3676 ἑαυτῷ
2459 3606 2741 3677 καθαρίζει
2770 3606 2862 3658 τὸν
2893 3605 3063 3676 ῥύπον
3084 3622 3095 3633 ·
3134 3606 3201 3659 Τὸ
3225 3607 3335 3675 γὰρ
3361 3606 3512 3675 φῶς,
3542 3610 3739 3682 φησὶν,
3771 3598 3839 3661 ἐν

2246 3697 2323 3766 τῇ
2345 3699 2560 3765 σκοτίᾳ
2601 3699 2893 3767 ἔλαμψεν.
2947 3700 3009 3754 Ἠ
3055 3698 3122 3751 δὲ
3154 3700 3367 3752 σκοτία
3400 3701 3551 3753 αὐτὸ
3583 3703 3660 3754 οὐ
3697 3719 3836 3755 κατ-

2246 3789 2481 3844 έλαϐεν.
2506 3790 2715 3860 Ὥσπερ
2742 3790 2833 3842 καὶ
2859 3789 2952 3842 ἐπὶ
2974 3790 3074 3860 τῆς
3120 3790 3362 3860 ἰατρείας
3411 3791 3647 3858 γίνεται.
3708 3794 3833 3845 Ἐπ-

2249 3881 2510 3952 αχθείσης
2531 3881 2641 3952 γὰρ
2663 3880 2740 3950 τῷ
2765 3882 3027 3952 νοσήματι
3054 3880 3149 3949 τῆς
3167 3880 3381 3944 ἰάσεως,
3412 3884 3495 3943 εἰς
3521 3883 3832 3953 ἀφανισμὸν

2250 3974 2556 4045 μεταχωρεῖ
2583 3974 2643 4025 τὸ
2680 3972 3039 4044 ἀρρώστημα,
3079 3973 3179 4024 οὐκ
3218 3973 3297 4035 είς
3329 3972 3430 4041 τὴν
3472 3974 3731 4043 ἰατρικὴν
3751 3977 3829 4027 τὲ-

2246 4081 2378 4135 χνην
2408 4064 2867 4135 ἀντιμεθίσταται.
2898 4060 3066 4127 Οὗτος
3094 4066 3123 4116 ὁ
3161 4063 3425 4135 ἡμέτερος
3457 4065 3642 4132 λόγος.
3689 4067 3748 4119 ’0
3776 4066 3830 4120 δέ

2207 4190 2211 4194 -
2248 4176 2431 4229 φησιν,
2466 4157 2728 4229 ἐνσαρκον
2756 4154 2893 4211 εἶναι
2919 4157 2978 4209 τὸ
3007 4155 3285 4227 καταρχὰς
3313 4156 3426 4224 (99;
3444 4158 3533 4209 τὸν
3549 4159 3705 4219 θεὸν,
3741 4160 3831 4212 καὶ

2246 4249 2419 4313 οὕτως
2451 4249 2537 4302 ἐπ’
2564 4247 2803 4319 ἐσχάτων
2825 4248 3047 4319 ἡμερῶν
3063 4249 3124 4300 τὸ
3150 4247 3336 4317 τεχθὲν
3354 4251 3529 4301 ὲκεῖνο
3552 4249 3610 4300 τὸ
3629 4250 3831 4319 ὁρατὸν

573 4335 763 4399 crevit,
800 4348 909 4387 non
943 4334 1088 4390 aliud
1117 4351 1238 4391 esse
1283 4346 1435 4407 putat
1476 4356 1638 4410 quam
1682 4342 1815 4399 illud
1845 4348 1989 4416 quod
2020 4360 2141 4406 ante

2248 4344 2341 4397 καὶ
2371 4341 2688 4412 ψηλαφητὸν
2720 4341 2896 4412 σῶμα,
2920 4341 2981 4393 τὸ
2998 4340 3086 4392 διὰ
3112 4340 3211 4409 τῆς
3242 4340 3593 4410 ἀνθρωπίνης
3616 4358 3645 4390 τ
3655 4341 3831 4410 pagi;

574 4435 755 4481 creata
781 4434 976 4481 cuncta
1000 4429 1320 4495 exsistebat,
1350 4434 1492 4500 quod
1514 4432 1784 4489 hominem
1812 4446 2144 4511 caeterasque

572 4532 661 4569 res
690 4525 798 4569 tam
844 4517 1089 4572 visibiles
1126 4534 1288 4587 quam
1341 4520 1645 4578 invisibiles
1678 4526 1941 4592 condidit,
1999 4532 2142 4599 quod

572 4615 625 4659 et
651 4606 1095 4676 defatigationem
1129 4608 1294 4663 sentit
1338 4617 1391 4664 et
1421 4612 1474 4663 in
1505 4613 1672 4666 animi
1701 4616 1921 4670 tristitia
1950 4621 2143 4677 mortis

571 4698 1005 4766 experimentum
1028 4700 1193 4768 capit.
1215 4698 1411 4755 Nescio
1430 4710 1607 4757 autem
1627 4708 1898 4774 quomodo
1925 4711 2142 4780 sapiens

574 4786 695 4850 iste,
727 4801 851 4840 cum
898 4787 1119 4853 caelum,
1156 4797 1305 4844 terra
1333 4801 1638 4862 cunctaque
1687 4795 1791 4849 alia
1823 4796 2141 4856 admiranda

575 4876 628 4927 in
669 4891 852 4930 rerum
881 4881 1158 4935 creatione
1191 4882 1410 4935 condita
1456 4893 1605 4950 sunt,
1637 4885 1771 4941 nihil
1806 4888 2007 4947 laboris
2044 4907 2140 4947 co-

575 4982 693 5021 rum
718 4966 977 5025 factorem
1000 4973 1238 5031 subiisse
1264 4982 1516 5044 testetur,
1540 4994 1662 5034 cum
1693 4988 1871 5037 autem
1902 4999 1931 5039 c
1951 4982 2135 5041 Judaza

643 5119 684 5149 '”
709 5118 866 5174 Joan.
900 5136 938 5185 ι,
968 5123 1020 5177 5.

643 5251 753 5321 (9‘2)
778 5253 909 5318 Quae
939 5254 1300 5310 semicirculis
1324 5256 1674 5315 includuntur
1701 5277 1840 5318 corr.
1875 5265 1998 5320 add.

646 5324 757 5395 (957)
790 5323 947 5395 βοτη
978 5324 1101 5377 καθ’
1131 5326 1409 5395 ἑκάτερον.

645 5394 754 5461 (94)
781 5392 936 5449 Corr.
962 5396 1161 5449 οὑτοσί.

790 5466 944 5539 ροτια.
978 5467 1125 5539 fictio;
1155 5466 1490 5539 ἑρμηνεύων.

671 5533 759 5603 9(5)
793 5533 948 5586 Corr.
977 5536 1005 5587 ὁ
1036 5533 1195 5603 Θεός.

672 5599 759 5663 97)
793 5604 947 5657 (ΞΟΠ.
988 5604 1118 5673 πρὸς
1144 5599 1224 5659 τό.

2244 4437 2362 4499 ταῖς
2416 4434 2535 4487 κατ’
2591 4434 2769 4503 ὀλίγον
2824 4434 3156 4504 προσθήκαις
3203 4433 3606 4502 αὐξανόμενον,
3652 4435 3831 4486 ἐκεῖνο

2244 4524 2381 4581 εἶναι
2403 4526 2430 4578 ὃ
2467 4526 2571 4597 πρὸ
2603 4527 2711 4580 τῶν
2768 4525 2935 4578 ὄντων
2978 4525 3233 4578 ἁπάντων
3256 4520 3345 4593 ἦν,
3381 4525 3410 4576 ὅ
3447 4525 3542 4576 καὶ
3580 4525 3710 4587 τοὺς
3738 4528 3827 4577 ἀν-

2245 4619 2492 4691 θρώπους
2550 4618 2792 4688 ἐποίησε,
2838 4619 2931 4673 καὶ
2985 4619 3160 4670 πᾶσαν
3188 4616 3364 4670 κτίσιν
3392 4619 3599 4688 ὁρατην
3632 4636 3693 4670 τε
3738 4620 3823 4671 καὶ

2245 4711 2493 4781 ἀόρατον,
2518 4711 2545 4763 ὃ
2573 4709 2773 4763 καὶτοῦ
2801 4709 2969 4761 κόπου
2996 4708 3311 4762 αἰσθάνεται
3342 4710 3435 4761 καὶ
3470 4712 3529 4761 ἐν
3558 4711 3823 4780 ἀδημονία

2249 4804 2474 4857 θανάτου
2502 4801 2713 4872 δέχεται
2743 4802 2956 4871 πεῖραν.
2999 4801 3114 4853 Οὐκ
3157 4796 3272 4853 οἶδα
3306 4800 3422 4863 πῶς
3454 4803 3481 4853 ό
3513 4803 3701 4871 σοφὸς,
3742 4804 3823 4854 ὅτε

2252 4897 2348 4968 μὲν
2372 4898 2420 4947 οἱ
2478 4893 2715 4965 οὐρανοὶ,
2757 4892 2848 4945 καὶ
2872 4892 2905 4962 ἡ
2941 4891 3035 4961 γῆ,
3063 4892 3156 4944 καὶ
3186 4891 3362 4945 πάντα
3380 4892 3451 4944 τὰ
3477 4894 3535 4945 ἐν
3563 4896 3628 4963 τῇ
3651 4895 3823 4947 κτίσει

2247 4985 2529 5041 συνίστατο
2551 4983 2819 5055 θαύματα,
2851 4981 3018 5034 κόπον
3051 4981 3239 5036 οὐδένα
3280 4985 3728 5055 προσμαρτυρῶν
3753 4984 3827 5054 τῷ

2314 5266 2426 5337 (98)
2460 5267 2516 5321 In
2536 5266 2657 5320 Vat.
2703 5267 2843 5345 cod._
2870 5265 3171 5345 ειξαιωοῖόν-
3195 5289 3281 5345 τις
3320 5274 3472 5345 ἥλιον
3531 5278 3820 5345 γνοφώδει.

2243 5340 2399 5392 (Sorr.
2438 5346 2618 5411 autem
2654 5341 2962 5411 emendavit
2982 5340 3131 5409 ἥλιος
3156 5343 3214 5395 ὲν
3239 5340 3492 5411 ζοφώδει,
3521 5340 3577 5399 et
3598 5340 3655 5399 in
3681 5366 3820 5401 mar-

2243 5411 2368 5477 gine
2404 5407 2593 5462 cadem
2618 5410 2791 5487 veteri
2824 5407 3399 5487 manu—scribitur
3450 5417 3547 5469 καὶ
3602 5417 3819 5487 λύχνος,

2246 5488 2305 5601 pt
2336 5494 2546 5557 sensus
2586 5478 2676 5543 sit,
2718 5489 2825 5534 tam
2869 5482 3018 5551 ἥλιος
3067 5498 3229 5552 quam
3278 5478 3470 5555 λύχνος
3510 5504 3578 5542 eo
3610 5478 3820 5543 in'loco

2267 5564 2348 5601 ea:
2380 5564 2559 5601 nosse.

2267 5564 2348 5617 egi
2380 5564 2559 5615 posse.

2315 5615 2425 5686 (99)
2448 5619 2602 5673 (ΞΟΠ.
2640 5615 2773 5675 εἴναί
2796 5638 2852 5673 τε
2868 5622 3163 5694 καταρχὰς.
