4020 6140
241 221 368 278 “Si
1426 219 1797 280 ADVERSUS
1825 221 2338 278 APOLLINAREM.
3348 237 3484 294 “33

239 336 540 407 ποιήσαντι,
599 332 682 384 ἵνα
729 331 784 383 δὲ
814 331 994 404 διέλθῃ
1020 331 1126 386 ἀπὸ
1152 331 1250 402 τῆς
1298 333 1562 400 Ἰουδαίας
1594 339 1687 391 ἐπὶ
1715 338 1812 410 τὴν

1927 355 1969 392 .n
1995 337 2270 393 Galilaeam
2312 313 2430 404 ivit,
2476 339 2651 410 ipsum
2684 341 2740 396 in
2779 341 2974 398 labore
3007 343 3177 402 fuisse
3206 347 3391 418 dicat;
3429 358 3486 407 et

239 424 542 482 Γαλιλαίαν.
577 423 634 474 ὲν
657 422 809 492 κόπῳ
832 421 991 475 αὑτὸν
1014 422 1336 492 γεγενῆσθαι
1365 424 1536 492 λέγων
1559 442 1571 456 ·
1592 427 1812 489 καὶτοῖς

1927 427 2175 484 lsraelitis
2215 429 2433 498 quidem
2465 437 2673 500 petram
2707 431 2759 484 in
2807 442 2999 503 stagna
3043 451 3308 506 aquarum
3354 457 3487 497 con-

241 518 337 588 μὲν
407 515 764 585 Ἰσραηλίταις
822 514 1076 584 στρέφειν
1117 515 1214 585 τὴν
1266 516 1471 587 πέτραν
1506 521 1584 582 εἰς
1622 517 1814 587 λίμνας

1927 519 2166 586 vertisse,
2201 520 2451 575 eumdem
2477 537 2608 576 vero
2638 538 2668 576 a
2700 523 3042 580 Samaritana
3076 530 3303 586 muliere
3334 547 3487 603 aquae

239 608 463 673 ὑδάτων,
497 607 656 658 αὐτὸν
693 606 748 657 δὲ
778 607 921 658 πιεῖν
950 608 1118 658 αἰτεῖν
1150 609 1301 678 παρὰ
1337 609 1593 676 γυναικὸς
1625 610 1812 678 Σαμα-

242 699 465 769 ρείτιδος
494 717 506 729 ·
557 698 652 751 καὶ
705 699 762 750 ἐν
816 698 1224 769 τεσσαράκοντα
1271 699 1414 752 ἔτεσι
1460 701 1533 772 μὴ
1564 701 1808 771 κάμνειν,

235 790 518 853 τοσαύταις
552 790 776 861 μυριάσι
826 789 924 860 τὴν
973 790 1227 859 οὐρανίαν
1259 792 1465 862 τροφὴν
1507 792 1810 861 ἐπιχέοντα,

235 882 396 933 αὐτὸν
450 881 506 932 δὲ
559 879 694 949 πρὸς
736 879 833 949 τὴν
869 879 1038 949 συκῆν
1067 880 1291 950 δραμεῖν
1324 880 1496 932 ἐλπίδι
1538 880 1811 951 βρώσεως,

232 971 330 1041 τῆς
378 969 451 1040 μὴ
512 968 696 1037 οὔσης.
729 969 992 1039 Τοιαύτης
1027 969 1192 1039 οὔσης
1239 970 1370 1041 παρ’
1413 973 1692 1042 ἑκατέροις
1717 973 1814 1043 τῆς

231 1062 328 1114 τοῦ
378 1060 647 1130 δόγματος
700 1061 1040 1130 ὑπολήψεως,
1073 1063 1101 1112 6
1140 1061 1358 1125 συνετὸς
1415 1063 1690 1133 ἀκροατὴς
1729 1066 1814 1134 ἐφ’

232 1150 430 1205 ἑαυτοῦ
458 1151 689 1219 κρινέτω
712 1149 793 1214 τίς
826 1153 854 1203 ὁ
886 1152 1124 1222 σχήματι
1159 1151 1392 1216 πίστεως
1421 1151 1668 1217 ἄπιστος.

319 1308 482 1360 Ἀλλά
501 1323 630 1376 φησι
651 1305 832 1374 λέγειν
856 1307 1003 1376 ἡμᾶς
1027 1306 1108 1359 ὅτι
1132 1308 1160 1359 6
1181 1309 1512 1378 σταυρωθεις
1530 1311 1680 1364 οὐδὲν
1703 1307 1816 1381 εἶχε

231 1399 417 1452 θεῖκὸν
442 1399 498 1450 ὲν
523 1401 588 1467 τῇ
619 1395 808 1450 ἑαυτοῦ
845 1397 1021 1466 φύσει,
1063 1398 1184 1450 οὐδὲ
1215 1399 1346 1452 αὐτὸ
1373 1399 1432 1452 τὸ
1461 1401 1814 1470 κυριώτατον,

230 1491 260 1542 ὅ
295 1492 413 1542 ἐστι
467 1489 702 1558 πνεῦμα.
758 1489 899 1559 Πρὸς
935 1490 990 1541 δὲ
1044 1489 1141 1559 τὴν
1164 1489 1419 1561 τοιαύτην
1458 1494 1818 1560 συκοφαντίαν

233 1582 528 1651 πρόχειρος
559 1583 592 1650 ἡ
624 1583 687 1633 ὲκ
723 1581 822 1650 τῆς
845 1581 1124 1652 ἀρνήσεως
1148 1583 1293 1634 ἐστιν
1318 1583 1599 1652 ἀπολογία.
1634 1585 1818 1654 Είγὰρ

1913 620 2098 681 potum
2151 613 2492 683 postulasse;
2539 622 2593 669 et
2638 618 2729 684 qui
2777 632 2872 686 per
2909 619 3267 690 quadraginta
3315 639 3486 680 annos

1912 704 2192 758 crelestem
2223 705 2407 758 cibum
2447 715 2526 759 tot
2558 707 2833 776 tantisque
2873 707 3181 765 Juda-rorum
3227 715 3489 784 myriadi-

1916 794 2018 849 bus
2053 794 2413 864 profundens,
2451 811 2561 852 non
2595 797 2922 869 defatigatus
2959 800 3084 865 fuit,
3123 803 3275 859 illum
3311 807 3487 875 ipsum

1914 898 2011 953 spe
2039 885 2166 947 cibi,
2196 885 2290 954 qui
2333 899 2441 938 non
2475 884 2684 948 aderat,
2713 885 2778 939 ad
2811 887 2971 941 ﬁcum
3005 890 3336 946 cucurrisse.
3365 891 3486 945 llaec

1913 987 2037 1026 cum
2091 974 2162 1025 sit
2217 971 2505 1041 utriusque
2553 975 2726 1042 partis
2779 975 2924 1029 circa
2979 976 3138 1030 ﬁdem
3193 980 3486 1041 sententia,

1914 1062 2154 1133 prudens
2203 1065 2570 1132 cordatusque
2619 1065 2836 1119 auditor
2884 1082 3071 1122 secum
3122 1069 3239 1138 ipse
3282 1070 3485 1138 judicct

1915 1161 2038 1210 uter
2067 1153 2190 1210 ﬁdei
2221 1154 2404 1224 specie
2430 1155 2503 1209 sit
2530 1154 2784 1211 inﬁdelis.

1986 1307 2199 1364 XXV".
2239 1308 2342 1365 Sed
2373 1325 2475 1365 nos
2507 1309 2775 1367 aﬁirmarc
2805 1311 2880 1365 ait
2909 1326 3034 1366 eum
3062 1314 3155 1384 qui
3189 1316 3487 1374 cruciﬁxus

1918 1399 2019 1452 fuit
2069 1400 2124 1452 in
2179 1413 2278 1453 sua
2316 1399 2488 1469 ipsius
2529 1406 2724 1454 natura
2781 1400 2859 1455 nil
2909 1399 3152 1456 divinum
3191 1405 3486 1469 ,habuisse,

1917 1507 2017 1547 nec
2050 1491 2180 1546 illud
2231 1492 2407 1561 ipsum
2441 1492 2587 1562 quod
2627 1493 2970 1561 potissimum
3013 1502 3120 1558 est,
3155 1512 3348 1566 nempe
3377 1499 3488 1567 spi-

1920 1587 2109 1640 ritum.
2161 1583 2264 1639 Sed
2308 1584 2574 1640 adversus
2635 1585 2774 1639 hanc
2829 1587 3154 1640 calumniam
3205 1590 3369 1657 petita
3422 1605 3489 1644 ex

231 1671 551 1741 τὺπνεῦμα
594 1671 718 1724 νοῦν
764 1674 791 1724 ὁ
845 1673 1216 1743 Ἀπολινάριος
1266 1674 1455 1736 οἴεται,
1510 1675 1683 1738 οὐδεὶς
1712 1675 1818 1729 τῶν

1927 1681 2205 1749 negatione
2239 1677 2488 1734 defensio
2522 1679 2577 1732 in
2627 1687 2882 1749 promptu
2923 1687 3028 1735 est.
3064 1678 3120 1734 Si
3150 1681 3293 1734 enim
3321 1682 3491 1750 Apol‘

231 1761 580 1831 Χριστιανῶν
613 1761 758 1830 λέγει
789 1762 868 1815 τὸν
893 1763 1269 1834 ἁνακραθέντα
1295 1765 1373 1836 τῷ
1398 1766 1518 1836 θεῷ
1537 1766 1817 1836 ἄνθρωπον

231 1853 442 1922 ἥμισυν
469 1848 627 1917 εἶναι,
657 1853 773 1905 ἀλλ’
801 1854 919 1905 ὅλον
947 1855 1292 1923 προσφυῆναι
1343 1857 1408 1925 τῇ
1433 1855 1552 1926 θείᾳ
1570 1855 1815 1926 δυνάμει.

231 1946 412 1996 Πὶσιν
441 1940 534 1996 οὖν
563 1944 628 1997 ἂν
659 1943 820 2016 ἐθέλῃ
840 1962 922 2007 τις
950 1945 1017 1998 τὰ
1045 1947 1184 2016 μέρη
1212 1945 1304 1998 τοῦ
1333 1945 1615 2017 ἀνθρώπου
1650 1964 1818 2018 προσο

230 2035 521 2105 αγορεύειν
549 2035 794 2106 ὀνόμασι,
827 2039 938 2090 εἴτε
968 2037 1114 2101 νοῦν,
1151 2041 1259 2091 εἴτε
1291 2039 1528 2109 πνεῦμα,
1558 2037 1667 2091 εἴτε
1687 2057 1820 2110 καρ-

229 2126 350 2178 δίαν
371 2143 385 2155 ο
411 2126 624 2192 λέγεται
648 2128 754 2197 γάρ
791 2128 940 2198 παρὰ
981 2128 1080 2197 τῆς
1107 2130 1325 2200 Γραφῆς
1355 2131 1448 2182 ἐπὶ
1484 2130 1576 2182 τοῦ
1614 2133 1822 2202 ἡγεμο-

230 2217 388 2270 νικοῦ
417 2217 484 2270 τὰ
509 2219 652 2286 τρία·
678 2219 758 2278 τὸ.
787 2220 1045 2287 Καρδίαν
1066 2222 1333 2288 καθαρὰν
1352 2210 1563 2275 κτίσον
1585 2223 1653 2274 ἐν
1671 2221 1818 2292 ἐμοὶ,

232 2312 266 2362 ό
288 2310 440 2374 Θεός
461 2326 476 2340 ο
497 2310 610 2374 καὶ,
647 2310 700 2361 '0
719 2309 959 2378 νοήμων
980 2312 1346 2380 κιιὸέρνησιν
1365 2313 1648 2380 κτήσεται
1670 2331 1684 2344 ·
1705 2317 1820 2378 καὶ,

236 2400 454 2464 Οὐδεὶς
471 2397 594 2454 οἶδε
619 2404 691 2454 τὰ
714 2401 818 2454 τοῦ
851 2402 1187 2470 ἀνθρώπου,
1209 2407 1262 2457 εὶ
1280 2405 1366 2472 μὴ
1387 2406 1452 2458 τὸ
1473 2403 1727 2474 πνεῦμα,
1756 2408 1822 2460 τὸ

231 2497 304 2547 ἑνν
324 2493 505 2559 αὐτῷ.
534 2493 669 2548 Οὔτε
699 2490 791 2548 οὖν
817 2496 1019 2559 ἄπνους
1042 2497 1138 2566 (1),
1163 2496 1284 2550 οὔτε
1307 2499 1484 2562 ἄνους,
1507 2497 1630 2551 οὔτε
1654 2499 1826 2569 ἀκάρ-

231 2585 347 2648 Sto;
420 2587 485 2654 τῇ
537 2584 841 2638 ἐπισκιάσει
899 2585 997 2653 τῆς
1046 2584 1140 2637 τοῦ
1207 2585 1461 2655 Ὑψίστου
1520 2586 1822 2655 δυνάμεως,

234 2679 333 2730 καὶ
360 2677 438 2745 (2)
493 2675 771 2728 ὲπελεύσει
812 2674 906 2727 τοῦ
950 2675 1103 2742 ἁγίου
1138 2675 1472 2746 Πνεύματος.
1518 2677 1726 2730 Οὐκοῦν
1761 2677 1824 2729 οὐ

233 2769 382 2838 πρὸς
438 2768 584 2837 ἡμᾶς
624 2765 689 2818 ἂν
741 2763 925 2833 βλέποι
953 2767 986 2834 ἡ
1012 2766 1267 2835 λοιδορία,
1309 2767 1384 2830 ὼς
1416 2766 1507 2819 τὸν
1543 2767 1826 2837 ἄνθρωπον

234 2860 453 2911 ἐκεῖνον
498 2856 599 2907 ούκ
643 2854 833 2923 ἔχοντα
875 2855 934 2906 ἐν
970 2852 1149 2922 ἑαυτῷ
1197 2854 1258 2906 τὺ
1295 2855 1531 2924 πνεῦμα,
1560 2857 1588 2907 ὃ
1622 2858 1770 2909 ἐστιν
1799 2858 1828 2909 6

237 2948 394 3011 νοῦς,
426 2945 752 3015 γεγενῆσθαι
781 2945 1038 3012 λέγοντας
1060 2963 1072 2975 ·
1108 2945 1241 2998 ἀλλὰ
1267 2945 1405 3016 πρὸς
1441 2945 1600 2998 αὐτὸν
1625 2947 1828 2998 ἐκεῖνον

234 3038 333 3090 τὸν
363 3037 466 3105 τῆς
518 3034 788 3105 λοιδορίας
843 3034 1104 3105 ἐργάτην,
1132 3034 1223 3088 τὸν
1252 3037 1366 3097 τοῖς
1396 3035 1545 3098 ἰδίοις
1574 3035 1830 3087 ὀνείδεσιν
1857 3015 1900 3072 C

234 3131 396 3200 ἡμᾶς
428 3127 708 3196 βάλλοντα.
753 3127 812 3181 Ὀ
844 3127 953 3196 γὰρ
991 3125 1209 3198 πνεῦμα
1248 3127 1338 3180 τὸν
1377 3127 1500 3180 νοῦν
1530 3126 1828 3198 ὀνομάζων,

242 3222 322 3290 μὴ
357 3220 503 3288 ἔχειν
527 3219 584 3272 δὲ
604 3219 728 3272 νοῦν
759 3218 850 3270 τὸν
883 3218 1025 3271 κατὰ
1057 3217 1291 3288 Χριστὸν
1320 3217 1604 3289 ἄνθρωπον
1634 3218 1827 3286 λέγων,

238 3311 457 3373 ἐκεῖνός
485 3313 652 3370 ἐστιν,
681 3311 710 3363 6
751 3309 826 3380 μὴ
855 3308 998 3379 ἔχειν
1053 3309 1270 3380 πνεῦμα
1295 3308 1718 3372 κατασκευάζων
1740 3308 1832 3363 τὸν

238 3402 474 3474 Κύριον.
526 3400 686 3454 Ἀλλὰ
734 3401 788 3454 τί
829 3400 888 3453 τὸ
935 3402 1273 3471 ἐπαγόμενον
1325 3401 1611 3472 ἔγκλημα;
1665 3400 1832 3470 Φησὶν

239 3496 455 3555 ἐκεῖνος
510 3493 712 3546 ἀδικεῖν
765 3493 916 3562 ἡμᾶς
961 3491 1118 3544 τοῦτο
1154 3491 1430 3559 λέγοντας,
1465 3493 1545 3545 ὅτι
1568 3491 1710 3561 ὑπὲρ
1735 3493 1833 3561 τὴν

239 3584 418 3638 αὑτοῦ
449 3585 525 3651 (5)
559 3584 721 3652 φύσιν
753 3585 781 3636 6
832 3583 1116 3654 ἄνθρωπος
1144 3583 1267 3652 ἔσχε
1313 3599 1365 3634 τι
1410 3582 1591 3653 μεῖζον
1622 3583 1831 3652 ἕτερον,

238 3679 343 3748 τὴν
384 3677 446 3729 ὲν
496 3674 645 3745 αὐτῷ
698 3674 775 3745 (4)
807 3673 1164 3727 κατοικοῦσαν
1196 3674 1442 3745 θεότητα.
1484 3676 1547 3727 Εἰ
1578 3673 1633 3726 δὲ
1677 3673 1835 3727 τοῦτο

237 3772 298 3822 ἑν
330 3766 649 3836 ἐγκλήμασι
687 3765 913 3828 τίθεται,
943 3765 1004 3816 οὐ
1056 3764 1325 3836 φεύγομεν
1352 3765 1451 3836 τὴν
1478 3765 1832 3835 κατηγορίαν,

237 3859 322 3928 τῷ
357 3857 669 3927 Ἀποστόλῳ
719 3855 1227 3926 συνεκδαλλόμενοι.
1267 3857 1402 3928 Παρ’
1443 3855 1610 3909 αὐτοῦ
1639 3857 1747 3926 γὰρ
1774 3855 1836 3908 τὸ

237 3949 492 4006 τοιοῦτον
542 3949 618 4017 (5)
652 3947 936 4018 μαθόντες,
985 3947 1312 4017 πιστεύομεν
1356 3948 1440 4000 ὅτι
1485 3946 1620 4000 Θεοῦ
1655 3946 1835 4017 μορφὴ

238 4043 394 4094 κατὰ
427 4040 490 4092 τὸ
538 4039 822 4109 νοούμενον
850 4039 869 4108 (
902 4036 983 4110 [6]
1014 4038 1296 4110 ὑπάρχων,
1345 4040 1404 4092 ὲν
1439 4039 1624 4092 δούλου
1654 4042 1834 4109 μορφῇ

238 4132 391 4186 κατὰ
415 4131 476 4183 τὸ
499 4128 840 4199 φαινόμενον)
864 4128 1091 4196 γίνεται.
1119 4129 1182 4181 Εἰ
1199 4129 1255 4181 δὲ
1271 4129 1638 4200 προτιμοτέρα
1664 4130 1697 4200 ἡ
1720 4129 1836 4182 θεία

242 4225 439 4296 μορφὴ
466 4224 562 4278 τοῦ
591 4221 837 4276 δουλικοῦ
872 4222 1187 4294 προσώπου,
1211 4223 1309 4293 οὐχ
1342 4225 1601 4293 ὁμότιμον
1620 4224 1836 4287 πάντως

238 4316 324 4385 τῷ
387 4313 614 4384 κρυπτῷ
657 4313 717 4366 τὸ
758 4313 1098 4382 φαινόμενον.
1135 4310 1343 4366 Οὐκοῦν
1384 4312 1446 4365 τὸ
1488 4312 1629 4366 κατὰ
1655 4315 1832 4384 σάρκα
1865 4350 1908 4406 D

243 4405 606 4478 βλεπόμενον,
638 4404 733 4456 καὶ
761 4405 873 4466 τοῖς
899 4401 1204 4472 ἀνθρώποις
1245 4404 1828 4474 συναναστρεφόμενον,

241 4491 364 4564 εἷχέ
395 4511 449 4545 τι
478 4494 536 4544 ὲν
567 4492 744 4561 ἑαυτῷ
770 4490 964 4545 ἑαυτοῦ
984 4491 1326 4561 τιμιώτερον,
1353 4494 1489 4564 ὅπερ
1520 4496 1548 4546 6
1569 4494 1835 4566 λογογρά-

243 4604 350 4657 go;
403 4583 653 4652 ἔγκλημα
695 4585 929 4635 ποιεῖται
961 4581 1102 4634 κατὰ
1129 4582 1226 4651 τῆς
1257 4582 1508 4645 πίστεως.
1554 4585 1712 4637 Ἀλλὰ
1741 4586 1838 4639 καὶ

245 4673 322 4725 ἐν
410 4673 570 4739 αὐτῴ
627 4689 789 4742 φησιν
835 4674 864 4725 ὁ
903 4672 1222 4738 Ἀπὸστολος
1263 4674 1560 4729 κατοικεῖν
1588 4675 1711 4730 πᾶν
1769 4678 1837 4731 τὸ

244 4767 548 4836 πλήρωμα
580 4763 685 4832 τῆς
711 4765 986 4831 θεότητος
1023 4765 1370 4835 σωματικῶς
1389 4781 1404 4798 ο
1431 4768 1458 4818 ὁ
1485 4766 1542 4819 δὲ
1574 4768 1644 4821 ἐν
1677 4769 1837 4833 αὐτῷ

244 4859 450 4917 εἰπὼν,
480 4858 540 4910 οὐ
572 4856 632 4910 τὸ
674 4857 845 4927 ἥμισυ
866 4855 960 4909 τοῦ
1002 4857 1330 4928 δηλουμένου
1383 4858 1671 4928 ἐσήμανεν,
1718 4859 1831 4913 ἀλλ’

244 4952 375 5002 ὅλον
398 4948 457 5000 τὸ
493 4946 850 5016 ὑποκείμενον
898 4947 965 5015 τῇ
996 4945 1242 5018 σημασίᾳ
1273 4947 1722 5018 συμπεριέλαὸεν.
1769 4949 1834 5001 Εἰ

246 5041 349 5097 οὖν
389 5029 724 5113 ἀνθρώπινον
772 5039 949 5110 σῶμα,
999 5041 1058 5092 ἐν
1090 5032 1135 5105 ᾧ
1180 5037 1497 5108 κατῴκησεν
1546 5040 1578 5108 ἡ
1622 5037 1830 5108 θεότης,

250 5135 424 5204 σῶμα
451 5134 505 5186 δὲ
535 5134 634 5185 οὐκ
659 5131 860 5200 ἄψυχον
879 5148 892 5161 °
931 5116 1060 5184 ἴδιον
1080 5129 1137 5183 δὲ
1157 5129 1256 5200 τῆς
1285 5128 1629 5197 ἀνθρωπίνης
1651 5129 1832 5199 ψυχῆς

1921 1770 2108 1825 linaris
2156 1770 2408 1839 Spiritum
2455 1778 2690 1824 mentem
2730 1785 2852 1825 esse
2888 1779 3062 1841 putat,
3114 1772 3297 1826 nullus
3328 1771 3488 1826 Chri-

1920 1859 2222 1915 stianorum
2242 1858 2374 1911 dicit
2393 1858 2667 1914 hominem
2689 1857 2795 1913 Deo
2814 1866 3295 1930 contemperatum,
3317 1860 3487 1914 Inedia

1921 1950 2005 2005 sui
2055 1957 2209 2018 parte
2253 1948 2528 2003 hominem
2575 1963 2716 2012 esse,
2771 1949 2863 2004 sed
2910 1953 3178 2020 integrum
3215 1951 3488 2004 hominem

1922 2039 2238 2107 adjunctum
2306 2038 2475 2092 fuisse
2535 2037 2736 2091 divina:
2791 2039 2997 2092 virtuti.
3062 2039 3492 2109 Quibusrunque

1922 2130 2089 2200 igitur
2145 2130 2269 2198 quis
2321 2127 2559 2182 hominis
2619 2137 2803 2195 partes
2857 2129 3171 2184 nominibus
3219 2132 3492 2199 appellare

1923 2219 2176 2282 voluerit,
2209 2217 2324 2272 sive
2350 2224 2606 2278 mentem,
2643 2217 2757 2272 sive
2781 2217 3055 2286 spiritum,
3087 2220 3200 2274 sive
3222 2234 3348 2284 cor;
3381 2220 3494 2274 haec

1923 2308 2064 2363 enim
2114 2309 2219 2361 tria
2265 2306 2332 2362 de
2387 2307 2676 2378 principali
2723 2308 2960 2364 hominis
3011 2319 3165 2379 parte
3198 2311 3491 2376 dicuntur;

1925 2415 2138 2469 nempe,
2176 2399 2282 2453 Cor
2310 2398 2564 2452 mundum
2591 2413 2712 2452 crea
2733 2399 2786 2450 in
2809 2414 2913 2466 me,
2947 2399 3082 2454 Deus
3104 2401 3173 2464 ⁷³,
3210 2409 3294 2479 .et,
3330 2400 3495 2456 Intel-

1927 2489 2094 2560 ligens
2126 2489 2483 2560 gubernacula
2525 2487 2897 2558 possidebit",
2937 2498 3010 2556 et,
3049 2489 3212 2544 Nemo
3245 2493 3342 2546 scit
3380 2509 3496 2560 qua:
3531 2556 3540 2563 _

1925 2589 2044 2633 sunt
2080 2581 2326 2644 hominis,
2377 2580 2481 2632 nisi
2521 2579 2743 2647 spiritus
2772 2580 2862 2648 qui
2891 2579 2945 2632 in
2995 2581 3108 2648 ipso
3138 2591 3218 2634 est
3242 2582 3318 2647 7‘;
3349 2589 3498 2638 certe

1925 2673 2167 2741 quidem,
2203 2687 2302 2727 nec
2337 2673 2456 2726 sine
2488 2671 2707 2741 spiritu,
2741 2686 2841 2726 nec
2875 2672 2992 2727 sine
3018 2681 3216 2736 mente,
3245 2689 3344 2728 nec
3379 2676 3498 2730 sine

1925 2763 2092 2819 corde
2124 2779 2220 2834 per
2249 2763 2726 2818 ohumbrationem
2771 2763 2990 2819 virtutis
3022 2765 3284 2820 Altissimi
3318 2775 3373 2820 et
3406 2782 3497 2821 su-

1930 2864 2248 2923 perventum
2271 2854 2510 2923 Spiritus
2536 2855 2712 2909 sancti
2742 2853 3022 2909 Christum
3056 2855 3223 2911 fuisse
3242 2856 3495 2912 dicimus.

1930 2943 2012 2995 Ad
2049 2958 2149 2997 nos
2187 2945 2370 3011 itaque
2403 2944 2711 2998 convicium
2751 2961 2858 2999 non
2885 2946 3126 3015 respicit,
3158 2963 3222 3000 ac
3247 2949 3293 3002 si
3323 2949 3496 3002 homi-

1933 3045 2057 3083 nem
2085 3030 2236 3084 illum
2265 3031 2484 3100 spiritu,
2517 3030 2621 3084 hoc
2642 3039 2727 3085 est
2752 3040 2952 3098 mente,
2980 3034 3299 3089 destitutum
3332 3036 3502 3094 luisse

1931 3121 2274 3187 diceremus;
2312 3122 2407 3176 sed
2435 3123 2502 3176 ad
2543 3122 2692 3175 illum
2721 3126 2896 3193 ipsum
2923 3127 3154 3182 convicii
3197 3138 3498 3194 auctorem,

1931 3212 2026 3282 qui
2078 3211 2292 3280 injuriis
2339 3210 2541 3280 quibus
2598 3211 2714 3280 ipse
2748 3213 2944 3266 merito
2994 3214 3307 3272 aﬁicicn’dus
3357 3226 3502 3273 esset

1929 3316 2034 3358 nos
2080 3303 2311 3373 impetit.
2358 3301 2462 3367 Qui
2510 3302 2652 3356 enim
2694 3311 2930 3358 mentem
2979 3306 3228 3374 spiritum
3274 3322 3498 3377 vacans,

1933 3402 2166 3448 mentem
2201 3408 2308 3446 non
2353 3393 2555 3447 habere
2583 3393 2860 3449 Christum
2913 3395 3184 3451 hominem
3224 3396 3375 3460 dicit,
3399 3396 3504 3454 ille

1930 3487 2050 3556 ipse
2080 3484 2368 3538 Dominum
2419 3500 2526 3539 non
2579 3486 2781 3540 habere
2831 3487 3082 3552 spiritum
3107 3490 3358 3544 adstruit.
3397 3488 3502 3545 Sed

1931 3579 2092 3649 quale
2123 3578 2282 3634 nobis
2315 3589 2574 3647 prmterea
2606 3577 2839 3633 intendit
2877 3580 3127 3635 crimen?
3158 3584 3245 3636 Ait
3271 3584 3360 3638 ille
3400 3583 3504 3636 ini-

1933 3686 2040 3740 que
2090 3685 2250 3740 agere
2301 3684 2422 3733 nos,
2479 3669 2570 3738 qui
2621 3669 2726 3723 hoc
2769 3670 3058 3738 dicamus;
3114 3689 3307 3744 nempe
3356 3674 3504 3744 quod

1933 3770 2130 3831 praeter
2164 3773 2317 3814 suam
2349 3758 2524 3828 ipsius
2559 3765 2810 3812 naturam
2854 3760 3016 3814 homo
3055 3761 3142 3816 ille
3170 3763 3315 3816 aliud
3348 3766 3500 3834 quid-

1934 3852 2061 3906 dam
2089 3850 2268 3920 majus
2297 3847 2510 3915 habuit,
2543 3849 2874 3904 habitantem
2905 3851 3115 3907 scilicet
3143 3853 3196 3907 in
3227 3854 3345 3924 ipso
3368 3856 3505 3911 divi-

1934 3945 2178 3999 nitatem.
2215 3941 2270 3996 Si
2302 3951 2483 3996 autem
2519 3942 2621 3995 hoc
2643 3942 2801 3997 nobis
2831 3943 3046 3996 crimini
3070 3945 3248 4008 datur,
3281 3961 3503 4002 accusa-

1936 4037 2136 4090 tionem
2174 4049 2283 4088 non
2325 4032 2647 4104 refugimus,
2701 4048 2808 4087 una
2840 4049 2964 4087 cum
2996 4035 3260 4104 Apostolo
3295 4039 3501 4108 rejecti.

1934 4127 2015 4181 Ab
2045 4128 2138 4181 illo
2180 4127 2322 4180 enim
2360 4127 2489 4179 talia
2523 4125 2698 4180 edocti
2742 4126 3016 4182 credimus
3043 4128 3343 4197 Christum,
3378 4147 3502 4186 cum

1935 4219 2027 4274 Dei
2085 4218 2258 4272 forma
2318 4219 2619 4273 secundum
2675 4220 2726 4272 id
2780 4218 2923 4286 quod
2973 4230 3154 4276 mente
3209 4224 3506 4293 percipitur

1935 4318 2100 4375 esset,
2145 4309 2200 4363 in
2252 4310 2395 4364 servi
2439 4309 2610 4363 forma
2645 4311 2945 4365 secundum
2999 4311 3050 4364 id
3091 4313 3235 4381 quod
3266 4317 3504 4371 exterius

1939 4402 2237 4472 apparebat
2264 4401 2464 4457 factum
2494 4401 2685 4458 fuisse.
2723 4402 2879 4468 Quod
2922 4405 2965 4457 si
2994 4404 3175 4458 divina
3212 4403 3383 4460 forma
3411 4423 3506 4460 ex-

1934 4491 2219 4547 cellentior
2240 4500 2324 4547 est
2362 4493 2547 4547 servili
2592 4509 2850 4563 persona,
2901 4493 3147 4564 profecto
3174 4497 3319 4565 quod
3351 4508 3502 4552 exte-

1935 4583 2050 4637 rius
2083 4582 2379 4651 apparebat
2419 4597 2765 4652 nequaquam
2806 4576 3031 4652 mqualis
3074 4595 3191 4637 erat
3226 4584 3505 4654 dignitatis

1933 4687 2058 4727 cum
2096 4688 2162 4728 eo
2195 4671 2339 4742 quod
2383 4672 2530 4727 intus
2560 4673 2780 4727 latebat.
2822 4671 2976 4738 Quod
3005 4673 3170 4744 igitur
3203 4674 3504 4728 secundum

1933 4779 2152 4819 carnem
2183 4763 2642 4834 conspiciebatur,
2689 4773 2745 4819 et
2775 4779 2897 4818 cum
2935 4765 3250 4820 hominibus
3282 4781 3506 4820 conver-

1937 4855 2181 4920 sabatur,
2235 4855 2291 4908 in
2339 4855 2524 4925 seipso
2565 4855 2772 4925 aliquid
2819 4855 3110 4926 semetipso
3161 4859 3505 4925 praestantius

1939 4946 2150 5010 habuit,
2177 4947 2318 5017 quod
2339 4956 2518 5002 tamen
2548 4949 2785 5018 scriptor
2809 4955 2994 5002 noster
3011 4947 3217 5002 crimen
3247 4948 3504 5003 adversus

1942 5038 2098 5092 ﬁdem
2133 5055 2256 5094 esse
2293 5040 2464 5109 ﬁngit.
2499 5041 2662 5108 Atqui
2702 5039 2866 5094 etiam
2931 5033 2984 5087 in
3027 5034 3140 5105 ipso
3169 5039 3243 5092 ait
3275 5039 3503 5108 Aposto-

1940 5131 2094 5186 lus"
2175 5132 2473 5188 inhabitare
2528 5149 2732 5189 omnem
2782 5127 3159 5201 plenitudinem
3207 5127 3499 5181 divinitatis

333 5297 382 5328 7’
424 5295 566 5350 Psal.
607 5308 647 5356 t,
685 5295 774 5347 12.
846 5294 892 5324 ’⁷³
927 5293 1084 5348 Prov.
1126 5310 1160 5355 ι,
1184 5292 1237 5348 5.
1315 5293 1360 5324 7"
1393 5267 1567 5347 l-Cor.
1606 5309 1666 5355 ll,
1703 5293 1787 5346 Η.

1937 5294 2152 5350 Coloss.
2195 5307 2256 5355 ll,
2279 5291 2330 5346 9.

325 5434 414 5498 (t)
449 5432 524 5484 Ita
543 5445 711 5491 corr.,
743 5431 882 5484 male
903 5432 956 5482 in
987 5439 1134 5483 textu
1164 5427 1280 5482 Vat.
1310 5429 1432 5482 cod.
1470 5427 1685 5491 ἁπλοῦς.

327 5503 420 5569 (⁸⁸2.)
456 5503 612 5552 Corr.
639 5503 731 5551 καὶ
765 5502 853 5566 τῇ.

323 5565 414 5638 (5)
446 5572 599 5625 Corr.
631 5569 732 5638 τὴν
763 5565 976 5638 ἑαυτοῦ.

318 5636 415 5712 (rb)
443 5641 602 5698 Corr.
635 5636 694 5692 ἐν
725 5636 1012 5708 ἀνθρώπῳ.

2011 5430 2087 5495 (ὅ)
2121 5430 2191 5483 Ita
2226 5445 2397 5491 corr.,
2424 5429 2563 5484 male
2598 5435 2758 5480 antea
2789 5425 2869 5495 τῷ
2891 5423 3141 5495 τοιούτῳ,

2010 5492 2085 5565 (6)
2122 5500 2250 5563 Quae
2282 5497 2642 5554 semicirculis
2689 5492 3043 5548 includuntur
3081 5492 3263 5548 addita
3305 5499 3431 5546 sunt
3479 5505 3506 5544 a

1939 5577 2266 5624 correctore.
