4020 6140
499 225 641 283 Ιί85

1742 214 1799 269 5.
1833 211 2159 269 ὺιῖΕῧΟΒΙΙ
2197 210 2486 268 NYSSENI

3636 204 3776 260 “8-6

498 343 868 414 corporaliter.
895 337 999 404 Qui
1017 342 1196 392 autem
1216 337 1271 391 in
1310 337 1419 403 ipso
1440 320 1593 397 dicit,
1621 346 1733 386 non
1756 330 2068 395 dimidium,

2199 331 2233 383 :6
2248 330 2428 400 νοερόν
2459 331 2575 381 ἐστι
2607 327 2789 398 μέρος.
2827 326 2890 378 Εἰ
2916 325 3022 395 γὰρ
3050 286 3208 377 τοῦτο
3236 320 3572 393 χωρισθείη,
3591 321 3782 384 καθὼς

499 432 596 486 sed
626 432 894 500 integrum
919 430 1224 498 subjectum
1244 425 1645 497 signiﬁcatione
1669 424 2069 493 complectitur.

502 520 561 575 Si
590 522 754 590 igitur
803 521 1100 574 humanum
1155 535 1354 588 corpus
1406 525 1511 581 est,
1564 518 1620 569 in
1660 532 1770 585 quo
1812 515 2074 570 divinitas

503 608 788 675 habitavit,
808 624 1006 679 corpus
1027 617 1207 663 autem
1248 622 1356 661 non
1386 616 1470 661 est
1500 605 1798 659 inanimum
1820 622 1834 670 ;
1854 620 1918 657 ac
1934 619 2073 672 prae-

468 698 471 699 ⁷
503 706 651 751 terea
688 698 939 751 humanae
965 704 1177 750 tantum
1208 698 1403 750 animae
1432 697 1713 766 proprium
1752 702 1838 748 est
1878 694 2077 748 habere

500 795 710 859 partem
763 788 1155 858 intelligentem
1200 794 1254 843 et
1293 786 1653 849 rationalem;
1684 784 1731 838 si
1777 784 1921 839 enim
1965 786 2078 838 haec

502 881 572 934 ab
603 880 821 934 homine
861 881 1201 948 sejungatur,
1251 875 1712 948 quemadmodum
1765 889 1907 943 saepe
1937 873 2079 927 dixi-

503 986 647 1033 mus,
695 970 839 1039 quod
894 978 1137 1024 remanet
1166 970 1448 1022 hrutorum
1495 974 1610 1022 est:
1643 980 1775 1034 ergo
1822 980 1929 1017 non
1978 976 2080 1018 nos

501 1065 754 1134 egregius
788 1066 911 1127 iste,
945 1062 1040 1117 sed
1070 1062 1389 1132 Apostolum
1421 1059 1604 1130 potius
1654 1056 1959 1111 maledictis
1989 1056 2078 1109 in-

503 1157 703 1216 cessit;
744 1155 852 1209 imo
888 1170 1020 1209 vero
1065 1152 1330 1207 Joannem
1378 1152 1555 1220 ipsum
1603 1150 1751 1204 clare
1783 1149 2078 1212 dicentem,

517 1246 740 1299 Verbum
790 1263 913 1299 caro
965 1246 1168 1315 factum
1216 1252 1315 1307 est,
1372 1253 1422 1297 et
1457 1242 1713 1295 habitavit
1756 1242 1810 1293 in
1842 1239 1987 1293 nobis
2009 1238 2077 1293 ⁷⁸.

502 1338 623 1393 Non
653 1340 796 1394 enim
837 1339 893 1392 iu
928 1339 1110 1407 aliqua
1144 1337 1316 1391 nostri
1364 1343 1517 1406 parte
1549 1335 1722 1399 dixit;
1768 1333 1861 1387 sed
1899 1334 2081 1387 omnia

504 1430 713 1499 pariter
742 1444 863 1498 qua:
898 1429 952 1482 in
986 1429 1223 1482 humana
1251 1426 1631 1496 intelliguntur
1659 1433 1854 1479 natura
1884 1424 2080 1495 plurali

2174 423 2433 486 πολλάκις
2459 422 2780 492 εἰρήκαμεν,
2804 418 3073 489 κτηνῶδές
3106 419 3221 470 ἐστι
3250 416 3311 469 τὸ
3340 415 3652 484 λεγόμενον
3674 415 3780 486 (7).

2178 514 2300 584 ’Ἆρ’
2325 516 2423 584 οὐχ
2445 513 2601 584 ἡμῶν
2621 513 2649 564 6
2678 511 2961 581 γεννάδας,
2985 508 3119 562 ἀλλὰ
3148 508 3241 560 τοῦ
3281 507 3629 560 Ἀποστόλου
3658 510 3783 569 ταῖς

2173 607 2459 677 λοιδορίαις
2515 605 2853 658 καθάπτεται
2880 620 2893 633 ·
2946 602 3145 673 μᾶλλον
3176 601 3235 653 δὲ
3273 603 3367 653 καὶ
3392 601 3496 671 τῆς
3523 600 3785 669 μεγάλης

2175 699 2267 752 τοῦ
2337 699 2579 752 Ἰωάννου
2636 698 2840 767 φωνῆς,
2900 697 2935 766 ἦ
2965 712 3149 766 φησιν,
3177 696 3258 748 ὅτι
3294 694 3357 746 '0
3388 695 3598 761 Λόγος
3624 692 3784 759 σὰρξ

2175 790 2430 860 ἐγένετο,
2450 790 2546 845 καί
2579 788 2931 856 ἐσκήνωσεν
2972 790 3041 841 ἐν
3070 787 3232 857 ἡμῖν.
3258 787 3334 841 Οὐ
3361 786 3476 854 γὰρ
3523 786 3590 836 ἐν
3626 784 3784 853 μέρει

2178 881 2353 952 ἡμῶν,
2386 882 2521 935 ἀλλὰ
2565 882 2743 935 πάντα
2775 880 2845 934 τὰ
2874 884 2931 934 ὲν
2951 883 3016 951 τῇ
3044 879 3204 948 φύσει
3237 878 3513 948 νοούμενα
3542 879 3615 945 τῇ
3649 878 3785 946 πλη-

2180 972 2402 1044 θυντικῇ
2466 976 2615 1044 φωνῇ
2673 973 3010 1042 συνεσήμανε
3046 970 3147 1041 (8),
3177 969 3271 1022 καὶ
3326 968 3424 1021 τὸν
3470 968 3657 1034 Λόγον
3686 967 3785 1034 τῆς

2181 1063 2383 1134 σαρκὸς
2422 1063 2683 1135 πρότερον
2714 1063 2813 1133 μὲν
2868 1061 3281 1133 προδιέστειλεν,
3335 1055 3443 1113 εἷθ’
3486 1058 3675 1120 οὕτως
3705 1059 3781 1119 εἰς

2179 1156 2369 1209 ἕνωσιν
2399 1157 2624 1227 ἤγαγεν.
2652 1152 2760 1208 Ἦν
2790 1154 2897 1225 γὰρ
2914 1154 2995 1224 ἐφ’
3024 1153 3215 1207 ἑαυτοῦ
3236 1156 3263 1206 6
3284 1154 3485 1219 Λόγος,
3512 1152 3615 1203 καὶ
3650 1151 3783 1219 πρὸς

2179 1248 2268 1300 τὸν
2290 1248 2420 1300 Θεὸν
2446 1243 2533 1319 ἦν.
2558 1248 2669 1300 Καὶ
2689 1248 2825 1318 ὅπερ
2848 1246 2968 1316 ὀ(9)
2985 1246 3115 1309 Θεὸς
3139 1242 3228 1317 ἦν,
3260 1245 3404 1317 ([10]
3432 1244 3608 1297 τοῦτο
3636 1246 3730 1295 καὶ
3758 1246 3784 1295 ὁ

2180 1339 2350 1406 Λόγος
2379 1334 2467 1409 ἦν)
2489 1356 2501 1368 ο
2527 1337 2657 1402 Θεὸς
2706 1338 2813 1409 γὰρ
2848 1340 2941 1392 καὶ
2976 1333 3131 1401 οὗτος
3159 1334 3248 1408 ἦν.
3292 1337 3437 1390 Ἀλλ’
3472 1337 3567 1389 ὅτε
3607 1338 3688 1397 εἰς
3722 1334 3787 1387 τά

2185 1431 2290 1483 ἴδια
2319 1426 2471 1499 ἦλθε,
2529 1432 2624 1484 καὶ
2656 1433 2714 1484 ὲν
2740 1434 2807 1501 τῇ
2844 1431 3033 1500 σκοτίᾳ
3074 1430 3304 1499 ἔλαμψε,
3361 1430 3491 1481 τότε
3542 1429 3574 1479 6
3618 1428 3788 1493 Λόγος

504 1537 640 1575 voce
670 1521 1034 1591 signiﬁcavit;
1080 1531 1132 1575 et
1158 1519 1395 1574 Verbum
1423 1518 1641 1589 quidem
1676 1518 1831 1588 prius
1858 1532 1887 1569 a
1918 1532 2082 1571 carne

2199 1521 2321 1590 τὰρξ
2379 1522 2617 1590 ἐγένετο,
2674 1525 2741 1594 τῇ
2791 1521 2983 1576 ἑαυτοῦ
3040 1521 3265 1591 δυνάμει
3307 1524 3365 1574 ὲν
3400 1522 3475 1591 τῆ
3510 1519 3790 1588 Παρθένῳ

507 1613 805 1681 separavit,
838 1612 1035 1666 deinde
1060 1627 1188 1666 vero
1232 1611 1407 1665 eidem
1451 1611 1643 1664 univit.
1676 1610 1810 1663 Nam
1842 1608 2079 1664 Verbum

2199 1612 2324 1685 τάρξ
2380 1614 2694 1683 γενόμενος.
2747 1614 2957 1667 Οὐκοῦν
3000 1613 3263 1683 φειδέσθω
3304 1612 3406 1681 τῆς
3466 1612 3605 1663 καθ’
3643 1612 3790 1678 ἡμᾶς

508 1680 583 1758 in,
614 1704 910 1770 semetipso
956 1712 1094 1763 erat,
1136 1710 1189 1757 et
1223 1702 1363 1770 apud
1418 1700 1585 1755 Deum
1632 1708 1768 1763 erat,
1823 1707 1878 1754 et
1934 1699 2079 1769 quod

2199 1680 2470 1773 ιοίδορίας,
2496 1680 2573 1767 ὧς
2596 1704 2660 1758 ἂν
2686 1703 2762 1775 μὴ
2784 1680 3175 1775 συμπεριλάϐοι
3199 1701 3326 1763 τοὺς
3351 1680 3555 1767 ἁγίους
3580 1699 3673 1751 διὰ
3694 1702 3789 1767 τῆς

512 1796 652 1851 Deus
683 1804 821 1860 erat,
874 1796 977 1850 hoc
1009 1805 1062 1849 ct
1089 1793 1324 1848 Verbum
1367 1801 1506 1856 erat,
1542 1806 1669 1845 nam
1719 1801 1772 1845 et
1801 1791 1906 1844 hoc
1936 1790 2079 1846 Deus
2186 1793 2415 1866 ὕϐρεως.

509 1892 646 1942 erat.
689 1884 795 1941 Sed
836 1886 1057 1956 quando
1090 1886 1145 1939 in
1190 1884 1410 1955 propria
1457 1883 1627 1948 venit,
1677 1890 1731 1937 et
1765 1882 1819 1936 in
1848 1880 2091 1937 tenebris
2128 1882 2288 1949 luxit,
2341 1895 2474 1943 tunc
2539 1887 2779 1944 Verbum
2821 1901 2951 1942 caro
2990 1885 3191 1940 factum
3232 1895 3339 1946 est,
3409 1882 3647 1953 propria
3687 1881 3794 1933 vir-

508 1987 625 2037 tute
677 1978 731 2033 in
771 1976 1016 2050 Virginis
1050 1984 1209 2033 utero
1244 1990 1375 2031 caro
1420 1974 1645 2030 factum.
1679 1973 1871 2030 Cesset
1940 1974 2126 2045 itaque
2196 1979 2357 2034 nobis
2397 1981 2719 2047 conviciari,
2771 1994 2842 2035 ne
2892 1986 3116 2034 sanctos
3159 1978 3366 2033 eisdem
3426 1972 3794 2029 contumeliis

510 2065 773 2125 involvat.

579 2163 819 2218 XXVIII.
851 2163 1022 2217 Porro
1054 2161 1539 2239 praetermissis‘iis
1563 2176 1684 2232 qua:
1709 2160 1799 2215 hic
1834 2160 1903 2216 ab
1928 2159 2095 2231 Apol-

512 2258 672 2314 linari
712 2256 995 2323 interjecta
1030 2266 1177 2322 sunt,
1216 2256 1417 2325 quibus
1448 2253 1847 2309 lncarnationis
1895 2265 2097 2325 myste-

512 2350 656 2404 rium
695 2347 908 2403 inﬁcias
940 2347 1018 2403 ire
1051 2348 1172 2403 illos
1203 2355 1388 2402 censet
1414 2347 1507 2416 qui
1531 2346 1719 2402 eadem
1755 2361 1819 2400 ac
1842 2347 1958 2415 ipse
1985 2362 2096 2401 non

513 2440 789 2505 sentiunt,
821 2454 984 2493 unam
1015 2447 1229 2494 tantum
1262 2454 1451 2493 earum
1483 2453 1663 2493 rerum
1690 2450 1828 2506 quas
1857 2438 1911 2491 in
1943 2453 2098 2493 accu-

515 2531 747 2587 sationis
776 2539 915 2585 mstu
945 2529 1011 2584 ad
1046 2528 1392 2584 conﬁandum
1418 2529 1579 2582 nobis
1613 2527 1939 2581 calumniam
1971 2542 2099 2597 pro—

516 2622 624 2677 fert
671 2622 1131 2677 commemorabo.
1167 2620 1257 2674 Ait
1303 2620 1471 2682 enim,
1507 2619 1619 2672 Nos
1651 2620 1756 2673 nisi
1801 2619 1913 2687 ejus
1953 2620 2097 2673 dicta

518 2712 888 2781 approbemus,
940 2724 1144 2764 necesse
1191 2725 1303 2763 esse
1351 2718 1407 2761 ut
1437 2708 1675 2761 dicamus
1702 2706 1974 2761 Christum
2008 2725 2099 2762 nec

518 2813 641 2857 ante
695 2810 957 2855 terrenam
1002 2815 1155 2855 suam
1209 2800 1562 2860 nativitatem,
1599 2814 1690 2851 nec
1742 2810 1863 2851 ante
1895 2815 2100 2854 omnem

517 2902 819 2948 creaturam
840 2893 1025 2962 fuisse,
1058 2907 1219 2962 neque
1239 2891 1400 2945 etiam
1426 2889 1658 2959 ejusdem
1683 2905 1745 2943 ac
1769 2889 1934 2944 Deum
1956 2908 2102 2961 gene-

2262 2164 2346 2219 Τὰ
2365 2165 2423 2218 δὲ
2443 2163 2533 2218 διὰ
2563 2164 2727 2235 μέσου
2746 2160 2965 2233 παρεὶς,
2991 2160 3059 2213 δι’
3079 2153 3153 2213 ὧν
3171 2158 3524 2231 ἀρνήσασθαι
3558 2157 3632 2210 τὰ
3656 2161 3793 2211 κατὰ

2192 2258 2252 2311 τὸ
2307 2259 2604 2328 μυστήριον
2649 2257 2818 2327 οῐεται
2873 2255 2998 2316 τοὺς
3040 2254 3112 2323 μὴ
3150 2251 3218 2304 τὰ
3254 2251 3391 2303 αὑτᾶ
3451 2249 3795 2321 φρῡνῦῦντας

2192 2336 2362 2418 αὖτ’ᾦ,
2391 2347 2510 2409 ἐνὸς
2534 2346 2643 2399 τῶν
2674 2348 2730 2398 ὲν
2774 2347 2842 2415 τῇ
2883 2343 3170 2412 καταφορᾷ
3198 2340 3333 2412 πρὸς
3363 2340 3631 2410 διαϐολὴν
3658 2344 3795 2409 tua-

2192 2440 2355 2510 τέραν
2382 2439 2685 2509 εἰρημένων
2710 2434 3209 2507 ἐπιμνησθήσομαι.
3240 2432 3379 2501 Φησὶ
3408 2432 3546 2501 γὰρ,
3583 2430 3793 2500 Ἠμᾶς.

2194 2534 2247 2585 εὶ
2265 2531 2351 2601 μὴ
2378 2531 2573 2585 ἐκεῖνο
2588 2531 2863 2597 λέγομεν,
2884 2527 3039 2597 μήτε
3061 2524 3474 2594 προϋπάρχειν
3488 2523 3608 2590 τῆς
3623 2526 3699 2576 ἐν
3726 2523 3797 2591 τῇ

2195 2621 2552 2691 γεννήσεως,
2582 2620 2735 2688 μήτε
2772 2620 2883 2687 πρὸ
2915 2617 3157 2671 πάντων
3197 2612 3349 2669 εἶναι
3376 2614 3614 2683 λέγειν,
3642 2614 3799 2681 μήτε

2195 2714 2521 2783 σύμφυλον
2557 2708 2710 2765 εἶναι
2766 2710 2934 2765 Θεοῦ.
2980 2709 3139 2763 Ἀλλὰ
3185 2708 3246 2761 τὸ
3276 2708 3374 2777 μὲν
3404 2708 3797 2777 προῦπάρχειν

2196 2806 2359 2861 αὐτὸν
2387 2806 2485 2875 τῆς
2508 2805 2700 2876 γηῖνης
2734 2802 2898 2858 αὑτοῦ
2919 2803 3224 2872 γεννήσεως
3245 2802 3289 2870 (I
3306 2801 3358 2868 I)
3386 2799 3795 2870 ὁμολογοῦμεν,

2199 2896 2357 2967 εἴπερ
2381 2898 2445 2949 ὲκ
2465 2896 2562 2965 τῆς
2585 2896 2779 2965 γηῖνης
2810 2893 3123 2955 συστάσεως
3153 2893 3186 2962 ἡ
3216 2890 3353 2962 σὰρξ
3385 2887 3529 2943 εἶναι
3560 2890 3669 2943 οὐκ
3692 2890 3799 2958 ἀμ·-

506 2988 594 3053 ris
624 3002 736 3041 esse
754 2986 825 3039 ".
855 2983 1020 3053 Atqui
1048 2982 1327 3038 Christum
1357 2990 1647 3053 antequam
1668 2982 1723 3037 in
1741 2990 1887 3037 terra
1905 2998 2094 3039 nasce-

2202 2956 2557 3055 (pt6d-1X51at';
2673 2956 2746 3039 δὲ.
2766 2985 3044 3055 σύμφυλον
3072 2956 3211 3036 εἶναι
3250 2956 3409 3045 Θεοῦ,
3432 2982 3649 3049 ἄπαγε,
3691 2956 3799 3050 pr,-

518 3086 673 3133 retur
724 3077 839 3147 jam
894 3076 1064 3131 fuisse
1102 3075 1358 3139 fatemur,
1407 3074 1454 3130 si
1509 3075 1670 3129 modo
1726 3074 1847 3144 ejus
1877 3090 2101 3130 carnem

519 3170 800 3224 terrestris
848 3175 1061 3223 natura:
1117 3174 1277 3238 atque
1338 3167 1752 3223 constitutionis
1808 3182 1931 3223 esse
1990 3182 2101 3221 non

521 3261 841 3325 dubitatur;
890 3259 1134 3330 ejusdem
1178 3267 1359 3315 autem
1410 3274 1533 3313 eum
1583 3259 1801 3329 generis
1836 3273 1899 3313 ac
1932 3257 2100 3313 Deum

518 3368 660 3423 esse,
696 3355 839 3409 absit
876 3360 934 3407 ut
975 3354 1263 3407 dicamus:
1296 3365 1457 3405 nemo
1490 3350 1926 3405 Christianorum
1968 3351 2103 3407 adeo

523 3448 750 3502 humilia
779 3456 833 3502 et
862 3462 892 3500 a
930 3444 1113 3499 divina
1158 3443 1443 3512 majestate
1479 3442 1655 3495 aliena
1686 3443 1855 3496 verba
1891 3444 2103 3498 conlin-

523 3542 683 3603 xerit,
736 3547 796 3592 ut
846 3537 937 3606 qui
982 3550 1167 3590 revera
1214 3534 1357 3588 Deus
1382 3542 1487 3597 est,
1535 3533 1779 3601 ejusdem
1828 3549 1951 3588 cum
1994 3534 2103 3591 Deo

523 3631 758 3705 generis,
806 3645 899 3683 seu
949 3635 1243 3697 cognatum
1274 3626 1408 3691 Deo,
1463 3633 1517 3681 et
1555 3642 1663 3680 non
1711 3643 1900 3682 verum
1931 3626 2103 3682 Deum

523 3737 646 3777 esse
686 3719 964 3790 praedicet.
1012 3715 1121 3772 Nec
1148 3715 1452 3773 Eunomius
1504 3717 1620 3788 ipse
1667 3718 1736 3773 ab
1774 3718 1877 3772 hac
1907 3726 1999 3772 tua
2037 3717 2105 3773 de

523 3811 756 3866 Domino
802 3825 935 3865 voce
985 3808 1300 3879 usurpanda
1347 3808 1702 3865 abhorreret:
1755 3825 1880 3864 nam
1920 3818 1974 3865 et
2015 3810 2104 3865 ille

523 3918 710 3957 veram
738 3901 792 3954 in
821 3900 1046 3955 Christo
1079 3898 1421 3953 divinitatem
1453 3914 1681 3969 negans,
1719 3909 2009 3970 cegnatum
2037 3913 2104 3953 eo

527 3992 691 4049 modo
745 3994 921 4063 ipsum
980 3991 1089 4046 Deo
1127 4006 1247 4046 esse
1303 3990 1528 4055 diceret,
1578 3991 2037 4061 quemadmodum
2058 3992 2103 4023 "

526 4082 953 4153 concorporales
1001 4086 1055 4135 et
1088 4079 1505 4150 comparticipes
1553 4079 1757 4134 Christi
1801 4079 1958 4147 ﬁunt,
2008 4081 2104 4151 qui

527 4176 649 4244 ejus
677 4173 832 4229 Iidem
852 4172 1295 4245 amplectuntur;
1329 4185 1437 4225 non
1466 4171 1611 4242 quod
1636 4172 1769 4227 illud
1801 4173 1941 4229 idem
1970 4175 2103 4240 sint,

2201 3079 2311 3144 δεὶς
2335 3079 2504 3143 οὕτως
2533 3082 2590 3133 ὲν
2607 3077 2949 3150 Χριστιανοῖς
2972 3074 3207 3128 ταπεινά
3235 3091 3293 3127 τε
3320 3074 3415 3128 καὶ
3454 3074 3676 3143 ἔκφυλα
3700 3072 3799 3139 τῆς

2204 3171 2354 3235 Θείας
2384 3170 2856 3243 μεγαλοπρεπείας
2869 3169 3343 3239 ὀνοματοποιήσειε
3368 3167 3619 3238 ῥήματα,
3654 3166 3800 3219 ὥστε

2203 3264 2293 3317 τὸν
2324 3265 2490 3327 ὄντως
2522 3264 2650 3317 ὄντα
2679 3264 2830 3329 Θεὸν,
2862 3261 3140 3332 σύμφυλον
3170 3258 3330 3325 Θεοῦ,
3352 3261 3448 3312 καὶ
3482 3260 3557 3330 μὴ
3600 3258 3801 3328 άληθιο

2204 3356 2292 3411 νὸν
2325 3356 2724 3427 ἁνακηρύσσειν
2752 3356 2904 3409 Θεόν.
2937 3353 3058 3408 Οὐδ’
3090 3352 3156 3406 ἂν
3186 3354 3214 3404 6
3247 3352 3513 3420 Εὑνόμιος
3557 3352 3661 3421 τῆς
3686 3368 3799 3403 τοι·

2204 3450 2375 3521 αύτης
2428 3467 2521 3502 σου
2579 3449 2823 3518 φείσαιτο
2853 3446 2962 3518 (12)
3015 3447 3107 3499 ἐπὶ
3151 3443 3354 3515 Κυρίου
3395 3445 3606 3513 φωνῆς.
3640 3445 3797 3497 Εἴποι

2206 3542 2313 3613 γὰρ
2341 3541 2407 3595 ἂν
2439 3540 2532 3594 καὶ
2564 3542 2771 3602 ἐκεῖνος
2796 3538 2869 3610 μὴ
2894 3535 3336 3607 παραδεχόμενος
3374 3532 3540 3587 αὐτοῦ
3574 3534 3641 3585 τὸ
3667 3535 3801 3602 άλη-

2207 3631 2351 3686 θινὸν
2375 3631 2475 3700 τῆς
2523 3630 2795 3701 θεότητος,
2836 3627 2897 3681 τὸ
2949 3626 3226 3697 σύμφυλον
3259 3624 3420 3677 αὑτὸν
3460 3621 3603 3678 εἶναι
3638 3624 3775 3677 Θεοῦ

2206 3721 2341 3776 καθό
2379 3721 2476 3774 καὶ
2526 3719 2802 3789 σύσσωμοι
2835 3718 2931 3771 τοῦ
2974 3714 3212 3789 Χριστοῦ
3239 3716 3332 3769 καὶ
3363 3715 3728 3785 συμμέτοχοι,
3752 3734 3777 3767 ο

2204 3815 2302 3886 τὴν
2351 3816 2429 3878 εἰς
2484 3812 2645 3866 αὑτὸν
2693 3810 2873 3865 πίστιν
2900 3809 3358 3883 παραδεξάμενοι,
3388 3808 3669 3876 γίνονται*
3700 3810 3797 3861 οὐ),

2206 3908 2381 3959 ἐκεῖνο
2432 3904 2606 3967 ὄντες,
2650 3902 2786 3973 ὅπερ
2846 3902 2962 3954 ἐστὶ
3005 3899 3209 3971 Κύριος
3261 3898 3394 3967 (15),
3438 3897 3557 3949 ἀλλ’
3588 3898 3798 3951 ἐκείνου

2211 3999 2550 4068 μετέχοντες,
2613 3993 2707 4048 καὶ
2754 3992 2833 4064 τῷ
2876 3991 3222 4064 μετεχομένῳ
3270 3990 3797 4061 συνονομαζόμενοιο

2206 4089 2346 4143 ὥστε
2372 4090 2400 4140 6
2428 4085 2600 4140 ταῦτα
2622 4084 2946 4156 αἰτιώμενος
2990 4084 3064 4155 μὴ
3098 4084 3277 4153 λέγειν
3304 4085 3476 4154 ἡμᾶς,
3503 4084 3608 4137 ὅσα
3649 4084 3801 4155 παρὰ

2205 4178 2313 4233 τῶν
2374 4177 2741 4232 εὐσεϐούντων
2788 4178 3152 4248 ὁμολογεῖται,
3202 4175 3264 4227 τὸ
3314 4174 3539 4240 εὐσεϐές
3590 4194 3651 4228 τε
3702 4175 3799 4229 καὶ

527 4267 674 4338 quod
713 4265 973 4321 Dominus
1003 4272 1109 4328 est,
1150 4265 1241 4319 sed
1276 4263 1421 4335 quod
1467 4264 1541 4317 illi
1580 4266 2011 4333 communicent,
2053 4280 2094 4324 et

2210 4271 2583 4341 ἀνεπίληπτον
2608 4268 2688 4340 τῷ
2713 4268 2834 4323 καθ’
2878 4270 3027 4338 ἡμᾶς
3057 4267 3200 4338 λόγῳ
3242 4268 3795 4339 προσεμαρτύρησεν.

527 4375 696 4414 unum
719 4358 972 4427 idemque
1005 4371 1127 4410 cum
1159 4371 1222 4411 eo
1249 4356 1408 4425 cujus
1438 4356 1731 4427 participes
1756 4367 1884 4413 sunt
1908 4375 2094 4415 nomen

2211 4356 2349 4416 Εἶτα
2380 4364 2457 4426 εἰς
2514 4358 2860 4430 κατασκευὴν
2886 4357 2976 4411 τοῦ
3016 4353 3157 4410 εἶναι
3198 4356 3298 4426 τὴν
3328 4358 3512 4429 σάρκα
3541 4356 3795 4427 θεότητα,

528 4452 857 4506 obtineant:
902 4450 977 4503 ita
1023 4455 1083 4502 ut
1136 4448 1265 4503 dum
1311 4447 1469 4502 nobis
1498 4447 1715 4502 crimini
1754 4451 1918 4505 vertit
1964 4452 2111 4521 quod

528 4558 593 4598 ea
638 4558 747 4597 non
771 4541 1020 4597 dicamus
1054 4556 1176 4611 quae
1207 4539 1349 4610 apud
1386 4554 1577 4594 omnes
1610 4555 1751 4595 verae
1786 4541 1908 4597 ﬁdei
1934 4543 2105 4598 culto-

531 4652 622 4691 ros
654 4636 709 4690 in
744 4633 1001 4690 confesso
1048 4644 1196 4696 sunt,
1240 4648 1305 4687 eo
1345 4631 1465 4702 ipso
1500 4634 1826 4688 sententiam
1860 4642 2105 4691 nostram

533 4727 673 4794 piam
702 4740 823 4781 esse
861 4726 1105 4796 nullique
1136 4723 1551 4794 reprehensioni
1581 4724 1877 4779 obnoxiam
1907 4727 2108 4782 conﬁr-

534 4824 666 4869 mat.
712 4817 915 4872 Deinde
948 4826 1007 4873 ut
1052 4832 1272 4871 carnem
1321 4830 1445 4872 esse
1494 4815 1835 4873 divinitatem
1889 4819 2105 4888 probet,

535 4911 652 4965 hinc
678 4911 839 4965 etiam
869 4911 1122 4982 superius
1151 4908 1314 4964 dictis
1340 4908 1517 4963 addit:
1542 4908 1673 4977 Qui:
1708 4912 1867 4979 enim,
1904 4913 2106 4984 inquit,

607 5069 654 5099 τ⁶
686 5065 847 5122 Joan.
882 5082 921 5131 I,
958 5069 1043 5122 Η.
1121 5070 1166 5101 ⁷⁷
1196 5069 1395 5140 Ephes.
1426 5069 1559 5138 11,6.

608 5234 684 5300 (7)
707 5232 872 5302 Lege,
895 5229 1236 5302 λειπόμενον.

607 5306 682 5373 (8)
711 5301 870 5358 Coi'r.
903 5301 1264 5371 συνεσήμῃνε.

610 5377 698 5446 (9)
724 5374 883 5446 Corr.
913 5384 1017 5426 art.
1057 5373 1185 5446 add.

608 5437 723 5514 (‘10)
778 5444 909 5509 Qua:
945 5437 1312 5498 semicirculis
1352 5437 1711 5495 includuntur
1752 5452 1898 5495 corr.
1946 5453 2110 5495 manu

539 5524 671 5571 sunt
697 5515 902 5568 addita.

610 5586 659 5653 (ι
672 5585 724 5651 I)
752 5583 908 5637 Corr.
940 5583 1224 5651 γενέσεως.

613 5655 726 5717 (12)
756 5653 911 5710 Corr.
944 5655 1197 5726 τοιαύτης
1224 5656 1285 5709 ού
1316 5657 1581 5727 φείσαιτο.

2212 4454 2308 4508 καὶ
2326 4453 2498 4508 ταῦτα
2522 4453 2636 4513 τοῖς
2647 4451 2959 4525 εἰρημένοις
2983 4448 3328 4521 προστίθησι.
3348 4448 3444 4513 Τίς
3464 4450 3597 4518 γὰρ,
3614 4452 3793 4519 φησὶν,

2215 4546 2248 4600 ό
2274 4545 2438 4614 ἅγιος
2494 4543 2563 4596 ἐκ
2608 4540 2939 4613 γεννητῆς;
2982 4539 3171 4613 ὥσπερ
3215 4542 3315 4593 οὐκ
3347 4541 3678 4608 ἀνεγνωκὼς
3704 4544 3795 4610 τὴν

2211 4634 2354 4690 κατὰ
2379 4634 2472 4688 τὸν
2499 4634 2764 4706 Ἱερεμίαν
2798 4634 3034 4704 γραφὴν,
3071 4632 3200 4703 περὶ
3226 4626 3286 4685 οὗ
3323 4650 3515 4703 φησιν,
3546 4635 3631 4687 ὅτι
3658 4635 3797 4701 Πρὶν

2212 4727 2318 4798 ἐμὲ
2344 4727 2456 4799 (Η)
2480 4726 2712 4783 ετλᾶσαί
2739 4742 2814 4780 σε
2841 4726 2910 4779 ἐκ
2935 4726 3168 4791 κοιλίας
3195 4725 3307 4796 (I5)
3332 4726 3555 4794 ἡγίακά
3592 4744 3686 4781 σε.
3725 4727 3794 4779 Οὐ

2214 4820 2322 4892 γὰρ
2350 4820 2508 4891 μόνον
2539 4821 2603 4874 ἐκ
2625 4819 2908 4889 γεννητῆς,
2943 4819 3080 4872 ἀλλὰ
3100 4819 3193 4871 καὶ
3225 4818 3331 4889 πρὸ
3353 4820 3630 4887 γενέσεως
3660 4822 3792 4872 ὲκείο

2214 4930 2303 4978 νος
2341 4912 2493 4984 παρὰ
2519 4912 2619 4983 τῆς
2645 4912 2684 4965 Γ
2691 4911 2867 4983 ραφῆς
2893 4911 3250 4983 μαρτυρεῖται
3288 4910 3469 4978 ἅγιος.
3516 4910 3683 4964 Ἀλλά
3708 4911 3795 4963 καὶ

2288 5227 2403 5301 (ιε)
2432 5225 2591 5301 (Sorr.
2617 5229 2646 5283 6
2684 5228 2909 5301 Κύριος.

2291 5298 2403 5371 (μ)
2432 5298 2590 5371 (3011‘.
2619 5300 2748 5370 πρὶν
2830 5300 2950 5371 ἐμέ.

2290 5368 2404 5443 (I5)
2441 5368 2499 5423 In
2525 5368 2809 5443 Vaucod.’
2837 5368 2978 5427 male
3017 5371 3430 5443 interpungitur
3474 5381 3606 5443 post
3638 5372 3795 5443 verba

2222 5439 2672 5513 ἰιιεΑὲκ-κοιλίας,
2700 5438 2837 5496 Vide
2885 5449 3066 5497 tamen
3112 5438 3181 5497 an
3224 5438 3388 5499 lectio
3439 5438 3609 5513 quam
3661 5442 3796 5497 idem

2222 5510 2391 5584 codex
2421 5510 2511 5584 hic
2531 5511 2751 5584 exhibet
2772 5513 2995 5581 antiqua
3020 5514 3113 5578 sit,
3143 5531 3211 5569 an
3238 5514 3421 5584 potius
3445 5510 3796 5584 librariorum

2223 5580 2515 5655 oscitantia
2545 5583 2747 5637 omissa
2782 5580 3031 5655 siutgalia
3061 5580 3309 5653 quaedam
3337 5584 3504 5639 verba
3528 5624 3544 5645 ,
3576 5599 3702 5655 qua:
3746 5582 3797 5637 in

2227 5651 2385 5722 Vulg.
2410 5649 2541 5707 edit.
2572 5660 2625 5707 et
2655 5652 2795 5721 apud
2833 5651 2973 5707 LXX
3007 5649 3235 5729 interpr.
3267 5656 3547 5727 leguntur.
