4018 6124
286 252 435 310 1185

1455 260 1829 322 ADVERSUS
1857 266 2375 327 APOLLINAREM.

3409 290 3551 346 “86

283 368 315 419 δ
351 366 410 419 ἑν
437 367 505 437 τῇ
541 369 742 439 γαστρὶ
769 372 834 440 τῇ
863 370 1092 441 μητρῴᾳ
1144 375 1463 447 σκιρτήσας,
1506 380 1535 431 ὁ
1562 378 1657 431 τοῦ
1691 382 1853 434 ἀσπα-

1973 394 2189 440 sanctus
2214 403 2246 441 a
2273 388 2589 446 nativitate?
2612 391 2845 450 Perinde
2866 408 2930 450 ac
2958 397 3026 461 si,
3053 400 3199 468 quod
3227 403 3368 471 apud
3396 405 3551 465 lere-

283 457 426 528 σμοῦ
454 460 554 529 τῆς
572 460 775 531 μητρὸς
803 462 897 515 τοῦ
918 465 1122 536 Κυρίου
1143 467 1240 539 τὴν
1271 470 1453 539 φωνὴν
1478 472 1535 523 ἐν
1556 472 1870 540 ἀγαλλιάσει

279 546 590 620 δεξάμενος,
620 552 713 605 καὶ
734 553 897 618 αὐτὸς
913 554 978 609 ἂν
999 558 1085 628 εἴη
1107 561 1170 611 ἐκ
1192 563 1454 633 γεννητῆς
1480 563 1654 631 ἅγιος,
1687 564 1870 628 καθὼς

281 640 317 706 ἡ
343 636 436 690 τοῦ
512 638 739 707 ἀγγέλου
794 644 922 714 περὶ
964 647 1128 701 αὑτοῦ
1165 649 1358 720 μηνύει
1390 654 1566 723 φωνὴ,
1603 653 1863 723 λέγουσα-

278 728 395 780 Kal
419 729 769 797 Πνεύματος
791 730 965 802 ἁγίου
983 739 1403 805 πλησθήσεται
1431 743 1516 795 ἔτι
1537 743 1604 796 ἐκ
1634 748 1868 812 κοιλίας

278 818 519 884 μητρός.
560 820 701 873 Ἀλλ’
732 824 929 891 ἐπάγει
953 828 1051 878 καὶ
1083 828 1239 881 τοῦτο
1265 834 1377 895 τοῖς
1395 833 1705 902 εἰρημένοις
1727 852 1741 866 ο
1772 838 1867 902 Τίς

277 911 595 977 ἀδίδακτος
617 917 845 982 σοφόςς
874 918 1059 988 Ἡμεῖς
1081 920 1246 990 δὲτὴν
1278 924 1341 974 ἐκ
1369 923 1462 975 τοῦ
1493 924 1627 977 Θεοῦ
1653 928 1861 995 σοφίαν,

276 999 399 1069 ἥτις
418 1002 565 1054 ἐστὶν
593 1005 621 1055 ό
650 1005 902 1074 Χριστὸς,
935 1008 1055 1077 οὐχὶ
1084 1008 1356 1079 διδακτὴν,
1388 1012 1522 1066 ἀλλά
1555 1014 1864 1089 διδακτικὴν

275 1086 417 1143 εἶναί
442 1109 621 1161 φαμεν
646 1111 658 1123 ·
694 1094 793 1165 τὴν
840 1097 896 1149 δὲ
960 1098 1257 1154 ἐνωθείσαν
1310 1105 1375 1172 τῇ
1418 1102 1537 1174 θείᾳ
1578 1108 1738 1179 σοφίᾳ
1763 1086 1864 1180 τῆς

279 1184 483 1251 σαρκὸς
504 1185 659 1254 ἡμῶν
700 1190 910 1258 μοῖραν,
940 1191 1004 1242 ὲκ
1035 1195 1265 1263 μετοχῆς
1293 1194 1547 1258 δέξασθαι
1572 1199 1631 1252 τὸ
1660 1202 1864 1269 ἀγαθὸν

273 1273 376 1342 τῆς
401 1274 593 1343 σοφίας
630 1279 728 1330 οὐκ
757 1280 1192 1355 ἀμφιϐάλλομεν,
1228 1287 1538 1357 πειθόμενοι
1565 1290 1643 1361 τῷ
1680 1294 1862 1362 Εὐαγ-

274 1366 443 1434 γελίῳ
466 1368 664 1420 οὑτωσὶ
709 1371 978 1437 διεξιόντι,
1026 1376 1108 1429 ὅτι
1167 1378 1391 1446 Ἰησοῦς
1410 1380 1862 1449 ὃὲπροέκοπτεν

274 1462 507 1528 ἡλικίᾳ,
545 1464 640 1516 καὶ
700 1468 904 1535 σοφίᾳ,
941 1471 1035 1522 καὶ
1067 1469 1279 1540 χάριτι.
1316 1474 1525 1545 Ὥσπερ
1560 1479 1617 1529 ἐν
1649 1478 1726 1547 τῷ
1759 1479 1863 1532 σώ-

276 1556 453 1622 ματιὴ
474 1555 592 1606 κατ’
612 1554 788 1624 ὀλίγον
800 1559 1317 1633 προσθήκη,τροφῆς
1331 1565 1439 1636 (16)
1455 1570 1712 1641 συνεργίᾳ
1726 1572 1861 1640 πρὸς

270 1643 335 1694 τὸ
356 1643 560 1696 τέλειον
582 1646 680 1715 τῆς
696 1647 909 1711 φύσεως
946 1652 1208 1721 πρόεισιν,
1225 1654 1394 1719 οὕτως
1422 1658 1515 1711 καὶ
1553 1660 1687 1732 ἐντῇ
1714 1662 1857 1733 ψυχῇ

1979 476 2141 530 miam
2166 478 2429 548 scriptum
2468 490 2573 546 est,
2618 482 2919 553 ignoraret,
2969 487 3037 542 de
3066 504 3174 559 quo
3199 490 3331 546 dicit
3371 494 3551 552 Domi-

1977 581 2103 631 nus,
2146 567 2465 640 Priusquam
2508 581 2553 626 te
2585 573 2899 642 formarem,
2946 593 3012 631 ea:
3044 591 3192 635 utero
3220 585 3552 653 sanctiﬁcavi

1976 668 2023 712 te
2042 659 2110 712 ⁷⁸.
2166 659 2284 715 Non
2344 663 2505 719 modo
2552 666 2698 720 enim
2736 682 2779 746 .a
2822 669 3124 734 nativitate,
3179 673 3275 727 sed
3315 684 3370 730 et
3422 688 3550 733 ante

1974 750 2311 806 nativitatem
2388 755 2540 809 illum
2620 759 2910 814 sanctitate
3003 762 3289 831 praeditum
3378 767 3548 824 fuisse

1974 840 2271 911 Scriptura:
2311 847 2626 902 testimonio
2652 851 3060 918 comprobatur.
3095 852 3236 918 Quin
3283 865 3337 909 et
3364 856 3547 914 infans

1973 933 2063 987 ille
2082 934 2175 1002 qui
2199 935 2252 988 in
2287 939 2478 993 matris
2509 948 2664 993 utero
2693 943 3009 1008 exsultavit,
3041 946 3132 1014 qui
3161 949 3542 1003 salutationem

1970 1024 2161 1078 matris
2183 1023 2398 1081 Domini
2442 1044 2565 1083 cum
2596 1031 2783 1085 laetitia
2815 1035 3146 1103 suscepit",
3184 1038 3298 1106 ipse
3326 1055 3546 1110 quoque

1971 1130 2001 1169 a
2032 1117 2315 1172 nativitate
2341 1129 2566 1175 sanctus
2589 1124 2821 1189 exstitit,
2851 1126 3307 1194 quemadmodum
3345 1133 3546 1200 angeli-

1968 1219 2067 1260 cus
2100 1221 2279 1261 sermo
2312 1208 2383 1271 de,
2411 1210 2530 1277 ipso
2572 1210 2813 1265 declarat
2844 1214 2931 1268 his
2979 1217 3200 1272 verbis:
3234 1219 3302 1273 Et
3338 1221 3544 1289 Spiritu

1968 1306 2154 1350 sancto
2214 1298 2502 1367 replebitur
2553 1301 2725 1354 adhuc
2782 1318 2847 1356 ex
2896 1313 3043 1357 utero
3095 1310 3282 1363 matris
3342 1329 3450 1364 sum
3472 1314 3539 1366 ⁸ο.

1970 1382 2076 1438 Sed
2126 1395 2177 1440 et
2218 1387 2351 1442 illud
2400 1389 2563 1444 dictis
2611 1390 2772 1444 modo
2821 1392 3009 1448 relatis
3053 1396 3362 1466 subjungit:
3412 1400 3541 1464 Quis

1967 1477 2202 1545 sapiens,
2252 1480 2355 1532 nisi
2388 1480 2571 1533 doctus
2596 1481 2800 1549 fuerit?
2830 1484 2898 1536 At
2928 1499 3026 1539 nos
3068 1484 3162 1540 Dei
3196 1488 3539 1556 sapientiam,

1967 1584 2087 1636 quae
2124 1568 2378 1625 Christus
2425 1581 2529 1638 est,
2576 1588 2683 1627 non
2732 1574 2800 1628 ab
2849 1574 2957 1629 alio
3002 1578 3257 1646 qquiam
3289 1578 3539 1634 edoctam

1969 1657 2160 1724 fuisse,
2207 1661 2301 1715 sed
2345 1662 2483 1718 alios
2521 1664 2751 1719 docendi
2801 1674 3068 1734 potestate
3099 1670 3380 1737 praeditam
3415 1688 3541 1727 esse

273 1735 307 1803 ὴ
344 1734 433 1786 ἐπὶ
476 1736 537 1787 τὸ
582 1736 789 1791 τέλειον
826 1740 925 1810 τῆς
972 1745 1162 1811 σοφίας
1199 1747 1425 1817 πρόοδος
1466 1749 1532 1801 δι’
1578 1753 1853 1822 ἀσκήσεως

1965 1747 2231 1810 dicimus:
2272 1766 2390 1805 eam
2439 1768 2569 1806 vero
2608 1757 2793 1811 carnis
2829 1765 3030 1811 nostrae
3063 1761 3388 1827 portionem,
3419 1778 3541 1832 quae

269 1828 384 1888 τοῖς
408 1830 648 1896 μετιοῦσι
678 1834 1043 1901 προστίθεται.
1071 1839 1184 1903 Τίς,
1224 1842 1407 1909 φησὶν,
1424 1843 1493 1895 ἑν
1508 1844 1779 1914 ἐξιουσίᾳ
1793 1850 1862 1904 τὰ

268 1916 380 1970 τοῦ
430 1918 575 1971 Θεοῦ
629 1922 1046 1992 ἐργιιζόμενος;
1108 1929 1234 1994 Πῶς
1274 1936 1707 2005 κατασμικρύνει
1746 1943 1860 2003 τοῖς

270 2008 552 2078 βρεφικοῖς
613 2012 1005 2085 ἐπιχειρήμασι
1069 2018 1167 2090 τὴν
1204 2021 1478 2093 ἄφραστον
1521 2026 1613 2079 τοῦ
1651 2029 1855 2099 Κυρίου

271 2099 668 2169 μεγαλειότητα
693 2118 706 2167 ;
742 2102 813 2155 Τὸ
846 2104 951 2175 γὰρ
980 2107 1036 2158 ἐν
1066 2107 1281 2180 ἐξουσίᾳ
1309 2112 1376 2165 τὰ
1404 2113 1497 2165 τοῦ
1529 2114 1663 2169 Θεοῦ
1688 2122 1858 2172 ποιεῖν

267 2190 365 2239 καὶ
395 2189 699 2260 ἀνθρώπων
734 2195 849 2246 ἐστὶ
890 2196 1206 2267 ἠξιωμένων
1240 2202 1350 2273 (l7)
1380 2203 1528 2269 θείας
1553 2208 1853 2279 δυνάμεως,

264 2274 380 2342 οἷος
412 2278 479 2351 ἦν
499 2284 525 2334 ό
553 2283 734 2346 Ἠλίας
749 2286 871 2339 κατ’
897 2288 1145 2353 ἐξουσίαν
1166 2293 1337 2358 ἀνιείς
1355 2314 1413 2348 τε
1435 2298 1527 2351 καὶ
1549 2274 1855 2357 ἀποκλείων

277 2375 395 2435 τοῖς
425 2373 734 2445 ἀνθρώποις
791 2379 882 2432 τὸν
933 2381 1159 2453 ὄμϐρον,
1200 2385 1310 2458 πῦρ
1343 2389 1565 2458 ἐπάγων
1594 2396 1707 2457 τοῖς
1755 2396 1855 2447 ὐπ-

265 2464 550 2529 εναντίοις,
583 2469 845 2538 γεωργῶν
901 2473 959 2524 ἐν
1006 2474 1084 2543 τῷ
1134 2479 1360 2549 κεράμῳ
1386 2481 1446 2533 τὸ
1480 2482 1728 2556 ἄλευρον,
1759 2489 1854 2541 καὶ

267 2553 455 2625 βρύειν
482 2557 652 2610 ποιῶν
677 2560 735 2611 ἐν
771 2560 850 2630 τῷ
884 2564 1151 2637 καμψάκῃ
1181 2568 1287 2639 (18)
1317 2572 1377 2625 τὸ
1399 2572 1595 2641 ἔλαιον,
1615 2553 1729 2629 Ἵκαὶ
1766 2578 1854 2633 διὰ

262 2650 727 2720 προσφυσήματος
786 2652 863 2724 τῷ
898 2656 1091 2727 ἀψύχῳ
1132 2658 1274 2732 ζωὴν
1327 2665 1707 2737 χαριζόμενος,
1756 2671 1852 2723 καὶ

260 2737 367 2790 ὅσα
390 2738 520 2792 ἄλλα
575 2743 700 2811 περὶ
732 2744 895 2797 αὑτοῦ
926 2749 954 2799 ὁ
1006 2748 1165 2818 λόγος
1223 2754 1462 2824 κατέχει.
1500 2757 1663 2812 Ὥστε
1702 2760 1851 2815 οὐδὲν

260 2833 408 2905 ὑπὲρ
432 2834 733 2906 ἄνθρωπον,
763 2840 824 2892 τὸ
852 2843 909 2893 ἐν
938 2842 1157 2915 ἐξουσίᾳ
1183 2845 1275 2898 τοῦ
1301 2847 1436 2900 Θεοῦ
1469 2852 1641 2903 ποιεῖν
1669 2869 1721 2906 τι
1744 2854 1850 2908 τῶν

260 2924 558 2995 Θαυμὰτων
587 2930 649 2982 ἐκ
698 2930 848 2995 θείας
894 2933 1177 3005 δυνάμεως
1200 2954 1213 2967 ο
1255 2938 1392 2991 ἀλλὰ
1423 2941 1483 2992 τὸ
1508 2941 1671 2995 αὑτὸν
1714 2941 1851 2999 εἶναι

1964 1838 2163 1895 divinae
2209 1842 2502 1912 Sapientia:
2550 1845 2700 1898 unita
2734 1855 2838 1907 est,
2887 1847 3166 1917 sapientia
3206 1849 3408 1905 bonbm
3445 1868 3540 1921 per

1961 1933 2433 2001 participationem
2488 1938 2801 2005 suscepisse
2831 1954 2937 1993 non
2989 1940 3323 2003 dubitamus,
3360 1941 3539 1997 Evan-

1962 2025 2086 2093 gelii
2125 2028 2448 2082 auctoritate
2478 2027 2623 2090 freti,
2661 2030 2774 2083 haec
2801 2030 2867 2085 de
2894 2030 3021 2085 Jesu
3052 2033 3349 2093 narrantis,
3378 2033 3536 2088 Jesus

1961 2124 2138 2170 autem
2183 2119 2489 2186 proﬁciebat
2540 2128 2714 2185 (etate,
2766 2130 2814 2173 et
2863 2122 3124 2188 sapientia
3170 2132 3220 2175 et
3270 2125 3531 2193 gratia“.

1960 2207 2092 2262 Nam
2132 2209 2298 2263 veluti
2339 2210 2393 2263 in
2428 2219 2619 2265 nostro
2646 2225 2872 2282 corpore
2915 2212 3171 2281 paulatim
3213 2212 3416 2268 factum
3452 2215 3536 2270 in-

1958 2311 2293 2355 crementum
2323 2302 2429 2356 cibi
2465 2310 2631 2371 Opera
2658 2303 2723 2357 ad
2759 2310 2965 2357 natura:
2995 2303 3382 2373 perfectionem
3406 2323 3534 2377 pro-

1956 2393 2121 2457 cedit,
2174 2394 2246 2446 ita
2276 2402 2330 2448 et
2372 2394 2427 2448 in
2474 2396 2657 2448 anima
2699 2395 3092 2450 exercitatione
3127 2395 3184 2449 [it
3211 2405 3269 2450 ut
3303 2400 3395 2467 qui
3444 2415 3535 2454 sa-

1953 2482 2172 2550 pientia:
2199 2484 2382 2538 studio
2415 2491 2691 2549 tenentur,
2734 2484 2799 2538 ad
2836 2485 3043 2555 apicem
3076 2487 3195 2556 ejus
3228 2487 3532 2559 fastigium-

1952 2589 2059 2643 que
2087 2575 2525 2645 progrediantur.
2565 2576 2719 2642 Quis,
2770 2577 2967 2647 inquit,
3012 2594 3079 2631 ex
3106 2588 3382 2647 potestate,
3414 2597 3532 2650 qua:

1954 2667 2051 2721 Dei
2087 2677 2208 2721 sunt
2239 2669 2527 2737 operatur?
2560 2667 2847 2735 Quomodo
2877 2671 3177 2740 puerilibus
3195 2675 3532 2744 argumentis

1953 2759 2279 2815 ineﬂ‘abilem
2329 2758 2542 2814 Domini
2597 2761 3025 2831 magnitudinem
3061 2762 3355 2835 deprimit?
3393 2764 3526 2819 Nam

1950 2867 2016 2904 ex
2059 2858 2326 2919 potestate
2357 2866 2479 2920 qua:
2515 2850 2617 2905 Dei
2666 2858 2795 2905 sunt
2832 2851 3029 2915 facere,
3075 2868 3265 2908 eorum
3311 2868 3529 2924 quoque

1950 2939 2231 2994 hominum
2279 2947 2364 2994 est
2393 2940 2485 3008 qui
2516 2940 2701 2995 divina
2727 2941 2931 2997 virtute
2980 2942 3129 3013 digni
3175 2943 3345 2998 habiti
3376 2953 3527 3010 sunt,

257 3015 364 3085 τὴν
386 3017 752 3089 ὑπερέχουσαν
787 3022 1035 3093 δύναμιν.
1072 3023 1250 3096 Ὅπερ
1286 3026 1349 3098 δὴ
1393 3029 1486 3081 καὶ
1534 3030 1666 3101 παρ’
1693 3032 1848 3101 ἡμῶν

259 3105 354 3130 --.Α
385 3108 527 3130 __._l-
555 3110 624 3130 -Δ
666 3128 682 3130 ω
820 3114 845 3125 ~
914 3116 926 3130 ι
1005 3114 1048 3130 νς
1103 3114 1127 3130 Λ
1172 3114 1184 3130 ο
1247 3117 1270 3130 ιι
1309 3117 1331 3130 -
1426 3120 1437 3130 .
1606 3120 1618 3130 ε
1691 3120 1706 3130 ι
1735 3121 1747 3130 .

1957 3032 2260 3102 cuiusmodi
2295 3039 2415 3088 erat
2445 3031 2615 3099 Elias,
2664 3034 2757 3104 qui
2797 3050 2898 3104 pro
2930 3036 3157 3091 arbitrio
3194 3035 3389 3092 cadere
3428 3037 3528 3091 ho-

258 3105 360 3159 καὶ
381 3108 529 3177 παρά
550 3110 766 3165 πάντων
778 3114 887 3167 τῶν
910 3116 966 3168 ἐν
994 3114 1222 3188 ἀληθείᾳ
1241 3117 1547 3190 δεξαμένων
1571 3120 1661 3174 τὸν
1690 3120 1845 3191 λόγον

1957 3124 2192 3179 minibus
2240 3130 2402 3194 atque
2444 3138 2663 3179 cessare
2715 3123 2843 3179 fecit
2890 3127 3153 3195 pluviam,
3200 3126 3293 3198 qui
3346 3128 3525 3198 ignem

258 3198 641 3255 πεπίστευται.
1542 3212 1545 3213 ν
1688 3244 1700 3256 -

1957 3214 2180 3270 immisit
2222 3214 2276 3268 in
2310 3214 2516 3277 hostes,
2560 3221 2615 3267 et
2656 3214 2710 3266 in
2751 3228 2882 3267 vase
2928 3214 3074 3268 ﬁctili
3122 3215 3355 3270 farinam
3387 3218 3527 3272 mira

256 3293 654 3360 agricolatione
681 3299 1085 3369 multiplicavit,
1118 3303 1213 3373 qui
1256 3313 1467 3362 scatere
1493 3306 1622 3364 fecit
1651 3311 1831 3367 oleum
1873 3312 1930 3367 in
1973 3310 2189 3382 lecytbo
2227 3319 2281 3365 et
2314 3308 2494 3363 alllatu
2566 3308 2730 3362 vitam
2797 3306 3013 3362 mortuo
3054 3308 3283 3379 largitus
3324 3319 3429 3377 est,
3470 3319 3525 3364 et

258 3396 531 3459 quotquot
570 3394 675 3447 alia
702 3393 769 3449 de
791 3396 911 3465 ipso
934 3398 988 3450 in
1016 3400 1425 3471 sacris'paginis
1456 3417 1748 3462 narrantur
1767 3410 1834 3462 ⁸³.
1875 3407 2240 3475 Quamobrem
2273 3405 2410 3460 nihil
2442 3418 2607 3473 supra
2649 3402 2944 3466 hominem,
2983 3402 3029 3457 si
3070 3403 3193 3472 quis
3261 3402 3356 3457 Dei
3428 3418 3525 3473 po-

257 3488 463 3536 testate
489 3484 771 3551 praeditus,
805 3487 1024 3557 aliquod
1053 3491 1374 3546 miraculum
1416 3510 1482 3548 ex
1512 3496 1696 3551 divina
1722 3498 1927 3555 virtute
1963 3506 2249 3569 operetur;
2299 3496 2395 3551 sed
2470 3492 2604 3549 illud
2646 3508 2772 3548 vere
2838 3507 3004 3563 supra
3090 3493 3405 3576 ltomiuem,‘
3465 3504 3525 3550 ut

258 3575 389 3643 quis
437 3576 507 3631 sit
550 3578 782 3645 ipsamet
825 3579 998 3645 prima
1047 3583 1368 3653 caeterisque
1415 3586 1538 3641 aliis
1591 3590 1844 3657 superior
1880 3596 2141 3659 potestas.
2183 3585 2343 3652 Quod
2383 3585 2604 3655 quidem
2643 3598 2768 3638 cum
2801 3597 2834 3636 a
2894 3581 3055 3638 nobis
3096 3589 3211 3638 tum
3258 3585 3329 3642 ab
3401 3586 3523 3641 aliis

256 3666 541 3731 omnibus,
570 3670 661 3738 qui
689 3670 742 3723 in
772 3670 1002 3724 veritate
1024 3673 1251 3726 verbum
1286 3673 1378 3729 Dei
1414 3677 1744 3747 suscipiunt,
1770 3678 1839 3733 de
1876 3676 2098 3733 Christo
2125 3675 2357 3730 Domino
2380 3674 2642 3729 creditur.

332 3760 442 3831 Τὴν
485 3761 541 3815 δὲ
586 3762 914 3833 ἀδιανοήτως
948 3762 1111 3816 αὐτοῦ
1151 3766 1538 3835 προστεθεῖσαν
1562 3771 1673 3833 τοῖς
1697 3771 1853 3840 είρη-

258 3851 444 3920 μένοις
469 3853 749 3924 διαίρεσιν,
773 3854 849 3916 ὡς
868 3854 929 3906 οὐ
957 3855 1162 3924 πρέπον
1190 3858 1322 3925 ἡμῖν
1346 3856 1406 3911 ὂν
1428 3858 1487 3911 τὸ
1516 3859 1658 3913 κατά
1683 3877 1851 3913 σπου-

253 3941 353 4012 δὴν
374 3940 688 4011 διελέγχειν,
726 3945 842 4006 ταῖς
891 3943 1121 4007 ἐννοίαις
1145 3944 1253 3998 τῶν
1293 3947 1668 4018 ἐπιστημόνων
1705 3966 1848 4022 παρ-

252 4034 570 4105 ήσομεν.ιΤί
602 4036 709 4104 γάρ
736 4034 983 4105 βούλεται
1027 4036 1174 4106 αὐτῷ
1202 4037 1281 4103 τὸ,
1309 4038 1557 4107 Διαιρῶν
1591 4040 1708 4109 μὲν
1731 4042 1847 4110 τὴν
1874 4056 1877 4058 ‘

252 4125 565 4194 ἐνέργειαν
603 4126 753 4181 κατὰ
786 4127 1004 4195 σάρκα,
1041 4127 1264 4192 ἐξισῶν
1293 4128 1360 4182 δὲ
1394 4131 1544 4183 κατὰ
1580 4131 1835 4202 πνεῦμα.

254 4220 437 4290 Ὅπερ
467 4220 710 4289 ἐπήγαγε
744 4221 809 4289 τῇ
833 4220 1173 4291 Εὑαγγελικῇ
1201 4225 1350 4293 φωνῇ
1375 4224 1439 4295 τῇ
1474 4223 1725 4299 λεγούσῃ,
1754 4227 1836 4280 ὃτι

2023 3764 2216 3821 XXIX.
2270 3764 2444 3819 Porro
2474 3779 2598 3818 cum
2636 3762 2927 3817 obscuram
2969 3769 3023 3817 et
3051 3762 3523 3834 incomprehensi-

1947 3859 2111 3914 bilem
2156 3873 2321 3928 quam
2352 3856 2601 3925 adjungit
2630 3854 3037 3909 distinctionem
3078 3855 3301 3911 minime
3332 3857 3519 3913 deceat

1944 3964 2048 4004 nos
2099 3948 2414 4003 accuratius
2457 3944 2766 4010 confutare,
2803 3945 2953 3998 illam
2989 3945 3274 4000 doctorum
3306 3947 3516 4017 judicio

1942 4042 2364 4097 examinandum
2407 4040 2782 4109 relinquemus
2855 4036 2995 4103 Quid
3048 4038 3194 4093 enim
3243 4041 3348 4095 sibi
3403 4043 3520 4097 vult

1944 4133 2101 4196 illud,
2158 4132 2501 4202 Distinguens
2548 4128 2757 4199 quidem
2807 4131 3165 4199 operationem
3227 4135 3517 4188 secundant

1943 4244 2194 4292 carnem;
2232 4242 2515 4296 exaequatis
2553 4240 2670 4277 vero
2704 4222 2989 4277 secundum
3032 4223 3278 4290 spiritum
3304 4227 3330 4279 ?
3362 4225 3518 4290 Quod

263 4310 325 4361 '0
344 4311 547 4378 Πατήρ
577 4326 696 4379 μου
727 4309 837 4376 ἕως
870 4310 1000 4379 ἄρτι
1048 4311 1364 4383 ἐργάζεται,
1406 4316 1569 4383 κάγὼ
1606 4315 1839 4386 ἐργάζο-

1957 4319 2152 4375 lictum
2207 4319 2357 4374 hisce
2406 4315 2684 4386 Evangelii
2741 4314 2923 4369 verbis
2979 4314 3299 4383 subjunxit,
3353 4315 3519 4372 Pater

245 4416 381 4470 μαι.
414 4399 480 4453 Εἴ
498 4417 581 4464 τις
609 4401 720 4471 ἔχει
747 4401 976 4473 δύναμιν
1006 4405 1142 4475 πρὸς
1178 4407 1276 4475 τὴν
1308 4405 1417 4458 τῶν
1442 4407 1682 4478 ἀνοήτων
1715 4426 1839 4463 συν-

250 4491 505 4561 ηγορίαν,
544 4494 881 4548 συνιστάσθω
927 4494 1005 4564 τῷ
1046 4494 1187 4565 λόγῳ
1218 4497 1309 4549 καὶ
1356 4496 1578 4566 λεγέτω,
1614 4500 1669 4554 τί
1701 4500 1838 4555 νοῶν

250 4584 453 4651 ἐπάγει
478 4587 589 4648 τοῖς
614 4585 921 4655 εἰρημένοις
954 4585 1118 4639 πάλιν
1161 4587 1222 4638 τὸ
1265 4589 1468 4657 ὅμοιον,
1506 4592 1706 4645 οὑτωσὶ
1744 4593 1839 4647 καὶ

248 4674 355 4744 τήν
392 4674 532 4739 λέξιν
556 4676 664 4746 (19)
690 4674 837 4746 ἕχον·
865 4678 1042 4745 Ὅπερ
1066 4677 1209 4745 ἔχει,
1242 4679 1396 4749 φησὶ,
1423 4679 1529 4747 τὴν
1560 4682 1630 4735 ἐν
1652 4683 1836 4737 δυνά-

243 4782 349 4835 μει
399 4764 585 4818 πάλιν
633 4766 900 4833 ἰσότητα,
956 4768 1052 4821 καὶ
1098 4768 1214 4836 τὴν
1266 4770 1418 4824 κατὰ
1471 4770 1671 4840 σάρκα
1727 4775 1838 4843 τῆς

248 4856 557 4923 ἐνεργείας
602 4855 915 4925 διαίρεσιν,
967 4861 1094 4914 καθ’
1128 4859 1228 4928 ἢν,
1267 4864 1451 4933 φησὶν,
1488 4865 1561 4917 οὐ
1610 4866 1841 4932 πάντας

248 4946 668 5014 ὲζωοποίησεν,
698 4950 860 5004 ἀλλά
904 4967 1091 5018 τινας,
1136 4953 1243 5019 οὒς
1283 4954 1606 5023 ἠθέλησεν.
1654 4957 1842 5027 Ἡμεῖς

248 5040 363 5109 γάρ
391 5040 503 5108 (20)
530 5038 627 5109 τὴν
658 5041 836 5110 ἀπλῆν
864 5059 923 5095 τε
966 5043 1059 5095 καὶ
1088 5044 1458 5100 ἀκατάσκευον
1501 5046 1843 5118 ἐξειληφότες

249 5130 352 5198 τῆς
377 5128 524 5192 θείας
553 5130 772 5201 Γραφῆς
796 5132 1050 5200 διάνοιαν,
1079 5133 1250 5198 οὕτως
1290 5138 1416 5205 περὶ
1453 5136 1561 5190 τῶν
1616 5138 1841 5209 εἰρημέ-

327 5303 371 5375 ἶ⁸
398 5302 509 5360 Jcr.
539 5319 577 5369 ι,
603 5304 655 5357 5.
732 5305 935 5365 "Luc.
974 5326 1011 5375 1,
1047 5310 1135 5365 ιι.
1213 5311 1258 5343 ιο
1300 5312 1431 5367 ibid.
1465 5312 1553 5366 45.

249 5374 299 5405 ⁸³
327 5372 488 5429 Joau.
528 5391 583 5442 v,
609 5375 698 5431 17.

326 5528 439 5599 (16)
470 5529 609 5584 Corr
660 5534 725 5614 τῇ
746 5532 844 5601 τῆς
868 5533 1091 5642 τροιὶοῆς.

328 5600 442 5642 (17)
469 5599 607 5642 Cnrr
655 5619 761 5642 eum
783 5602 959 5642 hlium
996 5621 1091 5642 \um.

328 5600 442 5672 (
469 5599 626 5672 Corr.
655 5599 761 5655 τῶν
783 5599 1121 5672 ἠξιωμένων.

328 5666 443 5741 (18)
508 5670 584 5725 Ita
641 5666 847 5738 corr.';’
882 5666 1058 5738 antea,
1100 5673 1401 5745 καμψάκει.
1440 5672 1607 5729 Sacer
1654 5681 1834 5730 tamen

1947 4427 2092 4466 meus
2144 4425 2306 4478 usque
2359 4406 2514 4461 modo
2553 4414 2822 4475 operatur,
2868 4413 2918 4458 et
2964 4420 3058 4473 ego
3105 4420 3290 4474 operor
3334 4407 3411 4463 ⁸³.
3459 4410 3516 4465 Si

1946 4501 2070 4570 quis
2110 4498 2402 4553 stultorum
2442 4495 2695 4566 cogitatis
2731 4494 3095 4566 patrocinium
3132 4497 3373 4566 praebere
3426 4514 3519 4569 po.

1946 4592 2019 4647 tis
2064 4600 2169 4654 est,
2225 4588 2357 4644 huic
2420 4588 2747 4658 astipuletur
2796 4587 3036 4642 sermoni
3096 4595 3151 4643 et
3204 4589 3350 4643 dicat
3409 4607 3517 4662 quo

1945 4698 2109 4740 sensu
2167 4682 2349 4737 allatis
2409 4680 2572 4735 modo
2619 4680 2782 4736 dictis
2825 4680 3026 4735 similia
3080 4681 3277 4736 iterum
3330 4683 3514 4743 addat.

1946 4789 2068 4843 quac
2101 4772 2169 4827 ad
2202 4772 2428 4827 verbum
2465 4771 2540 4824 ita
2570 4785 2629 4825 se
2661 4769 2885 4835 habent,
2921 4770 3027 4837 Qui
3056 4772 3286 4841 quidem,
3317 4774 3513 4844 inquit.

1937 4866 1993 4918 in
2047 4874 2307 4933 potestate
2358 4879 2543 4917 rursus
2578 4863 2937 4933 aequalitatem
2987 4865 3204 4931 obtinet,
3234 4877 3287 4919 et
3324 4866 3516 4922 diuino

1937 4958 2161 5011 stionem
2198 4956 2522 5027 operationis
2559 4953 2843 5009 secundum
2890 4972 3122 5020 carnem,
3159 4973 3283 5023 qua,
3313 4959 3513 5030 inquit,

1938 5065 2042 5103 non
2081 5065 2257 5104 omnes
2310 5049 2613 5117 vivi/icavit,
2658 5047 2748 5101 sed
2796 5049 3098 5118 nonnullos,
3142 5068 3272 5122 quos
3328 5053 3510 5107 voluit.

1939 5137 2051 5195 Nos
2072 5139 2219 5194 enim
2249 5137 2550 5209 simplicem
2574 5147 2629 5193 et
2662 5140 2883 5194 obvium
2922 5156 2988 5196 ex
3012 5140 3200 5197 divina
3230 5142 3511 5211 Scriptura

1630 5309 1671 5342 '“
1714 5311 1844 5369 Luc.

1993 5313 2079 5369 52.
2158 5316 2205 5347 ⁸²
2234 5313 2302 5369 ll!
2330 5312 2466 5386 Reg.
2502 5329 2638 5381 xvn,
2666 5314 2753 5381 11,
2780 5332 2900 5387 sqq.
2931 5334 2947 5382 ;
2981 5314 3049 5369 IV
3070 5316 3201 5383 Reg.
3226 5331 3263 5377 ι,
3294 5314 3361 5369 10
3384 5330 3508 5389 sqq.

1945 5543 2127 5609 textus
2158 5537 2343 5609 habet,
2384 5539 2626 5609 καψὰκῃ.

2017 5608 2130 5679 (l9)
2159 5606 2398 5679 iVidetur
2423 5606 2510 5662 hic
2541 5606 3011 5679 legendum,_xata
3040 5607 3138 5679 τὴν
3166 5607 3330 5674 λέξιν.

2014 5672 2125 5745 (‘20)
2155 5678 2229 5731 lla
2258 5694 2439 5745 corr.;
2471 5672 2621 5747 prius
2646 5686 2783 5744 erat,
2815 5672 2966 5747 οἶμαι
2997 5672 3124 5749 γάρ.
