4018 6124
209 309 349 367 ιιςθ

1379 302 1751 360 ADVERSUS
1789 297 2300 355 APOLLINAREM.

3325 301 3462 359 ιιειο

279 427 464 480 Ταῦτα
495 425 663 478 εἰπὼν
707 427 802 478 ὅσα
847 423 972 494 περὶ
1015 422 1110 475 τοῦ
1150 424 1349 478 κόκκου
1378 425 1510 493 φησὶ
1535 423 1628 477 τοῦ
1660 425 1790 476 ἀπο-

1963 418 2131 472 ΧΧλ.
2175 418 2344 474 Porro
2381 434 2444 474 ea
2485 435 2605 490 quat
2650 420 2717 474 de
2765 432 2936 489 grano
2986 417 3140 483 dicit,
3169 420 3315 488 quod
3347 435 3464 475 nio--

211 520 536 590 θνήσκοντος
583 518 678 570 καὶ
715 517 883 580 οὕτως
933 519 1072 588 μετὰ
1122 518 1378 570 πλειόνων
1418 516 1631 568 κόκκων
1664 515 1795 566 ἀνα-

209 611 618 672 ϐλαστάνοντος,
653 609 838 678 ἐπειδὴ
867 610 1004 679 πρὸς
1041 609 1199 680 ἡμῶν
1242 610 1355 660 ἐστι
1401 607 1493 660 καὶ¹
1528 607 1619 660 τὸν
1657 605 1795 675 ήμέ-

209 719 369 772 τερον
395 701 598 769 βεϐαιοῖ
627 700 803 768 λόγον,
841 699 981 753 ἑκὼν
1027 699 1426 770 ὑπερϐήσομαι.
1470 696 1565 758 Τίς
1613 695 1721 764 γὰρ
1768 697 1796 747 ὁ

215 797 570 866 ἀποθνήσκων
614 795 834 858 κόκκος,
883 793 978 845 καὶ
1029 792 1106 859 τῷ
1155 792 1266 861 ἰδίῳ
1309 790 1408 857 τῆς
1451 787 1796 850 ἀναστάσεως

215 892 408 958 στάχυϊ
435 888 670 957 σωρείαν
711 887 928 938 κόκκων
963 887 1020 937 ἐν
1070 883 1248 952 ἐαυτῷ
1294 881 1650 951 συνεγείρων;
1682 879 1796 932 Ούκ

214 977 366 1051 οἶμαί
397 997 518 1034 τινα
546 978 796 1032 τοσοῦτον
821 977 930 1030 τῶν
963 975 1119 1028 θείων
1149 972 1432 1043 δογμάτων
1461 969 1598 1024 εἶναι
1625 970 1799 1041 ἀμύη-

213 1089 326 1135 τον,
351 1072 424 1135 ὡς
463 1071 535 1140 μὴ
585 1071 710 1140 περὶ⁸
748 1069 839 1121 τὸν
884 1068 1169 1137 ἄνθρωπον
1211 1065 1270 1116 τὸ
1303 1063 1441 1117 κατὰ
1472 1061 1642 1124 πάθος
1675 1061 1796 1132 βλέ-

216 1181 342 1216 πειν
384 1161 496 1231 (28)
549 1161 863 1230 μυστήριον.
911 1155 1204 1221 Ἀπόδειξις
1249 1154 1303 1206 δὲ
1353 1151 1446 1205 τοῦ
1511 1150 1669 1220 λόγου
1714 1151 1795 1215 τὸ,

215 1255 310 1308 καὶ
351 1255 500 1322 ἡμᾶς
534 1249 988 1320 συναποθνήσκειν
1035 1247 1205 1318 αύτῷ,
1249 1245 1342 1298 καὶ
1376 1242 1794 1305 συνθάπτεσθαι,

215 1344 311 1397 καὶ
345 1340 768 1410 συνεγείρεσθαι.
816 1338 956 1409 Πρὸς
995 1338 1104 1406 γὰρ
1145 1337 1204 1390 τὸ
1243 1335 1501 1406 ὁμογενὲς
1534 1333 1687 1404 ῥᾳδία
1715 1333 1802 1400 γί-

217 1453 368 1488 νεται
395 1435 505 1495 τοῖς
546 1431 885 1502 βουλομένοις
913 1431 946 1499 ἡ
979 1429 1207 1498 μίμησις
1228 1445 1242 1459 ·
1276 1427 1368 1480 τοῦ
1401 1426 1458 1480 δὲ
1488 1423 1799 1496 ὑπερϐεϐη-

217 1527 374 1588 κότος
409 1527 441 1593 ή
471 1523 726 1593 ὁμοίωσις
754 1521 981 1590 ἄπορος·
1012 1519 1148 1573 ὥστε
1193 1520 1240 1571 εἰ
1287 1519 1382 1588 μὲν
1410 1516 1546 1585 σάρξ
1586 1517 1731 1568 ἐστιν
1762 1517 1796 1584 ἡ

218 1611 500 1663 {amaram
528 1609 619 1660 τὸν
649 1608 893 1669 θάνατον,
924 1606 1015 1659 καὶ
1047 1607 1194 1676 ἡμᾶς
1219 1608 1344 1668 τοὺς
1375 1607 1434 1658 ὲν
1474 1604 1638 1674 σαρκὶ
1666 1601 1800 1666 ζῶν-

218 1719 338 1764 τας,
367 1697 726 1768 εὐκολώτερον
763 1698 829 1750 ἂν
868 1698 951 1764 εἴη
997 1695 1334 1766 μιμήσασθαι
1361 1695 1438 1765 τῷ
1467 1694 1680 1764 θανάτῳ
1707 1694 1799 1746 τὸν

220 1793 467 1845 θάνατον.
499 1791 560 1843 Εἰ
599 1789 654 1842 δὲ
685 1788 874 1858 θεότης
909 1789 1156 1859 τέθνηκε,
1189 1787 1304 1849 πῶς
1335 1783 1794 1856 συντεθνηξόμεθα
1826 1773 1866 1826 Β

219 1883 269 1934 οἱ
303 1882 358 1933 ὲν
391 1879 572 1948 σαρκὶ,
599 1879 664 1947 τῇ
700 1877 948 1947 θεότητι;
980 1877 1150 1946 Σαρκὶ
1181 1876 1314 1945 σὰρξ
1342 1872 1792 1943 συναποθνήσκει,

220 1973 318 2026 καὶ
351 1971 736 2038 συνεγείρεται.
763 1967 1024 2037 Θεότητος
1044 1968 1102 2021 δὲ
1127 1966 1283 2020 τοῦτο
1302 1966 1594 2035 παθούσης,
1617 1964 1798 2027 καθὼς

232 2061 603 2131 ’Λπολινάριος
658 2059 900 2128 βούλεται
923 2097 938 2121 ,
995 2059 1159 2122 ἄλλας
1214 2059 1473 2128 θεότητας
1522 2058 1797 2125 ἐπιζητεῖν

222 2157 512 2227 προσήκει.
561 2155 617 2206 αἳ
672 2150 1114 2222 συντεθνήξονται
1175 2151 1269 2203 καὶ
1311 2150 1797 2219 συναναστήσονται

220 2250 287 2318 τῇ
327 2247 558 2315 Θεότητι’
607 2242 720 2310 {99)
751 2241 940 2312 ὥσπερ
981 2241 1087 2311 γὰρ
1126 2240 1358 2310 Χριστὸς
1412 2240 1645 2293 ἀπέθανε
1703 2241 1798 2292 καὶ

220 2341 445 2408 ἀνέστη,
501 2336 670 2397 οὕτως
715 2334 810 2387 καὶ
865 2335 1046 2401 ἡμεῖς,
1093 2331 1254 2402 φησὶν
1301 2333 1330 2383 ὁ
1365 2330 1696 2393 Ἀπόστολος.
1733 2329 1798 2382 Τί

220 2431 373 2492 ὄντες
407 2431 566 2499 ἡμεῖς
599 2427 741 2480 κατὰ
776 2426 871 2496 τὴν
905 2423 1111 2478 ἑαυτῶν
1144 2422 1336 2491 φύσιν;
1385 2422 1503 2475 θεία
1548 2421 1795 2492 δύναμις,

221 2523 256 2592 ἢ
293 2518 430 2589 αἷμα
446 2520 538 2572 καὶ
560 2517 715 2588 σὰρξ,
739 2514 919 2578 καθώς
951 2531 1114 2584 φησιν
1131 2516 1165 2584 ἡ
1187 2514 1373 2584 Γραφή
1409 2513 1552 2584 (50);
1579 2511 1671 2564 Διὸ
1711 2529 1799 2564 κε-

223 2612 550 2680 κοινώνηκεν
582 2609 731 2678 ἡμῖν,
767 2605 923 2677 ήμῶν
953 2605 1158 2669 ἕνεκεν,
1192 2604 1390 2675 σαρκὸς
1423 2604 1517 2658 καὶ
1549 2601 1795 2672 αἵματος,

223 2709 252 2760 ὁ
277 2705 344 2756 δι’
375 2704 517 2772 ἡμᾶς
546 2698 665 2752 καθ’
695 2698 844 2766 ἡμᾶς
881 2695 1188 2765 γενόμενος.
1218 2693 1426 2746 Οὐκοῦν
1469 2693 1607 2761 ὅπερ
1639 2693 1799 2762 ἡμεῖς

225 2802 396 2867 ὲσμεν
431 2793 550 2847 κατ’
578 2789 779 2851 οὐσίαν,
815 2789 907 2840 καὶ
944 2787 974 2838 ὁ
1021 2785 1158 2856 ὑπὲρ
1196 2784 1351 2855 ἡμῶν
1399 2783 1683 2838 ἀποθανὼν
1710 2778 1797 2851 ἦν,

224 2884 292 2945 οὗ
334 2888 615 2958 πρόκειται
647 2885 756 2944 τοῖς
799 2878 1177 2950 ὁμογενέσινή
1219 2877 1466 2946 μίμησις.
1511 2875 1801 2938 Ἀπόδειξις

222 2981 282 3034 δὲ
312 2979 413 3048 τῆς
442 2975 690 3036 ἀσεϐείας
714 2970 808 3025 τοῦ
851 2969 1008 3038 λόγου
1040 2967 1131 3021 τοῦ
1165 2966 1360 3038 θνητὴν
1395 2963 1803 3027 ἀποδεικνύντος

1893 509 2084 565 riendo
2122 511 2193 564 ita
2247 510 2464 564 demum
2499 526 2623 564 cum
2667 513 2752 566 sui
2786 509 3239 578 multiplicatione
3284 511 3464 579 repul-

1895 601 2028 655 lulat
2059 602 2126 664 5',
2155 601 2596 672 quandoquidem
2624 618 2725 672 pro
2763 602 2921 656 nobis
2958 602 3163 655 faciunt
3194 612 3466 656 nostram-

1893 708 1999 763 que
2062 692 2280 747 firmant
2332 695 2682 757 sententiam,
2733 694 2931 749 lubens
2985 700 3268 762 praetereo.
3324 693 3460 759 Quid

1893 787 2038 840 enim
2077 793 2163 840 est
2223 786 2468 841 moriens
2521 799 2776 855 granum,
2832 793 2887 839 et
2927 798 3025 839 sua
3077 798 3183 854 qua
3225 785 3465 854 resurgit

1896 878 2047 947 Spica
2100 892 2354 933 acervum
2407 891 2702 945 granorum
2743 877 2798 929 in
2846 875 3030 944 seipso
3094 875 3256 930 simul
3290 876 3464 930 susci-

1895 969 2052 1021 tans?
2079 967 2196 1022 Non
2236 968 2474 1022 arbitror
2503 969 2810 1037 quempiam
2853 972 3025 1036 usque
3051 968 3183 1038 adeo
3217 967 3464 1037 ignarum

1896 1058 2206 1113 divinorum
2249 1059 2564 1129 dogmaturu
2606 1073 2750 1122 esse,
2786 1067 2845 1113 ut
2887 1060 2940 1112 in
2973 1059 3311 1113 humanitate
3341 1074 3467 1128 pas-

1897 1152 2070 1208 sionis
2115 1152 2434 1222 mysterium
2481 1151 2837 1221 adimpletum
2880 1152 3052 1206 fuisse
3101 1165 3208 1204 non
3260 1151 3462 1206 videat.

1896 1242 2071 1313 Hujus
2121 1251 2299 1297 autem
2347 1244 2669 1298 assertionis
2712 1244 2912 1298 veritas
2961 1244 3087 1298 inde
3139 1243 3463 1307 ostenditur,

1898 1336 2040 1407 quod
2066 1351 2165 1390 nos
2189 1335 2616 1388 commoriamur
2635 1349 2757 1388 cum
2784 1335 2926 1403 ipso,
2963 1341 3014 1388 et
3032 1335 3467 1402 consepeliamur

1897 1437 1952 1483 et
1988 1428 2148 1483 simul
2179 1441 2545 1496 resurgamus.
2565 1424 2699 1478 Nam
2730 1440 2793 1479 ea
2824 1441 2944 1495 qua:
2977 1425 3221 1494 ejusdem
3254 1424 3468 1493 generis

1899 1527 2048 1583 sunt,
2100 1518 2258 1573 facile
2299 1529 2382 1573 est
2420 1519 2728 1574 volentibus
2765 1519 3000 1582 imitari;
3049 1518 3119 1572 iis
3166 1531 3298 1571 vero
3348 1531 3469 1586 qua!

1901 1611 2062 1681 longe
2093 1616 2531 1680 superemineat,
2570 1611 2660 1663 vix
2692 1625 2755 1663 ac
2786 1625 2853 1664 ne
2883 1610 2968 1662 vix
3000 1609 3216 1678 quidem
3247 1623 3310 1662 ea
3348 1609 3470 1678 quiti

1901 1701 2174 1756 inferioris
2223 1709 2353 1756 sunt
2394 1710 2599 1755 naturae
2642 1700 2932 1754 assimilari
2966 1707 3212 1768 possunt.
3261 1696 3467 1763 Quam—

1899 1791 2083 1846 obrem
2129 1792 2175 1847 si
2221 1805 2350 1845 caro
2411 1798 2494 1846 est
2547 1805 2666 1858 qua:
2704 1799 2931 1844 mortem
2975 1788 3256 1852 sustinuit,
3308 1788 3467 1842 nobis

1897 1883 2061 1937 etiam
2109 1883 2202 1952 qui
2246 1882 2301 1936 in
2347 1897 2514 1937 carne
2555 1883 2811 1944 vivimus,
2868 1880 3082 1936 facilius
3128 1880 3318 1950 utique
3362 1880 3467 1933 erit

1898 1981 2072 2028 morte
2123 1983 2349 2029 mortem
2387 1975 2612 2029 imitari.
2653 1972 2748 2028 Sin
2786 1988 2916 2028 vero
2960 1973 3221 2028 divinitas
3255 1979 3466 2026 mortua

1897 2075 2002 2126 cst,
2059 2067 2333 2136 quomodo
2369 2067 2799 2122 commoriemur
2830 2067 3104 2121 divinitati
3149 2070 3242 2136 qui
3283 2065 3468 2120 carnci

1899 2155 2129 2210 sumus?
2158 2156 2300 2210 Caro
2338 2170 2442 2210 una
2488 2171 2608 2210 cum
2645 2171 2808 2211 carne
2837 2157 3086 2222 moritur,
3117 2164 3171 2210 ct
3205 2171 3308 2208 una
3343 2171 3466 2208 cum

1899 2260 2064 2301 carne
2116 2249 2374 2318 resurgit.
2409 2248 2464 2301 Si
2516 2257 2694 2302 autem
2724 2247 3005 2313 divinitas,
3048 2254 3105 2300 ut
3138 2248 3470 2317 Apollinaris

1897 2337 2032 2400 vult,
2060 2337 2113 2390 id
2144 2353 2304 2408 passa
2332 2338 2422 2403 sit,
2448 2339 2581 2394 alias
2611 2339 3214 2407 divinitatesinquircre
3235 2347 3469 2406 oportet,

1899 2443 2021 2496 qua:
2076 2444 2184 2483 una
2235 2445 2360 2484 cum
2405 2430 2690 2483 divinitate
2719 2431 3029 2483 moriantur
3057 2438 3113 2482 et
3149 2438 3468 2498 resurgant:

1901 2533 2025 2571 nam
2069 2521 2213 2574 sicut
2235 2519 2490 2575 Christus
2532 2529 2782 2574 mortuus
2819 2529 2896 2575 est
2935 2529 2990 2574 et
3034 2521 3354 2580 resurrexit,
3389 2519 3471 2576 sic

1901 2615 1954 2661 et
2001 2623 2124 2673 nos,
2170 2610 2350 2678 inquit
2391 2611 2687 2680 Apostolus
2735 2611 2800 2665 ³⁸.
2846 2609 2988 2676 Quid
3028 2625 3131 2664 nos
3166 2610 3470 2664 secundum

1901 2705 2153 2752 naturam
2210 2708 2454 2754 nostram
2505 2701 2739 2756 sumus?
2789 2701 3053 2755 Divinane
3092 2701 3356 2770 potentia,
3403 2716 3472 2754 an

1903 2789 2126 2859 sanguis
2156 2798 2211 2844 et
2238 2805 2387 2855 caro,
2438 2800 2495 2845 ut
2539 2789 2822 2862 Scriptura
2875 2791 3047 2846 dicit?
3107 2791 3472 2856 Quamobrem

1902 2882 2324 2936 communicavit
2345 2881 2525 2947 nobis,
2556 2882 2727 2937 nostri
2756 2897 2946 2947 causa,
2974 2897 3140 2937 carne
3169 2889 3221 2936 ct
3254 2883 3478 2950 sangui-

1906 2985 1999 3031 ne,
2053 2971 2145 3039 qui
2171 2980 2390 3041 propter
2417 2988 2518 3028 nos
2564 2975 2758 3030 similis
2789 2974 2949 3031 nobis
2979 2975 3156 3030 factus
3189 2984 3291 3029 est.
3321 2973 3476 3039 Quod

221 3072 325 3142 τὴν
358 3069 604 3138 θεότητα,
635 3064 765 3117 αὐτὸ
802 3063 862 3116 τὸ
917 3064 975 3115 ἐν
1003 3063 1134 3131 ἡμῖν
1163 3061 1344 3122 αὐτοῖς
1371 3057 1670 3127 γινόμενον.
1715 3058 1802 3110 Ἐν

1906 3077 2034 3132 ergo
2064 3078 2165 3118 nos
2195 3079 2386 3119 sumus
2409 3065 2716 3120 secundum
2740 3066 3059 3131 essentiam,
3084 3068 3136 3122 id
3167 3069 3330 3124 etiam
3361 3076 3480 3123 erat.

223 3162 338 3232 γὰρ
361 3159 438 3230 τῷ
461 3155 622 3225 κοινῷ
651 3155 758 3208 τῶν
790 3152 1092 3222 ἀνθρώπων
1123 3149 1335 3219 θανάτῳ
1382 3150 1437 3202 τί
1477 3149 1539 3202 τὸ
1571 3147 1807 3218 ἀποθνῆ-

227 3251 360 3304 σκόν
387 3251 522 3312 ἐστι,
558 3247 648 3300 καὶ
679 3245 1069 3316 φθειρόμενον;
1098 3243 1232 3312 Οὐχὶ
1275 3241 1411 3312 σὰρξ
1459 3241 1555 3312 μὲν
1596 3243 1675 3304 εἰς
1707 3240 1806 3312 τὴν

226 3343 338 3412 γῆν
363 3339 670 3402 ἀναλύεται,
700 3338 729 3390 ὁ
760 3337 816 3390 δὲ
847 3336 969 3397 νοῦς
1001 3337 1066 3405 τῇ
1097 3333 1239 3403 ψυχῇ
1268 3331 1591 3402 παραμένει,
1620 3330 1729 3384 οὐδ’
1749 3333 1806 3384 ὲν

226 3437 298 3505 τῇ
341 3427 790 3503 μεταστάσειτοῦ
837 3427 1084 3492 σώματος
1137 3426 1272 3495 πρὸς
1299 3425 1359 3476 τὸ
1405 3419 1540 3477 εἶναι
1573 3421 1799 3492 βλαπτόι

232 3541 394 3595 μενος
420 3539 435 3587 ;
466 3521 773 3590 Τεκμήριον
803 3517 860 3570 δὲ
909 3517 990 3570 ὅτι
1033 3514 1301 3585 μέμνηται
1343 3512 1451 3565 τῶν
1479 3513 1616 3583 ὑπὲρ
1646 3513 1746 3582 γῆς
1781 3513 1810 3564 ὁ

229 3611 504 3683 πλούσιος,
558 3609 653 3662 καὶ
700 3607 867 3660 δεῖται
913 3603 1006 3656 τοῦ
1046 3601 1295 3671 Ἀϐραὰμ
1345 3602 1472 3671 περὶ
1514 3600 1622 3653 τῶν
1669 3601 1810 3654 κατὰ

229 3704 388 3774 γένος
418 3701 528 3770 (51)
563 3697 919 3768 συνημμένων
956 3693 1123 3764 αὐτῷ.
1168 3694 1335 3746 Τοῦτο
1373 3692 1429 3746 δὲ
1481 3693 1580 3746 οὐκ
1623 3694 1688 3747 ἀν
1727 3710 1811 3756 τις

230 3795 416 3858 ἀνοίας
465 3795 627 3852 εἴποι,
676 3790 756 3854 τὸ,
813 3787 1000 3857 ἐπειδὴ
1045 3787 1105 3838 τὸ
1166 3785 1287 3838 καθ’
1341 3785 1529 3838 ἑαυτὸν
1573 3785 1812 3852 ἄφυκτον

233 3889 413 3957 ἔγνω,
456 3884 711 3955 πρόνοιάν
760 3898 881 3933 τινα
930 3878 1037 3931 τῶν
1094 3876 1413 3946 ἐπιτηδείων
1463 3875 1808 3947 ποιήσασθαι.

234 3980 298 4032 El
325 3976 503 4030 τοίνυν
536 3975 565 4026 ὁ
590 3971 856 4043 ἡμέτερος
883 3968 1004 4032 νοῦς
1028 3967 1268 4038 διαμένει
1299 3968 1393 4020 καὶ
1421 3967 1556 4036 μετά
1587 3967 1811 4020 θάνατον

235 4067 454 4136 ἀπαθής
501 4082 562 4117 τε
611 4063 704 4117 καὶ
738 4060 1104 4123 ἀναλλοίωτος,
1142 4059 1259 4122 πῶς
1302 4059 1446 4122 εἰκὸς
1489 4059 1579 4112 τὸν
1623 4075 1812 4130 τριτη-

239 4160 426 4229 μόριον
474 4157 675 4210 ἐκεῖνον
711 4152 805 4206 τοῦ
850 4151 1220 4220 Ἀπολιναρίου
1262 4150 1393 4204 Θεὸν
1437 4151 1526 4203 τὸν
1561 4149 1812 4220 σαρκώδη

236 4251 466 4303 θάνατον
513 4247 796 4316 ὑπομεῖναι
839 4243 988 4314 (52);
1034 4241 1156 4306 Πῶς
1211 4241 1548 4296 ἀποθανόντα
1588 4239 1724 4310 {(35)
1777 4242 1810 4311 ἢ

234 4340 360 4393 τίνα
401 4337 601 4406 τρόπον
647 4331 934 4404 παθόντα],
977 4331 1075 4402 τὴν
1122 4332 1212 4386 τοῦ
1263 4330 1494 4385 θανάτου
1537 4330 1810 4394 διάλυσιν;

1911 3155 1957 3208 is
1987 3155 2079 3225 qui
2121 3170 2217 3224 pro
2256 3156 2416 3212 nobis
2451 3165 2702 3212 mortuus
2730 3165 2832 3222 est,
2861 3158 3020 3226 cujus
3051 3160 3282 3214 imitatio
3321 3161 3478 3215 nobis

1909 3245 2001 3314 qui
2055 3245 2300 3314 ejusdem
2346 3260 2410 3300 ac
2465 3247 2583 3316 ipse
2627 3248 2840 3316 generis
2875 3262 3087 3310 sumus,
3136 3252 3474 3319 proponitur,

1910 3334 2080 3390 Porro
2123 3335 2460 3406 impietatem
2516 3336 2796 3405 opinionis
2850 3351 2971 3406 quae
3025 3339 3307 3393 mortalem
3359 3355 3482 3395 esse

1911 3426 2254 3482 divinitatem
2286 3427 2502 3495 asserit,
2532 3426 2587 3481 id
2613 3427 2758 3497 quod
2786 3428 2944 3483 nobis
2977 3429 3108 3498 ipsis
3139 3445 3240 3484 usu
3277 3432 3480 3493 evenit,

1912 3521 2060 3575 clare
2112 3520 2471 3575 demonstrat.
2522 3517 2663 3585 Quid
2711 3519 2857 3574 enim
2913 3527 2996 3574 est
3045 3520 3176 3573 illud
3230 3523 3373 3589 quod
3413 3522 3482 3575 in

1914 3612 2195 3665 communi
2245 3611 2528 3665 hominum
2579 3619 2752 3664 morte
2798 3609 2998 3664 occidit
3037 3619 3201 3680 atque
3239 3625 3479 3664 corrum-

1915 3704 2104 3774 pitur?
2155 3703 2348 3758 Nonne
2409 3718 2540 3757 caro
2574 3705 2792 3773 quidem
2841 3707 2894 3758 in
2924 3714 3123 3759 terram
3155 3706 3481 3771 resolvitur;

1916 3809 2070 3848 mens
2109 3800 2289 3847 autem
2323 3808 2448 3847 cum
2483 3793 2665 3847 anima
2710 3801 3011 3862 permanet,
3048 3809 3227 3862 neque
3269 3794 3324 3847 in
3355 3810 3484 3848 cor-

1914 3884 2065 3952 poris
2097 3881 2482 3946 dissolutione,
2513 3888 2774 3951 quantum
2800 3882 2864 3935 ad
2897 3883 3192 3937 cssentiam
3228 3885 3482 3951 pertinet,

1917 3973 2177 4034 laeditur?
2218 3971 2358 4027 Huic
2397 3981 2576 4028 autem
2627 3973 2706 4027 rei
2750 3982 3069 4042 argumento
3109 3984 3191 4028 est
3221 3974 3365 4043 quod
3392 3989 3486 4028 eo-

1915 4080 2034 4119 rum
2065 4065 2160 4136 qui
2188 4065 2366 4119 adhuc
2397 4065 2452 4119 in
2484 4066 2644 4120 terris
2672 4065 2962 4120 exstabant
2991 4065 3144 4120 dives
3173 4066 3262 4120 ille
3298 4066 3486 4119 memi-

1915 4157 2016 4218 nit,
2047 4165 2416 4226 precaturque
2447 4156 2718 4210 Abraham
2763 4171 2863 4225 pro
2893 4156 2979 4210 his
3009 4156 3102 4224 qui
3151 4155 3253 4209 sibi
3287 4170 3486 4224 genere

1917 4248 2195 4316 conjuncti
2235 4255 2414 4302 erant.
2457 4245 2708 4301 Profecto
2748 4247 2999 4301 amentia:
3029 4260 3188 4300 nemo
3217 4245 3486 4313 ascripse-

1918 4339 1990 4390 rit
2035 4338 2181 4406 quod
2234 4338 2475 4407 aliquam
2505 4337 2938 4407 propinquorum
2968 4344 3022 4390 et
3045 4335 3486 4390 necessariorum

238 4429 428 4483 Ούδεν)⁵
454 4427 563 4497 γὰρ
597 4425 707 4480 τῶν
752 4425 969 4479 πάντων
1012 4422 1073 4474 τὺ
1115 4421 1351 4475 τοιοῦτον
1399 4421 1691 4489 ἄγνωστον,
1733 4421 1804 4474 ὅτι

1919 4442 2108 4482 curam
2150 4437 2320 4498 gerat,
2367 4437 2652 4497 postquam
2682 4427 2750 4482 de
2780 4427 2946 4482 rebus
2991 4427 3108 4482 suis
3156 4433 3336 4479 actum
3365 4439 3488 4480 esse

239 4520 466 4582 θάνατός
516 4520 632 4571 ἐστι
685 4517 860 4587 ψυχῆς
918 4514 1011 4568 καὶ
1049 4513 1298 4583 σώματος
1341 4516 1374 4583 ἡ
1431 4515 1526 4567 ἀπ’
1572 4513 1814 4584 ἀλλήλων

237 4610 530 4676 διάζευξις,
556 4609 694 4678 αὐτὴ
730 4608 785 4661 δὲ
827 4610 861 4677 ἡ
895 4606 1063 4677 ψυχὴ,
1095 4606 1188 4659 καὶ
1233 4606 1266 4674 ἡ
1307 4606 1515 4659 διάνοια
1560 4607 1676 4670 πῶς
1721 4607 1812 4677 ἀφ’

237 4701 440 4771 ὲαυτῆς
472 4699 773 4770 μερίζεται,
809 4699 894 4750 ἵνα
926 4698 1019 4750 καὶ
1051 4694 1187 4765 αὑτὴ
1213 4694 1324 4763 (54)
1357 4695 1447 4748 τὸν
1479 4695 1703 4748 θάνατον
1731 4697 1816 4749 δέ·

240 4792 439 4863 ξηταις
480 4791 543 4843 Εἰ
567 4785 661 4844 οὖν
693 4788 1039 4851 ἀνεπίδεκτος
1074 4788 1106 4856 ὴ
1136 4785 1376 4857 ἡμετέρα
1417 4785 1563 4856 ψυχὴ
1600 4786 1692 4840 τοῦ
1723 4787 1818 4840 θα-

239 4883 426 4944 νάτου,
448 4880 564 4943 πῶς
588 4880 800 4950 δέχεται
823 4878 1071 4941 θάνατον,
1104 4875 1413 4930 εἰπάτωσαν
1439 4877 1486 4928 οἱ
1516 4878 1595 4940 εἰς
1627 4879 1818 4947 μοῖραν

236 4976 330 5028 τὸν
352 4974 583 5044 Χριστὸν
606 4959 1046 5043 κερματίζοντες.

1920 4518 2195 4590 cognovit.
2243 4517 2298 4572 Si
2348 4519 2510 4589 igitur
2551 4533 2707 4574 mens
2756 4525 2938 4574 nostra
2996 4518 3135 4572 citra
3192 4515 3485 4571 detrimen-

1925 4623 2042 4666 tum
2066 4611 2256 4674 ullum,
2289 4619 2384 4664 aut
2429 4611 2810 4676 mutationem,
2843 4617 2966 4680 post
3009 4617 3238 4663 mortem
3271 4622 3490 4676 quoque

1922 4708 2220 4772 permanet,
2271 4702 2545 4770 quomodo
2571 4710 2996 4757 consentaneum
3040 4707 3124 4754 est
3155 4697 3487 4767 tripartitum

1921 4792 2076 4846 illum
2110 4791 2440 4862 Apollinaris
2471 4790 2640 4846 Deum
2675 4791 2858 4846 carnis
2893 4797 3118 4844 mortem
3159 4785 3488 4858 oppetiisse?

1920 4883 2170 4949 Quonam
2211 4892 2373 4955 pacto
2417 4891 2669 4939 mortuus
2711 4891 2816 4946 est,
2869 4883 2954 4938 vel
2994 4896 3058 4936 ex
3095 4887 3272 4934 morte
3303 4879 3484 4934 disso-

1924 4973 2183 5028 lutionem
2216 4983 2303 5030 est
2327 4976 2562 5045 passus?
2592 4972 2872 5030 Neminem
2899 4973 3042 5028 enim
3078 4987 3305 5042 prorsus
3331 4971 3484 5030 latet,

241 5075 471 5121 mortem
527 5079 652 5119 esse
703 5071 944 5116 mutuam
989 5061 1184 5115 anima:
1241 5069 1295 5116 et
1362 5061 1610 5130 corporis
1677 5062 2110 5130 separationetn;
2160 5066 2278 5135 ipsa
2333 5074 2515 5122 autem
2563 5067 2745 5121 anima
2790 5072 2845 5122 et
2890 5081 3066 5130 mens,
3130 5063 3404 5138 quomodo
3455 5078 3485 5116 a

311 5225 355 5255 ⁸⁷
385 5221 544 5277 Joan.
570 5219 777 5286 xu,24.
855 5217 900 5248 ⁸⁸
936 5215 1104 5272 lCor.
1147 5231 1242 5282 xv;
1289 5214 1308 5268 l
1342 5213 1534 5269 Thess.
1573 5229 1646 5278 tv,
1675 5214 1757 5268 M.

315 5377 601 5448 (28)Corr.
626 5378 688 5430 τὸ
727 5375 946 5448 κατὰτὸ
977 5375 1147 5438 πάθος
1195 5371 1431 5442 βλέπειν,
1475 5377 1634 5424 antea
1677 5375 1816 5430 erat,

240 5451 303 5506 τὸ
335 5447 487 5518 κατά
527 5448 696 5511 πάθος
726 5447 931 5514 βλέπει.
1208 5511 1222 5518 _
1267 5510 1289 5518 Δ
1472 5509 1487 5518 _
1554 5507 1564 5518 ,
1779 5507 1788 5515 ,

315 5515 516 5590 (29)E_t
547 5509 695 5590 hunc
726 5509 926 5570 locum
960 5511 1225 5590 usquead
1260 5510 1424 5590 tinem
1472 5509 1640 5588 hujus
1671 5509 1823 5590 carpi:

241 5575 338 5654 tis:
385 5575 712 5654 quibusdam
762 5595 946 5641 tamen
991 5575 1239 5646 resectis,
1291 5575 1613 5648 Euthymius
1661 5575 1828 5630 refert

245 5656 524 5731 pagi-759.9,
558 5658 610 5710 in
634 5658 759 5731 line.
1288 5721 1302 5731 ι
1348 5720 1380 5731 Δ,

321 5715 434 5792 βυ)
471 5715 656 5782 secuti
697 5740 889 5783 sumus
921 5738 1065 5780 corr.
1111 5720 1570 5787 emendationem,
1619 5715 1818 5787 Euthy-

1928 5369 2039 5422 mio
2063 5382 2279 5437 quoque
2312 5369 2628 5437 probatam;
2661 5385 2785 5424 nam
2816 5372 2871 5423 in
2899 5376 3049 5424 textu
3079 5375 3163 5422 est
3181 5366 3480 5436 ἐπιγραφή.

1999 5438 2112 5506 (51)
2138 5438 2294 5494 Corr.
2325 5439 2465 5492 κατὰ
2489 5440 2549 5491 τὸ
2579 5440 2754 5506 γένος.

1999 5507 2114 5575 (52)
2148 5506 2306 5575 Qorr.
2341 5507 2761 5575 dearov‘at’nbv
2793 5507 3098 5573 ὑπομεῖναι.

2001 5572 2111 5646 (55)
2147 5574 2540 5646 Yerbauncinis
2575 5573 2780 5646 inclusa
2811 5587 2951 5626 corr.
2977 5572 3259 5641 supplevit.

2001 5646 2110 5716 (54)
2140 5645 2296 5700 Corr.
2329 5645 2422 5699 και
2455 5645 2510 5695 ὲν
2541 5645 2695 5712 αὐτῇ.
