4018 6124
572 277 705 335 “9|

1818 267 1876 322 S.
1918 265 2243 323 GREGORII
2265 266 2555 323 NYSSENI

3686 260 3829 315 “99.

568 390 859 458 semetipsa
909 384 1263 456 disjungitur,
1321 390 1380 437 ut
1425 390 1479 437 et
1530 382 1646 452 ipsa
1698 389 1929 436 mortem
1996 381 2302 449 suscipiat?
2376 380 2434 435 Si
2489 381 2654 451 igitur
2726 381 2905 435 anima
2970 387 3159 435 nostra
3212 377 3405 432 mortis
3455 390 3635 446 capax
3724 390 3827 429 nos

569 494 671 546 est,
722 478 996 550 quomodo
1043 484 1278 531 mortem
1327 474 1573 544 recipere
1622 474 1817 544 possit,
1873 472 2061 527 dicant
2096 470 2175 524 illi
2214 471 2306 539 qui
2361 470 2638 526 Christum
2678 471 2733 525 in
2770 472 2953 541 plures
3008 470 3286 525 dissecant
3342 474 3552 537 partes.

639 570 830 627 XXXI.
865 570 966 623 Sed
1008 568 1312 631 turbantur,
1346 567 1544 636 inquit,
1602 564 1895 635 inﬁdelium
1929 573 2130 632 pertur-

2310 562 2422 630 (35;
2470 564 2644 617 Ἀλλὰ
2690 562 3112 630 ταράσσονται,
3164 560 3313 629 mai,
3362 558 3479 625 τὴν
3537 554 3662 609 τῶν
3703 555 3838 609 ἀπῖ-

566 663 796 718 batione.
835 661 1111 714 Adversus
1141 674 1241 714 nos
1272 655 1620 711 contumeliis
1666 656 1859 717 utitur,
1887 654 2135 708 turbatos

565 754 811 810 inﬁdeles
847 769 950 807 nos
979 766 1182 806 vocans
1211 751 1303 819 qui
1341 750 1648 819 evangelica
1679 748 1770 801 illa
1806 746 1966 800 verba
1997 746 2134 800 citra

565 860 795 901 examen
842 843 1166 912 accipimus,
1203 840 1262 895 Si
1288 840 1536 909 possibile
1564 848 1661 904 est,
1714 845 1949 891 transeat
1995 853 2027 889 a
2056 852 2135 889 me

565 938 709 992 calix
738 939 835 990 iste
864 953 881 999 ;
910 944 1268 989 verumtamen
1304 951 1407 985 non
1430 949 1568 997 mea,
1605 931 1694 984 sed
1755 940 1844 983 tua
1894 929 2133 983 voluntas

565 1031 662 1095 [iat
696 1027 761 1077 '9.
798 1024 892 1079 His
922 1036 1102 1078 autem
1145 1038 1243 1078 sua
1268 1022 1489 1091 propria
1524 1021 1771 1090 adjungit
1803 1020 1983 1082 verba,
2013 1035 2134 1088 qua:

564 1120 635 1171 ita
674 1132 731 1170 se
762 1116 963 1170 habent
993 1133 1004 1167 :
1045 1114 1109 1167 Et
1142 1130 1241 1167 non
1274 1113 1638 1178 recordamur,
1689 1113 1784 1171 ait,
1815 1112 2133 1165 voluntatem

565 1211 698 1262 hanc
725 1225 845 1270 non,
876 1208 1009 1260 sicut
1034 1207 1135 1272 ipsi
1162 1214 1371 1272 putant,
1396 1205 1585 1259 terreni
1608 1204 1833 1256 hominis
1863 1203 2132 1271 propriam

563 1302 761 1353 dictam
785 1300 972 1368 fuisse,
1012 1296 1101 1351 sed
1136 1298 1251 1361 Dei,
1279 1298 1368 1366 qui
1394 1297 1457 1351 de
1482 1294 1609 1349 caelo
1639 1294 1925 1348 descendit.
1970 1294 2132 1359 Quis-

560 1408 686 1448 nam
718 1393 820 1445 tale
849 1397 1217 1444 commentum
1252 1404 1487 1458 unquam
1514 1386 1908 1458 protulit?Non
1938 1386 2131 1441 horum

563 1485 798 1553 aliquem
826 1483 951 1536 dico
992 1481 1084 1549 qui
1146 1481 1215 1534 ob
1246 1480 1493 1535 haeresim
1529 1478 1768 1532 damnati
1812 1478 1983 1540 fuere,
2036 1478 2133 1533 sed

563 1592 664 1631 nec
693 1577 868 1645 ipsum
905 1571 1162 1626 falsitatis
1187 1580 1348 1642 atque
1394 1570 1661 1625 mendacii
1694 1577 1903 1638 patrem
1926 1570 2132 1639 aliquid

562 1667 877 1721 atlinvenire
924 1679 1086 1734 posse
1132 1664 1391 1725 arbitror,
1450 1660 1595 1730 quod
1657 1661 1981 1715 atrociorem
2023 1660 2130 1725 his,

560 1777 679 1831 quae
708 1757 1042 1828 Apollinaris
1075 1756 1297 1825 protulit
1337 1753 1729 1823 blasphemiam
1760 1768 1868 1823 prae
1892 1768 1949 1807 se
1972 1751 2127 1806 ferat.

2234 668 2396 706 στων
2424 653 2713 721 ταραχήν.
2750 653 2886 706 Καθ’
2910 651 3064 723 ἡμῶν
3103 652 3300 721 χρῆται
3328 652 3395 720 τῇ
3434 648 3708 718 λοιδορία,
3737 664 3829 699 τα-

2238 744 2601 814 ρασσομένους
2646 748 2740 799 καὶ
2780 745 3041 806 ἀπίστους
3083 740 3370 794 ἀποκαλῶν
3403 740 3535 803 τοὺς
3567 742 3639 811 τῇ
3668 740 3830 805 εὐαγ-

2232 838 2421 909 γελικῇ
2452 841 2602 909 φωνῇ
2652 837 3019 902 ἀνεξετάστως
3050 837 3439 907 προσέχοντας,
3465 834 3504 904 ἦ
3536 849 3735 901 φησιν.
3771 836 3833 889 Ei
3874 896 3877 897 ν

2232 929 2511 992 δυνατὸν,
2540 931 2880 997 παρελθέτω
2910 930 2973 982 τὸ
3000 930 3286 995 ποτήριον
3309 926 3486 981 τοῦτο
3514 925 3620 977 ἀπ’
3649 924 3822 991 ἐμοῦο

2232 1022 2400 1089 πλὴν
2441 1021 2527 1091 μὴ
2576 1021 2639 1074 τὸ
2691 1021 2863 1089 ἐμὸν,
2920 1020 3079 1074 ἀλλὰ
3132 1020 3198 1072 τὸ
3252 1017 3371 1071 σὸν
3412 1015 3692 1085 γενέσθω
3744 1016 3827 1069 θέ-

2230 1118 2410 1183 λημα.
2443 1114 2663 1176 Τούτοις
2694 1113 2751 1165 δὲ
2780 1110 3099 1182 προστίθησι
3122 1111 3221 1180 τὴν
3252 1110 3388 1162 ίδίαν
3419 1107 3568 1173 λέξιν
3599 1106 3829 1175 ἔχουσαν

2231 1205 2405 1269 οὕτως
2421 1223 2434 1236 ο
2456 1206 2563 1259 Καὶ
2586 1207 2656 1259 οὐ
2673 1204 3142 1274 μνημονεύουσι,
3176 1201 3363 1269 φησιν,
3386 1199 3477 1253 ὅτι
3506 1198 3575 1251 τὸ
3600 1201 3827 1265 θέλημα

2231 1298 2406 1351 τοῦτο
2444 1297 2597 1350 ἴδιον
2636 1297 2865 1364 εἴρηται
2910 1296 3021 1348 οὐκ
3066 1294 3377 1359 ἀνθρώπου
3420 1291 3535 1344 τοῦ
3575 1291 3650 1343 ὲκ
3702 1289 3825 1359 γῆς,

2232 1389 2425 1455 καθὼς
2480 1389 2647 1443 αὐτοὶ
2702 1386 3062 1456 νομίζουσιν,
3116 1385 3277 1440 ἀλλὰ
3335 1384 3445 1438 τοῦ
3510 1383 3669 1437 Θεοῦ
3727 1382 3827 1435 τοῦ

2233 1479 2597 1545 καταϐάντος
2626 1479 2695 1542 ἐξ
2720 1478 3000 1546 οὐρανοῦ.
3036 1478 3100 1531 Τί
3132 1477 3198 1531 ἂν
3228 1477 3440 1547 ἐξεύροι
3468 1494 3560 1539 τις
3588 1475 3829 1529 τοιοῦτον

2232 1574 2403 1625 εἰπεῖν
2431 1588 2444 1635 ;
2474 1573 2547 1624 Οὐ
2584 1572 2727 1639 λέγω
2770 1571 2973 1624 τούτων
3010 1570 3131 1623 τινὰ
3169 1571 3275 1623 τῶν
3314 1570 3409 1622 ἐπὶ
3447 1570 3671 1637 αἱρέσει
3701 1586 3831 1622 κατ-

2232 1664 2585 1732 εγνωσμένων
2608 1681 2619 1693 ·
2658 1663 2772 1716 ἀλλ’
2803 1663 2909 1715 οὐδ’
2942 1663 3102 1716 αὐτὸν
3148 1658 3300 1733 οἶμαι
3345 1662 3437 1714 τὸν
3469 1661 3741 1723 ἀσεϐείας
3774 1678 3827 1713 τε

2232 1758 2327 1809 καὶ
2353 1756 2444 1808 τοῦ
2477 1756 2705 1825 ψεύδους
2733 1755 2945 1826 πατέρα
2972 1756 3150 1826 εὑρεῖν
3180 1772 3232 1808 τι
3269 1754 3377 1806 τῶν
3407 1753 3730 1823 εἰρημένων
3756 1754 3830 1813 εἰς

563 1855 816 1914 Putasne,
845 1864 967 1921 quae
1016 1848 1257 1918 loquitur
1299 1856 1551 1901 nostrum
1597 1862 1659 1901 ea
1699 1846 2021 1915 scriptorem
2051 1848 2130 1899 in-

2237 1847 2583 1917 βλασφημίαν
2628 1847 2942 1917 δεινότερον.
2974 1842 3120 1917 Ἀρα
3153 1842 3289 1899 οἶδεν
3332 1847 3359 1898 ὁ
3401 1844 3755 1914 λογογράφος
3798 1844 3828 1896 Et

561 1944 804 2015 tclligere
822 1943 844 1997 ?
863 1942 1024 2005 Deus,
1053 1942 1147 2009 qui
1186 1956 1216 1995 e
1239 1941 1379 1995 ccelo
1410 1938 1710 2015 descendit,
1734 1938 2008 2007 propriam
2044 1937 2126 1991 di-

560 2037 808 2091 vinitatis
853 2035 1187 2088 voluntatem
1248 2030 1673 2095 circumscribit,
1732 2036 1787 2083 et
1852 2044 1962 2083 non
2014 2028 2130 2082 vult

560 2127 718 2189 efﬁci,
751 2126 895 2195 quod
943 2125 1032 2177 illa
1084 2124 1215 2176 vult.
1244 2121 1385 2192 Ergo
1438 2122 1667 2175 diversa:
1710 2127 1837 2173 sunt
1871 2118 2050 2173 Patris
2076 2126 2130 2173 et

559 2216 681 2272 Filii
716 2218 1048 2271 voluntates.
1076 2212 1361 2279 Quomodo
1412 2226 1542 2281 ergo
1590 2212 1693 2265 erit
1730 2210 2039 2265 communis
2073 2210 2130 2263 in

558 2320 792 2377 utroque
847 2306 1142 2360 voluntas?
1180 2304 1299 2370 Quo
1362 2312 1521 2374 pacto
1555 2303 1801 2358 eamdem
1863 2316 1985 2356 esse
2030 2316 2132 2354 na-

566 2411 747 2456 turam
812 2416 879 2455 ex
953 2398 1293 2452 voluntatum
1376 2395 1695 2449 diversitate
1760 2392 2129 2447 demonstrari

560 2493 800 2565 poterit?
855 2490 1091 2545 Necesse
1161 2488 1305 2542 enim
1374 2502 1601 2555 prorsus
1662 2494 1746 2541 est
1794 2484 2127 2538 voluntatem

562 2599 871 2655 congruere
928 2591 1177 2643 natura),
1234 2580 1379 2635 sicut
1430 2578 1632 2633 alicubi
1702 2577 1963 2631 Dominus
2028 2577 2127 2642 ait,

562 2677 684 2731 Non
748 2684 918 2743 potest
977 2674 1135 2726 arbor
1169 2672 1303 2725 bona
1356 2672 1525 2725 malos
1557 2671 1783 2739 fructus,
1820 2686 1981 2738 neque
2034 2686 2129 2722 ar-

560 2770 654 2823 bor
700 2767 845 2820 mala
897 2765 1056 2817 bonos
1106 2763 1308 2831 fructus
1366 2762 1537 2830 facere
1561 2761 1630 2815 ’°.
1684 2758 1902 2813 Naturae
1948 2769 2127 2814 autem

559 2858 772 2912 fructus
792 2864 878 2909 est
919 2852 1218 2907 voluntatis
1244 2850 1603 2921 propositum,
1629 2849 1703 2902 ita
1736 2857 1795 2902 ut
1828 2849 1982 2903 bona:
2002 2849 2129 2918 qui-

557 2950 679 3005 dem
738 2948 961 3009 bonum,
1020 2944 1175 2997 malae
1227 2956 1353 2996 vero
1419 2942 1491 2996 sit
1553 2940 1778 2995 malum.
1834 2938 1892 2993 Si
1947 2940 2131 3009 itaque

557 3040 805 3095 diversus
851 3038 907 3091 in
940 3037 1097 3091 Patre
1144 3044 1199 3089 et
1251 3032 1394 3087 Filio
1433 3031 1727 3087 voluntalis
1768 3040 1850 3086 est
1894 3029 2126 3095 fructus,

557 3129 873 3188 necessario
896 3128 1167 3182 diversam
1204 3142 1329 3181 esse
1388 3123 1675 3194 utriusque
1717 3130 1968 3177 naturam
1999 3138 2132 3178 con-

2236 1937 2529 2006 φθέγγεται
2552 1955 2566 2003 ;
2600 1938 2657 1990 '0
2683 1938 2815 2001 Θεὸς
2839 1937 2897 2002 ἐξ
2924 1936 3151 2007 ούρανοῦ
3182 1934 3427 1998 καταϐὰς
3461 1935 3525 1987 τὸ
3576 1934 3712 1986 ἴδιον
3738 1933 3827 1998 τῆς

2236 2031 2487 2101 θεότητος
2522 2031 2730 2103 θέλημα
2761 2030 3212 2104 παραγράφεται,
3242 2031 3334 2084 καὶ
3364 2031 3426 2082 οὐ
3466 2028 3730 2098 βούλεται
3758 2030 3825 2087 εἰς

2235 2122 2394 2192 ἔργον
2430 2122 2624 2186 ὲλθεῖν,
2655 2125 2791 2194 ὅπερ
2819 2123 3085 2193 βούλεται.
3117 2120 3326 2175 Οὐκοῦν
3370 2120 3717 2191 μεμέρισται
3742 2119 3824 2171 τοῦ

2237 2213 2367 2266 Υἱοῦ
2411 2214 2621 2269 καὶτοῦ
2651 2217 2864 2287 Πατρὸς
2902 2217 2972 2270 τὰ
3002 2216 3299 2286 θελήματα.
3329 2215 3438 2267 Καὶ
3480 2213 3605 2275 πῶς
3649 2213 3720 2265 ἂν
3746 2212 3826 2279 εἴη

2237 2307 2412 2360 κοινὸν
2439 2308 2524 2359 ἐπ’
2552 2309 2874 2379 ἀμφοτέρων
2921 2309 2981 2361 τὸ
3021 2308 3265 2376 θέλημα;
3300 2304 3425 2368 Ιίὦς
3463 2304 3511 2356 δ’
3557 2304 3628 2357 ἂν
3670 2305 3705 2373 ἡ
3740 2303 3828 2370 τῆς

2237 2398 2451 2468 φύσεως
2492 2401 2753 2471 ταυτότης
2800 2404 2866 2471 τῇ
2904 2401 3136 2470 διαφορᾷ
3180 2400 3285 2453 τῶν
3338 2398 3672 2468 θελημάτων
3734 2401 3829 2469 ἑμ-

2237 2491 2507 2559 φαίνοιτο;
2572 2493 2808 2562 Ἀνάγκη
2862 2492 2971 2563 γὰρ
3032 2494 3181 2545 πᾶσα
3227 2491 3523 2561 σύνδρομον
3578 2487 3725 2545 εἶναι
3766 2496 3827 2560 τῇ

2237 2582 2397 2652 φύσει
2420 2582 2518 2653 τὴν
2551 2581 2821 2653 βούλησιν,
2863 2582 3041 2645 καθώς
3080 2582 3212 2653 φησί
3256 2600 3357 2635 που
3405 2584 3435 2635 ὁ
3477 2582 3717 2653 Κύριος,
3751 2586 3830 2636 Οὐ

2236 2677 2483 2731 δύναται
2505 2673 2755 2743 δένδρον
2775 2674 2966 2728 καλὸν
2986 2675 3253 2743 καρποὺς
3275 2674 3584 2741 πονηροὺς
3606 2674 3827 2735 ποιεῖν,

2236 2768 2378 2823 οὐδὲ
2410 2767 2662 2836 δένδρον
2707 2768 2943 2836 σαπρόν
2987 2766 3252 2835 καρποὺς
3290 2766 3554 2835 ἀγαθοὺς
3594 2766 3825 2819 ποιεῖν·

2236 2863 2446 2935 καρπὸς
2470 2863 2514 2915 δ’
2548 2860 2613 2914 ἂν
2645 2860 2729 2931 εἴη
2758 2860 2971 2930 φύσεως
2997 2860 3029 2929 ή
3066 2859 3400 2930 προαίρεσις,
3428 2857 3572 2910 ὥστε
3612 2858 3829 2927 ἀγαθῆς

2239 2956 2337 3026 μὲν
2380 2951 2589 3023 ἀγαθὴν
2632 2950 2742 3021 (56)
2781 2946 2941 3014 εἶναι,
2989 2951 3165 3020 κακῆς
3212 2949 3269 3002 δὲ
3313 2949 3591 3019 τοιαύτην.
3631 2951 3699 3002 Εἰ
3740 2946 3831 3003 οὖν

2236 3048 2492 3117 διάφορος
2534 3044 2628 3098 ἐπὶ
2674 3043 2887 3115 Πατρὸς
2930 3042 3042 3111 (57)
3072 3042 3167 3095 κα)¹
3206 3040 3344 3095 ΑΥίοῦ
3390 3042 3419 3093 ό
3475 3042 3699 3113 καρπὸς
3739 3044 3831 3096 τοῦ

2238 3141 2555 3211 θελήματος,
2589 3137 2839 3207 διάφορον
2882 3135 2940 3199 ἐξ
2983 3135 3223 3205 ἀνάγκης
3255 3129 3393 3187 εἶναι
3434 3135 3531 3186 καὶ
3564 3135 3669 3205 τὴν
3704 3137 3832 3188 ἑκα-

563 3227 808 3280 litentur.
842 3223 951 3278 Cur
986 3221 1150 3293 igitur
1183 3225 1532 3289 oppugnatur
1575 3216 1774 3271 Arius?
1796 3216 1906 3271 Cur
1935 3216 2003 3270 ad
2020 3216 2128 3271 Ett-

2235 3233 2401 3302 τέρων
2441 3229 2601 3299 φύσιν
2632 3227 2953 3299 ὁμολογοῦσι
2997 3226 3130 3297 (58).
3180 3226 3244 3278 Τί
3285 3220 3376 3278 οὖν
3428 3225 3755 3295 πολεμεῖται
3805 3228 3833 3278 ό

559 3318 801 3372 nomium
827 3332 933 3371 non
971 3314 1257 3375 accedunt,
1289 3310 1384 3382 qui
1418 3309 1599 3364 Patris
1622 3320 1673 3363 et
1700 3308 1824 3362 Filii
1869 3319 2122 3363 naturam

556 3410 830 3471 dividens,
864 3407 1028 3463 simul
1060 3421 1183 3459 cum
1226 3413 1425 3457 natura
1469 3402 1805 3453 voluntatem
1831 3398 2048 3465 dividit,
2074 3410 2129 3454 et

556 3520 619 3557 ex
638 3517 703 3556 eo
723 3500 1071 3569 potissimum
1088 3495 1403 3549 eorumdem
1423 3490 1741 3546 substantiae
1754 3489 2128 3545 diversitatem

2235 3325 2485 3393 Ἀρειος;
2521 3321 2585 3373 Τί
2616 3320 2671 3373 δὲ
2700 3320 2798 3372 οὐκ
2830 3317 3185 3388 αὐτομολοῦσι
3223 3318 3358 3386 πρὸς
3386 3318 3478 3368 τὸν
3509 3315 3785 3387 Εὐνόμιον
3814 3337 3828 3383 ;

2230 3414 2289 3478 ὃς
2316 3413 2536 3485 διαιρῶν
2566 3411 2659 3465 τοῦ
2690 3411 2902 3482 Πατρός
2942 3427 3000 3463 τε
3044 3410 3137 3463 καὶ
3174 3408 3267 3461 τοῦ
3312 3408 3445 3460 Υίοῦ
3486 3409 3589 3479 τὴν
3642 3411 3828 3477 φύσιν,

2235 3506 2517 3574 συντέμνει
2552 3503 2665 3573 (39)
2694 3506 2759 3574 τῇ
2792 3503 2950 3571 φύσει
2982 3502 3079 3572 τὴν
3118 3500 3392 3571 βούλησιν,
3422 3501 3518 3554 καὶ
3546 3501 3639 3554 διὰ
3666 3502 3830 3555 τοῦτο

558 3593 779 3651 astruit.
802 3590 933 3658 quia
958 3589 1085 3641 dum
1120 3584 1437 3639 inferiorem
1460 3582 1903 3652 subjectumqne.
1936 3597 2130 3651 nempe

2238 3596 2470 3667 μάλιστα
2513 3593 2905 3657 κατασκευάζει
2942 3594 3004 3645 τὸ
3046 3594 3145 3662 τῆς
3194 3592 3384 3653 οὐσίας
3412 3591 3723 3662 ἀλλότριον,
3752 3594 3827 3664 τῷ

558 3683 775 3744 Filium,
805 3696 835 3733 a
892 3678 1117 3749 praelato
1166 3683 1473 3745 cunctaque
1522 3674 1840 3737 excellente,
1888 3673 1993 3727 hoc
2045 3682 2131 3729 est

556 3774 737 3834 Patre,
776 3777 1019 3841 separat,
1075 3770 1247 3839 ipsam
1274 3783 1495 3840 quoque
1529 3767 1834 3824 divinitatis
1860 3767 2129 3824 rationem

555 3865 716 3921 simul
744 3862 1039 3933 discerpit?

626 3954 839 4010 XXXII.
876 3953 983 4008 Sed
1013 3953 1159 4023 quod
1189 3954 1258 4009 ab
1289 3968 1355 4009 eo
1384 3952 1593 4008 dictum
1633 3958 1720 4007 est
1753 3951 1948 4007 iterum
1979 3966 2133 4022 repe‘

556 4057 751 4103 tamus.
788 4046 911 4101 Non
932 4046 1302 4109 recordamur,
1330 4046 1428 4109 ait,
1471 4045 1792 4099 voluntatem
1822 4045 1956 4097 hanc
1996 4062 2124 4109 non,

554 4142 689 4194 sicut
718 4139 816 4208 ipsi
867 4147 1076 4207 putant,
1128 4138 1316 4191 terreni
1363 4136 1590 4191 hominis
1622 4136 1895 4205 propriam
1924 4137 2124 4190 dictam

551 4234 737 4303 fuisse,
772 4230 864 4286 sed
911 4230 1027 4295 Dei,
1061 4231 1150 4299 qui
1181 4228 1245 4283 de
1288 4229 1415 4282 coelo
1464 4227 1750 4282 descendit.
1784 4228 1859 4284 De
1887 4243 2121 4299 quanam

553 4325 835 4379 voluntate
863 4323 1104 4391 scriptor
1131 4330 1319 4377 noster
1360 4321 1645 4389 loquitur?
1682 4319 1758 4376 De
1782 4337 1845 4376 ea
1874 4321 2121 4391 profecto

550 4432 713 4485 quam
744 4414 1010 4468 Dominus
1040 4413 1153 4467 lieri
1188 4428 1297 4466 non
1322 4412 1458 4474 vult,
1491 4411 1620 4465 dum
1649 4410 1717 4465 ad
1765 4410 1983 4467 Patrem
2018 4413 2117 4475 ait,

2236 3680 2595 3749 ὑποὸεὸηκότι
2628 3681 2762 3752 πρὸς
2789 3682 2847 3734 τὸ
2889 3680 3119 3751 προέχον
3163 3677 3555 3749 συνδιασχίζων
3600 3682 3699 3733 τὸν
3730 3682 3827 3751 τῆς

2235 3772 2484 3845 θεότητος
2510 3773 2687 3841 λόγον.

2299 3958 2468 4012 Πάλιν
2505 3958 2560 4011 δὲ
2607 3959 2668 4011 τὸ
2721 3958 2849 4028 παρ’
2889 3956 3052 4010 αὐτοῦ
3107 3955 3267 4026 ῥηθὲν
3305 3954 3695 4025 ἀναλάϐωμεν.
3740 3958 3819 4008 Οὐ

2221 4052 2670 4119 μνημονεύουσι
2704 4048 2839 4119 (ΔΟ),
2886 4050 3068 4119 φησὶν,
3110 4048 3201 4101 ὅτι
3246 4047 3311 4100 τὸ
3360 4046 3595 4115 θέλημα
3645 4047 3819 4100 τοῦτο

2227 4139 2383 4193 ἴδιον
2408 4140 2653 4208 εῑρηται,
2697 4141 2809 4192 οὐκ
2851 4139 3163 4207 ἀνθρώπου
3197 4138 3303 4191 τοῦ
3336 4138 3405 4190 ἐκ
3453 4137 3591 4205 τῆς,
3623 4138 3817 4202 καθὼς

2224 4231 2394 4284 αὐτοὶ
2428 4229 2787 4299 νομίζουσιν,
2816 4229 2975 4283 ἀλλὰ
3006 4229 3155 4283 Θεοῦ
3182 4230 3289 4283 τοῦ
3338 4230 3712 4293 καταϐάντος
3748 4229 3817 4291 ἐξ

2228 4320 2509 4387 οὐρανοῦ.
2554 4322 2710 4373 Ποῖον
2757 4319 2966 4391 θέλημα
3037 4321 3201 4391 φησὶν
3242 4322 3272 4374 ό
3321 4321 3697 4388 λογογράφος-ς
3750 4323 3814 4372 Ὃ

2229 4410 2473 4481 βούλεται
2510 4410 2709 4482 δηλαδὴ
2742 4411 2852 4481 (Η)
2888 4411 2961 4483 μὴ
2998 4412 3247 4479 γενέσθαι
3292 4411 3320 4461 ὁ
3362 4413 3588 4483 Κύριος,
3636 4412 3813 4480 λέγων

552 4473 677 4557 ἁοιι
707 4519 821 4556 mea
875 4501 1141 4564 voluntas,
1191 4500 1281 4555 sed
1335 4473 1566 4568 tuarﬁat
1598 4500 1663 4553 ⁹¹.
1696 4498 2023 4569 lntelligitne
2065 4473 2118 4553 in

2235 4473 2362 4573 πρὸς
2401 4501 2492 4554 τὸν
2528 4473 2767 4571 Πατέρα,
3066 4502 3213 4571 ἐμὸν
3258 4473 3509 4570 θέλημα.
3544 4473 3807 4557 τὸ

548 4593 765 4663 qualem
793 4607 927 4647 suus
968 4606 1148 4646 sermo
1182 4589 1667 4645 contradictionem
1722 4588 1966 4645 incidat?
2010 4591 2119 4659 Ap-

2217 4592 2333 4646 σὸν
2362 4593 2641 4662 γενέσθω.
2665 4588 2811 4663 Ἀρα
2841 4592 3083 4662 συνίησιν
3108 4594 3196 4663 οἶα
3222 4594 3644 4665 περιπέπτωκεν
3662 4594 3806 4663 αὐτῷ

548 4687 877 4757 propinquat
919 4686 1142 4754 passio,
1205 4692 1257 4739 et
1311 4684 1558 4755 proditor
1599 4699 1726 4738 cum
1781 4691 2115 4738 armatorum

2235 4685 2245 4735 l
2302 4681 2462 4747 λόγος
2508 4683 2619 4753 (42)
2673 4684 3036 4752 ὲναντιότητι;
3079 4684 3319 4752 Ἐγγίζει
3356 4684 3419 4735 τὸ
3470 4685 3666 4749 πάθος,
3718 4686 3801 4734 καὶ

550 4776 899 4831 multitudine
926 4774 1315 4845 propemodum
1368 4775 1637 4841 imminet,
1658 4783 1885 4845 tumque
1926 4774 2121 4844 hujus-

2235 4774 2340 4826 iaov
2366 4773 2516 4827 οὔπω
2557 4773 2738 4843 μέλλει
2771 4773 2881 4843 (45)
2921 4776 2949 4826 ὁ
2999 4773 3267 4844 προδότης
3313 4774 3639 4842 ἐφίστασθαι
3673 4776 3799 4843 μετα

547 4868 695 4921 modi
736 4866 981 4937 precatio
1015 4868 1094 4923 lit.
1129 4866 1234 4933 Qui
1268 4866 1343 4922 ita
1362 4869 1710 4937 deprecatur,
1742 4867 1976 4922 bomone
2005 4874 2113 4930 est,

2215 4866 2311 4921 τοῦ
2348 4865 2599 4937 πλήθους,
2631 4866 2723 4920 καὶ
2766 4867 2887 4919 τότε
2924 4867 3131 4935 γίνεται
3184 4869 3218 4936 ή
3257 4866 3482 4936 τοιαύτη
3531 4869 3687 4938 εὐχή.
3744 4866 3800 4916 '0

619 5041 665 5071 ⁸⁸
696 5038 831 5094 Luc.
859 5056 992 5106 χιιι,
1017 5043 1108 5098 42.
1184 5044 1231 5076 °°
1258 5043 1448 5099 Matth.
1482 5059 1578 5112 vn,
1608 5045 1695 5100 l8.
1772 5046 1816 5078 ⁸³
1853 5043 1986 5099 Luc.
2018 5058 2156 5109 xxtl,
2191 5043 2282 5098 42.

619 5218 730 5287 (55)
754 5216 929 5288 Caput
959 5218 1063 5273 hoc
1091 5234 1212 5272 cum
1248 5222 1518 5288 sequenti,
1549 5222 1822 5288 integrum
1875 5219 2102 5274 refertur

2284 5218 2396 5296 (ὅθ)
2439 5219 2595 5275 Corr.
2632 5223 3050 5294 ὁμολογήσουσι.
3088 5220 3255 5277 Sexta
3296 5225 3492 5296 synod.
3534 5226 3618 5279 δεῖ
3668 5228 3797 5296 ὁμο-

546 5288 689 5342 inler
707 5287 927 5342 Patrum
958 5288 1273 5343 testimonia
1317 5287 1384 5344 de
1420 5290 1627 5359 duplici
1675 5291 1728 5343 in
1765 5289 1984 5343 Christo
2014 5305 2111 5343 vo—
2211 5287 2421 5357 λογεῖν.

544 5359 772 5421 luntate,
807 5360 873 5412 ab
921 5359 1220 5428 apostolica
1272 5359 1401 5413 sede
1438 5360 1503 5412 ad
1540 5368 1748 5413 sextam
1799 5360 2109 5428 generalem

545 5430 739 5497 synod.
777 5431 1123 5491 transmissa.
1161 5430 1217 5483 in
1252 5430 1411 5498 cujus
1446 5431 1661 5483 actione
1708 5428 1919 5483 decima
1968 5430 2111 5482 reciv

545 5504 754 5569 tantur,
786 5507 838 5553 et
867 5500 933 5552 ad
973 5500 1291 5569 patriarchii
1341 5499 1935 5569 Constantinopolitani
1987 5498 2107 5553 cod.

543 5566 919 5620 conferuntur.

619 5634 731 5711 (ἓξ)
765 5635 840 5711 ita
874 5640 926 5690 in
954 5640 1134 5711 editis.
1154 5639 1276 5693 Vat.
1313 5656 1443 5695 vero
1476 5640 1600 5694 cod.
1630 5640 1755 5711 legit
1786 5640 2009 5710 ἀγαθόν.

619 5701 730 5770 (37)
760 5702 915 5761 Corr.
952 5710 1159 5777 Πατρός
1192 5728 1249 5762 τε
1279 5712 1373 5764 καὶ
1409 5711 1558 5765 Υἱοῦ.

2286 5359 2402 5435 (ᾆῼ)
2431 5359 2586 5435 Corr.
2627 5361 3021 5435 συνδιατέμνει.
3063 5366 3144 5420 Ita
3165 5374 3218 5422 et
3244 5373 3395 5421 sexta
3426 5365 3652 5435 synod..

2288 5430 2401 5507 (id)
2428 5428 2594 5507 §exta
2621 5432 2811 5507 synod.
2842 5428 2935 5486 καὶ
2960 5437 3021 5487 οὐ
3059 5428 3477 5507 μνημονεύουσι,
3508 5446 3567 5487 ut
3603 5451 3790 5507 supra.

2289 5499 2401 5575 (Ait
2428 5497 2588 5575 §exta
2622 5497 2813 5575 synod.
2854 5519 2958 5575 non
2994 5497 3310 5559 ha'bet":tdv.
3352 5506 3583 5575 δηλαδή.

2292 5567 2403 5644 (42)
2435 5567 2597 5621 Sexta
2630 5567 2821 5644 synod.
2857 5572 2987 5644 ποίᾳ
3012 5576 3301 5630 πέπτωκεν
3329 5567 3489 5630 αὑτοῦ
3531 5567 3563 5629 ό
3614 5576 3790 5644 λόγος,

2222 5644 2277 5692 et
2302 5638 2381 5709 ad
2417 5653 2585 5709 marg.
2620 5638 2789 5709 αύτῷ,

2290 5707 2402 5777 (45)
2436 5706 2593 5762 (Ξοιίι.
2624 5706 2751 5763 ὅσον
2772 5712 2826 5764 δὲ
2864 5713 3064 5781 μέλλει.
