4020 6140
364 237 502 294 H93

1492 249 1621 304 ADV
1636 251 1866 308 ERSUS
1906 252 2241 312 APOLLINA
2253 259 2411 314 RE“.

3481 263 3620 319 ΗΜ

355 355 666 425 εὐχόμενος,
701 356 980 428 ἄνθρωπος
1012 359 1044 429 ἢ
1073 359 1201 423 Θεός
1227 377 1240 426 ;
1273 360 1334 413 Εἰ
1373 361 1507 416 Θεὸν
1535 361 1673 421 εἶναι
1705 369 1815 438 (44)
1855 370 1932 422 τὸ)

2050 388 2117 427 an
2165 374 2348 431 Deus?
2393 375 2447 429 Si
2483 375 2648 431 Deum
2683 392 2808 434 esse
2841 378 2932 448 qui
2973 380 3294 447 deprecatur
3315 377 3619 441 existimat,

353 445 643 516 εὐχόμενον
681 448 870 514 οἴεται,
905 451 1028 521 ἴσην
1063 452 1210 522 αὐτῷ
1261 455 1397 525 πρὸς
1447 459 1573 522 τοὺς
1623 460 1943 531 ἀνθρώπους

2048 482 2232 536 parem
2288 467 2340 521 in
2377 468 2498 537 ipso
2538 469 2965 526 imbecillitatem
3010 480 3174 539 atque
3217 475 3271 525 in
3301 472 3617 528 hominibus

311 615 316 620 _
353 537 523 608 ἐνορᾷ.
557 537 653 607 τὴν
693 537 996 595 ἀσθένειαν.
1038 541 1162 605 Πῶς
1187 538 1286 596 οὖν¹
1326 543 1478 612 Θεὸς,
1529 547 1692 618 μηδὲν
1732 549 1932 603 οἴκοθεν

2048 559 2335 627 conspicit.
2396 559 2682 625 Quomodo
2715 561 2881 633 igitur
2923 562 3028 618 erit
3075 537 3239 628 heus,
3277 565 3370 634 qui
3406 565 3616 617 nullum

351 629 553 697 ἀγαθὸν
600 629 758 700 ἔχων,
815 631 949 684 ἀλλὰ
1007 633 1106 704 τῆς
1164 636 1567 710 ὑπερκειμένης
1629 642 1942 712 συμμαχίας

350 723 632 792 δεόμενος;
674 720 808 778 Εἶτα
838 726 932 778 καὶ
971 727 1088 791 πῶς
1136 730 1532 798 καταγινώσκει
1567 735 1599 804 ἡ
1629 734 1818 805 θεότης
1845 737 1938 790 τοῦ

353 815 482 868 ἰδίου
545 815 884 886 θελήματος;
934 818 1160 886 Ἀγαθὸν
1213 818 1280 893 ἦν
1343 823 1376 894 ἢ
1431 825 1638 889 κακὸν,
1689 827 1717 880 6
1772 828 1938 896 ἠϐού-

2044 661 2107 700 ex
2135 661 2194 702 se
2225 646 2345 716 ipso
2373 647 2574 702 bonum
2608 649 2787 712 habet,
2823 651 2916 706 scd
2949 666 3188 721 superno
3231 653 3438 707 auxilio
3473 653 3616 706 indi-

2042 738 2168 806 get?
2196 736 2404 794 Deinde
2432 741 2704 809 quomodo
2746 742 3006 797 divinitas
3055 746 3329 814 propriam
3364 747 3618 800 volunta-

2041 836 2145 884 tem
2206 831 2497 899 reprobat?
2529 831 2812 888 Bonumne
2866 842 3004 898 erat,
3073 849 3141 889 an
3184 837 3410 899 malum,
3464 837 3612 905 quod

350 908 469 972 λετο
503 906 611 977 (45)
639 923 652 971 ;
695 909 755 960 Εἰ
797 909 894 978 μὲν
926 909 1034 980 γὰρ
1069 911 1293 979 ἀγαθὸν,
1325 914 1410 967 διὰ
1451 917 1504 967 τί
1531 918 1630 970 οὐκ
1659 921 1739 982 εἰς
1765 922 1932 991 πέρας

2039 921 2362 978 volebat?Si
2395 925 2541 978 enim
2590 925 2815 988 bonum,
2837 941 2936 980 cur
2951 926 3017 980 ad
3047 927 3252 981 exitum
3298 925 3614 996 perducitur

349 998 537 1065 ἄγεται
575 997 603 1049 ὃ
635 998 892 1066 ἠϐούλετο
928 1001 1037 1070 (46)
1063 1018 1077 1066 ;
1104 1003 1166 1054 Εἰ
1193 1003 1248 1055 δὲ
1299 1006 1484 1071 κακὸν,
1519 1006 1655 1079 [(47)
1685 1011 1770 1074 τίς
1798 1011 1934 1083 πρὸς

349 1087 410 1139 τὸ
441 1087 632 1160 κακὸν]
684 1093 748 1160 τῇ
783 1089 994 1162 θεότητι
1031 1094 1063 1162 ή
1095 1095 1396 1162 οἰκείωσις;
1434 1098 1582 1152 Ἀλλ’
1616 1102 1752 1173 ὅπερ
1767 1102 1925 1175 ἔφην,

349 1176 431 1228 ὃτι
468 1177 528 1228 οὑ
562 1179 802 1248 συνίησιν
833 1179 942 1250 (48)
974 1183 1052 1244 είς
1086 1183 1146 1234 τὸ
1175 1184 1414 1238 ἐναντίον
1453 1191 1798 1260 περιτρέπων
1842 1192 1932 1244 τὸν

351 1267 526 1334 λόγον.
569 1269 630 1320 Εἰ
677 1269 784 1338 γὰρ
829 1271 920 1324 τοῦ
964 1274 1298 1343 Μονογενοῦς
1331 1279 1444 1332 ἐστι
1482 1280 1615 1334 Θεοῦ
1649 1284 1681 1352 ἡ
1717 1281 1866 1353 φωνὴ
1898 1285 1930 1354 ἠ

350 1356 600 1424 λέγουσα,
643 1363 697 1413 Μ
704 1359 735 1426 ἡ
771 1360 836 1414 τὸ
880 1362 1025 1432 ἐμὸν
1059 1363 1289 1435 θέλημα
1330 1370 1610 1438 γενέσθω,
1657 1373 1818 1426 ἀλλὰ
1863 1374 1931 1426 τὸ

349 1448 483 1506 σὸν.
512 1449 670 1512 αὐτὸς
693 1452 719 1503 6
747 1451 900 1520 λόγος
935 1456 1063 1525 περὶ
1105 1457 1314 1522 ἑαυτὸν,
1349 1460 1434 1512 ἀεὶ
1485 1462 1572 1515 διά
1609 1481 1750 1526 τινος
1776 1465 1930 1516 ἐναν-

349 1535 592 1603 τιότητος
639 1539 926 1610 στρέφεται
964 1544 1096 1613 (49),
1144 1547 1235 1599 καὶ
1279 1549 1513 1620 οὐδαμοῦ
1560 1553 1621 1604 τὸ
1671 1553 1930 1625 στάσιμον

350 1626 481 1695 ἔχει.
522 1627 580 1680 '0
608 1629 715 1700 γὰρ
751 1633 825 1702 μὴ
857 1631 1176 1705 βουλόμενος
1203 1638 1317 1710 (50)
1347 1641 1407 1693 τὸ
1440 1641 1569 1696 ἴδιον
1599 1643 1805 1716 θέλημα
1837 1663 1928 1715 γε·

349 1716 554 1782 νέσθαι,
603 1720 734 1773 αὐτὸ
793 1722 949 1776 τοῦτο
1002 1725 1111 1797 (51)
1159 1729 1403 1797 βούλεται
1457 1733 1690 1799 πάντως,
1740 1736 1799 1788 τὸ
1855 1737 1929 1809 μὴ
1961 1718 2002 1772 Β

348 1810 599 1876 γενέσθαι
632 1813 659 1865 6
699 1813 961 1883 βούλεται.
1009 1821 1132 1884 Πῶς
1181 1817 1273 1876 οὖν
1320 1825 1353 1895 ὴ
1399 1827 1530 1899 εὐχὴ
1577 1829 1712 1899 πρὸς
1761 1831 1931 1902 πέρας

350 1902 648 1972 ἀχθήσεται
675 1906 946 1975 λέγοντος,
982 1912 1062 1964 ὅτι
1097 1913 1267 1969 Τοῦτο
1312 1916 1448 1972 Θέλω
1481 1919 1565 1972 ἵνα
1608 1922 1636 1974 6
1677 1923 1813 1976 θέλω
1855 1924 1930 1993 μὴ

349 1993 612 2064 γένηται;
645 1997 788 2068 Πρὸς
831 2001 1137 2056 τούναντίον
1184 2006 1399 2074 πάντως
1431 2009 1520 2062 τοῦ
1562 2013 1930 2084 σπουδαζομέ-

349 2100 438 2136 νου
473 2085 580 2155 (52)
615 2093 1098 2163 περιτραπήσεται,
1129 2099 1222 2150 καὶ
1259 2099 1598 2172 ἀμηχανήσει
1643 2103 1764 2156 καθ’
1804 2107 1932 2159 ἑκά-

348 2193 504 2244 τερον
547 2179 574 2230 6
619 2179 716 2249 τῆς
757 2182 1008 2254 τοιαύτης
1049 2188 1254 2241 ἐπαΐων
1295 2192 1478 2262 εὐχῆς.
1514 2195 1689 2266 Ὅπερ
1731 2196 1838 2269 γὰρ
1867 2199 1931 2251 ἂν

350 2270 570 2340 ποιήσῃ,
603 2273 737 2342 πρὸς
783 2275 844 2328 τὺ
898 2277 1206 2360 ἀϐούλητον
1234 2283 1311 2352 τῷ
1363 2285 1639 2358 εὐχομένω
1683 2291 1933 2361 περιτρέ-

350 2377 438 2411 πει
472 2362 568 2432 τὴν
598 2363 835 2419 ἔκϐασιν.
891 2369 1107 2440 Ποιήσει
1146 2374 1206 2426 τὸ
1233 2373 1477 2447 βούλημα
1513 2379 1624 2447 (55)
1659 2379 1749 2431 τοῦ
1779 2381 1932 2450 εὐχο-

353 2451 551 2519 μένου;
596 2454 732 2507 Ἀλλ’
764 2458 795 2528 ή
843 2459 972 2530 εὖχὴ
1022 2464 1136 2514 ἐστι
1187 2464 1246 2515 τὸ
1284 2465 1361 2536 μὴ
1396 2468 1643 2534 γενέσθαι
1681 2469 1717 2522 ἆ
1749 2471 1932 2540 βούλε-

349 2559 434 2595 ται
465 2544 594 2614 (54).
633 2546 718 2618 Μὴ
764 2551 973 2620 ποιήσει
1146 2553 1174 2606 6
1206 2554 1489 2624 βούλεται;
1529 2559 1685 2614 Ἀλλὰ
1716 2565 1743 2615 6
1782 2564 1931 2634 εὐχό-

353 2649 508 2700 μενος
551 2636 793 2706 βούλεται
832 2641 1079 2708 γενέσθαι
1118 2644 1266 2716 αὐτῷ
1293 2647 1425 2719 (56),
1467 2649 1495 2702 6
1533 2651 1610 2722 μὴ
1651 2651 1927 2721 βούλεται·

349 2722 487 2776 ὥστε
527 2727 670 2780 κατὰ
705 2732 881 2783 πάντα
924 2732 1121 2803 τρόπον
1167 2737 1344 2808 πάντη
1389 2742 1930 2817 μεταλαμϐανόμενον

351 2813 642 2882 ἀπατήσει
692 2816 752 2868 τὺ
798 2818 994 2888 νόημα,
1055 2822 1186 2875 αὐτὸ
1249 2827 1425 2894 ἐαυτῷ
1464 2813 1790 2900 μαχόμενον,
1837 2838 1932 2890 καὶ

278 2937 282 2940 .
351 2901 440 2968 ὑφ’
491 2903 681 2957 ἑαυτοῦ
726 2907 1173 2981 καθαιρούμενον.
1222 2916 1335 2985 Τῆς
1376 2918 1438 2990 δὴ
1493 2923 1747 2995 τοιαύτης
1793 2930 1934 2983 κατὰ

351 2991 440 3101 τῗν
461 2993 972 3101 Λλόγονηάμηχανίαις
1020 3001 1117 3101 μία
1155 3007 1374 3101 μγὲνοιτο
1420 3008 1486 3062 ἂν
1529 2991 1867 3084 παραμυθία,
1898 3023 1930 3089 ἡ
1960 3045 2003 3101 C

350 3082 556 3178 ἀληθὴς
572 3084 672 3178 Δτοῦ
714 3089 1009 3161 μυστηρίου
1052 3093 1328 3163 ὁμολογία,
1373 3099 1453 3153 ὅτι
1499 3102 1560 3154 τὸ
1733 3082 1930 3178 δειλιᾷν

351 3173 486 3246 πρὸς
538 3175 597 3228 τὸ
653 3178 840 3242 πάθος,
892 3181 994 3251 τῆς
1053 3184 1396 3260 ἀνθρωπίνης
1458 3192 1738 3260 ἀσθενείας
1790 3173 1928 3264 ἐστὶ,

351 3264 528 3358 καθώς
562 3285 690 3338 φησι
741 3270 833 3323 καὶ
877 3273 905 3324 6
949 3275 1168 3345 Κύριος,
1231 3279 1299 3330 Τὸ
1355 3282 1588 3352 πνεῦμα
1627 3289 1930 3358 πρόθυμον

349 3353 501 3409 εἶναι
545 3361 1000 3433 λέγων,ἀσθενῆ
1041 3365 1109 3418 δὲ
1152 3367 1266 3436 τὴν
1305 3371 1529 3439 σάρκιν
1559 3376 1617 3428 τὸ
1655 3377 1710 3430 δὲ
1745 3353 1930 3450 ἀνέχε-

354 3447 473 3501 σθαι
540 3450 649 3520 (57)
684 3453 744 3504 τὸ
795 3453 854 3518 ἐξ
900 3457 1207 3528 οἰκονομίας
1257 3463 1447 3526 πάθος.
1496 3469 1594 3537 τῆς
1635 3467 1781 3532 θείας
1813 3447 1930 3524 ἐστὶ

351 3540 443 3590 καὶ
497 3539 688 3610 βουλῆς
743 3545 836 3597 καὶ
883 3545 1180 3618 δυνάμεως.
1224 3553 1438 3626 Ἐπειδὴ
1483 3557 1663 3611 τοίνυν
1705 3560 1830 3622 ἄλλο
1869 3563 1929 3615 τὸ

351 3629 684 3700 ἀνθρώπινον
708 3632 952 3707 βούλημα
984 3637 1115 3707 (58),
1140 3642 1233 3694 καὶ
1262 3642 1320 3696 τὸ
1349 3643 1488 3700 θεῖον
1517 3648 1644 3702 ἄλλο
1664 3690 1678 3713 ,
1707 3652 1932 3722 φθέγγε-

348 3737 439 3813 ται
475 3722 582 3813 (59)
635 3723 753 3792 μὲν,
802 3726 877 3788 ὡς
929 3729 993 3780 ὲκ
1044 3731 1136 3784 τοῦ
1185 3734 1490 3805 ἀνθρώπου,
1539 3740 1600 3793 τὸ
1643 3745 1740 3813 τῆς
1770 3746 1930 3798 ἀσθε-

350 3810 494 3904 νείας
535 3812 646 3882 (60)
699 3815 797 3884 τῆς
849 3817 1060 3886 φύσεως
1114 3825 1436 3897 πρόσφορον,
1485 3829 1513 3881 6
1561 3830 1628 3882 τὰ
1689 3810 1928 3904 ημέτερα

352 3902 497 3973 παθη
536 3906 986 3978 οἰκειωσάμενος⁸
1039 3913 1233 3982 ἐπάγει
1283 3917 1339 3970 δὲ
1390 3918 1486 3989 τὴν
1528 3920 1782 3993 δευτέραν
1817 3902 1928 3992 φω-

350 3995 467 4064 νὴν,
497 3996 557 4048 τὸ
585 3997 785 4068 ὑψηλόν
822 4019 880 4053 τε
919 4003 1010 4056 κα)¹
1056 4005 1352 4078 θεοπρεπὲς
1393 4010 1637 4082 βούλημα
1677 4016 1926 4087 κυρωθῆ-

349 4103 456 4137 ναι,
485 4088 634 4158 παρὰ
682 4088 741 4141 τὸ
786 4091 1120 4162 ἀνθρώπινον
1159 4099 1297 4169 ὑπὲρ
1341 4101 1438 4171 τῆς
1480 4103 1587 4157 τῶν
1621 4104 1923 4177 ἀνθρώπων

419 4265 465 4294 ⁹²
499 4265 693 4320 Matth.
740 4283 884 4333 xxvi,
935 4269 1023 4326 Η.

560 4459 716 4539 [ἴοι-ι’.
744 4462 938 4539 ςῆ-Θερν
970 4458 1134 4529 εἶναι,
1163 4472 1217 4519 et
1256 4480 1403 4532 mox,
1433 4468 1466 4538 ἢ
1496 4468 1640 4539 ἴσην.

423 4530 535 4598 (45)
559 4531 714 4584 Corr.
741 4530 1010 4586 ἐϐούλετο.

421 4599 530 4665 (46)
559 4599 714 4672 Corr.
734 4602 762 4652 ὃ
785 4603 1052 4669 ἐϐούλετο,
1085 4612 1144 4657 ut
1168 4618 1355 4672 supra.
1385 4603 1508 4659 Hmc
1540 4615 1720 4662 tamen
1751 4605 1917 4661 verba

348 4669 544 4744 desunt
561 4670 866 4744 quidemin
881 4674 1108 4744 _vulgato
1138 4669 1302 4730 sextae
1319 4676 1508 4744 synod.
1532 4678 1722 4737 Graeco
1741 4683 1912 4742 textu;

351 4739 443 4793 sed
488 4739 757 4795 habentur
788 4741 842 4794 iu
881 4739 1071 4798 Latina
1104 4745 1274 4800 veteri
1310 4739 1580 4799 versione.

423 4809 532 4879 (47)
555 4809 684 4874 Quae
715 4812 1079 4869 semicirculis
1106 4813 1466 4869 includuntur
1496 4814 1683 4869 addita
1717 4825 1848 4871 sunt
1879 4832 1910 4870 a

350 4881 961 4955 cumet-reperiuntur
989 4884 1283 4955 quoquegin
1312 4891 1462 4940 sexta
1502 4884 1695 4955 synod.

422 4950 532 5024 (:13)
565 4947 930 5024 V_etus_sexl;e
979 4947 1176 5024 synod.
1201 4953 1433 5008 Latinus
1481 4947 1710 5024 interpr.
1732 4957 1931 5012 vertitz'

351 5017 453 5093 Sed
478 5020 614 5088 quod
644 5021 922 5093 dixi,_quis
940 5017 1043 5077 ηοὶι
1072 5025 1338 5093 intelligit,
1358 5024 1567 5093 quodin
1590 5017 1918 5080 contrarium

349 5091 702 5142 circumvortit
732 5091 882 5146 illum
900 5109 1189 5147 sermonem
1215 5091 1327 5149 fac
1349 5091 1395 5149 si
1433 5095 1619 5150 Graece
1650 5106 1815 5155 esset.
1836 5095 1922 5159 τίς

347 5160 408 5211 οὐ
439 5160 702 5235 συνίησιν,
730 5170 858 5226 etc.;
885 5164 1005 5235 sed
1033 5163 1277 5230 ejusdem
1331 5166 1522 5235 synod.
1561 5173 1742 5221 textus
1771 5166 1936 5223 Crat—-

349 5245 446 5282 cus
494 5244 616 5282 cum
653 5229 770 5283 Vat.
797 5234 920 5290 cod.
952 5229 1187 5288 lectione
1215 5229 1537 5289 conebrdat.

421 5297 528 5375 (49)
557 5296 613 5350 ln
643 5307 792 5375 textu
825 5300 947 5355 Vat.
979 5303 1104 5375 cod.
1144 5304 1360 5375 legitur,
1416 5305 1545 5375 περὶ
1592 5305 1786 5358 ἑαυτοῦ
1833 5307 1918 5360 ἀεὶ

347 5368 435 5446 σξιᾲ
461 5383 605 5446 τινος
642 5371 928 5446 γράφεται.
968 5371 1125 5446 Cprr.
1172 5368 1504 5446 evmendavit,
1550 5377 1680 5446 περὶ
1728 5377 1920 5430 ἑαυτὸν

348 5437 452 5516 διε).¹
488 5435 575 5490 διά
623 5435 772 5516 τινος
816 5442 1189 5516 ἐναντιότητος
1231 5435 1526 5516 γράφεταὲ,
1549 5435 1711 5500 ρι”ἰη
1743 5462 1914 5516 marg.

350 5505 729 5584 adtl._-rp._xa.t
751 5509 1025 5584 στέφεται,
1059 5505 1227 5568 Nobis
1245 5505 1385 5569 huic
1427 5505 1712 5584 postrema:
1759 5505 1915 5571 simio

354 5576 457 5658 iem
495 5575 822 5658 lectionem,
858 5575 979 5658 quae
1007 5583 1063 5636 in
1104 5591 1265 5658 sexta
1302 5575 1468 5658 etiam
1513 5589 1706 5658 synod.
1763 5589 1917 5645 exhi-

350 5644 531 5712 betur,
564 5658 747 5717 utpote
772 5644 1080 5717 clariorem,
1115 5654 1267 5722 sequi
1293 5655 1472 5710 visum
1496 5644 1599 5713 est.

676 5745 938 5807 PATBOL.
989 5745 1109 5806 Gn.
1139 5747 1332 5810 XLV.

2038 1012 2182 1081 quod
2205 1013 2456 1069 volebat?
2473 1013 2530 1068 Si
2557 1029 2688 1068 vero
2705 1017 2931 1081 malum,
2951 1031 3196 1084 quautam
3217 1032 3338 1070 cum
3356 1017 3500 1070 malo
3526 1016 3611 1070 di-

2035 1104 2246 1159 vinitati
2270 1105 2586 1174 conjunctio
2622 1106 2911 1161 intercedit
2928 1107 2950 1159 ?
2967 1107 3096 1169 Sed,
3121 1106 3267 1176 quod
3299 1115 3456 1163 antea
3473 1107 3606 1166 dixi.

2035 1208 2143 1248 non
2179 1194 2565 1248 animadvertit
2595 1205 2793 1250 auctor
2821 1196 2874 1250 in
2913 1198 3256 1251 contrarium
3283 1212 3348 1251 ac
3375 1199 3612 1252 intendit

2035 1300 2258 1340 sensum
2293 1300 2604 1341 sermonem
2639 1302 2798 1342 suum
2852 1290 3117 1342 converti.
3155 1289 3364 1357 Quippe
3401 1289 3445 1343 si
3475 1287 3610 1344 Uni-

2034 1377 2202 1446 geniti
2247 1374 2343 1431 Dei
2375 1391 2480 1430 vox
2517 1384 2623 1441 est,
2653 1392 2774 1447 quae
2805 1378 2939 1432 dicit
2982 1397 2994 1432 :
3035 1377 3159 1433 Non
3213 1396 3332 1433 mea
3363 1381 3608 1435 voluntas

2031 1470 2148 1539 ﬁat,
2179 1469 2269 1524 sed
2311 1478 2422 1534 tua,
2457 1483 2639 1524 sermo
2663 1469 2765 1524 iste
2795 1471 3184 1526 contrarietate
3209 1467 3442 1541 quadam
3463 1489 3575 1528 sem

2033 1578 2129 1632 per
2163 1561 2217 1615 in
2243 1561 2484 1632 seipsum
2517 1563 2748 1615 vertitur
2771 1569 2824 1616 et
2872 1563 3186 1618 nullatenus
3219 1565 3325 1619 sibi
3366 1573 3606 1620 constat.

2033 1649 2135 1717 Qui
2163 1651 2304 1704 enim
2333 1665 2443 1704 non
2473 1650 2588 1704 vult
2628 1652 2904 1720 propriam
2956 1654 3294 1708 voluntatem
3325 1655 3464 1722 ﬁeri,
3505 1657 3606 1711 ho:

2033 1741 2210 1810 ipsum
2258 1741 2372 1794 vult
2427 1741 2673 1806 omnino,
2731 1742 2959 1810 utquod
3012 1745 3128 1797 vult
3159 1743 3213 1798 id
3248 1761 3594 1817 nequaquam

2035 1831 2142 1884 ﬁat.
2176 1829 2462 1896 Quomodo
2510 1846 2641 1900 ergo
2670 1829 2925 1886 eﬂ'ectum
2959 1835 3218 1888 sortietur
3245 1839 3488 1904 precatio
3519 1839 3604 1892 di—

2031 1922 2203 1977 centis
2227 1942 2238 1975 :
2266 1923 2383 1976 Hoc
2410 1923 2551 1986 volo,
2587 1929 2646 1977 ut
2667 1923 2815 1994 quod
2834 1924 2956 1978 volo
2983 1941 3094 1980 non
3129 1927 3258 1981 ﬁat?
3282 1927 3424 1984 Sane
3453 1931 3599 1984 eirea

2032 2013 2369 2066 contrarium
2399 2028 2628 2083 prorsus
2663 2015 2711 2069 ei
2740 2013 2887 2084 quod
2927 2015 3160 2069 intendit
3187 2019 3433 2087 precatio
3470 2034 3607 2072 ver-

2033 2103 2262 2168 sabitur,
2293 2112 2347 2158 et
2369 2103 2514 2159 circa
2543 2113 2835 2175 utrumque
2861 2105 3141 2160 haesitabit
3166 2110 3258 2177 qui
3295 2108 3608 2177 hujusmodi

2034 2209 2222 2262 preces
2241 2194 2484 2248 exaudit.
2507 2193 2781 2264 Quidquid
2813 2196 2958 2250 enim
2984 2194 3198 2262 fecerit,
3236 2212 3452 2265 semper
3481 2212 3604 2266 pre-

2033 2288 2210 2339 cantis
2234 2286 2501 2339 voluntati
2533 2287 2850 2342 contrarius
2881 2285 2987 2341 erit
3015 2294 3264 2342 eventus.
3294 2285 3480 2342 Faciet
3511 2303 3607 2342 vo-

2036 2375 2298 2429 luntatem
2328 2376 2580 2431 orantis?
2614 2375 2721 2432 Sed
2744 2377 2832 2432 hic
2861 2385 2983 2431 orat
3005 2386 3064 2432 ut
3088 2377 3311 2432 minime
3345 2378 3433 2430 ﬁat
3461 2379 3606 2447 quod

2035 2466 2170 2520 vult.
2210 2457 2329 2520 Non
2373 2465 2536 2521 faciet
2560 2467 2704 2536 quod
2735 2468 2882 2521 vult?
2925 2467 3028 2522 Sed
3059 2469 3151 2538 qui
3190 2475 3330 2530 orat,
3360 2469 3465 2524 sibi
3492 2471 3608 2523 vult

2036 2556 2148 2613 ﬁeri
2195 2558 2341 2628 quod
2395 2573 2506 2612 non
2545 2560 2696 2624 vult;
2760 2560 2832 2612 ita
2884 2568 2941 2612 ut
2973 2575 3302 2632 quocunque
3337 2562 3519 2624 modo.
3551 2570 3607 2617 et

2031 2665 2358 2720 quocunque
2389 2665 2554 2704 sensu
2585 2651 2909 2718 accipiatur,
2947 2666 3230 2722 nunquam
3259 2651 3380 2722 ejus
3405 2669 3604 2708 sensus

2031 2740 2336 2804 constabit,
2389 2756 2514 2794 cum
2571 2740 2787 2794 sibimet
2822 2750 3104 2811 repugnet,
3135 2753 3188 2796 et
3227 2756 3260 2797 a
3310 2743 3606 2813 semetipso

2032 2833 2365 2887 destruatur.
2398 2829 2569 2883 Porro
2619 2831 2930 2900 perplexam
2965 2834 3102 2888 adeo
3134 2835 3408 2889 sermonis
3439 2836 3606 2906 hujus

2033 2924 2439 2992 ambiguitatem
2501 2924 2775 2994 explicare
2820 2925 3204 2980 tantummodo
3248 2929 3444 2995 poterit
3473 2945 3603 2983 vero

2036 3013 2278 3084 mysterii
2314 3014 2614 3081 confessio,
2646 3016 2792 3084 quod
2825 3032 3018 3086 nempe
3045 3019 3358 3086 passionem
3384 3018 3604 3088 quidem

2036 3103 2351 3169 formidare,
2381 3105 2631 3169 humana:
2677 3108 3070 3163 imbecillitatis
3118 3119 3224 3172 est,
3249 3109 3390 3163 sicut
3438 3108 3604 3161 etiam

2032 3197 2108 3250 ait
2143 3194 2428 3260 Dominus,
2485 3201 2732 3268 spiritum
2792 3211 3091 3267 promptum
3151 3214 3262 3250 esse
3317 3197 3602 3260 dicens”.

2029 3309 2243 3346 carnem
2272 3297 2449 3342 autem
2478 3291 2782 3359 inﬁrmam;
2835 3285 3064 3340 suﬂerre
3095 3302 3223 3341 vero
3257 3289 3502 3343 eamdem
3535 3306 3603 3344 ex

2031 3378 2438 3448 diSpensatione
2467 3377 2802 3446 passionem,
2829 3377 2999 3432 divini
3028 3379 3245 3432 consilii
3291 3387 3455 3449 atque
3488 3380 3584 3433 vir-

2033 3467 2164 3522 tutis
2189 3474 2292 3521 est.
2325 3465 2591 3532 Quoniam
2625 3467 2790 3536 igitur
2819 3469 2925 3521 alia
2953 3477 3034 3522 est
3063 3468 3301 3522 humana
3323 3470 3603 3533 voluntas.

2032 3560 2136 3614 alia
2168 3574 2296 3613 vero
2333 3558 2551 3623 divina;
2590 3558 2680 3626 qui
2717 3559 2970 3628 proprias
3026 3559 3132 3613 sibi
3182 3559 3314 3613 fecit
3368 3561 3605 3613 inﬁrmi-

2031 3659 2172 3707 tates
2198 3658 2435 3717 nostras,
2473 3650 2716 3720 loquitur
2742 3652 2960 3720 quidem
2995 3659 3054 3704 ut
3095 3651 3256 3704 homo
3302 3667 3424 3720 qua)
3449 3652 3604 3705 inﬁr-

2033 3742 2207 3796 mitati
2238 3747 2579 3810 congruunt;
2607 3741 2887 3811 subjungit
2918 3758 3046 3796 vero
3087 3744 3393 3811 posteriora
3438 3743 3604 3798 verba

2030 3832 2233 3902 quibus
2267 3832 2555 3887 sublimem
2599 3831 2819 3900 Deoque
2881 3832 3100 3902 dignam
3143 3834 3475 3888 voluntatem
3509 3850 3605 3904 po-

2028 3925 2138 3979 tius
2171 3939 2334 3993 quam
2366 3923 2697 3987 humanam,
2759 3931 2983 3993 propter
3038 3925 3271 3978 salutem
3320 3925 3601 3979 hominum

2027 4023 2200 4073 ratam
2232 4014 2419 4069 haberi
2452 4014 2585 4068 vult.
2632 4013 2766 4067 Nam
2797 4031 2920 4069 cum
2972 4011 3131 4082 dixit,
3166 4017 3289 4071 Non
3332 4034 3466 4079 mea,
3498 4017 3602 4070 hu-

2025 4122 2245 4164 manam
2297 4106 2382 4163 his
2425 4107 2609 4164 verbis
2669 4106 3032 4177 signiﬁcavit;
3087 4123 3212 4164 eum
3265 4118 3444 4164 autem
3475 4109 3605 4165 sub-

1852 4445 1860 4454 .
1957 4465 2007 4524 ι)
2032 4539 2075 4550 ﬂ
2107 4469 2324 4550 (50)_lta
2353 4489 2496 4550 corr.
2521 4485 2578 4550 _et
2610 4478 2803 4550 synod.
2833 4487 2985 4535 sexta
3015 4496 3031 4546 ;
3062 4479 3201 4535 male
3221 4478 3276 4534 in
3297 4485 3448 4536 textu
3473 4482 3604 4538 cod.

2032 4539 2153 4618 Va_t_._
2253 4544 2359 4618 χὰρ
2379 4539 2719 4618 βουλόμενος,

2099 4610 2210 4688 (51)
2250 4610 2434 4688 _Et'li'ic
2474 4610 2648 4672 secuti
2679 4610 2876 4674 sumus
2904 4619 3113 4688 antiqui
3146 4635 3292 4674 corr.
3331 4629 3387 4674 et
3432 4629 3602 4677 sexta:

2025 4681 2219 4750 synod.
2255 4683 2582 4755 lectionem;
2613 4703 2738 4742 nam
2769 4689 2824 4743 in
2852 4688 2977 4744 Vat.
3007 4681 3131 4745 cod.
3158 4699 3308 4744 textu
3339 4700 3422 4744 est
3451 4692 3601 4760 γίνε-

2023 4765 2131 4805 ται.

2093 4819 2212 4900 (52)
2240 4821 2317 4900 Ita
2347 4838 2490 4900 corr.
2512 4833 2565 4880 et
2599 4835 2759 4900 sexta
2795 4829 3030 4900 synod.;
3063 4827 3158 4884 sed
3207 4829 3262 4883 in
3296 4827 3416 4884 Vat.
3468 4832 3593 4889 cod.

2021 4899 2179 4968 textu
2188 4893 2414 4968 legitur,
2443 4895 2502 4968 τὸ
2540 4893 2992 4968 σπουδαζόμενον.

2090 4960 2204 5041 (⁵5)
2235 4960 2393 5018 Corr-
2423 4965 2486 5018 τὸ
2535 4960 2780 5037 θέλημαξ
2812 4960 2989 5024 ἐοιῑο
3042 4969 3239 5040 synod.
3289 4971 3489 5041 ποιήσῃ
3534 4972 3606 5025 τὸ

2019 5028 2111 5082 θέλ
2155 5028 2250 5102 μα.
2649 5028 2680 5037 ”
2765 5028 2776 5035 ⁷
3073 5028 3091 5040 ⁷

2242 5102 2304 5182 1n
2337 5112 2486 5158 sexta
2526 5105 2723 5176 synod.
2762 5107 2791 5160 6
2817 5106 3092 5182 βούληται.

2235 5171 2393 5252 _Corr.
2428 5182 2482 5228 et
2515 5170 2681 5252 sexta
2703 5170 2896 5252 synod.
2929 5170 3002 5252 μὴ
3032 5182 3251 5252 ποιήσῃ.

2234 5242 2290 5320 in
2324 5252 2475 5298 sexta
2509 5246 2704 5320 synod.
2734 5242 2942 5320 'Iegitur
2971 5242 3117 5320 αὐτό.

2234 5315 2292 5390 Ill
2328 5309 3108 5390 εθκῑξὶξῇἠούηἀναδέχεσθαι.

2239 5381 2398 5457 C_o_rr.
2441 5381 2671 5457 θέλημα.
2700 5387 2860 5457 Itaet
2883 5381 3037 5442 sexta
3070 5385 3263 5457 synod.

2089 5452 2202 5523 (59)
2222 5452 2588 5525 “ﬁtﬁt-inata"
2611 5486 2679 5525 7—-
2707 5456 2815 5525 6“):
2878 5457 2976 5525 τὴν
2999 5524 3006 5525 7
3032 5452 3314 5508 κοινωνίαν
3344 5453 3450 5525 τῆς,
3479 5452 3586 5525 (pti-

2021 5521 2180 5583 σεως.
2222 5522 2348 5577 Haec
2380 5521 2573 5579 recitat
2607 5524 2663 5578 S.
2695 5521 2943 5579 Joannes
2991 5524 3360 5578 Damascenns
3400 5521 3594 5577 libJDe

2015 5593 2406 5666 (1:145:29th
2409 5633 2448 5655 .,
2482 5607 2602 5666 cap.
2627 5595 2722 5666 §5,
2753 5609 2880 5663 opp.
2922 5601 3053 5666 tom.
3089 5593 3130 5666 lg,
3161 5608 3283 5666 pag.
3303 5593 3434 5666 548,
3459 5606 3583 5666 sqq.
3613 5617 3616 5636 ς

2096 5663 2208 5744 (64))
2238 5662 2312 5715 T6
2345 5663 2443 5734 τῆς
2474 5662 2596 5718 ἀσθ.
2627 5662 2872 5734 DamaSc.
2911 5663 2973 5717 τὸ
2997 5666 3060 5734 τῇ
3095 5662 3372 5731 ἀσθενείᾳ.

3188 5757 3278 5820 38.
