4020 6140
392 208 530 266 H95

1607 205 1676 260 'S.
1721 207 2048 264 61186Οῆ11
2083 211 2370 268 NYSSENI

3536 215 3680 272 “96

393 332 591 394 iunxit,
634 329 768 395 Tua,
827 326 1269 397 coniunctionem
1326 325 1629 382 divinitatis
1675 345 1795 384 suae
1839 346 1962 384 cum

2090 335 2342 406 πωτηρῖας
2392 335 2581 392 θέλων.
2627 337 2684 388 ’0
2717 337 2824 408 γάρ
2876 336 3069 402 εἰπὼν,
3100 335 3196 402 Μὴ
3245 334 3311 389 τὸ
3343 336 3456 406 (61)
3502 336 3680 404 ἐμίν,

397 422 560 479 Patre
609 421 901 484 denotavit,
932 420 986 474 in
1019 434 1126 488 qua
1165 419 1314 473 nulla
1345 428 1430 475 est
1476 421 1775 478 voluntatis
1815 424 1963 478 diffe-

391 515 565 568 rentia
602 513 671 566 ob
693 511 1133 566 communionem
1185 519 1431 578 naturas;
1471 527 1594 566 nam
1628 529 1750 566 cum
1784 513 1966 570 Patris

390 604 727 659 voluntatem
755 601 911 666 dixit,
945 600 1066 656 Filii
1099 603 1676 672 quoque-voluntatem
1711 605 1964 676 designa~

391 699 489 752 vit.
525 694 652 750 llaec
695 703 876 749 autem
933 702 1018 749 est
1072 710 1264 749 omnes
1305 695 1552 750 homines
1599 696 1734 751 velle
1788 698 1969 753 salvos

397 791 507 845 ﬁeri
561 798 616 845 et
673 787 738 843 ad
801 789 1168 857 cognitionem
1213 787 1462 842 veritatis
1521 790 1795 854 venire”,
1824 790 1971 860 quod

393 882 550 935 aliter
582 879 697 934 fieri
742 894 852 933 non
889 887 1120 948 poterat,
1175 879 1284 932 nisi
1335 885 1515 934 morte
1537 879 1819 950 absorpta,
1849 896 1973 951 quae

395 972 459 1025 ad
514 971 680 1026 vitam
728 969 1437 1040 pervenireprazpediehat.
1493 969 1730 1025 Humilia
1787 980 1968 1026 autem

263 1087 270 1093 ο
367 1063 645 1132 humanae
703 1061 1012 1116 formidinis
1074 1061 1237 1115 verba
1290 1069 1455 1130 atque
1502 1061 1818 1116 atfeetiones
1863 1061 1968 1117 sibi

398 1154 624 1209 :iseiseit
677 1152 964 1217 Dominus,
997 1160 1056 1206 ut
1085 1153 1339 1207 ostendat
1382 1167 1509 1206 vere
1556 1154 1612 1206 in
1649 1154 1832 1224 seipso
1884 1169 1982 1209 vo-

397 1241 662 1295 luntatem
716 1248 959 1294 nostram
1003 1240 1280 1300 habuisse,
1323 1254 1396 1293 ex
1445 1239 1789 1296 aﬂectionum
1834 1256 1984 1298 com-

399 1333 661 1388 munione
683 1333 980 1387 humanam
1012 1333 1065 1386 in
1101 1348 1159 1388 se
1183 1341 1434 1387 naturam
1467 1349 1590 1389 esse
1629 1335 1983 1394 confirmans.

2067 427 2129 479 τὸ
2155 426 2490 497 ἀνθρώπινον
2536 427 2613 498 τῷ
2657 427 2800 498 λόγῳ
2854 429 3114 498 ἐσήμαινε.
3164 427 3429 498 Προσθε¹ις
3477 426 3561 490 δὲ,
3608 427 3683 478 Τὸ

2075 515 2210 580 σὸν,
2245 517 2408 583 ἔδειξε
2455 517 2564 588 (62)
2605 518 2667 571 τὸ
2717 517 2952 587 συναφὲς
3000 519 3096 587 τῆς
3142 517 3336 568 ἑαυτοῦ
3386 516 3528 587 πρὸς
3589 516 3682 567 τὸν

2068 608 2295 678 Πατέρα
2338 608 2605 677 θεότητος,
2652 604 2721 682 ἧς
2767 609 2991 679 οὐδεμία
3041 608 3341 678 θελήματός
3390 609 3506 659 ἐστι
3565 605 3682 660 δια-

2079 700 2220 766 φορὰ
2252 699 2341 752 διὰ
2367 699 2464 770 τὴν
2490 702 2771 754 κοινωνίαν
2795 701 2893 771 τῆς
2921 700 3133 769 φύσεως
3153 715 3165 728 ⁸
3197 700 3257 751 τὸ
3285 698 3396 768 γὰρ
3429 698 3542 767 (65)
3579 697 3680 750 τοῦ

2073 788 2293 859 -Πατρδς
2343 789 2513 845 εἰπὼν
2542 790 2773 864 θέλημα,
2809 791 2902 846 καὶ
2947 791 3007 843 τὸ
3049 790 3142 843 τοῦ
3179 790 3310 842 Υἱοῦ
3349 789 3678 853 ἐνεδείξατο.

2078 877 2248 932 Τοῦτο
2274 880 2330 933 δέ
2358 882 2471 934 ἐστι
2525 882 2585 935 τὺ
2613 885 2818 946 πάντας
2856 880 3176 952 ἀνθρώπους
3203 880 3374 933 θέλειν
3411 879 3684 947 σωθῆναι,

2077 968 2170 1019 καὶ
2219 969 2299 1033 είς
2359 970 2654 1039 ἐπίγνωσιν
2699 971 2956 1042 ἀληθείας
3015 970 3217 1023 ὲλθείνο
3270 971 3410 1039 ὅπερ
3466 971 3569 1021 οὐκ
3612 964 3683 1037 ἦν

2077 1060 2253 1123 ἄλλως
2285 1063 2558 1130 γενέσθαι,
2595 1063 2668 1134 μὴ
2703 1063 2798 1117 τοῦ
2830 1062 3060 1116 θανάτου
3105 1061 3506 1123 καταποθέντος
3540 1063 3683 1127 (6.1),

2081 1154 2185 1207 τοῦ
2225 1155 2359 1225 πρὸς
2403 1155 2502 1225 τὴν
2537 1153 2680 1224 ζωὴν
2709 1155 3102 1220 ἐμποδίζοντος.
3125 1153 3205 1204 Τά
3227 1152 3281 1203 δὲ
3309 1152 3546 1205 ταπεινὰ
3571 1151 3680 1218 (65)

2091 1245 2190 1314 τῆς
2227 1244 2570 1315 ἀνθρωπίνης
2593 1245 2792 1306 δειλίας
2821 1243 2914 1296 καὶ
2945 1244 3184 1312 ῥήματα,
3228 1243 3323 1293 καὶ
3371 1241 3550 1301 πάθος
3602 1244 3682 1291 οἰ-

2094 1335 2332 1389 κειοῦται
2368 1338 2396 1389 ὁ
2434 1335 2656 1404 Κύριος,
2693 1334 2905 1396 δεικνὺς
2930 1334 3012 1386 ὅτι
3069 1331 3262 1401 ἀληθὲς
3302 1329 3416 1400 (66)
3446 1326 3515 1399 ἦν
3550 1330 3683 1398 πεᾴ

395 1425 563 1478 αὑτὸν
596 1424 656 1476 τὸ
682 1413 972 1495 ἡμέτερον,
1016 1426 1079 1477 ὲκ
1104 1425 1201 1495 τῆς
1229 1425 1336 1478 τῶν
1361 1425 1702 1496 παθημάτων
1739 1430 2023 1493 κοινωνίας
2047 1429 2144 1501 τὴν
2210 1429 2369 1498 φύσιν
2435 1428 2788 1498 πιστούμενος
2806 1468 2822 1484 .

468 1534 706 1589 XXXIII.
753 1535 930 1604 Atqui,
980 1537 1054 1589 ait
1101 1535 1452 1606 Apollinaris,
1507 1541 1699 1593 terreni
1742 1541 1970 1595 hominis

2157 1544 2310 1597 Ἀλλ’
2340 1545 2451 1596 οὐκ
2494 1538 2592 1613 ἦν,
2653 1541 2818 1611 φησιν
2845 1541 2873 1593 δ
2918 1511 3319 1608 Ἀπολινάριος,
3352 1535 3680 1602 ἀνθρώ-του

400 1645 501 1682 non
528 1636 663 1690 erat,
697 1628 831 1680 sicut
857 1627 958 1694 ipsi
1010 1635 1219 1695 putant,
1257 1628 1396 1698 quod
1424 1630 1478 1682 in
1508 1630 1623 1698 ejus
1655 1632 1848 1684 unione
1890 1649 1978 1686 as-

401 1728 665 1785 sumptum
715 1718 910 1786 fuerat,
952 1718 1041 1771 sed
1089 1715 1204 1780 Dei,
1258 1720 1350 1788 qui
1401 1719 1466 1773 de
1511 1721 1640 1774 cosio
1689 1721 1974 1777 descendit.

405 1811 461 1861 lu
495 1809 579 1863 his
606 1818 784 1862 autem
816 1808 1000 1864 verbis
1033 1810 1363 1865 elocutionis
1389 1807 1641 1866 defectus
1681 1820 1734 1866 et
1773 1813 1980 1867 obscu-

403 1901 538 1955 ritas
567 1901 727 1954 cﬂieit
782 1909 838 1954 ut
873 1901 962 1969 qui
1020 1899 1166 1953 nuda
1222 1900 1386 1954 verba
1450 1903 1703 1968 attendit,
1737 1905 1982 1958 auctoris

403 2001 639 2046 mentem
694 2009 801 2046 non
841 1999 1187 2061 assequatur,
1227 1991 1336 2045 nisi
1368 1993 1513 2062 quod
1548 1996 1825 2050 sermonis
1852 2010 1987 2050 con-

407 2082 644 2140 fusione.
687 2084 806 2150 cjus
832 2097 1026 2137 sensus
1053 2096 1116 2135 ex
1155 2091 1270 2135 toto
1331 2098 1442 2137 non
1484 2084 1815 2138 occultatur.
1862 2084 1985 2139 Non

405 2185 524 2227 sunt
562 2175 753 2229 terreni
783 2174 1030 2239 hominis,
1054 2173 1249 2242 inquit,
1277 2190 1422 2228 voces
1451 2175 1558 2228 iure
1575 2192 1691 2243 qua:
1722 2176 1984 2229 humanas

406 2265 677 2332 passiones
694 2264 1012 2332 exprimunt,
1041 2263 1130 2316 sed
1152 2261 1247 2316 Dei
1257 2263 1346 2334 qui
1365 2263 1427 2316 de
1440 2263 1566 2317 cwlo
1597 2264 1884 2319 descendit.
1911 2266 1986 2320 Ex

409 2355 494 2408 his
527 2369 648 2423 qua:
697 2353 959 2407 hactenus
998 2353 1268 2422 diximus,
1331 2363 1477 2425 patet
1523 2357 1890 2425 Apollinarem
1935 2359 1988 2411 in

409 2445 465 2500 id
516 2460 683 2500 unum
739 2445 1041 2509 intendere,
1085 2457 1144 2501 ut
1199 2448 1412 2503 scilicet
1463 2448 1803 2504 divinitatem
1867 2467 1994 2520 pas-

410 2539 629 2593 sibilem
649 2555 772 2594 esse
801 2540 1161 2595 demonstret.
1197 2539 1316 2594 Mox
1345 2541 1640 2597 locutionis
1677 2544 1994 2598 absurdita-

409 2636 462 2681 te.
497 2628 694 2680 mentis
749 2643 860 2680 sua:
908 2643 1068 2682 sensa
1134 2629 1456 2695 confundit;
1515 2647 1640 2683 nam
1705 2641 1992 2700 postquam

410 2717 570 2782 dixit,
605 2715 703 2770 Dei
726 2718 813 2786 qui
837 2717 900 2770 de
925 2718 1053 2785 ειτίο,
1081 2717 1370 2781 descendit,
1401 2722 1585 2775 statim
1610 2722 1815 2786 subdit,
1843 2722 1994 2788 Quod

409 2812 465 2862 in
495 2809 610 2878 ejus
640 2810 885 2862 unionem
925 2819 1253 2879 assumptum
1290 2812 1483 2878 fuerat.
1523 2811 1652 2876 Qum
1691 2812 1856 2866 verba
1886 2830 1996 2868 non

2081 1635 2186 1687 τοῦ
2214 1635 2282 1688 ἐκ
2331 1633 2464 1704 γῆς,
2494 1635 2572 1699 ὠς
2599 1634 2766 1688 αὐτοὶ
2807 1631 3134 1701 νομίζουσι,
3163 1630 3324 1683 ἀλλὰ
3370 1627 3521 1681 Θεοῦ
3569 1626 3678 1678 τοῦ

2081 1723 2447 1789 καταϐάντος
2468 1723 2536 1788 ἐξ
2560 1723 2843 1792 οὐρανοῦ,
2863 1723 2926 1775 τὸ
2940 1725 3026 1787 εις
3040 1720 3258 1774 ἕνωσιν
3281 1718 3471 1771 αὐτοῦ
3488 1730 3684 1785 προσ-

2079 1809 2458 1878 ειλημμένον.
2504 1811 2591 1862 Ἐν
2625 1809 2830 1873 τούτοις
2875 1809 2966 1872 δὲ,
2999 1808 3060 1862 τὸ
3095 1808 3192 1877 μὲν
3239 1807 3427 1860 ἄτονόν
3482 1824 3543 1858 τε
3582 1808 3680 1858 καὶ

2083 1899 2392 1968 ἀσήμαντον
2416 1898 2516 1969 τῆς
2545 1899 2838 1969 ἑρμηνείας
2861 1899 3100 1969 παράγει
3122 1897 3222 1966 τῆς
3250 1896 3388 1948 κατά
3422 1897 3512 1947 τὸν
3543 1895 3677 1948 νιῦν

2084 1989 2404 2052 ἀκολουθίας
2453 1989 2544 2042 τδν
2589 1991 2701 2061 (67)
2745 1992 2856 2053 τοῖς
2917 1988 3325 2060 γεγραμμένοις
3377 1989 3682 2058 ἑπόμενον,

2086 2082 2226 2152 πλὴν
2266 2083 2326 2134 οὐ
2360 2082 2638 2146 παντελῶς
2683 2083 3095 2152 ἀποκέκρυπται
3131 2083 3164 2151 ἡ
3204 2080 3411 2133 διάνοια
3450 2082 3517 2150 τῇ
3560 2079 3686 2147 (68)

2090 2173 2348 2243 συγχύσει
2377 2174 2476 2242 τῆς
2505 2172 2721 2236 λέξεως.
2751 2174 2871 2224 Οὐκ
2902 2170 3235 2238 ἀνθρώπου,
3275 2172 3428 2240 φησι,
3465 2170 3573 2222 τοῦ
3609 2172 3681 2222 ἐκ

2088 2264 2202 2334 γῆς
2223 2265 2378 2316 εισιν
2407 2265 2466 2315 αὶ
2493 2260 2833 2330 περιπαθεῖς
2854 2260 3072 2312 ἐκεῖναι
3096 2259 3305 2327 φωναὶ,
3339 2260 3500 2313 ἀλλὰ
3525 2258 3689 2312 Θεοῦ

2090 2355 2196 2409 τοῦ
2232 2352 2598 2416 καταϐάντος
2637 2352 2705 2414 ἐξ
2744 2351 3020 2418 οἱφανοῦ.
3057 2351 3236 2423 Μέχρι
3281 2351 3472 2403 τούτου
3515 2352 3685 2421 δῆλον

2092 2447 2156 2498 ὲκ
2210 2444 2318 2496 τῶν
2367 2445 2671 2514 εἰρημένων
2734 2443 2792 2495 τὸ
2841 2441 3105 2512 βούλημα,
3154 2443 3235 2494 ὅτι
3293 2441 3391 2511 τὴν
3441 2441 3683 2512 θεότητει

2093 2535 2315 2606 ἐμπαθῆ
2368 2530 2504 2588 εἶναι
2559 2533 2974 2597 κατασκευάζει.
3028 2529 3158 2585 Εἶτα
3204 2535 3392 2602 συγχεῖ
3435 2535 3500 2602 τῇ
3552 2535 3684 2585 άτο-

2095 2629 2194 2698 πίᾳ
2223 2627 2335 2698 (69)
2367 2629 2463 2697 τῆς
2503 2627 2702 2692 λέξεως
2747 2627 2846 2694 τὴν
2880 2626 3138 2680 διάνοιαν.
3189 2623 3372 2676 Εἰπὼν
3405 2623 3537 2693 γάρ,
3594 2623 3684 2675 ὅτι

2099 2717 2246 2772 Θεοῦ
2277 2718 2383 2771 τοῦ
2417 2717 2780 2782 καταϐάντος
2809 2716 2878 2781 ἐξ
2906 2712 3198 2783 οὐρανῶν,
3233 2714 3558 2784 προστίθησι
3594 2713 3680 2774 τὸ,

2098 2809 2205 2872 Εἰς
2231 2806 2452 2861 ἕνωσιν
2473 2807 2657 2861 αὐτοῦ
2689 2805 3228 2875 προσειλημμένον.
3270 2805 3358 2867 Ὠς
3383 2806 3447 2858 ἀν
3470 2823 3554 2868 τις
3587 2806 3689 2857 ἐπὶ

411 2917 577 2956 nemo
595 2903 815 2956 clariori
849 2919 1012 2958 sensu
1031 2903 1266 2959 reddens
1296 2904 1651 2966 dixerit,Non
1681 2916 1795 2958 erat
1824 2905 1986 2961 homo

2091 2899 2152 2952 τὸ
2183 2899 2516 2971 σαφέστερον
2552 2897 2866 2970 μεταϐαλὼν
2904 2900 3012 2969 (70)
3043 2899 3184 2952 εἴποι
3236 2897 3324 2950 τὸν
3376 2898 3657 2964 λ.δγον,δτι

411 2992 506 3060 qui
538 2992 880 3062 loquebatur,
913 2991 1011 3046 sed
1044 2992 1185 3046 Deus
1221 3007 1316 3063 per
1352 2994 1986 3066 hominemloquebatur,

411 3082 506 3151 qui
538 3083 590 3136 in
627 3083 711 3137 sui
758 3084 932 3151 ipsius
975 3082 1229 3137 unionem
1262 3085 1404 3155 quod
1440 3086 1736 3154 appzrebat
1772 3100 1988 3141 assum-

412 3181 615 3242 pserat.
643 3172 924 3228 Uudenam
960 3173 1128 3244 igitur
1160 3182 1482 3243 assumptus
1514 3173 1618 3227 fuit
1661 3175 1822 3228 homo
1861 3175 1992 3229 ille?

414 3263 490 3316 Ex
526 3265 714 3319 terra?
740 3263 923 3336 Negat.
957 3266 1026 3319 At
1048 3267 1095 3321 si
1125 3266 1179 3320 in
1213 3267 1374 3321 etelis
1397 3267 1632 3328 exstitit,
1667 3282 1733 3320 ex
1756 3267 1991 3342 homini-

413 3357 520 3412 bus
550 3372 656 3411 non
685 3365 786 3412 est.
814 3356 1275 3428 Superestitaque
1307 3369 1364 3410 ut
1397 3358 1548 3411 nullo
1575 3373 1638 3412 ex
1678 3358 1800 3411 loco
1830 3359 1992 3412 adve-

416 3447 567 3502 uisse
585 3447 774 3514 dicat;
811 3462 916 3517 qua
970 3463 1092 3502 cum
1122 3448 1426 3501 assertione
1477 3446 1639 3500 simul
1698 3448 1991 3510 astruitur,

415 3538 674 3607 opinione
699 3539 1092 3601 tantummodo,
1120 3553 1226 3591 non
1265 3539 1490 3592 veritate
1530 3539 1809 3592 exstitisse
1847 3538 1990 3607 quod
2036 3610 2042 3618 '

416 3629 752 3699 apparebat:
811 3629 956 3696 quod
1023 3628 1167 3682 enim
1199 3645 1263 3682 ex
1324 3629 1473 3683 nullo
1514 3630 1637 3684 loco
1662 3638 1769 3694 est,
1805 3630 1858 3685 id
1893 3646 1994 3686 nec

419 3735 646 3789 prorsus
673 3720 910 3774 exsistit.
939 3717 1100 3789 Atqui
1130 3734 1193 3773 ex
1233 3719 1317 3774 his
1337 3735 1458 3790 qua:
1481 3720 1762 3792 subjungit
1790 3723 1993 3788 verbis,

419 3810 694 3864 hominem
727 3809 876 3862 illum
925 3826 955 3864 e
1015 3811 1154 3864 εαειο
1179 3810 1531 3866 descendisse
1588 3813 1742 3867 dicit.
1765 3810 1826 3866 Et
1863 3827 1997 3868 sane

421 3898 476 3952 in
500 3905 645 3950 terra
679 3895 888 3950 exstitit
923 3896 1109 3962 Maria,
1139 3905 1192 3951 et
1233 3897 1288 3950 in
1311 3905 1454 3952 terra
1471 3900 1736 3968 spelunca
1763 3903 1995 3967 exstitit,

420 3996 698 4041 terrenum
740 3996 794 4041 et
813 4003 1070 4057 praesepe.
1104 3989 1388 4054 Quomodo
1417 4005 1547 4060 ergo
1599 3991 1686 4044 hic
1723 3992 1999 4048 hominem

419 4095 451 4134 e
511 4079 652 4133 ccelo
704 4079 756 4131 in
843 4084 1043 4131 terram
1097 4076 1354 4132 deducit?
1425 4077 1559 4132 Nam
1605 4095 1728 4134 cum
1822 4083 2003 4137 omnis

423 4169 704 4238 Scriptura
775 4167 1006 4223 fateatur
1079 4167 1379 4239 Virginem,
1448 4178 1688 4238 partum,
1756 4185 1999 4236 carnem,

2089 2993 2204 3045 Οὐκ
2238 2992 2519 3062 ἅνθρωπος
2562 2987 2630 3061 ἦν
2669 2993 2696 3044 ὁ
2743 2990 2938 3053 λαλῶν,
2981 2989 3114 3041 ἀλλά
3159 2988 3287 3051 Θεὸς
3321 2987 3409 3041 διὰ
3444 2987 3533 3039 τοῦ
3590 2991 3687 3039 άν-

2096 3082 2315 3151 θρὼπου
2341 3080 2657 3150 ἐφθέγγετο,
2691 3082 2719 3132 ὁ
2749 3083 2825 3143 εἰς
2861 3081 2958 3150 τὴν
2992 3077 3184 3132 ἑαυτοῦ
3219 3079 3412 3131 ἕνωσιν
3443 3078 3683 3148 προσλα-

2093 3171 2202 3224 ϐὼν
2229 3171 2291 3223 τὸ
2325 3171 2664 3240 φαινόμενον.
2696 3169 2864 3223 Πόθεν
2896 3166 2986 3222 οὖν
3021 3168 3371 3239 προσελήφθη
3403 3171 3484 3236 (Π
3504 3217 3510 3228 ,
3533 3171 3681 3220 ἐκεῐο

2093 3280 2182 3324 νος
2210 3263 2239 3313 ὁ
2269 3261 2550 3333 ἄνθρωπος
2575 3279 2591 3327 ;
2627 3262 2720 3313 Ἐκ
2743 3261 2844 3330 γῆς
2869 3278 2882 3324 ;
2917 3259 2992 3313 Οὔ
3018 3278 3198 3330 φησιν.
3237 3259 3323 3311 Ἑν
3346 3261 3594 3328 οὐρανοῖς
3621 3260 3683 3311 δὲ

2093 3354 2402 3422 γενόμενος,
2435 3351 2737 3423 ἀνθρώπων
2765 3351 2874 3420 (ἲῖ)
2899 3353 2997 3403 οὐκ
3027 3344 3163 3404 ἐστι.
3192 3352 3448 3402 Λείπεται
3481 3349 3539 3400 τὺ
3573 3368 3681 3417 pa;-

2099 3443 2335 3514 δαμόθεν
2367 3442 2563 3511 λέγειν,
2589 3435 2632 3510 ᾧ
2664 3439 3252 3510 συγκατασκευάζεται,
3286 3441 3343 3493 τὸ
3374 3441 3597 3506 δόκησιν
3621 3440 3682 3492 τδ

2099 3535 2418 3605 φαινόμενον
2453 3530 2619 3598 εἶναι,
2640 3535 2734 3588 καὶ
2761 3533 2858 3586 οὐκ
2887 3533 3141 3605 ἀλήθειαν
3159 3551 3172 3564 ·
3211 3533 3269 3584 τὸ
3292 3532 3400 3602 γάρ
3435 3532 3681 3600 μηδαμό-

2100 3627 2192 3679 θεν
2226 3625 2304 3685 ὃν,
2328 3625 2448 3678 οὺδὲ
2474 3627 2618 3678 ἐστιν
2649 3625 2805 3687 ὅλως.
2843 3624 2980 3676 Ἀλλ’
3011 3625 3069 3689 ἐξ
3097 3617 3169 3676 ὧν
3194 3623 3462 3694 παρέθετο
3483 3622 3680 3689 λόγων,

2102 3717 2159 3783 ἐξ
2193 3716 2423 3787 οὐρανοῦ
2452 3716 2886 3787 καταϐεϐηκέναι
2928 3716 3017 3768 τὸν
3050 3715 3333 3786 ἄνθρωπον
3367 3714 3534 3781 λέγει.
3572 3715 3689 3766 Καὶ

2106 3809 2210 3882 μὴν
2251 3810 2345 3863 ἐπὶ
2380 3813 2482 3881 γῆς
2528 3812 2560 3880 ἡ
2609 3810 2817 3880 Μαρία,
2847 3810 2942 3862 καὶ
2971 3811 3028 3862 ἐν
3054 3811 3123 3878 γῇ
3156 3808 3215 3860 τὸ
3264 3807 3549 3876 σπήλαιον,
3587 3806 3684 3858 καὶ

2103 3905 2262 3974 γηΐνη
2294 3905 2328 3974 ή
2360 3904 2552 3974 φάτνη.
2596 3902 2707 3955 Καὶ
2741 3901 2856 3964 πῶς
2885 3903 3015 3971 ἡμῖν
3042 3899 3203 3962 αὐτὸς
3235 3899 3344 3967 (75)
3387 3897 3684 3969 οὐρανόθεν

2104 3993 2386 4064 ἄνθρωπον
2415 3993 2506 4046 ἐπὶ
2534 3993 2632 4062 τὴν
2671 3995 2773 4063 γῆν
2816 3990 3144 4063 μετοικίζει;
3182 3990 3367 4058 Πάρι-ης
3405 3988 3516 4057 γὰρ
3543 3989 3680 4056 δμο-

2105 4085 2369 4156 λογούσης
2386 4086 2607 4158 Γραφῆς
2625 4085 2723 4155 τὴν
2743 4083 3141 4154 Παρθένον,τὸν
3160 4083 3334 4142 τόκον,
3360 4079 3456 4150 τὴν
3480 4080 3678 4147 σάρκα,

2107 4176 2174 4230 τὰ
2205 4178 2510 4246 σπάργανα,
2536 4177 2633 4246 τὴν
2667 4175 2853 4246 θηλὴν,
2883 4173 2981 4244 τὴν
3020 4173 3244 4244 φάτνην,
3276 4171 3377 4242 τὴν
3405 4170 3679 4240 ἀνθρωπίο

421 4260 644 4322 fascias,
707 4260 910 4328 ubera,
976 4275 1221 4330 praesepe
1292 4276 1616 4331 omnemque
1671 4270 1988 4333 apparatum

2106 4285 2202 4339 νην
2231 4267 2541 4336 διασκευὴν,
2573 4260 2727 4328 οὗτος
2768 4265 2942 4318 πάντα
2985 4263 3320 4325 καταλιπὼν,
3363 4264 3547 4332 ἕτερον
3578 4261 3675 4313 ἀνι

423 4354 756 4417 humanum;
792 4351 877 4405 hic
919 4352 1174 4406 omnibus
1206 4351 1328 4407 istis
1359 4352 1600 4421 rejectis,
1633 4354 1798 4407 alium
1841 4355 1999 4409 nobis

425 4445 685 4514 contingit
719 4445 990 4499 hominem
1023 4446 1269 4514 cujusvis
1304 4447 1531 4516 originis
1569 4456 1844 4516 expertem
1885 4449 2003 4502 nul-

427 4535 581 4601 laque
607 4534 861 4588 allinitale
891 4550 1011 4590 cum
1041 4542 1234 4590 natura
1275 4545 1462 4592 nostra
1487 4539 1856 4604 conjunctuni.

494 4624 731 4680 XXXIV.
770 4626 940 4681 Porro
980 4629 1228 4682 convicia
1257 4630 1347 4682 illa
1399 4645 1521 4698 qua:
1571 4631 1687 4685 suis
1737 4631 2001 4686 sermoni-

427 4715 533 4770 bus
587 4716 800 4781 inserit,
837 4727 991 4774 ratus
1048 4719 1322 4789 dogmatis
1347 4721 1432 4774 sui
1457 4719 1749 4776 falsitatem
1785 4722 1998 4776 veritati

499 4889 590 4941 "l
625 4887 863 4948 'l'imoth.
900 4911 962 4959 ll,
995 4899 1050 4952 4.

501 5045 612 5120 (iii)
638 5045 794 5120 (Sorr.
837 5047 916 5098 ὅτι
943 5051 1017 5117 μὴ
1046 5049 1124 5120 τό,
1151 5061 1203 5104 et
1225 5065 1371 5110 mox,
1398 5050 1663 5120 ἐσήμηνε.

501 5117 612 5188 (69.)
647 5117 702 5188 In
729 5124 880 5169 sexta
914 5118 1106 5188 synod.
1137 5121 1230 5172 καὶ
1269 5120 1455 5184 ἔδειξε.

508 5187 621 5258 (65)
651 5183 726 5258 ΔΙιι
754 5195 908 5241 sexta
942 5183 1136 5255 synod.
1169 5192 1197 5241 ὁ
1225 5192 1352 5258 γάρ.

505 5255 616 5326 (64)
651 5256 728 5309 lta
759 5273 903 5312 corr.
948 5259 1095 5329 legit.
1128 5259 1201 5313 ha
1231 5255 1481 5315 et'sexta
1517 5259 1734 5328 synod.,
1765 5274 1882 5329 quae
1919 5267 2004 5313 ta-

432 5342 556 5380 men
587 5341 684 5395 pro
726 5328 1127 5392 καταποθέντος
1185 5331 1345 5385 habet.
1378 5328 1896 5396 καταγι-ινισθέντος.
1943 5331 2002 5384 1η

433 5393 557 5449 \‘at.
605 5404 786 5450 autem
838 5398 962 5452 cod.
1013 5409 1173 5454 antea
1205 5399 1440 5454 eratcui)
1458 5400 1692 5454 θανάτω.

545 5412 786 5471 Lautum
838 5412 962 5452 cou.
1013 5412 1173 5471 antea
1205 5412 1440 5470 erant-qi
1458 5412 1692 5471 υανατῳ.

434 5466 618 5603 ῥ..(65)
652 5468 712 5519 lu
734 5475 884 5522 sexta
925 5470 1116 5540 synud.
1159 5471 1221 5525 τὸ
1247 5471 1302 5524 δὲ
1333 5466 1604 5529 ταπεινόν,
1631 5466 1683 5522 et
1726 5485 1872 5532 mox,
1907 5470 2002 5522 καὶ

469 5550 605 5603 ημα.

469 5550 586 5604 ημα

646 5604 801 5658 Carr.
825 5605 1062 5675 ἀληθῶς,
1105 5619 1267 5679 atque
1295 5611 1365 5663 ita
1406 5611 1602 5682 legisse
1651 5609 1864 5665 videtur
1903 5625 2000 5664 ite-

2109 4360 2323 4430 θρωπον
2372 4359 2593 4430 ἄρριζον
2639 4359 2733 4411 καὶ
2775 4357 3027 4426 ἀσυναφῆ
3073 4358 3208 4427 πρὸς
3255 4356 3354 4428 τὴν
3408 4355 3676 4426 ἡμετέραν

2109 4452 2269 4520 φύσιν
2303 4451 2634 4504 ἀναπλάσσει
2665 4449 2742 4520 τῷ
2774 4449 2935 4518 λόγῳ.

2194 4628 2334 4682 Ἀλλ’
2363 4629 2492 4691 ὅσας
2541 4627 2628 4680 διὰ
2664 4627 2829 4697 μέσον
2859 4625 3122 4696 λοιδορίας
3165 4627 3276 4689 τοῖς
3316 4626 3500 4692 λόγοις
3545 4642 3682 4696 συμ-

2109 4723 2344 4787 πλέκων,
2366 4720 2452 4774 διὰ
2485 4718 2686 4772 τούτων
2710 4718 2880 4772 οἴεται
2906 4718 3192 4789 κρατύνειν
3215 4718 3310 4788 τὴν
3332 4717 3562 4770 ἀτοπίαν
3591 4717 3681 4770 τοῦ

2113 5060 2200 5106 tus
2239 5051 2434 5121 synod.
2479 5051 2860 5121 sextaainterp.
2915 5048 3040 5104 licet
3073 5048 3128 5102 in
3158 5045 3392 5116 vulgatis
3437 5043 3681 5113 ejusdem

2114 5119 2518 5190 exemplaribus
2555 5121 2625 5174 sit
2656 5119 2874 5186 ἀληθές.

2182 5187 2294 5260 (67)
2331 5191 2404 5242 Ita
2433 5205 2572 5244 corr.
2604 5208 2618 5254 ;
2647 5196 2802 5241 antea
2828 5187 2910 5240 τό.

2183 5260 2294 5327 (68)
2319 5262 2474 5314 (Iorr.
2500 5262 2557 5311 ὲν
2587 5262 2676 5328 τῇ.

2182 5330 2296 5391 (69)
2318 5330 2476 5384 Corr.
2500 5331 2707 5399 ἀτονία.

2185 5401 2299 5463 (70)
2327 5403 2399 5452 Ita
2431 5392 2779 5460 corr.;autea
2821 5396 3122 5464 legebatur,
3158 5392 3500 5464 μεταλαϐών.

2185 5471 2298 5537 (7i)
2330 5471 2404 5523 Ita
2432 5484 2600 5533 corn;
2631 5468 2832 5521 in'cmi.
2870 5463 2981 5537 est,
3008 5463 3392 5536 προσελείιρθη.

2183 5540 2293 5608 (72)
2313 5537 2620 5609 Legendum
2656 5539 2867 5592 videtur
2896 5536 3198 5606 ἄνθρωπος.

2185 5602 2296 5680 (73)
2321 5602 2474 5664 Coi‘r.
2503 5602 2678 5670 οὗτος.
3000 5602 3035 5652 ’-
