4018 6124
443 195 585 249 1197

1586 208 1958 267 ADVERSUS
2018 212 2532 269 APOLLINAREM.

3551 229 3685 285 “98

436 314 723 408 δόγματος,
753 317 818 370 δι’
845 311 919 371 ὧν
951 319 1015 373 ἂν
1048 323 1399 394 σφοδρότερον
1428 328 1459 397 ἠ
1470 327 1586 397 μῶν
1611 334 1728 393 ταῖς
1764 331 2007 401 βλασφη-

2129 347 2209 387 )er
2258 348 2322 388 ea
2360 334 2678 403 praepollere
2708 349 2888 403 posse,
2921 351 3018 407 per
3067 354 3190 408 quae
3225 354 3325 395 nos
3378 343 3687 401 maledictis

440 406 593 476 μίαις
626 409 960 465 καθικνεῖται
989 414 1121 485 (74),
1158 418 1403 489 παριδεῖν
1430 417 1579 491 οἶμαι
1609 424 1803 494 χρῆναι
1828 426 1918 478 τόν
1947 443 2011 494 γε

438 496 562 550 νοῦν
589 497 797 567 ἔχοντα,
832 503 926 555 καὶ
949 507 1016 574 τῇ
1044 505 1179 577 ἀκοῇ
1201 507 1308 560 τῶν
1333 511 1766 581 ἐντυγχανόντων
1796 515 2011 583 ἐπιτρέ-

437 588 535 655 ψαι
571 590 668 660 τὴν
696 592 896 662 κρίσιν,
922 595 1066 659 τίνες
1097 599 1146 650 οἱ
1194 602 1616 673 παραχαράκται
1645 604 1740 673 τῆς
1781 606 2012 659 ἀποστο-

438 679 597 748 λικῆς
630 684 738 735 είσι
787 685 1043 751 πίστεως,
1096 691 1256 760 ἡμεῖς
1283 694 1331 744 οἱ
1367 694 1505 747 κατά
1537 695 1632 765 τὴν
1661 696 1753 748 τοῦ
1800 698 2011 751 Παύλου

440 771 622 842 φωνὴν
652 776 872 840 γνόντες
904 778 1003 848 μὲν
1038 780 1178 833 κατὰ
1216 783 1391 852 σάρκα
1423 786 1465 837 Χ
1475 786 1676 855 ριστὸν,
1709 788 1804 842 νῦν
1831 789 1889 842 δὲ
1914 791 2013 843 οὐκ

438 860 518 913 ἔτι
558 864 947 931 γινώσκοντες·
984 870 1016 940 ἢ
1055 871 1084 922 6
1133 871 1383 935 πάντοτε.
1438 876 1530 927 καὶ
1572 877 1679 947 πρὸ
1724 879 1821 947 τῆς
1876 880 2015 934 κατά

440 951 725 1025 ἄνθρωπον
755 960 1087 1031 οἰκονομίας,
1124 964 1214 1016 καὶ
1260 964 1396 1034 μετά
1437 966 1594 1020 τοῦτο
1631 968 1721 1020 τὸν
1761 971 2014 1040 σάρκινον

442 1046 634 1099 ἑαυτοῦ
658 1049 789 1102 Θεὸν
822 1054 1131 1124 περιφέρων
1158 1055 1237 1127 τῷ
1267 1057 1410 1129 λόγῳ
1429 1074 1444 1090 ο
1480 1060 1799 1132 προστίθησι
1822 1063 1934 1131 (75)
1958 1064 2016 1117 δὲ

443 1137 539 1211 τὴν
592 1143 741 1213 παρᾶ
788 1144 893 1197 τῶν
944 1147 1211 1200 Ἰουδαίων
1259 1151 1628 1223 γεγενημένην
1681 1154 1800 1207 κατ’
1851 1155 2015 1209 αὐτοῦ

448 1228 809 1301 βλασφημίαν,
850 1236 911 1287 τὸ
962 1237 1133 1306 φάγον
1183 1238 1345 1293 αὐτὸν
1402 1224 1826 1314 λέγεσθαι-παρ’
1874 1247 2018 1300 ὲκεί-

447 1340 552 1374 νων
583 1325 675 1377 καὶ
700 1327 998 1401 οἰνοπότην,
1034 1332 1125 1383 καί
1166 1350 1330 1402 φησιν
1365 1335 1637 1403 ἀναγκαῖα
1666 1333 1803 1391 εἶναι
1845 1339 2018 1394 ταῦτα

447 1412 539 1465 ἐπὶ
576 1413 668 1466 τοῦ
703 1416 984 1486 ἀνθρώπου
1021 1421 1153 1489 (76).
1188 1424 1282 1486 Τίς
1313 1420 1404 1477 οὖν
1435 1427 1462 1477 6
1494 1425 1777 1496 ἄνθρωπος
1803 1431 1830 1481 6
1868 1430 2020 1501 παρὰ

448 1503 554 1556 τῶν
598 1506 862 1561 Ἰουδαίων
895 1510 985 1563 ἐπὶ
1021 1511 1220 1582 βρώσει
1252 1531 1310 1567 τε
1346 1516 1440 1567 καὶ
1468 1519 1534 1587 τῇ
1576 1517 1731 1570 πόσει
1765 1519 2018 1585 ὀνειδιζόο

450 1611 636 1664 μενος;
683 1600 941 1670 Ιιῖετέχων
984 1603 1209 1667 τούτων,
1246 1605 1278 1675 ἢ
1330 1605 1594 1676 ἀμέτοχος
1624 1608 1729 1674 (Iw;
1778 1611 1917 1664 Ἀλλ’
1967 1614 2018 1666 εί

451 1686 547 1756 μὲν
571 1691 644 1758 μὴ
676 1695 911 1763 μετεῖχε,
942 1694 1163 1765 δόκησις
1196 1692 1292 1767 ἦν’
1322 1699 1371 1750 εἰ
1407 1698 1463 1751 δὲ
1487 1703 1723 1770 μετεῖχε,
1750 1703 1932 1773 γήϊνον
1959 1705 2021 1757 τὸ
2051 1680 2093 1737 Β

450 1781 805 1853 μετεχόμενον
830 1803 839 1813 ·
872 1786 933 1838 τὸ
964 1786 1020 1839 δὲ
1048 1788 1299 1860 οὐράνιον
1322 1791 1410 1845 διὰ
1438 1792 1546 1845 τῶν
1577 1795 1778 1864 γηΐνων
1804 1796 1864 1849 οὐ
1904 1796 2022 1868 τρέ-

451 1890 628 1939 φεται.
666 1876 729 1927 Ὢ
757 1878 855 1947 τῆς
884 1878 989 1933 τῶν
1023 1882 1236 1937 ἀτόπων
1272 1884 1672 1956 ἐναντιότητοςί
1707 1888 1829 1951 Πῶς
1862 1890 1920 1943 ἐν
1944 1889 2022 1962 τῷ

450 1964 599 2035 αὐτῷ
651 1971 765 2031 τοῖς
811 1971 1072 2037 ἐναντίοις
1117 1975 1514 2030 καταϐάλλεται
1574 1977 1830 2049 πτώμασι
1861 1980 1873 2033 !
1909 1980 2025 2034 Νῦν

455 2055 553 2126 μὲν
586 2057 753 2127 λέγει,
787 2063 1069 2133 κρείττονα
1106 2068 1205 2135 τῆς
1251 2067 1595 2140 ἀνθρωπίνης
1631 2070 1844 2139 φύσεως
1886 2069 2025 2126 εἶναι

452 2148 543 2201 τὸν
574 2153 898 2220 σωματικῶς
956 2159 1384 2229 προφαινόμενον
1425 2161 1556 2229 (77).
1608 2162 1774 2215 Πάλιν
1826 2162 1882 2215 δὲ
1932 2164 2027 2217 καὶ

455 2238 561 2291 τῶν
619 2241 919 2312 ἀνθρώπων
970 2248 1387 2319 καταδεέστερον
1432 2251 1722 2314 δείκνυσιν,
1774 2253 2026 2324 ἠκρωτη-

460 2332 747 2401 ριασμένον
778 2334 853 2404 τῷ
881 2338 1167 2407 κρείττονι.
1203 2340 1321 2393 Τῶν
1353 2340 1461 2409 γάρ
1504 2341 1560 2392 ὲν
1591 2342 1720 2410 ἡμῖν
1764 2343 1824 2395 τὸ
1857 2344 2026 2414 ὑπερ-

455 2422 579 2491 έχον
628 2426 774 2476 ἐστὶν
826 2428 857 2495 ἡ
914 2427 1142 2492 διάνοια,
1170 2427 1237 2502 ἦς
1281 2432 1505 2504 ἄμοιρον
1544 2428 1683 2487 εἶναι
1728 2437 1825 2505 τὴν
1855 2436 2029 2505 σάρκα

456 2509 621 2578 λέγει,
648 2512 703 2564 ἐν
796 2515 823 2564 6
858 2514 989 2578 Θεὸς
1021 2518 1334 2590 ἐφανερώοη
1361 2538 1373 2551 ·
1416 2523 1508 2575 καὶ
1534 2522 1688 2575 τοῦτο
1722 2524 1903 2593 σαφῶς
1944 2524 2029 2577 διὰ

457 2602 562 2655 τῶν
585 2604 781 2675 ἐφεξῆς
810 2606 1036 2675 ἀγώνων
1074 2613 1512 2678 κατασκευάζων.
1550 2616 1633 2683 ἐφ’
1667 2609 1741 2668 ὧν
1766 2617 1813 2668 εί
1846 2618 1918 2687 μή
1946 2633 2031 2681 τις

460 2697 707 2767 περιττὸν
733 2701 916 2768 ἡγοῖτο
944 2701 1043 2772 τὴν
1075 2704 1304 2775 ἐπιμελῆ
1348 2707 1453 2760 τῶν
1480 2710 1723 2778 ματαίων
1763 2708 2027 2776 ἐξέτασιν,

460 2783 523 2836 δι’
557 2786 747 2853 ὀλίγων
772 2792 881 2851 τοῖς
915 2792 1222 2861 εἰρημένοις
1249 2796 1713 2866 ἐπιδραμούμεοα.
1738 2800 1901 2851 Πάλιν
1923 2800 2031 2870 γάρ

460 2875 658 2946 πλῆθος
696 2878 904 2948 ὕϐρεων
953 2883 1291 2954 ἐπαντλήσας
1320 2888 1384 2955 τῇ
1438 2892 1746 2958 συγγραφῇ,
1793 2889 2030 2942 τοιοῦτον

461 2969 579 3019 καθ’
599 2969 754 3038 ἡμῶν
782 2970 935 3040 λόγον
952 2974 1303 3043 προτείνεται,
1329 2976 1533 3029 ἀδικεῖν
1564 2978 1734 3046 λέγων
1756 2982 1880 3044 τοὺς
1907 2981 2032 3032 ταὺ-

461 3060 549 3112 τδν
577 3056 716 3113 εἶναι
777 3063 1083 3129 φάσκοντας
1126 3068 1326 3136 σαρκὸς
1378 3067 1571 3121 ἕνωσιν
1618 3069 1712 3122 καὶ
1744 3070 2030 3141 ἀνθρώπου

463 3151 781 3223 πρόσληψιν.
828 3154 966 3222 Ἐγὼ
998 3156 1051 3209 δὲ
1091 3156 1195 3210 κᾶν
1224 3160 1603 3232 ἀγροικότερον
1636 3159 1771 3215 εἶναι
1814 3164 1943 3234 δοκῇ
1971 3165 2032 3217 τὸ

461 3239 767 3311 λεγόμενον,
798 3246 896 3299 οὐκ
942 3248 1312 3319 ἐπικρύψομαι
1340 3251 1436 3321 τὴν
1479 3253 1757 3324 ἀλήθειαν,
1794 3256 1872 3309 ὄτι
1917 3256 2030 3312 οὗθ’

462 3334 645 3406 ἕτερον
694 3339 801 3390 τῶν
844 3341 1147 3409 εἰρημένων
1182 3344 1210 3395 ό
1266 3342 1386 3395 καθ’
1438 3345 1582 3413 ἡμᾶς
1615 3344 1918 3417 ἱδιωτισμὸς
1966 3348 2031 3401 δι’

462 3429 745 3498 ἀκριϐείας
764 3430 981 3502 συνίστη
991 3450 1060 3486 σι.
1076 3432 1137 3485 Τί
1152 3434 1510 3505 γάρδιαφὲρει
1527 3438 1725 3507 σαρκὸς
1737 3438 1927 3501 ἕνωσις
1941 3442 2032 3493 καὶ

462 3519 748 3590 ἀνθρώπου
768 3522 1086 3593 πρόσληψις,
1109 3525 1304 3578 οὑτωσὶ
1321 3528 1460 3579 κατὰ
1474 3528 1531 3579 τὸ
1550 3529 1834 3601 πρόχειρον
1859 3532 2033 3603 ἑρμη-

465 3610 637 3664 νεύειν
672 3614 771 3665 οὺκ
796 3613 1044 3683 εὔπορον,
1080 3616 1212 3668 διότι
1238 3618 1517 3688 πολλαχῶς
1554 3626 1750 3675 νοεῖται
1778 3624 1811 3694 ἡ
1843 3623 2034 3688 ἓνωσις

466 3705 557 3755 καὶ
574 3704 812 3775 ἀριθμῷ,
834 3706 1087 3770 καὶεῖδει,
1103 3708 1193 3761 καὶ
1208 3709 1384 3778 φύσει,
1401 3715 1493 3764 καὶ
1514 3714 1926 3784 ἐπιτηδεύμασι,
1943 3718 2037 3770 καὶ

470 3797 775 3868 μαθήμασι,
800 3798 1019 3862 καὶτοῖς
1043 3800 1183 3853 κατὰ
1208 3803 1370 3867 κακὰ,
1390 3802 1421 3871 ἢ
1442 3803 1640 3875 ἀρετὴν
1658 3805 1768 3874 (78)
1787 3806 2036 3877 ἰδιώμασι

468 3884 558 3935 καὶ
575 3885 985 3955 ἐπιτηδεύμασι.
1013 3888 1106 3949 Τίς
1128 3884 1220 3941 οὖν
1253 3892 1447 3961 ἐστινὴ
1472 3892 1572 3962 τῆς
1595 3895 1793 3962 σαρκός
1823 3896 2034 3960 ἓνωσις,

468 3972 577 4027 εἴτε
599 3975 733 4045 πρὸς
752 3976 970 4048 ἑαυτὴν,
996 3978 1102 4030 εἴτε
1129 3980 1262 4050 πρὸς
1285 3981 1468 4051 ἕτερον
1494 3984 1754 4056 ὲνουμένη
1776 3985 1909 4057 (79),
1932 3990 2038 4042 τῶν

470 4067 875 4138 ἑρμηνευόντων
913 4069 1004 4123 τὸν
1037 4070 1193 4138 λόγον
1223 4072 1471 4142 δεόμεθα.
1508 4076 1579 4128 ’Ἡ
1611 4094 1670 4129 τε
1703 4077 1796 4131 τοῦ
1839 4079 2040 4152 ἀνθρώ·

471 4174 573 4209 που
607 4159 905 4230 πρόσληψις
935 4160 1051 4225 πῶς
1094 4162 1319 4229 γίνεται,
1354 4166 1530 4229 ποίου,
1582 4169 1674 4221 καὶ
1716 4170 1897 4235 πόθεν,
1948 4174 2042 4226 καὶ

471 4245 608 4309 πῶς,
642 4248 731 4299 καὶ
766 4248 916 4318 παρὰ
942 4248 1103 4311 τίνος,
1137 4251 1231 4305 καὶ
1260 4252 1378 4305 τίνα
1405 4256 1605 4325 τρόπον
1640 4260 2042 4331 προσειλημμέ-

2117 423 2301 477 acrius
2337 424 2573 494 impetit,
2604 429 3001 483 contemnenda
3035 445 3161 486 esse
3217 432 3457 487 arbitror
3492 435 3691 505 cuique

2118 529 2250 569 sana
2283 524 2460 571 mente
2481 518 2726 587 praedito,
2755 534 2820 573 ac
2868 520 3130 575 lectorum
3151 522 3360 593 judicio
3389 524 3693 596 relinquen-

2118 606 2269 673 dum,
2319 610 2541 677 quinam
2588 627 2714 667 vere
2753 614 3105 683 apostolicam
3140 615 3300 669 Iidem
3335 617 3641 672 adulterent
3674 638 3690 673 :

2120 715 2292 755 nosne
2335 703 2429 771 qui
2456 703 2612 772 juxta
2640 703 2794 757 Pauli
2828 706 2995 760 verba
3014 706 3062 739 ”‘
3091 708 3444 777 cognovimus
3471 709 3690 780 quidem
3714 707 3719 712 ’

2121 792 2421 847 secundum
2459 809 2680 849 carnem
2726 795 3025 863 Christum,
3059 814 3206 854 nunc
3255 814 3385 854 vero
3431 800 3542 869 jam
3582 817 3693 856 non

2121 886 2525 952 cognoscimus,
2557 902 2626 939 an
2682 887 2807 951 iste,
2844 889 2937 957 qui
2989 904 3201 959 semper
3249 898 3363 946 tum
3414 900 3543 947 ante
3577 901 3690 946 tum

2122 982 2244 1043 post
2273 977 2734 1045 dispensationem
2792 995 2915 1049 quae
2944 981 3190 1035 humanae
3225 993 3430 1038 naturae
3480 999 3695 1039 assum-

2123 1065 2308 1133 ptione
2339 1065 2479 1119 facta
2511 1077 2615 1131 est,
2646 1066 2813 1124 Deum
2833 1086 3000 1125 carne
3025 1072 3309 1141 praaditum
3362 1090 3391 1125 a
3431 1090 3490 1128 se
3518 1074 3691 1128 conti-

2123 1163 2271 1208 ctum
2300 1156 2578 1224 praedicat.
2611 1159 2770 1214 Addit
2817 1172 2996 1217 autem
3030 1163 3114 1217 his
3169 1180 3290 1233 qua:
3338 1165 3497 1218 modo
3530 1164 3689 1226 dixit,

2122 1239 2436 1298 Judzeorum
2488 1246 2752 1302 adversus
2806 1248 3083 1305 Christum
3138 1251 3553 1320 blasphemiam,
3586 1269 3692 1323 qua

2126 1334 2305 1402 ipsum
2361 1352 2612 1393 voracem
2652 1339 2926 1395 hominem
2956 1349 3011 1394 et
3051 1341 3157 1394 vini
3202 1351 3499 1410 putatorem
3532 1359 3690 1397 voca-

2124 1426 2275 1491 bant,
2318 1428 2501 1497 aitque
2550 1430 2664 1485 haec
2716 1432 3033 1487 necessario
3062 1449 3184 1488 esse
3236 1432 3303 1487 de
3356 1434 3574 1489 homine
3605 1435 3689 1489 di-

2124 1518 2323 1573 cenda;
2356 1516 2559 1589 Ecquis
2596 1520 2763 1588 igitur
2826 1521 2988 1575 homo
3024 1522 3112 1577 ille
3134 1531 3218 1576 est
3270 1523 3356 1575 cui
3391 1524 3459 1577 ab
3492 1521 3697 1578 Judmis

2125 1615 2286 1675 potus
2324 1609 2541 1678 cibique
2569 1609 2800 1665 aviditas
2834 1611 3232 1680 exprobratur?
3268 1611 3497 1676 Cibone,
3535 1624 3695 1682 potu-

2123 1713 2229 1766 que
2288 1698 2560 1765 utebatur,
2601 1716 2668 1753 an
2710 1701 2905 1755 secus?
2949 1700 3112 1771 Atqui
3158 1702 3206 1756 si
3253 1718 3362 1757 non
3414 1704 3694 1768 utebatur,

2124 1790 2306 1845 inanis
2337 1791 2426 1846 ille
2458 1800 2512 1847 et
2549 1793 2807 1847 simulata
2832 1795 3045 1863 species
3071 1802 3216 1859 erat;
3246 1796 3331 1850 sin
3364 1806 3543 1849 autem
3578 1803 3699 1850 ute-

2124 1878 2304 1945 batur,
2337 1887 2587 1937 terrenus
2613 1882 2800 1953 utique
2836 1891 2953 1937 erat
2986 1882 3144 1938 cibus
3176 1884 3268 1938 ille
3302 1893 3460 1953 atque
3511 1893 3694 1953 potus,

2123 1986 2283 2040 quem
2321 1973 2601 2043 capiebat;
2633 1974 2777 2044 quod
2815 1983 2996 2029 autem
3033 1975 3254 2029 cmlcste
3300 1984 3403 2037 est,
3462 1975 3699 2029 terrenis

2127 2063 2293 2119 rebus
2328 2081 2436 2119 non
2477 2066 2662 2119 alitur.
2695 2064 2738 2120 Ο
2767 2066 2957 2118 miram
2999 2064 3361 2120 absurdarum
3396 2082 3576 2121 rerum
3610 2082 3697 2121 re-

2126 2157 2515 2226 pugnantiam!
2570 2155 2637 2210 Ut
2673 2158 2820 2210 circa
2872 2172 3033 2209 unam
3064 2157 3421 2226 eamdemque
3476 2173 3588 2211 rem
3642 2159 3698 2211 in

2125 2249 2432 2305 contrarios
2464 2265 2680 2304 errores
2711 2249 3010 2303 delabitur!
3047 2249 3208 2305 Modo
3250 2251 3466 2319 quidem
3502 2254 3700 2305 asserit

2126 2352 2274 2404 eum,
2303 2342 2639 2409 quicorpore
2662 2340 2919 2409 prteditus
2951 2341 3701 2408 apparebat,praeslantiorent

2129 2429 2362 2484 humana
2414 2431 2690 2485 exstitisse
2723 2438 2940 2483 natura.
2996 2429 3115 2483 Mox
3145 2446 3273 2484 vero
3326 2432 3575 2484 eumdem
3610 2431 3679 2484 ho

2131 2521 2368 2574 minibus
2414 2521 2730 2575 inferiorem
2785 2522 3025 2585 exhibet,
3084 2536 3147 2575 ac
3182 2522 3391 2591 potiore
3441 2523 3522 2575 sui
3553 2532 3705 2591 parte

2130 2614 2463 2666 mutilatum.
2503 2612 2709 2665 Cuncta
2734 2612 2876 2665 enim
2908 2627 3031 2680 quae
3080 2613 3134 2665 in
3171 2613 3329 2666 nobis
3360 2623 3503 2674 sunt,
3550 2628 3704 2667 mens

2131 2701 2392 2771 dignitate
2410 2700 2693 2771 praecellit,
2720 2700 2877 2768 cujus
2909 2708 3183 2769 expertem
3221 2717 3343 2757 esse
3369 2717 3613 2761 carnem,
3648 2704 3703 2755 in

2132 2808 2239 2861 qua
2292 2790 2440 2846 Deus
2479 2791 2862 2845 manifestalus
2910 2802 3012 2854 est,
3043 2792 3277 2858 asserit;
3310 2792 3471 2862 idque
3518 2792 3705 2846 multis

2133 2883 2391 2949 deinceps
2420 2883 2707 2936 conatibus
2735 2884 2909 2950 palam
2948 2884 3164 2949 astruit,
3217 2884 3491 2953 inquibus
3521 2885 3703 2947 modo,

2057 3015 2099 3069 Ο
2135 2987 2202 3025 ne
2225 2973 2347 3042 quis
2378 2974 2544 3027 stulta
2577 2981 2739 3043 atque
2800 2974 2978 3044 inepta
3014 2982 3267 3029 accurate
3308 2976 3584 3029 discutere
3613 2991 3706 3029 su-

2135 3079 2528 3134 pervacaneum
2587 3066 2885 3129 existimet,
2948 3083 3070 3137 qua:
3102 3069 3170 3120 ab
3227 3068 3346 3137 ipso
3398 3068 3545 3121 dicta
3576 3075 3707 3121 sunt

2132 3155 2372 3209 breviter
2400 3170 2807 3224 percurramus.
2838 3157 3052 3213 Rursus
3084 3160 3228 3213 enim
3258 3174 3455 3227 magna
3484 3158 3708 3227 injuria-

2133 3262 2252 3300 rum
2299 3247 2456 3315 cepia
2518 3262 2672 3300 suam
2740 3248 3092 3316 scriptionent
3155 3248 3472 3311 referciens,
3544 3250 3707 3303 talem

2134 3340 2398 3393 adversus
2421 3354 2519 3394 nos
2550 3354 2859 3393 sermonem
2890 3340 2943 3393 in
2980 3340 3217 3394 medium
3251 3339 3480 3409 profert,
3510 3349 3569 3393 ut
3604 3342 3707 3393 int-

2135 3433 2222 3501 pie
2252 3448 2345 3487 eos
2366 3432 2568 3487 sentire
2596 3432 2743 3485 dicat
2770 3432 2864 3501 qui
2888 3448 3052 3485 unum
3085 3432 3341 3501 idemque
3378 3447 3503 3486 esse
3530 3433 3706 3493 aiunt,

2135 3525 2319 3578 carnis
2382 3523 2682 3577 unitionent
2733 3530 2787 3575 et
2825 3523 3064 3576 hominis
3096 3523 3532 3591 susceptionem.
3601 3522 3710 3590 Ego

2136 3622 2314 3666 autem
2347 3612 2447 3668 etsi
2469 3612 2727 3666 rusticius
2752 3610 2899 3682 loqui
2930 3611 3424 3675 videar,veritatem
3448 3627 3555 3665 non
3582 3613 3707 3665 abs-

2137 3704 2370 3759 condam
2395 3742 2412 3768 ,
2447 3713 2703 3759 neutrum
2760 3720 2956 3773 nempe
2988 3719 3177 3757 eorum
3218 3719 3340 3773 qua:
3371 3704 3530 3758 modo
3564 3705 3710 3756 dicta

2138 3808 2266 3853 sunt
2295 3805 2499 3851 nostra:
2560 3798 2759 3865 linguae
2788 3795 3063 3850 idiotismo
3112 3806 3302 3850 exacte
3334 3799 3712 3865 comprobari.

2142 3893 2280 3958 Quid
2312 3893 2457 3947 enim
2493 3892 2749 3946 diil'erant
2778 3891 2963 3945 carnis
2994 3890 3168 3944 unitio
3202 3898 3256 3945 et
3285 3890 3521 3943 hominis
3590 3905 3713 3943 sus-

2139 3986 2321 4056 ceptio
2354 4025 2367 4046 ,
2400 3984 2546 4038 haud
2602 3983 2676 4036 ita
2701 3983 2756 4036 in
2791 3982 3015 4051 proclivi
3074 3992 3159 4035 est
3208 3981 3391 4035 verbis
3411 3982 3708 4050 explicare,

2141 4073 2585 4144 quandoquidem
2616 4072 2967 4126 multifariam
2991 4072 3266 4140 variisque
3295 4073 3347 4125 in
3380 4071 3541 4125 rebus
3585 4072 3718 4124 unio

2142 4166 2547 4227 consideratur,
2592 4165 2644 4217 in
2668 4178 2899 4217 numero
2933 4162 3162 4223 scilicet,
3200 4160 3254 4212 in
3284 4162 3485 4227 specie,
3533 4160 3588 4211 in
3623 4175 3719 4211 na-

2145 4265 2291 4323 tura,
2321 4257 2372 4310 in
2400 4256 2689 4317 institutis,
2721 4253 2775 4306 in
2812 4250 3098 4313 doctrinis,
3148 4251 3200 4301 in
3234 4250 3457 4302 malitia:
3487 4250 3570 4302 vel
3606 4251 3718 4301 vir-

470 4356 584 4403 νοιν,
629 4339 760 4411 (80),
791 4340 983 4413 ἐπίσης
1032 4342 1108 4412 τῷ
1148 4344 1468 4415 προλαϐόντι
1520 4349 1650 4418 ἡμῖν
1685 4350 1792 4422 181)
1834 4354 1889 4404 ὲν
1934 4356 2030 4415 τοῖς

2152 4350 2285 4403 tutis
2312 4346 2760 4417 proprietatibus,
2799 4350 2850 4397 et
2876 4356 3003 4409 erga
3037 4342 3355 4394 alterutram
3388 4340 3607 4394 studiis.
3632 4338 3718 4391 ln—

472 4431 853 4501 άγνοουμένοις
898 4433 1062 4485 ἐστίν.
1100 4434 1243 4496 Ἕως
1270 4435 1377 4505 γὰρ
1404 4436 1469 4489 ἂν
1524 4440 1597 4509 μὴ
1632 4439 1709 4509 τῷ
1764 4441 1893 4512 Θείῳ
1941 4446 2040 4512 τῆς

473 4519 511 4570 Γ
516 4520 694 4589 ραφῆς
738 4520 891 4573 ἅλατι
916 4519 1007 4573 τὸν
1039 4522 1163 4591 περὶ
1203 4526 1497 4595 μυστηρίου
1540 4526 1695 4597 λόγον
1723 4528 1835 4599 (82)
1868 4533 2041 4602 ἐπαρ-

472 4609 613 4664 τύων
654 4613 926 4682 προφέρῃ,
961 4614 1021 4664 τὸ
1074 4617 1513 4686 μεμωραμμένον
1555 4618 1652 4687 τῆς
1697 4619 1800 4684 ἔξω
1852 4622 2041 4691 σοφίας

476 4701 607 4765 ἃλας
632 4702 911 4755 πατεῖσθαι
939 4704 1088 4774 παρὰ
1113 4704 1220 4758 τῶν
1250 4706 1453 4759 πιστῶν
1479 4709 1909 4783 καταλείψωμεν.
1947 4714 2041 4776 Τίς

475 4794 582 4846 τῶν
609 4794 1002 4862 εὖαγγελιστῶν
1053 4796 1251 4866 σαρκὸς
1290 4798 1483 4851 ἕνωσιν
1515 4800 1849 4872 διηγήσατο;
1886 4806 2042 4859 Ποῖον

476 4886 533 4939 δὲ
559 4887 667 4940 τῶν
709 4887 1078 4940 άποστολικῶν
1117 4889 1467 4962 διηγημάτων
1503 4892 1601 4963 τὴν
1633 4894 1725 4947 τοῦ
1760 4896 2044 4965 ἀνθρώπου

549 4998 593 5030 ⁸⁷⁵
625 4996 667 5050 ll
696 4997 820 5053 Cor.
851 5014 902 5060 ν,
932 4997 1012 5051 10.

551 5134 663 5201 (74)
694 5134 853 5187 Corr.
882 5133 1237 5205 καθικνῆται.

552 5206 663 5274 (75)
691 5206 848 5259 (Zorr.
882 5205 1209 5274 προστιθείς.

550 5272 660 5353 (76)
714 5272 937 5353 Locum
970 5280 1119 5353 hunc
1162 5290 1351 5353 usque
1380 5273 1445 5353 ad
1491 5272 1582 5351 illa
1623 5273 1785 5353 verba
1822 5273 1911 5353 διὰ
1940 5274 2047 5353 τῶν

481 5343 682 5424 γηΐνωέ)
709 5348 769 5399 οὐ
804 5346 1081 5424 τρέφεται,
1110 5346 1293 5424 laudat
1315 5343 1639 5424 Euthymius
1673 5344 1727 5395 in
1760 5346 1920 5424 toties
1940 5345 2052 5397 lau-

482 5416 605 5471 data
632 5416 897 5486 Panoplia
944 5419 1191 5470 adversus
1218 5417 1440 5471 haereses
1486 5422 1638 5481 parte
1687 5429 1748 5474 ιι,
1786 5416 1870 5466 tit.
1929 5429 2047 5477 xm,

486 5504 606 5539 naxz.
641 5487 768 5539 526-
802 5503 944 5539 vers.
984 5487 1248 5539 Christus.

485 5504 606 5558 pag.
641 5487 768 5553 526,
802 5503 944 5542 vers.
984 5487 1248 5542 Christus.

555 5558 669 5621 (77)
729 5561 805 5613 lta
862 5572 1032 5622 corr.,
1066 5568 1221 5612 antea
1251 5562 1429 5609 autem
1479 5562 1595 5608 erat
1624 5553 1684 5606 τὸ
1724 5553 2049 5621 σωματικῶς

490 5631 940 5699 προφαινόμενον.

2147 4447 2444 4509 terpretum
2479 4438 2661 4505 itaque
2692 4435 3051 4504 explicatione
3078 4432 3233 4486 nobis
3257 4447 3395 4500 opus
3423 4445 3523 4495 est,
3560 4443 3615 4484 ut
3640 4433 3720 4484 in-

2147 4532 2453 4601 telligamus
2491 4542 2739 4599 quaenam
2784 4528 2854 4582 sit
2886 4526 3000 4580 haec
3033 4526 3213 4578 carnis
3266 4525 3417 4590 unio,
3444 4527 3561 4579 sive
3595 4540 3718 4577 enm

2149 4626 2439 4694 semetipsa
2475 4623 2588 4677 sive
2636 4635 2761 4674 cum
2787 4619 2894 4672 alio
2940 4618 3092 4670 inita.
3125 4614 3374 4669 Hominis
3408 4616 3568 4668 etiam
3594 4630 3721 4669 sus-

2150 4716 2326 4787 Ceptio
2350 4709 2646 4783 quomodo,
2676 4724 2739 4762 ex
2774 4706 2944 4777 quali,
2969 4714 3021 4758 et
3042 4704 3184 4759 unde
3217 4703 3328 4767 ﬁat,
3361 4719 3424 4756 ac
3457 4713 3719 4771 praaterea

2151 4804 2445 4877 quomodo,
2521 4800 2813 4860 undenant,
2885 4803 2939 4852 et
2996 4810 3232 4864 quanam
3293 4795 3504 4847 ratione
3558 4795 3721 4846 homo

2154 4902 2440 4965 susceptus
2473 4894 2564 4955 sit,
2607 4904 2759 4959 teque
2782 4904 2845 4941 ae
2890 4886 3247 4957 praecedentia
3280 4887 3437 4940 nobis
3478 4887 3721 4956 ignotum

2225 5135 2334 5206 (78)
2395 5136 2474 5189 Ita
2508 5151 2679 5202 corr.,
2703 5135 2856 5203 prius
2900 5142 3019 5189 erat
3056 5130 3196 5185 κατὰ
3248 5126 3422 5195 κακὴν
3461 5123 3661 5191 ἀρετήν
3692 5137 3705 5172 :

2154 5209 2293 5259 mala
2325 5208 2502 5260 lectio.

2228 5276 2337 5346 (79)
2370 5277 2528 5346 tiorr.
2584 5277 2907 5345 ὲνουμένως.

2369 5345 2445 5399 Ita
2468 5363 2611 5400 corr.
2643 5336 3318 5419 ιιιιὶθςι-προσειλημμένος.

2230 5406 2339 5487 (8i)
2372 5419 2554 5478 Com,
2584 5406 2903 5487 ﬁpola6_6vit
2938 5412 3030 5461 και
3051 5406 3217 5487 tot»?
3238 5406 3386 5487 ἡμῖν.

2370 5488 2523 5541 Corr.
2542 5469 2687 5554 ’περὶ
2707 5482 2801 5535 τοῦ
2827 5478 3122 5551 μυστηρίου
3152 5469 3440 5541 τὸνλόγον.
3493 5469 3558 5524 Ει
3591 5479 3720 5523 mox

2156 5557 2277 5609 ἆλα.
