4020 6140
310 162 449 218 1199

1578 176 1634 231 S.
1669 176 1994 234 GREGORH
2019 178 2313 235 NYSSEM

3436 189 3579 243 1200

309 297 412 338 t'sl.
447 283 577 339 Nam
627 291 866 358 quandiu
897 291 1092 346 divina:
1128 292 1421 364 Scriptura:
1453 298 1566 356 sale
1594 301 1872 356 conditum

1995 306 2310 378 πρόσληψιν,
2351 311 2549 364 οὑτωσὶ
2599 311 2739 366 κατὰ
2766 311 2864 382 τὴν
2891 311 3032 376 λέξιν
3079 309 3318 375 ἐδίδαξε;
3363 309 3460 372 Τίς
3490 309 3585 362 νό-

307 374 375 430 de
400 377 503 432 hoc
529 383 790 450 mysterio
823 397 1128 438 sermonem
1157 401 1265 440 non
1301 389 1559 457 proferet,
1595 393 1882 446 evanidum

307 477 546 524 externae
601 471 881 541 sapientiae
922 474 1093 530 salem
1149 476 1400 536 fidelibus
1444 483 1880 537 conculcandum

307 560 703 628 relinquemus.
782 561 1108 634 Eequisnam
1191 571 1646 639 evangelistarum
1698 577 1881 631 carnis

311 651 610 705 unitionem
703 659 1209 712 cmmemoravit?
1255 659 1513 725 Quaenam
1589 667 1884 734 apostolica

310 739 513 808 scripta
541 739 780 798 hominis
803 747 1204 815 susceptionem
1229 747 1379 804 hisce
1407 753 1604 821 quibus
1638 754 1752 822 ipse
1783 756 1889 808 uti-

309 838 399 882 tur
445 831 628 886 verbis
675 848 774 888 nos
818 836 1282 905 edocuere?Qua:
1307 842 1412 907 lex,
1458 845 1548 912 qui
1591 847 1888 914 prophetae,

309 936 556 989 quaenam
591 939 620 978 a
663 925 770 979 [leo
799 928 1064 997 inspirata
1109 932 1413 1002 Scriptura,
1451 951 1697 1003 quamam
1725 953 1890 1007 synoc

309 1012 431 1068 dica
455 1016 665 1071 sanctio
685 1018 790 1072 tale
811 1020 943 1088 quid
972 1022 1130 1078 nobis
1149 1025 1893 1089 custodiendum,connnisit?

309 1104 575 1160 Caeterum
605 1123 668 1163 ex
720 1110 806 1165 his
833 1111 1046 1168 duobus
1108 1116 1310 1179 verbis,
1364 1117 1612 1171 unitione
1641 1118 1892 1172 videlicet

311 1195 520 1261 carnis,
542 1203 596 1251 et
621 1201 970 1268 susceptione
996 1201 1250 1269 hominis,
1283 1219 1450 1257 unum
1481 1205 1698 1274 quidem
1731 1209 1890 1263 nobis

312 1287 558 1351 ascribit,
591 1289 738 1342 aliud
772 1306 901 1345 vero
925 1293 1010 1346 sui
1042 1295 1320 1363 preprinm
1357 1312 1480 1352 esse
1502 1297 1668 1364 dicit;
1707 1309 1889 1352 utrum

313 1386 494 1431 autem
528 1378 720 1434 horum
752 1381 855 1434 sibi
889 1383 1147 1449 vindicet,
1184 1385 1363 1440 adhuc
1395 1387 1740 1456 ambigimus.
1778 1387 1889 1442 Nos

310 1469 457 1522 enim
489 1471 572 1524 vel
590 1479 845 1526 neutrum
871 1488 1058 1528 eorum
1093 1476 1380 1530 verborum
1420 1493 1769 1544 usurpamus,
1803 1479 1889 1534 vel

1998 417 2116 468 μος,
2145 403 2285 454 ποῖοι
2344 403 2642 472 προφῆται,
2683 405 2766 467 τίς
2809 403 3160 466 θεόπνευστος
3204 403 3381 470 λόγος,
3425 405 3587 454 ποῖον

1997 493 2211 546 συνόδου
2267 493 2462 563 δόγμα,
2509 494 2749 547 τοιοῦτον
2796 497 2924 566 ἡμῖν
2957 495 3067 564 (85)
3124 494 3586 565 παρακατέθετο;

2009 582 2101 636 Ἐκ
2137 583 2342 638 τούτων
2388 585 2568 638 τοίνυν
2606 585 2711 638 τῶν
2757 585 2849 639 δύο
2887 586 3144 657 ρημάτων
3187 585 3248 638 τὸ
3303 585 3403 655 μὲν
3447 587 3590 655 ἡμῖν

1994 677 2310 747 προσνέμει,
2332 677 2390 730 τὸ
2415 677 2470 730 δὲ
2495 678 2627 730 ἴδιον
2651 674 2788 731 εἷναι
2819 677 3000 747 λέγει·
3034 677 3263 748 πότερον
3290 677 3346 728 δὲ
3373 676 3589 729 τούτων

1993 769 2188 822 ἑαυτοῦ
2207 771 2457 834 ποιεῖται,
2489 769 2647 842 μέχρι
2677 769 2768 823 τοῦ
2790 770 2883 823 νῦν
2912 768 3346 840 ἀμφιϐάλλομεν.
3389 768 3591 837 Ἡμεῖς

1995 859 2102 929 γὰρ
2139 859 2172 930 ἢ
2207 859 2319 914 οὔθ’
2352 861 2543 931 ἕτερον
2585 861 2951 931 οἰκειούμεθα,
2990 861 3021 931 ἤ
3059 861 3370 929 ἀμφότερα,
3407 857 3497 910 διὰ
3526 858 3592 909 τὸ

1999 951 2266 1024 μηδεμίαν
2295 954 2351 1005 ὲν
2379 953 2588 1024 θατέρῳ
2618 955 2752 1026 πρὸς
2777 954 2836 1008 τὸ
2861 953 3043 1024 ἕτερον
3080 952 3343 1019 διαφοράν
3373 950 3590 1021 ἐξευρε-

1999 1059 2168 1096 σκειν.
2205 1045 2280 1097 Ἥ
2309 1062 2369 1097 τε
2395 1046 2502 1116 γὰρ
2522 1048 2712 1108 Evam:
2740 1046 2874 1117 πρός
2900 1063 2951 1097 τι
2987 1045 3214 1112 γίνεται,
3244 1044 3278 1112 ἦ
3313 1060 3368 1094 τε
3414 1041 3584 1109 ’προει-⁸

1994 1132 2154 1203 ληψίς
2197 1152 2342 1199 τινος
2394 1137 2610 1200 πάντως
2659 1136 2838 1190 ἐστίν·
2886 1135 3145 1205 ἑκάτερον
3187 1133 3243 1184 δὲ
3300 1133 3398 1203 τὴν
3445 1131 3586 1200 πρὸς

1994 1223 2183 1294 ἕτερον
2243 1225 2427 1295 σχέσιν
2466 1225 2827 1296 ὑποσημαίνει
2869 1225 3002 1296 (84),
3041 1225 3134 1277 καὶ
3181 1227 3210 1276 6
3256 1219 3586 1292 προσλαϐὼν

1994 1317 2198 1385 ⁴ἥνωται
2223 1315 2301 1385 τῷ
2340 1315 2760 1387 προσληφθέντι,
2800 1315 2892 1370 καὶ
2921 1314 2981 1366 τὸ
3006 1312 3203 1366 ἐνωθὲν
3228 1312 3317 1366 διὰ
3340 1310 3587 1382 προσλὴ-

1995 1407 2144 1476 ψεως
2167 1407 2392 1477 ἥνωται.

315 1575 638 1636 utrumque;
695 1580 976 1638 propterea
1017 1571 1161 1640 quod
1203 1574 1349 1626 nulla
1383 1575 1434 1627 in
1467 1589 1524 1628 re
1552 1576 1782 1629 alterum
1822 1575 1893 1628 ab
1928 1572 2101 1627 altero
2166 1567 2386 1623 dillerre
2431 1566 2877 1638 deprehenditur.
2932 1565 3066 1620 Nam
3133 1576 3186 1622 et
3234 1566 3411 1620 unitio
3452 1580 3584 1619 eum

314 1657 493 1727 aliqua
527 1673 584 1712 re
615 1658 688 1722 ﬁt,
725 1668 776 1713 et
806 1660 1082 1729 susceptio
1130 1677 1238 1716 non
1275 1664 1381 1719 nisi
1410 1664 1643 1734 alicujus
1694 1665 1769 1718 rei
1830 1662 2106 1732 susceptio
2163 1667 2292 1726 est;
2347 1668 2641 1727 utrumque
2698 1666 2878 1713 autem
2939 1658 3258 1713 relationem
3325 1659 3392 1711 ad
3440 1657 3581 1710 alte-

313 1763 433 1804 rum
467 1751 723 1817 denotat;
758 1752 849 1821 qui
883 1753 1026 1807 enim
1053 1755 1300 1824 suscipit,
1335 1771 1457 1810 cum
1484 1766 1742 1828 suscepto
1766 1758 1974 1821 unitur,
2014 1762 2068 1810 et
2093 1752 2239 1824 quod
2273 1752 2676 1824 unitur,utique
2703 1767 2799 1822 per
2827 1753 3230 1820 susceptionem
3262 1751 3579 1821 copulatur.

384 1860 598 1914 XXXV.
635 1863 738 1918 Sed
775 1864 910 1920 duas
949 1881 1232 1935 personas,
1268 1868 1431 1924 Deum
1462 1879 1515 1926 et
1549 1886 1578 1925 a
1608 1871 1719 1928 Deo
1753 1886 1876 1927 sus-
1921 1877 1964 1930 Β

313 1963 529 2023 ceptum
563 1955 836 2010 hominem
887 1973 986 2012 nos
1009 1959 1191 2015 dicere
1237 1961 1329 2018 ille
1375 1964 1614 2027 asserit;
1667 1978 1726 2017 se
1758 1977 1888 2017 vero

315 2044 460 2098 haud
495 2044 567 2098 ita
600 2060 823 2113 prorsus
848 2049 1050 2102 sentire
1073 2092 1087 2115 ,
1137 2051 1384 2119 quinimo
1421 2052 1603 2108 dicere
1632 2054 1888 2108 incarna-

316 2145 433 2188 tum
485 2135 652 2190 fuisse
704 2135 1005 2201 Christum,
1062 2155 1296 2210 eumque
1344 2160 1452 2198 non
1520 2160 1643 2200 esse
1699 2147 1766 2200 ab
1806 2145 1889 2199 in-

316 2239 582 2292 corporeo
650 2226 965 2292 diversum,
1023 2228 1117 2283 sed
1172 2247 1336 2285 unum
1403 2235 1764 2305 eumdemque
1821 2236 1887 2290 ad

317 2314 727 2369 similitudinem
800 2323 1002 2372 nostrae
1081 2334 1241 2389 quam
1302 2322 1354 2375 in
1426 2338 1590 2379 carne
1656 2325 1890 2381 vivimus

314 2406 456 2460 vitae.
510 2406 700 2460 Adhuc
762 2424 933 2477 nugas
988 2425 1117 2466 suas
1152 2427 1254 2481 per
1302 2427 1388 2477 ea,
1429 2430 1550 2484 quae
1601 2422 1746 2470 stare
1791 2431 1890 2470 ne-

316 2506 542 2568 queunt,
589 2500 746 2554 nobis
790 2501 1063 2559 edisserit.
1118 2502 1363 2560 Carneus
1415 2507 1534 2575 ejus
1567 2506 1717 2562 Deus
1759 2509 1892 2564 sim-

317 2589 437 2659 plex
464 2597 654 2642 natura
689 2605 808 2643 esse
841 2607 946 2645 non
980 2599 1191 2661 potest;
1229 2611 1388 2660 nemo
1421 2598 1564 2650 enim
1590 2606 1672 2651 est
1699 2599 1788 2666 qui
1834 2599 1890 2653 in

320 2696 488 2735 carne
509 2681 914 2750 simplicitatem
954 2684 1124 2752 possit
1164 2687 1490 2754 conspicari.
1527 2689 1678 2753 Quod
1713 2699 1890 2743 autem

319 2773 549 2842 simplex
577 2789 684 2828 non
711 2782 813 2837 est,
852 2776 1267 2846 compositionis
1293 2793 1490 2848 expers
1523 2795 1644 2835 esse
1682 2781 1888 2850 nequit.

319 2866 389 2918 At
416 2864 519 2919 iste
547 2880 711 2918 unum
751 2881 872 2921 esse
914 2867 1066 2932 dicit,
1113 2869 1302 2924 eodem
1353 2885 1576 2938 prorsus
1635 2873 1796 2925 modo
1829 2886 1893 2927 ac

321 2959 697 3028 unusquisque
745 2970 991 3015 nostrum
1060 2978 1203 3016 unus
1253 2970 1356 3028 est,
1407 2964 1496 3033 qui
1537 2980 1602 3019 ex
1643 2980 1892 3034 corpore,

319 3049 514 3116 inquit,
551 3049 743 3118 spiritu
778 3059 827 3101 ct
863 3050 1044 3104 anima
1085 3060 1419 3108 constamus.
1450 3053 1654 3108 Novum
1683 3057 1894 3110 numeri

317 3154 489 3208 genus
537 3154 684 3194 nunc
726 3141 961 3210 primum
1014 3142 1372 3208 addiscimus,
1437 3161 1605 3198 unum
1651 3161 1712 3199 ea
1767 3162 1888 3201 esse

317 3205 492 3284 cdocti
524 3246 644 3299 qua:
677 3205 742 3285 in.
786 3233 886 3286 tria
930 3233 1130 3288 diversi
1161 3205 1374 3304 generis
1414 3235 1749 3290 dividuntur.
1781 3234 1885 3291 Sed
1912 3205 1958 3261 Ο

322 3321 372 3373 in
407 3321 551 3375 aliud
585 3330 798 3393 tempus
831 3340 1135 3380 sermonem
1169 3327 1235 3380 de
1287 3327 1503 3395 spiritu,
1543 3343 1704 3395 quem
1732 3329 1892 3396 Apol-

319 3413 509 3469 linaris
532 3417 812 3486 confingit,
853 3417 1177 3472 diil'eramus.
1232 3417 1342 3472 Nos
1391 3434 1518 3472 vero
1557 3419 1890 3473 crassiorem

319 3507 554 3562 hominis
585 3507 906 3562 divisionem
927 3524 1034 3578 qua
1066 3509 1313 3577 plerique
1347 3515 1577 3562 utuntur
1599 3507 1798 3572 edocti,
1826 3525 1891 3564 ex

318 3597 499 3652 l:nima
555 3598 893 3667 intelligente
939 3606 994 3653 et
1049 3614 1279 3668 corpore
1324 3599 1598 3655 hominem
1632 3603 1891 3657 constitui

320 3686 570 3740 fatemur.
604 3687 889 3752 Quomodo
926 3689 1110 3759 itaque
1139 3690 1384 3747 dicemus
1409 3692 1520 3746 duo
1552 3709 1718 3747 unum
1745 3709 1888 3758 esse,

317 3793 442 3832 cum
468 3779 762 3848 Apostolus
787 3781 1072 3837 manifeste
1099 3783 1236 3839 duos
1271 3783 1520 3839 homines
1550 3785 1605 3838 in
1635 3800 1887 3855 unoquo-

316 3887 423 3942 que
473 3880 721 3926 nostrum
777 3874 1046 3937 observet,
1081 3875 1208 3928 dum
1251 3876 1448 3946 inquit,
1511 3877 1653 3930 Licet
1684 3879 1748 3939 is,
1797 3880 1888 3948 qui

317 3961 448 4030 foris
477 3972 577 4025 est,
623 3972 798 4016 noster
850 3964 1003 4019 homo
1048 3969 1425 4036 corrumpitur,
1484 3984 1681 4037 corpus
1725 3969 1884 4023 intel-

318 4055 518 4123 ligens,
589 4063 760 4109 tamen
799 4055 843 4108 is
905 4057 996 4126 qui
1048 4059 1188 4111 intus
1222 4069 1320 4123 est,
1369 4071 1650 4112 renovatur
1690 4059 1753 4114 de
1805 4061 1890 4114 die

315 4147 368 4199 in
400 4145 538 4199 diem
574 4146 641 4209 ⁸⁵,
677 4147 912 4201 animam
942 4149 1027 4202 his
1057 4149 1238 4204 verbis
1265 4150 1605 4206 subobscure
1633 4151 1883 4207 innuens.

315 4237 476 4306 Atqui
503 4238 549 4291 si
576 4246 688 4292 tres
711 4248 868 4294 erant
894 4240 1194 4296 secundum
1225 4241 1587 4312 Apollinarem
1616 4241 1882 4309 homines,

313 4329 452 4385 duos
501 4330 726 4386 omnino
769 4332 1075 4389 invisibiles
1134 4342 1188 4388 et
1222 4349 1390 4388 unum
1450 4333 1718 4389 visibilem
1775 4342 1886 4387 sta-

317 4421 510 4476 tuisset
535 4422 850 4492 Apostolus;
885 4425 957 4477 ita
986 4435 1042 4479 ut
1064 4427 1412 4495 quantumvis
1444 4427 1533 4481 ille
1559 4427 1714 4496 juxta
1747 4427 1885 4481 divi-

2075 1867 2214 1920 Ἀλλ’
2247 1867 2392 1938 ἡμᾶς
2445 1882 2577 1936 φησι
2611 1864 2702 1918 δύο
2747 1865 3014 1936 πρόσωπα
3061 1864 3260 1932 λέγειν,
3320 1863 3411 1915 τὸν
3439 1862 3583 1915 Θεὸν

1992 1960 2086 2012 καὶ
2116 1959 2204 2012 τὸν
2241 1958 2392 2030 παρὰ
2441 1958 2549 2028 (85)
2579 1957 2674 2011 τοῦ
2714 1956 2847 2010 Θεοῦ
2904 1956 3313 2028 προσληφθέν-,τα
3357 1955 3581 2025 ἄνθρωο

1992 2068 2090 2104 πον
2113 2064 2129 2080 ⁶
2166 2050 2326 2103 αὐτὸν
2359 2050 2417 2103 δέ
2467 2067 2599 2122 φησι
2631 2051 2705 2120 μὴ
2749 2049 2921 2113 οὕτως
2967 2050 3129 2120 ἔχειν,
3168 2048 3304 2102 ἀλλὰ
3343 2049 3584 2114 φάσκειν

1989 2144 2080 2195 τὸν
2132 2141 2503 2212 σαρκωθέντα,
2565 2141 2660 2195 καὶ
2711 2141 2841 2195 ὄντα
2897 2143 2993 2211 οὐχ
3057 2141 3244 2212 ἕτερον
3290 2141 3439 2211 παρὰ
3480 2139 3582 2193 τὸν

1991 2231 2300 2302 ἀσώματον,
2353 2230 2487 2284 ἀλλὰ
2542 2231 2634 2284 τὸν
2674 2230 2835 2283 αὐτὸν
2881 2231 3002 2284 καθ’
3052 2231 3310 2300 ὁμοίωσιν
3373 2229 3580 2300 ἡμετέ-

1993 2340 2091 2395 ροις
2125 2323 2181 2374 ὲν
2208 2322 2371 2392 σαρκὶ
2392 2322 2538 2390 ζωῆς
2557 2321 2692 2392 (86).
2723 2323 2842 2374 Ἔτι
2867 2321 2951 2374 διὰ
2969 2321 3073 2374 τῶν
3099 2322 3416 2374 ἀσυστάτων
3443 2323 3580 2390 ἡμῖν

1990 2413 2115 2476 τοὺς
2157 2412 2464 2482 φληνάφους
2516 2412 2786 2476 διέξεισιν.
2835 2413 2893 2465 Ὀ
2933 2413 3187 2482 σάρκινος
3227 2412 3388 2465 αὑτοῦ
3441 2411 3580 2472 Θεὸς

1991 2506 2194 2568 ἁπλοῦς
2216 2504 2353 2559 εἶναι
2380 2505 2538 2574 φύσιν
2559 2507 2657 2558 οὐκ
2672 2505 2804 2575 ἔχει·
2830 2505 2890 2558 οὐ
2914 2504 3021 2576 γὰρ
3044 2505 3108 2558 ἄν
3131 2522 3212 2567 τις
3235 2505 3292 2555 ἐν
3319 2506 3381 2574 τῇ
3409 2501 3578 2573 σαρκὶ

1991 2597 2053 2648 τὸ
2086 2595 2288 2648 ἁπλοῦν
2333 2593 2658 2666 θεωρήσειεο
2695 2594 2767 2647 -τὸ
2807 2594 2862 2646 δὲ
2898 2593 2972 2664 μὴ
3013 2593 3236 2657 ἁπλοῦν,
3261 2591 3578 2644 ,ἀσύνθετον

1993 2684 2130 2740 εἶναι
2158 2687 2218 2739 οὐ
2268 2686 2510 2739 δύναται.
2565 2685 2704 2738 Ἀλλ’
2742 2679 2896 2747 οὗτος
2937 2680 3076 2736 εἶναι
3107 2685 3167 2736 τὸ
3203 2683 3259 2735 ἓν
3291 2683 3462 2750 λέγει,
3493 2683 3577 2747 ὡς

1993 2779 2085 2831 καὶ
2110 2779 2265 2848 ἡμῶν
2308 2779 2560 2845 ἕκαστον,
2605 2780 2669 2830 ὲκ
2705 2777 3036 2848 πνεύματος,
3069 2777 3222 2846 φησὶν
3261 2777 3352 2828 ναὶ
3395 2776 3575 2845 ψυχῆς

1994 2869 2087 2921 καὶ
2122 2867 2392 2938 σώματος.
2438 2867 2550 2921 Νῦν
2590 2867 2821 2938 πρώτως
2868 2867 2928 2920 τὸ
2953 2867 3138 2920 καινὸν
3165 2861 3302 2930 εἶδος
3328 2866 3420 2918 τοῦ
3448 2867 3577 2936 ἀρι-

1995 2959 2132 3030 θμοῦ
2167 2959 2540 3029 ἐδιδάχθημεν,
2593 2957 2855 3026 μαθόντες
2888 2959 2968 3010 ὅτι
3002 2957 3068 3010 τὰ
3113 2959 3191 3020 είς
3220 2957 3344 3028 τρία
3388 2959 3578 3027 ἑτερο-

1993 3053 2124 3122 γενῆ
2181 3051 2482 3124 διῃρημένα
2533 3049 2698 3120 μονάς
2729 3049 2893 3102 ἐστιν.
2945 3048 3083 3101 Ἀλλ’
3111 3051 3139 3101 6
3180 3049 3274 3119 μὲν
3319 3047 3573 3118 περὶτοῦ

1995 3142 2434 3204 ἁναπλασθέντος
2465 3140 2610 3210 αὐτῷ
2648 3140 2973 3210 πνεύματος,
3007 3139 3349 3210 ὑπερκείσθω
3392 3139 3571 3206 λόγος.

1996 3234 2153 3290 Κατὰ
2185 3234 2241 3286 δὲ
2265 3235 2363 3303 τὴν
2395 3233 2882 3304 παχυμερεστέραν
2910 3231 3004 3285 τοῦ
3054 3232 3341 3303 ἀνθρώπου
3374 3233 3572 3302 τομὴν,
3645 3254 3649 3256 ·

1995 3328 2176 3392 καθὼς
2228 3329 2278 3380 οἱ
2329 3327 2511 3379 πολλοὶ
2560 3324 2857 3396 διαιροῦσιν
2915 3323 3048 3393 (87).
3104 3323 3455 3393 ἐδιδάχθημεν
3505 3325 3574 3376 ἐκ

1994 3425 2181 3492 νοερᾶς,
2212 3421 2389 3491 ψυχῆς
2431 3419 2524 3472 καὶ
2554 3417 2805 3488 σώματος
2838 3411 2975 3469 εἶναι
3005 3415 3101 3487 τὴν
3140 3414 3230 3468 τοῦ
3283 3415 3571 3483 ἀνθρώπου

1996 3513 2252 3567 σύστασιν
2288 3509 2694 3581 ὁμολογοῦντες.
2729 3507 2854 3570 Πῶς
2881 3507 3124 3577 εἴπωμεν
3155 3505 3222 3559 τὰ
3252 3506 3342 3558 δύο
3371 3505 3449 3568 ἓν,
3473 3505 3572 3556 τοῦ

2005 3603 2324 3658 Ἀποστόλου
2375 3600 2582 3670 σαφῶς,
2635 3600 2726 3652 δύο
2791 3596 3114 3668 ἀνθρώπους
3164 3599 3290 3667 περὶ
3335 3597 3573 3650 ἕκαστον

1995 3695 2299 3764 βλέποντος,
2335 3695 2392 3745 ὲν
2420 3686 2502 3754 οἷς
2531 3707 2715 3760 φησιν,
2743 3691 2806 3742 El
2827 3688 2926 3742 καὶ
2952 3692 2985 3742 ό
3012 3689 3234 3753 ἔξωθεν
3270 3687 3436 3755 ἡμῶν
3460 3686 3572 3740 ἇν-

1992 3791 2222 3854 θρωπος
2246 3783 2661 3852 διαφθείρεται,
2692 3779 2753 3832 τὺ
2785 3779 2944 3850 σῶμα
2964 3780 3160 3847 λέγων,
3191 3781 3329 3833 ἀλλ’
3360 3782 3392 3831 ὀ
3419 3779 3572 3832 ἐσω-

1991 3881 2094 3932 θεν
2149 3874 2569 3930 ἀνακαινοῦται
2603 3871 2791 3940 ἡμέρᾳ
2846 3871 2942 3925 καὶ
2988 3871 3194 3940 ἡμέρᾳ,
3245 3871 3341 3940 τὴν
3388 3870 3573 3939 ψυχὴν

1992 3968 2378 4039 αἰνισσόμενος.
2410 3964 2600 4019 Καίτοι
2644 3964 2690 4016 εἰ
2722 3965 2870 4033 τρεῖς
2900 3958 3040 4034 ἦσαν
3097 3964 3236 4015 κατὰ
3270 3962 3360 4014 τον
3404 3963 3570 4013 ’Λποο

1990 4060 2225 4130 λινάριον
2254 4057 2547 4128 ἄνθρωποι,
2584 4054 2676 4108 δύο
2709 4053 2925 4115 πάντως
2967 4052 3033 4105 ἂν
3063 4053 3188 4114 τοὺς
3222 4053 3444 4118 ἀφανεῖς
3472 4052 3568 4103 καὶ

1989 4154 2084 4206 ἕνα
2123 4151 2345 4218 ἐποίησε
2387 4149 2478 4202 τὸν
2516 4147 2857 4216 φαινόμενον,
2889 4145 3029 4198 ὥστε
3083 4144 3184 4197 κᾶν
3225 4147 3282 4196 ὲν
3314 4143 3390 4213 τῷ
3440 4142 3568 4196 καθ’

1988 4245 2135 4315 ἡμᾶς
2179 4239 2520 4310 ὲπιδείγματι
2559 4237 2818 4310 κρατύνει
2851 4237 2942 4289 τὸν
2983 4235 3111 4289 ἕδιον
3146 4236 3320 4303 λόγον,
3365 4235 3420 4287 ἓν
3447 4238 3562 4287 ὀνο-

1991 4334 2178 4405 μάζων
2208 4331 2276 4385 τὰ
2321 4329 2432 4393 δύο,
2463 4328 2878 4405 παραγράφεται
2911 4327 3069 4380 αὐτὸν
3099 4327 3126 4378 6
3174 4325 3403 4389 Παῦλος,
3431 4325 3558 4378 διαι-

1991 4425 2097 4494 ρῶν
2143 4422 2232 4475 τὴν
2264 4419 2548 4490 ἄνθρωπον
2582 4421 2640 4471 ὲν
2668 4421 2734 4488 τῇ
2777 4419 2932 4487 δυῖκῇ
2981 4415 3242 4486 σημασίᾳ.
3289 4415 3441 4468 Ἐπεὶ
3470 4411 3564 4468 οὖν

315 4512 522 4566 sionem
573 4523 816 4566 nostram
857 4513 1108 4567 humanae
1144 4523 1352 4570 naturte
1407 4515 1654 4584 exemplo
1688 4515 1754 4569 ad
1785 4515 1880 4568 ﬁr-

1995 4514 2075 4568 διὰ
2104 4512 2198 4566 τοῦ
2245 4509 2582 4581 ἀνθρωπίνου
2621 4508 2711 4562 τὸν
2744 4506 2836 4560 τοῦ
2875 4507 3136 4575 δόγματος
3183 4506 3372 4558 ἑαυτοῦ
3407 4506 3562 4574 λόγον

314 4601 567 4654 mandam
615 4616 768 4655 suam
820 4611 1085 4666 uteretur,
1141 4620 1308 4658 unum
1360 4619 1565 4659 vocans
1607 4620 1728 4674 quae
1774 4605 1883 4658 duo

316 4700 464 4756 sunt,
495 4704 523 4742 a
552 4689 721 4745 Paulo
749 4693 1102 4749 nihilominus
1143 4696 1416 4751 hominem
1449 4697 1585 4752 duas
1613 4697 1667 4751 in
1700 4707 1884 4767 partes

315 4779 590 4834 dividente
619 4780 978 4838 refellerctur.
1010 4783 1278 4850 Quoniam
1328 4787 1512 4856 itaque
1539 4787 1787 4856 exemplo
1816 4804 1882 4843 ex

317 4873 552 4927 humana
592 4883 780 4926 natura
833 4875 1120 4947 desumpto
1170 4879 1448 4949 proprium
1496 4896 1654 4936 suum
1687 4879 1882 4951 dogma

315 4963 624 5025 conﬁrmat,
640 4964 743 5016 hoc
769 4966 934 5019 semel
953 4982 1164 5027 everso.
1184 4979 1238 5022 et
1254 4968 1388 5023 illud
1410 4971 1555 5038 quod
1581 4969 1647 5024 de
1666 4970 1883 5026 Christo

315 5067 522 5122 censet,
553 5072 660 5111 una
692 5072 921 5127 prorsus
975 5058 1309 5114 confutatur.
1343 5061 1495 5127 Quod
1529 5069 1709 5119 autem
1732 5079 1884 5118 asse-

385 5194 431 5228 ³⁸
459 5192 501 5247 ll
537 5195 664 5250 Cor.
699 5211 773 5260 tv,
808 5195 891 5250 16.

385 5309 497 5381 (85)
537 5309 704 5381 l’ron.
736 5314 864 5381 ἡμῖν
911 5327 1059 5366 corr.
1096 5308 1220 5364 add.

385 5379 498 5454 (8})
524 5379 681 5454 βοὶ-ι’.
710 5379 1094 5454 ἀποσημαίνει.

347 5449 498 5571 ὸ(85)
531 5449 604 5535 Ita
636 5467 702 5505 ex
730 5449 1306 5517 corr."emendatione;
1338 5465 1462 5505 nam
1488 5451 1545 5506 in
1576 5460 1726 5507 textu
1759 5459 1878 5507 erat

375 5537 404 5570 ν
434 5535 666 5571 πατεοα.

313 5535 510 5661 τοξὸτθῗ
538 5536 718 5643 Efahic
753 5604 897 5644 corr.
945 5591 1378 5647 emendationem
1433 5594 1604 5649 secuti
1645 5607 1874 5660 sumus;

1992 4606 2291 4674 συνίστησι,
2322 4605 2385 4674 τῇ
2411 4602 2602 4655 τούτου
2628 4604 2904 4672 ἀνατροπῇ
2939 4602 3160 4654 κάκεῖνο
3195 4601 3409 4664 πάντως
3437 4619 3562 4653 συν-

1991 4697 2364 4767 απελέγχεται·
2388 4694 2484 4748 ὅδὲ
2499 4694 2666 4763 λέγει,
2683 4691 2918 4746 τοιοῦτόν
2940 4694 3075 4756 ἐστι,
3102 4693 3183 4745 ὅτι
3209 4691 3435 4758 Ὥσπερ
3457 4692 3563 4744 ἄνα

1992 4793 2220 4858 θρωπος
2239 4787 2374 4858 (88),
2392 4783 2478 4851 εἷς
2493 4785 2660 4838 ἐστιν
2674 4785 2742 4837 ἐκ
2761 4785 3096 4849 πνεύματος
3112 4784 3208 4836 καὶ
3220 4781 3446 4851 ψυχῆς,
3462 4783 3562 4836 καὶ

1990 4881 2282 4951 σώματος.
2346 4876 2486 4946 Ἐγὼ
2533 4877 2630 4947 μὲν
2665 4874 2847 4945 ἠξίουν
2894 4875 3155 4946 πρότερον
3205 4874 3312 4946 (89)
3370 4875 3562 4945 στῆναι

1990 4972 2142 5025 ποίου
2178 4969 2442 5040 σώματος,
2471 4967 2563 5021 καὶ
2589 4966 2752 5021 πόθεν
2776 4967 3129 5037 εἰλημμένου,
3157 4967 3250 5020 καὶ
3276 4968 3406 5021 πότε
3427 4969 3564 5022 πλα-

1991 5062 2226 5126 σθέντος,
2259 5061 2352 5114 καὶ
2395 5059 2638 5130 ποδαπῆς
2665 5058 2862 5130 ψυχῆς,
2897 5058 2930 5128 ἢ
2964 5057 3188 5130 λογικῆς
3227 5058 3360 5130 (90),
3398 5059 3432 5130 ἢ
3465 5057 3563 5116 ἁν-

1982 5311 2318 5384 anteaenim
2349 5322 2466 5384 erat
2490 5313 2764 5384 ἡμετέραν
2798 5313 2896 5382 τῆς
2927 5315 2986 5366 ὲν
3023 5312 3186 5384 σαρκὶ
3211 5310 3378 5381 ζωῆς.

2051 5383 2166 5454 (87)
2198 5381 2356 5454 Corr.
2386 5381 2634 5454 διαιρεῖν.

2051 5453 2161 5523 (88)
2195 5452 2350 5523 Corr.
2383 5454 2411 5504 6
2443 5452 2745 5523 ᾄνθρωποέ.

2052 5519 2159 5587 (89)
2198 5521 2355 5577 Corr.
2379 5521 2489 5590 ἐγὼ
2521 5519 2618 5591 μὲν
2656 5519 2749 5592 οὖν
2775 5521 2960 5590 ἠξίουν
3004 5519 3161 5592 τοῦτο
3192 5519 3484 5592 πρότερον.

2048 5592 2157 5662 (90)
2182 5592 2257 5645 lta
2284 5606 2452 5656 corn;
2480 5590 2531 5644 in
2569 5591 2694 5647 cod.
2721 5594 2864 5650 enim
2894 5599 2976 5646 est
3003 5592 3050 5642 εί
3085 5590 3331 5661 λογικῆς.
