4020 6140
403 354 537 411 19.01

1567 346 1931 418 ADVERSUS
1971 347 2485 417 APOLLINAREM.

3517 363 3651 422 {9.02

402 474 696 545 θρωπὶνης,
728 475 759 545 ἢ
791 472 1006 543 ἀλόγου,
1032 470 1330 541 τουτέστιν,
1356 479 1403 532 εί
1434 481 1684 549 κτηνείας
1713 480 1819 549 (91)
1842 475 1973 533 εἶναι

2083 480 2155 534 rit
2185 481 2494 550 hujusmodi
2518 490 2601 538 est
2633 504 2645 535 :
2680 482 3129 549 Quemaamoaum
3159 482 3311 536 homo
3341 500 3500 536 unum
3528 486 3651 553 quid

401 564 493 617 τὸν
521 563 801 634 ἄνθρωπον
847 568 1049 618 ἐκεῖνον
1076 568 1266 634 οἴεται,
1308 564 1405 621 εἶθ’
1435 569 1604 633 οὕτως
1650 570 1979 638 ἐπεμϐαλεῖν

401 652 461 704 τὸ
490 653 695 722 νοερὸν,
725 653 860 723 ὅπερ
880 653 1010 706 ἄλλο
1031 671 1084 706 τι
1114 656 1264 725 παρὰ
1292 657 1353 708 τὸ
1386 656 1601 726 πνεῦμα
1626 655 1763 710 εἷναί
1793 675 1973 727 φησιν’

401 744 492 796 ἐπὶ
527 744 623 813 μὲν
660 743 816 815 ἡμῶν
845 745 989 811 νοῦν,
1021 747 1112 798 ἐπὶ
1160 748 1368 801 ἐκείνου
1412 748 1467 800 δὲ
1503 749 1632 801 θεὸν
1659 748 1974 819 ὀνομάζων*

399 835 450 887 εἰ
476 835 583 905 γάρ
604 852 688 897 τις
720 835 970 906 οὐρανίου
1002 836 1285 907 ἀνθρώπου
1314 840 1508 904 πλάσις
1535 840 1655 894 καθ’
1687 842 1978 911 ὁμοιότητα

399 924 493 978 τοῦ
522 926 706 994 χοϊκοῦ
754 928 883 995 παρ’
905 926 1067 979 αὑτοῦ
1092 928 1350 999 πρότερον
1371 930 1674 1001 ἐπεδείχθη,
1702 932 1977 1002 προήχθη-

400 1033 503 1086 μεν
540 1015 603 1069 ἂν
636 1017 702 1067 δι’
730 1016 1049 1080 ἀκολουθίας
1094 1017 1170 1088 τῷ
1201 1019 1374 1089 μύθῳ,
1407 1020 1668 1090 μαθόντες
1691 1022 1840 1092 παρά
1878 1022 1979 1090 τῆς

401 1107 594 1175 καινῆς
619 1107 820 1179 ταύτης
840 1108 1049 1176 σοφίας,
1068 1110 1148 1161 ὅτι
1170 1109 1229 1163 τὸ
1255 1111 1355 1181 μὲν
1378 1112 1615 1180 ἐπίγειον
1636 1111 1743 1165 τῶν
1769 1111 1864 1164 ἀνθ
1875 1110 1977 1181 ρώ-

401 1216 517 1251 πων
548 1200 710 1269 φῦλον
745 1202 809 1254 ὲκ
848 1203 1040 1271 νοερᾶς
1086 1200 1263 1273 ψυχῆς
1312 1203 1405 1255 καὶ
1456 1202 1705 1273 σώματος
1752 1204 1853 1273 τὴν
1885 1203 1977 1257 σύ-

401 1309 588 1345 στασιν
621 1292 731 1361 ἔχει
756 1311 769 1323 ·
802 1292 957 1361 γένος
987 1293 1044 1345 δέ
1073 1293 1221 1347 ἐστιν
1253 1295 1363 1366 (92)
1399 1297 1735 1369 ἐπουρανίων
1761 1297 1973 1367 ἀνθρώ-

400 1398 539 1443 πων,
567 1376 647 1444 οἷς
698 1382 889 1450 ἄλογος
921 1382 1019 1452 μὲν
1060 1385 1091 1452 ὴ
1120 1384 1286 1454 ψυχὴ,
1334 1384 1494 1455 σῶμα
1520 1385 1576 1438 δὲ
1612 1384 1973 1456 ἀνθρώπινον,

400 1473 496 1527 καὶ
535 1472 667 1537 Θεὸς
707 1473 829 1527 ἀντὶ
877 1473 969 1527 νοῦ
1004 1474 1116 1543 (95)
1146 1474 1223 1542 τῷ
1253 1475 1396 1544 λόγῳ
1425 1475 1520 1529 τοῦ
1568 1475 1816 1546 σώματος
1882 1476 1975 1529 καὶ

397 1564 497 1633 τῆς
539 1564 717 1634 ψυχῆς
766 1566 1160 1636 ἀνακιρνᾶται·
1211 1566 1272 1631 ἐξ
1323 1564 1397 1619 ὧν
1439 1561 1577 1619 εἶναι
1611 1566 1700 1621 τὸν
1747 1569 1838 1619 ἐπὶ
1872 1567 1975 1636 γῆς

398 1656 635 1724 φανέντα
670 1657 1038 1728 Ἀπολινάριος
1068 1658 1261 1713 οἴεται.
1302 1658 1538 1712 Ἑκείνου
1568 1659 1624 1712 δὲ
1665 1660 1803 1729 μήτε
1840 1659 1975 1712 ἀπο·

396 1745 717 1812 δειχθέντος,
749 1748 886 1815 μήτε
917 1746 1089 1812 ὄντος,
1116 1747 1209 1801 τοῦ
1231 1748 1287 1801 δὲ
1313 1748 1400 1801 διὰ
1425 1750 1524 1819 τῆς
1550 1749 1824 1819 Παρθένου
1850 1766 1973 1817 γεν-

2082 582 2157 626 est
2183 588 2248 626 ea:
2266 574 2475 640 spiritu,
2507 573 2708 639 anima,
2747 582 2795 627 et
2831 588 3044 640 corpore
3077 582 3346 626 constans.
3390 573 3652 642 Equidem

2081 664 2148 717 ab
2166 664 2478 733 Apollinare
2502 665 2833 733 postularem
2859 674 2919 719 ut
2941 666 3092 735 prius
3117 671 3403 731 statueret,
3422 680 3486 719 ex
3517 680 3654 734 quo-

2081 771 2206 808 nam
2248 769 2501 825 corpore,
2552 756 2823 810 undenam
2857 766 3098 826 sumpto,
3146 758 3493 826 quandonam
3524 774 3654 812 con-

2079 846 2215 908 dito,
2247 856 2301 900 et
2325 860 2391 899 ex
2420 844 2570 913 quali
2599 846 2802 908 anima,
2830 845 3160 898 rationaline
3211 857 3263 900 et
3286 846 3549 908 humana,
3581 862 3650 899 an

2078 936 2407 999 irrationali,
2442 936 2545 990 hoc
2572 942 2657 990 est
2706 935 2966 997 belluina,
3001 935 3274 989 hominem
3314 936 3462 988 illum
3498 950 3652 988 com-

2077 1028 2317 1096 positum
2354 1040 2477 1080 esse
2528 1026 2845 1090 arbitretur,
2875 1034 2929 1080 et
2969 1041 3037 1079 an
3087 1026 3285 1081 deinde
3320 1026 3546 1078 inditam
3574 1025 3653 1079 illi

2075 1116 2247 1173 fuisse
2273 1125 2493 1172 censeat
2518 1117 2899 1172 intellectivam
2922 1126 3127 1187 partem
3147 1133 3307 1187 quam
3327 1116 3595 1172 diversam
3623 1134 3655 1171 a

2077 1209 2270 1278 spiritu
2301 1223 2424 1262 esse
2456 1207 2610 1268 dicit,
2632 1223 2862 1273 eamque
2883 1208 2936 1261 in
2963 1209 3121 1262 nobis
3142 1208 3360 1281 quidem
3395 1215 3653 1269 mentem,

2076 1302 2133 1355 in
2159 1300 2378 1354 Christo
2411 1307 2591 1352 autem
2617 1297 2785 1352 Deum
2814 1310 2995 1352 vocat.
3031 1298 3089 1352 Si
3109 1301 3253 1353 enim
3287 1297 3507 1367 aliquod
3540 1311 3656 1351 cce-

2074 1391 2229 1445 lestis
2249 1388 2487 1443 hominis
2517 1388 2793 1457 opiﬁcium
2815 1387 2881 1441 ad
2909 1388 3111 1441 terreni
3142 1387 3380 1441 hominis
3394 1386 3655 1441 similitu-

2076 1481 2254 1535 dinem
2275 1479 2496 1548 reperiri
2510 1478 2661 1546 prius
2679 1478 2745 1531 ab
2762 1478 2880 1546 ipso
2900 1484 3182 1531 ostensum
3204 1476 3416 1539 fuisset,
3444 1492 3648 1530 consc-

2074 1568 2294 1639 quentia
2314 1567 2435 1622 inde
2460 1576 2696 1635 sumpta,
2715 1565 2910 1619 adduci
2937 1565 3167 1620 forsitan
3191 1566 3563 1635 potuissemus
3587 1564 3656 1618 ad

2074 1659 2233 1713 ﬁdem
2263 1657 2458 1712 fabulae
2493 1656 2617 1710 huic
2638 1657 2706 1711 ab
2734 1656 2922 1711 eodem
2955 1656 3199 1710 conﬁctae
3246 1656 3659 1711 accommodan-

2073 1752 2381 1818 dam,novaa
2395 1749 2556 1819 hujus
2571 1749 2850 1819 sapientiae
2863 1750 3176 1819 magisterio
3188 1748 3365 1803 edocti
3381 1758 3656 1803 terrenum

396 1837 651 1908 νηθὲντος
684 1837 1064 1907 ἀθετουμένου,
1094 1839 1169 1902 ὡς
1197 1839 1319 1891 οὐδὲ
1362 1839 1464 1906 τῆς
1492 1840 1766 1910 ἡμετέρας
1808 1856 1973 1909 μετα-

2082 1842 2361 1897 hominum
2386 1857 2558 1912 genus
2586 1856 2651 1894 ex
2700 1840 2877 1893 anima
2914 1840 3195 1894 intellectu
3231 1840 3460 1909 prmdita
3495 1850 3658 1908 atque

399 1929 619 1997 σχόντος
653 1928 886 1997 φύσεως,
913 1930 1188 2002 ἀλλότριον
1218 1930 1457 2002 ἠγοῦμαι
1484 1932 1579 1985 καὶ
1617 1932 1972 1986 ἀνακόλουθον

400 2016 559 2086 σῶμα
587 2018 684 2086 μὲν
709 2018 1069 2088 ὀνομάζεσθαι
1090 2019 1153 2071 τὸ
1183 2020 1256 2091 μὴ
1281 2021 1458 2090 σῶμα,
1484 2020 1659 2091 ψυχὴν
1680 2021 1735 2073 δὲ
1763 2021 1973 2090 ἀνθρώ-

398 2126 504 2161 που
532 2110 629 2181 τὴν
656 2112 727 2181 μὴ
750 2111 945 2181 ψυχήν.
976 2114 1037 2165 Εἰ
1067 2112 1173 2180 γὰρ
1203 2114 1275 2184 μὴ
1303 2116 1495 2185 νοεράν
1525 2117 1692 2186 αὑτήν
1723 2134 1806 2179 τις
1835 2112 1972 2169 εἶναι

394 2200 706 2270 ὁμολογοίη,
742 2202 861 2254 οὐδὲ
908 2203 1194 2273 ἀνθρώπου
1237 2205 1403 2275 αὐτὴν
1445 2206 1579 2269 ὅλως
1628 2206 1968 2277 συνθήσετοιι.

397 2292 615 2345 Τούτων
648 2293 702 2345 δὲ
737 2295 807 2363 μὴ
855 2294 1042 2359 ὄντων,
1085 2295 1205 2348 τίνα
1247 2297 1438 2365 καιρὸν
1479 2296 1589 2367 ἔχει
1641 2301 1673 2369 ἡ
1710 2298 1974 2368 τριμερὴς

394 2382 579 2451 ἐκείνη
607 2384 700 2435 τοῦ
740 2384 1026 2455 ἀνθρώπου
1059 2388 1198 2457 τομὴ
1228 2389 1360 2454 (94),
1390 2384 1458 2459 ἦς
1500 2389 1561 2441 τὸ
1593 2389 1692 2458 μὲν
1731 2389 1973 2461 δίμοιρον

390 2472 698 2543 ἄνθρωπος,
730 2474 859 2537 Θεὸς
887 2476 941 2527 δὲ
978 2476 1038 2528 τὸ
1072 2480 1450 2549 τριτημόριον;
1479 2480 1561 2533 Οὐ
1598 2480 1709 2547 γὰρ
1747 2480 1842 2543 ἂν,
1869 2498 1973 2551 φη-

393 2565 502 2626 σὶν,
550 2564 619 2617 ἐν
660 2563 976 2633 ὁμοιώματι
1014 2565 1325 2636 ἀνθρώπου
1359 2569 1619 2637 γεγονὼς
1660 2570 1776 2639 εἴη,
1810 2575 1862 2625 εὶ
1885 2572 1971 2642 μὴ

390 2655 698 2724 τυγχάνοι,
728 2657 990 2725 καθάπερ
1014 2660 1342 2727 ἅνθρωπος,
1370 2661 1517 2727 νοῦς
1545 2662 1839 2732 ἔνσαρκος
1867 2665 1968 2718 ὧν.

405 2746 549 2814 Ἐγὼ
577 2748 632 2799 δὲ
676 2749 723 2799 εί
767 2748 863 2816 μὲν
896 2752 1100 2812 ἐκεῖνος
1128 2752 1155 2802 6
1189 2750 1471 2822 ἄνθρωπος
1518 2754 1676 2818 ἄνους
1717 2751 1807 2827 ἦν,
1839 2757 1894 2809 ὲν
1927 2749 1973 2825 ᾧ

394 2838 530 2900 θεὸς
555 2837 853 2908 κατήλλαξε
892 2840 982 2891 τὸν
1019 2841 1221 2909 κόσμον
1252 2842 1447 2912 ἑαυτῷ,
1490 2846 1660 2897 εἰπεῖν
1694 2846 1793 2898 οὐκ
1828 2848 1969 2916 ἔχω’

396 2928 481 2981 ὅτι
509 2929 565 2981 δὲ
592 2930 620 2981 6
668 2929 839 2981 ταῦτα
888 2930 1134 2999 γράφων,
1181 2931 1284 2997 ἔξω
1330 2933 1563 2996 διανοίας
1612 2931 1700 3005 ἦν,
1754 2936 1869 2989 καθ’
1914 2937 1972 2989 ὃν

398 3019 607 3089 ἔγραφε
644 3020 817 3072 ταῦτα
851 3022 1061 3091 χρόνον,
1094 3021 1194 3075 κᾶν
1216 3023 1325 3091 ἐγὼ
1349 3024 1423 3095 μὴ
1446 3024 1605 3088 εἴπω,
1637 3027 1705 3078 τὰ
1732 3044 1975 3098 γεγραμ-

403 3112 541 3177 μένα
746 3114 869 3177 Πῶς
919 3114 1128 3180 γίνεται
1160 3116 1217 3167 ἐν
1262 3116 1565 3187 ὁμοιώματι
1608 3118 1917 3189 ἀνθρώπου,
1947 3123 1975 3174 6

2080 1948 2310 2002 corpore
2344 1941 2629 1996 constare;
2666 1930 2813 1984 aliud
2854 1945 2984 1984 vero
3027 1930 3301 2000 quoddam
3351 1929 3655 1983 caelestium

2081 2025 2362 2079 hominum
2416 2039 2589 2095 genus
2628 2038 2772 2089 esse,
2804 2023 3005 2092 quibus
3034 2022 3246 2076 ratione
3293 2036 3487 2076 carens
3519 2020 3661 2076 inest

2082 2116 2283 2180 anima,
2317 2131 2518 2185 corpus
2547 2122 2727 2168 autem
2762 2115 3084 2181 humanum,
3111 2124 3163 2168 et
3188 2108 3331 2169 Deus
3364 2114 3660 2169 loco‘men-

2083 2206 2151 2260 tis
2187 2206 2575 2259 commiscetur
2607 2205 2823 2272 animm,
2879 2213 3044 2275 atque
3085 2205 3335 2274 corporis
3389 2204 3657 2258 constitu-

2079 2297 2209 2349 tioni
2234 2314 2247 2363 ;
2280 2312 2309 2350 e
2331 2310 2561 2365 quorum
2581 2311 2811 2351 numero
2840 2296 3114 2351 hominem
3145 2296 3298 2349 illum
3331 2310 3452 2350 esse
3479 2295 3571 2364 qui
3601 2295 3655 2348 in

2081 2396 2225 2442 terra
2249 2387 2497 2457 apparuit
2530 2386 2862 2457 Apollinaris
2914 2388 3236 2441 arbitratur.
3274 2385 3480 2441 Verum
3527 2402 3653 2440 cum

2080 2477 2226 2534 istud
2256 2477 2536 2545 hominum
2571 2492 2742 2546 genus
2776 2492 2877 2531 nec
2907 2492 3029 2532 esse
3064 2476 3411 2537 ostendatur,
3449 2491 3550 2531 nec
3572 2492 3661 2530 re-

2080 2586 2206 2625 vera
2238 2570 2332 2636 sit,
2367 2585 2429 2623 ac
2461 2577 2725 2638 praeterea
2749 2569 2841 2639 qui
2872 2584 2940 2623 ex
2963 2566 3189 2637 Virgine
3222 2576 3385 2622 natus
3415 2575 3518 2632 est,
3540 2575 3661 2621 tan-

2078 2676 2243 2731 quam
2274 2660 2423 2714 nulla
2452 2661 2507 2715 in
2540 2676 2597 2715 re
2624 2668 2835 2715 naturae
2868 2668 3072 2716 nostrae
3094 2661 3385 2729 particeps,
3428 2659 3645 2727 rejieia-

2078 2762 2190 2808 tur:
2220 2752 2513 2807 absurdum
2549 2760 2601 2806 ct
2619 2752 3021 2819 inconsequens
3043 2764 3165 2804 esse
3187 2749 3429 2802 arbitror
3455 2761 3659 2815 corpus

2079 2845 2296 2915 quidem
2316 2859 2512 2899 vocare
2529 2843 2674 2913 quod
2692 2858 2890 2913 corpus
2907 2857 3017 2896 non
3041 2848 3145 2903 est,
3160 2840 3397 2893 animam
3417 2854 3545 2893 vero
3560 2838 3661 2893 ho-

2078 2935 2243 2988 minis
2268 2949 2387 3003 qure
2424 2934 2609 2989 itidem
2640 2932 2820 2986 anima
2852 2948 2962 2986 non
2991 2940 3094 2986 est.
3135 2928 3270 2985 Nam
3295 2928 3342 2984 si
3377 2928 3502 2997 quis
3530 2942 3651 2981 eam

2080 3033 2259 3080 mente
2276 3025 2554 3094 prmditam
2570 3041 2676 3080 non
2692 3040 2813 3081 esse
2827 3024 3083 3085 fateatur,
3107 3023 3154 3077 is
3172 3036 3397 3091 prorsus
3423 3034 3522 3074 nec
3539 3033 3659 3073 eam

2082 3117 2316 3172 hominis
2344 3132 2464 3171 esse
2486 3116 2765 3171 concedet.
2796 3115 2932 3170 Cum
2968 3123 3152 3168 autem
3202 3113 3318 3166 haec
3344 3111 3661 3165 nullatenus

398 3204 529 3258 ἄλλο
558 3178 609 3258 τι
644 3178 793 3274 παρὰ
821 3205 910 3257 τὸν
933 3178 1224 3276 Ϋᾶνθρωπον
1247 3178 1343 3274 ὢν,
1373 3178 1466 3261 καὶ
1498 3209 1673 3279 πάντη
1714 3178 1813 3281 τῆς
1834 3178 1973 3282 ἡμε-

2082 3222 2203 3263 esse
2234 3206 2569 3278 possint,cui
2601 3206 2745 3259 bono
2775 3211 2858 3258 est
2897 3205 3162 3272 tripertita
3196 3203 3286 3256 illa
3319 3200 3555 3255 hominis
3580 3199 3665 3253 di-

396 3296 561 3365 τέρας
592 3296 804 3364 φύσεως
832 3297 944 3368 (95)
974 3314 987 3361 ;
1018 3298 1080 3349 Εἰ
1114 3297 1221 3368 γὰρ
1255 3300 1416 3369 νοερὰ
1458 3301 1605 3372 ψυχὴ
1654 3304 1750 3355 καὶ
1808 3304 1966 3375 σῶμα

395 3383 459 3434 τὸ
497 3382 831 3453 ἀνθρώπινον
878 3383 1184 3455 σύγκριμα*
1231 3388 1366 3456 μήτε
1412 3388 1469 3441 δὲ
1507 3389 1567 3442 τὸ
1609 3391 1768 3460 σῶμα
1792 3392 1970 3458 τοῦτο,

401 3471 542 3541 μήτε
572 3473 604 3540 ἡ
629 3470 773 3540 ψυχὴ
800 3472 979 3543 ἐκείνη
1025 3475 1082 3525 ὲν
1116 3472 1193 3543 τῷ
1220 3476 1348 3547 παρ’
1377 3476 1541 3530 αὑτοῦ
1580 3480 1974 3537 ἀναπλασθέντι

396 3562 537 3619 ἐστὶ,
570 3561 687 3624 πῶς
713 3561 922 3631 δέχεται
953 3564 1049 3633 τὴν
1078 3564 1336 3643 ,ὁμοίωσιν
1366 3567 1456 3620 τοῦ
1481 3569 1765 3639 ἀνθρώπου
1796 3572 1855 3625 τὸ
1876 3574 1976 3643 τῆς

397 3652 676 3724 ἡμετέρας
708 3652 937 3721 ἔκφυλον
976 3654 1219 3721 (passing;
1258 3658 1395 3710 Ἀλλ’
1432 3661 1531 3713 οὐκ
1566 3661 1848 3734 ἄνθρωπον
1874 3666 1974 3717 αὐ-

394 3742 492 3796 τὸν
533 3738 670 3794 εἷναί
724 3760 906 3812 φησιν,
956 3744 1093 3797 ἀλλὰ
1143 3746 1391 3818 καθάπερ
1437 3749 1740 3822 ἄνθρωπον,
1791 3754 1979 3821 ἄνουν,

396 3836 663 3905 ἐνσαρκον
699 3834 846 3888 ὄντα.
878 3836 1063 3889 Ταῦτά
1084 3838 1228 3891 ἐστιν
1258 3839 1293 3892 ἆ
1316 3856 1382 3909 με
1415 3840 1589 3893 πείθει
1617 3842 1721 3908 ἔξω
1740 3844 1976 3911 διανοίας

395 3920 537 3976 εἶναι
580 3924 670 3977 τὸν
702 3926 999 3995 γράφοντα.
1032 3926 1153 3989 Πῶς
1200 3927 1474 3997 ὁμοιοῦται
1511 3933 1575 4002 τῇ
1623 3933 1780 4001 φύσει
1810 3935 1871 3988 τὸ
1902 3936 1976 4006 μὴ

400 4018 630 4086 μέτοχον
658 4018 755 4087 τῆς
786 4017 1027 4086 φύσεως;
1052 4020 1148 4082 Τίς
1175 4019 1232 4072 δέ
1266 4021 1413 4073 ἐστιν
1437 4023 1465 4073 6
1488 4022 1749 4094 ἔνσαρκος
1771 4028 1976 4092 ἐκεῖνος

395 4110 545 4174 νοῦς,
584 4111 612 4162 6
662 4111 913 4181 συμφυὴς
960 4111 1070 4182 (96)
1104 4112 1203 4182 τῆς
1253 4114 1455 4183 σαρκὸς
1502 4117 1596 4169 καὶ
1650 4116 1971 4191 ἀχώριστος,

395 4204 487 4255 ἀεὶ
540 4204 775 4267 τοιοῦτος
821 4203 938 4270 ῶν;
975 4206 1181 4259 Οὐκοῦν
1236 4208 1329 4261 καὶ
1358 4211 1421 4263 ὲκ
1471 4210 1713 4264 τοιούτου
1758 4211 1974 4276 πάντως

395 4292 585 4354 ἑστίνς
615 4294 687 4346 Οὐ
722 4294 831 4366 γὰρ
854 4293 921 4347 ἂν
945 4296 1030 4365 εἴη
1061 4296 1291 4368 γεννητὴ
1322 4297 1477 4368 σὰρξ,
1516 4301 1564 4351 εἰ
1602 4300 1676 4370 μὴ
1707 4299 1815 4353 ἀπὸ
1847 4317 1976 4373 σαρ-

395 4386 495 4450 κὸς
530 4388 758 4454 γένοιτο,
791 4388 972 4451 καθώς
1007 4390 1138 4460 φησί
1184 4408 1284 4444 που
1329 4393 1357 4445 6
1394 4391 1618 4464 Κύριος,
1651 4394 1731 4446 ὅτι
1780 4394 1848 4446 Τὸ
1877 4409 1976 4462 τετ-

394 4476 770 4546 γεννημένον
819 4478 888 4530 ἐκ
940 4476 1050 4545 τῆς
1100 4481 1325 4547 σαρκὸς
1379 4480 1536 4550 σάρξ
1593 4483 1782 4536 ἐστιν.
1837 4482 1974 4535 Ἀλλ’

398 4568 628 4638 ὕστερον
648 4570 876 4637 γίνεται.
902 4570 1066 4623 Ποίαν
1082 4566 1172 4623 οὖν
1194 4573 1462 4641 περιτεθει
1470 4573 1628 4643 μένος
1646 4574 1756 4644 (97)
1775 4576 1973 4646 σάρκα,

396 4660 667 4729 ἔνσαρκος
713 4660 954 4727 γίνεται;
987 4662 1096 4732 Τὴν
1146 4659 1347 4728 οὖσαν;
1392 4664 1531 4717 Ἀλλ’
1558 4666 1621 4719 ὲκ
1649 4666 1748 4736 τῆς
1784 4668 1973 4737 αὐτῆς.

396 4748 515 4818 Τὴν
545 4746 618 4818 μὴ
646 4744 810 4801 οὖσαν
834 4765 847 4813 ;
885 4749 1093 4804 Οὐκοῦν
1120 4752 1179 4804 οὐ
1216 4752 1428 4820 λέγεται
1456 4752 1712 4826 ἕνσαρκος
1736 4771 1748 4783 ·
1779 4756 1839 4809 οὐ
1868 4757 1977 4827 γὰρ

396 4841 468 4894 ἂν
497 4840 606 4910 (98)
637 4840 715 4911 τῷ
755 4842 829 4913 μὴ
862 4842 975 4895 ὄντι
1010 4844 1417 4915 ὲπονομάζοιτο.

2085 3298 2242 3360 visio,
2277 3296 2569 3366 cujusduaa
2607 3294 2827 3364 quidem
2864 3302 3045 3362 partes
3075 3301 3260 3348 essent
3286 3293 3471 3357 homo,
3501 3292 3663 3346 tertia

2086 3403 2212 3443 vero
2229 3403 2355 3457 pars
2375 3387 2552 3441 Deus?
2573 3384 2752 3455 Neque
2777 3386 2935 3449 enim,
2968 3385 3063 3447 ait,
3085 3385 3137 3437 in
3156 3382 3553 3436 similitudine»:
3570 3382 3663 3435 ho-

2082 3481 2282 3532 minum
2311 3478 2483 3546 [actus
2502 3477 2711 3547 fuisset,
2744 3477 2848 3529 nisi
2881 3470 3051 3528 instar
3075 3474 3301 3527 hominis
3330 3490 3472 3527 mens
3505 3488 3663 3526 carne

2080 3568 2306 3639 praedita
2333 3578 2486 3623 esset.
2542 3567 2652 3639 Ego
2682 3582 2837 3631 sane,
2898 3582 2964 3619 an
3002 3566 3093 3619 ille
3118 3563 3338 3634 quidem
3374 3563 3536 3617 homo
3558 3578 3653 3632 per

2083 3677 2241 3732 quem
2275 3659 2417 3715 Deus
2457 3657 2561 3714 sibi
2607 3656 2873 3711 mundum
2909 3655 3308 3721 reconciliavit,
3355 3664 3538 3708 mente
3568 3669 3662 3708 ca-

2084 3760 2250 3817 reret,
2282 3768 2391 3806 non
2432 3750 2706 3815 dixerim;
2766 3748 2917 3801 illum
2979 3762 3107 3801 vero
3138 3746 3230 3815 qui
3280 3746 3392 3799 haec
3448 3743 3660 3807 scribit,

2086 3853 2265 3900 mente
2294 3852 2511 3913 captum
2552 3856 2617 3895 eo
2670 3854 2780 3910 quo
2832 3839 3109 3893 scribebat
3168 3847 3413 3906 tempore
3469 3835 3659 3897 fuisse,

2085 3950 2397 4006 quanquam
2428 3934 2542 4003 ipse
2572 3947 2681 3985 non
2712 3932 2914 3994 dicam,
2954 3930 3073 3998 ejus
3098 3936 3280 3983 tamen
3318 3929 3523 3997 scripta
3546 3927 3659 3979 cla-

2084 4036 2256 4083 mant.
2296 4025 2583 4092 Quomodo
2634 4026 2685 4077 in
2719 4022 3134 4079 similitudinem
3185 4020 3426 4075 hominis
3460 4019 3517 4073 lit
3565 4019 3658 4088 qui

2084 4119 2231 4174 aliud
2259 4117 2387 4190 quid
2411 4118 2477 4172 ab
2499 4115 3008 4171 hominediversum
3035 4124 3120 4169 est
3152 4120 3205 4169 et
3228 4128 3255 4166 a
3285 4120 3474 4168 nostra
3501 4126 3660 4181 pror-

2085 4231 2180 4270 sus
2211 4219 2403 4267 natura
2432 4209 2744 4280 discrepat?
2772 4208 2904 4261 Nam
2938 4208 2983 4263 si
3023 4223 3091 4262 ex
3125 4206 3314 4259 anima
3350 4213 3403 4257 et
3430 4217 3660 4272 corpore

2085 4308 2247 4363 homo
2287 4310 2526 4366 constat,
2560 4311 2613 4357 et
2649 4316 2851 4370 corpus
2893 4300 2997 4353 hoc
3022 4299 3317 4365 animaque
3346 4296 3435 4348 illa
3470 4294 3524 4347 in
3560 4293 3661 4348 ho-

2084 4397 2229 4451 mine
2255 4412 2414 4466 quem
2449 4396 2565 4464 ipse
2598 4391 2843 4455 conﬁxit,
2878 4406 2986 4445 non
3024 4388 3333 4457 reperitur;
3374 4384 3655 4455 quomodo

2084 4486 2261 4543 simile
2296 4484 2501 4540 homini
2553 4500 2677 4539 esse
2713 4482 2929 4553 poterit,
2980 4479 3123 4549 quod
3159 4494 3187 4531 a
3231 4484 3418 4532 nostra
3454 4485 3653 4530 natura

2081 4578 2318 4633 alienum
2343 4576 2463 4632 est?
2554 4575 2657 4631 Sed
2686 4576 2835 4629 illum
2869 4588 2976 4626 non
3006 4586 3128 4625 esse
3163 4569 3465 4633 hominem,
3500 4566 3656 4628 dicit,

2084 4669 2181 4725 sed
2221 4668 2396 4723 instar
2427 4666 2686 4733 hominis,
2722 4671 2905 4719 mente
2938 4661 3290 4725 destitutum,
3318 4672 3481 4712 carne
3518 4672 3651 4727 pra:-

2084 4760 2282 4815 ditum.
2380 4756 2503 4812 llaec
2535 4765 2666 4811 sunt
2700 4770 2821 4824 quae
2856 4751 2988 4806 mihi
3029 4747 3263 4804 suadent
3309 4746 3507 4800 mentis
3550 4758 3659 4798 non

2085 4866 2210 4907 esse
2238 4858 2546 4919 compotem
2579 4847 2673 4917 qui
2714 4846 2828 4899 hazc
2871 4840 3083 4898 scribit.
3133 4836 3417 4903 Quomodo
3451 4844 3661 4889 naturae

396 4930 566 4987 alicui
632 4933 987 4997 assimilatur,
1044 4935 1190 5003 quod
1237 4936 1485 5007 ejusdem
1528 4936 1803 5007 particeps
1857 4953 1966 4993 non
2004 4940 2122 4994 est?
2152 4938 2414 5005 Quaenam
2488 4937 2653 4991 etiam
2707 4940 2793 4987 est
2838 4945 2992 4985 mens
3059 4928 3151 4981 illa
3199 4941 3367 4980 carne
3413 4925 3656 4995 praedita,

396 5043 524 5097 qum
575 5028 752 5083 eidem
788 5029 939 5083 carui
995 5031 1285 5098 congenita
1330 5040 1415 5086 est
1472 5032 1617 5087 etab
1651 5047 1714 5087 ea
1776 5034 2020 5103 separari
2096 5050 2202 5088 non
2256 5044 2469 5104 potest,
2534 5044 2860 5100 semperque
2913 5025 3039 5080 talis
3100 5020 3356 5078 exsistit?
3404 5018 3658 5088 Nunquid

395 5121 565 5175 etiam
593 5136 658 5176 ex
686 5121 793 5175 alia
832 5135 891 5177 re
925 5120 1030 5177 sibi
1058 5120 1223 5177 simili
1264 5136 1489 5191 prorsus
1523 5121 1839 5179 derivatur?
1866 5122 2052 5195 Neque
2077 5128 2222 5180 enim
2255 5140 2495 5195 unquam
2538 5137 2668 5180 caro
2701 5120 2844 5192 gigni
2922 5123 3124 5188 potest.
3194 5114 3299 5166 nisi
3366 5126 3431 5166 ex
3495 5126 3660 5167 carne

2079 5275 2350 5343 loquitur.

476 5278 685 5347 (91)lta
718 5294 886 5342 corr.,
922 5286 1081 5332 antea
1118 5278 1359 5347 κτηνίας.
1564 5288 1585 5317 \

2149 5339 2259 5419 (95)
2296 5348 2693 5419 Stlpplenrl'qu_
2718 5354 2805 5419 hic
2829 5350 3042 5402 videtur
3065 5344 3295 5419 Eat-puleii
3327 5339 3561 5419 963510;.
3597 5341 3657 5419 Ill

477 5349 586 5413 (92)
618 5348 773 5403 Corr.
806 5350 960 5416 γένος
986 5349 1043 5401 δέ
1064 5348 1115 5401 τί
1150 5351 1317 5400 ἐστιν.

477 5420 588 5481 (95)
632 5418 791 5472 Corr.
821 5414 1183 5481 ἀνθρώπινον,
1217 5417 1347 5480 Θεὸς
1373 5417 1428 5469 δὲ
1456 5416 1576 5469 ἀντὶ
1610 5414 1721 5468 νοῦοί

478 5488 590 5558 (94)
624 5487 855 5542 lntextu
896 5483 1019 5542 Vat.
1069 5487 1192 5541 cod.
1234 5488 1496 5558 scribitur
1532 5483 1821 5556 ἀνθρώπου
1872 5485 1975 5553 ψυ-

406 5556 500 5628 χή,
532 5556 586 5611 at
620 5559 673 5611 in
711 5573 881 5626 marg.
919 5558 1129 5617 eadem,
1165 5572 1271 5628 qua
1295 5556 1524 5628 reliquae
1578 5570 1746 5621 corr.,
1808 5571 1972 5628 manu

404 5626 702 5707 adnotatur
725 5644 815 5707 γρ.
836 5629 928 5679 καὶ
955 5628 1117 5697 τομή,
1138 5635 1193 5678 ιιι
1220 5626 1551 5707 indicaretur
1570 5626 1976 5707 utroquemodo

402 5698 508 5767 legi
544 5714 722 5767 posse.
750 5696 1483 5767 Nostamenjcorrigendum
1516 5696 1833 5767 censuimus
1874 5696 1974 5747 ἀν·

400 5765 625 5840 θρώτὲου
656 5769 816 5839 τομή,
845 5774 902 5821 ut
936 5767 1038 5824 sub
1072 5765 1286 5821 initium
1325 5768 1488 5839 hujus
1518 5783 1635 5837 cap.
1693 5765 1971 5836 Nysseuus

2080 5406 2203 5474 mdx
2232 5406 2437 5475 subdit:
2499 5415 2584 5471 vel
2614 5406 2916 5481 ἀλλότριον,
2969 5420 3061 5465 aut
3092 5406 3295 5479 aliquid
3341 5406 3548 5476 Simile,
3596 5416 3657 5463 ut

2079 5483 2320 5540 atietoris
2344 5500 2539 5537 sensus
2572 5495 2807 5542 constet.

2152 5554 2261 5624 (96)
2296 5552 2454 5608 Corr.
2487 5551 2519 5620 ἢ
2558 5555 2833 5624 συμερνήςο

2157 5616 2267 5692 (97⁷)
2292 5626 2449 5676 Corr.
2488 5616 2915 5692 περιτιθέμενος.

2160 5685 2270 5766 (98)
2305 5693 2449 5747 Part.
2486 5685 2883 5744 div'corr.‘add.
