4018 6124
337 276 477 332 ιεοῖ»
512 345 518 349 η
1064 338 1071 349 ,
1602 277 1658 332 s.
1701 277 1896 333 οπεος

2011 280 2025 333 l
2062 276 2358 335 NYSSENI
3462 271 3606 328 12οῶ

334 407 612 463 nascatur,
631 394 1086 466 quemadmodum
1128 394 1724 461 alicubiaitDominus,
1754 395 1906 462 Quod
1946 405 2129 449 natum
2167 404 2245 450 est
2273 410 2337 448 ea:
2381 409 2564 460 carne,
2621 409 2743 445 caro
2782 390 2949 445 est".
3004 388 3105 445 Sed
3148 386 3383 457 inquiet,
3448 387 3607 443 Mens

332 492 427 547 illa
452 493 708 561 deinceps
740 506 904 544 carne
929 490 1151 559 praedita
1188 500 1292 546 est.
1327 490 1550 557 Qualem
1584 490 1752 561 igitur
1781 505 2002 544 carnem
2041 488 2274 544 induens
2289 504 2452 543 carne
2472 485 2699 557 praedita
2730 484 2940 539 evadit?
2969 481 3227 551 Quiejam
3254 481 3610 536 exsistebat?

335 581 441 636 Sed
506 582 616 635 haec
677 596 785 634 non
842 582 950 635 nisi
1006 580 1250 650 ejusdem
1319 583 1537 652 generis
1597 596 1720 636 esse
1779 589 1979 650 potest.
2041 579 2172 645 Quae
2214 594 2321 633 non
2353 575 2691 635 exsistebat?
2715 574 2857 645 Ergo
2896 588 3064 628 carne
3096 572 3323 643 praedita
3356 572 3466 626 dici
3492 587 3607 626 non

333 688 547 747 potest;
580 694 756 747 neque
786 678 931 732 enim
962 694 1029 732 ex
1097 694 1155 732 re
1233 693 1341 731 non
1380 680 1682 734 exsistente
1731 677 2203 733 denominaretur.

402 787 641 843 XXXVI.
685 789 790 843 Sed
826 788 1110 843 videamus
1163 788 1528 843 inevitabilem
1566 789 1689 857 ejus
1737 805 1903 861 argu-
1934 790 1978 841 A

327 891 641 937 mentorum
703 884 838 946 vim,
864 883 1064 951 quibus
1112 898 1212 938 nos
1248 884 1393 953 cogit
1456 893 1517 937 ut
1555 883 1906 954 Unigenitum

329 978 498 1030 Deinn
552 985 785 1029 mentem
834 990 958 1029 esse
986 990 1152 1029 carne
1176 976 1455 1044 praeditam
1514 977 1905 1031 concedamus.

329 1065 389 1120 Si
428 1081 604 1131 mens,
664 1066 879 1135 inquit,
944 1082 1102 1121 carne
1149 1064 1374 1135 praedita
1459 1086 1562 1123 non
1612 1080 1689 1123 est
1722 1069 1907 1124 Domi-

324 1173 447 1221 nus,
479 1158 744 1225 sapientia
768 1159 947 1227 utique
1004 1157 1126 1213 erit.
1179 1158 1223 1213 Ο
1254 1158 1627 1213 invincibilem
1654 1161 1906 1228 proposi-

323 1249 562 1303 tionem!
600 1250 846 1303 Alterum
889 1267 953 1303 ex
988 1250 1204 1303 duobus
1225 1250 1448 1304 omnino
1468 1265 1590 1305 esse
1617 1250 1905 1308 Dominum

324 1347 532 1403 censet,
551 1342 632 1394 vel
652 1351 885 1395 mentem
911 1356 1077 1395 carne
1100 1342 1409 1410 praeditam,
1428 1344 1513 1397 vel
1531 1344 1855 1412 sapientiam
1891 1364 1905 1398 :

324 1440 638 1499 propterea,
674 1432 870 1500 inquit,
902 1448 1131 1489 necesse
1168 1445 1252 1488 cst
1285 1449 1408 1488 eum
1440 1434 1574 1489 illud
1606 1450 1751 1497 esse,
1800 1437 1903 1489 nisi

324 1522 429 1575 hoe
458 1531 561 1587 est,
596 1526 853 1592 quoniam
913 1541 1036 1578 cum
1100 1542 1253 1582 mens
1307 1543 1475 1581 carne
1533 1528 1760 1596 praedita
1798 1542 1905 1580 non

325 1616 418 1678 sit,
470 1617 738 1685 sapientia
770 1618 915 1671 haud
953 1618 1120 1673 dubio
1166 1628 1273 1680 est,
1304 1621 1677 1689 quodcunque
1710 1620 1905 1687 hujus-

322 1708 471 1761 modi
500 1725 654 1763 mens
686 1724 795 1763 non
822 1718 926 1765 est.
965 1710 1105 1776 Quid
1132 1712 1297 1781 igitur
1333 1712 1673 1781 lapis?Quid
1718 1727 1907 1767 scara-

323 1799 496 1853 heus?
541 1799 681 1865 Quid
715 1802 954 1872 denique
983 1811 1177 1857 cmtera
1202 1806 1385 1858 omnia
1418 1821 1540 1874 qua:
1584 1807 1687 1859 sub
1713 1807 1903 1862 oculos

324 1891 561 1944 cadunt?
598 1891 835 1946 Omnino
868 1896 1015 1948 enim
1050 1896 1283 1949 duorum
1341 1897 1575 1951 alterum
1619 1899 1791 1961 dabit,
1818 1900 1902 1953 vel

322 1998 443 2037 eam
476 1992 713 2041 mentem
745 2002 911 2042 carne
940 1988 1224 2056 praeditam
1253 2005 1399 2053 esse,
1438 1992 1522 2045 vel
1552 1991 1899 2061 sapientiam.

320 2076 488 2145 Atqui
512 2093 690 2146 neque
722 2094 898 2145 mens,
944 2096 1121 2149 neque
1144 2083 1411 2151 sapientia
1446 2084 1652 2153 aliquid
1708 2086 1899 2140 horum

319 2177 424 2221 est.
470 2167 690 2221 Corruit
717 2170 900 2239 itaque
930 2172 1219 2239 scriptoris
1256 2176 1427 2227 nostri
1452 2177 1759 2244 propositio
1781 2194 1903 2231 oin-

321 2274 531 2327 nesque
558 2261 679 2329 ejus
707 2263 1140 2319 machinationes
1182 2265 1464 2320 dissolutae
1489 2278 1637 2332 sunt,
1666 2284 1790 2321 cum
1822 2271 1903 2339 ip-

320 2351 438 2405 sius
460 2354 711 2421 principii
757 2355 1117 2410 subvcrsione
1144 2366 1255 2410 tota
1284 2359 1404 2426 ejus
1424 2360 1901 2428 argumentatione

320 2441 481 2494 simul
518 2445 856 2500 concidente.
896 2447 1188 2503 Ostensum
1223 2452 1493 2519 siquidem
1535 2469 1644 2507 non
1672 2462 1754 2507 est
1786 2453 1900 2507 haec

224 2578 225 2581 η
318 2534 428 2587 duo
458 2537 533 2588 ita
570 2537 713 2592 inter
739 2556 796 2593 se
841 2540 1080 2605 diﬂ‘erre,
1117 2538 1174 2597 m
1229 2546 1274 2598 si
1310 2546 1540 2600 alterum
1582 2547 1774 2600 horum
1800 2564 1898 2603 ex-

320 2627 503 2690 sistat,
526 2630 759 2683 alterum
792 2647 913 2686 esse
940 2650 1049 2686 non
1080 2636 1273 2703 possit,
1306 2638 1389 2690 vel
1414 2648 1627 2704 centra,
1652 2639 1697 2693 si
1727 2656 1897 2692 unum

318 2733 431 2771 non
470 2721 723 2785 exsistat,
762 2724 992 2778 alterum
1023 2741 1146 2781 esse
1180 2730 1405 2783 omnino
1454 2746 1679 2785 necesse
1709 2733 1799 2787 sit.
1833 2734 1900 2784 At

318 2810 453 2863 nihil
498 2814 685 2866 obstat
736 2816 871 2884 quin
913 2818 994 2873 vel
1044 2820 1222 2874 eidem
1279 2830 1571 2892 utrumque
1604 2824 1757 2888 insit,
1813 2827 1897 2881 vel

316 2908 597 2955 neutrum.
626 2903 731 2958 Sed
766 2915 819 2959 et
854 2908 965 2961 haec
1002 2911 1303 2978 propositio
1354 2930 1513 2981 quam
1560 2916 1776 2970 inlirma
1807 2918 1896 2983 sit,

316 3006 382 3043 ex
412 2993 577 3047 altera
616 3012 737 3064 quae
788 2998 914 3051 huic
968 3003 1246 3054 contraria
1283 3018 1350 3059 ex
1382 3013 1536 3072 parte
1580 3010 1895 3076 respondet,

314 3083 623 3139 videamus.
658 3088 713 3141 Si
755 3091 896 3142 enim
940 3103 1198 3162 tanquam
1234 3113 1421 3151 verum
1460 3099 1563 3153 hoc
1603 3104 1892 3167 asseritur,

311 3174 361 3227 si
394 3191 501 3228 non
528 3187 613 3232 est
651 3196 802 3235 mens
838 3198 1000 3239 carne
1044 3189 1292 3256 praedita,
1342 3193 1611 3261 sapientia
1638 3197 1774 3264 erit;
1802 3214 1897 3253 ve-

315 3280 435 3321 i'um
460 3284 679 3340 quoque
707 3276 809 3327 crit
836 3276 886 3329 id
919 3279 1063 3347 quod
1087 3296 1116 3332 e
1142 3286 1423 3338 contrario
1446 3286 1667 3353 dicitur,
1706 3305 1897 3359 nempe

315 3360 360 3413 si
398 3364 666 3431 sapientia
694 3376 797 3433 est,
838 3386 990 3425 mens
1022 3388 1187 3437 carne
1218 3376 1444 3444 prmdita
1482 3395 1590 3431 non
1634 3382 1760 3435 erit.
1798 3387 1896 3437 At-

279 3452 406 3518 .qui
466 3457 790 3524 sapientiam
831 3476 953 3515 esse
1014 3463 1318 3528 Christum,
1362 3467 1680 3540 quicunque
1732 3473 1890 3527 iidem

314 3543 597 3610 amplexus
632 3556 717 3601 est
747 3549 890 3602 ultro
934 3553 1187 3605 concedit
1216 3572 1227 3606 :
1261 3570 1391 3623 ergo
1428 3556 1587 3625 juxta
1630 3562 1895 3632 sapientis

313 3632 478 3702 hujus
502 3638 882 3703 assertionem,
902 3643 1153 3697 eumdem
1176 3646 1454 3704 Christum
1479 3664 1711 3710 mentem
1731 3672 1897 3714 carne

313 3726 595 3794 praeditam
656 3744 763 3783 non
811 3746 933 3787 esse
968 3734 1296 3807 fatebimur;
1358 3744 1431 3796 ita
1484 3754 1541 3799 ut
1581 3763 1645 3802 ex
1690 3752 1885 3807 utrius-

310 3835 417 3889 que
447 3822 774 3889 rationibus,
808 3842 943 3896 quas
976 3831 1150 3899 primo
1201 3843 1255 3887 et
1282 3837 1523 3894 secundo
1556 3840 1674 3896 loco
1702 3853 1893 3914 protu-

312 3916 392 3981 lit,
425 3926 480 3970 et
506 3933 569 3972 ex
608 3919 733 3975 aliis
761 3938 903 3990 quas
931 3924 996 3977 ad
1021 3929 1349 3982 sententiam
1377 3948 1530 3987 suam
1556 3938 1887 3995 conﬁrman-

310 4010 433 4062 dam
468 4010 520 4063 in
559 4015 818 4081 praesenti
868 4017 1181 4088 subjungit,
1248 4020 1541 4080 Dominum
1609 4046 1718 4086 non
1768 4049 1891 4089 esse

311 4114 546 4158 mentem
578 4120 742 4159 carne
774 4111 1055 4177 praeditam
1107 4115 1346 4184 scriptor
1376 4119 1494 4188 ipse
1528 4122 1887 4183 demonstret.

311 4192 461 4249 Talis
494 4205 579 4252 est
627 4201 959 4270 propositio,
991 4204 1114 4260 talis
1168 4214 1222 4261 ct
1286 4216 1613 4284 assumptio.
1677 4217 1886 4290 ECquid

309 4305 439 4342 vero
508 4300 737 4361 utraque
807 4294 1039 4366 dignum
1106 4302 1392 4359 conclusio
1453 4308 1890 4379 complectitur?

305 4372 506 4468 Christi
540 4380 610 4433 ad
648 4397 742 4436 nos
780 4402 1020 4446 accessus
1098 4409 1198 4447 non
1229 4372 1608 4464 fuitadveutus
1650 4401 1767 4468 Dei,
1792 4409 1883 4461 sed

305 4466 535 4524 hominis
592 4482 764 4527 ortus.
841 4476 967 4538 "me
1021 4483 1168 4540 dicta
1242 4490 1318 4544 illi
1389 4493 1637 4551 rideant.
1680 4466 1883 4566 quibus

306 4561 483 4616 aliena
551 4566 787 4637 superbe
842 4570 1415 4653 contemnere'moris
1465 4561 1717 4653 est;nos
1752 4607 1881 4649 vero

303 4656 619 4713 eorumdem
666 4659 941 4719 fallaciam
991 4674 1046 4722 et
1095 4650 1401 4731 fatuitatem
1459 4650 1648 4749 lugere
1685 4697 1882 4753 oppor-

306 4748 495 4803 tunius
543 4765 665 4808 esse
713 4750 1045 4825 iudicantes,
1088 4762 1156 4816 ab
1193 4779 1384 4820 eorum
1425 4748 1883 4838 prolixiori'c—on-

307 4836 592 4905 futatione,
617 4860 683 4899 ne
711 4847 986 4908 derisores
1016 4870 1139 4909 esse
1166 4856 1465 4926 videamur,
1489 4873 1882 4937 temperamus.

306 4929 441 4997 Quis
470 4935 616 4989 enim
655 4952 999 5012 nequaquam
1033 4948 1136 5003 sibi
1163 4952 1525 5013 eohmrentem
1578 4929 1878 5037 syllogismi

374 5131 419 5163 ’⁵
450 5132 606 5189 Joan.
638 5152 717 5200 ιιι,
753 5135 803 5191 δ’.

373 5314 668 5390 (39)_(Lorr.
701 5318 921 5390 ἐκείνην
954 5317 1113 5377 εἶναι.

371 5384 448 5478 (ἒ)
662 5384 1142 5478 συμπεπτωκότος,
1177 5404 1230 5450 et
1263 5413 1387 5453 mox
1414 5400 1576 5455 habet
1604 5404 1725 5456 οὐδὲ
1755 5407 1880 5478 γάρ.

482 5454 637 5529 porr.
668 5454 927 5529 ὑπάρχοι.

372 5522 931 5614 ςέ11ι³.ίῖ9ῖν-.έείιῖιθε
1112 5537 1201 5614 se.
1246 5542 1669 5611 συμπεράσματι
1705 5544 1866 5614 λέγει.

375 5592 451 5659 (4)
482 5592 541 5676 ,Ιιι
568 5604 714 5678 textu
760 5597 893 5686 V’ntl.‘
912 5605 1035 5680 cod.
1073 5592 1203 5686 nihil
1237 5592 1674 5667 .ndnéi.ié"&$i'rl
1707 5592 1870 5686 "legi:

309 5668 541 5745 turhoou
566 5668 632 5732 ἠν
666 5669 825 5745 σοφία
854 5669 1009 5734 Θεοῦ,
1043 5677 1136 5728 sed
1173 5678 1457 5745 legendum
1498 5685 1723 5739 omnino
1752 5668 1873 5742 esse

311 5729 466 5799 ιπιδη
475 5732 570 5797 μία
590 5729 598 5732 ’
620 5750 682 5785 ex
734 5729 944 5805 integro
985 5729 1322 5810 ApollinaUr—is
1336 5729 1875 5828 ἒιῖέὶιῖιῖιῖιῐ

2088 785 2226 838 Ἀλλ’
2260 784 2457 855 ἴδωμεν
2476 784 2574 847 τὰς
2599 783 2874 852 ἀφύκτους
2902 780 3067 835 αὐτοῦ
3088 780 3200 833 τῶν
3224 780 3609 853 συλλογισμῶν

2011 875 2277 944 ἀνάγκας,
2307 874 2373 926 δι’
2404 867 2479 927 ὧν
2508 874 2655 943 ἡμᾶς
2685 872 2822 943 πρὸς
2850 869 3261 938 συγκατάϐασιν
3288 869 3382 923 τοῦ
3411 870 3609 943 ἕνσαρ-

2008 984 2104 1021 κον
2147 962 2284 1019 εἶναι
2313 965 2437 1019 νοῦν
2470 964 2559 1017 τὸν
2591 963 2872 1033 Μονογενῆ
2908 962 3041 1015 Θεὸν
3079 963 3500 1030 συναναγκάζει.
3533 965 3610 1017 El

2003 1057 2087 1129 μὴ
2119 1057 2287 1123 νοῦς,
2321 1057 2506 1126 φησιν,
2546 1055 2847 1123 ἐνσαρκός
2868 1054 3039 1107 ἐστιν
3070 1056 3103 1107 ὁ
3138 1055 3375 1121 Κύριος,
3414 1058 3609 1124 σοφία

2008 1148 2086 1201 ἂν
2136 1147 2252 1215 εἴη.
2292 1148 2355 1199 Ὢ
2387 1147 2483 1217 τῆς
2523 1148 2736 1216 ἀμάχου
2791 1146 3145 1216 προτάσεωςί
3197 1145 3271 1197 Τὸ
3310 1146 3498 1216 ἕτερον
3545 1148 3610 1212 ἐξ

2009 1238 2335 1309 ἀμφοτέρων
2373 1237 2579 1291 οἴεσθαι
2608 1237 2825 1299 πάντως
2870 1232 3008 1289 εἶναι
3038 1237 3127 1289 τὸν
3160 1236 3385 1307 Κύριον,
3414 1236 3445 1307 ἢ
3479 1238 3610 1291 νοῦν

2008 1329 2294 1400 ἔνσαρκον,
2315 1328 2347 1399 ἦ
2373 1328 2582 1398 σοφίαν·
2606 1328 2694 1381 διὰ
2717 1327 2874 1380 τοῦτό
2894 1345 3055 1398 φησιν
3080 1330 3287 1381 ἐκεῖνον
3303 1324 3439 1381 εἶναι
3465 1329 3605 1399 (99),

2009 1421 2056 1471 εἱ
2088 1419 2161 1489 μὴ
2189 1417 2345 1472 τοῦτό
2372 1421 2539 1483 ἐστιν,
2570 1418 2643 1471 ὅτ’
2672 1419 2738 1471 ἂν
2768 1419 2842 1488 μὴ
2883 1417 3008 1481 νοῦς
3049 1418 3313 1489 ἐνσαρκος
3342 1415 3399 1492 ᾖ,
3436 1422 3547 1473 πᾶν
3577 1422 3609 1473 ὃ

2014 1511 2088 1580 μὴ
2128 1514 2243 1564 ἐστι
2273 1510 2395 1573 νοῦς
2440 1510 2725 1583 ἔνσαρκος,
2754 1511 2917 1580 σοφία
2945 1510 3084 1564 ἐστί.
3131 1511 3194 1562 Τί
3230 1508 3323 1566 οῦν
3354 1514 3383 1565 ὁ
3418 1514 3603 1577 λίθος;

2013 1600 2077 1650 Τί
2107 1600 2162 1653 δὲ
2192 1602 2219 1653 ὁ
2275 1601 2571 1671 κάνθαρος;
2598 1602 2662 1654 Τί
2703 1602 2760 1654 δὲ
2790 1601 2858 1654 τὰ
2888 1601 3052 1654 λοιπὰ
3076 1602 3191 1655 τῶν
3221 1605 3558 1672 φαινομένων
3587 1622 3603 1667 ;

2006 1689 2177 1744 Δώσει
2210 1692 2318 1762 γὰρ
2350 1693 2441 1744 ἐπὶ
2464 1682 2680 1745 ’τούτων
2716 1692 2935 1755 πάντως
2961 1692 3068 1745 τῶν
3092 1693 3185 1747 δύο
3229 1694 3292 1747 τὸ
3324 1694 3533 1763 ἕτερον,
3566 1696 3603 1763 ἦ

2006 1781 2130 1833 νοῦν
2152 1782 2293 1834 αὐτὰ
2315 1782 2594 1853 ἕνσαρκον,
2618 1783 2650 1854 ἢ
2672 1783 2863 1851 σοφίαν
2880 1777 3040 1835 εἶναι·
3059 1783 3195 1836 ἀλλά
3215 1783 3458 1854 μὴνοῦτε
3476 1785 3606 1849 νοῦς

2004 1869 2128 1923 οὔτε
2158 1872 2317 1941 σοφία
2351 1873 2555 1925 τούτων
2587 1873 2734 1925 ἐστὶν
2763 1873 2934 1925 οὐδέν.
2963 1873 3354 1927 Διαπέπτωκεν
3382 1874 3492 1945 ἄρα
3525 1877 3607 1945 cf)

2004 1963 2327 2034 λογογράφῳ
2344 1966 2375 2035 ἡ
2395 1964 2677 2035 πρότασις,
2696 1964 3024 2036 καὶδιερρύη
3040 1966 3147 2017 πᾶν
3162 1966 3223 2018 τὸ
3249 1966 3606 2037 παιὼρημα,

2007 2058 2073 2125 τῇ
2107 2057 2203 2126 τῆς
2226 2057 2399 2126 ἀρχῆς
2425 2055 2664 2108 διαλύσει
2703 2055 3146 2120 διαπεπτωκότος
3179 2056 3253 2126 (1)
3282 2057 3376 2110 τοῦ
3418 2058 3603 2126 λόγου.

1938 2155 1980 2212 Β
2012 2146 2174 2199 Ούὸὲν
2223 2146 2331 2218 γὰρ
2367 2147 2579 2217 ἐδείχθη
2634 2147 2808 2199 ταῦτα
2859 2146 2958 2217 τὴν
3004 2147 3410 2219 ἀντιδιαστολὴν
3465 2150 3609 2219 πρὸς

2009 2238 2214 2308 ἄλληλα
2269 2240 2482 2309 ἔχοντα,
2515 2239 2657 2293 ὥστε
2703 2242 2750 2292 εί
2801 2239 2861 2292 τὸ
2911 2240 3098 2310 ἓτερον
3143 2240 3347 2294 τούτων
3378 2242 3487 2311 εἴη,
3526 2244 3605 2312 μὴ

2009 2324 2147 2381 εἶναι
2189 2330 2251 2382 τὸ
2280 2331 2484 2400 ἕτερον,
2517 2330 2548 2401 ἦ
2591 2331 2651 2384 τὸ
2685 2330 2941 2400 ἔμπαλιν,
2982 2334 3031 2383 εἰ
3061 2332 3122 2384 τὸ
3150 2332 3208 2384 ἓν
3237 2332 3313 2403 μὴ
3341 2334 3602 2406 ὑπάρχοι.

2006 2421 2068 2473 τὸ
2098 2422 2417 2492 λειπόμενον
2452 2425 2688 2493 ὑπάρχει
2721 2424 2796 2492 (2)
2830 2424 3065 2483 πάντως.
3107 2423 3267 2477 Ἀλλὰ
3294 2424 3493 2477 κωλύει
3518 2426 3606 2478 ού-

2007 2511 2093 2565 δὲν
2124 2513 2217 2565 καὶ
2242 2514 2527 2584 ἀμφότερα
2551 2509 2690 2567 εἶναι
2722 2514 2862 2567 κατὰ
2885 2514 3100 2577 ταύτὸν,
3130 2516 3224 2568 καὶ
3255 2516 3363 2569 οὐδ’
3388 2518 3600 2587 ἕτερον.

2021 2601 2179 2655 Ἀλλὰ
2227 2603 2321 2655 καὶ
2366 2606 2430 2655 ἐκ
2485 2603 2578 2656 τοῦ
2618 2604 2976 2675 ἀντιστρόφου
3032 2604 3092 2657 τὸ
3135 2605 3236 2673 τῆς
3282 2607 3604 2675 προτάσεως

2007 2689 2309 2742 ἀσύστατον
2333 2690 2550 2761 ἴδωμεν.
2581 2692 2644 2744 Εἰ
2670 2691 2778 2762 γάρ
2803 2693 2877 2755 ὡς
2917 2692 3116 2763 ἀληθὲς
3151 2695 3491 2765 προτείνεται
3515 2695 3598 2758 τὸ,

2007 2782 2055 2833 εἰ
2093 2782 2166 2851 μὴ
2195 2782 2317 2845 νοῦς
2339 2784 2486 2836 ἐστιν
2519 2783 2800 2853 ἕνσαρκος,
2838 2784 3001 2853 σοφία
3028 2784 3092 2837 ἂν
3122 2785 3233 2854 εἴη*
3266 2786 3471 2858 ἀληθὲς
3502 2794 3600 2840 καὶ

2005 2872 2065 2925 τὸ
2091 2876 2155 2926 ἐκ
2198 2873 2291 2926 τοῦ
2324 2875 2681 2944 ἀντιστρόφου
2732 2876 3182 2945 ἀναφαινόμενον,
3227 2877 3309 2929 ὅτι
3353 2879 3401 2929 εἰ
3434 2879 3599 2947 σοφία

2006 2965 2144 3027 ἐστὶ,
2171 2965 2294 3028 νοῦς
2318 2964 2581 3036 ἕνσαρκος
2603 2966 2703 3019 ούκ
2731 2966 2897 3020 ἐστιν.
2930 2966 3089 3018 Ἀλλὰ
3111 2968 3220 3036 μὴν
3244 2968 3435 3035 σοφίαν
3454 2964 3598 3021 εἶναι

2006 3056 2098 3108 τὸν
2130 3059 2383 3123 Χριστὸν,
2408 3061 2515 3121 πᾶς
2542 3061 2569 3111 ό
2598 3058 3043 3131 παραδεξάμενος
3071 3059 3168 3129 τὴν
3198 3060 3383 3112 πίστιν
3413 3062 3598 3113 συντίο

2006 3145 2155 3200 Οεται
2176 3165 2190 3179 ·
2215 3148 2324 3217 ἄρα
2351 3148 2492 3201 κατὰ
2516 3150 2614 3218 τὴν
2635 3150 2728 3202 τοῦ
2772 3149 2933 3219 σοφοῦ
2959 3150 3241 3221 πρότασιν,
3263 3152 3325 3205 τὸ
3351 3152 3424 3222 μὴ
3452 3147 3597 3206 εἶναι

2004 3240 2163 3292 αὐτὸν
2191 3239 2315 3293 νοῦν
2361 3240 2623 3311 ἕνσαρκον
2671 3241 3033 3311 ὁμολογεῖται,
3064 3242 3206 3296 ὥστε
3255 3246 3377 3296 κατ’
3415 3246 3596 3314 ἀμφό-

2001 3345 2135 3398 τερα
2164 3330 2303 3383 κατά
2328 3346 2386 3381 τε
2414 3330 2504 3383 τὸν
2534 3330 2771 3401 πρῶτον,
2800 3333 3010 3386 καὶτὸν
3033 3334 3304 3404 δεύτερον,
3332 3338 3424 3389 καὶ
3451 3337 3593 3391 κατὰ

2002 3416 2093 3490 τὸν
2124 3418 2218 3471 νῦν
2252 3418 2407 3486 λόγον
2432 3420 2594 3483 αὐτὸς
2620 3422 2648 3472 ὁ
2675 3421 3032 3492 λογογράφος,
3060 3422 3125 3476 δι’
3148 3415 3223 3474 ὧν
3251 3423 3594 3476 κατασκευά-

1925 3511 1965 3568 C
2005 3505 2107 3571 ζει,
2141 3509 2170 3561 ὃ
2200 3509 2468 3579 βούλεται,
2502 3511 2562 3564 τὸ
2603 3512 2676 3581 μὴ
2708 3507 2848 3565 εἶναι
2894 3512 3160 3584 ἐνσαρχον
3188 3512 3313 3567 νοῦν
3355 3514 3446 3567 τὸν
3479 3516 3595 3569 Κύ-

2003 3618 2118 3671 ριον
2159 3602 2527 3658 ἀποδείκνυσι.
2564 3603 2800 3673 Τοιαύτη
2834 3606 2867 3675 ἡ
2912 3605 3195 3677 πρότασις,
3228 3607 3452 3678 τοιαύτη
3496 3608 3591 3661 καὶ

1999 3694 2033 3763 ἡ
2063 3693 2152 3747 διὰ
2197 3693 2367 3764 μέσου
2421 3700 2757 3768 κατασκευή.
2798 3696 2983 3763 ’Ἄξιον
3028 3699 3357 3770 ἀμφοτέρων
3406 3701 3590 3753 καὶτὸ

1996 3787 2367 3859 συμπέρασμα
2388 3791 2440 3841 τί
2472 3788 2546 3859 (5)
2575 3789 2727 3858 λέγει
2746 3807 2761 3855 ;
2781 3792 2902 3844 Οὐκ
2920 3786 2996 3859 ἦν
3020 3790 3307 3861 ἐπιδημία
3338 3793 3487 3847 Θεοῦ
3511 3793 3589 3862 (4)

1990 3877 2030 3945 ἡ
2053 3877 2308 3945 Χριστοῦ
2337 3879 2663 3947 παρουσία,
2681 3879 2821 3933 ἀλλ’
2839 3877 3156 3947 ἀνθρώπου
3178 3880 3468 3949 γέννησις
3486 3882 3585 3953 (5).

1994 3968 2316 4023 Γελάτωσαν
2347 3971 2439 4022 ἐπὶ
2466 3971 2579 4032 τοῖς
2599 3969 2912 4041 εἰρημένοις
2942 3972 3058 4024 ὅσοι
3085 3973 3357 4043 ἀγέρωχοι
3380 3990 3395 4004 ⁸
3426 3976 3586 4045 ἡμεῖς

1990 4059 2047 4112 δὲ
2076 4059 2334 4130 δακρύειν
2356 4059 2607 4132 εὔκαιρον
2627 4060 2721 4113 ἐπὶ
2742 4063 2806 4131 τῇ
2829 4060 3015 4132 ἀπάτῃ
3032 4062 3140 4116 τῶν
3165 4066 3579 4137 εἰρημένων(6),

1993 4150 2086 4202 κα).
2129 4153 2195 4220 τῇ
2235 4152 2553 4221 ματαιότητι
2598 4151 2899 4221 κρίναντες,
2935 4154 3029 4205 ἐπὶ
3065 4154 3246 4208 πλεῖον
3288 4157 3580 4227 διελέγχειν

1991 4240 2083 4293 τὸν
2115 4240 2291 4309 λόγον,
2321 4242 2397 4306 ὡς
2426 4241 2492 4295 ἂν
2521 4243 2595 4313 μὴ
2631 4242 2933 4311 γελοιάζειν
2973 4244 3250 4315 δόξαιμεν,
3286 4249 3579 4319 παραιτού-

2000 4331 2160 4400 μεθα.
2192 4334 2286 4398 Τίς
2310 4335 2421 4405 γὰρ
2450 4335 2548 4388 οὐκ
2570 4334 2639 4409 ἀν
2670 4336 2892 4399 εἰκότως
2916 4336 3195 4403 γελάσειεν
3224 4342 3317 4392 ἐπὶ
3332 4344 3399 4411 τῇ
3422 4344 3579 4394 ἀσυν-

1990 4425 2209 4495 αρτήτῳ
2258 4424 2353 4478 τοῦ
2399 4426 2760 4497 συλλογισμοῦ
2795 4427 2870 4497 (7)
2904 4428 3077 4499 πλοκῇ
3106 4447 3120 4495 ;
3165 4430 3497 4502 Ἑκθήσομαι
3524 4433 3578 4486 δὲ

1988 4517 2086 4586 τὴν
2116 4515 2260 4582 λέξιν
2289 4516 2479 4587 αὐτὴν,
2525 4520 2666 4571 κατὰ
2694 4518 2754 4570 τὸ
2784 4518 3073 4571 ἀκόλουθον
3112 4518 3285 4584 οὓτως
3313 4523 3570 4591 ἔχουσαν·

1987 4607 2056 4658 Εἰ
2082 4606 2170 4677 μὴ
2198 4608 2344 4673 νοῦς
2381 4608 2678 4677 ἕνσαρκός
2710 4610 2879 4662 ἐστιν
2922 4612 2955 4663 ὁ
3000 4611 3232 4677 Κύριος,
3272 4616 3460 4682 σοφία
3502 4614 3578 4668 ἄν

1987 4695 2106 4763 εἴη,
2137 4697 2475 4766 φωτίζουσα
2518 4701 2671 4755 γοῦν
2700 4700 3014 4769 ἀνθρώπου
3036 4719 3047 4731 ·
3085 4703 3237 4771 αὕτη
3280 4705 3350 4757 δὲ
3382 4708 3477 4759 καὶ
3508 4707 3578 4760 ἐν

1988 4786 2180 4842 πᾶσιν
2213 4790 2290 4859 (8)
2323 4792 2675 4860 ἀνθρώποις.
2726 4797 2796 4847 El
2825 4795 2894 4847 δὲ
2939 4795 3145 4858 ταῦτα,
3178 4799 3290 4851 οὐκ
3325 4794 3404 4867 ἦν
3445 4798 3574 4851 ἑπι-

1987 4879 2170 4949 δημία
2197 4882 2343 4937 Θεοῦ
2373 4885 2410 4952 ἡ
2448 4883 2709 4951 Χριστοῦ
2747 4887 3071 4953 παρουσία,
3097 4886 3233 4941 ἀλλ’
3258 4887 3575 4955 ἀνθρώπου

1987 4974 2272 5043 γέννησις
2298 4976 2394 5045 (9).
2423 4976 2497 5029 Τὸ
2533 4976 2629 5046 μὲν
2681 4969 2773 5030 οὖν
2821 4977 3011 5045 σοφίαν
3067 4973 3207 5031 εἶναι
3252 4978 3345 5033 τὸν
3373 4978 3571 5051 Κύριον

1994 5346 2327 5422 mounsubdit
2353 5349 2642 5422 manifeste
2673 5362 2919 5422 apparet.

2069 5416 2146 5486 (5)
2171 5418 2335 5486 (Corr.
2371 5419 2605 5486 γένεσις.

2060 5484 2135 5563 ιβ)
2166 5485 2241 5563 μη
2284 5484 2451 5553 corr.,
2493 5504 2649 5546 antea
2673 5494 2765 5545 ἐπὶ
2785 5496 2896 5554 τοῖς
2918 5493 3246 5563 εἰρημένοις.

2058 5556 2131 5631 (ἶ)
2156 5556 2239 5631 _lta
2261 5573 2432 5623 corr.,
2469 5563 2610 5615 male
2648 5571 2805 5617 antea
2847 5556 3125 5631 λογισμοῦ.

2156 5627 2230 5705 ita
2258 5643 2415 5705 corr._
2440 5641 2597 5685 antea
2630 5631 2770 5705 αῦτη
2797 5634 2854 5687 δὲ
2884 5633 2944 5685 τὸ
2971 5627 3030 5686 ἐν
3059 5635 3243 5691 πᾶσιν.

2054 5696 2129 5766 (9)
2164 5698 2320 5753 Corr.
2357 5700 2589 5767 γένεσις.
