4018 6124
401 270 541 327 1205

1566 273 1937 332 ADVERSUS
1968 270 2491 331 APOLLINAREM.

3527 276 3547 330 1
3558 277 3662 333 206

399 385 769 456 ὑπερέχουσαν
797 383 971 438 πάντα
993 385 1137 454 νοῦν,
1167 387 1341 451 οὐδεὶς
1375 388 1439 441 ἂν
1468 388 1575 442 τῶν
1621 391 1985 445 εὐσεϐούντων

2090 392 2430 460 complexum
2470 390 2594 460 jure
2651 390 2845 444 merito
2903 404 3009 443 non
3061 390 3285 443 riserit?‘
3333 389 3456 462 Ipsa
3482 402 3663 446 autem

398 480 719 549 ἀρνήσαιτο,
745 480 864 540 ταῖς
894 482 1097 546 φωναῖς
1126 479 1235 531 τῶν
1259 481 1428 549 ἁγίων
1452 483 1713 553 Πατέρων
1740 485 1832 536 καὶ
1858 485 1987 536 ἀπο-

400 571 598 626 στόλων
641 572 777 640 προς
816 569 988 623 ταῦτα
1035 573 1563 643 χειραγωγούμενος.
1589 576 1698 627 Καὶ
1739 574 1868 644 γὰρ,
1905 577 1987 629 ὅτι

399 660 587 728 Σοφία
616 659 872 728 ἐγενήθη
908 661 1053 730 ἡμῖν
1092 663 1252 731 παρὰ
1292 663 1400 717 τοῦ
1428 662 1601 730 Θεοῦ,
1635 664 1931 737 διαρρήδην
1960 667 1987 718 ὁ

399 752 604 814 Παῦλος
643 752 769 823 βοᾷ·
820 753 934 817 καὶ,
986 755 1069 807 ὅτι
1115 754 1416 823 Ἐπεφάνη
1454 756 1597 824 ἡμῖν
1623 756 1662 823 ἡ
1695 758 1986 825 σωτήριος

398 843 590 913 χάρις,
647 844 1020 899 παιδεύουσα
1064 844 1224 915 ἡμᾶς
1280 846 1661 913 ἀρνήσασθαι
1702 848 1821 916 μὲν
1871 848 1987 918 τὴν

396 936 699 1001 ἀσέϐειαν,
732 936 805 989 δι’
831 938 1144 1004 ὁσιότητος
1167 936 1236 990 δὲ
1264 938 1361 991 καί
1380 938 1771 1006 ὁἾκαιοσύνης
1799 955 1983 1007 προσ-

397 1023 676 1092 δέχεσθαι
722 1026 837 1096 τὴν
864 1028 1169 1095 μακαρίαν
1213 1028 1451 1084 ἐλπίδα.
1501 1030 1610 1082 Καὶ
1655 1028 1831 1083 ταῦτα
1891 1030 1982 1083 τοῦ

411 1117 734 1170 Ἀποστόλου
767 1118 1050 1185 διεξιόντος
1088 1119 1403 1191 ἠκούσαμεν
1424 1136 1436 1149 ·
1472 1121 1599 1175 νοῦν
1627 1123 1683 1175 δὲ
1724 1122 1984 1195 ἕνσαρκον

396 1207 490 1259 τὸν
517 1210 797 1281 Μονογενῆ
819 1211 971 1275 Θεὸν,
999 1212 1091 1265 τὸν
1122 1212 1213 1264 ἐπὶ
1247 1213 1481 1275 πάντων,
1503 1214 1597 1266 κα)⁴
1629 1213 1715 1267 διὰ
1745 1215 1980 1281 πάντων,

400 1300 495 1351 καὶ
521 1302 577 1353 ὲν
618 1302 801 1366 πᾶσιν,
834 1301 958 1355 οὔτε
992 1302 1306 1375 ἠκούσαμεν
1332 1304 1438 1356 τῶν
1468 1304 1641 1373 ἁγίων
1667 1305 1828 1368 τινὸς,
1859 1305 1982 1359 οὗτε

398 1392 749 1459 παρενθεῖναι
782 1397 900 1457 ταῖς
950 1394 1121 1459 θείαις
1173 1399 1379 1464 φωναῖς
1406 1396 1517 1467 (10)
1550 1397 1650 1466 τὴν
1696 1397 1983 1451 ἀλλόκοτον

380 1483 603 1552 ταύτην
625 1486 984 1553 καινοφωνίαν
1014 1488 1444 1559 καταδεχόμεθα,
1473 1490 1565 1542 καὶ
1590 1489 1822 1560 μάλιστα
1851 1491 1985 1562 πρὸς

395 1575 489 1629 τὸν
531 1577 729 1629 σκοπὸν
762 1578 995 1647 ὁρῶντες
1024 1579 1115 1632 τοῦ
1162 1578 1345 1633 καινοῦ
1380 1580 1743 1651 λογογράφου,
1773 1581 1830 1645 ὃς
1864 1581 1985 1652 βού-

394 1667 547 1721 λεται
589 1669 677 1723 διὰ
724 1671 822 1738 τῆς
877 1670 1096 1742 ψυχρᾶς
1145 1672 1350 1743 ταύτης
1380 1674 1725 1743 κατασκευῆς
1754 1674 1846 1727 τοῦ
1893 1691 1981 1726 σο-

392 1758 666 1830 φίσματος
696 1761 945 1816 ἐκϐαλεῖν
981 1764 1080 1833 μὲν
1123 1765 1215 1817 ἐπὶ
1246 1764 1341 1817 τοῦ
1382 1765 1589 1835 Κυρίου
1622 1763 1720 1835 τὴν
1765 1765 1864 1834 τῆς
1895 1782 1983 1818 σο·-

398 1850 525 1918 φίας
581 1852 892 1920 ὁμολογίαν,
924 1855 991 1907 δι’
1037 1850 1105 1926 ἧς
1145 1857 1320 1910 πάντα
1354 1857 1480 1909 νοῦν
1518 1856 1831 1926 σοφίζεσθαι
1869 1856 1979 1928 (11)

400 1943 880 2015 πεπιστεύκαμεν·
942 1947 1359 2018 ἀντεισαχθῆναι
1416 1948 1474 2000 δὲ
1525 1948 1625 2017 τὴν
1675 1948 1984 2020 παράλογον

398 2036 601 2103 ταύτην
630 2038 992 2106 καινοφωνίαν
1026 2039 1159 2107 (12),
1196 2040 1280 2092 ἵνα
1310 2038 1432 2103 νοῦς
1470 2039 1733 2109 ἕνσαρκος
1761 2043 1788 2092 ὁ
1812 2042 1983 2093 Μονο-

400 2125 580 2196 γενὴς,
608 2127 700 2179 καὶ
737 2129 811 2199 μὴ
848 2130 1008 2199 σοφία
1052 2132 1508 2203 κατονομάζηται.
1559 2131 1701 2186 Ἐὰν
1735 2132 1844 2203 γὰρ
1873 2149 1982 2188 σο-

393 2217 526 2284 φία,
560 2220 743 2288 φησὶν,
782 2220 1151 2290 ἑμπιστευθῇ
1176 2222 1286 2291 (15)
1318 2220 1470 2278 εἶναι
1500 2226 1533 2277 ό
1562 2222 1799 2291 Κύριος,
1839 2227 1877 2293 ἡ
1913 2227 1983 2280 ἐν

398 2318 549 2374 πᾶσι
579 2320 812 2390 δηλαδὴ
856 2322 1202 2392 δεχομένοις
1233 2326 1345 2396 (14)
1385 2326 1499 2395 τὴν
1537 2326 1731 2396 χάριν,
1782 2329 1982 2383 οὐκέτι

390 2411 720 2482 ἐπιδημίαν
758 2416 906 2469 Θεοῦ
941 2415 1056 2482 τὴν
1092 2418 1349 2485 Χριστοῦ
1377 2421 1720 2487 παρουσίαν
1764 2424 1980 2489 ὁμολο-

395 2503 685 2573 γήσομεν,
708 2504 780 2567 ὡς
810 2505 1216 2578 ἡλλοτριωμένη
1241 2508 1333 2561 τοῦ
1361 2508 1497 2562 Θεοῦ
1521 2514 1617 2581 τῆς
1643 2512 1853 2579 σοφίας.
1887 2514 1982 2576 Τίς

395 2599 496 2650 οὐκ
527 2598 593 2650 ἂν
637 2598 730 2650 τὸν
774 2597 943 2668 ἄνδρα
985 2600 1084 2669 τῆς
1118 2602 1475 2672 μελαγχολίας
1524 2602 1725 2673 ταύτης
1779 2605 1981 2657 οἰκτεί-

401 2704 544 2759 ροιεν
574 2689 718 2755 (1ὅ);
763 2689 886 2742 Ἐὰν
933 2691 1145 2759 σοφίαν,
1179 2694 1363 2763 φησὶν,
1401 2689 1541 2747 εἶναι
1581 2695 1978 2765 πιστεύσωμεν,

394 2781 500 2832 οὐκ
537 2779 687 2834 ἔσται
727 2781 860 2834 Θεοῦ
895 2781 1005 2853 (16)
1044 2784 1306 2853 ἐπιδημία
1338 2785 1371 2853 ἡ
1405 2784 1640 2853 Χριστοῦ
1686 2786 1979 2856 παρουσία,

406 2874 511 2935 Ὃς
541 2873 791 2942 ἐγενήθη
821 2875 968 2943 ἡμῖν
1005 2874 1194 2943 σοφία
1230 2874 1349 2929 ἀπὸ
1384 2874 1556 2938 Θεοῦ,
1595 2876 1732 2928 ἀλλὰ
1773 2876 1982 2945 ἀνθρώ-

401 2983 505 3018 που
546 2967 775 3034 γένεσις.
813 2968 946 3022 Ἐὰν
991 2968 1153 3037 σοφία
1258 2968 1405 3037 (I7);
1456 2967 1569 3022 Οὐκ
1609 2968 1845 3037 ἤκουσας
1885 2966 1979 3019 τοῦ

2089 480 2255 535 verba
2277 496 2342 535 eo
2375 496 2600 550 prorsus
2630 480 2821 535 ordine
2840 496 2948 551 quo
2974 480 3064 535 ille
3092 480 3389 549 disposuit,
3413 482 3500 537 hic
3531 484 3664 539 aite-

2092 587 2229 637 ram,
2267 588 2388 642 quze
2426 574 2497 627 ita
2534 589 2591 628 se
2622 573 2825 626 habent
2861 590 2875 626 :
2930 568 3054 623 Nisi
3094 568 3350 624 Dominus
3391 586 3535 624 mens
3579 593 3666 631 εε-

2088 674 2165 718 set
2187 681 2348 719 carne
2368 666 2619 730 prazdita,
2668 666 2927 734 sapientia
2977 674 3130 731 esset,
3164 664 3391 720 hominis
3442 678 3665 721 mentem

2088 756 2422 812 illuminans.
2454 757 2581 812 Haec
2616 768 2792 812 autem
2832 759 2885 811 in
2918 759 3160 812 omnibus
3226 759 3523 814 hominibus
3580 779 3663 815 re-

2086 851 2309 919 peritur.
2358 848 2419 904 Si
2450 860 2625 905 autent
2684 850 2937 905 liazcrera
2989 860 3144 918 sunt,
3196 849 3398 906 Christi
3448 852 3516 905 ad
3567 872 3661 909 nos

2088 958 2330 995 accessus
2354 958 2457 995 non
2486 942 2589 1011 fuit
2624 940 2875 997 adventus
2943 935 3059 1005 Dei,
3101 936 3191 992 sed
3228 937 3453 996 Ῑιοπιὶηἱδ
3491 948 3661 991 ortus.

2087 1035 2253 1103 Atqui
2280 1033 2567 1087 Dominum
2599 1050 2723 1089 esse
2774 1035 3099 1104 sapientiam
3128 1034 3347 1088 cunctis
3385 1035 3665 1088 mentibus

2088 1126 2484 1193 przecellentem
2524 1140 2682 1179 nemo
2720 1127 2845 1194 pius
2878 1125 3091 1179 inﬁcias
3127 1125 3308 1188 iverit,
3342 1134 3665 1178 sanctorum

2086 1216 2310 1271 Patrum
2365 1225 2419 1272 et
2472 1216 2845 1286 apostolorum
2902 1217 3064 1272 dictis
3120 1219 3185 1270 ad
3240 1218 3291 1272 id
3330 1216 3662 1276 credendum

2087 1308 2377 1363 adductus.
2423 1307 2631 1364 Diserte
2663 1322 2899 1377 namque
2943 1310 3143 1363 Paulus
3181 1310 3421 1363 clamat:
3461 1308 3664 1362 Factus

2083 1411 2161 1455 est
2185 1400 2333 1455 nobis
2367 1401 2627 1470 sapientia
2655 1418 2685 1454 a
2714 1398 2823 1454 Deo
2855 1402 2930 1467 9";
2963 1409 3055 1455 et:
3091 1402 3349 1469 Apparuit
3373 1401 3520 1454 nobis
3542 1416 3666 1471 gra-

2084 1494 2163 1546 tia
2185 1493 2463 1559 salutaris,
2493 1493 2737 1548 erudiens
2760 1511 2852 1548 nos
2892 1505 2945 1547 ut
2971 1495 3281 1564 abnegemus
3321 1492 3531 1563 quidem
3561 1494 3663 1547 im—

2084 1587 2353 1654 pietatem,
2384 1595 2561 1639 sancte
2594 1602 2715 1639 vero
2759 1598 2809 1641 et
2854 1587 2998 1655 juste
3045 1597 3400 1653 exspectemus
3454 1585 3662 1640 beatam

2088 1693 2227 1746 spem
2261 1678 2327 1729 ⁸⁸.
2379 1677 2504 1732 Haec
2535 1692 2667 1733 sane
2692 1677 3018 1748 Apostolum
3073 1678 3385 1748 loquentem
3442 1676 3660 1731 audivi-

2086 1784 2243 1824 mus:
2276 1767 2623 1839 Unigenitum
2655 1785 2785 1823 vero
2821 1767 3017 1823 Filium
3054 1770 3147 1838 qui
3178 1784 3347 1837 super
3375 1768 3577 1832 onmia,
3608 1774 3661 1821 et

2083 1876 2178 1930 per
2208 1861 2390 1915 omnia
2419 1870 2473 1915 et
2505 1862 2557 1914 in
2583 1862 2860 1926 omnibus,
2893 1870 3126 1914 mentem
3171 1875 3296 1913 esse
3326 1873 3491 1913 carne
3524 1873 3663 1927 pra:-

2083 1954 2276 2018 dilam,
2308 1970 2408 2008 nec
2440 1970 2468 2007 a
2499 1955 2757 2024 qquiam
2810 1960 3126 2008 sanctorum
3164 1951 3503 2020 accepimus,
3562 1966 3664 2005 ne-

2082 2062 2188 2116 que
2218 2048 2357 2101 inter
2381 2047 2546 2100 verba
2577 2046 2775 2100 divinis
2797 2047 2958 2100 rebus
3001 2042 3378 2114 signiﬁcandis
3434 2056 3659 2113 accom-

2082 2139 2301 2193 modata
2340 2138 2611 2193 recenseri
2638 2139 2779 2190 hanc
2824 2152 2854 2189 a
2886 2152 3013 2190 vera
3065 2137 3167 2189 title
3199 2136 3431 2190 alienam
3464 2149 3660 2188 vocum

2082 2234 2378 2286 novitatem
2413 2231 2693 2296 sinemus;
2731 2244 2794 2283 eo
2820 2229 2903 2283 vel
2958 2227 3195 2281 maxime
3239 2226 3286 2280 si
3334 2226 3402 2279 ad
3437 2241 3661 2295 scopum

2082 2328 2208 2378 novi
2240 2324 2402 2392 hujus
2429 2322 2714 2393 scriptoris
2753 2320 3132 2389 respiciamus,
3166 2318 3258 2388 qui
3314 2316 3512 2387 frigido
3555 2316 3660 2370 isto

2082 2417 2168 2471 sui
2202 2415 2555 2485 sophismatis
2582 2420 2848 2482 apparatu
2880 2410 3112 2479 rejicere
3141 2408 3360 2477 quidem
3404 2408 3515 2460 vult
3539 2421 3662 2461 eam

2082 2508 2478 2563 confessionem
2517 2503 2778 2575 quamde
2808 2501 3025 2557 Domini
3080 2500 3346 2569 sapientia
3398 2498 3665 2553 habemus

2081 2609 2136 2655 et
2160 2614 2267 2668 qua
2296 2613 2511 2653 omnem
2547 2597 2842 2650 humanam
2893 2599 3128 2647 mentem
3186 2592 3487 2661 sapientem
3523 2586 3665 2643 eIﬁci

2081 2690 2357 2745 credimus
2389 2708 2401 2743 :
2438 2690 2489 2742 in
2522 2689 2642 2757 ejus
2674 2701 2804 2742 vero
2851 2687 3029 2739 locum
3063 2683 3320 2738 inducere
3361 2681 3663 2737 absurdam

2083 2781 2222 2835 hanc
2251 2795 2446 2836 vocum
2474 2779 2767 2833 novitatem
2803 2782 2862 2830 ut
2907 2774 3230 2845 Unigenilus
3288 2790 3442 2827 mens
3499 2785 3667 2827 carne

2083 2875 2327 2944 praedita,
2353 2888 2461 2926 non
2488 2887 2618 2927 vero
2704 2866 2970 2939 sapientia
3022 2866 3340 2935 appelletur.
3380 2862 3441 2918 Si
3476 2861 3615 2914 enim
3642 2899 3659 2922 ,

2084 2966 2280 3034 inquit,
2331 2958 2617 3013 Dominum
2656 2960 2931 3013 credamus
2989 2972 3101 3012 esse
3153 2954 3490 3022 sapientiam,
3545 2965 3663 3002 eam

399 3060 679 3129 προφήτου
704 3060 955 3129 βοῶντος,
989 3061 1073 3114 ὅτι
1111 3062 1174 3115 Ἠ
1205 3058 1496 3128 παρθένος
1519 3060 1588 3112 ἐν
1622 3058 1835 3127 γαστρὶ
1869 3057 1978 3123 λή-

2088 3072 2266 3125 nempe
2309 3070 2426 3124 quae
2475 3055 2532 3105 in
2562 3051 2803 3105 omnibus
2850 3051 3044 3104 divina:
3102 3048 3287 3118 gratiae
3332 3041 3664 3098 consortibus

402 3154 594 3219 ψεται,
632 3153 729 3205 καὶ
766 3153 995 3217 τέξεται
1045 3156 1180 3207 υἱόν
1200 3169 1220 3216 ;
1253 3153 1367 3215 καὶ,
1415 3153 1496 3205 ὅτι
1528 3151 1775 3205 Παιδίον
1813 3152 1979 3220 ἐγεν-

402 3241 556 3308 νήθη
590 3242 772 3311 ·ἡμῖν;
804 3243 899 3296 καὶ
944 3243 1024 3295 ὅτι
1058 3243 1178 3306 Υἱὸς
1205 3242 1302 3313 τὴν
1335 3243 1512 3312 ἀρχὴν
1564 3242 1656 3294 ἐπὶ
1685 3242 1778 3295 τοῦ
1828 3241 1978 3313 ὤμου

401 3332 537 3403 ἔχει,
563 3334 637 3397 ὡς
676 3335 892 3403 ἰσχυρὸς
918 3334 1011 3387 καὶ
1035 3334 1278 3397 δυνατὸς,
1312 3334 1405 3386 καὶ
1427 3334 1490 3386 οὐ
1531 3334 1689 3403 μόνον
1718 3334 1810 3386 τοῦ
1841 3352 1985 3406 παρ-

400 3424 661 3492 ελθόντος,
691 3425 826 3478 ἀλλὰ
856 3426 948 3478 καὶ
968 3426 1061 3478 τοῦ
1091 3425 1373 3496 μέλλοντος
1406 3424 1597 3488 αίῶνος
1619 3425 1845 3497 Πατήρ;

2089 3148 2367 3216 reperitur,
2409 3144 2555 3197 nullo
2601 3153 2753 3210 pacto
2784 3141 2983 3196 Christi
3025 3142 3092 3194 ad
3121 3156 3215 3193 nos
3239 3150 3529 3198 accessum,
3568 3129 3667 3185 Dei

2089 3237 2366 3292 adventum
2400 3234 2565 3303 fuisse
2616 3233 2899 3301 fatebimur
2941 3245 2959 3282 :
3013 3242 3079 3282 ac
3143 3227 3189 3283 si
3238 3228 3476 3280 alienum
3533 3222 3664 3292 quid

2090 3337 2237 3385 esset
2266 3343 2295 3380 a
2325 3326 2433 3381 Deo
2469 3324 2756 3393 sapientia.
2784 3320 2919 3387 Quis
2959 3319 3195 3373 hominis
3230 3318 3395 3385 hujus
3434 3314 3664 3369 insaniae

2095 3436 2203 3475 non
2234 3415 2602 3473 misereatur?
2641 3414 2697 3467 Si
2752 3411 3100 3482 sapientiam,
3127 3409 3327 3478 inquit,
3364 3422 3489 3461 eum
3539 3417 3666 3461 esse

398 3516 712 3583 credemus,
739 3516 942 3571 Christi
972 3515 1040 3570 ad
1085 3530 1186 3570 nos
1219 3530 1496 3580 accessus,
1532 3515 1637 3581 Qui
1665 3496 1838 3585 factus
1870 3533 1923 3571 es
1955 3513 2105 3569 nobis
2132 3511 2396 3582 sapientia
2445 3526 2477 3561 a
2524 3507 2631 3561 Deo
2666 3505 2733 3570 '9,
2769 3519 2879 3558 non
2940 3503 3044 3557 erit
3091 3501 3183 3555 Dei
3242 3499 3526 3561 adventus,
3568 3496 3666 3551 sed

405 3609 640 3664 hominis
687 3617 862 3665 ortus.
933 3608 990 3663 Si
1035 3609 1301 3678 sapientia
1370 3607 1515 3663 erit?
1563 3606 1683 3662 Non
1719 3608 1919 3663 audisti
1980 3605 2301 3677 prophetam
2363 3602 2437 3655 ita
2482 3601 2832 3662 clamantem,
2884 3593 3042 3664 Virgo
3072 3595 3124 3647 in
3178 3602 3324 3646 utero
3385 3589 3663 3655 concipiet,

387 3705 441 3749 et
478 3699 648 3766 pariet
693 3698 865 3758 filium
912 3699 960 3766 ²;
995 3704 1070 3762 et,
1111 3698 1376 3753 Parvulas
1405 3708 1560 3753 natus
1585 3707 1663 3752 est
1686 3698 1835 3752 nobis
1876 3698 1937 3751 ’ἲ
1979 3696 2120 3763 Quin
2164 3702 2219 3749 et
2251 3695 2320 3747 ab
2351 3691 2542 3746 eodem
2570 3688 2743 3743 Filius
2788 3687 3153 3757 principatum
3210 3696 3375 3752 super
3407 3682 3667 3735 humeros

403 3790 610 3846 habens
688 3789 910 3855 dicitur,
985 3798 1174 3860 utpote
1232 3790 1393 3845 fortis
1426 3798 1479 3845 et
1531 3798 1749 3860 potens,
1787 3800 1840 3844 et
1870 3805 1976 3844 non
2010 3787 2173 3842 modo
2196 3784 2474 3855 praeteriti,
2504 3782 2599 3837 sed
2626 3789 2680 3835 et
2720 3778 2893 3832 futuri
2925 3776 3113 3831 saeculi
3143 3774 3305 3829 Pater
3340 3773 3381 3827 ³.

483 3884 621 3935 Ἀλλ’
652 3885 899 3955 ἐάσωμεν
922 3884 1109 3938 τοῦτον
1131 3885 1222 3938 τὸν
1254 3885 1513 3956 ὀνειρώδη
1546 3886 1731 3957 λῆρον,
1763 3885 1842 3938 διὸ
1870 3885 1982 3953 (18)

399 3975 720 4046 ἀπεφῄνατο
763 3977 888 4031 νοῦν
942 3978 1209 4048 ἕνσαρκον
1239 3976 1401 4030 αὑτὸν
1448 3978 1559 4031 δεῖν
1593 3975 1731 4032 εἶναι
1780 3978 1979 4047 λέγειν,

387 4067 545 4136 ’μήτε
595 4069 785 4137 σοφίαν
818 4069 1179 4137 φωτίζουσαν,
1213 4067 1338 4121 οὔτε
1377 4068 1476 4140 τὴν
1517 4069 1628 4139 (19)
1654 4069 1741 4123 διὰ
1791 4071 1985 4141 γεννή-

403 4174 544 4221 σεως
589 4162 667 4223 είς
698 4160 794 4231 τὴν
828 4160 970 4233 ζωὴν
1022 4161 1180 4232 ἡμῶν
1226 4141 1478 4232 πάροδον.
1506 4158 1733 4229 Ἕτερον
1778 4158 1985 4229 ἐπιχεί-

406 4269 560 4323 ρημα
579 4269 593 4283 ο
622 4256 689 4306 Ei
712 4254 796 4322 μὴ
827 4255 973 4320 νοῦς
998 4255 1315 4344 ἐνσαρίιος,
1347 4252 1500 4324 φησὶ,
1538 4252 1780 4323 γέγονεν
1811 4256 1844 4305 ὁ
1872 4253 1984 4305 Λό-
2015 4290 2059 4344 D

403 4361 527 4414 γος,
576 4344 737 4398 ἀλλὰ
786 4346 992 4414 σοφία.
1036 4346 1125 4408 Ἐν
1174 4338 1218 4413 ᾧ
1249 4344 1300 4397 τί
1346 4345 1507 4399 πάλιν
1561 4343 1749 4398 παθὼν
1795 4344 1906 4413 (9.0)
1954 4346 1983 4397 ὁ

407 4437 566 4506 σοφὸς
592 4435 1010 4489 ἁντιδιαστέλλει
1037 4437 1127 4489 τὸν
1160 4435 1282 4489 νοῦν
1310 4440 1375 4507 τῇ
1403 4438 1585 4507 σοφία,
1614 4436 1861 4507 καθάπερ
1890 4438 1983 4490 ἐπὶ

402 4528 514 4580 τῶν
546 4527 1063 4598 ἀντιδιακειμένων;
1097 4528 1160 4580 0i
1186 4527 1254 4579 δι’
1284 4528 1563 4598 ἀκριϐείας
1597 4528 1666 4581 τὰ
1695 4529 1823 4581 ὄντα
1845 4528 1983 4580 διαι-

408 4621 626 4696 ροῦντες
658 4639 807 4690 φασι,
839 4622 919 4675 Τὰ
968 4620 1502 4689 ἀντιδιαστελλόμενα
1550 4619 1659 4672 τῶν
1703 4620 1982 4690 ὀνομάτων

404 4717 505 4786 τῆς
538 4716 780 4787 ἀλλήλων
827 4716 1128 4785 ὑποχωρεῖν
1178 4712 1499 4785 παρουσίας,
1543 4712 1619 4777 ὡς
1652 4712 1726 4784 τῷ
1770 4713 1983 4783 θανάτῳ

404 4807 505 4877 τὴν
533 4806 699 4878 ζωὴν,
728 4807 822 4859 καὶ
852 4809 916 4877 τῇ
958 4805 1069 4877 ζωῇ
1110 4805 1268 4859 πάλιν
1299 4805 1389 4858 τὸν
1420 4803 1667 4867 θάνατον,
1715 4806 1781 4875 τῇ
1813 4806 1982 4876 ἀρετῇ

402 4899 503 4969 τὴν
529 4900 745 4963 κακίαν,
777 4900 1004 4971 κάκείνῃ
1043 4898 1266 4968 ταύτην,
1295 4897 1388 4950 καὶ
1421 4898 1520 4951 ὅσα
1564 4896 1695 4951 ἄλλα
1724 4895 1866 4950 κατὰ
1894 4897 1984 4949 τὸν

402 4992 567 5044 αὐτὸν
599 4991 815 5059 λέγεται
844 4992 1061 5062 τρόπον.
1085 4989 1211 5053 Πῶς
1238 4990 1416 5043 τοίνυν
1444 4982 1595 5052 οὗτος
1621 4988 1761 5043 κατὰ
1788 4989 1849 5041 τὸ
1868 4985 1985 5042 ἴσον

476 5149 521 5179 ⁸⁷
551 5147 567 5200 1
605 5149 730 5204 Cor.
765 5167 804 5216 ι,
831 5150 923 5205 50.
999 5150 1045 5182 ³³
1071 5148 1176 5203 Tit.
1204 5165 1264 5213 ιι,
1293 5149 1379 5204 11.

480 5295 593 5365 (10)
622 5292 783 5349 Corr.
808 5291 862 5345 in
898 5306 1068 5362 marg.
1106 5309 1198 5363 γρ.
1222 5293 1453 5361 γραφαῖς
1484 5297 1538 5345 et
1567 5305 1689 5344 mox
1740 5307 1980 5359 κενοφω-

406 5367 549 5423 νίαν.

483 5437 595 5506 (11)
617 5437 776 5491 (Sorr.
804 5434 928 5488 νοῦν
952 5432 1297 5506 φωτίζεσθαι.

480 5503 589 5575 (12)
619 5508 775 5559 (Zorr.
818 5503 1171 5573 κενοφωνίαν.

481 5573 589 5645 (15)
613 5576 774 5631 Corr.
800 5577 953 5645 φησὶ,
980 5573 1260 5645 πιστευθῇ).

482 5580 567 5645 (15
613 5580 774 5631 Corr.
800 5580 953 5645 φησὶ,
980 5580 1260 5643 πιστευθῇ.

627 5647 785 5725 gorr.
816 5649 873 5725 ὲν
907 5647 1037 5725 πεισι
1064 5644 1323 5715 γινομένη
1353 5645 1464 5706 τοῖς
1487 5641 1812 5714 δεχομένοις.

484 5715 598 5789 (15)
631 5716 787 5772 Corr.
812 5715 1150 5783 οἱκτείρειεν.

2159 3878 2422 3936 XXXVII.
2459 3877 2567 3933 Sed
2600 3876 2922 3932 omittamus
2970 3886 3145 3942 nugas
3179 3871 3345 3927 hasce
3384 3868 3668 3923 somnian-

2084 3973 2220 4029 tium
2238 3971 2447 4027 deliriis
2460 3970 2685 4033 similes,
2702 3968 2900 4039 quibus
2920 3972 3153 4020 mentem
3177 3977 3343 4017 carne
3359 3961 3665 4032 prmditam,

2084 4081 2196 4122 non
2243 4079 2375 4121 vero
2409 4062 2733 4133 sapientiam
2769 4058 3192 4119 illuminantem,
3236 4053 3517 4109 Christum
3552 4051 3665 4106 dici

2086 4166 2363 4229 Oportere,
2405 4170 2506 4210 nec
2534 4153 2784 4208 eumdem
2813 4152 2868 4206 in
2906 4152 3074 4205 vitam
3108 4157 3351 4202 nostram
3390 4142 3669 4197 nascendo

2089 4254 2395 4323 ingressum
2423 4248 2592 4303 fuisse
2613 4244 2953 4316 pronuntiat.
2981 4241 3059 4294 En
3079 4238 3227 4292 aliud
3247 4242 3664 4306 argumentum:

2091 4341 2217 4396 Nisi
2292 4356 2456 4399 mens,
2505 4336 2704 4406 inquit,
2775 4348 2932 4387 carne
2986 4328 3212 4399 pra-dita
3269 4325 3491 4379 Verbum
3543 4323 3667 4392 fuit,

2089 4433 2351 4502 sapientia
2405 4432 2586 4498 utique
2622 4428 2747 4495 fuit.
2794 4424 2907 4490 Qua
2946 4424 2999 4475 in
3039 4418 3511 4489 argumentatione
3539 4414 3669 4485 quid

2090 4538 2270 4580 causa:
2317 4534 2511 4575 rursus
2553 4530 2638 4572 est
2678 4532 2779 4571 cur
2807 4514 3028 4584 sapiens
3080 4511 3183 4565 iste
3228 4516 3464 4562 mentem
3514 4521 3545 4559 a
3579 4520 3671 4560 sa-

2091 4615 2293 4686 pientia
2318 4612 2638 4681 distinguat,
2670 4604 3131 4679 quemadmodum
3165 4601 3220 4655 in
3258 4598 3524 4670 oppositis
3550 4596 3668 4652 ﬁeri

2093 4708 2264 4766 solet?
2317 4705 2518 4761 Verum
2558 4703 2649 4773 qui
2684 4709 2938 4755 accurate
2971 4694 3307 4752 dilTerentias
3353 4707 3537 4746 rerum
3573 4706 3670 4745 ex-

2093 4804 2317 4874 plicant,
2366 4802 2540 4859 aiunt,
2586 4812 2649 4852 ea
2693 4810 2817 4866 qua:
2870 4807 2967 4863 per
3019 4787 3419 4861 oppositionem
3473 4783 3670 4839 distiu—

2094 4904 2336 4969 guuntur
2380 4895 2524 4948 inter
2572 4907 2630 4946 se
2691 4890 2810 4959 ejus
2856 4902 2979 4943 esse
3040 4892 3251 4940 natura:
3300 4890 3360 4937 ut
3413 4877 3667 4953 praaSenti

2096 5005 2205 5043 uno
2256 4988 2487 5041 alterum
2510 4984 2689 5048 cedat,
2725 4982 2894 5037 veluti
2927 4979 3089 5034 morti
3119 4978 3229 5033 vita
3257 4988 3312 5033 et
3348 4976 3472 5031 vitae
3504 4971 3667 5027 vicis-

1455 5150 1498 5182 ”
1537 5148 1568 5202 1.
1606 5149 1734 5204 Cor.
1764 5165 1799 5213 ι,
1840 5149 1929 5203 50.
2008 5149 2023 5179 ¹
2058 5146 2166 5202 Isa.
2191 5160 2286 5210 vn,
2318 5145 2402 5199 u.
2483 5145 2503 5175 ²
2538 5141 2640 5198 Isa.
2681 5159 2757 5207 ix,
2788 5140 2844 5196 6.
2918 5140 2941 5172 ³
2977 5140 3109 5196 ibid.

2153 5287 2265 5355 (I6)
2282 5284 2371 5339 Ita
2396 5300 2567 5348 corn,
2601 5292 2761 5355 antea
2786 5282 2884 5355 οῦκ
2916 5280 3068 5333 ἔσται
3094 5277 3150 5329 δὲ
3171 5272 3353 5351 θεοῦ..

2154 5345 2264 5429 (17)
2298 5357 2455 5429 Corr.
2502 5345 2663 5429 σοφία
2686 5351 2771 5429 ᾖν.
2810 5353 2923 5429 Ego
2972 5359 3150 5401 tamen
3203 5345 3650 5429 perAinterroga-

2080 5419 2286 5481 tionem
2321 5428 2498 5479 locum
2526 5419 2669 5478 hunc
2695 5419 2981 5491 legendum
3021 5430 3143 5491 esse
3172 5426 3418 5491 ceiiseo._

2154 5497 2265 5567 (18)
2301 5497 2457 5550 Corr.
2485 5497 2537 5567 in
2570 5502 2719 5567 textu
2748 5480 2813 5542 δι’
2846 5480 2906 5540 οῦ
2930 5484 3256 5549 emendavit,
3284 5480 3378 5537 sed
3406 5480 3461 5533 in
3484 5492 3657 5551 marg.

2081 5563 2169 5619 διδ
2195 5563 2388 5619 iterum
2419 5563 2661 5631 scripsit.

2154 5635 2266 5701 (I9)
2302 5636 2459 5688 Corr.
2488 5630 2624 5701 μήτε
2653 5630 2772 5700 τήν.

2161 5698 2273 5777 (20)
2295 5706 2448 5759 Corr.
2481 5698 2687 5773 μαθών.
