4018 6124
270 317 408 377 1209
1443 306 1809 368 ADVLRSUS
1846 314 1865 367 1

1969 312 2356 370 lLLINAREM.
3392 314 3529 372 I2“)

264 450 360 503 γον
390 434 481 487 καὶ
506 432 787 505 ἄνθρωπός
813 435 943 486 ἐστι
960 432 1051 486 καὶ
1073 431 1224 496 θεὸς,
1257 430 1333 501 τῷ
1359 432 1619 501 ὁρωμένῳ
1646 430 1843 502 ἅνθρω-

1969 432 2015 487 le
2056 433 2370 487 rudioribus
2424 433 2694 489 sollicitus
2737 434 2828 499 sit,
2883 434 3044 503 quasi
3090 434 3144 487 in
3179 433 3521 489 divinitatem

268 544 388 589 πος,
420 525 498 596 τῷ
526 525 797 595 νοουμένῳ
826 524 976 587 Θεός.
1025 524 1082 577 Ὀ
1120 525 1175 578 δὲ
1206 524 1266 577 οὐ
1292 523 1448 576 τοῦτό
1477 540 1639 593 φησιν
1684 526 1740 575 ὲν
1770 523 1847 593 τῷ

1969 527 2235 593 peccaturi
2295 527 2427 590 sint,
2483 534 2541 580 ut
2583 527 2675 596 qui
2721 526 3119 581 humanitatem
3155 526 3529 593 admittentes,

268 617 715 689 συμπεράσματι,
750 616 829 687 τῷ
863 617 1169 688 φαινομένῳ
1194 616 1252 669 τὸ
1282 617 1443 681 θεῖον,
1473 617 1534 669 οὐ
1566 614 1643 685 τῷ
1673 631 1766 684 νοη
1778 612 1847 684 τῷ

1969 614 2120 669 simul
2161 613 2328 668 etiam
2361 614 2702 670 divinitatem
2741 615 2795 668 in
2840 612 3065 669 Christo
3098 631 3208 671 non
3255 614 3366 670 sint
3397 630 3532 669 con-

265 709 600 781 ὁριζόμενος.
1426 730 1433 737 ·

1969 704 2176 761 'essuri.
2197 702 2333 758 Nam
2363 721 2430 760 ex
2456 707 2683 762 muliere
2724 712 2875 761 nasci
2902 707 3153 761 humana:
3196 706 3532 762 conditionis

267 812 391 869 est;
476 801 764 874 virginitas
839 817 968 858 vero
1025 802 1208 872 partui
1269 800 1596 866 inserviens,
1645 800 1791 870 quod
1846 807 1929 855 est
1965 815 2132 869 supra
2164 800 2459 855 humanam
2501 800 2872 857 conditionem
2901 802 3161 865 ostendit,
3218 800 3294 855 ita
3332 809 3391 854 ut
3433 804 3533 871 qui

269 903 436 951 natus
488 904 574 950 est
619 911 685 950 ex
734 896 876 965 ipsa,
924 895 1092 950 homo
1141 894 1361 965 quidem
1394 896 1502 961 sit;
1552 894 1851 965 generandi
1888 910 2019 950 vero
2064 895 2297 952 facultas
2350 912 2461 951 non
2530 911 2595 951 ex
2648 897 2987 963 hominibus,
3038 896 3133 951 sed
3208 913 3274 950 ex
3325 895 3534 966 Spiritu

271 1000 467 1044 sancto
501 998 555 1046 et
604 990 875 1046 Altissimi
918 991 1123 1045 virtute
1158 989 1500 1061 proﬂuxerit.
1535 988 1847 1044 Secundum
1887 1005 2073 1045 veram
2126 990 2310 1060 itaque
2355 992 2623 1044 rationem
2679 998 2733 1045 et
2778 991 2943 1045 homo
2992 1000 3048 1045 et
3114 989 3257 1044 Deus
3324 1000 3427 1050 est,
3469 1003 3535 1043 eo

269 1083 492 1150 quidem
517 1083 662 1152 quod
689 1084 935 1137 cernitur
972 1082 1158 1147 homo,
1184 1097 1249 1136 eo
1280 1090 1459 1136 autem
1493 1082 1637 1152 quod
1674 1090 1855 1137 mente
1895 1082 2197 1151 percipitur
2240 1081 2406 1137 Deus.
2458 1081 2566 1137 Iste
2601 1092 2781 1137 autem
2810 1084 2912 1137 hoc
2975 1084 3031 1137 in
3071 1083 3157 1137 sui
3223 1082 3535 1149 argumenti

268 1175 627 1230 conclusione
708 1190 814 1230 non
895 1174 1051 1239 dicit,
1112 1174 1461 1231 divinitatem
1514 1190 1580 1231 eo
1634 1175 1781 1243 quod
1854 1175 2125 1239 cernitur,
2186 1190 2297 1229 non
2348 1189 2414 1230 eo
2470 1175 2617 1245 quod
2670 1183 2853 1229 mente
2917 1175 3347 1244 contemplatur,
3400 1172 3534 1226 dell-

274 1282 459 1319 mens.
1526 1292 1529 1297 ‘

358 1356 518 1409 ’Λλλὰ
553 1356 688 1427 πρὸς
712 1355 772 1409 τὸ
800 1355 994 1428 ἐφεξῆς
1021 1356 1351 1429 ἐπιχείρημα
1375 1356 1452 1427 τῷ
1489 1356 1631 1427 λόγῳ
1663 1356 1852 1428 μετὲλο

274 1452 479 1517 Θωμεν.
502 1450 565 1501 Ei
577 1448 723 1517 μετὰ
743 1448 847 1501 τοῦ
868 1449 1035 1513 Θεοῦ,
1070 1449 1221 1518 φησὶ,
1256 1449 1365 1519 (9.7)
1401 1448 1513 1501 νοῦ
1540 1449 1733 1513 ὄντος,
1757 1447 1855 1502 καὶ

272 1537 645 1604 ἀνθρώπινος
677 1536 823 1601 νοῦς
847 1532 925 1605 ἦν
951 1537 1020 1589 ἐν
1042 1537 1291 1605 Χριστῷ.
1315 1536 1485 1590 Τοῦτο
1510 1540 1541 1607 ἡ
1571 1538 1851 1606 πρότασις.

289 1628 479 1697 Ἡμεῖς
523 1627 578 1680 δὲ
617 1626 696 1697 τῷ
746 1629 1022 1697 εἰρημένῳ
1072 1630 1547 1700 ἀντιπροτείνομεν
1572 1631 1705 1693 ’Τίς
1746 1630 1854 1683 τῶν

282 1720 448 1787 ἁγίων
471 1717 593 1771 νοῦν
620 1718 680 1771 τὸ
706 1721 860 1773 Θείον
891 1719 1126 1789 ὡρίσατο
1152 1739 1164 1785 ;
1197 1721 1357 1792 Παρὰ
1403 1722 1584 1785 ποίαις
1615 1722 1856 1792 Γραφαῖς

277 1812 471 1865 ταύτὸν
505 1805 641 1863 εἶναι
676 1810 754 1880 τῷ
782 1811 857 1878 νῷ
898 1812 987 1864 τὸν
1020 1811 1150 1864 Θεὸν
1184 1812 1561 1883 ἐδιδάχθημεν,
1588 1814 1725 1867 ὥστε
1755 1831 1859 1867 πα·-

284 1900 607 1970 ραδέξασῦαι
644 1899 704 1951 τὸ
731 1899 1020 1970 λεγόμενον
1049 1902 1183 1971 (‘28),
1218 1904 1297 1955 ὅτι
1335 1904 1363 1953 ὁ
1402 1905 1498 1973 μὲν
1546 1903 1686 1957 κατὰ
1724 1906 1858 1975 Χρι-

283 1993 407 2045 στὸν
457 1990 760 2059 ἄνθρωπος,
808 1991 999 2055 ἄνουςο
1029 1995 1055 2045 ὁ
1094 1994 1223 2058 Θεὸς
1268 1994 1324 2046 δὲ
1379 1994 1499 2058 νοῦς
1542 1995 1618 2065 τῷ
1652 1997 1861 2068 ἀνοήτῳ

281 2083 490 2150 γίνεται
512 2098 525 2145 ;
559 2081 703 2152 Ἄρα
720 2084 823 2152 χρὴ
847 2085 939 2136 καὶ
962 2084 1078 2136 ὅλον
1099 2086 1190 2138 τοῦ
1215 2088 1638 2158 ἐπιχειρήματος
1672 2089 1859 2142 τούτου

280 2173 635 2244 καταγράψαι
674 2173 764 2225 τὸν
799 2174 1024 2227 δνειδον·
1056 2176 1189 2229 ἀλλὰ
1220 2177 1435 2231 δέδοικα
1466 2179 1540 2249 μὴ
1571 2180 1860 2249 χλευασταί

279 2280 427 2325 τινες
448 2264 559 2324 τοῖς
589 2263 972 2331 ἐντυγχάνουσι
1006 2265 1264 2335 δόξωμεν,
1303 2267 1377 2329 ὡς
1409 2268 1500 2321 ἐπὶ
1535 2269 1734 2336 γέλωτι
1765 2270 1861 2341 τὴν

280 2357 671 2428 ἀσχημοσύνην
718 2358 812 2410 τοῦ
861 2356 1197 2427 λογογράφου
1246 2359 1672 2429 δημοσιεύοντες.
1717 2364 1863 2433 Πλὴν

278 2440 358 2510 ὡς
390 2446 454 2501 ἂν
489 2447 562 2518 μὴ
596 2447 790 2517 ἀτελὴς
834 2448 985 2517 μένοι
1015 2450 1047 2517 ὴ
1088 2448 1364 2518 πρότασις,
1401 2450 1461 2502 τὸ
1497 2453 1862 2523 συμπέρασμα

288 2536 450 2605 μόνον
491 2536 790 2604 ἐπαγαγεῖν
832 2536 968 2601 δέον,
1000 2537 1092 2588 τὸν
1122 2535 1208 2589 διὰ
1236 2536 1346 2609 (29)
1382 2540 1546 2608 μέσου
1599 2544 1863 2612 συρφετὸν

284 2626 681 2698 ὑπερϐήσομαι.
712 2629 782 2679 El
804 2626 953 2695 μετὰ
991 2628 1096 2681 τοῦ
1132 2630 1302 2693 Θεοῦ,
1336 2632 1487 2699 φησὶ,
1522 2633 1633 2687 νοῦ
1667 2634 1861 2701 ὄντος,

286 2719 387 2772 καὶ
422 2716 784 2783 ἀνθρώπινος
813 2717 922 2787 (50)
945 2714 1030 2787 ’ἦν
1067 2719 1135 2770 ἐν
1160 2719 1391 2786 Χριστῷ
1413 2722 1578 2787 νοῦς,
1615 2725 1724 2777 οὐκ
1750 2724 1866 2792 ἄρα

284 2810 638 2861 ἐπιτελεῖται
677 2810 744 2861 ἐν
781 2807 938 2872 αὐτῷ
968 2808 1031 2859 τὸ
1058 2807 1167 2876 τῆς
1193 2810 1548 2876 σαρκώσεως
1577 2813 1769 2881 ἔργον.
1797 2818 1866 2867 Et

286 2902 357 2953 δὲ
384 2903 468 2970 μὴ
497 2901 843 2953 ἐπιτελεῖται
876 2899 943 2952 τὸ
972 2899 1082 2967 τῆς
1119 2900 1478 2968 σαρκώσεως
1499 2902 1674 2972 ἔργον
1698 2905 1767 2957 ἐν
1788 2905 1867 2971 τῷ

2032 1345 2323 1403 XXXVIII.
2362 1347 2465 1403 Sed
2514 1348 2581 1402 ad
2631 1360 3035 1418 argumentum,
3085 1354 3227 1419 quod
3267 1359 3535 1424 sequitur,

1961 1447 2149 1495 nostra
2192 1440 2575 1510 prOgrediatur
2611 1440 2806 1493 oratio.
2852 1438 2913 1494 Si
2956 1458 3074 1494 cum
3126 1442 3254 1511 Deo,
3309 1448 3403 1513 ait,
3448 1452 3540 1517 qui

1961 1548 2105 1585 mens
2137 1531 2495 1595 est,humana
2523 1548 2725 1601 quoque
2764 1549 2906 1588 mens
2929 1545 3044 1587 erat
3072 1537 3123 1587 in
3154 1535 3384 1593 Christo.
3414 1540 3540 1596 Ilaec

1961 1624 2136 1693 prima
2188 1624 2509 1694 propositio.
2546 1623 2658 1680 Nos
2702 1633 2881 1679 autem
2923 1626 3049 1678 huic
3096 1631 3386 1683 assertioni
3424 1632 3539 1687 hzec

1961 1715 2202 1770 vicissim
2255 1715 2898 1785 opponimus:Quisnam
2938 1730 3253 1773 sanctorum
3297 1732 3536 1777 mentem

1960 1817 2082 1858 esse
2111 1803 2449 1859 divinitatem
2484 1806 2708 1861 statuit?
2738 1808 2994 1872 Quamam
3042 1807 3339 1879 Scriptura:
3370 1828 3537 1867 unum

1964 1894 2219 1965 idemque
2258 1912 2381 1952 esse
2425 1898 2597 1952 Deum
2648 1914 2711 1953 ac
2760 1909 2997 1955 mentem
3054 1918 3152 1956 nos
3204 1902 3439 1959 docuere
3480 1913 3540 1959 ut

1960 1987 2011 2041 ei
2051 1991 2450 2053 assentiamur,
2506 1991 2633 2043 dum
2682 1990 2758 2044 ait
2807 1991 3082 2045 hominem
3130 1992 3388 2061 quidem,
3445 1995 3538 2062 qui

1961 2086 2217 2141 Christus
2251 2090 2388 2145 erat,
2444 2089 2627 2135 mente
2680 2082 2945 2146 caruisse,
2992 2081 3160 2136 Deum
3198 2099 3327 2136 vero
3365 2084 3538 2137 eidem

1968 2187 2147 2233 mente
2173 2177 2438 2231 destituto
2488 2187 2720 2228 mentem
2777 2174 2977 2228 factum
3016 2174 3225 2229 fuisse?
3254 2176 3540 2247 Oporteret

1963 2283 2096 2322 sane
2148 2265 2605 2320 contumeliosum
2658 2264 2761 2317 hoc
2793 2273 3171 2332 argumentum
3209 2266 3414 2336 integre
3446 2266 3542 2319 de-

1964 2358 2245 2422 scribere;
2309 2355 2407 2409 sed
2456 2369 2649 2408 vereor
2682 2369 2749 2407 ne
2795 2354 3096 2408 lectoribus
3130 2356 3382 2410 irrisores
3418 2370 3543 2411 esse

1964 2450 2271 2512 videamur,
2322 2462 2385 2499 ac
2449 2445 2494 2499 si
2555 2444 2842 2512 scriptoris
2901 2428 3072 2500 nostri
3143 2446 3540 2502 deformitatem

1965 2542 2210 2596 omnium
2246 2538 2535 2593 cachinnis
2589 2550 3011 2605 exponeremus.
3068 2534 3268 2590 Verum
3320 2554 3387 2591 ne
3438 2538 3542 2590 im-

1968 2633 2212 2703 perfecta
2268 2636 2552 2683 remaneat
2600 2626 2903 2696 propositio
2960 2625 3075 2689 illa,
3134 2628 3540 2681 conclusionem

1967 2718 2417 2774 tantummodoin
2454 2716 2689 2771 medium
2724 2716 3106 2785 proferendam
3146 2733 3363 2779 censeo.
3391 2718 3543 2788 quis-

1966 2812 2152 2882 quiliis
2180 2825 2317 2880 quas
2363 2815 2556 2863 auctor
2587 2808 2865 2877 interiecit
2895 2808 3137 2863 omissis.
3172 2807 3233 2863 Si
3263 2826 3378 2862 cum
3413 2809 3543 2876 Deo,

1968 2903 2063 2965 ait,
2117 2902 2305 2955 mentis
2351 2902 2511 2954 vicem
2560 2900 2849 2970 supplente,
2882 2900 3113 2953 humana
3160 2918 3359 2971 quoque
3400 2918 3545 2956 mens

289 2992 659 3062 αὐτοκινήτῳ
685 2993 781 3047 καὶ
807 2993 892 3063 μὴ
923 2993 1286 3062 ἀνιτγκάστῳ
1312 2996 1425 3060 νοῒ,
1461 2996 1530 3050 ἐν
1571 2995 1650 3062 τῷ
1677 2999 1861 3067 ἑτερο-

1969 3000 2082 3044 erat
2122 2991 2176 3042 in
2228 2989 2462 3051 Christo,
2519 3006 2621 3042 non
2656 3005 2775 3059 ergo
2822 2990 2876 3041 in
2927 2990 3037 3057 ipso
3071 2990 3345 3059 conﬁcitur
3367 2990 3545 3043 incar-

288 3085 543 3153 κινήτῳ,
596 3085 693 3138 καὶ
741 3086 858 3141 ὑπὸ
910 3086 1015 3140 τοῦ
1067 3086 1229 3140 θείου
1293 3087 1405 3141 νοῦ
1465 3090 1864 3160 ἐνεργουμένῃ

289 3173 471 3240 σαρκὶ
496 3174 748 3226 τελεῖται
777 3175 841 3227 τὸ
879 3175 1073 3243 ἔργον,
1103 3174 1136 3227 ὅ
1172 3176 1302 3229 ἐστι
1326 3178 1508 3243 λύσις
1539 3179 1827 3248 ἁμαρτίας
1850 3197 1865 3211 ·

282 3264 723 3333 μεταλαμϐάνει
769 3264 837 3316 δὲ
876 3265 986 3332 τῆς
1017 3266 1253 3330 λύσεως
1299 3271 1331 3320 ό
1364 3268 1434 3321 ἐν
1463 3270 1607 3339 ἡμῖν
1631 3273 1867 3325 αὐτοκί-

288 3372 477 3422 νητος
511 3355 676 3421 νοῦς,
732 3357 861 3410 καθ’
901 3356 1051 3409 ὅσον
1098 3358 1308 3411 οἰκειοῖ
1352 3360 1572 3413 ἑαυτὸν
1613 3362 1865 3431 Χριστῷ.

303 3446 469 3515 Ὁρᾷς
501 3444 617 3508 πῶς
650 3448 825 3500 οἰκεῖα
874 3449 939 3517 τῇ
987 3448 1247 3517 προτάσει
1302 3449 1371 3502 τὰ
1407 3453 1867 3523 συμπεράσματα;

291 3540 446 3608 Τάχα
470 3539 524 3590 δέ
544 3555 685 3599 τινος
712 3539 962 3592 ἐπαοιδοῦ
987 3540 1078 3592 καὶ
1107 3540 1339 3611 γαληνοῦ
1368 3543 1478 3611 1451)
1499 3546 1869 3616 προσδεόμενα

293 3630 431 3702 πρὸς
447 3635 506 3686 τὸ
523 3635 793 3705 διακρῖναι
825 3631 955 3700 ἡμῖν
998 3630 1070 3685 τὰ
1108 3632 1213 3685 τῶν
1243 3634 1505 3687 ἐνυπνίων
1533 3636 1827 3707 αἰνίγματα
1851 3680 1865 3701 ,

295 3721 437 3774 ὥστε
470 3723 640 3774 εἰπεῖν
668 3721 721 3773 τί
752 3722 1005 3792 σημαίνει
1033 3725 1064 3794 ὴ
1091 3723 1196 3776 τῶν
1231 3726 1490 3794 ῥημάτων
1517 3726 1720 3781 τούτων
1749 3746 1870 3782 και-

290 3813 529 3881 νοφωνία
560 3813 693 3883 (52)’
735 3814 798 3866 '0
834 3815 1222 3881 αὐτοκίνητος
1263 3816 1428 3881 νοῦς,
1470 3818 1566 3871 καὶ
1615 3818 1870 3887 ὲτεροκί-

287 3920 494 3971 γητος,
532 3904 689 3972 σὰρξ
717 3905 755 3973 ἡ
789 3905 1150 3960 ἐπιτελοῦσα
1174 3906 1286 3977 (55)
1325 3908 1390 3960 τὸ
1418 3909 1597 3977 ἔργον
1624 3911 1733 3981 τῆς
1772 3915 1873 3969 λύ-

287 4010 468 4058 σεως.
511 3996 648 4048 Ἀλλ’
695 3997 937 4065 ἀφείσθω
968 3998 1060 4050 καὶ
1115 3998 1286 4051 ταῦτα
1329 4003 1394 4070 τῇ
1440 4002 1718 4074 ἁγερωχίᾳ
1763 4005 1872 4059 τῶν

292 4086 437 4138 νέων
469 4086 983 4156 καταχλευάζεσθαι,
1021 4091 1178 4159 ἡμεῖς
1213 4090 1270 4143 δὲ
1297 4091 1433 4162 πρὸς
1458 4093 1525 4147 τὰ
1557 4094 1754 4165 ἐφεξῆς
1778 4097 1871 4150 τοῦ

290 4179 455 4247 λόγου
476 4180 850 4250 προΐωμενΈτ
863 4184 1653 4257 τιπλέον,(54)φησὶν,ἕτερος
1671 4187 1873 4256 ἐτέρου

289 4270 607 4340 κομίζεται,
640 4274 813 4327 τοῦτο
842 4273 915 4326 δι’
954 4274 1222 4341 ἄσκησιν
1240 4276 1495 4344 γίνεταιο
1534 4279 1780 4347 οὐδεμία
1807 4280 1874 4335 δὲ

1968 3082 2197 3135 nationis
2232 3097 2377 3148 opus.
2417 3079 2477 3134 Si
2511 3090 2686 3133 autem
2708 3098 2812 3134 non
2851 3082 3127 3149 conﬁcitur
3160 3082 3545 3136 incarnationis

1970 3187 2097 3239 opus
2125 3172 2178 3224 in
2212 3181 2401 3233 mente,
2432 3187 2549 3240 quat:
2579 3186 2677 3222 sua
2704 3181 2884 3237 sponte
2934 3183 3167 3224 movetur
3198 3186 3243 3224 et
3280 3191 3310 3225 a
3344 3174 3547 3227 nemine

1969 3263 2197 3332 cogitur,
2239 3275 2376 3315 certe
2424 3264 2479 3315 in
2526 3277 2705 3324 carne,
2751 3277 2868 3330 qua:
2903 3278 2995 3330 per
3028 3264 3192 3314 alium
3228 3275 3459 3317 movetur
3495 3272 3545 3316 et

1970 3373 2003 3409 a
2034 3356 2208 3409 divina
2240 3364 2410 3408 mente
2456 3355 2650 3424 agitur,
2683 3354 2817 3406 idem
2851 3354 3231 3407 incarnationis
3262 3371 3389 3422 opus
3420 3372 3545 3407 cou-

1969 3449 2169 3518 ﬁcitur,
2212 3445 2349 3516 quod
2397 3453 2475 3498 est
2520 3444 2737 3498 abolitio
2769 3446 2999 3511 peccati;
3025 3445 3181 3513 hujus
3214 3454 3388 3497 autem
3414 3445 3544 3496 abo-

1972 3540 2171 3594 litionis
2212 3547 2395 3591 nostra
2424 3552 2568 3590 mens
2616 3553 2733 3605 quae
2774 3554 2871 3589 sua
2907 3545 3085 3603 sponte
3132 3548 3385 3598 movetur,
3420 3552 3546 3605 paro

1973 3634 2131 3701 ticeps
2166 3632 2248 3699 ﬁt,
2302 3638 2559 3699 quatenus
2588 3628 2899 3697 adjungitur
2933 3628 3162 3683 Christo.
3199 3628 3359 3683 Vides
3382 3644 3545 3697 quam

1972 3722 2159 3778 aﬂines
2199 3722 2390 3792 prima:
2417 3721 2779 3790 propositioni
2815 3720 3202 3774 conclusiones
3243 3718 3546 3773 sint?For-

1974 3822 2120 3869 tasse
2169 3820 2353 3867 autem
2403 3813 2745 3866 incantatore
2790 3812 2869 3866 vel
2925 3826 3123 3880 gazaro
3167 3811 3350 3881 aliquo
3410 3827 3549 3879 opus

1971 3904 2079 3959 erit
2134 3902 2203 3957 ad
2261 3902 2584 3973 explicanda
2631 3900 2789 3955 nobis
2852 3900 3162 3969 hujusmodi
3211 3903 3546 3954 somniorum

1972 3988 2282 4068 aenigmata,
2324 4002 2379 4050 et
2426 4003 2485 4049 ut
2524 3994 2680 4049 nobis
2718 3992 2984 4048 edisserat
3020 3992 3149 4062 quid
3189 3993 3383 4047 horum
3426 4009 3548 4046 ver—
3598 4052 3609 4060 ν

1973 4090 2166 4145 borum
2216 4088 2431 4144 novitas
2484 4086 2792 4156 signiﬁcet:
2837 4085 2984 4139 Mens
3031 4100 3149 4152 qua:
3200 4100 3295 4153 per
3336 4101 3389 4137 se
3435 4100 3547 4135 mo-

1974 4192 2149 4247 vetur;
2192 4199 2336 4236 mens
2386 4196 2504 4249 qua:
2557 4180 2714 4248 pulsu
2753 4179 2924 4232 alieno
2976 4177 3193 4246 agitur;
3256 4193 3379 4228 caro
3432 4190 3548 4244 quia

1978 4274 2281 4327 abolitionis
2330 4273 2527 4341 peccati
2578 4271 2839 4340 negotium
2898 4268 3121 4336 perﬁcit.
3177 4263 3283 4319 Sed
3340 4274 3394 4319 et
3433 4266 3550 4319 hanc

290 4337 563 4425 ἄσκησις
596 4358 665 4412 ἐν
693 4360 921 4427 Χριστῷ
940 4377 953 4389 ο
983 4337 1411 4429 οὐκ-ἅραίνοῦς
1437 4364 1610 4419 ἐστιν
1646 4337 1865 4436 άνθρώ-

1974 4367 2235 4436 juvenum
2286 4337 2600 4434 petulantia:
2643 4337 2936 4415 deridenda
2986 4356 3403 4425 relinquantur;
3448 4369 3547 4409 nos

290 4466 490 4516 ⁶τιινος.
519 4452 641 4514 Πῶς
667 4452 937 4521 μέμνηται
963 4453 1059 4521 τῆς
1081 4453 1432 4508 Θεοπνεύστου
1455 4458 1674 4529 Γραῳῆς
1699 4476 1712 4525 ;
1737 4462 1873 4514 Ποία

290 4541 390 4593 τοῦ
429 4540 687 4611 Βεσελεὴλ
716 4540 945 4610 ἄσκησις
974 4540 1081 4592 τῶν
1117 4543 1318 4611 τεχνῶν
1351 4545 1734 4618 καθηγήσατο;
1767 4552 1871 4604 Πό-

292 4633 388 4685 θεν
417 4632 473 4684 δὲ
510 4632 587 4699 τῷ
618 4632 922 4701 Σολομῶντι
964 4633 1070 4685 τῶν
1097 4635 1363 4687 τοσούτων
1394 4638 1427 4706 ή
1460 4638 1694 4706 γνῶσις;
1732 4643 1789 4695 '0
1814 4644 1871 4696 δὲ

290 4722 363 4774 τὰ
392 4723 665 4790 συκάμινα
703 4722 901 4784 κνίζων
947 4722 1146 4793 Ἀμὼς,
1189 4724 1305 4787 πῶς
1332 4724 1389 4790 ἐξ
1423 4727 1659 4781 αἰπόλων
1688 4730 1875 4784 τοσαύ-

291 4830 395 4881 την
427 4811 582 4881 ἔσχεν
616 4814 671 4863 ὲν
706 4813 1011 4883 προφητεία
1041 4814 1139 4884 τὴν
1177 4814 1441 4885 δύναμιν;
1472 4818 1580 4870 Καὶ
1607 4819 1754 4889 ὅμως
1783 4824 1875 4874 οὑ-

289 4904 407 4965 δεὶς
432 4903 537 4955 τῶν
560 4904 863 4973 εἰρημένων
892 4903 952 4967 ἐξ
984 4905 1214 4974 οὐρανοῦ
1254 4906 1645 4979 καταϐέϐηκεν,
1672 4910 1792 4964 οὔτε
1816 4914 1874 4967 ἐν

291 4998 439 5066 ἀρχῇ
466 4992 553 5065 ἦν,
580 4994 703 5047 οὕτε
726 4991 821 5048 ἶσα
848 4996 967 5066 Θεῷ
993 4993 1078 5066 ἦν.

1977 4473 2107 4513 vero
2129 4457 2193 4511 ad
2219 4471 2281 4511 ea
2314 4470 2435 4524 quae
2479 4454 2532 4507 in
2564 4452 2737 4522 ipsius
2773 4456 3004 4503 tractatu
3037 4454 3339 4515 sequuntur
3367 4445 3552 4500 discu-

1980 4549 2159 4605 tienda
2208 4546 2586 4617 procedamus.
2631 4542 2692 4597 Si
2736 4540 2882 4610 quid,
2934 4540 3033 4603 ait,
3086 4538 3231 4590 aliud
3279 4537 3394 4603 plus
3444 4536 3548 4589 alio

1981 4640 2227 4710 acquirit,
2284 4638 2338 4691 id
2388 4636 2759 4691 exercitatione
2803 4634 2900 4701 ﬁt;
2935 4630 3085 4684 nulla
3140 4638 3312 4682 autem
3351 4628 3550 4681 exerci-

1986 4732 2117 4785 tatio
2166 4732 2221 4783 in
2289 4729 2541 4783 Christo:
2589 4742 2711 4795 ergo
2761 4739 2903 4777 mens
2947 4721 3177 4773 humana
3228 4735 3327 4772 non
3376 4727 3453 4771 est
3498 4717 3550 4770 in

1984 4822 2214 4876 Christo.
2262 4819 2477 4873 Siccine
2514 4816 2775 4871 divinitus
2812 4813 3087 4883 inspirata:
3118 4808 3412 4878 Scriptura:
3437 4823 3553 4862 ser-

1985 4929 2206 4967 montnn
2227 4907 2637 4967 reminiscitur?
2666 4906 2927 4971 Quaenam
2962 4901 3285 4957 exercitatio
3315 4899 3553 4955 Bcseleel

1983 5014 2132 5059 artes
2170 5004 2387 5058 edocuit
2422 5002 2482 5055 "?
2512 4999 2795 5054 Undenam
2841 4994 3119 5050 Salomoni
3148 5003 3225 5047 tot
3252 5000 3554 5046 tantarum-

293 5105 407 5158 que
435 5105 620 5143 rerum
657 5091 939 5159 cognitio?
967 5091 1068 5157 Qui
1107 5108 1233 5146 vero
1263 5108 1584 5163 sycomoros
1615 5101 1871 5169 carpebat
1910 5103 2079 5157 Amos
2119 5102 2160 5164 θ,
2190 5116 2297 5169 quo
2327 5107 2485 5168 pacto
2520 5094 2885 5150 armentarius
2914 5108 3040 5146 cum
3105 5098 3270 5154 esset.
3342 5095 3548 5141 ιδιηίιῐη

372 5201 581 5257 'Exod.
613 5219 761 5268 xui,
804 5204 856 5259 1.
933 5205 954 5236 ⁸
980 5205 1147 5262 Amos
1186 5222 1285 5272 vn,
1314 5207 1404 5263 55.

370 5319 483 5391 (27}
522 5318 756 5391 Verbum
784 5320 915 5391 φησί
950 5336 1093 5375 corr.
1125 5322 1249 5376 add.

372 5390 486 5461 (9.8)
517 5390 591 5461 lla
619 5405 791 5461 corn,
824 5390 962 5445 male
982 5400 1162 5457 antea,
1204 5393 1343 5445 ὥστε
1378 5393 1438 5445 τὸ
1454 5391 1763 5461 λεγόμενον,
1816 5403 1869 5448 et

296 5476 450 5522 mox,
485 5462 513 5512 ὁ
544 5460 675 5522 Θεὸς
699 5460 839 5522 νοῦς.

369 5530 483 5595 (99)
515 5530 666 5583 Corr.
704 5530 794 5581 τὸν
823 5530 878 5583 δὲ
907 5530 1012 5583 διά.

372 5601 485 5665 ('50)
518 5600 593 5650 lta
619 5614 789 5658 corr.,
823 5601 959 5653 male
985 5608 1164 5660 antea,
1196 5601 1291 5653 καὶ
1316 5599 1623 5669 ἄνΟρω-ιτος.

373 5671 488 5736 (31)
512 5670 666 5721 Corr.
694 5670 787 5721 καὶ
807 5669 1069 5738 γαζαροῦ,
1107 5686 1268 5736 quam
1306 5672 1593 5725 lectionem
1637 5672 1689 5723 in
1744 5688 1866 5725 ver-

303 5736 459 5795 sione
488 5746 674 5793 nostra
710 5741 879 5794 secuti
907 5736 1117 5803 sumus,
1148 5741 1397 5808 quamvis
1455 5740 1583 5809 quid
1623 5757 1723 5796 vox
1767 5742 1868 5797 ista

1967 5324 2236 5395 signiﬁcet
2258 5323 2593 5395 ignoremus.
2626 5321 2998 5395 -Scripserit
3028 5335 3173 5395 corr.
3209 5314 3539 5395 γαζαοηνοῦ,

1968 5384 2077 5447 non
2108 5384 2371 5463 γαζαροῦ.
2400 5392 2530 5459 Quae
2568 5394 2785 5463 quidem
2815 5384 2916 5463 vox
2939 5391 3189 5463 occurrit
3211 5387 3351 5453 apud
3371 5384 3542 5463 .LXX,

1969 5454 2209 5532 Interp,
2229 5454 2356 5516 ΙῘΑΝ.
2380 5454 2453 5524 η’,
2477 5463 2527 5515 4.
2559 5454 2988 5532 Ubi_Tlieod9_tio
3008 5472 3103 5532 pro
3121 5454 3407 5532 Gusa'rent's
3431 5469 3549 5505 ver-

1968 5535 2028 5587 tit
2048 5524 2234 5595 Ούτας,
2260 5532 2611 5599 sacriﬁculos.
2636 5528 2849 5583 Vidcsis
2872 5524 3142 5580 Nobilium
3171 5527 3235 5578 ad
3258 5524 3390 5576 DAN.
3418 5538 3455 5588 I,
3489 5539 3540 5577 c.

2044 5605 2151 5669 (5'2)
2188 5604 2345 5656 Corr.
2381 5600 2697 5668 κενοφωνία.

2048 5664 2160 5740 (35⁷)
2199 5674 2271 5725 Ita
2296 5688 2463 5731 eorr.,
2501 5664 2656 5721 antea
2693 5669 2833 5722 enim
2867 5674 3003 5740 erat,
3036 5668 3077 5740 i‘,
3107 5664 3479 5717 ἐπιτάττουσα.

2052 5737 2162 5813 (ῧί)
2200 5741 2432 5795 νυιύιιιιι
2464 5740 2593 5809 φησί
2634 5754 2775 5794 corr.
2808 5737 2942 5792 scite
2980 5738 3102 5791 add.
