3934 6146
493 285 626 341 l9.“

1724 267 1783 322 S.
1816 262 2145 322 GREGORII
2171 258 2459 317 NYSSENI

3640 254 3774 306 lii}

493 407 601 462 fuit
633 399 991 475 prephetandi
1017 394 1334 454 facuitatem
1361 391 1631 472 adeptus?
1662 390 1726 444 Et
1759 399 1940 445 tamen
1965 403 2066 442 nec
2103 402 2294 443 eorum
2336 385 2632 455 quisquam
2702 396 2765 435 ex
2809 378 2948 434 caalo
2991 376 3297 438 descendit,
3340 389 3449 430 uec
3498 374 3562 427 in
3630 372 3774 441 plin-

493 505 638 574 eipio
692 501 814 565 fuit,
868 514 970 554 nec
1013 496 1126 552 Deo
1158 493 1405 557 aequatis.

564 593 809 650 XXXIX.
855 592 962 650 Sed
1005 599 1059 647 et
1097 591 1201 644 hoc
1252 595 1636 656 argumentum
1677 584 1894 640 silentio
1936 597 2072 652 prm-
2102 584 2148 639 Α

493 699 794 752 tereamus,
830 703 893 742 ea
931 683 1277 756 potissimum
1311 688 1524 734 rattone
1556 676 1701 748 quod
1731 675 1887 731 aliine
1923 677 1994 730 sit
2024 673 2073 728 ei

494 799 620 852 qua:
667 782 846 850 ipsum
882 775 1148 847 praecedit-
1186 771 1559 834 couclusioni,
1605 769 1764 839 cujus
1791 767 1958 822 verba
2001 766 2074 818 ita

495 890 558 930 se
595 873 795 926 habent
829 889 842 923 :
874 868 1013 938 Ergo
1045 885 1147 920 non
1189 864 1428 919 salivatur
1463 863 1750 915 humanum
1775 874 1936 929 genus
1987 870 2078 928 ger

497 965 690 1018 mentis
714 973 761 1016 et
798 963 958 1015 totius
991 958 1218 1011 hominis
1252 953 1686 1022 assmnptionem,
1717 949 1807 1005 sed
1842 964 1934 1018 per
1959 962 2080 999 car-

497 1056 582 1109 nis
618 1053 1026 1123 susceptionem.
1068 1047 1195 1101 Hmc
1235 1045 1457 1116 quidem
1495 1051 1578 1098 est
1612 1039 1917 1112 argumenti
1949 1052 2080 1092 con-

497 1146 711 1208 clusio;
761 1141 1125 1198 diderentiam
1177 1151 1308 1192 vero
1362 1137 1501 1190 inter
1546 1131 1976 1202 assumptionem
2025 1134 2079 1182 et

500 1238 907 1306 susceptionem
944 1235 1020 1287 illi
1072 1238 1346 1301 exponant
1379 1229 1470 1297 qui
1521 1226 1764 1280 sedulam
1806 1236 2077 1293 gramma-

500 1328 629 1383 ticis
678 1323 1070 1396 l‘rigiditatibus
1122 1335 1340 1389 operam
1394 1323 1616 1378 navant,
1669 1323 1726 1367 ut
1770 1314 1955 1384 pueris
2003 1326 2084 1364 se-

499 1420 743 1474 cundum
808 1423 978 1469 artem
1038 1414 1344 1468 edisseraut
1406 1405 1785 1478 hujuscemodi
1844 1403 2078 1474 partimn

501 1506 778 1562 sermonis
819 1519 943 1573 quae
980 1501 1386 1572 propositiones
1428 1504 1713 1562 vocantur,
1763 1495 1816 1548 in
1866 1493 2082 1547 modico

503 1598 737 1669 positam
796 1594 1250 1663 discrepantiam;
1301 1608 1403 1647 nos
1452 1590 1596 1645 enim
1643 1587 1975 1658 promiscue,
2029 1592 2082 1638 ct

503 1698 820 1760 susceptum
847 1685 1051 1742 assumi
1078 1693 1130 1738 et
1160 1692 1504 1753 assumptum
1528 1679 1716 1734 itidem
1742 1675 1945 1745 suscipi
1973 1691 2080 1728 non

502 1781 847 1839 dubitamus,
886 1792 1010 1829 cum
1068 1771 1351 1841 Scriptura
1405 1770 1564 1823 talem
1613 1769 1843 1821 istarum
1888 1779 2082 1817 vocum

502 1889 664 1928 usum
705 1887 806 1925 nos
842 1870 1053 1922 doceat.
1086 1864 1219 1920 Cum
1267 1864 1440 1933 gloria
1475 1867 1812 1929 susceperunt
1848 1875 1929 1911 me
1962 1896 1976 1920 ,
2011 1859 2087 1910 in-

2258 572 2416 626 Ἀλλά
2449 569 2691 638 σιγάσθω
2731 567 2824 620 καὶ
2864 565 3019 618 τοῦτο
3043 565 3103 618 τὸ
3140 563 3512 635 ὲπιχεερημα,
3545 562 3776 632 μάλιστα

2176 667 2262 720 διὰ
2291 665 2351 719 τὸ
2381 661 2656 734 προσφυὲς
2683 660 2774 712 τοῦ
2801 657 3153 729 προτεθέντος
3179 655 3329 726 αὐτῷ
3357 656 3773 725 συμπεράσμα-

2176 775 2288 821 τος,
2327 755 2500 817 οὕτως
2532 752 2673 807 κατὰ
2701 750 2797 820 τὴν
2821 748 2967 814 λέξιν
2993 747 3206 818 ἔχοντος
3229 763 3242 777 ·
3287 749 3412 800 οὐκ
3443 746 3570 814 ἄρα
3603 746 3772 807 ordia-

2177 866 2270 903 ται
2301 847 2368 901 τὸ
2398 844 2773 913 ἀνθρώπινον
2799 839 2969 911 γένος
2993 840 3064 892 δι’
3091 838 3458 907 ἀναλήψεως
3508 837 3650 902 νοῦ,
3685 840 3771 892 mi

2179 942 2323 995 ὅλου
2350 936 2687 1007 ἀνθρώπου,
2730 932 2889 989 ἀλλὰ
2932 932 3030 986 διὰ
3062 932 3476 1001 προσλήψεως
3522 933 3771 1000 σαρκές.

2181 1032 2252 1084 Τὸ
2286 1031 2384 1101 μὲν
2429 1027 2802 1099 συμπέρασμα
2839 1023 2996 1076 τοῦτο
3022 1038 3033 1051 ’
3070 1023 3168 1095 τὴν
3199 1023 3252 1076 δὲ
3295 1023 3397 1094 τῆς
3430 1022 3768 1092 ἀναλήψεως,

2183 1125 2300 1195 (καὶ
2354 1119 2709 1192 προσλήψεως
2744 1115 2896 1187 [55])
2946 1113 3210 1185 διαφορὰν
3261 1115 3695 1184 ἐρμηνευὸντων
3729 1117 3771 1164 οἱ

2180 1220 2298 1279 ταῖς
2352 1213 2766 1285 γραμματικαῖς
2814 1207 3198 1279 ψυχρολογίαις
3246 1206 3767 1277 ἐμμελετήσαντες,

2182 1309 2323 1362 ὥστε
2368 1307 2475 1359 τῶν
2520 1305 2773 1358 τοιούτων
2820 1301 2911 1355 τοῦ
2941 1301 3101 1368 λόγου
3151 1299 3379 1370 μορίων,
3416 1297 3455 1350 ἃ
3493 1298 3772 1367 προθέσες

2183 1398 2669 1469 κατανομάζονται,
2719 1393 3051 1464 τεχνολογεῖν
3102 1393 3157 1446 ἐν
3209 1390 3534 1460 μειρακίοις
3584 1387 3681 1460 τὴν
3730 1391 3775 1440 ἐν

2183 1494 2347 1563 ὀλίγῳ
2391 1489 2704 1558 διαφωνίαν.
2752 1487 2940 1555 Ἡμεῖς
2967 1482 3076 1553 γάρ
3109 1482 3202 1534 καὶ
3232 1482 3322 1533 τὸν
3356 1479 3780 1552 προσειλημμέ-

2186 1603 2271 1640 νον
2298 1581 2613 1652 ἀνειλῆφθαι
2639 1577 2949 1647 νομίζομεν,
2968 1576 3060 1628 καὶ
3076 1575 3165 1627 τὸν
3180 1574 3597 1643 ἀνειλημμένον
3625 1590 3782 1642 προσ-

2185 1672 2436 1742 ειλῆφθαι
2484 1670 2582 1724 οὐκ
2630 1665 3061 1738 ἀμφιϐάλλομεν,
3096 1664 3246 1733 παρὰ
3289 1665 3389 1734 τῆς
3431 1663 3668 1734 Γραφῆς
3694 1662 3781 1731 τὴν

2184 1765 2437 1834 τοιαύτην
2463 1761 2654 1833 χρῆσιν
2683 1759 2775 1811 τοῦ
2797 1757 2954 1824 λόγου
2979 1754 3381 1826 μεμαθηκότες.
3408 1757 3581 1808 Μετὰ
3605 1754 3780 1820 δί’ξης

2187 1855 2566 1924 προσέλαϐόν
2588 1869 2685 1921 με,
2715 1852 2877 1922 φησὶν
2905 1853 2934 1902 ὁ
2959 1849 3150 1901 Δα6Ξδ’
3189 1848 3284 1900 καὶ
3325 1847 3498 1900 πάλιν
3534 1847 3774 1918 ἑτέρωθι,

505 1963 625 2032 quit
658 1959 824 2014 David
849 1959 908 2026 7;
963 1965 1017 2010 ct
1053 1970 1246 2008 rursus
1279 1955 1384 2006 alio
1427 1953 1480 2006 iu
1518 1953 1657 2013 loco,
1705 1948 1878 2018 Elegit
1917 1946 2084 2000 David

2202 1946 2551 2012 Ἐξελέξατο
2606 1942 2783 1997 Δαϐὶδ
2838 1941 2945 1994 τὸν
2992 1938 3215 1993 δοῦλον
3257 1939 3474 1999 αὑτοῦ.
3524 1941 3629 1993 καὶ
3690 1939 3782 1992 dr-

503 2071 709 2110 servum
752 2068 927 2113 suum,
965 2060 1013 2102 et
1060 2048 1350 2114 assumpsit
1382 2062 1501 2098 cum
1540 2047 1605 2097 de
1643 2041 1884 2112 gregibus
1912 2040 2082 2109 patris

505 2147 647 2202 sui”.
686 2144 850 2214 Igitur
881 2141 971 2211 qui
1015 2155 1140 2193 cuin
1178 2139 1350 2208 gloria
1386 2143 1677 2204 susceptus
1709 2140 1814 2196 est,
1851 2132 1896 2186 is
1921 2131 2081 2185 etiam

504 2244 827 2305 assumptus
865 2241 968 2298 est,
1017 2240 1070 2286 et
1104 2231 1194 2300 qui
1228 2229 1297 2283 de
1331 2228 1586 2300 gregibus
1623 2235 1935 2293 assumptus
1980 2231 2083 2287 est,

507 2330 554 2383 is
579 2328 744 2382 etiam
784 2330 1078 2393 susceptus
1103 2328 1186 2374 cst
1218 2337 1230 2373 :
1264 2318 1329 2372 ad
1365 2333 1526 2370 uuam
1560 2317 1704 2370 enim
1729 2313 2086 2382 eamdemque

506 2436 620 2475 rem
665 2415 1084 2488 significandam
1129 2412 1238 2465 duo
1275 2411 1366 2463 illa
1403 2409 1569 2462 verba
1600 2415 1868 2476 usurpat;
1919 2410 1990 2460 ita
2029 2414 2086 2459 ut

504 2512 634 2582 quid
682 2510 786 2564 sibi
838 2508 988 2570 velit,
1042 2506 1132 2575 qui
1195 2502 1543 2574 Uuigeuitum
1588 2501 1664 2554 ait
1712 2517 1820 2554 nou
1869 2518 2082 2555 assum-

503 2603 690 2672 ptione
757 2599 851 2653 sed
909 2597 1258 2665 susceptione
1310 2592 1709 2647 incarnationis
1769 2592 2084 2664 mysterium

505 2692 882 2760 dispensasse,
939 2703 1040 2740 nec
1091 2687 1207 2755 ipse
1264 2684 1354 2754 qui
1408 2685 1476 2738 iis
1521 2684 1748 2738 vocibus
1801 2700 1932 2740 usus
1981 2692 2085 2747 est,

507 2784 743 2838 fortasse
787 2781 1167 2851 cxplicavcrit.
1203 2779 1312 2847 Ego
1352 2785 1532 2830 autem
1565 2777 1616 2830 in
1656 2777 1776 2845 ejus
1825 2779 2089 2832 absurdo-

433 2899 446 2910 -
504 2892 626 2930 rum
657 2875 946 2928 verborum
997 2887 1156 2926 como
1200 2886 1506 2926 sermonem
1559 2869 1836 2938 refugiens
1871 2871 2090 2924 immer-

503 2985 671 3040 gere,
743 2967 1008 3037 potiorem
1075 2966 1196 3034 ejus
1273 2977 1534 3032 nugarum
1596 2970 1802 3030 partem
1896 2962 2089 3017 lubens

501 3062 720 3126 omitto,
757 3069 905 3114 ratus
943 3060 1024 3112 vel
1059 3073 1125 3112 ex
1174 3057 1291 3126 ipsa
1334 3055 1460 3109 libri
1495 3054 1731 3109 lectione
1755 3054 1876 3124 ejus
1914 3052 2089 3108 dicto-

503 3176 628 3217 rum
673 3154 934 3228 ineptiam
973 3151 1110 3209 satis
1151 3163 1432 3224 superque
1467 3147 1740 3220 redargui,
1787 3147 1862 3202 ita
1899 3155 1959 3201 ut
1993 3146 2087 3217 qui

505 3255 707 3310 acriter
756 3251 1022 3304 adversus
1085 3247 1227 3301 hanc
1258 3244 1506 3299 haeresim
1571 3241 1750 3296 invehi
1791 3240 1940 3303 velit,
1977 3255 2082 3292 non

507 3355 617 3400 tam
649 3341 972 3413 excogitatis
1003 3355 1034 3392 a
1080 3353 1139 3392 se
1185 3333 1521 3405 argumentis
1555 3348 1717 3401 quam
1747 3347 1814 3385 ex
1841 3329 2091 3400 ipsismet

507 3434 811 3492 adversarii
864 3431 1069 3494 verbis,
1129 3426 1374 3495 ejusdem
1432 3424 1735 3478 fatuitatem
1795 3435 2091 3491 coarguere

505 3529 680 3601 possit
704 3544 719 3591 ;
743 3524 942 3594 quibus
967 3521 1113 3576 enim
1139 3515 1447 3571 rationibus
1471 3513 1815 3568 mendacium
1843 3521 2090 3567 astruere

504 3597 760 3674 conatur,
797 3611 990 3664 iisdem
1026 3606 1160 3676 ipsis
1189 3619 1300 3674 pra:
1347 3603 1563 3655 inﬁrma
1598 3609 1654 3656 et
1701 3598 1960 3655 imbecilli
1993 3597 2090 3652 de-

507 3706 758 3760 fensioue
821 3699 1156 3768 impietatem
1217 3693 1490 3763 dogmatis
1550 3691 1636 3745 sui
1705 3689 1878 3759 palam
1935 3687 2087 3742 facit.

509 3798 722 3853 Etenim
751 3795 798 3848 si
833 3792 1055 3854 homini,
1105 3787 1302 3858 inquit,
1338 3785 1567 3856 perfecto
1594 3783 1772 3837 unitas
1810 3791 1886 3836 est
1919 3780 2086 3849 perfe-

506 3901 622 3945 ctus
657 3887 818 3949 Deus,
869 3885 974 3937 duo
1015 3881 1218 3950 utique,
1257 3895 1364 3933 non
1413 3889 1574 3930 unum
1603 3883 1792 3930 essent.
1828 3872 2092 3944 lmperl'e-

506 3990 656 4034 ctum
690 3980 877 4047 itaque
908 3989 1030 4030 eum
1067 3969 1309 4042 perfecto
1360 3969 1716 4038 conjunctum
1749 3981 1846 4037 pro
1875 3967 2091 4022 duobus

508 4073 578 4126 ab
623 4072 742 4140 ipso
793 4083 903 4121 non
957 4066 1248 4120 habentur.
1304 4061 1526 4116 Viditne
1575 4074 1811 4128 unquam
1856 4059 2090 4114 eximius

509 4165 613 4219 iste
659 4162 744 4216 vir
799 4173 1001 4230 pueros
1045 4171 1244 4211 manus
1294 4153 1498 4224 digitos
1543 4158 1949 4214 enumerantes,
1996 4149 2090 4220 qui

507 4271 737 4329 parvum
781 4269 886 4307 una
939 4267 1062 4306 cum
1101 4262 1298 4318 magno
1347 4252 1619 4309 numerat,
1665 4258 1832 4298 unum
1871 4242 2088 4312 quidem

509 4351 802 4413 minorem,
863 4344 1127 4412 majorem
1183 4341 1414 4394 alterum
1479 4335 1756 4390 nominat?
1813 4334 1920 4390 Sed
1983 4334 2092 4388 duo

509 4451 693 4494 tamen
747 4451 870 4492 esse
923 4433 1077 4496 dicit,
1139 4431 1186 4485 si
1247 4438 1541 4495 utrumque
1599 4425 1762 4480 simul
1821 4429 2088 4478 numeret.

506 4530 701 4586 Omnis
751 4528 898 4582 enim
956 4536 1221 4578 numerus
1289 4520 1560 4574 unitatum
1615 4525 1701 4572 est
1748 4517 2087 4588 aggregatio,

2185 2039 2401 2092 ἐλαϐεν
2456 2033 2643 2088 αὑτὸν
2688 2034 2754 2086 ἑκ
2797 2032 2913 2086 τῶν
2942 2031 3232 2099 ποιμνίων
3263 2029 3370 2083 τοῦ
3405 2031 3647 2096 πατρὸς
3684 2032 3780 2082 αὐ-

2187 2129 2290 2183 τοῦ
2325 2127 2456 2198 (56).
2490 2124 2697 2179 Οὐκοῦν
2723 2125 2814 2178 καὶ
2841 2126 2868 2177 ὁ
2897 2122 3036 2194 μετὰ
3072 2122 3226 2192 δόξης
3270 2121 3661 2191 προσληφθεὶς
3702 2124 3782 2173 ἀν-

2187 2219 2414 2289 ελήφθη,
2433 2220 2522 2271 καὶ
2539 2219 2602 2270 ὲκ
2615 2217 2720 2269 τῶν
2736 2215 3001 2286 ποιμνίων
3024 2213 3374 2283 ἀναληφθεὶς,
3398 2213 3654 2284 προσελή
3663 2215 3779 2282 φῆτε.

2188 2312 2321 2384 Περὶ
2348 2312 2454 2382 γὰρ
2485 2310 2576 2364 τοῦ
2607 2308 2770 2364 αὑτοῦ
2804 2307 2874 2361 τά
2907 2307 3020 2376 (3.7)
3054 2307 3148 2360 δύο
3187 2306 3356 2372 λέγει,
3398 2305 3551 2357 ὥστε
3583 2307 3635 2358 τί
3670 2306 3782 2374 faei-

2187 2403 2336 2456 λεται
2371 2404 2399 2455 ὁ
2451 2402 2640 2469 λέγων,
2694 2401 2793 2452 οὐκ
2837 2398 3123 2470 ἀναλήψει,
3179 2396 3313 2450 ἀλλά
3351 2396 3675 2465 προσλήψει
3718 2397 3784 2464 τῷ

2187 2496 2482 2564 Μονογενεῖ
2508 2493 2568 2545 τὸ
2613 2492 2752 2546 κατὰ
2783 2491 2872 2544 τὸν
2914 2491 3198 2561 ἄνθρωπον
3236 2489 3663 2551 οἰκονομεῖσθαι
3697 2508 3786 2557 μν-

2192 2590 2430 2658 στήριον,
2473 2586 2579 2638 οὐδ’
2614 2584 2679 2638 ἂν
2710 2583 2872 2645 αὐτὸς
2908 2583 3049 2635 εἴποι
3085 2583 3241 2652 τάχα.
3286 2579 3432 2648 Ἐγὼ
3477 2582 3541 2633 δὲ
3573 2581 3785 2649 φεύγω-ν

2188 2681 2256 2749 τῇ
2293 2677 2397 2730 ἰλύῐ
2445 2675 2552 2728 τῶν
2590 2675 2978 2746 ἀσυναρτήτων
3029 2671 3193 2726 αὐτοῦ
3247 2673 3522 2742 ῥημάτων
3577 2674 3787 2726 συνδια-

2191 2769 2473 2833 6απτίζειν
2498 2768 2586 2821 τὸν
2613 2767 2789 2836 λόγον,
2816 2766 2885 2819 τὰ
2911 2765 3080 2818 πολλά
3115 2767 3214 2835 τῆς
3245 2766 3525 2836 φλυαρίας
3565 2767 3785 2835 ἀφίημι,

2194 2861 2376 2914 ἱκανὸν
2424 2860 2641 2930 ἔλεγχον
2691 2856 2826 2912 εἶναι
2871 2857 2970 2927 τῆς
3028 2858 3265 2921 ἀτοπίας
3303 2857 3415 2909 τῶν
3470 2857 3788 2928 λεγομένων

2190 2954 2454 3024 οἰόμενος,
2492 2952 2658 3024 αὐτὴν
2694 2953 2785 3006 ἐπὶ
2824 2951 3024 3018 λέξεως
3048 2949 3212 3004 αὐτοῦ
3251 2951 3352 3020 τὴν
3385 2949 3498 3002 τῶν
3541 2967 3791 3020 γεγραμο

2195 3044 2370 3116 μένων
2410 3044 2731 3112 ἀνάγνωσιν,
2760 3041 2833 3105 ὡς
2869 3043 2964 3095 καὶ
2999 3042 3089 3096 τὸν
3122 3041 3366 3112 σφοδρῶς
3410 3042 3791 3112 καταδραμεῖν

2191 3139 2290 3210 τῆς
2328 3137 2590 3208 αἱρέσεως
2631 3134 2900 3198 ἐθέλοντα,
2935 3135 3009 3206 μὴ
3056 3134 3122 3187 ἂν
3170 3133 3425 3186 τοσοῦτον
3459 3133 3525 3198 ἐξ
3573 3135 3791 3187 cina.”

2193 3229 2466 3301 λογισμῶν
2498 3227 2762 3294 διελέγξαι
2807 3226 2905 3297 τὴν
2940 3227 3187 3289 ἀτοπίαν,
3226 3226 3300 3288 ὡς
3345 3226 3517 3289 αὐτὸς
3545 3227 3577 3278 ὀ
3599 3227 3787 3294 λόγος·

2193 3324 2257 3378 δι’
2285 3318 2359 3377 ὧν
2390 3323 2498 3392 γὰρ
2521 3319 2917 3384 κατασκευάζει
2957 3320 3017 3373 τὸ
3041 3320 3256 3389 ψεῦδος,
3286 3322 3342 3373 ὲν
3375 3323 3444 3391 τῇ
3477 3322 3677 3390 ἀτονία
3696 3323 3791 3390 τῆς

2193 3414 2518 3485 συνηγορίας
2551 3413 2857 3482 ἀπογυμνοῖ
2889 3411 2985 3482 τὴν
3007 3412 3282 3464 ἀσέϐειαν.
3312 3413 3427 3466 Καὶ
3455 3415 3576 3481 τὰρ
3599 3417 3652 3466 εἰ
3681 3415 3788 3467 ἀν-

2193 3507 2402 3576 θρώπῳ
2437 3506 2661 3572 τελείῳ,
2699 3505 2853 3574 φησὶ,
2889 3503 3172 3573 συνήφθη
3210 3505 3355 3570 Θεὸς
3387 3504 3644 3571 τέλειος,
3681 3505 3790 3559 δύο

2190 3599 2268 3652 ἂν
2293 3595 2473 3668 ἦσαν.
2503 3598 2576 3650 Τὸ
2603 3597 2658 3650 δὲ
2680 3597 2867 3660 ἀτελὲς
2892 3595 3000 3666 ἄρα
3024 3595 3102 3666 τῷ
3127 3596 3317 3666 τελείῳ
3342 3597 3786 3666 συντεθειμένω,

2191 3689 2291 3741 οὐκ
2323 3690 2380 3740 ὲν
2416 3687 2526 3758 (58)
2566 3685 2715 3740 δυάδι
2745 3685 2875 3756 παρ’
2901 3685 3066 3738 αὑτοῦ
3101 3685 3410 3756 θεωρεῖται.
3435 3687 3558 3740 Οὐκ
3593 3683 3740 3739 sia-ev
3761 3689 3787 3739 ὁ

2191 3779 2472 3848 γεννάδας,
2519 3777 2641 3831 οὐδὲ
2682 3776 2872 3830 παιδία
2899 3777 3029 3830 ποτὲ
3071 3777 3196 3841 τοὺς
3228 3777 3321 3829 ἐπὶ
3372 3776 3476 3845 τῆς
3524 3779 3787 3848 παλάμῃς

2190 3871 2487 3934 δακτύλους
2528 3867 2985 3939 ὲξαριθμούμενα,
3017 3871 3044 3922 ὁ
3090 3869 3180 3922 τὸν
3211 3868 3409 3940 μικρὸν
3454 3870 3542 3940 τῷ
3581 3869 3786 3942 μείζονι

2195 3965 2420 4036 συναριθ
2430 3963 2566 4034 μῶν,
2597 3964 2694 4016 ἕνα
2719 3964 2818 4033 μὲν
2845 3963 3100 4033 ὀνομάζει
3127 3964 3218 4016 τὸν
3243 3962 3467 4016 ἔλατ-τού
3478 3980 3672 4032 μενον,
3695 3965 3786 4017 καὶ

2192 4059 2286 4112 ἕνα
2308 4057 2396 4111 τὸν
2418 4056 2783 4128 ὑπερέχοντα;
2815 4058 2918 4110 Δύο
2949 4057 3006 4110 δὲ
3031 4058 3178 4127 ὅμως
3206 4052 3344 4110 εἷναί
3373 4073 3572 4126 φησιν,
3593 4058 3646 4108 εἰ
3671 4054 3783 4126 μετ’

2192 4150 2434 4222 ἀλλήλων
2478 4150 2816 4220 ἀμφοτέρους
2853 4150 3119 4218 λογίζοιτο
3157 4149 3294 4219 ('59).
3331 4150 3453 4212 Πᾶς
3494 4149 3607 4219 γὰρ
3662 4149 3785 4218 ἀρι-

2193 4239 2327 4311 θμὸς
2352 4239 2462 4310 (40)
2493 4239 2736 4310 μονάδων
2751 4239 2875 4293 ’ἐστὶ
2913 4239 3181 4304 σύνθεσις,
3207 4240 3269 4293 τὸ
3295 4240 3692 4311 ἀθροιζόμενον
3723 4242 3786 4293 ἐκ

2191 4333 2394 4388 τούτων
2425 4335 2482 4386 ὲν
2519 4332 2798 4404 κεφαλαίῳ
2843 4333 3140 4404 σημαίνων.
3171 4334 3233 4386 Ei.
3267 4332 3326 4386 δὲ
3354 4333 3419 4385 τὸ
3447 4331 3784 4403 ἀριθμητὸν,

2191 4426 2219 4478 ὃ
2265 4422 2318 4479 τί
2348 4443 2450 4495 περ
2499 4425 2564 4479 ἂν
2602 4421 2658 4498 ᾗ,
2690 4424 2767 4496 τῷ
2798 4425 3286 4499 συναριθμουμένῳ
3317 4425 3780 4496 παρατιθέμενον,

2193 4516 2334 4570 κατὰ
2362 4517 2458 4588 τὴν
2504 4517 2616 4585 (il)
2647 4517 2983 4588 πηλικότητα
3012 4515 3294 4580 πλεονάζει
3330 4517 3412 4587 τῷ
3439 4517 3595 4586 ὄγκῳ
3633 4517 3784 4584 παρὰ

507 4621 822 4679 summatim
864 4615 1011 4687 quod
1059 4630 1122 4669 ex
1163 4613 1230 4667 iis
1285 4609 1605 4679 congeritur
1637 4608 1927 4663 denotans.
1972 4606 2086 4662 Etsi

2193 4609 2252 4662 τὸ
2279 4609 2496 4662 ἔλαττον
2530 4609 2661 4680 (42),
2697 4609 2755 4664 ἓν
2802 4612 2895 4664 καὶ
2932 4611 2992 4664 τὸ
3021 4610 3415 4680 ἐλαττούμενον
3462 4609 3644 4671 ἔσται,
3684 4608 3782 4662 κᾶν

507 4725 691 4769 autem
737 4710 882 4782 quod
931 4705 1211 4763 numerari
1245 4710 1446 4774 potest,
1490 4701 1871 4771 qualecunque
1896 4698 2082 4764 fuerit,

508 4807 690 4868 alteri,
715 4803 859 4874 quod
896 4817 1004 4856 una
1035 4813 1158 4853 cum
1199 4797 1317 4866 ipso
1349 4800 1697 4855 numeratur,
1743 4791 2084 4860 adjunctum,

508 4897 816 4966 quantitate
835 4898 1055 4963 superet
1097 4889 1150 4942 id
1182 4886 1330 4959 quod
1362 4886 1546 4943 minus
1573 4892 1696 4951 est;
1731 4882 2088 4938 nihilominus

578 5076 599 5113 ν
637 5076 783 5134 Psal.
815 5091 985 5140 Lxxu,
1039 5074 1133 5134 ει.
1208 5073 1232 5106 ⁸
1266 5072 1414 5128 Psal.
1439 5086 1647 5136 Lxxvn,
1679 5070 1766 5126 70.

586 5301 702 5379 (35)
736 5298 868 5379 Quae
917 5296 1283 5357 semieirculis
1323 5293 1684 5349 includuntur
1727 5304 1874 5346 corr.
1920 5305 2083 5346 manu

512 5392 642 5438 sunt
683 5376 889 5430 addita.

585 5428 916 5517 tSGiVSVuper
936 5441 1098 5517 verba
1145 5437 1259 5500 illa,
1307 5433 1402 5517 τος)
1423 5433 1653 5517 "saepe;
1705 5428 1892 5517 αὐτοςξἲ
1937 5447 2087 5486 corr.

514 5503 753 5587 scripsit,
781 5503 1089 5587 προὸἁτῳν,
1117 5517 1175 5587 ut
1203 5523 1326 5587 cu_m
1374 5503 1751 5587 LXX'IttterP.
1786 5503 2089 5587 eJitg‘con—

516 5573 724 5648 c0rt'tet,
744 5573 882 5655 ’φίλιε
915 5584 1093 5638 habet.
1111 5582 1192 5655 sx
1217 5578 1322 5632 τῶν
1349 5575 1614 5632 ποιμνίων
1646 5573 1752 5627 τῶν
1778 5573 2085 5643 προϐάτων.

591 5658 700 5716 (37)
730 5651 885 5709 (Sorr.
920 5662 1022 5707 art.
1059 5651 1185 5705 add.

585 5728 696 5800 (58)
723 5725 868 5779 Patt.
894 5726 991 5776 οὐκ
1010 5724 1066 5774 ἐν
1107 5736 1135 5776 a
1164 5735 1333 5783 corr.,
1357 5734 1523 5776 sensu
1551 5717 1621 5772 ita
1651 5725 1930 5788 posventc,
1958 5722 2087 5771 sunt

2191 4702 2412 4774 ἐλλείπῃ
2461 4703 2518 4755 τὸ
2560 4703 2806 4772 μέγεθος.
2842 4704 2956 4756 ”Οτ’
2989 4703 3054 4757 ἂν
3096 4704 3193 4773 μὲν
3229 4698 3325 4757 οὗν
3359 4701 3661 4771 ἰσομεγέοη
3696 4702 3782 4754 δύο

2192 4793 2270 4864 τῷ
2300 4793 2516 4865 ἀριθμῷ
2550 4795 2909 4866 διαλάϐωμεν.
2949 4795 3041 4848 δύο
3073 4796 3249 4848 τέλεια
3285 4795 3526 4865 λέγομεν
3550 4811 3564 4823 -
3603 4794 3682 4846 ὅτ’
3721 4791 3782 4844 ἂν

2193 4887 2250 4939 δὲ
2279 4886 2356 4953 τῷ
2393 4887 2579 4958 τελείῳ
2598 4888 2659 4941 τὸ
2682 4887 2869 4943 λειπὸν
2899 4889 3413 4960 συναριθμήσωμεν,
3444 4888 3542 4943 δύο
3572 4887 3674 4960 μὲν
3695 4885 3785 4939 1:1

2198 5291 2416 5348 additae.

2271 5363 2385 5505 $59)
2412 5364 2491 5417 ita
2517 5377 2689 5426 corn,
2723 5372 2904 5421 antea.
2938 5365 3227 5434 νομίζοιτο.

2294 5433 2382 5498 40)
2424 5431 2485 5488 In
2521 5448 2699 5504 marg.
2742 5433 2992 5505 ἀριθμός,
3035 5450 3227 5488 manu:

2201 5431 2382 5558 lu|g0)
2424 5431 2485 5488 ln
2521 5448 2699 5504 marg.
2742 5431 3013 5505 ἀριθμός,
3035 5450 3198 5488 manu
3223 5446 3382 5502 aeque
3412 5434 3587 5490 veteri
3621 5443 3784 5491 nota—

2226 5520 2307 5559 lll'.

2269 5577 2381 5641 (41)
2416 5574 2490 5629 Ita
2530 5589 2698 5637 corr..
2737 5583 2896 5630 antea
2931 5576 3078 5645 παρά
3112 5576 3229 5645 τὴνε

2273 5639 2477 5719 (ΑΗ-λιιι
2503 5662 2676 5719 marg.
2711 5661 2826 5701 cor.
2865 5639 3176 5719 addi-0565
3204 5639 3390 5716 ἦττον,
3443 5664 3572 5719 qua:
3616 5662 3780 5704 voces

2195 5711 2454 5772 addcttdtt‘
2490 5711 2788 5774 suut'fortc
2811 5725 2928 5787 post
2957 5715 3192 5770 ἔλαττον.
