3934 6146
96 333 223 389 ms

1249 322 1616 379 ADVERSUS
1653 318 2163 376 APOLLINAREM.

3189 318 3321 374 12M

93 453 224 509 οὕτω
254 449 362 522 (4⁸5)
396 446 592 519 φαμὲν,
624 444 756 499 ἀλλά
778 446 837 498 τὸ
861 444 958 515 μὲν
981 443 1243 507 ἐλλειπές,
1268 444 1327 497 τὸ
1352 444 1406 496 δὲ
1429 444 1649 497 τέλειον.

1779 457 1925 494 lllllm
1958 456 2173 511 quoque
2209 456 2303 510 per
2330 456 2387 496 sc
2409 441 2513 494 erit
2542 441 2687 509 quod
2716 440 2898 494 minus
2935 447 3037 502 est,
3079 438 3329 506 quamvis

101 545 157 599 Ὀ
185 543 239 597 δὲ
272 542 434 603 πολὺς
462 532 614 601 οὗτος
634 536 775 591 κατά
805 536 904 606 τὴν
928 534 1297 606 ἀριθμητικὴν
1322 536 1652 604 ἐπιστήμην,

88 636 135 688 εί
169 633 263 705 μὲν
294 618 798 697 τελείωςξέκάτερον
833 625 974 679 κατά
1002 624 1099 696 τὴν
1125 623 1290 677 αὐτοῦ
1333 623 1493 692 φύσιν
1519 622 1653 691 ἔχει,

84 724 172 778 δύο
202 724 329 792 φησὶ
372 720 619 789 λέγεσθαι
648 720 715 772 τὰ
744 717 887 771 οὕτω
936 716 1201 786 λεγόμενα
1224 733 1237 748 ·
1274 716 1320 768 εἰ
1368 716 1424 769 δὲ
1460 716 1519 768 τὸ
1560 715 1656 785 μὲν

87 815 332 876 ἐλλείποι,
376 813 435 864 τὸ
468 812 523 864 δὲ
561 810 747 881 ἓτερον
776 809 977 861 τέλειον
1019 807 1125 877 εἴη,
1162 807 1220 860 ἓν
1254 807 1535 877 ἀμφότερα
1566 822 1659 873 γε-

84 905 263 959 νέσθαι
293 904 426 974 (Η),
454 903 554 955 οὐκ
580 897 696 954 οἶδα
729 901 877 961 ὅπως
906 897 968 950 τὸ
997 897 1184 961 ἀτελὲς
1218 897 1550 965 συναλείφων
1581 894 1658 965 τῷ

84 995 472 1069 περιττεῦοντι,
524 995 617 1047 καὶ
671 992 759 1045 διὰ
810 991 919 1044 τῶν
978 990 1234 1043 ἐναντίων
1282 987 1513 1041 ἐπινοῶν
1543 989 1658 1049 τοῖς

80 1085 414 1157 ἀσυμὸάτοις
443 1084 541 1153 τὴν
571 1083 762 1135 ἐνωσιν
791 1081 926 1149 (45).
957 1080 1170 1133 Τέλειον
1193 1077 1302 1148 γὰρ
1330 1077 1538 1146 τελείῳ,
1566 1078 1658 1130 καὶ

79 1178 267 1240 ἀτελὲς
308 1176 487 1229 ἀτελεί
538 1164 735 1245 μᾶλλον
776 1172 1075 1244 ἁρμόζεται
1120 1174 1185 1241 τῇ
1222 1170 1514 1240 ὁμοιότητι.
1548 1170 1660 1239 Τῆς

77 1269 133 1322 δὲ
160 1267 258 1321 τοῦ
295 1266 537 1321 ἐναντίου
575 1265 710 1336 πρὸς
743 1264 803 1316 τὸ
836 1262 1073 1316 ἐναντίον
1106 1261 1372 1324 ἐνώσεως,
1407 1260 1501 1312 τοῦ
1534 1261 1661 1313 ἀτε-

75 1358 201 1422 λοῦς
232 1375 377 1428 φημι
408 1356 543 1428 πρὸς
570 1356 630 1408 τὸ
661 1353 882 1415 τέλειον,
926 1352 1128 1421 λεγέτω
1152 1352 1243 1403 τὸν
1270 1351 1466 1421 τρόπον
1507 1352 1534 1402 6
1564 1350 1664 1419 τῆς

75 1449 273 1519 καινῆς
300 1446 503 1517 ταύτης
530 1443 898 1516 ἀριθμητικῆς
918 1441 1232 1513 νομοθέτης.

1755 534 2138 603 magnitudine
2203 542 2492 603 superetur
2534 532 2601 587 ab
2643 533 2836 587 altero.
2888 530 3117 598 Quando
3168 531 3331 600 igitur

1753 622 1864 677 duo
1894 624 2121 692 aequalis
2153 622 2540 693 magnitudinis
2578 630 2963 692 supputamus,
3016 619 3124 674 duo
3154 618 3332 689 perfe-

1752 723 1840 769 cta
1896 716 2168 783 dicimus;
2220 716 2441 787 quando
2489 729 2619 769 vero
2658 713 2802 783 quod
2852 713 3033 767 minus
3085 720 3167 767 est
3225 726 3331 763 una

1753 822 1879 862 cum
1915 808 2109 877 majori
2149 822 2525 872 numeramus,
2566 807 2675 862 duo
2708 806 2958 876 equidem
2993 814 3122 858 tunc
3168 806 3331 858 etiam

1755 899 2012 964 dicimus,
2048 900 2142 955 sed
2186 898 2317 954 illud
2358 899 2577 968 quidem
2614 898 3015 969 imperfectum,
3063 898 3165 951 hoc
3204 911 3334 950 vero

1756 989 2058 1059 perfectum
2084 1005 2369 1045 vocamus.
2402 990 2467 1043 At
2502 990 2607 1045 iste
2652 990 2706 1044 in
2760 989 3103 1044 arithmetica
3152 988 3335 1041 excel-

1756 1082 1875 1136 lens
1920 1080 2201 1147 facultate,
2239 1082 2285 1137 si
2320 1090 2613 1151 utrumque
2663 1097 2760 1137 sua
2793 1090 2988 1135 natura
3034 1080 3333 1151 perfectum

1757 1179 1860 1237 est,
1888 1171 1997 1225 duo
2029 1172 2135 1226 dici
2184 1172 2292 1227 ait:
2335 1174 2383 1229 si
2423 1189 2554 1227 vero
2604 1189 2771 1227 unum
2813 1173 3032 1242 quidem
3075 1170 3335 1241 imperfe-

1760 1269 1931 1326 ctum,
1999 1263 2232 1317 alterum
2294 1279 2425 1318 vero
2477 1263 2780 1334 perfectum
2828 1265 2919 1327 sit,
2975 1280 3041 1318 ex
3105 1271 3339 1331 utroque

1764 1360 1933 1406 unum
1988 1353 2106 1408 ﬁeri
2152 1362 2330 1423 putat,
2362 1356 2552 1409 nescio
2595 1370 2703 1424 quo
2748 1365 2907 1426 pacto
2957 1353 3339 1423 imperfectum

1766 1458 1889 1497 cum
1935 1446 2297 1513 prmstantiori
2346 1445 2712 1508 confundens,
2763 1454 2817 1500 et
2861 1445 2947 1499 his
2993 1460 3115 1513 quae
3170 1442 3337 1497 simul

73 1548 225 1597 stare
254 1556 365 1595 non
404 1548 655 1609 possunt,
693 1538 777 1590 vel
801 1553 865 1591 ex
897 1536 1130 1605 ecquod
1199 1534 1343 1589 inter
1376 1550 1434 1589 se
1500 1536 1776 1589 contraria
1833 1531 1945 1591 sint
1992 1539 2248 1593 unionem
2296 1538 2578 1610 aiiingens.
2656 1540 2793 1593 Nam
2839 1538 3138 1609 perfectum
3215 1551 3340 1591 cum

72 1630 321 1702 perfecto
363 1639 415 1684 et
450 1628 829 1699 imperfectum
863 1643 986 1680 cum
1022 1625 1345 1696 imperfecto
1378 1625 1558 1695 potius
1582 1627 1652 1681 ob
1690 1628 2107 1685 similitudinem
2133 1631 2498 1700 copulantur;
2534 1646 2641 1701 qua
2675 1630 2888 1684 ratione
2956 1638 3135 1683 autem
3204 1643 3341 1682 con-

74 1722 313 1776 trarium
349 1735 472 1775 cum
512 1720 813 1782 contrario,
848 1718 953 1772 hoc
1004 1725 1087 1774 est
1123 1717 1498 1787 imperfectum
1537 1731 1660 1773 curn
1702 1719 1945 1789 perfecto
1979 1721 2232 1791 junctum
2269 1736 2437 1776 unum
2484 1720 2597 1787 ﬁat,
2638 1736 2791 1775 novae
2860 1720 3023 1790 hujus
3087 1718 3346 1773 aritbme-

82 1821 211 1875 ticm
238 1819 559 1890 regularum
596 1816 849 1873 conditor
876 1816 1044 1871 dicat.

143 1911 263 1982 (46)
315 1910 455 1962 Ἀλλ’
480 1910 591 1979 οὐχ’
637 1911 853 1980 ἡγεῖται
899 1906 1131 1977 πρέπειν
1160 1905 1499 1977 ἀνθρώπινον
1539 1906 1662 1960 νοῦν

1836 1901 1949 1958 XL.
1995 1902 2099 1959 Sed
2144 1904 2289 1958 haud
2336 1903 2531 1959 decere
2561 1909 2717 1973 putat
2766 1902 3056 1955 humanam
3110 1913 3346 1985 utentem

69 2003 205 2072 περὶ
241 2001 339 2053 τὸν
368 2000 649 2070 Μονογενῆ
696 1999 827 2051 Θεὸν
862 2000 1083 2061 ἐννοεῖν,
1122 2000 1216 2051 καὶ
1246 2000 1344 2070 τὴν
1372 1999 1550 2052 αἰτίαν
1578 1999 1662 2051 λέ-

69 2111 180 2162 γει,
215 2092 301 2145 ὅτι
327 2090 558 2161 τρεπτδς
577 2091 604 2142 6
630 2089 751 2152 νοῦς
778 2091 804 2141 ὁ
833 2087 1189 2160 ἀνθρώπινος.
1218 2086 1424 2141 Οὐκοῦν
1451 2089 1478 2139 6
1504 2087 1663 2150 αὐτὸς

69 2184 232 2251 λόγος
270 2181 409 2251 μηδέ
440 2181 538 2251 τὴν
573 2180 752 2251 σάρκα
789 2179 865 2248 τῷ
894 2178 1011 2249 Θεῷ
1039 2178 1390 2248 συγχωρείτω
1413 2193 1426 2206 ·
1463 2177 1523 2230 τὺ
1556 2176 1664 2249 γὰρ

69 2271 320 2343 τρεπτὴν
357 2271 526 2339 αὐτὴν
566 2265 726 2334 εἶναι,
778 2270 899 2322 οὐδὲ
946 2271 975 2322 6
1025 2268 1362 2340 λογογράφος
1403 2268 1663 2334 ἀντείποι,

68 2365 182 2417 ἀπὸ
223 2363 483 2431 νεότητος
535 2362 695 2431 μέχρι
738 2359 1085 2424 τελειώσεως,
1137 2358 1325 2430 ὥσπερ
1369 2358 1662 2429 ἐνδύματα,

72 2454 520 2524 μετενδυομένην
543 2453 640 2516 τάς
666 2452 898 2522 ἡλικίας.
939 2454 1010 2504 Ἢ
1040 2451 1158 2514 πῶς
1192 2451 1292 2503 οὐκ
1322 2446 1389 2521 ἦν
1413 2449 1663 2521 τρεπτὸς,

68 2550 100 2599 6
129 2548 406 2617 πρότερον
437 2544 546 2614 (47)
583 2543 667 2596 ἐπ’
704 2544 908 2614 ὠλένης
939 2544 1044 2597 ὑπὸ
1071 2544 1168 2613 τῆς
1203 2542 1407 2614 μητρὸς
1445 2542 1669 2611 κομιζό-

72 2654 260 2707 μενος,
294 2633 415 2688 εἶτα
444 2636 501 2687 ἐν
543 2636 791 2698 παιδίοις,
829 2631 946 2689 εἶτα
992 2638 1049 2687 ἐν
1097 2636 1401 2706 μειρακίοις
1447 2634 1667 2704 γινόμε-

68 2745 161 2790 νος
186 2729 332 2797 (48),
373 2727 470 2780 καὶ
502 2726 643 2779 οῦτω
673 2727 795 2778 κατ’
841 2726 1019 2792 ὀλίγον
1054 2724 1331 2796 προελθὼν
1374 2728 1451 2788 εἰς
1481 2725 1540 2777 τὸ
1581 2725 1668 2777 τέ-

66 2818 238 2880 λειον,
272 2816 421 2870 ὥστε
456 2818 535 2877 είς
566 2815 679 2885 (49)
710 2814 771 2866 τὸ
810 2815 1004 2885 μέτρον
1038 2815 1136 2882 τῆς
1169 2816 1513 2884 ἀνθρωπίνης
1552 2814 1670 2884 ἡλι-

66 2912 198 2973 κίας
228 2909 453 2972 ἐλθεῖν;
502 2908 564 2959 Ei
605 2901 696 2959 οὖν
723 2906 751 2957 ὁ
794 2904 918 2967 νοῦς
950 2904 1038 2957 διὰ
1067 2906 1128 2957 τὸ
1158 2906 1391 2976 τρεπτὸν
1435 2904 1669 2957 ἀναϐάλ-

66 3002 227 3054 λεται
267 2999 411 3067 (50),
446 2998 534 3051 διὰ
571 2998 670 3068 τὴν
709 2997 878 3067 αὐτὴν
909 2995 1108 3060 αἰτίαν,
1158 2996 1292 3066 μηδὲ
1333 2998 1365 3067 ή
1400 2995 1535 3066 σὰρξ
1581 2994 1670 3047 ὑπ’

65 3089 248 3146 αὑτοῦ
306 3088 718 3158 συγχωρείσθω,
766 3087 859 3139 καὶ
912 3086 1053 3140 οὓτω
1098 3086 1289 3156 ψευδὲς
1347 3086 1466 3139 κατ’
1513 3086 1674 3139 αὐτὸν

64 3182 436 3253 δειχθήσεται
474 3181 583 3249 (51)
621 3181 680 3235 τὸ
721 3178 1053 3248 Εὖαγγέλιον
1097 3179 1263 3242 ἅπαν,
1300 3178 1394 3231 καὶ
1432 3178 1587 3231 κενὸν
1615 3178 1675 3230 τὸ

1772 1992 1827 2046 in
1862 1990 2155 2062 Unigenito
2204 1993 2314 2046 Deo
2363 2007 2683 2062 agnoscere,
2733 1991 2893 2059 cujus
2942 1993 3018 2045 rei
3077 1992 3344 2047 rationem

1771 2083 1947 2138 reddit
1985 2083 2128 2154 quod
2170 2083 2381 2138 scilicet
2428 2099 2582 2138 mens
2629 2084 2868 2138 hominis
2914 2094 2995 2137 est
3046 2085 3345 2139 mutabilis.

1770 2175 1934 2245 Atqui
1966 2176 2155 2230 eadem
2199 2175 2412 2229 ratione
2440 2191 2614 2245 neque
2659 2190 2880 2230 carnem
2914 2174 3023 2229 Deo
3053 2176 3346 2241 concedet;

1772 2281 1898 2319 nam
1946 2274 2000 2321 et
2042 2279 2263 2320 carnem
2297 2266 2609 2321 mutabilem
2657 2281 2783 2321 esse
2838 2282 2938 2321 nec
2980 2268 3082 2322 iste
3116 2266 3351 2337 scriptor

1773 2358 2012 2428 negabit,
2044 2372 2166 2411 cum
2211 2372 2295 2424 ea,
2336 2360 2789 2413 vestimentorum
2826 2360 3021 2424 instar,
3064 2361 3132 2415 ab
3167 2361 3351 2415 adole-

1774 2446 1980 2506 scentia
2016 2465 2189 2520 usque
2219 2451 2285 2503 ad
2322 2451 2622 2521 perfectum
2659 2452 2899 2508 hominis
2932 2454 3350 2521 incrementum,

1773 2545 1955 2598 varias
1993 2550 2185 2598 aetates
2235 2543 2446 2597 induat.
2484 2543 2579 2599 Vel
2612 2548 2886 2615 quomodo
2921 2548 3206 2601 mutationi
3244 2563 3352 2602 non

1775 2645 1893 2690 erat
1934 2635 2208 2690 obnoxius
2250 2637 2342 2704 qui
2380 2638 2531 2705 prius
2568 2638 2620 2690 in
2666 2620 2810 2693 uinis
2836 2654 2864 2691 a
2898 2621 3350 2710 ntatre'gestaba-

1775 2732 1883 2790 tur,
1934 2733 1987 2778 et
2022 2724 2217 2779 deinde
2270 2725 2471 2790 infans,
2506 2742 2631 2779 mox
2681 2728 3001 2783 adolescens
3050 2732 3245 2797 evasit,
3279 2738 3356 2784 at-

1776 2833 1883 2886 que
1928 2818 2003 2869 ita
2052 2816 2314 2886 paulatim
2358 2833 2423 2871 eo
2473 2833 2648 2888 usque
2696 2821 3029 2875 maturitatis
3058 2833 3353 2891 provectus

1779 2906 1883 2960 fuit
1918 2917 1977 2960 ut
2014 2909 2079 2960 ad
2109 2908 2286 2963 virilis
2316 2909 2491 2964 anatis
2530 2917 2732 2964 statum
2788 2914 3138 2981 pervenerit?
3169 2915 3356 2984 itaque

1788 2995 1831 3049 si
1870 2996 1941 3048 ob
1968 2996 2385 3051 mutabilitatem
2416 3014 2569 3053 mens
2602 3000 2872 3070 rejicitur,
2924 3004 3111 3058 eadem
3140 3021 3358 3075 quoque

1782 3084 1849 3140 de
1885 3100 2049 3141 causa
2089 3103 2188 3141 nec
2225 3102 2356 3142 caro
2392 3088 2461 3142 ab
2500 3090 2622 3160 ipso
2652 3092 2869 3148 admitti
2915 3093 3073 3149 debet
3119 3097 3171 3150 in
3198 3096 3359 3151 Chri-

1784 3185 1904 3242 sto;
1953 3192 2126 3246 eoquc
2179 3186 2341 3247 pacto
2400 3179 2595 3234 falsum
2641 3196 2705 3235 ex
2756 3183 2877 3252 ejus
2930 3187 3199 3240 sententia
3234 3203 3359 3244 esse

67 3275 377 3345 κήρυγμα,
422 3274 516 3325 καὶ
548 3272 751 3343 ματαία
780 3274 813 3342 ἡ
846 3272 1046 3333 πίστις.
1074 3272 1135 3323 Εἰ
1163 3271 1219 3323 δὲ
1250 3271 1347 3324 οῦκ
1369 3272 1673 3323 ἀπιστεῖται

1783 3270 2183 3322 monstrabitur
2234 3284 2396 3325 omne
2445 3270 2819 3341 Erangelium,
2870 3274 3086 3329 inanem
3136 3294 3359 3348 quoque

63 3363 130 3415 τὸ
171 3364 233 3414 ἐν
269 3362 445 3431 σαρκὶ
485 3359 925 3431 πεφανερῶσθαι,
966 3360 1061 3413 καὶ
1086 3360 1258 3431 ταύτῃ
1299 3362 1530 3431 τρεπτῇ,
1556 3360 1677 3413 οὐδέ

65 3452 132 3505 τὸ
165 3450 289 3522 (5‘2)
327 3448 457 3502 νοῦν
487 3450 701 3512 πάντως
729 3448 813 3502 διὰ
844 3450 944 3519 τὴν
970 3447 1139 3518 αὐτὴν
1166 3448 1343 3502 αἰτίαν
1374 3448 1678 3519 ἀπόϐλητον

65 3543 187 3611 ἔχει
225 3540 393 3608 (55)·
428 3538 542 3591 ἀλλ’
588 3538 777 3606 ὥσπερ
810 3539 866 3590 ἐν
904 3538 1067 3606 σαρκὶ
1096 3537 1387 3608 γενόμενος
1414 3539 1515 3591 οὐκ
1553 3540 1678 3609 ἐμοι

64 3630 273 3702 λύνθη,
301 3628 485 3690 οὕτως
500 3628 620 3681 οὐδὲ
636 3628 726 3680 τὸν
749 3628 873 3680 νοῦν
903 3628 1366 3699 παραδεξάμενος,
1380 3631 1459 3693 εἰς
1477 3630 1681 3701 τροπὴν

63 3720 388 3792 ὴλλοιὼθη.
431 3718 599 3772 Πάλιν
648 3719 704 3771 δὲ
748 3718 838 3771 τὸν
878 3719 1038 3772 αὑτὸν
1081 3719 1427 3791 ὑπολήψομαι
1458 3722 1567 3791 (54)
1595 3722 1681 3774 λό-

64 3831 192 3882 γον,
241 3811 555 3881 ἐκθέμενος
592 3808 691 3880 τὴν
738 3809 897 3880 ῥῆσιν
942 3810 1107 3863 αὐτοῦ
1156 3812 1247 3863 ἐπὶ
1297 3812 1512 3878 λέξεως.
1563 3815 1683 3867 Οὐκ

64 3906 212 3974 ἄρα,
256 3903 428 3974 φησὶ,
460 3898 701 3962 σώζεται
736 3901 801 3954 τὸ
834 3902 1210 3970 ἀνθρώπινον
1244 3904 1416 3972 γένος
1440 3904 1514 3957 δι’
1542 3905 1685 3959 ἁνα-

64 3997 345 4065 λήψεως
368 3992 506 4055 νοῦ,
538 3992 636 4045 καί
668 3992 815 4046 ὅλου
840 3992 1154 4062 ἀνθρώπου
1170 4010 1184 4025 ⁸
1209 3995 1368 4049 ἀλλὰ
1390 3994 1487 4049 διὰ
1508 4010 1686 4063 προσ-

61 4087 340 4156 λήψεως
359 4083 606 4151 σαρκὸς,
627 4076 669 4154 ᾔ
694 4085 956 4152 φυσικὸν
972 4085 1090 4155 μὲν
1102 4085 1169 4139 τὸ
1194 4086 1682 4155 ἡγεμονεύεσθαι·

63 4176 276 4230 ἐδεῖτο
311 4173 391 4226 δὲ
433 4171 726 4240 ἀτρέπτου
767 4172 898 4238 νοῦ,
941 4173 1026 4243 μὴ
1055 4176 1501 4242 ὑποπίπτοντος
1532 4174 1686 4246 αὐτῇ

61 4268 175 4323 διὰ
223 4266 745 4334 ἐπιστημοσύνης
796 4266 1138 4331 ἀσθένειαν,
1179 4269 1338 4322 ἀλλὰ
1385 4271 1685 4338 συναρμό-

64 4361 299 4425 {ortae
335 4357 539 4423 αὐτὴν
583 4357 878 4425 ἀϐιάστως
914 4358 1123 4425 ἐαυτῷ.
1153 4362 1249 4425 Τίς
1286 4362 1385 4415 οὐκ
1412 4358 1572 4427 οἶδεν,
1604 4364 1687 4416 ὅτι

62 4454 130 4506 τὸ
172 4452 453 4521 δεόμενον
500 4451 591 4502 τοῦ
624 4450 906 4513 ἀνενδεοῦς
940 4451 1125 4522 ἕτερον
1166 4455 1232 4523 τῇ
1275 4455 1432 4522 φύσει
1471 4455 1687 4519 πάντως

64 4545 220 4607 ἐστὶ,
265 4544 374 4595 καὶ
397 4541 459 4592 τὸ
486 4542 726 4609 πεφυκὸς
749 4542 1198 4613 ἡγεμονεύεσθαι,
1224 4545 1316 4597 τοῦ
1348 4548 1405 4599 ἐν
1430 4548 1496 4617 τῇ
1529 4547 1687 4615 φύσει

62 4636 131 4688 τὸ
170 4634 394 4705 ἄρχειν
429 4629 681 4699 ἔχοντος;
725 4632 955 4701 Ὀμοίως
987 4631 1131 4685 κατά
1168 4632 1258 4685 τὸν
1291 4633 1446 4701 λόγον
1474 4637 1571 4704 τῆς
1596 4637 1685 4688 οὐ·

65 4729 204 4789 σίας
244 4721 648 4792 παρήλλακται
666 4722 740 4784 ὡς
759 4724 793 4791 ἡ
816 4722 923 4775 τῶν
943 4723 1152 4791 ἀλόγων
1178 4724 1336 4791 φύσις
1364 4726 1688 4798 ὑποχειρίως
1717 4742 1725 4750 ”

63 4820 230 4890 ἔχειν
282 4817 362 4886 τῇ
411 4812 518 4867 τῶν
549 4812 851 4888 ἀνθρώπων
890 4814 1323 4887 κατεσκευάσθη,
1364 4817 1459 4871 καὶ
1499 4820 1527 4871 6
1576 4819 1689 4890 (55)

62 4912 174 4967 ἀνθ
186 4923 397 4981 ρωπος
417 4905 516 4957 οὐκ
545 4905 834 4973 ἐπίκτητον
856 4904 956 4975 τὴν
978 4906 1119 4959 κατά
1137 4906 1248 4960 τῶν
1268 4908 1476 4975 ἀλόγων
1494 4910 1688 4982 ἀρχὴν,

62 5002 197 5057 ἀλλ’
234 4998 465 5053 οἰκείαν
515 4996 629 5068 ἔχει
668 4995 801 5067 (56).
838 4998 901 5049 Ei
940 4992 1034 5051 οὖν
1062 4998 1288 5066 φυσικὸν
1330 5002 1396 5073 τῇ
1442 5003 1603 5074 σαρκὶ
1632 5003 1692 5057 τὸ

153 5198 285 5271 (45)
319 5197 488 5271 (Ξοιτ.
520 5194 711 5271 οῦτως.

150 5264 285 5339 (44)
326 5266 499 5339 _(_30t_'r.
518 5264 779 5339 γίνεσθαι.
802 5334 824 5339 Δ
1172 5333 1179 5339 ,

154 5334 289 5408 (ἀεὶ)
321 5335 503 5408 Yerba
537 5335 649 5408 illa,
672 5336 770 5408 τὴν
794 5334 1014 5398 ἕνωσιν,
1043 5334 1188 5390 corr.
1222 5336 1343 5408 add.

153 5404 290 5486 (κιρ)
334 5404 938 5486 ροιιόοιλὴιιηοηιοοιιηι
971 5420 1146 5486 usque
1173 5405 1239 5459 ad
1264 5407 1691 5486 i|_|a‘ver_l}a,_ei¢

63 5470 977 5561 τρὸπθιί,ἠξίεξιάθβηνςξιὶυυεέευι
1001 5470 1443 5561 ιιιῐιιειιοηιὲεθίεν
1462 5470 1692 5561 Eme

68 5541 238 5608 niius
267 5541 621 5609 Zigabenus.
652 5557 771 5611 pag.
810 5541 933 5606 5‘27,
966 5558 1107 5599 vers.
1143 5542 1305 5596 Haud
1330 5546 1493 5601 decet.

154 5620 292 5661 (L7)
336 5613 499 5661 (ΞΟΠ-
532 5612 792 5661 πρότερον
822 5611 932 5661 μέν.

154 5620 292 5689 (47)
336 5616 499 5666 Corr.
532 5616 792 5682 πρότερον
821 5616 932 5680 μέν.

157 5691 298 5757 (.53)
318 5683 499 5757 ρων.
524 5682 837 5757 γενόμενος.

157 5747 293 5829 (ιθῑ
333 5751 496 5808 Corr.
523 5747 629 5816 ’ἕως
655 5747 754 5814 εἰς,
786 5758 837 5802 et
862 5764 1008 5816 mox,
1040 5747 1188 5821 ἦλθε.

1721 4594 1763 4647 D

1781 3359 2231 3428 praedicationem
2275 3370 2329 3415 et
2385 3376 2579 3415 vanam
2625 3362 2809 3417 ﬁdem.
2862 3364 3049 3435 itaque
3093 3369 3137 3422 si
3185 3371 3362 3423 credit

1781 3450 2065 3505 Christum
2114 3451 2168 3505 in
2217 3467 2390 3507 carne
2441 3468 2614 3523 eaque
2653 3456 2901 3510 mutabili
2950 3459 3357 3515 manifestatum

1784 3541 1975 3604 fuisse,
2009 3546 2126 3612 pari
2160 3560 2378 3613 quoque
2404 3546 2615 3600 ratione
2647 3557 2880 3603 mentem
2912 3548 2964 3602 in
3012 3551 3200 3605 eodem
3243 3567 3363 3605 om-

1782 3633 1916 3687 nino
1945 3633 2109 3688 debet
2149 3649 2487 3704 agnoscere:
2522 3636 2616 3691 sed
2646 3640 3104 3706 quemadmodum
3138 3658 3359 3697 carnem

1785 3739 2075 3779 assumens
2106 3726 2343 3794 pollutus
2387 3743 2492 3780 non
2526 3738 2644 3795 est,
2700 3730 2771 3782 ita
2818 3739 2869 3783 et
2912 3739 3144 3786 mentem
3186 3734 3365 3788 susci-

1797 3817 1974 3885 piens,
2016 3832 2123 3869 non
2155 3825 2239 3871 est
2271 3817 2324 3870 in
2370 3818 2536 3872 alium
2566 3836 2888 3876 conversus.
2928 3823 3142 3879 Rursus
3182 3834 3363 3881 autem

1787 3906 1891 3959 hac
1948 3906 2015 3960 de
2053 3922 2110 3960 re
2154 3921 2465 3962 sermonem
2518 3909 2833 3977 instituam,
2889 3913 2983 3967 sed
3041 3922 3200 3967 antea
3244 3916 3362 3984 ejus

1786 3996 2091 4053 orationem
2122 3998 2327 4052 eisdem
2358 3999 2539 4055 verbis
2567 4000 2820 4055 referam.
2853 4002 3158 4057 Humanum
3188 4007 3365 4077 itaque

1786 4106 1969 4159 genus,
2026 4090 2124 4154 ait,
2166 4106 2257 4160 per
2309 4095 2719 4161 assumptionem
2765 4097 2950 4150 mentis
3010 4108 3162 4168 atque
3202 4103 3363 4154 totius

1793 4180 2020 4237 hominis
2050 4200 2155 4237 non
2201 4184 2464 4248 solvatur,
2495 4186 2586 4238 sed
2623 4202 2714 4254 per
2752 4191 3131 4257 susceptionem
3161 4193 3360 4256 carnis,

1790 4273 1877 4325 cui
1907 4290 1938 4326 a
1971 4282 2166 4326 natura
2196 4274 2273 4327 ita
2302 4286 2667 4343 comparatum
2701 4286 2778 4331 est
2812 4287 2867 4328 ut
2895 4278 2957 4330 ab
2984 4279 3089 4333 alio
3117 4292 3364 4347 regatur;

1789 4378 1919 4430 opus
1963 4373 2139 4416 autem
2188 4365 2340 4417 carni
2384 4373 2498 4417 erat
2545 4366 2865 4417 immutabili
2911 4379 3080 4421 mente
3110 4385 3226 4438 qua:
3264 4370 3367 4436 ipsi

1788 4454 2136 4524 prwscientiw
2172 4454 2376 4523 defectu
2419 4473 2521 4509 non
2568 4457 2952 4526 obsequeretur,
3003 4462 3092 4513 sed
3128 4462 3366 4516 eamdem

1792 4548 1905 4602 sine
1931 4548 2042 4601 ulla
2082 4548 2353 4601 coactione
2385 4550 2487 4601 sibi
2520 4550 2622 4618 ipsi
2653 4559 2878 4616 aptaret.
2910 4548 3044 4617 Quis
3070 4552 3282 4620 ignorat
3315 4553 3371 4608 id

1793 4640 1938 4710 quod
1996 4641 2219 4695 alterius
2252 4656 2353 4711 ope
2398 4641 2637 4710 indigeat
2671 4641 2947 4697 diversum
2999 4660 3224 4713 prorsus
3268 4662 3369 4700 na-

1795 4741 1917 4786 tura
1952 4748 2073 4787 esse
2102 4733 2170 4786 ab
2202 4748 2267 4787 eo
2296 4732 2439 4804 quod
2475 4734 2620 4787 nulla
2652 4750 2711 4788 rc
2751 4752 2888 4805 opus
2924 4736 3175 4799 habet;et
3209 4739 3369 4808 cujus

1796 4830 1989 4884 natura
2035 4823 2108 4876 ita
2153 4832 2467 4893 comparata
2517 4835 2620 4889 est,
2679 4837 2736 4880 ut
2780 4828 2847 4880 ab
2899 4829 3070 4882 altero
3130 4839 3367 4899 regatur,

1797 4928 1920 4969 eum
1963 4930 2183 4985 quoque
2218 4915 2286 4969 ab
2336 4916 2429 4970 illo
2465 4932 2691 4985 prorsus
2739 4916 2957 4974 differre
2990 4919 3135 4990 quod
3177 4922 3243 4975 ad
3284 4939 3370 4977 rc—

1795 5005 2031 5077 gendum
2080 5015 2265 5061 natum
2301 5007 2410 5063 sit?
2439 5007 2615 5063 Simili
2658 5009 2820 5066 modo
2865 5026 2963 5081 pro
2994 5014 3245 5069 essentia:
3289 5013 3373 5068 dic

1866 5201 1978 5269 (50)
2005 5202 2161 5258 Corr.
2194 5205 2574 5264 ἁποϐἀλλεται.

2008 5273 2164 5350 ροτικ
2199 5276 2672 5350 ἀποδειχθήσεται.

1865 5342 1977 5409 (5‘2)
2008 5345 2163 5397 Corr.
2192 5346 2310 5399 οὐδὲ
2343 5342 2486 5412 vri-3;:

1997 5414 2149 5489 C_0rr.
2174 5416 2234 5489 το
2278 5418 2580 5489 ἀπόϐλητον
2605 5419 2734 5484 ἕξει.

2009 5483 2165 5557 Corr.
2200 5482 2641 5557 ἐπαναλήψομαι.

1863 5553 1974 5620 (55)
2000 5554 2169 5607 Artic.
2192 5556 2409 5608 additur
2433 5553 2604 5609 'tna'nu
2641 5558 2855 5611 diversa
2879 5560 3063 5613 veleri.

1862 5624 1973 5702 (ξφ)
1995 5622 2257 5677 Leontius
2286 5625 2617 5702 By_zat_ttin_u_s
2644 5629 2735 5680 lib.
2770 5645 2782 5681 l
2863 5642 3050 5702 contra
3084 5629 3373 5702 Ezttyrliem

1794 5703 1842 5769 et
1878 5693 2184 5769 Dioscorum
2231 5693 2372 5769 apud
2427 5695 2703 5769 Canisium
2742 5707 2888 5751 torno
2914 5701 2975 5751 IV
3016 5693 3367 5769 Antiquarum

1795 5763 2094 5824 lectionum,
2128 5778 2247 5834 pag.
2296 5764 2388 5832 28,
2436 5766 2578 5821 inter
2624 5768 2729 5822 alia
2776 5769 3090 5827 testimonia
3139 5763 3359 5828 Patrum
