4018 6124
620 284 755 340 ηιῑς

1868 277 1925 333 S.
1953 276 2277 335 GREGORII
2334 271 2623 332 NYSSENI

3751 277 3856 331 Ιξῒΰ

620 398 875 452 vensitatc
908 396 1216 450 institutum
1264 404 1347 452 est
1379 403 1437 451 ut
1486 395 1801 450 animalium
1848 396 2057 450 ratione
2100 410 2177 447 ca-

2292 394 2736 463 ἡγεμονεύεσθαι,
2773 393 2953 458 καθὼς
2984 411 3147 464 φησιν
3176 397 3205 448 ὸ
3240 390 3665 460 ’Δπολινὰριος,
3692 391 3857 459 ἡγεμο-

622 490 858 543 rentium
904 496 1101 542 natura
1138 489 1388 542 immana:
1428 488 1674 557 subjecta
1712 496 1879 551 esset,
1925 494 1979 541 et
2027 488 2187 540 homo

614 596 722 637 non
766 581 1126 636 adventitium
1159 580 1254 636 sed
1282 596 1395 635 suae
1432 581 1676 634 innatum
1710 588 1925 633 naturae
1950 581 2003 632 in
2025 578 2185 632 bruta

614 672 841 727 haberet
882 672 1192 741 imperium.
1242 671 1299 726 Si
1336 672 1505 743 igitur
1536 686 1598 725 ea
1636 671 1821 726 carnis
1873 678 2069 724 natura
2104 677 2188 724 est

613 768 674 813 ut
702 762 770 814 ab
805 761 913 815 aiio
948 771 1194 832 regatur,
1225 761 1686 832 quemadmodum
1719 761 1797 814 ait
1826 760 2182 831 Apollinaris,

613 852 830 904 camelis
878 866 1006 905 vero
1048 866 1284 921 praeesse
1328 859 1527 905 natura
1569 850 1828 905 convenit
1875 851 2007 915 Deo,
2045 865 2187 920 quo-

612 954 737 991 nam
772 947 951 1009 pacto,
992 941 1084 1008 qui
1128 940 1245 995 haec
1274 939 1551 1006 concedit;
1581 939 1691 994 duo
1733 940 1827 994 illa
1855 956 2021 994 unum
2053 940 2184 1010 quid

610 1039 807 1083 natura
840 1032 907 1084 ab
931 1031 1087 1084 initio
1116 1046 1239 1086 esse
1266 1031 1530 1095 decernit,
1572 1045 1697 1085 cum
1735 1030 2088 1085 manifestum
2114 1032 2186 1086 sit

609 1121 865 1175 omnibus
899 1122 1058 1174 aliam
1092 1121 1346 1190 subjecti,
1382 1130 1436 1175 et
1471 1120 1634 1173 aliam
1670 1120 1790 1189 ejus
1835 1120 1926 1190 qui
1964 1128 2180 1189 praeest,

608 1226 726 1261 esse
760 1211 1050 1274 rationem,
1088 1209 1235 1263 aliud
1284 1209 1372 1262 cui
1412 1216 1609 1262 natura
1650 1209 1793 1263 inest
1831 1216 1892 1262 ut
1922 1208 2178 1273 ducatur,

609 1306 662 1351 ct
691 1300 837 1352 aliud
870 1316 899 1354 c
935 1315 1200 1355 converso
1227 1299 1372 1369 quod
1394 1308 1581 1353 natum
1615 1307 1698 1355 est
1732 1299 1800 1352 ad
1830 1299 2184 1365 ducendum?

610 1390 664 1441 Si
706 1390 868 1458 igitur
901 1390 1189 1445 contrariae
1218 1390 1363 1444 inter
1406 1406 1464 1445 se
1495 1391 1856 1460 proprietates
1897 1390 1954 1444 in
1985 1390 2180 1444 horum

610 1480 895 1546 alterutro,
923 1496 1106 1546 carne,
1138 1481 1383 1549 inquam,
1412 1487 1467 1535 et
1500 1480 1787 1535 divinitate
1826 1481 2183 1550 conspiciun-

608 1575 718 1636 tur,
752 1571 1027 1639 quomodo
1057 1572 1176 1625 duae
1201 1571 1319 1625 ista:
1347 1579 1557 1626 naturae
1581 1580 1707 1627 sunt
1735 1572 1875 1626 una?
1898 1571 2182 1638 Quomodo

606 1660 775 1713 ctiam
844 1661 1081 1714 divinam
1141 1660 1437 1731 quamdam
1497 1669 1551 1716 et
1622 1664 1896 1718 caelestem
1959 1680 2178 1719 carnem

2295 485 2442 537 νικὸν
2470 486 2524 537 δὲ
2548 488 2612 557 τῇ
2650 483 3077 556 φύσειτὸθεῖον,
3108 486 3225 548 πῶς
3254 488 3281 537 ὁ
3302 482 3485 537 ταῦτα
3518 480 3725 543 διδοὺς,
3750 479 3853 545 ἒνὲξ

2293 579 2467 647 ἀρχῆς
2499 573 2637 633 εἶναι.
2670 577 2737 631 τὰ
2762 578 3044 650 ἀμφότερα
3069 582 3132 649 τῇ
3171 577 3326 645 φύσει
3361 573 3700 645 διορίζεται,
3727 574 3853 625 misr;

2292 668 2443 731 ὄντος
2481 668 2746 738 προδήλου
2782 668 2861 721 ὅτι
2882 667 3067 739 ἕτερος
3098 667 3192 721 τοῦ
3223 665 3580 735 ὑποχειρίου,
3617 665 3711 714 καὶ
3735 662 3855 721 ἄλλος

2293 752 2385 805 τοῦ
2417 754 2830 819 ἐπιστατοῦντος
2860 755 2889 808 ὁ
2911 755 3085 823 λόγος,
3117 756 3212 808 καὶ
3243 753 3371 807 ἄλλο
3399 753 3464 806 τὸ
3500 751 3752 819 πεφυκὸς

2292 843 2527 911 γεῖσθαι,
2566 845 2659 897 καὶ
2694 844 2879 915 ἕτερον
2925 845 3106 911 πάλιν,
3144 838 3189 913 ᾧ
3220 844 3381 913 φύσις
3417 844 3483 896 τδ
3530 843 3853 912 ἡγεμονεὲιν

2292 936 2476 1000 iactv;
2516 936 2578 988 Εἰ
2608 932 2702 989 οὖν
2738 937 2797 990 ὲν
2828 937 2939 1000 τοῖς
2974 937 3239 1001 ἐναντίοις
3264 936 3569 1005 ίδιώμασιν
3604 937 3640 1005 ἡ
3666 936 3855 1003 enim

2291 1027 2494 1080 τούτων
2528 1027 2810 1099 θεωρεῖται
2850 1028 3031 1098 φύσις,
3066 1032 3165 1099 τῆς
3212 1028 3416 1100 σαρκὸς
3459 1028 3621 1094 λέγω
3672 1028 3757 1078 καὶ
3782 1030 3855 1093 τῆς

2292 1117 2562 1187 θεότητος,
2588 1118 2705 1181 πῶς
2742 1118 2840 1189 μία
2870 1122 2925 1172 αἱ
2954 1118 3048 1172 δύο
3078 1119 3264 1188 φύσεις
3294 1119 3436 1183 elei;
3470 1120 3612 1181 Πῶς
3656 1119 3709 1169 δὲ
3737 1117 3855 1168 θείαν

2290 1207 2410 1260 τινὰ
2453 1209 2545 1261 καὶ
2590 1209 2844 1279 οὐρανίαν
2894 1210 3071 1278 σάρκα
3119 1209 3490 1277 περιπλάσσει
3551 1208 3639 1278 τῷ
3696 1208 3854 1273 Λόγιεη

2288 1301 2503 1353 Μᾶλλον
2525 1301 2579 1353 δὲ
2614 1301 2775 1354 αὐτὸν
2818 1304 3230 1372 προαποσαρκοῖ
3258 1301 3348 1353 τὸν
3376 1300 3589 1368 Λόγον,
3619 1299 3719 1350 οὐκ
3742 1300 3858 1347 οἰκο-

2288 1390 2527 1460 νομικῶς
2573 1391 2658 1441 ὲπ’
2695 1389 2936 1459 ἐσχάτων
2968 1389 3186 1461 ἡμερῶν
3234 1389 3332 1460 τὴν
3384 1388 3684 1458 ἡμετέραν
3729 1385 3857 1438 ὑπελ-

2290 1479 2447 1534 θόντα
2472 1480 2702 1551 μορφὴν,
2726 1480 2839 1533 ἀλλ’
2860 1481 2945 1533 ἀεὶ
2966 1479 3121 1532 τοῦτο
3139 1480 3286 1541 ὅντα,
3313 1480 3407 1532 καὶ
3434 1480 3530 1531 ἀεὶ
3551 1481 3613 1529 ἐν
3636 1477 3717 1547 τῷ
3740 1477 3858 1544 αὑτῷ

2286 1571 2624 1641 διαμένοντα.
2666 1571 2724 1623 'O
2750 1570 2858 1640 γὰρ
2891 1570 3080 1623 ἐπιδεᾶ
3102 1570 3270 1638 λέγων
3290 1566 3431 1622 εἶναι
3463 1568 3569 1621 τοῦ
3607 1568 3859 1637 ἀτρέπτον

2286 1662 2384 1734 τὴν
2412 1664 2606 1733 σάρκα,
2638 1663 2732 1715 καὶ
2760 1662 2851 1714 τοῦ
2882 1662 2994 1729 (57)
3023 1661 3435 1731 καθηγουμένου
3482 1658 3859 1731 πῳσδέεσθω.

605 1750 787 1805 Verbo
828 1754 1064 1822 allingit?
1104 1752 1214 1807 lmo
1250 1756 1454 1824 potius,
1506 1755 1686 1824 ipsum
1731 1754 1988 1821 Verbum,
2031 1765 2177 1813 ante-

2286 1753 2380 1823 τὴν
2402 1753 2672 1824 ἡμετέραν
2702 1751 2958 1823 ἄντικρυς
3000 1752 3145 1821 λέγει
3175 1753 3374 1824 σάρκα,
3411 1753 3513 1821 τὴν
3551 1751 3646 1803 διὰ
3671 1752 3736 1802 τὸ
3754 1767 3859 1820 τρε-

609 1860 772 1911 quam
842 1861 1029 1899 revera
1095 1846 1437 1899 incarnatum
1487 1845 1669 1910 fuerit,
1716 1862 1936 1901 carnem
1978 1846 2181 1902 factum

607 1935 779 1989 fuisse
811 1936 962 2003 dicit,
999 1952 1060 1990 ac
1088 1937 1132 1991 si
1167 1938 1221 1991 in
1268 1936 1582 1991 novissimis
1611 1937 1806 1993 diebus
1840 1954 1935 2008 per
1964 1940 2183 2009 dispen—

606 2025 874 2081 sationem
908 2025 1157 2080 indutum
1190 2043 1298 2081 non
1329 2028 1491 2082 fuerit
1518 2026 1746 2081 formam
1795 2036 2057 2093 nostram,
2086 2030 2180 2084 sed

606 2132 820 2185 Semper
851 2117 901 2169 id
932 2118 1203 2171 exstiterit
1238 2133 1562 2187 semperque
1596 2118 1649 2170 in
1681 2118 1871 2172 eodem
1916 2120 2008 2172 illo
2037 2126 2179 2174 statu

606 2209 987 2275 permanserit.
1019 2207 1121 2273 Qui
1156 2208 1300 2261 enim
1347 2209 1785 2263 immutabilitate
1826 2218 1989 2279 atque
2016 2215 2180 2266 etiam

606 2299 835 2353 ductore
881 2315 1018 2368 opus
1064 2300 1263 2353 habere
1295 2314 1513 2352 carnem
1557 2300 1653 2362 ait,
1700 2310 1941 2353 nostram
1989 2302 2180 2371 procul

604 2386 772 2441 dubio
806 2403 1024 2442 carnem
1072 2388 1315 2452 denotat,
1351 2405 1472 2459 quae
1504 2396 1725 2458 propter
1759 2398 1969 2445 natura:
2005 2402 2182 2445 muta-

602 2478 863 2533 bilitatcm
917 2481 968 2532 in
1004 2491 1287 2549 peccatum
1339 2480 1558 2534 labitur.
1596 2481 1651 2533 Si
1683 2495 1813 2534 vero
1862 2482 2085 2538 cmleste
2128 2491 2181 2538 et

603 2568 846 2622 divinum
884 2585 1107 2640 corpus,
1146 2572 1289 2625 sicut
1328 2571 1470 2626 idem
1513 2572 1608 2637 ait,
1650 2571 1705 2626 in
1736 2571 1918 2627 Verbo
1958 2575 2180 2646 conspi-

604 2658 785 2723 citur,
836 2662 1251 2715 mutabilitatem
1322 2663 1662 2731 rectorisque
1713 2662 2068 2731 indigentiam
2130 2666 2179 2719 ei

603 2749 851 2811 omnino,
911 2759 968 2803 ut
1010 2766 1353 2821 consequens
1388 2762 1492 2816 est,
1524 2768 1633 2806 non
1683 2754 1928 2807 ascribit.
1957 2753 2055 2809 llic
2090 2771 2180 2810 au-

602 2846 710 2891 tem
744 2855 852 2892 non
886 2850 1071 2895 noster
1106 2841 1198 2895 sed
1232 2842 1400 2895 divini
1435 2844 1546 2895 oris
1583 2858 1764 2897 sermo
1806 2851 1910 2908 est,
1947 2846 2039 2914 qui
2068 2862 2176 2901 non

601 2944 739 2997 opus
799 2946 920 2985 esse
970 2932 1136 2985 dicit’
1178 2933 1485 2989 valentibus
1533 2934 1829 2999 medicum,
1886 2936 1980 2990 sed
2032 2938 2175 2991 male

597 3016 949 3073 habentibus.
996 3020 1053 3072 In
1088 3021 1228 3074 c0310
1261 3020 1406 3074 enim
1457 3029 1613 3075 ortus
1656 3038 1723 3075 ex
1772 3033 1995 3092 pecvato
2037 3040 2178 3079 mor-

599 3108 704 3161 bus
742 3122 850 3161 non
886 3110 1189 3178 reperitur,
1226 3110 1321 3165 sed
1352 3128 1452 3165 nos
1486 3111 1705 3181 quidem
1747 3113 1822 3166 illi
1866 3129 2057 3170 sumus
2085 3118 2178 3186 qui

601 3206 949 3267 peccaturum
995 3203 1185 3256 morbo
1222 3203 1555 3267 laboramus,
1601 3204 1694 3273 qui
1721 3219 1786 3258 ex
1830 3206 2050 3260 malitiae
2086 3206 2182 3261 ad-

600 3290 865 3345 missionc
898 3303 1260 3361 aegrotamus;
1288 3310 1387 3349 nos
1410 3310 1475 3349 eo
1503 3295 1648 3364 quod
1674 3296 1726 3348 in
1757 3297 1958 3350 malum
1987 3298 2182 3352 mutati

601 3396 816 3447 sumus,
869 3383 1311 3439 immutabilitate
1358 3386 1713 3457 indiguimus,
1755 3388 1847 3457 qui
1890 3397 2180 3459 postquam

599 3473 739 3525 avia
782 3474 1010 3527 salutari
1058 3476 1463 3539 aberravimus,
1510 3476 1741 3530 ductore
1771 3478 1864 3546 qui
1917 3478 1983 3533 ad
2022 3478 2179 3533 boni-

606 3572 776 3615 tatem
823 3565 925 3617 iter
965 3564 1300 3629 ostenderet,
1354 3580 1494 3635 opus
1545 3565 1882 3622 habuimus:
1917 3567 1992 3622 ita
2031 3578 2090 3623 ut
2130 3571 2177 3627 si

597 3669 787 3707 revera
837 3655 951 3708 haec
994 3656 1287 3712 Dominicaz
1336 3657 1490 3712 carni
1537 3674 1637 3713 suo
1685 3660 2001 3716 testimonio
2038 3662 2177 3718 scri-

599 3751 724 3811 ptor
756 3745 860 3798 iste
893 3746 1107 3810 tribuit,
1152 3747 1325 3817 ipsam
1371 3765 1565 3820 nempe
1613 3758 1667 3804 et
1713 3766 1811 3806 sua
1853 3762 2050 3807 natura
2095 3755 2177 3809 sic

597 3843 965 3903 comparatam
1000 3852 1124 3892 esse
1156 3847 1213 3892 ut
1246 3851 1491 3911 regatur,
1518 3848 1572 3896 et
1606 3842 1747 3897 duce
1776 3846 2172 3901 mutationibus

598 3938 944 3994 nequaquam
988 3928 1225 3983 obnoxio
1260 3945 1441 4001 egere,
1484 3932 1560 3986 nil
1596 3934 1744 3988 aliud
1780 3951 1943 4004 quam
1997 3945 2168 3992 terre-

599 4028 724 4067 nam
765 4022 1009 4068 nostram
1060 4033 1296 4072 massam
1338 4035 1441 4075 suo
1479 4037 1733 4078 sermone
1761 4024 2032 4095 designat.

2286 1845 2417 1897 πτὸν
2453 1845 2546 1914 τῆς
2575 1844 2786 1913 φύσεως
2810 1848 2889 1907 εἰς
2917 1844 3186 1915 ἁμαρτίαν
3210 1843 3507 1896 πεσοῦσαν.
3534 1844 3600 1894 Εἰ
3622 1842 3685 1893 δὲ
3714 1843 3861 1911 ὑπερ-

2284 1936 2533 2007 ουράνιόν
2570 1954 2621 1989 τι
2666 1937 2759 1989 καὶ
2788 1936 2931 1988 θεῖον
2960 1935 3138 2006 σῶμα,
3174 1934 3354 1998 καθώς
3386 1951 3548 2003 φησι,
3587 1934 3860 2003 θεωρεῖται

2286 2028 2414 2098 περὶ
2445 2028 2535 2080 τὸν
2560 2027 2886 2094 Λόγον,οὐδὲ
2906 2028 2966 2079 τὸ
2984 2026 3210 2098 τρεπτὺν
3231 2026 3376 2096 αὐτῷ
3402 2026 3626 2088 πάντως
3648 2026 3791 2077 κατὰ
3812 2025 3858 2075 τὸ

2285 2118 2577 2172 ἀκόλουθον
2608 2119 2842 2180 δίδωσιν,
2892 2117 3015 2171 οὔτε
3050 2118 3109 2170 τὸ
3138 2117 3345 2180 ἐπιδεὲς
3381 2117 3476 2169 τοῦ
3510 2117 3855 2179 εὐθύνοντος·

2285 2212 2378 2263 καὶ
2406 2204 2558 2274 οὗτος
2588 2210 2686 2279 οὐχ
2716 2209 3006 2280 ἡμέτερος,
3039 2208 3173 2261 ἀλλὰ
3198 2209 3294 2278 τῆς
3326 2208 3474 2270 Θείας
3504 2209 3698 2275 φωνῆς
3730 2210 3858 2259 ἐστιν

2282 2310 2311 2362 ὁ
2343 2307 2632 2374 λόγος(58)
2670 2308 2697 2359 ὁ
2740 2305 2929 2372 εἰπὼν,
2978 2304 3051 2376 μὴ
3095 2303 3299 2357 δεῖσθαι
3346 2305 3473 2366 τοὺς
3518 2303 3858 2370 ὑγιαίνοντας

2288 2396 2493 2466 ἰατροῦ,
2522 2394 2656 2449 ἀλλὰ
2672 2396 2797 2457 τοὺς
2824 2394 3009 2457 κακῶς
3032 2394 3269 2463 ἔχοντας.
3304 2394 3390 2445 Ἐν
3417 2394 3524 2462 γὰρ
3549 2391 3626 2462 τῷ
3649 2391 3859 2461 οὐρανῷ

2282 2489 2314 2558 ἡ
2350 2486 2409 2551 ἐξ
2450 2486 2721 2557 ἁμαρτίας
2754 2486 2906 2547 νόσος
2942 2485 3041 2537 οὐκ
3074 2484 3241 2546 ἐστιν,
3271 2483 3384 2536 ἀλλ’
3415 2484 3578 2552 ἡμεῖς
3619 2482 3725 2551 μὲν
3761 2481 3859 2547 (59)

2282 2578 2330 2630 οἱ
2361 2577 2459 2648 τὴν
2508 2577 2779 2647 ἁμαρτίαν
2812 2577 3158 2646 νοσήσαντες,
3189 2575 3237 2627 ot
3282 2574 3373 2628 διὰ
3408 2575 3506 2643 τῆς
3534 2572 3631 2625 τοῦ
3688 2573 3858 2626 κακθῦ

2285 2667 2595 2737 παραδοχῆς
2642 2666 3072 2737 ἀσθενήσαντες·
3118 2666 3280 2735 ἡμεῖς
3332 2663 3420 2717 διὰ
3469 2662 3527 2715 τὸ
3581 2664 3861 2733 τραπῆναι

2282 2758 2418 2828 πρὸς
2450 2759 2511 2811 τὸ
2550 2758 2720 2812 κακὸν
2758 2756 2850 2811 τοῦ
2884 2757 3153 2828 ἁτρέπτου
3198 2754 3628 2827 προσδεὴΘημεν,
3663 2759 3717 2807 οἱ
3767 2755 3861 2823 τῆς

2284 2847 2562 2918 σωζούσης
2612 2847 3081 2917 ἀποπλανηθέντες
3126 2846 3265 2910 ὁδοῦ,
3306 2845 3397 2898 τοῦ
3444 2844 3864 2913 καθηγουμένου

2281 2941 2419 3011 πρὸς
2442 2941 2502 2994 τὸ
2539 2940 2743 3008 ἀγαθὸν
2780 2942 2836 2993 ὲν
2869 2940 3028 3010 χρείᾳ
3060 2939 3361 3007 γεγόναμεν
3381 2953 3396 2968 ο
3420 2935 3562 2989 ὥστε
3595 2937 3644 2988 εί
3683 2936 3863 3007 ἀληθῆ

2279 3033 2453 3086 ταῦτα
2495 3035 2562 3103 τῇ
2609 3032 2737 3103 περὶ
2781 3032 2872 3084 τὸν
2918 3030 3122 3101 Κύριον
3175 3027 3335 3100 σαρκὶ¹
3380 3032 3808 3099 προσμαρτυρεί
3837 3030 3865 3080 ό

2281 3124 2638 3196 λογογράςος,
2687 3124 2903 3193 ὅτιθκαὶ
2961 3122 3201 3190 πέφυκεν
3251 3120 3702 3191 ἡγεμονεύεσθαι,
3770 3122 3865 3174 καὶ

2280 3213 2551 3284 ἀτρέπτου
2577 3213 2671 3266 τοῦ
2710 3212 3123 3283 καθηγουμένου
3150 3212 3360 3283 χρῄζει,
3389 3211 3536 3263 οὐδὲν
3576 3212 3791 3279 ἕτερον,
3828 3212 3860 3280 ἡ

2277 3303 2340 3357 τὸ
2386 3302 2651 3374 ἡμέτερον
2686 3304 2962 3373 σύγκριμα
2994 3302 3334 3373 διερμηνεύει
3376 3302 3451 3371 τῷ
3496 3302 3661 3370 λόγῳ.
3706 3302 3775 3355 Εί
3806 3304 3861 3355 δὲ

2278 3394 2337 3449 ὲν
2368 3397 2436 3465 τῇ
2468 3395 2628 3465 σαρκὶ
2665 3395 2905 3464 ὁρίζεται
2938 3394 3035 3463 τὴν
3078 3393 3328 3463 θεότητα,
3368 3393 3427 3444 τὸ
3458 3393 3513 3445 δὲ
3542 3396 3724 3457 θεῖον,
3755 3394 3861 3456 ἕως

2277 3485 2343 3539 ἂν
2444 3485 2551 3555 (60)
2580 3486 2757 3551 τοῦτο,
2781 3486 2809 3537 ὃ
2836 3484 3072 3552 λέγεται,
3103 3484 3260 3537 ἄλλου
3282 3483 3373 3536 τοῦ
3404 3480 3726 3551 ὀδηγοῦντος
3760 3485 3858 3536 οἰκ

2275 3576 2565 3639 ἐπιδέεται,
2601 3578 2719 3630 οὐδὲ
2764 3576 2873 3646 γὰρ
2921 3576 3229 3646 ἐπιδέχεται
3260 3574 3357 3645 τὴν
3387 3572 3524 3644 πρὸς
3568 3571 3632 3623 τὸ
3670 3576 3853 3643 χεῖρον

2272 3665 2477 3737 τροπὴν
2516 3667 2610 3720 καὶ
2634 3667 2916 3719 ἀλλοίωσιν
2944 3681 2957 3693 ·
2986 3667 3161 3736 μάτην
3191 3660 3284 3718 οὖν
3311 3664 3422 3733 (61)
3450 3660 3597 3731 αὐτῷ
3633 3663 3705 3715 τὰ
3728 3664 3851 3731 περὶ

2271 3757 2370 3827 τῆς
2398 3757 2597 3827 σαρκὸς
2619 3755 2713 3809 νῦν
2733 3756 2997 3828 εἰρημένα
3017 3753 3446 3827 διερραψῲδηται
3470 3752 3585 3823 (62)
3609 3769 3624 3782 ·
3656 3751 3770 3822 (65)
3802 3754 3855 3803 εί

2272 3845 2384 3917 γὰρ
2432 3845 2551 3899 θεία
2578 3863 2664 3909 τις
2701 3844 2860 3916 αὕτη,
2894 3844 3050 3915 δῆλον
3090 3844 3171 3898 ὅτι
3222 3846 3316 3898 καὶ
3360 3844 3665 3914 ἄτρεπτος.
3708 3844 3760 3895 εί
3797 3842 3850 3894 δὲ

2272 3940 2507 4013 τρεπτὴ,
2540 3940 2755 4005 πάντως
2779 3942 2839 3994 οὐ
2871 3939 3009 3994 θεία.

2109 4023 2207 4081 Sin
2278 4045 2409 4084 vero
2460 4046 2624 4086 carne
2682 4031 3019 4086 divinitatem
3078 4029 3530 4094 circumscribit,
3585 4027 3845 4081 divinitas

598 4113 801 4170 autem,
859 4122 1144 4177 quousque
1176 4109 1229 4163 id
1262 4111 1331 4165 sit
1359 4111 1506 4181 quod
1537 4127 1660 4168 esse
1700 4113 1921 4180 dicitur,
1982 4117 2111 4183 alio,
2143 4119 2238 4188 qui
2276 4135 2395 4175 eam
2423 4121 2587 4176 ducat
2620 4138 2681 4177 ac
2726 4132 2899 4193 regat,
2933 4138 3040 4177 non
3088 4122 3313 4192 indiget,
3350 4136 3475 4174 cum
3529 4120 3847 4173 conversio-

598 4206 725 4249 nem
769 4204 822 4251 et
864 4199 1219 4255 mutationem
1292 4204 1347 4257 in
1393 4204 1549 4274 pejus
1593 4220 1703 4259 non
1754 4206 2006 4262 admittat
2040 4237 2054 4272 ;
2097 4229 2229 4286 ergo
2284 4213 2561 4270 incassum
2605 4214 2841 4285 scriptor
2886 4215 2991 4269 iste
3025 4229 3146 4284 quae
3194 4213 3353 4268 modo
3387 4212 3459 4267 de
3491 4226 3661 4266 carne
3700 4210 3847 4265 dicta

596 4295 745 4353 sunt,
776 4290 1214 4359 consarcinavit;
1248 4310 1372 4349 nam
1404 4296 1446 4351 si
1476 4296 1659 4352 divina
1682 4298 1800 4355 haec
1822 4300 2006 4371 aliqua
2034 4315 2168 4357 caro
2206 4303 2330 4368 fuit,
2358 4321 2420 4361 ea
2457 4309 2647 4378 utique
2684 4315 2737 4363 et
2764 4306 3159 4373 immutabilis;
3189 4306 3276 4361 sin
3343 4320 3471 4361 vero
3537 4303 3855 4368 mutabilis,

595 4374 777 4429 divina
807 4378 1030 4433 omnino
1059 4397 1169 4435 non
1200 4380 1322 4438 fuit.

663 4579 687 4609 ’
726 4577 915 4633 Matth.
950 4597 1046 4645 vn,
1094 4580 1185 4634 12.

595 4800 681 4873 De_
700 4800 905 4853 duabus
937 4802 992 4855 in
1037 4800 1249 4873 Christo
1288 4802 1495 4873 naturis
1540 4802 1684 4856 hunc
1715 4801 1945 4873 Nysseni
1984 4802 2160 4873 locum
2195 4806 2239 4860 D

594 4867 761 4940 refert
796 4887 967 4940 usque
992 4873 1058 4925 ad
1089 4872 1177 4926 illa
1195 4873 1381 4933 verba,
1420 4871 1544 4925 οὔτε
1570 4873 1630 4925 τὸ
1680 4867 1889 4937 ὲπίδεὲς
1936 4872 2029 4925 τοῦ
2068 4874 2160 4925 εὑ-

596 4937 899 5012 θυνοῧντοςζ
938 4940 1082 5012 Idem
1116 4957 1351 5012 quoque,
1391 4950 1448 4995 ut
1476 4943 1705 5005 videtur,
1735 4950 1927 4996 auctor
1973 4943 2026 4995 in
2078 4943 2159 4995 al-

595 5015 746 5080 tero‘
773 5008 930 5075 longe
984 5008 1177 5064 fusiori
1224 5008 1389 5080 opere
1438 5012 1699 5067 adversus
1725 5014 1944 5067 eosdem
1974 5026 2161 5065 mono-

595 5076 836 5151 pbysitas
870 5079 1047 5151 adhuc
1076 5081 1219 5151 ined.
1250 5076 1394 5151 quod
1424 5096 1546 5134 cum
1596 5083 1715 5137 aliis
1764 5092 1970 5150 septem
2013 5081 2161 5151 ejus-

594 5146 717 5201 dem
777 5147 929 5200 libris
972 5157 1145 5201 exstat
1192 5146 1398 5205 in'ms.
1431 5152 1616 5206 codice
1658 5146 1994 5205 bibliothecae
2033 5150 2154 5204 Vat.

596 5218 1249 5291 breveargumentun‘rex
1277 5219 1379 5291 hoc
1400 5221 1515 5291 ipso
1547 5220 1771 5291 Nysseni
1804 5224 1920 5274 loco
1941 5222 2156 5291 repetit,

596 5289 664 5341 ab
694 5287 800 5340 illis
834 5303 1023 5357 nempe
1064 5288 1262 5349 verbis,
1288 5288 1349 5340 Εί
1380 5288 1472 5343 οὖν
1503 5292 1559 5341 ὲν
1594 5287 1704 5353 τοῖς
1735 5287 2025 5353 ἐναντίοις,
2051 5301 2155 5347 etc.

600 5372 777 5424 usque
804 5358 870 5412 ad
899 5358 1009 5421 illa,
1054 5358 1169 5421 πῶς
1200 5359 1298 5429 μία
1331 5360 1386 5412 αἱ
1409 5359 1501 5412 δύο
1528 5360 1715 5427 φύσεις
1755 5361 1879 5413 εἰσί.

666 5448 777 5520 (57)
812 5448 865 5501 In
896 5448 1016 5503 Vat.
1046 5450 1168 5503 cod.
1198 5458 1300 5513 est,
1334 5450 1426 5503 τοῦ
1460 5451 1539 5511 δέ,
1570 5451 1663 5504 sed
1689 5466 1854 5520 supra
1918 5460 2026 5506 art.
2073 5453 2164 5507 lit-

596 5517 731 5570 teris
756 5533 785 5569 a
820 5534 963 5573 corr.
991 5531 1045 5572 et
1070 5522 1237 5575 totius
1266 5522 1428 5576 etiam
1465 5520 1587 5576 cod.
1629 5517 1948 5575 charactere
1980 5523 2163 5577 diver-

532 5614 535 5619 ι
597 5586 699 5662 sis_.
722 5586 815 5639 sed
852 5589 1112 5662 antiquis,
1132 5600 1185 5645 et
1214 5599 1521 5645 atramento
1556 5591 1716 5661 pictis
1744 5593 2029 5658 scribitur,
2063 5594 2157 5646 καὶ

594 5658 711 5714 τοῦ,
744 5669 908 5717 quam
939 5658 1225 5713 lectionem
1259 5662 1429 5716 secuti
1455 5658 1666 5717 sumus.

2339 4806 2450 4877 (58)
2475 4807 2736 4873 Verbum,
2784 4810 2813 4862 ὁ
2851 4796 3027 4878 λόγος,
3064 4810 3311 4867 additum
3348 4824 3433 4870 est
3455 4815 3651 4872 eadem
3683 4834 3845 4874 manu

2266 4875 2703 4949 diversaiveteri,
2728 4885 2788 4932 ut
2820 4881 2874 4933 in
2904 4875 3227 4949 pracedenti
3253 4885 3475 4940 emend.

2335 4947 2451 5028 (ἓν).
2484 4948 2547 5028 ιξι
2571 4948 2666 5028 hic
2685 4949 2875 5028 eadem
2905 4947 3072 5005 manu
3109 4954 3406 5023 corrigitur
3442 4957 3607 5025 ἡμεῖς
3647 4961 3843 5028 ἐσμεν.

2345 5017 2457 5095 (90.)
2499 5019 2623 5095 ljaec
2646 5018 2815 5095 lectio
2845 5033 2876 5073 a
2902 5034 3047 5075 corr.
3087 5030 3208 5090 est;
3244 5017 3372 5077 tiam
3415 5017 3759 5095 antea—eral,
3792 5032 3850 5081 τδ

2263 5086 2319 5139 δὲ
2357 5088 2488 5142 Θεὸν
2518 5088 2622 5150 ἕως
2642 5088 2707 5140 ἂν

2338 5178 2448 5243 (61)
2481 5178 2617 5233 Adv.
2644 5177 2736 5234 οὖν
2763 5179 3053 5235 delendum
3084 5196 3206 5237 esse
3222 5197 3369 5237 corr.
3408 5186 3667 5242 advertit.

2339 5248 2451 5325 (6?)
2494 5248 2551 5325 l_n
2579 5252 2703 5325 cod:
2738 5251 2857 5304 Vat.
2893 5251 3175 5325 scribitur,
3206 5252 3655 5325 διερρατώδηται,
3701 5261 3851 5313 nullo

2272 5314 2417 5387 quod
2447 5319 2641 5391 sciam,
2667 5314 2855 5381 s'ensu,
2883 5321 3126 5391 nihilque
3158 5314 3412 5378 monente
3430 5314 3539 5379 vet:
3567 5314 3717 5383 corr.
3749 5346 3851 5385 nos

2272 5389 2671 5464 emendandum
2702 5389 3051 5464 censuimus,
3070 5392 3523 5464 διερραψῴδηται.

2345 5458 2682 5533 (β’ὀξι-Ιειιιιη⁸
2710 5458 3165 5533 Nyssenilocuni
3189 5458 3372 5533 jusque
3397 5458 3479 5518 'ad
3528 5467 3623 5520 illa
3668 5469 3839 5523 verba

2271 5528 2821 5609 ﬁéOSE‘EXEXOpéVniI_,_
2839 5531 3022 5609 lauda}
3046 5528 3405 5609 _Eutbymius
3454 5535 3512 5591 in
3572 5536 3845 5609 Panoph’a

2273 5614 2394 5669 pag.
2415 5598 2557 5665 526,
2576 5598 2720 5658 vers.
2742 5598 2821 5657 'Si
2845 5617 2948 5669 qua
2976 5600 3100 5670 fuit.
