3934 6146
61 302 187 359 1217

1191 287 1570 343 ADVERSUS
1608 280 2116 340 APOLLlNABEM.

3148 270 3285 331 1218

124 418 207 483 Τίς
235 417 292 472 ἂν
317 412 527 483 οὖνλϐι)
561 413 812 478 διεξέλθοι
846 413 934 465 τὸν
972 409 1378 479 συγκεχυμένον
1410 405 1604 460 τοῦτον

1780 399 1918 454 XLI.
1958 399 2095 466 Quis
2148 408 2388 465 unquam
2443 407 2702 448 enarrare
2755 391 2950 463 poterit
3001 390 3288 446 confusam

55 510 144 564 καὶ
181 509 463 563 ἀσύστατον
491 506 599 558 τῶν
642 504 926 575 δογμάτων
979 501 1182 572 μῦθον,
1220 499 1485 570 μηδέποτε
1511 495 1605 548 ἐπὶ

47 601 140 656 τοῦ
163 600 310 653 αὐτοῦ
338 598 605 669 βαίνοντα,
637 596 770 649 ἀλλὰ
801 595 940 649 κατὰ
959 594 1058 656 τὰς
1086 591 1370 652 ἐνυπνίους
1401 604 1605 657 φαντα-

50 693 184 756 σίας,
204 691 316 744 ἄλλο
344 707 401 743 τε
441 689 567 743 ἄλλο
599 688 950 758 φαινόμενον;
975 683 1089 738 Νῦν
1141 683 1239 754 μὲν
1283 699 1414 752 φησι
1457 681 1606 734 θείαν

46 779 179 836 εἶναι
212 782 300 852 τὴν
327 781 503 851 σάρκα
529 779 622 831 τοῦ
645 779 818 846 Λόγου
852 778 945 830 καὶ
977 775 1264 838 συναῖδιον,
1295 773 1454 826 πάλιν
1486 771 1606 822 ἐπί-

43 892 226 946 κτητςν
261 873 349 925 καὶ
384 870 881 943 προσειλημμένην,
905 864 1022 921 εἶτα
1051 865 1343 937 ἀλλοτρίως
1366 864 1441 926 ὡς
1472 863 1607 933 πρὸς

41 968 136 1036 τὴν
172 965 435 1036 ἡμετέραν
469 965 698 1034 ἔχουσαν
735 962 916 1030 φύσιν,
957 959 1054 1031 τὴν
1085 957 1330 1029 παθητὴν
1357 956 1469 1027 (65)
1511 958 1606 1010 καὶ

42 1059 313 1129 ἐπίκηρον·
346 1055 527 1119 πάλιν,
554 1055 740 1106 ἐπιδεᾶ
757 1053 850 1106 τοῦ
885 1051 1221 1113 εὐθύνοντος,
1244 1049 1335 1102 κα.)⁹
1365 1047 1442 1117 τῷ
1464 1047 1607 1100 κατὰ

39 1151 242 1219 τροπήν
266 1165 322 1200 τε
355 1147 449 1199 καὶ
493 1145 774 1199 ἀλλοίωσιν
818 1144 977 1198 πάθει
1009 1141 1366 1212 ὲνεχομένην,
1392 1140 1486 1192 καὶ
1519 1139 1605 1192 διὰ

37 1239 188 1293 τοῦτο
209 1240 370 1307 αὐτὴν
391 1239 551 1291 ἄνουν
581 1239 741 1300 ποιεῖ,
761 1237 842 1288 ἵνα
863 1235 1117 1306 ἱατρευθῇ
1143 1235 1207 1303 τῇ
1235 1232 1466 1300 θεότητι,
1491 1229 1604 1301 (66)

37 1330 220 1400 ὥοπερ
265 1329 516 1400 ἐμπόδιον
566 1327 864 1398 ἡγούμενος
909 1327 1001 1378 τὸν
1033 1324 1159 1378 νοῦν
1187 1325 1287 1394 τῆς
1320 1323 1470 1386 θείας
1517 1323 1610 1376 ἐπ’

32 1421 326 1492 ἁκθρώπων
369 1418 724 1488 κηδεμονίας,
758 1417 851 1468 καὶ
881 1415 1341 1486 προσφιλέστερον
1378 1412 1456 1483 τῷ
1488 1411 1607 1482 Θεῷ

31 1510 98 1563 τὸ
141 1510 372 1578 ἀνόητον.
405 1506 611 1560 Οὐκοῦν
660 1505 1120 1576 μακαριστότερον
1165 1506 1331 1558 οἴεται
1376 1504 1438 1556 τὸ
1485 1502 1610 1556 νοῦν

35 1601 113 1673 μὴ
144 1600 297 1670 ἔχειν,
329 1599 486 1668 εἴπερ
514 1596 1009 1668 προσλαμϐάνεται,
1029 1595 1210 1658 καθώς
1234 1611 1396 1664 φησιν
1427 1586 1605 1659 οὗτος,

33 1694 184 1761 παρὰ
219 1689 348 1742 Θεοῦ
403 1688 466 1741 τὸ
517 1688 759 1758 ἀνόητον.
798 1687 863 1739 Τί
914 1682 1007 1739 οὖν
1056 1686 1117 1738 ού
1162 1683 1468 1756 διορθοῦται
1517 1684 1608 1737 τὸν

1712 495 1854 548 hanc
1899 491 2233 558 minimeque
2288 485 2390 542 sibi
2449 491 2797 540 constantem
2846 483 3161 553 dogmatum
3204 481 3290 537 fa-

1713 585 1894 641 bulam
1939 598 2060 653 quae
2107 580 2350 650 unuique
2388 585 2566 641 nutat,
2627 585 2701 636 et,
2751 575 2817 628 ad
2875 573 3050 629 instar
3097 574 3290 644 imagi-

1712 693 1845 731 num
1913 689 2034 746 qua:
2087 675 2140 727 in
2197 672 2409 728 somnis
2483 668 2920 737 conspiciuntur,
2983 681 3128 719 nunc
3187 665 3289 718 hoc

1713 783 1862 822 nunc
1909 767 2005 820 illo
2047 765 2209 820 modo
2245 762 2507 834 apparet?
2560 760 2839 830 Siquidem
2889 773 3035 811 nunc
3069 771 3290 811 carnem

1712 860 1877 915 Verbi
1942 858 2183 913 divinam
2239 864 2296 911 et
2349 855 2452 925 ipsi
2514 863 2838 908 coaeteruam
2887 866 3012 905 esse
3073 850 3289 909 asserit,

1713 965 1861 1005 nunc
1897 949 2190 1004 ascititiam
2220 957 2273 1003 et
2317 946 2536 1000 aliunde
2578 951 2938 1012 assumptam,
2984 957 3131 994 nunc
3172 942 3290 994 vel--

1714 1043 1792 1096 uti
1853 1041 2126 1095 diversam
2179 1053 2209 1092 a
2275 1047 2472 1092 natura
2518 1045 2705 1090 nostra
2767 1051 2888 1104 quae
2943 1033 3292 1102 passionihus

1715 1115 1981 1201 subjacet,
2018 1129 2274 1199 ﬂuxaque
2310 1137 2362 1184 et
2393 1128 2603 1198 fragilis
2633 1137 2744 1194 est;
2779 1141 2924 1179 nunc
2968 1134 3178 1179 rectore
3209 1126 3294 1177 in-

1713 1225 2017 1294 digentem,
2087 1235 2236 1276 nunc
2300 1219 2620 1272 mutationis
2682 1225 2734 1272 et
2792 1217 3113 1270 variationis
3161 1217 3293 1268 vitio

1714 1316 2028 1378 obnoxiam,
2084 1328 2148 1367 ac
2191 1321 2479 1384 propterea
2527 1311 2701 1380 ipsam
2742 1316 2924 1366 mente
2973 1307 3289 1364 destitutam

1717 1401 1871 1472 ﬁngit
1933 1410 1994 1457 ut
2051 1417 2148 1472 per
2200 1402 2543 1456 divinitatem
2602 1397 2730 1452 huic
2783 1397 2926 1450 malo
2988 1397 3289 1460 medeatur,

1713 1503 1868 1550 ratus
1920 1497 2212 1549 humanam
2263 1502 2501 1548 mentem
2533 1491 2981 1560 impedimentum
3016 1489 3286 1560 quodam-

1714 1587 1878 1641 modo
1920 1586 2035 1641 fore
2081 1585 2280 1640 divina:
2325 1600 2452 1654 erga
2503 1582 2754 1637 homines
2802 1582 3180 1651 providentia,
3236 1591 3290 1635 et

1714 1679 1926 1749 gratius
1987 1678 2041 1732 id
2096 1676 2206 1731 Deo
2260 1691 2384 1731 esse
2439 1675 2583 1744 quod
2631 1680 2813 1727 mente
2878 1680 3081 1727 careat.
3151 1671 3294 1742 Ergo

30 1783 366 1853 Σολομῶντα.
414 1782 471 1843 ὃς
523 1795 708 1850 φησιν,
753 1779 802 1830 Ὁ
847 1776 905 1830 δὲ
961 1775 1202 1845 νοήμων
1247 1774 1609 1843 κυϐέρνησιν

1719 1772 1926 1826 beatius
1948 1785 2068 1825 esse
2101 1775 2256 1839 putat
2291 1776 2473 1822 mente
2499 1766 2745 1829 destitui,
2797 1764 2841 1818 si
2875 1780 2903 1818 a
2936 1763 3066 1829 Deo,
3103 1779 3295 1833 quem-

29 1873 308 1939 κτήσεται
335 1889 353 1937 ;
385 1871 516 1937 Οὐδὲ
554 1871 662 1940 γὰρ
687 1869 851 1938 ἄλλην
881 1864 1035 1936 οἶμαι
1055 1867 1152 1937 τὴν
1176 1866 1500 1936 κυϐέρνησιν
1525 1866 1612 1919 ὲν-

26 1965 204 2018 ταῦθα
229 1963 378 2034 παρὰ
401 1963 493 2016 τοῦ
528 1959 898 2031 παροιμιακοῦ
920 1959 1235 2028 αἰνίγματος
1261 1957 1532 2025 λέγεσθαι,
1561 1957 1610 2009 εἰ

34 2056 116 2128 μὴ
135 2055 226 2126 τὴν
256 2054 527 2125 ἡμετέραν
552 2052 732 2120 φύσιν,
770 2052 866 2122 τὴν
904 2051 960 2103 ἐν
995 2050 1162 2120 κακίᾳ
1199 2048 1607 2118 χειμασθεῖσαν,

27 2149 130 2203 καὶ
157 2149 558 2217 ναυαγήσασαν,
588 2148 653 2216 τῇ
693 2145 981 2213 ἐπιστασίᾳ
1004 2143 1096 2196 τοῦ
1126 2141 1377 2213 ἀληθινοῦ
1410 2140 1610 2212 κυϐερ-

29 2238 196 2307 νήτου
235 2237 368 2306 πρὸς
398 2235 488 2289 τὸν
521 2235 714 2305 λιμένα
745 2233 838 2287 τοῦ
869 2233 1014 2286 θείου
1055 2233 1359 2304 θελήματος
1395 2232 1612 2287 εύθυνο-

36 2327 224 2399 μένην.
246 2327 306 2378 El
331 2323 422 2378 οὖν
453 2327 510 2378 ὲν
539 2327 602 2395 τῇ
627 2324 780 2395 άνοίᾳ
809 2323 1132 2395 ὁᾶνθρωπος
1162 2323 1414 2388 σώζεται,
1443 2325 1557 2387 πῶς
1584 2325 1624 2376 ὁ.

33 2421 249 2490 νοήμων
295 2417 619 2486 κυὸἑρνησιν
651 2418 942 2487 κτήσεταις
969 2415 1084 2467 Τίνι
1113 2415 1155 2467 δ’
1182 2414 1248 2468 ἂν
1291 2416 1611 2485 οἰκειότερον

30 2511 94 2563 ἐν
120 2508 271 2577 φύσει
298 2507 408 2578 (67)
438 2506 521 2577 εἴη
557 2509 618 2562 τὸ
633 2507 822 2568 Θεῖον;
855 2505 998 2575 Πρὸς
1026 2504 1077 2556 τί
1105 2505 1302 2574 μᾶλλον
1341 2505 1614 2577 καταλλή-

28 2600 144 2663 λως
184 2598 320 2668 ἔχειν
366 2597 462 2668 τὴν
507 2596 654 2650 θείαν
693 2593 852 2663 φύσιν
879 2597 907 2647 ὁ
948 2595 1205 2665 λογισμὸς
1246 2596 1556 2649 ὑποτίθεται
1593 2613 1608 2662 ;

30 2690 247 2764 Πᾳχεῖὰ
271 2706 352 2752 τις
374 2689 466 2741 καὶ
494 2687 784 2755 ἀντιτυπής
811 2686 956 2738 ἐστιν
985 2687 1018 2756 ὴ
1051 2685 1204 2756 σὰρξ,
1234 2687 1326 2738 καὶ
1351 2686 1487 2757 πρὸς
1512 2686 1611 2757 τὴν

31 2781 214 2852 γεώδη
263 2780 422 2849 φύσιν
471 2776 744 2845 συγγενῶς
775 2776 884 2845 ἔχει
909 2793 923 2807 ·
951 2777 1136 2846 νοερὸν
1166 2777 1222 2830 δέ
1259 2796 1311 2830 τι
1345 2778 1440 2831 καὶ
1468 2779 1610 2847 ἀφα-

31 2876 124 2938 νὲς
156 2874 268 2944 (68)
317 2873 411 2926 καὶ
459 2869 858 2939 ἀσχημάτιστον
887 2869 920 2936 ἡ
957 2866 1184 2919 διάνοια.
1219 2868 1285 2919 Τί
1314 2867 1378 2920 ἂν
1417 2868 1614 2937 μᾶλλον

29 2966 361 3035 οἰκειότερον
391 2961 638 3032 εὑρεθείη
668 2961 730 3011 ἐκ
748 2957 952 3010 τούτων
981 2957 1117 3026 πρὸς
1148 2956 1209 3009 τὸ
1237 2958 1614 3029 συναρμοσθῆ-

28 3073 123 3108 ναι
141 3056 348 3130 Θεῷ,τὸ
369 3052 515 3122 παχὺ
537 3051 630 3103 καὶ
650 3048 875 3116 γεῶδες,
908 3047 940 3118 ἢ
973 3047 1032 3099 τὸ
1073 3047 1275 3116 άναιρές
1323 3067 1384 3104 τε
1410 3050 1504 3102 καὶ
1529 3050 1607 3101 ἀ-

33 3169 142 3223 σχη
152 3150 410 3222 μάτιστον
430 3139 689 3212 ;(69)Θῶς
707 3139 762 3191 δὲ
812 3137 1204 3209 συναρμόζεται
1225 3139 1301 3208 τῷ
1325 3137 1442 3209 Θεῴ
1455 3137 1521 3192 σὰ
1531 3138 1611 3209 ρξ,

26 3231 109 3295 ὥς
139 3249 327 3301 φησιν,
349 3230 690 3299 ἀϐιάστως,ή
719 3228 1204 3298 μεταλαμϐάνουσα
1238 3229 1340 3298 τῆς
1368 3228 1614 3299 καθαρᾶς

27 3327 272 3396 ἀρετῆς;
306 3324 398 3386 Τίς
432 3321 538 3392 γὰρ
578 3323 676 3375 οὐκ
718 3318 856 3374 οἶδεν
908 3323 989 3374 ὅτι
1023 3321 1188 3392 ἁρετὴ
1243 3321 1614 3392 προαιρέσεώς

27 3419 152 3470 ἐστι
177 3415 504 3487 κατόρθωμα
527 3431 540 3478 ;
579 3414 638 3466 Ἥ
663 3415 716 3466 δὲ
749 3414 884 3484 σὰρξ
909 3413 1134 3483 ὄργανόν
1161 3415 1274 3466 ἐστι
1301 3413 1399 3482 τῆς
1422 3408 1606 3484 προαι-

34 3508 266 3580 ρέσεως,
299 3510 364 3576 τῇ
397 3509 538 3577 ὁρμῇ
577 3505 674 3574 τῆς
703 3504 938 3566 διανοίας
976 3505 1290 3574 ἐγκείμενον
1321 3503 1452 3573 (70),
1478 3504 1616 3575 πρὸς

25 3601 172 3669 ὅπερ
198 3597 265 3652 ἂν
287 3600 314 3650 ὁ
341 3597 502 3650 κινῶν
545 3595 673 3665 ἄγῃ.
719 3595 854 3666 πρὸς
886 3594 1042 3646 τοῦτο
1075 3593 1507 3664 μετατιθέμενον.
1550 3594 1615 3646 Ἠ

22 3691 88 3746 δὲ
124 3689 450 3761 προαίρεσις
479 3687 626 3739 οὐδὲν
675 3687 856 3756 ἕτερον
897 3686 946 3738 εἰ
980 3684 1053 3755 μὴ
1086 3685 1206 3748 νοῦς
1238 3685 1320 3749 τίς
1350 3687 1486 3752 ἐστι,
1522 3686 1616 3739 κα)⁴

24 3782 172 3853 πρός
219 3799 271 3834 τι
310 3781 564 3842 διάθεσις.
601 3780 663 3834 Εἰ
706 3775 798 3832 οὖν
836 3778 1269 3850 μεταλαμϐάνειν
1307 3781 1467 3850 φήσει
1504 3780 1614 3850 (7i)

21 3874 122 3926 τὸν
155 3873 446 3941 ἄνθρωπον
494 3870 738 3940 καθαρᾶς
775 3870 996 3944 ἀρετῆς,
1032 3870 1088 3922 ἐν
1113 3862 1157 3936 ᾧ
1182 3869 1306 3932 νοῦς
1339 3870 1437 3922 οὐκ
1480 3869 1614 3935 ἔστι,

19 3964 86 4018 τὸ
112 3964 219 4032 τὴν
248 3963 452 4032 ἀρετὴν
490 3961 747 4024 ἑκουσίως
788 3959 1177 4031 ὑποδεχόμενον
1207 3959 1257 4012 τί
1297 3959 1361 4013 ἂν
1405 3961 1518 4032 εἴης
1555 3962 1616 4014 El

23 4055 107 4125 μὴ
141 4053 256 4123 ἄρα
289 4053 350 4105 τὸ
394 4051 746 4121 βεϐιασμένον
778 4049 1028 4105 ἁϐίαστον
1057 4052 1084 4103 ὁ
1111 4050 1446 4121 λογογράφος
1487 4054 1613 4106 νοεῖ.

22 4145 156 4200 ”Οτ’
183 4145 250 4198 ἂν
271 4145 381 4215 γὰρ
414 4143 486 4214 μὴ
515 4143 606 4195 τοῦ
643 4142 731 4196 νοῦ
759 4140 1137 4213 συντιθεμένου
1160 4144 1226 4214 τῇ
1252 4141 1618 4214 προτιμοτέρᾳ

17 4239 202 4310 ῥοπῇ,
247 4235 354 4299 ἔξω
381 4235 488 4288 τῶν
528 4235 666 4288 κατὰ
719 4234 916 4288 κακίαν
944 4235 1331 4305 ἐνεργημάτων
1360 4233 1420 4286 τὸ
1462 4232 1620 4304 σῶμα

13 4330 289 4398 γένηται,
325 4327 567 4397 ἀνάγκης
621 4325 778 4397 ἔργον
837 4325 897 4378 οὐ
931 4325 1304 4397 προαιρέσεως
1358 4324 1510 4378 ἔσται
1558 4327 1620 4377 τὸ

13 4416 505 4488 κατορθούμενον·
538 4417 566 4468 ὁ
606 4415 662 4468 δὲ
689 4415 774 4467 διὰ
827 4413 925 4483 τῆς
969 4413 1077 4466 τῶν
1105 4413 1377 4485 λογισμῶν
1408 4413 1621 4485 ἐπικρίο
1657 4454 1697 4507 D

13 4524 175 4570 σεως
215 4507 331 4575 (72)
352 4507 412 4559 τὸ
444 4505 647 4572 ἀγαθὸν
675 4503 1124 4576 προαιρούμενος,
1148 4505 1409 4575 κρείττων
1443 4506 1620 4576 πάσης

13 4601 291 4668 ἀνάγκης
345 4598 440 4650 καὶ
495 4597 613 4668 βίας
648 4598 813 4663 ἐστὶν,
845 4595 1055 4649 οἴκοθεν
1095 4594 1233 4665 ἔχων
1272 4595 1370 4666 τὴν
1403 4595 1538 4664 πρὸς
1560 4596 1621 4649 τὸ

13 4692 290 4763 κρεῖττον
321 4689 518 4759 ῥοπήν.
545 4688 667 4751 Πῶς
690 4683 781 4740 οὖν
807 4687 886 4758 τῷ
928 4685 1275 4760 άπροαιρέτῳ
1305 4687 1332 4738 ὁ
1360 4685 1620 4757 λογογρά-

13 4799 126 4850 ago;
162 4779 512 4851 μαρτύρεται
540 4777 649 4848 (75)
678 4777 738 4830 τὸ
773 4777 1050 4840 άὸίαστον,
1076 4771 1134 4830 οὗ
1157 4775 1343 4846 μηδεὶς
1364 4773 1620 4845 λογισμὸς

13 4874 161 4936 ἴδιος
221 4871 366 4941 πρὸς
419 4869 480 4923 τὸ
530 4869 692 4923 καλὸν
727 4870 1115 4940 καθηγήσατο;
1152 4869 1224 4922 Τὸ
1267 4867 1373 4939 γὰρ
1425 4867 1501 4937 μὴ
1557 4868 1620 4920 ἐκ

96 5017 145 5048 ³ο
177 5014 352 5070 Prov.
380 5030 416 5079 ι,
443 5015 497 5070 5.

90 5173 220 5244 (64)
257 5170 338 5225 Ita
367 5186 514 5226 corr.
539 5188 558 5244 _;
593 5168 732 5244 male
756 5175 936 5233 antea,
967 5167 1048 5230 τίς
1067 5167 1133 5221 ἂν
1154 5165 1235 5218 οὑ.

89 5240 220 5314 (
259 5245 418 5314 ροιζτ.
451 5240 779 5314 παθητικῄν.

88 5305 221 5385 (66)
263 5312 340 5385 Et.
362 5312 478 5385 haec
510 5305 650 5385 idem
684 5305 1007 5385 Euthymius
1043 5307 1206 5385 paulo
1236 5305 1394 5361 aliter
1431 5305 1624 5385 recitat

14 5375 372 5454 [ιεὴιιέᾏειᾱη
394 5382 486 5454 illa
539 5379 704 5435 verba
733 5375 843 5431 τὸν
860 5377 982 5431 νοῦν
1137 5376 1300 5446 ἔχειν,
1344 5390 1466 5446 pag.
1496 5375 1622 5437 528,

13 5452 178 5509 vers.
217 5452 286 5508 Si
317 5452 531 5504 divine.

89 5524 218 5592 (67)
254 5522 418 5576 Corr.
450 5523 503 5572 iu
538 5533 710 5589 marg.
731 5517 921 5573 scribit
954 5513 1138 5586 ὲμφύη
1160 5517 1227 5579 si,
1267 5513 1442 5580 nullo,
1478 5515 1621 5584 quod

13 5610 232 5656 seram,
273 5606 466 5646 sensu.

89 5649 230 5732 (68)
289 5661 348 5715 In
400 5668 556 5732 textu
579 5655 703 5712 Vat.
750 5655 885 5732 cod.
932 5662 1014 5732 est
1060 5649 1458 5732 ἀφανέςϐοηο.
1491 5655 1624 5732 ἀνα·-

13 5724 225 5808 ρανές,
271 5729 623 5797 emendavit;
672 5727 767 5785 sed
808 5725 1094 5797 legendum
1143 5724 1355 5781 videtur
1402 5725 1624 5794 ἀναφὲς,

1712 1861 2005 1916 admodum
2043 1860 2148 1914 iste
2173 1860 2271 1921 ait,
2307 1857 2454 1928 quod
2491 1858 2610 1912 sine
2639 1864 2816 1911 mente
2839 1863 2944 1918 est,
2969 1857 3289 1911 assumitur.

1712 1953 1913 2021 Quidni
1952 1953 2119 2024 igitur
2162 1953 2513 2006 Salomonem
2569 1947 2850 2018 redarguit
2889 1947 3144 2011 aientem,
3193 1945 3289 2000 Iu-

1715 2046 1948 2116 telligens
1974 2043 2329 2114 gubernacula
2369 2040 2656 2110 possidebit
2683 2040 2762 2092 ὀἳ
2789 2037 2974 2107 Neque
3003 2040 3147 2094 enim
3183 2040 3292 2093 alia

1712 2139 1951 2192 arbitror
1984 2133 2354 2206 gubernacula
2397 2132 2488 2186 hic
2532 2131 2857 2201 proverbiali
2900 2132 3187 2200 aenigmate
3218 2133 3295 2185 si-

1710 2227 1979 2300 gniﬁcari,
2021 2233 2219 2297 praeter
2260 2239 2423 2295 quam
2484 2230 2739 2276 naturam
2796 2234 3039 2278 nostram
3087 2224 3291 2293 peccati

1714 2328 2040 2392 tempestate
2082 2320 2342 2389 jactatam
2385 2316 2842 2385 naufragiumque
2891 2332 3131 2386 passam,
3173 2321 3328 2386 (μηθ’

1712 2412 1829 2467 veri
1883 2410 2268 2482 gubernatoris
2317 2407 2664 2478 inspectione
2718 2414 2882 2476 atque
2931 2423 3060 2462 cura
3099 2407 3166 2461 ad
3201 2423 3295 2462 vo-

1712 2503 1942 2558 luntatis
2008 2503 2207 2557 divinae
2263 2508 2487 2572 portum
2549 2489 2821 2572 dirigitur.
2875 2500 2934 2554 Si
2979 2502 3145 2571 igitur
3197 2517 3293 2570 per

1712 2596 1915 2650 mentis
1950 2594 2258 2649 carentiam
2307 2592 2766 2657 homo~salvatur,
2804 2603 3082 2661 quomoao
3129 2592 3295 2646 intel-

1713 2683 1888 2753 ligens
1946 2681 2322 2753 gubernacula
2390 2681 2753 2750 possidebit?
2816 2681 3044 2735 Cuinam
3106 2685 3292 2753 aptius

1713 2773 1974 2828 divinitas
2041 2785 2236 2827 natura
2289 2772 2634 2826 conveniet?
2681 2772 2912 2827 Cuinam
2985 2776 3157 2844 magis
3213 2777 3293 2831 rei

1714 2865 1956 2918 divinam
1994 2872 2248 2918 naturam
2286 2879 2590 2933 congruere
2619 2865 2758 2920 ratio
2789 2868 3067 2937 suggerit?
3095 2868 3294 2924 Crassa

1717 2953 1966 3024 quaedam
2026 2969 2115 3009 res
2177 2961 2342 3024 atque
2393 2957 2567 3010 solida
2607 2963 2692 3011 est
2736 2971 2886 3024 caro,
2934 2965 2989 3013 et
3023 2973 3146 3012 cum
3180 2968 3293 3014 ter-

1717 3060 1849 3100 rena
1907 3053 2102 3098 natura
2153 3047 2534 3116 cognationem
2588 3048 2783 3115 habet;
2845 3057 2900 3103 at
2945 3065 3076 3106 vero
3137 3067 3291 3106 mens

1722 3151 1811 3192 res
1867 3144 1954 3192 est
2001 3138 2244 3193 materia)
2290 3153 2510 3208 expers,
2564 3155 2666 3194 nec
2712 3149 2913 3195 tactum
2955 3142 3292 3212 ﬁguramque

1723 3231 1888 3286 ullam
1913 3231 2171 3288 admittit.
2207 3232 2410 3286 llarum
2442 3242 2565 3286 utra
2600 3234 2666 3287 ad
2697 3235 3139 3303 conjunctionem
3166 3253 3292 3292 cum

1721 3321 1834 3376 Deo
1869 3323 2180 3377 habendam
2229 3325 2408 3393 aptior
2463 3324 3074 3387 invenietur,crassane
3122 3336 3295 3382 terre-

1719 3427 1898 3483 naque
1930 3427 2083 3476 caro,
2126 3429 2195 3466 an
2227 3429 2382 3468 mens
2417 3430 2537 3484 qua:
2569 3431 2669 3469 nec
2697 3422 2902 3469 tactum
2933 3432 3034 3472 nec
3065 3417 3293 3489 figuram

1721 3503 1995 3557 admittit?
2035 3502 2324 3568 Quomodo
2362 3505 2524 3558 etiam
2560 3506 2677 3560 sine
2709 3506 2820 3560 ulla
2858 3507 2968 3572 sui,
3004 3514 3061 3560 ut
3091 3509 3292 3578 inquit,

1721 3597 2002 3650 coactione
2062 3610 2193 3650 caro
2244 3595 2354 3652 Deo
2419 3605 2656 3668 aptatur,
2707 3614 2828 3668 quae
2877 3615 3026 3668 pura:
3077 3602 3298 3657 virtutis

1723 3687 1998 3757 particeps
2057 3686 2331 3741 edicitur?
2385 3688 2520 3753 Quis
2573 3690 2718 3744 enim
2772 3691 2986 3761 ignorat
3036 3692 3295 3748 virtutem

1724 3785 1935 3832 rectum
1984 3792 2108 3833 esse
2175 3778 2430 3848 eligentis
2489 3781 2789 3837 voluntatis
2844 3781 3104 3836 factum?
3166 3800 3296 3839 caro

1723 3877 1905 3924 autem
1945 3878 2032 3925 est
2075 3869 2326 3939 eligentis
2369 3871 2667 3926 voluntatis
2701 3872 3144 3938 instrumentum,
3179 3891 3298 3929 mo-

1725 3961 1862 4014 tioni
1914 3959 2114 4015 mentis
2161 3961 2455 4026 inharrens,
2517 3972 2571 4017 et
2624 3963 2693 4017 iis
2744 3964 3000 4021 omnibus
3051 3967 3117 4020 ad
3173 3983 3296 4036 qua:

1724 4066 1950 4106 movens
2010 4052 2121 4122 agit
2170 4053 2576 4109 obsecundans.
2619 4053 2812 4110 Libere
2860 4063 3038 4112 autem
3090 4057 3297 4128 eligens

1724 4143 1978 4198 voluntas
2018 4143 2093 4197 nil
2133 4143 2281 4198 aliud
2313 4158 2473 4214 quam
2511 4160 2664 4201 mens
2710 4140 2956 4214 quaedam
3004 4159 3107 4212 est,
3139 4157 3194 4203 et
3227 4150 3296 4203 ad

1726 4233 1935 4304 aliquid
1981 4235 2256 4304 agendum
2315 4235 2549 4291 aﬂ‘eetio.
2601 4236 2658 4290 Si
2711 4240 2876 4307 igitur
2907 4240 3203 4303 hominem,
3240 4243 3295 4294 in

1726 4339 1836 4394 quo
1867 4339 2022 4378 mens
2073 4339 2180 4378 non
2220 4334 2324 4389 est,
2361 4341 2511 4394 pura:
2551 4328 2769 4382 virtutis
2816 4329 3134 4398 participem
3177 4329 3296 4384 ﬁeri

1726 4414 1890 4478 dicet,
1937 4412 2196 4483 quidnam
2223 4415 2328 4468 erit
2355 4415 2504 4485 quod
2543 4417 2799 4472 virtutem
2829 4418 3000 4474 libere
3023 4419 3297 4476 admittit?

1725 4504 1840 4561 Nisi
1883 4505 2023 4561 forte
2055 4505 2202 4575 quod
2249 4507 2302 4560 vi
2360 4509 2592 4578 cogitur,
2629 4523 2728 4578 pro
2777 4525 2842 4565 eo
2887 4511 3033 4581 quod
3089 4512 3295 4566 nullam

1727 4599 1838 4652 vim
1858 4597 2084 4667 patitur,
2108 4594 2346 4667 scriptor
2370 4597 2646 4668 intelligit.
2673 4599 2903 4666 Quando
2923 4603 3066 4658 enim
3097 4617 3299 4674 corpus

1727 4690 1865 4745 citra
1894 4689 2061 4743 ullam
2087 4687 2288 4743 mentis
2315 4688 2381 4742 ad
2410 4689 2638 4745 meliora
2680 4694 3102 4764 propensionem
3135 4704 3300 4766 atque

1727 4794 2012 4836 assensum
2067 4778 2316 4834 honestis
2361 4777 2419 4833 in
2471 4779 2686 4837 actibus
2725 4794 3009 4850 versatur,
3075 4799 3188 4841 non
3230 4802 3299 4842 ex

1728 4871 1902 4927 libera
1949 4869 2252 4935 voluntate,
2310 4868 2407 4926 sed
2437 4884 2505 4927 ex
2560 4875 2908 4945 necessitate,
2961 4885 3112 4934 recte
3155 4876 3298 4934 facta

1730 5175 1790 5224 ut
1811 5169 1974 5240 paulo
2013 5179 2138 5239 post
2175 5169 2354 5240 habet.

1799 5238 1909 5312 (69)
1942 5238 2110 5296 Breve
2135 5240 2237 5295 hoc
2257 5239 2487 5312 Nysseni
2513 5238 2728 5312 dictum
2744 5256 2916 5310 usque
2934 5240 2999 5295 ad
3019 5240 3106 5312 illa
3133 5239 3298 5312 verba

1727 5310 1931 5382 ςξναφές
1967 5327 2030 5382 τε
2075 5312 2170 5366 καὶ
2226 5309 2666 5382 ἀσγημάτιστον,
2715 5309 2969 5382 laudatur
3002 5309 3071 5364 ab
3106 5309 3296 5363 eodem

1727 5378 2036 5450 Eutliymjo,
2071 5396 2192 5450 pag.
2229 5378 2531 5445 528,"vcrs.
2567 5379 2701 5450 Utra
2735 5381 2918 5449 magis.

1795 5448 1908 5518 (76)
1942 5448 2103 5507 Forte
2124 5448 2409 5521 legendum
2435 5449 2772 5519 ἐκκείμενον.

1800 5519 1913 5588 (Ἡ)
1940 5520 2098 5575 Corr.
2128 5528 2252 5588 φῄς.

1985 5535 2098 5575 οη.
2128 5535 2252 5576 φής.

1829 5525 1913 5588 71)
1940 5525 2098 5575 Corr.
2128 5528 2252 5598 φῄς.

1829 5589 1915 5659 72)
1951 5589 2107 5644 Corr.
2141 5590 2498 5660 ὑποκρίσεως.

1826 5661 1912 5730 75)
1950 5661 2106 5716 Corr.
2147 5662 2525 5732 μαρτυρεῖται.
