4018 6124
588 244 726 305 ιειθ

1903 232 1961 286 S.
1993 226 2319 284 GREGORII
2356 223 2641 280 NYSSENI

3717 212 3854 266 tua

589 363 939 438 provenient;
964 360 1058 430 qui
1076 356 1425 414 verobonum
1453 360 1650 410 exacto
1686 353 1919 408 rationis
1954 351 2164 422 judicio

2285 347 2641 420 προαιρέσεως
2663 343 3067 414 ἀναμάρτητον,
3100 337 3220 391 οὐδε
3253 332 3540 389 ἐπαινετόν
3568 333 3694 386 ἐστι
3726 332 3858 385 παν-

587 455 758 526 eligit,
791 465 1118 524 quacunque
1151 451 1204 504 vi
1222 459 1383 518 atque
1415 446 1745 502 necessitate
1785 446 2038 516 superior
2060 453 2166 511 est,

588 554 773 616 utpote
805 544 898 614 qui
934 559 1002 598 ex
1054 543 1348 610 semetipso
1376 540 1444 595 ad
1483 540 1712 594 meliora
1743 537 2166 608 propensionem

591 640 804 692 habeat.
834 635 1079 702 Quonam
1103 633 1269 704 igitur
1289 639 1446 702 pacto
1471 631 1704 701 scriptor
1722 640 1911 684 noster
1933 643 2056 682 eum
2076 626 2168 697 qui

592 727 710 781 sine
733 724 1001 779 electione
1019 737 1081 777 ae
1100 722 1381 791 proposito
1399 729 1678 790 operatur,
1698 719 1948 773 libertate
1969 717 2172 786 pollere

592 829 850 881 testatur,
890 835 1051 888 quem
1074 817 1219 871 nulla
1252 815 1486 885 pr0priae
1508 811 1709 866 mentis
1733 811 1876 863 actio
1908 808 1973 861 ad
2004 807 2173 862 bene-

596 914 902 968 faciendum
926 909 1176 964 induxit?
1193 907 1348 974 Quod
1361 907 1504 961 enim
1523 905 1650 975 quis
1666 918 1776 957 non
1792 899 2173 956 liberamentis

593 1007 859 1062 electione
897 1002 1102 1073 peccati
1128 1000 1200 1054 sit
1222 1012 1437 1067 expers,
1468 995 1674 1050 nullam
1703 1007 1928 1063 prorsus
1958 988 2173 1044 laudem

597 1105 878 1162 meretur;
918 1093 1161 1163 alioquin
1186 1106 1283 1146 eos
1312 1091 1496 1150 etiam,
1532 1087 1626 1156 qui
1653 1085 1907 1149 vinculis,
1936 1097 2005 1137 ne
2035 1082 2174 1136 male

596 1195 780 1258 agant,
815 1185 1206 1254 impediuntur,
1234 1179 1604 1240 laudabimus,
1633 1190 1772 1245 quos
1801 1174 1990 1244 utique
2010 1188 2038 1226 a
2058 1187 2174 1225 ma-

596 1280 664 1333 lis
694 1277 906 1332 actibus
933 1290 1042 1329 non
1071 1273 1322 1329 voluntas
1351 1277 1517 1334 arcet,
1549 1267 1644 1322 sed
1693 1266 1908 1320 vincula
1958 1283 1972 1320 :
2015 1265 2175 1334 Atqui

597 1383 830 1429 carnem,
853 1365 950 1428 ait,
982 1365 1097 1418 sine
1121 1361 1233 1415 ulla
1259 1359 1491 1429 ejusdem
1518 1358 1786 1411 coactione
1806 1356 2054 1410 divinitas
2075 1353 2176 1408 sibi

601 1458 846 1520 asciscit;
873 1469 1065 1523 nempe
1086 1468 1193 1507 non
1214 1458 1484 1514 coactum,
1506 1447 1653 1519 quod
1671 1447 2042 1501 voluntarium
2073 1453 2174 1511 est,

600 1556 779 1600 vocat.
812 1545 1054 1610 Quonam
1088 1545 1270 1613 itaque
1308 1552 1465 1612 pacto
1493 1540 1586 1610 qui
1637 1538 1858 1608 propria
1892 1538 2178 1591 voluntate

603 1645 773 1699 caret,
795 1635 1050 1688 virtutem
1072 1648 1171 1688 sua
1184 1639 1378 1702 sponte
1397 1627 1678 1698 capesset?
1693 1627 1829 1680 Nam
1851 1625 2175 1686 deliberare.

603 1734 656 1780 et
686 1725 842 1788 velle,
871 1725 1026 1778 utilia
1071 1724 1290 1792 eligere,
1330 1730 1384 1776 et
1409 1721 1573 1774 noxia
1610 1720 1806 1782 vitare,
1841 1718 1955 1772 haec
1992 1716 2176 1771 omnia

604 1816 955 1886 cogitationis
1004 1815 1253 1869 actiones
1316 1821 1474 1877 sunt;
1533 1812 1773 1881 cogitare
1821 1821 2024 1872 autem,
2080 1808 2174 1879 qui

605 1917 795 1963 carent
843 1917 1043 1972 mente,
1100 1921 1208 1960 non
1260 1913 1510 1975 possunt.
1561 1903 1618 1958 Si
1661 1904 1845 1973 itaque
1876 1917 2006 1956 caro
2057 1901 2179 1956 sine

606 2001 715 2055 ulla
767 2000 853 2056 sui
891 1999 1178 2054 coactione
1209 2005 1429 2066 aptatur
1460 1995 1592 2061 Deo,
1624 1997 1728 2049 hac
1777 1995 1965 2063 utique
1995 2007 2173 2047 asser-

607 2090 756 2143 tione
796 2089 1029 2156 scriptor
1062 2095 1296 2142 testatur
1347 2099 1568 2139 carnem
1621 2084 1858 2153 eligendi
1908 2087 2178 2152 potestate

607 2196 717 2234 non
756 2180 1001 2242 destitui,
1063 2193 1163 2233 nec
1217 2187 1418 2232 temere
1459 2185 1512 2231 et
1574 2176 1977 2231 inconsiderate
2033 2171 2178 2243 quod

609 2269 712 2324 sibi
770 2268 1116 2322 commodum
1171 2275 1255 2321 est
1307 2275 1592 2336 appetere;
1643 2265 1790 2334 quod
1845 2273 2025 2317 autem
2073 2265 2181 2315 tate

607 2368 713 2422 est,
758 2361 972 2414 ratione
1025 2374 1213 2413 carere
1255 2373 1415 2413 nemo
1466 2357 1836 2411 aliirmaverit.
1894 2355 2181 2420 Quomodo

607 2454 754 2506 enim
809 2453 860 2504 iu
919 2467 984 2504 eo
1031 2451 1126 2520 qui
1170 2453 1386 2506 ratione
1433 2458 1584 2506 caret
1628 2449 1946 2504 deliberatio
1999 2447 2178 2515 aliqua

611 2545 795 2600 ﬁeret?
835 2544 1014 2611 Quare
1057 2560 1170 2598 non
1226 2553 1462 2599 mentem
1513 2542 1674 2597 modo
1721 2543 1900 2598 inesse
1950 2531 2181 2601 homini,

611 2638 705 2692 sed
761 2644 816 2690 et
875 2652 985 2706 pra:
1038 2637 1248 2691 caeteris
1304 2636 1484 2691 inesse
1543 2635 1706 2688 dictis
1767 2635 1882 2688 suis
1946 2633 2185 2700 scriptor

611 2724 873 2791 aliirmat;
929 2742 1053 2779 nam
1107 2726 1414 2780 voluntarie
1469 2725 1705 2793 aliquem
1736 2731 1791 2776 et
1846 2737 1956 2774 non
1995 2731 2184 2774 coacto

611 2821 678 2874 ad
716 2821 918 2875 bonum
953 2819 1181 2882 moveri,
1223 2817 1517 2889 perfectam
1557 2818 1612 2870 in
1665 2831 1730 2872 eo
1766 2823 2003 2869 mentem
2062 2829 2185 2869 esse

613 2919 866 2971 testatur.
925 2919 978 2964 et
1031 2910 1175 2978 quod
1219 2910 1421 2985 bonum
1470 2907 1572 2962 sibi
1615 2920 1935 2976 comparare
1965 2905 2036 2960 sit
2089 2920 2186 2960 co-

612 3003 836 3071 gitantis
879 3001 1152 3054 facultatis
1184 3000 1330 3053 actio
1378 2999 1429 3052 in
1463 2998 1823 3068 sequentibus
1862 3004 2048 3066 aperte
2090 2996 2186 3050 de-

2270 449 2395 503 τως,
2432 437 2466 506 ἦ
2497 435 2667 498 οὕτως
2692 433 2933 495 καὶτοὺς
2963 430 3068 484 ὑπὸ
3095 428 3307 499 δεσμῶν
3348 425 3486 496 πρὸς
3515 426 3857 494 κακουργίαν

2271 529 2644 599 κωλυομένους
2695 521 3092 594 ἐπαινεσόμεθα
3117 560 3132 583 ,
3162 519 3254 582 οὓς
3296 519 3560 586 ἀφίστησι
3603 517 3711 585 τῆς
3757 511 3856 566 τῶν

2271 619 2456 676 κακῶν
2509 617 2785 689 ἐνεργείας
2832 617 2860 668 ὁ
2909 613 3140 683 δεσμὸς,
3184 611 3283 679 οὐχ
3333 610 3366 678 ή
3419 606 3646 675 γνώμη.
3717 606 3859 659 Ἀλλ’

2271 708 2584 775 ἀϐιάστως,
2614 706 2767 777 φησὶ,
2785 704 2898 773 τὴν
2925 703 3121 771 σάρκα
3148 701 3187 768 ἠ
3218 701 3427 764 θεότης
3457 694 3856 765 προσάγεται·

2271 802 2332 855 τὸ
2361 801 2635 861 ἀϐίαστον,
2663 797 2884 868 δηλαδὴ,
2918 794 2979 848 τὸ
3015 792 3261 847 ἑκούσιον
3302 790 3471 856 λέγει.
3511 788 3642 850 Πῶς
3675 782 3772 840 οὖν
3803 787 3857 840 ἀν

2273 910 2355 957 τις
2377 891 2655 962 ἐθελοντὴς
2685 891 2752 959 τῇ
2797 888 2965 958 ἀρετῇ
3001 883 3334 956 προσαχθείη
3356 922 3370 946 ,
3401 880 3617 951 θέλημα
3667 879 3858 930 οἰκεῖον

2278 986 2353 1058 μὴ
2397 983 2770 1054 κεκτημένοςς
2811 979 2884 1032 Τὸ
2925 977 3034 1048 γὰρ
3076 973 3495 1047 προαιρεῖσθαι,
3534 971 3633 1024 καὶ
3681 967 3857 1037 βούλε-

2277 1057 2419 1141 σθαι,
2453 1075 2545 1128 καὶ
2578 1076 2610 1144 ἡ
2643 1072 2736 1124 τοῦ
2770 1068 3142 1139 συμφέροντος
3175 1063 3393 1133 ἐκλογὴ,
3417 1063 3514 1114 καὶ
3544 1062 3580 1131 ἡ
3600 1060 3701 1113 τοῦ
3739 1057 3857 1128 Bli-

2276 1182 2498 1228 πτοντος
2523 1160 2792 1234 μεταϐολὴ
2816 1158 2948 1230 (7-4),
2972 1157 3142 1210 ταῦτα
3160 1154 3334 1208 πάντα
3361 1151 3607 1212 διανοίας
3635 1147 3755 1200 ἐστί
3773 1165 3786 1177 ·
3807 1146 3858 1199 τὺ

2275 1260 2332 1313 δὲ
2353 1252 2800 1312 διανοεῖσθαιτῶν
2819 1251 3056 1320 ἀνοήτων
3078 1249 3175 1300 οὐκ
3201 1245 3446 1298 ἐστινΈί
3475 1237 3573 1294 οὖν
3591 1238 3859 1300 ἀῦιάστως

2275 1350 2352 1422 τῷ
2381 1348 2498 1420 Θεῷ
2547 1341 2981 1418 προσοικειοῦται
3029 1343 3062 1410 ἡ
3103 1337 3270 1408 σὰρξ,
3301 1335 3676 1407 μαρτυρεῖται
3722 1331 3862 1399 παρὰ

2277 1442 2480 1496 τούτων
2518 1439 2605 1492 διὰ
2654 1437 2748 1492 τοῦ
2811 1433 3150 1504 λογογράφου
3207 1429 3282 1500 μὴ
3323 1425 3719 1497 ἀπροαιρέτως
3760 1423 3861 1494 (ἸΞ)

2279 1531 2413 1588 εἶναι
2441 1535 2474 1602 ὴ
2510 1529 2664 1600 σὰρξ,
2701 1528 2836 1600 μηδὲ
2863 1525 3100 1596 ἀκρίτως
3123 1538 3180 1574 τε
3205 1519 3300 1574 καὶ
3327 1517 3759 1577 ἀνεπισκέπτως
3781 1512 3862 1565 τοῦ

2279 1624 2678 1684 λυσιτελοῦντος
2724 1622 2871 1689 σχεῖν
2906 1615 3013 1687 (76)
3036 1633 3048 1644 ·
3082 1613 3140 1666 τὸ
3175 1612 3231 1665 δὲ
3268 1608 3507 1662 τοιοῦτον
3537 1607 3645 1659 οὐκ
3680 1606 3747 1658 ἄν
3793 1621 3866 1667 τις

2281 1719 2500 1787 ἀλογίαν
2544 1715 2704 1768 εἴποι.
2752 1709 2873 1773 Πῶς
2911 1707 3019 1777 γὰρ
3060 1705 3126 1759 ἂν
3158 1703 3367 1772 γένοιτο
3402 1703 3462 1752 ἐν
3506 1698 3590 1767 τῷ
3633 1696 3866 1767 ἀλόγῳό

2279 1812 2432 1878 λόγος
2453 1824 2467 1872 ;
2485 1808 2645 1858 Ὥστε
2675 1803 2736 1856 οὐ
2774 1801 2931 1872 μόνον
2963 1793 3100 1850 εἶναι
3129 1794 3217 1847 τὸν
3239 1792 3362 1846 νοῦν
3389 1793 3446 1843 ἐν
3467 1790 3548 1860 τῷ
3573 1789 3864 1859 ἀνθρώπῳ,

2279 1897 2344 1950 δι’
2376 1889 2450 1952 ὧν
2478 1893 2625 1961 λέγει
2677 1887 3008 1946 συντίθεται,
3038 1883 3171 1937 ἀλλὰ
3207 1882 3299 1935 καὶ
3333 1880 3476 1951 ὑπὲρ
3511 1880 3645 1942 τοὺς
3682 1878 3863 1940 ἄλλους

2281 1985 2438 2041 εἶναι.
2475 1986 2542 2038 Ἠ
2569 1982 2677 2053 γὰρ
2710 1977 2953 2040 ὲκούτιός
2981 1993 3039 2028 τε
3070 1976 3162 2027 καὶ
3189 1973 3449 2033 ἀϐίαστος
3477 1969 3619 2040 πρὸς
3655 1969 3719 2022 τὸ
3741 1971 3864 2038 ἀγα-

2281 2079 2370 2132 θὸν
2401 2075 2569 2148 ὁρμὴ,
2604 2070 2880 2144 μαρτυρία
2901 2069 3002 2138 τῆς
3031 2067 3122 2119 τοῦ
3148 2064 3238 2119 νοῦ
3268 2063 3611 2134 τελειότητος
3638 2063 3860 2129 γίνεται,

2282 2173 2376 2226 κα)¹
2419 2173 2499 2224 ὅτι
2526 2166 2762 2229 διανοίας
2791 2164 2936 2216 ἐστὶν
2971 2162 3004 2231 ἡ
3043 2160 3175 2231 πρὸς
3207 2159 3266 2210 τὸ
3295 2159 3546 2228 κρεῖττον
3573 2154 3862 2216 οἰκείωσις,

2282 2265 2371 2329 διὰ
2401 2262 2508 2316 τῶν
2535 2258 2732 2329 ἑφεξῆς
2765 2253 3068 2326 εἰρημένων
3103 2251 3332 2321 μάλιστα
3355 2244 3864 2310 δείκνυται,οὑτω;ὶ

2283 2351 2425 2406 κατὰ
2465 2348 2561 2420 τὴν
2594 2345 2736 2411 λέξιν
2788 2344 3040 2414 ἑχόντων,
3070 2338 3505 2404 Μεταδιδόντος
3543 2337 3670 2409 γὰρ,
3716 2336 3862 2406 φησὶ,

2283 2443 2391 2511 τῆς
2443 2436 2703 2508 καθαρᾶς
2758 2433 2977 2505 ἀρετῆς
3013 2431 3192 2486 παντὶ
3238 2424 3316 2490 τῷ
3360 2429 3691 2497 ὑποχειρίῳ
3754 2425 3862 2491 νῷ.

2286 2535 2347 2586 Εἰ
2384 2528 2476 2586 οὖν
2499 2533 2553 2584 ὲν
2579 2529 2657 2599 τῷ
2677 2527 2751 2597 νῷ
2776 2527 2970 2596 θεωρεῖ
3000 2527 3097 2595 τὴν
3135 2524 3229 2593 τῆς
3261 2522 3464 2594 ἀρετῆς
3495 2519 3866 2592 καθαρότητα,

2286 2625 2403 2690 πῶς
2438 2623 2692 2689 ὲξοικίζει
2732 2621 2829 2691 τῆς
2866 2617 3066 2688 σαρκὸς
3107 2616 3320 2686 ἐκείνης
3347 2614 3458 2686 (77)
3495 2615 3586 2667 τὸν
3624 2613 3776 2676 νοῦν,
3815 2615 3868 2666 ὲν

2285 2715 2318 2794 ᾖ
2349 2718 2446 2788 τὴν
2495 2715 2842 2786 καθαρότητα
2897 2710 3116 2780 βλέπεις
3160 2709 3397 2778 Ἀνάγκη
3430 2707 3539 2777 γὰρ
3567 2705 3626 2758 ἓν
3662 2705 3725 2769 ἐξ
3764 2707 3868 2774 ἀμ-

2289 2792 2529 2879 έροτέρων
2551 2805 2950 2877 διημαρτῆσθαι
2978 2802 3056 2873 τῷ
3082 2801 3244 2870 λόγῳ,
3277 2801 3309 2870 ἢ
3341 2801 3401 2852 τὸ
3435 2799 3713 2870 μεθεκτὴν
3733 2792 3870 2850 εἶναι

2286 2901 2364 2971 τῷ
2386 2901 2460 2970 νῷ
2485 2899 2578 2968 τὴν
2611 2895 2830 2968 ἀρετὴν,
2865 2894 2899 2963 ἢ
2931 2893 2993 2945 τὸ
3034 2891 3194 2945 ἄνουν
3239 2886 3377 2942 εἶναι
3405 2890 3506 2959 τὴν
3539 2887 3745 2958 σάρκα,
3775 2887 3872 2957 τὴν

2291 2993 2560 3056 ἀϐιάστως
2597 2993 2665 3060 τῇ
2699 2988 2868 3058 ἀρετῇ
2893 2985 3004 3055 (78)
3035 2983 3456 3055 προσαχθεῖσαν.

615 3103 974 3158 monstratur,
1023 3111 1145 3164 qua:
1179 3094 1245 3148 ad
1288 3095 1512 3148 verbum
1548 3093 1620 3146 ita
1656 3109 1716 3146 se
1765 3093 1988 3152 habent,
2033 3087 2336 3158 Largientis
2373 3085 2544 3149 enim,
2594 3082 2792 3151 inquit,
2861 3093 3053 3148 puram
3119 3077 3364 3130 virtutem
3410 3075 3558 3128 omni
3624 3072 3876 3142 subjecta

616 3191 795 3242 menti.
843 3187 898 3242 Si
947 3188 1112 3256 igitur
1167 3186 1223 3239 in
1273 3195 1452 3238 mente
1479 3185 1697 3242 virtutis
1729 3182 2020 3252 puritatem
2067 3195 2190 3236 esse
2262 3177 2485 3240 fatetur,
2526 3172 2799 3244 quomodo
2850 3180 3082 3224 mentem
3119 3169 3188 3223 ab
3256 3169 3345 3221 illa
3387 3182 3557 3222 carne
3612 3168 3880 3227 excludit,

617 3280 671 3334 in
720 3295 824 3350 qua
875 3280 1166 3351 puritatem
1211 3275 1502 3346 agnoscit?
1541 3272 1780 3328 Necesse
1830 3273 1974 3327 enim
2001 3281 2085 3325 est
2123 3271 2358 3324 alterum
2396 3268 2464 3323 de
2495 3266 2710 3321 duobus
2757 3263 2955 3321 falsum
3019 3279 3163 3326 esse.
3236 3270 3331 3315 aut
3369 3277 3570 3332 nempe
3638 3273 3876 3318 mentem

617 3373 839 3427 virtutis
895 3370 1212 3439 participem
1257 3383 1379 3423 esse
1425 3380 1609 3435 posse,
1656 3372 1752 3418 aut
1790 3371 1969 3419 mente
1999 3376 2189 3416 carere
2223 3375 2465 3425 carnem,
2506 3373 2627 3428 quae
2674 3357 2842 3412 libere
2886 3356 2993 3411 sibi
3039 3356 3296 3410 virtutem
3349 3363 3660 3423 comparat.

686 3486 844 3541 XLII.
878 3485 1046 3539 Porro
1079 3497 1198 3552 quae
1222 3479 1654 3550 praecedentibus
1684 3493 1785 3532 nec
1817 3479 2181 3540 cohaerenter,
2211 3485 2255 3541 C

618 3597 720 3636 nec
755 3587 1127 3632 consentanee
1179 3573 1482 3644 subiungit,
1547 3588 2015 3643 supervacaneum
2066 3587 2190 3627 esse

623 3669 860 3722 arbitror
887 3665 1174 3736 diligenter
1215 3669 1493 3727 excutere,
1535 3677 1656 3731 quae
1685 3661 1738 3714 in
1773 3661 1917 3715 hunc
1968 3659 2187 3714 modum

623 3776 681 3816 se
700 3759 930 3814 habent:
952 3757 1018 3812 Et
1043 3755 1306 3819 omnibus,
1330 3756 1632 3825 inquit,qui
1661 3753 1946 3809 secundum
1969 3761 2190 3806 mentem

620 3854 913 3923 eﬁiciuntur
935 3850 1134 3904 similes
1165 3848 1396 3912 Christo,
1427 3858 1476 3902 et
1507 3846 1794 3902 secundum
1845 3862 2056 3900 carnem
2112 3845 2190 3898 ei-

621 3945 738 3998 dem
771 3960 872 3996 non
906 3953 1026 3996 sunt
1054 3940 1358 3995 dissimiles.
1399 3938 1543 4004 Quid
1573 3939 1718 3993 enim
1749 3938 1852 3992 sibi
1887 3938 2016 3992 velit
2057 3950 2194 3989 nau-

624 4052 715 4091 sea
749 4035 856 4090 ista
891 4034 1178 4088 verborum
1208 4031 1583 4086 admiratores
1627 4032 1831 4083 erroris
1867 4028 2030 4098 hujus
2063 4025 2193 4081 edo-

623 4132 822 4192 eeant;
859 4139 958 4178 nos
1022 4123 1165 4177 enim
1210 4122 1275 4174 ad
1319 4135 1382 4175 ea
1433 4136 1554 4190 qua:
1604 4119 1836 4175 subinde
1889 4127 2194 4188 sequuntur

621 4215 950 4274 excutienda
976 4215 1382 4285 pr0gredimur.
1425 4214 1491 4264 (Ct
1523 4213 1567 4266 si
1596 4211 1818 4277 homini,
1856 4211 2053 4281 inquit,
2102 4226 2192 4262 co-

623 4309 836 4380 pulatus
859 4317 938 4361 est
979 4305 1141 4366 Deus,
1177 4304 1440 4374 perfectus
1497 4317 1676 4370 nempe
1711 4301 1963 4371 perfecto,
2015 4302 2193 4367 utique

623 4403 728 4455 duo
758 4407 950 4460 essent,
996 4397 1130 4450 alter
1177 4395 1388 4466 quidem
1449 4403 1643 4447 natura
1673 4391 1848 4446 Filius
1883 4391 2001 4454 Dei,
2059 4390 2194 4443 alter

625 4510 743 4547 vero
777 4491 1079 4560 adoptione.
1106 4489 1383 4542 Lubenter
1411 4488 1524 4540 hazc
1562 4487 1704 4540 scire
1733 4499 1986 4555 cuperem
2014 4482 2082 4536 ab
2108 4482 2192 4537 bis

625 4583 717 4653 qui
755 4582 885 4634 talia
915 4579 1144 4634 callent:
1177 4579 1224 4633 si
1259 4585 1440 4630 mente
1471 4575 1751 4646 prmdizum
1781 4574 2192 4644 perfectumque

624 4675 898 4728 hominem
923 4672 1092 4727 ﬁlium
1126 4669 1438 4739 adoptivum
1470 4677 1686 4732 vocant,
1717 4667 1990 4721 hominem
2034 4665 2192 4733 ἀνόη-

624 4781 732 4830 τον,
765 4767 839 4820 ita
859 4765 1006 4820 enim
1038 4769 1221 4816 mente
1254 4775 1480 4830 prorsus
1505 4758 1822 4812 destitutum
1848 4763 2185 4823 nuncupant,

2362 3477 2500 3529 Ὅσα
2530 3475 2586 3527 δὲ
2619 3473 2925 3545 προσέθηκε
2967 3472 3107 3526 κατὰ
3152 3471 3212 3525 τὸ
3261 3469 3634 3540 ἀπρόσκολλόν
3673 3487 3737 3522 τε
3768 3469 3872 3540 (79)

2290 3568 2384 3620 καὶ
2403 3566 2783 3629 ἀνακόλουθον,
2820 3564 3069 3636 περιττὸν
3106 3559 3258 3633 οίμαι
3303 3561 3657 3626 διεξετάζειν,
3689 3563 3873 3614 τοῦτον

2289 3659 2478 3729 ἔχοντα
2506 3659 2595 3711 τὸν
2645 3658 2846 3728 τρόπον
2870 3672 2886 3686 ⁶
2919 3657 3026 3710 Καὶ
3067 3654 3236 3718 πᾶσι,
3278 3657 3430 3725 φησὶ,
3479 3654 3610 3719 τοῖς
3659 3652 3876 3721 νοερᾶς

2291 3752 2703 3821 όμοιουμένοις
2729 3749 2980 3819 Χριστῷ,
3013 3749 3110 3802 καί
3126 3749 3211 3817 μὴ
3241 3747 3546 3815 σαρκικῶς
3567 3748 3874 3814 circumcu-

2285 3844 2510 3913 μένοις.
2552 3842 2616 3894 Τί
2648 3841 2758 3912 γὰρ
2810 3840 3055 3910 βούλεται
3091 3842 3124 3911 ἡ
3153 3839 3262 3894 τῶν
3316 3841 3630 3910 εἰρημένων
3661 3838 3868 3899 ναυτία,

2291 3935 2690 3987 διδασκέτωσαν
2742 3932 2915 3986 ταῦτα
2967 3933 3016 3984 οἱ
3071 3931 3384 4002 θαυμασταὶ
3436 3931 3538 4000 τῆς
3613 3929 3867 3996 ἀπάτης·

2291 4029 2448 4097 ἡμεῖς
2475 4026 2530 4078 δὲ
2561 4025 2697 4096 πρὸς
2726 4024 2794 4077 τὰ
2830 4023 3025 4093 ἐφεξῆς
3055 4023 3149 4074 τοῦ
3178 4023 3337 4090 λόγου
3364 4021 3744 4091 προέλθωμεν.
3769 4017 3868 4072 Καὶ

2290 4120 2343 4171 εὶ
2379 4114 2683 4185 ἀνθρώπῳ,
2720 4116 2852 4185 φησι
2874 4157 2888 4180 ,
2921 4113 3208 4182 omnisnon
3245 4117 3277 4167 ό
3322 4112 3490 4177 Θεὸς,
3524 4112 3758 4175 τέλειος
3784 4126 3870 4162 τε-

2289 4207 2449 4271 λεΙῳ,
2477 4206 2587 4259 δύο
2621 4201 2696 4258 ἂν
2724 4200 2908 4274 ἦσαν,
2938 4198 3026 4269 εἷς
3057 4203 3175 4272 μὲν
3206 4203 3387 4270 φύσει
3426 4201 3562 4267 Υἱὸς
3593 4201 3762 4260 Θεοῦ,
3788 4193 3873 4262 εἷς

2290 4297 2358 4350 δὲ
2389 4298 2578 4362 θετός.
2625 4295 2823 4358 Ἡδέως
2864 4295 2929 4348 ἂν
2973 4295 3197 4364 μάθοιμι
3227 4293 3379 4364 παρά
3411 4293 3517 4346 τῶν
3546 4293 3618 4344 τὰ
3655 4291 3869 4344 τοιαῦτα

2291 4390 2730 4460 πεπαιδευμένων
2753 4431 2766 4453 ,
2813 4391 2861 4441 εί
2906 4388 2994 4441 τὸν
3047 4387 3229 4440 ἔννουν
3268 4387 3378 4457 (80)
3419 4387 3509 4438 καὶ
3549 4384 3758 4437 τέλειον
3784 4385 3869 4438 ἆν-

2291 4484 2506 4556 θρωπον
2546 4485 2658 4536 υἱὸν
2691 4483 2843 4535 θετὸν
2875 4481 3112 4549 λέγουσι,
3150 4480 3244 4533 τὸν
3275 4479 3502 4549 ἀνόητον
3547 4476 3825 4549 ἄνθρωπον
3849 4516 3865 4537 ,

2290 4573 2432 4628 οὕτω
2458 4574 2565 4645 γὰρ
2594 4574 2810 4637 πάντως
2841 4573 2930 4626 τὸν
2958 4573 3030 4642 μὴ
3067 4571 3257 4642 ἔχοντα
3287 4570 3412 4624 νοῦν
3441 4567 3788 4639 ὀνομάζουσι,
3815 4565 3865 4617 τί

2291 4666 2695 4737 προσεροῦσιν;
2745 4666 2802 4718 '0
2849 4664 2956 4735 γὰρ
3018 4662 3312 4733 μονογενὴς
3369 4661 3505 4724 Θεὸς
3554 4661 3718 4721 αὐτὸς
3752 4657 3864 4710 καθ’

2292 4758 2480 4810 ἑαυτὸν
2543 4757 2833 4828 ἀνελλιπὴς
2894 4757 2987 4810 καὶ
3034 4757 3236 4817 τέλειος
3279 4753 3383 4816 ὢν,
3441 4755 3544 4823 τὴν
3613 4752 3704 4806 τοῦ
3750 4752 3868 4816 ἀλη-

625 4859 898 4927 quomodo
961 4851 1359 4926 appellabunt?
1411 4849 1738 4922 Unigenitus
1795 4848 1941 4902 enim
2009 4847 2183 4909 Deus,

2298 4847 2440 4901 θινοῦ
2486 4847 2615 4900 Υίοῦ
2669 4847 3036 4917 προσηγορίαν
3090 4847 3242 4915 ἔχει,
3279 4843 3727 4916 ὲπαληθευοὺσης
3773 4841 3865 4909 τὴν

626 4962 749 5001 cum
790 4961 856 5000 ex
883 4947 1180 5015 semetipso
1221 4943 1498 5014 perfectus
1551 4942 1622 4996 sit
1655 4941 1914 5009 nullaque
1942 4955 2001 4993 re
2053 4938 2182 4992 deli-

626 5037 757 5102 ciat,
789 5039 900 5091 veri
935 5037 1150 5106 quidem
1198 5034 1320 5088 Filii
1361 5033 1777 5104 appellationem
1835 5032 2063 5092 obtinet,
2097 5045 2191 5082 na-

627 5139 748 5184 tura
775 5129 894 5200 ipsa
926 5143 1113 5182 verum
1169 5127 1303 5181 illud
1342 5139 1540 5179 nomen
1577 5139 1699 5179 esse
1732 5123 2142 5177 dclnonstrante
2171 5138 2185 5186 ;

697 5309 807 5380 (74)
833 5311 989 5364 Corr.
1027 5308 1289 5380 ἀποϐολή.

697 5379 806 5447 (75)
835 5381 993 5435 Corr.
1022 5379 1400 5450 ἀπροαίρετος.

695 5451 808 5518 (76)
845 5454 997 5503 Corr.
1029 5451 1192 5519 ἔχειν.

697 5517 811 5587 (Tit
841 5519 898 5570 In
942 5517 1214 5573 codeat.
1243 5528 1326 5574 cst
1352 5517 1590 5586 σκείνης,
1649 5533 1747 5572 nos
1781 5517 2189 5571 cmendavimus

623 5584 862 5660 ἐκείνηςΞ
886 5587 1020 5643 Vide
1047 5598 1224 5643 tamen
1243 5604 1310 5660 an
1344 5584 1628 5660 legendum
1656 5590 1725 5642 sit
1754 5589 1975 5660 σκηνῆς.

695 5653 810 5722 (78)
849 5654 924 5710 Ita
955 5673 1098 5712 corr.
1127 5674 1142 5721 ;
1174 5659 1327 5728 prius
1354 5653 1468 5713 er'at
1486 5662 1551 5728 τῇ
1572 5659 1734 5728 ἀρχῇ.

2297 4941 2485 5010 κλῆσιν
2515 4941 2623 5007 (81)
2656 4943 2753 5009 τῆς
2793 4939 3005 5008 φύσεως
3033 4957 3044 4967 ·
3084 4939 3196 5009 ἠδὲ
3233 4937 3520 5008 προσθήκη
3558 4935 3653 4989 τοῦ
3687 4937 3865 5005 ἡμιτε-

2297 5031 2419 5094 λοῦς
2473 5030 2755 5101 ἀνθρώπου
2787 5034 2935 5083 ποῖον
2983 5030 3152 5099 ὄνομα
3183 5028 3332 5098 ἕχει;
3365 5029 3426 5079 Εἰ
3459 5027 3570 5096 γὰρ
3609 5027 3638 5078 ὁ
3681 5025 3866 5083 riis-.9;

2295 5121 2390 5174 ἄνθ
2399 5139 2576 5192 ρωπος
2600 5121 2750 5185 θετὸς
2774 5122 2886 5186 υἱὸς
2918 5123 3060 5176 κατὰ
3105 5123 3196 5175 τὸν
3235 5120 3616 5191 Ἀπολινάριον
3641 5119 3862 5184 λέγεται,

2375 5306 2484 5377 (79)
2516 5307 2577 5359 Et
2605 5307 2718 5360 hmc
2741 5321 2881 5360 corr.
2913 5306 3220 5377 emendatio
3248 5312 3366 5369 est;
3392 5318 3521 5359 nam
3557 5313 3715 5358 antea
3737 5298 3864 5355 scri-

2302 5376 2449 5447 ptum
2484 5380 2658 5430 l'uvrat
2691 5376 3025 5446 ἀπῶσκολόν
3054 5392 3130 5430 τε.

2371 5447 2481 5515 (80)
2511 5449 2668 5502 Curr.
2742 5438 2853 5502 haec
2901 5462 3121 5514 quoque
3171 5444 3479 5500 emendatio
3529 5452 3639 5509 est;
3664 5455 3780 5497 nam
3807 5438 3860 5489 ia

2299 5524 2445 5571 textu
2487 5517 2603 5569 Vat.
2641 5517 2763 5570 cod.
2797 5517 3054 5571 scribitur
3080 5517 3127 5567 οἱ
3157 5517 3246 5568 τὸν
3279 5515 3481 5568 ἔννουν.

2370 5587 2482 5656 (81)
2508 5589 2582 5641 lta
2613 5603 2756 5642 corr.
2790 5605 2804 5654 ;
2841 5597 2997 5642 antea
3030 5596 3147 5642 erat
3178 5589 3242 5656 τῇ
3267 5585 3477 5656 κλήσει.
