4018 6124
239 294 367 348 ιεει

1415 282 1782 338 ADVERSUS
1817 280 2326 337 APOLLINAREM.

3360 285 3503 341 i222

238 410 331 462 καὶ
360 407 389 459 6
418 404 681 474 ἡμιτελὴς
735 400 1042 472 ἄνθρωπος,
1073 401 1195 453 καθ’
1234 396 1263 450 6
1292 397 1596 469 ἄνθρωπος,
1632 396 1822 468 ἡμίθε-

1928 396 2360 449 additamentum
2392 400 2522 448 vero
2549 393 2859 463 imperfecti
2916 394 3155 452 hominis
3204 399 3364 467 quale
3394 416 3498 457 no-

236 515 327 562 τος
353 496 598 567 δηλονότι
624 496 735 557 υίὸς
769 495 861 547 καὶ
890 487 1041 557 οὗτος
1061 490 1509 563 όνομασθήσεται,
1540 488 1817 559 ἡμισεύων

238 589 529 658 ἐφ’ὲαυτοῦ
573 586 673 656 τὴν
708 584 803 638 τοῦ
844 583 1000 638 θετοῦ
1043 583 1232 654 κλῆσιν
1261 600 1274 613 ·
1306 582 1445 635 ὥστε
1486 580 1819 650 κυριώτερον

237 680 430 740 εἰπεῖν,
467 677 672 728 ἐκεῖνον
698 676 796 745 μὲν
819 674 1019 728 τέλειον
1050 675 1138 727 τὸν
1172 673 1324 727 θετὸν
1353 669 1512 735 εἶναι,
1545 670 1730 724 τοῦτον
1760 670 1819 724 δὲ

235 768 404 837 ἣμισυ
457 753 535 834 τῷ
583 764 695 835 (82)
733 765 1070 836 τριτημορίῳ
1102 763 1378 828 λείποντα,
1420 764 1559 815 κατὰ
1594 761 1652 815 τὸ
1698 761 1820 831 βού-

236 859 382 928 λημα
413 858 520 909 τῶν
545 860 665 919 ταῖς
692 856 969 918 τοιαύταις
1001 858 1196 926 τομαῖς
1227 854 1337 925 (85)
1364 853 1820 923 μιστυλλευὸντωθ

235 950 321 1001 τὸν
374 947 678 1017 ἄνθρωπον.
726 946 860 998 Ἀλλ’
896 948 944 997 εἰ
984 945 1330 1016 ἀνάρμοστόν
1363 944 1579 1015 ἐστιτῷ
1608 943 1727 1013 Θεῷ
1758 943 1820 997 τὸ

237 1040 386 1093 θετὸν
407 1039 551 1109 ἔχειν
582 1038 717 1101 υἱὸν,
742 1038 942 1107 ὁμοίως
969 1037 1188 1099 πάντως
1218 1037 1311 1089 καὶ
1334 1036 1425 1088 ἐπὶ
1462 1033 1556 1087 τοῦ
1587 1034 1817 1097 τελείου,

237 1134 327 1187 καὶ
368 1134 461 1185 ἐπὶ
502 1131 596 1185 τοῦ
628 1131 847 1193 ἀτελοῦς
887 1132 1002 1183 ἐστι
1037 1130 1099 1183 τὸ
1124 1130 1462 1201 ἀνάρμοστον
1488 1142 1500 1155 ’
1533 1129 1734 1199 μᾶλλον
1762 1129 1819 1181 δὲ

236 1226 325 1278 καί
354 1225 516 1277 πλέον
534 1226 589 1275 ἐν
615 1223 691 1293 τῷ
729 1222 1237 1293 ὴκρωτηριασμένῳ
1266 1221 1327 1273 τὸ
1365 1221 1583 1275 ἄτοπον.
1616 1221 1676 1272 Ei
1709 1220 1819 1289 γὰρ

235 1315 476 1386 ἀμυδρόν
499 1331 549 1367 τι
586 1313 721 1383 (84),
748 1313 841 1365 καὶ
876 1312 980 1375 ἔξω
1004 1314 1102 1383 τῆς
1127 1312 1463 1383 θεοπρεποῦς
1495 1310 1820 1382 ὑπολήψεως

234 1408 294 1460 τὸ
321 1407 508 1479 ἄρτιον
546 1406 642 1476 τῆς
673 1403 1022 1475 ἀνθρωπίνης
1049 1403 1264 1472 φύσεως
1298 1402 1576 1474 ἐνομίσθη,
1612 1401 1740 1473 περὶ
1759 1401 1819 1454 τὸ

228 1501 388 1556 Θείον
409 1501 758 1572 βλεπόμενον,
819 1495 997 1566 πολλῷ
1046 1496 1245 1565 μᾶλλον
1284 1496 1505 1566 αἰσχρὸν
1541 1496 1604 1547 ἂν
1643 1495 1728 1563 εἵη
1758 1494 1819 1547 τὸ

236 1590 619 1661 λελωὸημένην
664 1591 793 1661 περὶ
825 1588 988 1642 αὐτὸν
1018 1587 1355 1657 καθορᾶσθαι
1384 1588 1483 1657 τὴν
1518 1586 1679 1655 φύσιν
1704 1628 1719 1642 .
1743 1586 1816 1639 Οὐ

235 1682 343 1751 γὰρ
365 1683 548 1754 ἐπειδὴ
587 1682 710 1745 νοῦς
738 1683 838 1735 οὐκ
868 1681 1005 1743 ἐστι,
1030 1680 1117 1733 διὰ
1146 1679 1304 1733 τοῦτο
1336 1682 1369 1750 ἡ
1394 1678 1531 1749 σὰρξ
1553 1679 1688 1749 πρὸς
1715 1678 1817 1749 τὴν

1922 502 2047 540 men
2086 485 2291 540 habet?
2353 483 2409 539 Si
2460 484 2605 540 enim
2649 485 2929 556 perfectus
2981 488 3148 541 homo
3209 490 3498 560 adoptivus

1920 576 2068 629 ﬁlius
2097 576 2255 643 juxta
2288 574 2660 643 Apollinarem
2696 574 2923 638 dicitur,
2970 578 3323 648 imperfectus
3358 597 3498 649 quo-

1920 678 2028 733 que
2089 663 2274 725 homo.
2333 672 2609 733 quatenus
2674 665 2839 719 homo
2894 673 3012 730 est,
3064 668 3497 738 semiadoptivus

1922 755 2109 823 utique
2146 756 2289 809 [ilius
2321 755 2630 821 vocabitur,
2693 772 2820 810 cum
2871 757 3096 811 dimidia
3165 767 3378 815 tantum
3430 779 3499 818 ex

1920 856 2074 916 parte
2100 846 2342 916 adoptivi
2390 848 2815 917 appellationem
2874 851 3162 905 obtineat:
3200 852 3275 906 ita
3311 862 3392 916 ut,
3452 856 3499 908 si

1920 940 2103 1010 aptius
2131 940 2277 1011 loqui
2324 941 2599 1005 volumus,
2646 942 2735 997 ille
2764 943 2984 1013 quidem
3028 944 3303 1013 perfectus
3334 948 3498 1003 homo

1920 1029 2213 1099 adoptivus
2244 1031 2318 1085 sit
2346 1048 2362 1097 ;
2399 1030 2488 1085 hic
2516 1046 2646 1087 vero
2683 1034 3136 1104 semiadoptivus,
3186 1046 3373 1107 utpote
3403 1040 3498 1107 qui

1920 1121 2082 1175 tertia
2109 1121 2194 1175 sui
2226 1128 2382 1190 parte
2421 1137 2489 1175 ex
2549 1137 2742 1176 eorum
2795 1128 3063 1181 sententia
3130 1129 3347 1184 deﬁciat
3405 1132 3498 1200 qui

1922 1219 2031 1263 tam
2064 1212 2253 1267 multis
2298 1212 2640 1268 sectionibus
2684 1215 2961 1270 hominem
2996 1220 3048 1271 in
3084 1220 3323 1276 minutas
3358 1223 3500 1276 divi-

1921 1301 2060 1355 dunt
2090 1309 2296 1370 partes.
2326 1301 2495 1372 Atqui
2524 1303 2571 1358 si
2605 1303 2716 1359 Deo
2744 1321 2853 1360 non
2895 1312 3152 1364 convenit
3182 1314 3497 1382 adoptivum

1921 1394 2343 1463 habereﬁlium,
2378 1396 2497 1466 pari
2538 1412 2769 1466 prorsus
2799 1401 3013 1455 ratione
3057 1413 3164 1455 tam
3220 1405 3286 1457 de
3321 1406 3500 1473 peric-

1920 1497 2010 1541 (τιο
2044 1503 2209 1556 quam
2240 1486 2307 1541 de
2342 1487 2668 1558 imperfecto
2706 1487 2850 1543 idem
2882 1490 3118 1553 dicetur.
3163 1492 3306 1558 Quin
3337 1503 3390 1547 et
3445 1494 3500 1548 id

1920 1579 2094 1650 magis
2130 1581 2181 1632 in
2212 1580 2469 1633 mutilato
2510 1582 2816 1636 absurdum
2850 1597 2975 1637 esse
3019 1583 3450 1652 deprehenditur
3480 1603 3496 1653 ;

1920 1684 2047 1723 nam
2106 1670 2155 1725 si
2200 1670 2414 1741 integra
2487 1680 2652 1742 atque
2689 1672 2934 1742 perfecta
2986 1674 3226 1729 hominis
3279 1686 3497 1743 natura,

233 1775 328 1827 τοῦ
366 1775 576 1844 Πατρὸς
630 1774 790 1844 φύσιν
836 1773 1053 1835 οἰκείως
1105 1771 1241 1842 ἔχει,
1274 1771 1410 1824 ἀλλὰ
1450 1770 1553 1841 τῆς
1602 1772 1698 1840 μὲν
1720 1769 1815 1822 τοῦ

1926 1778 2045 1815 cum
2084 1762 2231 1816 circa
2285 1761 2629 1818 divinitatem
2667 1766 3077 1830 consideratur,
3115 1767 3221 1822 vile
3271 1769 3401 1837 quid
3441 1779 3498 1824 et

236 1868 447 1939 [lat-ph;
471 1868 678 1930 οὐσίας,
700 1866 900 1936 ὁμοίως
932 1864 1217 1936 ἄνθρωπος
1243 1864 1356 1935 (85)
1380 1905 1395 1929 ,
1426 1864 1519 1915 καὶ
1549 1862 1666 1924 ὅλος
1686 1902 1701 1927 ,
1726 1860 1819 1913 καὶ

234 1956 296 2010 τὸ
345 1956 510 2026 μέρος
557 1955 908 2025 κεχώρισται,
947 1953 1087 2007 κατὰ
1135 1953 1223 2006 τὸν
1263 1954 1361 2021 τῆς
1396 1952 1609 2021 φύσεως
1638 1950 1817 2017 λόγον,

234 2047 330 2100 καὶ
360 2047 642 2116 οὐθέτερον
673 2044 777 2098 τῶν
796 2045 851 2097 ὲν
872 2044 1162 2115 ἡμῖν,οὐτε
1186 2047 1213 2097 6
1247 2044 1389 2107 νοῦς,
1421 2044 1542 2096 οὔτε
1573 2042 1633 2095 τὸ
1660 2041 1821 2111 σῶμα

234 2118 507 2210 πρὺξτὴν
546 2137 946 2209 ὑπερκειμένην
988 2136 1147 2206 φύσιν
1176 2137 1255 2208 τῷ
1302 2138 1445 2208 λόγῳ
1483 2139 1581 2207 τῆς
1633 2134 1820 2198 οὐσίας

232 2230 530 2299 ᾠκείωται.
570 2228 689 2282 Κᾶν
735 2229 983 2298 οὐράνιόν
1020 2246 1073 2282 τι
1111 2230 1311 2299 σαρκὸς
1355 2226 1493 2291 εἶδος
1532 2227 1821 2299 ἀναπλάσῃ

233 2323 368 2392 περὶ
393 2319 454 2371 τὸ
479 2320 634 2375 Θεῖον
660 2322 687 2373 6
718 2319 908 2391 μῦθος,
939 2322 1055 2375 οὐδὲ
1091 2321 1287 2392 μᾶλλον
1318 2321 1404 2374 διὰ
1443 2319 1602 2373 τοῦτο
1624 2318 1821 2390 όμοού-

239 2432 356 2467 σιον
404 2408 538 2465 εἷναι
585 2412 662 2482 τῷ
710 2412 829 2482 Θεῴ
863 2412 958 2465 καὶ
991 2411 1165 2483 Πατρὶ
1205 2412 1302 2483 τὴν
1343 2411 1520 2482 σάρκα
1552 2410 1765 2479 ἐκείνην
1793 2411 1822 2461 6

234 2504 618 2574 λελογισμένοι,-
649 2486 995 2574 συνθήσεται.
1024 2505 1086 2556 Ei
1117 2505 1172 2556 δὲ
1196 2503 1550 2573 ἠλλοτρίωται
1583 2502 1681 2571 τῆς
1713 2517 1821 2552 πα-

236 2594 436 2663 τρικῆς
464 2593 650 2654 οὐσίας
678 2595 711 2663 ἡ
741 2594 895 2662 σὰρξ,
919 2592 1036 2654 πῶς
1061 2592 1126 2645 ἂν
1146 2594 1229 2663 εἴη
1270 2594 1395 2656 Υἱὸς
1421 2593 1482 2645 τὸ
1502 2592 1777 2660 ἀλλότριον
1802 2605 1816 2652 ;

253 2687 491 2756 ’Λνάγκη
522 2685 630 2755 γὰρ
662 2686 811 2737 πᾶσα
830 2684 941 2755 (86)
967 2684 1028 2736 τὸ
1061 2683 1275 2752 ἀληθῶς
1296 2685 1360 2736 ἐκ
1386 2683 1530 2746 τινὸς
1550 2682 1628 2744 ὃν,
1649 2684 1823 2734 ἐκεῖνο

238 2779 382 2831 κατὰ
405 2780 499 2848 τὴν
546 2779 730 2830 οὐσίαν
765 2772 903 2829 εἶναι
955 2777 1089 2844 ὅπερ
1123 2778 1150 2827 6
1192 2776 1456 2843 γεννήσας
1494 2776 1610 2826 ἐστί
1643 2792 1655 2803 ·
1688 2772 1822 2826 ἀλλὰ

240 2870 350 2940 μὴν
383 2872 411 2921 ὁ
460 2868 643 2939 Πατὴρ
687 2867 821 2938 σὰρξ
863 2868 964 2919 οὐκ
1002 2867 1163 2917 ἐστιν.
1197 2865 1316 2917 Οὐδ’
1362 2865 1425 2916 ἂν
1465 2867 1492 2916 6
1526 2866 1582 2928 ἐξ
1614 2864 1820 2916 ἐκείνου

238 2965 460 3024 πάντως
494 2960 627 3030 σὰρξ
647 2962 728 3030 εἴη
751 2978 764 2991 ’
792 2960 853 3011 τὸ
878 2960 987 3029 γὰρ
1019 2959 1415 3027 γεγεννημένον
1441 2957 1506 3008 ἐκ
1535 2956 1628 3008 τοῦ
1663 2954 1824 3007 πνεύ-

240 3038 433 3125 ματος,
473 3052 710 3121 πνεῦμα,
744 3053 837 3104 καὶ
863 3052 985 3120 οὐχὶ
1037 3049 1174 3120 σὰρξ
1218 3046 1357 3102 εἶναι
1378 3049 1615 3116 λέγεται.
1641 3048 1703 3099 Εἰ
1731 3044 1824 3100 οὖν

1921 1856 1990 1909 ab
2016 1855 2274 1926 opinione
2295 1871 2457 1925 quam
2481 1858 2547 1911 de
2568 1856 2682 1913 Deo
2706 1859 2907 1914 habere
2933 1876 3034 1913 nos
3056 1860 3231 1923 decet,
3257 1862 3497 1916 alienum

1921 1956 2198 2012 censetur,
2232 1949 2407 2002 multo
2440 1949 2619 2020 magis
2664 1958 2825 2021 turpe
2873 1952 2979 2006 erit
3034 1968 3281 2006 mancam
3333 1953 3499 2007 muti-

1921 2040 2144 2110 lamque
2186 2041 2242 2094 in
2296 2041 2485 2095 eodem
2539 2043 2740 2097 intueri
2789 2051 3067 2099 naturam.
3117 2044 3305 2114 Neque
3353 2047 3499 2100 enim

1921 2147 2071 2197 caro,
2102 2134 2250 2204 quod
2277 2142 2459 2188 mente
2488 2144 2693 2199 careat,
2741 2136 2952 2190 idcirco
3012 2138 3342 2206 peculiarem
3398 2139 3502 2192 ali-

1922 2241 2085 2295 quam
2127 2242 2251 2281 cum
2311 2226 2489 2281 Patris
2543 2239 2737 2281 natura
2799 2229 3259 2283 necessitudinem
3316 2230 3499 2292 habet.

1924 2319 2018 2375 sed
2051 2335 2080 2372 a
2113 2318 2294 2375 Patris
2340 2321 2562 2389 quidem
2624 2320 2931 2375 substantia
2971 2329 3079 2374 tam
3140 2331 3283 2376 totus
3339 2322 3503 2375 homo

1923 2427 2085 2482 quam
2127 2413 2248 2480 ejus
2291 2428 2442 2481 pars.
2480 2414 2695 2466 ratione
2728 2424 2938 2465 natura:
2962 2429 3116 2482 aeque
3148 2413 3498 2477 discernitur,

1923 2510 1979 2555 et
2012 2514 2260 2556 neutrum
2302 2517 2486 2556 eorum
2529 2518 2648 2571 quae
2680 2502 2836 2555 nobis
2872 2503 3079 2564 insunt,
3120 2503 3220 2555 hoc
3260 2511 3344 2556 est
3402 2518 3502 2556 ne-

1925 2610 2031 2662 que
2066 2610 2245 2658 mens,
2283 2608 2459 2663 neque
2494 2610 2695 2663 corpus
2718 2636 2730 2658 ,
2771 2594 2845 2645 illi
2888 2602 3097 2647 natum
3133 2610 3255 2661 quae
3308 2609 3502 2647 omnes

1926 2686 2191 2755 dignitate
2223 2695 2445 2754 superat
2477 2685 2802 2739 substantia:
2829 2685 3047 2738 ratione
3080 2687 3394 2739 conveniet.
3439 2685 3503 2737 Et

1926 2779 2174 2846 quamvis
2200 2778 2424 2830 cwleste
2459 2777 2733 2845 quoddam
2784 2778 2970 2830 carnis
3022 2794 3195 2846 genus
3228 2778 3502 2830 divinitati

1926 2866 2040 2919 lucc
2093 2864 2275 2917 fabula
2339 2864 2579 2933 aﬂingal,
2640 2879 2748 2918 non
2792 2864 2914 2918 ideo
2972 2866 3502 2919 consubstantiafem

1930 2954 2037 3007 Deo
2071 2969 2292 3007 carnem
2338 2955 2487 3007 illam
2527 2970 2649 3010 esse
2681 2956 2826 3010 ullus
2884 2971 3065 3009 rerum
3120 2972 3309 3024 aequus
3356 2955 3505 3009 ερειὶ-

1926 3056 2103 3100 mator
2134 3048 2413 3101 fatebitur.
2468 3047 2639 3103 Porro
2669 3052 2715 3104 si
2776 3066 2905 3105 caro
2938 3052 3113 3105 aliena
3148 3062 3229 3106 est
3263 3067 3291 3105 a
3324 3050 3505 3106 Patris

352 3143 497 3196 ἔστιν
545 3117 737 3195 sim-3
772 3117 981 3211 Πατρύς
1008 3144 1041 3210 ἡ
1074 3117 1229 3211 σὰρξ,
1276 3140 1402 3202 Υἱὸς
1447 3140 1545 3191 οὐκ
1579 3139 1715 3191 ἔστι.
1759 3139 1822 3189 Τί

1929 3139 2274 3205 substantia,
2329 3140 2607 3208 quomodo
2661 3140 2831 3195 Filius
2880 3144 2985 3195 erit
3056 3144 3202 3211 quod
3264 3158 3291 3195 a
3342 3141 3505 3197 Patre

235 3233 334 3290 οὖν
374 3235 803 3304 ὀνομασθήσετλι
826 3250 839 3298 ;
870 3236 1044 3304 Ὅπερ
1072 3234 1179 3302 γὰρ
1215 3232 1279 3285 ἂν
1305 3234 1368 3301 τῇ
1394 3232 1617 3302 οὐρανίᾳ
1641 3232 1825 3301 ἐκείνῃ

235 3332 309 3398 τῇ
347 3328 771 3398 μυθοποιηθείσῃ
802 3326 951 3396 παρὰ
976 3325 1073 3377 τοῦ
1094 3324 1432 3393 λογογράφου
1460 3324 1825 3392 ὲπινοήσωσιν

238 3418 447 3485 ὅνομα,
474 3416 631 3468 τοῦτο
668 3418 826 3485 ἡμεῖς
869 3417 933 3485 τῇ
973 3414 1029 3479 ἐξ
1086 3413 1387 3483 ἀνθρώπων
1440 3411 1825 3481 ἀναλειφθείσῃ

242 3509 411 3579 σαρκὶ
451 3508 591 3561 κατὰ
614 3509 673 3560 τι
697 3506 985 3559 ἀκόλουθον
1012 3503 1361 3573 ἐπιθήσομεν,
1386 3505 1479 3555 καὶ
1507 3504 1642 3573 ὅπερ
1672 3502 1737 3554 ἂν
1766 3501 1825 3553 τὸ

239 3600 511 3670 ἡμέτερον
539 3600 868 3669 ὀνομάσωσι,
901 3596 979 3667 τῷ
1008 3595 1157 3665 αὐτῷ
1190 3595 1413 3663 ὀνόματι
1439 3596 1657 3647 κάκεῖνο
1686 3594 1823 3662 κλη-

242 3691 487 3761 θήσεται.
518 3690 630 3742 Οὐκ
660 3689 804 3739 ἔστιν
835 3687 961 3749 Υἱὸς
994 3685 1054 3737 τὸ
1093 3685 1299 3754 γήϊνον,
1334 3683 1452 3733 οὐδὲ
1492 3684 1665 3734 ἐκεῖνο
1700 3683 1826 3733 πάν-

239 3800 373 3844 τως.
395 3780 556 3843 Θετὺς
589 3781 702 3841 υἱὸς
734 3779 793 3831 τὸ
828 3780 1033 3849 γήϊνον,
1063 3774 1258 3828 οὐκοῦν
1279 3776 1515 3827 κάκεῖνο.
1532 3773 1674 3825 Υἱῶν
1696 3774 1825 3837 δυὰς

242 3872 503 3933 ἐνταῦθα,
540 3873 697 3923 κάκεῖ
742 3871 979 3930 πάντως.
1019 3862 1111 3930 Εἷς
1146 3867 1268 3928 Υἱὸς
1315 3868 1371 3918 ἐν
1399 3866 1588 3933 ἐκείνῳ
1621 3866 1653 3934 ἡ
1689 3864 1826 3933 σὰρξ

241 3967 403 4035 καὶὴ
443 3964 651 4033 θεότης,
688 3961 843 4016 τοῦτο
891 3961 983 4012 καὶ
1031 3952 1153 4012 ὦδε.
1204 3957 1420 4026 Ἐπειδὴ
1468 3956 1574 4025 γὰρ
1625 3956 1825 4024 ὁμοίως

243 4056 523 4126 ἀφέστηκε
573 4054 674 4123 τῆς
711 4052 857 4115 θείας
901 4050 1086 4111 οὐσίας
1113 4052 1146 4118 ἡ
1198 4048 1373 4111 κτίσις
1426 4049 1595 4109 πᾶσα,
1625 4046 1686 4098 τὺ
1727 4047 1825 4115 μὲν

245 4147 354 4210 ἔξω
388 4143 529 4198 εἶναι
556 4146 654 4214 τῆς
683 4143 776 4197 τοῦ
810 4142 1022 4212 Πατρός
1050 4140 1282 4209 φύσεως,
1311 4139 1368 4191 τό
1392 4155 1452 4207 γε
1485 4139 1595 4209 (87)
1618 4140 1822 4209 γήϊνον,

247 4240 345 4290 καὶ
404 4238 655 4307 οὐράνιον
702 4236 895 4306 ἐπίσης
956 4232 1418 4303 συνωμολόγηται.
1461 4231 1719 4283 Λείπεται
1772 4229 1827 4282 δὲ

244 4330 387 4396 ὅπερ
415 4326 481 4379 ἂν
509 4324 585 4395 τῷ
608 4324 793 4393 σκοπῷ
815 4326 913 4395 τῆς
942 4322 1347 4393 φιλανθρωπίας
1383 4338 1444 4373 συ
1454 4319 1672 4391 μϐαίνῃ,
1705 4317 1828 4370 τοῦ·

245 4438 313 4473 το
369 4409 741 4487 εὐλογώτερον
778 4418 906 4487 περὶ
937 4417 1026 4467 τὸν
1061 4414 1189 4467 Θεὸν
1220 4414 1446 4466 οἴεσθαι.
1482 4412 1593 4481 (88)
1620 4413 1827 4480 Ὅνομα

1934 3232 2173 3285 alienum
2210 3231 2339 3284 est?
2374 3229 2613 3285 Necesse
2648 3231 2790 3284 enim
2826 3247 3056 3298 prorsus
3102 3242 3187 3287 est
3234 3250 3356 3286 cum
3408 3235 3503 3303 qui

1928 3335 2053 3373 vere
2084 3336 2150 3374 ex
2181 3320 2366 3388 aliquo
2402 3328 2507 3381 est,
2550 3335 2658 3373 non
2691 3319 2838 3372 aliud
2885 3321 3045 3388 plane
3091 3323 3391 3375 serundum
3419 3338 3503 3377 es-

1926 3414 2162 3468 sentiam
2196 3428 2321 3468 esse
2354 3429 2518 3483 quam
2550 3414 2696 3483 quod
2729 3424 2811 3468 est
2849 3414 2936 3468 ille
2965 3417 3056 3482 qui
3089 3415 3310 3485 genuit:
3350 3399 3502 3485 atqui

1924 3502 2090 3557 Pater
2119 3518 2249 3559 caro
2278 3520 2386 3558 non
2420 3514 2525 3559 est.
2562 3506 2733 3575 igitur
2771 3522 2945 3574 neque
3003 3508 3092 3560 ille
3149 3522 3376 3576 prorsus
3408 3510 3501 3577 qui

1925 3611 1989 3649 ex
2024 3596 2144 3665 ipso
2189 3604 2295 3661 est,
2333 3597 2437 3650 erit
2472 3613 2642 3658 caro;
2693 3597 2835 3666 quod
2868 3598 3013 3650 enim
3081 3609 3266 3652 natum
3306 3610 3389 3655 est
3434 3618 3503 3655 ex

1928 3687 2145 3754 spiritu,
2175 3688 2405 3755 spiritus
2440 3689 2651 3757 utique,
2688 3706 2794 3741 non
2832 3705 2963 3742 raro
3006 3706 3129 3744 esse
3164 3691 3385 3745 dicitur.
3444 3692 3503 3748 Si

1926 3774 2109 3848 itaque
2142 3793 2249 3832 non
2283 3789 2367 3833 est
2396 3796 2460 3833 ex
2509 3780 2666 3833 Patre
2698 3796 2850 3846 caro,
2904 3797 3082 3850 neque
3116 3782 3289 3837 Filius
3323 3784 3504 3853 profe-

1927 3880 2017 3925 cto
2042 3872 2149 3925 erit
2180 3887 2246 3926 ex
2280 3871 2460 3925 Patre.
2497 3871 2639 3937 Quid
2678 3873 2846 3943 igitur
2880 3888 3011 3928 caro
3041 3874 3133 3927 illa
3178 3878 3459 3932 vocabitur
3483 3876 3510 3930 i‘

1927 3964 2064 4017 Nam
2113 3964 2495 4032 qualecunque
2551 3980 2748 4019 nomen
2812 3966 3056 4022 cmlestis
3115 3968 3261 4023 illius
3318 3969 3509 4023 carnis

1927 4071 2089 4125 quam
2122 4055 2369 4111 fabulose
2400 4058 2552 4125 ﬁngit
2579 4059 2838 4127 scriptor.
2894 4060 3353 4129 excogitaverint,
3420 4061 3506 4115 id-

1928 4148 2106 4217 ipsum
2145 4165 2246 4204 nos
2303 4150 2452 4203 carni
2518 4166 2583 4203 ex
2633 4149 2952 4205 hominibus
3004 4164 3321 4221 assumpta},
3369 4168 3505 4207 con-

1930 4245 2190 4308 gruenter
2246 4239 2611 4305 imponemus.
2668 4247 2720 4291 et
2770 4254 3100 4307 quocunque
3144 4242 3362 4294 nomine
3403 4256 3505 4293 no-

1931 4337 2102 4383 stram
2135 4328 2433 4389 vocabunt,
2465 4327 2652 4381 eodem
2699 4344 2927 4396 prorsus
2967 4338 3019 4383 et
3072 4330 3161 4382 illa
3197 4331 3505 4385 vocabitur.

1936 4421 2049 4474 Non
2086 4428 2171 4474 est
2198 4418 2371 4473 Filius
2399 4418 2545 4487 quod
2579 4425 2856 4471 terrenum
2888 4427 2991 4474 est.
3025 4419 3212 4490 Itaque
3242 4437 3342 4476 nec
3374 4422 3505 4476 illud

246 4514 307 4567 δὲ
333 4511 479 4581 αὐτῷ
507 4481 656 4573 ίδιον,
688 4481 1032 4580 ἐφευρνίσκειν
1061 4509 1170 4577 (89)
1197 4506 1530 4576 μηδὲν,ἁλλὰ
1563 4506 1640 4576 τῷ
1670 4507 1822 4557 πλεο-

1936 4511 2160 4566 caeleste
2195 4509 2420 4563 omnino
2463 4507 2636 4564 Filius
2692 4510 2814 4563 erit.
2879 4481 3183 4580 AdOptivus
3215 4522 3299 4567 est
3363 4482 3516 4568 ﬁlius-

246 4604 467 4667 νάζοντι
496 4603 587 4655 καὶ¹
628 4599 1014 4672 ἐπικρατοῦντι
1048 4598 1157 4665 (9U)
1203 4597 1679 4667 συνονομάξεσθαι.
1715 4596 1826 4667 (9|)

247 4694 519 4764 Καθάπερ
548 4695 641 4747 ἐπὶ
673 4692 767 4746 τοῦ
802 4692 1068 4758 πελάγους
1103 4691 1329 4759 γίνεται⁸
1360 4692 1408 4742 εί
1438 4690 1546 4759 γάρ
1573 4707 1655 4752 τις
1701 4707 1831 4742 στα-

247 4787 387 4856 γόνα
406 4786 562 4851 ὄξους
612 4784 850 4857 ἐπιϐάλῃ
883 4783 1137 4856 θαλάττῃ,
1161 4782 1254 4837 καὶ
1285 4784 1318 4852 ἡ
1356 4780 1569 4849 σταγὼν
1582 4780 1831 4833 ’θάλασσα

326 4964 440 5035 (82)
470 4961 631 5035 porr.
662 4963 778 5033 ἢτοι
805 4958 900 5029 τῷ.

326 5028 439 5103 (85)
469 5033 542 5085 Ita
573 5028 742 5098 coni;
774 5028 930 5103 antea
951 5028 1195 5103 τόλμαις.

347 5096 438 5168 84)
473 5106 630 5158 Corr.
662 5096 845 5172 εἰγὰρ
876 5099 1097 5169 αἰσχρόν
1124 5115 1178 5150 τι
1206 5096 1320 5151 καί.

347 5105 438 5168 84)
473 5106 630 5158 Corr.
662 5105 710 5154 εἰ
737 5105 845 5172 γὰρ
876 5105 959 5152 aia

325 5105 440 5246 (85)
473 5176 630 5246 tiorr.
661 5172 959 5246 ἄνθρωπος.

326 5236 440 5316 (86)
472 5244 672 5316 Locu_m
706 5236 851 5316 hunc
894 5255 1064 5309 usque
1089 5240 1154 5293 ad
1191 5239 1279 5316 illa
1309 5239 1475 5293 verba
1520 5236 1832 5316 σὰρξῌεζναι

248 5310 494 5385 λέγεται,
518 5316 572 5367 in
597 5312 908 5385 Panopliam
937 5310 1430 5385 adversushrereses
1449 5325 1570 5385 cum
1596 5310 1718 5385 aliis
1741 5312 1832 5385 hu-

244 5379 344 5452 jus
373 5384 714 5439 antirrhetici
743 5382 1017 5452 excerptis
1044 5382 1226 5434 retulit
1260 5380 1581 5450 Euthymius
1610 5379 1831 5449 Z‘gabc-

251 5472 385 5519 uas,
417 5472 541 5523 pag.
567 5453 691 5515 526,
735 5467 875 5506 vers.
913 5451 1016 5517 Qui
1047 5466 1178 5504 vere.

329 5525 443 5595 (87)
474 5526 627 5579 Corr.
659 5524 819 5595 τότε.

331 5588 444 5663 (88)
480 5595 675 5648 Eadem
717 5593 827 5646 fere
852 5589 1318 5663 liabetNyssenus
1353 5590 1405 5643 in
1440 5589 1591 5663 Orat.
1623 5588 1697 5643 De
1723 5590 1833 5643 dci-

257 5660 370 5719 tate
424 5660 554 5719 Filii
606 5675 653 5719 ct
710 5662 940 5730 Spiritus
986 5661 1047 5716 S.
1082 5660 1129 5714 et
1185 5661 1261 5715 De
1317 5660 1603 5721 Abraham,
1668 5676 1835 5729 prope

260 5737 443 5791 tinem.

1932 4600 2077 4671 quod
2124 4608 2399 4652 terrenum
2418 4606 2502 4653 est
2528 4616 2542 4663 ;
2574 4600 2817 4669 itaqueet
2840 4601 2969 4653 illud
2998 4602 3220 4657 ewleste
3244 4604 3368 4657 talis
3384 4604 3506 4657 erit.

1938 4691 2052 4745 Duo
2095 4691 2180 4744 hic
2220 4689 2353 4755 lilii;
2400 4700 2453 4744 et
2486 4691 2602 4743 illic
2642 4706 2866 4760 quoque
2898 4692 3011 4746 duo
3049 4708 3274 4761 prorsus
3325 4704 3505 4748 erunt.

1939 4782 2096 4837 Unus
2124 4782 2181 4835 in
2211 4780 2304 4835 illo
2337 4781 2550 4836 cmlesti
2584 4781 2773 4849 Filius,
2802 4797 2932 4837 caro
2955 4792 3009 4838 et
3034 4784 3291 4840 divinitas
3317 4803 3333 4853 ;
3362 4785 3511 4841 istud

2005 4957 2117 5029 (89)
2152 4959 2310 5011 Corr.
2350 4959 2694 5029 ὲφευρίσκον.

2006 5028 2116 5095 (90)
2151 5029 2307 5099 Corr.
2342 5028 2722 5099 ἐπικρατοῦντί
2754 5046 2827 5080 τι.

2007 5098 2119 5170 (91)
2153 5098 2317 5170 lianc,
2343 5100 2756 5170 similitudinem
2812 5102 2949 5170 aceti
3003 5109 3171 5169 guttae
3232 5102 3368 5156 mari
3414 5102 3509 5155 im-

1936 5168 2140 5242 missm.
2166 5171 2246 5242 __in
2277 5168 2441 5242 simili
2513 5186 2699 5232 sensu,
2750 5168 2969 5225 adhibet
3012 5168 3300 5242 ’Nyssenus
3342 5171 3415 5223 lib
3456 5186 3508 5242 iv

1935 5239 2135 5295 Contra
2160 5238 2474 5293 Eunomium
2515 5249 2568 5294 et
2604 5243 2656 5294 in
2680 5242 2817 5294 libro
2846 5252 3029 5294 contra
3063 5238 3418 5307 Apollinarem
3437 5240 3507 5293 ad

1936 5308 2461 5379 'I‘heoplril1uu.Vide
2474 5308 2752 5365 Petavium
2775 5313 2827 5364 in
2845 5311 3273 5378 Thealogicorum
3288 5311 3509 5377 dogma-

1937 5391 2044 5434 tum
2081 5390 2119 5434 ι.
2147 5379 2233 5444 IV,
2268 5383 2359 5449 qui
2385 5390 2469 5435 est
2512 5381 2583 5434 Ue
2628 5382 3010 5449 incarnatione,
3043 5380 3136 5431 lib.
3187 5394 3231 5449 ι,
3261 5394 3383 5447 cap.
3420 5379 3507 5441 13,

1937 5467 2089 5503 num.
2122 5450 2174 5511 8,
2200 5460 2251 5504 et
2280 5446 2578 5518 praesertim
2611 5452 2701 5503 lib.
2736 5466 2790 5508 ι,
2819 5464 2938 5518 cap.
2962 5448 3177 5518 Lnum.
3204 5446 3237 5499 6
3266 5446 3506 5517 et'seqq.

1937 5521 2025 5572 ubi
2054 5517 2356 5589 Nysscnum
2421 5522 2520 5571 hoc
2570 5518 2817 5589 exemplo
2856 5517 3326 5589 Eutychianorum
3362 5533 3509 5570 erro-

1936 5585 2115 5643 rihus'
2139 5605 2244 5643 non
2299 5590 2595 5656 praaivisse,
2628 5588 2841 5641 erudite
2873 5586 3246 5651 demonstrat;
3279 5585 3330 5639 id
3362 5588 3508 5656 quod

1943 5660 2129 5713 multis
2150 5670 2274 5712 ante
2300 5656 2575 5711 Petavium
2604 5657 2819 5710 sazculis
2846 5657 3173 5713 Anastasius
3210 5656 3419 5713 Siuaita
3450 5658 3507 5713 in

1948 5728 2149 5797 Hodegi
2185 5743 2305 5795 cap.
2342 5729 2408 5781 15
2440 5725 2649 5780 erudite
2679 5726 2948 5795 pncstitit.
