4018 6124
499 258 641 315 1225

1691 241 1745 295 S.
1781 236 2108 295 GllEGORll
2147 233 2439 290 NYSSENI

3613 219 3760 280 Ιὲὶιί

497 387 548 432 et
583 380 635 432 in
661 387 875 430 terreno
913 371 1093 423 locum
1145 368 1326 422 habet.
1391 364 1524 418 Nam
1583 378 1706 417 cum
1743 369 1941 416 creata:
1976 376 2066 414 res.

2191 359 2407 420 ’ίνεται,
2444 349 2987 424 συμμεταποιηθεῖσα
3041 348 3107 416 τῇ
3155 339 3423 406 θαλασσίᾳ
3470 339 3761 407 ποιότητι,

499 471 765 522 universa:
824 477 853 514 a
911 459 1097 514 divina
1137 456 1446 513 substantia
1503 453 1791 523 aequaliter
1839 452 2065 511 distent,

497 558 618 610 ideo
652 570 682 606 a
715 553 895 606 Patris
925 559 1121 605 natura
1162 557 1274 602 tam
1307 548 1543 601 alienum
1603 559 1722 598 esse
1790 551 2064 598 terrenum

497 646 642 717 quod
683 653 790 707 est,
828 657 989 712 quam
1025 639 1169 710 quod
1215 638 1437 693 cmleste
1489 633 1742 688 fatemur.
1808 631 2070 702 Superest

498 747 682 790 autem
716 743 773 788 ut
807 732 1072 803 quidquid
1104 729 1385 800 proposito
1420 724 1762 792 consilioque
1797 721 2070 776 heneliciis

501 829 755 882 homines
791 824 1058 878 alliciendi
1095 821 1374 891 congruit,
1415 817 1466 871 id
1508 831 1669 868 omne
1705 815 1915 884 potiore
1949 812 2072 881 jure

500 924 567 976 de
598 921 709 974 Deo
739 919 1053 988 opinemur.
1092 912 1284 968 Restat
1333 923 1550 980 quoque
1586 915 1644 960 ut
1700 921 1824 960 eum
1875 917 2072 958 nomen

501 1011 648 1081 quod
680 1011 728 1064 ei
761 1009 979 1078 proprie
1033 1005 1326 1060 conveniat
1360 1015 1470 1054 non
1533 998 1860 1067 reperiatur,
1886 1009 1953 1048 ex
2009 1006 2075 1047 eo

501 1103 650 1174 quod
703 1101 788 1155 in'
817 1101 938 1169 ipso
1001 1098 1208 1153 eminet
1246 1092 1618 1160 abundatque,
1655 1087 1987 1158 appelletur.
2010 1083 2077 1136 Et

501 1193 965 1264 quemadmodum
1009 1190 1062 1243 in
1129 1187 1268 1241 mari
1325 1184 1526 1238 accidit
1581 1188 1634 1234 ut
1673 1179 1720 1233 si
1777 1178 1902 1247 quis
1935 1176 2077 1230 aceti

504 1295 712 1356 guttam
744 1284 798 1336 in
835 1280 970 1334 illud
1011 1278 1244 1346 injiciat,
1289 1283 1443 1343 gutta
1494 1271 1720 1343 quidem
1767 1269 1862 1321 illa
1927 1281 2079 1321 mare

507 1375 622 1439 ﬁat,
654 1375 708 1427 in
739 1386 892 1440 aqua:
932 1369 1156 1422 marinae
1187 1366 1506 1436 qualitatem
1558 1365 1960 1414 transmutata:
2005 1357 2080 1409 ita

507 1468 600 1536 qui
643 1463 700 1517 in
748 1477 914 1517 carne
967 1458 1280 1513 hominibus
1333 1453 1715 1524 manifestatus
1765 1456 1866 1514 est,
1919 1462 2082 1503 verus

2167 447 2340 508 οὕτως
2371 447 2399 498 6
2421 442 2666 514 ἀληθινὸς
2693 440 2818 502 Υἱὸς
2853 438 2946 493 καὶ
2981 436 3273 508 μονογενὴς
3295 428 3530 492 Θεὸς,τδ
3559 427 3764 498 ἀπρόσ-

2174 557 2281 592 ιτον
2309 537 2444 606 φῶς,
2471 534 2562 588 καὶ
2587 537 2621 602 ἡ
2655 530 2902 600 αὑτοζωὴ
2938 528 3098 597 σοφία
3120 542 3180 577 τε
3212 524 3304 575 καὶ
3337 521 3613 590 ἁγιασμὸς
3636 559 3651 582 ,
3672 519 3766 569 καὶ

2169 629 2418 700 δύναμις,
2457 629 2548 682 καί
2581 628 2686 680 πᾶν
2721 624 2922 694 ὑψηλὸν
2954 620 3127 692 όνομά
3154 637 3213 672 τε
3243 618 3336 672 καὶ
3365 610 3767 684 νόημα,ταῦτα

2171 721 2200 772 6
2225 718 2314 772 διὰ
2356 717 2558 790 σαρκὸς
2579 713 2914 786 φανερωθεὶς
2967 713 3084 774 τοῖς
3125 705 3433 779 ἀνθρώποις
3469 703 3609 757 ὲστί.
3631 700 3767 769 στῆς

2172 811 2229 864 δὲ
2251 811 2450 880 σαρκὸς
2480 809 2613 880 (9‘2),
2646 809 2710 877 τῇ
2757 807 2862 876 ἰδίᾳ
2911 802 3072 872 φύσει
3127 799 3328 872 σαρκὸς
3357 796 3548 865 οὖα-ης,
3596 809 3770 862 μετα-

2175 901 2494 973 ποιηθείσης
2523 900 2580 953 δὲ
2611 898 2746 970 πρὸς
2777 896 2837 949 τὸ
2871 895 2971 964 τῆς
3012 892 3320 963 ἀφθαρσίας
3350 887 3464 960 (95)
3499 885 3766 952 πέλαγος,

2176 993 2358 1057 καθώς
2387 1011 2550 1064 φησιν
2579 993 2608 1044 ὁ
2645 987 2966 1050 Ἀπόστολος
2986 1026 2999 1048 ,
3031 986 3112 1038 ὃτι
3143 981 3432 1050 Κατεπόθη
3462 977 3528 1030 τὸ
3571 975 3770 1045 θνητὸν

2177 1086 2282 1138 ὑπὸ
2318 1085 2416 1155 τῆς
2463 1083 2606 1153 ζωῆς
2629 1124 2643 1148 ,
2679 1076 3100 1150 συμμετεϐλήθη
3135 1075 3230 1128 καὶ
3274 1073 3456 1126 πάντα
3499 1067 3574 1122 τὰ
3625 1065 3769 1119 κατά

2177 1176 2276 1248 τὴν
2323 1175 2499 1246 σάρκα
2539 1173 2662 1225 τότε
2708 1170 3010 1241 φαινόμενα
3075 1167 3210 1236 πρὸς
3254 1165 3353 1234 τὴν
3390 1163 3544 1216 θείαν
3584 1177 3649 1212 τε
3676 1159 3768 1211 καὶ

2179 1270 2454 1340 ἀκήρατον
2474 1266 2636 1335 φύσιν
2667 1282 2681 1295 ·
2715 1265 2774 1316 οὐ
2813 1262 3110 1334 βάρος,οὐκ
3137 1257 3297 1320 εἶδος.
3335 1256 3396 1308 οὐ
3427 1252 3648 1324 χρῶμα,
3669 1251 3770 1304 οὐκ

2181 1354 2491 1418 ἀντιτυπία,
2523 1354 2583 1405 οὐ
2614 1350 2942 1422 μαλακότης,
2971 1349 3070 1418 οὐχ
3096 1349 3129 1418 ἠ
3158 1344 3302 1399 κατά
3327 1344 3386 1396 τὸ
3417 1343 3587 1395 ποσὸν
3617 1357 3774 1410 περι-

2182 1446 2390 1517 γραφὴ.
2427 1445 2526 1498 οὐκ
2572 1443 2701 1498 ἀλλο
2744 1460 2800 1494 τι
2852 1441 2958 1494 τῶν
3005 1441 3129 1492 τότε
3162 1434 3589 1506 καθορωμένων,
3621 1431 3776 1484 οὐδὲν

514 1521 738 1620 quidem
785 1557 870 1606 est
922 1547 1096 1602 Filius
1149 1553 1204 1601 et
1239 1521 1553 1614 unigenitus
1603 1541 1783 1605 Deus,
1845 1539 2085 1607 itemque

2191 1535 2524 1606 παραμένει,
2553 1535 2650 1604 τῆς
2697 1533 2833 1603 πρὸς
2869 1532 2931 1584 τὸ
2965 1530 3119 1582 Θεῖον
3171 1525 3529 1596 ἀνακράσεως
3584 1524 3669 1585 εἰς
3711 1521 3778 1576 τὰ

510 1643 696 1696 lumen
748 1637 1154 1699 inaccessibile,
1191 1642 1246 1689 et
1299 1648 1396 1703 per
1424 1646 1483 1687 se
1539 1630 1710 1699 ipsam
1745 1627 1935 1682 vivens
1993 1641 2084 1679 sa-

2191 1626 2343 1679 θεῖκά
2375 1625 2635 1696 ἰδιώματα
2677 1624 2738 1676 τὸ
2767 1620 3020 1676 ταπεινὸν
3055 1619 3156 1688 τῆς
3207 1615 3521 1688 σαρκώδους
3555 1614 3779 1680 φύσεως

512 1729 743 1800 pientia,
772 1735 825 1781 et
849 1723 1236 1786 sanetilieatio,
1273 1728 1327 1776 et
1357 1720 1558 1779 virtus,
1585 1726 1640 1771 et
1665 1715 1930 1786 quidquid
1953 1713 2081 1768 sub-

2191 1715 2578 1785 ἀναλαϐούσης.
2625 1714 2738 1784 (94)
2767 1713 2931 1764 Ὥστε
2985 1708 3230 1771 κίνδυνός
3276 1707 3427 1758 ἐστιν
3479 1705 3660 1767 οὐδεὶς
3700 1707 3777 1765 εἰς

510 1794 640 1873 lime
666 1817 773 1872 diei
809 1824 904 1870 aut
928 1813 1162 1885 cogitari
1190 1818 1386 1882 potest.
1415 1811 1484 1862 At
1507 1823 1690 1871 carne,
1721 1821 1840 1876 qua:
1864 1803 2083 1875 propria

2191 1807 2415 1880 τετράδα
2447 1809 2577 1877 ἡμῖν
2625 1806 2714 1858 τὸν
2745 1804 2844 1874 τῆς
2883 1801 3111 1873 Τριάδος
3159 1799 3314 1866 λόγον
3367 1794 3773 1855 πλατύνεσθαι,

514 1918 710 1964 natura
773 1921 902 1961 caro
961 1913 1068 1969 est,
1138 1903 1194 1957 in
1258 1899 1798 1970 incorruptibilitatis
1862 1898 2085 1966 pelagus

2191 1897 2372 1962 καθὼς
2413 1901 2442 1951 ὁ
2487 1896 2856 1968 Ἀπολινάριος
2888 1895 3058 1961 λέγει,
3091 1891 3210 1944 οὐδὲ
3246 1888 3373 1951 τοὺς
3406 1886 3677 1956 ἀγγέλους
3702 1885 3778 1954 τῷ

514 2008 905 2062 transmutata,
939 1995 1402 2067 quemadmodum
1437 1991 1514 2045 ait
1548 1989 1843 2059 Apostolus
1866 1989 1932 2052 “,
1975 1987 2086 2040 Ab-

515 2101 764 2162 sorptum
799 2093 971 2145 fuisse
998 2085 1146 2158 quod
1184 2085 1412 2139 mortale
1437 2092 1520 2138 est
1550 2097 1581 2136 a
1613 2084 1743 2145 vita,
1787 2095 1894 2134 una
1925 2079 2087 2134 etiam

515 2200 642 2239 cum
674 2185 791 2252 ipsa
820 2196 987 2235 carne
1049 2184 1249 2232 cuncta
1305 2192 1427 2245 qua:
1487 2174 1789 2234 secundum
1843 2170 2090 2226 eamdem

515 2290 744 2332 carnem
778 2285 909 2328 tunc
939 2276 1335 2342 apparuerunt,
1367 2268 1424 2320 in
1468 2266 1708 2319 divinam
1763 2271 1818 2318 et
1868 2262 2091 2315 immor-

518 2367 683 2420 talem
716 2371 970 2417 naturam
995 2365 1326 2414 commutata
1363 2363 1528 2419 sunt;
1559 2369 1665 2408 non
1696 2351 1932 2423 pondus,
1983 2365 2092 2404 non

519 2455 716 2519 forma,
761 2469 872 2507 non
903 2451 1073 2514 color,
1141 2464 1250 2503 non
1301 2445 1613 2508 renitentia,
1654 2457 1764 2497 non
1813 2441 2089 2503 mollities,

520 2562 630 2602 non
653 2561 932 2616 corporeae
960 2542 1283 2614 quantitatis
1311 2536 1774 2604 circumscriptio,
1805 2549 1913 2587 non
1943 2531 2093 2586 aliud

521 2637 802 2707 quidpiam
832 2649 1020 2689 eorum
1049 2647 1171 2701 quae
1201 2639 1331 2684 tunc
1361 2630 1416 2683 in
1443 2629 1564 2699 ipso
1591 2625 2090 2695 conspiciebantur,

521 2725 859 2798 permansit;
888 2722 1269 2776 commistione
1302 2719 1513 2774 scilicet
1538 2731 1658 2785 quae
1717 2729 1841 2768 cum
1891 2713 2090 2766 divini-

523 2826 638 2873 tate
664 2817 802 2871 l'acta
839 2813 965 2881 fuit,
999 2828 1215 2869 carnea;
1241 2817 1452 2866 naturae
1483 2807 1842 2862 humilitatem
1880 2804 1935 2857 in
1971 2819 2097 2874 pro-

525 2914 822 2983 prietatum
856 2908 1168 2964 divinarum
1223 2903 1562 2962 consortium
1609 2908 1944 2958 assumente.
1987 2898 2097 2952 Ita-

526 3019 633 3075 que
659 3003 873 3057 nullum
905 3001 1066 3054 nobis
1099 2996 1400 3068 periculum
1447 2999 1556 3059 est,
1589 3007 1658 3046 ne
1701 2991 1756 3045 in
1805 2998 2098 3060 quaterna—

527 3098 668 3147 rium
706 3107 993 3146 numerum
1036 3089 1324 3144 Trinitatis
1374 3087 1694 3158 mysterium
1749 3083 2094 3145 extendatur,

527 3197 588 3240 ut
625 3185 964 3252 Apollinaris
996 3183 1093 3248 ait,
1125 3195 1303 3251 neque
1349 3179 1572 3249 angelos
1607 3178 1661 3230 in
1697 3174 1934 3230 hominis
1983 3189 2099 3229 ser-

526 3277 754 3330 vitutem
787 3273 1105 3344 redigimus,
1149 3279 1209 3326 ut
1238 3271 1292 3324 in
1325 3284 1425 3324 sua
1459 3268 1724 3322 adversus
1756 3282 1857 3321 nos
1915 3265 2099 3319 l‘abula

527 3368 742 3421 asserit.
777 3364 896 3419 Non
933 3365 1078 3420 enim
1111 3361 1319 3416 homini
1345 3360 1591 3414 serviunt
1615 3356 1708 3425 qui
1739 3355 1970 3410 Domino
2011 3371 2094 3409 se-

528 3459 677 3528 ipsos
712 3458 1000 3519 inclinant,
1039 3469 1216 3523 neque
1241 3467 1364 3507 eum
1388 3449 1618 3502 adorare
1644 3447 1976 3501 erubescunt
2005 3447 2096 3517 qui

449 3557 454 3562 '
526 3563 698 3602 carne
729 3559 983 3614 suscepta
1014 3548 1068 3598 in
1101 3546 1204 3598 hoc
1240 3541 1445 3595 mundo
1491 3546 1742 3594 versatus
1777 3546 1882 3595 est.
1964 3539 2098 3595 Nam

526 3655 645 3690 cum
679 3639 968 3691 introducit
997 3634 1425 3705 primogenitum,
1451 3632 1644 3701 inquit,
1687 3632 1743 3685 in
1790 3633 1965 3687 orbem
1999 3644 2102 3688 ter-

531 3747 625 3792 rw,
654 3727 829 3781 dicit:
870 3727 939 3781 Et
990 3729 1209 3783 adorent
1264 3743 1382 3778 eum
1434 3739 1610 3777 omnes
1677 3725 1850 3792 angeli
1898 3725 2009 3794 ejus
2038 3726 2098 3780 ¹⁹.

2188 1986 2461 2058 ἀνθρώπῳ
2501 1985 2984 2054 δουλαγοιγοῦμεν,
3011 1982 3086 2045 ὼς
3130 1981 3158 2032 6
3187 1979 3397 2032 ἐκείνου
3437 1976 3610 2047 μῦθος
3658 1974 3774 2028 καθ’

2189 2078 2344 2148 ἡμῶν
2371 2077 2540 2146 λέγει.
2573 2078 2646 2130 Οὐ
2676 2077 2785 2146 γὰρ
2821 2072 3095 2145 ἀνθρώπῳ
3127 2068 3472 2123 δουλεύουσιν
3497 2068 3548 2118 οἱ
3573 2065 3652 2134 τῷ
3683 2067 3778 2116 Δε-

2195 2170 2368 2241 σπότῃ
2397 2171 2620 2232 ἑαυτοὺς
2645 2169 2756 2240 (95)
2797 2165 3199 2224 ὑποκύπτοντες
3218 2202 3232 2225 ,
3261 2159 3381 2212 οὐδὲ
3427 2155 3782 2226 ἐπαισχύιρον-

2191 2278 2280 2317 ται
2305 2258 2732 2332 προσκυνοῦντες
2771 2257 2847 2329 τῷ
2881 2255 2967 2310 διὰ
2997 2254 3199 2325 σαρκὸς
3231 2255 3297 2323 τῇ
3329 2248 3627 2317 οἰκουμένῃ
3663 2249 3782 2297 ἑπι-

2191 2357 2254 2425 δη
2265 2356 2511 2425 μήσαντι·
2546 2350 2682 2423 [96])
2692 2352 2825 2404 Ὅτε
2845 2352 2948 2420 γὰρ
2960 2345 3247 2414 εἰσαγάγῃ
3263 2344 3369 2408 τρν
3380 2339 3779 2409 πρωτότοκον,

2194 2446 2377 2517 φησὶν,
2409 2448 2494 2510 εἰς
2523 2444 2640 2511 τὴν
2666 2440 3048 2510 οἰκουμένην,
3077 2437 3269 2505 λέγει,
3299 2433 3404 2488 Καὶ
3434 2444 3782 2498 προσκυνη-

2194 2537 2477 2591 σάτωσαν
2497 2534 2655 2600 αὐτῷ
2673 2534 2894 2599 πάντες
2917 2531 3158 2600 ἄγγελοι
3193 2527 3303 2594 (97)
3329 2523 3561 2589 αὐτοῦ).
3579 2520 3698 2575 Μία
3728 2519 3785 2572 δὲ

2196 2629 2397 2690 εἴσοδος
2416 2629 2507 2680 ἐπὶ
2536 2628 2636 2697 τὴν
2667 2625 2778 2696 (98)
2799 2621 3141 2693 οἰκουμένην,
3161 2622 3194 2690 ἡ
3224 2617 3312 2671 διὰ
3340 2614 3433 2668 τοῦ
3459 2615 3620 2666 τόκου
3643 2610 3781 2669 ἐστὶ,

2197 2719 2290 2772 καὶ
2349 2719 2448 2771 οὐκ
2490 2717 2650 2771 ἐστιν·
2671 2717 2870 2787 ἑτέρως
2926 2714 3076 2775 ὲντδς
3125 2709 3220 2763 τοῦ
3258 2708 3370 2778 βίου
3420 2705 3531 2759 τῶν
3569 2701 3783 2773 ἀνθρώ-

2200 2827 2315 2865 πων
2350 2809 2621 2878 γενέσθαι,
2658 2807 2731 2879 μὴ
2759 2805 2864 2878 (99)
2887 2804 3059 2876 ταύτῃ
3078 2804 3142 2872 τῇ
3185 2799 3374 2870 εἰσόδῳ
3412 2795 3782 2868 χρησάμενον.
3829 2828 3832 2829 ν

2199 2902 2406 2956 Οὐκοῦν
2435 2901 2532 2972 τὴν
2563 2901 2649 2954 διὰ
2683 2899 2884 2971 σαρκὸς
2914 2894 3079 2950 αὐτοῦ
3102 2895 3313 2963 γένεσιν
3343 2887 3549 2943 εἴσοδον
3584 2888 3667 2948 εἰς
3688 2886 3786 2954 τὴν

2199 2994 2524 3065 οἰκουμένην
2558 2990 2812 3060 ὀνομάζει
2853 2990 2881 3041 6
2911 2987 3087 3054 λόγος.
3132 2988 3196 3040 Εἰ
3223 2980 3314 3038 οὖν
3345 2981 3644 3037 εἰσελθόντι
3687 2980 3788 3032 αὑ-

2203 3086 2279 3154 τῷ
2309 3086 2385 3156 (Ι)
2413 3088 2491 3147 εἰς
2533 3084 2628 3153 τὴν
2673 3080 2996 3150 οἰκουμένην
3052 3078 3252 3140 πάντες
3291 3072 3695 3146 προσκυνοῦσιν
3737 3072 3788 3124 οἰ

2203 3177 2449 3246 ἄγγελοι,
2483 3177 2516 3246 ἡ
2556 3175 2612 3228 δὲ
2659 3173 2859 3234 εἴσοδος
2903 3171 2990 3224 διὰ
3041 3169 3238 3240 σαρκός
3276 3168 3353 3238 (9.)
3383 3169 3500 3220 ἐστι
3550 3165 3788 3233 γένεσις,

2202 3272 2300 3340 οὺλ
2330 3271 2486 3340 ἡμεῖς
2525 3263 2978 3333 δουλαγωγοῦμεν
3009 3262 3084 3332 τῷ
3114 3259 3368 3330 -Δεσπότῃ
3396 3259 3458 3310 τὸ
3481 3257 3615 3310 [διον
3648 3254 3791 3322 κτῆ-

2207 3381 2310 3434 μα·
2341 3361 2457 3414 ἀλλ’
2493 3359 2631 3428 αὐτὴ
2657 3357 2765 3410 τῶν
2795 3356 3044 3424 ἀγγέλων
3077 3356 3110 3424 ἡ
3150 3354 3309 3423 φύσις
3335 3351 3436 3404 οὐκ
3474 3349 3666 3417 ἀγνοεῖ
3692 3347 3790 3414 τὴν

2205 3449 2606 3521 ὑπερκειμένην
2653 3446 2853 3514 ἑαυτῆς
2889 3443 3206 3498 δεσποτείαν
3238 3442 3336 3513 (5).
3378 3441 3544 3492 Ὥστε
3581 3436 3792 3504 σιγάτω

2209 3541 2483 3612 προτιθεὶς
2515 3540 2592 3609 (4)
2627 3541 2810 3590 ἐκεῖνα
2865 3535 2944 3606 τῷ
2987 3535 3131 3606 λόγῳ
3176 3533 3245 3586 τά
3298 3531 3536 3602 μάταια,
3570 3526 3639 3580 τὰ
3680 3524 3793 3578 ἄνω

2213 3633 2472 3704 ποιοῦμεν
2531 3632 2707 3695 κάτω,
2749 3628 3039 3699 θεοφόρους
3089 3625 3354 3695 ἀγγέλους
3411 3619 3661 3690 θεοφόρῳ
3699 3615 3798 3670 ἀνα

2211 3727 2238 3780 θ
2246 3725 2413 3798 ρώπῳ
2445 3719 2915 3782 καταδουλοῦντες.

528 3821 698 3876 Porro
734 3835 928 3892 praeter
982 3832 1198 3891 partum
1244 3819 1390 3872 nulla
1449 3834 1679 3888 prorsus
1735 3828 1816 3872 est
1851 3815 1902 3870 in
1963 3816 2103 3871 hanc
2141 3796 2307 3872 vitam
2385 3814 2722 3886 ingrediendi
2789 3813 2953 3876 ratio,
3005 3823 3108 3864 nec
3163 3812 3345 3878 potest
3400 3800 3682 3874 quispiam
3739 3796 3792 3850 in

530 3912 813 3966 hominum
848 3912 956 3964 vita
987 3908 1337 3972 commorari,
1377 3908 1485 3961 nisi
1520 3907 1624 3960 hac
1678 3907 1762 3959 via
1813 3904 1976 3960 fuerit
2013 3907 2316 3976 ingressus.
2355 3905 2421 3959 Et
2461 3906 2588 3960 hinc
2616 3912 2698 3959 est
2763 3904 2910 3973 quod
2979 3901 3101 3972 ejus
3151 3901 3207 3954 in
3279 3909 3450 3952 carne
3525 3892 3792 3946 nativita-

533 4013 638 4057 tem
670 4002 974 4071 ingressum
1012 4001 1352 4054 inmundum
1384 3998 1668 4068 Scriptura
1707 4005 2007 4066 nuncupat.
2061 3997 2116 4051 Si
2157 3998 2323 4068 igitur
2381 3999 2558 4068 ipsum
2598 3997 2653 4051 in
2699 3997 2886 4051 orbem
2931 4006 3202 4049 terrarum
3255 3991 3570 4060 ingressum
3613 3979 3796 4054 angeli

530 4104 721 4146 omnes
757 4091 1011 4157 adorant,
1045 4106 1108 4145 ac
1135 4090 1255 4160 ejus
1287 4090 1570 4160 ingressus
1603 4088 1720 4157 ipsa
1755 4096 1838 4142 est
1888 4089 1945 4142 in
1974 4103 2139 4144 carne
2177 4090 2454 4154 nativitas,
2483 4107 2594 4146 non
2626 4105 2690 4146 ea
2722 4106 2847 4160 qua:
2889 4085 3101 4142 Domini
3138 4085 3250 4154 jam
3314 4079 3458 4151 juris
3489 4087 3622 4133 sunt
3694 4088 3797 4130 nos

530 4180 762 4238 Domino
787 4181 1147 4250 subjieimus;
1199 4181 1292 4235 sed
1353 4182 1472 4251 ipsa
1528 4181 1846 4250 angelorum
1899 4187 2097 4233 natura
2167 4197 2322 4236 suam
2396 4181 2627 4238 Domino
2677 4179 3078 4251 subjectionem
3128 4190 3237 4230 non
3297 4173 3542 4243 ignorat.
3605 4168 3796 4236 Itaque

530 4275 687 4331 sileat
713 4273 801 4327 ille
831 4273 924 4341 qui
987 4281 1191 4327 temere
1223 4286 1288 4326 ac
1324 4271 1562 4325 inaniter
1615 4271 1812 4326 asserit
1869 4286 1971 4326 nos
2021 4284 2085 4326 ea
2158 4288 2278 4342 qua:
2346 4287 2566 4330 sursum
2617 4279 2749 4329 sum,
2777 4272 3038 4327 deorsum
3090 4274 3325 4331 vertere,
3362 4263 3492 4319 dum
3545 4257 3792 4314 deiferos

533 4364 756 4436 angelos
786 4362 996 4418 homini
1025 4362 1234 4417 deil‘ero
1264 4363 1661 4432 mancipamus.

605 4476 787 4535 XLlIl.
828 4477 925 4534 His
954 4481 1119 4534 etiam
1149 4479 1384 4550 scriptor
1405 4477 1554 4532 addit
1581 4496 1593 4531 :
1621 4476 1682 4532 Si
1713 4477 1801 4531 ille
1821 4479 1910 4547 qui
1936 4476 2088 4530 Deum

2281 4476 2399 4527 Ἔτι
2431 4475 2567 4545 πρὸς
2595 4474 2804 4536 τούτοις
2841 4469 3041 4543 φησίν·
3077 4469 3145 4521 Et
3178 4469 3211 4520 ὁ
3239 4465 3392 4520 Θεὸν
3429 4463 3788 4534 δεξάμενος,

531 4573 774 4642 suscipit,
832 4570 976 4626 Deus
1015 4587 1165 4624 verus
1203 4579 1302 4635 est,
1359 4570 1514 4622 multi
1558 4570 1736 4639 utique
1782 4569 1860 4622 dii
1907 4578 2101 4633 essent,

533 4663 782 4732 quoniam
829 4661 983 4714 multi
1020 4659 1185 4714 Deum
1214 4659 1526 4725 suscipiunt.
1565 4657 1676 4714 Nos
1710 4673 1839 4713 vero
1875 4657 2006 4727 quid
2039 4656 2106 4711 ad

537 4753 682 4809 haec?
713 4751 870 4819 Quod
911 4749 1129 4822 quidem
1173 4749 1313 4804 Deus
1347 4757 1461 4804 erat
1504 4749 1560 4804 in
1590 4746 1821 4814 Christo,
1852 4749 2106 4801 mundum

615 4932 651 4961 ”
691 4931 734 4986 ll
769 4931 893 4986 Cor.
948 4947 1000 4994 ν,
1036 4930 1088 4984 4.
1193 4931 1235 4961 ³³
1277 4928 1438 4995 Hebr.
1501 4945 1539 4990 ι,
1593 4927 1646 4982 6.

569 5083 717 5227 ἦξξ)
761 5083 838 5136 lla
905 5097 1052 5138 corr.
1104 5083 1401 5154 antiquus;
1460 5091 1655 5147 antea,
1711 5081 1912 5152 σαρκός
1967 5082 2082 5132 ἐστι

545 5173 601 5208 ιη
632 5173 697 5208 ιο.

576 5210 718 5295 ⁸’(95)
745 5223 900 5295 Gorr.
935 5220 1034 5290 τῆς
1063 5219 1375 5295 ἀθανασίας.

604 5288 716 5365 (94)
750 5293 925 5348 Locus
953 5288 1051 5347 iste
1081 5291 1340 5365 usquead
1383 5288 1540 5365 linem
1582 5289 1755 5365 hujus
1769 5304 1897 5365 cap.
1925 5289 2102 5343 editus

534 5359 621 5418 est
655 5359 708 5417 in
736 5373 881 5418 tomo
917 5365 930 5416 Ι
984 5359 1208 5430 operum
1245 5359 1496 5432 Nysseni,
1516 5375 1634 5428 pag.
1687 5359 2101 5432 879,_tanquam

537 5432 897 5502 fragmentum
928 5429 1046 5487 libri
1094 5429 1380 5501 cujusdam
1414 5430 1678 5484 adversus
1712 5429 2098 5499 Apollinarem.

611 5504 722 5564 (95)
766 5502 920 5556 Edita
955 5503 1180 5555 ἑαυτῶν.

611 5508 704 5564 (95
767 5508 920 5556 Edita
955 5508 1180 5555 ἑαυτῶν.

753 5570 875 5627 ι-Ιωο
905 5588 1076 5642 usque
1104 5573 1170 5626 ad
1196 5572 1360 5627 alium
1395 5568 1798 5626 scmicirculum
1827 5568 2022 5624 desunt
2052 5569 2102 5620 in

2214 4567 2356 4631 Θεός
2385 4565 2556 4619 ἐστιν
2581 4564 2884 4633 ἀληθινὸς,
2911 4559 3127 4615 πολλοὶ
3151 4558 3227 4612 ἂν
3249 4553 3375 4612 εἷεν
3405 4555 3552 4622 0εοί,
3586 4555 3788 4621 ἐπειδὴ

2212 4653 2428 4707 πολλοὶ
2455 4653 2729 4722 δέχονται
2761 4654 2866 4707 τὸν
2907 4653 3074 4705 Θεόν.
3108 4650 3172 4702 Τί
3205 4643 3299 4701 οὖν
3333 4648 3427 4700 καὶ
3463 4648 3600 4718 πρὸς
3639 4644 3788 4698 τοῦτο

2212 4745 2405 4814 ἡμεῖς
2445 4745 2563 4796 ’Ὁτι
2608 4743 2708 4812 μὲν
2764 4743 2816 4794 '0
2853 4741 2997 4807 Θεὸς
3028 4739 3110 4808 ἦν
3158 4739 3226 4792 ἐν
3264 4736 3527 4806 Χριστῷ,
3566 4738 3788 4805 κόσμον

2281 5077 2390 5146 (97)
2416 5077 2570 5132 Corr.
2600 5079 2648 5130 oi
2679 5079 2918 5146 ἄγγελοι.

2283 5145 2392 5218 (98)
2423 5149 2560 5218 Cprr
2610 5150 2688 5210 εἰς
2717 5145 2836 5218 τήν.

2283 5217 2602 5356 (Ι99ἐήΕάἰιο
2658 5219 2807 5280 ἐντὸς
2841 5218 2932 5270 τοῦ
2990 5218 3104 5287 βίου
3159 5218 3410 5286 γενέσθαι
3459 5219 3553 5272 τὸν
3581 5217 3784 5290 ἀνθρω-

2212 5305 2332 5349 πον,
2365 5305 2460 5349 μη.

2283 5306 2526 5426 (ἡμέιίίῑ.
2558 5357 2888 5419 εἰσελθόντος
2919 5359 3102 5412 αὐτοῦ.

2283 5427 2358 5493 (Ξ)
2392 5427 2532 5480 ΕιΙίι.
2561 5429 2592 5496 ἡ
2619 5428 2705 5480 διὰ
2738 5428 2956 5496 σαρκός.

2283 5498 2357 5566 (5)
2389 5497 2527 5550 Edit.
2571 5497 2969 5568 ὑπερκειμένην
2999 5497 3144 5568 αὐτῷ
3172 5496 3513 5554 δεσποτείαν.

2284 5569 2360 5637 (4)
2392 5568 2503 5621 Edit
2519 5607 2530 5620 .
2565 5566 2892 5637 προστιθείς.
