3934 6146
192 242 319 301 i925

1329 247 1702 310 ADVERSUS
1748 252 2262 309 APOLLINAREM.

3288 255 3426 316 1226

183 354 368 421 ἑαυτῷ
385 358 846 423 καταλλάσσων,
873 360 1055 424 ἱκανὸς
1075 359 1154 424 είς
1187 367 1492 437 μαρτυρίαν
1515 370 1543 421 ὁ
1576 368 1748 438 μέγας

1852 366 2200 423 reconcilians
2236 367 2423 431 sibi”,
2474 365 2632 422 testis
2678 365 2907 422 idoneus
2954 381 3017 421 ac
3056 367 3298 439 locuples
3344 376 3427 423 est

186 444 410 510 Παῦλος.
445 448 509 500 El
536 448 591 501 δέ
616 448 704 502 διὰ
730 450 887 505 τοῦτο
919 454 1087 507 οῐεται
1120 456 1148 507 6
1173 458 1510 529 λογογράφος
1549 460 1753 531 πλῆθος

181 536 319 594 θεῶν
347 540 475 610 παρ’
516 540 672 611 ήμῶν
720 542 1102 613 ἐπεισάγεσθαι
1139 547 1216 618 τῷ
1267 549 1602 620 κηρύγματι,
1672 554 1754 605 ὅτι

182 627 544 699 ὁμολογοῦμεν
575 632 633 682 ἐν
671 633 892 703 Χριστῷ
937 635 1027 689 τὸν
1061 636 1193 690 Θεὸν
1238 639 1413 710 ἐαυτῷ
1446 641 1523 711 (5)
1550 642 1753 695 καταλ-

180 718 396 772 λάσσειν
439 719 529 772 τὸν
568 721 794 792 κόσμον,
837 725 913 788 ὡς
945 727 1038 780 καὶ
1070 728 1129 780 ἐν
1173 730 1478 800 ἀνθρώποις
1498 732 1591 785 τοῦ
1617 732 1752 786 Θεοῦ

179 811 482 880 γινομένου,
529 813 702 867 ταῦτα
747 817 1161 889 ἀπολογούμεθα
1186 819 1282 891 (6)'
1310 824 1373 875 Εί
1414 824 1605 877 πολλα).
1647 843 1752 896 μη-

178 902 333 973 τέρες
361 903 642 975 παρθένοι,
682 907 776 959 κα)⁸
825 908 963 979 πρὸς
1002 909 1202 974 πολλὰς
1229 912 1259 981 ή
1285 915 1640 982 μυσταγωγία
1657 914 1750 968 τοῦ

178 993 441 1064 Γαϐριὴλ,
488 996 583 1049 καὶ
612 996 749 1066 πρὸς
777 998 1014 1070 ἑκάστην
1049 1002 1083 1070 ἠ
1118 1000 1213 1053 τοῦ
1248 1002 1399 1069 ἁγίου
1436 1003 1753 1072 Πνεύματος

174 1085 475 1150 ἑπέλευσις,
521 1086 616 1140 καὶ
660 1090 692 1157 ἡ
745 1092 839 1160 τῆς
876 1089 969 1143 τοῦ
1008 1091 1260 1161 Ὑψίστου
1293 1094 1574 1164 δυνάμεως
1611 1088 1775 1166 παρέ

171 1175 359 1227 ουσίαο
421 1176 515 1228 καὶ
559 1179 607 1230 εἰ
652 1180 779 1249 περ).
837 1180 912 1249 (7)
959 1182 1167 1235 πολλῶν
1219 1185 1266 1235 οί
1310 1186 1581 1255 προφῆται
1651 1186 1750 1257 τὴν

174 1266 335 1335 χάριν
370 1268 750 1337 κηρύσσουσιν,
787 1270 926 1324 ὥστε
967 1272 1340 1344 πληθυντικῶς
1375 1276 1573 1344 λέγειν,
1610 1280 1750 1331 Παι-

171 1355 258 1407 δία
286 1356 654 1427 ἐγεννήθησαν
699 1361 829 1429 ἡμῖν
856 1361 931 1432 (8)
963 1361 1090 1433 (καὶ
1130 1364 1234 1417 υίοὶ
1263 1364 1521 1435 ἐδόθησαν
1564 1366 1748 1437 ἡμῖν),

171 1446 268 1498 καὶ
295 1447 360 1498 Αἱ
396 1448 652 1518 παρθένοι
682 1452 738 1503 ἐν
766 1453 964 1522 γαστρὶ
986 1453 1267 1524 λήψονται,
1296 1456 1390 1509 κα).
1416 1456 1485 1509 τά
1509 1456 1751 1527 ὀνόματα

168 1538 280 1590 τῶν
312 1539 613 1608 τεχθέντων
660 1542 876 1596 πάντων
921 1544 1267 1617 Ἐμμανουήλ
1300 1550 1446 1600 ἐστιν
1466 1563 1479 1578 ⁸
1530 1550 1579 1600 εἰ
1611 1549 1749 1602 πάν-

167 1643 261 1689 τες
302 1627 441 1698 πεζῇ
471 1627 579 1681 τῶν
612 1632 870 1700 κυμάτων
898 1633 1279 1687 ἐπιϐατεύουσι
1298 1676 1312 1701 ,
1348 1637 1443 1689 καὶ
1474 1639 1537 1706 τῇ
1566 1636 1743 1707 ἀφρά-

172 1735 284 1786 στῳ
328 1719 553 1789 δυνάμει
614 1720 715 1784 τὰς
754 1723 1024 1787 τοσαύτας
1076 1725 1317 1795 χιλιάδας
1364 1727 1453 1779 ἐπ’
1514 1728 1747 1798 ἐρημίας

169 1808 483 1878 τρέφουσιν,
520 1808 769 1875 αὔξοντες
799 1811 876 1882 τῷ
908 1814 1052 1883 κόρῳ
1080 1814 1171 1867 τὸν
1210 1816 1393 1886 ἄρτον,
1422 1813 1513 1867 τὸν
1543 1816 1599 1866 ἐν
1628 1818 1749 1877 ταῖς

168 1898 329 1969 χερσὶ
370 1900 479 1952 τῶν
532 1900 788 1970 μαθητῶν
835 1904 1275 1975 γεωργούμενον
1331 1907 1379 1959 εί
1423 1906 1619 1967 πάντες
1660 1923 1747 1958 νε-

168 1988 344 2057 κροὺς
388 1991 792 2061 τετραημέρους
835 1993 899 2045 ἐκ
940 1993 1047 2046 τῶν
1094 1997 1363 2064 χωμάτων
1408 1997 1746 2068 ἐγείρουσιν·

168 2082 219 2133 εί
259 2081 465 2144 πάντες
499 2083 661 2152 ἀμνοὶ
688 2083 781 2136 τοῦ
827 2083 960 2138 Θεοῦ
1000 2085 1267 2153 γίνονται,
1300 2088 1392 2141 καὶ
1418 2089 1559 2160 ὑπὲρ
1593 2089 1749 2160 ἡμῶν

170 2170 365 2240 Πάσχα
426 2162 669 2238 θύονται,
720 2175 814 2227 καὶ
862 2174 939 2245 τῷ
990 2177 1207 2248 σταυρῷ
1256 2180 1587 2250 προσηλοῦσι
1651 2180 1749 2252 τὴν

168 2262 471 2332 ἁμαρτίαν,
518 2265 611 2316 καὶ
652 2264 977 2318 καταλύουσι
1023 2266 1116 2319 τοῦ
1156 2267 1386 2322 θανάτου
1415 2269 1476 2321 τὸ
1516 2270 1747 2340 κράτος,

169 2355 265 2405 καὶ
312 2355 396 2415 είς
433 2355 849 2427 ὀφθαλμοὺς
895 2358 1004 2411 τῶν
1054 2352 1309 2429 μαθητῶν
1361 2362 1442 2424 είς
1488 2363 1751 2432 οὐρανοὺς

170 2444 565 2515 ἀνατρέχουσι,
612 2448 705 2499 καὶ
750 2449 808 2499 ἐν
848 2447 992 2518 δεξιᾷ
1019 2449 1111 2501 τοῦ
1152 2449 1363 2520 Πατρὸς
1400 2450 1745 2515 καθέζονταιθ

172 2536 219 2585 εἰ
250 2535 447 2597 πάντες
475 2536 777 2589 ἐλεύσονται
802 2540 981 2607 κρῖναι
1010 2538 1104 2608 τὴν
1123 2541 1444 2611 οἰκουμένην
1466 2544 1521 2593 ἐν
1541 2542 1747 2595 δικαιο-

170 2625 338 2699 σύνῃ,
374 2628 470 2679 καὶ
508 2628 565 2679 ἐν
594 2627 817 2693 ὀνόματι
866 2630 1081 2683 πάντων
1108 2632 1140 2700 ὴ
1170 2630 1277 2683 τῶν
1315 2633 1652 2702 ἐπουρανίων
1687 2650 1747 2684 τε

168 2717 262 2769 καὶ
310 2712 588 2784 ἐπιγείων,
633 2719 726 2771 καὶ
776 2720 1140 2790 καταχθονίων
1168 2721 1389 2789 γλῶσσα
1415 2722 1749 2793 ἐξομολογεῖ-

165 2825 279 2873 ται,
309 2808 553 2878 δώσομεν
578 2810 636 2861 τὸ
658 2810 884 2873 πολλοὺς
906 2806 1044 2862 εἶναι
1065 2812 1238 2874 θεοὺς,
1271 2812 1426 2885 εἴπερ
1453 2814 1510 2866 ἐν
1537 2814 1748 2878 τούτοις

166 2898 280 2953 εἶεν
314 2900 365 2953 οί
413 2899 597 2952 πολλοὶ
645 2902 756 2963 τοῖς
804 2901 1195 2973 γνωρίσμασιν.
1229 2904 1292 2955 El
1342 2903 1399 2955 δέ
1433 2898 1511 2965 εἷς
1547 2906 1749 2974 Κύριος

178 2989 411 3061 Ἰησοῦς,
463 2990 531 3043 δι’
574 2984 633 3044 οὗ
660 2989 730 3043 τά
775 2992 984 3055 πάντα,
1025 2992 1119 3046 καὶ
1164 2992 1263 3057 Ἐξ
1300 2993 1506 3057 αὐτοῦ,
1545 2995 1642 3047 καὶ
1675 2994 1747 3047 δι’

163 3081 390 3145 αὑτοῦ,
423 3082 521 3135 καὶ
552 3084 638 3148 είς
672 3083 861 3137 αὐτὸν
894 3082 964 3136 τὰ
1011 3083 1239 3147 πάντα,
1285 3084 1380 3137 καὶ
1418 3084 1545 3155 περὶ
1592 3084 1749 3155 μόνον

165 3172 333 3224 αὑτὸν
368 3172 403 3240 ἡ
450 3171 671 3239 τοιαύτη
721 3172 831 3225 τῶν
876 3173 1191 3242 θεοπρεπῶν
1233 3174 1519 3244 νοημάτων
1550 3174 1751 3244 ἀπαρί-

166 3259 410 3329 θμησις,
460 3259 541 3322 τίς
582 3259 823 3323 κίνδυνος
856 3259 1082 3322 πολλοὺς
1114 3261 1521 3331 ἀναπλασθῆναι
1558 3260 1745 3322 θεοὺς,

163 3350 242 3402 ὅτ’
282 3348 351 3401 ἂν
397 3346 676 3416 λέγωμεν,
711 3347 842 3401 Θεὸν
889 3348 975 3402 διὰ
1012 3350 1211 3419 σαρκὸς
1243 3349 1485 3421 ἔμψυχον
1512 3366 1748 3415 πεφανε-

168 3425 420 3507 ρῶσθαῖ;
456 3437 576 3488 Ὅτι
621 3436 727 3506 γὰρ
764 3437 1047 3507 ἄνθρωπος
1076 3438 1136 3490 τὸ
1165 3438 1486 3507 φαινόμενον
1532 3433 1620 3507 ἦν,
1666 3438 1749 3500 τίς

164 3526 342 3591 οὕτως
393 3527 502 3579 τῶν
554 3528 922 3595 εύαγγελικῶν
969 3527 1311 3597 διδαγμάτων
1364 3528 1624 3597 ἀνήκοος,
1673 3527 1749 3591 ὡς

165 3619 385 3685 ἀγνοεῖν
420 3618 481 3669 τὸ
514 3618 642 3687 παρ’
682 3617 846 3671 αὑτοῦ
875 3617 967 3670 τοῦ
999 3619 1250 3689 Σωτῆρος
1283 3620 1419 3689 πρὸς
1453 3622 1577 3682 τοὺς
1619 3621 1749 3672 Ἰου-

165 3712 353 3774 δαίους
385 3711 693 3780 λεγόμενον·
726 3712 874 3766 Νυνὶ
914 3711 981 3763 δὲ
1027 3710 1244 3778 ζητεῖτέ
1285 3729 1361 3781 με
1404 3712 1750 3767 ἀποκτεῖναι

165 3799 519 3866 ἄνθρωπον,
573 3800 641 3865 ὃς
700 3800 813 3865 τὴν
857 3800 1149 3867 ἀλήθειαν
1202 3801 1346 3870 ὑμῖν
1402 3801 1749 3868 λελάληκα;

176 3890 345 3961 Ὀρᾷς
384 3889 492 3959 (10)
518 3880 575 3942 ἐν
605 3892 715 3953 τοῖς
755 3890 1086 3960 λεγομένοις,
1114 3890 1168 3943 τί
1200 3890 1259 3943 τὸ
1301 3892 1750 3961 ἀποκτεινόμενον

163 3982 303 4044 ὅλως
328 3981 445 4052 (11)
472 3981 769 4046 ὑπέδειξεν,
803 3980 990 4039 εἰπὼν.
1021 3982 1258 4049 Ζητεῒτέ
1282 4000 1360 4051 με
1383 3983 1745 4047 ἀποκτεῖναι,

162 4073 226 4126 οὐ
259 4073 362 4143 τὴν
389 4070 668 4141 ἀλήθειαν,
700 4072 835 4126 ἀλλά
862 4072 968 4125 τὸν
992 4072 1324 4141 ἄνθρωπον,
1366 4073 1434 4125 δι’
1462 4067 1523 4127 οὗ
1553 4074 1747 4141 ἐφθέγσ

160 4180 295 4231 γετο
329 4165 364 4233 ἡ
405 4162 667 4233 ἁλήθεια;
709 4164 781 4216 Οὐ
826 4162 931 4232 γάρ
966 4162 1252 4234 ἄνθρωπος
1278 4159 1343 4234 ἦν
1381 4165 1408 4216 6
1434 4164 1609 4217 λαλῶν
1638 4164 1749 4231 (12)

162 4254 262 4325 τὴν
308 4253 599 4324 ἀλήθειαν·
632 4252 767 4307 ἀλλὰ
812 4253 1070 4324 δηλονότι,
1100 4256 1127 4306 6
1168 4254 1267 4323 μὲν
1304 4254 1480 4307 λαλῶν
1505 4255 1634 4317 Θεὸς
1660 4252 1746 4326 ἦν,

1855 473 2089 525 magnus
2118 458 2341 513 Paulus.
2378 458 2436 512 Si
2469 472 2600 513 vero
2635 459 2870 527 scriptor
2909 466 3156 512 autumat
3197 459 3425 516 deorum

1853 551 2258 606 multitudinem
2292 556 2577 620 pr0pterea
2622 564 2652 603 a
2701 550 2857 605 nobis
2888 551 3091 617 induci,
3120 552 3266 620 quod
3310 567 3426 622 pro-

1852 641 2071 698 ﬁtemur
2094 643 2261 699 Deum
2287 644 2391 699 sibi
2426 644 2479 696 in
2504 643 2724 698 Christo
2757 643 3017 697 mundum
3050 646 3424 709 reconciliare,

1853 730 2009 798 quasi
2041 731 2229 785 multis
2259 746 2384 785 cum
2427 731 2740 785 hominibus
2778 745 2836 785 se
2866 730 3008 786 Deus
3042 733 3422 803 conjungeret,

1851 818 2223 875 defensionem
2278 829 2523 876 nostram
2586 822 2660 873 ita
2713 821 3051 877 instituimus
3092 822 3191 876 :Si
3243 824 3429 877 multze

1852 919 2055 966 matres
2090 912 2255 965 simul
2282 926 2347 966 ac
2384 911 2625 981 virgines
2654 912 2822 976 luere,
2859 914 2904 968 si
2950 914 3136 967 multis
3174 914 3426 969 mulieri-

1851 999 1955 1054 bus
2001 1001 2198 1055 divinae
2246 1001 2645 1057 incarnationis
2704 1006 3022 1072 mysterium
3059 1004 3276 1058 Gabriel
3329 1019 3428 1058 an-

1850 1091 2124 1145 nuntiavit
2162 1106 2464 1161 earumque
2508 1092 2740 1161 singulis
2776 1091 3013 1160 Spiritus
3055 1103 3279 1150 sanctus
3332 1109 3427 1148 su-

1851 1185 2094 1252 pervenit
2132 1189 2187 1237 et
2222 1190 2426 1253 praesto
2467 1182 2572 1236 fuit
2605 1184 2877 1239 Altissimi
2900 1188 3115 1247 virtus;
3146 1196 3417 1255 praeterea

1851 1272 1974 1325 siin
2009 1273 2211 1327 multos
2238 1273 2490 1327 homines
2529 1279 2734 1325 tantam
2775 1287 2804 1325 a
2846 1272 2955 1327 Deo
2986 1275 3215 1342 gratiam
3252 1276 3424 1329 colla-

1851 1370 1959 1415 tam
2000 1361 2175 1417 fuisse
2221 1363 2498 1435 propheta:
2540 1362 2836 1432 praedicant
2876 1371 2934 1415 ut
2978 1363 3033 1416 in
3079 1365 3275 1432 plurali
3320 1380 3426 1418 nu-

1851 1467 2001 1507 mero
2030 1452 2236 1515 dicant,
2284 1451 2504 1505 Parvuli
2544 1453 2660 1506 nati
2689 1462 2818 1507 sunt
2852 1452 3032 1517 nobis,
3069 1452 3153 1523 (et
3184 1452 3275 1507 ﬁlii
3309 1454 3423 1507 dati

1851 1551 1980 1597 sunt
2006 1542 2165 1596 nobis
2192 1544 2295 1609 ");
2329 1542 2662 1613 etJirgines
2705 1543 2759 1595 in
2794 1550 2950 1597 utero
2994 1543 3305 1613 concipient
3342 1544 3421 1608 ης

1851 1640 1905 1688 et
1920 1632 2178 1687 omnibus
2207 1648 2345 1702 quos
2374 1634 2683 1703 pepererint
2707 1648 2904 1687 nomen
2936 1633 3040 1687 erit
3066 1632 3420 1699 Emmanuel;

1779 1716 1821 1772 B
1851 1725 1895 1777 si
1929 1738 2121 1777 omnes
2144 1723 2376 1792 pedibus
2417 1738 2581 1792 super
2615 1723 2792 1778 undas
2819 1722 3098 1787 incedunt,
3130 1730 3184 1778 ct
3228 1723 3419 1779 incﬂ'a-

1851 1813 1943 1869 bili
1971 1820 2240 1883 potestate
2276 1821 2359 1867 tot
2398 1821 2659 1883 tantaque
2706 1813 2987 1867 hominum
3035 1814 3203 1867 millia
3239 1815 3293 1868 in
3328 1815 3424 1869 de-

1850 1911 1997 1960 serto
2026 1905 2294 1966 nutriunt,
2322 1904 2596 1960 edentium
2633 1905 2883 1961 satietate
2908 1920 3102 1974 panem
3138 1915 3422 1975 augentes,

1851 1996 1905 2048 in
1946 1995 2342 2065 discipulorum
2396 1996 2672 2059 manibus,
2723 1996 2889 2050 veluti
2920 1996 3254 2065 agricultura
3284 2010 3427 2064 qua-

1851 2084 1974 2138 dam
2018 2085 2481 2155 multiplicatum;
2531 2085 2579 2140 si
2620 2100 2813 2140 omnes
2843 2084 3243 2154 quatriduanos
3276 2100 3425 2140 mor-

1850 2183 1976 2230 tuos
2004 2190 2033 2231 e
2068 2177 2291 2231 tumulis
2318 2176 2597 2239 excitant;
2632 2175 2679 2230 si
2708 2190 2897 2231 omnes
2920 2174 3013 2229 Dei
3039 2177 3162 2245 agni
3200 2175 3336 2230 ﬁunt
3366 2184 3425 2231 et

1852 2282 1950 2337 pro
1973 2267 2132 2322 nobis
2155 2266 2365 2322 Pascha
2398 2267 2681 2320 immolant
2710 2274 2765 2319 et
2793 2265 3016 2336 aﬂigunt
3045 2268 3195 2321 cruci
3227 2282 3425 2336 pecea-

1850 2364 1965 2410 tum
2020 2365 2074 2411 et
2122 2358 2314 2412 mortis
2359 2356 2653 2426 potentiam
2700 2355 2992 2411 destruunt
3043 2366 3097 2410 et
3140 2357 3424 2427 discipulis

1850 2445 2228 2513 spectantibus
2256 2448 2426 2501 cmlos
2460 2455 2710 2515 repetunt
2745 2456 2799 2500 et
2828 2447 2894 2501 ad
2933 2447 3111 2503 Patris
3138 2450 3418 2502 dexteram

1851 2534 2081 2603 sedent;
2143 2536 2188 2591 si
2246 2551 2438 2591 omnes
2484 2538 2702 2591 venturi
2752 2547 2880 2592 sunt
2929 2538 3178 2606 judicare
3232 2539 3420 2594 orbem

1812 2632 2122 2680 .terrarum
2169 2627 2222 2680 in
2249 2627 2485 2695 justitia,
2515 2635 2569 2683 et
2620 2628 2673 2681 in
2717 2628 2960 2681 omnium
3008 2628 3227 2682 nomine
3255 2628 3422 2682 cccle-

1851 2715 2041 2780 stium,
2078 2718 2420 2771 terrestrium
2443 2724 2497 2771 et
2530 2717 2869 2770 infernorum
2895 2717 3077 2786 lingua
3103 2716 3418 2782 conﬁtetur,

1848 2812 1981 2859 tunc
2012 2805 2198 2874 utique
2241 2805 2495 2861 dabimus
2525 2808 2728 2862 multos
2778 2822 2899 2862 esse
2937 2808 3089 2872 deos,
3135 2809 3179 2862 si
3221 2807 3422 2862 multos

1853 2895 2166 2964 huiusmodi
2190 2910 2311 2951 esse
2341 2895 2506 2950 modo
2534 2897 2714 2951 allatis
2745 2898 2960 2952 indiciis
2983 2898 3420 2967 dignosceretur.

1854 2986 1922 3037 At
1961 3000 2091 3039 vero
2151 2986 2197 3040 si
2249 3002 2395 3041 unus
2447 2994 2529 3042 est
2571 2987 2835 3043 Dominus
2884 2986 3064 3056 Jesus,
3113 3004 3207 3059 per
3259 3002 3420 3058 quem

1851 3076 2052 3139 omnia,
2104 3086 2157 3129 et
2205 3093 2268 3129 ea:
2304 3077 2452 3143 ipso,
2490 3085 2539 3129 et
2575 3094 2664 3144 per
2701 3080 2865 3149 ipsum
2888 3119 2903 3143 ,
2944 3087 2990 3134 et
3028 3081 3081 3133 in
3130 3080 3241 3150 ipso
3293 3085 3423 3135 sunt

1850 3166 2022 3221 omnia
2057 3168 2121 3230 ¹⁸,
2155 3177 2206 3221 et
2235 3173 2287 3220 in
2332 3168 2452 3236 ipso
2495 3176 2705 3223 tantum
2740 3171 3055 3238 hujusmodi
3092 3171 3293 3226 indicia
3334 3178 3421 3224 at-

1850 3272 1958 3326 que
2007 3256 2244 3327 insignia
2297 3257 2603 3311 divinitatis
2652 3273 2978 3313 enumerare
3033 3259 3179 3324 licet,
3223 3260 3421 3329 ecquid

1850 3348 2076 3418 periculi
2117 3359 2202 3404 est
2239 3364 2307 3403 ne
2354 3349 2539 3418 plures
2574 3348 2707 3403 deos
2750 3349 3250 3415 comminiscamur,
3294 3366 3423 3404 cum

1849 3438 2086 3493 dicimus
2112 3438 2279 3493 Deum
2302 3438 2539 3492 humana
2560 3438 2846 3507 praeditum
2875 3440 3055 3492 anima
3076 3455 3173 3511 per
3198 3455 3422 3495 carnem

1850 3529 2257 3585 manifestatum
2309 3528 2525 3583 fuisse?
2557 3527 2714 3593 Quod
2758 3529 2902 3583 enim
2938 3528 2989 3582 id
3032 3530 3177 3598 quod
3212 3529 3424 3599 conspi-

1850 3622 2118 3683 ciebatur,
2169 3621 2331 3675 homo
2375 3627 2558 3681 esset,
2603 3619 2728 3689 quis
2787 3620 3115 3689 evangelica:
3160 3621 3424 3675 doctrina

1851 3728 2026 3782 usque
2070 3712 2207 3766 adeo
2261 3712 2487 3781 ignarus
2536 3718 2622 3764 est
2674 3717 2731 3764 ut
2788 3710 3001 3765 nesciat
3059 3711 3266 3766 dictum
3317 3712 3423 3767 hoc

1851 3802 2022 3871 ipsius
2070 3800 2370 3855 Salvatoris
2410 3800 2586 3855 nostri
2639 3800 2706 3854 ad
2739 3798 2956 3858 Judzeos
2990 3820 3003 3855 :
3040 3800 3199 3855 Nunc
3244 3812 3422 3857 autem

1849 3890 2083 3957 quwritis
2116 3905 2197 3943 me
2218 3890 2513 3951 interﬁcere
2539 3889 2819 3956 hominem,
2850 3891 2940 3959 qui
2970 3892 3241 3945 ueritatem
3273 3891 3419 3946 vobis

1851 3979 2055 4032 locutus
2097 3995 2213 4031 sum
2240 3979 2315 4030 n?
2346 3976 2536 4032 Viden‘
2571 3978 2625 4032 in
2665 3979 2749 4033 liis
2795 3979 3000 4035 Christi
3032 3981 3214 4037 verbis
3260 3981 3423 4051 quid-

1851 4087 1974 4124 nam
2019 4071 2261 4125 occisum
2311 4069 2495 4133 fuerit,
2547 4070 2838 4126 manifeste
2886 4072 3209 4141 signiﬁcari,
3287 4073 3413 4128 dum

1851 4161 1947 4225 ait,
1977 4160 2229 4227 Qumritis
2262 4177 2340 4213 me
2373 4160 2626 4224 occidere,
2680 4176 2788 4215 non
2828 4164 3134 4227 veritatem,
3191 4162 3287 4217 sed
3326 4163 3423 4215 ho-

1852 4253 2038 4305 minem
2080 4268 2174 4320 per
2206 4267 2365 4321 quem
2399 4252 2600 4305 veritas
2651 4252 3010 4320 loquebatur?
3038 4251 3227 4320 Neque
3270 4252 3419 4306 enim

160 4347 189 4397 6
235 4345 295 4397 δὲ
348 4343 638 4416 ἅνθρωπος
682 4328 962 4414 ἐμεσίτευε
1008 4344 1142 4415 πρὸς
1175 4344 1299 4405 τοὺς
1325 4342 1643 4415 ἀνθρώπους
1679 4348 1745 4416 τῇ

1852 4343 2034 4405 homo,
2079 4342 2172 4399 sed
2211 4342 2353 4397 Deus
2386 4341 2632 4410 profecto
2663 4350 2802 4403 erat,
2840 4343 2933 4412 qui
2974 4343 3299 4413 loquebatur
3324 4359 3420 4398 ve-

165 4434 272 4503 ἰδίᾳ⁸
302 4434 459 4502 φωνῇ
510 4431 571 4483 τὸ
616 4432 924 4501 λεγόμενον.
971 4434 1048 4484 Δι’
1096 4433 1123 4485 ὃ
1157 4432 1249 4485 καὶ
1299 4434 1524 4503 μεσίτης
1556 4434 1748 4502 γέγονε

159 4523 301 4576 Θεοῦ
339 4522 455 4592 (15)
524 4523 617 4576 καὶ
645 4523 966 4593 ἀνθρώπων,
996 4524 1071 4585 ὡς
1099 4524 1157 4577 οὺ
1185 4524 1484 4595 δυναμένης
1522 4526 1619 4595 τῆς
1660 4527 1749 4580 ἀν-

160 4613 452 4685 θρωπίνης
498 4612 607 4682 (14)
665 4613 877 4682 φύσεως
921 4614 1142 4684 ἀκράτῳ
1193 4614 1486 4684 προσμίξαι
1535 4618 1601 4686 τῇ
1652 4615 1745 4668 τοῦ

157 4706 299 4760 Θεοῦ
353 4706 611 4775 συνουσίᾳ
630 4745 645 4771 ,
696 4707 789 4758 καί
836 4706 923 4760 διὰ
949 4705 1106 4759 τοῦτο
1135 4706 1392 4776 δεομένης
1424 4709 1521 4775 τῆς
1555 4724 1749 4775 cune-

160 4799 290 4861 νοῦς
316 4799 460 4867 αὐτῇ
496 4797 590 4850 καὶ
620 4797 761 4851 κατά
790 4798 948 4867 φύσιν
970 4800 1173 4869 φωνῆς,
1198 4796 1269 4852 δι’
1295 4792 1363 4868 ἦς
1391 4798 1534 4859 εἰκὸς
1563 4800 1747 4867 χωρεῖ-

163 4886 290 4940 σθαι
321 4885 425 4956 τὴν
460 4885 662 4938 ἄνωθεν
702 4885 947 4955 δύναμιν.
998 4882 1399 4938 Καταλειπτέον
1432 4882 1525 4935 καὶ
1556 4880 1745 4944 τοῦτο,

163 4980 302 5048 πρὸς
336 4978 395 5031 δὲ
421 4977 480 5029 τὸ
508 4978 704 5048 ἐφεξῆς
739 4975 998 5047 τρεπτέον
1036 4975 1126 5027 τὸν
1166 4974 1340 5042 λόγον.
1381 4972 1591 5036 Οὐδὲν,
1643 4989 1745 5041 φη-

1850 4438 2096 4499 ritalem;
2151 4435 2316 4489 homo
2378 4449 2509 4489 vero
2564 4435 2784 4503 propria
2833 4435 3006 4503 ipsius
3068 4450 3201 4489 voce
3254 4435 3418 4504 hujus

1851 4528 2118 4584 sermonis
2165 4524 2303 4594 apud
2349 4525 2598 4581 homines
2644 4526 2993 4596 interpretem
3053 4534 3215 4596 atque
3262 4520 3422 4580 inter-

1849 4614 2097 4669 nuntium
2149 4615 2382 4685 agebat:
2418 4622 2751 4684 quapropter
2795 4614 3064 4668 mediator
3113 4630 3208 4669 seu
3257 4616 3422 4669 inter-

1850 4723 1974 4778 pres
2012 4705 2106 4761 Dei
2149 4706 2539 4775 hominumque
2580 4704 2757 4759 factus
2785 4712 2890 4770 est,
2927 4706 3127 4777 quippe
3169 4705 3422 4760 humanm

1852 4805 2062 4851 naturae
2091 4795 2159 4850 ad
2212 4810 2348 4865 pura
2387 4809 2511 4848 cum
2556 4795 2667 4848 Deo
2698 4796 2967 4866 colloquia
3013 4794 3099 4851 fas
3150 4811 3259 4850 non
3300 4803 3417 4851 erat

1853 4886 2128 4951 accedere,
2156 4901 2220 4941 ac
2252 4885 2480 4956 proinde
2505 4885 2648 4940 alllni
2674 4902 2737 4941 ac
2767 4887 3010 4956 ejusdem
3043 4889 3258 4959 generis
3284 4903 3419 4944 voce

1850 4975 2148 5045 indigebat,
2180 4975 2339 5043 cujus
2377 4989 2477 5044 ope
2500 4984 2748 5044 strpernae
2782 4975 3002 5033 virtutis
3037 4992 3199 5033 sensa
3229 4984 3418 5048 posset

238 5139 285 5170 ”
307 5136 353 5192 11
389 5137 512 5191 Cor.
541 5154 593 5205 ν,
634 5136 718 5191 l9.
799 5136 841 5168 “
872 5135 977 5189 lsa.
1011 5153 1083 5198 Ix,
1121 5134 1171 5187 6.
1251 5134 1292 5165 "
1322 5132 1421 5188 lsa.
1455 5148 1550 5197 vn,
1586 5132 1668 5186 l4.

1851 5135 1976 5215 tom.
2013 5148 2087 5196 xi,
2124 5130 2212 5185 56.
2292 5133 2333 5163 ¹⁷
2357 5130 2517 5187 Joan.
2550 5148 2667 5199 νηι,
2692 5133 2778 5188 ιο.

262 5274 320 5337 5)
355 5271 434 5325 ita
469 5285 636 5337 corr.;
672 5272 812 5325 male
846 5278 1004 5325 antea
1036 5270 1198 5337 αὐτῷ.

259 5344 317 5407 6)
356 5342 515 5411 ῼΟΠ.
545 5341 972 5411 ἀποκρινόμεθα.

262 5413 321 5542 ’1)
361 5410 602 5479 Priapos.
628 5410 756 5479 περί
780 5410 925 5463 ecrr.
953 5410 1077 5463 add.

262 5480 296 5536 8
370 5478 502 5542 Qua:
555 5479 916 5533 semicirculis
973 5494 1077 5533 con

260 5478 321 5542 8)
370 5478 502 5542 Ωιιαέ
555 5478 916 5533 semiCirculis
960 5479 1547 5550 comprehenduntur,
1596 5493 1740 5550 corr.

161 5548 322 5612 add.,
356 5550 449 5620 qui
484 5550 651 5620 etiam
698 5555 822 5620 ante
860 5548 1381 5620 verbum—napeévm
1430 5557 1534 5602 art.
1577 5549 1740 5605 delet.

238 5619 321 5692 (9)
356 5616 512 5673 Corr.
540 5620 598 5670 ἐν
630 5616 945 5685 ὀφθαλμοῖς.

505 5712 778 5772 Parnm.
816 5710 934 5770 Gn.
967 5712 1155 5775 XLV.

1919 5268 2028 5341 (ill)
2058 5269 2136 5341 l_t_a
2166 5284 2333 5341 corn;
2368 5280 2523 5325 antea
2553 5270 2703 5341 ὁρᾷν.

1917 5338 2039 5422 (Ml
2067 5338 2191 5393 ηερε
2249 5340 2408 5395 lectio
2438 5338 2636 5394 nostra
2659 5347 2743 5395 est
2773 5356 2786 5403 ;
2835 5354 2955 5391 nam
2991 5338 3041 5392 in
3071 5338 3190 5391 cod.
3223 5338 3427 5394 scribi-

1849 5416 1956 5466 tur.
1993 5408 2132 5471 ὅλος.

1918 5476 2029 5549 (
2059 5476 2215 5549 C_0rr.
2250 5478 2534 5549 ἀνθρωπος
2560 5480 2588 5530 6
2611 5474 2804 5527 λαλῶν.

1945 5546 2031 5612 15)
2069 5545 2225 5600 Corr.
2261 5545 2495 5612 λέγεται.

1945 5551 2031 5612 15)
2069 5551 2225 5600 Corr.
2262 5551 2495 5612 λέγεται.

1918 5551 2028 5684 illi)
2059 5616 2211 5670 Corr.
2244 5614 2605 5685 ἀνθρωπείας.

2990 5707 3071 5769 39
