3934 6146
461 191 621 246 ΊίΖΊἹ

1730 193 1788 248 S.
1815 191 2141 250 GREGORII
2170 195 2465 252 NYSSENI

3616 195 3755 251 ιεει

483 307 779 380 percipere.
816 306 919 360 Sed
961 313 1015 359 et
1048 305 1131 360 his
1172 305 1575 374 praetermissis,
1609 307 1676 362 ad
1706 324 1768 363 ea
1808 325 1930 379 quae
1968 327 2049 367 se-

2160 313 2262 378 σὶν,
2298 313 2484 377 οὕτως
2515 310 2731 378 ἥνωται
2761 308 2909 376 πρὸς
2957 306 3122 371 Θεὸν,
3148 306 3231 371 ὡς
3266 306 3379 377 (15)
3426 306 3471 373 ἠ
3512 307 3680 375 σὰρξ
3713 310 3753 377 ἡ

482 411 727 473 qunntur
763 398 1167 453 convertendus
1193 404 1277 453 est
1315 412 1495 452 sermo
1525 419 1538 454 :
1571 398 1746 463 Nihil,
1781 402 1876 468 ait,
1905 420 2049 473 aeque

482 495 817 561 conjunctum
848 499 924 545 est
962 489 1089 552 Deo,
1122 498 1276 559 atque
1322 506 1446 544 caro
1482 490 1600 557 illa,
1637 509 1793 561 quam
1844 510 2049 548 assum-

2152 402 2628 471 προσληφθεῖσα.
2659 401 2724 452 Ὢ
2749 402 2847 470 τῆς
2890 398 3367 468 περιεσκεμμένης
3400 397 3582 450 αὐτοῦ
3617 398 3749 450 ἀπο-

2153 495 2401 563 φάσεωςῑ
2432 494 2595 545 Οὐδὲν
2619 492 2790 554 οὔτως
2819 491 3022 561 ἥνωται
3047 490 3184 559 πρὸς
3211 488 3367 551 Θεὸν,
3395 490 3481 551 ὡς
3513 490 3549 557 ἡ
3591 488 3747 556 σὰρξ.

478 587 603 654 psit.
640 584 683 638 Ο
705 582 985 637 cordatam
1014 581 1251 635 hominis
1286 584 1645 635 sententiam!
1678 582 1759 636 Nil
1798 584 1869 637 ita
1900 597 2049 641 arcte

2157 587 2269 640 οὐδὲ
2298 589 2330 656 ἡ
2360 587 2650 655 άγαθότης,
2674 584 2793 637 οὐδὲ
2819 586 2851 653 ἡ
2884 584 3117 653 ἀῖδιότης
3148 582 3283 652 (l6),
3315 580 3444 634 οὐδὲ
3475 582 3514 649 ἡ
3538 581 3751 648 ἀφθαρ-

478 676 833 745 conjunctum
864 682 948 729 est
982 673 1112 738 Deo,
1147 683 1310 743 atque
1342 688 1491 737 caro,
1522 691 1631 729 non
1661 677 1900 741 bonitas,
1936 694 2046 734 non

478 765 776 829 aeternitas,
809 779 916 818 non
952 765 1312 834 incorruptio,
1347 780 1454 819 non
1487 766 1897 835 omnipotentia,
1938 784 2046 823 non

479 856 584 907 alia
615 854 881 923 quapiam
931 869 1119 913 earum
1162 856 1445 909 notionum
1488 872 1611 925 qua:
1660 856 1771 911 Deo
1816 858 2051 912 maxime

479 947 832 1011 conveniunt,
883 946 975 1000 sed
1018 946 1133 1000 hac
1162 947 1341 1000 omnia
1388 946 1648 1001 inferiora
1692 956 1819 1001 sunt
1863 963 2047 1013 carne,

480 1038 679 1107 quippe
715 1053 834 1106 qua:
874 1053 998 1091 cum
1032 1036 1142 1092 Deo
1192 1037 1477 1092 commista
1522 1045 1575 1092 et
1617 1052 1723 1091 una
1756 1054 1880 1092 cum
1932 1040 2050 1109 ipso

480 1128 669 1183 eﬂecta
722 1128 909 1191 fuerit,
953 1129 1022 1182 ob
1054 1128 1495 1198 coniunctionem
1548 1129 1695 1182 illam
1740 1146 1861 1199 qua:
1905 1132 2050 1186 inter

481 1218 825 1273 divinitatem
872 1227 925 1273 et
971 1234 1191 1273 carnem
1238 1219 1411 1273 eidem
1465 1218 1759 1273 ascititiam
1813 1221 2051 1278 interve-

2154 676 2272 737 σία,
2306 677 2427 729 οὐδὲ
2468 676 2528 728 τὸ
2552 676 2644 727 ἐπὶ
2685 673 2900 727 πάντων
2937 673 3157 743 κράτος,
3196 670 3319 723 οὐδὲ
3371 669 3509 722 ἄλλο
3550 686 3609 720 τι
3647 669 3749 719 τῶν

2157 765 2475 837 θεοπρεπῶν
2504 764 2787 836 νοημάτων
2807 805 2821 827 ,
2857 762 2992 816 ἀλλὰ
3021 763 3196 815 πάντα
3230 759 3432 821 ταῦτα,
3472 759 3578 826 τῆς
3627 774 3751 825 σαρ-

2156 860 2250 922 κός
2279 861 2392 911 ἐστι
2423 858 2648 928 δεύτερα
2669 897 2683 921 ,
2717 857 2999 927 συγκρίσει
3048 858 3115 925 τῇ
3150 854 3283 923 πρὸς
3332 853 3425 904 τὸν
3463 852 3633 912 Θεὸν,
3662 852 3747 902 καὶ

2153 955 2220 1022 τῇ
2257 952 2389 1020 πρὸς
2430 950 2631 1020 ταύτην
2658 950 2756 1019 τῆς
2785 948 2875 1001 τοῦ
2919 946 3055 999 Θεοῦ
3098 944 3372 1007 ὲνώσεως,
3402 944 3509 995 xc).
3546 944 3747 1012 σαρκὸς

2154 1043 2255 1113 τῆς
2288 1041 2692 1111 ἐπικτηθείσης.
2740 1038 3019 1109 Ὁμολογεῖ
3046 1038 3157 1107 (l7)
3190 1037 3325 1090 αὐτὸ
3376 1036 3548 1087 τοῦτο
3593 1037 3624 1085 ὁ
3664 1034 3745 1084 λο-

2153 1134 2433 1203 γογράφος
2454 1148 2467 1163 ⁸
2496 1134 2525 1185 ὀ
2553 1132 2661 1200 γὰρ
2687 1128 3082 1200 προσειλῆφθαι
3108 1129 3275 1197 αὐτὴν
3305 1127 3511 1189 εἰπὼν,
3544 1126 3610 1176 τὸ
3636 1128 3746 1177 ἑπι-

2156 1224 2521 1295 γενηματικὸν
2552 1222 2719 1291 αὐτῆς
2747 1221 3065 1286 ἐνεδείξατο.

481 1309 580 1362 nit.
635 1309 746 1363 Hoc
787 1317 967 1363 autem
1017 1310 1194 1378 ipsum
1243 1310 1480 1379 scriptor
1543 1308 1773 1374 fatetur;
1844 1327 1970 1367 nam
2051 1316 2140 1384 qui
2178 1331 2401 1371 carnem
2448 1322 2783 1383 assumptam
2831 1311 3000 1367 fuisse
3046 1310 3201 1374 dicit,
3246 1308 3514 1364 eamdem
3558 1308 3746 1376 utique

480 1399 826 1453 adventitiam
856 1416 977 1454 esse
1002 1401 1262 1459 declarat.

552 1551 735 1606 XLIV.
783 1554 909 1617 Sed,
960 1563 1012 1607 et
1049 1554 1132 1608 his
1163 1556 1565 1623 praltermissis,
1612 1573 1675 1611 ea
1729 1560 1891 1613 etiam
1924 1576 2046 1630 quae

481 1654 805 1714 sequuntur,
832 1646 1050 1700 silentio
1072 1646 1435 1709 obvolvimus,
1467 1656 1651 1716 utpote
1673 1664 1794 1717 qua:
1824 1652 2047 1706 minime

483 1738 776 1791 let-toribus
828 1751 1022 1790 nocere
1060 1745 1281 1805 queant,
1334 1750 1388 1792 et
1437 1739 1491 1791 in
1529 1754 1586 1793 se
1630 1740 1863 1794 habeant
1898 1743 2043 1798 unde

481 1823 675 1879 fabulae
710 1827 857 1878 nulla
889 1841 953 1879 ex
997 1834 1153 1891 parte
1188 1826 1292 1880 sibi
1327 1828 1634 1883 constantis
1668 1828 1814 1882 ﬁctio
1858 1830 2044 1885 redar-

477 1922 696 1983 guatur.
754 1913 888 1966 Nam
926 1929 1049 1967 cum
1084 1915 1318 1983 primum
1350 1918 1631 1971 statuisset
1657 1920 1859 1972 nullam
1885 1920 2045 1973 aliam

478 2018 663 2056 earum
702 2019 883 2057 rerum
912 2020 1032 2071 qua:
1074 2005 1140 2058 de
1192 2005 1301 2059 Deo
1336 2006 1696 2070 alIirmantur,
1746 2025 1899 2079 atque
1934 2009 2044 2064 Do.

480 2091 628 2143 mino
656 2092 1005 2159 coniunctam
1057 2109 1178 2148 esse
1226 2105 1389 2163 atque
1430 2111 1650 2150 carnem
1698 2099 1844 2152 illam
1881 2116 2043 2170 quam

480 2182 809 2249 assumpsit,
836 2172 970 2236 mox
1001 2184 1054 2236 in
1087 2185 1444 2238 conclusione
1486 2186 1793 2255 subiungit,
1830 2205 1893 2243 ea
1925 2206 2047 2259 quae

480 2272 584 2325 hcc
605 2280 761 2341 pacto
782 2275 1072 2341 conjuncta
1098 2290 1205 2327 non
1226 2283 1375 2337 sunt,
1398 2291 1499 2329 nec
1522 2277 1711 2331 eodem
1745 2291 1904 2349 pacto
1948 2283 2048 2336 ad-

480 2361 687 2414 oranda
720 2378 862 2425 esse,
906 2364 1035 2431 quin
1073 2369 1126 2417 et
1156 2363 1295 2418 hanc
1333 2364 1492 2419 aliam
1527 2367 1838 2421 coronidem
1875 2370 2046 2434 addit,

480 2448 634 2502 Nihil
664 2461 837 2504 autem
870 2453 945 2504 ita
972 2452 1301 2507 adorandum
1330 2464 1427 2520 est,
1460 2456 1896 2525 quemadmodum
1923 2476 2047 2514 caro

479 2538 698 2594 Christi.
735 2540 856 2595 Haec
888 2557 1034 2604 vero,
1073 2551 1258 2610 utpote
1288 2560 1409 2612 qua:
1442 2546 1523 2599 vel
1564 2548 1748 2615 pueris
1784 2549 1919 2617 ipsis
1951 2550 2049 2603 ah-

480 2631 647 2683 surda
691 2633 876 2685 statim
927 2633 1236 2695 videantur,
1278 2636 1533 2689 consulto
1582 2638 1896 2704 silebimus;
1944 2639 2048 2707 ipsi

479 2724 624 2776 enim
671 2724 763 2791 qui
804 2723 991 2777 sedent
1024 2725 1075 2776 in
1123 2726 1243 2777 l‘oro
1293 2725 1596 2794 luduntque
1628 2728 1805 2794 pueri,
1850 2729 1925 2779 ita
1967 2744 2051 2781 ra-

479 2814 913 2873 tiocinareutur:
942 2814 996 2868 Si
1036 2824 1143 2868 tam
1191 2815 1530 2868 adorandum
1583 2817 1717 2869 nihil
1771 2825 1873 2879 est,
1907 2818 2049 2872 sicut

480 2920 634 2967 caro,
671 2922 802 2975 ergo
832 2907 1005 2975 magis
1034 2906 1341 2959 veneranda
1378 2915 1460 2959 est
1492 2907 1693 2961 Christi
1720 2922 1851 2963 caro
1881 2924 2047 2978 quam

482 2995 595 3063 ipsa
626 2992 806 3049 Patris
835 2996 1112 3063 majestas,
1161 3003 1214 3048 ct
1249 2996 1662 3064 omnipotentia,
1694 3005 1746 3051 et
1776 3014 2050 3053 summum

481 3087 537 3138 in
580 3101 669 3140 res
714 3101 905 3140 omnes
959 3087 1270 3155 imperium,
1322 3096 1375 3140 ct
1407 3089 1449 3143 si
1496 3088 1624 3157 quid
1677 3090 1825 3143 aliud
1856 3099 2052 3144 natura

482 3185 669 3230 nostra
696 3177 763 3231 de
794 3178 975 3230 divina
1024 3179 1262 3245 potentia
1293 3179 1474 3247 eloqui
1508 3181 1671 3244 valet,
1704 3181 1779 3233 ita
1821 3189 1880 3233 ut
1910 3197 2053 3251 prae-

482 3268 737 3322 termissa
790 3267 991 3333 Patris,
1045 3267 1188 3328 Filii,
1240 3277 1293 3323 et
1350 3270 1586 3339 Spiritus
1636 3272 1813 3324 sancti
1856 3271 2053 3325 adora-

481 3358 649 3421 :ioue,
706 3360 877 3413 solam
934 3360 1204 3424 venerari,
1265 3369 1429 3428 atque
1480 3342 1711 3415 adorare
1755 3362 2049 3415 antelatam

481 3449 693 3511 caeteris
727 3450 981 3504 omnibus
1026 3450 1092 3502 ab
1126 3450 1232 3503 isto
1282 3464 1519 3507 carnem.
1556 3451 1841 3519 eidemque
1868 3450 2050 3503 omni-

482 3541 780 3611 potentiam
823 3542 1098 3594 ascribere
1125 3540 1443 3593 debeamus.
1477 3539 1648 3593 Porro
1679 3540 2053 3595 antecedenti-

483 3632 585 3685 bus
634 3632 832 3683 similis
867 3638 971 3691 est,
1014 3644 1136 3697 quae
1177 3630 1425 3698 sequitur
1460 3631 1805 3686 ratiocinatio
1838 3650 1851 3684 :
1888 3631 2051 3695 Caro,

484 3721 678 3789 inquit,
721 3719 933 3772 Domini
972 3719 1251 3782 aduratur,
1280 3731 1533 3791 quatenus
1563 3732 1641 3775 est
1680 3739 1786 3776 una
1827 3739 2053 3793 persona

482 3822 530 3867 et
562 3827 724 3865 unum
760 3812 962 3864 animal
989 3828 1107 3863 cum
1135 3813 1268 3877 ipso.
1321 3812 1559 3866 Duarum
1602 3828 1780 3867 rerum
1815 3816 2053 3870 mentio-

486 3918 607 3956 nem
636 3902 865 3966 faciens,
893 3901 1109 3955 Domini
1138 3903 1390 3955 videlicet
1414 3912 1462 3956 ει
1496 3904 1679 3956 carnis
1719 3903 1952 3965 Domini,
1988 3920 2051 3958 ex

487 3993 571 4045 nis
626 3991 841 4046 duobus
887 4007 1054 4044 unum
1087 3991 1289 4044 animal
1336 3990 1515 4047 ellicit.
1556 3990 1714 4044 Nunc
1756 3992 1866 4059 jam
1906 4000 2055 4061 patet

483 4074 617 4143 quid
663 4074 717 4129 in
754 4084 1020 4130 tractatus
1070 4076 1430 4144 inscriptione
1480 4076 1768 4146 signiticet,
1819 4080 1946 4133 dum
1987 4081 2054 4135 de

2076 2872 2120 2932 C

2221 1554 2331 1607 Καὶ
2374 1551 2874 1624 παραδραμούμεθα
2912 1550 2978 1605 τὰ
3004 1548 3197 1618 ἐφεξῆς
3232 1549 3365 1617 (18),
3401 1551 3487 1611 ὦς
3520 1550 3748 1602 αὗτὸΰεν

2152 1642 2340 1712 ἔχοντα
2383 1642 2473 1693 τὸν
2519 1642 2736 1710 ἔλεγχον
2768 1641 2864 1709 τῆς
2911 1638 3212 1692 ἀσυστάτου
3240 1637 3581 1705 μυθοποιῖας
3603 1678 3620 1699 ,
3657 1642 3746 1691 καὶ

2151 1731 2359 1802 ἀϐλαϐῆ
2405 1732 2531 1784 ὄντα
2574 1734 2684 1793 τοῖς
2719 1730 3099 1798 ἐντυγχάνουσι
3142 1728 3567 1792 σιωπήσαντες·
3612 1747 3667 1797 πε

2152 1822 2263 1884 θεὶς
2306 1822 2414 1892 γὰρ
2444 1822 2523 1883 τὸ,
2564 1822 2729 1891 μηδὲν
2772 1820 2899 1874 ἄλλο
2925 1819 3029 1871 τῶν
3059 1818 3150 1870 ἐπὶ
3182 1818 3293 1889 (19)
3335 1817 3477 1869 Θεοῦ
3511 1818 3743 1887 λεγομέο

2151 1929 2257 1965 νων
2308 1911 2479 1975 οὕτως
2530 1911 2766 1982 ἡνῶσθαι
2818 1909 2897 1979 τῷ
2957 1908 3178 1979 Κυρίῳ,
3213 1908 3284 1970 ὡς
3338 1909 3558 1976 ἥνωται
3612 1910 3747 1980 πρὸς

2152 2003 2312 2057 αὑτὸν
2359 2003 2392 2070 ἠ
2436 2002 2838 2072 προσληφθεῖσα
2872 1998 3027 2069 σὰρξ,
3065 1999 3341 2068 ἐπήγαγεν
3376 2002 3437 2050 ἐν
3486 1998 3572 2067 τῷ
3612 2016 3747 2069 συμ-

2153 2094 2500 2165 περάσματι,
2550 2095 2635 2146 ὅτι
2678 2092 2746 2144 τὰ
2796 2091 2870 2161 μὴ
2915 2089 3085 2152 οὕτως
3113 2090 3388 2159 ἡνωμένα,
3428 2090 3547 2141 οὐδ’
3574 2091 3747 2153 οὓτως

2154 2184 2523 2257 προσκυνητὰ,
2557 2183 2747 2253 ἑτέραν
2792 2181 3067 2250 ἐπιτίθησι
3104 2180 3400 2249 κορωνίόασ
3442 2180 3652 2232 Οὐδὲν
3684 2182 3746 2233 δὲ

2153 2277 2341 2342 οὕτως
2381 2272 2835 2343 προσκυνητὸν,
2871 2272 2951 2337 ὠς
2996 2274 3033 2339 ἡ
3081 2272 3238 2339 σὰρξ
3287 2272 3396 2325 τοῦ
3451 2273 3740 2339 Χριστοῦ.

2154 2368 2338 2425 Ταῦτα
2366 2368 2441 2430 ὡς
2472 2368 2567 2420 καὶ
2594 2365 2824 2427 παιδίοις
2845 2364 3118 2434 γνώριμον
3157 2364 3349 2432 ἔχοντα
3373 2363 3475 2433 τὴν
3508 2364 3748 2416 ἀτοπίαν

2158 2460 2294 2530 μετὰ
2318 2462 2417 2528 τῆς
2464 2457 2672 2519 ἐννοίας
2702 2454 3105 2525 σιωπησώμεθα
3142 2454 3273 2521 (20).
3310 2455 3473 2506 Εἴποι
3519 2454 3637 2523 γὰρ
3682 2456 3745 2505 ἂν

2155 2552 2247 2604 καὶ
2272 2553 2389 2611 ταῖς
2428 2549 2655 2617 ἀγοραῖς
2685 2545 3031 2615 ἐγκαθήμενα
3066 2543 3271 2605 παιδὶα,
3305 2546 3400 2596 καί
3437 2544 3741 2606 παίζοντα·

2155 2640 2235 2691 ὅτι
2260 2639 2320 2690 Ei
2342 2638 2504 2708 μηδὲν
2528 2636 2698 2700 οὕτως
2731 2637 2849 2688 ἐστὶ
2874 2634 3264 2706 προσκυνητδν,
3289 2631 3483 2703 ὥσπερ
3516 2635 3551 2703 η
3580 2632 3745 2703 σὰρξ,

2156 2733 2261 2803 ἄρα
2306 2732 2717 2801 σεϐασμιωτέρα
2755 2731 2901 2782 ἐστὶν
2936 2732 2968 2799 ἡ
3012 2729 3101 2781 τοῦ
3136 2728 3369 2799 Χριστοῦ
3424 2728 3569 2797 σὰρξ
3650 2728 3744 2778 καὶ

2154 2825 2322 2892 αὐτῆς
2364 2826 2462 2892 τῆς
2502 2821 2593 2875 τοῦ
2625 2821 2836 2891 Πατρὸς
2872 2820 3305 2890 μεγαλειότητος,
3339 2821 3433 2871 καὶ
3465 2820 3568 2886 τῆς
3602 2837 3742 2870 παν⁹

2151 2915 2450 2983 τοδυνὰμου
2488 2912 2733 2978 ἐξουσίας
2758 2952 2770 2971 ,
2818 2911 2911 2963 καὶ
2938 2914 3035 2981 τῆς
3066 2911 3280 2963 πάντων
3314 2911 3527 2979 ἀρχῆς,
3568 2913 3668 2962 καὶ
3696 2911 3751 2961 εἴ

2150 3022 2204 3058 τι
2232 3006 2358 3059 ἄλλο
2379 3008 2546 3075 χωρεῖ
2568 3007 2601 3074 ἠ
2635 3003 2792 3072 φύσις
2815 3004 2969 3073 ἡμῶν
2996 3003 3121 3073 περὶ
3146 3001 3244 3069 τῆς
3272 3002 3421 3062 θείας
3450 3002 3745 3071 δυνάμεως

2152 3092 2510 3163 φθέγγεσθαι’
2552 3091 2691 3144 ὥστε
2739 3092 3125 3152 καταλιπόντας
3176 3090 3235 3141 τὸ
3284 3093 3624 3159 προσκυνεῖν
3654 3092 3748 3142 τὸν

2153 3184 2395 3252 Πατέρα,
2423 3184 2514 3236 καὶ
2540 3183 2631 3235 τὸν
2660 3182 2810 3243 Υἱδν,
2846 3184 2937 3236 καὶ
2982 3183 3042 3235 τὸ
3071 3180 3291 3249 Πνεῦμα
3326 3180 3386 3232 τὸ
3414 3181 3602 3246 ἅγιον,
3643 3182 3744 3249 μό-

2152 3292 2249 3343 νην
2285 3274 2552 3337 σέὸεσθαι,
2581 3274 2675 3325 καλ⁵
2708 3274 3028 3341 προσκυνεῖν
3053 3271 3153 3340 τὴν
3186 3270 3334 3341 παρὰ
3371 3271 3567 3323 τούτου
3608 3289 3745 3339 προ-

2153 3365 2522 3435 τετιμημένην
2548 3364 2743 3435 σάρκα,
2778 3366 2873 3417 καὶ
2902 3363 3085 3434 ἐκείνῃ
3116 3362 3227 3429 (2|)
3255 3362 3315 3413 τὸ
3343 3363 3490 3414 κατὰ
3519 3364 3746 3415 πάντων

2152 3456 2391 3509 τίθεσθαι
2440 3459 2659 3527 κράτος.
2709 3456 2931 3524 Ὅμοιον
2965 3455 3020 3506 δὲ
3069 3455 3180 3514 τοῖς
3209 3452 3745 3521 προαποδεδομένοις

2155 3547 2333 3599 καὶτὸ
2382 3546 2574 3615 ἐφεξῆς
2623 3545 2955 3614 ἐπιχείρημα
2986 3541 3118 3610 (‘22),
3165 3540 3228 3595 Ἠ
3273 3540 3433 3608 σὰρξ
3475 3540 3583 3593 τοῦ
3625 3544 3745 3593 Ku-

2146 3636 2307 3703 ρίου,
2329 3636 2480 3706 φησὶ,
2505 3632 2945 3702 προσκυνεῖται,
2971 3630 3115 3683 καθὸ
3139 3629 3207 3682 ἓν
3230 3629 3361 3681 ἐστι
3383 3630 3742 3694 πρόσωπον,

2154 3726 2251 3780 καὶ
2296 3726 2365 3779 ἓν
2419 3724 2563 3785 ζῶον
2600 3726 2727 3793 μετ’
2768 3721 2953 3776 αὐτοῦ
3003 3721 3141 3789 (‘23).
3188 3718 3290 3770 Δύο
3352 3720 3742 3787 μνημονεύσας

2154 3815 2491 3885 πραγμάτων
2539 3812 2672 3882 (Ἦ),
2714 3812 2920 3879 Κυρίου
2976 3809 3069 3861 καὶ
3122 3807 3323 3877 σαρκὸς
3377 3808 3630 3876 Κυρίου,
3686 3809 3743 3859 ἓν

2158 3906 2295 3969 ζῶον
2317 3906 2385 3958 τὰ
2416 3903 2508 3958 δύο
2542 3904 2781 3973 ἐποίησε.
2811 3901 2924 3954 Νῦν
2955 3899 3329 3954 ἀποκαλύπτει
3373 3899 3566 3964 σαφῶς
3597 3900 3662 3950 τὸ
3687 3901 3743 3950 ἐν

2152 4000 2218 4067 τῇ
2256 3997 2531 4066 ἐπιγραφῇ
2577 3994 2670 4046 τοῦ
2714 3992 2869 4060 λόγου
2925 3990 3272 4061 δηλούμενον,
3306 3990 3364 4039 ἐν
3462 3988 3744 4041 διδάσκειν

2155 4086 2648 4154 κατεπαγγέλλεται
2696 4084 2823 4154 περὶ
2872 4083 2972 4151 τῆς
3017 4081 3168 4144 θείας
3225 4078 3595 4150 σαρκῶσεως,
3645 4081 3741 4148 τῆς

3612 1747 3744 1781 ποο-

483 4167 667 4220 divina
724 4168 1119 4231 incarnatione,
1177 4167 1244 4220 ad
1301 4168 1713 4223 similitudinem
1769 4171 2049 4225 hominum

2160 4174 2275 4228 καθ’
2309 4175 2564 4243 ὁμοίωσιν
2598 4170 2905 4242 ἀνθρώπου·
2936 4170 3120 4238 ἐπειδὴ
3164 4168 3270 4237 γὰρ
3300 4167 3485 4236 ψυχῆς
3526 4168 3737 4235 σώματι

486 4258 649 4319 facta,
677 4274 737 4313 se
764 4274 863 4313 nos
888 4259 1174 4313 docturum
1203 4275 1322 4314 esse
1349 4260 1635 4328 promittit;
1661 4263 1789 4330 quia
1820 4278 2055 4333 namque

485 4344 666 4396 anima
702 4344 767 4398 ad
799 4360 998 4415 corpus
1022 4346 1331 4410 accedente,
1362 4362 1425 4400 ex
1460 4350 1806 4416 copulatione
1828 4352 2051 4406 istarum

487 4432 685 4488 diversi
734 4437 951 4504 generis
1004 4452 1186 4490 rerum
1243 4446 1405 4505 atque
1450 4439 1725 4503 mistione,
1773 4439 2052 4494 hominum

488 4526 594 4578 vita
632 4536 869 4588 constat,
928 4542 1026 4581 nec
1084 4527 1241 4580 aliter
1296 4542 1397 4582 nos
1437 4530 1698 4583 constitui
1754 4546 1915 4599 quam
1960 4547 2056 4600 per

489 4616 685 4670 anima:
743 4625 795 4669 et
859 4619 1107 4684 corporis
1168 4616 1617 4685 coniunctionem
1676 4620 1798 4687 jure
1860 4622 2054 4675 merito

696 4786 832 4864 _Tam
868 4790 953 4842 hic
980 4806 1137 4864 quam
1171 4790 1309 4845 infra
1337 4807 1481 4864 corr.
1524 4792 1646 4864 add.
1678 4802 1815 4864 part.
1849 4794 1942 4857 ὡς.

696 4858 767 4932 Ita
798 4873 941 4912 corr.
962 4876 976 4923 ;
996 4856 1151 4932 male
1180 4870 1337 4932 antea
1365 4863 1662 4932 παιδιότης.

492 4964 497 4969 .
704 4927 859 5000 ροντ’.
893 4929 1419 5000 ἐπικτισθείσηςΛὺς
1450 4925 1715 5000 ὁμολογεῖ.

587 4941 673 4989 ιι)
704 4941 859 4980 uorr.
893 4941 1419 5000 ἐπικτισθεισης,ἳὶ›ς
1450 4941 1715 5000 ὁμολογεῖ.

560 4941 675 5071 ὶίῖξ)
700 4998 856 5048 Corr.
903 4999 995 5071 καὶ
1054 5001 1211 5071 τοῦτο
1242 5002 1763 5071 παραδραμούμεθα,
1812 5014 1864 5059 et
1894 5006 2051 5059 inlcr-

488 5065 679 5135 pungﬁit
710 5074 834 5117 ante
860 5065 927 5117 τὰ
958 5068 1173 5135 ἐφεξῆς.

562 5134 673 5201 (l9)
700 5136 852 5187 Corr.
887 5136 1032 5203 περί.

558 5203 838 5324 ξὲθὲϐοςτ.
876 5204 1013 5274 μετὰ
1040 5206 1138 5275 τῆς
1172 5207 1351 5271 ἀνοίας
1384 5208 1786 5287 σιωησρμεθα,
1806 5216 1859 5263 et
1909 5226 2055 5279 mox,

558 5316 559 5319 η
614 5290 643 5324 τ
708 5291 848 5324 ταις.

488 5289 581 5327 και
614 5289 682 5324 τα
708 5291 848 5337 ταις.

562 5341 675 5478 (εις
694 5341 849 5396 Corr.
879 5345 971 5397 καὶ
994 5346 1050 5396 ἐν
1078 5345 1278 5415 ἐκείνῃ.

562 5410 651 5478 (22
707 5411 817 5466 lloc
872 5415 1199 5478 Apollinaris
1232 5431 1278 5467 at

562 5410 672 5479 (22)
707 5411 817 5484 lloc
872 5415 1199 5481 Apollinaris
1232 5410 1631 5484 argumentum,
1666 5431 1790 5469 cum
1826 5416 2055 5484 Nysseni

490 5482 964 5557 responsione,__eit
990 5485 1091 5538 hoc
1133 5482 1824 5557 opcre'dcsumptatrcfert
1854 5482 2051 5557 Euthy-

492 5548 655 5610 mius,
687 5564 805 5619 pag.
868 5552 992 5617 529,
1036 5548 1184 5608 vers:
1210 5554 1367 5616 Caro,
1413 5548 1596 5623 inquit.
1629 5554 1734 5608 Sed
1768 5548 2049 5625 argumen-

2163 4261 2588 4333 συνδραμούσης,
2616 4263 2678 4312 ὲκ
2698 4261 2794 4329 τῆς
2816 4258 2920 4311 τῶν
2944 4256 3269 4328 ἑτερογενῶν
3299 4256 3506 4308 τούτων
3533 4255 3736 4324 μίξεως

2156 4371 2215 4406 τε
2244 4354 2337 4405 καὶ
2369 4351 2649 4412 κοινωνίας
2697 4348 3008 4401 συνίσταται
3041 4348 3074 4416 ἡ
3118 4345 3433 4416 ἀνθρωπίνη
3463 4344 3599 4409 ζωὴ.
3638 4345 3735 4395 καὶ

2157 4445 2255 4495 οὐκ
2282 4443 2345 4497 ἄν
2367 4460 2448 4505 τις
2478 4441 2606 4495 ἄλλο
2632 4458 2684 4492 τι
2710 4439 2821 4509 (9.5)
2856 4439 2954 4507 τὴν
2984 4437 3239 4490 σύστασιν
3270 4435 3429 4506 ἡμῶν
3456 4436 3730 4505 ὁρίσαιτο.

2158 4535 2297 4604 πλὴν
2323 4534 2573 4604 σώματος
2600 4533 2693 4585 καὶ
2726 4531 2904 4601 ψυχῆς
2938 4528 3219 4583 κοινωνίαν
3244 4544 3257 4556 ·
3290 4527 3451 4580 τοῦτο
3481 4528 3615 4579 αὐτὸ
3645 4526 3731 4577 καὶ

2162 4626 2287 4694 περὶ
2340 4625 2436 4694 τὴν
2484 4624 2633 4677 θείαν
2682 4623 2842 4692 φύσιν
2892 4619 3215 4690 φαντασθεὶς
3266 4622 3294 4672 ὁ
3361 4618 3726 4687 λογογράφκ,

2163 4812 2271 4855 tum
2339 4801 2897 4873 Apollinaris__iisdern
2942 4798 3126 4853 verbis
3147 4809 3471 4873 expressum
3494 4793 3577 4873 ibi

2161 4888 2282 4926 nius
2313 4890 2326 4937 ;
2366 4868 2470 4942 non
2506 4887 2633 4925 vero
2658 4870 2897 4942 Nysseni
2932 4868 3577 4942 responsionem._cujus
3609 4871 3723 4914 tan-

2162 4933 2440 4995 tummodo
2486 4933 2728 5006 sensum,
2756 4955 2864 4995 non
2886 4933 3070 4993 itidem
3094 4937 3256 4990 verba
3281 4933 3614 4989 Euthvmius
3649 4947 3726 4985 re-

2160 5011 2298 5063 tulit.

2230 5080 2510 5152 (25)_Vide
2545 5095 2613 5134 an
2646 5077 3137 5152 interpungendum
3163 5074 3235 5128 sit
3252 5071 3507 5152 anteilla
3546 5070 3721 5152 verba,

2164 5140 2279 5219 μετ’
2311 5140 2496 5214 αὐτοῦ,
2526 5160 2587 5204 ut
2624 5140 2821 5203 sensus
2872 5140 2964 5210 si't,
2998 5158 3214 5199 carnem
3252 5140 3471 5195 Domini
3512 5141 3723 5219 adorari

2159 5233 2281 5274 cum
2316 5220 2453 5286 ipso,
2483 5226 2754 5290 quatenus
2796 5225 2880 5272 est
2915 5231 3021 5290 una
3045 5227 3295 5290 persona,
3320 5219 3378 5264 et
3409 5226 3582 5263 unum
3613 5224 3726 5290 ant-

2160 5290 2296 5354 mal;
2332 5284 2453 5341 nam
2479 5284 2720 5357 proxime
2746 5302 2981 5355 sequens
2999 5284 3727 5357 Apollinarisargumentnm

2163 5358 2288 5427 huic
2318 5354 2752 5427 interpretationi
2785 5354 2968 5410 favere
2992 5354 3227 5427 videtur.

2232 5426 2342 5494 (24)
2372 5422 2650 5491 lta’corr.;
2682 5434 2839 5480 antea
2880 5422 3166 5494 σωμάτων,

2229 5490 2340 5566 (25)
2375 5495 2450 5549 Ita
2483 5490 2664 5561 cons;
2696 5502 2854 5549 antea
2885 5490 2974 5547 ita.)
3009 5492 3108 5545 οὐκ
3126 5490 3254 5544 ἄλλο
3277 5505 3354 5543 τι.
