3934 6146
361 236 503 293 1239

1521 249 1893 311 ADVERSUS
1927 253 2428 317 APOLLINAREM.

3463 272 3602 332 i250

360 354 521 418 εὐθὺς
547 350 604 407 ἔν
634 369 695 405 τε
726 355 791 424 τῇ
810 321 1107 452 ἐπιγραφῇ
1138 358 1234 452 coit
1267 359 1428 431 λόγου
1454 365 1720 426 διδάσκειν
1736 388 1931 425 κατεπ-

2035 373 2306 444 quispiam
2340 372 2726 441 alﬁrmaverit;
2756 384 3044 446 propterea
3083 379 3187 436 hoc
3214 381 3392 452 ipsum
3430 386 3486 441 in
3518 387 3594 443 di-

359 451 711 518 αγγέλλεταί,
806 445 887 498 ὅτι
936 448 1057 502 καθ’
1107 449 1367 519 ὁμοίωσιν
1418 456 1705 529 ἀνθρώπου
1740 462 1833 515 καὶ
1870 462 1934 515 τὸ

354 542 505 594 Θεῖον
524 541 583 591 ὲ)
630 536 793 606 σαρκὶ
827 535 1143 610 θεωρεῖται,
1174 545 1269 598 καὶ
1299 545 1395 600 νῦν
1428 550 1488 601 ὲν
1517 550 1594 621 τῷ
1626 552 1779 624 μέρει
1808 552 1934 606 τού-

356 642 451 679 του
480 624 572 678 τοῦ
598 624 758 693 λόγου
781 626 894 697 (26)
926 631 1115 699 σαφῶς
1151 638 1578 703 κατασκευάζει.
1610 642 1693 694 ὅτι
1730 643 1789 696 έν
1818 645 1933 697 ἐστι

357 714 668 805 πρόσωπον,
690 717 783 769 καὶ
806 717 941 780 ζῶον
969 720 1047 785 ἓν,
1070 722 1103 792 ἦ
1126 741 1183 776 τε
1205 726 1343 796 σάρξ
1364 734 1458 785 καὶ
1474 733 1502 784 ὁ
1526 733 1742 805 Κύριος,
1766 736 1937 791 ὡσαν-

357 807 406 859 εὶ
467 804 646 874 λέγοι,
717 808 927 862 Παῦλον
966 812 1056 864 τὸν
1096 816 1259 870 αὐτὸν
1307 816 1446 871 εἶναι
1474 820 1551 889 τῷ
1589 804 1816 893 κρυπτῷ
1840 823 1931 877 τὸν

357 895 682 985 φαινόμενον
714 898 847 968 (27),
895 901 983 955 διὰ
1046 904 1145 975 τὴν
1185 907 1279 960 τοῦ
1339 910 1586 980 σώματος
1644 913 1781 982 πρὸς
1830 914 1931 985 τὴν

357 983 535 1055 ψυχὴν
592 989 885 1056 συμφυΐαν.
929 991 993 1044 Τί
1042 990 1135 1047 οὖν
1186 997 1293 1068 ἄρα
1344 1000 1615 1067 ἐπεξιέναι
1664 983 1933 1074 προσήκει

357 1074 470 1135 τοῖς
502 1074 810 1143 εἰρημένοις
852 1078 943 1131 καὶ
993 1079 1410 1155 ἀντιμάχεσθαι;
1439 1090 1548 1142 Καὶ
1576 1089 1691 1154 πῶς
1731 1092 1830 1146 οὐκ
1865 1093 1932 1147 ἄν

357 1178 443 1225 τις
471 1164 619 1254 ἡμᾶς
645 1166 926 1235 ἀφραίνειν
956 1174 1322 1244 κατῃτιάσατο
1359 1180 1469 1241 τοῖς
1515 1180 1930 1254 παρεξευρημέ-

357 1267 469 1342 νοις
499 1253 610 1307 τῶν
652 1258 936 1325 νοημάτων
982 1262 1394 1335 ὲνισταμένους;
1436 1269 1646 1323 Οὐκοῦν
1686 1272 1747 1324 τὸ
1795 1253 1932 1342 μετά

357 1340 514 1394 τοῦτο
532 1348 971 1417 κατανοήσωμεν.
995 1352 1065 1404 Et
1087 1354 1299 1422 μηδὲν,
1319 1359 1473 1429 φησὶ,
1494 1362 1721 1429 ποίημα
1743 1340 1933 1430 προσ-

359 1435 621 1500 κυνητὸν
659 1438 809 1504 μετὰ
848 1439 954 1493 τοῦ
980 1440 1223 1511 Κυρίου,
1252 1447 1333 1513 ὡς
1374 1450 1413 1517 ἡ
1435 1449 1592 1518 σὰρξ
1610 1453 1816 1507 αὐτοῦ.
1837 1453 1933 1516 Τίς

362 1522 758 1595 ἀγωνοθετήσει
794 1530 922 1601 περὶ
951 1533 1056 1585 τῶν
1083 1537 1142 1588 ἐν
1170 1537 1393 1610 ἀσεϐείᾳ
1419 1542 1701 1610 πρωτείων
1732 1544 1934 1611 ἀγωνι-

356 1612 570 1687 ζομένῳ
598 1618 675 1688 τῷ
713 1620 1070 1695 Ἀπολιναρίῳ
1101 1628 1234 1697 πρὸς
1264 1630 1354 1684 τὸν
1388 1630 1682 1703 Εὑνόμιον;
1715 1634 1800 1696 τίς
1824 1633 1934 1704 ἄρα

2034 463 2159 517 vina
2202 463 2371 517 etiam
2412 472 2613 519 natura
2644 465 2786 534 ﬁeri,
2824 468 3008 539 inepte
3039 472 3224 525 animo
3254 489 3356 528 suo
3386 475 3601 548 ﬁngens

2032 553 2296 624 scriptor,
2330 554 2514 610 statim
2554 556 2693 612 etin
2727 557 2845 627 ipsa
2884 564 3158 617 tractatus
3200 562 3366 633 hujus
3405 566 3603 623 inscri-

2034 645 2222 714 ptione
2248 633 2771 700 demonstraturum
2825 661 2886 703 se
2930 649 3246 718 pollicetur,
3297 653 3605 717 divinitatis

2034 736 2477 805 conjunctionem
2510 752 2636 792 cum
2664 752 2829 792 carne
2858 737 2924 791 ad
2965 739 3379 798 similitudinem
3424 747 3607 802 homi-

2030 826 2121 882 nis
2151 826 2503 895 spectandam
2534 841 2685 893 esse;
2709 836 2763 882 et
2807 844 2954 884 nunc
2999 830 3054 884 in
3082 831 3187 887 hac
3219 835 3461 903 ejusdem
3497 847 3604 892 tra-

2033 923 2213 969 ctatus
2245 922 2401 985 parte
2429 916 2722 972 manifeste
2753 903 3003 974 astruere
3040 920 3259 990 nititur,
3297 939 3517 981 carnem
3553 936 3607 983 et

2034 1003 2323 1060 Dominum
2382 1021 2546 1060 unam
2602 1023 2894 1077 personam
2947 1018 3113 1081 atque
3172 1029 3342 1069 unum
3403 1020 3605 1073 animal

2026 1110 2177 1160 esse,
2205 1097 2365 1166 quasi
2398 1096 2607 1152 diceret
2650 1098 2707 1153 in
2753 1100 2922 1156 Paulo
2952 1102 3024 1157 ob
3053 1106 3299 1174 corporis
3322 1115 3377 1160 et
3408 1110 3608 1164 animat

2032 1187 2475 1256 conjunctionem
2514 1189 2659 1244 idem
2694 1205 2817 1247 esse
2864 1194 3009 1262 quod
3058 1195 3210 1261 latet,
3251 1206 3416 1267 atque
3470 1199 3604 1253 illud

2031 1277 2176 1347 quod
2211 1278 2455 1332 omnium
2504 1280 2681 1335 oculis
2729 1282 2994 1337 cernitur.
3047 1285 3189 1349 Quid
3218 1301 3348 1357 ergo
3377 1304 3441 1343 ea
3484 1305 3606 1360 qua:

2033 1366 2196 1422 modo
2223 1370 2776 1425 commemoravimus
2818 1380 3074 1426 accurata
3106 1372 3489 1444 disquisitione
3519 1392 3606 1433 re-

2033 1456 2220 1512 fellere
2246 1459 2539 1512 convenit?
2568 1459 2703 1525 Quis
2734 1460 2897 1516 etiam
2923 1462 3120 1517 merito
3152 1479 3255 1519 nos
3281 1465 3607 1535 insipientia:

2035 1562 2143 1602 non
2186 1548 2529 1604 accusaverit
2563 1551 2707 1619 quod
2744 1551 2898 1606 hisce
2942 1567 3230 1622 perperam
3274 1558 3600 1626 excogitatis

2036 1634 2605 1707 argumentationibus
2657 1640 2964 1696 refutandis
3024 1642 3420 1699 immoremur?
3466 1645 3609 1718 Ergo

356 1706 463 1759 τῶν
504 1708 793 1777 ἀριστείων
844 1714 901 1765 ὲν
952 1720 1063 1779 τοῖς
1108 1719 1249 1772 κατά
1289 1721 1390 1791 τῆς
1418 1721 1673 1792 ἀληθείας
1720 1703 1933 1794 ἱδρῶσιν

2037 1703 2182 1796 quod
2219 1728 2490 1797 sequitur,
2535 1731 2932 1800 expendamus.
2980 1730 3043 1787 Si
3065 1734 3236 1799 nulla,
3282 1736 3479 1806 inquit,
3524 1703 3605 1793 .53.

357 1794 751 1866 ἀξιωθήσεται;
790 1801 943 1872 Τάχα
982 1805 1203 1875 ἄκριτος
1243 1810 1328 1861 ἐπ’
1379 1812 1704 1884 ἀμφοτέρων
1739 1817 1771 1886 ἡ
1810 1815 1932 1887 νίκη

357 1889 435 1959 τῷ
485 1893 812 1966 ἀμφηρίστῳ
846 1895 957 1967 ('28)
989 1899 1082 1953 καὶ
1128 1902 1373 1956 ίσοπαλεῖ
1400 1906 1497 1974 τῆς
1543 1906 1795 1971 ἀσεϐείας
1836 1927 1935 1963 κα-

356 1980 793 2054 ταλειφθήσεται.
859 1989 918 2040 '0
974 1990 1070 2059 μὲν
1118 1991 1227 2064 γὰρ
1275 1995 1485 2065 ποίημα
1534 1998 1625 2050 τὸν
1672 2000 1932 2070 μονογενῆ

356 2070 488 2124 Θεὸν
520 2072 628 2145 (29)
660 2074 851 2145 λέγων,
881 2080 1067 2149 νοερόν
1089 2098 1149 2135 τε
1176 2085 1359 2149 αὑτὸν,
1391 2087 1487 2139 καὶ
1521 2086 1624 2151 ἔξω
1656 2088 1757 2157 τῆς
1785 2090 1933 2144 ἀντι·

356 2158 527 2213 τύπου
570 2162 783 2231 φῦσεως
822 2162 961 2219 εἶναι
994 2169 1092 2222 οὐκ
1121 2171 1501 2243 ἀπομάχεται·
1544 2178 1706 2244 αὐτὸς
1730 2180 1786 2232 δὲ
1821 2180 1932 2253 (50)

359 2247 607 2304 σύνθετον
638 2253 695 2319 ἐξ
735 2254 908 2325 ἀρχῆς
947 2257 1106 2309 αὑτὸν
1145 2257 1204 2324 ἐξ
1236 2263 1542 2333 ὲτεροφυῶν
1586 2247 1930 2335 ἀναπλάσας,

358 2339 423 2393 ἐκ
448 2343 647 2412 σαρκός
672 2344 731 2396 τε
770 2347 860 2399 καὶ
892 2346 1140 2420 θεότητος
1171 2357 1677 2426 συγκεκροτημένον
1708 2359 1766 2410 ἒν
1795 2355 1932 2414 εἶναι

358 2427 496 2492 ζῶον
524 2435 951 2500 κατασκευάζει,
998 2438 1119 2490 καθ’
1151 2440 1407 2510 ὁμοίωσιν
1437 2445 1546 2513 (51)
1577 2450 1678 2517 τῆς
1720 2448 1932 2520 ἀνθρω-

356 2520 518 2591 πίνης
560 2525 790 2590 φύσεως.
834 2524 896 2578 Ἡ
939 2529 1036 2596 μὲν
1080 2531 1186 2601 γὰρ
1226 2533 1319 2585 τοῦ
1346 2536 1651 2606 ποιήματος
1691 2542 1933 2611 προσκύυ

355 2626 510 2680 νησις
535 2614 618 2665 ἐπ’
646 2614 846 2684 ἀμφοῖν
869 2615 957 2687 ἴση
980 2636 994 2649 ο
1024 2617 1138 2671 ἀλλ’
1165 2622 1375 2687 ἐκεῖνος
1405 2626 1503 2694 μὲν
1528 2628 1628 2698 τὴν
1656 2631 1849 2701 νοεράν
1871 2651 1932 2687 τε

359 2703 450 2756 καὶ
469 2703 753 2774 ἀσώματον
776 2706 933 2773 φύσιν
953 2712 1283 2781 πεποιῆσθαι
1306 2732 1491 2783 φησιν’
1513 2711 1667 2783 οὗτος
1687 2720 1743 2773 δὲ
1766 2740 1931 2793 προσ-

356 2792 534 2864 τίθησι
564 2798 658 2847 καὶ
688 2797 749 2847 τὸ
775 2838 789 2861 ,
825 2799 1075 2871 σαρκώδη
1101 2803 1259 2870 φύσιν
1285 2802 1422 2859 εἶναι
1448 2810 1576 2879 περὶ
1605 2812 1665 2863 τὸ
1697 2792 1955 2884 ποίημα,’

359 2883 453 2934 καλ⁵
491 2882 691 2953 ταύτην
738 2891 1153 2956 προσκυνεῖσθαι
1202 2894 1360 2948 πλέον
1402 2897 1509 2950 τῶν
1544 2899 1744 2954 λοιπῶν
1779 2920 1934 2974 ποιη-

2035 1827 2214 1873 creata
2241 1835 2383 1889 atque
2415 1820 2695 1874 adoranda
2722 1838 2830 1875 una
2864 1839 2981 1875 cum
3012 1821 3241 1877 Domino
3264 1834 3365 1891 est,
3402 1843 3464 1879 ac
3491 1828 3606 1895 ejus

2032 1923 2181 1963 caro.
2231 1907 2432 1980 Ecquis
2470 1910 2760 1964 certamini
2808 1912 3023 1980 praeerit
3059 1914 3391 1983 praemiaque
3442 1924 3608 1984 ponet

2034 2001 2339 2071 Apollinari
2390 2012 2555 2072 atque
2587 2001 2860 2057 Eunomio
2913 2005 3055 2059 inter
3098 2020 3158 2060 se
3198 2005 3266 2060 de
3312 2006 3607 2075 impietatis

2033 2092 2270 2161 primatu
2333 2093 2715 2146 certantibus?
2763 2093 2893 2148 Uter
2940 2104 3132 2150 eorum
3179 2096 3251 2151 ob
3298 2097 3607 2153 exantlatos

2034 2182 2301 2237 adversus
2324 2182 2608 2237 veritatem
2634 2184 2873 2246 labores,
2901 2186 3082 2254 palma
3107 2186 3307 2255 dignus
3331 2203 3453 2242 esse
3475 2203 3604 2243 cen-

2034 2271 2289 2326 sebitur?
2330 2271 2590 2327 Fortasse
2626 2273 2698 2327 ob
2733 2289 2916 2343 parem
2962 2277 3019 2330 in
3071 2277 3364 2332 asserenda
3412 2277 3603 2348 impie-

2032 2367 2144 2415 tate
2180 2363 2510 2417 certantium
2542 2365 2816 2431 ardorem,
2849 2381 3052 2437 anceps
3099 2369 3223 2434 erit,
3257 2382 3321 2423 ac
3350 2378 3605 2424 neutram

2032 2448 2088 2501 in
2120 2458 2329 2519 partem
2356 2451 2618 2506 inclinata
2664 2454 2911 2508 victoria.
2956 2454 3092 2509 Nam
3139 2457 3231 2513 ille
3265 2458 3604 2527 unigenitum

2032 2538 2201 2595 Deum
2234 2540 2438 2596 factum
2469 2557 2593 2599 esse
2622 2545 2923 2612 alIirmans,
2958 2548 3210 2602 eumdem
3257 2557 3438 2603 mente
3469 2563 3607 2617 pra:-

2033 2629 2208 2683 ditum
2255 2638 2308 2684 et
2337 2646 2367 2684 a
2399 2646 2666 2702 corporea
2706 2642 2902 2689 natura
2937 2637 3175 2691 alienum
3209 2652 3334 2692 esse
3366 2652 3477 2692 non
3506 2653 3606 2692 ne-

2032 2728 2157 2789 gat;
2207 2718 2298 2773 hic
2334 2734 2462 2775 vero
2512 2722 2666 2776 illum
2718 2725 2896 2793 ipsum
2947 2727 3291 2796 unigenitum
3323 2726 3491 2783 Deum
3536 2744 3605 2783 ex

2033 2809 2264 2864 diversae
2290 2799 2501 2866 natura:
2539 2812 2702 2867 rebus
2737 2814 2805 2868 ab
2844 2814 3002 2869 initio
3030 2818 3395 2887 compositum
3434 2818 3607 2875 fuisse

2036 2898 2267 2968 ﬁngens,
2297 2901 2548 2955 eumdem
2576 2917 2743 2956 unum
2774 2917 2900 2958 esse
2921 2919 2988 2958 ex
3010 2919 3174 2961 carne
3205 2922 3269 2960 ac
3294 2907 3602 2971 divinitate.

365 2970 568 3041 μάτων,
608 2973 684 3036 ὡς
715 2977 811 3028 καὶ
852 2976 1031 3041 ἄλλοις
1084 2984 1353 3053 ποιήμασι
1390 2991 1805 3061 προσαγομένης
1834 2970 1932 3064 τῆς

2037 2988 2287 3042 humanm
2316 2996 2525 3044 naturae
2558 2991 2754 3056 instar,
2786 2992 3078 3048 conflatum
3113 2997 3313 3050 animal
3341 3012 3465 3053 esse
3494 3007 3606 3053 sta-

360 3064 802 3134 προσκυνήσεως,
825 3066 852 3120 ὃ
892 3069 983 3121 καὶ
1009 3072 1120 3134 τοῖς
1146 3073 1212 3126 τὰ
1244 3075 1508 3146 Εὐνομίου
1538 3080 1935 3149 πρεσϐεύουσιν

360 3150 556 3216 ἀσεϐὲς
596 3150 734 3208 εῖναι
776 3157 1135 3226 ὁμολογεῖται.
1174 3164 1384 3218 Οὐκοῦν
1439 3168 1610 3237 ἐχέτω
1660 3172 1801 3225 κατά
1845 3173 1935 3226 τοῦ

361 3243 624 3314 Εὑνομίου
653 3245 718 3300 τὰ
756 3251 1067 3320 νικητήρια,
1104 3254 1197 3305 καὶ
1238 3255 1654 3323 ὲπαγαλλιάσθω
1684 3260 1796 3330 (52)
1826 3265 1938 3326 τοῖς

360 3334 458 3405 τῆς
488 3335 740 3400 ἀσεϐείας
769 3339 1050 3406 στεφάνοις
1078 3344 1551 3416 καλλωπιζόμενος
1574 3366 1587 3379 ·
1616 3351 1726 3420 ὅσῳ
1745 3352 1853 3422 γὰρ
1878 3353 1937 3405 ὲν

361 3427 425 3495 τῇ
444 3425 537 3513 ἀνθ
546 3429 753 3498 ρωπίνῃ
772 3429 928 3495 φύσει
945 3431 1044 3501 τῆς
1060 3434 1234 3504 ψυχῆς
1246 3438 1306 3488 τὸ
1324 3438 1479 3507 σῶμα
1496 3441 1932 3513 καταδεέστερον,

360 3512 612 3567 τοσοῦτον
650 3517 707 3568 έν
750 3519 862 3579 τοῖς
906 3517 973 3571 τὰ
1013 3522 1293 3591 ποιήματα
1327 3526 1738 3595 προσκυνοῦσιν,
1780 3530 1807 3581 ὁ
1839 3530 1935 3600 τὴν

365 3604 539 3674 σάρκα
573 3611 892 3675 προσκυνεῖν
932 3611 1237 3678 νομοθετῶν
1266 3614 1375 3668 τῶν
1416 3617 1476 3668 τὸ
1509 3618 1692 3687 νοερὸν
1727 3620 1937 3690 ποίημα

366 3695 669 3764 σεϐομένων
702 3698 758 3748 ἐν
792 3697 868 3768 τῷ
900 3698 1040 3767 λόγῳ
1069 3703 1167 3771 τῆς
1194 3703 1446 3768 ἀσεϐείας
1476 3708 1623 3758 ἐστὶν
1664 3709 1937 3762 ἀτοπώτε-

367 3803 478 3855 ρος,
496 3788 588 3839 καὶ
614 3780 844 3855 μάλιστα
868 3790 915 3841 εί
942 3791 1033 3842 καὶ
1058 3790 1191 3845 ἄλλα
1212 3797 1633 3863 προσκυνεῖσθαι
1656 3800 1937 3868 ποιήματα

365 3876 529 3946 λέγοι,
562 3872 635 3931 ὧν
673 3878 731 3931 τὸ
760 3878 917 3931 πλέον
950 3881 981 3950 ἡ
1019 3881 1155 3951 σὰρξ
1177 3883 1267 3936 διὰ
1298 3886 1633 3955 συγκρίσεως
1673 3891 1812 3943 κατὰ
1839 3891 1937 3960 τὴν

366 3966 732 4038 πορσκύνησιν
770 3969 913 4039 ἔχει·
948 3972 1109 4025 Οὐδὲν
1146 3974 1283 4044 γὰρ,
1335 3977 1498 4045 φησὶ,
1532 3978 1741 4048 ποίημα
1769 3998 1937 4049 προσ-

365 4056 622 4127 κυνητὸν,
666 4062 741 4121 ὼς
792 4060 823 4129 ἠ
866 4060 999 4130 σάρξ
1039 4060 1131 4113 τοῦ
1178 4064 1404 4133 Κυρίου,
1470 4066 1653 4119 Πάντα
1693 4068 1791 4137 μὲν
1828 4071 1936 4142 γάρ

364 4149 559 4220 ἐπίσης
599 4149 747 4203 κάτω
790 4151 884 4220 τῆς
919 4151 1064 4214 θείας
1093 4152 1201 4221 (55)
1249 4154 1363 4205 ἐστὶ
1404 4154 1704 4226 δυνάμεως,
1732 4159 1936 4230 ὅσαπερ

364 4241 422 4295 ὲν
448 4244 512 4312 τῇ
543 4241 714 4294 κτίσει
755 4242 1228 4312 καταλαμϐάνεται
1250 4282 1264 4308 ,
1307 4244 1408 4298 κᾶν
1434 4245 1721 4317 ἀσώματον
1750 4245 1806 4322 ᾖ,
1834 4249 1937 4304 κᾶν

2039 3078 2163 3131 ιυίι.
2220 3076 2461 3147 Uterque
2509 3082 2653 3133 enim
2690 3094 2999 3137 creaturam
3051 3100 3205 3155 aeque
3243 3088 3460 3154 adorat;
3509 3088 3607 3143 sed

2039 3167 2341 3222 Eunomius
2384 3169 2608 3237 quidem
2640 3185 2784 3233 eam,
2833 3174 2937 3227 etsi
2989 3174 3211 3241 factam,
3248 3178 3609 3233 nihilominus

2038 3259 2416 3328 incorpoream
2466 3266 2521 3312 et
2562 3260 2921 3330 intelligentia
2955 3265 3237 3332 praeditam
3282 3283 3406 3322 esse
3435 3262 3604 3323 dicit:

2037 3349 2127 3404 hic
2160 3364 2289 3403 vero
2321 3366 2427 3404 non
2467 3350 2669 3404 factam
2703 3354 3101 3419 tantummodo,
3137 3357 3229 3411 sed
3261 3366 3316 3411 et
3349 3374 3608 3415 carneam

2036 3451 2158 3492 esse
2184 3435 2416 3490 aliirmat
2443 3453 2674 3507 eamque
2701 3453 2813 3507 prae
2838 3442 3051 3497 caeteris
3080 3446 3354 3500 creaturis
3387 3447 3609 3503 adorari

2038 3536 2313 3596 oportere,
2365 3530 2523 3598 quasi
2576 3530 2826 3586 adoratio
2858 3531 2981 3586 aliis
3012 3547 3232 3603 quoque
3280 3536 3480 3591 creatis
3517 3552 3609 3593 re-

2036 3617 2139 3673 bus
2164 3619 2559 3688 impertiretur,
2588 3622 2735 3691 quod
2763 3630 2817 3677 et
2840 3622 2918 3676 illi
2945 3624 3037 3693 qui
3065 3623 3319 3680 Eunomii
3352 3627 3610 3698 dogmata

2038 3709 2368 3778 suSpiciunt,
2406 3710 2630 3780 impium
2667 3727 2790 3768 esse
2841 3728 2951 3768 non
2996 3713 3312 3770 dilﬁtentur.
3351 3715 3610 3773 Victoriae

2040 3797 2221 3864 itaque
2268 3797 2535 3854 adversus
2578 3798 2909 3855 Eunomium
2950 3805 3176 3871 praemia
3235 3805 3394 3870 ferat,
3451 3823 3611 3863 coro-

2038 3886 2233 3956 nisque
2289 3888 2588 3958 impietatis
2637 3898 2868 3946 ornatus
2909 3892 3186 3960 exsultet;
3240 3910 3365 3949 nam
3402 3906 3610 3966 quanto

2038 3977 2093 4031 in
2123 3977 2361 4032 humana
2393 3988 2589 4033 natura
2627 3995 2827 4050 corpus
2870 3980 3012 4036 infra
3045 3983 3282 4037 animam
3318 3994 3422 4051 est,
3455 3995 3609 4041 tanto

2038 4067 2180 4122 inter
2208 4074 2586 4124 creaturarum
2623 4072 2868 4127 cultores
2896 4072 2990 4142 qui
3021 4086 3243 4128 carnem
3273 4074 3607 4132 adorandam

2037 4174 2159 4214 esse
2200 4160 2412 4224 statuit,
2449 4161 2581 4226 illis,
2616 4172 2887 4231 quantum
2937 4162 3006 4218 ad
3053 4165 3410 4234 impietatem,
3450 4170 3610 4241 longe

2038 4251 2275 4320 ineptior
2318 4260 2420 4316 est,
2471 4252 2562 4321 qui
2613 4269 2725 4307 non
2772 4254 2877 4308 nisi
2928 4254 3289 4323 intelligentia
3323 4259 3605 4325 praeditam

367 4332 502 4403 μετά
534 4332 800 4403 σώματος.
845 4334 982 4386 Ἀλλ’
1022 4334 1132 4405 ἔχει
1162 4336 1298 4406 πρὸς
1329 4339 1526 4408 ἑαυτὴν
1568 4342 1600 4409 ὴ
1630 4340 1807 4404 κτίσις
1845 4341 1932 4394 διὰ

2037 4350 2341 4396 creaturam
2390 4342 2607 4407 colunt;
2653 4345 2951 4410 praesertim
3006 4344 3055 4397 si
3101 4358 3210 4398 non
3263 4360 3427 4399 unam
3471 4348 3606 4415 ipse,

364 4426 699 4495 συγκρίσεως
754 4426 1079 4496 ὑπερϐολὴν,
1137 4428 1234 4479 καὶ
1295 4428 1620 4495 ἐλάττωσιν,
1676 4432 1773 4502 τῆς
1822 4432 1932 4486 τῶν

362 4516 666 4584 ἀσωμάτων
704 4517 918 4584 φύσεως
960 4519 1389 4589 προτερευούσης
1421 4522 1531 4591 (54)
1558 4522 1709 4593 παρά
1730 4522 1827 4593 τὴν
1848 4525 1932 4575 αί-

365 4605 566 4674 σθητήν
609 4624 666 4658 τε
704 4610 793 4660 καὶ
844 4610 1145 4680 σωματώδη
1202 4611 1550 4667 κατάστασιν.
1600 4612 1760 4666 Ὥστε
1799 4612 1932 4666 καθὸ

365 4696 462 4766 μὲν
487 4698 564 4767 τῷ
599 4700 857 4768 ποιήματι
888 4700 1169 4772 λατρεύειν
1202 4700 1402 4756 οἴονται
1430 4705 1538 4756 δεῖν
1576 4707 1837 4776 Εὐνόμιός
1874 4722 1931 4758 τε

362 4791 456 4842 καὶ
497 4790 887 4859 Ἀπολινάριος.
920 4793 1188 4856 ίσοπαλεῖς
1218 4794 1274 4846 ὲν
1295 4793 1372 4863 τῷ
1397 4793 1538 4862 λόγῳ
1562 4796 1659 4864 τῆς
1681 4795 1934 4860 ἀσεϐείας

361 4880 466 4932 είσὶ
497 4880 587 4933 καί
617 4882 981 4950 ἀμφήριστοι·
1012 4885 1040 4935 ὁ
1066 4882 1121 4934 δὲ
1143 4883 1206 4953 τῇ
1244 4885 1404 4954 σαρκὶ
1437 4884 1587 4954 παρά
1612 4885 1709 4954 τὴν
1741 4885 1933 4955 νοεράν

362 4967 520 5039 φύσιν
549 4969 617 5022 τά
641 4972 879 5039 πρωτεῖα
912 4971 1111 5040 νέμων,
1144 4973 1204 5026 τὸ
1237 4973 1395 5027 πλέον
1424 4975 1502 5036 είς
1524 4973 1777 5029 ἀσέϐειαν
1798 4975 1930 5046 ἔχει.

373 5056 780 5112 Ἀκουσάτωσαν
813 5060 862 5110 οἱ
908 5058 1146 5129 μαθηταὶ
1180 5060 1279 5130 τῆς
1308 5062 1522 5133 ἀπάτης
1548 5061 1683 5133 πρὸς
1705 5062 1824 5117 τίνα
1853 5063 1930 5134 τῷ

361 5143 664 5214 διδασκάλῳ
692 5145 869 5204 αὐτῶν
903 5150 995 5204 καὶ
1024 5150 1151 5221 περὶ
1180 5149 1338 5203 τίνων
1365 5151 1398 5222 ἡ
1428 5150 1648 5221 ἅμιλλα.

573 5319 653 5396 _lta
682 5336 847 5388 corr.;
892 5332 1049 5378 antea
1078 5325 1173 5396 τοῦ
1208 5324 1566 5396 λογογράφου.

434 5389 547 5465 (fg?)
572 5391 648 5465 lla
678 5406 857 5455 corr.;
891 5402 1047 5447 antea
1073 5395 1133 5447 τὸ
1163 5389 1501 5465 φαινόμενον.

434 5457 551 5535 (ἓξ)
570 5458 649 5535 ita
682 5475 849 5535 corr._;
884 5472 1042 5517 antea
1070 5457 1410 5535 ἀμιρορίστῳ.

434 5520 693 5598 Haec
714 5520 873 5598 lectio
906 5547 935 5584 a
956 5520 1122 5589 corr:
1142 5520 1244 5598 est;
1287 5520 1410 5589 nain
1442 5540 1603 5590 antea
1628 5545 1743 5591 erat
1765 5536 1920 5592 Θεοῦ.

581 5592 735 5655 Corr.
765 5594 916 5661 οὗτος
937 5600 1013 5654 δέ.

2039 4432 2133 4488 sed
2169 4433 2353 4501 plures
2378 4443 2684 4488 creaturas
2731 4433 3042 4488 adorandas
3058 4450 3181 4490 esse
3210 4434 3377 4502 dicat,
3411 4438 3611 4505 quibus

2039 4530 2355 4593 comparata
2414 4538 2542 4578 caro
2590 4524 2854 4593 majorem
2913 4540 3024 4593 prae
3077 4526 3185 4579 illis
3233 4527 3610 4582 adorationem

2038 4617 2296 4684 consequi
2330 4625 2604 4670 mereatur
2633 4613 2825 4670 :Nulla
2855 4617 3025 4682 enim,
3060 4616 3258 4686 inquit,
3295 4626 3477 4671 creata
3520 4634 3611 4673 res

2040 4721 2194 4775 aeque
2226 4704 2503 4759 adoranda
2549 4713 2630 4761 est
2664 4715 2829 4776 atque
2868 4720 3001 4760 caro
3048 4706 3286 4761 Domini.
3322 4705 3456 4760 Nam
3493 4722 3613 4761 om-

2040 4796 2153 4861 nia,
2205 4810 2327 4864 qua:
2375 4795 2429 4848 in
2470 4809 2655 4848 rerum
2690 4803 2998 4850 creatarum
3041 4812 3271 4849 numero
3314 4796 3606 4859 habentur,

2043 4887 2162 4941 sive
2181 4901 2446 4954 corporea
2479 4884 2610 4949 sint,
2643 4885 2756 4939 sive
2781 4883 3125 4949 incorporea,
3155 4902 3306 4957 aeque
3334 4884 3476 4940 infra
3509 4903 3608 4956 po-

2042 4984 2288 5032 testatem
2311 4975 2550 5031 divinam
2579 4985 2723 5038 sunt,
2767 4985 2823 5029 at
2865 4975 3220 5030 nihilominus
3262 4992 3349 5032 res
3389 4974 3604 5036 creatae,

2039 5067 2085 5121 si
2118 5067 2260 5119 inter
2305 5080 2363 5120 se
2397 5072 2806 5133 comparentur,
2870 5066 2987 5121 alia:
3033 5066 3154 5121 aliis
3192 5068 3310 5137 plus
3352 5066 3604 5119 minusve

2039 5156 2321 5226 dignitatis
2374 5156 2610 5221 habent,
2661 5171 2785 5210 cum
2835 5156 3166 5227 incorporea
3232 5163 3434 5211 natura
3476 5169 3600 5209 eam
3676 5156 3677 5163 ‘

2103 5328 2216 5400 (51)
2242 5328 2417 5385 Verba
2455 5329 2575 5383 καθ’
2613 5331 2887 5400 ὁμοίωσιν,
2915 5345 2942 5382 a
2966 5345 3110 5383 corr.
3152 5336 3279 5382 sunt
3308 5324 3509 5380 addita.

2245 5400 2398 5474 φοι-ι’.
2427 5400 2837 5474 ὲπαγαλλέσθω.
3034 5464 3045 5474 _
3116 5465 3126 5474 _
3196 5462 3222 5474 ,

2127 5404 2215 5468 52)
2245 5404 2398 5453 Corr.
2427 5404 2837 5467 ἐπαγαλλέσθω.
3196 5462 3222 5474 -

2104 5404 2216 5538 ἓὸὂ)
2242 5469 2331 5538 ίΙιιι
2366 5485 2510 5522 corr.
2539 5487 2552 5533 ;
2590 5470 2744 5535 prius
2774 5475 2893 5518 erat
2919 5464 3141 5538 κατὰ-τὸ
3161 5478 3283 5531 της.

2103 5532 2216 5608 (54)
2240 5537 2316 5591 lta
2344 5553 2514 5599 corr.;
2542 5532 2700 5590 antea
2738 5532 3199 5603 προπορευούσης.
