3978 6504
383 436 425 478 ιι
1636 415 2003 473 GALLANDII
2047 417 2387 479 MONITUM.

385 546 564 599 citans
620 558 683 596 ex
717 541 907 597 eodem
951 555 1205 614 sermone
1259 541 1373 612 (l2)

389 636 559 696 istud,
622 635 819 705 inquit,
850 635 904 688 in
963 632 1226 689 Oratione
1266 650 1389 699 ην,
1422 634 1805 704 supposititius
1835 632 1971 689 Gre-

389 727 595 793 gorius.
635 725 703 779 lit
760 725 905 779 enim
937 723 1348 795 Gregoriiillius
1390 722 1717 778 Nazianzeni
1752 738 1967 794 germa-

390 833 518 873 nam
578 832 702 872 esse
740 832 847 870 non
890 824 1099 887 putem,
1144 815 1287 886 cogit
1353 823 1467 869 tum
1518 816 1644 887 styli
1687 815 1972 872 dissimili-

390 907 546 971 tudo,
611 915 724 960 tum
784 906 1051 976 pedestris
1085 905 1233 960 illius
1261 920 1325 959 ac
1348 905 1593 975 plebeius
1617 921 1819 969 sermo,
1872 906 1976 959 mi-

393 1000 650 1067 nimeque
697 995 1029 1051 Nazianzeni
1098 994 1424 1063 elegantiam
1490 1002 1546 1049 et
1608 994 1972 1064 granditatem

394 1092 667 1147 redoleas.
710 1110 728 1140 ι
781 1088 923 1155 Quid
996 1086 1142 1158 quod
1204 1101 1380 1156 neque
1434 1085 1657 1142 Nicetas
1728 1085 1975 1140 eamdem

397 1182 709 1239 Orationem
760 1188 1018 1248 tanquam
1070 1176 1399 1232 Nazianzeni
1462 1177 1631 1233 fetum
1684 1179 1974 1249 agnovisse

395 1273 632 1336 videtur,
686 1271 780 1341 qui
840 1285 958 1324 eam
1016 1268 1267 1323 videlicet
1298 1269 1352 1322 in
1414 1268 1532 1324 suis
1564 1271 1978 1326 commentariis

397 1364 722 1435 praeterierit
770 1362 927 1433 (i5)?
960 1359 1102 1426 Quin
1154 1369 1210 1415 et
1254 1360 1577 1433 Euthymius
1631 1378 1697 1417 ex
1747 1361 1979 1434 Nysscni

402 1458 669 1512 Sermone
714 1453 869 1523 Πρὸς
917 1453 1216 1522 Εὐάγριον
1257 1455 1531 1524 μοναχὸν
1581 1455 1714 1524 περὶ
1776 1457 1980 1522 θεότη-

399 1569 519 1616 τος.
552 1555 805 1618 excerpta
829 1545 938 1601 duo
967 1546 1329 1616 descripsisse
1362 1549 1697 1618 comperitur
1718 1548 1852 1620 (14).
1886 1548 1983 1604 His

400 1644 614 1697 denmm
665 1638 874 1694 accedit
923 1636 1174 1693 codicum
1223 1655 1356 1693 mss.
1393 1639 1547 1705 lides,
1585 1656 1725 1711 quos
1759 1639 1983 1695 laudant

399 1733 701 1788 Cotelerins
724 1731 835 1803 (15)
866 1738 922 1786 et
951 1729 1237 1786 Fabricius
1272 1731 1404 1801 (l6).

476 1847 563 1902 V’l.
604 1846 863 1917 Sequitur
895 1844 972 1901 De
1008 1846 1190 1899 anima
1228 1845 1541 1915 disputatio,
1574 1843 1643 1898 ad
1677 1844 1983 1900 Tatianum.
2019 1886 2061 1942 Β

403 1942 556 1996 llanc
581 1956 710 1995 vero
739 1940 948 2010 primus
990 1937 1158 1993 edidit
1188 1936 1479 2008 Moguntize
1507 1952 1653 1992 anno
1681 1937 1818 1993 1604
1844 1938 1988 1993 inter

404 2048 568 2103 opera
623 2030 870 2101 Gregorii
917 2028 1313 2099 Thaumalurgi
1380 2026 1661 2086 Gerardus
1708 2028 1981 2085 Vossius:

404 2124 765 2193 eamdemque
788 2121 1049 2193 deinceps
1082 2132 1345 2193 tanquam
1391 2122 1572 2176 adhuc
1595 2121 1853 2178 ineditam
1886 2123 1990 2177 Pa-

404 2214 556 2270 risiis
591 2229 737 2268 anno
783 2213 917 2269 1697
948 2214 1143 2268 iterum
1183 2212 1461 2282 evolgavit
1499 2210 1758 2268 Nicolaus
1806 2212 1987 2270 Nour-

407 2324 536 2379 ryns
571 2307 681 2377 (l7)
709 2322 774 2362 ex
808 2306 997 2361 codice
1017 2304 1362 2361 bibliotheca:
1384 2302 1584 2374 Regiae,
1617 2305 1711 2375 qui
1741 2304 1987 2376 Gregorii

406 2412 620 2456 tantum
653 2401 776 2455 sine
829 2398 1016 2452 addito
1045 2412 1244 2452 nomen
1286 2395 1627 2468 praeferebat.
1661 2395 1988 2466 Hujusmodi

406 2504 586 2550 autem
624 2493 948 2563 epusculum
1012 2490 1273 2560 episcopo
1322 2488 1991 2559 Neocmsariensiadjndi-

406 2594 534 2640 rant
560 2584 759 2640 eruditi
798 2583 864 2638 ad
904 2597 1069 2637 unum
1114 2596 1328 2643 omnes,
1363 2582 1411 2635 si
1444 2579 1697 2635 Vossium
1724 2581 1987 2650 excipias.

408 2678 695 2733 Fabricius
750 2673 970 2746 quidem
1007 2674 1128 2743 ejus
1185 2682 1467 2728 auctorem
1518 2672 1990 2743 Tliaumaturgum

408 2772 586 2841 primo
618 2766 1040 2837 agnoverat(l8)
1069 2784 1081 2821 :
1110 2781 1299 2821 verum
1342 2773 1552 2820 mutato
1582 2766 1779 2821 deinde
1812 2766 1994 2821 consi-

409 2862 504 2920 lio,
558 2859 688 2913 illud
722 2858 984 2927 Gregorio
1044 2854 1293 2929 Nysseno
1344 2857 1589 2911 attribuit
1655 2857 1789 2927 (l9),
1868 2858 1993 2912 licet

411 2949 561 3005 nullo
584 2954 909 3018 argumento
928 2947 1259 3001 sententiam
1285 2960 1441 3000 suam
1473 2945 1834 3001 conﬁrmarit.
1869 2948 1995 3004 Exi-

410 3040 745 3095 stimavcrim
814 3036 1067 3108 equidem
1123 3044 1179 3091 et
1227 3036 1344 3105 ipse
1372 3036 1514 3091 banc
1560 3035 1993 3107 Disputationem

412 3134 535 3203 jure
585 3131 792 3201 optimo
848 3128 1093 3201 Nysseno
1139 3128 1397 3198 episcopo
1441 3126 1877 3184 vindicandam:
1932 3145 1996 3185 ea

1427 560 1440 596 :
1481 561 1497 592 ι
1562 540 1703 596 Vere
1744 541 1965 611 quidem
1997 546 2045 603 Α
2073 558 2197 597 cum
2240 543 2522 599 Francisci
2568 544 2688 599 Zini
2725 543 2979 600 versione
3010 543 3295 613 superiore
3327 541 3533 598 saeculo
3571 541 3658 595 in-

2072 647 2234 691 eunte
2262 634 2488 692 Parisiis
2514 636 2567 691 in
2598 638 2772 693 lucem
2803 637 3024 691 emissa.
3055 635 3134 692 De
3154 651 3219 691 ea
3249 634 3455 698 videas,
3479 634 3532 688 in
3557 635 3659 704 pri-

2073 727 2180 783 mis
2216 726 2534 785 Suaresium
2564 728 2698 800 (22),
2732 738 2792 784 ut
2819 728 3136 785 Fabricium
3162 725 3491 781 omittamus
3520 722 3658 793 (23).

2151 862 2281 919 Vlll.
2300 863 2419 919 Jam
2447 880 2577 921 vero
2599 874 2871 936 superest,
2900 864 3241 921 utnonnnlla
3269 862 3338 918 de
3364 859 3662 932 Fragmen-

2076 956 2148 1011 tis
2181 971 2244 1010 ex
2275 958 2534 1027 operibus
2550 958 2725 1012 sancti
2756 957 2936 1013 Patris
2955 956 3253 1027 deperditis
3280 967 3429 1008 nunc
3444 954 3662 1007 demum

2078 1049 2325 1104 collectis
2363 1049 2743 1104 observemus.

2152 1158 2394 1213 Primum
2415 1160 2599 1230 itaque
2612 1159 2851 1215 occurrit
2872 1158 3311 1227 supplementum
3341 1162 3524 1211 textus
3541 1152 3647 1207 Ora

2081 1253 2248 1308 tionis
2309 1252 2572 1307 Adversus
2640 1252 2961 1320 fornicarios
3022 1265 3090 1304 ex
3149 1248 3414 1302 Vaticano
3478 1246 3668 1301 codice

2084 1362 2235 1399 num.
2283 1346 2388 1401 415
2418 1344 2604 1399 Graece
2661 1352 2869 1398 tantum
2901 1359 2929 1396 a
2962 1340 3238 1411 Zacagnio
3286 1339 3496 1394 editum
3531 1338 3669 1406 (2t),

2084 1435 2230 1506 quod
2272 1438 2326 1490 in
2373 1436 2685 1506 Appendice
2739 1448 2966 1504 operum
3026 1428 3258 1502 Nysseni
3323 1443 3353 1481 a
3411 1426 3670 1480 Gretsero

2050 1522 2336 1598 ‘evulgata
2379 1526 2744 1583 desideratur.
2775 1525 3024 1579 Latinam
3080 1521 3393 1576 versionem
3417 1516 3670 1572 Gallicio—

2085 1621 2193 1677 lius
2225 1636 2381 1676 meus
2408 1619 2717 1675 adornavit.

2162 1736 2477 1792 Secundum
2519 1734 2882 1803 fragmentum
2916 1726 3136 1783 exhibet
3178 1724 3447 1793 insignem
3494 1722 3672 1775 locum

2092 1831 2167 1886 De
2197 1830 2402 1899 Spiritu
2445 1837 2627 1881 sancto
2661 1840 2680 1877 :
2708 1824 3167 1891 desumptumque
3204 1824 3287 1872 est
3340 1831 3408 1870 ex
3442 1812 3672 1884 Nysseni

2095 1923 2360 1979 Sermone
2400 1921 2455 1975 in
2490 1920 2792 1973 orationem
2826 1912 3189 1968 Dominicam.
3228 1908 3303 1964 De
3341 1923 3405 1962 eo
3429 1906 3674 1977 pluribus

2094 2019 2207 2089 agit
2234 2016 2395 2071 docte
2419 2012 2582 2069 simul
2604 2019 2656 2065 et
2675 2007 2891 2064 erudite
2914 2004 3249 2075 Lequienius
3276 2001 3386 2072 (25)
3411 2017 3424 2065 ;
3450 1998 3541 2068 qui
3569 2012 3676 2067 pra:

2094 2109 2329 2173 caneris,
2355 2107 2420 2161 ad
2452 2119 2562 2161 rem
2596 2112 2841 2158 nostram
2870 2098 2983 2152 hac
3005 2096 3172 2151 habet
3198 2113 3210 2148 :
3245 2112 3264 2145 ι
3295 2093 3353 2146 ln
3385 2091 3557 2151 nullo,
3592 2089 3675 2143 in—

2094 2205 2232 2277 quit,
2260 2200 2505 2272 ejusdem
2538 2193 2782 2253 doctoris
2814 2205 3065 2248 sermone
3088 2188 3145 2243 in
3183 2184 3522 2241 Dominicam
3556 2196 3676 2235 ora-

2094 2272 2298 2353 tionem
2341 2294 2493 2348 locus
2551 2289 2655 2344 iste
2705 2289 3035 2355 comparet:
3070 2280 3180 2334 imo
3227 2291 3403 2347 neque
3444 2274 3498 2329 in
3556 2272 3668 2327 Ser-

2095 2402 2257 2443 mone
2286 2385 2379 2456 qui
2404 2384 2458 2437 in
2486 2380 2651 2437 editis
2678 2384 2933 2434 censetur
2962 2371 3158 2427 tertius
3184 2388 3201 2438 ;
3225 2368 3283 2424 in
3307 2367 3471 2436 cujus
3498 2373 3680 2417 tamen

2097 2480 2205 2535 line
2248 2478 2314 2534 de
2343 2474 2581 2546 Spiritus
2608 2469 2786 2527 sancti
2806 2467 3007 2522 deitate
3031 2476 3087 2522 et
3106 2458 3682 2519 consubstantialitate

2097 2572 2431 2640 disputatur.
2484 2566 2685 2620 Verum
2745 2571 3002 2631 tanquam
3048 2572 3077 2610 a
3130 2555 3379 2627 Nysseno
3428 2556 3686 2619 acceptus

2098 2666 2301 2720 citatur
2333 2661 2401 2716 ab
2451 2657 2678 2729 Hugone
2717 2653 3012 2709 Etheriano
3068 2648 3207 2719 (26).
3237 2645 3381 2713 Quin
3402 2650 3457 2698 et
3486 2656 3553 2695 ex
3580 2640 3688 2693 Eu-

2098 2756 2305 2829 tliymio
2358 2761 2567 2809 certum
2630 2750 2688 2803 [it
2762 2746 2874 2817 (27)
2945 2742 3240 2814 genuinum
3313 2752 3437 2794 eum
3520 2747 3687 2797 esse,

2101 2825 2653 2916 transsumptumque
2700 2856 2767 2895 ex
2836 2851 2900 2892 ea
2952 2833 3223 2891 sermonis
3273 2831 3328 2885 in
3386 2825 3687 2882 orationem

2104 2941 2445 2997 Dominicam
2488 2942 2677 3006 parte,
2712 2948 2834 3003 qua:
2885 2928 3108 2985 homilia
3143 2924 3307 2981 tertia
3338 2928 3616 2976 censetur.
3665 2935 3683 2966 ι

2174 3031 2437 3097 Quartum
2492 3026 2852 3096 fragmentum
2904 3037 2969 3076 ex
3008 3017 3177 3087 Regio
3205 3014 3393 3069 codice
3444 3010 3577 3065 5451
3639 3009 3692 3062 in

2103 3123 2280 3176 lucem
2352 3117 2544 3174 extulit
2588 3116 2841 3171 laudatus
2879 3109 3207 3181 Lequienius
3267 3103 3403 3176 (28),
3444 3101 3536 3155 ubi
3588 3100 3693 3153 hoc

414 3226 493 3279 uti
518 3241 606 3293 ine
638 3225 849 3278 ratione
869 3221 1162 3283 adductus,
1199 3219 1344 3289 quod
1409 3217 1556 3273 illam
1588 3230 1811 3276 sanctus
1862 3222 1999 3275 anti-

2119 3212 2356 3270 scholiou
2419 3210 2675 3280 reperit:
2744 3206 2851 3259 Τοῦ
2926 3204 3150 3272 Νύσσης
3209 3201 3274 3252 ἐκ
3319 3196 3414 3251 τοῦ
3458 3196 3537 3259 εἰς
3598 3191 3691 3246 τὸν

414 3330 527 3374 stes
558 3316 788 3371 Tatiano
830 3312 1189 3383 inscripserit.
1212 3310 1486 3366 Nimirum
1510 3320 1738 3367 sanctus
1769 3311 2004 3371 Basilius

416 3408 484 3462 ad
518 3404 959 3475 Amphilochium
1012 3402 1289 3467 scribens,
1315 3398 1529 3455 Tatiani
1565 3399 1854 3469 cujusdam
1896 3418 2008 3457 me-

418 3501 578 3557 minit
604 3498 740 3566 (20),
780 3496 872 3567 qui
906 3499 1141 3566 primum
1187 3493 1500 3565 presbyter,
1541 3507 1670 3546 mox
1714 3508 1845 3548 vero
1893 3494 2009 3563 epi-

418 3610 620 3664 scopus
675 3589 941 3662 Myrcnsis
1013 3586 1249 3642 concilio
1296 3584 1402 3640 GP.
1443 3584 1729 3649 interfuit;
1778 3583 2009 3653 ejusque

419 3684 860 3741 communionem
911 3679 1200 3750 expetebat
1240 3692 1473 3749 magnus
1522 3676 1613 3731 ille
1654 3674 2010 3732 Caesariensis

421 3778 709 3847 cpiscopus
740 3780 1059 3843 ;propterea
1073 3767 1221 3841 quod
1247 3768 1425 3838 ipsum
1452 3782 1519 3822 ex
1548 3766 1616 3823 iis
1638 3781 1762 3823 esse
1780 3765 2009 3836 sciebat,

422 3870 536 3941 qui,
570 3867 792 3923 Valente
831 3866 1154 3933 imperante,
1181 3869 1388 3916 rectam
1433 3858 1595 3913 tidem
1633 3856 1782 3913 omni
1828 3856 2013 3913 studio

425 3960 841 4033 proﬁtebantur,
872 3964 933 4010 ut
955 3955 1124 4025 probe
1148 3952 1384 4009 advertit
1414 3952 1485 4007 cl.
1510 3950 1846 4022 Lequienius
1872 3950 2009 4021 (2|).

426 4054 563 4109 llnic
594 4053 778 4121 itaque
810 4048 1043 4104 Tatiano
1066 4046 1495 4119 disputationem
1529 4061 1686 4101 suam
1715 4043 1791 4100 De
1821 4045 2004 4099 anima

426 4143 824 4215 nuncupaverit
858 4141 1162 4215 Nyssenus,
1191 4138 1375 4196 Basilii
1409 4153 1709 4210 germanus
1734 4136 1933 4205 frater;
1963 4146 2017 4192 et

429 4242 660 4295 fortasse
689 4235 909 4306 quidem
950 4242 1240 4302 antequam
1285 4231 1332 4285 is
1378 4228 1771 4284 ecclesiasticae
1812 4227 2018 4281 militiae

429 4346 626 4388 nonnen
653 4326 885 4391 dederit,
942 4326 1145 4394 quippe
1202 4320 1503 4392 θαυμάσιος
1530 4318 1792 4382 Τατιανὸς
1818 4333 1849 4371 a
1878 4317 2018 4389 Nys-

430 4440 562 4480 seno
590 4421 915 4492 appellatur.
940 4415 1225 4486 Temporis
1248 4415 1529 4469 enimvero
1545 4410 2020 4477 notatio,nomena

430 4532 535 4586 qne
584 4514 687 4569 viri
737 4512 967 4581 ejusque
1025 4507 1383 4579 praestantia,
1442 4502 1695 4574 opusculi
1735 4509 2017 4556 auctorem

432 4602 928 4675 t‘uisseNyssenum
949 4598 1226 4660 evincere,
1246 4593 1447 4651 nedum
1477 4593 1711 4649 suadere
1738 4591 2017 4646 videntur.
2050 4584 2279 4654 Dribus
2323 4592 2557 4665 junciim
2618 4586 2847 4645 edendis
2895 4580 3188 4638 consilium
3257 4572 3446 4629 inierit
3494 4589 3509 4625 :

501 4718 612 4772 VII.
648 4717 888 4787 Operum
909 4710 1378 4783 Nyssenianorum
1408 4707 1848 4777 supplementum
1874 4704 2022 4758 clau-

434 4815 511 4868 dit
542 4809 820 4879 Expositio
848 4804 1058 4862 Cantici
1095 4802 1424 4856 canticorum
1456 4797 1888 4869 paraphrastica,
1919 4796 2022 4849 col-

437 4906 571 4957 lecta
644 4915 709 4956 ea:
787 4907 1095 4952 sanctorum
1154 4888 1396 4961 Gregorii
1479 4888 1673 4959 Nyssa:
1730 4886 2019 4956 pontiﬁcis,

438 4995 660 5052 Maximi
698 5002 746 5047 et
799 4988 915 5043 Nili
967 4984 1383 5045 commentariis,
1441 4998 1560 5036 cum
1600 4979 1767 5033 Pselli
1819 4977 2024 5048 στίχοις

442 5088 730 5149 πολιτικοῖς
788 5082 1156 5154 ἐξηγητικοῖς,
1190 5093 1255 5133 ex
1278 5076 1469 5132 codice
1500 5072 1768 5128 Vaticano
1785 5080 1939 5125 eruta
1967 5079 2022 5125 et

509 5266 621 5337 (l2)
652 5264 837 5337 Eetav.
882 5261 1066 5337 Dogm.
1098 5257 1253 5311 theol.
1285 5264 1339 5337 _t_.
1372 5254 1412 5317 l,
1446 5252 1805 5337 lib._rl.tl,mcap.
1833 5248 1888 5313 6,
1920 5249 2025 5322 εὖ.

511 5321 623 5405 (15)
656 5336 750 5389 Gr.
776 5333 909 5387 Naz.
943 5321 1084 5405 Qpp.
1117 5339 1251 5405 tom.
1285 5324 1352 5391 ll,
1383 5321 1706 5405 pag.nl265_:

511 5389 625 5477 (11)
655 5389 1561 5477 ΕιιιΙιΥιιι-.-Ρᾶιὶορι;ρειι“ιέιξιὶζ.2,
1584 5389 1850 5477 p_.'t7,ed.
1873 5390 2022 5477 laud.

511 5414 625 5477 (14)
659 5414 912 5475 Euthym.
937 5414 1326 5523 t’anoptkpart.
1349 5414 1388 5462 I,
1408 5414 1561 5459 ut.z,
1584 5414 1637 5464 p.
1666 5414 1685 5445 ι
1703 5414 1850 5456 t,eu.
1874 5414 2021 5446 iauu.

509 5478 622 5545 (15)
668 5476 840 5529 Gotel.
876 5472 1115 5545 .‘itonum.
1191 5464 1415 5545 cog-Gr.
1457 5462 1705 5545 tornglnll,
1732 5476 1855 5533 pag.
1893 5461 2021 5518 550.

509 5533 622 5619 (l6)
658 5545 869 5619 Fabric.
896 5544 1036 5619 Bibl.
1068 5537 1520 5619 t0pt_.‘_V‘ll|,_prag.‘
1547 5533 1669 5619 iga.

511 5601 627 5688 (—17,)
675 5617 872 5688 Nourr.
907 5616 1041 5688 (ipp,
1070 5612 1137 5688 at!
1176 5609 1312 5664 Bibl.
1507 5613 1547 5659 t.
1584 5601 2017 5688 IILBL736-740.

515 5674 627 5757 (l8)
665 5674 1056 5757 Fabriciliibl.
1084 5682 1179 5737 Gr.
1216 5690 1349 5733 tom.
1383 5676 1449 5741 V,
1483 5692 1607 5757 pag.
1641 5674 1768 5757 25E“.

517 5743 627 5829 (10)
664 5759 741 5812 ltl.
778 5758 831 5810 in
866 5756 1061 5809 Delect.
1090 5758 1380 5829 argument.
1412 5743 1620 5829 capra—2,
1829 5743 1996 5829 μηδ-,7⁵

517 5816 629 5902 (20)
658 5829 821 5902 Basil.
840 5843 924 5895 ep.
944 5816 1171 5902 coniti,
1187 5823 1257 5902 a_|.
1274 5817 1644 5902 ccccnt,_0pp.
1662 5827 1700 5869 t.
1894 5816 2017 5870 551.

523 5887 633 5963 >21)
662 5887 923 5956 Leunicn.
952 5899 1047 5953 ον.
1093 5895 1290 5950 Christ.
1319 5899 1454 5949 tom.
1489 5889 1529 5951 Ι,
1562 5887 1694 5950 pag.
1727 5887 1850 5943 968.

2122 3304 2318 3376 Ἰωσὴφ
2336 3304 2431 3357 καί
2452 3303 2550 3371 τὴν
2570 3300 2810 3371 Μαρίανο
2839 3296 3079 3368 Gregorii
3104 3291 3335 3364 Nysseni
3369 3305 3433 3344 ea:
3457 3287 3694 3344 oratione

2109 3401 2165 3453 in
2192 3396 2389 3467 Ioseph
2410 3405 2459 3450 et
2492 3393 2727 3448 Mariam
2767 3392 2903 3463 (29).

2183 3488 2258 3544 De
2314 3488 2508 3557 quinto
2560 3494 2739 3538 autem
2776 3483 2889 3550 jam
2920 3493 3022 3535 suo
3055 3477 3177 3531 loco
3212 3473 3375 3529 verba
3413 3470 3643 3524 fecimus
3678 3482 3690 3517 :

2113 3580 2206 3635 ubi
2229 3578 2333 3633 viri
2364 3576 2508 3631 docti
2538 3588 2826 3630 censuram
2861 3568 3148 3640 lragmenti
3178 3562 3549 3621 sinceritatem
3590 3558 3695 3611 im-

2112 3670 2408 3743 pugnantis
2478 3667 2701 3721 minime
2762 3659 3096 3736 probandam
3168 3656 3691 3713 demonstravimus.

2113 3741 2326 3831 Quibus
2395 3776 2542 3815 nunc
2605 3758 2851 3813 addenda
2880 3752 3055 3812 sancti
3096 3749 3325 3806 Joannis
3372 3741 3697 3799 Damasceni

2114 3858 2443 3919 auctoritas,
2475 3855 2841 3925 fragmentum
2894 3848 3037 3903 idem
3090 3854 3352 3915 tanquam
3404 3836 3700 3910 Nysseuia-

2115 3968 2270 4015 num,
2294 3958 2487 4006 contra
2521 3945 2801 4001 Jacobitas
2829 3938 3166 4010 usurpantis.

2119 4110 2441 4208 fragmentis
2483 4128 2836 4186 recensendis
2903 4138 3023 4195 qua:
3088 4119 3246 4175 nobis
3300 4114 3535 4171 servavit
3594 4110 3701 4166 Eu-

2120 4204 2361 4301 tbyinius
2390 4227 2505 4281 sive
2541 4239 2608 4278 ex
2646 4218 2876 4292 Nysseni
2918 4217 3058 4271 libro
3104 4210 3371 4279 inscripto
3412 4205 3486 4259 De
3524 4204 3703 4273 cogni-

2122 4324 2261 4377 tione
2310 4319 2429 4381 Dei,
2464 4317 2578 4372 sive
2617 4330 2684 4370 ex
2740 4310 2990 4367 oratione
3026 4312 3220 4361 contra
3273 4296 3563 4353 Ablabium
3592 4295 3702 4347 de-

2123 4421 2375 4481 sumpta,
2426 4423 2656 4479 quaeque
2705 4406 2809 4461 sub
2847 4420 2903 4458 ιι.
2957 4400 2989 4452 7
3035 4405 3090 4454 et
3136 4394 3169 4450 8
3225 4395 3702 4462 repraesentamns.

2195 4480 2465 4561 Gazterum
2496 4500 2543 4554 si
2565 4498 2690 4570 quis
2725 4496 2781 4550 in
2803 4500 3083 4565 posterum
3110 4486 3176 4542 de
3199 4480 3555 4555 Nyssenianis
3580 4491 3706 4546 ope-

3568 4582 3703 4638 prm-

2129 4701 2209 4745 ter
2239 4656 2341 4743 ista
2386 4700 2507 4755 qua:
2562 4682 2691 4737 alibi
2729 4677 2935 4734 omissa
2993 4672 3083 4726 hic
3167 4667 3513 4739 protulimus,
3564 4656 3706 4755 haud

2131 4782 2233 4853 ipsi
2261 4748 2761 4851 praatermittendus
2783 4769 2888 4825 erit
2912 4764 3157 4836 ejusdem
3182 4758 3357 4816 sancti
3384 4752 3558 4809 Patris
3580 4748 3686 4801 Dia

2134 4875 2283 4943 logus
2312 4869 2376 4924 de
2399 4868 2582 4923 anima
2619 4874 2668 4920 et
2703 4859 3122 4939 resurrectione,
3150 4868 3311 4924 quem
3349 4845 3555 4918 jamdiu
3587 4842 3706 4898 edi-

2134 4938 2272 5030 tum,
2305 4961 2541 5019 contulit
2591 4972 2714 5013 cum
2745 4938 2959 5011 duobus
3003 4949 3190 5022 proba:
3233 4951 3373 5000 noue
3402 4938 3709 5000 codicibus,

2135 5068 2187 5114 et
2215 5058 2269 5113 in
2300 5056 2416 5114 suis
2454 5051 2654 5109 Anecd.
2687 5048 2885 5103 Gra'cis
2911 5040 3187 5114 evulgavit
3210 5038 3282 5093 cl.
3312 5034 3545 5091 Wolfius
3572 5030 3709 5098 ('50).
3778 5054 3781 5057 ι

2200 5236 2313 5310 (22>
2345 5235 2570 5310 ξιιςιι-εεο
2602 5236 2670 5310 ad
2696 5232 2812 5310 Νίιξ
3048 5240 3179 5310 ras-
3213 5222 3341 5279 637-

2202 5242 2313 5310 (22)
2346 5242 2570 5292 Suares.
2602 5242 2670 5289 ad
2696 5242 2811 5287 Nili
2838 5247 3016 5300 opusc.
3057 5242 3179 5349 pag.
3213 5242 3341 5279 03!.

2202 5308 2316 5380 (25)
2339 5308 2562 5380 Eabric.
2593 5307 2735 5380 B_ib_l_.
2760 5303 2855 5358 Gr.
2882 5312 3018 5356 tom.
3048 5297 3199 5380 Vlln,
3228 5288 3711 5380 paggllifﬂn;

2199 5359 2314 5450 (ᾖ)
2338 5359 2573 5449 Ζεῖἐεὶέὶιζ
2593 5359 2827 5450 ῗσριιεεε.
2857 5386 3093 5450 marinum.
3129 5359 3713 5450 Εεεξέκῖξνζιιέιβέξὸὅ.

2198 5434 2312 5521 (253
2337 5434 2596 5521 Lequign.
2628 5447 2857 5521 Dissert.
2900 5441 3202 5521 inamgsc.
3228 5435 3256 5507 ς
3279 5434 3369 5499 47,
3402 5447 3456 5503 ρ.
3493 5446 3628 5484 xxu.

2204 5512 2315 5593 (26)
2342 5512 2483 5592 Hug.
2518 5520 2705 5593 Ether.
2740 5517 2833 5593 lib.
2869 5531 2907 5578 t,
2942 5529 3063 5583 cap.
3099 5512 3153 5565 5.

2207 5575 2321 5663 (27)
2344 5575 2599 5665 Ευῆιγιιι.
2626 5586 2850 5665 Panopl.
2874 5575 3026 5665 part.
3058 5598 3122 5645 ιι,
3155 5581 3240 5665 tit.
3264 5575 3357 5665 .12.

2344 5639 2898 5736 meq-iiiie'ii.ad:Gpp.r
2914 5639 3166 5736 Damasc.
3193 5659 3233 5704 t.
3264 5648 3388 5736 I,np..
3415 5642 3545 5708 258,
3582 5658 3635 5694 ιι.
3659 5639 3715 5701 2,

2206 5718 2678 5807 (‘29),J.7I')amasc.
2711 5718 2851 5807 Opp:
2879 5736 3011 5779 tom.
3046 5718 3457 5807 “magi-121."
3500 5785 3562 5807 η,

2161 5834 2174 5846 --
2205 5783 2873 5875 i565Vv61i.7}i}}ée_.t.'cr.
2903 5807 3039 5853 toni.
3075 5783 3145 5859 ti,‘
3181 5783 3303 5863 p'ag.
3359 5783 3625 5847 art-5:0,
3664 5785 3726 5843 et

2133 5873 2265 5941 toni.
2298 5878 2385 5943 Ill,
2417 5893 2573 5947 pagg.
2604 5873 2754 5929 1-47.
