3978 6434
975 681 1203 768 ΤΟΥ
1239 683 1383 767 ΕΝ
1422 682 1785 767 ΑΓΙΟΙΣ
1820 682 2251 772 ΠΑΤΡΟΣ
2301 687 2627 776 ΗΜΩΝ

1335 895 2301 1035 ΓΡΗΓΟΡΙΟΥ

1444 1146 1840 1206 ΕΠΙΣΚΟΠΟΥ
1876 1150 2145 1205 ΝΥΣΣΗΣ

1554 1351 2687 1472 ΚΑΤΗΧΗΤΙΚΟΣ

1545 1598 1620 1681 Ο
1691 1598 2055 1685 ΜΕΓΑΣ

977 1807 1082 1864 EN
1111 1810 1546 1864 ΚΕΦΑΛΑΙΟΙΣ
1590 1810 2124 1864 ΤΕΣΣΑΡΑΚΟΝΤΑ
2167 1810 2647 1868 ΔΠῙΡΗΜΕΝΟΣ.

883 1344 1407 1467 ΛΟΓΟΣ

823 2197 983 2354 S.
1126 2205 1299 2354 P.
1422 2207 1604 2359 N.
1725 2201 2769 2358 GBEGORII

1471 2485 1776 2544 EPISCOPI
1827 2485 2125 2545 NYSSENI

515 2661 1109 2779 ORATIO
1242 2661 2397 2829 CATECHETICA
2530 2670 3073 2789 MAGNA

1156 2884 1238 2940 III
1254 2883 1417 2941 VISA
1446 2883 1536 2939 IN
1561 2884 2093 2952 QUADRAGINTA
2133 2889 2422 2949 CAPITA.

1392 3246 1650 3304 Gentique
1684 3245 1905 3304 Herum
1926 3251 2223 3321 interprete.

771 3576 1147 3635 ΠΡΟΛΟΓΟΣ.

258 3673 307 3728 Ὁ
326 3673 420 3744 τῆς
451 3669 817 3741 κατηχήσεως
840 3670 995 3740 λόγος
1011 3713 1027 3738 ,
1052 3673 1344 3741 ἀναγκαῖος
1375 3673 1472 3746 μέν
1497 3676 1611 3733 ἐστι
1637 3680 1747 3741 τοῖς

186 3765 539 3836 προεστηκόσι
595 3761 689 3815 τοῦ
743 3762 856 3833 βίου
898 3763 995 3834 τῆς
1032 3764 1333 3831 εὐσεϐείας,
1386 3766 1461 3829 ὡς
1494 3767 1560 3821 ἂν
1607 3769 1745 3841 πλη-

193 3853 375 3908 θῦνοιτο
414 3858 479 3926 τῇ
523 3853 817 3925 προσθήκῃ
858 3853 965 3906 τῶν
994 3852 1315 3924 σωζομένων
1350 3858 1385 3928 ἡ
1432 3857 1743 3930 Ἐκκλησία,

191 3947 263 3999 τοῦ
307 3947 445 4000 κατὰ
476 3946 589 4016 τὴν
636 3944 857 4016 διδαχὴν
903 3945 1094 4000 πιστοῦ
1137 3946 1294 4016 λόγου
1342 3950 1408 4020 τῇ
1450 3950 1587 4022 ἁκοῇ
1637 3952 1746 4005 τῶν

190 4040 402 4093 ἀπίστων
450 4037 914 4110 προσαγομένου’
960 4039 1020 4092 οὐ
1068 4040 1175 4111 μὴν
1213 4042 1241 4093 ὁ
1278 4040 1437 4105 αὐτὸς
1476 4042 1576 4113 τῆς
1604 4043 1745 4097 διδας

191 4132 383 4195 exalia;
412 4132 631 4202 τρόπος
662 4128 753 4181 ἐπὶ
784 4128 1000 4183 πάντων
1030 4130 1258 4201 ἁρμόσει
1284 4131 1390 4185 τῶν
1420 4132 1746 4203 προσιόντων

187 4224 246 4291 τῷ
276 4224 433 4293 λόγῳ.
485 4220 659 4275 Ἀλλὰ
692 4220 833 4274 κατὰ
870 4220 968 4283 τὰς
997 4222 1102 4274 τῶν
1144 4222 1445 4291 ορησκειῶν
1488 4222 1745 4296 διαφορὰς

190 4314 541 4384 μεθαρμόζειν
575 4313 839 4381 προσήκει
868 4312 968 4382 τὴν
1008 4312 1328 4383 κατήχησιν,
1367 4313 1502 4385 πρὸς
1526 4314 1615 4367 τὸν
1647 4316 1745 4368 αὐ-

186 4403 254 4458 τὸν
281 4407 372 4475 μὲν
400 4404 660 4477 ὁρῶντας
691 4402 784 4455 τοῦ
816 4401 974 4470 λόγου
1004 4401 1204 4455 σκοπὸν
1223 4443 1238 4467 ,
1262 4402 1360 4474 οὐχ
1382 4405 1746 4475 ὁμοιοτρόπως

185 4494 225 4548 δὲ
250 4500 359 4561 ταῖς
392 4498 775 4558 κατασκευαῖς
804 4494 1136 4564 χρωμένους.
1176 4494 1396 4559 Ἀλλαις
1414 4496 1521 4567 γὰρ
1546 4498 1744 4569 ὑπολή-

183 4586 313 4653 "(mw
336 4588 364 4639 ό
397 4586 719 4650 Ἰουδαῖςων
751 4584 1139 4654 προείληπται,
1182 4586 1275 4639 καὶ
1295 4584 1371 4655 τῷ
1412 4586 1746 4660 Ἑλληνισμῷ

184 4681 329 4744 πζῶν
365 4682 631 4751 ἑτέραιςο
667 4678 695 4729 ὅ
720 4692 781 4729 τε
826 4675 1099 4746 Ἀνόμοιος
1133 4677 1224 4745 κα)
1250 4679 1278 4729 ὀ
1309 4678 1624 4749 Μανιχαίος,
1654 4679 1745 4732 καὶ

177 4772 215 4823 οἱ
246 4774 379 4826 κατὰ
408 4768 750 4843 Μαρκίωνα.
792 4769 884 4821 καὶ
911 4767 1276 4833 Οὐαλεντίνον,
1315 4768 1408 4821 καὶ
1442 4768 1742 4840 Βασιλίδην,

177 4866 251 4916 καὶ
274 4869 301 4918 ὁ
318 4865 515 4926 λοιπὸς
537 4861 840 4928 κατάλογος
859 4859 970 4912 τῶν
996 4861 1134 4913 κατὰ
1154 4859 1251 4923 τὰς
1272 4859 1509 4931 αἱρέσεις
1534 4861 1745 4915 πλανω-

175 4957 351 5025 μένων,
412 4956 585 5017 ἰδίαις
638 4953 869 5016 ἕκαστος
924 4952 1221 5023 ὑπολήψεσι
1282 4952 1740 5023 προειλημμένοι,

172 5050 465 5117 ἀναγκαίαν
522 5044 739 5101 ποιοῦσι
779 5046 877 5116 τὴν
911 5044 1046 5116 πρὸς
1086 5045 1183 5108 τὰς
1232 5045 1452 5098 ἐκείνων
1496 5046 1747 5114 ὑπονοίας

173 5144 361 5212 μάχην.
404 5139 573 5193 Κατὰ
602 5137 712 5208 γὰρ
741 5137 801 5189 τὸ
829 5134 967 5199 εἶδος
995 5136 1095 5206 τῆς
1121 5137 1274 5190 νόσου
1305 5137 1399 5189 καὶ
1424 5136 1516 5189 τὸν
1547 5139 1745 5208 τρόπον

168 5232 253 5300 τῆς
293 5228 609 5301 Θεραπείας
641 5224 1101 5297 προσαρμοστέον.
1135 5225 1207 5277 Οὐ
1237 5226 1349 5289 τοῖς
1374 5225 1556 5289 αὐτοῖς
1584 5226 1744 5299 Θερα-

171 5320 380 5382 πύσεις
422 5316 528 5371 τοῦ
568 5316 829 5384 Ἕλληνος
859 5316 958 5386 τὴν
998 5314 1306 5379 Μλυθεῖαν,
1349 5315 1565 5369 καὶτοῦ
1615 5318 1745 5369 Ἰουο

167 5413 302 5465 ὁσίου
326 5420 431 5479 τὴν
459 5411 590 5481 περὶ
615 5404 711 5461 τὸν
740 5410 995 5479 μονογενῆ
1022 5407 1155 5459 Θεὸν
1182 5407 1434 5460 ἀπιστίαν
1454 5423 1469 5437 ·
1495 5408 1613 5461 οὐδὲ
1634 5409 1742 5462 ἀπὸ

167 5503 263 5555 τῶν
308 5503 497 5555 αὐτῶν
548 5502 660 5563 τοῖς
707 5499 846 5553 κατὰ
881 5499 981 5562 τὰς
1017 5498 1255 5570 αίρέσεις
1306 5493 1739 5569 πεπλανημένοις

168 5596 492 5665 ἀνατρέψεις
520 5594 615 5657 τὰς
646 5592 999 5663 ὴπατημένας
1028 5592 1155 5661 περὶ
1184 5590 1290 5643 τῶν
1327 5588 1607 5660 δογμάτων
1637 5609 1738 5661 μυη

170 5688 429 5753 θοποιίας.
469 5687 550 5742 Οὔ
590 5687 696 5757 γὰρ
738 5687 804 5741 δι’
826 5680 903 5740 ὧν
940 5686 1006 5740 ἄν
1054 5701 1137 5748 τις
1182 5678 1613 5756 ὲπανορθώσαιτο
1651 5685 1740 5740 τὸν

499 5780 766 5841 Panos.
798 5778 916 5839 Gn.
955 5776 1129 5839 XLV.

1773 3581 1821 3637 Α

1777 4921 1817 4976 Β

2437 3578 2827 3641 ΡΒᾸΞΡΑΤΙΟ.

1917 3675 2048 3743 Qum
2089 3674 2155 3731 ad
2192 3675 2503 3733 catechesin
2546 3676 2779 3747 pertinet
2828 3675 3027 3739 oratio,
3080 3685 3163 3735 est
3191 3673 3409 3748 quidem

1847 3764 2159 3819 necessaria
2203 3764 2274 3819 iis
2310 3764 2404 3835 qui
2451 3772 2696 3835 praesunt
2736 3763 2885 3829 vitae,
2930 3765 3112 3835 pietati
3154 3780 3217 3821 ac
3269 3782 3411 3824 verae

1847 3853 2121 3924 religioni,
2152 3862 2213 3909 ut
2234 3869 2423 3910 eorum
2452 3854 2548 3926 qui
2573 3855 2804 3911 salutem
2826 3865 3191 3926 assequuntur
3223 3874 3410 3915 acces-

1847 3946 2001 4001 sione
2032 3946 2427 4016 multiplicetur
2465 3946 2744 4003 Ecclesia:
2781 3947 2927 4018 quod
2958 3948 3069 4015 ﬂet,
3126 3949 3174 4003 si
3234 3949 3409 4005 ﬁdelis

1845 4038 2108 4093 doctrina:
2132 4054 2310 4093 sermo
2342 4038 2410 4093 ad
2459 4035 2760 4094 inﬁdelium
2792 4053 2952 4095 aures
3002 4039 3265 4108 accedat;
3298 4056 3408 4096 non

1847 4131 1990 4185 idem
2040 4139 2221 4185 tamen
2280 4130 2544 4185 doctrina;
2593 4128 2790 4186 modus
2836 4130 3092 4185 convenit
3153 4130 3407 4187 omnibus

1846 4222 1995 4277 verbi
2028 4220 2387 4287 auditoribus,
2440 4219 2537 4277 sed
2572 4234 2672 4292 pro
2706 4221 3031 4292 religionum
3093 4220 3408 4279 diversitate

1848 4312 2103 4367 mutanda
2143 4320 2201 4367 et
2229 4312 2690 4367 accommodanda
2724 4313 2830 4368 erit
2852 4313 3174 4379 catechesis,
3204 4315 3411 4369 oratio-

1846 4405 1932 4459 nis
1960 4403 2177 4474 quidem
2213 4402 2468 4459 eumdem
2498 4403 2604 4458 sibi
2646 4404 2999 4474 proponendo
3052 4419 3299 4477 scopum,
3354 4416 3409 4461 et

1846 4494 1915 4549 ad
1945 4509 2068 4550 eum
2106 4495 2367 4550 intuendo
2394 4511 2408 4560 ;
2444 4494 2537 4550 sed
2563 4509 2674 4550 non
2704 4494 2893 4550 eodem
2926 4494 3086 4551 modo
3129 4496 3407 4566 probando

1847 4593 1901 4641 et
1929 4585 2322 4643 conﬁrmando.
2358 4586 2497 4643 Aliis
2522 4586 2664 4641 enim
2699 4585 3049 4655 opinionibus
3082 4597 3169 4642 est
3207 4588 3408 4644 antici-

1846 4688 2006 4748 patus
2035 4678 2127 4748 qui
2162 4685 2269 4734 stat
2318 4692 2348 4732 a
2374 4677 2621 4748 partibus
2649 4675 2981 4743 Iudaeorum,
3023 4685 3079 4733 et
3142 4677 3263 4736 aliis
3314 4682 3411 4750 qui

1848 4768 1991 4825 favet
2019 4767 2241 4831 Graecis,
2273 4767 2676 4837 Anomazusque
2705 4776 2759 4822 et
2789 4766 3144 4833 Manichacus,
3176 4776 3232 4824 et
3267 4767 3410 4823 Mar-

1847 4862 2111 4927 cionist:e,
2143 4870 2197 4917 et
2225 4859 2610 4922 Valentiniani,
2645 4866 2698 4913 et
2736 4857 3089 4923 Basilidiani.
3126 4870 3181 4916 et
3231 4864 3411 4917 czeteri

1850 4952 2165 5007 aberrantes
2197 4952 2420 5006 asseclaa
2459 4958 2735 5005 sectarum
2784 4956 2839 5004 et
2883 4950 3175 5017 haeresum,
3210 4952 3409 5021 singuli

1844 5044 2122 5114 propriam
2145 5042 2493 5112 anticipatam
2523 5042 2784 5097 habentes
2808 5041 3143 5112 opinionem,
3173 5041 3412 5097 eﬂi‘ciunt

1844 5142 1905 5187 ut
1943 5134 2012 5187 sit
2053 5133 2368 5189 necessario
2430 5131 2820 5187 decertandum
2880 5133 3142 5187 adversus
3177 5146 3242 5187 ea
3289 5146 3413 5203 qua:

1842 5226 2153 5293 opinantur.
2182 5220 2317 5277 Nam
2339 5224 2730 5279 convenienter
2781 5224 2966 5294 generi
3020 5223 3195 5278 morbi
3233 5223 3409 5279 medi-

1842 5316 1963 5369 cina
1990 5322 2074 5369 est
2100 5313 2425 5370 adhibenda.
2450 5312 2571 5368 Non
2611 5314 2801 5369 eodem
2831 5314 2993 5369 modo
3021 5313 3325 5370 medeberis
3356 5322 3413 5371 et

1847 5406 2055 5475 Grazco,
2088 5408 2179 5478 qui
2208 5408 2408 5463 multos
2435 5423 2557 5465 esse
2594 5408 2726 5463 deos
2773 5408 3048 5477 opinatur,
3087 5413 3143 5460 et
3185 5404 3409 5472 Iudaeo.

1848 5502 1940 5571 qui
1988 5517 2099 5555 non
2132 5500 2309 5556 credit
2361 5499 2473 5557 Deo
2530 5500 2831 5571 unigenito.
2873 5497 3059 5569 Neque
3105 5498 3157 5551 in
3190 5499 3260 5555 iis
3316 5500 3411 5571 qui

1848 5594 2060 5664 decepti
2090 5602 2221 5650 sunt
2252 5609 2350 5665 per
2378 5594 2639 5656 hmreses,
2672 5591 2866 5647 iisdem
2906 5590 3127 5647 refelles
3162 5606 3226 5647 ac
3258 5608 3414 5649 ever-

1848 5696 1932 5743 tes
1964 5687 2133 5744 falsas
2162 5701 2217 5744 et
2245 5685 2512 5743 conﬁctas
2544 5684 2612 5740 de
2640 5684 2991 5754 dogmatibus
3025 5683 3261 5742 fabulas.
3293 5684 3409 5743 Non

3070 5777 3099 5837 1
