3978 6480
570 399 626 453 Η
1791 394 1845 447 S.
1886 395 2212 451 GREGORII
2251 396 2535 453 NYSSENI
3744 401 3809 456 12

568 516 714 570 enim
750 528 847 584 per
906 526 1028 583 quae
1091 512 1402 583 corrigetur
1457 510 1752 574 Sabellius.
1809 529 1903 583 per
1943 515 2125 568 eadem

2233 517 2549 581 Σαόέλλιον,
2599 518 2686 571 διὰ
2729 520 2836 573 τῶν
2874 519 3052 577 αὐτῶν
3099 520 3367 592 ὠφελήσει
3411 523 3504 577 καὶ
3542 520 3633 577 τὸν
3690 522 3811 577 ’Δνο

567 609 730 663 etiam
766 606 1015 677 proderis
1050 608 1329 661 Anomazo.
1363 604 1549 677 Neque
1590 621 1711 675 quae
1738 606 2003 661 adversus
2031 606 2137 661 Ma-

568 701 842 755 nicbaaum
890 701 1195 770 suscipitur
1244 700 1546 775 decertatio
1594 699 1815 769 prodest
1846 701 2006 753 etiam
2042 698 2138 753 Ju-

566 792 706 857 daeo,
742 792 838 849 sed
872 802 1107 865 oportet,
1146 794 1292 848 sicut
1320 793 1526 847 dictum
1558 800 1663 859 est,
1719 792 1884 846 verba
1933 791 2133 859 facere,

567 886 835 941 intuendo
866 886 934 941 ad
966 886 1247 941 hominum
1287 885 1597 953 opiniones,
1628 884 2017 939 convenienter
2047 900 2137 938 er-

566 978 685 1033 rori
734 978 1101 1049 singulorum,
1136 975 1465 1047 proferendo
1502 976 1555 1029 in
1592 976 1838 1045 qualibet
1887 976 2136 1047 disputa-

568 1071 720 1127 tione
751 1071 1000 1142 quaedam
1045 1069 1316 1141 principia
1376 1076 1431 1123 et
1488 1069 1900 1139 propositiones
1936 1070 2135 1125 rationi

572 1170 991 1227 consentaneas,
1027 1172 1085 1216 ut
1118 1176 1214 1232 per
1242 1177 1304 1217 ea
1334 1177 1458 1232 quae
1489 1164 1650 1215 ambo
1685 1160 1945 1225 fatentur,
1990 1162 2136 1217 etde

569 1254 770 1324 quibus
798 1262 1035 1319 constat,
1069 1260 1473 1321 consequenter
1505 1254 1784 1321 aperiatur
1812 1253 1942 1322 quid
1984 1254 2128 1323 cogi-

566 1355 768 1402 tentet
800 1346 1063 1401 sentiant.
1108 1345 1340 1411 Quando
1393 1360 1524 1417 ergo
1580 1345 1689 1399 erit
1741 1345 2130 1415 disputandum
2158 1365 2171 1377 -

566 1457 689 1497 cum
722 1441 908 1511 aliquo
932 1456 997 1495 ex
1026 1440 1095 1493 iis
1121 1440 1214 1509 qui
1240 1438 1448 1495 Grmcis
1490 1439 1698 1502 favent,
1734 1448 1884 1494 recte
1930 1440 2034 1493 erit
2086 1441 2132 1493 si

566 1533 784 1589 dicendi
813 1532 918 1587 hoc
952 1539 1203 1587 sumatur
1250 1531 1508 1585 initium:
1561 1538 1747 1585 utrum
1785 1530 1951 1585 Deum
2014 1544 2135 1584 esse

565 1627 863 1691 existimat,
900 1641 967 1680 an
997 1633 1083 1681 est
1118 1626 1172 1679 in
1199 1626 1457 1695 opinione
1489 1640 1681 1681 eorum
1720 1626 1812 1695 qui
1876 1624 2134 1679 dicuntur

563 1720 729 1787 athci,
776 1718 921 1789 quod
960 1716 1129 1773 Deum
1178 1732 1289 1771 non
1346 1732 1468 1772 esse
1527 1724 1803 1771 censeant.
1860 1715 2033 1785 Atque
2087 1716 2133 1769 si

561 1813 730 1867 Deum
763 1810 983 1881 quidem
1010 1825 1123 1863 non
1151 1825 1275 1864 esse
1312 1808 1494 1863 dicat:
1523 1824 1587 1863 ex
1618 1807 1686 1863 iis
1718 1822 1837 1878 quae
1872 1807 2133 1863 artificio-

2241 611 2445 680 όμοιον.
2486 611 2617 664 Οὑδὲ
2657 612 2690 682 ἡ
2737 611 2872 684 πρὸς
2916 613 3010 666 τὸν
3052 615 3347 685 Μανιχαῖον
3395 616 3541 687 μάχη
3591 616 3681 669 καὶ
3720 618 3810 671 τὸν

2251 701 2502 755 Ἰουδαῖον
2536 702 2772 773 ὀνίνησιν
2796 746 2811 764 ,
2838 704 2974 757 ἀλλὰ
3004 705 3110 776 χρὴ
3134 747 3149 771 ,
3192 705 3372 769 καθὼς
3404 707 3639 778 εἴρηται,
3675 709 3812 778 πρὸς

2236 790 2335 857 τὰς
2365 792 2660 864 ὑπολήψεις
2687 794 2795 847 τῶν
2828 794 3127 864 ἀνθρώπιον
3160 794 3395 865 βλέπειν,
3428 798 3521 851 καὶ
3549 799 3690 852 κατὰ
3713 802 3811 871 τὴν

2237 884 2565 956 ὲγκειμένην
2616 884 2831 957 ἑκάστῳ
2889 886 3096 957 πλάνην
3158 888 3425 941 ποιεῖσθαι
3486 889 3577 942 τὸν
3630 890 3807 958 λόγον,

2235 976 2410 1046 ἀρχάς
2437 994 2590 1041 τινας
2618 976 2712 1031 καὶ
2741 980 3029 1049 προτάσεις
3053 980 3303 1048 εὐλόγους
3329 981 3411 1049 ἐφ’
3436 981 3669 1049 ἑκάστης
3698 981 3810 1035 δια-

2236 1065 2432 1131 λέξεως
2456 1067 2892 1140 προϐαλλόμενον
2910 1110 2925 1135 ,
2952 1070 3023 1133 ὡς
3064 1070 3129 1123 ἂν
3170 1070 3257 1123 διὰ
3285 1070 3394 1123 τῶν
3418 1072 3546 1142 παρ’
3573 1073 3810 1143 ἀμφοτέ-

2239 1176 2350 1229 ροις
2381 1158 2827 1230 ὁμολογουμένων
2861 1161 3225 1233 έκκαλυφθείη
3255 1162 3395 1215 κατά
3428 1163 3487 1215 τὸ
3520 1163 3809 1217 ἀκόλουθον

2235 1249 2268 1317 ή
2288 1249 2513 1304 διάνοια.
2543 1250 2749 1303 Οὐκοῦν
2786 1251 2913 1304 ὅταν
2936 1250 3071 1321 πρός
3097 1268 3217 1303 τινα
3249 1251 3354 1303 τῶν
3386 1250 3803 1321 Ἐλληνιζόντων

2234 1344 2267 1411 ή
2298 1340 2600 1416 διάλεξιςῇ,
2631 1342 2809 1406 καλῶς
2840 1342 2906 1396 ἂν
2929 1342 3041 1415 ἔχοι
3071 1343 3273 1414 ταύτην
3302 1343 3571 1396 ποιεῖσθαι
3599 1345 3695 1397 τοῦ
3722 1345 3809 1397 λό-

2234 1450 2332 1502 γου
2369 1434 2467 1504 τὴν
2502 1436 2699 1506 ἀρχὴν,
2738 1436 2965 1507 πότερον
3004 1432 3141 1489 εἶναι
3177 1437 3237 1490 τὸ
3264 1438 3415 1490 Θεῖον
3449 1436 3735 1506 ὑπείληφε,
3774 1436 3807 1507 ἢ

2233 1523 2311 1594 τῷ
2347 1525 2456 1577 τῶν
2500 1525 2674 1579 ἀθέων
2721 1527 3053 1599 συμφέρεται
3083 1528 3330 1597 δόγματι.
3369 1527 3431 1580 Ei
3461 1528 3560 1598 μὲν
3598 1526 3694 1582 οὑν
3736 1528 3810 1598 μὴ

2233 1613 2372 1671 εἶναι
2414 1618 2595 1686 λέγει,
2631 1618 2697 1672 ὲκ
2738 1619 2848 1671 τῶν
2893 1621 3152 1689 τεχνικῶς
3187 1621 3282 1673 καὶ
3328 1621 3504 1690 σοφῶς
3546 1619 3689 1673 κατὰ
3720 1619 3810 1671 τὸν

2232 1708 2434 1778 κόσμον
2472 1710 2936 1781 οἰκονομουμένων
2969 1710 3423 1781 προσαχθήσεται,
3462 1711 3598 1781 πρὸς
3629 1712 3694 1763 τὸ
3723 1708 3811 1762 διὰ

2231 1801 2437 1855 τούτων
2466 1796 2603 1855 εἷναί
2628 1819 2751 1855 τινα
2782 1801 3009 1873 δύναμιν
3046 1802 3143 1871 τὴν
3174 1804 3228 1855 ἐν
3266 1802 3471 1866 τούτοις
3508 1802 3810 1855 διαδεικνυ-

563 1922 621 1959 se
654 1912 709 1960 et
739 1903 1021 1974 sapienter
1050 1901 1104 1954 in
1138 1899 1343 1954 mundo
1391 1898 1868 1963 administrantur,
1903 1898 2125 1952 induce-

2240 1894 2405 1966 μένην
2431 1894 2524 1947 τοῦ
2552 1895 2749 1958 παντὸς
2774 1866 3176 1966 ὑπερκειμένην
3202 1896 3549 1965 ὁμολογῆσαι.
3580 1896 3641 1947 Εἰ
3664 1896 3723 1949 δὲ
3751 1896 3811 1948 τὸ

564 2003 653 2049 ιιιι·
684 2001 740 2048 ut
775 2008 873 2063 per
902 2009 965 2048 ea
1007 1991 1243 2046 fateatur
1279 2006 1402 2046 esse
1437 1989 1733 2059 quamdam
1762 1990 1895 2056 vim,
1922 2004 2043 2060 quae
2074 1990 2127 2043 in

560 2088 629 2143 iis
671 2085 984 2142 ostenditur
1042 2081 1292 2153 superior
1355 2081 1733 2136 universitate.
1799 2079 1895 2135 Sin
1945 2090 2127 2135 autem

560 2179 729 2235 Deum
764 2176 982 2247 quidem
1012 2190 1119 2228 non
1149 2189 1271 2229 esse
1303 2172 1533 2233 dubitet,
1568 2172 1664 2227 sed
1716 2186 1780 2226 eo
1836 2170 2127 2232 delabitur,

561 2279 621 2325 ut
652 2270 877 2324 deorum
916 2272 1069 2338 putet
1106 2280 1229 2320 esse
1262 2264 1689 2326 multitudinem,
1733 2263 1838 2317 hac
1868 2263 2129 2319 adversus

559 2379 687 2420 eum
719 2369 939 2416 utemur
964 2357 1378 2427 consequentia,
1412 2354 1654 2410 Deumne
1678 2355 1975 2425 perfectum
2007 2372 2128 2412 esse

560 2464 734 2527 putet,
767 2468 834 2507 an
868 2451 955 2506 cui
989 2450 1127 2504 desit
1172 2448 1402 2519 aliquid.
1438 2447 1597 2513 Quod
1629 2448 1697 2513 si,
1736 2457 1796 2503 ut
1850 2458 1934 2503 est
1990 2463 2126 2503 con-

559 2554 905 2608 sentaneum,
948 2541 1042 2597 Dei
1106 2548 1316 2595 naturae
1349 2539 1744 2609 perfectionem
1780 2554 1881 2593 suo
1919 2539 2127 2594 tribuat

559 2638 897 2698 testimonio,
923 2634 1139 2705 exigam
1165 2640 1225 2687 ut
1252 2633 1367 2702 ipse
1389 2631 1461 2686 sit
1484 2630 1759 2702 perfectus
1790 2632 1845 2686 in
1871 2633 2127 2688 omnibus

558 2747 679 2801 quae
713 2728 1133 2785 considerantur
1162 2726 1216 2780 in
1254 2723 1561 2787 divinitate,
1589 2738 1659 2778 ne
1686 2722 1831 2779 Deus
1876 2724 2129 2780 conside-

557 2834 708 2881 retur
735 2821 1058 2878 commistus
1078 2836 1143 2876 ex
1172 2819 1241 2873 iis
1276 2833 1397 2888 qua:
1424 2826 1556 2873 sunt
1583 2820 1885 2883 contraria,
1934 2834 2128 2889 nempe

556 2935 623 2974 ex
654 2933 719 2973 eo
750 2915 892 2985 quod
925 2924 1008 2969 est
1038 2925 1319 2973 mancum,
1355 2916 1413 2965 et
1439 2924 1503 2964 ex
1543 2924 1610 2965 eo
1643 2911 1787 2981 quod
1816 2919 1901 2966 est
1947 2913 2129 2980 per-re-

560 3018 731 3065 ctum.
763 3007 871 3062 Sed
906 3006 1021 3061 sive
1050 3004 1106 3057 in
1136 3008 1426 3072 potestate,
1460 3002 1576 3056 sive
1611 3001 1665 3055 in
1699 3001 1825 3055 boni
1881 3002 2124 3066 notione,

556 3103 670 3159 sive
705 3102 759 3154 in
814 3096 1101 3167 sapientia,
1135 3100 1190 3148 et
1228 3092 1558 3157 aeternitate,
1588 3100 1642 3147 et
1692 3094 2124 3163 incorruptione,

2239 1986 2338 2055 μὲν
2372 1982 2508 2040 εἶναι
2556 1986 2630 2057 μὴ
2679 1986 3042 2057 ἀμφιδάλλοι,
3084 1990 3162 2050 είς
3208 1987 3409 2056 πλῆθος
3439 1988 3491 2040 δὲ
3541 1988 3811 2059 θεοτήτων

2234 2081 2352 2141 ταῖς
2392 2078 2664 2141 ὑπονοίαις
2692 2079 3009 2150 ὲκφέροιτο,
3054 2078 3272 2149 τοιαύτῃ
3316 2080 3631 2151 χρησόμεθα
3674 2082 3811 2148 πρὸς

2235 2170 2396 2222 αὑτὸν
2433 2172 2500 2240 τῇ
2551 2169 2872 2242 ἀκολουθίᾳ,
2935 2171 3159 2243 πότερον
3215 2172 3418 2225 τέλειον
3474 2174 3506 2244 ἢ
3565 2172 3810 2236 ὲλλειπὲς

2234 2262 2445 2331 ἡγεῖται
2474 2261 2534 2313 τὸ
2558 2262 2728 2314 Θείον.
2746 2262 2853 2316 Τοῦ
2879 2263 2935 2316 δὲ
2962 2264 3100 2317 κατὰ
3130 2264 3189 2317 τὸ
3209 2265 3353 2328 είκὸς
3378 2266 3473 2336 τὴν
3497 2266 3810 2338 τελειότητα

2235 2353 2780 2425 προσμαρτυροῦντος
2808 2358 2873 2428 τῇ
2902 2354 3020 2428 θεία
3061 2357 3241 2427 φύσει,
3274 2358 3335 2410 τὸ
3366 2359 3452 2411 διὰ
3482 2360 3700 2412 πάντων
3724 2360 3811 2412 αὑ-

2232 2441 2323 2493 τὸν
2352 2441 2461 2494 τῶν
2483 2442 2929 2516 ὲνθεωρουμένων
2956 2449 3021 2518 τῇ
3048 2448 3258 2518 θεότητι
3284 2448 3485 2501 τέλειον
3511 2451 3811 2521 ἀπαιτήσο-

2237 2552 2367 2606 μαι,
2400 2536 2475 2597 ὡς
2501 2538 2566 2591 ἂν
2602 2538 2676 2609 μὴ
2709 2537 3009 2609 σύμμικτον
3037 2541 3101 2593 ἐκ
3130 2540 3238 2593 τῶν
3277 2542 3526 2594 ἐναντίων
3556 2542 3812 2613 θεωροϊτο

2232 2628 2479 2694 τὸΘεῖον,
2504 2628 2564 2694 ἐξ
2580 2631 2861 2695 ὲλλειποῢς
2879 2634 2973 2686 καὶ¹
2989 2632 3216 2686 τελείου.
3252 2633 3389 2685 ’Λλλ⁹
3416 2634 3521 2686 εἴτε
3544 2636 3688 2701 κατὰ
3711 2635 3811 2701 τὴν

2232 2654 2295 2681 τυ
2307 2654 2479 2694 σειυν,
2504 2654 2564 2694 ες
2580 2654 2861 2695 εΛΛειπους
2879 2654 2973 2686 και
2989 2654 3216 2686 τελειου.
3268 2654 3375 2685 AM.
3416 2654 3521 2686 ειτε
3544 2654 3578 2687 κ
3617 2654 3688 2687 ττι
3711 2654 3810 2701 την

2232 2720 2480 2793 δύναμιν,
2503 2722 2612 2775 εῐτε
2644 2724 2785 2778 κατά
2811 2724 2907 2795 τὴν
2929 2726 3023 2779 τοῦ
3052 2725 3259 2796 ἀγαθοῦ
3280 2726 3503 2789 ἔννοιαν,
3524 2654 3631 2797 iis
3666 2728 3810 2780 κατά

2234 2814 2294 2867 τὸ
2331 2814 2493 2884 σοφόν
2513 2831 2571 2867 τε
2605 2816 2699 2869 καὶ
2728 2815 3001 2887 ἄφθαρτον
3024 2818 3117 2869 καὶ
3154 2817 3342 2878 ἀΐδιον,
3382 2816 3475 2868 καὶ
3504 2816 3555 2868 εί
3594 2834 3645 2868 τι
3681 2816 3811 2870 ἄλλο

2236 2906 2534 2977 θεοπρεπὲς
2571 2908 2747 2978 νόημα
2775 2911 2838 2979 τῇ
2870 2907 3071 2981 θεωρία
3113 2909 3502 2980 προσκείμενον
3540 2908 3711 2978 τύχοι,
3749 2911 3809 2960 ὲν

2234 2999 2393 3051 παντὶ
2444 2999 2540 3070 τὴν
2588 3000 2899 3071 τελειότητα
2957 3001 3275 3071 θεωρεῖσθαι
3333 3003 3462 3072 περὶ
3514 3002 3609 3072 τὴν
3654 3002 3808 3055 θείαν

2234 3091 2395 3159 φύσιν
2420 3091 2560 3144 κατὰ
2585 3092 2646 3143 τὸ
2671 3091 2888 3160 εὖλογον
2915 3094 3013 3161 τῆς
3035 3093 3351 3155 ἀκολουθίας
3378 3093 3579 3163 ταύτης
3602 3110 3807 3160 συγκα-

553 3203 609 3250 et
636 3194 682 3249 si
706 3192 889 3262 aliqua
913 3189 1020 3243 alia
1036 3202 1157 3256 qua:
1188 3184 1358 3241 Deum
1387 3183 1544 3239 decet
1564 3184 1918 3255 intelligentia
1942 3187 2125 3241 veniat

2231 3182 2543 3253 ταθήσεται.
2579 3180 2778 3235 Τούτου
2813 3182 2870 3234 δὲ
2914 3183 3156 3245 δοθέντος
3209 3185 3359 3252 ἡμῖν,
3381 3183 3562 3236 οὐκέτι
3609 3183 3673 3235 ἂν
3719 3183 3805 3252 εἴη

554 3286 612 3341 in
647 3280 1184 3351 contemplationem,
1221 3275 1448 3330 omnino
1485 3276 1821 3331 assentietur
1844 3276 1897 3329 in
1936 3276 2123 3331 divina

2230 3273 2462 3345 χαλεπὸν
2508 3274 2569 3327 τὸ
2612 3274 3004 3342 ἐσκεδασμένον
3053 3274 3150 3344 τῆς
3197 3274 3433 3336 διανοίας
3481 3275 3560 3337 είς
3601 3273 3807 3343 πλῆθος

554 3381 752 3430 natura
817 3366 1158 3424 considerari
1202 3364 1594 3436 perfectionem
1657 3380 1723 3421 ex
1771 3366 1873 3420 hac
1928 3381 2123 3421 conse-

554 3464 775 3535 quentia
800 3459 999 3515 rationi
1022 3468 1413 3513 consentanea.
1436 3455 1553 3512 Hoc
1578 3465 1757 3512 autem
1782 3459 1941 3514 nobis
1970 3459 2120 3522 dato,

553 3572 663 3610 non
694 3553 799 3609 erit
832 3550 1066 3621 amplius
1109 3548 1327 3604 diﬂicile
1380 3549 1768 3619 cogitationem
1818 3549 2123 3619 dispersam

554 3664 619 3703 ac
652 3630 978 3715 dissipatam
1027 3641 1084 3696 in
1123 3641 1351 3697 deorum
1405 3640 1809 3696 multitudinem
1856 3640 2125 3697 deducere

554 3739 620 3795 ad
647 3736 947 3792 divinitatis
973 3736 1138 3790 unius
1166 3733 1596 3795 confessionem.
1627 3733 1687 3788 Si
1722 3736 1864 3789 enim
1895 3736 2122 3789 omnino

554 3830 764 3887 dederit
789 3844 846 3883 se
884 3826 1272 3899 perfectionem
1310 3825 1471 3881 fateri
1525 3826 1581 3881 in
1629 3825 1915 3895 subjecto:
1978 3825 2125 3881 dicat

552 3930 733 3980 autem
762 3922 933 3976 multa
968 3936 1089 3975 esse
1122 3918 1388 3989 perfecta,
1422 3934 1544 3989 quae
1573 3934 1671 3989 per
1715 3918 1903 3974 eadem
1937 3919 2123 3989 expri-

551 4023 797 4079 muntur,
845 4026 1114 4081 suumque
1149 4011 1428 4081 accipiunt
1474 4011 1847 4066 characterem
1898 4026 1961 4063 ac
2019 4010 2125 4064 for-

553 4123 695 4161 mam
725 4126 738 4161 :
771 4120 993 4160 necesse
1025 4110 1109 4159 cst
1141 4104 1368 4158 omnino
1399 4112 1457 4156 ut
1482 4104 1549 4158 iis
1584 4118 1705 4173 quae
1740 4104 1885 4156 nulla
1917 4103 2123 4157 discer-

552 4208 759 4253 nuntur
808 4198 1108 4251 mutatione
1171 4210 1235 4251 ac
1283 4194 1618 4260 diversitate,
1661 4195 1756 4250 sed
1812 4195 1865 4248 in
1930 4194 2121 4250 iisdem

550 4290 991 4351 considerantur,
1024 4296 1119 4342 aut
1152 4287 1435 4359 proprium
1460 4287 1788 4355 ostendere;
1825 4296 1919 4341 aut
1952 4288 1998 4342 si
2035 4289 2120 4341 ni-

552 4384 625 4437 lnil
656 4382 874 4453 proprie
921 4396 985 4435 ac
1026 4380 1378 4449 peculiariter
1432 4382 1633 4435 mentis
1694 4382 2121 4451 comprehendat

548 4476 835 4546 conceptio
862 4492 874 4527 :
907 4474 961 4528 in
996 4473 1064 4529 iis
1095 4473 1149 4527 in
1179 4473 1379 4543 quibus
1407 4487 1515 4527 non
1544 4481 1629 4529 est
1656 4473 1800 4542 quod
1822 4472 2117 4536 discernat,

2229 3365 2366 3418 θεῶν
2400 3366 2532 3437 πρὸς
2569 3366 2696 3435 μιᾶς
2730 3364 2977 3434 θεότητος
3020 3366 3369 3435 περιαγαγεῖν
3398 3364 3703 3434 ὁμολογίαν.
3741 3366 3805 3418 Εἰ

2228 3456 2337 3527 γὰρ
2376 3456 2436 3509 τὸ
2478 3456 2681 3509 τέλειον
2728 3456 2783 3509 ἐν
2834 3457 2991 3509 παντὶ
3024 3456 3136 3527 δοίη
3184 3458 3310 3526 περὶ
3356 3457 3415 3509 τὸ
3446 3458 3806 3529 ὑποκείμενον

2226 3548 2622 3617 ὁμολογεῖσθαι,
2664 3546 2831 3600 πολλὰ
2871 3548 2926 3601 δὲ
2954 3544 3091 3601 εἶναι
3125 3548 3191 3601 τά
3225 3549 3405 3603 τέλεια
3449 3549 3535 3603 διὰ
3571 3551 3679 3603 τῶν
3706 3552 3806 3604 αὑ-

2226 3641 2332 3694 τῶν
2376 3639 2883 3711 χαρακτηριξόμενα
2907 3640 3092 3709 λέγοι·
3139 3640 3351 3711 ἀνάγκη
3383 3644 3530 3695 πᾶσα
3560 3644 3654 3697 ἐπὶ
3692 3644 3805 3697 τῶν

2229 3729 2464 3801 μηδεμιᾷ
2498 3729 2815 3801 παραλλαγῇ
2851 3731 3295 3803 διακρινομένων,
3328 3733 3440 3785 ἀλλ’
3472 3736 3529 3787 ἐν
3561 3738 3671 3798 τοῖς
3698 3735 3801 3790 αὑ-

2224 3824 2336 3885 τοῖς
2366 3820 2751 3893 θεωρουμένων
2772 3862 2788 3884 ,
2838 3822 2870 3893 ἢ
2905 3823 3167 3889 ἐπιδεῖξαι
3191 3826 3249 3878 τὸ
3278 3826 3434 3890 ῐδιον,
3469 3827 3500 3899 ἢ
3550 3830 3597 3881 εί
3632 3830 3803 3901 μηδὲν

2229 3914 2534 3978 ἰδιαζόντως
2569 3914 2857 3968 καταλάϐοι
2899 3917 2931 3987 ή
2964 3917 3160 3981 ἔννοια,
3190 3918 3275 3989 ἐφ’
3316 3914 3391 3973 ὧν
3428 3921 3489 3973 τὸ
3527 3921 3801 3993 διακρῖνον

2224 4006 2323 4059 οὑκ
2358 4006 2473 4059 ἐστι
2522 4007 2597 4079 μὴ
2640 4008 2882 4061 ὑπονοεῖν
2928 4009 3025 4081 τὴν
3064 4010 3352 4083 διάκρισιν.
3400 4011 3463 4067 Ei
3511 4013 3618 4085 γὰρ
3662 4016 3799 4086 μήτε

2224 4100 2375 4170 παρά
2402 4100 2462 4153 τὸ
2491 4100 2650 4153 πλέον
2679 4102 2773 4153 καὶ
2800 4101 3017 4155 ἔλαττον
3048 4103 3143 4173 τὴν
3170 4104 3432 4179 διαφορὰν
3470 4105 3798 4179 ὲξευρίσκοι,

2223 4192 2355 4245 διότι
2394 4192 2490 4262 τὴν
2523 4191 2818 4245 ἐλάττωσιν
2851 4195 2879 4246 ὁ
2906 4193 3004 4264 τῆς
3035 4194 3366 4267 τελειότητος
3403 4198 3462 4251 οὐ
3499 4199 3801 4271 παραδέχε-

2222 4301 2310 4337 ται
2348 4282 2501 4351 λόγος
2522 4302 2534 4313 ·
2574 4286 2708 4354 μήτε
2738 4286 2835 4357 τὴν
2865 4286 3015 4358 παρά
3042 4288 3101 4341 τὸ
3133 4291 3314 4359 χεῖρον
3347 4293 3440 4344 καὶ
3478 4294 3803 4363 προτιμότεο

2225 4390 2317 4445 ρον
2337 4390 2351 4404 ’
2395 4374 2454 4426 οὑ
2483 4373 2591 4446 γὰρ
2618 4374 2683 4428 ἂν
2725 4374 2803 4428 ἔτι
2838 4375 3090 4449 θεότητός
3115 4396 3197 4442 τις
3228 4380 3378 4452 σχοίη
3408 4380 3696 4451 ὑπόληψιν,
3735 4374 3799 4437 οὗ

2223 4468 2255 4535 ή
2292 4464 2385 4518 τοῦ
2425 4465 2662 4539 χείρονος
2689 4468 2788 4520 οὑκ
2830 4468 3023 4523 ἄπεστι
3062 4473 3432 4542 προσηγορία·
3475 4476 3611 4545 μήτε
3654 4473 3799 4528 κατά

549 4585 655 4622 non
679 4567 995 4623 existimare
1014 4580 1137 4621 esse
1163 4565 1576 4620 discretionem.
1637 4562 1692 4617 Si
1743 4565 1886 4619 enim
1946 4579 2119 4635 neque

2229 4557 2283 4610 τὸ
2312 4559 2534 4629 ἀρχαῖον
2560 4560 2652 4611 καὶ
2677 4562 2986 4631 πρόσφατον
3002 4580 3015 4593 ·
3045 4563 3105 4616 τὸ
3128 4563 3235 4635 γὰρ
3258 4564 3333 4636 μὴ
3358 4567 3444 4619 ἀεὶ
3463 4567 3541 4631 ὃν,
3569 4568 3673 4635 ἔξω
3699 4570 3797 4639 τῆς

552 4661 607 4714 in
637 4675 703 4714 eo
726 4659 875 4729 quod
932 4666 1017 4713 est
1045 4658 1170 4728 plus
1205 4665 1299 4710 aut
1327 4657 1511 4712 minus
1557 4656 1800 4711 inveniat
1864 4655 2120 4712 differen-

553 4753 706 4816 tiam,
740 4752 999 4823 quoniam
1042 4750 1463 4804 diminutionem
1528 4764 1635 4805 non
1691 4749 1928 4803 admittit
1982 4750 2120 4805 ratio

549 4844 922 4915 perfectionis,
946 4859 1123 4914 neque
1144 4843 1198 4897 in
1234 4856 1300 4896 eo
1328 4842 1474 4913 quod
1497 4849 1582 4896 est
1612 4840 1859 4897 deterius
1890 4856 1953 4897 ac
1975 4857 2117 4911 prae-

549 4937 808 4993 stantius.
861 4935 1045 5005 Neque
1077 4933 1417 4989 divinitatem
1472 4933 1541 4988 de
1573 4948 1638 4988 eo
1676 4933 1881 5002 poteris
1939 4933 2119 5003 suspi-

545 5032 871 5099 cari,aquo
904 5029 1193 5084 deterioris
1238 5036 1445 5082 remota
1503 5042 1609 5082 non
1663 5036 1747 5082 est
1800 5028 2111 5097 appellatio.

543 5121 733 5191 Neque
764 5123 817 5175 in
844 5135 910 5175 eo
938 5119 1085 5190 quod
1136 5127 1220 5175 est
1276 5120 1563 5189 antiquum
1621 5127 1674 5173 et
1712 5133 1924 5175 recens.
1978 5119 2111 5174 Nam

544 5215 689 5285 quod
715 5229 823 5268 non
856 5228 1069 5282 semper
1096 5222 1197 5275 est,
1233 5211 1478 5265 divinum
1534 5227 1645 5266 non
1688 5219 1867 5281 potest
1921 5214 2114 5270 existi-

543 5304 703 5360 mari.
754 5303 859 5359 Sed
898 5304 942 5358 si
992 5318 1099 5358 una
1145 5312 1228 5358 est
1254 5312 1307 5358 et
1334 5304 1522 5357 eadem
1578 5302 1717 5356 ratio
1773 5302 2109 5371 divinitatis;

541 5414 665 5453 cum
715 5399 862 5452 nulla
921 5398 975 5452 in
1016 5398 1128 5452 ullo
1182 5396 1491 5451 inveniatur
1543 5397 1877 5466 proprietas,
1937 5404 1996 5451 ut
2028 5406 2114 5453 est

540 5497 1013 5553 consentaneum;
1071 5502 1297 5544 necesse
1326 5496 1411 5541 est
1466 5487 1691 5541 omnino
1749 5489 2111 5547 utraberrans

539 5591 594 5638 et
624 5582 759 5637 falsa
783 5582 850 5637 de
888 5581 1236 5636 multitudine
1269 5580 1497 5635 deorum
1531 5579 1820 5649 phantasia
1875 5581 2113 5651 compel-

2218 4651 2345 4723 περὶ
2376 4651 2436 4705 τὸ
2467 4651 2619 4704 Θεῖόν
2664 4652 2811 4707 ἐστιν
2848 4653 3164 4724 ὑπολήψεως
3186 4672 3199 4686 ⁸
3244 4657 3359 4710 ἀλλ’
3397 4655 3477 4722 εἷς
3507 4661 3598 4714 καὶ
3638 4664 3666 4715 ὁ
3695 4662 3797 4715 αὑ-

2216 4746 2307 4809 τὸς
2332 4746 2432 4816 τῆς
2464 4745 2714 4818 θεότητος
2738 4730 2924 4816 λόγος,
2954 4749 3209 4821 οὐδεμιᾶς
3241 4752 3499 4823 ἰδιότητος
3535 4757 3593 4808 ἐν
3623 4756 3798 4811 οὑδενὶ

2217 4838 2358 4891 κατά
2389 4838 2450 4891 τὸ
2488 4838 2705 4907 εὔλογον
2739 4840 3161 4915 εὑρισκομένης·
3205 4844 3418 4916 ἀνάγκη
3468 4848 3616 4901 πᾶσα
3658 4848 3797 4921 πρὸς

2220 4935 2349 5004 μιᾶς
2386 4934 2635 5007 θεότητος
2672 4936 2962 5007 ὁμολογίαν
3006 4938 3351 5008 ωνθλιὸῆναι
3383 4940 3481 5011 τὴν
3520 4942 3797 5012 πεπλανη-

2221 5028 2392 5100 μένην
2439 5029 2569 5100 περὶ
2612 5028 2707 5082 τοῦ
2759 5029 2997 5101 πλήθους
3040 5029 3149 5083 τῶν
3194 5030 3331 5084 θεῶν
3377 5035 3695 5102 φαντασίαν.
3732 5034 3795 5086 Εἰ

2218 5120 2325 5191 γὰρ
2367 5122 2427 5173 τὸ
2458 5121 2657 5190 ἀγαθὸν
2688 5122 2782 5175 καὶ
2806 5122 2866 5175 τὸ
2893 5122 3117 5187 δίκαιον,
3140 5122 3202 5175 τό
3226 5140 3285 5177 τε
3318 5124 3480 5194 σοφὸν
3505 5127 3599 5179 καὶ
3620 5128 3680 5181 τὸ
3706 5126 3797 5179 δύο

2218 5214 2375 5268 νατὸν
2412 5212 2670 5277 ὡσαύτως
2697 5213 2923 5283 λέγοιτο,
2959 5214 2993 5282 ἥ
3020 5230 3079 5265 τε
3109 5211 3383 5286 ἀφθαρσία
3413 5217 3507 5269 καὶ
3534 5218 3794 5289 άῖδιότης,

2218 5308 2313 5361 καὶ
2345 5308 2494 5360 πᾶσα
2539 5306 2766 5378 εὐσεϐὴς
2807 5306 3045 5369 διάνοια,
3096 5305 3237 5360 κατά
3268 5307 3359 5361 τὸν
3399 5309 3560 5363 αὑτὸν
3604 5309 3796 5381 ὁμολοο

2220 5403 2367 5467 γοῖτο
2416 5398 2645 5471 τρόπον’
2698 5401 2877 5470 πάσης
2921 5398 3061 5453 κατά
3101 5400 3282 5456 πάντα
3331 5401 3486 5472 λόγον
3534 5403 3795 5475 διαφορᾶς

2221 5492 2653 5564 ὑφαιρουμένης,
2701 5494 3110 5563 συναφαιρεῖται
3140 5495 3260 5546 κατ’
3310 5495 3557 5567 ἀνάγκην
3587 5497 3649 5550 τὸ
3688 5494 3794 5549 τῶν

2220 5584 2358 5638 θεῶν
2393 5585 2594 5655 πλῆθος
2629 5584 2735 5639 ἀπὸ
2761 5584 2853 5638 τοῦ
2878 5585 3166 5657 δόγματος,
3193 5588 3291 5658 τῆς
3316 5589 3405 5643 διά
3426 5592 3642 5645 πάντων
3668 5606 3797 5645 ταυ-

540 5676 685 5729 latur
735 5675 803 5729 ad
857 5675 1219 5729 confitendam
1283 5687 1447 5728 unam
1484 5671 1849 5728 divinitatem.
1886 5672 2021 5728 Nam
2062 5675 2108 5730 si

2229 5677 2459 5747 τότητος,
2488 5678 2568 5739 εἰς
2598 5675 2657 5727 τὸ
2688 5674 2745 5727 ἓν
2775 5674 2837 5727 τὸ
2860 5674 3035 5747 δόγμα
3061 5677 3159 5749 τὴν
3188 5678 3370 5734 πίστιν
3399 5681 3791 5752 περιαγούσης.

538 5768 757 5824 bonitas
779 5775 833 5823 et
855 5768 1097 5839 iustitia,
1142 5768 1524 5838 sapientiaque
1551 5773 1605 5823 et
1632 5766 1873 5837 potentia
1943 5768 2195 5827 similiter
2229 5778 2283 5827 et
2313 5769 2501 5826 eodem
2544 5772 2703 5826 modo
2732 5770 2956 5837 dicitur,
2989 5771 3439 5846 incorruptioque
3470 5785 3524 5832 et
3573 5775 3791 5832 aeterni-

535 5872 640 5931 tas,
690 5864 981 5936 omnisque
1043 5881 1194 5921 incus
1229 5866 1317 5935 pia
1375 5863 1568 5920 eodem
1633 5865 1795 5921 modo
1844 5867 2172 5925 confitetur:
2218 5868 2367 5925 omni
2416 5867 2660 5941 qualibet
2701 5867 2916 5924 ratione
2977 5870 3191 5926 sublata
3238 5870 3575 5943 differentia,
3626 5866 3787 5929 simul
