3978 6466
287 287 353 345 15
1492 306 1748 365 ORATIO
1793 311 2283 375 CATECHETICA.
3449 334 3514 390 Η

280 406 594 460 necessario
637 408 846 463 tollitur
896 425 924 463 a
977 412 1229 484 dogmate
1296 418 1518 477 deorum
1566 428 1877 493 multitudo,
1933 446 2055 485 cum
2093 449 2214 504 quae
2251 445 2334 490 est
2379 452 2473 507 per
2517 442 2720 508 omnia,
2769 450 2827 498 ut
2873 445 2945 499 ita
2992 444 3202 507 dicam,
3261 446 3512 503 identitas

280 500 438 554 ﬁdem
474 499 543 554 ad
576 516 738 554 unum
780 504 976 573 dogma
1004 508 1257 568 deducat.

863 597 1109 650 ΚΕΦᾹΛ.
1148 603 1243 654 “Α’.

350 678 493 730 Ἀλλ’
524 680 711 751 ἐπειδὴ
743 683 839 735 καὶ
873 686 900 737 6
931 689 1028 755 τῆς
1074 688 1354 753 εὐσεϐείας
1395 693 1549 762 λόγος
1579 694 1686 751 οἶδέ
1726 718 1845 755 τινα

266 770 538 839 διάκρισιν
568 774 915 828 ὑποστάσεων
946 779 1004 830 ἐν
1026 782 1093 849 τῇ
1126 782 1333 852 ὲνότητι
1362 785 1460 855 τῆς
1486 786 1699 856 φύσεως
1725 791 1846 860 βλέ-

268 878 405 923 πειν,
434 862 514 925 ὡς
551 865 614 917 ἂν
644 866 716 936 μὴ
748 869 812 936 τῇ
847 869 982 938 πρὸς
1023 873 1150 934 τοὺς
1183 874 1452 947 Ἕλληνας
1493 881 1660 954 μάχῃ,
1710 883 1843 955 πρὸς

262 950 347 1001 τὸν
377 954 712 1024 Ἰουδαῖσμὺν
732 959 862 1027 ἡμῖν
889 960 917 1011 6
941 960 1096 1031 λόγος
1118 965 1455 1041 ὑπενεχθείη,
1484 950 1645 1029 πάλιν
1672 950 1841 1048 προσ-

262 1043 377 1109 ηκει
430 1044 686 1118 διαστολῇ
740 1065 846 1101 τινι
908 1057 1159 1125 τεχνικῇ,
1214 1060 1307 1111 καὶ¹
1352 1061 1449 1131 τὴν
1503 1068 1631 1136 περὶ
1684 1069 1841 1123 τοῦτο

262 1134 463 1205 πλάνην
496 1140 1004 1207 ἐπανορθώσασθαι.
1039 1147 1171 1199 Οὐδὲ
1195 1148 1304 1221 γὰρ
1332 1155 1443 1217 τοῖς
1473 1134 1690 1220 ἕξωήτοῦ
1716 1160 1837 1213 καθ’

260 1228 401 1295 ἡμᾶς
449 1228 723 1298 δόγματος
771 1233 962 1301 ἄλογον
1000 1232 1134 1290 εἶναι
1170 1240 1232 1292 τὸ
1276 1244 1428 1298 Θεῖον
1475 1247 1835 1320 ὑπείληπται·

259 1316 411 1368 τοῦτο
445 1318 503 1370 δὲ
546 1320 677 1390 παρ’
715 1323 940 1377 ἐκείνων
978 1327 1408 1401 ὁμολογούμενον
1453 1316 1835 1413 ἱκανῶς-διαρ-

257 1406 449 1476 θρώσει
503 1409 595 1504 τὸν
628 1411 900 1484 ἡμέτερον
943 1415 1119 1484 λόγον.
1181 1421 1237 1474 '0
1282 1424 1387 1495 γὰρ
1435 1428 1710 1497 ὁμολογῶν

255 1498 439 1565 ἄλογον
474 1495 616 1552 εἶναι
659 1502 749 1555 τὸν
779 1504 910 1559 Θεὸν
931 1546 945 1569 ,
978 1509 1194 1574 πάντως
1238 1512 1394 1581 λόγον
1438 1495 1579 1587 ἔχειν
1611 1495 1714 1574 -τὺν

256 1590 438 1656 ἄλογον
480 1593 975 1664 συγκαταθήσεται.
1042 1599 1201 1653 Ἀλλά
1237 1602 1339 1674 μὴν
1365 1606 1699 1677 ἀνθρώπινος
1740 1590 1834 1684 631,-—

254 1679 476 1748 ωνύμως
504 1681 728 1750 λέγεται
742 1684 917 1752 λόγος.
946 1688 1151 1743 Οὐκοῦν
1166 1693 1215 1744 εί
1231 1692 1376 1761 λέγοι
1398 1697 1517 1749 καθ’
1539 1679 1831 1770 ὁμοιότητα

254 1772 351 1821 τῶν
386 1773 517 1841 παρ’
543 1776 677 1844 ἡμῖν
700 1778 793 1829 καὶ
825 1778 914 1831 τὸν
944 1780 1037 1833 τοῦ
1067 1782 1200 1837 Θεοῦ
1231 1786 1493 1855 ὑπονοεῖν,
1524 1792 1665 1846 οὑτω
1702 1814 1829 1864 μετ-

252 1862 543 1931 αχθήσεται
585 1866 723 1935 πρὸς
760 1867 856 1939 τὴν
884 1868 1215 1943 ὑψηλοτέραν
1256 1876 1538 1949 ὑπόληψιν.
1594 1862 1827 1956 ’Λνάγκη

250 1953 348 2023 γὰρ
385 1956 537 2008 πᾶσα
575 1958 912 2029 κατάλληλον
942 1957 1083 2015 εἶναι
1111 1967 1385 2021 πιστεύειν
1431 1974 1497 2041 τῇ
1545 1971 1701 2040 φύσει
1735 1975 1826 2030 τὸν
1858 1976 1900 2030 Β

250 2043 412 2109 λόγον,
446 2046 526 2109 ώς
564 2048 656 2099 καὶ
695 2049 763 2101 τὰ
793 2050 926 2104 ἄλλα
958 2054 1153 2109 πάντα.
1190 2059 1297 2111 Καὶ
1327 2061 1435 2132 γὰρ
1471 2062 1699 2133 δύναμίς
1738 2085 1822 2132 τις

250 2132 334 2183 καὶ
364 2132 500 2202 ζωὴ,
545 2136 639 2187 καὶ
676 2138 857 2206 σοφία.
902 2144 1028 2211 περὶ
1058 2144 1117 2196 τὸ
1148 2145 1485 2216 ἀνθρώπινον
1530 2132 1816 2221 βλέπεταιο

248 2222 371 2275 ἀλλὰ
408 2225 511 2276 οὑκ
564 2225 632 2278 ἄν
678 2244 765 2289 τις
809 2231 873 2281 ὲκ
924 2232 1021 2301 τῆς
1061 2235 1377 2305 ὁμωνυμίας
1428 2241 1681 2312 τοιαύτην
1725 2247 1818 2298 καὶ

247 2314 332 2365 ἐπὶ
363 2315 457 2367 τοῦ
492 2314 635 2368 Θεοῦ
686 2317 781 2388 τὴν
812 2318 978 2389 ζωὴν,
1016 2324 1049 2387 ἢ
1075 2324 1173 2395 τὴν
1204 2326 1467 2397 δύναμιν,
1512 2331 1545 2402 ἢ
1595 2333 1691 2405 τὴν
1726 2352 1814 2388 σο-

246 2404 362 2470 φίαν
393 2406 914 2477 ὑπονοήσειεν,ἀλλὰ
940 2415 1075 2481 πρὸς
1102 2415 1161 2467 τὸ
1187 2417 1285 2487 τῆς
1318 2419 1528 2487 φύσεως
1682 2426 1814 2495 ἠμε-

247 2494 395 2563 τέρας
451 2497 691 2567 μέτρον,
747 2503 1216 2558 συνταπεινοῦνται
1276 2509 1331 2560 αἱ
1399 2511 1508 2563 τῶν
1562 2514 1819 2571 τοιούτων

245 2588 505 2657 ὀνομάτων
529 2591 819 2659 ἐμφάσεις.
855 2594 1070 2666 Ἐπειδὴ
1094 2597 1201 2667 γὰρ
1221 2599 1432 2671 φθαρτὴ
1456 2605 1548 2656 καὶ
1578 2606 1809 2676 ἀσθενὴς

248 2678 390 2747 ἡμῶν
420 2681 451 2748 ἡ
475 2679 665 2746 φύσις.
689 2681 777 2733 διὰ
798 2682 954 2737 τοῦτο
977 2685 1264 2758 ὠκύμορος
1284 2691 1317 2759 ὴ
1334 2692 1472 2761 ζωὴ,
1504 2695 1808 2750 ἀνυπόστα-

246 2786 325 2831 τος
351 2772 381 2839 ἡ
410 2771 664 2840 δύναμις,
718 2774 934 2844 ἀπαγὴς
967 2779 994 2828 ό
1027 2777 1200 2845 λόγος.
1250 2782 1372 2834 Ἐπὶ
1418 2783 1473 2834 δὲ
1512 2787 1610 2855 τῆς
1638 2787 1807 2857 ὑπερ-

248 2862 486 2929 κειμένης
513 2863 733 2931 φύσεως
762 2864 837 2934 τῷ
868 2869 1139 2939 μεγαλείῳ
1178 2870 1273 2922 τοῦ
1302 2872 1674 2944 θεωρουμένου
1700 2880 1807 2933 πᾶν

246 2954 303 3003 τὸ
334 2954 453 3022 περὶ
484 2955 654 3023 αὐτὴν
692 2955 979 3025 λεγόμενον
1029 2963 1431 3032 συνεπαίρεται.
1468 2966 1674 3021 Οὐκοῦν
1704 2971 1806 3022 κᾶν

248 3044 405 3112 Λόγος
434 3046 571 3098 Θεοῦ
605 3046 850 3116 λέγηται,
884 3049 983 3102 οὐκ
1016 3051 1072 3101 ἐν
1100 3054 1164 3121 τῇ
1196 3054 1338 3123 ὁρμῇ
1373 3054 1466 3107 τοῦ
1507 3057 1806 3129 φθεγγομέ-

241 3154 323 3189 νου
370 3140 459 3190 καὶ
506 3139 613 3209 τὴν
662 3140 958 3193 ὑπόστασιν
1012 3141 1152 3211 ἔχειν
1204 3145 1625 3216 νομισθήσεται,
1685 3150 1803 3203 καθ’

240 3231 517 3299 ὁμοιότητα.
552 3229 646 3282 τοῦ
673 3232 939 3302 ἡμετέρου
971 3234 1300 3303 μεταχωρῶν
1329 3237 1407 3299 είς
1437 3237 1799 3310 ἀνύπαρκτον.

2582 622 2809 677 CAPUT
2843 625 2879 678 Ι.

2018 746 2122 803 Sed
2149 753 2405 820 quoniam
2466 755 2683 824 pietatis
2717 762 2857 814 ratio
2905 762 3008 817 scit
3046 765 3206 817 etiam
3267 767 3505 835 aliquam

1947 838 2335 909 hypostaseon,
2367 861 2463 900 seu
2507 849 2983 905 subsistentiarum
3025 871 3087 908 ac
3147 872 3503 924 personarum

1942 942 2165 985 cernere
2191 931 2548 989 differentiam
2583 938 2635 989 in
2670 941 2878 996 unitate
2915 953 3138 1009 naturae,
3160 962 3225 1000 ne
3251 946 3377 1001 dum
3408 949 3508 1003 ad-

1941 1035 2131 1075 versus
2160 1020 2376 1079 Graecos
2410 1027 2805 1097 depugnantus,
2844 1034 2910 1086 ad
2942 1032 3281 1091 Judaismum
3316 1048 3500 1093 nostra

1940 1109 2245 1167 deducatur
2267 1118 2461 1180 oratio,
2486 1135 2680 1176 rursus
2711 1127 2963 1180 convenit
2991 1127 3286 1185 artiliciosa
3318 1134 3499 1203 aliqua

1939 1200 2288 1260 distinctione
2314 1208 2433 1277 ejus
2457 1212 2534 1265 rei
2559 1227 2797 1267 errorem
2823 1217 3113 1288 corrigere.
3137 1219 3322 1291 Neque
3353 1226 3495 1278 enim

1939 1291 1972 1343 ii
2000 1296 2093 1361 qui
2122 1310 2151 1348 a
2180 1306 2372 1353 nostro
2400 1300 2649 1371 dogmate
2680 1314 2807 1359 sunt
2843 1308 3026 1373 alieni,
3082 1310 3249 1366 Deum
3304 1316 3496 1369 existi-

1936 1394 2155 1439 marunt
2186 1404 2376 1444 carere
2409 1394 2657 1450 ratione:
2689 1397 2791 1451 hoc
2818 1409 2995 1454 autem
3032 1404 3174 1472 quod
3210 1405 3285 1459 illi
3320 1405 3493 1460 faten-

1934 1481 2025 1529 tur
2069 1479 2292 1534 verbum
2334 1494 2581 1539 nostrum
2628 1488 2762 1544 satis
2812 1493 3103 1558 explicabit
3131 1504 3185 1550 et
3224 1498 3491 1553 ostendet.

1932 1566 2063 1622 Nam
2092 1573 2182 1639 qui
2216 1571 2413 1628 fatetur
2440 1574 2606 1631 Deum
2654 1595 2761 1635 non
2801 1596 2989 1637 carere
3046 1586 3274 1650 ratione,
3310 1590 3491 1640 omni-

1932 1676 2003 1713 no
2034 1666 2392 1728 assentietur,
2425 1682 2548 1721 eum
2588 1673 2678 1739 qui
2712 1687 2818 1726 non
2852 1684 3001 1728 caret
3028 1676 3260 1740 ratione,
3292 1679 3492 1733 habere
3558 1684 3581 1693 ‘

1932 1755 2219 1808 rationem.
2256 1757 2416 1827 Atqui
2465 1759 2697 1815 humana
2736 1781 2951 1835 quoque
2999 1770 3159 1833 ratio,
3214 1772 3489 1840 tequivoce

1933 1841 2158 1901 dicitur.
2192 1845 2248 1901 Si
2280 1863 2410 1917 ergo
2438 1851 2585 1905 dicat
2620 1869 2679 1909 se.
2725 1856 2991 1913 rationem
3031 1869 3084 1914 et
3113 1860 3351 1918 Verbum
3398 1867 3488 1921 in-

1930 1937 2191 2007 telligere,
2228 1940 2294 1992 ad
2334 1941 2743 1999 similitudinem
2781 1962 2969 2003 eorum
3000 1964 3121 2019 qua:
3148 1954 3350 2007 suntin
3388 1970 3487 2008 no-

1928 2027 2033 2089 bis,
2093 2029 2174 2082 sic
2240 2031 2308 2085 ad
2365 2032 2735 2090 sublimiorem
2790 2037 3087 2094 deducetur
3149 2044 3482 2112 opinionem.

1927 2116 2160 2174 Otnnino
2198 2123 2339 2176 enim
2373 2139 2594 2181 necesse
2622 2137 2704 2182 est
2756 2139 2814 2182 ιιι
2844 2132 3030 2185 credat
3059 2133 3322 2189 rationem
3361 2152 3483 2190 esse

1928 2218 2142 2267 natura:
2176 2226 2586 2284 congruentem.
2622 2226 2680 2273 ut
2706 2228 2760 2274 et
2785 2221 2889 2275 alia
2917 2224 3116 2280 omnia.
3152 2224 3283 2279 Nam
3310 2237 3361 2281 et
3399 2228 3481 2281 vis

1924 2303 2171 2371 quaedam
2204 2314 2258 2360 et
2287 2306 2421 2372 vita,
2452 2315 2506 2361 et
2559 2310 2821 2378 sapientia
2861 2314 3104 2368 cernitur
3158 2317 3213 2370 in
3240 2316 3478 2371 homini-

1924 2392 2047 2455 bus,
2076 2393 2170 2449 sed
2205 2410 2271 2449 ex
2310 2396 2655 2469 homonymia
2684 2417 2845 2456 nemo
2883 2405 3275 2461 existimaverit
3314 2409 3475 2464 talem

1924 2484 1976 2536 in
2011 2484 2117 2539 Deo
2141 2500 2262 2541 esse
2296 2487 2484 2549 vitam,
2520 2498 2613 2543 aut
2644 2491 2772 2553 vim,
2837 2503 2930 2547 aut
2987 2497 3330 2567 sapientiam,
3380 2498 3476 2555 sed

1919 2589 2017 2643 pro
2042 2576 2203 2630 modo
2268 2588 2469 2633 nostrae
2524 2589 2730 2635 natum
2768 2601 2872 2638 una
2930 2589 3091 2641 etiam
3153 2589 3477 2658 deprimitur

1917 2665 2195 2734 emphasis
2229 2670 2537 2738 hujusmodi
2569 2675 2869 2730 nominum.
2899 2678 3167 2743 Quoniam
3213 2683 3356 2737 enim
3390 2684 3475 2737 in-

1917 2759 2100 2812 teritui
2154 2763 2388 2815 obnoxia
2427 2772 2481 2817 et
2523 2765 2790 2821 imbecilla
2842 2779 2931 2823 est
2994 2780 3181 2827 nostra
3240 2783 3471 2839 natura,

1918 2860 2200 2918 propterea
2236 2854 2415 2908 brevis
2463 2867 2548 2910 est
2577 2858 2709 2921 vita,
2751 2861 2939 2930 visque
2991 2880 3112 2933 quae
3150 2881 3258 2923 non
3295 2877 3474 2939 potest

1914 2946 2232 3010 consistere,
2264 2958 2320 3002 et
2360 2966 2541 3005 sermo
2571 2968 2677 3006 non
2709 2955 2937 3011 stabilis.
2987 2957 3044 3012 In
3074 2975 3325 3030 suprema
3369 2979 3470 3017 au-

1915 3050 2017 3095 tem
2051 3052 2267 3102 natura,
2305 3058 2427 3096 cum
2460 3046 2831 3114 magnitudine
2860 3048 2980 3116 ejus
3022 3054 3166 3121 quod
3212 3058 3466 3113 conside-

1912 3140 2082 3194 ratur,
2126 3133 2387 3202 quidqnid
2416 3136 2483 3191 de
2510 3151 2571 3190 ea
2598 3138 2818 3204 dicitur,
2843 3141 3007 3196 simul
3033 3145 3325 3203 extollitur.
3355 3147 3470 3203 Etsi

1910 3236 2043 3292 ergo
2073 3223 2271 3278 dicitur
2307 3222 2400 3278 Dei
2435 3225 2691 3289 Verbum,
2726 3231 2884 3290 ratio,
2909 3243 3003 3287 aut
3032 3250 3233 3300 sermo,
3267 3238 3314 3293 is
3355 3254 3465 3294 non

250 3322 373 3373 Ἀλλ’
412 3322 609 3391 ὥσπερ
653 3323 685 3392 ἡ
733 3320 977 3391 ἡμετέρα
1015 3322 1175 3390 φύσις
1219 3324 1483 3397 ὲπίκηρος
1530 3324 1684 3393 οὖσα,
1714 3332 1809 3385 καὶ

1913 3313 1965 3367 in
1996 3314 2193 3384 impetu
2225 3316 2345 3384 ejus
2376 3320 2523 3387 quod
2552 3321 2753 3375 dicitur
2790 3325 3091 3382 consistere
3126 3328 3467 3383 existimabi-

238 3412 481 3481 ἐπίκηρον
524 3412 619 3464 τὸν
656 3412 812 3480 λόγον
846 3413 988 3483 ἔχει·
1027 3412 1198 3478 οὕτως
1230 3417 1263 3486 ἡ
1291 3416 1566 3489 ἄφθαρτος
1598 3422 1692 3473 καὶ
1719 3423 1805 3475 ἀεὶ

235 3502 428 3555 ἑστῶσα
458 3502 631 3570 φύσις
650 3543 663 3563 ,
701 3503 869 3556 ἀΐδιον
904 3503 1014 3574 ἔχει
1050 3506 1144 3557 καὶ
1176 3504 1460 3574 ὑφεστῶτα
1491 3510 1582 3565 τὸν
1624 3512 1799 3581 λόγον.

240 3595 295 3646 Εἰ
322 3593 382 3663 δὴ
416 3594 582 3647 τοῦτο
622 3594 762 3647 κατὰ
807 3594 868 3647 τὸ
904 3596 1194 3651 ἀκόλουθον
1227 3598 1585 3671 ὁμολογηθείη
1613 3602 1673 3655 τὸ
1702 3604 1804 3672 ὑφο

234 3686 435 3738 ἱστάναι
464 3686 566 3738 τὸν
595 3685 690 3737 τοῦ
725 3686 859 3740 Θεοῦ
883 3688 1052 3755 Λόγον
1078 3688 1291 3754 ἁῖδίως,
1323 3691 1535 3760 ἀνάγκη
1561 3695 1705 3747 πᾶσα
1745 3696 1803 3748 ἐν

236 3773 333 3844 ζωῇ
378 3776 471 3827 τοῦ
520 3776 698 3842 Λόγον
748 3777 845 3846 τὴν
885 3778 1179 3831 ὑπόστασιν
1224 3775 1363 3833 εἶναι
1393 3782 1692 3851 ὁμολογεῖν.
1725 3787 1799 3838 Οὑ

234 3862 328 3933 γὰρ
357 3866 475 3918 καθ’
506 3867 800 3936 ὁμοιότητα
825 3868 933 3920 τῶν
961 3868 1123 3922 λίθων
1147 3869 1368 3939 ἀψύχως
1391 3873 1683 3942 ὑφεστάναι
1712 3876 1802 3929 τὸν

234 3956 410 4021 Λόγον,
468 3958 673 4025 εὐαγές
725 3960 873 4011 ἐστιν
934 3960 1159 4014 οίεσθαι.
1232 3961 1370 4014 Ἀλλ’
1421 3965 1470 4016 εί
1529 3965 1800 4032 ὑφέστηκε

234 4051 403 4118 νοερόν
430 4068 482 4103 τι
518 4053 707 4121 χρῆμα
733 4051 831 4103 καὶ
859 4049 1147 4120 ἀσώματον
1173 4052 1252 4115 ὃν,
1282 4050 1347 4123 ζῇ
1389 4054 1623 4118 πάντως.
1653 4056 1715 4107 Εἰ
1742 4055 1799 4107 δὲ

232 4138 311 4188 τοῦ
335 4138 431 4210 ζῇν
459 4140 817 4211 κεχώρισται,
840 4141 960 4194 οὐδὲ
988 4144 1045 4194 ὲν
1068 4144 1362 4197 ὑποστάσει
1385 4145 1601 4208 πάντως
1629 4145 1794 4199 ἐστίν.

243 4228 385 4283 Ἀ).λά
438 4232 554 4301 μὴν
601 4232 795 4297 ἀσεϐὲς
847 4233 1142 4305 ἀπεδείχθη
1187 4234 1277 4287 τὸν
1317 4234 1413 4287 τοῦ
1457 4234 1593 4289 Θεοῦ
1627 4237 1797 4305 Λόγον

229 4319 590 4375 ἀνυπόστατον
639 4320 799 4378 εἶναι.
855 4325 1062 4378 Οὐκοῦν
1112 4327 1499 4400 συναπεδείχθη
1554 4330 1693 4383 κατὰ
1736 4329 1797 4383 τὸ

226 4413 508 4468 ἀκόλουθον
538 4415 600 4468 τὸ
640 4417 698 4471 ὲν
741 4420 808 4489 τῇ
837 4419 949 4489 ζωῇ
985 4418 1168 4472 τοῦτον
1210 4419 1532 4491 θεωρεῖσθαι
1560 4420 1650 4474 τὸν
1690 4421 1794 4474 Λό-

228 4518 329 4567 γον.
365 4506 576 4574 Ἀπλῆς
606 4507 663 4559 δὲ
691 4508 789 4578 τῆς
815 4508 909 4561 τοῦ
933 4508 1107 4577 Λόγου
1134 4509 1348 4578 φύσεως
1381 4511 1518 4565 κατὰ
1556 4512 1616 4565 τὸ
1650 4513 1794 4577 εἰκὸς

226 4588 350 4645 εἶναι
381 4598 849 4669 πεπιστευμένης,
876 4601 969 4652 καὶ
1000 4600 1254 4671 οὐδεμίαν
1285 4602 1506 4675 διπλόην
1533 4605 1627 4658 καὶ
1667 4605 1790 4658 σύν·

226 4682 359 4736 θεσιν
387 4688 444 4738 ὲν
474 4689 646 4758 ἑαυτῇ
682 4688 1047 4760 δεικνυούσης,
1079 4692 1259 4746 οὐκέτι
1280 4693 1345 4746 ἄν
1379 4711 1462 4758 τις
1495 4694 1633 4749 κατὰ
1660 4713 1790 4765 μετ-

220 4776 392 4829 ουσίαν
434 4777 587 4848 ζωῆς
623 4779 681 4830 ὲν
720 4781 831 4852 ζωῇ
868 4782 1095 4854 θεωροίη
1134 4784 1225 4838 τὸν
1253 4784 1443 4853 Λόγον.
1472 4787 1544 4839 Οὐ
1572 4787 1679 4858 γὰρ
1721 4787 1787 4841 ἂν

222 4867 364 4930 ἐκτὸς
403 4872 490 4941 εἴη
539 4871 842 4936 συνθέσεως
871 4874 904 4944 ή
934 4875 1157 4945 τοιαύτη
1190 4876 1476 4947 ὑπόληψις,
1514 4878 1576 4930 τὸ
1602 4878 1787 4949 ἕτερον

223 4957 273 5008 ὲν
298 4960 468 5031 ἑτέρῳ
490 4962 670 5030 λέγειν
705 4960 872 5017 εἶναι·
896 4965 1033 5019 ἀλλά
1059 4966 1271 5038 ἀνάγκη
1306 4970 1454 5021 πᾶσα
1489 4969 1589 5039 τῆς
1618 4970 1785 5024 ἁπλό-

222 5066 367 5117 τητος
419 5052 857 5125 όμολογουμένης
876 5094 891 5118 ,
954 5055 1230 5127 αὑτοζωὴν
1280 5053 1418 5111 εἶναι
1460 5057 1551 5111 τὸν
1612 5059 1783 5128 Λόγον

218 5139 446 5206 οἴεσθαι,
489 5144 550 5194 οὑ
593 5142 738 5213 ζωῆς
777 5146 1084 5214 μετουσίαν.
1126 5145 1191 5200 Εἰ
1235 5142 1326 5201 οὖν
1370 5148 1435 5217 ζῇ
1463 5149 1491 5201 ό
1518 5148 1707 5218 Λόγος,
1752 5151 1782 5202 6

218 5228 320 5300 ζωὴ
346 5233 444 5294 ὢν.
481 5235 572 5287 καὶ
599 5236 984 5307 προαιρετικὴν
1010 5237 1239 5308 δύναμιν
1275 5238 1387 5309 ἔχει
1414 5238 1648 5303 πάντως.
1679 5241 1783 5294 Οὐ-

217 5321 295 5374 ἂν
332 5328 440 5396 γὰρ
478 5328 839 5399 ἀπροαίρετον
868 5330 976 5382 τῶν
1009 5328 1224 5393 ζώντων
1256 5331 1390 5383 ἐστί.
1420 5330 1532 5400 Τὴν
1566 5330 1625 5384 δὲ
1654 5348 1781 5401 προ·

217 5414 416 5483 αίρεσιν
443 5419 643 5490 ταύτην
668 5422 759 5473 καὶ
789 5421 1018 5493 δυνατὴν
1048 5417 1187 5475 εἶναι
1220 5422 1359 5475 κατά
1386 5422 1444 5475 τὸ
1464 5422 1773 5485 ἀκόλουθον,

218 5506 426 5571 εὐσεϐές
466 5510 581 5562 ἐστι
610 5511 936 5579 λογίζεσθαι.
977 5513 1041 5567 Εἰ
1083 5513 1191 5584 γὰρ
1226 5514 1300 5583 μή
1334 5531 1417 5576 τις
1456 5513 1516 5566 τὸ
1554 5514 1776 5567 δυνατὸν

216 5597 509 5673 ὁμολογοίη,
530 5604 593 5655 τὸ
620 5604 877 5658 ἀδύνατον
903 5606 1119 5669 πάντως
1154 5604 1569 5661 κατασκευάσει.
1616 5606 1773 5659 Ἀλλά

220 5691 313 5759 μὴν
355 5694 536 5764 πόρῤω
582 5696 680 5767 τῆς
700 5697 829 5768 περὶ
879 5699 939 5751 τὸ
987 5698 1138 5751 Θεῖον
1179 5697 1500 5767 ὑπολήψεώς
1547 5700 1660 5751 ἐστι
1709 5696 1770 5750 τὺ

1909 3412 2017 3464 tur,
2046 3407 2112 3459 ad
2144 3410 2314 3462 nostri
2354 3411 2787 3475 similitudinem,
2825 3416 2890 3469 ad
2925 3416 3028 3471 hoc
3073 3420 3347 3476 transiens
3402 3434 3459 3475 ut

1907 3511 2014 3549 non
2050 3499 2139 3551 sit.
2184 3498 2287 3553 Sed
2318 3503 2593 3569 quomodo
2618 3513 2803 3557 nostra
2834 3516 3049 3569 natura,
3087 3524 3209 3563 cum
3255 3511 3307 3565 in
3336 3528 3453 3566 eam

1905 3589 2060 3641 cadat
2092 3590 2365 3654 interitus,
2398 3609 2700 3650 sermonem
2734 3613 2950 3666 quoque
2977 3601 3137 3656 habet
3166 3604 3257 3672 qui
3296 3605 3461 3657 inter-

1904 3677 1945 3730 it
1968 3679 2070 3731 :Ita
2107 3689 2300 3734 natura
2341 3682 2392 3736 in
2432 3699 2593 3752 quam
2622 3702 2728 3740 non
2765 3688 2909 3741 cadit
2944 3689 3217 3754 interitus,
3261 3705 3314 3749 et
3343 3713 3461 3765 quae

1903 3783 2120 3839 semper
2159 3780 2289 3836 stat,
2327 3781 2591 3828 zeternutn
2622 3777 2790 3831 etiam
2829 3780 2986 3833 habet
3034 3798 3358 3849 sermonem,
3404 3800 3458 3842 et

1901 3863 1993 3931 qui
2029 3864 2304 3921 consistit.
2336 3866 2487 3930 Quod
2514 3869 2559 3923 si
2585 3868 2687 3922 hoc
2719 3885 2783 3923 ex
2813 3876 3166 3942 consequenti
3194 3880 3458 3934 constite-

1904 3953 2084 4009 ritDei
2118 3955 2351 4010 Verbum
2408 3959 2800 4027 sempiternum
2859 3965 3181 4030 consistere,
3230 3985 3455 4027 necesse

1898 4053 1984 4098 est
2013 4045 2238 4099 omnino
2275 4046 2428 4102 fateri
2458 4048 2512 4101 in
2549 4050 2655 4103 vita
2696 4049 2855 4106 Verbi
2887 4069 3007 4108 esse
3043 4056 3359 4127 hypostasin
3389 4078 3452 4115 ac

1898 4136 2277 4192 substantiam.
2310 4137 2472 4195 Nefas
2501 4149 2586 4195 est
2616 4143 2759 4195 enim
2807 4155 2994 4212 putare
3042 4148 3275 4204 Verbum
3315 4153 3452 4207 citra

1899 4229 2135 4282 animam
2165 4232 2470 4287 consistere
2522 4234 2697 4288 instar
2730 4235 2990 4305 lapidum.
3028 4240 3131 4295 Sed
3171 4242 3216 4298 si
3269 4247 3452 4300 consi-

1896 4320 2011 4378 stit,
2048 4329 2104 4372 ut
2126 4321 2272 4390 quod
2292 4319 2363 4374 sit
2385 4338 2472 4379 res
2501 4326 2748 4394 quaedam
2786 4328 3097 4399 intelligens
3130 4340 3183 4387 et
3208 4334 3454 4407 incerpo-

1895 4426 2010 4473 rea,
2035 4411 2167 4466 vivit
2196 4414 2439 4468 omnino.
2474 4415 2571 4470 Sin
2604 4425 2783 4472 autem
2810 4428 2899 4474 est
2925 4435 2955 4472 a
2986 4422 3093 4476 vita
3116 4435 3451 4495 separatum,

1895 4519 1960 4557 ne
1993 4504 2215 4559 omnino
2248 4505 2464 4574 quidem
2498 4509 2771 4564 consistit.
2825 4512 2989 4581 Atqui
3050 4514 3276 4585 impium
3326 4534 3451 4575 esse

1892 4602 2172 4650 ostensum
2203 4605 2307 4661 est,
2346 4596 2439 4653 Dei
2480 4598 2714 4655 Verbum
2746 4602 2970 4659 minime
3012 4607 3331 4663 consistere.
3366 4609 3453 4665 Si-

1894 4688 2003 4741 mul
2026 4702 2160 4757 ergo
2180 4696 2458 4744 ostensum
2481 4698 2650 4746 estex
2674 4704 3062 4763 consequente,
3085 4696 3188 4751 hoc
3210 4698 3448 4756 Verbum

1889 4777 1943 4831 in
1982 4779 2086 4833 vita
2113 4780 2471 4836 considerari.
2503 4780 2636 4835 Cum
2672 4793 2854 4839 autem
2882 4784 3045 4841 Verbi
3070 4789 3338 4845 creditum
3378 4794 3450 4846 sit

1889 4870 2189 4939 simplicem
2245 4886 2369 4928 esse
2424 4881 2697 4936 naturam,
2746 4884 2800 4930 et
2839 4892 2960 4946 quae
3011 4879 3069 4933 in
3131 4896 3191 4935 se
3242 4883 3447 4937 nullam

1885 4962 2139 5017 ostendat
2165 4963 2540 5032 duplicitatem
2570 4973 2626 5019 et
2655 4969 3141 5036 compositionem,
3177 4986 3283 5026 non
3344 4975 3451 5027 uti-

1886 5069 1993 5122 que
2023 5052 2263 5108 Verbum
2294 5070 2417 5110 esse
2454 5056 2510 5110 in
2554 5057 2665 5111 vita
2710 5059 2834 5128 quis
2893 5061 3323 5118 consideraverit
3380 5081 3448 5120 ex

1885 5145 2008 5199 vitae
2039 5146 2476 5215 participatione.
2506 5145 2625 5203 Non
2653 5150 2798 5204 enim
2818 5158 2972 5205 extra
2993 5154 3445 5222 compositionem

1886 5237 2049 5292 fuerit
2075 5238 2388 5307 hujusmodi
2405 5239 2757 5304 existimatio,
2773 5241 2954 5297 dicere
2978 5243 3209 5299 alterum
3234 5261 3357 5303 esse
3386 5247 3443 5302 in

1881 5328 2093 5385 altero:
2134 5329 2229 5384 sed
2270 5330 2493 5386 omnino
2539 5347 2766 5389 necesse
2801 5344 2904 5399 est,
2956 5348 3080 5389 cum
3114 5344 3329 5393 constet
3374 5340 3445 5395 de

1883 5419 2252 5489 simplicitate,
2286 5421 2460 5490 ipsam
2494 5438 2589 5493 per
2613 5440 2671 5481 se
2707 5426 2868 5479 vitam
2902 5426 3136 5482 Verbum
3180 5444 3301 5486 esse
3336 5447 3438 5501 pu-

1883 5518 2023 5574 tare,
2048 5526 2152 5566 non
2175 5521 2355 5567 autem
2387 5515 2510 5569 vita:
2535 5517 3022 5587 participationem.
3058 5518 3115 5575 Si
3141 5537 3272 5592 ergo
3306 5524 3439 5577 vivit

1883 5601 2116 5659 Verbum
2155 5620 2281 5660 cum
2309 5610 2381 5662 sit
2407 5608 2538 5673 vita,
2588 5610 2811 5664 omnino
2841 5627 3059 5683 quoque
3118 5615 3280 5671 habet
3330 5619 3436 5670 vim

1879 5699 2047 5754 libere
2073 5699 2321 5770 eligendi.
2360 5700 2504 5755 Nihil
2558 5703 2707 5758 enim
2754 5711 2931 5761 estex
2959 5707 3028 5761 iis
3055 5724 3176 5778 qua:
3224 5712 3436 5775 vivunt,
