3978 6492
474 394 541 447 {Si
1662 385 1720 440 S.
1761 381 2084 439 CREGORII
2125 378 2414 435 NYSSENI
3644 374 3711 430 16

476 508 618 579 quod
658 524 763 562 non
797 507 866 559 sit
897 507 998 559 hac
1027 506 1077 557 vi
1142 502 1447 573 praeditum.
1494 498 1642 552 llauc
1687 507 1868 551 autem
1904 497 2037 550 Iibe-

2161 493 2418 546 ιδύνατον.
2455 490 2619 543 υὺδὲν
2644 489 2749 560 γὰρ
2778 490 3116 559 ἀπεμφαῖνον
3144 488 3251 542 τῶν
3280 487 3407 560 περὶ
3441 487 3535 559 τὴν
3560 488 3712 543 θείαν

478 616 592 654 ram
624 598 945 653 electionem
970 610 1091 649 esse
1112 595 1272 647 etiam
1297 598 1565 662 potentem
1588 606 1651 643 ex
1680 588 2037 656 consequenti

479 691 626 762 pium
655 697 737 744 est
766 687 1133 742 considerare.
1166 683 1277 738 Nisi
1304 683 1447 737 enim
1474 680 1694 735 fatearis
1716 680 2036 749 potentiam,

479 792 692 838 astrues
718 780 942 833 omnino
970 776 1367 847 impotentiam.
1404 772 1568 839 Atqui
1606 770 1924 841 impotentia
1956 776 2041 823 est

479 874 634 928 valde
669 882 875 926 remota
905 873 973 926 ab
1008 886 1068 925 ea
1110 884 1228 938 qua:
1259 869 1325 922 de
1356 866 1464 920 Deo
1503 865 1732 919 habetur
1762 864 2043 919 existima-

488 966 647 1021 iione.
672 964 829 1045 ’Nihil
861 964 1004 1019 enim
1048 960 1293 1025 absurdi,
1320 967 1373 1013 ct
1412 957 1556 1027 quod
1588 972 1693 1010 non
1750 954 2038 1015 cohaereat,

512 1058 858 1113 ousideratur
888 1072 952 1111 ex
985 1055 1052 1109 iis
1076 1069 1195 1123 qua:
1236 1062 1361 1108 sunt
1391 1052 1443 1104 in
1478 1050 1659 1105 divina
1690 1057 1915 1103 natura:
1946 1062 2043 1102 ne-

512 1165 638 1205 esse
689 1156 771 1204 est
804 1146 1027 1200 omnino
1087 1143 1244 1196 lateri
1283 1147 1488 1194 tantam
1537 1154 1659 1193 esse
1713 1139 1818 1191 vim
1857 1136 2040 1200 Verbi,

498 1248 748 1311 {nantum
780 1246 864 1293 est
893 1237 1055 1291 etiam
1087 1234 1449 1304 propositum,
1482 1246 1549 1285 ne
1579 1229 1823 1300 quzedam
1862 1229 2045 1283 mistio

498 1339 533 1384 η
551 1342 850 1385 concursus
867 1325 1082 1395 quidam
1098 1322 1495 1375 contrariorum
1516 1318 1892 1374 consideretur
1910 1318 1962 1370 in
1980 1332 2046 1372 eo

488 1421 628 1491 quod
667 1427 750 1475 est
780 1418 1029 1486 simplex,
1064 1414 1193 1467 dum
1228 1411 1465 1482 potentia
1495 1422 1548 1465 et
1574 1408 1891 1479 impotentia
1915 1422 2048 1461 con-

485 1511 797 1565 siderantur
837 1508 891 1560 in
925 1505 1111 1559 eodem
1154 1502 1455 1570 proposito,
1500 1498 1543 1552 si
1580 1496 1796 1567 quidem
1844 1492 2046 1562 aliquid

486 1602 703 1672 quidem
732 1600 925 1669 possit,
958 1597 1022 1651 ad
1059 1594 1262 1665 aliquid
1302 1609 1431 1648 vero
1488 1594 1558 1646 sit
1590 1592 1881 1659 impotens.
1911 1584 2046 1639 Cum

488 1694 669 1747 omnia
701 1702 878 1745 autem
930 1688 1105 1759 possit
1159 1686 1317 1741 Verbi
1375 1684 1590 1746 electio,
1618 1696 1737 1735 eam
1794 1678 1859 1730 ad
1916 1675 2049 1729 nihil

487 1787 615 1839 mali
640 1785 837 1838 habere
868 1780 1306 1851 propensionem,
1363 1775 1428 1829 ad
1478 1776 1667 1829 vitium
1722 1772 1864 1825 enim
1921 1785 2047 1838 pro-

2141 584 2419 655 θεωρεῖται
2454 584 2641 651 φύσιν·
2674 582 2885 650 ἀνάγκη
2924 583 3075 634 πᾶσα
3106 579 3372 651 τοσαύτην
3398 576 3535 634 εἶναι
3580 584 3712 652 ὁμο-

2141 670 2321 737 λογεῖν
2345 669 2439 722 τοῦ
2474 669 2647 737 Λόγου
2674 669 2774 739 τὴν
2814 668 3062 739 δύναμιν,
3093 669 3193 738 ὅση
3222 671 3337 721 ἐστὶ
3375 670 3468 722 καὶ
3504 671 3538 739 ἡ
3578 672 3715 741 πρό-

2143 761 2311 825 θεσις,
2347 762 2433 815 ἵνα
2464 762 2537 831 μή
2578 778 2660 824 τις
2688 760 2831 831 μίξις
2858 760 2968 813 τῶν
3009 760 3267 813 ἐναντίων
3305 761 3399 813 καὶ
3444 761 3715 831 συνδρομὴ

2143 856 2271 927 περὶ
2311 855 2373 907 τὸ
2412 853 2616 908 ἁπλοῦν
2664 855 2947 925 θεωροῖτο,
3001 853 3301 923 ἀδυναμίας
3334 870 3390 906 τε
3438 853 3716 906 καὶ-δυνά-

2147 964 2289 1017 μεως
2329 948 2387 999 ἐν
2430 949 2497 1017 τῇ
2542 947 2677 1016 αὐτῇ
2718 945 2967 1017 προθέσει
3012 945 3427 1016 θεωρουμένων.
3455 944 3615 1016 εἴπερ
3656 944 3718 997 τδ

2148 1038 2246 1110 μέν
2268 1055 2349 1091 τοι
2376 1037 2607 1101 δύναιτο,
2634 1038 2767 1107 πρὸς
2782 1037 2837 1090 δέ
2861 1055 2913 1089 τι
2942 1036 3235 1099 ἀδυνάτως.
3261 1036 3445 1089 Πάντα
3474 1034 3529 1088 δὲ
3564 1035 3721 1088 δυνα-

2149 1127 2313 1198 μένην
2358 1125 2456 1198 τὴν
2500 1125 2594 1178 τοῦ
2642 1126 2816 1194 Λόγου
2863 1125 3180 1196 προαίρεσιν
3239 1123 3376 1195 πρὸς
3412 1125 3565 1178 οὐδὲν
3609 1125 3721 1177 τῶν

2146 1220 2329 1274 κακῶν
2350 1220 2447 1290 τὴν
2474 1219 2645 1290 ῥοπὴν
2678 1218 2821 1288 ἔχειν
2840 1236 2853 1249 ·
2880 1218 3135 1290 ἀλλοτρία
3175 1218 3284 1289 γὰρ
3308 1220 3407 1287 τῆς
3441 1218 3588 1281 Θείας
3618 1217 3723 1288 φύ-

2148 1331 2282 1377 σεως
2309 1315 2342 1384 ἡ
2378 1313 2511 1383 πρὸς
2542 1311 2736 1365 κακίαν
2776 1312 2941 1382 ὁρμή·
2988 1311 3124 1364 ἀλλὰ
3170 1314 3277 1365 πᾶν
3298 1313 3325 1365 ὅ
3351 1311 3402 1364 τί
3434 1311 3537 1380 πέρ
3573 1311 3722 1362 ἐστιν

2147 1405 2368 1472 ἀγαθὸν,
2402 1403 2556 1457 τοῦτο
2590 1403 2683 1456 καὶ
2712 1401 3013 1470 βούλεσθαι.
3041 1402 3379 1472 Βουλομένην
3408 1402 3465 1455 δὲ
3503 1401 3725 1463 πάντως

2150 1497 2241 1548 xui.
2287 1494 2567 1549 δύνασθαι.
2600 1493 2909 1564 Δυναμένην
2952 1493 3007 1545 δὲ
3052 1493 3126 1564 μὴ
3160 1493 3515 1563 ἀνενέργητον
3558 1488 3722 1553 εἶναι,

2150 1585 2283 1639 ἀλλά
2310 1588 2485 1640 πᾶσαν
2511 1584 2714 1655 ἀγαθοῦ
2734 1586 3044 1655 προαίρεσιν
3064 1586 3143 1647 εἰς
3162 1584 3439 1654 ἐνέργειαν
3467 1584 3596 1651 ἄγει
3617 1582 3721 1655 [νι.

2163 1676 2386 1745 Ἀγαθὸν
2423 1676 2479 1729 δὲ
2512 1678 2539 1729 6
2566 1676 2787 1746 κόσμος,
2829 1677 2920 1728 καὶ
2945 1676 3011 1728 τά
3044 1676 3100 1728 ὲν
3137 1674 3285 1744 αὑτῷ
3324 1675 3500 1728 πάντα
3543 1675 3726 1741 σοφῶς

2150 1787 2208 1821 τε
2242 1770 2334 1820 καὶ
2375 1767 2635 1839 τεχνικῶς
2669 1768 3035 1837 θεωρούμενα.
3071 1769 3211 1837 Ι’Λρα
3251 1766 3343 1818 τοῦ
3374 1766 3545 1834 Λόγου
3588 1764 3727 1836 ἔργα

490 1877 677 1946 pensio
703 1884 784 1929 est
820 1850 992 1928 aliena
1028 1887 1057 1923 a
1089 1870 1271 1925 divina
1303 1876 1519 1929 natura,
1552 1865 1645 1919 sed
1676 1860 1937 1932 quidquid
1967 1867 2047 1912 est

2161 1860 2217 1911 τὰ
2247 1859 2421 1911 πάντα
2455 1858 2548 1911 τοῦ
2588 1857 2785 1921 ζῶντος
2819 1860 2915 1928 μὲν
2959 1858 3053 1911 καὶ
3102 1858 3427 1925 ὑφεστῶτος,
3458 1859 3536 1911 ὅτι
3588 1856 3726 1909 Θεοῦ

490 1973 688 2022 bonum
748 1965 850 2019 hoc
894 1964 1056 2016 etiam
1092 1960 1244 2014 velle.
1301 1958 1578 2010 Volentem
1619 1964 1798 2009 autem
1830 1953 2051 2005 omnino

489 2062 649 2114 etiam
687 2072 863 2127 posse.
893 2055 1173 2108 Potentem
1216 2060 1392 2104 autem
1432 2040 1553 2102 non
1595 2062 1715 2102 esse
1750 2042 2051 2114 ejusmodi,

493 2164 549 2206 nt
580 2167 688 2205 non
715 2156 990 2219 operetur,
1020 2145 1112 2199 sed
1137 2158 1296 2197 omne
1332 2142 1459 2195 boni
1502 2139 1844 2210 propositum
1876 2136 2050 2189 dedu-

490 2246 566 2298 cit
603 2243 668 2297 ad
700 2241 1090 2311 operationem.
1122 2237 1329 2288 Bonum
1363 2244 1539 2287 autem
1580 2240 1664 2287 est
1697 2230 1953 2291 mundus,
2002 2236 2054 2281 et

491 2348 611 2401 quae
645 2332 699 2384 in
733 2345 798 2383 ρο
833 2336 960 2382 sunt
984 2327 1162 2379 omnia
1196 2325 1469 2392 sapienter
1499 2330 1553 2377 et
1592 2320 1887 2375 artiﬁciose
1923 2334 2055 2373 con-

492 2424 749 2477 siderata.
786 2419 926 2472 Sunt
976 2418 1117 2472 enim
1175 2415 1356 2467 omnia
1408 2428 1571 2481 Opera
1624 2410 1787 2465 Verbi
1822 2409 2056 2463 viventis

496 2515 713 2585 quidem
744 2520 798 2566 et
824 2508 1198 2569 consistentis,
1219 2507 1344 2576 quia
1373 2513 1456 2559 est
1481 2503 1715 2557 Verbum
1750 2501 1864 2563 Dei,
1890 2501 2057 2555 libere

498 2614 677 2659 autem
704 2601 974 2672 eligentis,
1010 2600 1135 2668 quia
1198 2598 1353 2658 vivit,
1390 2596 1625 2665 potentis
1686 2603 1864 2648 autem
1896 2593 2058 2663 quid-

498 2696 626 2768 quid
659 2695 902 2765 elegerit,
943 2691 1088 2761 quod
1141 2691 1342 2743 bonum
1394 2696 1477 2743 est
1506 2696 1684 2741 autem
1754 2694 1807 2740 et
1840 2686 2059 2754 sapiens

497 2786 722 2841 omnino
763 2773 1033 2851 eligentis,
1067 2787 1120 2833 et
1168 2779 1213 2833 si
1252 2778 1379 2847 quid
1420 2774 1811 2846 pra-stantioris
1853 2782 1937 2828 est
1985 2773 2060 2825 si-

495 2874 880 2950 gniﬁcationis.
911 2872 1181 2938 Quoniam
1206 2885 1336 2939 ergo
1363 2868 1585 2938 aliquod
1617 2868 1818 2920 bonum
1847 2870 2060 2918 constat

498 2985 619 3025 esse
641 2967 924 3027 mundum,
955 2974 1237 3018 ostensum
1266 2971 1348 3015 est
1382 2968 1563 3013 autem
1597 2973 1690 3027 per
1724 2972 1785 3011 ea
1816 2972 1937 3025 quae
1974 2955 2061 3007 di-

501 3072 587 3116 cla
632 3068 760 3114 sunt
807 3056 1069 3113 mundum
1101 3069 1223 3109 esse
1250 3067 1388 3122 opus
1418 3050 1602 3109 Verbi,
1645 3048 1789 3118 quod
1837 3048 2059 3104 bonum,

500 3166 551 3208 et
585 3155 752 3223 eligit,
783 3163 836 3206 et
869 3158 1047 3220 potest
1074 3189 1087 3207 .
1128 3148 1232 3201 hoc
1290 3154 1467 3199 autem
1507 3145 1741 3198 Verbum
1796 3153 1877 3195 est
1916 3141 2059 3193 aliud

503 3248 570 3301 ab
608 3260 672 3298 eo
698 3244 856 3312 cujus
886 3250 969 3296 est
1002 3240 1261 3295 Verbum.
1295 3236 1427 3289 Nam
1465 3238 1567 3288 hoc
1597 3249 1813 3304 quoque
1849 3240 1931 3287 est
1964 3232 2062 3285 alio

500 3353 610 3407 quo
640 3336 800 3389 modo
835 3350 901 3387 ex
958 3331 1025 3386 iis
1054 3344 1175 3398 quae
1208 3328 1467 3381 dicuntur
1523 3326 1691 3379 relata
1724 3324 1788 3377 ad
1835 3321 2064 3393 aliquid,

501 3424 940 3494 quandoquidem
993 3426 1209 3490 oportet
1253 3418 1475 3470 omnino
1509 3431 1630 3469 cum
1678 3413 1855 3467 Verbo
1902 3415 2064 3467 etiam

503 3516 665 3571 Verbi
700 3515 913 3569 Patrem
947 3510 1257 3565 subaudiri.
1290 3507 1407 3561 Non
1448 3516 1594 3562 esset
1631 3506 1773 3560 enim
1806 3504 2063 3566 Verbum,

506 3610 552 3662 si
592 3621 697 3659 nan
730 3611 874 3658 esset
900 3601 1137 3655 Verbum
1168 3600 1423 3666 alicujus.
1455 3596 1511 3651 Si
1565 3612 1693 3666 ergo
1729 3612 1821 3664 per
1856 3596 2067 3665 signiﬁ-

509 3696 740 3753 cationis
771 3692 1143 3748 habitudinem
1180 3699 1233 3745 ct
1291 3691 1610 3745 relationem
1647 3688 1911 3741 discernit
1976 3702 2070 3738 au-

508 3789 744 3842 ditorum
782 3785 1043 3853 cogitatio
1070 3793 1122 3838 et
1160 3785 1335 3850 ipsum
1378 3780 1635 3841 Verbum,
1664 3788 1718 3833 et
1769 3780 1819 3832 id
1868 3796 1928 3833 ex
1964 3794 2071 3848 quo

511 3880 746 3939 exsistit,
782 3878 915 3931 nihil
945 3885 1029 3931 est
1060 3875 1217 3929 nobis
1249 3876 1434 3943 utique
1492 3872 1739 3943 periculi,
1787 3888 1854 3927 ne
1906 3869 2068 3925 Verbi

514 3972 854 4042 mysterium,
887 3986 1008 4024 eum
1058 3968 1367 4022 Graii-orum
1408 3981 1654 4036 pugnans
1701 3965 2069 4034 opinionibus,

511 4063 803 4117 conveniat
841 4078 964 4116 cum
1018 4062 1083 4115 iis
1116 4065 1207 4129 qui
1244 4060 1424 4113 favent
1460 4060 1704 4129 partibus
1736 4058 2069 4118 Judteorum,

512 4157 605 4209 sed
635 4172 698 4209 ex
734 4171 886 4223 ωηιιυ
916 4154 1132 4221 effugiet
1167 4161 1520 4220 utrorumque
1565 4151 1981 4212 absurditatem,
2015 4160 2075 4202 ut

512 4247 603 4315 qui
633 4254 686 4297 et
714 4245 902 4298 vivens
943 4242 1179 4296 Verbum
1216 4242 1304 4294 liei
1343 4241 1595 4301 fateatur,
1628 4255 1971 4311 operansque
2024 4250 2076 4293 et

512 4336 770 4393 etﬁciens.
804 4335 945 4403 quod
987 4350 1091 4386 non
1146 4334 1383 4386 admittit
1416 4332 1635 4385 Judqu
1666 4352 1678 4385 :
1720 4341 1774 4386 et
1806 4346 1914 4386 non
1971 4330 2077 4384 dif-

512 4428 658 4483 ferre
712 4425 1010 4481 Secundum
1064 4432 1312 4476 naturam
1378 4424 1554 4492 ipsum
1612 4420 1869 4487 Verbum,
1895 4428 1967 4492 _et
2022 4420 2075 4474 id

2154 1952 2322 2018 Λόγος
2348 1951 2483 2014 ἐστὶ,
2516 1950 2945 2021 προαιρουμένου
2990 1950 3046 2001 δὲ
3082 1951 3163 2001 δτι
3201 1948 3266 2020 ζῇ
3291 1966 3303 1978 ·
3330 1950 3631 2019 δυναμένου
3670 1948 3729 2002 δὲ

2155 2047 2330 2098 πάντα
2362 2046 2390 2097 ὂ
2418 2044 2471 2096 τί
2500 2062 2604 2114 περ
2640 2044 2703 2097 ἂν
2728 2043 2930 2113 ἕληται,
2956 2043 3274 2114 αἱρουμένου
3312 2044 3367 2096 δὲ
3410 2044 3469 2096 τδ
3520 2042 3731 2110 ἀγαθόν

2153 2153 2213 2187 τε
2245 2136 2339 2188 καὶ
2377 2136 2535 2203 σοφὸν
2561 2135 2794 2197 πάντως,
2828 2135 2919 2186 καὶ
2948 2133 3069 2186 εἴτι
3097 2137 3193 2204 τῆς
3222 2134 3521 2205 κρείττονος
3556 2151 3732 2204 σημα-

2158 2230 2275 2292 σίας
2323 2229 2488 2281 ὲστίν.
2535 2228 2689 2281 Ἐπεὶ
2717 2223 2807 2280 οῦν
2840 2226 3041 2295 ἀγαθόν
3072 2244 3124 2279 τι
3162 2230 3189 2280 6
3218 2226 3420 2297 κόσμος
3451 2227 3734 2297 ὁμολογεῖ-

2156 2340 2264 2384 ται,
2286 2320 2576 2390 ἀπεδείχθη
2610 2320 2665 2372 δὲ
2689 2320 2774 2373 διὰ
2799 2320 2905 2373 τῶν
2931 2320 3231 2391 εἰρημένων
3250 2319 3343 2371 τοῦ
3372 2320 3540 2386 Λόγου
3569 2320 3734 2388 ἔργον

2156 2415 2246 2466 τὸν
2277 2414 2477 2483 κόσμον
2510 2408 2675 2477 εἶναι,
2712 2411 2803 2464 τοῦ
2834 2412 2895 2464 τὸ
2914 2411 3113 2479 ἀγαθὸν
3139 2412 3231 2463 καὶ
3266 2410 3607 2481 αἱρουμένου,
3639 2411 3735 2463 καὶ

2157 2506 2452 2575 δυναμένου
2486 2523 2497 2535 ·
2534 2507 2561 2557 6
2598 2504 2653 2555 δὲ
2683 2504 2851 2570 Λόγος
2890 2498 3040 2565 οὗτος
3079 2502 3263 2571 ἕτερός
3310 2503 3425 2553 ἐστι
3460 2502 3609 2571 παρά
3644 2501 3734 2553 τὸν

2134 2592 2218 2651 ,οῦ
2247 2599 2361 2649 ἐστι
2398 2596 2585 2663 Λόγος.
2617 2596 2827 2665 Τρόπον
2872 2594 2977 2664 γάρ
3014 2612 3136 2647 τινα
3169 2593 3276 2645 τῶν
3308 2592 3441 2662 πρός
3481 2609 3530 2644 τι
3581 2593 3738 2659 λεγο-

2165 2689 2339 2758 μένων
2364 2688 2458 2741 καὶ
2477 2688 2633 2740 τοῦτό
2662 2688 2826 2740 ἐστιν.
2861 2688 3076 2756 Ἐπειδὴ
3101 2688 3204 2757 χρὴ
3227 2687 3440 2747 πάντως
3470 2685 3545 2755 τῷ
3575 2686 3739 2754 Λόγῳ

2162 2781 2255 2831 καὶ
2288 2779 2377 2831 τὸν
2403 2778 2621 2848 Πατέρα
2645 2776 2737 2830 τοῦ
2794 2779 2966 2844 Λόγου
3003 2776 3489 2830 συνυπακούεσθαι.
3522 2775 3597 2828 Οὑ
3628 2776 3738 2845 γάρ
3796 2796 3803 2805 ι

2164 2870 2229 2923 ἂν
2262 2869 2348 2938 εἴη
2371 2870 2561 2937 Λόγος,
2588 2871 2660 2939 μή
2689 2887 2831 2932 τινος
2856 2869 2931 2921 ῶν
2962 2870 3148 2938 Λόγος.
3173 2868 3235 2921 Ei
3265 2864 3355 2921 οῦν
3387 2866 3636 2939 διακρίνῃ
3658 2866 3739 2935 τῷ

2165 2960 2394 3031 σχετικῷ
2422 2965 2519 3030 τῆς
2555 2960 2880 3030 σημασίαςὴ
2914 2962 3022 3013 τῶν
3052 2961 3355 3013 ἀκουόντων
3388 2959 3612 3018 διάνοια,
3635 2958 3737 3010 αὑ-

2164 3055 2254 3107 τόν
2276 3071 2334 3105 τε
2370 3053 2460 3105 τὸν
2483 3054 2683 3121 Λόγον,
2707 3054 2798 3105 καὶ
2826 3053 2915 3104 τὸν
2944 3052 3064 3105 ὅθεν
3104 3052 3269 3112 ἐστὶν,
3310 3051 3484 3102 οὐκέτ’
3515 3050 3579 3103 ἂν
3609 3052 3739 3120 ἡμῖν

2166 3146 2463 3199 κινδυνεύει
2494 3146 2554 3197 τὸ
2590 3147 2883 3215 μυστήριον
2921 3148 3038 3207 ταῖς
3072 3143 3406 3212 Ἑλληνικαῖς
3431 3142 3739 3211 μαχόμενον

2167 3238 2462 3308 ὑπολήψεσι
2490 3241 2599 3299 τοῖς
2632 3254 2688 3289 τε
2740 3236 3002 3288 Ἰουδαίων
3028 3233 3382 3305 πρεσϐεύουσι
3425 3233 3742 3303 συνενεχθῆ-

2167 3348 2254 3383 ναι
2280 3346 2293 3359 '
2334 3330 2446 3383 ἀλλ’
2482 3328 2673 3398 ἐπίσης
2704 3328 2975 3397 ἑκατέρων
3007 3325 3104 3396 τὴν
3141 3326 3367 3379 ἀτοπίαν
3395 3324 3739 3393 ἐκφεύξεται,

2169 3424 2227 3477 τό
2244 3440 2303 3475 τε
2322 3422 2499 3485 ζῶντα
2528 3418 2622 3473 τοῦ
2655 3420 2790 3473 Θεοῦ
2815 3420 3003 3485 Λόγον,
3040 3419 3132 3470 καὶ
3153 3418 3370 3488 ἐνεργὸν
3399 3420 3490 3470 καὶ
3526 3436 3742 3488 ποιητι-

2156 3517 2263 3569 κὸν
2315 3513 2622 3585 ὁμολογῶνο
2655 3514 2792 3582 ὅπερ
2830 3512 2859 3561 ό
2905 3509 3149 3571 Ἰουδαῖος
3184 3510 3243 3561 οὑ
3289 3510 3523 3577 δέχεταυ
3556 3510 3649 3563 καὶ
3680 3511 3743 3562 τὸ

2174 3608 2248 3677 μὴ
2270 3604 2598 3676 διαφθείρειν
2629 3606 2648 3626 ‘
2678 3603 2819 3656 κατά
2846 3602 2946 3673 τὴν
2969 3601 3128 3670 φύσιν
3150 3602 3311 3654 αὑτόν
3347 3619 3405 3654 τε
3428 3602 3517 3653 τὸν
3544 3603 3740 3668 Λόγον,

2171 3697 2265 3750 καὶ
2292 3697 2381 3749 τὸν
2404 3696 2524 3748 ὅθεν
2564 3693 2727 3747 ἐστίν.
2765 3694 2975 3765 Ὠσπερ
3005 3693 3112 3763 γὰρ
3149 3694 3212 3745 ὲκ
3240 3693 3333 3745 τοῦ
3359 3692 3449 3745 νοῦ
3477 3694 3560 3760 ἐφ’
3586 3693 3744 3763 ἡμῶν

2173 3804 2350 3858 φαμεν
2372 3781 2512 3839 εἶναι
2550 3785 2640 3837 τὸν
2669 3785 2844 3853 λόγον,
2872 3784 2994 3837 οὔτε
3027 3784 3092 3837 δι’
3128 3785 3249 3838 δλου
3289 3784 3379 3837 τὸν
3414 3784 3574 3837 αὑτὸν
3603 3779 3745 3837 εἶναι

2171 3878 2248 3949 τῷ
2286 3878 2381 3948 νῷ,
2410 3876 2530 3931 οὔτε
2560 3876 2898 3931 παντάπασιν
2928 3876 3110 3945 ἕτερον
3130 3893 3143 3907 ’
3171 3878 3232 3929 τὸ
3262 3877 3358 3946 μὲν
3382 3877 3490 3947 γὰρ
3512 3876 3569 3941 ἐξ
3598 3875 3747 3927 ὲκεί-

2172 3990 2262 4023 νου
2307 3966 2467 4034 εἶναι,
2501 3970 2633 4023 ἄλλο
2664 3986 2716 4021 τι
2740 3970 2831 4021 καὶ
2863 3969 2962 4021 οὑκ
2986 3968 3161 4020 ἐκεῖνό
3189 3970 3323 4020 ἐστι’
3359 3968 3419 4020 τὸ
3459 3968 3620 4021 αὑτὸν
3651 3967 3747 4019 τὸν

2173 4062 2297 4115 νοῦν
2336 4064 2413 4125 είς
2466 4062 2526 4115 τὸ
2572 4062 2807 4130 ἐμφανὲς
2846 4060 3035 4128 ἄγειν,
3072 4062 3249 4113 οὐκέτ’
3282 4061 3347 4114 ἂν
3396 4062 3579 4131 ἕτερον
3614 4060 3746 4130 παρ’

2175 4157 2347 4207 έκεῖνο
2376 4155 2670 4217 ὑπονοοῖτο,
2706 4152 2841 4206 ἀ)λά
2875 4154 3013 4207 κατά
3048 4154 3146 4225 τὴν
3176 4153 3335 4222 φύσιν
3362 4152 3419 4204 ἓν
3442 4152 3531 4217 δν,
3563 4153 3749 4224 ἕτερον

2175 4245 2251 4315 τῷ
2276 4244 2617 4314 ὑποκειμένῳ
2662 4245 2808 4299 ἐστίν
2828 4262 2841 4276 ’
2878 4244 3049 4308 οὕτως
3076 4246 3167 4297 καὶ
3194 4247 3222 4297 6
3246 4244 3338 4297 τοῦ
3384 4243 3517 4296 Θεοῦ
3552 4244 3746 4311 Λόγος,

2176 4336 2254 4407 τῷ
2284 4338 2381 4406 μὲν
2411 4337 2703 4405 ὑφεστάναι
2732 4336 2851 4390 καθ’
2883 4337 3069 4389 ἑαυτὸν
3101 4336 3351 4407 διῄρηται
3384 4335 3517 4406 πρὸς
3541 4336 3750 4387 ἐκεῖνον

2181 4428 2308 4497 παρ’
2334 4420 2394 4480 οὗ
2438 4427 2533 4495 τὴν
2564 4428 2858 4482 ὑπόστασιν
2894 4428 3005 4499 ἔχει
3034 4446 3049 4460 ο
3077 4429 3153 4498 τῷ
3186 4428 3243 4481 δὲ
3285 4428 3454 4481 ταῦτα
3486 4426 3749 4480 δεικνύειν

513 4536 579 4573 ex
608 4534 718 4588 quo
757 4518 995 4572 exsistit.
1023 4515 1306 4582 Quomodo
1329 4516 1474 4569 enim
1511 4516 1565 4567 in
1636 4514 1790 4569 nobis
1854 4514 2059 4568 verbun

2182 4521 2239 4572 ὲν
2270 4520 2465 4591 ἑαυτῷ,
2496 4520 2531 4575 ὃ.
2562 4522 2688 4590 περὶ
2719 4522 2809 4575 τὸν
2847 4523 2977 4575 Θεὸν
3029 4522 3345 4591 καθορᾶται,
3379 4523 3408 4573 6
3432 4520 3591 4584 αὐτός
3632 4522 3749 4573 ἐστι

515 4627 608 4665 seu
636 4611 899 4665 rationem
940 4625 1003 4663 ex
1040 4617 1219 4662 mente
1254 4622 1377 4662 esse
1401 4607 1676 4672 dicimus;
1711 4623 1886 4675 neque
1909 4606 2077 4659 omni-

516 4715 589 4753 no
647 4699 823 4768 ipsnm
870 4698 1010 4752 idem
1051 4712 1173 4752 esse
1228 4696 1371 4766 quod
1429 4706 1683 4759 mentem,
1723 4711 1821 4749 nec
1860 4696 2080 4748 omnino

517 4792 784 4851 alterum;
845 4805 967 4843 nam
1027 4805 1092 4843 ex
1147 4788 1239 4842 illo
1284 4787 1501 4857 quidem
1559 4804 1703 4851 esse,
1742 4797 1826 4843 est
1877 4788 2081 4858 aliquid

518 4882 687 4944 aliud,
718 4891 772 4935 et
802 4896 908 4934 non
943 4881 1113 4945 illud;
1147 4880 1290 4947 quod
1333 4888 1509 4930 autem
1547 4880 1717 4947 ipsam
1751 4889 1983 4933 mentem
2025 4880 2078 4933 in

520 4986 767 5042 apertum
806 4970 1063 5041 proferat,
1095 4986 1199 5023 non
1225 4972 1411 5037 utique
1437 4969 1732 5022 existimari
1763 4970 1935 5039 possit
1958 4986 2079 5025 esse

522 5062 667 5114 aliud
708 5062 776 5113 ab
805 5062 915 5122 illo,
950 5061 1042 5114 sed
1077 5075 1199 5112 eum
1230 5060 1301 5114 sit
1336 5074 1502 5111 unum
1557 5066 1773 5117 natura.
1835 5059 2079 5129 subjecto

521 5158 604 5203 est
636 5150 817 5204 aliud:
852 5152 925 5203 ita
960 5150 1121 5203 etiam
1161 5148 1252 5201 Dei
1283 5146 1545 5210 Verbum,
1577 5162 1642 5202 eo
1683 5148 1899 5217 quidem
1935 5153 2077 5219 quod

2153 4611 2321 4697 κκατὰ
2336 4611 2432 4682 τὴν
2455 4610 2618 4680 φύσιν
2648 4614 2839 4683 ἐκείνῳ
2873 4612 2950 4683 τῷ
2977 4612 3063 4666 διά
3089 4612 3196 4665 τῶν
3230 4612 3409 4665 αὑτῶν
3434 4612 3749 4681 γνωρισμά-

2182 4717 2290 4752 των
2322 4702 2711 4774 εὑρισκομένῳ.
2748 4705 2869 4757 Εἴτε
2901 4705 3006 4775 γὰρ
3039 4705 3339 4775 ἁγαθότης,
3368 4704 3475 4756 εἴτε
3501 4703 3749 4773 δύναμις,

2186 4794 2294 4844 είτε
2327 4794 2506 4863 σοφία,
2546 4795 2653 4848 εἴτε
2682 4795 2741 4847 τὸ
2790 4797 2972 4860 ἀῖδίως
3000 4792 3158 4861 εἶναι,
3203 4798 3311 4850 εἴτε
3341 4796 3402 4849 τὸ
3429 4796 3625 4857 κακίας
3657 4795 3753 4848 καὶ

2186 4886 2413 4940 θανάτου
2464 4889 2559 4941 xui.
2591 4889 2795 4961 φθορᾶς
2824 4890 3199 4953 ἀνεπίδεκτον,
3231 4890 3339 4941 εἴτε
3385 4888 3445 4940 τὸ
3491 4888 3548 4940 ὲν
3591 4888 3753 4940 παντὶ

2170 4975 2418 5040 -τέλειον,
2453 4977 2560 5030 εἴτε
2591 4995 2644 5031 τι
2695 4979 2933 5032 τοιοῦτον
2964 4981 3099 5041 ὅλως
3144 4982 3367 5049 σημεῖον
3408 4982 3610 5032 ποιοῖτο
3652 4979 3754 5047 τῆς

2186 5066 2278 5118 τοῦ
2330 5067 2540 5137 Πατρδς
2590 5070 2976 5140 καταλήψεως,
3007 5071 3097 5124 διὰ
3144 5071 3249 5123 τῶν
3294 5070 3471 5124 αὑτῶν
3502 5070 3754 5141 εὑρήσεις

2188 5160 2427 5228 σημείων
2456 5163 2550 5215 xui.
2575 5162 2665 5216 τὸν
2698 5163 2756 5227 ἐξ
2778 5164 2983 5216 ἐκείνου
3024 5162 3306 5231 ὑφεστῶτα
3336 5165 3525 5231 Λόγον.

524 5255 621 5311 per
657 5257 716 5297 se
746 5242 1021 5303 consistit,
1059 5240 1375 5295 distinctum
1428 5250 1511 5296 est
1545 5255 1608 5294 ac
1642 5240 1879 5295 divisum
1917 5245 1987 5298 ab
2019 5245 2113 5299 illo
2152 5264 2219 5304 ex
2276 5266 2386 5320 quo
2423 5252 2585 5307 habet
2623 5256 2765 5325 quod
2812 5254 3105 5321 consistit;
3156 5270 3220 5311 eo
3273 5264 3453 5310 autem
3520 5252 3666 5323 quod
3702 5252 3755 5306 in

524 5336 705 5401 scipso
730 5335 819 5386 illa
851 5332 1087 5387 ostendit
1115 5348 1234 5403 qum
1266 5340 1563 5387 cernuntur
1590 5334 1643 5387 in
1710 5334 1836 5398 Deo,
1872 5336 2013 5391 idem
2056 5350 2139 5395 est
2179 5345 2475 5398 secundum
2542 5356 2790 5402 naturam
2863 5347 3011 5418 quod
3079 5347 3165 5403 ille
3229 5347 3322 5418 qui
3358 5348 3634 5403 invenitur
3661 5360 3755 5414 per

524 5420 711 5521 eadem
743 5422 895 5491 signa
921 5430 973 5475 et
1006 5422 1204 5521 indicia
1235 5422 1431 5490 quibus
1458 5423 1829 5492 cognoscitur.
1859 5427 1984 5481 Sive
2036 5430 2180 5483 enim
2212 5432 2450 5499 bonitas,
2492 5436 2605 5491 sive
2658 5440 2919 5507 potentia,
2954 5438 3071 5492 sive
3125 5438 3415 5508 sapientia,
3454 5438 3567 5494 sive
3627 5449 3752 5492 esse

527 5511 952 5579 sempiternum,
1016 5511 1130 5565 sive
1185 5511 1238 5564 in
1297 5526 1419 5565 eum
1452 5526 1559 5567 non
1621 5515 1816 5570 cadere
1879 5517 2091 5583 vitium,
2146 5530 2375 5577 mortem
2436 5535 2490 5580 et
2536 5528 2835 5594 interitum,
2880 5529 2993 5583 sive
3023 5543 3145 5584 esse
3177 5532 3403 5584 omnino
3434 5529 3753 5601 perfectum,

527 5604 641 5658 sive
700 5604 829 5674 quid
892 5602 1040 5657 aliud
1109 5603 1372 5674 ejusmodi
1405 5604 1476 5657 sit
1527 5605 1740 5674 signum
1804 5623 1914 5677 quo
1963 5612 2445 5680 comprehenditur
2475 5614 2654 5681 Pater,
2692 5629 2788 5686 per
2831 5617 3017 5673 eadem
3049 5618 3206 5688 signa
3239 5620 3485 5676 invenies
3515 5618 3753 5675 Verbum

527 5711 744 5768 quoque
772 5698 915 5766 quod
947 5711 1009 5751 ex
1044 5697 1134 5749 illo
1165 5696 1437 5751 consistit.
