3978 6504
258 386 323 441 l7
1467 374 1727 431 ORATIO
1767 369 2265 428 CATECIIETICA.
3425 377 3493 432 is

876 494 1101 548 ΚΕΦΑΛ
1114 533 1125 544 .
1162 493 1234 545 Β’.

323 590 538 659 Ὠσπερ
566 588 625 641 δὲ
648 588 739 640 τὸν
767 586 938 655 Λόγον
967 588 1030 639 ὲκ
1057 585 1165 637 τῶν
1191 572 1311 636 καθ’
1340 584 1486 654 ἡμᾶς
1507 580 1839 647 ἁναλογικῶς

257 685 345 737 ἐπὶ
377 682 479 751 τῆς
496 677 903 750 ὑπερκειμένης
931 676 1174 746 ἔγνωμεν
1201 674 1433 744 φύσεως,
1458 673 1597 726 κατὰ
1620 672 1708 725 τὸν
1742 672 1837 724 αύ-

255 778 341 829 τδν
367 775 592 847 τρόπον,
630 772 725 826 καὶ
747 774 811 841 τῇ
842 769 971 840 περὶ
999 768 1091 821 τοῦ
1124 767 1437 837 Πνεύματος
1462 765 1641 837 ἐννοίᾳ
1678 782 1840 836 προσ-

255 863 623 935 αχθησόμεθα,
648 862 805 923 σκιάς
825 878 975 922 τινας
1002 860 1094 912 καὶ
1125 862 1414 929 μιμήματα
1434 856 1533 926 τῆς
1562 854 1839 924 ἁφράστου

255 955 536 1024 δυνάμεως
566 955 623 1005 ὲν
652 954 719 1022 τῇ
751 951 869 1004 καθ’
902 950 1048 1019 ἡμᾶς
1095 948 1425 1018 θεωροῦντες
1464 945 1643 1015 φύσει.
1700 946 1839 997 Ἀλλ’

256 1046 515 1116 ἐφ’ἡμῶν
549 1045 647 1115 μὲν
695 1043 757 1096 τὸ
793 1042 1051 1113 ’πνεῦμα,
1074 1043 1107 1111 ἡ
1148 1042 1241 1094 τοῦ
1290 1041 1451 1112 ἀέρος
1502 1040 1649 1093 ἐστὶν
1684 1039 1835 1110 ὁλκὴν

256 1138 537 1207 ἀλλοτρίου
568 1136 912 1207 πράγματος,
942 1135 1077 1205 πρὸς
1097 1134 1196 1204 τὴν
1227 1132 1320 1187 τοῦ
1358 1130 1607 1201 σώματος
1641 1131 1838 1183 σύστα-

260 1243 341 1279 σιν
365 1225 679 1292 ἀναγκαίως
703 1222 1079 1293 είσελκομένου
1104 1238 1163 1275 τε
1181 1221 1275 1275 καὶ
1300 1219 1688 1293 προχεομένου,
1704 1220 1840 1290 ὅπερ

259 1320 315 1371 ἐν
343 1317 423 1387 τῷ
459 1317 635 1387 καιρῴ
656 1316 756 1386 τῆς
788 1315 1151 1385 ἐκφωνήσεως
1179 1312 1272 1366 τοῦ
1317 1312 1499 1380 λόγου,
1523 1312 1673 1382 φωνὴ
1697 1310 1841 1379 γίνε-

261 1408 489 1477 ται,τήν
518 1406 614 1459 τοῦ
649 1403 808 1473 λόγου
842 1403 1067 1473 δύναμιν
1088 1404 1143 1455 ἐν
1171 1402 1334 1470 ἑαυτῇ
1366 1399 1690 1471 φανεροῦσα.
1720 1397 1841 1450 Ἐπὶ

261 1500 315 1551 δὲ
341 1500 443 1569 τῆς
484 1498 635 1559 θείας
668 1495 884 1565 φύσεως
916 1494 977 1547 τὸ
1007 1493 1104 1565 μὲν
1126 1488 1264 1545 εἶναι
1290 1491 1513 1561 Πνεῦμα
1558 1490 1713 1553 Θεοῦ,
1747 1490 1839 1542 εύ-

265 1590 418 1652 σεϐὲς
450 1586 711 1658 ἐνομίσθη
731 1626 746 1650 ,
782 1582 965 1647 καθὼς
994 1583 1151 1653 ἐδόθη
1189 1582 1282 1635 καὶ
1310 1583 1483 1650 Λόγος
1514 1577 1653 1634 εῖναι
1682 1580 1837 1643 Θεοῦ,

263 1682 347 1734 διὰ
375 1680 440 1733 τὸ
472 1681 548 1751 μὴ
582 1679 692 1731 δεῖν
720 1677 1125 1746 ὲλλειπέστερον
1146 1675 1238 1729 τοῦ
1262 1675 1531 1747 ἡμετέρου
1564 1674 1722 1743 λόγου
1751 1674 1840 1727 τὸν

263 1772 352 1824 τοῦ
385 1771 523 1824 Θεοῦ
556 1766 695 1823 εἶναι
725 1770 896 1837 Λόγον
918 1785 929 1797 ·
962 1769 1119 1839 εῖπερ
1148 1769 1339 1820 τούτου
1373 1767 1509 1837 μετὰ
1541 1765 1634 1819 τοῦ
1682 1767 1842 1819 πνεύ-

268 1878 433 1933 ματος
482 1860 897 1932 θεωρουμένου,
931 1861 1134 1923 ἐκεῖνος
1172 1859 1295 1930 δίχα
1398 1858 1663 1929 νεύματος
1704 1854 1843 1912 εἶναι

266 1952 593 2007 πιστεύοιτο.
650 1952 723 2004 οὑ
781 1950 886 2022 μὴν
929 1950 1206 2021 ἀλλότριον
1264 1949 1384 2004 καθ’
1421 1949 1709 2021 ὁμοιότητα
1749 1949 1842 2003 τοῦ

264 2044 535 2113 ἡμετέρου
592 2042 902 2111 πνεύματος
943 2041 1139 2105 ἔξωθεν
1183 2042 1455 2111 ἐπεισρεῖν
1484 2041 1561 2111 τῷ
1584 2041 1722 2113 Θεῷ,
1750 2043 1845 2095 καὶ

267 2134 323 2183 ὲν
340 2129 490 2200 αὑτῷ
513 2130 760 2199 γίνεσθαι
784 2131 845 2183 τὸ
866 2131 1111 2201 Πνεῦμα,
1128 2131 1427 2202 θεοπρεπὲς
1449 2134 1595 2185 ἐστιν
1617 2132 1842 2187 οἴεσθαι.

280 2224 414 2275 Ἀλλ’
436 2222 513 2288 ὡς
534 2222 670 2277 Θεοῦ
709 2224 881 2292 Λόγον
900 2224 1249 2288 ἀκούσαντες,
1273 2225 1370 2276 οὑκ
1403 2225 1771 2279 ἀνυπόστατόν
1795 2245 1846 2281 τι

271 2316 503 2385 πρᾶγμα
532 2315 624 2368 τὸν
667 2315 837 2383 Λόγον
881 2315 1158 2386 ᾠήθημεν,
1188 2316 1306 2369 οὑδὲ
1340 2318 1403 2368 ὲκ
1435 2316 1723 2387 μαθήσεως
1752 2318 1844 2384 ὲγ-

268 2405 611 2473 γιγνόμενον,
637 2404 756 2457 οὑδὲ
786 2404 873 2457 διὰ
893 2405 1077 2476 φωνῆς
1108 2405 1531 2477 προφερόμενον,
1560 2407 1679 2460 οὑδὲ
1711 2409 1847 2479 μετὰ

268 2500 325 2551 τὸ
354 2498 750 2569 προενεχθῆναι
782 2498 1149 2570 διαλυόμενον,
1191 2500 1311 2553 οὑδὲ
1334 2500 1460 2555 ἄλλο
1493 2520 1546 2555 τι
1573 2502 1848 2573 πάσχοντα

268 2589 523 2651 τοιοῦτον,
540 2584 629 2642 οἶα
654 2590 780 2660 περὶ
802 2591 891 2642 τὸν
912 2591 1176 2663 ἡμέτερον
1196 2592 1353 2660 λόγον
1376 2592 1657 2666 θεωρεῖται
1677 2596 1847 2667 πάθη,

269 2680 380 2733 ἀλλ’
412 2680 688 2743 οὑσιωδῶς
719 2681 1022 2749 ὑφεστῶτα,
1072 2684 1455 2753 προαιρετικὸν
1482 2702 1541 2737 τε
1575 2686 1669 2738 καὶ
1698 2688 1849 2758 ἐνερ-

269 2772 363 2839 γὸν
392 2772 485 2824 καὶ
524 2773 931 2843 παντοδύναμον
955 2789 968 2803 ·
1014 2772 1158 2827 οὑτω
1190 2776 1283 2827 καὶ
1328 2776 1551 2847 Πνεῦμα
1599 2777 1849 2848 μεμαθη-

271 2864 422 2925 κότες
451 2863 610 2927 Θεοῦ,
642 2864 703 2916 τὸ
731 2865 1228 2937 συμπαρομαρτοῦν
1253 2866 1332 2937 τῷ
1368 2868 1545 2938 Λόγῳ,
1568 2871 1661 2923 καὶ¹
1692 2887 1855 2937 φανε-

278 2954 403 3026 ροῦν
425 2954 586 3007 αὑτοῦ
616 2957 716 3025 τὴν
754 2957 1052 3027 ἐνέργειαν,
1076 2958 1135 3009 οὑ
1160 2959 1325 3029 πνοὴν
1347 2958 1617 3029 ἄσθματος
1647 2960 1856 3013 ἐννοοῦ-

278 3061 398 3113 μεν.
436 3044 510 3097 Ἦ
532 3046 638 3115 γὰρ
665 3047 730 3097 ἂν
752 3046 1066 3117 καθαιροῖτο
1093 3048 1229 3119 πρὸς
1268 3050 1629 3120 ταπεινότητα
1660 3050 1721 3103 τὸ
1756 3069 1853 3121 με·

1862 494 1908 548 Α

2566 486 2792 543 CAPUT
2833 486 2893 540 ll.

2010 600 2291 666 Quomodo
2320 609 2499 655 autem
2526 616 2590 655 ex
2614 601 2680 655 iis
2711 618 2831 671 qua:
2865 607 2992 655 sunt
3022 601 3273 665 innohis,
3309 604 3498 657 analo-

1939 692 2057 762 gice
2079 691 2312 746 Verbum
2351 692 2706 762 cognovimus
2735 694 2789 745 in
2844 707 3094 761 suprema
3137 704 3348 757 natura,
3404 708 3499 747 eo-

1939 782 2062 837 dem
2088 783 2247 837 modo
2272 782 2433 837 etiam
2465 783 2801 837 adducemur
2832 784 2899 837 ad
2936 784 3205 838 notionem
3242 782 3501 853 Spiritus,

1940 872 2226 928 ineﬂ‘abilis
2266 874 2516 943 potentia:
2549 873 2769 927 umbras
2800 873 3063 939 quasdam
3099 882 3151 927 et
3207 874 3504 930 simulacra

1940 964 1994 1018 in
2021 973 2205 1019 nostra
2245 967 2675 1034 contemplantes
2706 974 2922 1019 natura.
2977 964 3081 1020 Sed
3112 967 3166 1019 in
3196 968 3354 1042 nqpis
3383 969 3506 1037 qui-

1941 1055 2060 1109 dem
2097 1055 2321 1124 spiritus
2372 1069 2456 1110 cSt
2509 1055 2649 1109 aeris
2693 1056 2963 1117 attractio,
2996 1056 3073 1109 rei
3123 1057 3333 1117 alienae,
3387 1073 3507 1126 qua:

1942 1147 2255 1201 necessario
2293 1146 2582 1200 attrahitur
2615 1154 2668 1199 et
2703 1145 3052 1215 profunditur
3114 1148 3181 1200 ad
3237 1150 3506 1203 crmstitu-

1944 1239 2143 1291 tionem
2185 1237 2451 1306 corporis,
2478 1252 2597 1307 quae
2630 1237 2872 1305 quidem,
2907 1237 3035 1291 dum
3060 1238 3281 1292 verbum
3304 1238 3509 1290 emitti-

1944 1337 2049 1393 tur,
2085 1328 2141 1381 lit
2176 1343 2299 1393 vox,
2326 1328 2378 1381 in
2425 1329 2603 1397 seipsa
2645 1328 2933 1383 declarans
2957 1329 3063 1382 vim
3096 1328 3268 1383 verbi.
3333 1326 3389 1381 ln
3426 1329 3509 1382 di-

1942 1422 2067 1473 vina
2087 1427 2269 1475 autem
2295 1428 2514 1484 natura,
2537 1435 2658 1475 esse
2682 1420 2899 1488 quidem
2928 1420 3018 1474 Dei
3052 1420 3335 1489 Spiritum,
3360 1423 3507 1490 pium

1942 1520 2025 1567 est
2057 1512 2447 1574 existimatum,
2483 1510 2756 1579 quomodo
2811 1508 2994 1563 datum
3034 1516 3119 1563 est
3170 1524 3293 1564 esse
3341 1509 3504 1562 etiam

1945 1601 2038 1656 Dei
2070 1600 2326 1665 Verbum,
2358 1610 2645 1671 propterea
2667 1600 2813 1669 quod
2839 1616 2948 1653 non
2982 1606 3231 1670 oporteat
3256 1598 3349 1654 Dei
3376 1598 3510 1653 Ver-

1945 1693 2070 1746 bum
2097 1691 2337 1747 deterius
2366 1708 2507 1757 esse,
2537 1700 2590 1746 et
2608 1693 2779 1762 magis
2812 1691 3041 1745 deﬁcere
3068 1706 3229 1761 quam
3259 1699 3509 1746 nostrum

1945 1786 2188 1846 verbum,
2213 1784 2478 1852 siquidem
2511 1799 2635 1837 cum
2668 1785 2770 1839 hoc
2795 1784 3173 1841 consideretur
3196 1800 3318 1839 cum
3358 1786 3513 1853 spiri-

1945 1885 2023 1938 tu,
2056 1876 2313 1930 credatur
2337 1876 2467 1929 illud
2496 1892 2617 1931 esse
2641 1877 2758 1931 sine
2797 1874 3026 1946 Spiritu.
3092 1875 3279 1946 Neque
3329 1886 3510 1931 tamen

1945 1967 2013 2021 ad
2061 1967 2235 2021 nostri
2296 1966 2522 2037 spiritus
2582 1966 2994 2022 similitudinem
3045 1968 3387 2022 extrinsecus
3443 1967 3511 2021 ad

1946 2058 2113 2113 Deum
2145 2058 2386 2121 allluere,
2418 2067 2471 2112 et
2499 2059 2552 2112 in
2576 2074 2642 2114 eo
2668 2058 2783 2114 ﬁeri
2812 2058 3099 2130 Spiritum,
3137 2060 3189 2114 id
3222 2060 3330 2114 Deo
3382 2078 3514 2115 con-

1945 2152 2131 2205 venire
2163 2149 2610 2205 existimandum.
2638 2151 2745 2205 Sed
2778 2152 3052 2222 quomodo
3084 2167 3208 2206 cum
3251 2152 3344 2205 Dei
3378 2150 3511 2207 Ver-

1949 2246 2075 2299 bmn
2110 2243 2533 2310 audivissemus,
2567 2258 2674 2297 non
2701 2258 2812 2297 rem
2835 2259 2957 2298 esse
2984 2245 3221 2314 aliquam
3257 2260 3377 2313 qua:
3405 2261 3514 2298 non

1948 2334 2234 2395 consistat,
2266 2334 2503 2389 Verbum
2561 2333 2906 2404 putavimus;
2947 2349 3122 2403 neque
3177 2333 3323 2403 quod
3385 2334 3517 2388 insit

1948 2441 2011 2480 ex
2043 2425 2351 2494 disciplina.
2385 2439 2561 2493 neque
2588 2424 2733 2494 quod
2776 2438 2912 2480 voce
2961 2423 3287 2494 proferatur,
3338 2439 3517 2493 neque

1949 2518 2093 2588 quod
2124 2533 2249 2573 cum
2273 2518 2435 2572 fuerit
2456 2517 2724 2586 prolatum
2750 2515 3101 2581 dissolvatur,
3136 2532 3313 2586 neque
3335 2517 3518 2587 aliquo

1951 2610 2059 2663 alio
2098 2608 2259 2663 modo
2282 2609 2356 2663 ita
2383 2608 2545 2672 allici,
2568 2622 2678 2677 quo
2701 2608 2947 2661 cernitur
2981 2606 3117 2661 allici
3168 2615 3354 2662 noster
3399 2623 3516 2666 ser—

1953 2716 2061 2765 mo,
2095 2701 2190 2756 sed
2214 2701 2534 2768 consistere,
2563 2707 2622 2753 ut
2650 2700 2725 2751 ita
2754 2698 2952 2763 dicam,
2976 2699 3359 2761 essentialiter,
3394 2699 3521 2752 vim-

1950 2808 2057 2860 que
2080 2791 2281 2846 habere
2302 2791 2556 2860 eligendi,
2608 2805 2838 2859 esseque
2892 2805 3128 2859 operans
3176 2801 3231 2846 et
3264 2792 3519 2861 omnipo-

1954 2895 2073 2937 tens
2099 2898 2113 2936 ε
2140 2883 2213 2935 ita
2248 2882 2411 2935 etiam
2436 2896 2562 2936 cum
2587 2879 2681 2935 Dei
2712 2880 2974 2950 Spiritum
3000 2878 3380 2944 didicerimus,
3424 2882 3518 2951 qui

1958 2974 2191 3030 Verbum
2226 2974 2599 3043 consequitur,
2631 2981 2685 3028 et
2710 2973 2829 3043 ejus
2862 2973 3104 3029 declarat
3128 2976 3519 3044 operationem,

1956 3084 2066 3121 non
2118 3066 2470 3134 intelligimus
2525 3064 2711 3119 ﬂatum
2764 3064 3070 3130 anhelitus;
3129 3065 3523 3134 deprimeretur

277 3136 488 3202 γαλεῖον
518 3136 620 3205 τῆς
671 3136 819 3201 θείας
849 3137 1161 3209 δυνάμεως,
1206 3141 1253 3192 εί
1285 3139 1407 3193 καθ’
1437 3141 1728 3213 ὁμοιότητα
1761 3141 1853 3196 τοῦ

1958 3158 2104 3212 enim
2135 3164 2188 3211 et
2221 3154 2288 3210 ad
2344 3156 2567 3209 nimiam
2599 3154 2978 3210 demitteretur
3012 3154 3368 3237 humilitatem
3408 3170 3523 3209 ma-

278 3228 567 3297 ήμετέρου,
594 3228 690 3281 καί⁵
726 3229 787 3281 τὸ
831 3230 888 3281 ὲν
917 3230 1064 3300 αὑτῷ
1109 3230 1333 3301 Πνεῦμα
1377 3230 1652 3286 ὑπονοοῖτο
1681 3249 1694 3263 °
1719 3233 1853 3288 ἀλλὰ

1958 3249 2185 3320 gnitudo
2218 3247 2415 3303 divina:
2444 3246 2720 3317 potentiaz,
2756 3246 2803 3302 si
2829 3246 2923 3315 qui
2950 3248 3007 3300 in
3031 3230 3206 3302 eo‘est
3263 3246 3521 3316 Spiritus,

278 3319 504 3388 δύναμιν
534 3319 767 3389 οὑσιώδη
800 3321 967 3391 αὑτὴν
1006 3323 1090 3390 ἐφ’
1110 3323 1307 3393 ὲαυτῆς
1335 3324 1392 3375 ὲν
1419 3322 1690 3395 ίδιαζούσῃ
1721 3325 1853 3378 ὑπο-

1958 3319 2365 3397 existimaretur
2387 3354 2510 3394 esse
2540 3338 2720 3392 instar
2773 3340 2985 3394 nostri:
3046 3339 3139 3395 sed
3178 3338 3523 3394 essentialem

281 3413 466 3465 στάσει
511 3412 916 3483 θεωρουμένην,
956 3412 1079 3466 οὔτε
1110 3415 1443 3485 χωρισθῆναι
1487 3416 1581 3469 τοῦ
1619 3416 1753 3469 Θεοῦ
1800 3418 1853 3470 ὲν

1959 3429 2273 3499 potentiam,
2332 3442 2452 3498 qua:
2513 3426 2629 3497 ipsa
2680 3426 2736 3481 in
2770 3428 2948 3497 scipsa
3029 3427 3410 3482 consideratur
3469 3428 3525 3483 in

278 3498 321 3572 ᾧ
342 3506 511 3566 ἐστιν,
545 3503 579 3573 ἢ
611 3503 703 3556 τοῦ
733 3505 904 3573 Λόγου
950 3505 1044 3558 τοῦ
1086 3506 1219 3559 Θεοῦ
1252 3500 1296 3575 ᾧ
1329 3512 1668 3579 παρομαρτεῖ
1697 3508 1853 3561 δυνα-

1959 3498 2175 3590 propria
2199 3517 2476 3589 bybostasi
2507 3532 2571 3571 ac
2596 3518 2974 3583 consistentia,
3005 3532 3183 3585 neque
3228 3525 3407 3586 potest
3435 3530 3526 3570 se-

284 3595 451 3665 μένην
472 3635 487 3657 ,
519 3595 644 3648 οὑτε
694 3596 829 3666 πρὸς
858 3598 917 3649 τὸ
940 3597 1286 3669 ἀνύπαρκτον
1316 3600 1703 3671 ἀναχεομένην,
1723 3601 1853 3655 ἀλλὰ

1962 3611 2142 3680 parari
2174 3624 2203 3662 a
2237 3607 2345 3663 Deo
2369 3608 2423 3661 in
2451 3622 2560 3677 quo
2589 3615 2695 3673 est,
2725 3614 2818 3661 aut
2847 3622 2876 3660 a
2910 3606 3087 3661 Verbo
3109 3606 3202 3661 Dei
3227 3605 3372 3676 quod
3395 3619 3524 3660 con-

285 3683 400 3734 καθ¹
417 3683 714 3754 ὁμοιότητα
742 3685 836 3737 τοῦ
864 3685 999 3739 Θεοῦ
1029 3687 1201 3755 Λόγου
1229 3688 1347 3741 καθ’
1379 3690 1675 3743 ὑπόστασιν
1699 3688 1853 3743 οὖσαν

1963 3700 2243 3769 sequitur:
2278 3712 2454 3766 neque
2491 3696 2557 3751 ad
2588 3696 2691 3750 hoc
2723 3704 2780 3749 ut
2806 3711 2916 3750 non
2945 3696 3036 3762 sit,
3060 3695 3379 3759 effunditur,
3407 3695 3529 3759 sed,

286 3775 693 3845 προαιρετικὴν,
724 3778 1090 3849 αὐτοκίνητον,
1116 3779 1362 3851 ἐνεργὸν,
1396 3782 1621 3835 πάντοτε
1645 3785 1705 3835 τὸ
1724 3784 1851 3851 ἀγα-

290 3866 377 3918 θὸν
409 3868 767 3938 αἱρουμένην,
792 3870 885 3922 καὶ
907 3871 1041 3941 πρὸς
1076 3872 1253 3925 πᾶσαν
1283 3873 1538 3943 πρόθεσιν
1570 3876 1861 3947 σύνδρομον

288 3962 483 4029 ἔχουσα
518 3959 597 4033 [ν]
625 3964 692 4032 τῇ
722 3961 971 4033 βουλήσει
1003 3965 1101 4035 τὴν
1128 3964 1371 4035 δύναμιν.

903 4141 1152 4195 ΚΕΦΛΛ.
1186 4143 1261 4195 Γ’.

361 4228 528 4281 Ὠστε
556 4228 649 4281 τὸν
682 4230 923 4303 ἀκριϐῶς
950 4232 1017 4288 τὰ
1048 4232 1183 4303 βάθη
1207 4232 1298 4287 τοῦ
1322 4234 1622 4307 μυστηρίου
1651 4236 1865 4291 διασκο-

292 4322 584 4392 πούμενον,
613 4324 671 4375 ὲν
720 4324 817 4391 μὲν
850 4325 914 4395 τῇ
967 4324 1110 4397 ψυχῇ
1145 4326 1286 4379 κατὰ
1315 4326 1375 4379 τὸ
1403 4327 1716 4399 ἀπόρρητον
1767 4348 1865 4400 με·

293 4412 448 4483 τρίαν
465 4412 592 4465 τινὰ
620 4414 942 4485 κατανόησιν
971 4415 1070 4486 τῆς
1090 4416 1230 4469 κατὰ
1255 4416 1354 4488 τὴν
1381 4416 1707 4487 θεογνωσίαν
1726 4419 1867 4473 διδα-

1962 3792 2029 3845 ad
2063 3790 2153 3843 Dei
2192 3787 2354 3843 Verbi
2405 3787 2837 3851 similitudinem,
2896 3788 3065 3841 estin
3116 3786 3394 3855 bypostasi
3428 3786 3500 3839 eli

1962 3880 2121 3951 gendi
2152 3881 2203 3933 vi
2232 3879 2456 3949 praedita
2491 3894 2587 3949 per
2610 3894 2668 3933 se
2695 3879 2904 3943 mobili,
2937 3886 3217 3948 Operante,
3237 3886 3290 3931 et
3316 3891 3532 3945 semper

1965 3968 2167 4021 bonum
2197 3965 2450 4036 eligente,
2482 3973 2537 4019 et
2570 3965 2637 4019 ad
2676 3981 2836 4020 omne
2868 3965 3204 4036 propositum
3258 3980 3382 4019 cum
3438 3982 3534 4019 vo-

1969 4053 2175 4107 luntate
2200 4062 2616 4108 concurrentem
2651 4054 2883 4109 habente
2914 4054 3229 4124 potentiam.

2552 4140 2779 4197 CAPUT
2824 4141 2911 4199 ΙΙΙ.

2037 4237 2138 4302 Qui
2163 4238 2344 4306 itaque
2369 4234 2653 4304 diligenter
2675 4244 2731 4289 et
2755 4242 3009 4290 accurate
3040 4233 3391 4291 considerant
3415 4252 3531 4309 my-

1968 4331 2117 4385 sterii
2144 4328 2572 4400 profunditatem
2594 4367 2609 4393 ,
2631 4329 2687 4382 in
2714 4329 2897 4382 anima
2917 4327 3139 4398 quidem
3171 4343 3372 4383 arcana
3393 4345 3531 4400 qua-

1968 4422 2090 4476 dam
2127 4422 2338 4476 ratione
2389 4419 2721 4475 mediocrem
2766 4419 2966 4489 accipit
2997 4420 3412 4490 intelligentiam
3445 4421 3537 4473 do-

296 4506 520 4569 σκαλίας
547 4506 755 4571 λαϐεῖν,
788 4507 862 4579 μή
890 4509 1069 4578 μέντοι
1099 4509 1354 4563 δύνασθαι
1374 4510 1514 4581 λόγῳ
1538 4512 1853 4584 διασαφῆσαι

1969 4514 2160 4566 ctrinae
2197 4511 2291 4566 Dei
2319 4510 2648 4581 COgnitionis
2670 4547 2686 4572 ,
2719 4510 2968 4564 oratione
2991 4518 3172 4564 tamen
3208 4524 3318 4563 non
3359 4518 3538 4579 potest

292 4598 389 4669 τήν
421 4599 800 4669 ἀνέκφραστον
842 4601 1046 4673 ταύτην
1073 4602 1165 4655 τοῦ
1209 4604 1506 4675 μυστηρίου
1548 4604 1821 4677 βαθύτητα
1849 4624 1865 4638 ’

296 4691 411 4753 πῶς
433 4691 497 4743 τὸ
523 4691 656 4743 αὑτὸ
696 4691 789 4743 καὶ
815 4692 1113 4762 ἀριθμητόν
1153 4693 1269 4747 ἐστι
1289 4732 1304 4756 ,
1336 4694 1429 4747 καὶ
1455 4694 1734 4766 διαφεύγει
1770 4697 1868 4765 τὴν

295 4783 674 4853 ἐξαρίθμησιν,
708 4783 799 4836 καὶ
827 4784 1169 4855 διηρημένως
1205 4786 1426 4856 ὁρᾶται,
1460 4788 1552 4841 καὶ
1590 4788 1648 4841 ἐν
1683 4789 1869 4859 μονάδι

297 4874 798 4943 καταλαμϐάνεται,
830 4877 923 4927 καὶ
956 4874 1294 4947 διακέκριται
1336 4880 1400 4947 τῇ
1432 4878 1744 4944 ὑποστάσει,
1776 4882 1870 4934 καὶ

296 4966 355 5017 οὑ
387 4965 718 5036 μεμέρισται
748 4964 825 5035 τῷ
855 4966 1216 5035 ὑποκειμένῳ,
1248 4966 1341 5018 καὶ
1373 4966 1499 5021 ἄλλο
1550 4968 1710 5022 πάλιν
1733 4971 1871 5023 ἐκεῖ·

296 5048 450 5117 νο,οὑ
480 5057 577 5109 καὶ
597 5058 625 5108 ό
644 5056 817 5124 Λόγος
849 5056 966 5108 ἐστὶ
991 5056 1086 5109 καὶ
1119 5056 1181 5108 τὸ
1217 5056 1459 5129 Πνεῦμα.
1492 5058 1629 5112 Ἀλλ’
1651 5061 1872 5114 ἐπειδὰν

296 5151 356 5203 τὸ
385 5150 799 5221 διακεκριμένον
823 5150 880 5202 ἐν
908 5149 1115 5214 τούτοις
1133 5154 1490 5223 κατανοήσῃς,
1522 5152 1680 5207 πάλιν
1706 5156 1739 5225 ή
1775 5155 1871 5225 τῆς

298 5244 515 5311 φύσεως
550 5242 740 5313 ἑνότης
768 5242 859 5296 τὸν
888 5243 1242 5313 διαμερισμὸν
1285 5245 1344 5297 οὑ
1383 5245 1664 5314 προσίεται
1685 5262 1698 5276 ’
1731 5245 1870 5299 ὥστε

301 5335 439 5404 μήτε
459 5335 520 5387 τὸ
544 5334 642 5402 τῆς
664 5335 959 5405 μοναρχίας
984 5336 1261 5406 σχίζεσθαι
1292 5336 1488 5405 κράτος
1512 5338 1591 5399 είς
1620 5336 1871 5409 θεότητας

299 5426 591 5497 διαφόρους
641 5427 1127 5497 κατατεμνόμενον,
1171 5427 1308 5496 μήτε
1358 5428 1435 5497 τῷ
1475 5427 1749 5498 Ἰουδαῖκῷ
1784 5429 1873 5481 δό-

302 5532 473 5583 γματι
512 5515 831 5585 συμϐαίνειν
858 5515 947 5568 τὸν
973 5515 1149 5583 λόγον,
1177 5513 1313 5568 ἀλλὰ
1339 5513 1426 5567 διὰ
1453 5514 1613 5584 μέσον
1654 5515 1760 5570 τῶν
1784 5515 1877 5591 δύο

306 5607 625 5676 ὑπολήψεων
682 5608 880 5676 χωρεῖν
919 5606 1016 5676 τὴν
1050 5606 1325 5676 ἀλήθειαν,
1359 5605 1624 5677 ἑκατέραν
1660 5623 1720 5658 τε
1768 5607 1874 5660 τῶν

308 5701 567 5769 αἱρέσεων
602 5698 987 5769 καθαιροῦσαν,
1032 5700 1125 5752 καὶ
1163 5700 1254 5768 ἀφ’
1294 5698 1554 5769 ἑκατέρας
1585 5701 1875 5771 παραδεχο-

314 5794 473 5863 ιιένην
507 5794 570 5847 τὸ
598 5795 887 5866 χρήσιμον.
922 5791 1029 5847 Τοῦ
1066 5793 1160 5846 μὲν
1197 5792 1304 5865 γὰρ
1329 5793 1577 5859 Ἰουδαίου
1602 5794 1875 5869 καθαιρεῖ-

1971 4603 2293 4657 inelfabilem
2322 4601 2535 4671 aperire
2562 4600 2991 4670 profunditatem
3022 4600 3268 4671 mysterii
3297 4618 3312 4666 ;
3343 4615 3537 4671 nempe

1971 4693 2242 4765 quomodo
2265 4693 2404 4748 idem
2428 4702 2482 4747 et
2505 4692 2663 4748 cadat
2686 4694 2788 4748 sub
2810 4707 3117 4757 numerum,
3136 4700 3191 4746 et
3214 4708 3322 4747 non
3346 4694 3535 4753 cadat,

1971 4797 2023 4840 et
2046 4786 2280 4840 divisum
2313 4793 2588 4847 cernatur,
2620 4792 2674 4837 et
2697 4782 3195 4852 comprehendatur
3222 4784 3275 4837 in
3306 4784 3534 4845 unitate,

1972 4878 2401 4947 distinctumque
2429 4877 2500 4931 sit
2529 4891 2591 4929 ac
2621 4875 2918 4930 discretum
2951 4875 3305 4929 consistentia
3360 4885 3415 4929 et
3441 4878 3539 4945 by-

1974 4969 2209 5040 postasi,
2233 4976 2287 5024 et
2309 4968 2553 5037 subjecto
2580 4984 2686 5021 non
2712 4968 2785 5021 sit
2806 4966 3038 5020 divisum
3059 5005 3074 5030 ,
3097 4974 3151 5020 et
3175 4982 3368 5021 rursus
3391 4967 3539 5021 aliud

1974 5062 2080 5124 sit,
2113 5062 2273 5128 cujus
2305 5068 2389 5115 est
2414 5059 2650 5114 Verbum
2679 5066 2733 5113 et
2759 5058 3019 5128 Spiritus.
3053 5056 3156 5111 Sed
3183 5064 3536 5125 posteaquam

1973 5153 2269 5207 discrimen
2298 5152 2351 5205 in
2379 5152 2464 5205 his
2498 5150 2829 5204 intellexeris
2848 5191 2866 5215 ,
2898 5158 3103 5203 natura:
3130 5163 3325 5203 rursus
3356 5146 3540 5200 unitas

1976 5260 2084 5297 non
2119 5243 2359 5296 admittit
2386 5242 2748 5296 divisionem:
2798 5240 2935 5295 adeo
2985 5249 3044 5294 ut
3097 5255 3271 5308 neque
3318 5254 3540 5294 monar-

1976 5335 2111 5388 chiae
2166 5333 2475 5388 dominatus
2526 5333 2806 5388 seindatur
2860 5334 2915 5386 in
2971 5332 3215 5385 diversas
3260 5330 3545 5391 dissectus

1976 5428 2210 5481 unitates
2229 5466 2245 5490 ,
2286 5442 2463 5495 neque
2502 5433 2767 5494 congruat
2795 5426 2846 5477 id
2875 5424 3019 5494 quod
3050 5423 3249 5477 dicitur
3274 5440 3398 5479 cum
3428 5426 3543 5481 do-

1975 5526 2153 5589 gmate
2175 5515 2434 5583 Judaico;
2463 5517 2556 5572 sed
2581 5532 2674 5586 per
2701 5515 2938 5569 medium
2968 5515 3200 5571 duarum
3222 5520 3543 5587 opinionum

1979 5610 2237 5680 procedat
2259 5610 2462 5664 veritas
2482 5650 2498 5675 ,
2528 5617 2582 5663 et
2619 5619 2906 5677 utramque
2944 5608 3141 5664 tollens
3173 5610 3459 5678 haeresim,
3484 5623 3542 5680 et

1979 5703 2046 5756 ab
2077 5710 2307 5771 utraque
2339 5701 2614 5771 accipiens
2648 5702 2698 5755 id
2733 5700 2879 5771 quod
2910 5712 2996 5755 est
3024 5702 3168 5755 usui.
3205 5701 3337 5755 Nam
3370 5702 3540 5757 Judazi

1978 5794 2195 5867 quidem
2255 5795 2455 5865 dogma
2504 5794 2675 5855 tollit,
2726 5805 2779 5849 ct
2811 5791 3045 5849 Verbum
3077 5793 3449 5858 admittendo,
3489 5801 3547 5848 et
