3978 6494
444 410 511 467 ίθ
1667 412 1725 467 S.
1766 410 2093 467 GREGORII
2151 408 2441 465 NYSSENI
3604 403 3673 456 ‘20

436 531 710 589 credendo
737 525 999 602 Spiritum
1025 551 1037 587 :
1067 548 1256 588 eorum
1286 542 1467 588 autem
1500 533 1594 605 qui
1623 542 1770 590 stant
1797 550 1829 589 a
1855 533 2002 589 Gm-

2104 550 2193 585 ται
2213 532 2272 585 τὺ
2300 532 2495 601 δόγμα,
2529 535 2595 602 τῇ
2634 549 2692 584 τε
2716 531 2809 584 τοῦ
2834 530 3005 599 Λόγου
3032 529 3333 599 παραὼχῇ,
3366 529 3460 583 καὶ
3492 533 3556 601 τῇ
3587 548 3676 584 πι-

438 625 520 680 cis
547 625 795 679 aboletur
823 640 977 679 error
1009 625 1303 679 multorum
1336 625 1559 680 deorum
1582 666 1597 691 ,
1642 641 1707 682 ea
1750 640 1872 697 quae
1913 634 2000 681 est

440 711 739 768 secundum
774 721 1024 766 naturam
1057 716 1266 769 unitate
1295 715 1781 770 circumscribente
1818 723 1872 770 et
1913 729 2002 768 ar-

436 811 594 858 cente
625 803 921 858 multorum
952 804 1317 874 phantasiam.
1354 804 1567 862 Rursus
1595 814 1777 861 autem
1807 821 1873 860 ex
1905 803 1999 859 Ju-

435 894 591 949 daica
621 895 876 965 Opinione
910 904 1126 952 maneat
1152 905 1359 952 natura:
1392 898 1604 963 unitas,
1635 915 1700 953 ex
1727 912 1793 954 eo
1820 906 1999 952 autem

432 987 578 1055 quod
607 985 782 1042 Graeci
810 990 1127 1058 opinantur,
1159 990 1275 1045 sola
1303 990 1567 1047 discretio
1597 992 1652 1045 in
1684 991 1999 1064 hypostasi-

432 1078 569 1142 bus,
602 1078 783 1149 impia:
816 1080 1059 1149 opinioni
1091 1082 1350 1151 utrinque
1379 1097 1622 1154 congruo
1651 1081 1895 1137 adhibito
1921 1097 2003 1136 re-

433 1166 633 1221 medio.
662 1166 759 1221 Est
790 1169 934 1223 enim
973 1170 1141 1225 veluti
1179 1170 1425 1240 quaedam
1469 1170 1741 1227 medicina
1760 1210 1776 1238 ,
1807 1186 1996 1227 eorum

432 1255 651 1326 quidem
688 1261 781 1328 qui
818 1260 871 1313 in
908 1275 1018 1314 uno
1048 1260 1338 1326 aberrant,
1371 1277 1635 1319 numerus
1666 1260 1951 1319 Trinitatis
1981 1281 1997 1319 :

432 1358 623 1398 eorum
656 1355 838 1400 autem
867 1347 963 1417 qui
994 1356 1124 1403 sunt
1172 1349 1408 1420 dispersi
1451 1350 1509 1406 in
1558 1350 1999 1419 multitudinem,

432 1434 575 1488 ratio
604 1437 847 1492 unitatis.

1042 1528 1270 1585 CAPUT
1306 1529 1395 1587 1V.

505 1616 602 1672 Sin
627 1628 805 1674 autem
831 1600 1092 1678 adversus
1123 1622 1238 1677 haec
1263 1622 1603 1679 contradicat
1626 1622 1866 1690 Iudaeus,
1892 1640 2001 1681 non

434 1707 623 1778 utique
664 1725 730 1764 ex
772 1710 893 1780 ejus
931 1712 1163 1781 propriis
1192 1712 1426 1769 diliicilis
1468 1715 1573 1769 erit
1611 1715 1771 1772 nobis
1812 1714 2003 1771 adver—

434 1811 530 1852 sus
560 1798 710 1852 illum
753 1799 1093 1869 disceptatio.
1144 1800 1221 1855 Ex
1265 1800 1334 1857 iis
1378 1803 1522 1856 enim
1565 1801 1909 1856 documentis
1943 1801 2000 1854 in

434 1890 634 1960 quibus
666 1898 751 1947 est
778 1892 1038 1948 educatus
1058 1935 1073 1957 ,
1097 1892 1342 1949 veritatis
1374 1894 1479 1948 erit
1510 1893 1829 1949 deelaratio.
1859 1892 1994 1948 Esse
2023 1878 2066 1933 Β

433 1982 578 2036 enim
611 1981 842 2036 Verbum
872 1982 1000 2049 Dei,
1026 1994 1078 2038 et
1104 1982 1368 2053 Spiritum
1386 1982 1501 2048 Dei,
1527 1991 1845 2054 potestates,
1873 1998 1995 2053 qum

433 2073 743 2128 consistunt
773 2075 1155 2141 essentialiter,
1196 2083 1250 2129 et
1293 2083 1421 2131 sunt
1459 2077 1753 2133 eliicientes
1801 2090 1992 2131 eorum

433 2179 557 2231 quas
587 2164 727 2219 facta
754 2175 900 2227 sunt,
945 2174 997 2221 et
1041 2182 1103 2221 ea
1137 2183 1257 2237 quae
1299 2177 1443 2231 sunt,
1475 2168 1786 2232 continent,
1815 2182 1881 2222 ex
1912 2166 2004 2220 di-‘

431 2256 639 2311 vinitus
686 2258 964 2327 inspiratis
999 2256 1302 2328 Scripturis
1349 2260 1627 2315 evidenter
1660 2257 1989 2314 ostenditur.

435 2345 642 2402 Sullicit
673 2358 888 2412 autem,
940 2364 1063 2403 cum
1105 2352 1512 2407 meminerimus
1553 2353 1717 2407 unius
1752 2353 1996 2407 testiino—

432 2437 548 2498 nii.
582 2437 737 2506 plura
787 2439 1112 2509 invenienda
1158 2441 1467 2512 relinquere
1499 2443 1780 2497 studiosis.
1827 2441 1994 2495 Verbo

434 2526 688 2591 Domini,
719 2529 927 2599 inquit,
976 2531 1090 2585 caeli
1128 2534 1331 2602 ﬁrmati
1367 2542 1525 2600 sunt,
1558 2543 1606 2587 et
1650 2533 1854 2601 Spiritu
1887 2534 1994 2587 oris

432 2619 549 2688 ejus
580 2622 745 2674 omnis
778 2623 939 2677 virtus
967 2640 1146 2677 eorum
1181 2626 1220 2678 ¹.
1255 2624 1374 2692 Quo
1403 2623 1602 2687 Verbo,
1637 2636 1692 2681 et
1724 2640 1832 2694 quo
1868 2623 1995 2693 Spi-

432 2712 583 2765 ritu?
603 2710 786 2783 Neque
810 2715 950 2769 enim
978 2715 1145 2771 dictio
1168 2726 1250 2772 est
1270 2714 1503 2772 Verbum
1522 2756 1536 2780 ,
1557 2733 1733 2787 neque
1759 2716 1996 2787 Spiritus

436 2805 728 2861 anhelitus.
767 2804 824 2860 Si
851 2809 995 2862 enim
1023 2809 1087 2862 ad
1118 2817 1318 2864 nostra
1347 2818 1556 2863 naturae
1584 2808 1995 2865 similitudinem

436 2893 579 2949 Deus
617 2911 835 2966 quoque
874 2897 1035 2952 homo
1066 2898 1248 2960 ﬂeret,
1278 2898 1547 2966 ejusmodi
1578 2912 1795 2967 quoque
1831 2899 1996 2953 verbo

435 2994 488 3040 et
510 2986 707 3054 Spiritu
734 2988 812 3040 uti
838 2988 1209 3043 universitatis
1232 2990 1477 3057 opiﬁcem
1504 2998 1824 3043 statuerent.
1848 2990 2000 3054 Quaa-

437 3090 561 3128 nam
587 3084 766 3131 autem
798 3084 947 3130 tanta
980 3078 1151 3133 virtus
1184 3078 1551 3149 proficiscitur
1583 3094 1614 3132 a
1642 3080 1856 3143 verbis,
1886 3088 1940 3134 et
1966 3094 1995 3132 a

437 3167 671 3235 spiritu,
718 3177 777 3221 ut
818 3168 1049 3222 suﬂiciat
1088 3169 1155 3222 ad
1201 3171 1397 3223 malum
1431 3169 1909 3235 constituendum,
1944 3179 1995 3223 et

437 3273 559 3325 quae
605 3258 659 3311 in
707 3272 773 3311 eo
804 3267 933 3313 sunt
967 3259 1239 3313 virtutes?
1273 3258 1331 3313 Si
1357 3260 1505 3315 enim
1535 3271 1739 3314 nostrae
1770 3259 1995 3314 dictioni

438 3348 531 3403 Dei
558 3347 795 3404 Verbum
823 3358 909 3404 est
939 3351 1144 3413 simile,
1175 3360 1228 3405 et
1252 3349 1490 3420 Spiritus
1516 3350 1729 3421 spiritui
1756 3393 1770 3415 ,
1800 3352 1996 3407 similis

440 3451 524 3497 est
567 3442 791 3496 omnino
836 3443 1011 3497 virtus
1052 3459 1117 3497 ex
1173 3443 1478 3506 similibus,
1523 3451 1577 3497 et
1619 3455 1850 3513 quantas
1902 3458 1993 3496 no-

441 3540 637 3596 strum,
665 3539 844 3586 tantas
866 3531 1009 3584 vires
1038 3532 1199 3586 habet
1223 3532 1312 3587 Dei
1336 3532 1590 3586 Verbum.
1610 3534 1770 3603 Atqui
1796 3542 1849 3588 et
1871 3549 2000 3602 ope-

441 3624 654 3677 ratione
680 3633 808 3677 sunt
836 3633 1085 3678 carentes
1120 3635 1171 3679 et
1203 3626 1423 3680 minime
1467 3628 1862 3691 consistentes,
1908 3628 2000 3697 qui

441 3729 564 3768 cum
600 3714 782 3769 verbis
810 3724 1092 3770 transeunt
1121 3717 1367 3786 spiritus.
1396 3718 1514 3786 Quo
1539 3720 1593 3772 lit
1621 3726 1679 3772 ut
1704 3735 1809 3772 non
1840 3735 2003 3790 agen-

442 3813 556 3870 tes,
588 3816 641 3859 et
670 3820 777 3859 non
822 3808 1186 3863 consistentes
1228 3808 1349 3864 illos
1377 3812 1597 3864 omnino
1627 3811 1998 3874 constituant,

442 3898 537 3966 qui
568 3898 633 3951 ad
667 3898 837 3951 nostri
867 3898 1018 3953 verbi
1047 3900 1457 3954 similitudinem
1497 3900 1586 3955 Del
1618 3900 1857 3955 Verbum
1903 3900 1999 3955 de—

445 3991 667 4045 ducunt.
703 3988 797 4043 Sin
834 4000 1010 4045 autem
1031 4032 1047 4056 ,
1083 4000 1140 4044 ut
1169 3993 1303 4047 dicit
1332 3992 1495 4047 David
1515 4034 1529 4056 ,
1562 3992 1739 4048 Verbo
1769 3994 1861 4049 Dei
1913 3998 2003 4048 lir-

446 4082 575 4133 inati
608 4090 736 4135 sunt
765 4081 920 4146 cwli,
945 4091 999 4137 et
1022 4097 1211 4137 eorum
1241 4085 1467 4138 virtutes
1496 4086 1799 4140 consistunt
1827 4087 1882 4141 in
1911 4085 2003 4141 Dei

448 4168 674 4238 Spiritu,
720 4182 937 4229 constat
983 4190 1114 4244 ergo
1164 4177 1482 4246 mysterium
1528 4178 1805 4242 veritatis,
1858 4177 2005 4248 quod

446 4264 616 4316 dictat
644 4279 766 4319 esse
798 4264 1089 4320 dicendum
1116 4265 1353 4322 Verbum
1384 4269 1439 4322 in
1465 4270 1729 4333 essentia,
1755 4280 1807 4323 et
1835 4270 2006 4340 Spiri-

448 4363 561 4415 tum
593 4354 646 4407 in
678 4354 975 4426 liypostasi.

1047 4531 1274 4589 CAPUT
1311 4534 1384 4587 V-

521 4616 628 4671 Sed
658 4614 751 4671 Dei
779 4619 996 4688 quidem
1023 4635 1144 4676 esse
1167 4620 1404 4677 Verbum
1432 4630 1485 4677 et
1513 4621 1773 4693 Spiritum
1795 4662 1811 4688 ,
1839 4631 1893 4678 ct
1916 4639 2013 4693 per

448 4724 767 4765 communes
799 4711 1053 4767 notiones
1081 4711 1302 4769 Graecus
1322 4755 1337 4777 ,
1367 4722 1421 4770 et
1450 4731 1545 4784 per
1577 4715 1890 4786 Scripturas
1917 4715 2012 4769 Ju-

448 4806 597 4858 ilaaus
623 4802 857 4859 fortasse
889 4820 998 4858 non
1028 4808 1407 4874 contradicet;
1439 4816 1494 4861 at
1524 4808 1617 4863 Dei
1649 4807 1811 4863 Verbi
1842 4808 2011 4873 homi-

450 4897 535 4950 nis
569 4894 695 4948 lacti
729 4896 1187 4965 dispensationem
1238 4907 1467 4968 uterque
1518 4914 1704 4953 eorum
1752 4914 1818 4953 ex
1855 4914 2012 4967 aequo

450 4985 763 5055 reprobabit
784 5028 798 5051 ,
824 4996 881 5040 ut
907 5002 1028 5057 qua:
1055 4992 1125 5042 sit
1152 4989 1375 5043 minime
1405 4989 1735 5059 probabilis,
1766 4999 1818 5042 et
1847 5006 2009 5059 quam

448 5076 516 5129 de
548 5073 657 5129 Deo
682 5075 864 5130 dicere
887 5077 1108 5133 minime
1132 5080 1440 5134 conveniat.
1472 5078 1546 5132 Ex
1574 5079 1681 5133 alio
1708 5095 1837 5150 ergo
1864 5081 2011 5150 prin-

449 5168 592 5236 cipio
621 5168 952 5225 adducemus
978 5184 1072 5225 eos
1103 5172 1194 5243 qui
1226 5172 1640 5239 contradicunt,
1670 5182 1728 5227 ut
1760 5172 1863 5227 hoc
1894 5190 2012 5229 cre-

448 5256 581 5311 dunt
601 5297 616 5322 ,
660 5275 872 5329 nempe.
904 5261 1208 5323 Credantne
1238 5263 1416 5318 Verho
1451 5276 1503 5318 et
1535 5265 1798 5334 sapientia
1829 5267 2012 5320 omnia

448 5366 573 5406 esse
619 5351 760 5405 facta
806 5354 875 5407 ab
915 5370 981 5409 eo
1022 5355 1114 5425 qui
1158 5357 1400 5411 condidit
1441 5358 1899 5412 universitatem?
1940 5372 2010 5410 an

450 5443 615 5511 hujus
673 5461 892 5515 quoque
950 5449 1371 5504 existimationis
1429 5450 1589 5504 iidem
1642 5448 1858 5504 diliicile
1919 5448 2014 5502 ad-

454 5537 717 5588 mittant?
765 5536 871 5593 Sed
912 5539 959 5594 si
1006 5554 1115 5594 non
1162 5539 1662 5595 dedcrinthrbum
1694 5556 1790 5594 seu
1841 5540 2012 5593 ratio-

453 5642 611 5690 nein,
666 5639 719 5681 ct
774 5629 1094 5699 sapientiam
1151 5632 1319 5687 fuisse
1372 5632 1563 5686 ducem
1625 5648 1804 5690 rerum
1856 5646 2009 5689 crea-

536 5806 726 5877 ‘I‘sal.
770 5824 938 5876 χχιιι,
979 5812 1030 5871 ti.

2039 4548 2086 4606 D

2105 639 2219 676 στει
2254 622 2348 674 τοῦ
2380 621 2727 693 Πνεύματος·
2761 622 2868 675 τῶν
2895 622 2953 674 δὲ
2998 621 3409 691 Ἐλληνιζόντων
3446 624 3480 691 ή
3515 621 3677 675 πολύ-

2102 713 2221 776 θεος
2264 712 2642 781 ἐξαφανίζεται
2698 712 2896 782 πλάνη,
2929 712 3029 782 τῆς
3056 713 3195 764 κατὰ
3226 711 3385 779 φύσιν
3423 712 3673 781 ὲνότητος

2102 803 2603 874 παραγραφομένης
2626 803 2725 873 τὴν
2754 802 3121 873 πληθυντικὴν
3149 803 3466 871 φαντασίαν.
3502 804 3672 856 Πάλιν

2100 894 2156 948 δὲ
2179 893 2245 948 ἂν
2269 896 2333 947 ἐκ
2354 898 2451 965 τῆς
2482 895 2776 965 Ἰουδαϊκῆς
2805 893 3119 964 ὑπολήψεως
3148 897 3183 964 ἡ
3203 898 3300 962 τῆς
3327 895 3538 964 φύσεως
3559 895 3674 947 ἐνό-

2100 1003 2199 1057 της
2222 986 2583 1059 παραμενέτω
2607 1004 2621 1019 ·
2653 988 2717 1040 ὲκ
2740 985 2797 1039 δὲ
2820 984 2913 1039 τοῦ
2940 986 3317 1057 Ἑλληνισμοῦ,
3344 987 3378 1057 ἡ
3408 986 3548 1039 κατὰ
3572 987 3671 1050 τὰς

2101 1078 2425 1141 ὑποστάσεις
2454 1077 2721 1148 διάκρισις
2753 1077 2910 1148 μόνη,
2947 1075 3372 1148 θεραπευθείσης
3397 1077 3672 1148 ἑκατέρω-

2102 1170 2193 1226 θεν
2237 1166 2581 1238 καταλλήλως
2626 1168 2727 1237 τῆς
2781 1166 3011 1231 άσεόοῦς
3060 1167 3331 1229 ὑπονοίας.
3372 1168 3526 1220 Ἔστι
3563 1168 3673 1239 γὰρ

2101 1259 2289 1329 ὥσπερ
2321 1276 2405 1321 τις
2438 1257 2701 1330 θεραπεία
2760 1258 2865 1310 τῶν
2906 1259 3005 1329 μὲν
3032 1258 3160 1329 περὶ
3192 1258 3253 1310 τὸ
3285 1257 3344 1311 ἓν
3384 1258 3673 1330 πλανωμέ-

2100 1367 2208 1405 νων
2237 1350 2266 1401 ό
2298 1347 2529 1420 ἀριθμὸς
2552 1351 2650 1421 τῆς
2690 1349 2946 1420 Τριάδοςο
2975 1349 3082 1403 τῶν
3104 1349 3161 1403 δὲ
3192 1351 3272 1412 εἰς
3292 1349 3491 1420 πλῆθος
3514 1351 3671 1403 ἐσκε-

2102 1439 2407 1512 δασμένων,
2440 1442 2468 1494 ὁ
2494 1443 2591 1511 τῆς
2618 1442 2867 1511 ἑνότητος
2903 1439 3086 1509 λόγος.

2246 1564 2251 1583 ι
2718 1531 2967 1584 ΚΕΦΑΛ.
3001 1532 3073 1583 Δ’.

2172 1622 2237 1675 Et
2269 1624 2328 1677 δὲ
2358 1621 2627 1691 ἀντιλέγει
2654 1620 2860 1684 τούτοις
2888 1621 2917 1672 6
2967 1620 3232 1684 Ἰουδαῖος,
3262 1621 3436 1673 οὐκέτ’
3453 1620 3518 1674 ἂν
3539 1622 3671 1691 ἡμῖν

2101 1716 2166 1769 ὲκ
2190 1716 2284 1770 τοῦ
2312 1718 2440 1771 ἰδίου
2465 1714 2717 1777 δύσκολος
2742 1716 2771 1767 6
2794 1714 2930 1785 πρὸς
2958 1716 3160 1768 ἐκεῖνον
3188 1720 3472 1785 γενήσεται
3492 1714 3668 1782 λόγος.

2114 1805 2211 1859 Ἐκ
2230 1807 2338 1877 γὰρ
2360 1805 2468 1859 τῶν
2496 1805 2805 1875 συντρόφων
2827 1804 2974 1873 αύτῷ
2995 1804 3336 1872 διδαγμάτων
3362 1806 3395 1874 ἡ
3420 1806 3516 1875 τῆς
3544 1806 3672 1875 ἁλη-

2094 1896 2244 1959 θείας
2270 1895 2420 1949 ἔσται
2452 1894 2770 1965 φανέρωσις.
2804 1894 2878 1946 Τὸ
2895 1894 3003 1964 γὰρ
3033 1888 3169 1947 εἶναι
3204 1895 3373 1963 Λόγον
3401 1896 3558 1959 Θεοῦ,
3578 1898 3672 1949 καὶ

2094 1985 2318 2056 Πνεῦμα
2332 1985 2465 2039 Θεοῦ
2478 1983 2746 2047 ούσιωδῶς
2764 1983 3076 2052 ὑφεστώσας
3093 1984 3365 2054 δυνάμεις,
3385 1987 3672 2054 ποιητικάς

2093 2094 2153 2130 τε
2180 2078 2288 2131 τῶν
2315 2076 2712 2148 γεγενημένων,
2740 2076 2834 2128 καὶ¹
2866 2075 3214 2143 περιεκτικὰς
3250 2076 3358 2127 τῶν
3389 2076 3576 2139 ὄντων,
3607 2079 3671 2128 ἐκ

2094 2170 2199 2222 τῶν
2252 2168 2617 2222 θεοπνεύστων
2665 2165 2893 2237 Γραφῶν
2943 2166 3329 2237 ἐναργέστερον
3380 2167 3667 2221 δείκνυται.

2107 2262 2290 2330 Ἀρκεῖ
2314 2260 2370 2313 δὲ
2401 2262 2528 2330 μιᾶς
2560 2258 2857 2329 μαρτυρίας
2883 2257 3311 2326 ἐπιμνησθέντας
3330 2297 3343 2320 ,
3364 2260 3474 2320 τοῖς
3520 2258 3669 2327 φιλο-

2096 2353 2417 2422 πονωτέροις
2444 2351 2761 2405 καταλιπεῖν
2779 2348 2885 2400 τῶν
2921 2348 3175 2401 πλειόνων
3200 2348 3295 2417 τὴν
3322 2348 3555 2417 εῦρεσιν.
3589 2348 3671 2413 Τῷ

2093 2444 2264 2510 Λόγῳ
2287 2442 2391 2496 τοῦ
2406 2442 2644 2508 Κυρίου,
2663 2441 2846 2509 φησιν,
2869 2442 2922 2492 ol
2938 2439 3175 2506 οὐρανοὶ
3195 2439 3659 2507 ἐστερεώθησαν,

2096 2533 2195 2587 καὶ
2232 2531 2311 2598 τῷ
2336 2533 2632 2601 Πνεύματι
2684 2530 2790 2583 τοῦ
2837 2530 3131 2597 στόματος
3181 2529 3387 2591 αὑτοῦ,
3435 2528 3601 2583 πᾶσα
3628 2530 3665 2596 ἠ

2095 2624 2347 2694 δύναμις
2373 2622 2587 2677 αὐτῶν.
2624 2622 2768 2692 Ποίῳ
2822 2621 2979 2690 Λόγῳ
3029 2621 3122 2672 καὶ
3177 2620 3313 2689 ποίῳ
3348 2619 3663 2690 Πνεύματι;

2097 2714 2233 2768 Οὔτε
2269 2715 2374 2787 γὰρ
2406 2715 2555 2786 ῥῆμα
2576 2714 2604 2766 ό
2636 2713 2807 2782 Λόγος
2826 2754 2840 2778 ,
2873 2709 2995 2763 όύτε
3028 2706 3211 2780 ἆσθμα
3241 2711 3298 2763 τὸ
3327 2710 3566 2779 Πνεῦμα.
3590 2704 3668 2762 Ἶι

2097 2806 2204 2878 γὰρ
2238 2806 2303 2860 ἂν
2334 2806 2452 2861 καθ’
2474 2806 2766 2877 ὁμοιότητα
2794 2804 2892 2874 τῆς
2942 2804 3213 2873 ἡμετέρας
3246 2802 3458 2869 φύσεως
3486 2801 3577 2853 καὶ
3608 2801 3671 2851 τὸ

2096 2900 2247 2953 Θεῖον
2293 2897 2764 2970 ὲξανθρωπίζοιτο,
2798 2896 2888 2948 καὶ
2927 2894 3152 2964 τοιούτῳ
3202 2894 3500 2964 κεχρῆσθαι
3530 2893 3671 2961 λόγῳ

2098 2990 2191 3042 καὶ¹
2208 2988 2431 3059 τοιούτῳ
2454 2987 2743 3056 πνεύματι,
2766 2985 2854 3037 τὸν
2878 2983 2971 3053 τοῦ
2997 2983 3194 3046 παντὸς
3219 2982 3447 3053 ποιητὴν
3475 2982 3670 3050 δογμα-

2096 3080 2313 3144 τίζοιεν.
2349 3078 2444 3141 Τίς
2491 3078 2535 3133 δ’
2588 3076 2794 3146 οἴχεται
2841 3074 3065 3143 δύναμις
3118 3074 3225 3127 ἀπὸ
3270 3075 3529 3144 ῥημάτων
3578 3074 3671 3124 καὶ

2024 3206 2066 3263 C
2100 3170 2373 3240 ἄσθματος
2424 3166 2756 3238 τηλικαύτη,
2815 3164 2889 3228 ὡς
2939 3163 3191 3234 ἐξαρκεῖν
3243 3163 3378 3232 πρὸς
3439 3161 3668 3231 ούρανοῦ

2101 3260 2355 3314 σύστασιν
2383 3259 2476 3313 καὶ
2494 3257 2601 3311 τῶν
2629 3258 2685 3309 ὲν
2707 3256 2915 3318 τούτοις
2942 3255 3250 3324 δυνάμεων;
3276 3252 3335 3307 Εἰ
3361 3252 3467 3322 γὰρ
3489 3252 3671 3321 ὅμοιος

2095 3352 2176 3427 τῷ
2208 3351 2456 3423 ἡμετέρῳ
2507 3352 2708 3420 ῥήματι
2751 3348 2844 3400 καὶ
2874 3350 2902 3401 ὁ
2933 3346 3026 3399 τοῦ
3067 3345 3201 3398 Θεοῦ
3245 3346 3437 3413 Λόγος,
3471 3345 3565 3397 καὶ
3608 3344 3671 3397 τὸ

2099 3445 2324 3513 Πνεῦμα
2364 3442 2442 3513 τῷ
2481 3439 2769 3510 πνεύματι,
2799 3439 2959 3508 ὁμοία
2990 3437 3200 3499 πάντως
3236 3439 3300 3489 ἐκ
3340 3435 3446 3489 τῶν
3473 3436 3672 3505 ὁμοίων

2099 3538 2133 3607 ἡ
2169 3534 2423 3603 δύναμις·
2458 3533 2551 3584 καὶ
2592 3531 2723 3600 ὅσην
2747 3531 2775 3581 ό
2800 3527 3366 3600 ἡμέτερος,τοσαύτην
3390 3527 3483 3579 καὶ
3514 3528 3541 3577 ό
3576 3525 3671 3578 τοῦ

2108 3626 2242 3680 Θεοῦ
2270 3626 2439 3695 Λόγος
2478 3624 2577 3693 τὴν
2622 3623 2776 3694 ἰσχὺν
2818 3622 2949 3691 ἔχει.
2991 3620 3149 3673 Ἀλλὰ
3195 3621 3299 3690 μὴν
3341 3618 3675 3689 ἀνενέργητά

2101 3736 2159 3771 τε
2209 3718 2299 3771 καὶ
2328 3716 2673 3769 ἀνυπόστατα
2715 3713 2782 3766 τὰ
2818 3716 2928 3775 τοῖς
2961 3713 3164 3783 ῥήμασι
3200 3709 3674 3779 συνδιεξερχόμενα

2103 3808 2404 3878 πνεύματα.
2431 3808 2716 3877 ’Λπρακτα
2736 3805 2951 3866 πάντως
2975 3804 3066 3855 καὶ
3087 3803 3434 3855 ἀνυπόστατα
3450 3802 3673 3853 κάκεῖνα

2104 3898 2618 3961 κατασκευάζουσιν,
2668 3898 2715 3949 οί
2748 3895 2882 3967 πρὸς
2916 3894 3013 3964 τὴν
3062 3893 3351 3962 ὁμοιότητα
3403 3891 3496 3943 τοῦ
3546 3893 3673 3962 παρ’

2106 3995 2237 4063 ἡμῖν
2264 3991 2421 4058 λόγου
2455 3990 2515 4041 τὸ
2544 3988 2697 4041 Θεῖον
2733 3986 3083 4053 κατάγοντες.
3107 3985 3168 4036 Εἰ
3195 3983 3272 4045 δὲ,
3303 3982 3481 4044 καθὼς
3528 3982 3674 4050 λέγει

2108 4082 2288 4147 Δαϐὶδ,
2317 4078 2720 4148 ἐστερεώθησαν
2754 4077 2830 4146 τῷ
2865 4077 3022 4145 Λόγῳ
3076 4074 3168 4126 τοῦ
3204 4074 3406 4143 Κυρίου
3440 4076 3486 4124 οἱ
3516 4074 3675 4143 ούρα-

2106 4174 2209 4239 νοὶ,
2238 4172 2331 4226 καὶ
2359 4172 2413 4223 αἱ
2448 4170 2703 4237 δυνάμεις
2725 4167 2902 4219 αὐτῶν
2924 4167 2981 4217 ὲν
3014 4163 3090 4234 τῷ
3113 4163 3385 4233 Πνεύματι
3418 4162 3510 4214 τοῦ
3540 4162 3674 4215 Θεοῦ

2105 4264 2205 4333 τὴν
2235 4262 2487 4315 σύστασιν
2529 4258 2681 4328 ἔσχον
2703 4276 2714 4286 '
2733 4258 2843 4328 ἄρα
2881 4257 3173 4325 συνέστηκε
3210 4254 3268 4306 τὸ
3294 4256 3392 4323 τῆς
3420 4253 3674 4324 ἀληθείας

2112 4355 2426 4426 μυστήριον,
2454 4351 2622 4418 Λόγον
2655 4351 2711 4401 ὲν
2737 4347 2912 4419 ούσίᾳ,
2938 4348 3032 4401 καὶ
3058 4346 3281 4400 Πνεῦμα
3301 4348 3357 4398 ὲν
3385 4345 3676 4398 ὑποστάσει

2110 4446 2284 4514 λέγειν
2317 4440 2705 4513 ὑφηγούμενον.

2704 4530 2952 4585 ΚΕΦΛΛ.
3001 4530 3075 4583 E'.

2193 4627 2351 4680 Ἀλλὰ
2375 4626 2436 4678 τὸ
2476 4624 2574 4693 μὲν
2595 4618 2730 4676 εἶναι
2760 4623 2931 4690 Λόγον
2956 4620 3086 4675 Θεοῦ
3121 4623 3213 4676 καὶ
3236 4622 3476 4691 Πνεῦμα,
3500 4619 3588 4672 διά
3616 4636 3675 4670 τε

2106 4718 2214 4771 τῶν
2247 4713 2442 4768 κοινῶν
2476 4712 2690 4766 ἐννοιῶν
2713 4714 2740 4764 ὁ
2763 4711 2979 4781 Ἕλλην,
3013 4714 3104 4765 καὶ
3128 4710 3217 4763 διὰ
3239 4711 3346 4763 τῶν
3386 4710 3422 4761 Γ
3432 4693 3674 4779 ραφικῶν

2108 4810 2136 4876 ό
2178 4807 2446 4868 Ἰουδαῖος,
2478 4806 2605 4868 ἴσως
2630 4805 2726 4856 οὐκ
2745 4802 3035 4869 ἀντιλέξει·
3066 4799 3163 4874 τὴν
3199 4802 3256 4855 δὲ
3287 4801 3425 4854 κατὰ
3453 4800 3544 4851 τὸν
3584 4799 3674 4850 ἄν·

2110 4899 2323 4969 θρωπον
2368 4896 2675 4965 οἰκονομίαν
2708 4893 2802 4947 τοῦ
2852 4894 2984 4947 Θεοῦ
3031 4894 3226 4961 Λόγου,
3274 4890 3413 4945 κατὰ
3454 4889 3514 4941 τὸ
3559 4884 3675 4940 ἴσον

2109 4989 2367 5059 ἑκάτερος
2410 4988 2586 5044 αὐτῶν
2632 4986 3044 5056 ἀποδοκιμάσει,
3082 4986 3158 5047 ὡς
3208 4982 3468 5037 ἀπίθανόν
3494 4998 3553 5033 τε
3582 4980 3677 5032 καὶ

2108 5081 2330 5151 ἀπρεπῆ
2352 5084 2479 5151 περὶ
2505 5079 2637 5132 Θεοῦ
2658 5079 2926 5147 λέγεσθαι.
2952 5077 3157 5131 Οὐκοῦν
3183 5075 3239 5141 ἐξ
3268 5074 3457 5145 ἑτέρας
3481 5073 3673 5144 ἀρχῆς,

2110 5173 2202 5226 καὶ
2254 5174 2333 5233 είς
2372 5172 2471 5240 τὴν
2516 5171 2644 5240 περὶ
2686 5169 2875 5221 τούτου
2913 5168 3093 5220 πίστιν
3127 5167 3251 5227 τοὺς
3302 5162 3675 5231 ἀντιλέγοντας

2108 5264 2507 5337 προσαξόμεθα.
2531 5263 2689 5333 Λόγῳ
2720 5263 2787 5315 τὰ
2816 5261 2990 5314 πάντα
3029 5258 3353 5329 γεγενῆσθαι
3385 5258 3479 5311 καὶ
3518 5256 3678 5327 σοφίᾳ

2110 5357 2260 5427 παρὰ
2280 5355 2373 5407 τοῦ
2406 5356 2468 5406 τὸ
2521 5356 2626 5406 πᾶν
2666 5353 3071 5424 συστησαμένου
3112 5348 3539 5417 πιστεύουσιν,ἢ
3585 5347 3678 5399 καὶ

2112 5448 2247 5518 πρὸς
2275 5445 2473 5514 ταύτην
2502 5443 2802 5506 δυσπειθῶς
2841 5444 3018 5512 ἔχουσι
3060 5444 3158 5512 τὴν
3188 5440 3487 5511 ὑπόληψιν;
3537 5436 3676 5491 Ἀλλ’

2111 5541 2159 5592 εἰ
2200 5539 2275 5609 μὴ
2321 5537 2458 5589 δοῖεν
2491 5536 2662 5604 Λόγον
2693 5534 3046 5604 καθηγεῖσθαι
3091 5536 3183 5586 καὶ
3216 5534 3402 5601 σοφίαν
3434 5532 3533 5594 τῆς
3569 5528 3677 5580 τῶν

2110 5632 2277 5687 ὄντων
2310 5629 2634 5694 συστάσεως,
2688 5626 2906 5696 ἀλογίαν
2942 5643 2999 5679 τε
3028 5626 3121 5683 καὶ
3159 5625 3402 5696 ἀτεχνίαν
3428 5625 3493 5693 τῇ
3534 5622 3675 5693 ἀρχῇ
