3978 6480
258 304 319 358 25
1460 313 1714 371 ORATIO
1750 314 2248 373 CATECHETICA.

3404 306 3500 378 ‘33

260 421 347 477 τοῦ
390 426 593 489 παντὸς
629 427 1031 498 ἐπιστήσουσιν.
1070 429 1131 481 Εἰ
1151 429 1208 483 δὲ
1237 429 1393 483 τοῦτο
1425 431 1625 485 ἄτοπόν
1656 449 1713 485 τε
1736 432 1815 486 καί

1934 430 2135 497 tionis,
2186 436 2428 485 statuent
2458 427 2688 482 rationis
2719 433 2773 481 et
2816 425 2950 481 artis
2992 431 3286 497 egestatem
3323 424 3493 481 fuisse

256 517 467 581 ἀσεσὶς,
500 520 840 588 ὁμολογεῖται
869 521 1085 585 πάντως
1119 523 1199 574 ὅτι
1235 522 1409 589 Λόγον
1438 540 1495 575 τε
1516 524 1608 575 καὶ
1640 523 1827 591 σοφίαν

258 609 607 677 ἡγεμονεύειν
650 609 757 663 τῶν
794 610 961 665 ὄντων
1012 612 1455 682 ὁμολογήσουσιν.
1512 613 1669 667 Ἀλλά
1723 614 1829 684 μὴν

260 703 314 753 ὲν
338 704 447 762 τοῖς
470 702 743 768 φθάσασιν
771 702 1161 764 ἀποδέδεικται,
1203 704 1277 774 μὴ
1307 704 1437 758 αὐτὸ
1477 704 1633 757 τοῦτο
1678 706 1829 776 ῥῆμα

258 790 329 842 ῶν
347 793 376 843 6
401 790 497 843 τοῦ
530 791 667 845 Θεοῦ
684 792 922 864 Λόγος,ἣ
947 793 1003 859 ἐξ
1028 795 1335 866 ἐπιστήμης
1373 795 1515 859 τινὸς
1543 795 1576 866 ἢ
1599 796 1786 864 σοφίας
1808 813 1821 827 ο

257 881 385 934 ἀλλὰ
416 883 539 935 κατ’
567 882 758 936 ούσίαν
774 901 857 947 τις
889 885 1175 954 ὑφεστῶσα
1202 886 1449 957 δύναμις,
1476 889 1824 958 προαιρετική

256 988 312 1023 τε
340 974 541 1035 παντὸς
571 972 796 1041 ἀγαθοῦ,
816 975 909 1028 καὶ
928 978 986 1028 ὲν
1012 977 1158 1045 ἰσχύϊ
1182 980 1287 1031 πᾶν
1317 978 1377 1030 τὸ
1408 979 1547 1032 κατὰ
1572 979 1825 1050 προαίρε-

259 1079 337 1114 σιν
368 1061 590 1131 ἔχουσα.
651 1064 881 1134 Ἀγαθοῦ
912 1065 968 1119 δὲ
1018 1066 1168 1131 ὄντος
1192 1068 1284 1121 τοῦ
1327 1068 1555 1139 κόσμου,
1594 1070 1693 1141 τὴν
1717 1069 1825 1125 τῶν

256 1154 472 1221 ἀγαθῶν
517 1157 750 1229 όρεκτήν
799 1176 859 1211 τε
904 1160 999 1212 καὶ
1053 1161 1340 1230 ποιητικὴν
1373 1160 1599 1232 δύναμιν
1647 1163 1824 1216 αἰτίαν

255 1241 407 1299 εἶναι.
440 1248 506 1299 Εἰ
539 1248 599 1301 δὲ
631 1249 722 1302 τοῦ
753 1250 957 1321 κόσμου
992 1252 1189 1317 παντὸς
1219 1254 1253 1323 ή
1284 1252 1584 1317 ὑπόστασις
1609 1254 1707 1325 τῆς
1728 1255 1822 1308 τοῦ

255 1340 420 1408 Λόγου
461 1341 744 1410 δυνάμεως
786 1342 1048 1414 ἐξῆπται,
1084 1343 1267 1409 καθὼς
1295 1346 1329 1416 ἡ
1369 1346 1653 1400 ἀκολουθία
1684 1366 1825 1419 παρ-

256 1430 479 1494 έδειξεν·
498 1433 711 1504 ἀνάγκη
745 1436 894 1488 πᾶσα
927 1436 1020 1489 καὶ
1051 1436 1159 1490 τῶν
1178 1437 1272 1491 τοῦ
1302 1437 1503 1509 κόσμου
1537 1440 1716 1511 μερῶν
1748 1440 1822 1511 μή

256 1520 414 1590 ἄλλην
445 1522 680 1576 ἐπινοεῖν
711 1526 891 1580 αἰτίαν
943 1526 1064 1580 τινὰ
1112 1529 1213 1597 τῆς
1265 1530 1592 1594 συστάσεως,
1621 1532 1738 1585 ἀλλ’
1785 1532 1817 1603 ἢ

253 1612 336 1665 τὸν
360 1615 536 1682 Λόγον
559 1616 743 1680 αὑτὸν,
773 1617 842 1670 δι’
866 1613 926 1672 οὗ
953 1620 1022 1672 τά
1048 1619 1225 1674 πάντα
1251 1621 1349 1693 τὴν
1387 1624 1467 1685 εἰς
1490 1622 1550 1675 τὸ
1575 1624 1820 1691 γενέσθαι

254 1705 479 1774 πάροδον
508 1705 654 1776 ἔσχε.
691 1708 861 1762 Τοῦτο
889 1709 944 1762 δὲ
977 1709 1085 1762 εἴτε
1116 1712 1308 1780 Λόγον,
1337 1712 1446 1765 εῐτε
1476 1713 1685 1781 σοφίαν,
1710 1714 1819 1766 εἴτε

1930 522 1985 575 in
2034 520 2301 591 principio
2348 518 2739 575 universitatis.
2791 517 2885 571 Sin
2915 527 3098 573 autem
3141 517 3245 572 hoc.
3276 528 3490 575 constat

1928 628 2050 667 esse
2079 613 2237 682 plane
2267 610 2565 666 absurdum
2617 618 2673 665 et
2721 610 2947 680 impium
2971 648 2986 673 ,
3022 607 3258 664 Verbum
3287 618 3342 664 et
3397 626 3487 665 sa-

1930 703 2189 774 pientiam
2226 719 2406 757 rerum
2457 702 2772 756 fatebuntur
2817 716 2941 756 esse
2986 700 3200 755 ducem.
3237 700 3401 777 Atqui
3434 702 3488 754 in

1928 795 1996 849 iis
2036 810 2156 863 quae
2194 796 2344 864 prius
2400 794 2542 849 dicta
2594 801 2742 855 sunt,
2787 799 3068 848 ostensum
3102 800 3187 847 est
3226 792 3324 847 Dei
3356 791 3479 845 Ver-

1926 886 2054 941 bum
2104 903 2213 942 non
2262 902 2385 943 esse
2432 888 2603 956 ipsam
2656 885 2982 949 dictionem,
3026 893 3120 937 aut
3164 900 3228 939 ex
3260 886 3490 940 scientia

1927 980 2108 1049 aliqua
2159 987 2253 1033 aut
2301 979 2569 1049 sapientia
2616 977 3085 1049 proﬁciscentem,
3143 977 3240 1033 sed
3292 993 3487 1048 qualn-

1925 1068 2049 1123 dam
2096 1085 2216 1139 qua:
2264 1085 2360 1139 per
2413 1069 2701 1124 essentiam
2752 1068 3005 1123 consistit
3054 1068 3330 1132 virtutem,
3369 1083 3489 1137 qua:

1923 1167 1978 1214 et
2024 1175 2183 1215 omne
2232 1161 2431 1215 bonum
2476 1160 2645 1231 eligit,
2679 1168 2732 1213 et
2765 1159 2820 1213 in
2864 1167 3131 1229 potestate
3183 1175 3282 1214 sua
3320 1159 3483 1214 situm

1924 1251 2087 1305 habet
2142 1251 2407 1321 quidquid
2458 1251 2699 1321 elegerit.
2752 1249 2885 1305 Cum
2946 1258 3126 1305 autem
3186 1250 3365 1305 bonus
3416 1250 3488 1305 sit

1923 1342 2180 1403 mundus,
2214 1342 2334 1410 ejus
2362 1342 2531 1406 illam,
2568 1357 2688 1412 quae
2722 1350 2807 1397 est
2837 1342 3105 1396 bonorum
3145 1350 3403 1412 appetens
3433 1350 3487 1395 et

1921 1433 2178 1500 elliciens,
2218 1434 2327 1486 vim
2373 1447 2495 1487 esse
2533 1447 2777 1490 causam.
2816 1431 2870 1486 Si
2901 1443 3101 1496 autem,
3131 1432 3277 1502 quod
3327 1448 3487 1485 mun-

1922 1521 2024 1577 dus
2057 1524 2325 1579 cousistat
2354 1524 2665 1587 universus,
2694 1521 2745 1577 id
2775 1523 2971 1593 pendet
2998 1538 3027 1577 a
3066 1524 3267 1577 virtute
3296 1521 3483 1584 Verbi,

1922 1624 1981 1669 ut
2022 1615 2261 1669 ostendit
2302 1614 2715 1684 consequentia,
2756 1614 2978 1668 omnino
3023 1628 3247 1667 necesse
3290 1621 3373 1667 est
3424 1620 3483 1665 ut

1921 1708 2103 1761 mundi
2154 1723 2370 1778 quoque
2398 1708 2635 1778 partium
2668 1706 2963 1761 creationis
3016 1720 3123 1757 non
3171 1704 3330 1757 aliam
3363 1704 3483 1757 exi»

250 1795 494 1865 δύναμιν,
532 1800 643 1852 εἴτε
679 1799 840 1863 Θεὸν,
870 1800 978 1853 εῐτε
1008 1801 1136 1855 ἄλλο
1164 1820 1218 1855 τι
1242 1802 1353 1856 τῶν
1393 1804 1612 1874 ὑψηὶῶν
1637 1823 1696 1858 τε
1725 1808 1815 1859 καὶ

1921 1798 2205 1855 stimemus
2248 1814 2371 1855 esse
2419 1813 2663 1863 causam,
2708 1812 2871 1867 quam
2922 1796 3062 1851 idem
3099 1794 3355 1860 Verbum,
3387 1810 3484 1864 per

254 1888 439 1955 τιμίων
464 1890 755 1959 ὀνομάζειν
785 1908 867 1954 τις
887 1890 1078 1959 ἐθέλοι,
1107 1892 1167 1944 ού
1204 1893 1529 1964 διοισόμεθα.
1550 1894 1616 1948 Ὅ
1639 1912 1691 1947 τι
1710 1896 1816 1966 γὰρ

250 1980 311 2031 ἀι
350 1981 549 2052 εὐρεθῇ
580 1982 845 2036 δεικτικὸν
877 1984 969 2037 τοῦ
1000 1985 1358 2056 ὑποκειμένου
1392 1987 1592 2058 ῥῆμαῆ
1627 1985 1813 2059 ὄνομα,

247 2070 302 2121 ἓν
331 2073 446 2123 ἐστι
480 2071 541 2124 τὸ
567 2071 657 2125 διά
708 2074 814 2125 τῶν
862 2075 1052 2143 φωνῶν
1110 2077 1504 2147 σημαινόμενον
1529 2118 1544 2143 ,
1571 2081 1604 2147 ὴ
1650 2079 1816 2143 ἀΐδιος

246 2158 333 2210 τοῦ
363 2159 500 2212 Θεοῦ
534 2161 834 2234 δύναμις,ή
868 2166 1121 2235 ποιητικὴ
1147 2166 1253 2219 τῶν
1285 2167 1535 2240 ὄντων,
1562 2169 1813 2241 εύρετικὴ

244 2249 347 2302 τῶν
380 2252 457 2320 μὴ
488 2252 683 2317 ὄντων,
706 2256 741 2325 ἡ
788 2256 1078 2328 συνεκτικὴ
1125 2257 1234 2311 τῶν
1278 2260 1597 2328 γεγονότων,
1620 2262 1654 2331 ή
1687 2280 1817 2333 προ-

243 2342 467 2414 ορατικὴ
494 2343 605 2396 τῶν
628 2346 947 2415 μελλόντων.
970 2343 1137 2412 Οὗτος
1159 2351 1339 2405 τοίνυν
1356 2354 1383 2405 6
1407 2353 1557 2417 Θεὸς,
1577 2356 1605 2407 6
1624 2353 1814 2421 Λόγος,

244 2434 498 2502 ήσοφία,
531 2437 565 2506 ἡ
608 2436 867 2508 δύναμις,
902 2439 1192 2513 ἀπεδείχθη
1239 2443 1378 2497 κατὰ
1424 2444 1485 2497 τὸ
1528 2444 1815 2499 ἀκόλουθον

246 2524 339 2593 τῆς
388 2524 743 2596 ἀνθρωπίνης
783 2526 998 2597 φύσεως
1049 2532 1297 2603 ποιητὴς,
1333 2534 1434 2587 οὐκ
1473 2535 1687 2609 ἀνάγκῃ
1710 2535 1817 2588 τινὶ

245 2613 375 2682 πρὸς
405 2614 507 2685 τήν
541 2614 638 2667 τοῦ
686 2615 971 2687 ἀνθρώπου
1006 2621 1349 2691 κατασκευὴν
1391 2623 1656 2693 ὲναχθεὶς,
1702 2625 1816 2679 ἀλλ’

241 2704 461 2774 ἀγάπης
490 2706 782 2777 περιουσίᾳ
820 2707 915 2760 τοῦ
948 2710 1188 2764 τοιούτου
1231 2710 1371 2776 ζώου
1407 2714 1817 2787 δημιουργήσας

240 2797 336 2867 τὴν
372 2798 605 2864 γένεσιν.
650 2800 800 2853 Ἔδει
841 2801 947 2870 γάρ
992 2803 1128 2872 μήτε
1158 2803 1218 2856 τὸ
1247 2803 1361 2873 φῶς
1402 2805 1647 2872 ἀθέατον,
1681 2810 1815 2879 μήτε

240 2892 339 2960 τὴν
360 2891 515 2955 δόξαν
535 2891 873 2963 ἀμάρτυρον,
904 2895 1040 2963 μήτε
1057 2894 1461 2951 ἀναπόλαυστον
1484 2900 1645 2952 αὐτοῦ
1677 2897 1815 2955 εἶναι

240 2984 341 3053 τὴν
373 2984 706 3053 ἀγαθότητα,
745 2985 883 3055 μήτε
912 2984 979 3038 τά
1030 2985 1164 3039 ἄλλα
1209 2988 1389 3043 πάντα
1427 2990 1527 3043 ὅσα
1563 2992 1689 3063 περ)⁸
1718 2993 1816 3063 τὴν

240 3078 390 3131 θείαν
422 3077 719 3148 καθορᾶται
749 3079 934 3146 φύσιν,
976 3080 1122 3150 ἀργά
1162 3081 1393 3146 κεῖσθαι,
1435 3082 1510 3154 μὴ
1539 3084 1690 3149 ὄντος
1718 3086 1813 3139 τοῦ

242 3166 558 3236 μετέχοντος
589 3184 649 3220 τε
681 3167 774 3220 καὶ
792 3167 1173 3232 ἀπολαύοντος.
1188 3171 1251 3223 Εἰ
1273 3170 1450 3225 τοίνυν
1483 3172 1575 3225 ἐπὶ
1606 3174 1814 3241 τούτοις

239 3263 266 3311 6
295 3258 583 3329 ἄνθρωπος
625 3259 706 3319 εἰς
736 3258 948 3325 γένεσιν
1003 3259 1253 3330 ἔρχεται,
1286 3261 1371 3330 ἐφ’
1398 3256 1443 3331 ᾧ
1484 3281 1543 3316 τε
1590 3265 1815 3335 μέτοχος

238 3349 340 3403 τῶν
396 3348 561 3401 θείων
622 3348 845 3415 ἀγαθῶν
902 3349 1176 3416 γενέσθαι,
1221 3352 1535 3419 ἀναγκαίως
1577 3353 1813 3419 τοιοῦτος

238 3435 725 3500 κατασκευάζεται,
766 3436 841 3500 ὡς
882 3439 1199 3507 ἐπιτηδείως
1244 3440 1380 3510 πρὸς
1419 3440 1516 3513 τὴν
1548 3444 1653 3496 τῶν
1680 3445 1817 3513 ἀγα..

239 3530 343 3581 θῶν
377 3526 673 3599 μετουσίαν
713 3525 877 3596 ἔχειν.
924 3526 1190 3598 Καθάπερ
1223 3529 1331 3601 γὰρ
1366 3533 1394 3584 6
1425 3532 1698 3603 ὀφθαλμὸς
1730 3533 1815 3586 διὰ

236 3621 328 3689 τῆς
355 3619 686 3688 ἐγκειμένης
713 3616 862 3687 αὑτῷ
884 3617 1124 3686 φυσικῶς
1151 3619 1325 3689 αὐγῆς
1347 3622 1403 3673 ἐν
1433 3622 1683 3693 κοινωνία
1718 3622 1812 3675 τοῦ

235 3712 409 3778 φωτὸς
422 3710 652 3779 γίνεται,
667 3707 755 3759 διὰ
778 3710 876 3777 τῆς
896 3706 1138 3777 ἐμφύτου
1163 3707 1443 3779 δυνάμεως
1473 3710 1534 3763 τὸ
1558 3711 1813 3779 συγγενὲς

234 3803 598 3872 ἐφελκόμενος
626 3814 641 3828 ·
663 3799 836 3863 οῦτως
884 3800 1176 3868 ἀναγκαῖον
1206 3795 1274 3871 ἦν
1302 3801 1636 3871 ἐγκραθῆναί
1666 3820 1718 3855 τι
1746 3806 1811 3874 τῇ

234 3893 553 3965 ἀνθρωπίνῃ
584 3893 743 3961 φύσει
768 3893 1026 3961 συγγενὲς
1056 3893 1193 3963 πρὸς
1224 3894 1286 3947 τὸ
1326 3894 1497 3961 Θεῖον,
1528 3896 1603 3959 ὡς
1625 3895 1690 3950 ἂν
1726 3897 1813 3951 διὰ

232 3988 323 4039 τοῦ
364 3985 704 4055 καταλλήλου
729 3985 866 4056 πρὸς
891 3985 952 4036 τὸ
978 3986 1174 4037 οἰκεῖον
1202 3983 1299 4054 τὴν
1342 3984 1527 4053 ἔφεσιν
1556 3985 1685 4055 ἔχοι.
1705 3990 1813 4042 Καὶ

236 4080 340 4149 γὰρ
361 4079 459 4131 καί⁵
483 4078 543 4130 ὲν
575 4078 640 4146 τῇ
668 4074 777 4128 τῶν
806 4074 1014 4142 ἀλόγων
1044 4072 1223 4143 φύσει,
1246 4074 1345 4126 ὅσα
1368 4073 1458 4127 τὸν
1489 4074 1704 4146 ἔνυδρον
1722 4077 1813 4129 καὶ

235 4170 478 4241 ἐναέριον
504 4168 664 4237 ἔλαχε
687 4166 820 4237 βίον,
842 4165 1187 4236 καταλλήλως
1206 4165 1433 4219 ἕκαστον
1452 4165 1531 4237 τῷ
1553 4166 1653 4236 τῆς
1670 4166 1813 4238 ζωῆς

235 4261 363 4313 εῖδει
397 4257 837 4328 κατεσκευάσθη,
867 4259 943 4320 ὼς
977 4258 1173 4311 οἰκεῖον
1199 4258 1458 4329 ἐκατέρου
1490 4259 1583 4313 καὶ
1607 4259 1813 4330 ὁμόφυ-

234 4355 342 4416 λον,
365 4352 458 4406 διά
484 4352 585 4421 τῆς
611 4353 771 4415 ποιᾶς
811 4350 904 4403 τοῦ
936 4349 1185 4419 σώματος
1214 4350 1577 4416 διαπλάσεως,
1609 4351 1685 4421 τῷ
1713 4352 1813 4422 μὲν

1917 1893 2060 1961 quod
2110 1893 2417 1947 habuerunt
2457 1892 2635 1945 omnia
2687 1904 2969 1944 accessum
3016 1896 3074 1941 ut
3117 1887 3326 1942 ﬁerent.
3369 1885 3481 1939 Hoc

1917 1994 2098 2039 autem
2146 1983 2459 2039 Verbumne
2504 1998 2573 2036 an
2633 1983 2919 2043 rationem,
2964 1994 3030 2033 an
3086 1980 3363 2040 virtutem,
3412 1992 3480 2033 an

1916 2074 2107 2138 Deum,
2142 2090 2209 2129 an
2242 2072 2464 2145 aliquod
2490 2071 2637 2125 aliud
2666 2086 2731 2126 ex
2760 2069 3086 2123 sublimibus
3124 2076 3178 2123 et
3201 2066 3484 2137 praeclaris

1915 2164 2228 2220 nominibus
2274 2165 2410 2220 velis
2464 2162 2769 2226 nominare,
2824 2160 3044 2214 minime
3086 2160 3478 2214 laborabimus.

1915 2256 2290 2327 Quodcunque
2318 2256 2463 2311 enim
2499 2256 2779 2310 inventum
2811 2252 2974 2309 fuerit
2999 2253 3225 2308 verbum
3265 2260 3358 2306 aut
3384 2268 3482 2306 no-

1915 2362 2058 2411 men,
2097 2346 2243 2417 quod
2282 2346 2617 2402 demonstrat
2644 2344 2975 2413 subjectum,
3009 2358 3176 2399 unum
3219 2350 3303 2399 est
3334 2343 3479 2412 quod

1916 2436 2255 2507 signiﬁcatur
2287 2452 2383 2506 per
2408 2451 2593 2500 voces,
2638 2450 2833 2505 nempe
2863 2434 3195 2505 sempiterna
3238 2432 3333 2488 Dei
3368 2435 3480 2488 vir-

1917 2537 2027 2594 tus,
2061 2542 2241 2583 rerum
2272 2526 2540 2592 effectrix,
2566 2539 2757 2581 eorum
2797 2538 2918 2595 qua:
2949 2537 3060 2578 non
3098 2530 3252 2577 erant
3293 2521 3481 2575 inven-

1916 2620 2045 2683 trix,
2098 2634 2218 2688 qua:
2267 2618 2509 2672 continet
2555 2631 2677 2686 qua:
2716 2615 2862 2669 facta
2908 2623 3058 2677 sunt,
3111 2622 3164 2668 et
3216 2612 3479 2683 praevidet

1915 2712 2117 2765 futura.
2170 2709 2326 2764 Hunc
2374 2722 2506 2779 ergo
2531 2707 2723 2771 Deum,
2763 2704 3028 2771 Verbum,
3060 2706 3348 2768 rationem,
3387 2719 3479 2759 sa-

1914 2804 2196 2873 pientiam,
2227 2802 2510 2863 virtutem,
2558 2806 2840 2853 ostensum
2872 2804 2957 2852 est
2984 2811 3050 2850 ex
3092 2797 3495 2864 consequentia

1913 2894 2221 2949 effectorem
2270 2908 2391 2948 esse
2432 2890 2684 2945 humanae
2722 2896 2953 2951 naturae,
2993 2904 3102 2942 non
3153 2887 3334 2957 aliqua
3384 2902 3480 2941 ne-

1914 2986 2168 3040 cessitate
2216 2984 2499 3038 inductum
2559 2983 2624 3035 ad
2676 2980 2968 3036 creandum
3017 2979 3323 3043 hominem,
3385 2978 3478 3034 sed

1915 3076 2113 3131 eximia
2152 3083 2205 3130 et
2241 3075 2438 3144 insigni
2483 3073 2747 3129 charitate
2796 3072 2961 3140 hujus
2999 3069 3253 3124 animalis
3296 3077 3475 3122 ortum

1914 3182 2039 3223 esse
2072 3166 2514 3221 architectatum.
2563 3162 2859 3235 Oportebat
2889 3162 3033 3217 enim
3084 3176 3259 3229 neque
3300 3162 3477 3213 lucem

1914 3272 2035 3314 esse
2058 3250 2164 3311 non
2198 3256 2604 3326 aspectabilem,
2632 3269 2809 3323 neque
2848 3253 3074 3323 gloriam
3108 3266 3294 3307 carere
3325 3250 3481 3305 testi-

1912 3349 2039 3413 bus,
2074 3364 2252 3418 neque
2289 3362 2354 3402 eo
2393 3345 2572 3401 redire
2610 3346 2730 3415 ejus
2763 3345 3081 3407 bonitatem,
3116 3351 3177 3396 ut
3216 3357 3374 3397 nemo
3416 3355 3479 3396 ea

1914 3440 2185 3496 frueretur
2221 3459 2234 3495 :
2267 3455 2442 3510 neque
2487 3440 2592 3493 alia
2628 3439 2833 3499 omnia,
2860 3452 2980 3506 qua:
3028 3438 3083 3491 in
3118 3436 3295 3490 divina
3345 3450 3478 3489 cono-

1913 3535 2220 3604 spiciuntur
2255 3541 2473 3595 natura,
2519 3532 2703 3601 jacere
2759 3530 2956 3593 otiosa,
3012 3543 3134 3582 cum
3187 3544 3298 3584 non
3331 3534 3479 3581 esset

1914 3627 2006 3696 qui
2058 3641 2248 3682 eorum
2308 3634 2453 3679 esset
2503 3623 2796 3693 particeps,
2844 3622 3020 3690 iisque
3070 3619 3362 3675 frueretur.
3418 3617 3475 3671 Si

1912 3735 2042 3790 ergo
2071 3718 2233 3774 homo
2257 3716 2380 3771 ideo
2421 3716 2709 3770 deducitur
2748 3716 2813 3767 ad
2844 3712 3268 3783 generationem,
3313 3718 3371 3762 ut
3400 3710 3480 3761 qli-

1912 3810 2163 3862 vinorum
2216 3808 2482 3863 bonorum
2529 3806 2622 3860 ﬁat
2658 3805 2949 3877 particeps,
2996 3804 3306 3859 necessario
3351 3818 3481 3855 con-

1913 3900 2062 3955 ditur
2103 3898 2393 3968 ejusmodi,
2429 3906 2491 3953 ut
2542 3900 2614 3953 sit
2659 3906 2819 3967 aptus
2860 3896 2927 3951 ad
2975 3910 3165 3951 eorum
3211 3895 3478 3949 bonorum

1914 3989 2403 4059 participationem.
2451 3987 2731 4054 Quomodo
2770 3986 2915 4042 enim
2961 3987 3153 4040 oculus
3187 4001 3282 4054 per
3323 3995 3479 4037 natu-

1914 4083 2102 4138 raliter
2148 4081 2371 4136 insitum
2405 4079 2456 4135 ei
2502 4080 2845 4149 splendorem
2892 4077 3033 4132 lucis
3074 4077 3133 4131 ﬁt
3179 4076 3476 4147 particeps.

1914 4189 2011 4245 per
2036 4174 2142 4227 vim
2175 4173 2225 4228 ei
2268 4172 2499 4227 inditam
2531 4169 2675 4241 quod
2724 4170 2827 4225 sibi
2859 4176 3150 4239 cognatum
3193 4177 3277 4223 est
3313 4176 3479 4221 attra-

1912 4268 2051 4323 hens
2080 4285 2095 4322 :
2141 4266 2216 4321 ita
2249 4280 2477 4321 necesse
2512 4270 2632 4319 erat
2668 4271 2728 4316 ut
2765 4262 2823 4317 in
2857 4262 3094 4316 humana
3141 4268 3338 4314 natura
3381 4259 3481 4312 ali-

1914 4360 2044 4432 quid
2078 4360 2500 4422 immisceretur,
2532 4356 2677 4427 quod
2708 4370 2833 4410 cum
2877 4354 2987 4408 Deo
3022 4353 3247 4407 haberet
3278 4365 3480 4420 cogna-

232 4446 322 4497 τὸν
344 4445 506 4514 ἀέρα,
548 4443 626 4513 τῷ
662 4442 721 4495 δὲ
758 4442 821 4494 τὸ
851 4441 995 4512 ὕδωρ
1028 4438 1187 4495 εἶναι.
1226 4441 1413 4507 Οὕτως
1445 4438 1537 4496 οὖν
1586 4443 1679 4496 καὶ
1721 4444 1811 4496 τὸν

1917 4452 2148 4512 tionem,
2197 4456 2255 4503 ut
2285 4455 2509 4517 propter
2542 4443 2978 4501 convenientiam
3018 4450 3296 4495 teneretur
3335 4440 3481 4493 desi-

232 4536 521 4606 ἄνθρωπον
551 4534 643 4586 ἐπὶ
664 4536 729 4604 τῇ
769 4534 877 4587 τῶν
913 4533 1069 4587 θείων
1100 4532 1319 4601 ἀγαθῶν
1351 4533 1647 4589 ἀπολαύσει
1666 4534 1817 4602 γενό-

233 4645 415 4697 μενον,
450 4626 557 4678 ἔδει
584 4643 636 4678 τι
673 4625 931 4693 συγγενὲς
957 4626 1015 4679 ὲν
1047 4627 1112 4695 τῇ
1153 4623 1312 4693 φύσει
1343 4625 1480 4695 πρὸς
1505 4625 1566 4678 τὸ
1591 4625 1814 4696 μετεχό-

231 4736 394 4789 μενον
419 4718 589 4787 ἔχειν.
612 4717 709 4769 Διά
738 4715 896 4769 τοῦτο
926 4718 1018 4769 καὶ
1040 4718 1175 4787 ζωῇ,
1202 4717 1297 4770 καὶ
1324 4716 1595 4787 λόγῳ,καὶ
1631 4716 1811 4787 σοφίᾳ,

228 4814 323 4866 καὶ
350 4814 488 4864 πᾶσι
504 4813 618 4872 τοῖς
642 4809 999 4879 θεοπρεπέσιν
1024 4808 1269 4876 ἀγαθοῖς,
1299 4808 1685 4879 κατεκοσμήθη
1707 4846 1723 4872 ,
1739 4807 1815 4871 ώς

226 4905 293 4957 ἂν
325 4904 393 4956 δι’
417 4903 648 4956 ἑκάστου
677 4900 881 4953 τούτων
906 4900 1039 4971 πρὸς
1072 4900 1131 4952 τὸ
1156 4901 1353 4953 οἰκεῖον
1382 4900 1480 4971 τὴν
1514 4901 1809 4970 ἐπιθυμίαν

229 4997 362 5065 ἔχοι.
403 4993 558 5045 Ἐπεὶ
577 4987 669 5046 οὖν
696 4990 755 5045 ἓν
792 4990 901 5043 τῶν
934 4991 1061 5062 περὶ
1094 4991 1192 5063 τὴν
1222 4990 1372 5046 θείαν
1398 4990 1559 5060 φύσιν
1593 4992 1813 5060 ἀγαθῶν

228 5088 321 5139 καὶ
350 5087 385 5156 ή
416 5084 655 5153 ἀῖδιότης
682 5083 829 5136 ἐστὶν
854 5122 869 5144 .
900 5082 1003 5135 ἔδει
1045 5084 1261 5146 πάντως
1304 5084 1439 5155 μηδὲ
1478 5084 1667 5139 τούτου
1715 5086 1813 5155 τὴν

227 5176 574 5245 κατασκευὴν
603 5173 745 5228 εἶναι
773 5176 872 5244 τῆς
904 5174 1117 5243 φύσεως
1160 5176 1317 5245 ήμῶν
1341 5176 1669 5248 ἀπόκληρον,
1698 5176 1811 5229 ἀλλ’

229 5272 371 5340 ἔχειν
400 5272 459 5324 ὲν
499 5270 667 5339 ἑαυτῇ
698 5267 760 5321 τὸ
796 5267 1061 5321 ἀθάνατον
1080 5307 1095 5331 ,
1132 5268 1206 5331 ὡς
1231 5266 1298 5321 ἂν
1322 5268 1407 5322 διὰ
1430 5270 1529 5340 τῆς
1560 5272 1812 5339 ἐγκειμὰ

227 5381 322 5433 νης
347 5362 634 5433 δυνάμεως
665 5359 980 5429 γνωρίζοιτο
996 5360 1055 5413 τὸ
1076 5360 1484 5431 ὑπερκείμενον,
1505 5363 1596 5415 καὶ
1615 5364 1671 5414 ὲν
1691 5366 1809 5415 ἐπι-

230 5453 397 5523 θυμίᾳ
422 5454 523 5523 τῆς
544 5451 697 5513 θείας
713 5449 1011 5521 ἀῖδιότητος
1028 5450 1131 5521 εἴη.
1148 5444 1334 5503 Ταῦτα
1356 5454 1419 5521 τῇ
1447 5469 1513 5503 πε
1522 5451 1809 5522 ριληπτικῇ

231 5548 379 5615 φωνῇ
407 5544 475 5597 δι’
506 5544 627 5606 ἐνὸς
658 5544 901 5613 ῥήματος
934 5543 963 5594 6
989 5544 1089 5613 τῆς
1116 5543 1476 5613 κοσμογονίας
1518 5544 1811 5609 ἐνεδείξατο

232 5634 403 5701 λόγος,
422 5638 542 5690 κατ’
570 5635 758 5689 εἰκόνα
785 5635 920 5688 Θεοῦ
955 5635 1044 5689 τὸν
1065 5636 1351 5707 ἄνθρωπον
1378 5636 1705 5707 γεγενῆσθαι
1725 5636 1810 5689 λέ-

233 5740 360 5795 τυν.
384 5729 472 5784 Ἐν
499 5728 611 5801 γάρ
626 5730 694 5799 τῇ
722 5726 977 5799 ὁμοιώσει
1000 5730 1067 5799 τῇ
1101 5728 1241 5782 κατὰ
1264 5727 1362 5799 τὴν
1382 5728 1566 5784 εἰκόνα
1593 5730 1809 5793 πάντως

1918 4543 2070 4598 derio
2096 4542 2216 4611 ejus
2242 4539 2387 4611 quod
2418 4539 2468 4595 ei
2516 4548 2662 4594 esset
2692 4536 3088 4607 propinquitate
3131 4549 3195 4589 ac
3237 4534 3481 4587 necessi-

1918 4632 2106 4687 tudine
2145 4633 2519 4701 conjunctum.
2572 4626 2705 4681 Nam
2738 4636 2792 4681 et
2836 4629 2890 4680 in
2927 4637 3121 4679 natura
3171 4625 3476 4684 brutorum,

1916 4740 1978 4778 ea
2028 4724 2229 4794 quibus
2270 4722 2466 4791 obtigit
2505 4730 2565 4775 ut
2592 4720 2758 4773 vitam
2801 4718 3000 4788 degant
3038 4719 3091 4771 in
3136 4733 3274 4787 aqua
3325 4724 3380 4771 et
3422 4718 3481 4769 in

1917 4832 2061 4877 aere,
2096 4813 2315 4869 condita
2360 4822 2490 4868 sunt
2522 4811 2949 4881 unumquodque
2993 4820 3358 4878 congruenter
3389 4822 3481 4877 ge-

1917 4909 2031 4963 neri
2059 4908 2185 4961 vita:
2218 4907 2285 4961 ab
2330 4920 2396 4961 eo
2430 4903 2713 4975 degendae,
2764 4912 2825 4956 ut
2862 4917 2957 4971 per
2989 4909 3194 4955 certam
3234 4898 3482 4967 corporis

1914 4997 2279 5061 ell‘ectionem,
2321 4995 2477 5049 alteri
2517 4994 2737 5065 quidem
2772 4992 3026 5062 proprius
3066 5000 3121 5046 et
3151 4988 3481 5045 conveniens

1913 5096 2061 5144 esset
2082 5104 2196 5151 aer,
2244 5088 2400 5141 alteri
2435 5100 2565 5141 vero
2614 5099 2754 5154 aqua
2785 5101 2797 5137 :
2836 5084 2909 5136 ita
2948 5097 3076 5152 ergo
3111 5084 3273 5134 etiam
3307 5078 3483 5131 homi-

1913 5198 2037 5237 nem
2067 5190 2246 5235 ortum
2288 5179 2356 5233 ad
2402 5177 2691 5233 fruendum
2735 5176 2891 5231 bonis
2929 5173 3150 5237 divinis,
3198 5169 3484 5241 oportebat

1916 5274 2113 5328 habere
2151 5269 2356 5341 aliquid
2394 5269 2449 5323 in
2498 5277 2695 5322 natura
2735 5272 3024 5335 cognatum
3067 5278 3189 5315 cum
3224 5278 3290 5315 eo
3322 5259 3494 5329 cujus.

1914 5372 2062 5419 esset
2103 5362 2403 5433 particeps.
2434 5359 2728 5429 Propterea
2760 5358 2861 5410 fuit
2890 5361 3118 5408 ornatus
3161 5362 3215 5405 ct
3257 5354 3385 5417 vita,
3426 5363 3483 5405 et

1916 5458 2143 5515 ratione,
2185 5464 2238 5510 et
2270 5453 2555 5523 sapientia,
2580 5460 2636 5507 et
2668 5448 2923 5504 omnibus
2954 5446 3128 5505 bonis.
3164 5463 3282 5515 quae
3310 5443 3479 5498 Deum

1912 5548 2123 5609 decent,
2161 5558 2218 5600 ut
2246 5561 2343 5616 per
2373 5541 2792 5613 unumquodque
2814 5554 3002 5593 eorum
3045 5536 3298 5605 ﬂagraret
3328 5537 3481 5604 cupi-

1911 5641 2079 5696 ditatc
2103 5640 2222 5709 ejus
2247 5639 2392 5709 quod
2425 5645 2511 5693 cst
2551 5636 2656 5692 sibi
2686 5632 2965 5702 prOpriutu
2997 5647 3060 5684 ac
3103 5629 3453 5696 conjunctmn

1911 5732 2179 5798 Quoniam
2210 5746 2337 5801 ergo
2371 5744 2537 5787 unum
2586 5743 2647 5783 ex
2699 5725 2767 5781 iis
2801 5724 2957 5782 bonis
2987 5740 3105 5796 qua:
3156 5728 3281 5779 sunt
3320 5721 3374 5773 in
3399 5717 3479 5779 di-
