3978 6482
479 331 548 385 23
1664 334 1722 389 S.
1776 331 2098 389 GREGORII
2137 331 2428 388 NYSSENI
3625 327 3696 382 ‘26

478 447 600 498 vina
625 452 840 508 natura,
871 453 954 500 est
977 446 1138 501 etiam
1163 447 1461 513 aeternitas,
1491 449 1774 518 oportebat
1813 449 2036 503 omnino

2139 448 2230 500 ἐπὶ
2269 448 2329 500 τὸ
2359 447 2510 499 Θεῖον
2559 443 3067 516 χαρακτηριζόντων
3108 445 3141 513 ἠ
3176 443 3571 514 ἀπαρίθμησις,
3605 445 3700 497 καὶ

477 543 679 592 nostrae
705 543 908 589 natura
929 540 1387 594 constructionem
1410 553 1505 594 nec
1527 537 1688 607 hujus
1707 553 1830 593 esse
1849 553 2037 594 exsor-

477 633 607 690 tem,
641 623 736 679 sed
767 625 823 680 in
853 640 911 680 se
949 625 1144 681 habere
1181 627 1664 692 immortalitatem,
1705 636 1766 680 ut
1797 642 1894 696 per
1927 626 2035 679 vim

477 717 580 772 sibi
611 717 827 772 insitam
857 725 1207 786 cognosceret
1255 717 1303 772 id
1333 718 1475 787 quod
1505 724 1590 772 est
1620 731 1954 786 supremum,
1983 722 2036 769 et

477 814 751 862 teneretur
799 807 1070 862 desiderio
1106 800 1303 863 divina:
1346 808 1690 863 aeternitatis.
1746 805 1870 860 Haec
1904 819 2037 860 voce

474 897 646 950 multa
689 899 1103 968 complectente,
1157 915 1264 954 uno
1317 899 1482 954 verbo
1510 898 1750 954 ostendit
1793 897 1928 952 liber
1968 894 2038 950 de

477 993 664 1046 mundi
711 993 938 1064 origine,
989 993 1174 1049 dicens
1223 995 1420 1049 factum
1470 1009 1593 1049 esse
1648 993 1920 1046 hominem
1963 987 2030 1042 ad

478 1085 573 1143 Dei
623 1088 929 1160 imaginem.
971 1089 1026 1143 In
1074 1089 1175 1144 hac
1201 1090 1346 1144 enim
1369 1089 1764 1145 assimilatione
1794 1087 1859 1141 ad
1903 1086 2038 1138 ima-

2131 541 2231 594 ὃσα
2257 539 2382 606 περὶ
2405 536 2607 589 τούτων
2643 533 3052 606 ίστορικώτερον
3069 535 3098 586 6
3118 535 3320 605 Μωσῆς
3348 534 3696 605 διεξέρχεται,

2134 631 2192 682 ὲν
2211 629 2513 698 διηγήσεως
2535 626 2663 679 εἴδει
2685 626 2929 694 δόγματα
2971 627 3101 694 ἡμῖν
3129 624 3577 696 παρατιθέμενος,
3601 624 3699 692 τῆς

2132 719 2386 788 τοιαύτης
2438 717 2620 787 ἔχεται
2677 715 3039 778 διδασκαλίας.
3101 716 3159 767 ’0
3217 716 3326 786 γὰρ
3374 715 3700 786 παράδεισος

2133 813 2360 874 ἐκεῖνος,
2384 809 2478 862 καὶ
2506 811 2540 879 ἡ
2564 809 2672 860 τῶν
2719 808 2947 878 καρπῶν
2993 807 3210 877 ἰδιότης,
3245 801 3320 860 ὧν
3349 808 3382 876 ὴ
3414 806 3613 876 βρῶσις
3635 806 3702 859 ού

2135 901 2370 972 γαστρὸς
2408 898 2741 970 πλησμονὴν,
2765 898 2900 950 ἀλλά
2921 899 3119 966 γνῶσιν
3139 899 3232 950 καὶ
3258 898 3532 966 ἀῖδιότητα
3557 896 3701 966 ζωῆς

2137 994 2248 1055 τοῖς
2280 990 2630 1060 γευσαμένοις
2675 989 2887 1041 δίδωσι’
2927 989 3103 1041 πάντα
3141 988 3312 1041 ταῦτα
3344 989 3555 1058 συνᾴδει
3588 992 3700 1052 τοῖς

2142 1081 2670 1154 προτεθεωρημένοις
2708 1080 2836 1150 περὶ
2867 1080 2958 1132 τὸν
3006 1081 3304 1150 ἄνθρωπον·
3360 1080 3434 1143 ὼς
3490 1079 3699 1149 ἀγαθῆς

478 1197 690 1251 g'nem,
744 1197 807 1238 ea
845 1199 1067 1253 prorsus
1114 1193 1532 1248 enumerantur,
1567 1199 1689 1254 quae
1735 1180 2035 1237 divinitatis

2141 1193 2200 1230 τε
2237 1176 2330 1228 καὶ¹
2374 1175 2431 1226 ὲν
2460 1171 2679 1241 ἀγαθοῖς
2695 1168 2862 1242 οῠσης
2883 1173 3153 1242 καταρχὰς
3174 1175 3305 1243 ἡμῖν
3334 1175 3432 1241 τῆς
3459 1171 3696 1238 φύσεως.

475 1278 842 1342 characterem
879 1279 1206 1348 exprimunt,
1247 1289 1300 1335 et
1334 1294 1671 1350 quaecunque
1705 1280 1773 1334 de
1807 1279 1891 1333 his
1920 1275 2097 1331 Moses
2127 1270 2387 1327 historica
2456 1270 2767 1324 narratione
2804 1269 3072 1338 percurrit
3135 1269 3229 1335 (ita
3271 1277 3447 1321 tamen
3511 1278 3570 1319 ut
3633 1281 3697 1320 ea

476 1367 842 1438 prodogmatis
865 1369 1179 1442 habeamus)
1217 1371 1458 1426 eamdem
1477 1372 1778 1426 doctrinam
1800 1369 2065 1424 redolent.
2096 1362 2388 1418 Paradisus
2409 1361 2550 1415 enim
2590 1361 2678 1415 ille
2699 1359 3078 1428 fructuumque
3099 1360 3418 1428 pr0prietas,
3467 1371 3697 1428 quorum

474 1477 603 1518 esus
626 1477 732 1517 non
761 1464 969 1517 ventris
1006 1467 1366 1532 saturitatem,
1401 1467 1494 1523 sed
1513 1466 1797 1523 scientiam
1823 1473 1878 1520 et
1895 1460 2246 1517 teternilatem
2269 1456 2393 1510 vita:
2419 1454 2762 1525 gustantibus
2783 1454 2950 1507 donat
2975 1470 2990 1506 :
3029 1453 3141 1507 haec
3179 1452 3359 1506 omnia
3393 1458 3701 1520 congruunt

476 1554 545 1609 iis
582 1569 702 1624 quae
729 1563 854 1610 sunt
891 1555 1041 1624 prius
1071 1557 1411 1612 considerata
1458 1558 1512 1611 in
1558 1557 1820 1612 homine:
1852 1568 2045 1622 nempe
2072 1548 2216 1622 quod
2260 1548 2317 1601 in
2349 1545 2508 1602 initio
2525 1553 2708 1600 nostra
2740 1553 2884 1600 esset
2912 1545 3053 1598 bona
3093 1555 3147 1598 et
3195 1544 3246 1597 in
3282 1543 3438 1597 bonis
3478 1552 3696 1597 natura.

544 1646 653 1704 Sed
690 1648 757 1704 iis
819 1665 938 1720 qua:
1006 1649 1151 1704 dicta
1213 1660 1339 1706 sunt
1404 1652 1544 1708 forte
1596 1650 1918 1722 repugnabit
1981 1650 2028 1704 is

2219 1641 2358 1694 Ἀλλ’
2400 1638 2669 1708 ἀντιλέγει
2698 1637 2859 1707 τυχὸν
2890 1639 3002 1700 τοῖς
3043 1636 3352 1707 εἰρημένοις
3382 1637 3410 1689 6
3454 1634 3590 1705 πρὸς
3633 1634 3702 1689 τά

473 1746 568 1814 qui
620 1745 686 1800 ad
736 1747 1022 1816 praesentia
1079 1749 1290 1818 aspicit,
1344 1757 1399 1803 et
1451 1748 1730 1804 existimat
1769 1762 1827 1802 se
1875 1759 2034 1816 posse

2140 1733 2382 1805 παρόντα
2421 1731 2649 1802 βλέπων,
2716 1731 2810 1784 καὶ
2854 1731 3017 1782 οἴεται
3067 1729 3358 1797 διελέγχειν
3399 1727 3487 1780 τὸν
3546 1727 3702 1794 λόγον

473 1841 742 1910 probare,
803 1857 914 1896 non
973 1857 1094 1898 esse
1155 1857 1281 1898 vera
1347 1859 1468 1914 qua:
1538 1843 1837 1904 dicuntur,
1891 1839 2034 1910 quod

2140 1825 2239 1878 οὐκ
2291 1823 2641 1896 ἀληθεύοντα,
2691 1822 2769 1892 τῷ
2819 1823 2892 1893 μὴ
2936 1822 2994 1874 ὲν
3057 1821 3284 1882 ὲκείνοις
3329 1819 3444 1883 νῦν,
3491 1819 3604 1871 ἀλλ’
3644 1821 3704 1872 ὲν

477 1950 586 1988 non
650 1935 707 1994 in
775 1935 926 2001 illis,
976 1936 1071 1992 sed
1138 1937 1194 1991 in
1263 1939 1516 1992 omnibus
1575 1937 1688 1992 fere
1737 1934 2030 1991 contrariis

474 2045 620 2085 nunc
677 2030 841 2086 homo
893 2042 1167 2087 cernatur.
1227 2033 1331 2088 Ubi
1381 2034 1525 2088 enim
1582 2039 1667 2088 est
1727 2032 1912 2086 formae
1943 2029 2029 2084 di-

475 2129 612 2181 vina
686 2126 987 2182 similitudo
1054 2129 1110 2182 in
1183 2129 1408 2182 anima?
1471 2127 1573 2183 Ubi
1646 2125 2028 2197 mgritudinum

476 2225 719 2279 vacuitas
764 2224 820 2278 iu
863 2225 1131 2294 corpore?
1201 2223 1302 2280 Ubi
1349 2225 1543 2279 animre
1585 2218 2036 2279 :eternitas?An-

475 2333 584 2373 non
645 2327 730 2373 est
774 2319 935 2373 homo
996 2320 1175 2375 brevis
1243 2321 1386 2385 vitae,
1443 2320 1721 2390 patibilis,
1768 2318 2029 2381 caducus.

477 2415 627 2468 omni
657 2413 1001 2470 aﬂ‘ectionum
1031 2416 1221 2487 generi
1251 2417 1543 2482 obnoxius,
1578 2423 1632 2471 et
1665 2417 1719 2470 in
1744 2415 1946 2480 anima,
1979 2421 2034 2468 et

475 2512 530 2566 in
561 2515 828 2583 corpore?
857 2514 959 2579 Qui
994 2514 1106 2568 haec
1129 2513 1262 2569 dicit
1297 2523 1354 2569 et
1386 2529 1506 2584 quae
1538 2520 1664 2568 sunt
1693 2509 2030 2581 huiusmodi,

474 2617 531 2663 et
562 2618 810 2663 naturam
846 2609 1166 2676 insectatur,
1213 2609 1546 2666 existimabit
1593 2625 1652 2664 se
1684 2623 1844 2678 posse
1876 2621 2033 2661 ever-

476 2712 591 2761 tere
638 2721 757 2775 qua:
785 2714 911 2760 sunt
956 2706 1154 2760 tradita
1199 2705 1266 2761 de
1313 2705 1548 2761 homine.
1583 2704 1688 2760 Sed
1739 2719 1806 2759 ne
1856 2703 1925 2757 ab
1969 2717 2034 2756 eo

479 2799 625 2870 quod
664 2808 749 2856 est
779 2815 1120 2869 consequens
1165 2810 1220 2856 et
1251 2810 1678 2856 consentaneum
1717 2800 2035 2856 deﬂectatur

481 2898 683 2962 oratio,
736 2898 805 2952 de
862 2897 947 2953 his
1001 2897 1166 2952 etiam
1218 2896 1405 2966 paucis
1455 2899 1827 2953 tractabimus.
1879 2894 2036 2964 Quod

482 3005 628 3046 nunc
655 2990 766 3044 vita
812 2989 1050 3045 humana
1087 2991 1157 3045 sit
1203 2990 1258 3044 in
1298 2990 1365 3045 iis
1418 3007 1538 3060 quae
1588 3001 1717 3045 sunt
1763 2992 1935 3045 aliena
1983 2998 2037 3045 et

487 3083 710 3137 minime
750 3083 1128 3138 convenientia
1161 3121 1176 3146 ,
1239 3097 1345 3138 non
1401 3082 1535 3137 satis
1583 3093 1667 3136 est
1733 3081 2036 3150 argumenti

476 3173 622 3242 quod
669 3173 834 3228 homo
880 3187 1158 3243 nunquam
1217 3172 1377 3228 fuerit
1427 3172 1482 3227 in
1538 3171 1713 3227 bonis.
1768 3171 2034 3236 Quoniam

2136 1919 2270 1970 πᾶσι
2321 1916 2506 1985 σχεδὸν
2548 1917 2661 1978 τοῖς
2702 1913 3039 1976 ὑπεναντίοις
3085 1912 3309 1980 ὁρᾶσθαι
3355 1911 3444 1963 τὸν
3491 1910 3701 1980 ἄνθρω-

2135 2026 2256 2063 πον.
2304 2006 2412 2060 Ποῦ
2479 2007 2584 2075 γάρ
2650 2006 2746 2074 τῆς
2804 2004 2980 2074 ψυχῆς
3042 2002 3104 2054 τὸ
3167 2001 3428 2064 θεοειδές;
3481 1999 3582 2052 ποῦ
3643 1998 3701 2051 δὲ

2135 2103 2169 2170 ἡ
2209 2098 2443 2151 ἀπάθεια
2482 2096 2576 2149 τοῦ
2615 2094 2895 2165 σώματος;
2947 2092 3055 2147 Ποῦ
3089 2096 3185 2163 τῆς
3231 2091 3376 2160 ζωῆς
3406 2090 3466 2144 τὸ
3499 2090 3699 2154 ἀϊδιονς

2148 2189 2462 2258 Ὤκύμορον,
2495 2185 2764 2256 ἐμπαθὲς,
2787 2183 3066 2253 ἐπίκηρον,
3091 2183 3226 2253 πρὸς
3255 2182 3431 2235 πᾶσαν
3452 2179 3706 2246 παθημά-

2135 2299 2242 2334 των
2257 2281 2411 2335 ἰδέαν
2433 2278 2574 2332 κατά
2592 2295 2650 2330 τε
2668 2276 2842 2348 ψυχὴν
2865 2276 2959 2328 καὶ
2988 2277 3144 2345 σῶμα
3167 2273 3483 2344 ἐπιτήδειον.
3524 2270 3708 2324 Ταῦτα

2139 2373 2232 2427 καὶ
2282 2371 2350 2424 τά
2380 2370 2599 2424 τοιαῦτα
2625 2369 2797 2438 λέγων
2846 2368 2939 2422 καὶ
2968 2366 3314 2437 κατατρέχων
3341 2365 3436 2433 τῆς
3465 2363 3704 2430 φύσεως,

2138 2463 2459 2533 ἀνατρέπειν
2482 2462 2574 2515 τὸν
2614 2459 2941 2514 ἀποδοθέντα
2969 2458 3098 2528 περὶ
3125 2456 3216 2510 τοῦ
3239 2454 3518 2527 ἀνθρώπου
3553 2453 3709 2520 λόγον

2137 2555 2395 2626 οἰήσεται.
2430 2553 2567 2606 Ἀλλ’
2594 2551 2669 2615 ὡς
2689 2551 2754 2604 ἀν
2789 2548 3035 2621 μηδαμοῦ
3060 2547 3154 2603 τοῦ
3193 2547 3480 2601 ἀκολούθου
3512 2547 3709 2613 ὁλόγος

2139 2641 2518 2713 παρατραπείη
2531 2681 2544 2702 ,
2560 2640 2653 2692 καὶ
2666 2657 2732 2690 πε
2741 2639 2793 2708 pi.
2812 2638 3014 2694 τούτων
3035 2639 3090 2691 ὲν
3107 2637 3305 2706 ὀλίγοις
3320 2635 3706 2708 διαληψόμεθα.

2140 2730 2214 2784 T6
2244 2729 2336 2783 νῦν
2369 2731 2426 2782 ὲν
2459 2728 2677 2790 ἀτόποις
2711 2724 2850 2782 εἶναι
2877 2728 2976 2798 τὴν
3020 2725 3362 2797 ἀνθρωπίνην
3403 2725 3565 2796 ζωὴν,
3611 2725 3712 2794 οὐχ

2142 2822 2324 2886 ἱκανός
2350 2825 2493 2875 ἐστιν
2526 2819 2760 2889 ἐλεγχος,
2798 2818 2890 2872 τοῦ
2918 2818 3182 2889 μηδέποτε
3223 2818 3312 2871 τὸν
3339 2817 3620 2886 ἄνθρωπον
3651 2817 3710 2868 ὲν

2141 2911 2362 2979 ἀγαθοῖς
2385 2908 2725 2980 γεγενῆσθαι.
2759 2907 2973 2978 Ἐπειδὴ
2991 2906 3098 2976 γάρ
3118 2907 3253 2960 Θεοῦ
3273 2906 3430 2978 ἔργον
3452 2906 3481 2958 6
3505 2904 3711 2975 ἀνθρω-

2144 3001 2370 3067 πος,τοῦ
2393 2998 2845 3069 δι’ἀγαθότητατὸ
2860 2997 2996 3060 ζῶον
3009 2995 3167 3050 τοῦτο
3195 2995 3604 3066 παραγαγόντος
3633 2996 3712 3058 εἰς

2143 3093 2373 3160 γένεσιν,
2403 3093 2503 3144 οὐκ
2526 3090 2592 3143 ἄν
2609 3107 2694 3152 τις
2713 3089 2945 3156 εὐλόγως
2967 3084 3026 3141 οὗ
3043 3090 3076 3157 ἡ
3101 3087 3250 3140 αἰτία
3271 3087 3368 3155 τῆς
3403 3086 3713 3148 συστάσεως

2143 3184 2412 3254 ἀγαθότης
2453 3182 2570 3235 ἐστὶ
2612 3178 3129 3234 καθυποπτεύσειεν.
3174 3177 3312 3231 Ἀλλ’
3345 3177 3530 3246 ἕτερόν
3561 3176 3711 3228 ἐστιν

478 3264 623 3318 enim
663 3263 829 3318 homo
868 3262 962 3319 Dei
1020 3272 1104 3319 est
1138 3278 1296 3333 opus,
1326 3264 1419 3333 qui
1464 3271 1689 3334 propter
1735 3263 2033 3317 bonitatem

2139 3276 2340 3339 αἴτιον,
2380 3274 2471 3326 τοῦ
2507 3271 2681 3326 ταῦτά
2729 3288 2789 3324 τε
2822 3269 2915 3324 νῦν
2949 3269 3077 3338 περὶ
3111 3270 3256 3340 ἡμᾶς
3288 3263 3447 3331 εῖναι,
3479 3267 3571 3320 καὶ
3602 3266 3714 3320 τῶν

479 3354 583 3409 hoc
630 3353 831 3408 animal
885 3354 1111 3409 deduxit
1156 3354 1221 3408 ad
1273 3362 1473 3418 ortum,
1529 3370 1688 3409 nemo
1730 3354 1854 3423 jure
1889 3367 2034 3417 eum,

479 3443 639 3511 cujus
664 3443 878 3501 bonitas
899 3460 1068 3499 causa
1097 3444 1198 3499 fuit
1243 3456 1301 3499 ut
1329 3445 1675 3507 conderetur,
1709 3445 1855 3498 illius
1886 3443 2038 3498 dele-

481 3535 679 3593 ctionis
733 3551 956 3592 causam
1002 3551 1124 3591 esse
1180 3537 1562 3606 suspicabitur.
1624 3535 1727 3591 Sed
1795 3536 1900 3590 alia
1952 3541 2038 3589 est

479 3641 648 3682 causa
669 3640 768 3681 cur
794 3633 849 3682 et
887 3626 1002 3681 haec
1036 3627 1191 3682 nobis
1221 3641 1366 3680 nunc
1404 3627 1609 3688 adsint,
1636 3634 1691 3682 et
1728 3627 1926 3681 deserti
1961 3625 2038 3680 si-

479 3736 604 3774 mus
639 3719 708 3775 ab
737 3719 805 3775 iis
833 3733 952 3789 qua:
987 3726 1113 3774 sunt
1142 3719 1542 3788 praestantiora.
1581 3719 1800 3771 Initium
1856 3725 2038 3772 autem

478 3812 600 3880 ejus
651 3810 797 3880 quod
843 3809 908 3864 ad
963 3809 1067 3864 hoc
1101 3824 1248 3864 nunc
1295 3818 1381 3864 est
1432 3809 1744 3870 dicendum,
1800 3823 1908 3862 non
1953 3816 2037 3862 est

480 3910 748 3957 remotum
797 3900 865 3955 ab
905 3900 1221 3956 assensione
1261 3915 1450 3955 eorum
1494 3902 1589 3972 qui
1631 3900 2033 3954 contradicunt.

480 3991 584 4056 Qui
627 3991 773 4047 enim
821 3993 889 4046 ad
938 3990 1042 4046 hoc
1079 4001 1139 4044 ut
1178 4005 1404 4046 suorum
1460 3990 1723 4044 bonorum
1765 3988 2036 4058 particeps

479 4089 625 4136 csset
668 4081 944 4136 hominem
990 4081 1139 4145 fecit,
1193 4082 1396 4151 quique
1434 4079 1823 4134 adminiculum
1867 4087 1921 4133 et
1953 4094 2038 4132 oc-

479 4173 754 4227 casionem
784 4172 903 4241 ejus
927 4179 1134 4226 natura:
1161 4171 1375 4234 indidit,
1413 4179 1471 4225 ut
1497 4186 1593 4240 per
1618 4170 2038 4240 unumquodque

481 4261 549 4321 ad
588 4261 768 4317 simile
805 4263 1040 4317 ferretur
1071 4263 1352 4332 appetitio,
1385 4278 1492 4316 non
1529 4261 1824 4331 privaverit
1863 4262 2038 4316 homi-

480 4367 602 4406 nem
642 4366 708 4406 eo
742 4351 887 4421 quod
922 4361 1005 4407 est
1041 4353 1309 4407 bonorum
1349 4353 1775 4422 pulcherrimum
1817 4360 1872 4432 et.
1903 4368 2039 4422 prae-

478 4442 900 4506 stantissimum,
933 4444 1046 4506 illa,
1086 4443 1327 4514 inquam,
1358 4444 1534 4515 gratia
1562 4460 1683 4515 quae
1715 4445 1771 4498 in
1813 4459 1878 4499 eo
1907 4461 2040 4499 con-

479 4535 649 4598 sistit,
699 4535 841 4604 quod
895 4550 1004 4589 non
1054 4533 1125 4589 sit
1167 4535 1372 4606 aliquid
1407 4535 1554 4606 quod
1599 4536 1937 4591 dominatum
1980 4537 2036 4591 in

478 4636 601 4676 eum
639 4621 906 4687 obtineat,
937 4630 992 4678 et
1021 4621 1167 4691 quod
1193 4622 1264 4678 sit
1318 4623 1404 4678 sui
1441 4623 1583 4694 juris
1611 4637 1664 4679 et
1692 4624 1850 4678 liberi
1892 4624 2039 4678 arbi-

478 4714 595 4768 trii.
630 4714 688 4767 Si
719 4715 864 4769 enim
892 4715 1016 4769 vitae
1041 4715 1294 4770 humana:
1323 4727 1579 4786 praeesset
1626 4720 1944 4783 necessitas,
1974 4732 2040 4772 ex

478 4819 542 4863 ca
578 4813 731 4873 parte
772 4804 911 4862 falsa
957 4805 1150 4862 fuisset
1189 4808 1390 4878 imago,
1423 4817 1482 4863 ut
1519 4824 1640 4879 quae
1670 4825 1765 4879 per
1795 4809 2042 4864 dissimi-

479 4894 764 4952 litudinem
791 4897 970 4955 aliena
994 4905 1140 4954 esset
1169 4897 1239 4954 ab
1263 4901 1581 4969 exemplari.
1613 4900 1718 4966 Qui
1748 4901 1892 4955 enim
1924 4901 2039 4955 ﬁeri

477 4997 667 5059 posset
715 4997 773 5043 ut
803 4997 997 5045 natura
1036 4990 1226 5046 nescio
1278 4992 1478 5062 quibus
1524 4992 1870 5048 necessitatis
1911 4992 2042 5060 legi-

477 5084 582 5137 bus
621 5084 869 5147 astricta,
919 5091 1128 5139 natura:
1157 5086 1402 5139 omnium
1437 5101 1620 5140 rerum
1660 5083 2042 5139 dominatricis

479 5174 657 5245 imago
701 5173 1014 5230 diceretur?
1050 5175 1205 5242 Quod
1245 5192 1373 5247 ergo
1411 5192 1506 5246 per
1548 5178 1731 5232 omnia
1774 5177 1885 5231 Deo
1923 5182 2042 5230 erat

479 5265 863 5330 assimilatum,
902 5268 1184 5338 Oportebat
1223 5270 1447 5324 omnino
1494 5271 1694 5325 habere
1742 5271 1796 5323 in
1846 5280 2040 5323 natura

479 5356 626 5426 quod
650 5356 750 5413 sibi
778 5361 1088 5428 imperaret,
1125 5366 1179 5413 et
1217 5360 1438 5415 domino
1482 5360 1706 5415 minime
1737 5368 1883 5415 esset
1912 5359 2041 5414 sub-

470 5451 712 5518 jectum,
748 5459 808 5504 ut
842 5451 1061 5508 virtutis
1115 5462 1259 5506 esset
1290 5453 1570 5521 praemium
1613 5451 1879 5505 bonorum
1916 5465 2041 5519 par-

477 5544 740 5615 ticipatio.
782 5542 887 5609 Qui
915 5545 1117 5597 factum
1147 5552 1231 5598 est
1267 5559 1418 5614 ergo,
1450 5544 1686 5612 inquies,
1730 5552 1790 5595 ut
1823 5543 1912 5612 qui
1947 5558 2042 5611 per

477 5637 659 5690 omnia
705 5637 1088 5706 pulcherrimis
1137 5647 1189 5691 et
1220 5636 1689 5705 praestantissimis
1729 5636 1830 5689 fuit
1870 5637 2039 5689 hone-

478 5738 677 5793 smtus,
725 5729 1142 5782 commutaverit
1183 5728 1323 5782 bona
1367 5727 1766 5782 deterioribus?
1818 5725 2038 5780 Clarum

477 5828 660 5882 autem
705 5819 871 5878 estid
912 5835 1126 5893 quoque
1161 5821 1306 5892 quod
1350 5819 1416 5876 de
1454 5835 1519 5876 eo
1566 5816 1853 5875 dicendum
1895 5825 1979 5877 est
2018 5858 2029 5872 .

2137 3367 2544 3437 προτιμοτέρων
2575 3363 2947 3434 ἐρημωθῆναι.
2993 3361 3161 3432 Ἀρχὴ
3181 3361 3237 3413 δὲ
3260 3359 3422 3413 πάλιν
3451 3359 3545 3413 καὶ
3577 3358 3712 3430 πρὸς

2135 3459 2319 3512 τοῦτον
2350 3459 2478 3527 ἡμῖν
2499 3455 2588 3508 τὸν
2613 3455 2789 3523 λόγον,
2812 3453 2910 3506 οὐκ
2930 3452 3127 3516 ἔξωθεν
3153 3452 3252 3522 τῆς
3273 3450 3383 3504 τῶν
3408 3449 3713 3517 ἀντιλεγόν-

2135 3563 2240 3600 των
2275 3547 2391 3599 ὲστὶ
2426 3544 2896 3613 συγκαταθέσεως.
2948 3543 3007 3595 '0
3046 3541 3155 3613 γὰρ
3186 3541 3278 3594 ἐπὶ
3314 3538 3572 3611 μετουσίᾳ
3605 3536 3712 3591 τῶν

2139 3640 2281 3693 ἰδίων
2304 3637 2521 3708 ἀγαθῶν
2550 3639 2778 3708 ποιήσας
2799 3636 2891 3690 τὸν
2918 3634 3224 3706 ἄνθρωπον,
3255 3633 3350 3687 καὶ
3370 3633 3588 3685 πάντων
3614 3632 3712 3683 αύ-

2135 3730 2212 3802 τῷ
2236 3732 2344 3785 τῶν
2369 3729 2548 3784 καλῶν
2574 3728 2672 3793 τάς
2704 3727 2961 3800 ἀφορμὰς
2995 3725 3475 3794 ὲγκατασκευάσας
3501 3725 3568 3794 τῇ
3611 3721 3714 3792 φύ-

2138 3837 2241 3880 σει,
2266 3819 2340 3882 ὼς
2367 3817 2432 3872 ἂν
2449 3817 2759 3871 δι’ὲκάστου
2784 3818 2919 3887 πρὸς
2937 3815 2998 3868 τὸ
3026 3815 3259 3885 ὅμοιονὴ
3280 3815 3458 3885 ὄρεξις
3476 3815 3710 3884 φέροιτο,

2136 3913 2235 3964 οὐκ
2263 3911 2328 3965 ἂν
2362 3910 2456 3965 τοῦ
2507 3910 2792 3964 καλλίστου
2845 3910 2940 3963 καὶ
2976 3909 3305 3978 τιμιωτάτου
3344 3906 3451 3959 τῶν
3493 3904 3712 3974 ἀγαθῶν

2137 4001 2495 4072 ἀπεστέρησε,
2515 4001 2658 4069 λέγω
2671 4000 2734 4071 δὴ
2754 4001 2853 4071 τῆς
2882 3998 3022 4054 κατά
3049 3998 3109 4051 τὸ
3135 3997 3428 4051 ἀδέσποτον
3457 3997 3550 4049 καὶ
3580 3996 3706 4048 αύτ-

2136 4092 2376 4158 εξούσιον
2423 4093 2662 4164 χάριτος.
2696 4094 2758 4145 Εἰ
2794 4093 2902 4162 γάρ
2939 4109 3021 4154 τις
3048 4090 3258 4161 ἀνάγκη
3301 4094 3366 4161 τῇ
3399 4088 3714 4160 ἀνθρωπίνῃ

2136 4183 2421 4235 ἐπεστάτει
2450 4182 2582 4254 ζωῇ,
2609 4181 2895 4251 διεψεύσθη
2926 4181 2991 4235 ἂν
3023 4182 3056 4250 ὴ
3101 4180 3263 4232 εἰκὼν
3287 4182 3406 4234 κατ’
3441 4182 3614 4233 έκεῖνο
3649 4180 3712 4233 τὸ

2140 4273 2325 4345 μέρος,
2383 4273 2805 4346 ἀλλοτριωθείσα
2841 4271 2920 4342 τῷ
2951 4271 3190 4342 ἀνομοίῳ
3234 4271 3369 4341 πρὸς
3397 4270 3458 4322 τὸ
3490 4271 3713 4341 ἀρχέτυ-

2137 4379 2257 4417 πον.
2289 4363 2400 4434 Τῆς
2437 4365 2546 4435 γάρ
2587 4362 2975 4434 βασιλευούσης
3010 4362 3279 4432 φύσεωςὴ
3308 4362 3573 4429 ἀνάγκαις
3599 4362 3712 4414 τισὶ

2138 4453 2512 4526 ὑπεζευγμένη
2534 4473 2594 4508 τε
2624 4456 2717 4508 καὶ
2745 4453 3086 4519 δουλεύουσα,
3108 4454 3224 4517 πῶς
3246 4453 3312 4507 ἂν
3337 4451 3498 4505 εἰκὼν
3517 4453 3713 4522 ὀνομά-

2148 4542 2325 4610 ζοιτο;
2350 4545 2557 4597 Ούκοῦν
2583 4545 2646 4597 τὸ
2672 4543 2760 4597 διὰ
2793 4543 3008 4597 πάντων
3049 4543 3186 4614 πρὸς
3236 4543 3296 4597 τὸ
3319 4542 3472 4596 Θείον
3499 4542 3710 4612 ὡμοιωο

2146 4635 2305 4705 μένον
2334 4635 2440 4687 ἔδει
2486 4636 2703 4698 πάντως
2736 4635 2880 4705 ἔχειν
2913 4636 2971 4687 ὲν
2999 4637 3065 4705 τῇ
3101 4633 3258 4701 φύσει
3294 4632 3354 4685 τὸ
3383 4633 3710 4704 αὐτοκρατὲς

2143 4727 2237 4779 καὶ
2291 4727 2599 4790 ἀδέσποτον,
2649 4727 2789 4779 ὥστε
2833 4723 2994 4779 ἆθλον
3031 4726 3229 4797 ἀρετῆς
3275 4720 3416 4777 εἶναι
3456 4725 3555 4793 τὴν
3602 4725 3711 4776 τῶν

2142 4817 2360 4885 ἀγαθῶν
2406 4817 2713 4886 μετουσίαν.
2747 4815 2918 4869 Πόθεν
2956 4815 3068 4879 οὖν,
3100 4817 3264 4886 ἐρεῖς,
3299 4817 3328 4867 ὁ
3357 4815 3445 4868 διὰ
3495 4817 3710 4871 πάντων

2140 4908 2250 4969 τοῖς
2288 4906 2591 4969 καλλίστοις
2624 4908 3016 4978 τετιμημένος,
3043 4907 3111 4960 τά
3143 4907 3309 4976 χείρω
3346 4905 3456 4959 τῶν
3493 4905 3710 4972 ἀγαθῶν

2142 4997 2537 5066 ἀντηλλάξατο;
2569 4998 2752 5069 Σαφὴς
2773 4999 2830 5052 δὲ
2859 4999 2951 5053 καὶ
2971 5001 3001 5052 6
3026 4998 3151 5069 περὶ
3170 4997 3360 5050 τούτου
3387 4996 3565 5063 λόγος.
3607 4997 3710 5048 Ob-

2140 5089 2301 5159 δεμία
2336 5089 2503 5142 κακοῦ
2535 5089 2745 5158 γένεσις
2771 5091 2834 5143 ὲκ
2866 5090 3010 5144 θείου
3036 5090 3369 5161 βουλήματος
3410 5088 3508 5158 τὴν
3540 5087 3712 5158 ἀρχὴν

2142 5179 2296 5250 ἔσχεν
2318 5196 2332 5210 ·
2372 5175 2406 5250 ἦ
2429 5179 2536 5251 γάρ
2564 5179 2630 5233 ἂν
2655 5179 2758 5245 ἔξω
2783 5181 3041 5251 μέμψεως
3067 5177 3134 5250 ἦν
3156 5182 3188 5250 ὴ
3220 5179 3406 5245 κακία,
3430 5179 3562 5231 Θεὸν
3589 5181 3712 5232 eau-

2140 5277 2239 5343 τῆς
2279 5274 2688 5344 ἐπιγραφομένῃ
2741 5275 2967 5344 ποιητὴν
3017 5274 3110 5325 καὶ
3148 5273 3366 5342 Πατέρα
3398 5290 3410 5302 ·
3448 5272 3562 5324 ἀλλ’
3607 5273 3710 5340 ὲμ-

2142 5363 2332 5432 φύεταί
2382 5381 2496 5428 πως
2539 5366 2599 5418 τὸ
2645 5366 2812 5418 κακὸν
2855 5365 3091 5430 ἔνδοθεν,
3119 5367 3184 5435 τῇ
3244 5363 3557 5434 προαιρέσει
3590 5363 3711 5414 τότε

2143 5456 2550 5525 συνιστάμενον,
2585 5457 2712 5510 ὅταν
2757 5474 2840 5518 τις
2870 5457 2976 5508 ἀπὸ
3004 5455 3099 5509 τοῦ
3154 5455 3316 5508 καλοῦ
3363 5455 3583 5522 γένηται
3613 5453 3712 5521 τῆς

2141 5547 2316 5617 ψυχῆς
2347 5545 2709 5617 ἀναχώρησις.
2741 5547 3002 5617 Καθάπερ
3033 5547 3141 5618 γάρ
3187 5548 3220 5616 ἠ
3257 5547 3443 5614 ὅρασις
3500 5544 3713 5612 φύσεώς

2143 5640 2287 5688 ἐστιν
2309 5637 2585 5705 ἐνέργεια·
2611 5638 2644 5706 ἡ
2673 5637 2730 5688 δὲ
2757 5638 3020 5707 πήρωσις,
3054 5636 3306 5706 στέρησίς
3339 5638 3452 5687 ἐστι
3481 5637 3581 5704 τῆς
3608 5651 3711 5701 φυ-

2145 5727 2300 5794 σικῆς
2327 5728 2602 5797 ἐνεργείας
2622 5726 2823 5790 ὀὕτως
2853 5729 2946 5780 καὶ
2977 5730 3010 5796 ή
3038 5727 3205 5797 ἀρετὴ
3235 5726 3365 5798 πρὸς
3387 5724 3482 5793 τὴν
3513 5724 3712 5778 κακίαν

2143 5818 2490 5890 ἀνθέστηκεν.
2523 5819 2595 5873 Ού
2627 5818 2732 5891 γὰρ
2777 5819 2922 5877 ἔστιν
2951 5819 3114 5892 ἄλλην
3148 5817 3342 5881 κακίας
3373 5816 3584 5886 γένεσιν
3625 5816 3712 5872 ἔνο
