3978 6482
235 338 306 393 25
1444 338 1701 394 ORATIO
1730 337 2206 394 CATECHETICA
2218 380 2232 395 .
3432 334 3503 385 Ϊυ

237 461 451 532 νοῆσαι,
482 461 517 532 ἢ
551 462 758 532 ἀρετῆς
784 459 1073 514 ἀπουσίαν.
1122 460 1334 531 Ὥσπερ
1379 458 1489 531 γὰρ
1516 459 1614 514 τοῦ
1650 460 1814 529 φωτὸς

1924 456 2122 515 Nullus
2153 461 2282 516 mali
2317 468 2471 518 ortus
2516 462 2733 519 initium
2762 461 2921 517 duxit
2963 478 3029 517 ex
3058 460 3156 518 Dei
3188 461 3499 518 voluntate.

240 550 633 623 ὐφαιρεθέντος
654 551 683 603 ὁ
713 551 876 621 ζόφος
903 548 1331 620 ἐπηκολούθησε,
1357 550 1621 620 παρόντος
1645 550 1703 605 δὲ
1727 552 1814 605 οὐκ

1924 550 2135 607 Revera
2155 552 2301 609 enim
2331 553 2469 608 nulli
2494 555 2907 625 reprehensioni
2931 554 3090 610 aliine
3111 562 3260 610 esset
3278 553 3495 618 vitium,

236 644 383 696 ἐστιν
408 659 425 674 ο
455 640 634 703 οὕτως
672 640 776 705 ἕως
819 639 886 693 ἂν
988 639 1050 691 τὸ
1088 638 1291 706 ἀγαθὸν
1320 638 1380 692 ὲν
1421 641 1487 710 τῇ
1516 638 1701 708 φύσει,
1735 640 1814 694 άν‹

1925 654 1982 698 ιιι
2014 643 2162 714 quod
2187 646 2272 700 sui
2299 644 2611 701 effectorem
2642 653 2697 701 et
2728 645 2942 701 Patrem
2979 645 3145 701 Deum
3178 646 3284 700 sibi
3321 646 3496 701 ascri-

238 733 524 804 ὐπαρκτόν
570 734 689 786 ἐστι
718 731 840 785 καθ’
884 730 1046 784 ὲαυτδ
1074 733 1108 799 ὴ
1137 730 1305 783 κακία
1325 748 1337 761 ·
1372 732 1406 801 ἡ
1432 730 1489 785 δὲ
1520 731 1616 785 τοῦ
1645 732 1814 803 κρείτ·

1920 736 2091 800 beret,
2118 736 2212 791 sed
2241 737 2445 793 malum
2466 738 2799 793 intrinsecus
2819 737 3223 808 quodammodo
3250 737 3496 793 innasci-

237 840 384 887 τονος
402 822 780 894 ἀναχώρησις,
799 821 1006 889 γίνεται
1031 820 1124 874 τοῦ
1146 821 1389 874 ἐναντίου
1408 821 1639 888 γένεσις.
1672 823 1814 876 Ἐπεῑ

1920 833 2011 881 tur
2072 826 2130 881 in
2175 826 2349 883 libero
2396 828 2564 883 animi
2613 830 2842 884 arbitrio
2894 837 2951 885 et
3001 829 3305 894 electione,
3364 838 3496 881 tunc

236 911 327 968 οὖν
346 912 512 967 τοῦτο
528 916 630 984 τῆς
658 910 1135 981 αὑτεξουσιότητός
1160 912 1275 965 ἐστι
1301 911 1362 964 τὸ
1392 912 1607 982 ἰδίωμα,
1621 913 1683 966 τὸ
1703 915 1822 968 κατ’

236 1004 490 1071 ἐξουσίαν
522 1004 866 1075 ἀναιρεῖσθαι
893 1004 956 1057 τὸ
986 1002 1357 1074 καταθύμιον,
1388 1005 1485 1076 οὐχ
1516 1008 1546 1059 6
1577 1005 1705 1069 Θεός
1740 1023 1822 1059 σοι

234 1094 343 1147 τῶν
369 1095 665 1164 παρόντων
692 1094 840 1150 ἐστὶν
865 1095 1038 1158 αίτιος
1068 1093 1277 1159 κακῶν,
1316 1092 1611 1150 ἀδέσποτόν
1640 1112 1700 1149 τε
1728 1094 1825 1148 καὶ

234 1188 421 1242 ἄνετον
455 1206 541 1243 σοι
582 1189 1002 1252 κατασκευάσας
1037 1187 1135 1260 τὴν
1167 1189 1329 1259 φύσιν
1348 1231 1363 1255 ,
1392 1189 1507 1243 ἀλλ’
1531 1191 1566 1261 ἡ
1596 1188 1822 1244 ἀϐουλία

233 1282 293 1333 τὸ
317 1283 509 1351 χεῖρον
532 1282 655 1335 ἀντὶ
680 1280 775 1335 τοῦ
808 1280 1118 1353 κρείττονος
1146 1280 1506 1352 προελομένη.

1921 920 2257 984 consistens,
2291 922 2514 990 quando
2556 921 2721 978 fuerit
2766 922 2969 992 aliquis
3002 920 3199 975 animae
3238 935 3494 975 recessus

1920 1011 1990 1065 ah
2036 1027 2102 1067 eo
2162 1012 2309 1083 quod
2361 1014 2565 1068 bonum
2613 1024 2700 1070 est
2741 1022 2797 1070 et
2838 1014 3152 1069 honestum.
3210 1010 3495 1077 Quomodo

1918 1101 2064 1158 enim
2097 1103 2249 1160 visus
2279 1111 2366 1159 est
2401 1112 2611 1160 natura:
2638 1105 2923 1176 operatio;
2956 1104 3169 1160 orbitas
3199 1110 3378 1157 autem
3409 1111 3498 1156 est

1919 1194 2155 1263 privatio
2210 1196 2481 1253 naturalis
2530 1197 2869 1266 operationis
2915 1217 2927 1252 :
2967 1196 3041 1251 ita
3090 1195 3255 1250 etiam
3320 1192 3498 1246 virtus

1918 1283 2240 1340 adversatur
2298 1288 2451 1343 vitio.
2526 1286 2647 1343 Non
2697 1304 2992 1360 possumus
3048 1286 3195 1343 enim
3254 1284 3496 1353 cogitare

232 1375 392 1431 aliam
418 1374 543 1429 vitii
567 1374 996 1446 generationem,
1033 1387 1198 1443 quam
1217 1372 1440 1427 virtutis
1460 1372 1787 1428 absentiam.
1826 1373 2113 1439 Quomodo
2146 1378 2291 1433 enim
2350 1379 2532 1435 ablata
2591 1381 2715 1437 luce
2779 1387 3196 1449 consequuntur
3234 1374 3496 1435 tenebrae,

233 1486 337 1526 non
388 1482 526 1525 sunt
570 1481 753 1526 autem
783 1474 832 1527 si
885 1470 1028 1526 adsit
1062 1488 1076 1524 :
1106 1469 1182 1523 ita
1220 1467 1467 1539 quandiu
1510 1467 1678 1525 fuerit
1711 1468 1915 1524 bonum
1950 1470 2007 1526 in
2038 1481 2256 1540 natura,
2337 1490 2434 1543 per
2481 1491 2542 1531 se
2612 1490 2723 1529 non
2772 1474 3026 1529 consistit
3090 1472 3318 1535 vitium;
3375 1468 3500 1538 ejus

233 1570 414 1619 autem
446 1564 600 1633 quod
642 1572 730 1619 est
757 1563 956 1619 melius
983 1576 1238 1619 recessus
1273 1562 1333 1615 tit
1366 1561 1647 1631 generatio
1678 1561 1965 1618 contrarii.
1996 1562 2265 1630 Quoniam
2308 1580 2438 1638 ergo
2500 1567 2607 1622 hoc
2647 1574 2733 1622 est
2798 1566 3106 1636 proprietas
3166 1561 3326 1618 liberi
3404 1573 3497 1613 ar-

232 1656 400 1721 bitrii,
436 1665 500 1710 ut
527 1656 701 1711 libere
728 1655 877 1726 quod
903 1655 1089 1710 animo
1116 1664 1330 1726 gratum
1359 1653 1524 1709 fuerit
1561 1654 1817 1726 eligatur,
1856 1669 1968 1711 non
1999 1662 2084 1712 est
2147 1657 2247 1714 tibi
2290 1656 2436 1714 Deus
2472 1667 2669 1714 auctor
2714 1666 2771 1714 et
2804 1672 2971 1713 causa
3042 1656 3310 1710 malorum
3352 1668 3493 1722 prae-

231 1754 498 1817 seotium,
531 1761 859 1809 constructa
910 1752 1007 1808 tibi
1054 1760 1250 1807 natura
1284 1766 1408 1822 qua:
1439 1750 1663 1806 domino
1708 1765 1818 1806 non
1858 1762 2013 1822 paret
2041 1761 2236 1826 estque
2256 1754 2428 1811 libera
2452 1762 2509 1810 et
2532 1740 2733 1820 soluta,
2761 1755 2857 1810 sed
2920 1754 3120 1808 malum
3183 1750 3497 1817 consilium,

233 1844 375 1915 quod
410 1843 589 1915 elegit
616 1858 720 1914 pro
750 1842 963 1899 meliori
996 1843 1050 1897 id
1077 1843 1225 1914 quod
1260 1851 1347 1899 est
1373 1842 1635 1899 deterius.

826 1938 1076 1991 ΚΕΦΑΛ.
1125 1938 1219 2005 q‘.

291 2028 495 2099 Ζητεῖς
514 2026 577 2080 δὲ
598 2027 694 2081 καὶ
716 2026 815 2097 τὴν
848 2027 1027 2081 αἰτίαν
1055 2028 1217 2099 τυχὸν
1254 2028 1357 2098 τῆς
1381 2026 1526 2082 κατὰ
1552 2043 1653 2099 την
1692 2025 1813 2097 βου-

228 2117 321 2187 λὴν
341 2114 705 2186 διαμαρτίας
744 2119 826 2179 είς
862 2115 1020 2171 τοῦτο
1058 2118 1167 2190 γὰρ
1200 2119 1233 2189 ἠ
1268 2116 1560 2171 ἀκολουθία
1587 2114 1695 2168 τῶν
1721 2114 1803 2168 λό-

230 2226 338 2276 γων
371 2209 558 2279 φέρει.
591 2207 799 2261 Οὐκοῦν
822 2209 986 2261 πάλιν
1024 2209 1166 2282 ἀρχή
1199 2226 1284 2273 τις
1305 2210 1441 2280 ἡμῖν
1469 2208 1610 2262 κατὰ
1636 2207 1698 2260 τὸ
1724 2205 1815 2259 εῦ-

230 2300 381 2369 λογον
417 2300 803 2371 εὑρεθήσεται,
824 2301 860 2370 ἠ
883 2300 976 2353 καὶ
1001 2299 1159 2353 τοῦτο
1183 2300 1470 2371 σαφηνίσει
1487 2300 1549 2352 τὸ
1570 2301 1811 2371 ζήτημα.

228 2393 487 2448 Τοιοῦτόν
504 2410 630 2447 τινα
661 2392 819 2460 λόγον
858 2391 1009 2463 παρὰ
1030 2392 1138 2445 τῶν
1164 2392 1423 2463 Πατέρων
1444 2390 1809 2460 διεδεξάμεθαυ

228 2487 341 2542 ἐστι
366 2487 427 2541 δὲ
454 2490 485 2541 6
518 2487 701 2554 λόγος,
728 2486 789 2539 οὐ
827 2485 1077 2556 μυθώδης
1106 2485 1379 2556 διήγησις,
1411 2484 1525 2537 ἀλλ’
1557 2483 1619 2548 ἐξ
1644 2484 1815 2554 αὐτῆς

226 2580 325 2651 τῆς
348 2580 575 2649 φύσεως
599 2578 757 2650 ἡμῶν
784 2578 846 2632 τὸ
891 2578 1083 2631 πιστὸν
1125 2579 1486 2648 ἑπαγόμενοςο
1513 2576 1684 2648 Διπλῆ
1730 2575 1817 2640 τίς

228 2670 377 2724 ἐστιν
406 2673 471 2723 ὲν
520 2672 637 2733 τοῖς
690 2665 811 2722 οὖσι
845 2669 1190 2739 κατανόησις,
1230 2671 1310 2732 είς
1330 2669 1391 2722 τὸ
1418 2668 1604 2739 νοητόν
1634 2684 1694 2721 τε
1720 2668 1816 2721 καὶ⁸

228 2759 492 2832 αἰσθητὸν
515 2762 618 2830 τῆς
639 2759 872 2829 θεωρίας
895 2758 1247 2830 διῃρημένης.
1266 2758 1377 2813 Καὶ
1398 2757 1550 2811 οὐδὲν
1572 2756 1642 2812 ἂν
1662 2756 1813 2827 παρὰ

227 2852 408 2905 ταῦτα
458 2850 835 2921 καταληφθείη
885 2851 945 2903 ἐν
1001 2853 1067 2921 τῇ
1112 2851 1221 2904 τῶν
1278 2851 1448 2905 ὄντων
1490 2850 1682 2920 φύσει,
1715 2850 1816 2919 τῆς

229 2942 551 3015 διαιρέσεως
575 2942 781 3014 ταύτης
801 2943 908 3008 ἔξω
932 2943 1253 3015 φερόμενον.
1271 2943 1534 3013 Διῄρηται
1559 2942 1615 2995 δὲ
1642 2940 1817 2994 ταῦτα

232 3035 374 3105 πρὸς
406 3034 612 3104 ἄλληλα
635 3034 821 3105 πολλῷ
846 3034 925 3105 τῷ
959 3035 1129 3105 μέσῳ,
1152 3034 1229 3097 ὡς
1264 3034 1400 3104 μήτε
1429 3033 1525 3105 τὴν
1552 3032 1816 3104 αίσθητὴν

231 3128 291 3180 ὲν
309 3129 423 3191 τοῖς
450 3129 669 3197 νοητοῖς
700 3121 840 3180 εἶναι
864 3128 1228 3199 γνωρίσμασι,
1248 3128 1383 3197 μήτε
1411 3128 1467 3179 ὲν
1492 3127 1607 3189 τοῖς
1629 3124 1817 3196 αίσθη-

229 3220 340 3282 τοῖς
396 3217 619 3286 ἐκείνην
638 3259 654 3283 ,
688 3217 803 3272 ἀλλ’
830 3218 943 3271 ἀπὸ
974 3218 1082 3272 τῶν
1118 3218 1377 3272 ἐναντίων
1422 3217 1686 3285 ἑκατέραν
1717 3234 1816 3287 χα-

2530 1928 2760 1985 CAPUT
2802 1928 2891 1984 Vl.

1992 2024 2205 2092 Quaeris
2257 2032 2439 2079 autem
2493 2025 2658 2078 etiam
2710 2022 2945 2078 fortasse
2996 2038 3219 2078 causam
3286 2028 3495 2094 peccati

1920 2117 2067 2189 quod
2096 2115 2351 2172 consulto
2380 2115 2712 2176 admittitur,
2754 2130 2820 2170 eo
2865 2115 3010 2169 enim
3042 2115 3263 2170 deducit
3292 2119 3497 2172 oratio-

1920 2211 2010 2266 nis
2065 2208 2476 2278 consajuentia.
2534 2205 2751 2263 Rursus
2803 2221 2934 2277 ergo
2977 2206 3137 2261 nobis
3186 2207 3497 2263 invenietur

1921 2300 2144 2370 aliquod
2193 2300 2545 2370 principium,
2604 2308 2662 2354 ut
2704 2307 2791 2355 est
2837 2307 3293 2363 consentaneum,
3346 2301 3495 2367 quod

1920 2393 2065 2448 hanc
2122 2394 2289 2448 etiam
2349 2392 2649 2462 explicabit
2697 2392 3075 2461 quaestionem.
3145 2391 3190 2445 A
3241 2391 3499 2449 Patribus

1921 2486 2211 2556 quamdam
2262 2486 2425 2539 talem
2470 2484 2782 2540 invenimus
2807 2484 3135 2548 orationem,
3189 2493 3275 2539 est
3312 2496 3496 2539 autem

1921 2576 2122 2640 oratio,
2164 2591 2272 2629 non
2308 2575 2559 2630 fabulosa
2592 2576 2856 2638 narratio,
2891 2575 2986 2629 sed
3008 2590 3129 2645 qua:
3159 2590 3226 2629 es
3252 2576 3369 2644 ipsa
3398 2591 3498 2630 na-

1920 2675 2047 2722 tura
2087 2668 2251 2723 all’ert
2295 2666 2735 2734 probabilitatem
2761 2666 3001 2735 :Duplex
3051 2674 3137 2722 est
3191 2667 3246 2721 in
3283 2668 3353 2722 iis
3375 2684 3496 2738 quae

1923 2770 2053 2817 sunt
2077 2761 2470 2822 consideratio,
2506 2760 2560 2813 in
2593 2758 2646 2813 id
2681 2758 2826 2828 quod
2856 2759 3155 2828 percipitur
3187 2760 3496 2829 intelligen-

1923 2854 2018 2919 tia,
2052 2860 2107 2908 et
2144 2854 2199 2908 id
2231 2853 2379 2922 quod
2420 2860 2506 2906 est
2537 2850 2759 2915 sensile,
2793 2848 2970 2903 divisa
3013 2852 3474 2920 contemplatione

1920 2943 2109 3013 Neque
2137 2952 2332 3013 praeter
2370 2942 2485 2995 haec
2506 2940 2804 3010 quidquam
2835 2940 3068 3010 relinqui
3105 2949 3287 3009 potest
3324 2942 3378 2995 in
3408 2959 3494 2996 re-

1923 3049 2045 3091 rum
2096 3045 2311 3096 natura,
2342 3032 2487 3104 quod
2524 3031 2734 3087 feratur
2761 3041 2915 3087 extra
2971 3032 3113 3088 hanc
3144 3033 3491 3090 divisionem.

1925 3126 2122 3198 Magno
2154 3136 2335 3181 autem
2380 3125 2669 3181 intervallo
2706 3134 2836 3181 sunt
2865 3124 2980 3181 haec
3018 3126 3161 3181 inter
3191 3142 3252 3182 se
3281 3126 3492 3196 disjun-

1924 3227 2033 3283 cta,
2059 3225 2119 3271 ut
2151 3231 2328 3286 neque
2373 3218 2592 3287 cognita
2624 3216 2697 3272 sit
2737 3217 2956 3272 sensilis
2981 3218 3122 3271 inter
3150 3234 3212 3273 ea
3239 3232 3362 3288 quae
3402 3233 3495 3272 ca-

232 3304 684 3375 ρακτηρίζεσθαι.
727 3305 794 3358 Ἦ
823 3306 920 3375 μὲν
946 3306 1056 3378 γὰρ
1089 3306 1254 3378 νοητὴ
1302 3306 1463 3376 φύσις
1482 3346 1497 3370 ,
1524 3305 1814 3376 ἀσώματόν

1921 3307 2060 3361 dunt
2091 3307 2195 3363 sub
2228 3306 2672 3376 intelligentiam,
2699 3322 2800 3362 nec
2829 3323 2950 3377 quae
2982 3309 3340 3378 intelligentia
3373 3324 3497 3378 per-

229 3412 281 3448 τι
320 3395 522 3466 χρῆμά
559 3396 677 3448 ἐστι
720 3396 817 3449 καὶ
861 3397 1064 3465 ἀναφὲς
1107 3398 1200 3450 καὶ
1230 3396 1489 3451 ἀνείδεον.
1529 3398 1595 3451 Ἦ
1629 3397 1690 3451 δὲ
1734 3399 1819 3451 αί-

229 3488 400 3560 σθητὴ
434 3488 559 3542 κατ’
605 3487 741 3541 αὐτὸ
769 3489 831 3541 τὸ
864 3489 1056 3559 ὄνομα,
1088 3490 1239 3553 ἐντός
1285 3491 1400 3543 ἐστι
1433 3490 1534 3562 τῆς
1573 3489 1663 3544 διὰ
1709 3491 1817 3545 τῶν

228 3580 609 3652 αίσθητηρίων
633 3582 1034 3652 κατανοήσεως.
1082 3580 1222 3635 Ἀλλ’
1258 3580 1446 3653 ὥσπερ
1477 3583 1535 3636 ἑν
1564 3580 1715 3653 αὐτῷ
1742 3581 1817 3654 τῷ

229 3672 478 3743 αἰσθητῷ
507 3673 701 3742 κόσμῳ
748 3672 952 3743 πολλῆς
983 3674 1120 3745 πρὸς
1152 3673 1357 3745 ἄλληλα
1391 3674 1503 3728 τῶν
1536 3674 1817 3745 στοιχείων

225 3763 392 3834 οὔσης
420 3763 819 3828 ἐναντιώσεως,
847 3765 1185 3836 ὲπινενόηταί
1209 3782 1292 3829 τις
1323 3766 1557 3837 ἁρμονία
1593 3765 1682 3820 διὰ
1707 3765 1817 3822 τῶν

229 3854 492 3907 ἐναντίων
516 3854 867 3925 άρμοζομένη
898 3856 1049 3927 παρὰ
1076 3857 1179 3927 τῆς
1212 3855 1310 3911 τοῦ
1362 3857 1563 3921 παντὸς
1587 3859 1813 3911 ἐπιστα-

226 3947 427 4017 τοὺσης
460 3947 655 4016 σοφίας
675 3963 690 3979 ο
726 3949 821 4001 καὶ
864 3948 1037 4011 οὓτως
1072 3949 1252 4020 πάσης
1275 3949 1483 4019 γίνεται
1518 3950 1654 4020 πρὸς
1687 3951 1816 4002 ἐαυ-

226 4039 327 4107 τὴν
372 4036 673 4106 συμφωνία
709 4036 812 4107 τῆς
863 4038 1113 4101 κτίσεως,
1158 4037 1393 4108 οὐδαμοῦ
1436 4038 1537 4109 τῆς
1580 4039 1817 4108 φυσικῆς

228 4130 609 4199 ιναντιότητος
645 4129 737 4182 τὸν
777 4131 880 4199 τῆς
914 4130 1215 4201 συμπνοίας
1244 4131 1435 4201 εἱρμὸν
1470 4130 1812 4203 διαλυούσης,

228 4222 371 4276 κατὰ
416 4222 516 4275 τὸν
560 4221 726 4275 αὑτὸν
780 4222 981 4294 τρόπον
1026 4222 1243 4276 καὶτοῦ
1295 4222 1555 4293 αἰσθητοῦ
1592 4224 1729 4295 πρὸς
1755 4224 1815 4277 τὸ

226 4314 415 4384 νοητὸν
464 4313 677 4381 γίνεταί
720 4330 810 4378 τις
856 4314 1001 4368 κατὰ
1046 4314 1199 4368 θείαν
1245 4316 1436 4385 σοφίαν
1465 4316 1611 4385 μίξις
1631 4334 1689 4371 τε
1719 4316 1814 4370 καὶ

227 4405 557 4478 ἀνάκρασις,
571 4409 647 4472 ὡς
670 4406 736 4460 ἂν
763 4408 943 4460 πάντα
976 4404 1070 4461 τοῦ
1109 4407 1272 4461 καλοῦ
1295 4409 1437 4462 κατὰ
1455 4410 1516 4463 τὸ
1536 4408 1652 4463 ῐσον
1686 4427 1787 4480 μετ
1802 4437 1816 4449 -

227 4500 359 4569 ἑχοι,
397 4501 499 4553 καὶ
536 4500 704 4571 μηδὲν
739 4502 848 4554 τῶν
887 4501 1059 4556 ὅντων
1080 4502 1333 4573 ἀμοιροίη
1366 4504 1464 4573 τῆς
1506 4502 1813 4573 κρείττονος

228 4592 465 4659 φύσεως.
496 4592 597 4645 Διά
622 4593 782 4646 τοῦτο
801 4594 862 4647 τὸ
888 4596 987 4664 μὲν
1007 4593 1340 4664 κατάλληλον
1362 4597 1429 4665 τῇ
1453 4598 1617 4666 νοητῇ
1653 4593 1812 4663 φύσει

1921 3399 2200 3468 cipiuntur
2249 3400 2392 3453 inter
2445 3399 2696 3463 sensilia,
2749 3399 2845 3454 sed
2892 3409 3124 3470 utraque
3177 3400 3408 3455 formam
3441 3410 3496 3455 et

1919 3490 2292 3544 characterem
2333 3488 2613 3558 accipiunt
2659 3504 2689 3542 a
2722 3491 3040 3546 contrariis.
3073 3488 3207 3545 Nam
3239 3507 3362 3559 quae
3407 3491 3495 3544 in-

1920 3578 2220 3649 telligentia
2259 3579 2477 3648 quidem
2508 3579 2810 3649 percipitur
2849 3587 3069 3645 natura,
3106 3590 3191 3636 est
3221 3597 3310 3637 res
3343 3597 3494 3651 qua:-

1852 3670 1876 3693 "
1920 3670 2045 3724 dam
2088 3685 2432 3739 Incorporea,
2462 3677 2517 3724 et
2551 3669 2832 3736 intactilis,
2863 3680 2917 3726 et
2945 3670 3214 3727 informis.
3261 3672 3496 3730 Sensilis

1921 3771 2100 3816 autem
2148 3777 2212 3816 ex
2246 3761 2366 3831 ipso
2408 3761 2656 3823 nomine,
2707 3770 2791 3816 est
2831 3763 2974 3816 intra
3014 3763 3212 3818 mentis
3240 3778 3495 3833 compre-

1920 3854 2239 3910 hensionem
2286 3870 2407 3923 quae
2453 3854 2555 3909 fuit
2610 3870 2708 3924 per
2752 3854 3001 3909 sensilia.
3048 3854 3155 3911 Sed
3220 3859 3497 3925 quomodo

1919 3963 2044 4002 cum
2075 3947 2129 4001 in
2164 3946 2368 4001 mundo
2396 3961 2591 4016 magna
2624 3947 2696 4002 sit
2723 3947 2865 4001 inter
2901 3963 2961 4002 se
2998 3947 3229 4002 invicem
3257 3949 3499 4003 elemen—

1919 4048 2100 4094 torum
2148 4039 2526 4109 repugnantia,
2571 4053 2599 4091 a
2641 4039 2910 4110 sapientia
2955 4055 3078 4108 qua:
3127 4034 3329 4108 praeest
3373 4043 3495 4094 uni-

1917 4130 2187 4193 versitati,
2243 4129 2549 4199 excogitata
2600 4138 2685 4185 est
2721 4129 2966 4200 quaedam
3015 4132 3325 4194 harmonia,
3373 4149 3497 4201 quae

1918 4220 2285 4275 concinnatur
2327 4229 2381 4277 et
2414 4228 2633 4290 aptatur
2671 4237 2765 4290 per
2795 4224 3198 4290 contraria;et
3239 4225 3317 4279 ita
3369 4225 3496 4280 uni-

1915 4327 2089 4367 versa
2124 4322 2389 4367 creaturae
2434 4311 2501 4365 ad
2544 4312 2777 4382 seipsam
2829 4314 3141 4368 extenditur
3168 4324 3490 4379 concentus,

1916 4404 2157 4459 naturali
2186 4405 2543 4475 repugnantia
2583 4404 2806 4459 minime
2837 4406 3085 4460 solvente
3116 4407 3313 4461 seriem
3353 4423 3490 4461 con-

1916 4495 2231 4565 spirationis
2268 4514 2281 4549 :
2322 4496 2509 4550 eodem
2562 4496 2724 4549 modo
2768 4496 2889 4563 ejus
2933 4496 3079 4565 quod
3132 4506 3215 4553 est
3266 4499 3490 4565 sensile,

1915 4599 2041 4638 cum
2090 4601 2156 4640 eo
2208 4584 2354 4654 quod
2398 4584 2543 4639 cadit
2596 4586 2700 4639 sub
2740 4585 3177 4655 intelligentiam,
3224 4602 3254 4639 a
3307 4587 3495 4641 divina

225 4684 448 4753 χωρίον,
471 4684 504 4752 ἠ
546 4682 739 4754 λεπτὴ,
763 4683 953 4754 λογικὴ
995 4684 1088 4737 καὶ
1125 4684 1407 4753 εὐκίνητός
1448 4685 1595 4737 ἐστιν
1620 4684 1775 4738 οὐσία
1795 4723 1810 4747 ,

1920 4673 2189 4743 sapientia
2234 4673 2292 4727 [it
2335 4674 2581 4743 quaedam
2631 4675 2942 4729 commistio
2985 4684 3039 4729 et
3089 4677 3389 4740 concretio,
3431 4684 3492 4731 ut

224 4774 363 4827 κατὰ
387 4772 494 4845 τὴν
518 4775 888 4846 ὕπερκόσμιον
916 4776 1067 4848 λῆξιν
1098 4775 1298 4847 πολλὴν
1334 4776 1531 4847 ἔχουσα
1562 4776 1641 4846 τῷ
1676 4775 1811 4830 ίδιά-

224 4865 370 4930 (om
409 4869 513 4938 τῆς
558 4868 774 4937 φύσεως
833 4870 969 4937 πρὸς
1000 4868 1061 4922 τὸ
1114 4869 1302 4940 νοητὸν
1336 4868 1436 4939 τὴν
1471 4868 1811 4937 συγγένειαν.

223 4957 549 5029 Προμηθείᾳ
589 4957 645 5012 δὲ
688 4958 957 5029 κρείττονι
1013 4960 1149 5029 πρὸς
1202 4958 1302 5029 τὴν
1341 4958 1604 5029 αἰσθητὴν
1652 4958 1813 5026 φύσιν

224 5049 436 5115 γίνεταί
492 5066 579 5111 τις
626 5049 722 5102 τοῦ
780 5049 975 5120 νοητοῦ
1031 5049 1448 5121 συνανάκρασις,
1482 5050 1558 5114 ὡς
1606 5049 1674 5103 ἂν
1711 5067 1809 5121 μη-

223 5138 311 5191 δὲν
374 5137 689 5209 ἀπόϐλητον
748 5140 833 5210 εἴη
891 5140 992 5210 τῆς
1045 5140 1295 5204 κτίσεως,
1349 5138 1530 5203 καθώς
1584 5156 1748 5211 φησιν
1781 5141 1811 5192 6

236 5228 599 5293 Ἀπόστολος,
643 5228 779 5299 μηδὲ
810 5229 912 5299 τῆς
945 5228 1097 5294 θείας
1140 5229 1423 5293 κοινωνίας
1479 5229 1813 5301 ἀπόκληρον,

225 5317 430 5371 Τούτου
481 5318 643 5389 χάριν
690 5320 755 5372 ὲκ
807 5318 999 5389 νοητοῦ
1026 5337 1085 5372 τε
1118 5320 1213 5373 καὶ
1253 5320 1546 5391 αίσθητοῦ,
1570 5322 1630 5374 τὸ
1676 5320 1818 5375 κατὰ

224 5407 314 5459 τὸν
345 5408 638 5479 ἄνθρωπον
683 5409 861 5479 μίγμα
912 5411 1065 5481 παρὰ
1106 5413 1207 5482 τῆς
1242 5410 1391 5475 θείας
1439 5412 1816 5467 ἀναδείκνυται

230 5497 464 5564 φύσεως,
496 5499 683 5563 καθὼς
709 5500 950 5556 διδάσκει
992 5502 1092 5572 τῆς
1141 5502 1524 5574 κοσμογενείας
1555 5504 1584 5557 6
1633 5504 1806 5572 λόγος.

230 5590 436 5643 Λαϐὼν
472 5592 603 5663 γὰρ,
645 5594 885 5663 φησὶν,ό
914 5595 1056 5661 Θεὸς
1090 5596 1243 5665 χοῦν
1274 5596 1389 5651 ἀπὸ
1421 5596 1529 5666 τῆς
1546 5597 1678 5669 γῆς,
1706 5599 1815 5657 τὸν

307 5764 373 5821 Ἰ
416 5765 655 5824 Τίιιιοιιι.
698 5785 771 5832 iv,
811 5769 863 5829 4.

1917 4764 2102 4819 omnia
2158 4781 2224 4819 ex
2272 4780 2429 4834 atquo
2484 4772 2695 4834 partem
2737 4764 2974 4819 habeant
3026 4765 3167 4834 ejus,
3222 4765 3367 4836 quod
3408 4775 3494 4821 est

1921 4857 2211 4927 pulchrum
2242 4865 2298 4911 et
2328 4856 2644 4919 honestum,
2671 4863 2726 4911 et
2757 4871 2821 4910 ex
2850 4857 2917 4911 iis
2951 4874 3072 4927 qua:
3101 4867 3230 4913 sunt
3257 4860 3391 4913 nihil
3419 4859 3495 4915 sit

1915 4965 2110 5020 expers
2165 4958 2375 5003 natura:
2410 4948 2674 5003 melioris.
2724 4947 3017 5018 Propterea
3072 4951 3226 5004 locus
3266 4949 3486 5019 quidem

1916 5055 2229 5111 congruens
2278 5040 2579 5095 intellectili
2617 5048 2849 5103 naturae,
2900 5042 3080 5095 tenuis
3112 5051 3198 5096 est
3249 5051 3300 5094 et
3331 5041 3490 5110 agilis

1917 5132 2226 5188 substantia
2265 5146 2385 5201 quae
2413 5131 2468 5185 in
2512 5133 2957 5201 supramundana
2990 5133 3209 5203 regione
3242 5134 3491 5201 proprie-

1915 5232 2028 5279 tate
2063 5231 2274 5278 natura:
2324 5238 2438 5278 suae
2490 5238 2740 5294 magnam
2800 5224 2963 5279 habet
3011 5239 3133 5277 cum
3183 5223 3488 5279 intellectili

1915 5317 2317 5387 cognationem.
2369 5314 2576 5370 Heliori
2610 5324 2791 5370 autem
2837 5316 3201 5385 providenlia,
3237 5314 3486 5385 qumdam

1916 5409 1976 5463 tit
2014 5408 2447 5478 contemperatio
2479 5408 2600 5475 ejus
2628 5404 2773 5476 quod
2830 5405 3128 5475 percipitur
3184 5405 3488 5476 intelligen-

1916 5502 1993 5554 tia
2034 5515 2161 5555 cum
2205 5499 2396 5554 sensili
2438 5506 2656 5561 natura,
2692 5507 2749 5552 ut
2777 5504 3042 5551 creaturae
3083 5494 3221 5550 nihil
3252 5495 3324 5551 sit
3356 5493 3487 5564 reji-

1923 5593 2199 5661 cicndum,
2236 5601 2296 5648 ut
2326 5592 2460 5647 dicit
2489 5590 2782 5665 Apostolus
2804 5593 2844 5654 ²,
2875 5604 3047 5659 neque
3067 5604 3261 5661 expers
3290 5587 3489 5647 divina:
