3978 6520
480 348 550 403 ετ
1709 356 1767 410 S.
1809 356 2136 416 GREGORII
2174 360 2218 415 Ν
2225 361 2469 418 YSSENI
3644 380 3711 434 28

475 469 897 526 communionis.
931 468 1004 523 Ea
1040 470 1108 525 de
1139 484 1329 536 causa,
1356 488 1420 528 ex
1458 488 1526 530 eo
1551 476 1697 545 quod
1736 478 2035 549 percipitur

2141 482 2452 552 ἄνθρωπον
2490 484 2753 537 ἔπλασε·
2792 487 2887 537 καὶ
2917 485 3007 538 διὰ
3051 485 3151 555 τῆς
3191 487 3323 550 ἰδίας
3367 488 3715 557 ἐμπνεύσεως

474 561 848 631 intelligentia,
898 569 953 615 et
984 576 1049 615 eo
1090 563 1234 631 quod
1269 563 1412 618 cadit
1444 564 1548 621 sub
1589 581 1833 632 sensum,
1876 570 1936 623 lit
1982 572 2037 624 in

475 653 693 706 nomine
739 652 987 720 quaedam
1038 654 1223 708 mistio
1252 670 1282 709 a
1314 655 1496 710 divina
1535 664 1756 722 natura,
1795 670 1853 714 ut
1879 661 2039 716 docet

473 744 612 796 liber
660 742 847 797 ntundi
908 744 1298 813 generationis.
1358 745 1491 801 Cum
1528 749 1671 802 enim
1720 753 2035 817 accepisset,

473 834 679 901 inquit,
715 833 855 888 Deus
906 836 1087 889 limum
1128 853 1193 891 ea:
1244 847 1412 906 terra,
1455 840 1610 908 finxit
1653 841 1943 909 hominem,
1986 852 2040 899 et

475 939 570 991 per
622 926 899 995 propriam
955 928 1366 998 inspirationem
1435 932 1693 1002 ﬁgmento
1744 935 2040 991 insulﬂavit

474 1019 671 1083 vitam;
712 1026 771 1071 ut
798 1033 920 1072 cum
952 1034 1019 1074 eo
1047 1020 1192 1090 quod
1220 1031 1305 1077 est
1331 1022 1576 1079 divinum
1613 1026 1777 1081 simul
1809 1029 2039 1083 extolle-

473 1117 622 1160 retur
661 1115 960 1173 terrenum,
999 1120 1053 1164 et
1098 1127 1205 1165 una
1249 1114 1420 1184 gratia
1455 1116 1572 1185 pari
1602 1117 1812 1173 honore
1854 1134 2040 1189 perva-

472 1194 622 1251 deret
658 1198 967 1254 universam
997 1211 1321 1267 creaturam,
1372 1205 1618 1261 inferiori
1660 1217 1855 1264 natura
1899 1226 2038 1265 con-

474 1296 775 1358 temperata
823 1306 947 1345 cum
1012 1296 1477 1363 supramundana.
1524 1300 1658 1354 Cum
1701 1317 1831 1373 ergo
1886 1306 2038 1372 prius

471 1380 806 1435 consistente
855 1397 973 1450 qua:
1022 1386 1379 1457 intelligentia
1417 1391 1720 1460 percipitur
1766 1402 2037 1463 creatura,

470 1478 525 1523 et
557 1473 921 1541 angelicarum
950 1476 1210 1531 virtutum
1244 1494 1570 1551 unaquaque
1596 1486 1933 1553 operatione,
1971 1488 2038 1543 ab

471 1574 533 1612 ea
582 1576 701 1629 qua:
743 1575 939 1632 prwest
991 1567 1264 1624 universis
1321 1579 1611 1641 potestate,
1665 1576 1930 1631 attributa
1970 1578 2037 1632 ad

471 1655 916 1710 constitutionem
964 1659 1364 1730 universitatis,
1409 1672 1555 1719 esset
1587 1666 1834 1735 qumdam
1882 1676 2037 1736 pote-

471 1751 585 1798 stas
631 1746 899 1811 ordinata,
957 1757 1015 1802 ut
1063 1751 1243 1806 locum
1290 1761 1606 1810 terrestrem
1648 1758 1954 1813 contineret
1983 1768 2039 1813 et

2142 570 2222 641 τῷ
2271 570 2547 640 πλάσματι
2595 572 2691 642 τὴν
2738 572 2883 643 ζωὴν
2924 573 3287 645 ἐνεφύσησεν·
3336 577 3411 639 ὡς
3466 572 3531 631 ἂν
3586 596 3711 634 συν-

2141 664 2404 735 επαρθείη
2449 664 2526 733 τῷ
2566 663 2695 734 θείῳ
2740 664 2798 717 τὸ
2842 666 3024 734 γήϊνον
3048 706 3062 728 ,
3095 667 3186 718 καὶ
3231 666 3328 737 μία
3355 685 3439 731 τις
3475 672 3614 724 κατὰ
3653 672 3715 725 τὸ

2141 756 2401 825 ὁμότιμον
2426 756 2514 809 διὰ
2548 758 2726 825 πάσης
2753 756 2853 826 τῆς
2886 755 3115 820 κτίσεως
3143 760 3175 827 η
3200 758 3359 829 χάρις
3385 759 3581 830 διήκοι,
3610 766 3715 831 τῆς

2143 844 2294 898 κάτω
2326 846 2540 914 φύσεως
2575 846 2706 914 πρὸς
2732 844 2828 915 τὴν
2860 847 3223 917 ὑπερκόσμιον
3256 852 3707 921 συγκιρναμένης.

2153 935 2307 988 Ἐπεὶ
2338 931 2429 989 οὖν
2474 936 2575 1005 τῆς
2613 935 2809 1004 νοητῆς
2866 936 3095 999 κτίσεως
3142 940 3581 1010 προῦποστάσης,
3616 944 3713 995 καὶ

2142 1028 2377 1097 ἑκάστης
2403 1028 2513 1082 τῶν
2540 1026 2848 1096 ἀγγελικῶν
2868 1029 3150 1099 δυνάμεων
3172 1031 3309 1102 πρὸς
3336 1031 3434 1103 τὴν
3456 1032 3559 1085 τοῦ
3573 1051 3711 1086 παν-

2138 1121 2230 1185 τὸς
2256 1124 2512 1174 σύστασιν
2552 1121 2830 1192 ἐνεργείας
2855 1121 3000 1185 τινὸς
3040 1122 3192 1193 παρὰ
3231 1123 3333 1194 τῆς
3357 1123 3466 1178 τῶν
3495 1126 3710 1180 πάντων

2139 1211 2531 1284 ὲπιστατούσης
2557 1211 2799 1276 ἐξουσίας
2837 1213 3322 1285 προσνεμηθείσης,
3356 1210 3426 1285 ῆν
3449 1232 3532 1279 τις
3553 1216 3711 1270 δύνα-

2143 1319 2237 1372 μις
2272 1303 2305 1372 ἡ
2342 1300 2433 1354 τδν
2467 1300 2742 1371 περίγειον
2771 1301 2931 1355 τόπον
2956 1302 3197 1373 συνέχειν
3224 1321 3284 1356 τε
3324 1306 3420 1358 καὶ
3441 1323 3711 1377 περικρα·

2138 1396 2251 1447 τείν
2287 1393 2618 1463 τεταγμένη,
2649 1394 2730 1454 είς
2780 1392 2911 1446 αὑτὸ
2948 1391 3105 1447 τοῦτο
3148 1395 3526 1465 δυναμωθεῖσα
3556 1396 3709 1466 παρὰ

2137 1484 2239 1553 τῆς
2251 1487 2312 1538 τὸ
2326 1485 2434 1537 πᾶν
2452 1482 2837 1553 οίκονομούσης
2851 1483 3149 1553 δυνάμεως·
3166 1483 3283 1539 εἶτα
3305 1486 3712 1556 κατεσκευάσθη

2136 1575 2198 1627 τὸ
2229 1576 2413 1645 γήϊνον
2452 1574 2678 1644 πλάσμα
2721 1576 2817 1643 τῆς
2843 1573 2954 1626 ἀνω
3000 1574 3278 1645 δυνάμεως
3305 1576 3671 1647 ἀπεικόνισμα
3692 1594 3707 1607 ’

2136 1667 2295 1720 τοῦτο
2327 1667 2386 1719 δὲ
2429 1668 2490 1719 τὸ
2530 1667 2666 1730 ζῶον
2720 1667 2748 1717 ὁ
2789 1664 3071 1734 ἄνθρωπος
3100 1681 3115 1695 ·
3145 1665 3239 1717 καὶ
3263 1661 3331 1735 ἦν
3370 1667 3427 1719 ὲν
3468 1665 3616 1737 αὑτῷ
3650 1666 3714 1719 τὸ

2139 1756 2369 1820 θεοειδές
2418 1757 2517 1826 τῆς
2565 1756 2759 1827 νοητῆς
2808 1755 3021 1825 φύσεως
3076 1754 3292 1817 κάλλος,
3336 1755 3557 1826 ἀρρήτῳ
3606 1758 3713 1810 τινὶ

470 1833 808 1891 dominatum
838 1838 894 1893 in
941 1855 1065 1894 eum
1106 1843 1400 1907 obtineret,
1428 1846 1639 1903 viribus
1673 1848 1741 1902 ad
1793 1849 1846 1903 id
1880 1865 2035 1904 acce-

2141 1850 2361 1920 δυνάμει
2418 1848 2891 1918 συγκεκραμένονο
2944 1848 3114 1900 δεινὸν
3165 1849 3399 1901 ποιεῖται
3459 1847 3552 1900 καὶ
3612 1848 3712 1901 οὑκ

472 1925 579 1993 ptis
610 1941 639 1979 a
664 1936 932 1997 potestate
958 1932 1047 1986 illa
1088 1949 1209 2003 quae
1240 1936 1651 1993 universitatem
1686 1940 1823 2009 regit
1855 1947 1908 1995 et
1938 1940 2037 1995 ad-

472 2018 783 2089 ministrat;
817 2030 872 2077 et
902 2023 1100 2079 deinde
1129 2033 1275 2081 esset
1300 2026 1577 2082 conditum
1606 2036 1868 2085 terrestre
1902 2030 2038 2084 illud

474 2111 783 2178 ﬁgmentum
843 2114 1197 2169 simulacrum
1249 2133 1501 2187 supernae
1546 2121 1837 2188 potestatis
1899 2123 2039 2190 (erat

472 2208 652 2255 autent
704 2202 806 2259 hoc
846 2206 1051 2259 animal
1093 2206 1298 2278 homo),
1338 2217 1592 2280 essetque
1634 2212 1688 2265 in
1724 2227 1787 2266 eo
1829 2222 2040 2267 natura

473 2308 595 2358 qua:
643 2296 942 2365 percipitur
991 2297 1385 2369 intelligentia,
1438 2301 1619 2355 divina
1668 2303 2038 2372 pulchritudo,

474 2383 731 2439 ineffabili
765 2387 1000 2456 quadam
1032 2389 1232 2444 virtute
1269 2398 1700 2462 contemperata,
1746 2410 1887 2464 aegre
1938 2396 2041 2449 fert

471 2481 526 2527 et
563 2489 671 2528 non
700 2474 1039 2531 tolerandum
1072 2478 1224 2532 ducit
1268 2481 1313 2533 is
1344 2481 1431 2534 cui
1465 2488 1678 2536 terrena
1717 2483 1911 2553 obtigit
1942 2484 2040 2537 ad-

474 2564 825 2629 ministratio,
876 2567 922 2622 si
955 2584 1019 2621 ex
1057 2579 1249 2623 natura
1289 2572 1336 2626 ei
1383 2572 1627 2642 subjecta
1661 2574 1843 2643 aliqua
1883 2590 2035 2630 cree-

2136 1938 2357 1994 ἀνεκτὸν
2387 1938 2414 1989 ὁ
2441 1937 2539 2008 τὴν
2569 1936 2842 2007 περίγειον
2866 1936 3177 2005 οἰκονομίαν
3211 1933 3411 2005 λαχὼν,
3443 1936 3491 1986 εί
3521 1936 3587 1987 ὲκ
3609 1935 3710 2003 τῆς

2137 2029 2446 2099 ὑποχειρίου
2489 2026 2637 2097 αὑτῷ
2689 2025 2906 2095 φύσεως
2951 2024 3396 2096 άναδειχθήσεταί
3428 2042 3511 2088 τις
3554 2026 3710 2079 οὐσία

2135 2123 2269 2192 πρὸς
2299 2121 2396 2193 τὴν
2423 2120 2792 2191 ὑπερέχουσαν
2828 2117 2982 2181 ἀξίαν
3012 2116 3359 2187 ὡμοιωμένη.
3397 2118 3469 2169 Τὸ
3496 2117 3540 2169 δ’
3570 2117 3709 2185 ὅπερ

2136 2214 2227 2265 ἐπὶ
2241 2212 2301 2264 τὸ
2326 2212 2495 2273 πάθος
2516 2209 2790 2280 κατερρύη
2816 2207 2910 2260 τοῦ
2929 2207 3145 2276 φθόνου,
3164 2209 3191 2258 ὁ
3212 2207 3304 2259 ἐπὶ
3336 2207 3525 2277 μηδενὶ
3553 2207 3709 2277 κακῷ

2138 2303 2375 2366 κτισθεὶς
2420 2300 2575 2372 παρά
2628 2300 2721 2373 τού
2753 2300 2813 2352 τὸ
2859 2299 2966 2351 πᾶν
3006 2299 3063 2349 ὲν
3097 2297 3390 2365 ἀγαθότητι
3433 2315 3711 2368 συστησα-

2142 2395 2323 2465 μένου,
2353 2393 2414 2446 τὸ
2445 2393 2540 2463 μὲν
2578 2391 2643 2444 δι’
2674 2389 2956 2461 ἀκριϐείας
2978 2388 3250 2452 διεξιέναι,
3273 2388 3336 2440 οὑ
3375 2391 3475 2459 τῆς
3508 2389 3712 2460 παρού-

2140 2503 2239 2555 σης
2287 2483 2667 2555 πραγματείας
2712 2480 2827 2534 ὲστί
2867 2499 2881 2513 ·
2921 2480 3141 2533 δυνατὸν
3191 2480 3235 2531 δ’
3269 2479 3336 2533 ἂν
3379 2480 3465 2552 εἴη
3517 2482 3609 2533 καὶ
3641 2482 3711 2534 δι’

2140 2574 2321 2642 ὀλίγου
2353 2576 2463 2636 τοῖς
2493 2571 2899 2640 ἀπειθεστέροις
2928 2568 3269 2641 παραθέσθαι
3301 2570 3391 2622 τὸν
3419 2570 3573 2638 λόγον

473 2672 563 2715 tur
598 2663 836 2716 essentia
864 2664 1257 2720 assimilataei
1296 2682 1415 2735 quae
1444 2669 1812 2737 supereminet
1848 2670 2124 2741 dignitati.
2197 2668 2670 2737 Quemadmodum
2735 2674 2915 2721 autem
2967 2665 3034 2720 ad
3080 2664 3296 2719 invidia:
3355 2666 3544 2719 vitium
3613 2666 3711 2722 de-

472 2753 686 2806 ﬂuxerit
718 2758 784 2817 is,
822 2755 913 2824 qui
964 2757 1031 2809 ad
1088 2758 1298 2811 nullum
1349 2759 1552 2813 malum
1598 2766 1817 2814 creatus
1852 2761 1921 2814 ab
1988 2762 2081 2816 illo
2153 2760 2353 2825 fuerat,
2398 2776 2427 2813 a
2479 2776 2587 2829 quo
2643 2759 2958 2813 universum
3033 2757 3090 2811 in
3147 2758 3386 2813 bonitate
3431 2759 3711 2812 conditum

470 2844 594 2907 fuit,
626 2855 814 2901 exacte
842 2849 1063 2916 quidem
1109 2858 1164 2904 et
1212 2863 1464 2907 accurate
1501 2855 1778 2924 persequi,
1812 2870 1921 2909 non
1951 2865 2034 2910 est
2072 2857 2238 2926 hujus
2276 2856 2486 2926 operis;
2534 2855 2603 2910 iis
2638 2864 2819 2909 autem
2851 2853 2942 2923 qui
2978 2861 3107 2909 sunt
3166 2854 3329 2924 paulo
3377 2853 3547 2924 magis
3623 2855 3712 2908 in-

470 2937 697 3003 creduli,
730 2945 919 3009 paucis
942 2945 1142 3013 poterit
1174 2944 1355 2999 alferri
1397 2949 1557 3002 ratio.

544 3030 775 3089 Virtutis
805 3036 950 3090 enim
976 3045 1031 3092 et
1062 3039 1178 3092 vitii
1219 3040 1325 3095 sibi
1354 3043 1586 3099 invicem
1620 3045 2028 3102 adversantium

2205 3044 2315 3113 Τῆς
2347 3041 2454 3111 γὰρ
2479 3040 2679 3111 ἀρετῆς
2707 3040 2801 3095 καὶ
2831 3040 2928 3110 τῆς
2960 3039 3156 3100 κακίας
3184 3038 3281 3107 οὑχ
3309 3036 3385 3100 ὡς
3416 3036 3508 3090 δύο
3548 3038 3712 3092 τινῶν

472 3126 853 3181 consideratur
901 3127 1229 3197 discrimen,
1281 3149 1387 3188 non
1447 3143 1705 3205 tanquam
1764 3138 1874 3192 duo
1926 3139 2037 3195 sint

472 3234 593 3284 qua:
638 3228 934 3274 cernantur
976 3223 1325 3290 consistere;
1384 3227 1479 3280 sed
1528 3231 1800 3297 quomodo
1854 3232 1921 3286 ab
1972 3246 2038 3287 eo

473 3308 619 3375 quod
652 3317 755 3373 est,
794 3318 854 3362 ut
914 3311 1203 3368 adversum
1258 3315 1614 3387 distinguitur
1666 3321 1717 3375 id
1751 3324 1898 3392 quod
1929 3338 2038 3377 non

473 3408 809 3468 cst,~neque
867 3402 974 3455 dici
1023 3413 1200 3472 potest
1256 3408 1398 3474 quod
1459 3424 1553 3476 per
1609 3411 1922 3479 hypostasin
1975 3428 2038 3466 ac

474 3490 887 3544 cnttsistetttiam
931 3493 1302 3564 distinguatur
1349 3500 1400 3551 id
1440 3501 1585 3568 quod
1615 3518 1724 3555 non
1758 3513 1840 3558 est
1874 3506 1943 3558 ab
1974 3521 2039 3560 eo

475 3582 621 3649 quod
652 3592 754 3644 est,
785 3586 877 3639 sed
910 3601 1018 3638 non
1045 3602 1166 3642 esse
1197 3589 1433 3646 dicimus
1459 3601 1714 3663 tanquam
1742 3597 2032 3651 adversum

474 3675 737 3747 distingui
769 3678 838 3731 ab
869 3694 934 3732 eo
962 3680 1106 3747 quod
1140 3690 1224 3735 est
1255 3698 1417 3749 esse;
1454 3686 1644 3740 eodem
1683 3688 1843 3742 modo
1873 3691 2035 3743 etiam

477 3768 666 3821 vitium
701 3768 1019 3825 adversatur
1052 3772 1248 3826 rationi
1282 3775 1519 3840 virtutis,
1550 3794 1673 3833 cum
1703 3795 1799 3848 per
1827 3795 1885 3834 se
1930 3798 2039 3836 non

476 3862 568 3924 sit,
609 3861 705 3916 sed
755 3863 1090 3933 intelligatur
1131 3881 1225 3934 per
1270 3867 1570 3923 absentiam
1602 3871 1721 3940 ejus
1752 3874 1895 3941 quod
1952 3884 2040 3929 est

478 3953 710 4008 melius:
774 3964 829 4009 et
884 3958 1158 4024 quomodo
1211 3958 1446 4015 dicimus
1505 3975 1535 4013 a
1602 3963 1719 4016 visu
1782 3972 2041 4035 tanquam

477 4044 760 4101 adversam
800 4046 1059 4118 distingui
1086 4051 1408 4115 caecitatem,
1443 4068 1567 4108 cum
1603 4071 1699 4125 per
1726 4072 1785 4111 se
1831 4072 1937 4111 non
1970 4060 2043 4113 sit

479 4139 531 4189 in
564 4153 745 4192 rerum
780 4149 974 4194 natura
1008 4144 1249 4209 caecitas,
1286 4146 1379 4200 sed
1416 4148 1488 4200 sit
1534 4148 1767 4218 privatio
1795 4149 1917 4218 ejus
1945 4152 2038 4219 qui

480 4228 633 4298 prius
685 4229 864 4285 fuerat
920 4232 1177 4290 habitus:
1228 4237 1301 4289 ita
1353 4238 1518 4291 etiam
1567 4240 1757 4293 vitium
1804 4241 2040 4298 dicimus

476 4319 813 4375 considerari
870 4323 925 4376 in
985 4324 1110 4379 boni
1164 4327 1508 4395 privatione,
1554 4331 1716 4383 veluti
1746 4332 2038 4401 quamdam

480 4410 727 4466 umbram
758 4430 878 4483 quae
905 4417 1103 4471 accidit
1131 4420 1388 4473 transitui
1421 4422 1577 4476 radii.
1609 4422 1877 4489 Quoniam
1910 4440 2039 4494 ergo

2142 3136 2265 3190 καθ’
2300 3133 2596 3186 ὑπόστασιν
2629 3129 2986 3200 φαινομένων,
3019 3130 3053 3199 ἡ
3090 3128 3460 3197 ἀντιδιαστολὴ
3491 3129 3714 3199 θεωρεῖ-

2139 3244 2229 3279 ται
2247 3242 2261 3257 ο
2294 3223 2407 3277 ἀλλ’
2436 3221 2622 3291 ὥσπερ
2642 3220 3043 3289 άντιδιαιρεῐται
3071 3217 3148 3288 τῷ
3171 3218 3286 3270 δντι
3317 3219 3376 3271 τὸ
3408 3220 3480 3289 μὴ
3514 3219 3593 3284 ὃν,
3616 3221 3715 3272 κα)⁵

2140 3319 2240 3370 οὑκ
2270 3316 2384 3369 ἔστι
2413 3313 2531 3366 καθ’
2554 3311 2846 3364 ὑπόστασιν
2877 3312 3046 3364 εἰπεῖν
3073 3311 3132 3362 τὸ
3163 3310 3236 3380 μὴ
3264 3308 3323 3361 ὃν
3355 3310 3712 3362 ἀντιδιαστέλ-

2139 3406 2326 3459 λεσθαι
2354 3404 2489 3474 πρὸς
2514 3402 2574 3454 τὸ
2596 3400 2677 3463 ὃν,
2708 3400 2843 3454 ἀλλά
2867 3399 2963 3471 τὴν
2994 3398 3333 3469 ἀνυπαρξίαν
3363 3399 3711 3470 άντιδιαιρεῖ-

2141 3496 2264 3549 σθαι
2309 3494 2538 3562 λέγομεν
2581 3490 2715 3560 πρὸς
2758 3489 2856 3559 τὴν
2907 3488 3136 3559 ὓπαρξιν
3165 3504 3181 3521 ο
3230 3486 3369 3540 κατὰ
3414 3486 3504 3540 τὸν
3550 3486 3713 3539 αὑτὸν

2139 3587 2338 3658 τρόπον
2381 3585 2475 3637 καὶ
2517 3586 2549 3653 ὴ
2599 3582 2764 3636 κακία
2796 3582 2873 3651 τῷ
2901 3582 2997 3650 τῆς
3044 3580 3243 3651 ἀρετῆς
3288 3578 3713 3649 ἀντικαθέστηκε

2139 3678 2301 3747 λόγῳ,
2321 3678 2382 3729 οὑ
2412 3674 2531 3728 καθ’
2558 3673 2755 3743 ἑαυτήν
2780 3689 2861 3735 τις
2877 3667 3029 3735 οὖσα,
3057 3671 3190 3724 ἀλλὰ
3213 3674 3277 3742 τῇ
3306 3671 3542 3740 ἀπουσίᾳ
3558 3686 3711 3723 νοου-

2144 3772 2276 3842 μένη
2303 3768 2394 3821 τοῦ
2424 3768 2725 3837 κρείττονος
2745 3782 2760 3798 ο
2799 3765 2893 3819 καὶ
2935 3764 3121 3835 ὥσπερ
3154 3764 3334 3835 φαμὲν
3360 3762 3712 3831 ἀντιδιαιρεῖ-

2142 3863 2265 3915 σθαι
2292 3862 2356 3931 τῇ
2393 3859 2577 3931 ὁράσει
2624 3856 2721 3927 τὴν
2751 3858 3021 3927 πήρωσιν,
3064 3857 3125 3908 οὑ
3160 3856 3282 3908 καθ’
3313 3855 3509 3925 ἑαυτὴν
3545 3849 3713 3907 οὖσαν

2140 3955 2198 4006 ὲν
2225 3955 2291 4023 τῇ
2321 3951 2479 4021 φύσει
2510 3949 2608 4019 τὴν
2653 3949 2922 4019 πήρωσιν,
2962 3948 3097 4000 ἀλλά
3140 3946 3513 4017 προλαὸούσης
3547 3946 3714 4011 ἕξεως

2144 4044 2394 4117 στέρησιν
2420 4058 2434 4073 °
2487 4041 2629 4095 οὑτω
2676 4040 2768 4094 καὶ
2805 4039 2902 4109 τὴν
2933 4037 3130 4091 κακίαν
3179 4039 3236 4089 ὲν
3279 4039 3345 4108 τῇ
3374 4035 3468 4088 τοῦ
3503 4036 3713 4104 ἀγαθοῦ

2144 4140 2393 4206 στερήσει
2448 4132 2770 4203 θεωρεῖσθαι
2820 4131 3071 4200 λέγομεν,
3113 4122 3225 4182 οἷόν
3276 4145 3395 4181 τινα
3454 4130 3611 4183 σκιάν
3640 4134 3713 4202 τῇ

2141 4227 2469 4297 διαχωρήσει
2518 4225 2620 4295 τῆς
2669 4225 2882 4286 ἀκτῖνος
2933 4219 3445 4291 ὲ,πισυμ6αίνουσαν.
3495 4221 3715 4292 Ἐπειδὴ

2140 4320 2314 4372 τοίνυν
2333 4322 2365 4388 ἡ
2388 4318 2638 4379 ἄκτιστος
2666 4315 2847 4384 φύσις,
2878 4314 2973 4384 τῆς
3000 4314 3267 4383 κινήσεως
3294 4314 3390 4383 τῆς
3418 4313 3559 4366 κατὰ
3585 4331 3712 4384 τρο-

2142 4410 2248 4480 πὴν
2277 4410 2370 4462 καὶ
2403 4406 2701 4478 μεταϐολὴν
2730 4406 2825 4460 καὶ
2854 4404 3130 4459 ἀλλοίωσίν
3157 4406 3302 4457 ἐστιν
3329 4405 3711 4467 άνεπίδεκτοςο

478 4500 722 4556 increata
753 4516 946 4558 natura
999 4522 1106 4561 non
1132 4518 1215 4562 est
1247 4523 1417 4579 capax
1461 4524 1642 4567 motus
1695 4515 1786 4583 qui
1833 4515 1891 4569 ﬁt
1944 4532 2039 4586 per

2144 4502 2250 4555 πᾶν
2283 4501 2338 4552 δὲ
2370 4500 2428 4553 τὸ
2457 4500 2545 4553 διά
2575 4498 2801 4561 κτίσεως
2836 4496 3094 4561 ὑποστὰν,
3136 4495 3409 4564 συγγενῶς
3451 4495 3587 4563 πρὸς
3612 4494 3715 4565 τὴν

478 4595 915 4661 conversionem,
950 4600 1301 4653 mutationem
1331 4612 1384 4655 et
1427 4603 1800 4660 alterationem
1841 4607 2040 4677 ;quid-

479 4687 613 4754 quid
643 4697 824 4741 autem
874 4690 1128 4744 consistit
1163 4706 1258 4760 per
1295 4694 1651 4759 creationem,
1708 4698 2038 4767 cognatione

479 4777 712 4848 quadam
743 4779 991 4849 jungitur
1013 4796 1137 4834 cum
1174 4783 1539 4851 alteratione;
1577 4795 1862 4857 propterea
1896 4791 2041 4859 quod

479 4870 598 4940 ipsa
625 4886 841 4942 quoque
866 4882 1130 4927 creaturae
1155 4875 1515 4929 consistentia
1543 4880 1709 4947 C(Bpit
1744 4880 1812 4933 ab
1839 4881 2038 4935 altera-

478 4964 649 5025 tione,
682 4978 805 5016 cum
833 4964 884 5017 id
915 4966 1060 5033 quod
1100 4982 1205 5019 non
1232 4976 1370 5031 erat,
1402 4968 1603 5024 virtute
1636 4971 1817 5025 divina
1856 4973 2042 5026 tradu-

479 5062 627 5106 ctqu
663 5055 733 5107 sit
770 5054 838 5108 ad
876 5057 979 5109 ltoc
1026 5064 1081 5109 ut
1130 5066 1314 5114 esset:
1367 5069 1552 5115 creata
1592 5072 1771 5116 autem
1823 5073 1943 5117 erat
1989 5073 2043 5120 et

482 5152 723 5212 potestas
752 5145 909 5213 cujus
934 5148 1301 5213 meminimus,
1327 5149 1497 5204 libero
1524 5151 1610 5205 sui
1642 5152 1851 5206 arbitrii
1890 5162 2043 5207 motu

481 5234 687 5303 eligens
728 5236 872 5305 quod
927 5237 1233 5300 videbatur,
1273 5250 1559 5309 postquam
1611 5243 1810 5297 clausit
1850 5245 2043 5299 oculos

480 5330 549 5382 ad
576 5328 628 5382 id
674 5332 819 5398 quod
855 5343 937 5385 est
986 5332 1186 5385 bonum
1239 5340 1292 5386 et
1341 5335 1600 5401 amplum,
1636 5344 1691 5389 et
1736 5336 1803 5389 ab
1838 5336 2043 5390 invidia

484 5427 791 5486 remotum;
841 5420 1116 5491 quomodo
1159 5421 1251 5489 qui
1293 5421 1361 5475 ad
1415 5421 1587 5475 solem
1625 5422 1741 5478 suis
1788 5424 2045 5476 connivet

485 5512 644 5575 ciliis,
675 5513 877 5566 amisso
906 5513 1027 5567 visu
1075 5512 1220 5567 videt
1275 5514 1570 5569 tenebras:
1615 5514 1689 5566 ita
1728 5514 1892 5566 etiam
1928 5513 2040 5575 ille,

486 5620 548 5659 eo
580 5605 699 5675 ipso
731 5606 874 5674 quod
923 5608 1097 5659 noluit
1128 5609 1327 5660 bonum
1354 5604 1561 5669 videre,
1600 5605 1652 5658 id
1684 5614 1866 5659 mente
1892 5619 2045 5657 com-

489 5701 772 5769 prehendit
796 5698 937 5766 quod
962 5709 1045 5753 est
1080 5700 1221 5754 bono
1268 5699 1628 5763 contrarium,
1662 5713 1853 5766 nempe
1902 5697 2043 5750 invi-

478 5800 639 5858 diam.
666 5796 891 5852 Constat
925 5798 1105 5846 autcm
1133 5793 1419 5863 cujuslibet
1443 5793 1517 5849 rei
1558 5792 1883 5863 principium
1924 5806 2045 5847 esse

2143 4598 2422 4651 ἀλλοίωσιν
2462 4596 2607 4665 ἔχει’
2653 4594 2784 4646 διότι
2823 4593 2915 4645 καὶ
2956 4589 3092 4661 αὑτὴ
3133 4590 3232 4660 τῆς
3270 4590 3498 4652 κτίσεως
3523 4592 3556 4660 ὴ
3582 4589 3717 4641 ὑπό-

2143 4706 2350 4753 στασις,
2379 4687 2485 4740 ἀπὸ
2521 4684 2854 4745 ἀλλοιώσεως
2879 4683 3103 4753 ἡρξατο,
3134 4681 3226 4734 τοῦ
3259 4681 3332 4749 μὴ
3362 4680 3513 4742 ὄντος
3540 4681 3619 4742 εἰς
3650 4679 3714 4731 τὸ

2143 4776 2280 4834 εἶναι
2308 4780 2426 4851 θείᾳ
2456 4779 2679 4847 δυνάμει
2725 4775 3106 4846 μετατεθέντος
3140 4792 3153 4804 ·
3209 4773 3400 4842 κτιστὴ
3431 4771 3489 4825 δὲ
3522 4766 3589 4839 ἦν
3618 4772 3714 4823 καὶ

2142 4873 2177 4942 ἡ
2227 4868 2656 4941 μνημονευθεῖσα
2702 4866 2961 4935 δύναμις,
3004 4863 3331 4931 αὑτεξουσίῳ
3360 4862 3621 4931 κινήματι
3648 4860 3714 4911 τὸ

2142 4960 2330 5014 δοκοῦν
2388 4956 2709 5028 αἱρουμένη,
2762 4954 2946 5023 ἐπειδὴ
2988 4953 3121 5023 πρὸς
3165 4952 3225 5004 τὸ
3270 4950 3469 5017 ἀγαθόν
3519 4966 3578 5001 τε
3617 4951 3714 5001 καὶ

2141 5050 2369 5119 ἄφθονον
2393 5049 2630 5117 ἐπέμυσε
2660 5044 2857 5115 νόημα,
2880 5042 3066 5112 ὥσπερ
3089 5044 3117 5094 ό
3137 5042 3192 5093 ὲν
3217 5040 3349 5111 ἡλίῳ
3373 5043 3485 5103 τοῖς
3515 5039 3713 5109 βλεφά-

2146 5160 2259 5215 ροις
2290 5138 2559 5193 ἐπιϐαλὼν
2588 5139 2684 5202 τὰς
2714 5135 2864 5205 ὄψεις
2900 5134 3088 5195 σκότος
3118 5133 3219 5203 ὁρᾷ
3242 5172 3257 5197 ,
3294 5131 3437 5185 οὑτω
3463 5134 3713 5195 κάκεῖνος

2144 5232 2294 5302 αὑτῷ
2322 5232 2400 5302 τῷ
2432 5230 2505 5302 μὴ
2536 5230 2758 5301 θελῆσαι
2794 5228 2854 5281 τὸ
2886 5226 3086 5294 ἀγαθὸν
3115 5226 3323 5294 νοῆσαι,
3370 5224 3427 5277 τὸ
3473 5223 3714 5277 ἐναντίον

2142 5323 2219 5394 τῷ
2248 5321 2435 5391 ἀγαθῷ
2460 5320 2774 5390 κατενόησε,
2802 5316 2958 5371 τοῦτο
2984 5314 3041 5366 δέ
3070 5315 3215 5365 ἐστιν
3243 5315 3271 5365 ὁ
3300 5313 3507 5380 φθόνος.
3553 5313 3713 5382 Ὁμο-

2142 5416 2290 5484 λογεῖ
2333 5414 2389 5467 δὲ
2417 5414 2615 5477 παντὸς
2642 5413 2965 5483 πράγματος
3007 5405 3179 5476 ἀρχὴν
3222 5404 3329 5457 τῶν
3360 5405 3476 5475 μεθ’
3511 5406 3711 5474 ἑαυτὴν

2144 5509 2284 5562 κατά
2322 5507 2382 5560 τὸ
2433 5505 2719 5562 ἀκόλουθον
2765 5500 3264 5571 ὲπισυμ6αινόντων
3312 5498 3488 5550 αἰτίαν
3531 5495 3666 5550 εἶναι
3693 5513 3709 5523 ·

2143 5598 2254 5654 οἷον
2280 5602 2348 5670 τῇ
2379 5599 2555 5669 ὑγείᾳ,
2600 5597 2660 5649 τὸ
2689 5596 2952 5656 εὑεκτείν,
2998 5591 3060 5644 τὸ
3105 5590 3453 5661 ἐργάξεσθαι,
3498 5589 3559 5642 τὸ
3586 5580 3711 5642 καθ’

2143 5694 2335 5765 ἡδονὴν
2375 5692 2660 5763 βιοτεύειν·
2708 5690 2776 5757 τῇ
2812 5686 2869 5739 δὲ
2915 5684 3072 5755 νόσῳ,
3113 5683 3173 5735 τὸ
3216 5682 3479 5748 ἀσθενεῖν,
3528 5681 3589 5733 τὸ
3617 5684 3713 5732 ἀν-

2145 5788 2428 5860 ενέργητον
2458 5782 2617 5849 εἶναι,
2660 5780 2719 5834 τὸ
2759 5782 2815 5834 ὲν
2853 5776 3011 5849 ἀηδίᾳ
3053 5774 3151 5846 τὴν
3172 5773 3324 5844 ζωὴν
3353 5772 3495 5844 ἔχειν
3520 5792 3533 5805 ·
3566 5770 3714 5829 οὕτω
