3978 6508
220 374 285 427 '29
1422 379 1679 435 ORATIO
1705 381 2203 438 CATECHETICA.
3389 388 3465 445 30

224 494 410 549 καὶτὰ
447 494 587 549 ἀλλα
640 494 817 548 πάντα
866 496 985 559 ταῖς
1038 496 1264 560 οἰκείαις
1308 498 1502 569 ἀρχαῖς
1550 497 1691 551 κατά
1740 498 1783 551 τὲ

1901 514 2122 554 causam
2153 514 2342 553 eorum
2377 515 2500 570 quae
2546 509 2672 571 post
2705 518 2764 557 se
2805 518 2867 558 ex
2904 507 3259 575 consequenti
3313 511 3466 562 acci-

223 586 517 640 ἀκόλουθον
562 587 773 640 ἕπεται.
812 587 1021 657 Ὠσπερ
1051 584 1140 640 οὖν
1180 590 1215 659 ἡ
1263 587 1498 642 ἀπάθεια
1538 590 1637 660 τῆς
1676 591 1796 643 κατ’

222 679 420 749 ἀρετὴν
443 677 593 748 ζωῆς
627 679 769 749 ἀρχὴ
804 678 899 731 καὶ
931 678 1183 742 ὑπόθεσις
1201 680 1427 746 γίνεται,
1455 678 1627 743 οὕτως
1650 680 1684 751 ἡ
1710 679 1796 733 διὰ

220 770 308 823 τοῦ
348 770 550 837 φθόνου
594 770 855 841 γινομένη
906 770 1042 841 πρὸς
1087 771 1286 825 κακίαν
1333 771 1496 843 ῥοπὴ,
1533 770 1640 824 τῶν
1675 771 1794 841 μεθ’

223 861 415 933 ἑαυτὴν
455 862 679 915 πάντων
720 860 1137 931 ἀναδειχθέντων
1166 861 1351 915 κακῶν
1379 861 1496 925 ὁδὸς
1538 861 1792 932 κατέστη.

233 954 448 1025 Ἐπειδὴ
478 954 590 1024 γάρ
612 953 759 1019 ἅπαξ
787 953 924 1024 πρὸς
948 953 1008 1006 τὸ
1032 953 1199 1006 κακον
1228 952 1326 1023 τὴν
1366 953 1537 1025 ῥοπὴν
1585 953 1739 1025 ἔσχεν
1767 956 1795 1007 ὁ

223 1048 283 1116 τῇ
330 1045 655 1115 ἀποστροφῇ
702 1045 802 1114 τῆς
852 1044 1186 1114 ἀγαθὸτητος
1226 1046 1284 1097 ὲν
1324 1044 1501 1115 ἑαυτῷ
1528 1046 1794 1114 γεννήσας

224 1137 308 1188 τὸν
343 1136 566 1204 φθόνον,
599 1136 788 1207 ὥσπερ
811 1136 958 1199 λίθος
985 1137 1290 1207 ἀκρωρείας
1323 1137 1654 1208 ἀπορῤαγεὶς
1691 1136 1795 1189 ὑπὸ

224 1227 311 1279 τοῦ
370 1227 508 1279 ἰδίου
569 1227 772 1298 βάρους
824 1226 961 1297 πρὸς
1013 1227 1073 1280 τὸ
1119 1227 1320 1298 πρανὲς
1377 1226 1790 1293 συνελαύνεται,

224 1314 358 1367 οὕτω
397 1315 656 1377 κάκεῖνος
696 1316 795 1383 τῆς
841 1315 980 1385 πρὸς
1017 1316 1077 1368 τὸ
1116 1314 1317 1384 ἀγαθὸν
1352 1317 1625 1387 συμφυΐας
1660 1317 1791 1369 ἀπο-

228 1402 507 1466 σπασθεὶς,
531 1405 628 1455 καὶ
653 1404 789 1473 πρὸς
812 1404 1011 1457 κακίαν
1040 1404 1282 1476 βαρήσας
1311 1406 1405 1459 καὶ
1434 1406 1790 1470 κατανεύσας,

226 1495 547 1564 αὐτομάτως
590 1491 703 1549 οἷον
754 1514 862 1549 τινι
910 1497 1063 1568 βάρει
1106 1499 1242 1568 πρὸς
1286 1498 1377 1551 τὸν
1427 1498 1652 1569 ἔσχατον
1695 1500 1793 1570 τῆς

224 1588 488 1657 ρίας
512 1589 639 1658 ὅρον
664 1589 963 1653 συνωσθεὶς
1004 1589 1303 1660 ἀπηνέχθη,
1340 1589 1433 1643 καὶ
1459 1588 1557 1660 τὴν
1583 1589 1792 1657 διανοη-

221 1680 369 1749 τικὴν
398 1679 637 1750 δύναμιν
663 1683 730 1752 ἣν
759 1684 839 1745 είς
879 1684 977 1754 τὴν
1016 1683 1331 1755 συνέργειαν
1368 1682 1465 1753 τῆς
1500 1682 1593 1735 τοῦ
1619 1682 1793 1751 κρείτ-

219 1786 361 1832 τονος
398 1771 699 1840 μετουσίας
728 1773 852 1843 ἔσχε
872 1774 1018 1845 παρὰ
1045 1774 1137 1826 τοῦ
1162 1773 1463 1838 κτίσαντος,
1488 1773 1689 1842 ταύτην
1714 1774 1792 1836 εἰς

1899 588 2070 655 dunt;
2103 596 2162 642 ut
2187 589 2504 654 sanitatem,
2533 592 2677 660 quod
2717 592 2865 646 bona
2892 595 2963 648 sit
2999 595 3277 662 habitudo,
3308 598 3457 665 quod

1898 681 1989 733 fiat
2013 681 2277 749 operatio,
2306 682 2452 750 quod
2476 682 2692 737 vivatur
2733 683 2789 737 in
2840 685 3149 754 voluptate:
3182 690 3452 751 morbum,

1896 771 2040 840 quod
2095 772 2166 827 sit
2215 771 2580 835 imbecillitas,
2635 774 2783 843 quod
2816 777 3057 830 exerceri
3119 794 3224 832 non
3282 781 3457 847 possit

1896 862 2161 931 operatio,
2197 863 2342 932 quod
2384 864 2493 917 vita
2529 873 2722 934 agatur
2752 865 2806 919 in
2858 882 3089 921 maerore
3121 879 3175 922 et
3208 872 3451 927 tristitia.

1895 950 1973 1004 Ita
2006 952 2168 1005 etiam
2200 953 2307 1006 alia
2336 953 2522 1007 omnia
2546 970 2614 1009 ex
2649 958 3007 1025 consequenti
3067 973 3165 1012 sua
3216 975 3458 1030 sequun-

1896 1050 1986 1094 tur
2044 1043 2335 1111 prineipia.
2398 1043 2686 1108 Quomodo
2740 1062 2873 1116 ergo
2934 1047 3315 1118 impatibilitas
3371 1062 3459 1107 est

1894 1133 2223 1203 principium
2252 1142 2306 1188 et
2350 1133 2765 1189 fundamentum
2795 1137 2919 1192 vita:
2976 1140 3197 1207 agenda:
3228 1157 3290 1195 ex
3342 1144 3454 1195 vir-

1892 1231 2045 1277 tute:
2109 1224 2183 1277 ita
2230 1239 2351 1293 qua:
2406 1240 2502 1295 per
2546 1225 2803 1280 invidiam
2864 1228 2931 1283 ad
2996 1231 3196 1285 malum
3243 1233 3457 1286 exsistit

1894 1315 2206 1383 propensio,
2240 1315 2434 1369 muniit
2472 1317 2616 1371 viam
2651 1318 2719 1373 ad
2768 1323 2948 1376 omnia
3000 1325 3139 1378 mala
3173 1342 3293 1395 qua:
3338 1327 3458 1381 fue-

1893 1415 2021 1459 runt
2050 1418 2171 1477 post
2194 1423 2335 1464 eam.
2384 1407 2681 1479 Postquam
2717 1415 2862 1467 enim
2911 1416 2977 1469 ad
3033 1419 3233 1470 malum
3287 1420 3452 1472 semel

1893 1495 1996 1549 fuit
2027 1512 2353 1567 prOpensus,
2380 1501 2473 1570 qui
2520 1517 2617 1570 per
2643 1504 2984 1559 aversionem
3047 1521 3076 1559 a
3125 1508 3366 1562 bonitate
3399 1511 3453 1562 in

1896 1589 2079 1656 seipse
2109 1590 2294 1659 genuit
2340 1591 2598 1645 invidiam
2624 1614 2640 1647 :
2690 1596 2967 1664 quomodo
2999 1597 3136 1666 lapis
3186 1599 3452 1668 abruptus

1893 1694 1922 1731 a
1954 1681 2346 1747 promontorio,
2375 1682 2596 1751 proprio
2633 1686 2874 1753 pondere
2925 1688 2977 1740 in
3010 1688 3216 1744 declive
3260 1691 3452 1745 detru-

1893 1770 2041 1825 ditur
2068 1810 2085 1835 ,
2139 1773 2217 1825 ita
2266 1774 2430 1827 etiam
2485 1774 2578 1830 ille
2625 1777 2848 1832 avulsus
2894 1793 2925 1832 a
2981 1793 3337 1850 eongenerata
3383 1784 3450 1836 ad

220 1857 427 1929 εὕρεσιν
483 1860 601 1914 τῶν
658 1861 797 1915 κατά
853 1862 1049 1916 κακίαν
1100 1861 1493 1933 ὲπινοουμένων
1535 1859 1783 1931 συνεργὸν

1891 1863 2094 1917 bonum
2140 1865 2573 1933 conspiratione,
2623 1878 2676 1923 et
2732 1868 2799 1921 ad
2834 1870 3024 1924 vitium
3078 1881 3335 1941 gravatus
3387 1889 3455 1927 ac

219 1952 611 2021 ποιησάμενος,
666 1953 986 2024 εὐμηχάνως
1035 1954 1305 2026 διέρχεται
1347 1952 1413 2006 δι’
1452 1953 1667 2023 ἀπάτης
1699 1951 1788 2004 τὸν

217 2040 524 2110 ἄνθρωπον,
544 2044 707 2097 αὑτὸν
728 2045 922 2098 ἑαυτοῦ
946 2045 1139 2108 πείσας
1160 2044 1409 2113 γενέσθαι
1431 2043 1594 2113 φονέα
1617 2061 1677 2095 τε
1697 2043 1791 2097 καὶ

218 2133 531 2204 αὐτόχειρα.
612 2136 827 2207 Ἐπειδὴ
886 2136 992 2206 γάρ
1051 2136 1138 2189 διὰ
1182 2137 1281 2205 τῆς
1343 2135 1489 2199 θείας
1547 2134 1791 2203 εὐλογίας

216 2222 555 2295 δυναμωθεὶς
578 2227 608 2278 ὁ
626 2228 930 2296 ἅνθρωπος,
954 2226 1151 2296 ὑψηλὸς
1174 2226 1271 2297 μὲν
1290 2221 1360 2297 ἦν
1386 2226 1464 2297 τῷ
1486 2225 1754 2296 ἀξιώματι
1774 2243 1786 2255 ⁸

218 2318 524 2390 βασιλεύειν
550 2319 660 2387 γὰρ
694 2317 895 2388 ἐτάχθη
919 2319 1015 2387 τῆς
1049 2318 1149 2389 γῆς
1168 2335 1225 2370 τε
1250 2318 1345 2370 καὶ
1372 2318 1481 2371 τῶν
1508 2319 1591 2370 ἐπ’
1620 2317 1789 2385 αὐτῆς

213 2413 430 2466 πάντων
474 2427 491 2442 ⁸
553 2410 717 2473 καλὸς
756 2410 812 2462 δὲ
847 2410 908 2462 τὸ
955 2405 1109 2473 εἶδος,
1153 2411 1514 2479 ἀπεικόνισμα
1552 2409 1659 2481 γάρ
1695 2409 1789 2462 τοῦ

210 2502 527 2572 ἀρχετύπου
578 2500 821 2569 ἐγεγόνει
852 2498 1127 2562 κάλλους-ν
1148 2500 1365 2568 ἀπαθὴς
1391 2500 1448 2553 δὲ
1482 2502 1579 2571 τὴν
1606 2500 1785 2571 φύσιν,

211 2592 301 2645 τοῦ
345 2592 462 2662 γάρ
512 2590 759 2653 ἀπαθοῦς
801 2591 1021 2661 μίμημα
1054 2585 1122 2661 ἦν
1148 2608 1163 2621 ·
1220 2591 1504 2655 ἀνάπλεως
1546 2592 1602 2645 δὲ
1649 2593 1788 2662 παρα

212 2683 426 2753 ρησίας,
462 2682 635 2752 αὐτῆς
675 2682 819 2734 κατά
860 2684 1149 2752 πρόσωπον
1178 2681 1279 2750 τῆς
1317 2681 1467 2745 θείας
1494 2682 1787 2751 ἐμφανείας

210 2773 577 2843 ωτατρυφῶν
596 2791 611 2804 ο
632 2772 806 2826 ταῦτα
832 2772 889 2825 δὲ
906 2772 983 2842 τῷ
1023 2772 1401 2842 Ἀντικειμένῳ
1416 2772 1508 2825 τοῦ
1538 2772 1677 2826 κατά
1698 2774 1787 2825 τὸν

211 2863 403 2931 φθόνον
440 2864 648 2927 πάθους
682 2864 1081 2934 ὑπεκκαύματα
1111 2860 1211 2934 ἦν·
1268 2863 1414 2934 ίσχύῖ
1458 2863 1515 2915 δέ
1550 2880 1656 2915 τινι
1692 2865 1785 2917 καὶ

214 2956 307 3027 βία
342 2956 627 3026 δυνάμεως
668 2955 1106 3025 κατεργάσασθαι
1148 2955 1209 3008 τὸ
1239 2955 1377 3008 κατὰ
1406 2955 1630 3025 γνώμην
1684 2956 1781 3024 οὐχ

209 3042 321 3111 οἷός
358 3064 420 3099 τε
459 3043 531 3117 ἦν
553 3063 569 3076 ·
604 3046 901 3115 ὑπερίσχυε
928 3045 1036 3116 γάρ
1068 3049 1100 3115 ἡ
1128 3045 1229 3114 τῆς
1256 3044 1501 3113 εὐλογίας
1529 3045 1621 3098 τοῦ
1649 3044 1782 3097 Θεοῦ

209 3140 436 3209 δύναμις
464 3138 567 3207 τῆς
614 3136 805 3189 τούτου
834 3136 985 3205 βίας·
1034 3136 1123 3189 διὰ
1161 3136 1318 3188 τοῦτο
1347 3136 1646 3204 ἀποστῆσαι
1683 3136 1781 3205 τῆς

208 3228 568 3299 ἐνισχυούσης
615 3227 778 3279 αὐτὸν
811 3225 1087 3296 δυνάμεως
1124 3226 1450 3295 μηχανᾶται,
1485 3225 1560 3287 ὡς
1586 3224 1652 3277 ἂν
1692 3225 1780 3276 εὐ-

209 3322 410 3382 άλωτος
450 3316 606 3386 αὐτῷ
653 3316 788 3387 πρὸς
842 3316 940 3386 τὴν
978 3314 1265 3387 ἐπιϐουλὴν
1302 3315 1625 3387 κατασταίη.
1674 3317 1783 3369 Καὶ

208 3411 390 3481 ὥσπερ
426 3411 525 3463 ἐπὶ
567 3408 761 3479 λύχνου
804 3407 897 3460 τοῦ
928 3408 1096 3479 πυρὸς
1127 3408 1227 3478 τῆς
1276 3407 1587 3479 θρυαλλίδος
1626 3424 1783 3478 περι-

206 3502 605 3574 δεδραγμένου,
653 3499 706 3551 εί
739 3516 821 3562 τις
851 3498 1125 3552 ἀδυνατῶν
1160 3497 1237 3568 τῷ
1281 3500 1557 3568 φυσήματι
1596 3497 1782 3549 σϐέσαι

204 3597 298 3665 τὴν
338 3595 521 3663 φλόγα
551 3592 696 3652 ὕδωρ
735 3591 954 3662 ὲμμίξει
992 3592 1050 3642 ὲν
1079 3590 1158 3660 τῷ
1190 3589 1372 3660 ἐλαίῳ,
1418 3591 1512 3642 καὶ
1555 3587 1643 3641 διά
1686 3589 1783 3656 τῆς

205 3686 450 3747 ἑπινοίας
494 3683 700 3753 ταύτης
747 3681 1065 3753 ἀμαυρώσει
1108 3681 1205 3751 τὴν
1249 3681 1419 3750 φλόγα
1451 3699 1464 3711 ·
1515 3681 1685 3745 οὕτως
1715 3682 1782 3733 δι’

204 3777 417 3845 ἀπάτης
450 3776 519 3843 τῇ
555 3772 874 3842 προαιρέσει
901 3770 995 3823 τοῦ
1028 3770 1313 3841 ἀνθρώπου
1338 3770 1435 3840 τὴν
1457 3770 1654 3823 κακίαν
1685 3772 1783 3839 ἐμ-

210 3866 363 3935 μίξας
390 3869 422 3918 ὁ
449 3864 871 3933 ’Δντικείμενος,
897 3861 1075 3914 σϐέσιν
1094 3861 1215 3914 τινὰ
1239 3862 1331 3914 καὶ
1355 3861 1781 3931 ἀμαύρωσιντῆς

206 3956 453 4023 εὐλογίας
481 3954 760 4023 ἐποίησεν.
795 3946 901 4015 Ἦς
929 3951 1333 4021 ἐπιλειπούσης,
1356 3950 1415 4015 ἐξ
1441 3951 1683 4021 ἀνάγκης
1721 3952 1781 4002 τὸ

208 4052 586 4121 ἀντικείμενον
629 4050 1053 4119 ἀπεισέρχεται.
1113 4047 1434 4100 Ἀντίκειται
1466 4047 1522 4099 δὲ
1558 4050 1623 4117 τῇ
1668 4049 1777 4117 ζωῇ

211 4148 300 4214 μὲν
326 4149 356 4199 ὁ
382 4145 640 4206 θάνατος,
665 4145 697 4210 ἠ
729 4142 979 4194 ἀσθένεια
1009 4140 1066 4193 δὲ
1094 4142 1157 4209 τῇ
1191 4140 1436 4208 δυνάμει,
1465 4142 1531 4210 τῇ
1564 4139 1780 4210 εὐλογίᾳ

207 4234 258 4287 δὲ
297 4238 331 4306 η
363 4236 602 4307 κατάρα,
633 4236 699 4302 τῇ
750 4232 1031 4303 παρρησίᾳ.
1072 4229 1135 4283 δὲ
1181 4233 1214 4299 ή
1242 4231 1487 4301 αἰσχύνη,
1518 4233 1609 4283 καὶ
1646 4233 1779 4283 πᾶσι

203 4331 312 4388 τοῖς
334 4324 568 4392 ἀγαθοῖς
600 4324 668 4376 τά
690 4322 828 4375 κατὰ
846 4323 906 4374 τὸ
933 4323 1176 4375 ἐναντίον
1198 4320 1478 4390 νοούμενα.
1510 4320 1607 4373 Διὰ
1626 4321 1779 4372 τοῦτο

204 4421 259 4471 ἐν
304 4421 420 4481 τοῖς
473 4416 709 4486 παροῦσι
766 4418 952 4477 κακοῖς
1000 4416 1116 4467 ἐστι
1164 4412 1257 4467 νῦν
1302 4413 1363 4465 τὸ
1412 4413 1777 4484 ἀνθρώπινον,

1890 1954 2218 2018 declinans,
2282 1970 2384 2009 sua
2448 1965 2641 2026 sponte
2703 1960 2870 2014 veluti
2924 1962 3160 2030 quodam
3213 1965 3449 2032 pondere

1890 2045 2206 2114 compulsus
2258 2046 2475 2102 delatus
2526 2037 2631 2103 fuit
2678 2050 2746 2104 ad
2799 2059 3098 2106 extremum
3156 2056 3451 2109 terminum

1890 2135 2295 2205 improbitatis:
2350 2147 2405 2193 et
2460 2140 2570 2193 vim
2621 2141 2891 2212 cogitandi
2960 2159 3121 2213 quam
3186 2145 3372 2198 habuit
3420 2162 3450 2198 a

1888 2227 2148 2283 Creatore
2174 2228 2241 2281 ad
2270 2228 2647 2298 adjumentum
2683 2233 3121 2304 participationis
3154 2236 3275 2305 ejus
3305 2240 3449 2306 quod

1889 2325 1972 2372 est
2000 2320 2214 2381 melius,
2246 2334 2309 2374 ea
2344 2330 2567 2390 accepta
2616 2321 2885 2389 adjutrice
2930 2324 2996 2377 ad
3024 2339 3087 2378 ea
3124 2324 3450 2380 invenienda

1889 2423 2008 2476 quae
2037 2409 2417 2481 excogitantur
2447 2427 2513 2467 ex
2536 2414 2690 2477 vitio,
2720 2423 2840 2468 astu
2873 2423 2927 2469 et
2953 2415 3144 2471 fraude
3173 2417 3449 2471 hominem

1889 2500 2219 2570 aggreditur,
2252 2503 2301 2557 ei
2334 2506 2666 2572 persuadens
2721 2514 2780 2558 ut
2810 2506 2911 2559 sibi
2945 2516 3171 2562 mortem
3201 2508 3447 2572 inferret,

1889 2598 1942 2643 et
1968 2591 2054 2645 sui
2080 2601 2226 2647 esset
2254 2594 2547 2648 homicida.
2571 2594 2706 2660 Quia
2740 2597 2883 2649 enim
2912 2597 3073 2651 homo
3096 2598 3450 2655 conﬁrmatus

1887 2688 1941 2734 et
1975 2684 2367 2737 corroboratus
2400 2701 2495 2753 per
2524 2685 2761 2739 divinam
2795 2688 3228 2743 benedictionem
3269 2692 3449 2759 ampla

1888 2772 2106 2840 quidem
2156 2783 2210 2828 et
2244 2775 2463 2829 sublimi
2510 2784 2626 2831 erat
2666 2780 2989 2832 auctoritate
3034 2794 3099 2841 ac
3138 2780 3443 2849 dignitate:

1886 2865 2217 2920 constitutus
2267 2866 2413 2920 enim
2445 2877 2581 2930 erat,
2616 2877 2673 2921 ut
2716 2869 2769 2922 in
2826 2878 2989 2932 terra,
3024 2880 3078 2925 et
3108 2872 3161 2925 in
3195 2874 3450 2927 omnibus

1884 2970 2004 3022 quae
2032 2955 2086 3007 in
2117 2956 2234 3024 ipsa
2269 2966 2395 3012 sunt
2436 2972 2663 3028 regnum
2714 2959 2989 3014 obtineret
3022 2978 3035 3014 :
3098 2970 3216 3015 erat
3267 2971 3446 3016 autem

1882 3047 2155 3102 lormosus
2173 3087 2188 3111 ,
2216 3048 2394 3104 factus
2415 3051 2560 3104 enim
2578 3058 2695 3105 erat
2719 3052 2785 3105 ad
2806 3053 3094 3122 imaginem
3115 3056 3447 3124 exemplaris

1887 3139 2347 3207 pulchritudinis;
2380 3151 2498 3197 erat
2528 3151 2707 3197 autem
2737 3143 3055 3213 impatibilis
3083 3154 3297 3209 natura,
3327 3147 3448 3200 imi-

1891 3237 2031 3283 tatur
2058 3232 2201 3284 enim
2250 3242 2368 3286 erat
2416 3233 2537 3302 ejus
2570 3235 2774 3302 quiest
2827 3236 3180 3304 impatibilis;
3230 3237 3445 3291 dicendi

1885 3330 2064 3374 autem
2096 3320 2344 3376 libertate
2380 3324 2572 3391 plenus
2605 3335 2725 3378 erat
2752 3340 2815 3378 ae
2839 3325 3059 3389 ﬁducia,
3102 3335 3160 3379 ut
3189 3328 3282 3394 qui
3310 3328 3447 3380 l'arie

1885 3412 1950 3466 ad
1984 3413 2178 3468 faciem
2199 3429 2322 3468 cum
2352 3414 2460 3469 Deo
2486 3416 2536 3469 ei
2565 3426 2860 3485 apparente
2884 3417 3139 3486 loquendi
3170 3419 3447 3487 voluptate

1883 3518 1943 3557 se
1969 3505 2246 3573 expleret;
2280 3505 2393 3559 haec
2427 3514 2606 3560 autem
2643 3506 2960 3562 adversario
2987 3517 3148 3563 erant
3191 3510 3361 3564 fomes
3392 3520 3446 3563 et

1884 3594 2280 3649 irritamentum
2316 3597 2533 3651 invidiae
2553 3638 2568 3659 ,
2600 3598 2650 3650 vi
2689 3607 2869 3653 autem
2898 3609 3085 3667 aperta
3114 3608 3168 3653 et
3194 3602 3445 3668 potentia:

1882 3687 2077 3740 robore
2107 3703 2214 3741 non
2246 3697 2457 3757 poterat
2490 3690 2700 3744 eﬂicere
2727 3694 2869 3759 quod
2898 3692 3128 3745 habebat
3155 3691 3207 3743 in
3236 3692 3442 3750 animo,

1881 3780 2153 3846 potentior
2208 3782 2353 3834 enim
2415 3790 2534 3835 erat
2595 3782 2677 3837 vis
2739 3783 2832 3835 Dei
2881 3783 3277 3837 benedictionis
3325 3782 3444 3851 ejus

1880 3870 2115 3936 viribus;
2172 3881 2457 3941 propterea
2514 3874 2859 3929 machinatur
2895 3886 2952 3927 ut
2998 3890 3120 3927 cum
3151 3873 3383 3927 abducat
3414 3892 3442 3925 a

1882 3962 2122 4031 potentia
2155 3978 2274 4031 qua:
2303 3980 2426 4017 eum
2461 3966 2847 4019 corroborabat
2879 3982 2943 4018 ae
2974 3966 3354 4027 conﬁrmabat,
3386 3976 3444 4017 ut

1881 4053 1997 4123 ipse
2028 4056 2185 4109 facile
2240 4066 2447 4124 pateret
2503 4058 2737 4112 insidiis.
2780 4056 2843 4110 Et
2891 4056 3164 4125 quomodo
3210 4072 3334 4109 cum
3388 4057 3440 4108 in

1880 4146 2102 4199 lucerna
2136 4146 2276 4215 ignis
2308 4148 2636 4217 ellyehnium
2671 4148 3128 4217 apprchenderit,
3168 4164 3267 4201 nec
3312 4148 3441 4199 ﬂatu

1880 4237 2150 4304 quispiam
2187 4238 2359 4305 possit
2390 4237 2662 4291 ﬂammam
2690 4239 3057 4306 exstinguere,
3091 4238 3211 4291 oleo
3241 4251 3438 4305 aquam

1880 4328 2093 4390 miscet,
2120 4338 2173 4382 ct
2200 4346 2262 4384 ca
2320 4331 2531 4383 ratione
2588 4330 2856 4382 llainmam
2886 4331 3116 4384 debilem
3171 4330 3349 4383 reddit
3385 4337 3443 4382 et

1878 4417 2204 4472 evanidam:
2262 4420 2334 4471 ita
2395 4420 2765 4483 adversarius,
2817 4436 2939 4472 cum
2993 4420 3165 4472 libero
3215 4418 3441 4471 arbitrio

201 4512 297 4579 τῆς
333 4509 515 4580 ἀρχῆς
566 4509 781 4577 ἐκείνης
844 4506 1083 4560 τοιούτου
1142 4505 1328 4568 τέλους
1380 4506 1476 4570 τὰς
1528 4506 1777 4576 ἀφορμὰς

1884 4509 2071 4563 vitium
2101 4511 2509 4573 immiscuisset,
2530 4511 2707 4565 effecit
2730 4522 2786 4564 ut
2812 4512 3211 4580 quodammodo
3234 4511 3441 4564 exstin-

204 4600 618 4669 παρασχούσης.

1879 4610 2136 4667 gueretur
2165 4612 2219 4656 et
2247 4611 2594 4657 evanesceret
2624 4602 2948 4655 benedictio.
2982 4601 3097 4666 Qua
3127 4602 3433 4663 delicieute,

203 4703 297 4753 pro
325 4702 389 4739 ea
426 4686 581 4739 subit
630 4685 983 4739 contrarium.
1056 4684 1390 4740 Adversatur
1440 4695 1617 4737 autem
1668 4687 1790 4739 vita:
1827 4689 2045 4757 quidem
2092 4706 2261 4754 mors,
2303 4693 2511 4747 viribus
2576 4704 2751 4745 autem
2799 4693 3160 4754 imbecillitas,
3213 4694 3436 4745 benedi-

199 4780 363 4832 ctioni
415 4786 603 4831 autem
655 4778 978 4841 exsecratio,
1016 4778 1225 4832 fiducia:
1280 4789 1457 4832 autem
1516 4780 1708 4848 pudor,
1744 4792 1796 4832 ct
1842 4785 2097 4839 euntibus
2165 4786 2321 4839 bouis
2370 4802 2431 4839 ea
2465 4802 2599 4855 quae
2636 4788 3010 4856 intelliguntur
3044 4804 3109 4842 ex
3138 4788 3433 4841 contrario.

199 4872 493 4941 Propterea
587 4870 752 4922 homo
804 4887 948 4925 nunc
998 4864 1082 4926 est
1165 4872 1218 4925 in
1274 4872 1432 4926 malis
1464 4874 1843 4941 praesentibus,
1878 4892 2002 4930 cum
2065 4880 2196 4933 illud
2266 4881 2591 4949 principium
2670 4880 2794 4933 talis
2866 4881 2987 4935 linis
3054 4889 3432 4949 argumentum

197 4965 442 5019 dedisset
466 4971 522 5018 et
556 4966 923 5018 occasionem.

802 5054 1045 5107 ΚΕΦΑΛ.
1088 5058 1161 5108 Z'.

264 5150 376 5202 Καὶ
412 5148 605 5218 μηδεὶς
628 5150 906 5218 ἐρωτάτω,
932 5152 980 5203 εί
1015 5151 1276 5221 προειδὼς
1306 5153 1403 5222 τὴν
1428 5153 1771 5225 ἀνθρωπίνην

200 5240 487 5311 συμφοράν
532 5242 562 5291 ὁ
600 5239 730 5302 Θεὸς
760 5242 858 5310 τὴν
892 5242 956 5294 ἐκ
998 5244 1096 5312 τῆς
1141 5243 1393 5306 άὸουλίας
1439 5245 1587 5314 αὐτῷ
1633 5263 1770 5316 συμ-

200 5330 529 5398 ϐησομένην,
562 5324 725 5399 ἦλθεν
752 5332 831 5392 είς
857 5332 916 5382 τὸ
958 5333 1141 5386 κτίσαι
1169 5334 1260 5387 τὸν
1289 5334 1589 5405 ἄνθρωπον,
1639 5330 1683 5402 ᾧ
1710 5337 1769 5389 τὸ

202 5420 272 5487 μὴ
328 5420 588 5487 γενέσθαι
644 5420 844 5490 μᾶλλον
893 5423 1041 5486 ἴσως,
1092 5424 1124 5493 ἦ
1176 5424 1237 5475 τὸ
1284 5426 1341 5476 ὲν
1389 5416 1576 5488 κακοῖς
1606 5423 1765 5491 εἶναι,

202 5506 637 5578 λυσιτελέστερον
681 5504 767 5578 ἦν.
822 5510 1005 5565 Ταῦτα
1034 5512 1141 5581 γὰρ
1183 5515 1231 5565 οἱ
1274 5516 1386 5576 τοῖς
1415 5516 1767 5585 Μανιχαῐκοῖς

199 5595 422 5665 ὣγμασι
451 5597 518 5649 δι’
551 5599 767 5668 ἀπάτης
804 5602 1210 5671 παρασυρέντες
1264 5605 1342 5665 εἰς
1376 5604 1629 5659 σύστασιν
1670 5608 1765 5675 τῆς

202 5687 400 5741 ἑαυτῶν
436 5690 645 5758 πλάνης
681 5692 1091 5760 προϐάλλουσιν,
1120 5695 1195 5757 ὼς
1226 5696 1311 5748 διὰ
1341 5696 1495 5749 τοῦτο
1532 5699 1764 5768 πονηρὸν

203 5773 330 5832 εἶναι
378 5787 469 5835 τὸν
501 5781 599 5851 τῆς
636 5782 977 5855 ἀνθρωπίνης
1024 5785 1235 5854 φύσεως
1281 5788 1501 5859 κτίστην
1545 5790 1758 5844 ἀποδει-

2468 5061 2695 5115 CAPUT
2718 5061 2827 5116 Vll.

1938 5153 2107 5209 Nemo
2139 5168 2266 5207 vero
2292 5154 2605 5223 interroget,
2639 5170 2706 5207 an
2739 5152 2905 5219 Deus,
2935 5169 3061 5207 eum
3092 5152 3422 5221 providisset

1866 5249 2228 5303 calamitatem
2271 5264 2391 5317 qua:
2417 5256 2535 5302 erat
2565 5248 2629 5301 ad
2652 5247 2925 5300 hominem
2945 5257 3168 5300 ventura
3196 5262 3263 5299 ex
3286 5247 3426 5299 malo

1867 5340 2120 5399 consilio,
2171 5341 2238 5392 ad
2283 5339 2578 5392 creandqu
2628 5338 2901 5393 hominem
2969 5336 3287 5398 accesserit,
3336 5338 3424 5389 eui

1866 5440 1982 5484 erat
2016 5431 2153 5483 forte
2174 5430 2577 5483 conducibilius
2607 5438 2786 5483 ortum
2820 5443 2925 5481 non
2954 5444 3095 5490 esse,
3116 5443 3278 5495 quam
3305 5444 3426 5482 esse

1866 5521 1920 5574 in
1954 5521 2405 5586 malis.Quienim
2436 5522 2499 5573 ad
2527 5521 2942 5575 Maniebseoruiu
2962 5519 3209 5588 dogmata
3237 5522 3424 5573 fraude

1863 5624 1990 5667 sunt
2019 5614 2384 5676 attracti,haac
2418 5614 2650 5667 aderunt
2672 5612 2737 5665 ad
2772 5627 2930 5667 suum
2963 5628 3203 5667 errorem
3224 5615 3419 5666 conlir»

1863 5702 2138 5765 mandum,
2177 5710 2230 5755 et
2264 5718 2359 5771 per
2385 5702 2485 5756 hoc
2516 5703 2808 5756 ostendunt
2852 5718 2973 5758 esse
3019 5704 3217 5757 malum
3270 5718 3420 5755 erea-

1860 5801 2029 5849 torem
2054 5793 2298 5848 humanae
2331 5802 2555 5848 naturas.
2584 5791 2715 5846 Nam
2765 5794 2808 5848 si
2840 5793 2977 5851 Deus
3008 5792 3223 5864 quidem
3253 5809 3318 5849 ex
3351 5793 3423 5847 iis
