3978 6504
513 360 576 419 Μ
1740 345 1799 400 8.
1841 337 2170 398 GREGORII
2204 334 2498 394 NYSSENI
3675 320 3749 376 32

520 494 646 550 qua:
674 482 824 537 sunt,
843 473 979 528 nihil
1007 474 1220 545 ignorat
1244 491 1258 529 :
1281 480 1367 530 est
1396 477 1576 525 autem
1602 467 1767 523 homo
1798 467 1851 521 in
1883 464 2078 521 malis:

2198 456 2453 519 ινύοντες.
2504 453 2568 506 Εἰ
2598 450 2707 522 γὰρ
2734 449 2918 518 ἀγνοεῖ
2948 446 3047 519 μὲν
3078 444 3184 500 τῶν
3209 444 3377 497 ὄντων
3417 443 3446 496 ὁ
3476 439 3633 550 Θεὸςὶ
3653 439 3744 493 οὔ·

523 582 632 623 nou
679 566 866 635 utique
911 564 1063 620 salva
1116 566 1223 620 erit
1261 564 1405 619 ratio
1456 560 1553 616 Dei
1584 558 1866 623 bonitatis,
1906 558 1953 617 si
1986 558 2086 612 ho-

520 660 721 713 minem
766 655 835 709 ad
881 656 1050 710 vitam
1106 655 1429 720 deduxerit,
1477 654 1569 725 qui
1614 652 1834 709 futurus
1873 663 1994 708 erat
2029 653 2087 707 in

521 752 703 805 malis.
761 749 819 804 Si
881 749 1027 804 enim
1087 748 1244 804 bonae
1308 757 1518 802 naturae
1573 744 1798 801 omnino
1847 752 1931 799 est
1967 758 2089 813 qua:

519 858 588 897 ex
623 850 769 896 bono
784 849 868 896 est
892 840 1173 911 operatio,
1220 840 1421 895 misera
1466 840 1582 893 haec
1616 838 1723 892 vita
1763 844 1820 891 et
1854 838 2087 899 caduca,

520 932 792 1003 malisque
827 942 882 988 et
928 932 1172 987 interitui
1211 931 1469 998 obnoxia,
1498 945 1606 985 non
1649 931 1844 999 utique
1875 939 1961 984 est
1993 928 2089 983 ad-

522 1024 817 1080 scribenda
864 1023 987 1094 ejus
1034 1025 1127 1094 qui
1163 1023 1344 1078 bonus
1375 1032 1459 1077 est
1496 1022 1736 1092 opiﬁcio,
1767 1020 1863 1076 sed
1906 1018 2091 1076 existi-

520 1115 781 1170 mandum
811 1126 897 1171 est
928 1115 1096 1169 alium
1131 1129 1256 1169 esse
1288 1122 1570 1169 auctorem
1607 1114 1771 1183 hujus
1800 1114 1946 1176 vitae,
1991 1127 2090 1166 cu-

517 1206 611 1276 jus
641 1214 834 1260 natura
854 1221 1125 1277 propensa
1147 1216 1231 1261 est
1253 1204 1322 1259 ad
1346 1206 1571 1259 malum.
1592 1204 1726 1258 Nam
1748 1205 1864 1260 hzec
1882 1206 2086 1269 omnia,

520 1305 578 1352 et
632 1313 753 1368 qua:
799 1306 927 1352 sunt
961 1297 1256 1366 ejusmodi,
1303 1296 1373 1351 iis
1417 1296 1636 1367 quidem
1688 1297 1783 1367 qui
1829 1305 2089 1367 tanquam

522 1388 771 1443 fallacem
800 1390 1091 1457 quemdam
1127 1389 1366 1444 colorem
1401 1390 1711 1443 hareticam
1750 1389 1999 1445 fraudem
2031 1390 2090 1445 in

522 1478 797 1550 profundo
826 1480 1182 1547 imbiberunt,
1211 1479 1470 1536 videntur
1509 1480 1711 1536 habere
1752 1482 1862 1535 vim
1892 1498 2091 1551 quam-

523 1572 647 1625 dam
714 1586 810 1641 per
859 1581 1216 1643 apparentem
1273 1572 1569 1642 quamdam
1647 1573 2089 1643 probabilitatem

523 1663 813 1731 superficie
839 1670 1000 1718 tenus
1029 1682 1043 1719 :
1073 1664 1141 1719 iis
1176 1671 1357 1718 autem
1397 1664 1490 1734 qui
1526 1664 1770 1719 veritatis
1811 1673 1940 1719 sunt
1966 1680 2089 1735 per-

524 1751 928 1821 spicientiores,
968 1762 1150 1822 aperte
1180 1764 1483 1808 cernuntur
1520 1753 1815 1819 imbecilla,
1869 1761 1923 1808 et
1952 1769 2090 1823 quo-

526 1855 648 1895 rum
687 1856 901 1898 errores
922 1858 977 1896 in
1016 1849 1270 1913 promptu
1297 1850 1383 1898 est
1410 1842 1721 1898 ostendere.
1747 1843 1878 1897 Mihi
1908 1851 2089 1898 autem

530 1930 743 1987 videtur
770 1941 916 1987 recte
943 1934 1165 1996 habere,
1211 1933 1260 1989 si
1283 1933 1337 1988 in
1368 1934 1454 1989 his
1485 1934 1825 1990 adducamus
1848 1935 2088 2005 Aposto-

526 2022 638 2076 lum
677 2023 732 2077 in
781 2020 1158 2079 defensionem
1189 2040 1383 2080 eorum
1415 2040 1537 2096 quae
1565 2033 1758 2080 contra
1775 2040 1871 2082 eos
1890 2026 2090 2081 dicun-

526 2121 638 2169 tur.
669 2112 730 2167 ln
767 2114 833 2168 iis
862 2118 1009 2169 enim
1037 2130 1158 2185 qua.
1193 2116 1388 2171 scribit
1419 2119 1485 2172 ad
1513 2116 1851 2186 Corinthios,
1898 2119 2094 2174 distin-

530 2205 648 2274 guit
674 2206 921 2261 carnales
955 2214 1010 2262 et
1043 2208 1358 2277 spirituales
1388 2209 1695 2263 animarum
1732 2212 2090 2266 constitutio-

528 2312 648 2362 nes,
675 2312 772 2365 per
799 2313 862 2352 ea
894 2314 1015 2368 quae
1059 2299 1342 2363 dicuntur,
1393 2300 1490 2363 uti,
1518 2301 1734 2369 opinor,
1776 2304 2092 2366 ostendens,

531 2388 677 2458 quod
718 2389 919 2444 bonum
947 2398 1041 2445 aut
1070 2392 1273 2445 malum
1306 2406 1414 2446 non
1448 2401 1532 2447 est
1573 2408 1737 2447 sensu
1783 2394 2093 2461 dijudican-

530 2479 694 2544 duin;
731 2480 825 2535 sed
860 2488 1043 2537 mente
1074 2482 1312 2537 abducta
1344 2484 1413 2537 ab
1445 2485 1515 2539 iis
1541 2500 1663 2553 quas
1693 2496 1956 2556 apparent
2000 2504 2093 2542 ex-

533 2577 617 2623 tra
645 2584 865 2641 corpus,
900 2571 1025 2625 boni
1054 2580 1109 2627 et
1136 2573 1398 2627 contrarii
1434 2574 1604 2644 ipsam
1628 2591 1752 2630 esse
1783 2590 1876 2645 per
1906 2593 1963 2633 se
1984 2577 2098 2633 dis-

531 2662 860 2717 cernendam
891 2672 1175 2729 naturam,
1205 2665 1515 2735 Spiritualis
1549 2666 1721 2732 enim,
1765 2668 1961 2738 inquit.
2011 2671 2097 2725 di-

523 2753 738 2824 judicat
768 2758 946 2809 omnia
966 2756 1179 2823 ’.Quod
1211 2765 1394 2812 autem
1428 2759 1466 2813 ii
1486 2760 1582 2829 qui
1612 2760 1726 2816 haec
1756 2760 2008 2824 afferunt,
2026 2763 2099 2815 fa-

533 2848 727 2905 bulosa
782 2848 898 2904 hac
932 2851 1186 2921 dogmata
1243 2852 1633 2917 conﬁnxerint,
1664 2853 1908 2907 arbitror
1953 2854 2099 2910 hanc

533 2939 706 2995 fuisse
749 2956 993 3008 causam,
1033 2942 1180 3012 quod
1230 2945 1537 3015 corporalis
1581 2946 1877 3014 voluptatis
1912 2947 2098 3002 suavi-

535 3038 649 3087 tate
680 3033 884 3087 bonum
907 3033 1255 3099 definientes,
1280 3043 1571 3106 pr0pterea
1609 3036 1754 3106 quod
1792 3036 2097 3092 aﬂectioni-

534 3123 639 3180 bus
671 3132 727 3180 et
764 3125 968 3180 morbis
999 3125 1315 3181 necessario
1340 3127 1577 3181 obnoxia
1607 3135 1691 3181 est
1723 3127 1973 3197 corporis
1997 3142 2099 3181 na-
2127 3134 2170 3194 α

536 3226 681 3282 tura,
720 3226 777 3272 ut
805 3232 927 3289 qua:
967 3218 1037 3272 sit
1062 3218 1387 3288 composita,
1436 3227 1489 3274 et
1523 3216 1653 3274 ﬂuat
1683 3219 1751 3273 ad
1775 3218 2097 3275 dissolutio-

536 3325 660 3365 uem
693 3328 707 3365 :
741 3308 1010 3379 ejusmodi
1036 3318 1215 3364 autem
1252 3309 1567 3365 affectiones
1589 3312 1944 3381 consequitur
1976 3311 2101 3381 qui-

536 3401 666 3454 dam
706 3415 903 3455 sensus
937 3399 1179 3455 dolorem
1210 3398 1466 3465 atl‘erens,
1511 3400 1801 3454 humanam
1848 3409 2099 3455 naturam

538 3492 666 3545 mali
694 3506 830 3561 opus
862 3507 987 3551 esse
1013 3491 1352 3547 existimant.
1394 3492 1530 3546 Nam
1555 3494 1599 3548 si
1631 3494 1919 3548 sublimius
1962 3495 2104 3564 aspi-

539 3592 691 3640 ceret
745 3600 939 3639 eorum
1002 3585 1281 3654 cogitatio.
1327 3594 1384 3641 et
1425 3585 1496 3641 ab
1527 3600 1591 3640 ea
1627 3601 1750 3656 quae
1772 3585 1825 3640 in
1865 3587 2103 3656 volupta-

540 3676 690 3731 tibus
716 3683 970 3731 versatur
1003 3674 1289 3732 atl‘ectione
1343 3685 1527 3732 mente
1565 3678 1767 3747 procul.
1802 3679 2095 3742 collocata.

541 3767 955 3823 considerarent
984 3768 1142 3824 liberi
1175 3770 1244 3824 ab
1276 3770 1442 3823 animi
1476 3770 1886 3839 perturbatione
1914 3787 2102 3827 rerum

540 3876 662 3931 qua:
695 3869 823 3916 sunt
874 3869 1148 3929 naturam,
1178 3876 1287 3916 non
1319 3862 1699 3918 existimarent
1728 3865 1929 3919 malum
1956 3866 2105 3920 aliud

542 3969 663 4009 esse
691 3969 853 4025 quam
894 3955 1086 4009 vitium
1115 3963 1169 4010 et
1192 3955 1618 4025 improbitatem.
1667 3956 1871 4012 Vitium
1918 3967 2103 4014 autem

544 4060 705 4100 omne
746 4055 801 4100 et
828 4045 1146 4114 improbitas
1180 4045 1233 4098 in
1256 4045 1383 4099 boni
1424 4046 1733 4115 privatione
1762 4062 1916 4101 suam
1944 4047 2107 4103 habet

546 4138 776 4192 formam
797 4146 853 4192 et
889 4138 1285 4201 characterem,
1304 4152 1427 4192 cum
1452 4152 1547 4209 per
1577 4153 1636 4192 se
1667 4152 1776 4193 non
1808 4138 1900 4202 sit,
1930 4154 2108 4209 neque

543 4228 919 4285 consideretur
952 4229 1007 4282 in
1050 4243 1117 4283 eo
1157 4229 1299 4300 quod
1342 4230 1630 4283 consistat.
1686 4228 1903 4284 Nullum
1963 4232 2107 4286 enim

544 4320 746 4373 malum
774 4335 868 4389 per
903 4334 961 4373 se
997 4318 1159 4373 situm
1195 4326 1279 4373 est
1303 4326 1458 4373 extra
1489 4318 1713 4373 liberam
1748 4319 1962 4374 arbitrii
1997 4323 2109 4377 ele-

544 4413 819 4478 ctionem;
871 4410 965 4466 sed
1020 4410 1091 4463 ita
1151 4409 1534 4464 deuominatur
1583 4427 1649 4466 ex
1687 4427 1755 4466 eo
1802 4410 1949 4482 quod
2000 4430 2108 4469 non

2186 549 2295 613 δὲν,
2330 550 2389 601 ὲν
2418 548 2605 608 κακοῖς
2631 545 2687 597 δὲ
2708 545 2737 595 6
2763 541 3044 611 ἄνθρωπος
3064 553 3077 565 ·
3123 535 3300 590 οὐκέτ’
3333 534 3397 587 ἂν
3425 534 3454 585 6
3480 532 3576 602 τῆς
3608 533 3753 595 ἀγα-

2188 639 2408 711 θότητος
2431 637 2525 691 τοῦ
2558 636 2691 689 Θεοῦ
2726 631 3039 697 διασώζοιτο
3069 630 3247 697 λόγος,
3289 625 3446 697 εἴπερ
3474 624 3753 711 ένᾼκακοῖς

2191 708 2452 796 μέλλοντα
2503 725 2595 776 τὸν
2651 721 2933 792 ἄνθρωπον
2998 717 3256 789 ζήσεσθαι
3312 714 3445 786 πρὸς
3498 708 3591 764 τὸν
3640 710 3755 781 βίον

2188 817 2499 886 παρήγαγε.
2548 814 2611 866 Εἰ
2656 812 2765 882 γὰρ
2812 810 3023 880 ἀγαθῆς
3055 808 3269 878 φύσεως
3300 807 3334 875 ἠ
3384 804 3524 859 κατὰ
3552 802 3756 869 ἀγαθὸν

2187 907 2433 978 ἐνέργεια
2454 905 2670 968 πάντως
2694 903 2862 968 ἐστὶν,
2885 906 2913 957 6
2933 902 3173 971 λυπηρὸς
3197 892 3349 961 οὗτος
3375 899 3467 951 καὶ
3495 898 3655 967 ὲπίκη
3664 913 3757 967 ρος

2191 998 2304 1070 βίος
2355 998 2533 1052 οὐκέτ’
2585 997 2671 1061 ἂν,
2720 996 2903 1065 φησιν,
2946 996 3026 1057 εἰς
3058 994 3156 1063 τὴν
3205 989 3298 1044 τοῦ
3348 988 3550 1057 ἀγαθοῦ
3598 988 3758 1057 δημι-

2189 1077 2415 1159 ουργίαν
2462 1087 2752 1155 ἀνάγοιτοο
2807 1085 2921 1138 ἀλλ’
2978 1084 3163 1154 ἕτερον
3218 1081 3323 1152 χρὴ
3372 1080 3471 1150 τῆς
3502 1078 3759 1148 τοιαύτης

2190 1177 2334 1249 ζωῆς
2362 1178 2533 1232 αἴτιον
2560 1176 2784 1242 οἴεσθαι,
2813 1169 2858 1244 ᾧ
2889 1175 3025 1246 πρὸς
3052 1173 3314 1243 πονηρίαν
3347 1173 3381 1241 ἡ
3411 1168 3567 1239 φύσις
3600 1170 3757 1240 ἐπιρι

2192 1269 2371 1340 ρεπῶς
2403 1267 2536 1338 ἔχει.
2565 1267 2747 1321 Ταῦτα
2779 1266 2888 1338 γὰρ
2922 1267 3096 1320 πάντα
3138 1268 3231 1319 καί
3275 1264 3343 1318 τὰ
3370 1264 3615 1328 τοιαῦτα,
3645 1266 3758 1327 τοῖς

2194 1360 2293 1432 μὲν
2325 1362 2383 1414 ὲν
2413 1358 2587 1430 βάθει,
2624 1360 2873 1434 καθάπερ
2926 1358 3046 1413 τινὰ
3089 1357 3403 1427 ψευδοποιὸν
3449 1356 3622 1427 βαφὴν
3658 1356 3758 1426 τὴν

2190 1453 2471 1525 αἰρετικὴν
2506 1452 2992 1524 παραδεδεγμένοις
3034 1452 3248 1520 ἀπάτην
3269 1490 3284 1515 ,
3338 1449 3487 1519 ἰσχύν
3515 1467 3635 1502 τινα
3668 1450 3759 1502 διά

2190 1546 2290 1615 τῆς
2330 1545 2645 1599 ἐπιπολαίου
2701 1544 3050 1615 πιθανότητος
3106 1542 3250 1611 ἔχειν
3304 1541 3488 1594 δοκεῖ’
3541 1543 3651 1603 τοῖς
3701 1541 3760 1593 δὲ

2190 1637 2653 1709 διορατικωτέροις
2679 1636 2777 1707 τῆς
2804 1634 3055 1705 ἀληθείας
3100 1633 3274 1705 σαθρά
3302 1634 3462 1696 ὄντα,
3497 1632 3588 1684 καὶ
3624 1632 3760 1701 πρό-

2192 1748 2372 1802 χειρον
2395 1730 2492 1802 τὴν
2510 1730 2609 1800 τῆς
2637 1728 2852 1798 ἀπάτης
2878 1725 3147 1790 ἀπόδειξιν
3172 1725 3380 1795 ἔχοντα,
3415 1723 3598 1792 σαφῶς
3625 1722 3760 1777 καθ-

2193 1825 2406 1895 ορᾶται.
2458 1823 2566 1875 Καί
2604 1838 2694 1889 μοι
2740 1821 2885 1874 δοκεῖ
2922 1818 3101 1880 καλῶς
3130 1820 3270 1887 ἔχειν
3314 1817 3416 1870 τὸν
3444 1817 3761 1870 Ἀπόστολον

2191 1916 2250 1969 ὲν
2300 1913 2509 1977 τούτοις
2561 1914 2855 1984 συνήγορον
2894 1911 2992 1981 τῆς
3046 1911 3164 1963 κατ’
3210 1909 3370 1961 αὑτὸν
3420 1908 3761 1979 παρηγορίας

2194 2004 2620 2077 προστήσασθαι.
2668 2005 2878 2074 Διαιρεῖ
2903 2002 3008 2073 γὰρ
3039 2003 3096 2054 ἐν
3142 2001 3219 2071 τῷ
3266 2000 3401 2071 πρὸς
3442 1999 3762 2070 Κορινθίους

2192 2098 2335 2168 λόγῳ
2367 2096 2465 2159 τάς
2512 2114 2571 2149 τε
2615 2094 2934 2167 σαρκώδεις,
2986 2093 3082 2146 καὶ
3110 2093 3208 2155 τὰς
3250 2091 3625 2161 πνευματικὰς
3650 2089 3761 2145 τῶν

2192 2190 2380 2261 ψυχῶν
2412 2191 2771 2252 καταστάσεις
2797 2205 2810 2219 ’
2858 2188 3092 2251 δεικνὺς,
3136 2182 3308 2257 οἶμαι,
3343 2186 3430 2239 διὰ
3475 2185 3582 2239 τῶν
3610 2185 3764 2254 λεγο-

2198 2283 2403 2353 μένων,
2440 2284 2523 2336 ὅτι
2568 2281 2628 2333 οὑ
2674 2280 2740 2333 δι’
2771 2279 3075 2351 αἰσθήσεως
3122 2279 3183 2332 τὸ
3227 2279 3389 2333 καλὸν
3422 2278 3455 2347 ἦ
3485 2278 3544 2331 τὸ
3592 2280 3763 2331 κακὶν

2195 2373 2458 2442 προσήκει
2493 2371 2719 2441 κρίνειν,
2754 2368 2868 2422 ἀλλ’
2899 2369 3003 2435 ἔξω
3032 2367 3141 2422 τῶν
3176 2370 3316 2421 κατὰ
3350 2368 3411 2421 τὸ
3442 2367 3598 2438 σῶμα
3640 2386 3767 2437 φαι-

2196 2462 2434 2532 νομένων
2459 2462 2549 2515 τδν
2578 2460 2702 2515 νοῦν
2727 2461 3127 2531 ἀποστήσαντα,
3152 2460 3321 2530 αὑτὴν
3350 2461 3435 2528 ἐφ’
3454 2461 3649 2530 ἑαυτῆς
3670 2460 3763 2513 τοῦ

2196 2553 2364 2607 καλοῦ
2390 2572 2451 2607 τε
2499 2555 2592 2608 καλ⁸
2619 2554 2713 2607 τοῦ
2742 2553 2981 2607 ἐναντίου
3019 2552 3311 2623 διακρίνειν
3355 2551 3457 2623 τὴν
3481 2552 3660 2621 φύσιν.
3704 2554 3767 2607 '0

2196 2645 2304 2717 γάρ
2356 2646 2773 2714 πνευματικὸς,
2832 2644 3017 2716 φησιν,
3071 2644 3378 2712 ἀνακρίνει
3429 2645 3502 2697 τὰ
3549 2645 3765 2699 πάντα.

2198 2736 2413 2808 Ταύτην
2444 2732 2595 2806 οἶμαι
2627 2736 2723 2807 τὴν
2757 2739 2935 2790 αἰτίαν
2976 2736 3073 2808 τῆς
3116 2735 3221 2788 τῶν
3252 2735 3533 2805 δογμάτων
3565 2738 3768 2789 τούτων

2201 2828 2539 2899 μυθοποιίας,
2578 2830 2691 2892 τοῖς
2718 2827 2787 2880 τά
2813 2827 3034 2881 τοιαῦτα
3066 2830 3426 2897 προφέρουσιν
3451 2826 3516 2879 ἂν
3546 2828 3768 2896 γεγενῆ-

2201 2919 2346 2982 σθαι,
2369 2921 2449 2972 ὃτι
2478 2920 2613 2991 πρὸς
2644 2918 2705 2972 τὸ
2726 2919 2824 2988 ἡδὺ
2850 2920 2948 2990 τῆς
2973 2918 3285 2989 σωματικῆς
3317 2918 3684 2981 ἀπολαύσεως,
3709 2919 3769 2969 τὸ

2200 3010 2403 3079 ἀγαθὸν
2436 3008 2763 3081 ὁριζόμενοι,
2797 3009 2885 3062 διὰ
2911 3010 2970 3062 τὺ
2999 3010 3194 3062 πάθεσι
3229 3009 3319 3060 καὶ
3344 3009 3770 3079 ἀρρωστήμασιν

2203 3098 2519 3152 ὑποκεῖσθαι
2569 3097 2687 3151 κατ’
2731 3099 2974 3167 ἀνάγκην
3021 3097 3117 3169 τὴν
3166 3096 3257 3149 τοῦ
3318 3094 3565 3161 σώματος
3613 3097 3771 3166 φύσιν

2205 3189 2455 3243 σύνθετον
2481 3185 2644 3243 οὖσαν
2669 3190 2762 3242 καὶ
2786 3191 2865 3252 εἰς
2892 3188 3133 3243 διάλυσιν
3162 3188 3390 3258 ῥέουσαν
3411 3227 3427 3252 ,
3476 3190 3770 3242 ἐπακολου-

2203 3282 2315 3335 θεῖν
2356 3282 2413 3337 δέ
2444 3298 2559 3344 πως
2586 3283 2699 3344 τοῖς
2736 3280 2994 3343 τοιούτοις
3025 3279 3338 3350 παθήμασιν
3369 3281 3621 3351 ἀλγεινὴν
3649 3298 3771 3332 τινα

2202 3374 2474 3445 αἴσθησιν,
2527 3372 2762 3444 πονηροῦ
2811 3371 2906 3443 τὴν
2949 3370 3389 3441 ἀνθρωποποιίαν
3438 3371 3596 3443 ἔργον
3633 3367 3772 3423 εἶναι

2203 3465 2531 3535 νομίζουσιν.
2594 3464 2684 3527 Ὠς
2731 3464 2844 3532 εῖγε
2892 3462 3027 3534 πρὸς
3071 3461 3133 3513 τὸ
3178 3461 3503 3533 ὑψηλότερον
3551 3463 3775 3516 ἔϐλεπεν

2204 3558 2383 3621 αὑτοῖς
2408 3559 2441 3627 ἡ
2469 3556 2694 3618 διάνοια,
2723 3556 2817 3609 καὶ
2840 3555 2939 3626 τῆς
2969 3555 3097 3625 περὶ
3122 3554 3220 3616 τάς
3267 3554 3458 3623 ήδονάς
3483 3554 3773 3616 διαθέσεως

2204 3650 2294 3703 τὸν
2319 3648 2442 3702 νοῦν
2472 3650 2874 3712 ἀποικίσαντες,
2921 3646 3147 3711 ἀπαθῶς
3176 3647 3509 3698 ἐπεσκόπουν
3539 3645 3636 3712 τὴν
3663 3644 3772 3697 τῶν

2205 3746 2372 3799 ὄντων
2410 3743 2591 3814 φύσιν,
2620 3745 2720 3798 οὑκ
2747 3744 2813 3799 ἂν
2842 3744 2969 3798 ἄλλο
3017 3763 3067 3797 τι
3115 3744 3282 3799 κακὸν
3322 3738 3459 3796 εἰναι
3504 3745 3652 3813 παρά
3678 3741 3787 3812 τὴν

2208 3841 2470 3912 πονηρίαν
2503 3839 2782 3911 ᾠήθησαν.
2817 3839 3060 3910 Πονηρῖα
3085 3840 3142 3892 δὲ
3173 3838 3320 3890 πᾶσα
3346 3838 3403 3888 ὲν
3425 3839 3488 3905 τῇ
3518 3835 3611 3887 τοῦ
3640 3837 3777 3902 ἀγα-

2208 3934 2303 3989 θοῦ
2332 3933 2581 4005 στερήσει
2626 3932 3105 4005 χαρακτηρίζεται,
3148 3931 3209 3982 οὑ
3241 3928 3362 3982 καθ’
3390 3929 3589 3998 ἑαυτὴν
3620 3925 3778 3992 οὖσα,

2207 4026 2330 4079 οὑδὲ
2375 4026 2495 4079 καθ’
2538 4025 2831 4078 ὑπόστασιν
2861 4023 3224 4094 θεωρουμένη.
3272 4020 3457 4073 Κακὸν
3490 4019 3598 4089 γὰρ
3630 4019 3780 4072 οὐδὲν

2209 4115 2314 4183 ἔξω
2348 4115 2718 4186 προαιρέσεως
2766 4115 2853 4182 ἐφ’
2900 4110 3091 4165 ἑαυτοῦ
3133 4113 3354 4173 κεῖται,
3406 4108 3539 4163 ἀλλά
3582 4108 3660 4178 τῷ
3704 4109 3781 4179 μὴ

2211 4206 2347 4261 εἰναι
2390 4208 2451 4260 τὸ
2480 4206 2683 4274 ἀγαθὸν
2724 4204 2867 4258 οὓτω
2910 4200 3355 4273 κατονομάζεται.
3390 4203 3462 4254 Τὸ
3491 4201 3546 4254 δὲ
3591 4202 3666 4271 μὴ
3696 4201 3781 4265 ὃν,

2210 4300 2307 4371 οὑχ
2340 4298 2642 4368 ὑφέστηκε·
2673 4295 2765 4349 τοῦ
2801 4296 2857 4348 δὲ
2902 4296 2975 4365 μὴ
3024 4294 3331 4363 ὑφεστῶτος
3372 4292 3698 4363 δημιουργὸς
3753 4294 3783 4344 ὁ

2212 4397 2319 4449 τῶν
2351 4391 2673 4462 ὑφεστώτων
2701 4388 3031 4460 δημιουργὸς
3062 4389 3162 4441 οὑκ
3211 4386 3377 4438 ἐστιν.
3425 4384 3631 4438 Οὐκοῦν
3678 4383 3783 4449 ἔξω

546 4504 619 4559 sit
655 4504 879 4558 bonum.
930 4501 1083 4568 Quod
1136 4510 1314 4556 autem
1370 4511 1621 4565 nonest,
1672 4518 1779 4557 non
1819 4477 2098 4561 consistit.

2214 4489 2310 4560 τῆς
2334 4486 2443 4539 τῶν
2465 4484 2649 4538 κακῶν
2674 4482 2847 4546 αἰτίας
2866 4484 2893 4534 6
2919 4482 3068 4544 Θεὸς,
3096 4481 3124 4531 6
3148 4479 3254 4533 τῶν
3283 4479 3472 4540 όντων,
3495 4478 3590 4546 οὑχ
3619 4478 3646 4529 6
3673 4477 3783 4530 τῶν

546 4595 677 4663 Ejus
705 4602 885 4649 autem
912 4593 1056 4663 quod
1089 4608 1197 4648 non
1223 4593 1475 4648 consistit
1502 4594 1704 4663 opifex,
1730 4611 1835 4651 non
1848 4606 1932 4652 est
1960 4600 2005 4651 is
2022 4613 2093 4667 qu

2217 4582 2291 4652 μὴ
2328 4582 2495 4635 ὄντων
2524 4577 2751 4647 ποιητὴς
2785 4573 2880 4637 ὢν,
2918 4574 2948 4624 6
2974 4572 3069 4641 τὴν
3100 4572 3287 4643 ὅρασιν
3314 4570 3374 4622 οὑ
3409 4569 3506 4640 τὴν
3533 4572 3783 4640 πήρωσιν

545 4694 629 4740 est
657 4684 836 4755 opifex
881 4699 1071 4739 eorum
1122 4699 1243 4754 quae
1293 4684 1620 4739 consistunt.
1675 4683 1940 4740 Malorum
1988 4702 2098 4757 ergi

2213 4670 2641 4744 δημιουργήσας,
2670 4668 2699 4719 6
2727 4664 2824 4735 τὴν
2868 4663 3069 4734 ἀρετὴν
3105 4663 3166 4715 οὑ
3198 4661 3296 4732 τὴν
3330 4662 3583 4731 στέρησιν
3613 4662 3785 4731 αὐτῆς

545 4792 711 4831 causa
726 4791 833 4829 nou
856 4784 931 4830 est
951 4774 1113 4838 Deus,
1140 4775 1231 4845 qui
1270 4783 1352 4830 est
1378 4786 1591 4831 creator
1605 4788 1653 4831 et
1679 4776 1901 4833 etlector
1929 4793 2098 4832 eorun

2214 4764 2490 4827 ἀναδείξας
2537 4757 2698 4814 ἆθλον
2741 4758 2840 4828 τῆς
2883 4754 3285 4827 προαιρέσεως,
3327 4753 3387 4806 τὸ
3417 4752 3526 4806 τῶν
3562 4752 3785 4820 ἀγαθῶν

546 4884 667 4940 quae
705 4877 853 4933 sunt,
906 4884 1015 4922 non
1054 4882 1240 4922 eorum
1269 4884 1390 4938 qua:
1437 4883 1545 4924 non
1605 4878 1731 4924 sunt
1767 4887 1781 4923 :
1813 4870 1903 4940 qui
1939 4870 2096 4923 visuu

2216 4856 2385 4925 πέρας
2408 4857 2517 4909 τοῖς
2546 4851 2666 4905 κατ’
2695 4848 2893 4919 ἀρετὴν
2922 4846 3358 4915 πολιτευομένοις
3396 4841 3636 4915 προθεὶς,
3681 4843 3785 4896 οὑκ

545 4974 630 5017 est
658 4960 980 5026 fabricatus,
1004 4976 1113 5015 non
1142 4967 1320 5014 autem
1353 4961 1687 5027 caecitatem;
1728 4962 1823 5030 qui
1853 4963 2098 5016 virtutan

2211 4950 2423 5019 ἀνάγκῃ
2452 4946 2556 4998 τινὶ
2589 4942 2740 5014 βιαίᾳ
2780 4941 2914 5013 πρὸς
2940 4938 3001 4992 τὸ
3032 4937 3208 5006 ἑαυτῷ
3250 4934 3438 4988 δοκοῦν
3482 4933 3784 4999 ὑποζεύξας

547 5053 827 5115 iudicavit,
862 5068 967 5105 non
1016 5052 1135 5121 ejus
1176 5052 1568 5121 privationem;
1631 5053 1789 5107 bonae
1832 5051 2114 5107 electionis

548 5144 771 5214 praemio
812 5143 1026 5217 adjecto
1074 5144 1341 5200 bonorum
1379 5147 1480 5200 line
1543 5144 1611 5199 iis
1649 5146 1743 5214 qui
1792 5159 1859 5199 ex
1912 5144 2117 5198 virtute

547 5235 715 5287 vitam
756 5233 959 5305 degunt
986 5272 1000 5297 ,
1036 5247 1143 5287 non
1188 5234 1437 5291 violenta:
1474 5235 1634 5289 alicui
1673 5234 2005 5294 necessitati.
2058 5242 2116 5287 ut

547 5320 652 5374 sibi
675 5320 970 5384 videretur,
1003 5322 1292 5377 humanam
1327 5324 1657 5396 subjungens
1688 5333 1959 5389 naturam,
1987 5332 2110 5378 tan-

545 5425 711 5479 quam
774 5427 867 5467 vas
923 5412 1141 5483 aliquod
1178 5416 1473 5470 animatum
1525 5417 1753 5470 invitum
1805 5415 1871 5469 ad
1909 5417 2109 5470 bonum

2210 5042 2309 5113 τὴν
2336 5037 2681 5111 ἀνθρωπίνην
2715 5034 2898 5104 φύσιν,
2928 5032 3179 5100 καθάπερ
3221 5047 3273 5081 τι
3308 5026 3499 5090 σκεῦος
3540 5026 3786 5095 ἔμψυχον

2212 5130 2477 5191 ἀκουσίως
2508 5126 2643 5196 πρὸς
2669 5124 2733 5178 τὸ
2759 5124 2922 5177 καλὸν
2952 5120 3326 5190 ἐφελκόμενος.
3370 5118 3434 5169 Εἰ
3459 5116 3515 5168 δὲ
3539 5114 3633 5167 τοῦ
3666 5131 3783 5182 φω-

2214 5224 2306 5285 τὸς
2329 5222 2387 5286 ἐξ
2407 5220 2621 5292 αἰθρίας
2645 5216 2901 5287 καθαρῶς
2930 5211 3378 5282 περιλάμποντος,
3414 5206 3673 5268 ἑκουσίως
3699 5221 3787 5268 τις

2215 5313 2491 5368 ἐπιϐάλλοι
2514 5314 2627 5375 τοῖς
2652 5309 2937 5381 βλεφάροις
2965 5305 3062 5374 τὴν
3090 5304 3297 5373 ὅρασιν,
3329 5298 3433 5365 ἔξω
3453 5297 3553 5367 τῆς
3579 5296 3673 5349 τοῦ
3704 5295 3785 5368 μὴ

2222 5408 2507 5480 βλέποντος
2535 5404 2711 5466 αἰτίας
2747 5404 2777 5455 6
2806 5400 2975 5469 ἥλιος.

550 5503 850 5561 attrahens.
892 5505 949 5561 Si
976 5517 1156 5564 autem
1188 5510 1324 5566 lucis
1345 5520 1586 5580 tempore
1622 5526 1815 5567 sereno
1844 5527 1978 5582 pure
2039 5510 2293 5571 lucentis,
2367 5501 2671 5558 voluntarie
2743 5495 3020 5567 quispiam
3086 5489 3229 5545 ciliis
3280 5484 3634 5558 apprehendit
3702 5483 3787 5540 vi-

551 5600 784 5665 sionem,
840 5602 919 5655 sol
983 5606 1203 5663 minime
1254 5617 1334 5663 cst
1402 5623 1564 5664 causa
1626 5608 1746 5679 ejus
1818 5610 1911 5680 qui
1975 5623 2083 5665 non
2124 5604 2332 5676 aspicit.

639 5784 659 5814 ⁸
694 5782 871 5840 ιυοτ.
905 5799 964 5851 ιι,
1012 5786 1096 5842 ιδ.
