3978 6478
206 366 267 420 ες
1429 366 1686 425 ORATIO
1724 369 2222 426 CATECHETICA.
3009 455 3029 463 ν
3076 455 3081 459 γ
3379 378 3447 431 at

817 484 1063 537 ΚΕΦΑΛ.
1105 485 1178 538 ﬂ'.

206 618 332 685 Περὶ
368 616 492 669 τῶν
530 616 1057 685 ἀγανακτούντων,
1106 617 1204 670 διὰ
1240 618 1297 671 τι
1344 618 1714 685 ἀποθνήσκει
1744 622 1779 673 δ

266 689 581 754 ἅνθρωπος
596 726 609 747 ,
649 688 866 739 τούτου

263 756 589 823 ἀνθρώπου
633 755 1058 826 τυγχάνοντος,
1089 757 1187 812 καί
1239 758 1337 812 διὰ
1386 755 1561 813 τοῦτο
1594 755 1627 814 ὃ
1676 758 1779 813 θά-

262 843 470 889 νατος.

275 956 416 1009 Ἀλλ’
472 958 776 1026 ἀγανακτεῖ
820 956 1040 1021 πάντως
1102 960 1131 1011 6
1178 958 1314 1029 πρὸς
1366 959 1464 1031 τὴν
1520 959 1779 1015 ἀνάλυσιν

202 1050 411 1120 βλέπων
450 1048 549 1101 τοῦ
586 1049 858 1119 σώματος,
902 1050 995 1103 καὶ
1025 1048 1260 1120 χαλεπὸν
1307 1053 1539 1104 ποιεῖται
1577 1052 1654 1121 τῷ
1683 1051 1773 1105 θαο

198 1142 336 1210 νάτῳ
391 1140 498 1210 τὴν
534 1140 682 1212 ζωὴν
727 1140 884 1210 ἡμῶν
931 1140 1265 1194 διαλύεσθαι.
1301 1140 1508 1195 Οὐκοῦν
1556 1143 1775 1194 ὲπισκε·

198 1233 382 1301 φάσθω
413 1232 509 1284 διὰ
547 1232 642 1284 τοῦ
704 1230 1031 1303 σκυθρωποῦ
1084 1232 1275 1285 τούτου
1326 1232 1424 1303 τὴν
1473 1232 1775 1303 ὑπερϐολὴν

198 1325 288 1394 τῆς
320 1323 479 1385 θείας
502 1321 842 1392 εὐεργεσίας.
877 1321 1031 1392 Τάχα
1062 1321 1170 1392 γὰρ
1200 1320 1267 1375 ἂν
1303 1321 1503 1392 μᾶλλον
1534 1322 1623 1376 διὰ
1651 1323 1774 1377 τούο

198 1431 284 1466 του
335 1413 681 1483 προσαχθείη
734 1411 1014 1482 θαυμάσαι
1057 1412 1154 1483 τὴν
1188 1412 1346 1484 χάριν
1376 1414 1474 1484 τῆς
1523 1415 1652 1486 περὶ
1683 1415 1774 1469 τὸν

198 1503 482 1575 ἄνθρωπον
524 1504 620 1556 τοῦ
654 1503 789 1557 Θεοῦ
821 1503 1165 1574 κηδεμονίας.
1198 1504 1271 1557 Τὸ
1304 1505 1402 1576 ζῇν
1434 1504 1523 1558 διὰ
1548 1505 1646 1577 τὴν
1674 1523 1773 1559 κα-

198 1594 476 1663 ταθυμίων
505 1593 809 1646 ἀπόλαυσιν
837 1592 1051 1664 αἱρετόν
1076 1594 1194 1646 ἐστι
1226 1595 1337 1657 τοῖς
1372 1593 1465 1647 τοῦ
1490 1592 1607 1664 βίου
1649 1611 1776 1665 μετ-

197 1687 431 1756 έχουσιν.
476 1685 569 1747 Ὡς
594 1685 646 1736 εί
664 1684 728 1751 γέ
750 1701 833 1747 τις
860 1685 917 1737 ὲν
948 1682 1158 1748 ὀδύναις
1181 1684 1428 1756 διαὸιῴη,
1459 1684 1611 1758 παρὰ
1638 1686 1772 1740 πολὺ

196 1778 266 1847 τῷ
290 1776 529 1847 τοιούτῳ
561 1776 623 1828 τὸ
653 1776 727 1847 μὴ
775 1772 915 1829 εἶναι
961 1776 1054 1830 τοῦ
1106 1777 1368 1846 ἀλγεινῶς
1400 1773 1539 1832 εἶναι
1583 1796 1772 1850 προτι-

1810 514 1857 562 Δ

901 686 1140 755 μᾶλλον
1170 689 1276 770 ,ἐπες
1313 691 1633 770 ,εὐεργεσίᾳ
1671 688 1780 770 ζοιῦ
1810 739 1851 767 ..

2457 485 2685 542 CAPUT
2729 487 2861 543 Vl".

1881 617 1957 673 De
1987 620 2051 673 iis
2075 621 2165 689 qui
2198 619 2540 689 indignantur
2585 621 2723 690 quod
2754 622 2908 676 homo
2927 624 3175 689 moritur,
3208 641 3327 680 cum
3349 628 3447 683 hoc

1914 691 1982 743 sit
2013 692 2188 759 potius
2219 690 2288 744 ad
2323 690 2625 760 beneﬁcium
2657 692 2905 759 hominis,
2932 705 2981 747 et
3018 711 3111 748 cur
3135 706 3213 751 est
3246 714 3411 753 mors.

1952 945 2061 1001 Sed
2086 962 2230 1019 aegre
2260 948 2367 1005 fert
2390 959 2445 1006 et
2473 951 2811 1024 indignatur,
2868 957 2960 1025 qui
2990 960 3186 1027 aspicit
3231 961 3298 1015 ad
3329 962 3445 1019 dis-

1878 1037 2203 1093 solutionem
2233 1042 2501 1111 corporis,
2521 1051 2752 1115 etgrave
2772 1061 2894 1103 esse
2923 1047 3074 1104 ducit
3098 1051 3243 1120 quod
3270 1062 3446 1110 morte

1878 1130 1986 1183 vita
2022 1138 2209 1185 nostra
2232 1131 2569 1189 dissolvitur.
2619 1134 2692 1190 Ex
2724 1138 2827 1193 hoc
2852 1154 2985 1207 ergo
3015 1141 3164 1211 quod
3198 1142 3443 1200 dolorem

1875 1218 2034 1274 aﬂert
2058 1227 2110 1275 et
2150 1223 2482 1289 molestiam,
2506 1227 2819 1284 consideret
2847 1230 3061 1301 insigne
3094 1231 3185 1288 Dei
3237 1233 3445 1289 beneli-

1874 1311 2042 1366 cium.
2066 1310 2171 1367 Per
2201 1312 2307 1368 hoc
2339 1315 2483 1369 enim
2507 1319 2679 1388 magis
2717 1319 3020 1376 adducetur
3054 1330 3113 1377 ut
3143 1324 3446 1381 admiretur

1872 1403 2105 1473 gratiam
2133 1419 2279 1459 cura:
2303 1421 2466 1475 quam
2492 1405 2635 1464 Deus
2666 1410 2809 1479 gerit
2837 1411 3099 1469 hominis.
3132 1413 3331 1472 Vivere
3356 1428 3445 1475 est

1872 1494 2187 1563 eligendum
2216 1496 2286 1553 iis
2331 1497 2424 1569 qui
2463 1499 2590 1554 vita
2627 1511 2756 1557 sunt
2800 1505 3120 1577 participes,
3154 1519 3446 1582 propterea

1874 1584 2019 1653 quod
2066 1583 2320 1641 fruantur
2384 1587 2453 1643 iis
2500 1604 2621 1659 qua:
2660 1600 2792 1646 sunt
2842 1603 2998 1664 grata
3058 1608 3114 1655 et
3173 1599 3438 1669 jucunda.

1872 1672 2008 1728 Nam
2040 1675 2088 1731 si
2120 1676 2391 1748 quispiam
2419 1679 2475 1734 in
2519 1680 2804 1739 doloribus
2849 1694 2904 1741 et
2933 1689 3231 1759 angoribus
3269 1694 3438 1748 vitam

1876 1768 2227 1837 transigeret,
2245 1769 2295 1824 ei
2321 1768 2477 1840 longe
2504 1773 2868 1842 przestabilius
2883 1775 3162 1845 iudicatur
3184 1796 3291 1836 non
3316 1799 3441 1840 esse

198 1839 423 1938 μίκερον
454 1839 727 1938 κρίνεται;
763 1866 970 1921 Οὐκοῦν
1008 1839 1423 1940 ἐξετάσωμενῂεί
1451 1871 1479 1923 6
1500 1870 1600 1940 τῆς
1629 1839 1772 1941 ξωῆς

1879 1871 2043 1927 quam
2072 1873 2194 1915 esse
2222 1860 2274 1913 in
2311 1860 2519 1916 dolore.
2571 1861 2960 1925 Examinemus
3007 1884 3140 1941 ergo
3166 1887 3236 1927 an
3268 1873 3316 1930 is
3344 1877 3440 1944 qui

195 1958 427 2029 χορηγὸς
448 1958 592 2027 πρὸς
618 1957 745 2011 ἄλλο
768 1974 820 2010 τι
850 1957 1039 2029 βλέπῃ,
1074 1959 1167 2012 καὶ
1193 1960 1292 2029 οὐχ
1320 1960 1468 2023 ὅπως
1491 1961 1556 2015 ἂν
1576 1962 1634 2013 ὲν
1666 1964 1776 2026 τοῖς

196 2050 502 2112 καλλίστοις
530 2048 795 2120 βιῲημεν.
847 2050 1062 2120 Ἐπειδὴ
1100 2050 1211 2123 γὰρ
1239 2051 1316 2122 τῷ
1341 2050 1668 2124 αὐτεξουσίῳ
1692 2070 1777 2106 xt-

194 2144 391 2211 νήματι
420 2141 521 2194 τοῦ
568 2141 740 2194 κακοῦ
770 2142 868 2213 τὴν
899 2142 1180 2196 κοινωνίαν
1221 2141 1663 2213 ἐξεσπασάμεθα,
1690 2143 1776 2199 διά

189 2250 328 2297 τινος
368 2233 575 2304 ἡδονῆς
622 2227 733 2285 οἷόν
777 2251 829 2287 τι
858 2232 1179 2305 δηλητήριον
1218 2234 1393 2304 μέλιτι
1430 2236 1775 2306 παραρτυθὲν

188 2329 250 2395 τῇ
284 2324 453 2393 φύσει
511 2325 575 2379 τὸ
624 2324 791 2377 κακὸν
844 2324 1272 2395 καταμίξαντες,
1329 2325 1425 2379 καὶ
1471 2325 1560 2379 διὰ
1617 2324 1775 2380 τοῦτο

187 2418 283 2487 τῆς
319 2416 473 2470 κατὰ
500 2417 563 2469 τὸ
608 2416 816 2479 ἀπαθὲς
857 2417 1151 2488 νοουμένης
1186 2417 1583 2489 μακαριότητος
1612 2419 1776 2471 ἐκπε-

191 2508 393 2573 σόντες,
452 2506 598 2578 πρὸς
642 2507 742 2576 τὴν
782 2506 978 2559 κακίαν
1022 2506 1553 2579 μετεμορφώθημεν·
1582 2509 1771 2562 τούτου

186 2599 370 2651 ἕνεκεν
402 2593 522 2651 οἷόν
555 2616 610 2650 τι
645 2597 839 2661 σκεῦος
876 2599 1227 2673 ὁστράκινον,
1279 2600 1442 2655 πάλιν
1487 2602 1517 2653 6
1562 2601 1771 2672 ἀνθρω-

326 2692 410 2752 εἱς
476 2689 585 2758 γῆν
620 2688 944 2741 ἀναλύεταιο
978 2690 1127 2753 ὅπως
1181 2690 1248 2743 ἂν
1291 2692 1391 2762 τῆς
1421 2689 1517 2745 νῦν
1555 2692 1770 2744 ὲναπει-

188 2781 483 2851 λημμένης
524 2780 674 2851 αὑτῷ
715 2781 984 2853 ρυπαρίας
1030 2781 1450 2853 ἀποκριθείσης,
1500 2783 1578 2846 είς
1608 2783 1669 2836 τὸ
1713 2784 1772 2850 ἐξ

186 2874 360 2942 ἀρχῆς
402 2872 597 2942 σχῆμα
626 2870 717 2924 διὰ
754 2871 857 2942 τῆς
888 2873 1236 2936 ἀναστάσεως
1277 2873 1668 2945 ἀναπλασθείη.
1701 2874 1773 2927 Τδ

188 2963 243 3014 δὲ
281 2962 530 3014 τοιοῦτον
579 2963 760 3032 δόγμα
793 2963 1205 3037 ίστορικώτερον
1253 2966 1372 3035 μὲν,
1402 2965 1496 3019 καὶ
1546 2965 1611 3019 δι’
1637 2969 1774 3019 alw-

184 3054 413 3123 γμάτων
443 3056 475 3106 6
496 3053 706 3123 Μωσῆς
732 3054 859 3124 ὑμῖν
894 3055 1183 3109 ἐκτίθεται.
1224 3056 1373 3127 Πλὴν
1413 3056 1632 3127 ἔκδηλον
1682 3058 1775 3111 καὶ

186 3147 253 3198 1‘1
298 3145 607 3213 αἰνίγματα
657 3144 757 3215 τὴν
802 3144 1147 3199 διδασκαλίαν
1174 3146 1308 3217 ἔχει.
1378 3148 1593 3219 Ἐπειδὴ
1652 3148 1768 3218 γὰρ,

1875 1947 2043 2002 vitam
2075 1952 2409 2022 suppeditat,
2447 1952 2511 2007 ad
2541 1954 2745 2025 aliquid
2788 1959 2936 2015 aliud
2973 1964 3227 2033 aspiciat,
3272 1958 3440 2035 quam

1876 2048 1935 2095 ut
1958 2042 2120 2117 vitam
2148 2059 2377 2113 agamus
2402 2046 2456 2098 in
2481 2046 2549 2101 iis
2565 2062 2686 2116 qua:
2713 2059 2842 2105 sunt
2869 2054 3076 2123 Optima
3093 2064 3148 2111 et
3179 2058 3438 2127 pulcher-

1874 2131 2035 2186 rima.
2067 2132 2205 2199 Quia
2250 2136 2396 2189 enim
2444 2137 2599 2192 liberi
2646 2139 2861 2196 arbitrii
2917 2154 3069 2200 motu
3111 2149 3439 2203 attraximus

1878 2225 2000 2278 mali
2034 2226 2377 2291 societatem,
2433 2245 2531 2299 per
2575 2230 2862 2300 cujusdam
2920 2237 3220 2295 voluntatis
3272 2242 3439 2296 veluti

1875 2316 2147 2385 quoddam
2176 2334 2450 2375 venenum
2483 2324 2641 2381 melle
2666 2326 2967 2391 conditum,
2992 2328 3195 2383 malum
3227 2340 3441 2388 natura)

1875 2408 2289 2477 immiscentes;
2323 2420 2377 2465 et
2401 2412 2523 2468 ideo
2557 2429 2588 2468 a
2626 2415 2965 2474 beatitudine
3013 2436 3137 2490 quae
3168 2436 3232 2476 ex
3262 2422 3440 2492 impa-

1875 2499 2130 2556 tibilitate
2160 2501 2489 2573 intelligitur
2528 2505 2873 2572 excidentes,
2923 2510 3304 2567 transformati
3346 2529 3441 2568 su-

1875 2604 2004 2645 mus
2035 2590 2103 2645 ad
2130 2592 2347 2658 vitium,
2405 2609 2467 2649 ea
2499 2594 2566 2650 de
2611 2610 2780 2651 causa
2828 2599 2994 2654 veluti
3031 2601 3307 2670 quoddam
3344 2617 3441 2679 vas

1874 2680 2074 2747 ﬁctile,
2105 2682 2269 2738 homo
2298 2699 2492 2742 rursus
2528 2687 2582 2742 in
2613 2696 2815 2743 terram
2850 2692 3216 2757 resolvitur‘;
3255 2702 3314 2748 ut
3356 2708 3442 2749 se-

1873 2774 2041 2830 cretis
2073 2790 2195 2845 qua’
2217 2775 2271 2830 in
2297 2791 2361 2831 eo
2388 2792 2535 2834 nunc
2574 2788 2703 2836 sunt
2728 2781 3009 2848 sordibus,
3063 2784 3119 2838 in
3148 2784 3440 2854 pristinam

1874 2866 2104 2937 ﬁguram
2138 2867 2469 2927 reformetur
2494 2888 2593 2943 per
2606 2876 3094 2931 resurrectionem.
3123 2875 3237 2933 Hoc
3259 2888 3441 2933 autem

1872 2953 2068 3026 dogma
2099 2956 2356 3014 historice
2393 2960 2633 3029 quidem,
2690 2970 2746 3017 et
2796 2978 2892 3034 per
2943 2964 3231 3033 aenigmata
3280 2967 3445 3021 nobis

1872 3044 2098 3112 exponit
2131 3043 2328 3100 Moses.
2363 3045 2635 3103 Cancrum
2667 3049 2784 3104 haec
2814 3050 2978 3105 etiam
3008 3053 3296 3122 aenigmata
3318 3068 3441 3123 per-

1877 3134 2126 3203 spicuam
2162 3144 2218 3191 et
2264 3138 2472 3191 claram
2520 3137 2723 3194 habent
2761 3140 3095 3196 doctrinam.
3146 3141 3439 3214 Postquam

186 3237 372 3304 ψησὶν,
405 3236 467 3285 ἐν
505 3236 622 3296 τοῖς
654 3234 1126 3305 ἀπηγορευμένοις
1174 3237 1421 3305 ἐγένοντο
1472 3238 1521 3291 οί
1566 3240 1771 3309 πρῶτοι

1877 3227 2045 3291 enim,
2077 3228 2171 3293 ait,
2230 3228 2283 3281 in
2317 3229 2383 3281 iis
2426 3244 2548 3298 quae
2597 3231 2873 3300 prohibita
2909 3231 3147 3296 fuerant,
3210 3234 3438 3291 fuerunt

187 3326 499 3395 ἂνθρωποι,
548 3327 645 3378 καὶ
719 3324 821 3394 τῆς
872 3327 1270 3399 μακαριότητος
1307 3327 1522 3399 ἐκείνης
1571 3329 1778 3395 ἀπεγν-

191 3417 525 3486 μνὼθησαν,
612 3415 967 3486 δερματίνους
1029 3418 1307 3472 ἐπιϐάλλει
1383 3419 1616 3489 χιτῶνας
1668 3423 1777 3483 τοῖς

189 3510 647 3579 πμιιτοπλάστοις
703 3511 731 3562 6
794 3508 1029 3581 Κύριος·
1077 3508 1138 3562 οὗ
1208 3525 1299 3581 μοι
1353 3510 1499 3564 δοκεῖ
1541 3512 1677 3582 πρὸς
1708 3511 1778 3565 τὰ

187 3600 416 3653 τοιαῦτα
471 3598 716 3670 δέρματα
769 3597 864 3651 τοῦ
920 3599 1077 3668 λόγου
1135 3600 1233 3672 τὴν
1288 3600 1523 3657 διάνοιαν
1572 3602 1773 3673 φέρωνο

186 3691 351 3742 ποίων
394 3689 511 3761 γὰρ
546 3691 973 3759 ἀποσφαγέντων
1020 3691 1116 3745 καὶ
1144 3691 1415 3764 δαρίντων
1459 3692 1613 3757 ζώων
1654 3695 1775 3748 ἐπι-

187 3784 382 3833 νοεῖται
406 3780 597 3843 αὐτοῖς
616 3782 649 3851 ἡ
666 3781 926 3853 περιϐολή
948 3799 962 3849 ;
998 3781 1113 3837 ἀλλ’
1129 3783 1315 3856 ἐπειδὴ
1354 3786 1461 3838 πᾶν
1483 3785 1657 3856 δέρμα
1671 3805 1777 3857 χω-

192 3872 369 3940 ρισθὲν
396 3869 500 3923 τοῦ
526 3869 690 3935 ζὼου,
718 3872 907 3943 νεκρόν
934 3875 1078 3926 ἐστι·
1104 3874 1320 3940 πάντως
1338 3872 1490 3947 οἶμαι
1512 3878 1609 3948 τὴν
1640 3877 1775 3948 πρὸς

186 3964 241 4016 τὸ
265 3964 607 4035 νεκροῦσθαι
638 3964 891 4037 δύναμιν,
917 3966 952 4037 ἢ
982 3968 1081 4039 τῆς
1104 3967 1297 4036 ἀλόγου
1333 3967 1545 4039 φύσεως
1568 3968 1775 4040 ἐξαίρε-

187 4071 271 4118 τος
300 4050 372 4125 ἦν
424 4058 495 4108 ἐκ
549 4056 923 4127 προμηθείας,
956 4056 1094 4128 μετά
1119 4057 1293 4113 ταῦτα
1317 4060 1430 4123 τοῖς
1470 4058 1775 4128 ἀνθρώποις

187 4147 612 4217 ἑπιϐεόληκέναι
640 4147 731 4201 τὸν
752 4148 850 4221 τὴν
878 4150 1073 4203 κακίαν
1104 4150 1261 4222 ἡμῶν
1295 4150 1609 4223 ἰατρεύοντα
1630 4192 1645 4216 ,
1677 4152 1773 4222 οὐχ

187 4237 255 4299 ὡς
287 4240 368 4299 εἰς
408 4238 503 4290 ἀεὶ
534 4239 894 4309 παραμένειν.
946 4240 1004 4294 '0
1042 4243 1152 4313 γάρ
1201 4242 1386 4313 χιτὼν,
1434 4242 1543 4296 τῶν
1576 4228 1773 4309 ἔξωθεν

186 4330 315 4396 ἡμῖν
357 4327 810 4399 ἐπιϐαλλομένων
863 4332 1009 4398 ἐστὶ,
1052 4332 1187 4403 πρὸς
1228 4334 1415 4405 καιρὸν
1454 4333 1549 4405 τὴν
1580 4334 1772 4387 ἑαυτοῦ

186 4417 384 4487 χρῆσιν
436 4417 701 4489 παρέχων
747 4419 841 4471 τοῦ
889 4419 1167 4490 σώματος,
1203 4422 1264 4474 οὐ
1297 4423 1665 4493 συμπεφυκὼς
1706 4425 1769 4494 τῇ

184 4506 362 4572 τρύσει.
411 4507 630 4559 Οὐκοῦν
668 4508 733 4561 ὲκ
775 4508 877 4579 τῆς
926 4510 1034 4563 τῶν
1083 4510 1292 4581 ἀλόγων
1343 4510 1557 4581 φύσεως
1603 4516 1635 4584 ἡ
1689 4530 1772 4565 νε-

183 4596 388 4665 κρότης
417 4596 779 4666 οἰκονομικῶς
812 4597 1099 4668 περιετέθη
1121 4601 1187 4669 τῇ
1219 4600 1297 4662 είς
1330 4598 1623 4652 ἀθανασίαν
1655 4616 1771 4653 κτι-
1800 4585 1845 4639 Ῑ)

184 4687 375 4758 cesi-3n
434 4687 634 4755 φύσει,
681 4688 743 4741 τὸ
803 4687 998 4753 ἔξωθεν
1036 4690 1205 4761 αὐτῆς
1257 4689 1767 4762 περικαλύπτουσα,

180 4780 239 4830 οὐ
272 4779 336 4830 τὸ
361 4778 603 4842 ἔσωθεν,
648 4778 742 4831 καί
770 4779 833 4831 τὸ
865 4780 1119 4850 αἰσθητὸν
1145 4780 1239 4834 τοῦ
1282 4782 1568 4853 ἀνθρώπου
1604 4783 1770 4853 μέρος

182 4869 660 4939 διαλαμϐάνουσα,
692 4869 864 4940 αὐτῆς
886 4871 942 4924 δὲ
964 4873 1064 4943 τῆς
1089 4872 1239 4935 θείας
1268 4874 1471 4937 εἰκόνος
1507 4874 1569 4927 οὐ
1601 4890 1769 4946 προσ-

182 4960 494 5028 απτομένη.
544 4959 747 5013 Λύεται
795 4960 853 5013 δὲ
892 4961 952 5014 τὸ
980 4963 1265 5033 αἰσθητὸν,
1299 4964 1397 5017 οὐκ
1425 4964 1763 5033 ἀφανίζεται.

194 5050 535 5121 Ἀφανισμος
586 5052 687 5121 μὲν
735 5053 845 5124 γάρ
886 5055 1052 5111 ἐστιν.
1101 5057 1135 5126 ἠ
1185 5056 1263 5118 είς
1295 5055 1357 5108 τὸ
1392 5055 1467 5126 μὴ
1504 5055 1565 5108 ὃν
1605 5072 1769 5125 μετα-

184 5144 428 5213 χώρησις
456 5159 472 5173 ·
526 5142 681 5207 λύσις
731 5144 789 5197 δὲ
839 5146 873 5216 ἡ
921 5148 1001 5209 είς
1045 5148 1114 5201 τὰ
1160 5146 1250 5200 τοῦ
1284 5148 1488 5218 κόσμου
1532 5148 1771 5217 στοιχεῖα

186 5233 366 5297 πάλιν,
408 5236 506 5303 ἀφ’
550 5228 626 5288 ῶν
655 5236 755 5304 τὴν
798 5235 1053 5290 σύστασιν
1087 5238 1273 5309 ἔσχεν,
1308 5239 1569 5304 διάλυσις.
1608 5240 1681 5292 Τὸ
1711 5239 1766 5293 δὲ

137 5361 141 5363 -
189 5325 241 5375 ἐν
264 5324 485 5388 τούτοις
517 5326 809 5397 γενόμενον
840 5328 939 5381 οὐκ
967 5328 1243 5394 ἀπόλωλε,
1272 5330 1376 5383 κᾶν
1404 5330 1645 5402 ἐκφεύγῃ
1669 5330 1767 5401 τὴν

189 5416 491 5487 κατάληψιν
519 5418 619 5487 τῆς
643 5419 920 5491 ἡμετέρας
949 5420 1269 5492 αἰσθήσεως.
1308 5421 1371 5475 Ἢ
1404 5422 1460 5475 δὲ
1485 5424 1633 5477 αἰτία
1663 5422 1766 5488 τῆς

192 5508 395 5573 λύσεως
449 5511 587 5584 δήλη
648 5512 735 5566 διὰ
783 5513 876 5566 τοῦ
933 5515 1186 5586 ῥηθέντος
1239 5518 1371 5588 ἡμῖν
1433 5516 1763 5588 ὑποδείγμα-

192 5613 298 5661 τος.
352 5598 572 5672 Ἐπειδὴ
613 5600 722 5673 γὰρ
748 5603 781 5674 ὴ
811 5601 1059 5676 αἴσθησις
1103 5606 1238 5678 πρὸς
1285 5605 1347 5659 τὸ
1384 5605 1529 5677 παχύ
1568 5623 1625 5660 τε
1668 5605 1761 5661 καί

258 5774 285 5807 δ
302 5774 435 5833 Gen.
470 5792 551 5835 Ill.
584 5778 670 5832 l9.

1878 3318 2040 3388 primi
2072 3318 2343 3382 homines,
2398 3329 2453 3374 et
2486 3321 2671 3375 nudati
2709 3330 2841 3378 sunt
2869 3323 3233 3391 beatitudine,
3281 3327 3443 3397 pelli-

1877 3423 2003 3463 ceas
2048 3410 2262 3465 tunicas
2311 3413 2663 3480 protoplastis
2711 3413 2942 3483 imponit
2994 3415 3159 3480 Deus,
3178 3432 3286 3470 non
3313 3432 3443 3472 sen-

1877 3503 2039 3564 tiens,
2092 3509 2153 3554 ut
2202 3501 2419 3570 opinor,
2479 3502 2546 3555 de
2598 3502 2871 3571 ejusmodi
2913 3505 3171 3574 pellibus.
3228 3506 3444 3572 Quibus

1876 3592 2018 3647 enim
2053 3592 2359 3648 interfectis
2401 3603 2454 3648 et
2487 3594 2781 3653 excoriatis
2829 3596 3179 3664 animalibus,
3229 3598 3310 3653 eis
3345 3614 3442 3654 ex-

1875 3684 2150 3755 cogitatur
2192 3685 2472 3740 amictus?
2524 3684 2629 3739 Sed
2662 3686 2920 3755 quoniam
2952 3687 3132 3743 omnis
3183 3690 3337 3759 pellis
3371 3691 3446 3746 ab

1876 3777 2201 3832 animalibus
2228 3786 2481 3847 separata
2530 3784 2616 3832 est
2647 3787 2861 3833 mortua
2884 3816 2902 3843 ,
2936 3779 3192 3834 existimo
3219 3781 3447 3837 omnino

1874 3886 1998 3924 eum
2033 3869 2123 3939 qui
2158 3869 2291 3923 vitio
2327 3878 2517 3939 nostro
2548 3871 2819 3936 medetur,
2879 3870 3195 3927 hominibus
3246 3883 3440 3943 postea

1876 3961 2171 4016 immisisse
2196 3975 2261 4015 ex
2308 3960 2651 4030 providentia
2682 3962 2792 4016 vim
2834 3962 2900 4016 ad
2934 3963 3445 4035 moriendum,quae

1874 4060 2103 4123 excepta
2152 4051 2256 4107 fuit
2284 4068 2348 4106 ex
2405 4061 2601 4105 natura
2646 4062 2866 4123 experte
2899 4054 3150 4119 rationis,
3215 4064 3274 4109 ut
3328 4071 3443 4110 non

1875 4160 2091 4214 semper
2118 4154 2483 4214 permaneret.
2525 4143 2735 4198 Tunica
2775 4145 2918 4199 enim
2949 4153 3035 4201 est
3079 4161 3145 4201 ex
3195 4147 3262 4203 iis
3318 4165 3441 4220 quae

1874 4235 2032 4289 nobis
2061 4236 2420 4303 imponuntur
2462 4235 2825 4293 extrinsecus.
2860 4236 2944 4289 sui
2976 4251 3135 4291 usum
3171 4238 3238 4291 ad
3295 4245 3442 4294 tem-

1875 4343 1975 4395 pus
2009 4326 2255 4395 praebens
2277 4328 2528 4395 corpori,
2562 4334 2766 4379 naturae
2796 4326 3017 4381 minime
3047 4337 3441 4398 congenerata.

1874 4417 1947 4471 Et
1983 4426 2178 4472 natura
2209 4433 2338 4489 ergo
2361 4418 2669 4481 brutorum,
2707 4426 2858 4471 certo
2884 4418 3114 4473 consilio
3135 4434 3199 4474 ac
3220 4420 3445 4491 dispen-

1874 4508 2102 4571 satione,
2129 4508 2311 4562 addita
2339 4516 2423 4562 est
2450 4507 2752 4561 mortalitas
2771 4520 2977 4562 natura:
2997 4516 3309 4578 quzecreata
3324 4509 3441 4565 fue-

1874 4607 1957 4651 rat
1982 4598 2047 4652 ad
2072 4598 2555 4661 immortalitatem,
2588 4595 2640 4649 id
2659 4596 2801 4664 quod
2831 4603 2915 4652 est
2929 4597 3049 4666 ejus
3096 4597 3447 4655 extrinsecus

1875 4698 2193 4757 contegens,
2230 4705 2337 4744 non
2360 4688 2409 4742 id
2433 4687 2575 4757 quod
2605 4697 2689 4742 est
2720 4686 3072 4755 intrinsecus,
3100 4698 3147 4744 el
3182 4690 3445 4745 sensilem'

1877 4781 2111 4835 hominis
2128 4790 2333 4850 partem
2378 4778 2750 4848 intercipiens,
2794 4794 2898 4833 non
2947 4780 3218 4851 attingens
3258 4788 3448 4836 autem

1876 4871 2048 4942 ipsam
2061 4872 2300 4925 divinam
2329 4870 2638 4941 imaginem.
2666 4866 2908 4923 Solvitur
2922 4878 3101 4923 autem
3129 4870 3178 4926 id
3195 4872 3336 4941 quod
3356 4880 3449 4926 est,

1875 4961 2098 5022 sensile,
2115 4974 2221 5014 non
2236 4966 2415 5013 autem
2459 4958 2705 5012 aboletur
2733 4966 2787 5011 et
2812 4959 3108 5014 evanescit.
3135 4959 3276 5012 Nam
3305 4959 3438 5013 abo-

1876 5052 1994 5107 litio
2051 5050 2267 5121 quidem
2317 5059 2401 5104 est
2456 5049 2521 5102 ad
2574 5048 2624 5103 id
2675 5049 2820 5119 quod
2872 5065 2981 5104 non
3020 5056 3105 5107 est
3149 5051 3448 5110 transitus.-

1877 5141 2092 5196 Solutio
2142 5149 2320 5195 autem
2375 5149 2456 5195 est
2492 5139 2779 5195 dissolutio
2826 5156 2947 5211 qua:
3014 5139 3083 5195 ﬁt
3126 5156 3319 5197 rursus
3382 5143 3446 5198 in-

1875 5232 2059 5286 mundi
2099 5232 2387 5297 elementa,
2408 5246 2474 5285 ex
2514 5230 2712 5300 quibus
2745 5230 2921 5287 fuerat
2945 5241 3247 5301 compacta.
3283 5234 3445 5301 Quod

1874 5332 2054 5377 autem
2085 5321 2140 5376 in
2158 5322 2223 5377 iis
2247 5320 2429 5386 fuerit,
2452 5337 2558 5375 non
2575 5321 2757 5393 periit,
2777 5322 2990 5378 etiamsi
3005 5322 3226 5394 effugiat
3262 5327 3439 5380 nostri

1874 5430 2069 5471 sensus
2081 5414 2643 5485 comprehensionem.
2660 5413 2861 5486 Aperta
2878 5423 3056 5470 autem
3070 5424 3157 5472 est
3169 5431 3334 5473 causa
3354 5435 3445 5473 so-

1869 5507 2095 5564 lutionis
2115 5522 2220 5578 .per
2237 5506 2542 5577 exemplum
2574 5504 2719 5576 quod
2754 5506 2911 5561 nobis
2933 5505 3143 5562 dictum
3165 5518 3269 5563 est.
3291 5508 3445 5576 ρηο-

1870 5600 2014 5656 niam
2030 5601 2173 5657 enim
2189 5614 2383 5656 sensus
2398 5596 2850 5656 necessitudinem
2866 5597 3026 5655 habet
3038 5607 3091 5656 et
3102 5600 3447 5673 conjunctio-
