3978 6504
520 322 590 376 3⁸3
1781 320 1835 373 8.
1879 317 2079 374 CREGf

2188 318 2201 370 Ι
2234 316 2522 372 NYSSENI
3672 324 3739 377 36

522 452 648 493 nem
662 447 784 490 cum
812 449 877 489 eo
889 431 1033 503 quod
1063 441 1145 487 est
1173 445 1416 485 crassum
1431 439 1485 485 et
1510 437 1765 486 terrestre
1796 450 1807 483 :
1835 429 1977 499 quod
1998 439 2079 483 est

2182 432 2363 501 γήϊνον
2409 429 2620 492 οἰκείως
2659 429 2801 499 ἔχει·
2848 429 3151 498 κρείττονος
3187 427 3245 481 δὲ
3276 430 3369 483 καὶ
3409 428 3741 499 ὑψηλοτέρας

523 534 707 579 autem
737 521 1084 592 praestantius
1106 527 1158 573 et
1180 520 1487 582 sublimius,
1516 536 1703 573 eorum
1724 534 1844 588 qua:
1865 521 1916 572 in
1936 520 2079 572 bono

518 626 577 670 et
611 614 839 668 honesto
882 611 1485 679 versanturjudicium.
1536 612 1806 665 aberravit
1851 612 1904 665 in
1954 626 2083 680 pro-

523 705 716 759 bandis
742 703 1016 760 sensibus.
1050 702 1116 753 ab
1148 716 1214 754 eo
1256 711 1435 753 autem
1466 702 1609 768 quod
1654 700 1853 753 bonum
1883 708 1938 753 et
1991 698 2083 751 ho-

524 803 737 848 nestum
764 804 845 847 est
876 793 1166 850 abet-ratio.
1194 789 1391 849 effecit.
1427 799 1485 841 ιιι
1530 788 1844 843 contrarius
1894 788 2079 841 consi-

522 894 692 942 steret
724 885 980 947 habitus;
1013 881 1225 935 inutilis
1256 879 1464 934 reddita
1498 895 1626 949 pars
1661 879 1858 941 nostri,
1896 893 2083 933 susce-

523 979 704 1048 ptione
746 976 1009 1030 contrarii
1045 974 1297 1027 solvitur.
1372 972 1465 1025 Est
1531 980 1710 1024 autem
1767 969 2079 1038 huiusmodi

519 1070 827 1137 exemplum
853 1068 971 1137 ejus
1002 1066 1147 1135 quod
1175 1066 1411 1119 dicimus
1446 1085 1459 1121 :
1495 1064 1659 1118 Detur
1687 1063 1957 1132 quispiam
1984 1076 2080 1117 vas

521 1179 584 1215 ex
616 1163 729 1215 luto
768 1158 1072 1213 confecisse
1106 1174 1119 1210 :
1155 1157 1207 1210 id
1256 1165 1435 1209 autem
1468 1155 1594 1209 dolo
1643 1164 1696 1210 et
1748 1172 1809 1208 ex
1866 1154 2080 1209 insidiis

520 1255 779 1323 repletum
814 1252 982 1305 fuisse
1014 1250 1233 1320 plumbo
1266 1247 1555 1318 liquefacto
1589 1266 1601 1302 :
1632 1246 1860 1301 effusum
1892 1257 2072 1301 autem

519 1346 799 1417 plumbum
848 1344 1213 1405 concrevisse,
1274 1349 1328 1394 et
1357 1342 1428 1394 ita
1483 1330 1723 1401 manere.
1770 1348 1830 1393 ut
1878 1340 2079 1394 effundi

521 1451 628 1488 non
660 1433 867 1503 possit;
929 1431 1207 1484 dominum
1254 1439 1431 1482 autem
1467 1445 1562 1483 vas
1606 1429 1709 1483 sibi
1752 1428 2076 1483 vindicare:

518 1540 642 1578 cum
671 1532 850 1577 autem
879 1522 1023 1591 figuli
1046 1528 1224 1575 teneat
1255 1520 1565 1582 scientiam,
1593 1536 1714 1575 cum
1749 1522 1969 1589 plumbo
2000 1530 2080 1575 te-

521 1624 659 1670 stam
686 1613 1028 1682 confregisse
1061 1621 1075 1665 ':
1113 1620 1165 1665 et
1198 1611 1391 1665 deinde
1432 1628 1625 1665 rursus
1653 1612 1704 1665 in
1742 1614 1972 1682 priorem
2018 1613 2080 1666 ﬁ-

516 1722 706 1777 guram
732 1706 798 1757 ad
829 1720 986 1759 suum
1018 1719 1174 1757 usum
1242 1718 1339 1757 vas
1384 1703 1689 1767 reﬁnxissc,
1742 1704 2075 1757 exinanitum

2180 521 2287 573 τῶν
2321 521 2449 590 περὶ
2488 520 2548 571 τὸ
2588 518 2746 571 καλὸν
2788 520 3047 589 κρίσεως,
3101 519 3158 571 ἐν
3200 520 3265 589 τῇ
3316 519 3603 589 δοκιμασίᾳ
3634 519 3743 571 τῶν

2181 610 2480 682 αἰσθήσεων
2500 654 2513 677 ,
2544 610 2976 681 ἀμαρτηθείσης,
3007 611 3105 680 τῆς
3131 611 3187 663 δὲ
3210 610 3301 663 τοῦ
3333 611 3495 663 καλοῦ
3519 610 3744 682 διαμαρ-

2177 706 2300 768 τίας
2354 704 2450 774 τὴν
2496 704 2592 773 τῆς
2646 701 2891 765 ἐναντίας
2943 702 3106 765 ἕξεως
3167 702 3457 755 ὑπόστασιν
3519 703 3742 773 ἐνεργη-

2183 797 2382 866 σάσης’
2416 796 2475 847 τὸ
2506 793 2801 866 ἀχρειωθὲν
2828 794 2984 864 ἡμῶν
3021 794 3204 863 μέρος,
3240 796 3305 863 τῇ
3339 793 3618 864 παραδοχῇ
3648 794 3740 845 τοῦ

2180 888 2419 941 ἐναντίου
2453 887 2664 939 λύεται·
2698 888 2727 939 δ
2759 886 2815 939 δέ
2836 884 2928 937 τοῦ
2960 885 3354 954 ύποδείγματος
3384 886 3539 953 λόγος
3566 885 3741 937 τοιοῦ-

2179 982 2270 1043 τός
2300 983 2435 1033 ἐστι’
2467 979 2706 1032 Δεδόσθω
2733 996 2784 1030 τι
2807 978 2997 1040 σκεῦος
3028 980 3091 1031 ἐκ
3124 976 3293 1047 πηλοῦ
3322 977 3705 1047 συνεστηκέναι
3724 992 3739 1007 ⁸

2179 1074 2335 1126 τοῦτο
2376 1072 2433 1124 δέ
2478 1072 2681 1141 πλῆρες
2723 1069 2783 1121 ἐκ
2814 1086 2954 1131 τινος
2986 1068 3273 1137 ἐπιϐουλῆς
3306 1066 3626 1137 γεγενῆσθαι
3654 1083 3741 1119 τε⁴

2180 1164 2403 1234 τηκότος
2444 1161 2710 1232 μολίϐδου.
2764 1160 2865 1212 Τὸν
2907 1159 2963 1211 δὲ
3004 1158 3248 1229 μόλιϐδον
3292 1158 3585 1228 ἐκχυθέντα
3634 1175 3743 1209 πα-

2180 1258 2337 1326 γῆναι
2376 1256 2470 1308 καὶ
2512 1254 2690 1325 μένειν
2719 1252 3087 1322 ἀπρὸσχυτονο
3132 1248 3521 1302 ἀντιποιεῖσθαι
3566 1248 3622 1300 δὲ
3648 1246 3744 1300 τοῦ

2182 1347 2407 1410 σκεύους
2436 1346 2527 1399 τὸν
2557 1345 2887 1415 κεκτημένον
2907 1362 2919 1374 ·
2975 1344 3163 1414 ἔχοντα
3195 1342 3250 1395 δὲ
3282 1340 3375 1394 τοῦ
3420 1340 3745 1409 κεραμεύειν

2179 1440 2276 1510 τὴν
2323 1440 2659 1508 ἐπιστήμην,
2684 1435 3009 1507 περιθρύψαι
3034 1452 3093 1487 τε
3118 1434 3194 1503 τῶ
3219 1432 3445 1502 μολίϐδῳ
3469 1432 3527 1483 τὸ
3548 1432 3741 1501 δστραο

2182 1549 2274 1583 κον
2297 1572 2310 1593 ,
2340 1531 2435 1583 εἷθ’
2466 1528 2637 1591 οὕτως
2667 1528 2825 1581 πάλιν
2856 1526 2993 1580 κατά
3026 1525 3085 1579 τὸ
3110 1526 3369 1596 πρότερον
3403 1524 3584 1593 σχῆμα
3607 1521 3744 1591 πρ³›ς

2180 1622 2276 1691 τὴν
2304 1621 2438 1673 ἰδίαν
2467 1620 2655 1673 ἐαυτοῦ
2688 1619 2881 1689 χρῆσιν
2909 1617 3213 1671 ἀναπλάσαι
3246 1616 3307 1668 τὸ
3341 1614 3549 1676 σκεῦος,
3588 1614 3743 1665 κενὸν

2181 1714 2277 1781 τῆς
2310 1710 2665 1782 ἐμμιχθείσης
2700 1710 2828 1780 ῦλης
2866 1709 3170 1778 γενόμενον.
3227 1706 3411 1767 Οῦτως
3455 1701 3546 1757 οὖν
3585 1704 3677 1757 καὶ
3714 1704 3743 1757 ὁ

518 1798 742 1852 materia
776 1812 895 1866 qua:
926 1796 1100 1850 fuerat
1136 1794 1397 1849 immista.
1438 1794 1514 1849 Ita
1542 1811 1671 1863 ergo
1720 1796 1891 1849 nostri
1942 1810 2078 1863 quo-

2181 1804 2272 1857 τοῦ
2300 1804 2566 1873 ἡμετέρου
2614 1802 2838 1864 σκεύους
2876 1800 3137 1867 πλάστης,
3174 1798 3251 1868 τῷ
3281 1796 3522 1866 αἰσθητῷ
3552 1796 3704 1866 μέρει
3724 1838 3738 1859 ,

518 1905 625 1957 que
654 1890 798 1943 vasis
832 1888 1047 1957 ﬁgulus,
1088 1888 1272 1941 sensili
1306 1887 1443 1955 parti
1480 1892 1615 1954 (eam
1650 1887 1770 1940 dico
1816 1902 1936 1955 qum
1993 1894 2077 1940 est

520 1978 574 2030 in
602 1978 852 2047 corpore)
885 1979 1125 2031 immisto
1154 1978 1307 2040 vitio,
1359 1978 1623 2031 dissoluta
1677 1978 1903 2031 materia
1958 1993 2077 2043 qua:

519 2071 709 2122 vitium
751 2079 1057 2138 acceperat,
1112 2084 1209 2123 vas
1258 2085 1450 2122 rursus
1492 2070 1755 2132 reﬁclum,
1802 2070 2077 2123 contrario

521 2176 630 2213 non
662 2161 905 2219 mistum,
928 2174 1024 2228 per
1057 2160 1532 2217 resurrectionem.
1572 2159 1637 2211 ad
1667 2175 1784 2212 eam
1818 2175 1937 2227 quae
1963 2159 2079 2213 fue-

518 2259 605 2304 rat
631 2251 696 2303 ab
728 2252 882 2304 initio
912 2250 1229 2305 reformabit
1284 2251 1764 2319 pulchritudinem.
1808 2250 2077 2316 Quoniam

519 2349 695 2393 autem
724 2350 777 2394 et
808 2340 1019 2409 corpori
1052 2348 1137 2393 est
1160 2340 1405 2409 quzedam
1429 2341 1659 2393 societas
1682 2347 1734 2392 et
1764 2339 2078 2394 communio

516 2448 703 2484 carum
740 2447 859 2500 qua:
888 2447 953 2485 ex
999 2439 1222 2500 peccato
1261 2430 1533 2484 exsistunt
1584 2429 1966 2495 aﬁeetionum;
2026 2440 2079 2485 et

518 2526 705 2577 mortis
744 2525 1043 2593 corporalis
1071 2533 1124 2577 et
1148 2523 1391 2592 quaedam
1428 2523 1671 2590 analogia
1706 2537 1768 2574 ac
1802 2522 2079 2592 proportio

518 2634 641 2669 cum
670 2626 843 2670 morte
871 2617 1064 2670 auimze
1088 2636 1101 2670 :
1129 2615 1399 2684 quomodo
1418 2615 1561 2669 enim
1598 2616 1649 2667 in
1669 2630 1855 2675 carne,
1902 2630 1929 2666 a
1957 2632 2080 2668 sen-

518 2711 601 2762 sili
640 2710 749 2761 vita
779 2714 1086 2775 separatum
1119 2720 1243 2759 esse
1270 2712 1499 2757 mortem
1520 2703 1789 2758 dicimus:
1814 2704 1888 2757 ita
1907 2706 2071 2759 etiam

518 2802 573 2852 in
609 2801 784 2852 anima
816 2798 1150 2866 appellamus
1198 2805 1424 2849 mortem
1468 2811 1499 2848 a
1532 2811 1659 2849 vera
1698 2798 1807 2849 vita
1852 2811 2077 2865 separa-

516 2890 1032 2958 tionem;quoniam
1060 2902 1189 2957 ergo
1235 2903 1339 2940 una
1370 2896 1453 2941 est
1496 2889 1621 2941 mali
1662 2890 1972 2941 communio
2018 2903 2081 2943 ac

517 2985 770 3044 societas,
794 2994 849 3034 ut
881 2982 1031 3051 prius
1065 2981 1270 3033 dictum
1298 2988 1401 3042 est,
1435 2980 1778 3035 considerata
1805 2982 1858 3033 in
1896 2982 2077 3034 anima

518 3086 567 3126 ct
594 3089 841 3143 corpore,
879 3090 970 3144 per
1009 3082 1301 3140 utrumque
1332 3072 1474 3125 enim
1506 3072 1747 3142 procedit
1798 3073 1979 3125 anima
2009 3072 2076 3125 ad

517 3164 887 3234 operationem
930 3181 941 3215 :
977 3170 1265 3233 propterea
1308 3176 1453 3215 mors
1494 3162 1711 3230 quidem
1757 3161 2077 3215 dissolutio-

520 3257 608 3309 uis
645 3255 713 3307 ab
745 3253 1058 3306 indumento
1089 3252 1397 3304 mortalium
1454 3253 1700 3321 pellium,
1754 3268 1862 3306 non
1909 3253 2078 3305 attin-

516 3347 595 3413 git
633 3344 891 3397 animam.
920 3342 1387 3406 Quemadmodum
1426 3342 1572 3397 enim
1625 3342 1853 3398 dissolvi
1896 3352 2080 3414 posset

516 3433 663 3504 quod
699 3448 805 3485 non
841 3440 925 3486 est
947 3432 1340 3501 compositum?

587 3547 850 3613 Quoniam
885 3561 1009 3599 vero
1035 3561 1170 3615 opus
1198 3553 1300 3609 est,
1346 3551 1405 3599 ut
1442 3545 1587 3601 illius
1612 3561 1829 3617 quoque
1862 3563 1982 3618 qua?
2013 3564 2079 3603 ex

519 3639 755 3706 peccatis
781 3638 828 3691 ei
866 3639 1193 3707 ingenerata:
1224 3636 1543 3690 insederunt
1572 3639 1815 3699 maculze.
1847 3655 1940 3708 per
1968 3654 2081 3693 me-

516 3729 753 3781 dicinam
784 3730 1016 3797 aliquam
1053 3726 1390 3791 auferantur,
1426 3736 1711 3797 propterea
1740 3729 1791 3782 in
1826 3730 2079 3799 prmsenti

520 3818 736 3886 quidem
771 3819 879 3871 vita
908 3818 1209 3872 adhibitum
1242 3826 1328 3873 est
1371 3819 1825 3875 medicamentum
1859 3822 2079 3876 virtutis

517 3912 585 3965 ad
610 3912 724 3965 haec
756 3912 993 3965 curanda
1017 3912 1260 3967 vulnera.
1292 3912 1447 3978 Quod
1476 3912 1519 3966 si
1548 3914 1725 3966 curari
1754 3930 1861 3967 non
1885 3916 2075 3983 possit,

520 4003 572 4056 in
602 4002 836 4057 futuram
870 4003 1036 4056 vitam
1070 4012 1378 4058 reservatur
1401 4006 1633 4059 curatio.
1674 4004 1776 4061 Sed
1808 4008 2079 4075 quomodo

521 4096 577 4148 in
623 4108 853 4161 corpore
882 4101 1009 4147 sunt
1055 4092 1401 4147 aﬁ'ectionum
1450 4096 1692 4164 quaedam
1742 4096 2077 4157 differentiae,

518 4199 747 4253 quarum
781 4184 897 4237 alia).
944 4184 1163 4252 quidem
1216 4183 1450 4245 facilius,
1500 4186 1617 4238 alia:
1645 4202 1775 4239 vero
1807 4186 2080 4243 difﬁcilius

519 4274 811 4329 admittunt
855 4280 1219 4335 curationem.
1274 4275 1326 4328 in
1370 4275 1569 4343 quibus
1616 4284 1669 4329 et
1715 4277 1985 4330 sectioues
2028 4288 2081 4331 et

516 4366 781 4427 cauteria,
816 4377 867 4418 et
894 4366 1087 4419 acerba
1113 4365 1503 4419 medicamenta
1532 4366 1855 4422 adhibentur
1879 4368 1946 4421 ad
1980 4369 2082 4422 ιοι-

2177 1896 2237 1950 τὸ
2264 1895 2405 1948 κατά
2441 1894 2502 1946 τὸ
2532 1893 2689 1961 σῶμά
2721 1909 2887 1961 φημι,
2924 1890 3021 1959 τῆς
3059 1888 3253 1951 κακίας
3285 1886 3739 1956 καταμιχθείσης,

2176 1987 2427 2049 διαλύσας
2465 1985 2561 2055 τὴν
2610 1982 3056 2053 παραδεξαμένην
3099 1981 3158 2032 τὸ
3198 1980 3364 2032 κακὸν
3394 1978 3543 2048 ὓλην,
3580 1978 3744 2030 πάλιν

2177 2082 2371 2152 ἀμιγὲς
2404 2078 2497 2132 τοῦ
2532 2078 2769 2131 ἐναντίου
2800 2076 2887 2129 διά
2910 2077 3008 2144 τῆς
3033 2075 3377 2134 ἀναστάσεως
3402 2073 3740 2134 ἀναπλάσας,

2180 2172 2314 2242 πρὸς
2339 2172 2398 2224 τὸ
2435 2171 2494 2235 ἐξ
2525 2170 2696 2242 ἀρχῆς,
2740 2169 2933 2231 κάλλος
2977 2164 3411 2235 ἁναστοιχειώσει
3436 2164 3496 2216 τὸ
3528 2163 3741 2226 σκεῦος.

2191 2262 2407 2332 Ἐπειδὴ
2454 2261 2509 2314 δέ
2567 2259 2807 2322 σύνδεσίς
2862 2275 2946 2320 τις
2992 2257 3087 2309 καὶ
3138 2254 3385 2308 κοινωνία
3438 2254 3546 2306 τῶν
3599 2253 3742 2307 κατά

2180 2354 2449 2425 ἁμαρτίαν
2499 2350 2834 2422 παθημάτων
2894 2344 3133 2415 γίνεταί,
3164 2350 3229 2417 τῇ
3262 2364 3319 2398 τε
3357 2346 3500 2416 ψυχῇ
3535 2345 3625 2398 καλ⁸
3662 2344 3742 2414 τῷ

2180 2442 2421 2513 σώματι’
2462 2442 2555 2495 καί
2593 2458 2673 2503 τις
2724 2438 2980 2506 ἀναλογία
3015 2437 3106 2489 τοῦ
3148 2435 3456 2506 σωματικοῦ
3511 2435 3739 2488 θανάτου

2181 2535 2314 2603 πρὸς
2340 2534 2429 2585 τὸν
2453 2532 2681 2603 ψυχικόν
2706 2532 2817 2583 ἐστι
2848 2530 3075 2582 θάνατον
3094 2547 3108 2561 ⁸
3145 2528 3333 2599 ῶσπερ
3357 2529 3465 2599 γὰρ
3492 2529 3548 2579 ἐν
3578 2527 3743 2593 σαρκὶ

2179 2624 2238 2677 τὸ
2269 2622 2367 2693 τῆς
2411 2623 2670 2691 αἰσθητῆς
2718 2619 3046 2690 χωρισθῆναι
3088 2618 3232 2686 ζωῆς
3267 2615 3742 2686 προσαγορεύομεν

2180 2714 2405 2767 θάνατον
2425 2753 2439 2774 ,
2482 2712 2651 2774 οὕτως
2680 2712 2772 2763 καὶ
2806 2711 2895 2762 ἐπὶ
2925 2710 3023 2779 τῆς
3049 2709 3224 2778 ψυχῆς
3260 2707 3349 2759 τδν
3386 2707 3483 2775 τῆς
3510 2704 3741 2774 ἀληθοῦς

2180 2804 2324 2873 ζωῆς
2364 2803 2635 2873 χωρισμὸν
2675 2801 2901 2853 θάνατον
2931 2800 3284 2869 ὀνομάζομεν.
3326 2796 3475 2849 Ἐπεὶ
3507 2791 3599 2847 οῦν
3638 2794 3737 2863 μία

2179 2896 2261 2959 τίς
2292 2898 2405 2949 ἐστι
2437 2894 2529 2946 τοῦ
2561 2893 2727 2947 κακοῦ
2768 2891 3049 2954 κοινωνία,
3096 2889 3275 2951 καθὼς
3309 2887 3644 2958 προείρηται,
3682 2887 3742 2938 ἐν

2179 2990 2322 3060 ψυχῇ
2355 3006 2414 3041 τε
2440 2986 2778 3057 θεωρουμένη
2809 2986 2899 3037 καὶ
2924 2983 3159 3053 σώματι·
3188 2983 3255 3034 δι’
3288 2981 3609 3050 ἀμφοτέρων
3633 2978 3742 3049 γὶρ

2182 3082 2422 3150 πρόεισιν
2456 3080 2533 3140 είς
2572 3076 2847 3147 ἐνέργειαν
2884 3076 2945 3127 τὸ
2981 3074 3239 3143 πονηρόν·
3272 3072 3359 3124 διὰ
3398 3071 3554 3123 τοῦτο
3585 3071 3613 3123 ὁ
3642 3071 3743 3139 μὲν

2180 3172 2275 3241 τῆς
2304 3168 2590 3230 διαλύσεως
2619 3167 2861 3227 θάνατος,
2887 3165 2950 3215 ἐκ
2974 3166 3070 3233 τῆς
3089 3162 3198 3214 τῶν
3227 3160 3430 3231 νεκρῶν
3456 3160 3742 3231 δερμάτων

2181 3260 2467 3329 ἐπιϐολῆς,
2507 3259 2600 3328 τῆς
2635 3257 2806 3327 ψυχῆς
2834 3256 2929 3324 οὐχ
2964 3255 3207 3307 ἅπτεται.
3246 3253 3368 3316 Πῶς
3395 3251 3502 3321 γὰρ
3539 3251 3603 3305 ἂν
3624 3251 3741 3305 δια-

2179 3356 2361 3425 λυθείη
2390 3353 2449 3407 τὺ
2480 3352 2552 3423 μὴ
2584 3350 2935 3419 συγκείμενον
2961 3363 2976 3412 ;

2262 3558 2479 3628 Ἐπειδὴ
2544 3555 2702 3627 χρεία
2744 3552 2837 3605 τοῦ
2890 3550 3146 3619 κάκείνης
3198 3552 3295 3609 τὰς
3342 3542 3638 3615 ἐμφυείσας
3681 3541 3744 3607 ἐξ

2179 3650 2462 3723 ἁμαρτιῶν
2507 3646 2726 3718 κηλίδας
2771 3644 2860 3698 διά
2902 3658 3047 3703 τινος
3091 3640 3326 3711 ἰατρείας
3367 3636 3738 3707 ἐξαιρεθῆναι,

2178 3739 2366 3792 τούτου
2392 3738 2596 3797 ἐνεκεν,
2624 3735 2681 3788 ἐν
2711 3733 2807 3804 μὲν
2838 3734 2905 3802 τῇ
2935 3729 3185 3805 παρούσῃ
3215 3728 3348 3799 ζωῇ,
3387 3727 3446 3780 τὸ
3474 3726 3573 3794 τῆς
3609 3725 3740 3795 ἀρε-

2180 3831 2277 3899 τῆς
2303 3829 2587 3898 φάρμακον
2608 3827 2686 3888 εἱς
2709 3823 3001 3895 θεραπείαν
3028 3822 3136 3874 τῶν
3160 3820 3413 3874 τοιούτων
3438 3817 3741 3889 προσετέθη

2184 3919 2528 3992 τραυμάτων.
2576 3918 2638 3969 Εἰ
2680 3915 2737 3968 δὲ
2774 3913 3143 3984 ἀθεράπεύτος
3179 3910 3357 3980 μένει.
3392 3910 3448 3960 ἐν
3480 3906 3558 3977 τῷ
3606 3906 3746 3976 μετά

2178 4011 2348 4065 ταῦτα
2383 4010 2481 4080 βίῳ
2516 4008 2830 4078 ταμιεύεται
2863 4006 2897 4074 ἠ
2940 4001 3219 4074 θεραπεία.
3254 4000 3390 4053 Ἀλλ’
3426 3998 3612 4068 ὥσπερ
3638 3998 3745 4052 εἰσί

2179 4120 2320 4165 τινες
2366 4099 2506 4153 κατά
2548 4100 2608 4151 τὸ
2650 4097 2808 4165 σῶμα
2854 4094 2960 4146 τῶν
2994 4090 3329 4161 παθημάτων
3359 4090 3633 4159 διαφοραὶ,
3668 4082 3745 4141 ὧν

2181 4197 2234 4247 αἱ
2267 4194 2363 4264 μὲν
2396 4193 2544 4264 ῥᾷον,
2575 4190 2628 4242 αἱ
2656 4188 2711 4240 δὲ
2736 4185 3128 4254 δυσκολώτερον
3144 4181 3241 4253 τὴν
3260 4180 3553 4251 θεραπείαν
3573 4197 3747 4250 προσ-

2184 4287 2347 4340 ίενται
2368 4324 2383 4348 ,
2417 4284 2502 4353 ἐφ’
2528 4275 2600 4335 ὧν
2631 4280 2723 4332 καὶ
2768 4278 2928 4348 τομαὶ
2960 4277 3052 4329 καὶ
3093 4277 3391 4345 καυτήρια,
3424 4273 3517 4325 καὶ
3552 4271 3747 4342 πικραὶ

2182 4373 2610 4449 φαρμακοποιίαι
2640 4371 2774 4442 πρὸς
2810 4370 2907 4441 τὴν
2952 4368 3229 4438 ἀναίρεσιν
3256 4363 3348 4418 τοῦ
3383 4363 3748 4433 ἐνσκήψαντος

518 4458 731 4511 lendam
775 4457 1112 4512 affectionem
1149 4473 1268 4527 quae
1296 4458 1496 4512 insedit
1529 4460 1775 4529 corpori:
1821 4461 1924 4515 tale
1952 4460 2079 4530 quid

2186 4467 2386 4527 πάθους
2429 4460 2505 4532 τῷ
2552 4463 2761 4531 σώματι
2816 4457 3364 4529 παραλαμϐάνονταιο
3406 4452 3642 4505 τοιοῦτόν
3693 4469 3746 4504 τι

517 4549 679 4601 etiam
707 4547 989 4603 denuntiat
1020 4550 1071 4602 in
1117 4558 1394 4618 posterum
1429 4549 1668 4604 futurum
1695 4551 1959 4619 judicium
2016 4551 2079 4604 ad

520 4639 792 4693 curandos
838 4641 1056 4693 morbos
1100 4642 1313 4704 anima},
1367 4642 1508 4709 quod
1566 4643 1732 4713 pigris
1781 4642 1994 4714 quidem
2030 4651 2081 4697 et

518 4730 672 4784 vanis
723 4729 980 4791 minatur,
1032 4731 1326 4800 graviaque
1378 4740 1432 4785 et
1468 4748 1662 4802 aspera
1715 4734 1967 4797 intentat,
2024 4742 2083 4786 ut

520 4832 663 4873 metu
707 4836 888 4875 rerum
932 4822 1279 4876 molestarum
1330 4832 1385 4878 et
1418 4840 1733 4894 asperarum
1768 4844 1887 4896 quae
1927 4829 2083 4882 nobis

519 4925 643 4967 sunt
680 4914 983 4975 reddenda},
1011 4914 1074 4966 ad
1109 4914 1420 4986 fugiendum
1450 4917 1636 4970 vitium
1665 4922 1995 4988 castigemur
2028 4927 2081 4973 et

517 5007 873 5060 erudiamur:
932 5007 998 5059 iis
1038 5015 1237 5065 autem,
1288 5006 1378 5074 qui
1432 5016 1559 5060 sunt
1610 5008 2080 5078 intelligentiores,

517 5098 758 5153 creditur
803 5114 832 5151 a
882 5096 989 5152 Deo
1017 5114 1137 5153 esse
1181 5100 1447 5153 medicina
1491 5108 1544 5153 et
1586 5100 1815 5160 curatio,
1873 5100 1963 5168 qui
2018 5100 2081 5151 ti-

517 5198 791 5259 gmettlum
836 5207 991 5245 suum
1024 5192 1231 5245 reducit
1264 5193 1329 5245 ad
1374 5208 1491 5246 eam
1534 5208 1653 5260 qute
1688 5199 1803 5244 erat
1829 5192 1896 5244 ab
1929 5190 2082 5244 initio

517 5282 764 5349 gratiam.
802 5281 1082 5346 Quomodo
1126 5282 1269 5336 enim
1319 5285 1410 5352 qui
1460 5285 1641 5337 clavos
1691 5294 1745 5336 et
1805 5297 2080 5344 verrucas,

517 5387 637 5440 qua!
672 5373 723 5424 in
764 5388 991 5442 corpore
1017 5384 1189 5427 enata:
1228 5385 1355 5429 sunt
1390 5386 1585 5444 prmter
1621 5386 1890 5439 naturam,
1923 5376 2084 5429 abra-

516 5463 654 5515 dunt
686 5478 778 5530 per
805 5465 1101 5518 sectionem
1139 5480 1201 5517 ac
1229 5465 1519 5526 ustionem,
1552 5464 1597 5517 ci
1630 5480 1789 5533 quem
1824 5464 2084 5518 beneficio

518 5554 764 5607 afﬁciunt
796 5571 900 5608 nou
932 5557 1050 5611 sine
1080 5557 1267 5611 dolore
1298 5556 1557 5610 adhibent
1589 5557 1933 5620 medicinam,
1974 5573 2082 5609 non

518 5653 699 5700 autem
733 5646 797 5700 ad
829 5647 1085 5701 damnum
1110 5648 1339 5718 ejusqui
1369 5650 1604 5718 patitur:
1647 5650 1718 5702 ita
1752 5652 1912 5703 etiam
1939 5664 2084 5718 quaa-

517 5752 735 5808 cunque
793 5739 995 5794 nostris
1056 5741 1273 5805 animis,
1337 5741 1429 5811 qui
1490 5756 1583 5811 per
1642 5743 2078 5796 communionem

2183 4559 2277 4610 καὶ
2299 4559 2331 4625 ἡ
2355 4555 2490 4625 μετά
2510 4552 2681 4608 ταῦτα
2701 4552 2878 4621 κρίσις
2899 4552 2979 4613 είς
2999 4548 3293 4620 θεραπείαν
3313 4547 3419 4600 τῶν
3446 4545 3545 4615 τῆς
3569 4544 3749 4614 ψυχῆς

2184 4644 2629 4718 ἀρρωστημάτων
2661 4641 3185 4709 κατεπαγγέλλεται,
3218 4639 3246 4692 ὃ
3273 4640 3384 4701 τοῖς
3424 4638 3520 4708 μέν
3552 4654 3747 4706 χαυνο-

2181 4739 2356 4810 τέροις
2394 4738 2625 4808 ἀπειλὴ,
2656 4738 2749 4789 καὶ
2795 4733 3129 4803 σκυθρωπῶν
3172 4734 3319 4785 ἐστιν
3349 4730 3746 4791 ἐπανάστασις,

2184 4832 2257 4895 ὡς
2290 4830 2356 4884 ἂν
2405 4828 2552 4899 φόϐῳ
2600 4830 2699 4899 τῆς
2741 4826 2849 4879 τῶν
2907 4823 3167 4893 ἀλγεινῶν
3218 4820 3555 4883 ἀντιδόσεως,
3612 4818 3753 4889 πρὸς

2182 4922 2279 4993 τὴν
2325 4922 2501 4991 φυγὴν
2556 4922 2654 4991 τῆς
2708 4919 2903 4981 κακίας
2948 4913 3471 4987 σωφρονισθείημενδ
3517 4913 3629 4975 τοῖς
3690 4910 3750 4963 δὲ

2186 5015 2564 5086 συνετωτέροις
2614 5011 2821 5082 ἰατρεία
2868 5010 2962 5063 καὶ
3008 5005 3267 5079 θεραπεία
3300 5004 3449 5073 παρά
3489 5004 3581 5056 τοῦ
3612 5002 3749 5055 Θεοῦ

2183 5108 2243 5161 τὸ
2294 5107 2421 5160 ἴδιον
2472 5104 2696 5174 πλάσμα
2749 5102 2883 5173 πρὸς
2925 5099 3020 5170 τὴν
3072 5099 3131 5163 ἐξ
3165 5098 3339 5169 ἀρχῆς
3388 5096 3754 5163 ἐπανάγοντος

2184 5201 2341 5272 χάριν
2375 5194 2512 5251 εἶναι
2546 5195 2873 5249 πιστεύεται.
2917 5194 3004 5257 Ὠς
3050 5193 3157 5261 γὰρ
3196 5192 3245 5243 οἱ
3290 5192 3415 5253 τοὺς
3457 5189 3616 5259 ἥλους
3657 5187 3753 5240 καὶ

2184 5292 2308 5353 τοὺς
2358 5288 2744 5360 ἀκροχορδόνας
2806 5285 2954 5356 παρά
3007 5283 3166 5351 φύσιν
3197 5282 3613 5351 ἐπιγενομένους
3674 5279 3753 5347 τῷ

2187 5380 2426 5450 σώματι,
2458 5380 2545 5433 διά
2592 5379 2760 5449 τομῆς
2789 5377 2821 5447 ἢ
2855 5376 3099 5439 καύσεως
3142 5374 3496 5439 ἀποξύοντες,
3527 5372 3623 5425 οὐκ
3655 5371 3752 5422 ἀν-

2185 5472 2383 5524 ώδυνον
2408 5471 2668 5538 ἐπάγουσι
2699 5469 2775 5539 τῷ
2805 5467 3240 5539 εύεργετουμένῳ
3282 5466 3377 5537 τὴν
3411 5467 3553 5518 ἴασιν
3573 5504 3587 5527 ,
3615 5461 3755 5532 πλὴν

2184 5561 2283 5613 ούκ
2310 5560 2402 5613 ἐπὶ
2437 5559 2609 5631 βλάϐῃ
2650 5556 2743 5611 τοῦ
2778 5556 3136 5626 ὑπομένοντος
3164 5557 3262 5627 τὴν
3296 5554 3465 5624 τομὴν
3491 5554 3713 5620 ἄγουσιν
3735 5569 3751 5582 ο

2184 5648 2356 5711 οῦτως
2404 5648 2497 5701 καὶ
2547 5648 2647 5700 ὅσα
2699 5648 2816 5708 ταῖς
2876 5646 3073 5715 ψυχαῖς
3125 5645 3302 5716 ἡμῶν,
3368 5645 3455 5697 διὰ
3516 5643 3615 5711 τῆς
3646 5640 3757 5694 τῶν

2186 5739 2524 5811 παθημάτων
2559 5738 2839 5801 κοινωνίας
2878 5737 3412 5810 ἀποσαρκωθείσαις,
3449 5733 3622 5803 ὑλώδη
3657 5749 3756 5786 πσ-
