3978 6478
261 360 327 416 57
1468 355 1724 411 ORATIO
1754 354 2260 415 CATECHETICA.
3288 392 3295 401 ι
3436 365 3507 421 ss

261 476 580 547 ριττὼματα
634 478 1034 547 ὲπιπωροῦται,
1092 477 1149 529 ὲν
1172 475 1250 546 τῷ
1294 476 1471 546 καιρῷ
1491 478 1590 547 τῆς
1612 478 1816 547 κρίσεω

1944 475 2414 544 perturbationum
2462 479 2711 535 carnales
2752 486 2906 532 erant
2958 479 3173 545 redditi,
3233 484 3503 551 superﬂua

256 572 507 639 τέμνεται
545 572 644 624 καὶ
685 570 975 636 ἀποξύεται
1016 573 1081 641 τῇ
1132 572 1429 642 ἀπορρήτῳ
1470 572 1651 643 ἐκείνῃ
1681 572 1841 643 σοφίᾳ

257 664 342 715 καὶ
386 662 662 731 δυνάμει,
713 664 896 725 καθὼς
929 663 1074 731 λέγει
1115 664 1175 715 τὸ
1224 663 1550 729 Εὐαγγέλιον
1591 662 1684 715 τοῦ
1716 664 1839 725 τοὺς

254 752 441 814 κακῶς
476 753 708 821 ἔχοντας
743 752 1098 823 ἰατρεύοντος·
1120 755 1201 805 Οὐ
1230 753 1441 821 χρείαν
1462 753 1569 823 γὰρ
1593 752 1802 821 ἔχουσι
1821 796 1835 818 ,

252 844 435 912 φησιν,
468 846 526 896 οἱ
562 846 883 911 ἰσχύοντες
910 844 1139 912 ἰατροῦ,
1174 843 1310 897 ἀλλ’
1353 847 1407 897 οἱ
1450 843 1639 909 κακῶς
1669 844 1838 911 ἕχον-

249 948 363 999 τες.
408 938 511 988 Διά
542 938 603 989 δὲ
644 937 707 989 τὸ
750 936 950 1005 πολλὴν
977 935 1304 1003 γεγενῆσθαι
1334 938 1398 1004 τῇ
1428 935 1570 1005 ψυχῇ
1616 936 1750 1005 πρὸς
1778 936 1838 988 τὸ

247 1024 411 1076 κακὸν
447 1027 761 1095 συμφυΐαν,
790 1025 979 1096 ῶσπερ
1006 1029 1038 1096 ἠ
1078 1026 1174 1094 τῆς
1203 1026 1517 1095 μυρμηκίας
1552 1026 1691 1096 τομὴ
1724 1028 1837 1097 δρι-

253 1116 441 1185 μύσσει
483 1115 591 1185 τὴν
632 1116 990 1185 ἐπιφάνειαν·
1032 1116 1092 1168 τὸ
1121 1117 1227 1186 γὰρ
1257 1118 1404 1183 παρά
1441 1116 1601 1184 φύσιν
1630 1118 1835 1187 ἐμφυὲς

202 1240 213 1247 ι
247 1210 306 1276 τῇ
358 1208 557 1274 φύσει,
614 1207 706 1260 διά
760 1223 906 1269 τινος
976 1207 1314 1276 συμπαθείας
1369 1207 1446 1277 τῷ
1494 1208 1835 1279 ὑποκειμένῳ

248 1299 637 1369 προσίσχεται,
673 1299 766 1351 καί
788 1316 870 1361 τις
912 1297 1115 1365 γίνεται
1169 1298 1262 1350 τοῦ
1296 1298 1572 1369 ἀλλοτρίου
1615 1300 1749 1369 πρὸς
1773 1300 1834 1352 τὸ

246 1390 515 1458 ἡμέτερον
541 1391 861 1458 παράλογος
887 1390 1300 1460 συνανακρασις,
1326 1389 1399 1452 ὡς
1428 1390 1709 1445 λυπεῖσθαι
1741 1393 1833 1444 καὶ

246 1482 532 1534 δάκνεσθαι
560 1480 663 1532 τοῦ
688 1480 837 1550 παρά
864 1480 1021 1549 φύσιν
1044 1479 1414 1550 χωριζομένην
1436 1482 1534 1552 τὴν
1560 1483 1828 1551 αἴσθησιν·

244 1571 377 1623 οὕτω
421 1573 521 1623 καὶ
568 1573 675 1640 τῆς
713 1570 893 1639 ψυχῆς
936 1571 1444 1643 ἀπολεπτυνομένης
1493 1590 1550 1624 τε
1605 1574 1699 1626 καὶ
1740 1575 1831 1625 ἐκ·

244 1663 551 1732 τηκομένης
602 1666 665 1714 ὲν
704 1666 817 1727 τοῖς
840 1664 977 1733 ὑπὲρ
1016 1663 1114 1731 τῆς
1141 1665 1411 1733 ἁμαρτίας
1439 1663 1700 1733 ἐλέγχοις,
1735 1682 1833 1718 κα-

246 1757 342 1818 θὼς
370 1756 472 1808 πού
507 1774 690 1826 φησιν
723 1760 756 1826 ἢ
791 1757 1122 1828 προφητεία,
1169 1756 1256 1809 διὰ
1281 1756 1376 1825 τὴν
1407 1758 1463 1811 ἐν
1498 1756 1648 1826 βάθει
1676 1774 1827 1825 γενο-

1942 565 2204 618 callorutu
2241 576 2586 621 excrementa
2622 568 2976 633 coaluerant,
3031 585 3091 623 ea
3123 571 3314 638 judicii
3369 581 3505 627 tem-

1938 672 2069 725 pore
2122 657 2447 711 scinduntur
2497 666 2552 712 et
2601 659 2939 713 abraduntur
2970 661 3226 714 ineﬁabili
3285 662 3375 716 illa
3414 680 3502 718 sa-

1940 746 2142 814 pientia
2192 753 2244 799 et
2276 747 2476 801 virtute
2516 749 2685 808 illius,
2740 748 2832 817 qui
2881 749 3019 801 male
3062 749 3411 813 habentibus,
3447 759 3508 805 ut

1938 846 2021 891 est
2060 839 2110 889 in
2140 837 2457 907 Evangelio,
2495 840 2760 893 medetur.
2800 839 2921 892 Non
2950 843 3095 895 cnim
3126 853 3203 896 est
3233 859 3382 911 opus,
3422 844 3506 897 in-

1937 929 2075 999 quit,
2130 929 2423 983 valentibus
2484 931 2734 995 medicus,
2791 930 2881 983 sed
2938 932 3074 985 male
3125 933 3430 987 habentibus
3457 935 3500 988 ⁵.

1937 1018 2231 1089 Pr0pterea
2269 1029 2448 1075 autem
2482 1025 2625 1090 quod
2672 1024 2867 1077 animm
2909 1039 3033 1078 cum
3068 1039 3294 1093 corpore
3322 1034 3405 1080 est
3435 1026 3502 1079 ad

1937 1112 2139 1165 malum
2172 1114 2458 1182 congenita
2507 1112 2751 1183 quaadam
2794 1116 3178 1180 coalescentia,
3232 1116 3504 1186 quomodo

1935 1204 2247 1272 myrmecia)
2277 1219 2370 1258 seu
2413 1203 2814 1259 formicationis
2853 1221 2975 1275 qua:
3006 1207 3169 1261 etiam
3200 1222 3394 1261 cossus
3418 1207 3503 1261 di-

1935 1296 2097 1368 citur.
2135 1296 2325 1355 sectio.
2360 1296 2702 1363 superﬁciem
2726 1295 2937 1351 mordet
2963 1298 3184 1360 acriter;
3209 1312 3331 1350 nam
3353 1296 3500 1366 quod

1937 1395 2130 1453 prwter
2154 1395 2403 1439 naturam
2439 1388 2683 1441 innatum
2715 1396 2800 1441 est
2828 1395 3056 1450 naturae,
3092 1403 3187 1457 per
3213 1390 3499 1457 quemdam

1932 1492 2260 1533 consensum
2285 1479 2587 1535 affectionis
2610 1480 2930 1551 adhaerescit
2946 1481 3229 1549 subjecto;
3262 1489 3314 1536 et
3336 1482 3499 1535 alieni

1932 1588 2053 1627 cum
2085 1582 2273 1627 nostro
2316 1575 2375 1626 ﬁt
2409 1574 2655 1644 quaedam
2701 1582 2896 1643 praeter
2933 1575 3198 1628 rationem
3248 1583 3498 1629 contem-

1931 1667 2158 1734 peratio,
2219 1667 2354 1720 adeo
2400 1675 2457 1719 ut
2497 1664 2747 1721 molestia
2783 1666 3049 1719 efﬁciatur
3078 1674 3133 1719 et
3183 1667 3498 1720 mordeatur

1932 1775 2126 1812 sensus
2165 1767 2450 1825 separatus
2481 1758 2549 1812 ab
2594 1773 2659 1812 eo
2684 1758 2827 1827 quod
2868 1766 2951 1811 est
2982 1767 3175 1826 praeter
3205 1766 3493 1819 naturam;
3548 1828 3551 1835 _

249 1848 405 1917 μένην
435 1849 583 1917 πρὸς
617 1848 685 1901 τὸ
719 1848 885 1900 κακὸν
922 1848 1252 1917 οἰκειότητα,
1287 1849 1406 1900 κατ’
1450 1848 1695 1919 ἀνάγκην
1728 1850 1816 1902 ὲπ-

1928 1850 2001 1903 ita
2029 1851 2191 1903 etiam
2229 1865 2350 1902 cum
2388 1852 2569 1902 anima
2598 1859 2908 1903 attenuatur
2937 1857 2989 1901 ct
3021 1848 3205 1901 tabeﬁt
3238 1850 3291 1901 in
3318 1848 3497 1901 incre-

246 1939 630 1991 ἀκολουθοῦσιν
664 1938 890 2009 ἄρρητοί
914 1956 1054 2001 τινες
1084 1939 1175 1990 καὶ
1207 1939 1566 2009 ἀνέκφραστοι
1601 1939 1825 2010 ἀλγηδό-

244 2048 343 2091 νες,
374 2025 449 2081 ῶν
485 2030 520 2098 ἡ
555 2030 816 2098 διήγησις
851 2031 912 2081 ἐκ
939 2028 1030 2081 τοῦ
1066 2028 1179 2080 ίσου
1206 2029 1265 2081 τὸ
1294 2030 1566 2098 ἄφραστον
1586 2030 1726 2100 ἔχει,
1756 2034 1820 2102 τῇ

244 2124 338 2174 τῶν
356 2121 746 2190 ἐλπιζομένων
772 2119 987 2188 ἀγαθῶν
1009 2120 1186 2188 φύσει.
1206 2119 1339 2173 Οὔτε
1357 2121 1464 2191 γὰρ
1479 2123 1672 2184 ταῦτα,
1700 2122 1823 2175 οὗτε

242 2216 410 2267 ἐκεῖνα
460 2217 531 2284 τῇ
581 2213 816 2281 δυνάμει
860 2212 967 2264 τῶν
1002 2212 1192 2279 λόγων,
1224 2213 1255 2282 ἢ
1286 2212 1375 2265 τὸν
1402 2214 1703 2283 στοχασμὸν
1724 2214 1822 2283 τῆς

240 2306 467 2369 διανοίας
504 2305 811 2372 ὑπάγεται.
852 2303 1069 2356 Οὐκοῦν·
1093 2304 1229 2374 πρὸς
1273 2304 1335 2355 τὸ
1376 2302 1549 2373 πέρας
1575 2321 1660 2365 τις
1688 2303 1822 2355 ἀπο-

242 2398 450 2450 σκοπῶν
472 2398 579 2467 τῆς
619 2397 816 2464 σοφίας
848 2395 941 2447 τοῦ
971 2395 1031 2447 τὸ
1058 2396 1165 2447 πᾶν
1190 2393 1616 2464 οἱκονομοῦντος,
1643 2395 1819 2447 οὐκέτ’

240 2490 297 2541 ἂν
315 2490 555 2556 εὐλόγως
578 2487 777 2541 κακῶν
803 2488 971 2539 αἴτιον
1000 2488 1090 2540 τὸν
1105 2487 1211 2539 τῶν
1242 2486 1541 2557 ἀνθρώπων
1562 2486 1623 2555 δη
1634 2503 1819 2556 μιουρ-

238 2581 323 2648 γὸν
348 2581 452 2633 ὑπὸ
489 2579 871 2651 μικροψυχίας
910 2578 1298 2648 κατονομάζοι,
1341 2578 1373 2648 ἢ
1419 2579 1629 2646 ἀγνοεῖν
1659 2577 1818 2631 αὐτὸν

240 2675 291 2725 τὸ
320 2674 584 2742 ἐσόμενον
621 2672 821 2739 λέγων,
853 2671 886 2741 ἢ
919 2670 1095 2724 εἰδότα
1128 2670 1221 2724 καὶ
1244 2670 1579 2739 πεποιηκότα
1612 2670 1684 2739 μὴ
1714 2668 1817 2734 ἔξω

240 2769 328 2837 τῆς
360 2769 498 2840 πρὸς
535 2768 603 2821 τὸ
649 2768 885 2838 πονηρὸν
915 2767 1091 2837 ὁρμῆς
1129 2760 1286 2818 εἶναι.
1322 2765 1432 2818 Καὶ
1460 2764 1569 2833 γὰρ
1615 2765 1730 2835 ᾔδει
1756 2765 1817 2817 τὸ

240 2860 513 2929 ἐσόμενον,
575 2859 680 2913 καὶ
726 2858 821 2930 τὴν
873 2859 1007 2929 πρὸς
1042 2859 1103 2910 τὸ
1148 2858 1427 2928 γινόμενον
1483 2857 1658 2926 ὁρμὴν
1717 2857 1816 2909 οὐκ

240 2950 517 3003 ἐκώλυσεν.
573 2951 703 3002 ’Ὁτι
760 2950 869 3020 γάρ
911 2950 1317 3021 ὲκτραπήσεται
1362 2949 1455 3003 τοῦ
1503 2951 1709 3020 ἀγαθοῦ
1754 2954 1816 3007 τὸ

239 3041 605 3111 ἀνθρώπινον,
650 3041 749 3093 οὐκ
794 3041 1055 3111 ἠγνόησεν
1096 3042 1125 3093 ὁ
1173 3042 1347 3095 πάντα
1394 3043 1812 3113 ὲμπερικρατῶν

1927 1942 2239 2011 pationibus
2270 1951 2491 2011 propter
2532 1949 2834 2010 peccatum,
2874 1951 2930 1993 ut
2960 1942 3154 1994 alicubi
3188 1941 3320 1995 dicit
3367 1955 3495 2009 pro-

1924 2033 2128 2101 phetia,
2180 2041 2403 2103 propter
2443 2034 2689 2086 intimam
2738 2034 2883 2085 illam
2934 2048 3057 2085 cum
3108 2042 3331 2101 peccato
3364 2047 3495 2085 con-

1920 2125 2278 2193 junctionem,
2344 2124 2659 2180 necessario
2716 2133 3134 2192 consequuntur
3189 2122 3492 2177 ineﬁabilcs

1923 2218 2143 2287 quidam
2168 2217 2385 2273 dolores
2415 2225 2469 2293 et
2501 2217 2930 2287 inexplicabiles,
2980 2216 3072 2285 qui
3102 2231 3254 2285 mque
3292 2214 3394 2268 dici
3428 2230 3493 2267 ac

1921 2307 2180 2376 explicari
2215 2322 2323 2360 non
2355 2313 2605 2376 possunt,
2653 2312 2815 2374 atque
2843 2313 3037 2357 natura
3070 2305 3335 2357 bonorum
3371 2319 3493 2372 quae

1921 2407 2230 2467 sperantur.
2262 2396 2397 2451 Nam
2435 2413 2611 2467 neque
2652 2397 2769 2451 haac
2817 2413 2995 2467 neque
3044 2398 3133 2449 illa
3166 2405 3293 2451 sunt
3346 2396 3493 2463 ejus-

1919 2490 2089 2553 modi,
2123 2501 2183 2545 ut
2211 2491 2426 2546 dicendi
2461 2492 2689 2547 facultas
2721 2502 2813 2546 aut
2858 2490 3174 2559 conjectura
3226 2490 3393 2543 animi
3425 2505 3487 2541 ea

1920 2584 2093 2653 possit
2124 2583 2364 2652 assequi.
2395 2582 2449 2636 Si
2480 2584 2769 2652 quisquam
2802 2597 2932 2652 ergo
2964 2582 3029 2635 ad
3065 2580 3223 2634 ﬁnem
3271 2581 3489 2634 intuea-

1918 2681 2009 2728 tur
2037 2674 2335 2743 sapientiae,
2370 2688 2488 2742 quae
2516 2672 2866 2727 administrat
2896 2671 3334 2751 universitatem,
3378 2685 3486 2725 non

1917 2768 2106 2837 utique
2155 2767 2437 2821 hominum
2488 2765 2734 2835 opiﬁcem
2786 2765 3051 2818 malorum
3100 2775 3378 2819 auctorem
3425 2779 3489 2818 ac

1917 2875 2137 2915 causam
2160 2869 2378 2930 propter
2399 2860 2653 2929 pusillum
2681 2866 2734 2912 et
2761 2858 3030 2927 abjectum
3064 2872 3221 2911 suum
3246 2858 3485 2911 animum

1912 2950 2036 3019 jure
2067 2951 2445 3014 nominaverit,
2479 2948 2773 3004 autdicens
2791 2965 2913 3004 eum
2934 2949 3183 3019 ignorare
3206 2949 3480 3003 futurum:

1918 3051 2010 3095 aut
2047 3043 2091 3096 si
2124 3043 2345 3097 sciverit
2376 3054 2429 3097 et
2456 3042 2662 3107 fecerit,
2707 3057 2815 3096 non
2848 3057 2969 3097 esse
2996 3054 3260 3096 remotum
3297 3059 3325 3096 a
3356 3044 3484 3098 mali

236 3137 294 3201 τῇ
346 3135 694 3205 προορατικῇ
750 3134 1005 3202 δυνάμει,
1069 3134 1162 3187 καὶ
1213 3134 1273 3186 τὸ
1316 3134 1512 3205 ἐφεξῆς
1554 3135 1629 3204 τῷ
1668 3153 1809 3207 παρ-

1919 3136 2267 3204 appetitione,
2330 3139 2384 3190 et
2446 3135 2509 3189 ad
2573 3135 2751 3204 ipsum
2819 3136 3199 3204 propensiouc.
3267 3134 3484 3190 Sciebat

236 3224 457 3293 ῳχηκότι
503 3223 729 3294 βλέπων
765 3224 902 3276 κατά
937 3225 995 3276 τὸ
1022 3218 1157 3276 ἴσον.
1193 3224 1332 3277 Ἀλλ’
1367 3225 1553 3296 ὥσπερ
1580 3226 1677 3297 τὴν
1709 3245 1812 3280 πα·

237 3313 503 3383 ρατροπὴν
545 3313 841 3374 ἐθεάσατο,
876 3312 1016 3365 οὕτω
1045 3314 1138 3365 καὶ
1182 3314 1281 3382 τὴν
1309 3312 1602 3383 ἀνάκλησιν
1645 3314 1809 3369 αὐτοῦ

234 3405 382 3457 πάλιν
418 3406 529 3474 τὴν
573 3404 713 3471 πρὸς
745 3403 805 3456 τὸ
834 3403 1034 3471 ἀγαθὸν
1072 3405 1387 3473 κατενόησε.
1420 3405 1484 3457 Τί
1531 3404 1625 3459 οὖν
1650 3407 1809 3478 ἀμει-

232 3513 313 3547 νον
336 3492 448 3566 ἦνς
506 3494 747 3548 καθόλου
797 3492 869 3563 μὴ
910 3494 1136 3561 ἀγαγεῖν
1178 3494 1277 3563 τὴν
1324 3493 1484 3563 φύσιν
1532 3495 1688 3565 ἡμῶν
1730 3498 1810 3559 είς

232 3586 469 3652 γένεσιν,
558 3584 747 3654 ἐπειδὴ
793 3582 886 3635 τοῦ
937 3583 1101 3637 καλοῦ
1167 3585 1628 3655 διαμαρτήσεσθαι
1679 3603 1810 3655 προ-

233 3674 368 3747 εώρα
410 3677 475 3729 τὸ
524 3676 915 3744 γενησόμενον,
963 3674 995 3745 ἢ
1043 3674 1318 3743 ἀγαγόντα
1362 3677 1454 3728 καὶ⁵
1486 3677 1807 3747 νενοσηκότα

232 3770 383 3822 πάλιν
414 3769 568 3840 πρὸς
613 3768 713 3837 τὴν
747 3766 806 3830 ἐξ
845 3768 1018 3837 ἀρχῆς
1051 3766 1211 3836 χάριν
1243 3768 1705 3835 ἀνακαλέσασθαι;
1734 3769 1807 3821 Τὸ

230 3860 280 3912 δὲ
322 3860 409 3913 διὰ
454 3860 567 3921 τὰς
624 3857 940 3927 σωματικὰς
998 3858 1325 3927 ἀλγηδόνας,
1377 3860 1433 3912 αἳ
1482 3859 1559 3929 τῷ
1599 3860 1807 3931 ρευστῷ

232 3950 321 4021 τῆς
372 3951 605 4019 φύσεως
652 3949 770 4002 κατ’
818 3948 1064 4018 ἀνάγκην
1094 3949 1573 4019 ἐπισυμϐαίνουσι,
1620 3950 1807 4004 κακῶν

233 4039 451 4108 ποιητὴν
494 4037 595 4090 τὸν
639 4035 771 4088 Θεὸν
807 4034 1124 4105 ὀνομάζειν,
1161 4034 1193 4104 ἢ
1242 4036 1375 4105 μηδὲ
1415 4036 1551 4099 ὅλως
1594 4037 1805 4107 ἀνθρώ-

233 4145 324 4179 που
354 4128 597 4196 κτίστην
632 4125 791 4177 αὐτὸν
822 4123 1059 4184 οἴεσθαι,
1104 4123 1179 4186 ὡς
1210 4122 1276 4176 ἂν
1307 4123 1381 4195 μὴ
1428 4124 1520 4177 καὶ
1559 4124 1668 4177 τῶν
1712 4124 1807 4178 ἀλ-

230 4220 495 4283 γυνόντων
520 4218 675 4287 ἡμᾶς
698 4216 875 4278 αἴτιος
894 4215 1173 4268 ὑπονοοῖτο
1192 4254 1207 4278 ,
1248 4215 1406 4268 τοῦτο
1433 4216 1532 4286 τῆς
1570 4216 1804 4287 ἐσχάτης

234 4307 600 4379 μικροψυχίας
637 4308 753 4360 ἐστὶ
791 4306 899 4359 τῶν
926 4306 992 4376 τῇ
1026 4304 1271 4375 αἰσθήσει
1299 4304 1362 4358 τὸ
1390 4305 1553 4359 καλὸν
1607 4307 1703 4360 καὶ⁵
1744 4307 1804 4360 τὸ

230 4401 385 4455 κακὸν
430 4399 860 4470 διακρινόντων,
909 4398 959 4449 οἳ
999 4398 1098 4451 οὐκ
1139 4396 1347 4459 ῐσασιν,
1403 4397 1483 4450 ὅτι
1516 4398 1693 4452 ἐκεῖνο
1736 4401 1801 4469 τῇ

1914 3228 2059 3282 enim
2108 3228 2372 3292 futurum,
2429 3237 2481 3282 et
2529 3243 2635 3282 non
2690 3228 2969 3297 prohibuit
3010 3245 3127 3283 eam
3164 3245 3282 3297 qua:
3321 3230 3386 3282 ad
3427 3228 3481 3282 id

1911 3317 2054 3387 quod
2087 3317 2142 3371 ﬁt
2171 3330 2288 3371 erat
2322 3316 2741 3386 propensionem
2768 3328 2820 3371 et
2852 3318 3279 3371 inclinationem.
3324 3316 3480 3383 Quod

1908 3408 2051 3459 enim
2080 3421 2107 3459 a
2141 3406 2282 3459 bono
2311 3409 2470 3459 homo
2504 3415 2645 3460 esset
2672 3406 3019 3471 avertendus,
3068 3423 3175 3460 non
3206 3408 3476 3476 ignoravit

1908 3498 1999 3568 qui
2033 3500 2213 3552 omnia
2255 3514 2354 3552 suo
2382 3498 2661 3551 dominatu
2697 3499 2958 3557 continet.
3011 3515 3108 3554 sua
3149 3499 3476 3568 praevidendi

1906 3591 2104 3644 virtute
2133 3606 2283 3660 teque
2312 3592 2528 3644 intuens
2553 3589 2607 3643 id
2636 3590 2777 3659 quod
2810 3591 3065 3660 deinceps
3092 3599 3175 3645 est
3202 3590 3474 3652 futurum,

1908 3692 2068 3751 atque
2097 3682 2149 3735 id
2184 3683 2326 3752 quod
2360 3692 2441 3737 est
2470 3682 2818 3752 praeteritum.
2865 3682 2969 3735 Sed
3021 3682 3295 3750 quomodo
3343 3681 3478 3734 vidit

1908 3774 2285 3827 aversionem:
2338 3774 2409 3827 ita
2456 3775 2616 3834 etiam
2649 3789 2842 3828 rursus
2872 3774 3197 3841 excogitavit
3240 3772 3360 3840 ejus
3405 3771 3470 3824 ad

1908 3864 2107 3918 bonum
2149 3867 2567 3920 revocationem.
2614 3864 2754 3931 Quid
2797 3880 2927 3931 ergo
2974 3872 3089 3917 erat
3132 3864 3347 3925 melius,
3405 3878 3473 3916 an

1909 3966 2148 4010 nostram
2179 3965 2427 4010 naturam
2462 3972 2572 4011 non
2610 3957 2832 4010 omnino
2870 3956 2934 4008 ad
2972 3965 3149 4008 ortum
3181 3955 3473 4019 deducere,

1906 4047 2161 4116 quoniam
2197 4047 2415 4101 videbat
2451 4046 2689 4099 futurum
2731 4054 2788 4100 ut
2819 4062 2846 4099 a
2878 4047 3020 4099 bono
3053 4047 3367 4099 aberraret:
3403 4060 3471 4099 an

1905 4152 2027 4191 cum
2061 4138 2370 4192 aberrasset
2405 4146 2459 4193 et
2492 4139 2683 4193 morbo
2733 4139 3054 4200 laborasset,
3113 4153 3369 4194 revocare
3404 4138 3473 4192 ad

1906 4228 2131 4297 gratiam
2156 4245 2317 4299 quam
2351 4230 2539 4284 habuit
2571 4230 2639 4284 ab
2670 4231 2857 4284 initio?
2905 4229 3131 4299 Propter
3146 4230 3468 4299 corporales

1905 4325 2085 4372 autem
2117 4317 2355 4383 dolores,
2396 4320 2487 4389 qui
2524 4319 2683 4374 ﬂuxa:
2733 4330 2938 4374 naturae
2977 4321 3286 4375 necessario
3328 4320 3475 4374 acci-

1906 4406 2061 4469 dunt,
2092 4405 2262 4462 Deum
2302 4410 2586 4464 nominare
2618 4410 2881 4463 malorum
2910 4409 3241 4475 eﬁ'ectorem,
3280 4417 3374 4464 aut
3402 4425 3472 4465 ne

231 4491 376 4558 φύσει
424 4492 596 4563 μόνον
632 4490 777 4542 ἐστὶν
828 4489 1060 4557 ἀγαθὸν,
1105 4484 1167 4542 οὗ
1203 4490 1237 4558 ἡ
1287 4488 1533 4560 αἴσθησις
1583 4490 1681 4543 οὐκ
1712 4490 1802 4559 ὲφ-

1919 4498 2133 4553 omnino
2148 4500 2365 4569 quidem
2397 4516 2519 4555 eum
2546 4502 2859 4557 existimare
2884 4501 3120 4557 hominis
3144 4509 3469 4565 creatorem,

231 4584 451 4636 ἅπτεται
473 4600 489 4613 ο
522 4581 617 4635 καὶ
647 4581 808 4651 μόνον
848 4583 1023 4634 ἐκεῖνο
1050 4580 1239 4645 κακὸν,
1277 4582 1311 4651 ἡ
1351 4578 1442 4633 τοῦ
1468 4580 1683 4648 ἀγαθοῦ
1706 4581 1801 4635 ἀλ-

228 4675 534 4746 λοτρίωσις.
587 4674 777 4736 Πόνοις
810 4673 868 4726 δὲ
911 4674 1004 4727 καὶ
1043 4672 1258 4742 ἡδοναῖς
1295 4672 1359 4724 τὸ
1407 4672 1571 4725 καλὸν
1608 4673 1703 4726 καὶ
1740 4672 1802 4726 τὸ

229 4768 388 4820 κακὸν
432 4767 652 4837 κρίνειν
684 4765 785 4836 τῆς
822 4766 1018 4834 ἀλόγου
1068 4765 1282 4835 φύσεως
1332 4764 1460 4817 ἴδιόν
1499 4768 1679 4831 ἐστιν,
1717 4766 1802 4833 ἐφ’

225 4851 295 4909 ὧν
312 4860 404 4912 τοῦ
440 4858 664 4928 ἀληθῶς
690 4857 857 4912 καλοῦ
888 4860 922 4929 ὴ
965 4858 1323 4927 κατανόησις,
1352 4857 1437 4910 διὰ
1470 4857 1531 4910 τὸ
1571 4858 1645 4929 μὴ
1678 4874 1804 4928 μετ-

228 4949 361 5018 έχειν
384 4950 533 5005 αὑτά
551 4950 647 5004 νοῦ
667 4951 760 5004 καὶ
786 4950 1042 5016 διανοίας,
1065 4948 1245 5021 χώραν
1266 4949 1365 5002 οὐκ
1390 4948 1522 5020 ἔχει.

230 5042 316 5098 Iud
374 5046 609 5102 malum.

1906 4604 1975 4642 ne
2004 4598 2295 4646 censeatur
2326 4608 2448 4648 esse
2477 4607 2645 4647 causa
2675 4601 2729 4648 et
2774 4601 2966 4648 auctor
3000 4609 3186 4648 eorum
3219 4608 3340 4662 qua:
3370 4607 3471 4647 no-

1904 4680 1987 4735 bis
2021 4682 2261 4739 dolorem
2307 4683 2558 4749 aﬁ'erunt,
2594 4684 2698 4739 hoc
2739 4695 2823 4740 est
2867 4685 3025 4755 plane
3068 4684 3250 4753 pusilli
3288 4690 3343 4738 et
3375 4683 3473 4738 ab-

1898 4771 2029 4840 jecti
2056 4773 2221 4827 animi
2251 4788 2438 4829 eorum
2467 4774 2560 4843 qui
2589 4789 2753 4829 sensu
2784 4774 2988 4827 bonum
3016 4782 3069 4827 et
3095 4773 3295 4826 malum
3327 4770 3472 4840 diju-

1904 4862 2107 4927 dicant,
2141 4864 2232 4933 qui
2278 4866 2528 4920 nesciunt
2571 4865 2716 4935 quod
2751 4864 2881 4919 illud
2929 4865 3104 4919 solum
3154 4872 3237 4918 est
3268 4864 3470 4917 bonum

1905 4961 2120 5017 natura,
2161 4958 2303 5026 quod
2334 4973 2526 5013 sensus
2552 4972 2661 5011 non
2693 4957 2942 5026 attingit;
2986 4964 3039 5011 et
3082 4956 3253 5011 solum
3289 4961 3373 5009 est
3404 4955 3473 5008 il-

694 5044 764 5098 ab
812 5059 879 5099 eo
925 5042 1071 5114 quod
1119 5050 1204 5099 est
1250 5058 1441 5098 verum
1491 5041 1839 5097 abalienatio.
1878 5044 2184 5103 Laboribus
2243 5058 2503 5105 autemet
2532 5051 2901 5121 voluptatibus
2941 5049 3239 5118 dijudicare
3266 5047 3469 5101 bonum

227 5148 275 5192 et
309 5139 517 5192 malum
569 5146 652 5194 est
698 5138 976 5209 proprium
1020 5146 1229 5194 natura:
1280 5138 1510 5195 rationis
1561 5140 1801 5210 eXpertis
1861 5141 1916 5197 in
1963 5144 2161 5214 quibus
2227 5146 2403 5201 locum
2458 5162 2567 5202 non
2619 5146 2783 5202 habet
2841 5145 2955 5201 veri
2997 5144 3125 5199 boni
3176 5142 3468 5211 cogitatio,

224 5240 510 5302 propterea
530 5231 674 5302 quod
692 5248 754 5286 ea
775 5240 952 5287 mente
975 5242 1197 5287 careant
1233 5240 1287 5288 et
1311 5234 1690 5304 intelligentia.

299 5327 438 5380 Ἀλλ’
468 5328 549 5380 ὅτι
585 5326 683 5396 μὲν
708 5324 841 5379 Θεοῦ
868 5325 1027 5397 ἔργον
1053 5328 1081 5379 ό
1106 5325 1387 5397 ἄνθρωπος
1426 5327 1589 5382 καλόν
1618 5346 1678 5381 τε
1707 5329 1799 5382 καὶ

224 5416 312 5468 ἐτὶ
340 5418 650 5480 καλλίστοις
689 5417 1010 5487 γενόμενον,
1045 5417 1103 5469 οὐ
1145 5417 1301 5487 μόνον
1336 5419 1401 5472 ὲκ
1435 5419 1546 5472 τῶν
1576 5418 1799 5490 εἰρημέ-

223 5524 324 5560 νων
345 5508 504 5577 δῆλόν
535 5510 685 5562 ἐστιν
706 5548 720 5571 ,
750 5509 884 5563 ἀλλά
914 5510 1005 5564 καὶ
1034 5511 1099 5563 ὲκ
1134 5510 1341 5581 μυρίων
1374 5511 1596 5582 ἐτέρων,
1628 5506 1703 5565 ὧν
1733 5514 1796 5566 τὸ

226 5596 419 5668 πλῆθος
453 5598 539 5652 διὰ
569 5599 671 5671 τὴν
708 5600 976 5670 ἀμετρίαν
1010 5600 1534 5672 παραδραμούμεθα.
1572 5603 1702 5657 Θεὸν
1734 5604 1791 5658 δὲ

297 5774 312 5804 ’
339 5772 523 5830 Iattb.
558 5792 636 5839 ιι,
678 5775 776 5843 19.;
805 5775 969 5833 Marc.
1006 5794 1065 5843 ιι,
1110 5778 1197 5843 17;
1236 5776 1366 5832 Luc.
1399 5795 1451 5844 ν,
1492 5777 1579 5832 51.

1973 5326 2079 5382 Sed
2118 5325 2261 5397 quod
2289 5325 2451 5384 homo
2480 5324 2696 5394 quidem
2728 5323 3012 5393 pulchrum
3040 5322 3111 5374 sit
3150 5333 3213 5372 ac
3243 5319 3469 5388 praecla-

1900 5434 2021 5474 rum
2058 5416 2149 5473 Dei
2176 5432 2334 5488 opus,
2368 5415 2679 5485 factumque
2712 5414 2777 5468 ad
2808 5428 2871 5468 ea
2902 5425 3024 5480 quae
3061 5416 3188 5464 sunt
3212 5407 3468 5478 pulcher-

1898 5513 2038 5566 rima
2064 5519 2119 5567 ct
2147 5510 2371 5580 optima,
2422 5524 2528 5564 non
2580 5507 2755 5563 solum
2790 5522 2854 5559 ex
2888 5504 2954 5559 iis
2984 5516 3105 5573 quae
3141 5500 3285 5555 dicta
3316 5504 3462 5561 sunt,

1896 5613 1979 5661 cst
2008 5604 2379 5677 perspicuum,
2403 5602 2496 5657 scd
2525 5600 2685 5655 etiam
2712 5613 2775 5653 ex
2803 5596 2926 5651 aliis
2950 5591 3466 5657 innumerabilibus,
