3978 6494
444 327 515 383 59
1680 334 1740 391 s.
1769 330 2099 390 casconn
2134 330 2426 388 uvssm
3340 318 3345 321 ’
3625 344 3695 398 ιο

449 466 682 523 quorum
738 453 1215 522 praetermittemus
1270 454 1700 518 multitudinem,
1765 454 1912 525 quod
1973 452 2026 509 id

2132 454 2413 526 ἀνθρώπου
2447 458 2677 530 ποιητὴν
2717 458 3080 531 ὀνομάσαντες
3102 499 3116 523 ,
3156 460 3255 513 οὐκ
3299 460 3698 533 ἐπιλελήσμεθα

449 553 593 601 esset
645 545 938 599 inﬁnitum.
990 543 1126 598 Cum
1173 543 1344 599 Deum
1397 555 1577 600 autem
1628 552 1925 600 creatorem
1972 550 2027 598 et

449 635 763 691 elleetorem
801 636 1226 700 nominavimus,
1276 650 1383 689 non
1413 635 1567 690 obliti
1612 650 1804 691 sumus
1834 649 2026 689 eorum

450 742 573 796 quae
607 728 660 780 in
693 725 957 795 prooemio
989 726 1221 779 scrutati
1271 741 1462 781 sumus
1491 726 1754 782 adversus
1782 725 2023 791 Graecos,

452 819 507 871 in
535 818 733 887 quibus
762 828 1042 872 ostensum
1074 824 1159 870 est
1190 816 1280 872 Dei
1309 816 1570 882 Verbum,
1601 833 1725 872 cum
1747 818 1819 872 sit
1842 832 2026 873 essen-

455 910 582 965 tiale
613 918 669 964 et
698 910 1027 973 consistens,
1070 910 1246 979 ipsum
1273 924 1394 965 esse
1421 919 1473 964 et
1495 910 1661 965 Deum
1687 917 1742 964 et
1764 908 2024 976 Verbum,

455 1017 520 1056 ac
561 1000 831 1055 rationem
869 1016 991 1070 qme
1026 1001 1309 1070 complexa
1351 1010 1436 1056 est
1482 1014 1699 1056 omnem
1747 1000 1857 1055 vim
1902 999 2026 1056 eili-

455 1096 713 1155 cientem,
744 1093 825 1148 vel
860 1107 980 1162 quae
1005 1092 1188 1161 potius
1212 1099 1300 1147 est
1342 1091 1459 1162 ipsa
1488 1106 1587 1162 per
1623 1107 1682 1148 se
1712 1092 1797 1147 vis
1825 1104 1891 1146 ac
1917 1092 2027 1147 vir-

456 1195 569 1249 tus,
592 1192 646 1239 et
671 1199 791 1254 qua}
816 1191 1008 1253 suapte
1030 1183 1393 1252 prepensione
1418 1198 1482 1238 ae
1503 1183 1834 1254 appetitione
1854 1181 2027 1238 fertur

454 1274 521 1328 ad
550 1288 710 1328 omne
732 1274 960 1338 bonum,
994 1282 1049 1326 et
1084 1271 1347 1341 quidquid
1375 1274 1629 1335 voluerit,
1659 1273 1819 1327 simul
1844 1272 2023 1351 efficit,

456 1366 601 1435 quod
618 1379 743 1419 cum
769 1365 1046 1418 voluntate
1073 1364 1329 1417 virtutem
1357 1364 1555 1419 habeat
1574 1373 2023 1419 concurrentem:

455 1457 614 1525 cujus
644 1463 697 1511 et
724 1456 977 1509 voluntas
1006 1461 1060 1510 et
1089 1470 1229 1525 opus
1257 1462 1343 1510 est
1372 1471 1561 1511 eorum
1593 1472 1715 1527 qua:
1741 1463 1870 1511 sunt
1893 1456 2024 1523 vita,

455 1562 487 1601 a
518 1562 630 1617 quo
672 1546 835 1601 etiam
882 1545 1043 1598 homo
1090 1544 1360 1600 deductus
1402 1553 1486 1599 est
1516 1545 1585 1599 ad
1616 1546 1802 1606 vitam.
1842 1545 2025 1601 divine

455 1646 683 1693 ornatus
728 1637 890 1691 rebus
936 1635 1190 1691 omnibus
1218 1637 1458 1705 ‘optimis
1514 1651 1579 1691 ac
1622 1636 2022 1706 pulcherrimis.

456 1727 723 1795 Quoniam
760 1736 939 1781 autem
984 1726 1160 1781 solum
1193 1735 1279 1781 est
1313 1728 1650 1782 inalterabile
1690 1744 1754 1782 ex
1809 1728 1876 1782 iis
1905 1742 2027 1796 quas

457 1829 588 1875 sunt
622 1826 813 1873 natura
847 1816 901 1870 id
933 1815 1079 1885 quod
1110 1832 1205 1886 per
1234 1817 1565 1871 creationem
1593 1831 1702 1870 non
1733 1816 1895 1872 habet
1915 1817 2023 1872 ori-

457 1912 675 1981 ginem;
726 1922 1066 1978 quaecunque
1112 1914 1290 1961 autem
1337 1907 1406 1962 ab
1439 1908 1679 1961 incrcata
1721 1916 1916 1961 natura
1962 1922 2026 1962 ex

457 2018 525 2058 co
550 2002 695 2072 quod
724 2016 833 2054 non
855 2009 993 2062 erat,
1020 2000 1404 2060 constiterunt,
1439 2014 1562 2053 cum
1593 1998 1777 2055 statim
1827 2014 1859 2053 a
1895 2015 2027 2055 con-

457 2094 712 2148 versione
741 2106 863 2145 esse
889 2089 1176 2160 coeperint,
1204 2105 1421 2159 semper
1450 2090 1750 2160 procedunt
1781 2105 1877 2161 per
1901 2091 2031 2145 alte-

458 2184 762 2248 rationem;
795 2188 849 2236 et
876 2181 922 2235 si
957 2181 1395 2250 agantquiddam
1430 2182 1731 2237 secundum
1756 2190 2029 2248 naturam,

459 2275 526 2328 ad
562 2274 614 2327 id
639 2274 783 2342 quod
824 2279 910 2327 est
936 2272 1131 2326 melius
1163 2271 1243 2325 eis
1276 2287 1490 2340 semper
1532 2272 1591 2324 lit
1632 2271 1897 2336 mutatio;
1944 2271 2031 2326 sin

460 2380 491 2418 a
520 2372 669 2419 recta
699 2362 1038 2425 deﬂexerint,
1069 2363 1162 2432 qui
1195 2363 1251 2414 lit
1280 2362 1349 2415 ad
1379 2364 1716 2417 contrarium
1750 2370 1933 2416 motus
1966 2376 2031 2417 ea

460 2470 673 2524 semper
728 2455 965 2523 excipit;
1023 2469 1143 2508 cum
1195 2469 1326 2523 ergo
1378 2455 1431 2507 in
1491 2456 1575 2509 his
1622 2470 1842 2525 quoque
1889 2462 2031 2509 esset

461 2547 647 2607 homo.
685 2545 771 2599 cui
804 2554 1014 2599 natura:
1054 2545 1388 2600 mutabilitas
1415 2545 1623 2615 dilapsa
1653 2554 1771 2601 erat
1801 2544 1868 2599 ad
1897 2560 2031 2599 con-

459 2637 726 2690 trarium:
759 2650 790 2689 a
816 2635 976 2690 bonis
1010 2645 1193 2691 autem
1224 2652 1477 2692 recessus
1517 2645 1572 2691 et
1613 2652 1643 2691 a
1677 2636 2031 2707 consequenti

459 2742 621 2780 omne
643 2740 815 2795 genus
843 2724 969 2778 mali
998 2726 1300 2791 induceret,
1333 2727 1469 2781 adeo
1486 2736 1545 2781 ut
1570 2742 1667 2797 per
1692 2728 2032 2783 eversionem

459 2819 682 2889 quidem
718 2836 746 2872 a
777 2818 907 2885 vita,
942 2819 1062 2888 ejus
1111 2819 1234 2872 loco
1259 2833 1408 2872 mors
1436 2819 1773 2881 succederet,
1807 2835 1900 2890 per
1922 2821 2035 2890 pri-

460 2910 735 2963 vationetn
761 2918 941 2979 autem
965 2909 1127 2973 lucis,
1165 2909 1439 2974 tenebrae;
1468 2925 1567 2980 pro
1588 2912 1833 2967 absentia
1850 2922 2031 2967 autem

461 3000 701 3065 virtutis,
738 3001 1088 3055 inveheretur
1120 3001 1352 3055 vitium:
1400 3000 1456 3054 in
1488 3002 1664 3055 locum
1701 3012 1882 3058 autem
1916 3019 2034 3056 om-

2125 545 2233 600 τῶν
2269 547 2327 599 ἐν
2356 547 2434 618 τῷ
2460 551 2731 622 προοιμίῳ
2765 552 2901 623 πρὸς
2937 552 3063 615 τοὺς
3099 552 3365 623 Ἕλληνας
3397 556 3527 624 ἡμῖν
3557 554 3699 608 διευ-

2125 637 2488 708 κρινηθέντων
2506 678 2522 705 ,
2568 643 2627 694 ὲν
2666 640 2749 705 οἷς
2775 641 3129 696 ἀπεδείκνυτο
3160 643 3191 695 6
3232 641 3327 695 τοῦ
3360 643 3495 696 Θεοῦ
3528 645 3699 713 Λόγος

2124 728 2392 800 ούσιὼδης
2432 747 2517 795 τις
2544 732 2640 786 καὶ
2680 734 3042 797 ἐνυπόστατος
3072 734 3169 801 ὢν,
3219 735 3381 800 αὐτὸς
3423 731 3563 791 εῖναι
3604 753 3700 790 και

2124 820 2259 886 Θεὸς
2284 824 2377 877 καὶ
2406 825 2613 893 Λόγος,¹
2632 827 2811 880 πᾶσαν
2837 824 3067 897 δύναμιν
3098 828 3384 899 ποιητικὴν
3416 829 3698 899 ἐμπεριει-

2125 909 2331 982 ληφὼς,
2377 913 2574 983 μᾶλλον
2617 914 2674 967 δὲ
2719 915 3078 986 αύτοδύναμις
3130 916 3227 981 ὢν,
3278 920 3537 990 καὶπρὸς
3588 921 3698 974 πᾶν

2126 1002 2286 1075 ἔργον
2301 1004 2503 1074 ἀγαθὸν
2527 1005 2702 1078 ὁρμήν
2727 1005 2886 1076 ἔχων,
2917 1006 3011 1059 καὶ
3036 1008 3144 1061 πᾶν
3169 1008 3197 1060 6
3215 1006 3269 1061 τί
3291 1025 3396 1078 περ
3411 1008 3476 1061 ἃν
3496 1007 3700 1082 θελήσῃ

2126 1095 2632 1168 κατεργαζόμενος,
2681 1096 2759 1168 τῷ
2802 1096 3097 1169 σύνδρομον
3146 1096 3293 1170 ἔχειν
3338 1102 3404 1171 τῇ
3448 1099 3700 1170 βουλήσει

2124 1182 2225 1253 τὴν
2258 1183 2505 1256 δύναμιν,
2541 1178 2602 1240 οὗ
2632 1188 2725 1241 καὶ
2754 1185 2964 1257 θέλημα
3002 1186 3099 1242 καὶ
3139 1187 3300 1259 ἔργον
3328 1190 3474 1243 ἐστὶν
3517 1191 3551 1260 ή
3588 1190 3698 1242 τῶν

2125 1276 2295 1331 όντων
2323 1277 2458 1348 ζωὴ,
2494 1280 2622 1350 παρ’
2656 1273 2718 1332 οὗ
2744 1280 2839 1333 καὶ
2864 1282 2893 1333 6
2923 1278 3317 1351 ἀνθρωπος,είς
3344 1281 3404 1334 τὸ
3430 1282 3529 1353 ζῇν
3559 1300 3702 1354 παρ-

2126 1366 2292 1436 ήχθη,
2326 1371 2462 1422 πᾶσι
2504 1371 2619 1432 τοῖς
2652 1368 2957 1431 καλλίστοις
2988 1366 3234 1432 θεοειδῶς
3264 1370 3697 1441 κεκοσμημένος.

2141 1456 2358 1525 Ἐπειδὴ
2389 1456 2446 1510 δὲ
2485 1457 2643 1527 μόνον
2682 1454 3035 1509 ἀναλλοίωτόν
3070 1456 3187 1508 ὲστι
3226 1456 3364 1509 κατά
3402 1455 3501 1526 τὴν
3537 1455 3702 1523 φύσιν

2127 1548 2189 1601 τὸ
2224 1550 2299 1619 μὴ
2331 1548 2418 1603 διὰ
2446 1549 2676 1613 κτίσεως
2700 1548 2821 1618 ἔχον
2849 1547 2948 1617 τήν
2976 1546 3221 1615 γένεσιν,
3248 1547 3318 1600 τὰ
3340 1546 3397 1600 δὲ
3426 1547 3524 1601 ὅσα
3549 1547 3700 1619 παρά

2129 1641 2227 1711 τῆς
2249 1640 2504 1694 ἀκτίστου
2538 1640 2750 1709 φύσεως
2774 1643 2839 1697 ὲκ
2864 1641 2958 1696 τοῦ
2991 1640 3068 1712 μὴ
3104 1639 3254 1703 ὄντος
3280 1639 3508 1707 ὑπέστη,
3537 1640 3701 1705 εὐθὺς

2130 1732 2240 1785 ἀπὸ
2276 1730 2483 1803 τροπῆς
2511 1726 2648 1785 εἶναι
2679 1733 2976 1805 ἀρξάμενα,
3011 1730 3241 1786 πάντοτε
3271 1731 3337 1785 δι’
3364 1732 3701 1798 ἀλλοιώσεως

2132 1823 2411 1897 πρόεισιν·
2453 1824 2547 1877 καὶ
2575 1826 2623 1877 εί
2660 1825 2758 1895 μὲν
2792 1823 2937 1878 κατά
2970 1822 3130 1892 φύσιν
3173 1823 3434 1894 πράττοι,
3465 1824 3602 1894 πρὸς
3637 1824 3702 1877 τὸ

2130 1918 2377 1987 κρεῖττον
2399 1916 2581 1979 αὐτοῖς
2607 1916 2705 1986 τῆς
2734 1915 3070 1980 ἀλλοιώσεως
3095 1916 3269 1969 εἰσαεὶ
3298 1915 3586 1986 γινομένης
3605 1931 3620 1945 °
3651 1917 3703 1969 εί

2129 2007 2186 2061 δὲ
2221 2008 2605 2079 παρατραπείη
2641 2011 2741 2079 τῆς
2772 2008 3006 2073 εὐθείας,
3048 2010 3147 2080 τῆς
3180 2007 3317 2082 πρὸς
3357 2008 3418 2061 τὸ
3457 2007 3702 2067 ἐναντίον

2132 2101 2271 2154 αύτά
2318 2101 2702 2172 διαδεχομένης
2738 2102 3022 2173 κινήσεως,
3070 2100 3222 2154 Ἐπεὶ
3253 2096 3346 2155 οὖν
3389 2101 3448 2153 ἐν
3492 2099 3702 2162 τούτοις

2133 2194 2226 2246 καὶ
2267 2194 2296 2245 ό
2322 2192 2604 2265 ἄνθρωπος
2630 2188 2719 2263 ἦν,
2746 2185 2791 2260 ᾧ
2823 2192 2885 2245 τὸ
2914 2192 3147 2264 τρεπτὸν
3187 2192 3283 2262 τῆς
3323 2192 3537 2260 φύσεως
3567 2190 3703 2264 πρὸς

2133 2285 2194 2338 τὸ
2234 2284 2473 2339 ἐναντίον
2522 2283 2892 2356 παρώλισθεν*
2923 2284 3070 2352 ᾶπαξ
3103 2284 3159 2338 δὲ
3198 2285 3297 2354 τῆς
3330 2284 3436 2337 τῶν
3481 2283 3704 2351 ἀγαθῶν

2133 2376 2532 2449 ἀναχωρήσεως
2563 2376 2629 2429 δι’
2656 2375 2949 2431 ἀκολούθου
2976 2378 3154 2429 πᾶσαν
3186 2375 3324 2428 ἰδέαν
3351 2374 3535 2429 κακῶν
3570 2375 3702 2429 ἀντ-

2133 2468 2479 2538 εισαγούσης,
2528 2469 2604 2533 ὼς
2633 2471 2698 2539 τῇ
2750 2470 2848 2539 μὲν
2880 2469 3194 2541 ἀποστροφῇ
3242 2469 3338 2538 τῆς
3384 2466 3526 2537 ζωῆς
3574 2469 3704 2519 ἀντ-

2135 2559 2451 2631 εισαχθῆναι
2481 2559 2573 2614 τὸν
2601 2559 2827 2614 θάνατον
2848 2598 2864 2623 ,
2898 2561 2964 2630 τῇ
2992 2558 3051 2611 δὲ
3091 2558 3341 2630 στερήσει
3372 2557 3465 2609 τοῦ
3502 2555 3701 2627 φωτὸς,

2136 2650 2477 2719 ἐπιγενέσθαι
2518 2650 2580 2704 τὸ
2611 2651 2831 2714 σκότος,
2862 2652 2929 2721 τῇ
2960 2650 3017 2703 δὲ
3061 2649 3160 2719 τῆς
3201 2649 3398 2721 ἀρετῆς
3441 2648 3702 2716 ἀπουσίᾳ,

2134 2743 2235 2815 τήν
2264 2743 2462 2796 κακίαν
2485 2741 2902 2813 ἀντεισαχθῆναι
2921 2781 2936 2805 ,
2966 2740 3057 2795 καὶ
3086 2740 3232 2810 πάσῃ
3256 2742 3321 2809 τῇ
3349 2738 3457 2791 τῶν
3483 2734 3704 2805 ἀγαθῶν

2132 2835 2224 2889 τὸν
2247 2833 2355 2887 τῶν
2381 2833 2637 2888 ἐναντίων
2673 2831 3145 2904 καταριθμηθῆναι
3170 2831 3486 2897 κατάλογον·
3513 2828 3609 2882 τὸν
3642 2830 3704 2882 ὲν

2135 2924 2343 2987 τούτοις
2375 2924 2469 2977 καὶ
2509 2926 2621 2987 τοῖς
2649 2921 2908 2985 τοιούτοις
2939 2920 2998 2985 ἐξ
3023 2918 3277 2983 ἀϐουλίας
3309 2918 3705 2990 ἐμπεπτωκότα

2139 3015 2279 3085 (οὐδὲ
2301 3016 2409 3086 γὰρ
2431 3010 2498 3085 ἦν
2515 3013 2738 3067 δυνατὸν
2758 3014 2816 3065 ὲν
2841 3012 3100 3083 φρονήσει
3120 3004 3259 3063 εἶναι
3280 3010 3368 3063 τὸν
3389 3010 3705 3080 ἀπεστραμ-

462 3094 613 3147 nium
655 3093 923 3147 bonorum
979 3092 1248 3148 referetur
1282 3107 1544 3148 numerus
1595 3094 2029 3148 contrariorum:

2143 3108 2302 3178 μένον
2331 3107 2429 3177 τὴν
2461 3106 2719 3176 φρόνησιν
2738 3147 2753 3171 ,
2785 3104 2878 3157 καὶ
2908 3102 3066 3172 σοφόν
3097 3120 3148 3155 τι
3188 3102 3575 3172 βουλεύσασθαι
3614 3104 3705 3157 τὸν

458 3200 584 3239 eum
611 3186 703 3253 qui
737 3185 791 3237 in
844 3184 959 3237 hazc
996 3192 1050 3238 et
1092 3196 1213 3252 qua:
1242 3192 1369 3238 sunt
1397 3182 1665 3252 ejusmodi
1700 3186 1842 3238 malo
1873 3194 2029 3254 capto

2136 3201 2235 3271 τῆς
2261 3199 2450 3267 σοφίας
2479 3197 2927 3268 ἀναχωρήσαντα)
2954 3194 3040 3248 διὰ
3069 3195 3210 3259 τίνος
3242 3193 3349 3247 ἔδει
3379 3195 3537 3249 πάλιν
3568 3195 3706 3266 πρὸς

462 3276 739 3331 ceciderat
788 3276 1051 3342 consilio;
1111 3291 1289 3347 neque
1344 3276 1491 3331 enim
1546 3274 1663 3330 ﬁeri
1710 3284 1921 3345 poterat
1974 3284 2031 3329 ut

462 3374 609 3422 esset
636 3366 691 3419 in
729 3368 1036 3436 prudentia,
1090 3367 1183 3437 qui
1224 3366 1565 3436 prudentiam
1601 3367 1779 3421 fuerat
1810 3381 2031 3424 aversa-

463 3464 575 3521 tus,
602 3472 777 3526 neque
811 3466 870 3510 ut
899 3457 1117 3526 sapiens
1159 3457 1363 3527 aliquid
1399 3458 1757 3521 consultaret,
1814 3459 1909 3529 qui
1940 3475 2030 3514 re-

460 3550 705 3598 cesserat
754 3560 785 3596 a
835 3544 1124 3613 sapientia,
1184 3560 1280 3614 per
1332 3560 1623 3617 quemnam
1660 3560 1857 3602 rursus
1904 3563 2031 3602 eum

2136 3290 2236 3359 τὴν
2272 3288 2330 3356 ἐξ
2359 3288 2533 3359 ἀρχῆς
2572 3287 2730 3357 χάριν
2777 3284 3176 3355 ἀνακληθῆναι;
3212 3282 3328 3336 Τίνι
3367 3283 3422 3335 δὲ
3468 3284 3706 3356 ἔπρεπεν

2138 3382 2172 3451 ἡ
2222 3378 2313 3433 τοῦ
2374 3378 2717 3441 πεπτωκότος
2766 3376 3096 3449 ἀνόρθωσις,
3136 3376 3172 3445 ἡ
3220 3373 3313 3427 τοῦ
3366 3374 3702 3438 ἀπολωλότος

2138 3471 2529 3541 ἀνάκλησις,ή
2568 3469 2661 3522 τοῦ
2709 3466 3125 3539 πεπλανημένου
3169 3466 3528 3537 χειραγωγία;
3581 3465 3701 3519 Τίνι

2140 3562 2303 3631 ἄλλῳ,
2331 3560 2365 3631 ἦ
2393 3560 2471 3630 τῷ
2500 3560 2686 3632 Κυρίῳ
2724 3559 2937 3622 πάντως
2973 3558 3074 3628 τῆς
3103 3556 3314 3626 φύσεως
3338 3574 3353 3619 ;
3380 3557 3469 3626 Τῷ
3504 3556 3611 3627 γὰρ
3642 3556 3703 3622 ἐξ

459 3637 748 3705 oportebat
800 3639 1045 3691 revocari
1100 3637 1165 3691 ad
1216 3652 1334 3693 eam
1380 3653 1544 3709 quam
1595 3638 1749 3709 prius
1803 3640 2029 3695 habebal

2135 3652 2309 3724 ἀρχῆς
2331 3653 2429 3721 τὴν
2456 3650 2601 3723 ζωὴν
2629 3650 2882 3704 δεδοικότι
2914 3650 3058 3720 μόνῳ
3080 3648 3305 3704 δυνατὸν
3333 3643 3423 3719 ἦν,
3452 3648 3545 3700 καὶ
3575 3646 3707 3718 πρέ-

460 3728 729 3797 gratiam?
766 3726 999 3782 Cuinam
1044 3736 1225 3784 autem
1275 3730 1636 3785 conveniebat
1676 3731 1879 3785 erectio
1918 3732 2029 3801 ejus

2136 3760 2237 3797 πον
2265 3744 2400 3814 ἀμα,
2434 3745 2529 3799 καὶ
2566 3744 2942 3816 ἀπολλυμένην
2973 3744 3424 3800 ἀνακαλέσασθαι.
3459 3745 3524 3795 Ὃ
3554 3740 3705 3814 παρά

458 3822 552 3892 qui
583 3821 875 3887 ceciderat,
917 3833 1008 3876 aut
1044 3823 1321 3877 revocatio
1353 3823 1476 3893 ejus
1517 3825 1609 3893 qui
1639 3825 1894 3893 perierat,
1943 3835 2029 3880 aut

2141 3833 2236 3887 τοῦ
2269 3836 2568 3906 μυστηρίου
2592 3837 2689 3906 τῆς
2714 3836 2970 3907 ἀληθείας
2998 3836 3288 3907 ἀκούομεν,
3317 3834 3449 3888 Θεὸν
3473 3849 3705 3903 πεποιη⁴

461 3912 711 3968 reductio
760 3914 880 3982 ejus
912 3916 1004 3984 qui
1041 3916 1426 3969 aberraverat?
1454 3915 1577 3982 Cui,
1624 3916 1871 3984 inquam,
1919 3932 2029 3971 om-

2134 3923 2290 3977 κὲναι
2322 3922 2383 3989 ἐξ
2413 3924 2589 3997 ἀρχῆς
2633 3926 2724 3979 τὸν
2755 3925 3067 3997 ἄνθρωπον,
3116 3926 3211 3979 καὶ
3256 3924 3548 3978 σεσωκέναι
3585 3924 3703 3976 δια-

461 4004 593 4057 nino
622 4004 735 4069 alii,
770 4021 933 4076 quam
958 4005 1189 4063 Domino
1216 4009 1461 4063 naturas?
1495 4009 1548 4064 Is
1578 4010 1722 4064 enim
1757 4010 1909 4065 solus
1937 4012 2029 4081 qui

2139 4016 2465 4070 πεπτωκότα
2496 4015 2874 4087 μανθάνοντες.

460 4094 627 4147 vitam
699 4097 767 4152 ab
827 4097 983 4153 initio
1046 4098 1272 4155 dederat
1333 4109 1567 4171 poterat,
1611 4116 1847 4173 eumque
1878 4103 2044 4159 simul
2079 4103 2329 4173 decebat,
2380 4109 2542 4163 etiam
2590 4117 2904 4179 pereuntem
2958 4121 3237 4163 revocare.
3277 4104 3432 4172 Quod
3482 4105 3702 4177 quidem

461 4187 716 4242 audimus
764 4204 794 4241 a
828 4191 1087 4260 mysterio
1116 4192 1385 4258 veritatis,
1426 4201 1487 4247 ut
1532 4193 1626 4264 qui
1670 4191 1947 4251 discamus
1974 4206 2028 4251 et
2068 4194 2237 4253 Deum
2267 4199 2337 4253 ab
2365 4200 2523 4255 initio
2553 4200 2749 4257 fecisse
2779 4198 3078 4264 hominem,
3110 4206 3167 4254 et
3198 4198 3428 4256 salutem
3493 4197 3545 4253 ei
3603 4194 3705 4251 de-

458 4279 609 4336 disse
633 4296 759 4334 cunt
791 4282 1065 4350 periisset.

1071 4376 1300 4434 CAPUT
1335 4377 1423 4434 IX.

2736 4378 2984 4433 ΚΕΦΑΛ.
3012 4378 3089 4431 Θ’.

532 4464 640 4520 Sed
675 4466 941 4522 hactenus
974 4469 1193 4538 quidem
1236 4469 1567 4525 assentietur
1599 4468 1739 4527 forte
1768 4472 2029 4540 orationi,

2198 4475 2358 4529 Ἀλλά
2385 4474 2542 4545 μέχρι
2572 4472 2669 4539 μὲν
2690 4470 2891 4523 τούτων
2920 4468 3241 4538 συνθήσεται
3263 4465 3420 4538 τυχδν
3439 4467 3517 4538 τῷ
3539 4466 3701 4537 λόγῳ,

456 4560 733 4629 aspiciens
787 4561 854 4615 ad
914 4562 965 4615 id
997 4561 1143 4632 quod
1200 4568 1285 4616 est
1334 4576 1698 4632 consequens,
1750 4574 2033 4634 propterea

455 4649 603 4720 quod
631 4650 766 4705 nihil
793 4666 984 4705 eorum
1015 4666 1137 4720 quae
1165 4651 1311 4705 dicta
1341 4660 1492 4716 sunt,
1523 4652 1773 4707 videatur
1796 4654 2033 4709 alienum

458 4743 531 4796 ab
558 4758 621 4798 ea
654 4758 775 4813 qua:
806 4743 972 4797 Deum
1002 4743 1160 4799 decet
1198 4744 1457 4812 notione;
1500 4744 1555 4799 in
1604 4746 1674 4800 iis
1703 4756 1883 4801 autem
1913 4760 2035 4816 quae

465 4835 723 4904 deinceps
754 4844 1082 4904 sequuntur,
1132 4850 1241 4891 non
1284 4834 1497 4897 itidem,
1532 4850 1628 4905 per
1651 4851 1771 4905 quae
1803 4836 2036 4891 maxime

457 4926 818 4981 conﬁrmatur
875 4928 1193 4996 mysterium
1248 4927 1514 4982 veritatis.
1550 4925 1624 4980 Ea
1673 4936 1854 4982 autem
1907 4934 2035 4981 sunt

462 5016 699 5071 humana
729 5019 1032 5088 generatio,
1080 5029 1134 5073 et
1172 5018 1241 5073 ab
1272 5017 1501 5073 infantia
1538 5018 1937 5073 incrementum
1966 5015 2034 5071 ad

458 5106 871 5175 periectionem,
921 5110 1185 5176 cibusque
1214 5115 1269 5162 et
1310 5117 1492 5178 potus,
1527 5115 1583 5163 et
1611 5107 1769 5161 labor
1795 5114 1849 5160 et
1892 5120 2037 5161 som-

460 5215 589 5261 nus,
638 5198 903 5269 aegritudo
934 5208 989 5254 ct
1034 5201 1307 5270 lacrymte,
1356 5200 1631 5254 calumnia
1663 5208 1717 5255 et
1743 5198 2032 5268 judicium,

456 5306 598 5346 crux
641 5302 696 5346 et
745 5307 915 5357 mors,
973 5293 1203 5362 ejusque
1241 5292 1509 5363 depositio
1561 5292 1615 5346 in
1659 5299 2031 5346 monumento.

462 5380 589 5437 "me
620 5383 766 5438 enim
794 5384 957 5439 simul
993 5392 1278 5455 assumpta
1307 5400 1431 5439 eum
1456 5384 1740 5454 mysterio,
1778 5383 2036 5438 hebetant

459 5470 861 5538 quodammodo
902 5475 1060 5529 tidem
1115 5490 1305 5529 eorum
1334 5475 1427 5545 qui
1461 5482 1591 5529 sunt
1639 5474 1821 5543 pusilli
1856 5484 1911 5529 et
1940 5474 2036 5529 ab-

458 5562 586 5631 iecti
613 5563 802 5624 animi,
837 5572 897 5618 ut
924 5581 1024 5619 nec
1051 5582 1115 5621 ea
1145 5566 1365 5636 quidem
1400 5579 1521 5635 qua:
1548 5563 1811 5634 deinceps
1841 5564 2035 5620 dicun-

460 5662 552 5707 tur
608 5654 922 5719 admittant,
960 5666 1187 5731 propter
1208 5672 1273 5713 ea
1313 5673 1433 5728 qua:
1476 5657 1629 5728 prius
1686 5655 1832 5710 dicta
1883 5666 2031 5713 sunt.

459 5746 591 5812 Qua:
612 5746 756 5802 enim
797 5745 965 5801 Deum
995 5748 1150 5803 decet
1184 5766 1250 5805 ex
1280 5748 1514 5804 mortuis
1542 5746 1894 5813 resurrectio,
1922 5763 2035 5805 non

2136 4568 2273 4641 πρὸς
2297 4566 2359 4620 τὸ
2383 4564 2669 4619 ἀκόλουθον
2702 4562 2911 4632 βλέπων
2930 4599 2946 4623 ,
2985 4560 3072 4613 διὰ
3112 4559 3173 4612 τὸ
3217 4559 3291 4630 μὴ
3320 4558 3494 4612 δοκεῖν
3512 4558 3624 4626 ἔξω
3650 4578 3704 4614 τι

2134 4659 2233 4728 τῆς
2271 4653 2606 4725 θεοπρεποῦς
2639 4651 2846 4714 ἐννοίας
2876 4650 2984 4704 τῶν
3029 4649 3332 4722 εἰρημένων
3363 4645 3521 4702 εἶναι’
3566 4650 3706 4722 πρὸς

2134 4748 2193 4801 δὲ
2217 4747 2285 4801 τά
2312 4745 2527 4817 ἐφεξῆς,
2558 4745 2656 4815 οὐχ
2680 4743 2879 4813 ὁμοίως
2899 4742 3029 4806 ἕξει,
3057 4742 3123 4796 δι’
3147 4736 3221 4795 ὧν
3248 4742 3480 4813 μάλιστα
3508 4741 3570 4794 τὸ
3599 4759 3706 4812 μυ-

2136 4842 2351 4911 στήριον
2396 4840 2496 4909 τῆς
2544 4836 2799 4907 ἀληθείας
2842 4838 3195 4907 κρατύνεται’
3242 4837 3453 4904 γένεσις
3492 4834 3705 4906 ἀνθρω-

2134 4932 2284 5001 πίνη.
2317 4930 2411 4983 καὶ⁸
2439 4931 2503 4982 ὲκ
2532 4929 2724 5000 νηπίου
2754 4927 2888 4997 πρὸς
2916 4927 3192 4980 τελείωσιν
3222 4926 3465 4997 αὔξησις·
3501 4926 3703 4997 βρῶσίς

2134 5039 2193 5075 τε
2235 5022 2345 5075 καὶ·
2367 5022 2522 5083 πόσις
2542 5059 2556 5083 ,
2582 5020 2675 5073 καὶ
2708 5019 2895 5083 κόπος,
2926 5018 3018 5072 καὶ
3053 5017 3238 5080 ὕπνος,
3272 5017 3365 5071 καὶ
3402 5016 3566 5087 λύπη,
3609 5017 3704 5070 καὶ

2134 5112 2386 5183 δάκρυον,
2409 5111 2738 5180 συκοφαντία
2757 5129 2814 5163 τε
2832 5110 2923 5165 καὶ
2946 5109 3313 5179 δικαστήριον,
3331 5108 3426 5162 καὶ
3450 5107 3701 5180 σταυρὸς,

2137 5203 2229 5254 καὶ¹
2251 5201 2493 5263 θάνατος,
2519 5202 2612 5253 καὶ
2632 5203 2669 5271 ἡ
2685 5202 2744 5253 ὲν
2769 5199 3014 5270 μνημείῳ
3038 5198 3202 5261 θέσις.
3233 5197 3415 5251 Ταῦτα
3441 5197 3546 5269 γὰρ
3567 5215 3705 5268 συμ-

2137 5292 2669 5364 παραλαμϐανόμενα
2697 5293 2775 5363 τῷ
2820 5291 3123 5363 μυστηρίῳ,
3150 5289 3413 5361 ἀμϐλύνει
3446 5308 3561 5355 πως
3592 5289 3702 5343 τῶν

2140 5383 2611 5455 μικροψυχοτέρων
2637 5384 2737 5454 τὴν
2769 5383 2970 5446 πίστιν,
3001 5381 3077 5446 ὡς
3113 5382 3247 5453 μηδὲ
3278 5382 3339 5434 τὸ
3372 5382 3567 5452 ἐφεξῆς
3592 5380 3702 5434 τῶν

2136 5473 2438 5543 λεγομένων
2467 5472 2553 5527 διὰ
2577 5473 2645 5527 τά
2674 5470 3042 5545 προειρημένα
3070 5470 3599 5542 συμπαραδέχεσθαι.
3627 5470 3703 5522 T6

2135 5563 2243 5634 γὰρ
2273 5562 2569 5635 θεοπρεπὲς
2601 5564 2699 5633 τῆς
2734 5564 2799 5615 ἐκ
2831 5560 3039 5631 νεκρῶν
3085 5559 3461 5624 ἀναστάσεως,
3509 5559 3595 5613 διά
3639 5560 3704 5613 τὸ

2134 5654 2263 5725 περὶ
2300 5654 2391 5707 τὸν
2434 5654 2659 5708 θάνατον
2708 5652 2951 5724 ἀπρεπὲς
2995 5653 3056 5704 ού
3112 5652 3415 5722 προσίεται.
3461 5649 3601 5719 Ἐγὼ
3643 5650 3701 5704 δὲ

2135 5746 2396 5819 πρότερον
2424 5742 2576 5817 οἶμαι
2603 5746 2712 5799 δεῖν
2744 5743 2936 5815 μικρὸν
2970 5743 3070 5816 τῆς
3103 5743 3371 5815 σαρκικῆς
3396 5743 3701 5816 παχρτητος
