3978 6490
200 342 259 397 41
1418 333 1679 392 ORATIO
1723 332 2226 391 CATECIIETICA.
3356 335 3431 390 ιε

198 464 284 516 τὸν
309 459 578 529 λογισμὸν
614 458 1048 527 ἀποστήσαντες,
1075 458 1208 512 αὐτὸ
1248 458 1309 512 τὺ
1344 458 1509 512 καλὸν
1536 461 1620 526 ἐφ’
1648 460 1771 512 ἐαυ-

1891 456 2177 509 idmittitur
2225 460 2446 525 propter
2498 462 2726 508 mortem
2773 469 2895 524 quae
2945 468 3053 510 non
3093 451 3269 509 decet.
3317 451 3430 525 Ego

198 552 287 605 τοῦ
314 554 409 604 καὶ
436 550 498 602 τὸ
523 550 600 619 μὴ
623 546 861 601 τοιοῦτον
882 547 1233 617 κατανοῆσαι,
1257 548 1430 611 ποίοις
1453 548 1766 618 γνωρίσμα-

202 660 281 695 σιν
322 642 588 710 ἑκάτερον
629 637 833 691 τούτων
879 638 1371 708 καταλαμϐάνεται.
1421 638 1621 693 Οὐδένα
1664 638 1768 709 γὰρ

200 735 441 803 ἀντερεῖν
466 728 624 801 οἶμαι
664 730 773 783 τῶν
800 730 1214 800 λελογισμένων,
1244 731 1324 783 ὅτι
1362 730 1419 782 ἓν
1446 731 1585 784 κατὰ
1612 730 1770 799 φύσιν

204 827 354 895 μόνον
401 825 513 876 τῶν
561 824 779 877 πάντων
825 822 970 876 ἐστὶν
1011 823 1255 893 αἰσχρὸν,
1297 823 1357 875 τὸ
1398 824 1536 877 κατὰ
1575 824 1770 877 κακίαν

202 914 391 976 πάθος⁸
418 914 483 966 τὸ
506 913 565 966 δὲ
598 913 797 976 κακίας
829 913 1002 977 ἐκτὸς,
1036 914 1234 976 παντὸς
1262 916 1478 984 αἴσχους
1503 915 1648 968 ἐστὶν
1673 914 1769 968 ἀλ-

202 1005 423 1074 λότριον.
461 1000 535 1074 ⁷ῼ
574 1004 632 1056 δὲ
663 1003 826 1073 μηδὲν
858 1004 1097 1056 ἐναντίου
1128 1004 1418 1073 μέμικται,
1449 1003 1604 1057 τοῦτο
1636 1006 1772 1058 πάν-

201 1113 299 1158 τως
324 1097 385 1147 ὲν
429 1099 499 1164 τῇ
532 1094 626 1148 τοῦ
657 1094 821 1148 καλοῦ
866 1095 1029 1166 μοίρᾳ
1067 1095 1558 1163 καταλαμϐάνεται.
1604 1097 1676 1150 Τὸ
1714 1098 1773 1151 δὲ

198 1187 409 1257 ἀληθῶς
443 1188 643 1250 καλὸν,
676 1187 876 1256 ἀμιγές
904 1188 1019 1240 ἐστι
1053 1186 1147 1240 τοῦ
1171 1188 1433 1241 ἐναντίου.
1465 1188 1671 1259 Πρέπει
1714 1188 1772 1241 δὲ

202 1278 271 1345 τῷ
292 1277 415 1347 Θεῷ
443 1280 555 1330 πᾶν
587 1280 615 1330 ὃ
634 1278 687 1329 τί
704 1296 809 1349 περ
836 1279 893 1332 ὲν
918 1281 984 1349 τῇ
1010 1277 1104 1332 τοῦ
1122 1277 1283 1332 καλοῦ
1303 1278 1583 1348 θεωρεῖται
1598 1279 1769 1350 χώρᾳ.

207 1369 269 1419 Ἦ
303 1368 488 1419 τοίνυν
517 1367 849 1433 δειξάτωσαν
873 1367 1068 1420 κακίαν
1096 1362 1233 1419 εἶναι
1261 1366 1358 1436 τὴν
1389 1367 1657 1437 γέννησιν,
1678 1367 1776 1437 τὴν

203 1455 532 1525 ἀνατροφὴν,
576 1457 675 1525 τὴν
720 1456 965 1525 αὔξησιν,
1012 1455 1107 1525 τὴν
1156 1456 1292 1525 πρὸς
1333 1456 1396 1508 τὸ
1437 1456 1636 1508 τέλειον
1678 1457 1775 1525 τῆς

204 1546 415 1613 φύσεως
453 1547 710 1615 πρόοδον,
762 1547 862 1615 τὴν
902 1546 1128 1601 θανάτου
1170 1549 1392 1618 πεῖραν,
1428 1547 1525 1618 τὴν
1570 1548 1634 1601 ὲκ
1682 1545 1774 1601 τοῦ

1872 556 2052 602 autem
2098 548 2250 617 prius
2295 546 2569 611 esistimo,
2600 561 2630 597 a
2666 544 2874 600 carnali
2897 543 3261 601 crassitudine
3292 559 3429 615 pau-

1873 639 2040 692 lulum
2080 636 2312 692 abducta
2350 638 2699 708 cogitatione,
2747 644 3001 706 oportere
3028 636 3205 705 ipsum
3241 651 3338 705 per
3374 652 3434 690 se

1874 730 2074 784 bonum
2132 728 2497 784 considerare.
2557 738 2612 782 et
2658 730 2799 799 quod
2854 744 2958 782 non
3008 736 3093 783 est
3141 725 3431 797 ejusmodi,

1876 836 2071 891 nempe
2115 820 2443 889 quibusnam
2472 821 2643 890 signis
2675 830 2729 876 et
2772 821 2918 875 notis
2946 832 3235 889 utrumque
3277 835 3432 874 com-

1877 912 2268 980 prehendatur.
2306 911 2583 965 Neminem
2603 915 2746 967 enim
2777 912 2871 981 qui
2896 912 3057 981 sapit,
3088 920 3142 963 et
3163 919 3243 966 est
3272 911 3435 981 paulo

1877 1002 2177 1065 cordatior,
2229 1003 2695 1059 contradicturum
2741 1004 3010 1064 existimo.
3058 1004 3188 1072 quin
3222 1002 3337 1057 sola
3367 1018 3434 1056 ex

1879 1093 2130 1149 omnibus
2160 1094 2459 1148 secundum
2502 1102 2750 1148 naturam
2792 1095 2863 1149 sit
2896 1094 3072 1163 turpis
3108 1108 3171 1147 ea
3199 1107 3318 1161 quae
3352 1100 3437 1145 est

1877 1198 1941 1238 cs
1972 1184 2102 1238 vitio
2135 1183 2375 1239 aﬂ‘ectio:
2404 1200 2524 1253 qua:
2552 1192 2634 1239 est
2663 1195 2841 1239 autem
2880 1195 3151 1250 remotae
3181 1183 3331 1246 vitio,
3366 1182 3438 1238 sit

1881 1277 2056 1330 aliena
2103 1276 2171 1330 ab
2208 1278 2355 1331 omni
2401 1277 2751 1345 turpitudine.
2798 1276 2897 1335 Cui
2947 1287 3128 1331 autem
3174 1274 3309 1329 nihil
3353 1282 3437 1329 εει

1880 1366 2140 1420 contrarii
2188 1367 2507 1433 itumistum,
2552 1368 2604 1421 id
2652 1369 2705 1422 in
2745 1384 2810 1423 co
2841 1368 2984 1437 quod
3022 1376 3106 1423 est
3149 1367 3349 1423 bouum
3383 1373 3438 1419 et

1884 1457 2166 1514 honestum
2218 1458 2442 1514 omnino
2498 1460 2996 1530 comprehenditur.
3047 1457 3200 1527 Quod
3254 1466 3434 1512 autem

1884 1563 2007 1602 vere
2056 1558 2140 1604 est
2179 1550 2380 1603 bonum
2432 1556 2487 1605 et
2531 1550 2838 1614 honestum,
2869 1551 3087 1604 minime
3114 1550 3330 1601 mistuin
3354 1554 3438 1600 est

204 1634 434 1687 Θανάτου
479 1635 776 1687 ἐπάνοδον·
818 1635 851 1704 ἢ
888 1637 937 1687 εί
973 1634 1077 1699 ἔξω
1109 1633 1305 1697 κακίας
1342 1630 1480 1687 εἶναι
1524 1635 1590 1688 τὰ
1627 1637 1778 1705 είρη-

1891 1639 2181 1695 routrario.
2215 1638 2380 1695 Deum
2411 1650 2590 1697 autem
2628 1643 2781 1696 decet
2828 1641 3090 1711 quidquid
3130 1636 3441 1694 considera-

209 1728 335 1795 μένα
370 1727 742 1789 συντίθενται,
771 1728 921 1780 οὐδὲν
950 1726 1171 1797 αἰσχρὸν
1201 1722 1336 1781 εἶναι
1367 1727 1427 1780 τὸ
1460 1727 1653 1790 κακίας
1681 1727 1776 1780 ἁλ-

1891 1738 1973 1783 tur
2018 1730 2071 1784 in
2109 1746 2176 1786 eo
2219 1733 2361 1802 quod
2394 1741 2476 1788 est
2505 1734 2705 1789 bonum
2734 1744 2787 1789 et
2831 1736 3139 1790 honestum.
3181 1738 3287 1787 Aut
3310 1743 3438 1800 ergo

204 1817 409 1889 λάτριον
442 1819 504 1883 ἐξ
546 1818 796 1889 ἀνάγκης
821 1818 1231 1889 ὁμολογήσουσι,
1270 1818 1448 1873 Καλοῦ
1481 1819 1536 1871 δὲ
1568 1820 1779 1882 πάντως

1891 1823 2179 1877 ostendant
2249 1826 2438 1880 vitium
2502 1841 2623 1881 esse
2693 1827 2979 1897 originem,
3042 1822 3438 1883 educationem,

206 1909 689 1980 ἁναδεικνυμένου,
719 1911 834 1973 πῶς
861 1911 959 1963 οὐκ
987 1911 1209 1963 ἑλεεινοὶ
1237 1911 1335 1980 τῆς
1366 1911 1614 1977 ἀλογίας,
1642 1912 1692 1963 οἱ
1718 1909 1778 1963 τὸ

1891 1926 2259 1986 augmentum,
2317 1919 2381 1972 ad
2431 1919 2813 1990 perfectionem
2866 1929 3070 1975 natura:
3101 1915 3440 1988 [ποθι-θεείο-

209 2002 362 2055 καλὸν
390 2004 474 2073 μὴ
510 2004 742 2073 πρέπειν
768 2004 859 2057 ἐπὶ
890 2003 1022 2056 Θεοῦ
1046 2003 1458 2073 δογματίζοντες
1482 2021 1495 2068 ;

1891 2021 2028 2071 nem,
2062 2011 2252 2065 mortis
2287 2014 2737 2091 experimentum,
2764 2013 3215 2071 resurrectionem
3239 2026 3270 2064 a
3297 2024 3442 2067 mor-

205 2102 342 2156 tuis:
396 2102 485 2155 vcl
534 2102 581 2155 si
628 2118 690 2155 ea
727 2117 848 2170 qua:
888 2101 1030 2156 dicta
1066 2110 1195 2157 sunt
1221 2102 1355 2156 vitio
1392 2117 1584 2156 vacare
1620 2102 1941 2167 concedant,
1982 2106 2118 2160 nihil
2154 2109 2299 2178 quod
2333 2110 2462 2165 vitio
2499 2119 2649 2166 caret
2684 2120 2838 2181 turpe
2877 2126 2998 2166 esse
3041 2109 3312 2164 fateantur
3347 2122 3442 2161 ne—

207 2207 355 2247 cesse
394 2202 508 2246 εει.
543 2190 702 2255 Quod
744 2192 789 2247 si
837 2191 891 2246 id
932 2193 1132 2247 bonum
1159 2208 1282 2249 esse
1325 2201 1381 2247 et
1425 2193 1713 2249 honestum
1758 2197 1980 2249 omnino
2015 2200 2338 2265 ostenditur,
2368 2202 2821 2272 quemadmodum
2851 2218 2958 2257 non
2988 2210 3073 2257 est
3114 2198 3442 2256 miserabilis

207 2296 390 2337 eorum
423 2282 688 2348 stultitia,
728 2284 823 2354 qui
853 2283 905 2337 id
935 2284 1080 2352 quod
1112 2292 1196 2339 est
1225 2284 1426 2339 bonum
1454 2294 1506 2338 et
1534 2284 1842 2349 honestum,
1883 2287 1935 2341 in
1968 2288 2076 2343 Deo
2108 2292 2329 2347 minime
2353 2296 2645 2349 convenire
2686 2293 2925 2349 docent?

829 2469 1077 2523 ΚΕΦΔΛ.
1110 2470 1167 2521 ιν.

286 2647 455 2700 Ἀλλὰ
500 2648 731 2717 μικρὸν,
764 2648 917 2717 φησι,
965 2649 1058 2702 καὶ
1090 2648 1463 2719 περιγραπτδν
1498 2650 1530 2719 ἡ
1576 2646 1787 2717 ἀνθρω-

212 2738 334 2808 πίνη
372 2738 563 2806 φύσις·
602 2738 824 2810 ἄπειρον
855 2740 911 2795 δὲ
938 2740 969 2809 ἡ
999 2738 1230 2807 Θεότης·
1264 2739 1359 2793 καὶ
1392 2737 1510 2801 πῶς
1535 2737 1600 2793 ἂν
1631 2755 1787 2810 περι-

211 2830 414 2901 ελήφθη
453 2829 534 2899 τῷ
564 2830 750 2900 ἀτόμῳ
778 2831 840 2883 τὸ
876 2831 1136 2903 άπειρον;
1168 2832 1277 2887 Καὶ
1304 2831 1388 2894 τίς
1420 2831 1575 2887 τοῦτό
1606 2848 1788 2899 φησιν,

213 2922 292 2973 ὅτι
318 2924 380 2989 τῇ
418 2925 741 2993 περιγραφῇ
767 2922 866 2991 τῆς
894 2922 1099 2994 σαρκὸς
1120 2922 1366 2993 καθάπερ
1393 2923 1598 2993 ἀγγείῳ
1627 2923 1731 2976 τινὶ
1756 2924 1803 2992 ἡ

216 3012 439 3081 ἀπειρία
466 3014 568 3081 τῆς
597 3012 858 3081 Θεότητος
886 3012 1216 3084 περιελήφθη
1240 3030 1254 3078 ;
1284 3015 1416 3069 Οὐδὲ
1446 3015 1554 3083 γὰρ
1580 3015 1670 3069 ἐπὶ
1694 3014 1790 3083 τῆς

2500 2476 2725 2531 CAPUT
2755 2476 2821 2531 Χ.

1962 2646 2030 2700 At
2052 2664 2137 2704 res
2163 2658 2267 2714 est,
2300 2651 2495 2721 inquit,
2530 2669 2714 2723 parva,
2747 2663 2800 2708 et
2822 2670 2941 2724 qua:
2955 2656 3327 2710 circumscribi
3354 2672 3440 2724 βυ

1891 2746 1996 2794 test
2049 2740 2282 2794 humana
2340 2754 2586 2799 natura:
2643 2745 2781 2801 Deus
2817 2754 2995 2801 autem
3042 2754 3127 2801 est
3180 2748 3442 2801 inﬁnitus.

1892 2826 2174 2893 Quomodo
2208 2838 2385 2885 autem
2418 2834 2561 2901 quod
2598 2833 2921 2888 immensum
2952 2848 3035 2890 est
3074 2844 3255 2889 atomo
3300 2851 3449 2889 com-

1894 2917 2149 2985 prehendi
2179 2920 2378 2988 queat?
2397 2919 2529 2986 Quis
2563 2931 2743 2977 autem
2767 2922 2869 2977 hoc
2889 2923 3042 2985 dicit.
3069 2924 3214 2992 quod
3241 2924 3446 2990 carnis,

1893 3017 2150 3079 tanquam
2206 3027 2333 3067 vase
2376 3014 2579 3083 aliquo,
2638 3015 3146 3085 circumscriptione
3195 3031 3449 3087 compre-

217 3101 492 3171 ἡμετέρας
535 3101 685 3171 ζωῆς
710 3103 859 3166 ὲντὺς
888 3105 1265 3157 κατακλείεται
1303 3105 1409 3158 τῶν
1451 3109 1549 3176 τῆς
1593 3106 1787 3177 σαρκὸς

1897 3096 2061 3155 hensa
2088 3099 2159 3154 sit
2191 3100 2431 3159 inﬁnitas
2465 3101 2815 3161 Divinitatis?
2843 3102 3031 3175 Neque
3069 3105 3212 3164 enim
3250 3106 3305 3160 in
3348 3124 3449 3161 no-

216 3194 353 3258 ὅρων
380 3196 413 3261 ἡ
441 3193 610 3264 νοερὰ
635 3194 814 3260 φύσις.
859 3195 994 3248 Ἀλλ’
1023 3198 1051 3248 ό
1083 3196 1181 3267 μὲν
1211 3196 1373 3264 ὄγκος
1398 3196 1492 3249 τοῦ
1522 3197 1789 3266 σώματος,

220 3288 323 3347 τοῖς
354 3287 584 3348 οἰκείοις
625 3287 813 3357 μέρεσι
854 3289 1281 3360 περιγράφεται·
1324 3291 1356 3357 ὴ
1405 3289 1460 3341 δὲ
1493 3288 1638 3359 ψυχὴ
1682 3292 1793 3352 τοῖς

218 3376 313 3445 τῆς
339 3377 591 3439 διανοίας
629 3380 890 3447 κινήμασι
918 3379 1062 3450 πάσῃ
1092 3381 1212 3432 κατ’
1248 3380 1494 3446 ἐξουσίαν
1522 3379 1793 3447 ἐφαπλοῦ-

217 3484 301 3520 ται
327 3472 395 3538 τῇ
427 3469 631 3529 κτίσει,
671 3470 764 3521 καὶ
797 3470 988 3540 μέχρις
1015 3472 1259 3541 οὐρανῶν
1295 3472 1534 3535 ἀνιοῦσα,
1569 3473 1661 3524 καὶ
1689 3471 1794 3523 τῶν

219 3559 473 3611 ἀϐύσσων
505 3559 925 3622 ὲπιὸατεύουσα,
960 3564 1053 3614 καὶ
1084 3562 1161 3630 τῷ
1190 3562 1380 3616 πλάτει
1412 3564 1511 3633 τῆς
1540 3563 1794 3633 οἰκουμέ-

218 3668 312 3720 νης
352 3650 729 3720 ἐπερχομένη,
764 3653 856 3703 καὶ⁵
912 3655 1043 3722 πρὸς
1097 3654 1165 3705 τὰ
1197 3653 1521 3723 καταχθόνια
1558 3653 1647 3708 διὰ
1695 3655 1795 3724 τῆς

222 3742 756 3812 πολυπραγμοσύνης
782 3743 1098 3797 είσδύνουσα
1119 3785 1132 3803 .
1166 3745 1422 3807 πολλάκις
1459 3746 1516 3798 δὲ
1552 3747 1644 3798 καὶ
1686 3746 1794 3799 τῶν

221 3834 485 3902 suprain
516 3833 813 3903 Θαυμάτων
842 3837 900 3887 ἐν
930 3837 1176 3908 περινοίᾳ
1200 3837 1425 3904 γίνεται,
1450 3837 1599 3890 οὐδὲν
1629 3837 1795 3907 βαρυ-

224 3927 417 3995 vagiat;
454 3926 535 3995 τῷ
573 3926 806 3997 ὲφολκίῳ
854 3927 945 3980 τοῦ
990 3928 1255 3998 σώματος.
1302 3930 1364 3981 Ei
1411 3930 1467 3982 δὲ
1511 3928 1793 3998 ἀνθρώπου

225 4020 359 4088 ψυχὴ
393 4020 542 4073 κατὰ
585 4021 684 4089 τὴν
708 4021 807 4090 τῆς
844 4020 1056 4089 φύσεως
1090 4021 1334 4089 ἀνάγκην
1381 4021 1793 4092 συγκεκραμένη

225 4109 295 4176 τῷ
325 4110 542 4177 σώματι
583 4110 859 4181 πανταχοῦ
891 4114 1012 4165 κατ’
1041 4111 1286 4175 ἐξουσίαν
1322 4112 1598 4179 γίγνεται·
1645 4110 1729 4173 τίς
1761 4113 1793 4181 ή

225 4202 430 4271 ἀνάγκη
456 4205 522 4272 τῇ
557 4202 715 4269 φύσει
741 4203 840 4273 τῆς
868 4204 1069 4275 σαρκὸς
1099 4204 1194 4274 τὴν
1227 4204 1466 4275 Θεότητα
1495 4203 1670 4271 λέγειν
1695 4204 1795 4272 ὲμ-

225 4294 655 4365 περιείργεσθαι,
694 4297 786 4348 καὶ
820 4296 893 4365 μὴ
932 4295 1020 4349 διὰ
1049 4294 1154 4348 τῶν
1190 4295 1451 4366 χωρητῶν
1489 4296 1619 4365 ἡμῖν
1660 4297 1793 4348 ὐποο

224 4385 531 4455 δειγμάτων
573 4387 874 4456 στοχασμὸν
902 4389 1033 4456 ἡμῖν
1069 4404 1187 4440 τινα
1228 4387 1504 4457 πρέποντα
1538 4387 1667 4454 περὶ
1696 4385 1795 4454 τῆς

1896 3196 2008 3241 stra
2041 3192 2146 3243 vita
2188 3191 2329 3245 intra
2372 3195 2555 3249 carnis
2590 3196 2851 3251 terminos
2888 3197 3229 3257 concluditur
3256 3200 3451 3257 intelli-

1894 3294 2027 3347 gens
2056 3288 2269 3334 natura.
2309 3279 2415 3337 Sed
2443 3285 2690 3353 corporis
2727 3287 2943 3356 quidem
2973 3289 3288 3359 magnitudo
3337 3293 3451 3347 suis

1892 3370 2369 3425 circumscribitur
2413 3377 2694 3443 partibus:
2750 3378 2931 3431 anima
2974 3388 3154 3433 autem
3218 3383 3452 3437 metilius

1893 3462 2243 3529 c03itatiouis
2297 3474 2352 3519 et
2407 3466 2773 3536 intelligentia:
2827 3470 2994 3525 libere
3045 3472 3356 3527 extenditur
3398 3475 3449 3528 in

1897 3554 2145 3609 universa
2171 3566 2442 3621 creatura,
2496 3560 2560 3613 ad
2597 3563 2765 3617 ctelos
2806 3579 2977 3635 u5que
3011 3566 3348 3631 ascendens,
3400 3578 3455 3624 et

1902 3646 2132 3713 abyssos
2162 3649 2492 3718 ingrediens,
2535 3662 2590 3706 et
2630 3656 2797 3709 totius
2851 3655 3002 3709 orbis
3043 3666 3200 3713 terra:
3259 3674 3453 3727 perva-

1897 3739 2032 3793 dens
2066 3740 2426 3804 latitudiuem,
2460 3752 2515 3797 et
2544 3747 2895 3801 subterranea
2928 3750 3144 3805 curiose
3190 3753 3412 3806 subiens
3440 3770 3454 3815 ;

1895 3844 2034 3897 saepe
2065 3836 2244 3883 autem
2269 3834 2431 3885 etiam
2482 3834 2723 3888 cmlestia
2772 3836 3031 3891 miracula
3073 3848 3252 3893 mente
3290 3843 3457 3909 agitat

1895 3926 1950 3972 et
2004 3928 2206 3982 versat.
2255 3922 2495 3991 pondere
2538 3925 2783 3995 corporis
2823 3928 2965 3995 quod
3018 3929 3274 3998 deprimit
3320 3933 3457 3986 nihil

1893 4018 2138 4078 gravata.
2177 4010 2234 4064 Si
2258 4020 2436 4067 autem
2470 4015 2649 4070 anima
2688 4017 2943 4081 hominis,
2976 4034 3097 4087 qua:
3134 4030 3343 4074 natum
3367 4038 3458 4074 ne-

1894 4102 2151 4158 cessitate
2205 4113 2288 4160 est
2332 4107 2617 4162 cmmuisla
2677 4117 2731 4163 et
2782 4121 3186 4180 conteuiperata
3214 4112 3455 4182 corpori,

1896 4193 2097 4262 ubique
2146 4206 2401 4251 versatur
2436 4197 2636 4265 libere;
2694 4200 2822 4268 quid
2880 4215 3106 4256 necesse
3148 4210 3232 4256 est
3276 4201 3458 4257 dicere

1895 4284 2245 4343 Divinitatem
2280 4291 2518 4345 coerceri
2552 4292 2692 4344 intra
2722 4300 2971 4347 naturam
3011 4295 3195 4350 carnis
3221 4313 3235 4349 :
3266 4303 3322 4350 et
3350 4312 3458 4350 non

1894 4393 1992 4448 per
2021 4380 2264 4449 exempla
2321 4396 2442 4450 qua:
2489 4397 2520 4434 a
2556 4383 2712 4439 nobis
2757 4385 2876 4454 capi
2925 4395 3177 4455 possunt,
3213 4403 3334 4457 qua»
3359 4406 3458 4444 nos

226 4476 369 4539 Θείας
402 4478 717 4546 οἰκονομίας
765 4477 978 4545 >.α6ιῖν;
1025 4480 1111 4541 Ὠς
1157 4480 1265 4549 γὰρ
1311 4478 1373 4531 τὸ
1411 4478 1520 4548 πῦρ
1559 4479 1653 4530 ἐπὶ
1699 4478 1787 4547 τῆς

1898 4469 2052 4523 decet
2073 4472 2446 4535 conjecturam
2466 4487 2683 4527 sumere
2713 4473 2780 4528 de
2803 4474 2986 4529 divina
3013 4476 3416 4547 dispensatione
3436 4479 3457 4518 9

225 4567 503 4637 λαμπάδος
542 4571 734 4637 ὁρᾶται
777 4570 874 4639 τῆς
909 4570 1273 4640 ὑποκειμένης
1312 4570 1792 4639 περιδεδραγμένον

227 4658 373 4729 ὓλης,
411 4662 507 4712 xuii.
541 4660 697 4727 λόγος
746 4663 843 4732 μὲν
892 4661 1153 4733 διακρίνει
1184 4663 1246 4714 τό
1281 4679 1340 4714 τε
1378 4663 1471 4715 ἐπὶ
1516 4662 1614 4731 τῆς
1663 4660 1793 4726 ὕλης

224 4752 353 4821 πῦρ,
385 4754 485 4805 καὶ
526 4754 625 4821 τὴν
648 4752 708 4806 τὸ
738 4752 848 4825 πῦρ
871 4754 1207 4819 ἐξάπτουσαν
1241 4752 1395 4824 ὓλην,
1441 4752 1584 4823 ἔργῳ
1606 4752 1661 4806 δὲ
1693 4753 1793 4804 οὐκ

225 4845 367 4896 ἔστιν
410 4846 509 4897 ἀπ’
557 4844 800 4914 αλλήλων
849 4845 1022 4898 ταῦτα
1061 4844 1430 4915 διατεμόντας,
1474 4844 1559 4913 ἐφ’
1597 4844 1793 4911 ἑαυτὴν

224 4936 388 5001 δεῖξαι
425 4938 528 5006 τὴν
560 4936 731 5004 φλόγα
760 4936 1141 5007 διεζευγμένην
1180 4936 1277 5007 τῆς
1310 4936 1458 5005 ὕλης.
1494 4935 1609 4989 ἀλλ’
1642 4934 1700 4987 ἓν
1729 4936 1796 4988 τὰ

228 5028 612 5099 συναμφότερα
636 5028 843 5094 γίνεται
884 5028 1049 5095 (οὕτω
1080 5030 1172 5081 καὶ
1204 5029 1390 5098 μηδεὶς
1419 5027 1478 5081 τὸ
1504 5026 1796 5097 φθαρτικὸν

224 5119 315 5170 τοῦ
346 5120 522 5189 πυρὸς
548 5120 1133 5190 συμπαραλαμϐανέτω
1160 5120 1234 5190 τῷ
1271 5120 1648 5189 ὑποδείγματι,
1682 5118 1795 5172 ἀλλ’

223 5210 340 5260 ὅσον
368 5211 649 5281 εὐπρεπές
673 5212 787 5263 ἐστι
819 5210 977 5281 μόνον
1008 5212 1065 5263 ὲν
1092 5214 1160 5281 τῇ
1190 5212 1355 5263 εἰκόνι
1379 5209 1667 5279 δεξάμενος
1685 5249 1699 5271 ,
1735 5207 1798 5260 τὸ

227 5302 491 5354 ἀνοίκειον
524 5303 618 5355 καὶ
656 5304 995 5371 ἀπεμφαίνον
1043 5301 1431 5365 ἁποποιείσθω)
1453 5318 1467 5334 ·
1497 5301 1587 5354 τὸν
1636 5299 1797 5352 αὐτὸν

226 5391 313 5447 οὖν
351 5396 577 5466 τρόπον,
614 5395 691 5457 ὡς
731 5396 947 5466 ὁρῶμεν
977 5395 1071 5448 καὶ
1113 5393 1428 5464 ἐξημμένην
1456 5392 1548 5445 τοῦ
1577 5393 1798 5445 ὑποκει-

180 5502 187 5513 '
231 5486 384 5552 μένου
412 5487 513 5555 τὴν
551 5486 744 5555 φλόγα,
783 5488 875 5540 καὶ
901 5488 1001 5540 οὐκ
1029 5485 1513 5556 ὲναποκλειομένην
1554 5487 1618 5554 τῇ
1661 5483 1759 5556 ὕλῃ
1781 5499 1794 5510 ·

228 5576 277 5626 τί
305 5576 500 5631 κωλύει
544 5578 695 5641 Θείας
723 5578 936 5646 φύσεως
969 5579 1161 5632 ἕνωσίν
1203 5594 1324 5631 τινα
1376 5576 1466 5630 καί
1508 5592 1799 5647 προσεγγι-

230 5669 359 5735 σμὸν
396 5672 878 5738 κατανοήσαντας,
910 5671 1047 5741 πρὸς
1076 5670 1137 5722 τὸ
1173 5668 1507 5739 ἀνθρώπινον
1533 5668 1631 5737 τὴν
1680 5665 1798 5720 Θεο·

227 5760 407 5828 πρεπῆ
437 5761 678 5814 διάνοιαν
703 5762 795 5815 καὶ
820 5763 878 5814 ἐν
898 5762 978 5830 τῷ
1004 5758 1395 5833 προσεγγισμῷ
1415 5757 1793 5821 διασώζεσθαι,

542 5854 813 5916 ΡΔτειοι..
854 5856 970 5915 Gn.
1021 5856 1074 5915 Χ
1089 5856 1208 5915 LV.

1901 4555 2019 4619 Quo
2058 4556 2220 4610 modo
2247 4558 2390 4611 enim
2410 4559 2550 4629 ignis
2579 4561 2790 4616 videtur
2822 4564 2874 4618 in
2907 4564 3127 4620 lucerna
3159 4568 3459 4635 subjectam

1897 4647 2304 4715 apprehendere
2334 4652 2618 4706 materiam
2650 4672 2662 4705 :
2693 4663 2746 4707 et
2776 4655 2916 4710 ratio
2953 4657 3170 4726 quidem
3198 4659 3461 4715 discernit

1897 4736 2074 4804 ignem
2092 4736 2183 4804 qui
2208 4749 2293 4793 est
2324 4739 2376 4791 in
2403 4742 2649 4805 materia,
2689 4751 2744 4796 et
2782 4746 3064 4800 materiam
3095 4765 3217 4817 quae
3262 4765 3459 4811 acet-n-

1896 4831 1975 4882 tlit
2008 4830 2220 4898 ignem:
2253 4833 2434 4902 reipsa
2467 4846 2644 4889 autem
2674 4852 2781 4891 non
2810 4848 3008 4907 potest.
3044 4841 3112 4896 iis
3140 4858 3170 4897 a
3202 4858 3262 4897 se
3314 4844 3456 4897 invi-

1896 4937 2013 4977 cem
2042 4923 2314 4985 dissectis.
2339 4927 2456 4996 ipsa
2491 4943 2584 4996 per
2614 4946 2674 4983 se
2705 4931 2918 4985 ostendi
2956 4932 3189 4995 ﬂamma,
3243 4936 3448 5003 disiun-

1896 5023 1982 5070 cla
2016 5032 2044 5067 a
2096 5019 2359 5083 matr-ria;
2407 5020 2503 5074 sed
2544 5021 2705 5074 ambo
2759 5023 2921 5078 simul
2970 5042 3135 5079 unum
3184 5026 3457 5082 tiuntzita

1898 5109 2061 5161 etiam
2102 5112 2286 5178 (nemo
2318 5121 2499 5166 autem
2530 5115 2583 5165 in
2617 5115 2742 5184 igne
2779 5117 2941 5171 simul
2960 5129 3137 5174 sumat
3161 5119 3226 5173 ad
3267 5134 3455 5174 exem-

1898 5203 2067 5270 plum,
2120 5205 2172 5258 id
2214 5206 2268 5258 in
2307 5206 2451 5276 quod
2489 5208 2634 5261 cadit
2678 5210 2948 5274 interitus,
2997 5213 3088 5267 sed
3129 5228 3195 5266 eo
3244 5221 3456 5267 tantum

1898 5294 2043 5361 quod
2074 5295 2229 5349 decet
2268 5306 2486 5367 sumpto
2508 5298 2577 5351 ad
2611 5299 3043 5364 similitudinem,
3080 5301 3131 5355 id
3160 5302 3304 5371 quod
3348 5319 3460 5359 non

1898 5387 2267 5454 estproprium
2303 5398 2355 5440 et
2386 5389 2713 5443 conveniens
2744 5390 3086 5459 rejiciat),ita
3118 5407 3271 5459 ergo,
3304 5407 3361 5446 ut
3386 5395 3457 5447 κὶ-

1898 5479 2089 5532 demus
2144 5476 2417 5533 ﬂammam
2454 5496 2577 5549 qua:
2632 5496 2661 5534 a
2712 5483 2958 5550 subjecto
2997 5484 3285 5553 dependet,
3315 5495 3370 5540 et
3407 5484 3462 5540 in

1901 5570 2126 5622 materia
2171 5587 2277 5623 non
2315 5570 2613 5624 includitur
2642 5588 2655 5623 :
2687 5573 2816 5641 quid
2858 5580 3023 5635 vetat,
3054 5576 3349 5643 quominus
3382 5576 3459 5630 di«

1901 5664 2035 5714 time
2069 5669 2277 5716 natura:
2305 5664 2535 5732 cogitata
2562 5662 2795 5734 quadam
2840 5665 3044 5721 unione
3072 5676 3127 5720 et
3176 5669 3461 5738 appropin-

1901 5756 2161 5826 quatione
2182 5754 2247 5809 ad
2278 5756 2575 5823 hominem,
2607 5769 2966 5814 conservetur
3006 5776 3125 5831 qua'
3166 5760 3335 5814 Deum
3370 5762 3457 5814 de-

3157 5853 3197 5892 ε)
