3978 6476
544 320 623 386 ιδ’
1825 325 1881 379 S.
1922 320 2242 377 GREGORII
2280 322 2571 380 NYSSENI
3683 337 3755 392 κ

542 442 904 515 cetrogitatio
939 442 1099 496 etiam
1144 442 1196 495 in
1248 441 1770 512 appropinquatione
1828 438 2082 494 credendc

2198 440 2377 510 πάσης
2401 442 2743 512 περιγραφῆς
2769 442 2917 507 ἐκτὸς
2959 441 3094 498 εἶναι
3118 446 3177 513 τὸ
3208 447 3359 499 Θεῖον
3390 447 3755 513 πιστεύοντας,

551 536 715 588 19011111
778 548 901 588 esse
961 541 1224 587 remotum
1285 533 1352 587 ab
1385 533 1529 585 omni
1574 531 2094 600 circumscriptione,

546 628 756 682 etiamsi
796 628 867 681 sit
897 626 947 678 in
983 625 1240 679 homine?

1122 778 1353 834 CAPUT
1406 778 1496 835 XI.

611 911 707 965 Sin
769 922 946 964 autem
1013 911 1211 980 quaeris
1252 908 1735 978 quemadmodum
1809 921 1930 960 cum
1996 905 2097 959 hu-

539 1005 796 1057 manitate
824 1010 1263 1071 contemperatur
1298 1001 1551 1055 divinitas
1583 1016 1597 1053 :
1633 1000 1727 1053 tibi
1765 1000 1915 1068 prius
1945 1014 2095 1069 quae-

540 1094 766 1149 rendum
832 1100 937 1156 est,
990 1089 1293 1159 cuiusmodi
1340 1091 1411 1145 sit
1460 1091 1841 1160 congeneratio
1876 1098 1930 1143 et
1974 1104 2098 1143 con~

540 1186 755 1255 junctio
795 1185 988 1238 anima:
1020 1198 1140 1237 cum
1162 1197 1345 1236 carne.
1387 1180 1539 1247 Quod
1589 1181 1632 1236 si
1666 1182 1941 1251 ignoratur
1976 1195 2096 1233 mo-

539 1279 644 1331 dus
678 1290 786 1343 quo
813 1284 904 1328 tua
939 1274 1119 1327 anima
1150 1276 1333 1350 unitur
1373 1271 1588 1341 corpori
1618 1288 1633 1335 ;
1678 1287 1777 1326 nec
1819 1271 2095 1325 existimes

538 1369 762 1424 omnino
780 1365 911 1420 illud
956 1380 985 1418 a
1027 1373 1078 1420 te
1100 1374 1349 1435 oportere
1377 1363 1783 1433 comprehendi.
1835 1360 1957 1426 Sed}
1986 1377 2096 1431 quo

539 1458 702 1513 modo
728 1456 1004 1511 credimus
1040 1455 1125 1509 hic
1142 1456 1302 1509 etiam
1335 1456 1567 1507 animam
1604 1453 1808 1522 aliquid
1848 1466 1971 1507 esse
2013 1453 2095 1506 di-

537 1561 754 1601 versum
789 1560 819 1598 a
848 1560 1095 1615 corpore,
1122 1560 1188 1599 ex
1217 1560 1279 1598 eo
1308 1544 1449 1613 quod
1483 1558 1629 1608 caro,
1661 1542 1709 1597 si
1730 1542 1941 1596 deserta
1977 1541 2092 1596 fue-

537 1634 610 1689 rit
649 1638 715 1690 ab
756 1637 958 1699 anima,
1015 1637 1083 1690 sit
1133 1643 1365 1698 mortua,
1422 1651 1519 1689 nec
1568 1634 1740 1703 possit
1780 1634 2015 1704 operari,
2044 1645 2095 1688 et

536 1726 941 1795 coniunctionis
976 1725 1193 1779 modum
1221 1726 1535 1794 ignoramus
1569 1741 1583 1781 :
1626 1724 1698 1777 ita
1743 1724 1906 1777 etiam
1948 1722 2093 1792 quod

536 1819 731 1872 attinet
766 1818 984 1887 quidem
1016 1817 1085 1869 ad
1129 1816 1464 1884 majestatem
1517 1824 1570 1868 et
1611 1814 2090 1883 magniﬁcentiam,

535 1900 774 1965 divin'am
804 1917 1050 1963 natur-am
1081 1908 1295 1963 diﬁ‘erre
1332 1924 1359 1960 a
1395 1907 1604 1959 ntortali
1627 1914 1680 1958 et
1714 1905 1953 1959 interitui
1992 1905 2091 1957 ob-

536 2005 719 2070 noria,
746 2001 1066 2056 conﬁtemur
1098 2018 1111 2053 :
1152 1999 1368 2052 modum
1423 2010 1600 2050 autem
1639 1996 2092 2064 contemperatio-

538 2097 621 2151 nis
661 2094 960 2150 divinitatis
988 2107 1112 2147 cum
1148 2090 1482 2145 humanitate
1513 2104 1610 2143 nos
1646 2089 1951 2158 perspicere
1981 2103 2087 2141 non

536 2203 695 2257 posse
724 2187 1108 2250 concedimus;
1146 2183 1240 2238 sed
1274 2182 1511 2253 genitum
1537 2181 1752 2250 quidem
1781 2194 1902 2234 esse
1922 2178 2089 2233 Deum

535 2282 588 2333 in
617 2288 808 2331 natura
843 2276 1102 2342 hominis,
1136 2290 1232 2344 per
1260 2289 1322 2328 ea
1347 2289 1466 2342 quae
1487 2280 1781 2325 narrantur
1804 2270 2087 2333 miracula,

534 2369 758 2422 minime
785 2367 1117 2421 dubitamus.
1153 2365 1437 2430 Quomodo
1463 2372 1665 2427 autem,
1712 2372 1767 2415 ut
1808 2361 1952 2432 quod
2018 2364 2089 2417 sit

534 2462 711 2531 majus
740 2477 903 2531 quam
945 2459 1089 2529 quod
1129 2457 1478 2512 considerare
1508 2456 1806 2525 possimus,
1853 2455 2085 2508 scrutari

532 2567 872 2608 recusamus.
933 2549 1115 2618 Neque
1156 2549 1299 2602 enim
1355 2547 1497 2616 quod
1546 2546 1821 2599 credimus
1870 2560 2083 2598 omnem

536 2655 858 2711 corpoream
887 2648 941 2693 et
972 2653 1091 2708 quae
1134 2638 1235 2692 sub
1276 2636 1683 2707 intelligentiam
1729 2631 1886 2687 cadit
1925 2643 2084 2686 natu-

530 2749 644 2787 ram
677 2732 978 2786 consistere
1008 2730 1076 2784 ab
1115 2729 1435 2797 incorporea
1480 2736 1534 2781 et
1579 2727 1818 2780 increata
1867 2733 2083 2787 natura,

533 2822 691 2876 simul
727 2836 848 2875 cum
896 2819 999 2874 ﬁde
1047 2819 1424 2873 examinamus
1455 2819 1597 2871 unde
1649 2816 1702 2870 id
1747 2817 1837 2879 sit,
1860 2824 1913 2869 et
1948 2830 2085 2883 quo-

532 2915 714 2968 modo.
757 2911 860 2966 Sed
889 2911 1032 2981 quod
1067 2909 1267 2964 factum
1306 2910 1376 2963 sit
1419 2911 1789 2971 admittentes,
1831 2908 2085 2978 quemad-

528 3007 745 3061 modum
775 3005 1087 3059 universum
1113 3002 1396 3062 consistat,
1422 3003 1634 3055 curiose
1666 3001 1923 3070 indagare
1949 3014 2086 3069 pra:-

525 3096 898 3159 termittimus,
929 3104 989 3148 ut
1027 3093 1169 3164 quod
1208 3095 1278 3147 sit
1327 3095 1550 3148 omnino
1605 3094 1877 3149 ineﬁ'abile
1923 3101 2085 3164 atque

527 3187 921 3258 inexplicabile.

1109 3318 1339 3373 CAPUT
1380 3317 1494 3371 XII.

593 3449 695 3516 Qui
746 3460 925 3505 autem
974 3454 1167 3521 quaerit
1215 3454 1317 3507 sibi
1355 3453 1565 3507 ostendi
1629 3454 1772 3524 quod
1828 3454 1970 3509 Deus
2026 3455 2081 3509 in

523 3560 687 3599 carne
721 3545 876 3598 nobis
920 3546 1249 3614 apparuerit,
1303 3548 1532 3617 aspiciat
1586 3548 1654 3600 ad
1707 3549 2077 3617 operationes.

521 3637 655 3689 Nam
690 3635 832 3705 quod
873 3635 1013 3691 Deus
1047 3639 1136 3703 sit,
1177 3655 1282 3691 non
1328 3648 1505 3707 potest
1540 3639 1697 3707 plane
1747 3640 1851 3691 alia
1882 3639 2081 3693 adduci

523 3729 804 3797 probatio,
860 3742 1023 3798 quam
1078 3730 1443 3782 testimoniqu
1508 3730 1900 3798 operationum.
1955 3729 2076 3796 Quo

524 3819 683 3873 modo
738 3820 883 3873 enim
936 3820 1340 3873 universitatem
1403 3820 1715 3883 intuentes,
1778 3830 1830 3873 et
1891 3822 2078 3875 mundi

522 3908 1048 3963 administrationem
1070 3909 1502 3973 considerantes,
1521 3919 1575 3964 et
1596 3911 1857 3967 beneﬁcia
1880 3914 2079 3981 quibus

520 3999 783 4056 divinitus
830 4000 1063 4054 afﬁcitur
1128 4001 1233 4053 vita
1292 4011 1499 4063 nostra,
1562 4004 2079 4073 comprehendimus

521 4093 757 4161 aliquam
786 4109 908 4147 esse
939 4109 1207 4147 summam
1242 4095 1520 4158 virtutem,
1560 4109 1749 4148 eorum
1793 4110 1913 4163 qure
1945 4094 2079 4147 ﬁunt

518 4183 868 4246 effectricem,
908 4192 960 4237 et
1015 4200 1135 4253 qua:
1168 4199 1231 4238 ea
1292 4202 1411 4254 qum
1462 4196 1589 4239 sunt
1645 4195 1972 4242 conservat:
2003 4187 2075 4239 ita

516 4275 679 4328 etiam
706 4275 849 4343 quod
884 4276 1023 4329 Deus
1070 4277 1229 4331 nobis
1268 4278 1319 4328 in
1367 4291 1531 4330 carne
1580 4278 1909 4346 apparuerit,
1945 4280 2077 4335 satis

515 4368 734 4436 probari
778 4368 1027 4421 ducimus
1066 4384 1131 4421 ex
1185 4368 1465 4421 miraculis
1510 4384 1630 4437 qum
1664 4368 1807 4423 facta
1850 4380 1976 4425 sunt
2021 4373 2076 4427 in

2198 531 2299 585 κᾶν
2328 532 2386 584 ἐν
2418 533 2690 604 ἀνθρώπῳ
2723 530 2827 603 ἦνς

2776 777 3023 831 ΚΕΦΛΛ.
3065 781 3167 834 IA'.

2265 908 2326 960 Ei
2361 906 2417 959 δὲ
2457 907 2635 977 ζητεῖς
2678 908 2793 972 πῶς
2844 913 3231 980 κατακιρνᾶται
3275 913 3462 985 θεότης
3507 915 3645 985 πρὸς
3697 917 3759 969 τὸ

2195 999 2558 1069 ἀνθρώπινον,
2584 1000 2700 1068 ὥρα
2726 1018 2807 1053 σοι
2834 1004 3014 1072 ζητεῖν
3040 1003 3143 1074 πρὸ
3159 1005 3367 1069 τούτου,
3390 1008 3473 1069 τίς
3498 1009 3631 1077 πρὸς
3655 1011 3756 1077 τὴν

2197 1092 2371 1162 σάρκα
2394 1092 2492 1161 τῆς
2511 1092 2686 1163 ψυχῆς
2713 1095 2743 1161 ἡ
2776 1095 3034 1164 συμφυΐα.
3068 1096 3129 1147 Et
3155 1095 3210 1147 δὲ
3231 1097 3329 1165 τῆς
3354 1097 3453 1166 σῆς
3483 1098 3753 1165 ἀγνοεῖται

2193 1184 2369 1252 ψυχῆς
2397 1185 2425 1236 ὁ
2461 1185 2677 1253 τρόπος,
2716 1185 2835 1238 καθ’
2879 1186 2938 1238 ὃν
2974 1185 3183 1240 ἑνοῦται
3216 1188 3292 1257 τῷ
3328 1190 3565 1257 σώματι,
3616 1192 3752 1261 μηδὲ

2194 1277 2368 1328 ἐκεῖνο
2399 1276 2607 1339 πάντως
2628 1277 2737 1329 οῖου
2757 1277 2863 1329 δεῖν
2893 1279 3039 1340 ἐντὸς
3060 1279 3307 1347 γενέσθαι
3337 1281 3433 1350 τῆς
3463 1283 3559 1351 σῆς
3585 1299 3758 1335 κατα-

2194 1365 2425 1437 λήψεως.
2489 1367 2625 1419 Ἀλλ’
2664 1367 2850 1437 ὥσπερ
2896 1368 3126 1422 ἐνταῦθα
3170 1370 3261 1421 καὶ
3295 1370 3477 1439 ἕτερον
3520 1364 3659 1423 εἶναί
3706 1389 3760 1423 τι

2195 1459 2343 1529 παρὰ
2379 1461 2438 1512 τὸ
2487 1459 2643 1529 σῶμα
2692 1461 2789 1532 τὴν
2820 1461 2994 1531 ψυχὴν
3037 1461 3507 1531 πεπιστεύκαμεν,
3556 1465 3619 1515 ἐκ
3666 1463 3761 1515 τοῦ

2198 1551 2522 1618 μονωθεῖσαν
2555 1553 2650 1621 τῆς
2679 1552 2853 1622 ψυχῆς
2889 1552 2984 1622 τὴν
3015 1553 3191 1624 σάρκα
3218 1553 3413 1624 νεκράν
3442 1569 3502 1605 τε
3540 1553 3633 1606 καὶ
3659 1554 3759 1605 άν-

2194 1644 2479 1714 ενέργητον
2520 1642 2788 1712 γενέσθαι,
2816 1645 2908 1696 καὶ
2944 1642 3029 1695 τὸν
3062 1645 3158 1713 τῆς
3208 1643 3449 1705 ένὼσεως
3499 1645 3596 1696 οὐκ
3636 1647 3759 1697 ἐπι-

2193 1731 2528 1801 γινώσκομεν
2562 1733 2748 1803 τρόπον
2766 1749 2780 1762 ⁸
2810 1731 2950 1785 οὕτω
2974 1734 3133 1785 κάκεῖ
3157 1734 3428 1802 διαφέρειν
3459 1733 3555 1802 μὲν
3579 1733 3671 1784 ἐπὶ
3701 1733 3762 1785 τὸ

2202 1824 2769 1896 μεγαλοπρεπέστερον
2804 1824 2901 1894 τὴν
2948 1824 3096 1877 Θείαν
3134 1824 3291 1892 φύσιν
3334 1825 3467 1894 πρὸς
3497 1823 3592 1895 τὴν
3627 1824 3757 1894 θνη-

2197 1914 2295 1983 τὴν
2324 1914 2417 1966 καὶ
2456 1916 2714 1986 ἐπίκηρον
2739 1915 3103 1985 ὁμολογοῦμεν
3121 1954 3138 1980 ,
3166 1916 3255 1968 τὸν
3297 1915 3354 1968 δὲ
3380 1917 3477 1986 τῆς
3515 1918 3755 1987 ἀνακρά-

2200 2022 2334 2068 σεως
2378 2006 2574 2076 τρόπον
2619 2004 2713 2058 τοῦ
2758 2006 2898 2059 θείου
2939 2006 3074 2077 πρὸς
3130 2006 3186 2058 τὸ
3255 2005 3590 2071 ἀνθρώπινον
3631 2023 3753 2061 συν-

2199 2100 2323 2152 ιδεῖν
2351 2100 2411 2151 οὐ
2438 2098 2717 2169 χωροῦμεν
2735 2115 2749 2130 ’
2789 2098 2922 2151 ἀλλὰ
2942 2100 3001 2152 τὸ
3040 2100 3137 2169 μὲν
3166 2098 3489 2169 γεγενῆσθαι
3529 2099 3657 2151 Θεὸν
3698 2102 3759 2152 ἐν

2194 2187 2477 2256 ἀνθρώπου
2520 2188 2711 2257 φύσει,
2759 2189 2846 2241 διὰ
2886 2188 2989 2241 τῶν
3034 2188 3425 2258 ἱστορουμένων
3466 2187 3756 2257 θαυμάτων

2192 2281 2291 2332 ούκ
2326 2281 2734 2350 ἀμφιϐάλλομεν
2753 2298 2765 2312 ·
2794 2281 2852 2334 τὸ
2878 2282 2932 2333 δὲ
2959 2280 3091 2342 πῶς,
3127 2280 3200 2343 ὼς
3227 2280 3408 2349 μεῖζον
3437 2280 3469 2349 ἦ
3499 2281 3638 2333 κατὰ
3669 2280 3757 2332 λορ-

2192 2371 2403 2441 γισμῶν
2453 2372 2641 2441 ἔφοδον
2682 2372 2954 2443 διερευνᾷν
2990 2370 3414 2442 παραιτούμεθα.
3465 2372 3595 2424 Ούδὲ
3646 2372 3754 2441 γάρ

2194 2464 2372 2515 πᾶσαν
2418 2464 2514 2533 τὴν
2557 2465 2870 2533 σωματικήν
2896 2479 2953 2514 τε
2986 2462 3078 2514 καὶ
3118 2463 3309 2532 νοητὴν
3331 2462 3577 2532 γέννησιν
3607 2467 3753 2531 παρὰ

2191 2556 2290 2623 τῆς
2314 2555 2599 2624 ἀσωμάτου
2625 2572 2681 2607 τε
2700 2555 2792 2606 καῖ⁵
2821 2553 3073 2607 ἀκτίστου
3105 2554 3315 2621 φύσεως
3345 2552 3636 2621 ὑποστῆναι
3671 2570 3755 2604 πι-

2194 2646 2491 2709 στεύοντες,
2518 2646 2576 2699 τὸ
2606 2646 2766 2699 πόθεν
2794 2646 2826 2714 ἢ
2851 2645 2912 2696 τὸ
2932 2646 3078 2706 ὅπως
3100 2646 3166 2713 τῇ
3194 2645 3317 2713 περὶ
3346 2643 3548 2695 τούτων
3576 2643 3753 2696 πίστει

2194 2738 2632 2806 συνεξετάζομεν.
2681 2736 2838 2789 Ἀλλά
2871 2735 2930 2787 τὸ
2958 2733 3282 2803 γεγενῆσθαι
3307 2734 3750 2805 παραδεχόμενοι,

2191 2829 2747 2899 άπολυπραγμόνητον
2790 2828 2989 2899 τρόπον
3022 2827 3123 2894 τῆς
3157 2825 3249 2878 τοῦ
3305 2825 3502 2888 παντὸς
3554 2826 3753 2878 συστά-

2193 2936 2327 2982 σεως
2375 2919 2804 2990 καταλείπομεν,
2848 2924 2922 2983 ὡς
2969 2922 3204 2990 ἄρρητον
3246 2917 3584 2970 παντάπασιν
3624 2917 3751 2969 ὄντα

2192 3011 2283 3061 καὶ
2304 3010 2717 3080 ἀνερμήνευτον.

2776 3318 3024 3371 ΚΕΦΑΛ.
3057 3317 3155 3371 IB'.

2258 3450 2361 3504 Τοῦ
2389 3450 2446 3503 δὲ
2483 3449 2614 3502 Θεὸν
2657 3450 2714 3502 ὲν
2765 3452 2927 3522 σαρκὶ
2965 3453 3379 3522 πεφανερῶσθαι
3422 3455 3550 3524 ἡμῖν
3580 3454 3608 3505 ὁ
3648 3451 3749 3514 τὰς

2184 3542 2483 3604 ἀποδείξεις
2530 3541 2825 3612 ἐπιζητῶν,
2863 3543 2999 3612 πρὸς
3031 3544 3128 3605 τὰς
3166 3546 3442 3616 ἐνεργείας
3483 3544 3744 3615 βλεπέτω.

2184 3636 2292 3688 Καὶ⁵
2318 3634 2426 3703 γὰρ
2446 3633 2539 3686 τοῦ
2565 3634 2699 3696 ὅλως
2732 3631 2869 3687 εἶναι
2903 3635 3055 3698 Θεὸν,
3087 3637 3185 3688 οὐκ
3213 3636 3276 3689 ἄν
3304 3655 3383 3700 τις
3411 3638 3599 3708 ἑτέραν
3621 3639 3749 3690 ἁπό-

2182 3726 2340 3790 δειξιν
2360 3726 2492 3795 ἔχοι,
2515 3724 2601 3777 διὰ
2622 3725 2719 3794 τῆς
2746 3726 2852 3777 τῶν
2872 3727 3160 3798 ἐνεργειῶν
3191 3726 3510 3798 μαρτυρίας.
3536 3728 3747 3796 Ὥσπερ

2181 3821 2358 3873 τοίνυν
2393 3820 2471 3882 είς
2510 3818 2570 3871 τὸ
2602 3820 2710 3872 πᾶν
2740 3819 3051 3889 ἀφορῶντες
3073 3858 3087 3881 ,
3116 3818 3209 3871 καὶ
3241 3816 3339 3879 τὰς
3365 3818 3503 3870 κατά
3528 3816 3618 3869 τὸν
3652 3819 3747 3868 γό-

2185 3928 2318 3980 σμον
2348 3909 2659 3979 οίκονομίας
2697 3909 3137 3971 ἐπισκοποῦντες,
3172 3910 3266 3962 καὶ
3302 3907 3399 3970 τὰς
3430 3907 3747 3978 εὐεργεσίας

2181 4004 2276 4065 τὰς
2301 4003 2482 4056 θεόθεν
2504 4002 2644 4056 κατὰ
2668 4002 2764 4071 τὴν
2782 4003 2923 4071 ζωὴν
2945 4000 3097 4070 ἡμῶν
3129 4000 3542 4069 ἐνεργουμένας,
3574 3999 3747 4067 ὑπερ-

2182 4094 2392 4148 κεῖσθαί
2414 4112 2534 4147 τινα
2563 4094 2788 4162 δύναμιν
2812 4092 3093 4162 ποιητικὴν
3133 4092 3235 4143 τῶν
3266 4090 3616 4158 γιγνομένων,
3654 4090 3747 4140 καὶ

2183 4184 2576 4254 συντηρητικὴν
2600 4184 2707 4236 τῶν
2734 4184 2899 4236 ὄντων
2925 4183 3403 4252 καταλαμϐάνομεν
3422 4197 3435 4211 ⁸
3456 4182 3627 4243 οὕτως
3654 4183 3747 4233 καὶ⁴

2181 4276 2273 4329 ἐπὶ
2306 4275 2397 4327 τοῦ
2433 4275 2520 4327 διὰ
2549 4274 2747 4344 σαρκὸς
2784 4275 2916 4344 ἡμῖν
2950 4274 3353 4346 φανερωθέντος
3384 4273 3518 4325 Θεοῦ
3550 4273 3741 4342 ἱκανὴν

2180 4364 2447 4429 ἀπόδειξιν
2482 4364 2582 4434 τῆς
2611 4364 2930 4431 ἐπιφανείας
2970 4364 3068 4433 τῆς
3099 4364 3346 4434 θεότητος
3374 4365 3443 4415 τὰ
3476 4363 3613 4415 κατὰ
3641 4362 3742 4425 τὰς

515 4456 955 4526 operationibus,
993 4464 1051 4509 ut
1079 4458 1173 4525 qui
1208 4457 1261 4508 in
1297 4456 1455 4510 factis
1489 4471 1609 4525 qua:
1642 4464 1771 4511 sunt
1798 4468 2072 4521 enarrata,

2188 4457 2457 4526 ἐνεργείας
2488 4455 2738 4526 θαύματα
2782 4455 3145 4523 πεποιήμεθα,
3175 4455 3351 4507 πάντα
3381 4456 3494 4516 τοῖς
3529 4454 3745 4522 ἱστορη-

516 4548 1006 4601 auimadvertimus
1037 4563 1160 4603 esse
1192 4549 1373 4601 omnia
1408 4564 1501 4615 per
1531 4565 1650 4617 quae
1692 4550 1873 4603 divina
1901 4552 2076 4605 virtus

514 4640 858 4708 exprimitur.
911 4638 1003 4693 Dei
1040 4648 1142 4703 est,
1177 4640 1452 4694 viviﬁcare
1499 4641 1764 4695 homines.
1828 4641 1918 4697 Dei
1970 4651 2074 4704 est,

512 4744 575 4783 ea
605 4744 725 4796 qua:
767 4735 916 4791 sunt,
952 4743 1049 4783 sua
1099 4743 1424 4783 conservare
1468 4729 1771 4798 prudentia.
1825 4729 1917 4784 Dei
1970 4739 2073 4796 est,

515 4820 693 4873 cibum
733 4819 919 4889 largiri
952 4827 1007 4873 et
1036 4820 1309 4889 potionem
1360 4819 1425 4871 iis
1459 4819 1659 4887 quibus
1691 4819 1885 4889 obtigit
1917 4831 1973 4874 ut
2021 4824 2073 4874 in

513 4927 678 4967 carne
706 4913 870 4965 vitam
924 4919 1106 4981 agant.
1168 4909 1258 4964 Dei
1313 4918 1420 4973 est,
1481 4911 1530 4964 ei
1572 4915 1663 4981 qui
1726 4927 1861 4982 opus
1914 4913 2074 4968 habet

513 5004 852 5059 benefacere.
911 5003 1003 5058 Dei
1054 5009 1157 5069 est,
1220 5018 1287 5057 ex
1346 5003 1711 5059 imbecillitate
1760 5022 2072 5075 perversam

515 5103 765 5149 naturam
819 5108 915 5164 per
961 5094 1248 5147 sanitatem
1304 5092 1405 5147 sibi
1470 5094 1777 5148 restituere.
1837 5095 1931 5149 Dei
1992 5107 2074 5151 est

515 5185 768 5239 similiter
824 5193 878 5239 et
909 5183 1100 5239 eodem
1158 5182 1319 5237 modo
1366 5184 1614 5240 obtinere
1646 5186 1982 5241 dominatum
2015 5189 2070 5243 in

513 5289 730 5329 omnem
778 5284 1123 5338 creaturam,
1178 5282 1400 5340 terram,
1458 5292 1602 5328 mare
1654 5285 1708 5330 et
1762 5292 1963 5340 aerem,
2019 5288 2071 5333 et

511 5369 694 5419 omnia
723 5383 842 5436 qure
878 5376 1007 5422 sunt
1055 5382 1221 5437 supra
1269 5383 1471 5421 aerem.
1510 5367 1604 5421 Dei
1657 5378 1740 5422 est
1781 5369 1848 5421 ad
1889 5372 2069 5423 omnia

511 5458 646 5512 satis
679 5459 876 5513 habere
907 5464 1215 5529 potestatis,
1262 5469 1315 5515 et
1351 5472 1475 5514 ante
1515 5462 1695 5513 omnia
1728 5478 1850 5516 esse
1880 5472 2071 5529 poten-

510 5552 701 5604 tiorem
736 5559 908 5605 morte
940 5561 992 5605 et
1047 5554 1293 5607 interitu.
1352 5552 1405 5605 Si
1462 5568 1592 5621 ergo
1626 5553 1828 5621 aliquid
1879 5557 2069 5608 horum

510 5641 725 5695 deesset
749 5640 797 5693 ei
843 5656 961 5709 quae
1009 5643 1076 5696 de
1140 5644 1258 5711 ipso
1286 5651 1539 5695 narratur
1569 5642 1831 5704 historiae,
1876 5645 2070 5697 merito

512 5730 671 5803 quia
711 5740 905 5786 nostra
937 5732 1039 5788 ﬁde
1090 5742 1218 5789 sunt
1265 5734 1451 5798 alieni,
1507 5733 1773 5789 adversus
1822 5743 2067 5789 nostrum

2183 4549 2351 4602 θεῖσιν
2389 4547 2591 4616 ἔργοις,
2619 4546 2686 4598 δι’
2718 4538 2792 4599 ὧν
2844 4548 2876 4615 ἡ
2909 4545 3028 4598 θεία
3065 4544 3525 4616 χαρακτηρίζεται
3558 4542 3740 4610 φύσις,

2181 4639 2626 4709 κατανοήσαντες.
2661 4636 2794 4689 Θεοῦ
2827 4637 2886 4689 τὸ
2923 4636 3203 4701 ζωοποιεῖν
3236 4638 3361 4698 τοὺς
3399 4633 3735 4702 ἀνθρώπους.

2180 4731 2313 4784 Θεοῦ
2346 4730 2407 4783 τὸ
2460 4732 2742 4801 συντηρεῖν
2802 4730 2888 4783 διὰ
2938 4730 3189 4798 προνοίας
3226 4729 3291 4781 τὰ
3319 4728 3465 4780 ὄντα.
3502 4725 3635 4779 Θεοῦ
3682 4727 3743 4778 τὸ

2181 4823 2380 4893 βρῶσιν
2418 4824 2510 4875 καὶ
2542 4823 2696 4876 πόσιν
2719 4825 2829 4885 τοῖς
2861 4822 3057 4892 σαρκὸς
3080 4822 3177 4891 τὴν
3211 4820 3352 4888 ζωὴν
3378 4818 3615 4887 είληχόσι
3642 4835 3742 4887 χα-

2183 4915 2443 4988 ρίζεσθαι.
2478 4915 2610 4968 Θεοῦ
2638 4916 2941 4984 εὐεργετεῖν
2968 4913 3060 4967 τὸν
3086 4914 3353 4982 δεόμενον.
3384 4910 3520 4964 Θεοῦ
3541 4911 3601 4963 τὸ
3630 4927 3738 4963 πα-

2178 5012 2548 5081 ρατραπεῖσαν
2567 5007 2625 5071 ἐξ
2648 5006 2929 5069 ἀσθενείας
2954 5008 3050 5077 τὴν
3080 5006 3257 5073 φύσιν,
3285 5003 3442 5056 πάλιν
3464 5004 3531 5056 δι’
3554 5004 3741 5071 ὑγείας

2177 5102 2314 5171 πρὸς
2345 5100 2537 5169 ἑαυτὴν
2560 5100 2870 5167 ἐπανάγειν.
2902 5098 3036 5151 Θεοῦ
3064 5098 3124 5149 τὸ
3154 5096 3331 5165 πάσης
3364 5093 3739 5166 ὲπικρατεύειν

2175 5170 2544 5262 ὁμοιοτρόπως
2577 5191 2674 5261 τῆς
2710 5192 2968 5252 κτίσεως,
3006 5191 3107 5257 γῆς
3133 5227 3146 5249 ,
3184 5186 3494 5256 θαλάσσης,
3552 5186 3733 5256 ἀέρος,

2174 5285 2281 5336 τῶν
2332 5283 2473 5351 ὑπὲρ
2510 5283 2598 5335 τὸν
2652 5283 2788 5351 ἀέρα
2828 5282 3025 5333 τόπων.
3087 5276 3222 5330 Θεοῦ
3274 5278 3333 5331 τὸ
3375 5278 3511 5348 πρὸς
3560 5278 3737 5329 πάντα

2174 5376 2371 5445 διαρκῆ
2415 5374 2514 5445 τὴν
2556 5374 2785 5442 δύναμιν
2819 5372 2979 5440 ἔχειν,
3017 5370 3109 5421 καὶ
3151 5370 3255 5438 πρό
3298 5387 3359 5436 γε
3418 5370 3631 5421 πάντων
3674 5369 3735 5419 τὸ

2176 5463 2406 5517 θανάτου
2446 5463 2537 5516 καὶ
2590 5462 2793 5531 φθορᾶς
2844 5456 2979 5512 εἶναι
3028 5460 3326 5530 κρείττονα.
3381 5460 3441 5510 Εἰ
3493 5460 3588 5528 μὲν
3643 5456 3735 5512 οὖν

2172 5574 2314 5618 τινος
2354 5556 2554 5609 τούτων
2570 5555 2795 5621 ’ἐλλιπὴς
2820 5548 2884 5621 ἦν
2913 5554 2944 5621 ἡ
2989 5552 3115 5617 περὶ
3148 5550 3307 5603 αὑτὸν
3337 5548 3564 5618 ἱστορία,
3588 5550 3734 5601 είκό-

2174 5663 2281 5707 τως
2325 5646 2384 5697 τὸ
2424 5644 2720 5715 μυστήριον
2747 5641 2900 5711 ἡμῶν
2943 5642 2993 5691 οἱ
3032 5639 3135 5703 ἕξω
3170 5638 3269 5707 τῆς
3304 5640 3536 5701 πίστεως
3576 5639 3733 5708 ήμῶν

2176 5737 2585 5807 παρεγράφοντυ
2606 5751 2620 5767 ο
2653 5736 2700 5787 εί
2721 5733 2797 5785 ηδε
2839 5732 2904 5787 δι’
2942 5726 3017 5789 ὧν
3051 5734 3249 5785 νοεῖται
3285 5730 3432 5807 Θεδς,
3469 5730 3645 5785 πάντα
3676 5733 3734 5779 ἐν
