3978 6518
261 401 329 455 ts
1487 386 1741 445 ORATIO
1766 386 2264 442 CATECIIETICA.
2304 346 2305 349 γ
2893 368 2905 380 ‘
3413 370 3478 423 to

260 517 369 577 τοῖς
407 512 536 585 περὶ
566 509 730 565 αὐτοῦ
764 510 1059 579 διηγήμασι
1086 507 1401 579 καθορᾶται,
1433 507 1483 559 τί
1511 506 1572 559 τὸ
1605 506 1829 576 ὲμποδί-
1860 556 1863 564 ε

1974 503 2349 558 rzeseriberent
2379 497 2692 569 mysterium
2724 512 2738 558 ;
2773 495 2816 548 si
2853 507 2979 547 vero
3026 489 3208 543 omnia
3242 502 3334 557 per
3362 504 3481 557 qme

262 606 351 670 ζον
389 608 448 674 τῇ
485 605 667 656 πίστει
691 623 704 664 ;

775 882 781 887 ,
858 820 1105 872 ΚΕΦΑΛ.
1147 818 1244 870 II".

341 956 529 1019 Ἀλλὰ,
555 952 966 1025 φησὶ,γέννησίς
989 970 1047 1004 τε
1073 954 1166 1005 καὶ
1188 952 1413 1015 Θάνατος
1436 952 1563 1005 ἴδιον
1592 952 1690 1014 τῆς
1714 969 1839 1022 σαρ-

261 1048 423 1115 κικῆς
471 1048 591 1098 ἐστι
637 1043 891 1112 φύσεως·
951 1044 1093 1112 φημὶ
1137 1040 1309 1110 κάγὼ.
1374 1042 1530 1095 Ἀλλὰ
1583 1044 1687 1113 πρὸ
1740 1042 1839 1112 τῆς

262 1138 572 1205 γεννήσεως
604 1136 701 1187 καὶ
724 1134 784 1187 τὸ
821 1133 961 1204 μετὰ
986 1134 1078 1186 τὸν
1109 1133 1337 1186 θάνατον
1371 1133 1467 1204 τὴν
1501 1133 1599 1202 τῆς
1625 1132 1838 1202 φύσεως

264 1226 419 1297 ἡμῶν
453 1224 715 1292 ἐκφεύγει
744 1224 1047 1293 κοινότητα.
1084 1224 1176 1285 Εἰς
1209 1222 1318 1293 γὰρ
1344 1222 1575 1293 ὲκέι”·τερ²
1618 1223 1713 1291 τῆς
1744 1224 1839 1275 ἀν’

267 1317 553 1388 θρωπίνης
601 1315 745 1384 ζωῆς
806 1314 877 1367 τὰ
924 1315 1133 1385 πέρατα
1188 1313 1502 1383 βλέποντες,
1546 1314 1700 1381 ἴσμεν
1749 1313 1842 1366 καὶ

264 1409 387 1463 ὅθεν
426 1405 731 1476 ἀρχόμεθα,
761 1405 855 1456 καὶ
878 1406 957 1467 εἰς
988 1406 1039 1456 τί
1070 1390 1467 1473 καταλήγοὶιεν.
1516 1404 1608 1455 Ἐκ
1640 1402 1841 1465 πάθους

268 1501 374 1569 γὰρ
429 1498 741 1567 ἀρξάμενος
775 1496 868 1548 τοῦ
899 1490 1034 1547 εἶναι
1078 1495 1107 1546 ὁ
1154 1493 1432 1563 ἄνθρωπος
1457 1531 1472 1555 ,
1527 1491 1685 1546 πάθει
1722 1509 1845 1543 συν-

269 1587 655 1660 απαρτίζεται.
722 1587 868 1639 Ἐκεῖ
894 1584 950 1637 δὲ
995 1582 1117 1637 οὔτε
1144 1586 1177 1653 ἡ
1210 1583 1461 1653 γέννησις
1492 1582 1599 1635 ἀπὸ
1639 1582 1844 1643 πάθους

270 1684 475 1754 ἣρξατο
501 1720 518 1744 ,
572 1679 698 1734 οὔτε
725 1680 754 1731 ὁ
784 1678 1011 1741 Θάνατος
1054 1678 1134 1740 εἰς
1168 1676 1338 1740 πάθος
1368 1674 1677 1743 κατέληξεν.
1709 1673 1843 1727 Ούτε

272 1775 377 1845 γὰρ
405 1773 510 1841 τῆς
541 1773 850 1841 γεννήσεως
876 1769 1036 1841 ἡδονὴ
1061 1766 1409 1839 καθηγήσατο
1434 1806 1449 1828 ,
1487 1763 1608 1818 οὔτε
1636 1763 1724 1817 τὸν
1751 1763 1844 1817 θά-

1936 591 2076 647 Deus
2130 590 2466 659 intelligitur,
2525 591 2822 638 cernuntur
2866 582 2919 634 in
2966 581 3032 633 iis
3065 593 3184 647 quae
3246 577 3313 628 de
3361 578 3478 643 ipso

1937 689 2248 744 narrantur,
2291 677 2421 747 quid
2450 673 2694 743 estquod
2729 670 2885 724 [idem
2913 666 3207 738 impediat?

2508 801 2734 859 CAPUT
2774 798 2911 854 XIII.

2006 946 2074 999 At
2102 954 2277 1009 ortus,
2315 942 2510 1012 inquit,
2537 948 2591 994 et
2622 952 2769 991 mors
2822 941 2907 989 est
2959 932 3238 1002 proprium
3278 939 3487 983 natura:

1938 1039 2144 1093 carnis.
2175 1034 2449 1091 Concedo.
2502 1031 2608 1086 Sed
2665 1037 2719 1083 et
2771 1028 2822 1081 id
2854 1016 2996 1096 quod
3043 1023 3143 1077 fuit
3194 1031 3319 1077 ante
3367 1021 3489 1089 ejus

1937 1141 2141 1194 ortum,
2172 1137 2226 1184 et
2254 1128 2305 1182 id
2335 1127 2481 1198 quod
2518 1125 2618 1179 fuit
2648 1130 2772 1193 post
2803 1129 3053 1182 mortem,
3079 1116 3265 1187 effugit
3287 1123 3491 1168 natura:

1940 1232 2140 1280 nostrae
2196 1220 2660 1277 communitatem.
2721 1214 2799 1268 Ad
2866 1212 3115 1266 humanae
3171 1210 3315 1264 enim
3371 1209 3493 1261 vitae

1940 1322 2229 1382 utrumque
2263 1311 2421 1365 tinem
2469 1307 2815 1378 aspicientes.
2848 1303 3051 1357 scimus
3095 1310 3148 1355 et
3186 1298 3329 1352 unde
3361 1299 3495 1352 inci-

1943 1404 2155 1474 pimus,
2193 1410 2247 1455 et
2303 1401 2356 1454 in
2403 1400 2531 1468 quid
2587 1394 2909 1449 desinimus.
2965 1389 3138 1444 Homo
3174 1391 3316 1444 enim
3371 1401 3494 1441 cum

1952 1512 2074 1550 esse
2112 1497 2335 1562 coeperit
2374 1508 2436 1545 ex
2471 1490 2783 1550 affectione,
2831 1486 3114 1540 atl‘ectione
3167 1484 3327 1537 etiam
3363 1495 3497 1534 con-

1918 1587 2127 1641 'ﬁcitur
2153 1595 2207 1639 et
2242 1590 2679 1638 consummatur.
2725 1580 2842 1635 Illic
2885 1588 3064 1633 autem
3120 1591 3296 1644 neque
3338 1588 3499 1643 gene-

1942 1677 2083 1730 ratio
2116 1676 2279 1746 empit
2329 1676 2397 1728 ab
2443 1673 2765 1737 aﬂ‘ectione;
2815 1686 2991 1740 neque
3043 1683 3191 1722 mors
3238 1665 3398 1719 desiit
3445 1664 3498 1716 in

1946 1768 2311 1823 aﬂeetionem.
2343 1766 2527 1837 Neque
2572 1767 2715 1821 enim
2753 1767 3003 1834 voluptas
3056 1763 3174 1831 ejus
3225 1754 3502 1828 prmi-essit

273 1880 429 1917 νατον
468 1860 649 1932 φθορὰ
669 1860 953 1926 διεδέξατο.
986 1860 1255 1918 Ἀπιστεῖς
1280 1856 1357 1927 τῷ
1377 1855 1630 1925 θαύματι;
1661 1854 1846 1924 Χαίρω

1968 1861 2347 1928 generationem
2377 1877 2391 1925 ;
2424 1874 2596 1923 neque
2623 1867 2849 1912 mortem
2885 1862 3069 1911 secuta
3090 1861 3175 1907 est
3202 1848 3498 1916 corruptio.

274 1956 337 2023 τῇ
376 1952 632 2022 ἀπιστίᾳ.
678 1951 983 2021 Ὀμολογεῖς
1018 1949 1125 2020 γὰρ
1146 1947 1361 2011 πάντως
1392 1946 1459 2000 δι’
1482 1940 1555 1998 ὧν
1586 1946 1724 2017 ὑπὲρ
1757 1945 1846 1997 πί-

278 2061 390 2097 στιν
414 2045 530 2113 ἡγῇ
560 2043 623 2095 τὸ
646 2042 955 2111 λεγόμενον,
981 2040 1119 2111 ὑπὲρ
1142 2040 1239 2110 τὴν
1273 2038 1433 2107 φύσιν
1462 2031 1600 2091 εἶναι
1622 2037 1689 2090 τὰ
1715 2036 1847 2089 θαύο

281 2150 443 2204 ματα.
477 2130 621 2184 Αὐτὸ
650 2127 743 2184 οὖν
766 2130 922 2183 τοῦτο
942 2130 1039 2200 τῆς
1068 2129 1317 2199 θεότητος
1342 2126 1481 2179 ἔστω
1503 2143 1584 2179 σοι
1611 2124 1703 2177 τοῦ
1733 2142 1850 2193 φα-

280 2225 461 2286 νέντος
493 2221 767 2287 ἀπόδειξις
790 2261 805 2283 ,
839 2222 900 2273 τὸ
931 2221 1004 2291 μὴ
1032 2220 1119 2274 διὰ
1165 2220 1271 2274 τῶν
1299 2219 1441 2273 κατὰ
1468 2218 1625 2289 φύσιν
1664 2217 1849 2288 προϊέ-

280 2334 368 2370 ναι
399 2316 465 2369 τὸ
506 2317 791 2386 κήρυγμα.
829 2315 896 2367 Εἰ
933 2315 1039 2386 γὰρ
1081 2313 1229 2375 ἐντὸς
1259 2308 1325 2383 ἦν
1357 2311 1463 2365 τῶν
1493 2311 1595 2381 τῆς
1640 2310 1851 2379 φύσεως

287 2409 433 2478 ὅρων
466 2406 537 2459 τά
566 2405 691 2475 περὶ
720 2402 813 2457 τοῦ
843 2403 1074 2474 Χριστοῦ
1106 2403 1436 2473 διηγήματα,
1464 2402 1565 2454 ποῦ
1591 2401 1651 2454 τὸ
1677 2399 1851 2463 Θείον;

282 2499 345 2553 Εἰ
372 2498 432 2551 δὲ
456 2495 775 2568 ύπερϐαένει
795 2496 894 2565 τὴν
928 2495 1085 2564 φύσιν
1127 2495 1155 2547 ὀ
1185 2494 1361 2563 λόγος,
1393 2495 1450 2547 ὲν
1477 2487 1557 2556 οἷς
1587 2493 1852 2552 ἀπιστεῖς,

282 2591 340 2641 ὲν
368 2588 582 2649 τούτοις
623 2588 774 2639 ἐστὶν
802 2588 835 2656 ἡ
869 2585 1140 2649 ἀπόδειξις
1174 2584 1266 2637 τοῦ
1304 2584 1435 2637 Θεὸν
1461 2578 1599 2636 εἶναι
1634 2582 1725 2635 τὸν
1754 2599 1853 2650 κη-

285 2678 641 2748 ρυσσόμενον.
688 2675 1006 2747 Ἀνθρωπος
1044 2680 1140 2745 μὲν
1166 2674 1274 2745 γὰρ
1308 2676 1373 2727 ὲκ
1415 2674 1751 2745 συνδυασμοῦ
1780 2674 1858 2725 τί-

290 2787 512 2831 κτεται,
553 2768 648 2821 καὶ
681 2766 821 2836 μετὰ
866 2766 1091 2822 θάνατον
1136 2769 1193 2821 ὲν
1224 2766 1489 2838 διαφθορᾷ
1517 2766 1741 2834 γίνεται.
1797 2767 1859 2818 Εἰ

284 2861 456 2915 ταῦτα
493 2862 735 2930 περιεῖχε
764 2859 824 2911 τὸ
855 2860 1115 2930 κήρυγμα
1134 2899 1149 2921 ,
1175 2860 1275 2912 ούκ
1301 2858 1368 2912 ἂν
1393 2857 1526 2911 Θεὸν
1558 2853 1694 2911 εἶναι
1725 2858 1860 2911 πάν-

288 2969 392 3014 τως
420 2950 611 3020 ᾠήθης
638 2950 729 3001 τὸν
758 2950 815 3001 ἐν
846 2951 958 3011 τοῖς
1008 2947 1257 3018 ἰδιώμασι
1300 2948 1399 3017 τῆς
1449 2946 1661 3016 φύσεως
1704 2947 1862 3018 ἡμῶν

296 3040 764 3110 μαρτυρούμενον.
810 3038 964 3091 Ἐπεὶ
1013 3038 1070 3090 δὲ
1117 3039 1473 3109 γεγεννῆσθαι
1506 3038 1602 3108 μὲν
1649 3037 1865 3101 ἀκούεις

294 3134 477 3197 αὐτὸν,
518 3132 881 3200 ὲκόεὸηκέναι
914 3130 969 3183 δὲ
995 3131 1095 3200 τῆς
1122 3130 1333 3200 φύσεως
1368 3131 1525 3202 ήμῶν
1566 3131 1663 3201 τὴν
1694 3130 1861 3183 κοινὸο

293 3237 469 3291 τητα,
508 3221 588 3290 τῷ
626 3238 685 3273 τε
724 3221 823 3289 τῆς
875 3220 1138 3287 γενέσεως
1175 3219 1378 3290 τρόπῳ,
1432 3219 1525 3272 καὶ
1570 3218 1648 3289 τῷ
1679 3220 1865 3272 ἀνεπι-

293 3314 470 3384 δὲκτῳ
509 3312 613 3382 τῆς
656 3314 735 3375 εἰς
769 3312 972 3382 φθορὰν
1018 3310 1387 3376 ἀλλοιώσεως,
1428 3310 1607 3375 καλῶς
1646 3310 1712 3365 ἂν
1754 3311 1865 3381 ἔχοι

298 3405 439 3457 κατὰ
472 3404 534 3457 τὸ
564 3403 887 3467 ἀκόλουθον,
932 3404 1025 3455 ἐπὶ
1060 3402 1121 3454 τὸ
1155 3402 1339 3473 ἕτερον
1375 3405 1440 3473 τῇ
1473 3402 1698 3473 ἀπιστίᾳ
1729 3401 1866 3473 χρήο

301 3495 535 3558 σασθαι,
564 3496 643 3556 εἰς
678 3492 739 3546 τὸ
784 3492 858 3563 μὴ
896 3492 1180 3563 ἄνθρωπον
1220 3491 1381 3545 αὑτὸν
1424 3493 1519 3545 ἕνα
1563 3492 1669 3546 τῶν
1710 3494 1769 3545 ἐν
1800 3494 1866 3562 τῇ

301 3587 461 3656 φύσει
501 3586 866 3655 δεικνυμένων
894 3586 1117 3638 οἴεσθαι.
1170 3584 1405 3655 Ἀνάγκη
1446 3584 1553 3655 γὰρ
1592 3586 1739 3638 πᾶσα
1780 3585 1870 3637 τὸν

306 3680 380 3750 μὴ
407 3677 742 3731 πιστεύοντα
768 3677 857 3729 τὸν
890 3677 1126 3729 τοιοῦτον
1160 3676 1441 3747 ἄνθρωπον
1469 3673 1629 3741 εἶναι,
1666 3656 1744 3740 εἰς
1774 3680 1873 3746 τὴν

304 3772 433 3843 περὶ
474 3771 537 3823 τὸ
579 3770 712 3822 Θεὸν
742 3769 903 3821 αὑτὸν
931 3764 1066 3821 εἶναι
1096 3768 1273 3821 πίστιν
1300 3766 1609 3838 ὲναχθῆναι.
1666 3770 1725 3821 '0
1766 3769 1872 3839 γὰρ

304 3860 666 3931 γεγεννῆσθαι
696 3860 858 3912 αὑτὸν
890 3862 1207 3931 ἱστορήσας.
1259 3859 1353 3912 καὶ
1380 3858 1442 3912 τὸ
1475 3859 1646 3923 οὕτως
1685 3877 1873 3928 γεγεν-

305 3955 505 4025 νῆσθαι
554 3953 973 4024 συνδιηγήσατο.
1022 3953 1083 4004 Εἰ
1116 3949 1209 4004 οὖν
1256 3951 1442 4004 πιστόν
1489 3953 1603 4004 ἐστι
1638 3951 1726 4003 διὰ
1768 3950 1876 4003 τῶν

310 4044 619 4118 εἰρημένων
646 4043 707 4097 τὸ
735 4044 1090 4113 γεγεννῆσθαι
1115 4043 1295 4105 αὑτὸν,
1320 4043 1407 4096 διὰ
1429 4042 1536 4096 τῶν
1559 4044 1737 4096 αὐτῶν
1758 4042 1877 4095 τού-

308 4155 417 4191 των
448 4138 667 4200 πάντως
696 4137 814 4188 οὐδὲ
848 4136 908 4188 τὸ
937 4135 1107 4200 οὕτως
1138 4136 1300 4190 αὐτὸν
1348 4135 1706 4205 γεγεννῆσθαι
1751 4136 1878 4188 ἀπί-

314 4230 495 4283 θανον.
547 4228 607 4280 '0
636 4228 744 4297 γὰρ
773 4229 870 4297 τὴν
905 4229 1157 4298 γέννησιν
1184 4228 1372 4287 εἰπὼν.
1410 4228 1502 4280 καὶ
1528 4228 1609 4292 τὸ,
1640 4230 1704 4281 ἐκ
1740 4244 1880 4298 παρ-

316 4320 491 4383 θένου,
538 4318 869 4388 προσέθηκε.
900 4319 1009 4371 Καὶ
1044 4321 1072 4372 ὁ
1099 4319 1192 4372 τοῦ
1217 4319 1445 4372 θανάτου
1475 4320 1751 4389 μνησθεὶς,
1790 4320 1881 4371 καὶ

314 4406 409 4475 τὴν
437 4403 735 4457 ἀνάστασιν
779 4404 856 4470 τῷ
889 4404 1100 4474 θανάτῳ
1130 4402 1663 4475 προσεμαρτύρησεν.
1695 4405 1756 4455 Εἰ
1791 4399 1882 4455 οὖν

1947 1947 2062 2001 Non
2093 1949 2272 2003 credis
2306 1948 2604 2001 miraculo?
2637 1947 2813 2002 Laetor
2857 1946 2925 2001 de
2957 1952 3051 1998 tua
3101 1939 3500 1995 incredulitate.

1946 2040 2050 2094 Per
2080 2042 2184 2095 hoc
2227 2042 2369 2095 enim
2405 2040 2549 2111 quod
2608 2054 2772 2109 supra
2807 2037 2965 2092 ﬁdem
3003 2044 3165 2105 putas
3208 2047 3329 2087 esse
3360 2029 3505 2098 quod

1949 2132 2169 2194 dicitur,
2204 2130 2388 2186 fateris
2417 2131 2685 2185 miracula
2721 2144 2841 2184 esse
2872 2143 3037 2196 supra
3070 2136 3339 2180 naturam.
3394 2119 3507 2173 IIoc

1950 2225 2128 2294 ipsum
2156 2240 2286 2293 ergo
2344 2224 2418 2279 sit
2473 2223 2568 2277 tibi
2624 2227 3006 2293 argumentum
3041 2217 3340 2272 divinitatis
3391 2213 3508 2282 ejus

1950 2317 2043 2386 qui
2074 2317 2341 2389 apparuit,
2377 2316 2519 2386 quod
2554 2331 2660 2369 non
2696 2313 2953 2383 procedat
2986 2308 3298 2381 praedicatio
3326 2322 3420 2376 per
3443 2322 3506 2362 ea

1953 2424 2074 2479 qua:
2100 2416 2226 2463 sunt
2257 2407 2556 2467 secundum
2606 2414 2878 2460 naturam.
2925 2402 3061 2457 Nam
3095 2405 3140 2456 si
3186 2402 3329 2454 intra
3374 2400 3510 2451 lines

1954 2509 2162 2553 naturae
2193 2506 2377 2555 essent
2404 2514 2466 2553 ea
2498 2513 2618 2568 qua:
2669 2497 2737 2552 de
2785 2496 3007 2549 Christo
3061 2500 3374 2553 narrantur,
3419 2489 3509 2542 ubi

1955 2591 2259 2645 divinitas?
2320 2590 2415 2645 Sin
2461 2599 2640 2645 autem
2698 2597 2953 2642 naturam
3000 2592 3221 2656 superat
3260 2584 3312 2637 id
3368 2580 3511 2651 quod

1957 2682 2179 2745 dicitur,
2227 2698 2289 2736 ea
2336 2682 2455 2750 ipsa
2504 2697 2625 2751 quae
2672 2696 2779 2735 non
2811 2679 3012 2743 credis,
3068 2677 3300 2747 probant
3346 2672 3512 2727 Deum

1958 2790 2081 2829 esse
2112 2774 2207 2843 qui
2244 2772 2590 2843 praedicatur.
2626 2772 2757 2826 Nam
2800 2771 2961 2824 homo
3006 2768 3222 2838 quidem
3274 2765 3517 2820 nascitur

1961 2880 2027 2920 ex
2056 2865 2286 2918 dttorum
2316 2864 2509 2933 copula
2535 2872 2589 2918 et
2618 2860 3023 2931 conjunctione,
3051 2867 3105 2912 et
3135 2866 3258 2927 post
3288 2864 3516 2908 mortem

1967 2958 2117 3010 venit
2155 2957 2220 3011 ad
2254 2956 2553 3011 interitum.
2603 2954 2661 3007 Si
2704 2954 2815 3007 hmc
2851 2951 3154 3006 contineret
3186 2945 3517 3018 praedicatio,

1966 3044 2131 3099 Deum
2182 3059 2290 3098 non
2330 3059 2449 3099 esse
2501 3043 2726 3096 omnino
2789 3040 3130 3094 existimares
3182 3051 3303 3092 eum
3358 3047 3518 3104 quem

1968 3146 2297 3191 testarentur
2323 3150 2446 3190 esse
2485 3134 2628 3187 intra
2660 3142 2866 3187 natum
2923 3131 3302 3203 proprietates.
3367 3125 3519 3191 Quo-

1969 3229 2112 3281 niam
2148 3237 2326 3281 autem
2379 3226 2538 3281 audis
2590 3224 2807 3295 quidem
2866 3224 3043 3292 ipsum
3079 3235 3202 3276 esse
3255 3218 3521 3289 genitum,

1967 3321 2274 3374 excessisse
2320 3327 2499 3373 autem
2540 3325 2749 3371 naturae
2802 3322 3002 3370 nostrae
3055 3311 3521 3367 communitatem.

1968 3419 2021 3462 et
2055 3410 2109 3463 in
2166 3408 2328 3462 modo
2377 3406 2766 3477 generationis.
2797 3414 2849 3459 et
2898 3401 3042 3472 quod
3094 3416 3202 3454 non
3252 3398 3523 3467 acceperit

1971 3501 2343 3555 alterationem
2394 3500 2459 3553 ad
2502 3497 2779 3552 interitum
2809 3513 2825 3560 ;
2859 3502 3005 3549 recte
3052 3494 3155 3547 erit
3204 3507 3273 3545 ex
3330 3504 3523 3544 conse-

1971 3594 2178 3664 quenti,
2206 3593 2271 3647 ad
2305 3593 2535 3647 alterum
2566 3591 2645 3644 uti
2678 3589 3074 3650 incredulitate,
3106 3597 3303 3652 nempe
3333 3589 3391 3634 ut
3418 3596 3527 3635 non

1972 3686 2253 3742 existimes
2302 3700 2426 3739 eum
2478 3700 2601 3739 esse
2655 3697 2822 3735 unum
2875 3679 3147 3734 hominem
3198 3694 3262 3731 ex
3316 3675 3384 3730 iis
3434 3674 3527 3743 qui

1974 3778 2340 3833 ostenduntur
2390 3776 2443 3829 in
2483 3783 2698 3829 natura.
2738 3771 2972 3828 Omnino
3014 3771 3158 3825 enim
3194 3782 3421 3824 necesse
3450 3777 3535 3819 est

1976 3880 2036 3924 ut
2082 3870 2175 3939 qui
2230 3866 2403 3922 credit
2450 3881 2574 3920 eum
2622 3865 2716 3933 qui
2772 3859 3213 3927 est,hujusmodi
3266 3874 3373 3914 non
3413 3873 3536 3912 esse

1978 3960 2279 4021 hominem,
2312 3954 2616 4009 deducatur
2642 3953 2709 4007 ad
2737 3950 3070 4007 credendum
3098 3948 3243 4018 quod
3273 3949 3344 4003 sit
3369 3946 3533 4001 Deus.

1978 4050 2111 4103 Nam
2145 4047 2236 4117 qui
2277 4054 2461 4100 natum
2516 4060 2638 4099 eum
2668 4059 2790 4098 esse
2828 4041 3093 4103 narravit,
3150 4040 3309 4094 simul
3368 4040 3534 4092 etiam

1983 4137 2083 4189 hoc
2113 4134 2276 4188 modo
2310 4140 2494 4191 natum
2521 4132 2815 4185 recensuit.
2844 4130 2900 4183 Si
2929 4130 3111 4197 itaque
3136 4144 3199 4183 ex
3228 4127 3389 4181 dictis
3411 4144 3536 4180 eum

1982 4235 2167 4281 natum
2200 4240 2321 4279 esse
2348 4223 2611 4277 credibile
2637 4230 2741 4283 est,
2775 4222 2938 4275 etiam
2973 4222 3072 4274 hac
3106 4220 3318 4273 ratione
3355 4229 3535 4272 natum

1982 4335 2077 4390 per
2113 4319 2224 4372 haec
2250 4316 2436 4371 eadem
2467 4316 2622 4370 facile
2666 4323 2841 4384 potest
2873 4312 3207 4382 persuaderi.
3239 4311 3339 4378 Qui
3395 4313 3538 4366 enim

1984 4417 2168 4464 natum
2202 4423 2322 4463 esse
2351 4408 2510 4468 dixit,
2542 4407 2742 4475 adjecit
2770 4406 2934 4459 etiam
2957 4445 2971 4465 .
3007 4421 3073 4460 ex
3101 4404 3330 4473 virgine.
3360 4406 3418 4459 Et
3449 4406 3542 4474 qui

314 4498 407 4563 ἀφ’
439 4489 517 4548 ὧν
549 4495 769 4558 ἀκούεις
804 4495 895 4547 καὶ
936 4494 998 4547 τὸ
1021 4494 1377 4565 γεγεννῆσθαι
1416 4495 1592 4548 καὶτὸ
1630 4494 1859 4547 τεθνᾶνα

1984 4501 2177 4554 mortis
2210 4500 2473 4557 meminit.
2507 4507 2795 4553 attestatur
2848 4497 3009 4552 etiam
3068 4498 3213 4566 quod
3246 4507 3365 4565 post
3398 4514 3544 4551 mor-

312 4586 492 4650 εῑδως,
521 4586 588 4637 ὲκ
624 4585 730 4638 τῶν
767 4586 946 4638 αὐτῶν
972 4586 1161 4648 δώσεις
1194 4585 1408 4649 πάντως
1446 4587 1539 4638 καὶ
1566 4586 1626 4638 τὸ
1657 4584 1759 4649 ἔξω
1786 4586 1887 4637 πά-

318 4682 441 4737 θους
480 4670 622 4727 εἶναι
662 4677 754 4728 καὶ
783 4674 879 4745 τὴν
918 4675 1167 4744 γέννησιν
1193 4673 1356 4728 αὑτοῦ
1390 4676 1483 4729 καὶ
1527 4674 1616 4728 τὸν
1641 4675 1887 4729 θάνατον.

332 4767 493 4820 Ἀλλὰ
535 4766 644 4836 μὴν
682 4766 856 4820 ταῦτα
900 4766 1069 4836 μείζω
1118 4767 1215 4837 τῆς
1261 4766 1473 4835 φύσεως
1498 4783 1512 4797 ο

1545 4766 1740 4820 οὐκοῦν
1768 4766 1891 4819 οὐδὲ

1988 4601 2093 4645 tem
2124 4591 2440 4645 resurrexit.
2470 4589 2526 4643 Si
2549 4605 2679 4659 ergo
2705 4605 2768 4643 ex
2802 4590 2869 4644 iis
2898 4605 3019 4659 qua:
3048 4590 3227 4651 audis,
3255 4590 3354 4644 das
3380 4591 3543 4643 etiam

1987 4697 2108 4737 esse
2143 4690 2329 4747 natum
2360 4689 2415 4736 et
2448 4690 2747 4747 mortuum,
2792 4697 2856 4735 ex
2895 4680 3085 4735 iisdem
3114 4683 3340 4735 omnino
3370 4682 3545 4741 dabis.

1990 4773 2396 4840 generationem
2427 4772 2548 4841 ejus
2584 4781 2638 4827 et
2684 4782 2912 4828 mortem
2958 4788 3080 4827 esse
3124 4781 3277 4826 extra
3309 4772 3552 4826 aﬂectio-

316 4860 526 4919 iusim;
567 4858 782 4921 πάντως
814 4858 961 4921 ἐντὸς
1003 4858 1102 4927 τῆς
1147 4858 1390 4925 φύσεως,
1431 4862 1460 4913 ὀ
1498 4860 1556 4914 ὲν
1600 4864 1712 4923 τοῖς
1753 4861 1853 4913 ὑπὲ

1990 4881 2134 4919 nem.
2166 4858 2644 4920 Verumenimvero
2695 4866 2808 4919 haec
2860 4874 3108 4919 naturam
3159 4872 3491 4932 exsuperant
3533 4905 3546 4916 .

319 4951 483 5019 φύσιν
509 4948 867 5021 γεγεννῆσθαι
892 4945 1340 5017 ἀποδεικνύμενς.

921 5189 1172 5241 ΚΕΦΑᾹ.
1216 5190 1311 5243 IA'.

395 5349 495 5411 Τίς
533 5346 629 5403 οὖν
672 5352 821 5404 αἰτία
845 5393 861 5417 ,
897 5355 1030 5421 φησὶ
1051 5395 1066 5415 .
1096 5354 1191 5407 τοῦ
1236 5354 1371 5425 πρὸς
1403 5355 1502 5425 τὴν
1532 5356 1891 5425 ταπεινότητα

322 5440 530 5512 ταύτην
556 5443 864 5511 καταϐῆναι
892 5445 954 5498 τὸ
981 5446 1154 5510 θεῖον,
1183 5447 1255 5511 ὡς
1288 5448 1587 5517 άμφίῦολον
1627 5444 1765 5503 εἶναι
1794 5451 1891 5521 τὴν

327 5532 510 5585 πίστιν
532 5571 549 5596 ,
594 5534 642 5585 εἰ
684 5533 814 5595 Θεὸς
846 5534 906 5587 τὸ
937 5535 1219 5606 άχώρητον
1266 5538 1355 5589 καὶ
1390 5538 1754 5609 άκατανόητον
1797 5542 1890 5593 καὶ

328 5622 690 5693 ἆνεκλάλητον
713 5625 966 5694 πρᾶγμα,
989 5624 1098 5698 [τῙὸ
1118 5627 1259 5697 ὑπὲρ
1292 5630 1469 5681 πᾶσαν
1497 5629 1651 5695 δόξαν
1680 5632 1773 5684 καὶ
1792 5634 1896 5685 πᾶ-

333 5730 427 5766 σαν
456 5714 853 5787 μεγαλειότητα
890 5718 968 5787 τῷ
1015 5719 1220 5774 εὐτελεῖ
1263 5720 1470 5792 ἑλύτρῳ
1510 5723 1604 5790 τῆς
1634 5724 1901 5795 ἀνθρωπί-

330 5820 425 5878 νης
452 5805 669 5876 φύσεως
702 5808 1123 5879 καταμίγνυται,
1152 5810 1227 5874 ὼς
1255 5812 1347 5864 καὶ
1374 5812 1472 5876 τὰς
1499 5812 1706 5883 ὑψηλὰς
1739 5817 1894 5885 ἐνερ-

1995 4970 2124 5023 ergo
2160 4970 2259 5009 nec
2302 4956 2349 5007 is
2382 4955 2525 5008 intra
2557 4963 2806 5008 naturam
2858 4955 3192 5018 continetur,
3240 4954 3333 5024 qui
3386 4968 3549 5023 supra

1998 5056 2244 5098 naturam
2275 5047 2577 5099 ostenditur
2611 5045 2781 5101 fuisse
2811 5055 3121 5114 generatus.

2570 5202 2798 5257 CAPUT
2838 5202 2975 5257 XIV.

2066 5359 2324 5424 Quaenam
2372 5366 2456 5412 est
2484 5374 2632 5429 ergo,
2681 5359 2877 5426 inquit,
2913 5373 3100 5418 causa.
3146 5357 3291 5425 quod
3332 5357 3470 5411 Deus
3502 5376 3560 5411 se

1997 5450 2064 5503 ad
2090 5458 2296 5503 tantam
2322 5449 2603 5504 demiserit
2630 5450 3009 5510 humilitatem,
3038 5455 3095 5500 nt
3121 5448 3254 5503 fides
3283 5450 3353 5502 sit
3376 5450 3559 5511 dubia,

2003 5558 2071 5596 an
2114 5541 2256 5597 Deus
2280 5542 2371 5612 qui
2395 5550 2479 5595 est
2512 5558 2597 5596 res
2630 5559 2752 5610 qua:
2783 5557 2879 5595 nec
2907 5540 3047 5608 capi,
3078 5557 3175 5594 nec
3205 5548 3385 5595 mente
3412 5557 3564 5595 com-

2009 5633 2292 5703 prehendi,
2330 5648 2430 5686 nec
2459 5634 2640 5688 verbis
2669 5642 2841 5701 potest
2868 5631 3152 5699 explicari,
3187 5647 3307 5702 quae
3346 5648 3563 5685 omnem

2008 5732 2226 5792 superat
2253 5725 2563 5794 opinionem
2595 5734 2647 5778 et
2676 5724 3112 5792 amplitudinem,
3168 5727 3463 5780 misceatur
3510 5727 3562 5778 in

2004 5816 2093 5868 vili
2122 5824 2175 5870 et
2202 5815 2412 5883 abjecto
2439 5816 2690 5869 humana:
2738 5822 2947 5869 natura
2990 5816 3292 5883 involucra,
3342 5815 3478 5869 adeo
3510 5825 3565 5867 ut
