3978 6498
460 370 526 426 47
1674 380 1731 433 S.
1790 377 2113 435 GREGORII
2169 376 2455 435 NYSS‘ENI
3594 378 3663 433 ιθ

456 489 688 545 excelsae
710 500 763 544 et
796 490 1055 546 sublimes
1106 490 1228 564 ejus
1279 494 1622 563 operationes
1683 495 2004 575 simul_red-

2109 494 2258 563 γείας
2285 494 2444 547 αὑτοῦ
2473 495 2536 565 τῇ
2564 492 2699 562 πρὸς
2726 491 2787 547 τδ
2810 493 3062 549 ταπεινὸν
3085 492 3330 566 ἐπιμιξίᾳ
3364 495 3661 548 συνευτελί-

459 581 661 634 dantur
690 580 914 648 abjecta:
943 588 996 634 et
1022 580 1155 636 viles
1189 598 1314 637 cum
1358 584 1685 639 admistione
1712 584 1831 654 ejus
1864 584 2008 656 quod

459 678 544 727 est
570 671 835 742 abjectum
866 680 920 727 et
946 671 1185 727 humile?

1048 762 1273 819 CAPUT
1314 763 1431 822 XV.

527 852 693 909 Nobis
722 854 786 909 ad
820 853 932 909 haec
981 855 1205 910 minime
1249 857 1400 911 deest
1451 871 1571 926 quae
1605 855 1771 911 Deum
1822 856 2010 911 deceat

459 944 763 1013 responsio.
795 943 1009 1010 Quaeris
1033 960 1253 999 causam
1283 960 1382 1000 cur
1414 944 1556 1002 Deus
1582 947 1798 1017 genitus
1825 946 1895 1001 sit
1923 946 2009 999 in-

458 1043 542 1089 ter
572 1035 853 1089 homines?
887 1034 944 1089 Si
977 1051 1005 1088 a
1039 1037 1147 1089 vita
1168 1037 1497 1092 abstraxeris
1516 1052 1636 1107 quae
1662 1052 1693 1091 a
1722 1035 1832 1092 Deo
1855 1051 2010 1091 acce-

460 1131 550 1193 pta
580 1124 689 1179 sint
716 1124 995 1186 beneﬁcia,
1029 1124 1211 1179 dicere
1231 1141 1338 1179 non
1367 1125 1571 1195 poteris
1591 1142 1657 1181 ex
1681 1126 2008 1196 quibusnam

458 1214 621 1268 rebus
655 1213 823 1268 Deum
850 1229 1130 1286 agnosces.
1159 1214 1237 1268 Ex
1275 1214 1342 1269 iis
1375 1216 1519 1271 enim
1548 1231 1667 1286 quae
1688 1215 2004 1287 accipimus,

456 1303 855 1359 benefactorem
895 1306 1269 1375 agnoscimus.
1301 1306 1380 1361 Ad
1411 1322 1472 1361 ea
1524 1308 1669 1362 enim
1724 1323 1844 1377 quae
1874 1306 2009 1362 [lunt

457 1393 799 1463 aspicientes,
841 1409 934 1463 per
954 1402 1027 1449 ’ea
1066 1394 1186 1465 ejus
1216 1395 1308 1465 qui
1343 1397 1453 1466 agit
1501 1406 1750 1449 naturam
1791 1404 2009 1465 reputa-

455 1498 596 1537 mus.
633 1481 687 1536 Si
719 1498 849 1552 ergo
906 1483 1102 1539 divinae
1142 1492 1350 1539 natura:
1398 1484 1657 1539 indicium
1704 1493 1759 1541 et
1794 1486 2007 1554 signum

454 1575 752 1645 proprium,
788 1583 869 1629 est
926 1576 1297 1631 benevolentia
1331 1576 1384 1630 in
1418 1576 1688 1639 homines,
1722 1578 1885 1632 habes
1922 1592 2011 1629 ra-
2043 1561 2061 1577 ’

452 1665 653 1720 tionem
690 1681 849 1736 quam
874 1667 1175 1735 quaerebas,
1213 1665 1383 1721 babes
1436 1680 1657 1721 causam
1715 1682 1812 1721 cur
1865 1667 2008 1722 Deus

453 1759 660 1813 venerit
688 1760 753 1813 ad
804 1759 1071 1814 homines.
1126 1755 1274 1828 Opus
1321 1759 1463 1813 enim
1524 1758 1755 1813 habebat
1799 1757 2007 1813 medico

2111 585 2317 649 ζεσθαι.
2339 602 2354 649 ;

2695 759 2943 815 ΚΕΦΑΛ.
2976 761 3074 814 lE'.

2178 852 2292 908 Ούκ
2338 851 2646 924 ἀποροῦμεν
2677 851 2812 923 πρὸς
2858 851 3010 904 τοῦτο
3054 851 3384 921 θεοπρεποῦς
3431 850 3662 924 ἀποκρί-

2109 960 2267 1007 σεως.
2306 945 2494 1014 Ζητείς
2532 944 2629 1016 τὴν
2644 940 2818 997 αίτίαν
2831 936 2924 992 τοῦ
2944 943 3295 1013 γεγεννῆσθαι
3319 943 3449 996 Θεὸν
3475 945 3532 996 ἐν
3564 946 3661 998 ἀν-

2109 1034 2377 1107 θρώποιςς
2426 1033 2548 1087 Ἐὰν
2584 1032 2786 1106 ἀφέλῃς
2812 1032 2905 1085 τοῦ
2932 1034 3043 1103 βίου
3063 1035 3161 1097 τὰς
3181 1034 3363 1088 θεόθεν
3400 1035 3662 1103 ἀπογενο-

2112 1127 2276 1197 μένας
2312 1125 2647 1197 εὐεργεσίας,
2678 1126 2742 1178 ἐκ
2768 1126 2937 1179 ποίων
2965 1124 3239 1198 ἐπιγνὼσῃ
3284 1127 3344 1180 τὸ
3366 1127 3535 1190 Θεϊον,
3561 1129 3662 1180 οὐκ

2110 1217 2176 1270 ἂν
2206 1220 2378 1269 εἰπεῖν
2398 1216 2561 1287 ἔχοις.
2608 1216 2725 1285 Ἀφ’
2763 1209 2838 1269 ὧν
2860 1217 2968 1288 γάρ
2996 1218 3296 1288 πάσχομεν,
3325 1217 3433 1271 ἀπὸ
3457 1218 3661 1273 τούτων

2106 1306 2198 1360 τὸν
2224 1306 2516 1377 εὐεργέτην
2560 1306 3009 1377 ἐπιγινώσκομεν.
3045 1292 3186 1377 Πρός
3236 1308 3344 1379 γάρ
3369 1307 3436 1360 τὰ
3482 1308 3661 1377 γιγνό⁴

2112 1416 2244 1468 μενα
2296 1398 2604 1468 βλέποντες,
2656 1397 2744 1450 διά
2796 1399 2998 1451 τούτων
3044 1398 3141 1467 τὴν
3184 1397 3279 1450 τοῦ
3318 1396 3662 1469 ἐνεργοῦντος

2108 1488 2529 1559 ἀναλογιζόμεθα
2575 1489 2756 1557 φύσιν.
2807 1489 2870 1542 Ei
2915 1485 3006 1542 οὖν
3056 1488 3186 1541 ίδιον
3233 1485 3515 1559 γνώρισμα
3562 1488 3661 1557 τῆς

2108 1578 2255 1641 θείας
2287 1579 2498 1647 φύσεως
2534 1579 2567 1650 ή
2604 1564 3012 1649 λφιλανθρωπία,
3058 1578 3200 1647 ἔχεις
3230 1577 3288 1632 ὃν
3325 1577 3660 1651 ἐπεζήτησας

2106 1668 2280 1738 λόγον,
2317 1668 2459 1739 ἔχεις
2504 1668 2600 1741 τὴν
2642 1669 2817 1723 αἰτίαν
2847 1670 2944 1739 τῆς
2974 1669 3029 1721 ἐν
3056 1668 3357 1739 ἀνθρώποις
3403 1669 3495 1721 τοῦ
3526 1670 3661 1723 Θεοῦ

2109 1760 2425 1830 παρουσίας.
2480 1761 2676 1814 Ἐδεῖτο
2716 1761 2824 1831 γὰρ
2878 1758 2971 1812 τοῦ
3022 1759 3357 1829 ἰατρεύοντος
3414 1762 3447 1832 ἡ
3502 1759 3661 1829 φύσις

454 1858 645 1905 natura
674 1858 883 1914 nostra,
922 1864 1043 1919 qua:
1074 1851 1264 1904 morbo
1299 1850 1599 1905 laborabat.
1658 1850 1806 1921 Opus
1839 1850 2004 1904 habe-

2104 1852 2257 1921 ήμῶν
2286 1850 2645 1922 ἀσθενήσασα.
2699 1851 2895 1904 Ἐδεῖτο
2916 1849 3008 1902 τοῦ
3040 1849 3407 1922 ἀνορθοῦντος,
3434 1854 3462 1904 6
3495 1853 3551 1904 ἐν
3582 1851 3660 1923 τῷ

456 1938 550 1993 hat
588 1954 653 1993 eo
689 1939 780 2010 qui
815 1940 1066 2008 erigeret,
1097 1939 1258 1992 homo
1283 1940 1373 2009 qui
1406 1938 1696 1993 ceciderat.
1730 1938 1878 2007 Opus
1910 1940 2005 1991 ha-

456 2029 615 2084 bebat
643 2045 707 2085 eo
739 2030 831 2101 qui
863 2029 1179 2094 viviﬁcaret,
1212 2032 1303 2101 qui
1339 2046 1368 2083 a
1396 2033 1501 2085 vita
1532 2031 1828 2087 exciderat.
1857 2029 2003 2100 Opus

453 2123 687 2178 habebat
718 2138 782 2177 eo
816 2123 905 2193 qui
934 2124 997 2176 ad
1026 2124 1224 2177 bonum
1255 2122 1554 2188 reduceret,
1585 2123 1679 2192 qui
1708 2120 2005 2177 deﬂuxerat

451 2231 481 2269 a
508 2215 634 2269 boni
667 2214 1100 2283 participatione.
1141 2212 1342 2284 Egebat
1376 2215 1513 2269 lucis
1561 2215 1863 2283 praesentia,
1911 2216 2005 2285 qui

450 2314 569 2360 erat
610 2306 855 2359 inclusus
885 2304 938 2356 in
989 2303 1246 2358 tenebris.
1279 2303 1568 2369 Quaerebat
1598 2305 2000 2373 redemptorem

454 2396 721 2467 captivus,
770 2395 1075 2465 adjutorem
1110 2396 1342 2457 vinctus,
1409 2395 1755 2450 liberatorem
1810 2393 1858 2449 is
1910 2393 2004 2464 qui

446 2488 579 2557 jngo
613 2486 963 2557 premebatur
995 2486 1292 2542 servitutis.
1350 2484 1545 2541 Hmcne
1596 2493 1724 2541 sunt
1757 2501 1920 2557 parva
1950 2495 2003 2542 et

450 2580 670 2649 indigna
699 2594 818 2649 quae
856 2578 1022 2633 Deum
1058 2586 1327 2645 moveant,
1359 2590 1419 2633 ut
1450 2580 1743 2635 descendat
1787 2580 1855 2634 ad
1904 2581 2004 2634 hu-

452 2687 667 2725 manam
703 2679 954 2723 naturam
982 2669 1327 2731 visitandam,
1363 2686 1485 2723 cum
1526 2670 1660 2725 adeo
1716 2670 2007 2726 infeliciter

456 2771 509 2817 et
533 2757 918 2813 miserabiliter
950 2757 1138 2813 allecta
1175 2766 1321 2814 esset
1348 2758 1659 2814 humanitas
1685 2760 1708 2812 ?
1740 2759 1809 2812 At
1854 2767 2004 2829 pote-

453 2859 555 2911 rat,
593 2850 788 2920 inquit,
822 2856 876 2905 et
902 2848 1067 2904 homo
1103 2850 1366 2905 beneﬁcio
1404 2852 1561 2913 allici,
1600 2859 1654 2905 et
1685 2850 1828 2906 Deus
1883 2867 2003 2906 ma-

454 2956 580 2995 nere
610 2941 664 2995 in
695 2941 1119 3009 impatibilitate.
1153 2941 1256 3008 Qui
1287 2944 1429 2997 enim
1466 2943 1871 2998 universitatem
1905 2958 2003 2996 vo-

452 3033 661 3086 luntate
693 3031 964 3096 condidit,
1001 3042 1054 3087 et
1086 3035 1229 3104 quod
1263 3048 1369 3087 non
1401 3040 1517 3086 erat
1550 3033 1675 3086 fecit
1702 3032 2003 3087 consistere

449 3124 567 3177 solo
589 3132 728 3178 nutu
763 3132 817 3179 et
846 3131 1123 3179 momento
1154 3124 1471 3189 voluntatis,
1513 3138 1613 3179 cur
1660 3140 1768 3178 non
1816 3123 2001 3178 divina

448 3214 626 3284 aliqua
664 3214 993 3269 auctoritate
1012 3221 1067 3269 et
1098 3214 1324 3284 imperio
1353 3229 1382 3268 a
1411 3215 1685 3269 contraria
1733 3222 2003 3286 potestate

448 3306 698 3360 avulsum
729 3305 1003 3360 hominem
1051 3305 1272 3361 deducit
1303 3306 1370 3360 ad
1398 3323 1520 3362 eum
1544 3315 1744 3362 statum
1777 3308 1870 3378 qui
1900 3307 2003 3362 fuit

453 3396 522 3450 ab
558 3396 736 3463 initio,
770 3397 815 3451 si
849 3396 951 3450 hoc
978 3396 1027 3451 ei
1070 3397 1289 3451 iubebat
1322 3414 1337 3462 ;
1380 3396 1472 3451 sed
1506 3398 1694 3469 longos
1727 3397 1841 3452 obit
1891 3398 2002 3452 cir-

450 3484 656 3547 coitus,
686 3486 934 3555 corporis
962 3491 1211 3539 naturam
1248 3485 1491 3551 subiens,
1548 3497 1601 3540 et
1631 3501 1726 3556 per
1775 3501 2001 3557 genera-

448 3578 652 3631 tionem
720 3576 787 3630 ad
826 3576 990 3630 vitam
1026 3576 1313 3643 accedens,
1361 3588 1415 3632 et
1467 3587 1867 3648 consequenter
1907 3594 2005 3649 per

448 3684 663 3723 onmem
696 3668 968 3723 transiens
1010 3676 1242 3731 aetatem,
1272 3676 1326 3722 et
1364 3669 1558 3724 deinde
1619 3672 1889 3738 moriens,
1950 3680 2000 3725 et

448 3760 520 3812 ita
561 3774 656 3829 per
688 3774 845 3814 suum
877 3774 1077 3827 corpus
1109 3774 1371 3832 peragens
1395 3776 1617 3830 scopum
1649 3762 2003 3816 resurrectio-

449 3854 574 3907 nis:
614 3853 835 3924 perinde
886 3861 1048 3923 atque
1086 3856 1131 3908 si
1163 3854 1213 3909 ei
1264 3870 1372 3909 non
1431 3856 1616 3910 liceret
1679 3858 1916 3910 manenti
1946 3856 2001 3910 in

446 3946 643 4000 divinae
673 3946 859 4017 gloria:
892 3946 1197 4010 altitudine,
1249 3946 1409 4016 jussu
1456 3963 1672 4002 servare
1706 3948 2000 4012 hominem,

356 4042 357 4045 ‘
444 4036 635 4103 jubere
668 4046 845 4090 autem
882 4036 1060 4091 valere
1090 4036 1359 4105 ejusmodi
1412 4037 1723 4093 circuitus?
1768 4037 2003 4093 Necesse

446 4135 529 4183 est
581 4142 709 4196 ergo
773 4127 1040 4196 ejusmodi
1098 4128 1699 4199 objectionibus‘etiam
1758 4139 2000 4185 nostram

446 4217 685 4285 objicere
720 4218 1028 4280 veritatem,
1082 4226 1141 4271 ut
1187 4220 1337 4273 nulla
1394 4235 1452 4274 re
1490 4220 1817 4290 impediatur
1868 4220 2002 4275 ﬁdes

446 4325 655 4373 eorum,
686 4309 777 4379 qui
805 4308 1168 4363 examinando
1197 4319 1446 4380 qua‘runt
1478 4312 1698 4365 verbum
1736 4310 1999 4381 mysterii.

446 4400 686 4455 Primum
741 4401 885 4467 ideo,
914 4401 1059 4471 quod
1094 4416 1259 4471 supra
1283 4402 1396 4470 jam
1453 4402 1852 4472 quodammodo
1884 4402 1999 4458 dis-

2104 1943 2355 2012 πτὼματι
2400 1942 2703 2013 ἄνθρωπος.
2766 1942 2963 1995 Ἐδεῖτο
3014 1940 3108 1993 τοῦ
3164 1941 3574 2021 ζωοποιοῦντος,
3631 1944 3660 1995 6

2104 2032 2432 2103 ἐφαμαρτὼν
2479 2036 2578 2103 τῆς
2613 2032 2776 2103 ζωῆς.
2814 2032 3014 2086 Ἐδεῖτο
3045 2030 3137 2083 τοῦ
3176 2031 3310 2104 πρὸς
3339 2031 3401 2085 τὸ
3456 2032 3660 2100 ἀγαθὸν

2103 2124 2497 2191 ἐπανάγοντος,
2535 2126 2563 2177 6
2611 2124 2905 2195 ἀπορρυεὶς
2949 2124 3047 2195 τῆς
3096 2124 3187 2177 τοῦ
3223 2122 3426 2192 ἀγαθοῦ
3473 2140 3655 2193 μετου-

2106 2217 2245 2279 σίας.
2278 2217 2509 2287 Ἔχρῃζε
2539 2217 2636 2285 τῆς
2665 2215 2757 2268 τοῦ
2800 2215 2974 2284 φωτὸς
3010 2216 3329 2286 παρουσίας,
3376 2217 3404 2268 6
3440 2215 3660 2286 καθειρ-

2104 2306 2299 2377 γμένος
2329 2306 2405 2376 τῷ
2440 2306 2634 2358 σκότει.
2679 2304 2887 2375 Ἐζήτει
2915 2306 3004 2358 τὸν
3017 2306 3305 2376 ’λυτρωτὴν
3332 2305 3360 2357 6
3386 2305 3659 2375 αἰχμάλω-

2102 2413 2229 2461 τος,
2272 2395 2362 2447 τὸν
2406 2395 2800 2466 συναγωνιστὴν
2836 2398 2864 2448 6
2895 2394 3207 2467 δεσμώτης,
3243 2396 3333 2449 τὸν
3365 2395 3658 2466 ἐλευθερῶ.

2101 2487 2197 2556 τὴν
2251 2487 2280 2539 6
2328 2485 2406 2556 τῷ
2452 2485 2599 2556 ζυγῷ
2651 2486 2749 2556 τῆς
2793 2485 3031 2549 δουλείας
3083 2487 3461 2556 κατεχόμενος.
3511 2481 3660 2557 ’Λρα

2106 2576 2273 2647 μικρά
2301 2574 2470 2628 ταῦτα
2500 2576 2592 2628 καὶ
2622 2576 2809 2640 ἀνάξια
2849 2576 2939 2629 τὸν
2985 2576 3115 2629 Θεὸν
3166 2575 3479 2646 δυσωπῆσαι
3523 2576 3657 2645 πρὸς

2102 2666 2384 2735 ἐπίσκεψιν
2424 2667 2521 2736 τῆς
2570 2666 2910 2738 ἀνθρωπίνης
2958 2666 3168 2735 φύσεως
3200 2667 3530 2737 καταϐῆναι,
3562 2665 3656 2720 οῦ-

2102 2776 2209 2821 τως
2259 2756 2502 2821 ἐλεεινῶς
2548 2758 2642 2810 καὶ
2703 2757 2899 2820 ἀθλίως
2943 2758 3041 2828 τῆς
3097 2759 3504 2829 ἀνθρωπότητος
3553 2757 3660 2810 δια-

2103 2844 2392 2915 κειμένηςς
2434 2844 2570 2897 Ἀλλ’
2598 2844 2741 2915 ἐξῆν,
2772 2846 2931 2916 φησὶ,
2974 2847 3066 2899 καὶ
3115 2846 3535 2918 εὐεργετηθῆναι
3566 2848 3658 2899 τὸν

2102 2935 2417 3007 ἄνθρωπον,
2474 2936 2568 2989 καὶ
2628 2937 2686 2989 ἐν
2735 2938 2970 3010 ἀπαθείᾳ
3023 2938 3108 2993 τὸν
3163 2939 3293 2992 Θεὸν
3365 2940 3653 3011 διαμείναι.

2115 3026 2172 3079 '0
2225 3026 2333 3095 γὰρ
2382 3026 2459 3096 τῷ
2503 3026 2795 3098 βουλήματι
2847 3028 2908 3080 τὸ
2947 3032 3054 3082 πᾶν
3097 3031 3525 3100 συστησάμενος,
3562 3031 3656 3084 καὶ

2104 3119 2163 3172 τὸ
2210 3120 2283 3189 μὴ
2315 3118 2374 3172 ὃν
2424 3121 2730 3190 ὑποστήσας
2778 3123 2834 3173 ἐν
2885 3122 3021 3192 μόνη
3165 3122 3310 3193 ὁρμῇ
3355 3122 3448 3175 τοῦ
3496 3122 3656 3193 θελή-

2108 3227 2294 3280 ματος,
2316 3211 2367 3263 τί
2390 3212 2506 3281 οὐχὶ
2539 3212 2631 3265 καὶ¹
2654 3211 2742 3265 τὸν
2764 3211 3044 3283 ἄνθρωπον
3071 3212 3136 3265 δι’
3168 3213 3486 3283 αὐθεντικῆς
3516 3231 3658 3279 τινος

2105 3303 2195 3354 καὶ
2223 3301 2408 3373 θεῖκῆς
2436 3302 2678 3367 ἐξουσίας
2700 3303 2799 3372 τῆς
2827 3304 3073 3367 ἐναντίας
3100 3304 3378 3374 δυνάμεως
3410 3306 3658 3358 ἀποσπά-

2106 3410 2232 3455 σας,
2262 3392 2395 3464 πρὸς
2424 3395 2520 3463 τὴν
2549 3394 2605 3459 ἐξ
2644 3396 2817 3466 ἀρχῆς
2862 3396 2983 3463 ἀγει
3029 3396 3377 3461 κατάστασιν,
3420 3396 3467 3448 εί
3503 3395 3658 3449 τοῦτο

2104 3483 2255 3551 φίλον
2302 3483 2482 3553 αὐτῷ’
2525 3484 2658 3537 ἀλλά
2717 3485 2934 3556 μακρὰς
2983 3487 3326 3557 περιέρχεται
3379 3487 3658 3557 περιόδους

2106 3576 2371 3647 σώματος,
2409 3577 2772 3648 ὑπερχόμενος
2802 3578 2981 3647 φύσιν,
3004 3581 3660 3650 καὶδιὰγεννήςεωςπαρ·

2108 3672 2203 3726 ιὼν
2240 3677 2319 3738 εἰς
2353 3673 2443 3726 τὸν
2489 3668 2600 3737 βίον
2620 3707 2634 3730 ,
2673 3668 2764 3721 καὶ
2796 3670 2973 3721 πᾶσαν
3005 3667 3308 3733 ἀκολούθως
3338 3667 3549 3739 ἡλικίαν
3573 3668 3655 3720 δι-

2102 3758 2276 3824 εξιὼν,
2292 3754 2409 3812 εἶτα
2436 3758 2662 3813 θανάτου
2695 3759 3004 3828 γευόμενος,
3028 3760 3118 3812 καὶ
3140 3759 3309 3822 οὕτως
3335 3758 3421 3812 διὰ
3441 3762 3537 3830 τῆς
3560 3759 3658 3813 τοῦ

2105 3852 2234 3904 ίδίου
2280 3850 2529 3921 σώματος
2565 3851 3037 3914 ἀναστάσεωςςτὸν
3083 3852 3281 3904 σκοπὸν
3327 3851 3535 3905 ἀνύων·
3581 3851 3657 3914 ὡς

2100 3946 2199 3998 οὐκ
2228 3943 2345 4009 ἐξὸν
2375 3942 2523 4014 αὐτῷ
2557 3942 2766 4013 μένοντι
2808 3945 2899 3996 ἐπὶ
2938 3944 3029 3997 τοῦ
3059 3942 3346 4015 ’ὕψουςπτῆς
3375 3941 3532 4015 δόξης
3569 3942 3657 3995 διὰ

2102 4038 2515 4107 προστάγματος
2552 4036 2719 4088 σῶσαι
2752 4036 2840 4087 τόν
2873 4035 3171 4106 ἄνθρωπον,
3202 4035 3300 4100 τὰς
3328 4036 3383 4089 δὲ
3405 4035 3657 4099 τοιαύτας

2103 4128 2377 4200 περιόδους
2418 4128 2627 4199 χαίρειν
2665 4128 2859 4194 ἐάσαις
2912 4128 3117 4182 Οὐκοῦν
3154 4129 3363 4202 ἀνάγκη
3401 4129 3494 4182 καὶ
3535 4132 3658 4191 ταῖς

2100 4220 2372 4284 τοιαύταις
2398 4220 2505 4274 τῶν
2531 4220 2853 4274 ἀντιθέσεων
2872 4220 3319 4290 ἀπικαταστῆναι
3345 4221 3471 4289 παρ’
3500 4218 3658 4288 ἡμῶν

2101 4310 2197 4381 τὴν
2224 4312 2494 4383 ἀλήθειαν,
2527 4312 2603 4376 ὡς
2641 4312 2707 4365 ἂν
2734 4312 2821 4365 διά
2853 4312 3075 4383 μηδενὸς
3098 4315 3131 4381 ἡ
3174 4312 3353 4374 πίστις
3378 4310 3655 4371 κωλύοιτο,

2100 4399 2207 4452 τῶν
2234 4399 2591 4465 ἐξεταστικῶς
2632 4400 2935 4471 ζητούντων
2969 4402 3062 4453 τοῦ
3116 4399 3408 4471 μυστηρίου
3440 4398 3529 4452 τὸν
3567 4399 3656 4451 λό-

446 4508 665 4547 cnssnm
730 4503 834 4559 est,
875 4494 1302 4555 consideremus,
1331 4493 1588 4563 quidnam
1646 4493 1833 4547 virtuti
1877 4501 1998 4546 tan-

2104 4510 2211 4560 γον.
2245 4493 2467 4564 Πρῶτον
2505 4494 2602 4565 μὲν
2628 4488 2718 4547 οὖν
2743 4495 2876 4565 ὅπερ
2914 4493 3005 4545 καὶ
3035 4494 3091 4545 ἐν
3112 4495 3222 4554 τοῖς
3258 4492 3525 4561 φθάσασιν
3557 4490 3655 4561 ηδη

444 4597 605 4653 quam
644 4582 975 4636 contrarium
999 4589 1322 4652 opponatur.
1352 4582 1510 4636 Certe
1540 4581 1998 4651 quemadmodum

447 4676 683 4729 tenebrat
719 4675 941 4739 lumini,
982 4690 1130 4728 mors
1156 4673 1300 4736 vitae,
1338 4674 1410 4727 ita
1444 4672 1631 4725 virtuti
1670 4688 1886 4744 quoque
1919 4675 2001 4728 vi-

446 4766 602 4830 tium,
634 4781 730 4820 nec
758 4764 901 4818 aliud
925 4764 1218 4834 quidquam
1242 4764 1573 4819 contrarium
1600 4772 1704 4819 est.
1735 4763 1801 4819 Ut
1835 4768 2001 4828 enim,

448 4872 570 4909 cum
605 4856 774 4910 multa
801 4854 911 4909 sint
943 4870 1060 4924 qua:
1087 4853 1503 4909 considerantur
1542 4855 1596 4907 in
1616 4861 1885 4917 creatura,
1921 4855 2005 4908 ni-

449 4948 522 5001 hil
554 4947 701 5000 aliud
730 4962 794 5000 ex
833 4946 1063 5001 adverso
1094 4946 1449 5017 distinguitur
1479 4961 1507 4997 a
1532 4946 1656 5001 luce
1689 4954 1784 5000 aut
1814 4962 1842 4999 a
1868 4947 2001 5009 vita,

448 5054 556 5092 non
593 5040 753 5108 lapis,
786 5053 894 5092 non
930 5038 1155 5108 lignum,
1206 5052 1313 5091 non
1343 5052 1503 5107 aqua,
1553 5054 1661 5092 non
1694 5038 1875 5102 homo,
1907 5055 2003 5095 ne-

446 5144 551 5197 que
579 5128 781 5197 aliquid
819 5129 965 5183 aliud
1000 5145 1064 5184 ex
1104 5130 1171 5183 iis
1204 5145 1325 5199 qua:
1360 5139 1509 5193 sunt,
1551 5140 1908 5202 praeterquam
1939 5147 2003 5187 ea

445 5236 565 5291 quae
604 5223 824 5291 proprie
860 5223 1238 5294 intelliguntur
1274 5238 1338 5276 ex
1382 5227 1678 5287 contrario,
1712 5234 1894 5293 utpote
1925 5236 2003 5279 te-

446 5314 627 5368 nebrae
656 5321 708 5367 et
737 5330 885 5370 mors
919 5333 930 5368 :
959 5316 1030 5369 ita
1065 5316 1227 5371 etiam
1272 5315 1325 5368 in
1358 5316 1577 5378 virtute,
1613 5330 1771 5369 nemo
1806 5315 2005 5370 dixerit

448 5406 610 5458 ullam
638 5414 944 5459 creaturam
980 5407 1206 5477 intelligi
1231 5422 1351 5462 esse
1377 5408 1423 5460 ei
1471 5408 1827 5470 contrariam,
1870 5422 2006 5476 pra:-

446 5508 689 5565 tcrquam
724 5496 776 5550 id
825 5497 970 5567 quod
1010 5505 1189 5552 mente
1240 5497 1556 5566 concipitur,
1607 5512 1672 5551 ex
1740 5498 1891 5551 vitio.
1948 5497 2004 5553 Si

445 5601 574 5655 ergo
604 5588 656 5641 in
686 5588 817 5641 vitio
847 5589 1066 5659 quidem
1108 5600 1447 5644 natum°esse
1478 5588 1644 5643 Deum
1681 5597 1871 5647 nostra
1918 5605 2009 5644 as-

445 5691 650 5733 sereret
702 5680 899 5742 oratio,
930 5689 1234 5749 opportune
1289 5687 1474 5750 posset
1512 5681 1606 5749 qui
1657 5679 2003 5746 contradicit,

444 5780 685 5826 nostram
720 5772 976 5827 insectari
1002 5773 1183 5839 Iidem,
1210 5782 1268 5828 ut
1298 5773 1390 5841 qui
1413 5787 1475 5827 ea
1498 5772 1851 5843 opinarentur
1883 5789 2004 5843 qua:

2105 4585 2340 4656 μετρίως
2371 4586 2678 4657 ἐξήτασται,
2714 4587 2769 4639 τί
2814 4590 2878 4657 τῇ
2929 4587 3094 4657 ἀρετῇ
3136 4584 3274 4638 κατὰ
3310 4584 3370 4637 τὸ
3422 4582 3659 4636 ἐναντίον

2102 4676 2453 4748 καθέστηκεν,
2487 4678 2925 4747 ἐπισκεψώμεθα.
2964 4678 3051 4741 Ὧς
3076 4676 3213 4747 φωτὶ
3238 4677 3427 4739 σκότος
3450 4674 3543 4725 καὶ
3566 4674 3658 4726 θά-

2102 4785 2258 4832 νατος
2278 4771 2345 4839 τῇ
2378 4768 2510 4839 ζωῇ,
2545 4767 2687 4822 οὕτω
2711 4768 2805 4820 καὶ
2837 4771 2903 4839 τῇ
2942 4769 3109 4840 κακίᾳ
3136 4769 3168 4838 ἡ
3211 4766 3376 4837 ἀρετὴ
3399 4764 3657 4835 δηλονότι,

2102 4861 2195 4914 καὶ
2224 4860 2372 4913 οὐδὲν
2405 4860 2552 4929 παρά
2578 4861 2778 4931 ταύτην
2800 4861 3001 4931 ἕτερον.
3033 4860 3296 4930 Καθάπερ
3323 4857 3430 4928 γὰρ
3452 4855 3661 4910 πολλῶν

2101 4953 2267 5005 ὅντων
2285 4953 2389 5006 τῶν
2412 4954 2466 5006 ἐν
2488 4955 2551 5023 τῇ
2575 4953 2747 5005 κτίσει
2775 4952 3180 5025 θεωρουμένων,
3203 4950 3353 5003 οὐδὲν
3376 4949 3501 5002 ἀλλο
3528 4948 3663 5019 πρὸς

2101 5043 2162 5096 τὸ
2194 5042 2356 5113 φῶςῆ
2379 5043 2476 5114 τὴν
2502 5042 2645 5113 ζωὴν
2660 5042 2755 5114 τὴν
2782 5043 3160 5114 ἀντιδιαίρεσιν
3183 5040 3313 5109 ἔχει,
3332 5038 3392 5091 οὐ
3415 5037 3578 5100 λίθος,
3600 5036 3659 5089 ού

2104 5132 2274 5196 ξύλον,
2303 5133 2398 5203 οὐχ
2416 5132 2575 5201 ὕδωρ.
2600 5134 2698 5185 οὑκ
2719 5115 2816 5187 ἄνθ
2823 5148 3018 5204 ρωπος,
3044 5131 3142 5183 οὐκ
3157 5127 3283 5183 ἄλλο
3302 5145 3356 5181 τι
3370 5126 3475 5179 τῶν
3498 5125 3665 5178 ὄντων

2102 5224 2270 5288 οὐδὲν,
2304 5224 2439 5293 πλὴν
2478 5224 2619 5288 ίδίως
2640 5224 2709 5278 τὰ
2739 5225 2879 5279 κατὰ
2902 5224 2963 5277 τὸ
2993 5220 3229 5276 ἐναντίον
3248 5218 3530 5289 νοούμενα,
3556 5207 3666 5267 οἷον

2108 5315 2291 5379 σκότος
2329 5316 2421 5369 καὶ
2466 5315 2724 5381 θάνατος’
2770 5316 2916 5370 οὕτω
2952 5315 3043 5370 καὶ
3074 5314 3165 5367 ἐπὶ
3200 5312 3298 5383 τῆς
3327 5310 3525 5381 ἀρετῆς
3564 5308 3665 5361 οὐκ

2105 5404 2169 5458 ἂν
2197 5422 2280 5468 τις
2318 5406 2490 5458 κτίσιν
2528 5407 2649 5460 τινὰ
2696 5409 2835 5459 κατὰ
2869 5405 2931 5457 τὸ
2978 5402 3217 5457 ἐναντίον
3258 5402 3392 5471 αὐτῇ
3431 5396 3666 5451 νοεῖσθαι

2105 5495 2270 5564 λέγοι,
2298 5496 2433 5568 πλὴν
2471 5497 2531 5549 τὸ
2564 5498 2705 5552 κατὰ
2732 5496 2928 5550 κακίαν
2956 5495 3150 5565 νόημα.
3179 5490 3387 5547 Οὐκοῦν
3413 5491 3461 5542 εί
3492 5488 3589 5559 μὲν
3610 5490 3667 5539 ἐν

2106 5588 2271 5659 κακίᾳ.
2293 5589 2612 5659 γεγενῆσθαι
2636 5588 2696 5641 τὸ
2726 5588 2880 5641 Θεῖον
2909 5589 2937 5640 6
2966 5587 3229 5657 ἡμέτερος
3260 5581 3556 5653 ἑπρέσὸευε
3580 5578 3667 5630 λός-

2106 5698 2220 5749 γος,
2253 5680 2441 5750 καιρὸν
2471 5680 2537 5734 ἂν
2570 5675 2714 5751 εἶχεν
2745 5682 2773 5732 6
2808 5678 3103 5746 ἀντιλέγων
3133 5674 3487 5744 κατατρέχειν
3512 5667 3671 5740 ἡμῶν

2106 5774 2202 5843 τῆς
2250 5774 2513 5839 πίστεως,
2547 5772 2622 5835 ὡς
2652 5771 2970 5843 ἀνάρμοστά
3022 5786 3081 5822 τε
3116 5768 3211 5829 καὶ
3265 5763 3670 5835 ἁπεμφαίνοντα
