3978 6468
290 320 362 375 ‘9
1511 331 1767 387 ORATIO
1792 327 2289 384 CATECHETICA.
3441 330 3512 386 50

288 442 418 513 περὶ
448 444 550 512 τῆς
576 442 724 506 θείας
753 442 969 512 φύσεως
993 444 1339 512 ὣξαζὸντων.
1365 447 1440 501 Οὐ
1468 446 1577 519 γάρ
1603 448 1667 519 δὴ
1703 448 1843 519 θεμι-

1960 447 2158 502 divina:
2214 453 2423 500 natura;
2464 444 2687 499 minime
2738 454 3042 518 congruant
3075 453 3129 503 et
3161 448 3507 505 conveniant.

286 532 375 584 τὸν
405 526 477 602 ἦν
498 533 599 602 τὴν
621 534 949 601 αύτοσοφίαν
967 536 1057 587 καὶ
1078 535 1387 607 ἀγαθότητα
1410 539 1502 591 καὶ
1529 538 1855 610 ἀφθαρσίαν,

286 625 378 677 καὶ
402 626 460 677 εί
486 642 540 678 τι
572 624 774 695 ὑψηλόν
806 627 925 679 ἐστι
969 627 1149 697 νόημά
1185 644 1246 681 τε
1279 630 1372 681 καὶ
1398 628 1588 699 ὄνομα,
1630 630 1767 701 πρὸς
1797 631 1857 685 τὸ

284 718 528 769 ἐναντίον
563 719 1047 787 μεταπεπτωκέναι
1073 718 1270 787 λέγειν.
1307 721 1369 773 El
1412 716 1503 775 οὖν
1531 721 1662 784 Θεὸς
1696 722 1794 791 μὲν
1821 723 1855 793 ἡ

281 807 492 877 ἀληθὴς
539 809 742 878 ἀρετήο
788 808 949 876 φύσις
990 809 1045 861 δέ
1084 827 1169 874 τις
1210 812 1311 864 οὐκ
1352 812 1757 883 ἁντιδιαιρεῖται
1788 816 1855 884 τῇ

279 900 454 969 ἀρετῇ
482 939 499 962 ,
537 900 676 953 άλλά
723 901 918 953 κακία·
949 901 1081 965 Θεὸς
1103 902 1160 956 δὲ
1198 904 1298 957 οὐκ
1336 905 1393 956 ἐν
1424 904 1620 975 κακίᾳ,
1648 905 1763 958 ἀλλ’
1798 907 1856 959 ὲν

278 990 578 1060 ἀνθρώπου
617 991 825 1058 γίνεται
854 991 1046 1060 φύσει·
1090 992 1247 1062 μόνον
1290 992 1345 1046 δὲ
1374 994 1617 1063 ἀπρεπὲς
1648 995 1741 1048 καὶ
1771 997 1855 1048 αί-

284 1083 459 1151 σχρὸν
480 1083 541 1135 τὸ
572 1082 715 1135 κατά
741 1083 939 1136 κακίαν
966 1083 1156 1149 πάθος,
1189 1086 1246 1138 ὲν
1265 1077 1309 1153 ᾧ
1338 1086 1461 1139 οὔτε
1486 1086 1674 1155 γέγονε
1702 1086 1852 1151 Θεὸς,

279 1171 406 1225 οὔτε
438 1172 534 1225 τοῦ
568 1173 818 1241 γενέσθαι
842 1173 1004 1241 φύσιν
1035 1175 1148 1245 ἔχει
1171 1192 1185 1206 ο
1233 1174 1287 1229 τί
1316 1176 1733 1247 ἐπαισχύνονται
1756 1177 1855 1247 τὴν

275 1266 578 1333 ὁμολογίαν
613 1266 708 1319 τοῦ
744 1265 878 1319 Θεὸν
920 1266 1267 1339 ἀνθρωπίνης
1314 1267 1556 1337 ἅψασθαι
1601 1267 1851 1337 φύσεως,

275 1356 543 1427 οὐδεμιᾶς
575 1358 944 1428 ἐναντιότητος
977 1359 1051 1422 ὡς
1080 1344 1217 1430 πρὸς
1247 1360 1338 1412 τὸν
1356 1359 1458 1429 τῆς
1479 1359 1681 1431 ἀρετῆς
1700 1359 1853 1427 λόγον

277 1450 335 1500 ὲν
374 1450 444 1518 τῇ
480 1452 792 1520 κατασκευῇ
824 1448 919 1502 τοῦ
951 1449 1237 1522 ἀνθρώπου
1271 1450 1687 1522 θεωρουμένης;
1717 1450 1853 1504 Οὔτε

277 1539 387 1611 γάρ
420 1539 486 1591 τὸ
514 1539 755 1607 λογικὸν,
783 1539 907 1594 οὔτε
926 1542 985 1594 τδ
1008 1541 1367 1613 διανοητικὸν,
1394 1541 1517 1595 οὔτε
1538 1542 1600 1596 τὸ
1628 1543 1855 1614 ἐπιστή-

282 1649 391 1701 μης
420 1631 695 1696 δεκτικὸν,
717 1631 841 1685 οὔτε
871 1632 997 1687 ἄλλο
1034 1632 1289 1697 τοιοῦτον,
1320 1634 1348 1686 ὃ
1379 1637 1479 1704 τῆς
1509 1633 1853 1706 ἀνθρωπίνης

280 1723 411 1774 ίδιον
444 1722 638 1786 οὐσίας
658 1724 794 1787 ἐστὶ,
818 1723 895 1794 τῷ
920 1722 1062 1794 λόγῳ
1091 1724 1187 1795 τῆς
1214 1726 1413 1796 ἀρετῆς
1437 1724 1775 1794 ὴναντίωται.

858 1997 1125 2052 ΚΕΦΑΛ.-
1152 1998 1267 2065 Iq'.

349 2089 478 2142 Ἀλλ
500 2086 668 2158 αὐτὴ,
720 2088 902 2157 φησὶν,
933 2090 965 2159 ἠ
992 2089 1165 2161 τροπὴ
1192 2089 1284 2143 τοῦ
1310 2090 1578 2162 ἡμετέρου
1604 2091 1851 2162 σώματος

277 2178 451 2243 πάθος
482 2178 658 2232 ἐστίν.
705 2179 762 2232 '0
794 2178 852 2232 δὲ
888 2180 947 2231 ὲν
971 2180 1144 2251 τούτῳ
1174 2180 1411 2249 γεγονὼς
1431 2220 1445 2245 ,
1475 2184 1533 2235 ὲν
1576 2182 1739 2236 πάθει
1766 2183 1852 2251 γί-

276 2288 427 2324 νεται
452 2289 467 2303 ·
500 2271 718 2335 ἀπαθὲς
764 2272 821 2325 δὲ
859 2271 921 2324 τὸ
953 2270 1127 2325 Θείον.
1174 2272 1381 2326 Οὐκοῦν
1430 2272 1683 2345 ἀλλοτρία
1724 2272 1852 2344 περὶ

271 2361 410 2414 Θεοῦ
442 2362 478 2431 ἡ
513 2361 817 2431 ὑπόληψις,
870 2362 1024 2431 εἴπερ
1049 2361 1138 2417 τὸν
1165 2360 1347 2431 ἀπαθῆ
1384 2360 1524 2415 κατὰ
1573 2361 1670 2431 τὴν
1692 2360 1850 2431 φύσιν

275 2454 412 2523 πρὸς
444 2454 736 2508 κοινωνίαν
761 2452 965 2516 πάθους
994 2452 1164 2505 ὲλθείν
1196 2452 1537 2523 διορίζονται.
1575 2452 1734 2507 Ἀλλά
1757 2456 1851 2508 καὶ

275 2546 412 2616 πρὸς
440 2544 619 2598 ταῦτα
668 2544 830 2599 πάλιν
874 2545 951 2613 τῷ
980 2545 1127 2615 αὐτῷ
1173 2544 1315 2614 λόγῳ
1365 2544 1729 2615 χρησώμεθα,
1768 2546 1851 2599 ὅτι

271 2637 334 2688 τὸ
362 2637 541 2700 πάθος
577 2638 642 2691 τὸ
680 2637 779 2708 μὲν
808 2636 1031 2708 κυρίως,
1065 2636 1123 2689 τὸ
1160 2636 1215 2689 δὲ
1252 2638 1316 2690 ὲκ
1346 2639 1733 2708 καταχρήσεως
1764 2636 1853 2689 λέ-

272 2747 451 2798 γεται.
479 2730 557 2782 Τὸ
588 2729 689 2799 μὲν
721 2725 813 2783 οὖν
845 2729 1209 2801 προαιρέσεως
1244 2729 1563 2800 ἀπτόμενον,
1596 2730 1687 2782 καὶ
1715 2730 1851 2798 πρὸς

273 2816 473 2869 κακίαν
521 2816 633 2869 ἀπὸ
661 2816 762 2886 τῆς
796 2818 995 2887 ἀρετῆς
1025 2817 1412 2888 μεταστρέφον,
1448 2817 1662 2889 άληθῶς
1684 2818 1851 2882 πάθος

274 2907 387 2959 ἐστί
412 2924 428 2939 °
483 2907 547 2960 τὸ
577 2907 623 2960 δ’
651 2910 774 2962 ὅσον
800 2911 858 2962 ὲν
891 2911 954 2979 τῇ
990 2908 1149 2977 φύσει
1188 2909 1328 2963 κατὰ
1363 2910 1454 2962 τὸν
1500 2909 1627 2962 ἴδιον
1664 2910 1850 2981 είρμὸν

273 2998 623 3070 πορευομένῃ
664 2997 968 3062 διεξοδικῶς
1000 2998 1300 3068 θεωρεῖται,
1333 2998 1490 3051 τοῦτο
1521 2998 1849 3071 κυριώτερον

270 3089 430 3159 ἔργον
455 3089 524 3143 ἂν
554 3089 778 3159 μᾶλλον,
795 3090 828 3157 ἢ
848 3089 1016 3153 πάθος
1043 3090 1513 3160 προσαγορεύοιτο,
1539 3085 1648 3144 οἷον
1668 3092 1700 3163 ἡ
1718 3091 1843 3159 γέν-

1955 536 2073 593 Non
2099 538 2243 592 enim
2274 536 2355 592 fas
2379 543 2523 592 esset
2554 536 2734 591 dicere
2766 538 2938 605 ipsam
2963 553 3057 607 per
3094 552 3155 592 se
3187 537 3508 607 sapientiam

1954 637 2010 684 et
2042 629 2338 684 bonitatem
2367 635 2424 681 et
2474 627 2961 697 incorruptionem.
3012 637 3065 683 et
3106 628 3151 684 si
3203 638 3288 683 est
3324 629 3510 699 aliqua

1954 720 2205 775 sublimis
2233 719 2602 790 intelligentia,
2634 726 2689 774 et
2710 719 2944 775 sublime
2974 736 3190 784 nomen,
3227 731 3507 775 transmu-

1954 820 2126 865 tatum
2166 827 2289 867 esse
2316 812 2371 865 in
2409 812 2762 865 contrarium.
2824 810 2881 864 Si
2939 826 3071 881 ergo
3119 812 3261 868 Deus
3290 811 3509 881 quidem

1954 914 2034 959 est
2064 919 2191 958 vera
2235 903 2428 967 virtus,
2465 903 2612 957 nulla
2651 910 2831 958 autem
2876 910 3073 957 natura
3105 910 3361 972 tanquam
3413 902 3497 955 ad~

1953 1010 2111 1050 versa
2145 996 2401 1050 statuitur
2439 995 2651 1060 virtuti,
2712 993 2807 1071 sed
2839 995 3028 1049 vitium
3059 1011 3074 1060 ;
3130 993 3273 1049 Deus
3327 1002 3507 1048 autem

1954 1101 2063 1140 non
2096 1088 2331 1157 gignitur
2366 1087 2421 1141 in
2450 1087 2601 1151 vitio,
2640 1086 2733 1141 sed
2764 1086 2819 1140 in
2846 1094 3041 1139 natura
3076 1084 3352 1150 hominis;
3390 1084 3507 1138 sola

1956 1190 2134 1234 autem
2163 1187 2250 1235 est
2279 1180 2535 1235 indecora
2564 1190 2619 1235 et
2651 1180 2827 1249 turpis
2857 1194 2976 1248 quae
3006 1194 3070 1234 ex
3096 1178 3229 1231 vitio
3267 1188 3351 1232 est
3382 1175 3509 1231 affe-

1952 1270 2085 1334 ctio,
2120 1270 2172 1323 in
2206 1285 2317 1339 qua
2351 1284 2450 1324 nec
2480 1271 2697 1339 genitus
2726 1278 2810 1324 est
2839 1268 3001 1332 Deus,
3032 1283 3132 1322 nec
3177 1282 3240 1321 ea
3266 1275 3351 1322 est
3390 1266 3510 1335 ejus

1952 1369 2151 1415 natura
2180 1368 2237 1414 ut
2267 1361 2413 1431 gigni
2453 1363 2650 1431 possit,
2703 1376 2802 1415 cur
2832 1359 3000 1431 pudet
3028 1360 3124 1414 eos
3154 1358 3305 1413 fateri
3338 1358 3507 1413 Deum

1952 1452 2246 1507 humanam
2279 1453 2527 1522 attigisse
2586 1460 2860 1516 naturam,
2900 1450 3122 1520 perinde
3178 1464 3241 1504 ac
3276 1450 3324 1505 si
3368 1450 3509 1503 ratio

1950 1543 2171 1598 virtutis
2207 1546 2584 1600 consideretur
2612 1544 2887 1599 contraria
2917 1540 3213 1597 conditioni
3238 1541 3511 1596 hominis?

1949 1632 2137 1704 Neque
2167 1635 2312 1689 enim
2344 1635 2573 1691 rationis
2607 1644 2660 1691 et
2713 1633 3089 1704 intelligentiae
3136 1648 3257 1690 esse
3285 1632 3510 1702 partici-

1952 1740 2096 1795 pem,
2135 1742 2314 1797 neque
2346 1728 2586 1783 scientiae
2636 1742 2761 1782 esse
2792 1739 3068 1795 capacem,
3131 1740 3307 1795 neque
3343 1724 3507 1795 quid—

1878 1826 1920 1882 B
1948 1832 2109 1888 quam
2138 1819 2284 1873 aliud
2310 1817 2600 1888 ejusmodi,
2635 1817 2779 1887 quod
2822 1824 2907 1872 est
2950 1817 3225 1888 praprium
3260 1818 3508 1871 humanae

1948 1913 2220 1977 essentia,
2252 1919 2516 1983 repugnat
2544 1910 2743 1964 rationi
2780 1909 3016 1963 virtutis.

2523 2000 2750 2058 CAPUT
2788 2000 2927 2057 XVI.

2018 2094 2088 2149 At
2110 2095 2245 2164 ipsa,
2281 2094 2478 2165 inquit,
2511 2094 2682 2149 nostri
2708 2090 2959 2163 corporis
3000 2092 3229 2145 mutatio
3256 2098 3340 2147 est
3375 2089 3504 2145 alie-

1949 2188 2078 2242 ctio.
2115 2186 2218 2252 Qui
2249 2194 2431 2241 autem
2463 2186 2519 2240 in
2554 2202 2615 2241 ea
2648 2184 2832 2249 fuerit,
2868 2184 3120 2238 allicitur.
3153 2182 3297 2239 Deus
3329 2192 3508 2237 autem

1948 2286 2034 2341 est
2061 2278 2399 2348 impatibilis.
2437 2278 2532 2335 Est
2559 2295 2691 2349 ergo
2713 2279 2889 2333 aliena
2920 2277 2989 2331 de
3023 2276 3132 2332 Deo
3155 2275 3508 2339 existimatio,

1948 2370 2216 2439 siquidem
2255 2385 2380 2425 eum
2411 2371 2506 2440 qui
2541 2378 2625 2425 est
2665 2368 2987 2440 impatibilis
3018 2369 3318 2424 secundum
3351 2376 3513 2421 natu-

1950 2476 2088 2525 ram,
2116 2469 2365 2516 statuunt
2392 2462 2580 2537 venire
2611 2462 2677 2515 ad
2709 2462 3152 2516 communionem
3184 2457 3505 2513 ali‘ectionisl

1952 2551 2057 2607 Sed
2093 2554 2159 2608 ad
2185 2554 2297 2608 haec
2318 2569 2536 2626 quoque
2563 2568 2755 2609 rursus
2780 2554 2967 2609 eadem
2998 2560 3212 2607 utemur
3242 2552 3511 2615 oratione,

1951 2659 2147 2714 nempe
2182 2644 2323 2714 quod
2351 2643 2566 2699 aﬂ‘ectio
2626 2644 2731 2697 alia
2766 2644 2985 2713 quidem
3032 2642 3250 2712 proprie
3286 2641 3506 2702 dicitur,

1950 2734 2054 2788 alia
2093 2750 2222 2789 vero
2263 2750 2359 2804 per
2410 2734 2751 2790 abusionem.
2794 2735 2972 2803 Atque
3026 2750 3088 2788 ea
3120 2732 3334 2803 quidem
3390 2747 3513 2802 qua:

1960 2824 2134 2893 tangit
2168 2824 2400 2879 liberum
2457 2824 2622 2878 animi
2676 2824 2964 2878 arbitrium
2998 2836 3051 2878 et
3087 2823 3426 2884 electionem,
3458 2830 3511 2875 et
3608 2846 3611 2847 ν

1950 2924 1980 2963 a
2014 2910 2213 2966 virtute
2256 2913 2449 2966 avertit
2505 2912 2572 2966 ad
2634 2911 2852 2976 vitium,
2908 2914 3126 2982 proprie
3157 2918 3242 2965 est
3275 2910 3507 2965 affectio.

1948 3003 2079 3069 Qua:
2107 3012 2283 3057 autem
2316 3004 2370 3057 in
2394 3011 2585 3059 natura
2621 3020 2716 3075 per
2738 3020 2891 3059 suam
2924 3003 3116 3059 seriem
3170 3002 3511 3056 transeundo

1951 3095 2286 3167 ingrediente
2315 3096 2714 3155 consideratur.
2746 3111 2807 3151 ea
2837 3110 2976 3165 Opus
3006 3095 3189 3165 potius
3218 3109 3382 3163 quam
3429 3092 3511 3146 af-

268 3158 445 3251 νησις,
476 3183 511 3251 ἡ
534 3158 785 3251 αὔξησις,
819 3183 851 3252 ή
877 3181 965 3234 διὰ
1014 3158 1115 3252 τῆς
1144 3158 1436 3253 ἐπιρρύτου
1465 3199 1524 3235 τε
1551 3181 1643 3235 καὶ
1667 3158 1843 3254 ἀπορ-

1947 3158 2108 3243 l'ectio
2146 3189 2364 3258 proprie
2412 3196 2496 3244 est
2552 3158 2890 3258 appellanda:
2956 3158 3021 3241 ut
3069 3158 3368 3258 generatio,
3404 3201 3501 3239 au-

270 3272 435 3342 ρύτου
461 3272 565 3339 τῆς
612 3271 817 3341 τροφῆς
856 3269 949 3324 τοῦ
980 3270 1335 3341 ὑποκειμένου
1366 3268 1612 3340 διαμονὴ,
1666 3270 1699 3339 ἡ
1738 3268 1845 3322 τῶν

268 3363 558 3431 στοιχείων
605 3361 737 3432 περὶ
769 3363 828 3414 τὸ
866 3360 1024 3431 σῶμα
1054 3360 1347 3431 συνδρομὴ.
1382 3361 1415 3431 ἡ
1443 3357 1537 3412 τοῦ
1570 3358 1847 3412 συντεθέν-

263 3474 359 3518 τος
388 3455 557 3510 πάλιν
582 3454 823 3516 διάλυσίς
846 3471 906 3506 τε
938 3455 1032 3507 καὶ
1064 3454 1201 3525 πρὸς
1236 3453 1305 3507 τὰ
1334 3453 1566 3523 συγγενῆ
1600 3450 1845 3523 μεταχώ-

266 3565 452 3617 ρησις.
487 3547 645 3610 Τίνος
687 3540 780 3599 οὖν
813 3545 961 3614 λέγει
1003 3545 1064 3599 τὸ
1099 3546 1393 3615 μυστήριον
1416 3546 1570 3615 ἡμῶν
1597 3542 1765 3614 ἧφθαι
1786 3544 1846 3597 τὸ

261 3640 465 3701 Θεῖονς
510 3635 607 3689 τοῦ
651 3636 854 3707 κυρίως
894 3636 1187 3707 λεγομένου
1230 3636 1455 3699 πάθους,
1492 3636 1628 3707 ὅπερ
1678 3636 1845 3690 κακία

262 3728 442 3786 ἐστὶν,
470 3726 504 3795 ῆ
533 3726 629 3779 τοῦ
656 3726 798 3779 κατά
836 3725 996 3794 φύσιν
1025 3728 1321 3797 κινήματος
1346 3743 1361 3789 ;
1407 3727 1469 3779 Εί
1503 3726 1603 3797 μὲν
1651 3726 1759 3798 γάρ
1785 3729 1844 3780 ὲν

259 3822 381 3882 τοῖς
404 3820 875 3889 άπηγορευμένοις
902 3818 1227 3888 γεγενῆσθαι
1252 3819 1312 3873 τὸ
1338 3820 1487 3873 Θεῖον
1528 3822 1556 3873 ό
1582 3819 1735 3888 λόγος
1768 3820 1845 3873 δι-

262 3907 605 3981 ισχυρίζετο,
637 3908 858 3976 φεύγειν
897 3909 1004 3961 ἔδει
1042 3910 1139 3980 τὴν
1164 3910 1392 3962 ἀτοπίαν
1428 3908 1519 3962 τοῦ
1555 3909 1840 3980 δόγματος,

258 4005 344 4065 ὡς
368 4002 523 4055 οὐδὲν
557 4002 703 4069 ὑγιὲς
733 4001 859 4071 περὶ
896 4000 995 4069 τῆς
1034 3999 1181 4061 θείας
1206 3999 1417 4069 φύσεως
1440 3999 1741 4064 διεξιόντος.
1781 4001 1844 4053 Ei

258 4096 322 4147 δὲ
351 4095 450 4163 τῆς
494 4093 706 4161 φύσεως
740 4093 896 4163 ἡμῶν
928 4092 1087 4146 αὐτὸν
1124 4091 1362 4162 ὲφῆφθαι
1394 4091 1560 4159 λέγει,
1586 4085 1654 4163 ἧς
1679 4093 1771 4144 καὶ
1809 4094 1842 4162 ἠ

261 4186 463 4256 πρώτη
506 4186 717 4252 γένεσίς
769 4202 829 4238 τε
880 4186 973 4238 καὶ
1020 4185 1310 4246 ὑπόστασις
1362 4186 1487 4254 παρ’
1538 4183 1699 4237 αὑτοῦ
1745 4185 1843 4257 τὴν

262 4278 445 4348 ἀρχὴν
473 4277 621 4347 ἔσχε,
646 4276 747 4329 ποῦ
768 4276 868 4346 τῆς
894 4276 1012 4347 Θεῷ
1036 4275 1352 4346 πρεπούσης
1384 4276 1589 4339 ἐννοίας
1610 4276 1843 4346 διαμαρ-

260 4371 420 4421 τάνει
461 4370 524 4421 τὸ
574 4370 863 4439 κήρυγμα,
901 4370 1164 4439 μηδεμιᾶς
1203 4368 1509 4439 παθητικῆς
1550 4369 1841 4433 διαθέσεως

262 4461 327 4510 ἐν
353 4461 476 4522 ταῖς
518 4459 647 4528 περὶ
691 4458 825 4511 Θεοῦ
869 4458 1169 4528 ύπολήψεσι
1208 4460 1274 4529 τῇ
1308 4458 1484 4512 πίστει
1529 4460 1768 4530 είσιούση

262 4552 403 4605 usae
428 4550 540 4621 γάρ
566 4550 659 4602 τὸν
684 4550 864 4621 ίατρὺν
896 4551 952 4603 ὲν
974 4550 1132 4604 πάθει
1159 4549 1402 4619 γίνεσθαι
1430 4550 1677 4621 λέγομεν,
1712 4552 1839 4605 ὅταν

262 4642 553 4713 θεραπεύῃ
578 4641 670 4693 τὸν
694 4642 752 4693 ὲν
798 4640 956 4694 πάθει
989 4641 1293 4711 γενόμενον.
1341 4641 1497 4694 Ἀλλὰ
1536 4642 1638 4695 κᾶν
1672 4659 1838 4712 προσ-

264 4732 473 4800 adrutum.
494 4729 593 4782 τοῦ
616 4730 1065 4801 ἀρρωστήματος,
1095 4730 1197 4795 ἔξω
1222 4730 1425 4795 πάθους
1450 4734 1477 4785 6
1502 4731 1837 4803 θεραπευτής

258 4822 531 4892 διαμένει.
594 4823 657 4875 El
688 4824 717 4891 ἡ
749 4823 958 4890 γένεσις
990 4824 1124 4895 αὐτὴ
1157 4822 1278 4877 καθ’
1305 4824 1501 4895 ἑαυτὴν
1537 4824 1706 4888 πάθος
1736 4827 1834 4879 οὐκ

262 4916 412 4968 ἔστιν
477 4915 589 4968 οὐδ’
632 4915 698 4968 ἂν
730 4918 793 4985 τῇ
841 4916 952 4987 ζωῇ
987 4933 1070 4979 τις
1113 4915 1281 4978 πάθος
1326 4917 1830 4988 προσαγορεύσειεν.

273 5008 442 5060 Ἀλλά
473 5008 535 5058 τὸ
554 5007 674 5060 καθ’
699 5007 887 5077 ἡδονὴν
915 5007 1083 5071 πάθος
1106 5010 1205 5077 τῆς
1228 5007 1571 5081 ἀνθρωπίνης
1596 5009 1845 5078 καθηγεῖ-

259 5115 351 5151 ται
385 5097 676 5167 γενέσεως,
708 5098 802 5151 καὶ
844 5100 877 5169 ὴ
913 5100 1047 5169 πρὸς
1075 5099 1269 5152 κακίαν
1300 5099 1442 5171 ὁρμὴ
1475 5100 1582 5153 τῶν
1605 5099 1841 5165 ζώντων,

260 5190 426 5243 τοῦτο
438 5189 541 5259 τῆς
564 5190 779 5258 φύσεώς
802 5191 947 5243 ἐστιν
970 5190 1325 5261 ἀρρώστημα.
1344 5191 1504 5246 Ἀλλὰ
1540 5192 1645 5263 μὴν
1667 5192 1844 5261 άμφου

260 5284 441 5352 τέρων
468 5283 650 5336 αὐτῶν
679 5282 997 5354 καθαρεύειν
1035 5284 1169 5355 φησὶ
1209 5285 1270 5337 τὸ
1302 5286 1613 5356 μυστήριον.
1662 5283 1725 5337 Ei
1751 5279 1842 5337 οὖν

263 5374 457 5449 ᾐδονῆς
486 5374 585 5444 μὲν
618 5375 652 5443 ἡ
698 5374 908 5441 γένεσις
941 5375 1311 5445 ἠλλοτρίωται,
1343 5375 1537 5438 κακίας
1559 5374 1616 5429 δὲ
1646 5375 1678 5445 ὴ
1703 5374 1834 5445 ζωὴ,

265 5468 419 5517 ποῖον
443 5466 795 5519 ὑπολείπεται
830 5467 1018 5530 πάθος,
1035 5461 1095 5519 οὗ
1124 5466 1213 5519 τὸν
1229 5466 1360 5521 Θεὸν
1386 5466 1835 5535 κεκοινωνηκέναι

263 5555 398 5626 φησὶ
430 5557 492 5611 τὸ
512 5558 612 5629 τῆς
650 5558 929 5622 εύσεὸείας
960 5562 1290 5630 μυστήριον;

1774 4476 1915 4560 HD

1945 3288 2247 3351 gmentum.
2273 3296 2393 3351 quae
2411 3296 2505 3350 per
2532 3280 2801 3334 amuentis
2826 3288 2881 3333 et
2911 3278 3180 3334 eiiiuentis
3208 3277 3510 3357 nutrimen-

1947 3383 2058 3427 tum
2113 3372 2344 3443 subjecti
2403 3372 2462 3426 tit
2507 3373 2855 3443 permansio,
2917 3372 3311 3426 elementorum
3365 3368 3510 3423 circa

1944 3478 2143 3533 corpus
2178 3464 2487 3527 concursio,
2528 3462 2820 3532 compositi
2881 3476 3073 3515 rursus
3113 3459 3422 3520 dissolutio.
3456 3469 3509 3512 et

1945 3555 2011 3608 ad
2042 3570 2105 3609 ea
2138 3571 2261 3626 qua:
2297 3564 2426 3611 sunt
2468 3562 2697 3627 cognata
2729 3554 3012 3609 transitus.
3048 3551 3348 3617 Quamnam
3380 3565 3511 3620 ergo

1946 3644 2292 3703 aﬂ‘ectionem
2339 3648 2473 3703 dicit
2524 3647 2844 3719 mysterium
2880 3654 3128 3701 nostrum
3176 3644 3341 3699 Deum
3389 3645 3511 3697 teti-

1943 3739 2139 3810 gisse?
2185 3754 2375 3794 eamne
2409 3754 2530 3810 qua:
2574 3740 2791 3809 proprie
2847 3739 3049 3793 dicitur
3102 3736 3339 3797 aﬂ‘ectio,
3390 3753 3511 3807 quae

1943 3830 2162 3902 quidem
2188 3840 2272 3886 est
2310 3832 2524 3895 vitium,
2582 3847 2650 3886 an
2695 3841 2901 3885 motum
2952 3830 3046 3900 qui
3081 3840 3165 3885 est
3209 3829 3507 3887 secundum

1944 3933 2193 3977 naturam
2223 3924 2247 3977 ?
2273 3921 2408 3976 Nam
2441 3923 2486 3979 si
2543 3924 2598 3978 in
2632 3923 2701 3977 iis
2736 3922 2953 3994 quidem
2980 3936 3102 3993 qua:
3160 3931 3282 3977 sunt
3323 3919 3510 3992 probi-

1944 4015 2055 4069 bita
2093 4014 2259 4070 Deum
2280 4014 2449 4071 fuisse
2480 4015 2771 4071 aﬂirmaret
2802 4025 2993 4071 nostra
3026 4015 3223 4080 oratio,
3254 4014 3506 4083 lugienda

1943 4117 2090 4163 esset
2123 4108 2434 4165 absurditas
2466 4108 2768 4177 dogmatis,
2802 4117 2859 4162 ut
2884 4107 3029 4178 quod
3064 4108 3199 4161 nihil
3252 4107 3387 4161 recti
3426 4106 3509 4159 di-

1943 4206 2091 4252 ceret
2121 4196 2190 4253 de
2221 4198 2401 4252 divina
2433 4206 2648 4252 natura.
2692 4197 2789 4253 Sin
2826 4210 3004 4253 autem
3043 4198 3173 4252 dicit
3225 4212 3351 4252 eum
3405 4211 3505 4251 no-

1942 4302 2111 4344 stram
2170 4290 2418 4360 attigisse
2458 4297 2731 4355 naturam,
2787 4290 2947 4359 cujus
2980 4289 3192 4359 primus
3251 4297 3406 4341 ortus
3453 4295 3507 4340 et

1943 4382 2250 4437 substantia
2275 4382 2343 4436 ab
2368 4397 2432 4438 eo
2461 4382 2652 4437 habuit
2682 4383 3031 4453 principium,
3079 4382 3298 4436 ubinam
3351 4381 3508 4434 aber-

1944 4472 2031 4527 rat
2063 4474 2377 4543 praedicatio
2409 4475 2478 4529 ab
2510 4490 2573 4529 ea
2614 4490 2733 4545 quae
2764 4474 2930 4529 Deum
2960 4474 3115 4528 decet
3144 4473 3342 4528 mentis
3371 4487 3505 4527 con-

1945 4566 2217 4634 ceptione,
2247 4581 2370 4621 cum
2412 4566 2561 4620 nulla
2622 4566 2865 4636 patibilis
2897 4564 3135 4630 aﬂectin,
3201 4564 3255 4618 in
3290 4564 3356 4618 iis
3387 4580 3509 4629 qua:

1945 4656 2012 4710 de
2050 4655 2160 4709 Deo
2208 4665 2336 4711 sunt
2367 4657 2739 4726 opinionibus,
2773 4657 2930 4711 tidem
2986 4656 3364 4726 ingrediatur?
3404 4653 3505 4709 Ne-

1943 4764 2050 4819 que
2083 4748 2229 4803 enim
2261 4748 2532 4804 medicum
2557 4749 2791 4804 dicimus
2818 4764 2943 4805 esse
2971 4748 3247 4809 allectum.
3284 4746 3507 4817 quando

1942 4856 2066 4896 eum
2092 4848 2247 4895 curat
2274 4842 2366 4911 qui
2401 4849 2485 4897 est
2503 4840 2745 4897 allectus.
2784 4840 2889 4895 Sed
2921 4848 2976 4895 et
3005 4842 3051 4897 si
3083 4841 3321 4910 attigerit
3349 4840 3504 4909 aegri-

1944 4932 2210 4997 tudinem,
2267 4933 2315 4988 is
2366 4933 2461 5003 qui
2520 4932 2786 4999 medetur,
2816 4940 2997 4987 manet
3029 4940 3268 4986 remotus
3309 4931 3377 4983 ab
3418 4929 3504 4982 at'~

1946 5026 2201 5081 lectione.
2233 5026 2289 5080 Si
2319 5035 2497 5081 autem
2529 5026 2645 5095 ipse
2685 5034 2839 5080 ortus
2868 5041 2965 5095 per
3016 5042 3074 5080 se
3105 5040 3214 5078 non
3245 5030 3331 5078 est
3373 5021 3503 5077 alie-

1939 5117 2070 5182 ctio,
2102 5133 2279 5187 neque
2308 5117 2418 5171 vita
2476 5116 2798 5187 appellanda
2838 5126 2921 5172 est
2951 5116 3188 5171 alfectio.
3247 5114 3353 5169 Sed
3384 5130 3505 5184 quae

1940 5225 2003 5263 ex
2060 5209 2336 5278 voluptate
2394 5209 2610 5278 quidem
2651 5208 2869 5263 exsistit
2924 5207 3159 5267 alie-etin.
3205 5206 3497 5260 humanam

1940 5301 2198 5368 praecedit
2230 5302 2655 5372 generationem,
2698 5309 2752 5356 et
2784 5301 2877 5370 qui
2943 5300 3009 5353 ad
3074 5300 3267 5353 vitium
3333 5298 3505 5354 fertur

1949 5393 2242 5446 viventium
2272 5393 2525 5463 impetus,
2562 5408 2625 5447 ea
2649 5402 2733 5447 est
2764 5400 2970 5445 natura:
3015 5389 3301 5460 aegritudo.
3336 5389 3499 5459 Atqui

1945 5501 2068 5539 eum
2104 5486 2171 5537 ab
2208 5493 2439 5553 utroque
2464 5500 2585 5540 esse
2616 5484 2876 5537 mundum
2906 5483 3039 5537 dicit
3067 5483 3405 5552 mysterium.
3442 5479 3496 5534 Si

1944 5593 2072 5646 ergo
2100 5592 2129 5630 a
2160 5576 2435 5646 voluptate
2467 5575 2687 5645 quidem
2718 5574 2895 5628 aliena
2928 5583 3011 5629 est
3038 5575 3316 5643 generatio
3349 5592 3363 5638 ;
3392 5573 3501 5626 vita

1946 5677 2125 5723 autem
2150 5684 2180 5722 a
2206 5669 2339 5721 vitio
2364 5685 2377 5720 :
2406 5682 2653 5737 qurenam
2684 5675 2855 5720 restat
2884 5664 3122 5729 allectio.
3153 5666 3310 5735 cujus
3337 5665 3503 5720 Deum

1947 5761 2117 5816 fuisse
2152 5761 2467 5830 participem
2499 5758 2631 5814 dicit
2661 5758 2905 5814 divinum
2938 5758 3299 5833 mysterium!
