3978 6504
472 339 529 394 ει
1674 338 1733 396 S.
1774 334 2027 396 GREGOI

2136 336 2427 396 NYSSENI
3610 324 3699 382 58'

542 458 599 511 Si
629 456 876 527 corporis
906 463 1084 511 autem
1132 464 1184 511 et
1221 456 1417 511 animae
1461 456 1881 526 disjunctionem
1929 472 2020 525 ap-

2148 506 2159 511 -
2194 459 2255 511 Εἰ
2293 458 2349 511 δὲ
2380 458 2478 530 τὴν
2506 457 2600 510 τοῦ
2634 457 2884 528 σώματος
2913 455 3007 509 καὶ
3036 454 3132 525 τῆς
3159 452 3334 523 ψυχῆς
3362 467 3444 514 τις
3468 447 3683 512 διάζευ-

472 551 629 619 pellet
674 550 942 618 quispiam
998 549 1357 609 affectionem,
1416 549 1571 618 longe
1607 549 1755 618 prius
1811 564 2021 616 equum

472 640 633 694 fuerit
673 640 961 708 utriusque
1009 640 1428 693 concursionem
1471 641 1744 707 appellare
1782 639 2025 693 allectio-

475 745 613 781 nem.
682 734 810 781 Nam
844 731 890 782 si
946 731 1218 799 separatio
1273 738 1358 783 est
1415 728 1630 784 aﬁectio
1684 745 1872 784 eorum
1906 744 2027 800 qua:

471 834 596 878 sum
633 823 945 893 conjuncta.
988 821 1300 890 coujunetio
1347 839 1565 893 quoque
1602 823 1766 877 fuerit
1815 823 2027 878 aﬂectio

471 928 656 969 eorum
688 932 807 984 qua:
833 924 961 969 sunt
985 914 1281 983 disjuncta.
1307 914 1399 970 Est
1428 917 1572 970 enim
1602 917 1821 985 quidam
1845 926 2026 971 motus

475 1008 682 1068 unitus,
715 1014 769 1062 et
802 1008 854 1059 in
910 1007 1261 1061 concretione
1290 1022 1474 1061 eorum
1505 1022 1624 1078 quae
1659 1016 1787 1061 sunt
1818 1008 2029 1077 disjun-

472 1106 578 1162 cta,
615 1099 738 1153 etin
774 1098 1103 1153 discretione
1150 1112 1338 1154 eorum
1398 1115 1517 1168 qua:
1571 1108 1698 1154 sunt
1751 1106 2025 1154 contexta.

472 1188 623 1255 Quod
678 1196 857 1243 autem
920 1200 1147 1242 vocatur
1193 1199 1374 1244 motus
1405 1190 1649 1252 ultimus,
1692 1190 1795 1243 hoc
1842 1188 2027 1243 vocari

472 1280 722 1334 convenit
778 1281 941 1333 etiam
999 1280 1419 1349 praecedentem.
1474 1280 1532 1334 Si
1585 1290 1764 1334 autem
1818 1280 2028 1349 primus

473 1379 672 1430 motus,
708 1386 868 1440 quem
928 1370 1277 1425 nominamus
1328 1372 1756 1440 generationem,
1799 1386 1829 1424 a
1868 1373 2027 1426 nobis

473 1462 782 1516 nominetur
802 1460 1037 1526 aﬂectio,
1072 1477 1139 1515 ex
1162 1464 1519 1532 consequenti
1542 1464 1701 1517 etiam
1727 1465 1772 1519 is
1792 1464 2027 1529 dicetur,

472 1566 569 1620 per
595 1566 752 1619 quem
785 1551 1077 1606 concursio
1105 1552 1300 1605 animae
1327 1560 1381 1606 et
1415 1555 1663 1622 corporis
1704 1556 2024 1609 secernitur.

472 1642 637 1695 Deum
670 1652 851 1697 autem
878 1642 1112 1697 dicimus
1134 1644 1301 1699 fuisse
1328 1644 1380 1697 in
1409 1654 1635 1714 utroque
1658 1653 1806 1699 motu
1832 1654 2029 1702 nostra

471 1741 697 1793 natura},
731 1748 828 1801 per
853 1749 1014 1803 quem
1052 1735 1232 1787 anima
1263 1736 1545 1789 concurrit
1596 1752 1720 1790 cum
1777 1751 2025 1806 corpore.

472 1832 527 1875 et
557 1838 753 1891 corpus
780 1825 1084 1879 secernitur
1107 1826 1175 1879 ab
1204 1827 1403 1879 anima.
1429 1828 1561 1881 Cum
1587 1836 1818 1898 utroque
1847 1837 2026 1882 autem

475 1914 689 1975 horum,
723 1930 845 1968 cum
882 1917 1093 1979 sensili,
1147 1918 1388 1987 inquam,
1424 1925 1477 1972 et
1534 1918 1847 1990 intelligenti
1882 1934 2030 1974 com-

475 2007 635 2060 mista
700 2007 931 2062 humana
988 2010 1335 2064 concretione
1397 2025 1491 2079 per
1524 2010 1670 2063 illam
1708 2010 2030 2064 incﬂahilem

474 2104 527 2149 et
560 2097 990 2167 inexplicabilem
1020 2102 1592 2170 contemperationem,
1618 2102 1719 2155 hoc
1746 2101 1887 2157 Deus
1917 2118 2034 2171 pro-

475 2188 610 2242 vidit
641 2197 695 2244 et
724 2191 1147 2259 administravit,
1208 2203 1266 2247 ut
1295 2209 1482 2249 eorum
1518 2210 1637 2264 qua:
1684 2195 1850 2248 semel
1882 2196 2032 2249 unita

474 2289 677 2344 essent,
711 2284 923 2343 animae,
952 2286 1194 2353 inquam,
1224 2293 1277 2339 et
1305 2288 1576 2355 corporis,
1610 2286 1772 2341 etiam
1811 2287 1863 2339 in
1890 2302 2033 2342 sem-

477 2372 746 2441 piternum
775 2386 1115 2443 permaneret
1149 2377 1299 2431 unio.
1338 2376 1471 2430 Cum
1513 2379 1657 2432 enim
1718 2386 1903 2433 nostra
1937 2393 2033 2432 na-

465 2445 595 2516 tura
627 2480 721 2532 per
746 2466 1019 2535 prepriam
1050 2468 1516 2537 consequentiam,
1555 2470 1609 2522 in
1637 2470 1729 2523 illo
1758 2478 1903 2524 mota
1947 2485 2033 2525 es-

476 2563 559 2607 set
589 2555 653 2607 ad
686 2557 1042 2612 secretiouem
1066 2560 1259 2613 animae
1286 2568 1338 2615 et
1362 2562 1606 2631 corporis
1633 2581 1645 2615 :
1676 2578 1795 2632 quae
1824 2571 2032 2618 secreta

475 2663 537 2701 ac
576 2659 823 2718 separata
884 2650 1097 2705 fuerant
1156 2669 1350 2707 rursus
1407 2656 1712 2725 ctmjunxit,
1766 2672 1833 2711 eo
1888 2656 2032 2726 quod

476 2741 651 2794 fuerat
681 2742 979 2808 desectum,
1026 2760 1121 2813 per
1177 2746 1448 2814 quoddam
1506 2749 1669 2801 veluti
1727 2748 2029 2820 glutinum,

474 2849 568 2902 per
596 2833 858 2897 divinam,
897 2836 1141 2905 inquam,
1185 2839 1463 2903 virtutem,
1500 2839 1565 2893 ad
1616 2841 1866 2895 unionem
1913 2856 2034 2911 qua:

472 2926 648 2994 rumpi
680 2927 899 2980 minime
930 2936 1128 2996 potest,
1161 2938 1444 2998 compacto
1484 2940 1539 2985 et
1570 2933 1923 2987 concinnato.
1970 2932 2034 2986 Et

474 3017 575 3071 hoc
604 3026 687 3071 est
717 3022 1072 3084 resurrectio,
1096 3036 1281 3076 eorum
1307 3038 1425 3091 qua:
1456 3024 1749 3093 conjuncta
1795 3026 2028 3089 fuerant,

2126 554 2206 620 ξιν
2239 552 2406 615 πάθος
2455 550 2866 622 προσαγορεύοι,
2899 548 3034 602 πολὺ
3068 548 3327 617 πρότερον
3358 541 3579 605 δικαίως
3617 540 3684 594 ἂν

2125 646 2229 715 εἴη,
2261 646 2358 715 τὴν
2403 643 2702 715 συνδρομὴν
2746 641 3067 713 ἀμφοτέρων
3111 638 3251 691 οὕτω
3294 636 3679 705 κατονομάσαι.

2127 737 2189 789 Εἰ
2220 737 2329 807 γὰρ
2356 737 2384 789 ὁ
2414 734 2687 806 χωρισμὸς
2718 733 2825 785 τῶν
2850 730 3204 801 συνημμένων
3230 728 3399 792 πάθος
3430 727 3564 790 ἐστὶ,
3590 725 3684 777 καὶ

2126 830 2449 900 ήσυνάφεια
2476 827 2584 879 τῶν
2629 825 2927 879 διεπόντων
2974 822 3142 884 πάθος
3192 821 3257 875 ἂν
3300 820 3405 889 εἰη.
3456 818 3683 887 Κίνησις

2126 920 2233 989 γάρ
2260 917 2344 981 τίς
2373 920 2515 970 ἐστιν
2538 915 2593 968 ἔν
2621 932 2681 968 τε
2712 917 2776 985 τῇ
2806 913 3083 983 συγκρίσει
3110 911 3216 964 τῶν
3248 909 3564 970 διεστώτων,
3590 907 3684 961 καὶ

2126 1012 2185 1063 ἐν
2220 1013 2283 1080 τῇ
2334 1009 2600 1080 διακρίσει
2636 1008 2744 1060 τῶν
2785 1002 3283 1077 συμπεπλεγμένων
3329 1004 3363 1071 ἡ
3397 998 3680 1069 νοουμένη.

2129 1106 2304 1173 Ὅπερ
2335 1102 2511 1154 τοίνυν
2560 1099 2843 1153 τελευταία
2896 1096 3104 1166 κίνησις
3149 1090 3489 1161 ὀνομάζεται,
3528 1089 3685 1144 τοῦτο

2127 1197 2389 1267 προσήκει
2437 1191 2712 1247 καλεῖσθαι
2757 1190 2850 1243 καὶ
2886 1190 2986 1259 τὴν
3029 1188 3369 1258 προάγουσαν
3397 1200 3409 1212 '
3456 1185 3505 1236 εἰ
3546 1183 3602 1236 δὲ
3648 1185 3683 1252 ἡ

2128 1287 2315 1357 πρώτη
2364 1286 2573 1356 κίνησις
2620 1284 2687 1355 ῆν
2738 1283 2948 1349 γένεσιν
2994 1278 3350 1348 ὀνομάζομεν,
3403 1274 3570 1336 πάθος
3620 1272 3686 1326 ἂν

2126 1378 2264 1431 κατὰ
2290 1377 2351 1431 τὸ
2381 1374 2667 1430 ἀκόλουθον
2698 1376 2923 1443 λέγοιτο,
2953 1371 3074 1426 καθ’
3103 1372 3170 1441 ἣν
3211 1370 3243 1439 ή
3285 1364 3556 1437 συνδρομὴ
3594 1363 3687 1417 τοῦ

2130 1471 2377 1540 σώματος
2418 1469 2512 1522 καὶ
2556 1468 2652 1537 τῆς
2689 1466 2865 1536 ψυχῆς
2910 1462 3255 1534 διακρίνεται.
3306 1459 3409 1512 Τὸν
3454 1457 3509 1509 δὲ
3556 1454 3689 1509 Θεόν

2127 1578 2306 1631 φαμεν
2339 1561 2397 1612 ὲν
2424 1560 2655 1628 ἑκάτερᾳ
2681 1554 3000 1625 γεγενῆσθαι
3037 1556 3105 1624 τῇ
3149 1552 3247 1621 τῆς
3285 1548 3495 1617 φύσεως
3530 1544 3689 1616 ἡμῶν

2129 1656 2355 1722 κινήσει,
2387 1651 2453 1703 δι’
2496 1646 2563 1720 ἧς
2600 1650 2634 1717 ἦ
2668 1664 2725 1699 τε
2757 1646 2902 1715 ψυχὴ
2934 1645 3069 1714 πρὸς
3096 1643 3156 1696 τὸ
3194 1641 3351 1711 σῶμα
3384 1638 3687 1708 συντρέχει,

2129 1741 2187 1794 τό
2207 1758 2265 1793 τε
2292 1740 2447 1810 σῶμα
2473 1738 2573 1809 τῆς
2594 1736 2770 1807 ψυχῆς
2791 1734 3141 1804 διακρίνεται.
3172 1726 3607 1798 Καταμιχθέντος
3630 1722 3687 1775 δὲ

2134 1834 2267 1903 προς
2315 1832 2570 1901 ἑκάτερον
2610 1827 2832 1903 τούτων,
2874 1824 3008 1895 πρός
3049 1839 3107 1874 τε
3149 1821 3209 1873 τὸ
3242 1816 3497 1887 αἰσθητόν
3546 1830 3689 1884 φημι

2132 1902 2225 1978 καὶ
2256 1925 2316 1977 τὸ
2347 1923 2548 1994 νοερὸν,
2585 1920 2677 1974 τοῦ
2704 1902 3038 1990 ἀνθρωπίνου
3069 1913 3433 1985 συγκρίματος
3468 1912 3557 1965 διὰ
3594 1912 3692 1981 τῆς

2133 2018 2367 2088 ἀρρήτου
2418 2015 2631 2082 ἐκείνης
2673 2012 2768 2064 καί.
2808 2009 3179 2080 ἀνεκφράστου
3215 2005 3688 2076 συνανακράσεως.

2131 2109 2289 2161 τοῦτο
2307 2104 2761 2176 οἰκονομήσασθαι
2788 2103 2848 2155 τὸ
2870 2102 2973 2154 τῶν
2996 2098 3141 2165 ἅπαξ
3170 2098 3495 2160 ἑνωθέντων,
3516 2095 3691 2164 ψυχῆς

2133 2201 2274 2268 λέγω
2300 2200 2393 2253 καὶ
2425 2197 2694 2267 σώματος,
2735 2195 2830 2248 καὶ
2860 2194 3031 2246 εἰσαεὶ
3057 2192 3325 2261 διαμεῖναι
3352 2188 3449 2259 τὴν
3475 2188 3687 2240 ἕνωσιν.

2132 2292 2244 2361 Τῆς
2276 2290 2382 2359 γάρ
2427 2288 2637 2357 φύσεως
2692 2285 2848 2357 ἡμῶν
2896 2284 2983 2338 διὰ
3019 2287 3116 2355 τῆς
3170 2283 3302 2345 ἰδίας
3351 2279 3689 2343 ἀκολουθίας,

2132 2384 2225 2437 καὶ
2256 2384 2313 2435 ὲν
2359 2379 2549 2451 ἐκείνῳ
2577 2378 2712 2449 πρὸς
2743 2378 3009 2448 διάκρισιν
3052 2374 3145 2427 τοῦ
3177 2373 3425 2443 σώματος
3473 2373 3565 2425 καὶ
3594 2372 3693 2440 τῆς

2130 2475 2305 2545 ψυχῆς
2367 2472 2709 2544 κινηθείσης,
2768 2470 2926 2523 πάλιν
2981 2466 3179 2538 συνῆψε
3234 2466 3299 2519 τὰ
3348 2463 3693 2535 διακριθέντα

2132 2568 2380 2637 καθάπερ
2413 2568 2518 2618 τινὶ
2543 2566 2725 2635 κόλλῃ,
2762 2566 2826 2633 τῇ
2857 2561 2973 2633 θείᾳ
2994 2562 3137 2627 λέγω
3160 2559 3408 2627 δυνάμει,
3442 2557 3576 2626 πρὸς
3594 2554 3692 2625 τὴν

2131 2661 2402 2731 ἄρρηκτον
2449 2660 2640 2711 ἕνωσιν
2686 2658 2748 2710 τὸ
2804 2654 3108 2725 διασχισθὲν
3174 2651 3535 2722 συναρμόσας.
3583 2650 3694 2701 Καὶ

2130 2750 2286 2803 τοῦτό
2314 2752 2457 2803 ἐστιν
2490 2751 2521 2818 ἡ
2556 2748 2865 2810 ἀνάστασις.
2892 2746 2925 2815 ἡ
2959 2743 3065 2796 τῶν
3093 2740 3525 2810 συνεζευγμένων
3558 2737 3694 2807 μετὰ

2130 2844 2227 2913 τὴν
2259 2842 2495 2896 διάλυσιν
2523 2840 2777 2902 ἐπάνοδος
2810 2840 2889 2900 εἰς
2921 2835 3195 2890 ἀδιάλυτον
3225 2835 3416 2886 ἕνωσιν
3444 2828 3692 2899 mam;

2134 2931 2546 3002 συμφυομένων,
2578 2929 2653 2992 ὡς
2695 2927 2761 2981 ἂν
2804 2930 2836 2997 ἡ
2887 2925 3076 2996 πρώτη
3113 2925 3238 2994 περί
3266 2922 3327 2974 τὸ
3356 2918 3694 2991 ἀνθρώπινον

2133 3026 2289 3095 χάρις
2318 3021 2667 3092 ἀνακληθείη,
2702 3021 2795 3074 καί
2824 3019 2983 3071 πάλιν
3011 3018 3100 3069 ἐπὶ
3128 3016 3224 3085 τὴν
3267 3014 3435 3067 ἀΐδιον
3466 3010 3691 3063 ἐπανέλ-

475 3115 595 3177 post
624 3109 1035 3165 dissolutionem
1069 3112 1275 3167 reditus
1304 3114 1371 3167 ad
1412 3116 1665 3170 unionem
1709 3134 1830 3186 quae
1867 3119 2025 3172 mini-

2133 3118 2316 3186 θοιμεν
2351 3114 2514 3185 ζωὴν,
2545 3114 2642 3183 τῆς
2686 3108 3044 3182 ἐμμιχθείσης
3070 3105 3323 3192 τῇγφύσει
3369 3104 3564 3165 κακίας
3608 3100 3696 3192 διά

473 3218 557 3258 me
590 3211 771 3273 potest
805 3203 1056 3266 dissolvi,
1090 3204 1155 3259 iis
1190 3206 1242 3257 in
1270 3221 1329 3260 se
1354 3206 1582 3260 invicem
1615 3208 1924 3277 conjunctis
1974 3220 2029 3265 et

471 3293 920 3357 coalescentihus,
945 3302 1003 3347 ut
1032 3296 1202 3363 prima
1226 3311 1345 3364 qua:
1383 3294 1558 3350 fuerat
1590 3297 1827 3353 hominis
1856 3300 2026 3369 gratia

472 3393 776 3449 revocetur,
808 3394 864 3439 et
896 3386 963 3439 ad
1024 3386 1190 3440 vitam
1242 3398 1577 3442 revertamur
1604 3389 1986 3459 sempiternam
2012 3432 2026 3453 ,

470 3491 593 3529 cum
624 3476 677 3528 id
707 3477 850 3545 quod
887 3484 1088 3532 nostrae
1114 3487 1321 3533 naturae
1355 3480 1572 3533 mistum
1616 3479 1792 3535 fuerat
1839 3482 2026 3537 vitium

469 3565 762 3622 eﬂluxiSSet
794 3584 889 3637 per
920 3569 1325 3632 resolutionem,
1362 3578 1421 3623 ut
1449 3571 1646 3626 accidit
1677 3573 1730 3626 in
1777 3572 2025 3635 humore,

468 3661 560 3730 qui
593 3660 766 3714 fracto
788 3662 908 3729 ejus
945 3676 1073 3716 vase
1099 3649 1431 3733 dispergitur
1462 3672 1517 3718 et
1576 3667 1870 3727 evanescit,
1904 3681 2026 3719 cum

469 3751 601 3805 nihil
637 3752 707 3806 sit
739 3754 880 3822 quod
928 3755 1222 3808 contineat.
1260 3753 1378 3819 Quo
1412 3756 1571 3809 modo
1603 3765 1783 3810 autem
1839 3758 2028 3811 mortis

470 3843 686 3897 initium
750 3860 873 3897 cum
924 3846 1223 3900 exstitisset
1243 3848 1296 3899 in
1350 3858 1477 3910 uno,
1532 3848 1688 3901 simul
1736 3850 1897 3902 etiam
1962 3849 2025 3902 ad

469 3924 779 3989 universam
816 3936 1088 4003 persuasit
1154 3938 1443 3991 humanam
1501 3946 1789 3992 naturam:
1838 3940 2025 3994 eodem

466 4025 633 4079 modo
661 4026 821 4079 etiam
856 4027 1182 4096 principium
1232 4031 1667 4095 resurrectionis,
1725 4047 1818 4100 per
1861 4049 2024 4085 unum

468 4116 535 4169 ad
567 4117 877 4171 universam
901 4120 1207 4173 extenditur
1234 4120 1646 4177 humanitatem.
1676 4123 1777 4189 Qui
1812 4124 1956 4177 enim
1997 4140 2025 4177 a

468 4222 527 4260 se
558 4224 751 4262 rursus
778 4217 1113 4279 assumptam
1150 4211 1381 4265 animam
1408 4228 1508 4267 suo
1541 4214 1673 4267 uniit
1701 4215 1913 4283 corpori
1934 4231 2029 4284 per

470 4298 742 4367 propriam
767 4300 1055 4365 virtutem,
1118 4318 1239 4371 qua:
1306 4304 1517 4373 utrique
1550 4320 1734 4358 eorum
1794 4306 2026 4360 immista

470 4392 645 4441 fuerat
677 4390 730 4443 in
765 4391 935 4459 prima
965 4393 1298 4456 conditione,
1332 4394 1399 4450 iis
1427 4396 1747 4465 generaliori
1793 4397 2024 4468 quadam

466 4483 679 4535 ratione
733 4484 920 4537 sensili
972 4499 1089 4539 eam
1152 4480 1373 4541 natura:
1414 4488 1759 4544 commiscuit
1836 4507 2025 4547 essen-

2134 4497 2292 4551 πάλιν
2335 4496 2469 4565 μετά
2512 4492 2607 4561 τὴν
2646 4489 2884 4543 διάλυσιν
2919 4489 3051 4557 πρὸς
3083 4486 3140 4538 τὸ
3191 4485 3348 4553 σῶμα
3397 4484 3492 4552 τῆς
3524 4481 3699 4551 ψυχῆς
3788 4495 3793 4500 “

466 4573 619 4638 tiam,
653 4589 771 4642 qua!
821 4576 1187 4646 intelligentiae
1214 4580 1484 4649 particeps
1524 4590 1625 4642 est.
1663 4583 1931 4653 principio
1966 4586 2031 4637 ad

470 4664 629 4718 linem
669 4666 847 4719 debita
872 4672 1260 4738 consequentia
1288 4672 1543 4730 deducto.
1578 4672 1711 4728 Nam
1758 4676 1809 4729 in
1844 4676 2033 4729 huma-

469 4773 535 4808 na
567 4772 760 4810 rursus
784 4758 849 4810 ab
880 4758 973 4811 illo
998 4771 1277 4830 assumpta
1301 4764 1653 4819 concretione
1678 4782 1740 4820 ac
1765 4768 2033 4835 composi-

463 4847 635 4908 tione,
659 4864 782 4903 cum
802 4858 921 4918 post
937 4849 1350 4907 dissolutionem
1370 4854 1549 4908 anima
1574 4872 1766 4913 rursus
1785 4858 2034 4913 rediisset

466 4936 533 4990 ad
567 4953 788 5008 corpus,
819 4941 980 4995 veluti
1011 4956 1040 4993 a
1080 4942 1313 5012 quodam
1344 4945 1530 5010 initio,
1566 4962 1660 5017 per
1701 4948 1820 5017 ejus
1856 4950 2027 5001 virtu-

468 5041 597 5095 tem,
638 5034 769 5085 unio
796 5034 915 5102 ejus
945 5033 1088 5102 quod
1133 5034 1310 5089 fuerat
1371 5048 1700 5108 separatum,
1764 5056 1827 5093 ex
1873 5057 2027 5109 aequo

468 5123 664 5176 transit
698 5122 764 5175 ad
806 5124 1113 5179 universam
1144 5126 1435 5182 humanam
1487 5138 1754 5184 naturam.
1806 5130 1901 5185 Est
1933 5148 2029 5185 au-

466 5226 573 5267 tem
608 5215 710 5269 hoc
740 5218 1059 5286 mysterium
1087 5217 1323 5273 hominis
1352 5236 1382 5273 a
1406 5221 1516 5275 Deo
1546 5224 1783 5292 suscepti
1817 5224 2027 5293 dispen-

465 5307 713 5373 sationis,
746 5317 799 5363 et
838 5312 1253 5365 resurrectionis
1306 5327 1337 5365 a
1386 5314 1637 5376 mortuis,
1668 5315 1808 5384 quod
1850 5324 2024 5369 morte

462 5397 682 5466 quidem
716 5399 876 5455 fuerit
928 5404 1107 5456 anima
1169 5413 1416 5473 separata
1451 5420 1479 5457 a
1534 5421 1779 5475 corpore,
1833 5416 1885 5461 et
1919 5423 2025 5461 non

464 5488 805 5554 prohibuerit
863 5495 1227 5548 necessariam
1269 5504 1476 5550 naturae
1536 5500 2024 5567 consequentiam;

463 5580 648 5632 omnia
680 5590 858 5636 autem
899 5600 1091 5642 rursus
1124 5588 1189 5642 ad
1218 5604 1275 5643 se
1305 5590 1533 5643 invicem
1596 5592 1871 5646 reduxerit
1932 5609 2025 5660 per

2135 3207 2232 3277 τῆς
2258 3205 2549 3267 διαλύσεως
2582 3203 2736 3273 ἡμῶν
2769 3199 3079 3272 ὲκρυείσης·
3115 3191 3222 3248 οἷον
3256 3195 3346 3248 ἐπὶ
3389 3192 3484 3246 τοῦ
3526 3190 3694 3263 ὑγροῦ

2138 3296 2439 3367 συμϐαίνει,
2472 3290 2926 3364 περιθρυφθέντος
2958 3286 3104 3358 αὐτῷ
3146 3284 3239 3338 τοῦ
3289 3282 3533 3352 ἀγγείου,
3567 3297 3697 3333 σκε-

2135 3388 2459 3457 δαννυμένου
2516 3402 2573 3438 τε
2608 3382 2699 3437 καὶ
2729 3379 3141 3452 ἀφανιζομένου,
3175 3376 3397 3448 μηδενὸς
3426 3375 3576 3436 δντος
3600 3371 3694 3425 τοῦ

2138 3482 2561 3552 περιστέγοντος.
2596 3475 2860 3545 Καθάπερ
2904 3473 2958 3525 δὲ
3005 3474 3037 3542 ὴ
3082 3470 3221 3541 ἀρχὴ
3259 3468 3351 3521 τοῦ
3382 3467 3608 3520 θανάτου
3637 3466 3695 3517 ὲν

2136 3576 2214 3626 ἑνὶ
2241 3570 2501 3641 γενομένη
2537 3570 2682 3639 πάσῃ
2714 3564 3049 3635 συνδιεξῆλθε
3078 3566 3143 3633 τῇ
3177 3560 3486 3631 ἀνθρωπίνῃ
3516 3558 3694 3626 φύσει,

2134 3665 2276 3719 κατά
2299 3664 2385 3718 τὸν
2412 3663 2571 3717 αὐτὸν
2607 3662 2804 3732 τρόπον
2838 3657 2932 3710 καὶ
2969 3658 3000 3727 ἡ
3049 3655 3188 3725 ἀρχὴ
3224 3654 3321 3723 τῆς
3354 3650 3697 3711 ἀναστάσεως

2134 3757 2199 3809 δι’
2242 3756 2357 3817 ἐνὸς
2396 3756 2487 3807 ἐπὶ
2522 3754 2699 3805 πᾶσαν
2742 3750 2989 3803 διατείνει
3037 3748 3131 3818 τὴν
3180 3743 3587 3815 ἀνθρωπότητα.
3635 3739 3696 3790 Ὁ

2136 3848 2242 3919 γάρ
2288 3848 2385 3919 τὴν
2446 3846 2841 3915 ἀναληφθεῖσαν
2891 3841 3019 3912 παρ’
3070 3838 3260 3893 ἑαυτοῦ
3310 3836 3484 3906 ψυχὴν
3536 3833 3696 3885 πάλιν

2136 3945 2338 4007 ἐνώσας
2367 3944 2442 4013 τῷ
2487 3942 2670 4010 οἰκείῳ
2704 3939 2912 4009 σώματι
2956 3936 3040 3988 διὰ
3074 3936 3169 4003 τῆς
3209 3932 3486 4000 δυνάμεως
3530 3924 3696 3979 αὑτοῦ

2134 4041 2231 4106 τῆς
2275 4035 2513 4105 ἑκατέρῳ
2558 4032 2760 4084 τούτων
2823 4028 2970 4099 παρά
3020 4026 3114 4095 τὴν
3168 4022 3387 4092 πρώτην
3442 4017 3697 4071 σύστασιν

2135 4127 2511 4198 ἐμμιχθείσης,
2561 4120 2711 4185 οὗτος
2748 4119 3087 4189 γενικωτέρῳ
3136 4116 3241 4169 τινὶ
3280 4114 3464 4185 τρόπῳ
3507 4111 3700 4181 νοεράν

2134 4220 2322 4272 οὐσίαν
2354 4220 2417 4287 τῇ
2445 4216 2671 4285 αἰσθητῇ
2710 4210 3090 4280 συγκατέμιξε,
3126 4208 3223 4275 τῆς
3256 4206 3428 4276 ἀρχῆς
3462 4202 3601 4256 κατὰ
3636 4201 3698 4254 τὸ

2135 4311 2421 4367 ἀκόλουθον
2457 4309 2547 4360 ἐπὶ
2589 4306 2650 4359 τὸ
2694 4305 2865 4375 πέρας
2911 4302 3284 4371 εὐοδουμένης.
3349 4301 3435 4351 Ἐν
3480 4296 3587 4367 γὰρ
3619 4295 3697 4365 τῷ

2135 4403 2494 4475 άναληφθέντι
2557 4400 2686 4470 παρ’
2746 4395 2909 4449 αὑτοῦ
2967 4395 3287 4468 ἀνθρωπίνῳ
3341 4392 3694 4461 συγκρίματι,

2131 4586 2546 4655 ἐπανελθούσης,
2582 4578 2690 4636 οἷον
2721 4582 2826 4636 ἀπό
2865 4598 3008 4644 τινος
3057 4578 3230 4650 ἀρχῆς
3269 4578 3348 4640 εἰς
3392 4577 3567 4627 πᾶσαν
3598 4573 3699 4644 τὴν

2131 4678 2474 4750 ἀνθρωπίνην
2521 4674 2677 4743 φύσιν
2721 4674 2785 4741 τῇ
2818 4670 3039 4738 δυνάμει
3087 4666 3226 4721 κατὰ
3256 4664 3314 4718 τὸ
3361 4658 3479 4715 ἴσον
3527 4664 3559 4730 ἡ
3604 4661 3699 4713 τοῦ

2130 4766 2493 4836 διακριθέντος
2532 4762 2721 4822 ἕνωσις
2766 4758 3047 4811 διαϐαίνει,
3101 4755 3212 4809 Καὶ
3270 4752 3426 4806 τοῦτό
3474 4754 3589 4804 ἐστι
3640 4752 3701 4802 τὸ

2135 4861 2428 4931 μυστήριον
2463 4858 2559 4925 τῆς
2591 4853 2683 4905 τοῦ
2723 4851 2857 4904 Θεοῦ
2903 4850 3028 4920 περί
3059 4848 3145 4901 τὸν
3178 4846 3458 4916 ἄνθρωπον
3497 4845 3699 4896 οἰκονο-

2136 4950 2264 5020 μίας
2305 4947 2517 5016 καὶτῆς
2541 4948 2604 4997 ἐκ
2644 4943 2850 5013 νεκρῶν
2896 4942 3261 5001 ἀναστάσεως,
3302 4938 3362 4989 τὸ
3387 4935 3700 5003 διαλυθῆναι

2135 5044 2233 5112 μὲν
2278 5039 2354 5109 τῷ
2402 5037 2615 5107 θανάτῳ
2659 5036 2752 5089 τοῦ
2800 5034 3045 5104 σώματος
3089 5032 3185 5102 τὴν
3229 5029 3427 5100 ψυχὴν,
3469 5028 3561 5081 καὶ
3602 5027 3700 5096 τὴν

2133 5132 2433 5200 ἀναγκαίαν
2474 5130 2572 5197 τῆς
2611 5129 2822 5196 φύσεως
2853 5123 3168 5179 ἀκολουθίαν
3201 5122 3275 5193 μὴ
3306 5121 3585 5175 κωλῦσαι·
3620 5122 3699 5182 εἰς

2132 5224 2331 5291 ἄλληλα
2359 5222 2414 5274 δὲ
2449 5221 2606 5272 πάλιν
2645 5219 3006 5284 ἐπαναγαγεῖν
3054 5214 3140 5267 διὰ
3183 5214 3283 5283 τῆς
3329 5213 3697 5273 ἀναστάσεως,

2130 5318 2205 5378 ὡς
2236 5318 2300 5368 ἂν
2330 5315 2511 5375 αὐτοῖς
2558 5312 2768 5379 γένοιτο
2812 5309 3057 5380 μεθόριον
3105 5308 3427 5379 ἀμφοτέρων
3467 5305 3697 5358 θανάτου

2132 5426 2190 5460 τε
2224 5408 2316 5461 καὶ
2347 5406 2509 5474 ζωῆς,
2543 5407 2599 5458 ὲν
2631 5402 2805 5474 ἑαυτῷ
2839 5404 2936 5473 μὲν
2968 5402 3169 5472 στήσας
3196 5398 3576 5469 διαιρουμένην

2133 5500 2348 5569 θανάτῳ
2376 5499 2473 5568 τὴν
2511 5498 2690 5565 φύσιν,
2725 5496 2885 5556 αὐτὸς
2920 5494 2976 5547 δὲ
3002 5488 3286 5564 γενόμενος
3306 5493 3448 5564 ἀρχὴ
3474 5492 3571 5560 τῆς
3590 5491 3657 5543 κ·ιῖ
3671 5508 3698 5541 ν

2130 5591 2473 5662 διῃρημένων
2500 5588 2762 5650 ὲνώσεως.

463 5677 944 5739 resurrectionem,
1002 5682 1136 5736 adeo
1199 5693 1258 5736 ut
1320 5684 1401 5737 eis
1468 5695 1614 5738 esset
1657 5688 1940 5756 utriusque
1982 5688 2298 5748 conﬁnium,
2336 5701 2529 5754 nempe
2565 5681 2758 5737 mortis
2786 5690 2840 5734 et
2868 5679 2989 5732 vitze
3020 5698 3031 5731 :
3062 5688 3119 5730 ut
3161 5676 3333 5746 quiin
3388 5689 3446 5728 se
3474 5673 3698 5744 quidem

466 5767 719 5822 statuerit
785 5778 1031 5826 naturam
1099 5784 1271 5831 morte
1338 5776 1587 5841 divisam,
1664 5780 1776 5848 ipse
1815 5790 1994 5836 autem
2039 5781 2201 5836 fuerit
2236 5779 2563 5851 principium
2597 5774 2814 5831 unionis
2846 5790 3031 5830 eorum
3066 5788 3185 5843 qua:
3216 5779 3341 5828 sunt
3370 5768 3568 5823 divisa.
