3978 6480
244 313 310 369 53
1466 324 1724 381 ORATIO
1754 318 2249 391 cnecnmtca.
3386 330 3457 389 si

835 436 1081 491 ΚΕΦΑΑ.
1138 442 1234 494 IZ'.

321 523 455 575 Ἀλλ’
480 522 636 576 οὔπω
673 526 833 596 φησει
880 545 963 591 τις
1017 529 1264 585 λελύσθαι
1298 550 1395 604 την
1428 535 1806 608 ὑπενεχθεῖσαν

1835 452 1880 507 Α
2464 440 2690 497 CAPUT
2738 441 2898 516 xvu.

1982 536 2087 591 Sed
2117 536 2263 590 dicet
2301 534 2570 605 quispiam
2603 535 2839 589 nondum
2872 534 3038 590 fuisse
3066 536 3296 591 solutam
3336 554 3457 608 qua

236 617 361 683 ἡμῖν
399 616 698 681 ἀντίθεσιν,
752 620 1207 690 ῖσχυροποιείσθαι
1255 624 1312 678 δὲ
1363 628 1557 696 μᾶλλον
1598 631 1661 681 ἐκ
1701 632 1785 683 τῶι

1907 629 2067 682 nobis
2092 628 2233 683 facta
2262 637 2345 682 est
2370 626 2762 695 objectionem,
2798 626 2891 682 sed
2919 622 3097 695 potius
3124 626 3294 682 fuisse
3324 643 3455 684 con-

232 706 543 774 είρημένων
575 710 636 760 τὸ
690 710 841 778 παρὰ
870 710 978 763 τῶν
1012 712 1252 769 ἀπίστων
1298 719 1425 788 ἡμῖν
1468 723 1808 791 προφερόμε-

230 812 334 846 νον.
375 796 439 847 Εἰ
486 798 601 867 γὰρ
634 799 864 869 τοσαύτη
901 800 1124 873 δύναμίς
1153 806 1299 859 ἐστιν
1337 810 1393 861 ἐν
1426 810 1591 880 αὐτῷ,
1624 812 1753 880 ὅσην
1777 814 1805 864 ό

227 887 380 953 λόγος
411 889 724 954 ἀπέδειξεν,
756 892 833 954 ὼς
866 893 1094 947 θανάτου
1126 914 1183 948 τε
1214 898 1525 970 καθαίρεσιν
1546 904 1637 956 καὶ
1661 903 1805 973 ζωῆς

227 978 431 1029 εἰσοδον
485 980 574 1030 ἐπ’
609 979 757 1049 αὐτῷ
789 976 948 1042 εἶναι,
997 984 1051 1035 τί
1096 985 1214 1054 οὐχὶ
1264 985 1521 1058 θελήματι
1568 992 1712 1063 μόνῳ
1742 994 1803 1046 τὸ

228 1067 364 1119 κατά
408 1067 642 1139 γνώμην
676 1075 836 1135 ποιεῖ,
874 1073 989 1125 ἀλλ’
1032 1076 1096 1129 ἐκ
1126 1077 1367 1148 περιόδου
1402 1081 1499 1152 τὴν
1532 1085 1802 1155 σωτηρίαν

225 1159 836 1244 ἡμῶνῆκατεργάζεται,
868 1166 1180 1235 τικτόμενός
1222 1185 1278 1221 τε
1322 1172 1413 1223 καὶ
1452 1174 1795 1245 τρεφόμενος,

230 1251 317 1299 καὶ
365 1252 433 1319 τῇ
485 1250 581 1301 τοῦ
632 1250 860 1306 θανάτου
909 1255 1076 1325 πείρα
1128 1256 1313 1321 σώζων
1360 1260 1449 1314 τὸν
1493 1261 1794 1333 ἄνθρωπον,

229 1347 342 1410 ἐξὸν
392 1348 538 1416 μήτε
570 1346 629 1398 ἐν
662 1348 834 1417 τούτῳ
880 1349 1147 1417 γενέσθαι,
1190 1352 1283 1405 καὶ
1311 1354 1458 1424 ἡμᾶς
1497 1356 1799 1427 περισώσα-

234 1437 387 1501 σθαις
432 1438 585 1507 Πρὸς
634 1438 690 1491 δὲ
744 1438 834 1491 τόν
882 1440 1117 1495 τοιοῦτον
1163 1443 1318 1512 λόγον
1368 1446 1546 1499 ἱκανὸν
1599 1449 1697 1518 μὲν
1730 1446 1796 1520 ἦν

232 1528 360 1597 7:90;
390 1530 523 1590 τοὺς
555 1528 906 1600 εὐγνώμονας
933 1533 1179 1587 τοσοῦτον
1212 1537 1400 1598 εἰπεῖν,
1443 1537 1523 1591 ότι
1567 1541 1657 1592 καὶ
1687 1544 1795 1605 τοῖς

232 1623 432 1690 ἰατροῖς
467 1623 529 1673 ού
562 1621 909 1691 νομοθετοῦσι
940 1625 1026 1676 τὸν
1054 1625 1249 1694 τρόπον
1286 1626 1385 1696 τῆς
1412 1628 1721 1697 ἐπιμελείας
1744 1634 1792 1685 οἱ

232 1713 531 1780 κάμνοντες
557 1728 570 1741 ⁸
605 1712 724 1764 οὐδὲ
754 1715 879 1783 περὶ
905 1714 997 1767 τοῦ
1029 1718 1124 1785 τῆς
1151 1715 1439 1783 θεραπείας
1465 1720 1636 1784 εἴδους
1659 1723 1792 1793 πρὸς

1908 718 2176 771 firmatum
2206 734 2273 773 ex
2308 717 2375 771 iis
2405 732 2525 785 quae
2556 717 2702 770 dicta
2734 724 2861 770 sunt
2887 716 2940 770 id
2961 717 3101 786 quod
3132 719 3289 785 nobis
3315 720 3455 787 obji-

1905 806 2151 861 ciebatur
2178 807 2246 861 ab
2280 806 2592 861 incredulis.
2623 805 2757 859 Nam
2790 806 2835 861 si
2867 813 3017 859 tanta
3046 816 3130 861 est
3160 807 3214 860 in
3244 824 3309 861 eo
3342 809 3455 862 virs

1909 906 1996 950 tus
2021 905 2276 965 quantam
2301 907 2487 951 nostra
2512 896 2853 952 ostendimus
2880 896 3147 961 oratione,
3174 907 3231 951 ut
3255 898 3308 952 in
3335 899 3454 967 ejus

1904 988 2065 1041 fuerit
2102 995 2366 1056 potestate
2406 997 2459 1042 et
2495 996 2719 1043 mortem
2765 988 3047 1043 destruere
3077 996 3132 1043 et
3171 989 3334 1043 vitam
3369 991 3452 1044 in-

1901 1078 2085 1147 gredi,
2117 1095 2215 1133 cur
2238 1093 2345 1133 non
2377 1080 2488 1132 sola
2538 1078 2667 1132 facit
2704 1079 2974 1133 voluntate
3016 1078 3067 1132 id
3100 1077 3244 1149 quod
3272 1079 3450 1141 lubet.

1901 1168 1996 1222 sed
2055 1169 2211 1240 longa
2259 1169 2578 1223 circuitione
2626 1174 2864 1237 nostram
2900 1170 3126 1223 salutem
3167 1169 3357 1233 efﬁcit,
3396 1181 3453 1225 ut

1898 1263 1988 1331 qui
2014 1272 2268 1317 nascatur
2296 1271 2344 1316 et
2369 1262 2561 1326 alatur,
2585 1268 2638 1314 et
2663 1261 2902 1330 periculo
2924 1261 3113 1315 mortis
3137 1259 3280 1314 facto
3302 1263 3447 1315 salu-

1899 1363 2005 1407 tem
2032 1354 2121 1407 det
2154 1354 2394 1417 homini,
2428 1367 2551 1407 cum
2578 1352 2628 1405 ei
2654 1352 2838 1405 liceret
2869 1361 2921 1406 et
2949 1352 3063 1406 haec
3090 1367 3197 1405 non
3225 1352 3407 1407 subire
3427 1393 3442 1415 ,

1895 1451 1949 1501 et
1973 1458 2074 1499 nos
2098 1444 2457 1500 conservare?
2484 1442 2563 1496 Ad
2594 1442 2707 1495 haee
2733 1449 2909 1495 autem
2942 1442 3075 1497 satis
3095 1455 3239 1498 esset
3264 1443 3447 1498 dicere

1895 1536 2034 1604 apud
2062 1552 2168 1590 non
2196 1536 2503 1606 pervicaces
2523 1576 2535 1596 ,
2560 1535 2700 1603 quod
2732 1534 2822 1602 qui
2849 1542 3141 1602 aegrotant,
3179 1551 3284 1589 non
3314 1551 3448 1604 praa—
3539 1525 3547 1536 ’

1894 1626 2138 1681 scribunt
2185 1628 2351 1697 legem
2406 1624 2662 1687 medicis,
2712 1624 2982 1692 quomodo
3025 1625 3133 1677 sint
3175 1625 3444 1690 curandi;

1894 1732 2069 1785 neque
2109 1719 2251 1787 apud
2282 1717 2651 1772 benefactores
2683 1716 2987 1784 disceptant
3014 1716 3080 1770 de
3105 1731 3298 1786 genere
3324 1732 3440 1769 mc-

230 1807 347 1866 τοῦς
396 1804 701 1875 εὐεργέτας
750 1780 1172 1876 ἀμφισϐητοῦσι,
1216 1780 1320 1861 γδιά
1370 1780 1430 1863 τί
1480 1780 1785 1884 προσήψατο

1894 1780 2088 1873 dendi,
2139 1780 2327 1878 nempe
2375 1824 2471 1862 cur
2505 1780 2852 1861 laborantem-
2882 1814 3084 1876 partem
3108 1780 3303 1878 vtetigit
3352 1808 3443 1875 qui

228 1894 314 1945 τοῦ
350 1894 650 1956 πονοῦντος
678 1894 874 1964 μέρους
905 1897 934 1947 ό
966 1895 1298 1967 θεραπεύων,
1322 1902 1413 1954 καὶ
1442 1902 1558 1955 τόδε
1584 1920 1636 1956 τι
1660 1904 1793 1974 πρὸς

230 1984 317 2050 τὴν
364 1983 461 2034 τοῦ
500 1983 675 2035 κακοῦ
711 1983 860 2036 λύσιν
901 1986 1199 2055 ἐνενόησεν,
1233 1988 1415 2057 ἕτερον
1459 1992 1573 2045 δέον
1597 2010 1610 2023 ⁸
1660 1995 1793 2048 ἀλλά

228 2076 355 2143 πρὸς
394 2076 459 2125 τὸ
510 2075 686 2144 πέρας
729 2075 961 2145 ὁρῶντες
1010 2079 1105 2149 τῆς
1152 2081 1484 2151 εὐεργεσίας,
1533 2087 1590 2138 ἐν
1633 2087 1790 2156 εὐχα-

226 2167 403 2235 ριστίᾳ
439 2165 542 2235 τὴν
577 2166 822 2221 εὐποιίαν
857 2168 1118 2234 ἐδέξαντο.
1179 2170 1315 2222 Ἀλλ’
1358 2174 1561 2246 ἐπειδὴ,
1615 2178 1792 2241 καθώς

225 2273 381 2325 φησιν
433 2258 465 2309 ὁ
501 2259 811 2327 προφήτης,
856 2258 916 2311 τὸ
946 2257 1145 2327 πλῆθος
1172 2263 1267 2330 τῆς
1298 2264 1658 2335 χρηστότητος
1698 2268 1789 2321 τοῦ

221 2347 350 2399 Θεοῦ
382 2349 782 2420 κεκρυμμένην
814 2349 925 2418 ἔχει
954 2349 1049 2420 τὴν
1090 2351 1372 2419 ὠφέλειαν,
1413 2356 1505 2408 καὶ
1531 2356 1679 2411 οῦπω
1706 2360 1790 2413 διά

222 2440 308 2492 τοῦ
341 2443 618 2511 παρόντος
663 2441 779 2511 βίου
812 2442 1095 2512 τηλαυγῶς
1129 2444 1420 2515 καθορᾶται
1470 2444 1538 2520 (ἦ
1590 2450 1695 2521 γάρ
1724 2452 1789 2505 ἃν

223 2532 527 2603 περιῄρητο
578 2533 729 2585 πᾶσα
786 2532 893 2586 τῶν
944 2534 1182 2587 ἀπίστων
1247 2537 1592 2609 ἀντίρρησις,
1631 2544 1680 2595 εί
1730 2544 1791 2596 τὸ

221 2622 675 2693 προσδοκώμενον
727 2627 785 2677 ὲν
827 2625 1116 2695 ὀφθαλμοῖς
1152 2622 1219 2697 ἦν
1244 2645 1259 2658 ·
1312 2628 1404 2683 νῦν
1440 2631 1493 2683 δὲ
1534 2633 1789 2705 ἀναμένει

218 2718 339 2777 τοὺς
379 2716 789 2785 ἐπερχομένους
826 2716 1045 2780 αξῶνας.
1096 2718 1233 2771 ὥστε
1275 2724 1334 2773 ἐν
1374 2722 1550 2787 αὐτοῖς
1586 2726 1788 2779 ἀποκαο

218 2807 485 2877 ὶυφθῆναι
516 2808 588 2860 τὰ
624 2806 717 2859 νῦν
749 2807 836 2859 διὰ
864 2807 962 2877 τῆς
990 2810 1219 2873 πίστεως
1273 2812 1437 2883 μόνης
1483 2814 1749 2885 ὁρώμενα)
1772 2834 1785 2847 ·

216 2897 513 2962 ἀναγκαῖον
560 2896 628 2950 ἂν
675 2898 758 2968 εῖη
809 2898 1084 2968 λογισμοῖς
1114 2917 1221 2953 τισι
1258 2904 1395 2956 κατά
1420 2904 1480 2956 τὸ
1516 2908 1789 2977 ἐγχωροῦν

218 2990 305 3038 καὶ
332 2987 444 3039 τῶν
481 2986 925 3058 ἐπιζητουμένων
956 2991 1194 3060 ἐξευρεῖν
1218 2992 1315 3064 τὴν
1343 2993 1491 3047 λύσιν
1519 3000 1627 3059 τοῖς
1655 3016 1785 3067 προ-

215 3076 555 3146 λαμὸάνουσι
594 3076 1009 3147 συμϐαίνουσαν.

807 3169 1045 3227 ΚΕΦΑΛ.
1090 3174 1193 3227 IH'.

282 3261 479 3313 Καίτοι
522 3260 779 3331 περιττὸν
834 3262 959 3325 ἴσως
1000 3264 1114 3317 ἐστὶ
1161 3265 1289 3318 Θεὸν
1336 3267 1783 3338 ἐπιδεδημηκέναι

211 3353 284 3420 τῷ
316 3350 418 3421 βίῳ
453 3352 851 3416 πιστεύσαντας
879 3353 1178 3409 διαϐάλλειν
1224 3360 1322 3429 τὴν
1356 3360 1670 3431 παρουσίαν,
1709 3362 1783 3425 ώς

208 3448 305 3497 οὐκ
343 3447 401 3496 ἐν
437 3445 603 3515 σοφία
650 3445 757 3497 τινὶ
806 3448 897 3499 καὶ
928 3447 1067 3518 λόγῳ
1097 3450 1465 3521 γεγενημένην
1494 3452 1569 3522 τῷ
1605 3456 1783 3524 κρείτ-

210 3553 339 3587 τονι.
380 3537 511 3598 Τοῖς
562 3536 673 3607 γὰρ
721 3537 795 3608 μὴ
842 3537 959 3617 λίαν
1007 3542 1452 3611 ἀντιμαχομένοις
1503 3544 1637 3614 πρὸς
1686 3547 1781 3616 τὴν

209 3627 493 3697 ἀληθειαν,
524 3627 587 3679 ού
625 3628 796 3696 μικρά
826 3632 921 3701 τῆς
946 3629 1094 3694 θείας
1116 3632 1402 3704 ἐπιδημίας
1429 3636 1712 3701 ἀπόδειξις.
1748 3641 1780 3710 ἡ

211 3716 302 3767 καὶ
362 3716 474 3787 πρὸ
518 3716 618 3785 τῆς
673 3716 969 3789 μελλούσης
1005 3720 1149 3791 ζωῆς
1190 3723 1248 3774 ἐν
1296 3722 1372 3793 τῷ
1409 3726 1632 3795 παρόντι
1682 3728 1781 3797 βίῳ

210 3806 619 3878 φανερωθεῖσα,
664 3810 697 3879 ή
744 3809 830 3861 διὰ
864 3809 971 3862 τῶν
1019 3812 1355 3883 πραγμάτων
1377 3816 1581 3881 αὐτῶν,
1616 3821 1779 3889 φημὶ,

212 3898 514 3971 μαρτυρία.
562 3900 656 3963 Τίς
684 3900 793 3971 γὰρ
821 3902 922 3956 οὐκ
952 3897 1087 3956 οἶδεν
1116 3905 1261 3968 ὅπως
1294 3906 1614 3978 πεπλήρωτο
1646 3910 1783 3964 κατά

212 3995 316 4041 πεῖν
348 3992 520 4062 μέρος
566 3993 664 4061 τῆς
695 3994 1015 4064 οἰκουμένης
1054 3998 1087 4066 ἠ
1133 3996 1241 4050 τῶν
1271 3998 1538 4069 δαιμόνων
1575 4002 1778 4073 ἀπάτη,

209 4084 295 4135 διὰ
326 4086 429 4153 τῆς
453 4082 840 4152 εἰδωλομανίας
863 4085 959 4155 τῆς
984 4084 1128 4157 ζωῆς
1152 4088 1259 4139 τῶν
1293 4089 1590 4159 ἀνθρώπων
1617 4111 1781 4145 κατα-

211 4174 562 4243 κρατήσασα.
615 4175 801 4237 Ὅπως
826 4174 982 4228 τοῦτο
1029 4177 1255 4247 νόμιμον
1305 4181 1437 4233 πᾶσι
1480 4185 1591 4245 τοῖς
1641 4185 1779 4237 κατᾶ

208 4262 299 4313 τὸν
350 4264 558 4331 κόσμον
590 4263 795 4317 ἔθνεσιν
821 4260 908 4335 ἦν,
947 4265 1008 4318 τὸ
1033 4266 1347 4339 θεραπεύειν
1379 4270 1466 4325 διά
1491 4272 1597 4323 τῶν
1627 4274 1779 4325 είδώ-

208 4354 315 4406 λων
352 4357 479 4417 τοὺς
510 4354 770 4423 δαίμονας
797 4358 853 4408 ἐν
886 4360 1003 4421 ταῖς
1031 4357 1367 4429 ςωοθυσὶαις,
1402 4362 1493 4414 καὶ
1523 4365 1633 4426 τοῖς
1658 4366 1775 4417 ἐπι-

209 4447 439 4515 εωμίοις
472 4445 810 4515 μιάσμασινς
845 4443 1033 4515 Ἀφὀῦ
1064 4448 1138 4511 δὲ,
1164 4450 1343 4514 καθώς
1374 4469 1534 4522 φησιν
1557 4457 1584 4506 ὁ
1622 4456 1777 4507 ’Λπό-

1885 4458 2055 4503 tutum
2092 4449 2400 4501 animalium
2436 4447 2717 4502 sacrificiis
2741 4488 2754 4509 ,
2805 4455 2857 4500 et
2890 4464 3009 4517 qua:
3046 4465 3207 4518 super
3242 4451 3431 4505 aitaria
3527 4517 3534 4525 ε

210 4537 415 4601 στολπ,
472 4535 766 4605 Ἐπεφάνη
810 4539 847 4604 ἢ
892 4539 1062 4607 χάρις
1100 4541 1205 4595 τοῦ
1236 4542 1381 4596 Θεοῦ
1415 4545 1452 4611 ἠ
1488 4545 1777 4613 σωτήριος

205 4627 398 4680 πᾶσιν
422 4624 775 4692 ἀνθρώποις,
800 4627 888 4679 διὰ
909 4630 1004 4695 τῆς
1032 4631 1373 4703 ἀνθρωπίνης
1397 4634 1776 4707 ἐπιδημήσασα

207 4716 447 4780 φύσεως,
486 4715 665 4767 πάντα
712 4716 918 4769 καπνοῦ
947 4718 1099 4788 δίκην
1140 4722 1217 4783 είς
1249 4720 1308 4772 τὸ
1339 4722 1411 4792 μὴ
1448 4722 1507 4777 ὃν
1542 4726 1777 4795 μετεχώ-

206 4822 408 4873 ρησεν·
443 4805 584 4858 ὥστε
643 4806 949 4859 παύσασθαι
1002 4809 1099 4878 μὲν
1132 4810 1225 4872 τάς
1274 4811 1378 4863 τῶν
1432 4817 1774 4885 χρηστηρίων

202 4913 258 4946 τε
294 4897 386 4947 καὶ
422 4898 689 4965 μαντειῶν
741 4899 967 4967 μανίας,
1020 4900 1363 4972 ἀναιρεθῆναι
1409 4903 1463 4957 δὲ
1507 4905 1603 4967 τὰς
1656 4908 1776 4978 ἐτη-

204 4988 354 5049 σίους
390 4986 649 5056 πομπὰς,
682 4989 772 5041 καὶ
804 4988 872 5040 τὰ
901 4988 966 5041 δι’
996 4990 1241 5059 αἱμάτων
1280 4994 1335 5044 ἐν
1380 4996 1493 5057 ταῖς
1542 4997 1774 5067 ἑκατόμ-

202 5074 329 5134 6αις
367 5073 688 5142 μολύσματα
709 5092 722 5105 ·
767 5078 823 5128 ἐν
855 5076 910 5128 δὲ
938 5081 1047 5140 τοῖς
1074 5079 1281 5143 πολλοῖς
1310 5081 1417 5133 τῶν
1444 5082 1608 5135 ἐθνῶν
1637 5085 1770 5153 ἀφα-

202 5163 454 5233 νισθῆναι
487 5165 712 5218 καθόλου
756 5167 968 5236 βωμούς
994 5185 1051 5220 τε
1079 5170 1171 5222 καὶ
1202 5172 1527 5241 προπύλαια,
1560 5176 1650 5228 καὶ
1683 5194 1767 5229 τε-

203 5257 362 5323 μένη,
396 5255 491 5310 καὶ
535 5258 906 5328 ἀφιδρύματα,
942 5262 1033 5313 καὶ
1066 5262 1162 5314 ὃσα
1205 5262 1336 5314 ἄλλα
1366 5268 1475 5327 τοῖς
1505 5266 1767 5335 θεραπευ-

1892 1898 2209 1961 medicatur,
2258 1909 2311 1953 et
2338 1900 2437 1954 hoc
2466 1900 2548 1954 vel
2579 1900 2707 1953 illud
2753 1899 3078 1968 excogitavit
3121 1899 3187 1953 ad
3244 1899 3441 1953 malum

1891 1990 2342 2059 propulsandum,
2382 2006 2503 2045 cum
2537 2000 2807 2060 oporteret
2838 1990 3018 2055 aliud;
3052 1990 3143 2044 sed
3175 1990 3238 2044 ad
3277 1989 3436 2044 finem

1890 2078 2212 2147 aspicientes
2243 2079 2518 2143 beneﬁcii,
2556 2080 2606 2133 id
2632 2089 2783 2150 grato
2811 2083 2990 2133 animo
3017 2079 3306 2149 accipiunt.
3337 2078 3439 2132 Sed

1890 2170 2171 2238 quoniam,
2221 2178 2277 2223 ut
2307 2173 2381 2223 ait
2415 2172 2694 2240 propheta,
2747 2169 3034 2224 multitudo
3067 2170 3317 2223 bonitatis
3348 2170 3439 2223 Dei

1834 2266 1842 2273 '
1890 2260 2154 2313 occultam
2182 2260 2342 2315 habet
2382 2262 2699 2327 utilitatem,
2747 2277 2918 2332 neque
2951 2261 3092 2315 clare
3118 2263 3354 2314 cernitur
3385 2261 3438 2316 in

1888 2348 1991 2403 hac
2034 2350 2143 2402 vita
2194 2352 2416 2418 (revera
2451 2351 2592 2405 enim
2642 2352 3043 2405 incredulornm
3093 2350 3265 2404 ablata
3296 2360 3438 2405 esset

1890 2438 2067 2494 omnis
2095 2441 2452 2494 contradictio
2472 2481 2487 2506 ,
2517 2442 2561 2497 si
2596 2442 2647 2495 id
2680 2442 2821 2512 quod
2850 2448 3214 2511 exspectatur,
3249 2457 3433 2496 cerne-

1890 2538 2036 2583 retur
2060 2531 2291 2599 oeulis);
2322 2547 2464 2585 nunc
2493 2540 2670 2586 autem
2703 2532 2878 2586 futura
2906 2540 3180 2602 exspectat
3208 2534 3402 2589 saecula
3423 2572 3440 2594 .

1889 2630 1948 2689 ut
1981 2621 2034 2674 in
2060 2622 2139 2676 eis
2179 2623 2483 2677 revelentur
2511 2637 2631 2691 quae
2676 2639 2821 2678 nunc
2851 2623 3100 2678 videntur
3138 2641 3231 2693 per
3269 2626 3438 2678 solam

1888 2714 2044 2768 tidem
2094 2734 2107 2767 :
2158 2730 2377 2769 necesse
2427 2715 2530 2767 erit
2571 2714 2840 2784 aliquibus
2880 2715 3211 2777 rationibus,
3261 2717 3438 2784 quoad

1888 2804 2002 2858 fieri
2040 2806 2257 2873 poterit,
2290 2820 2473 2859 eorum
2514 2820 2631 2875 quae
2662 2813 2975 2873 quaeruntur
3006 2806 3246 2860 invenire
3288 2806 3435 2860 solu-

1886 2897 2108 2961 tionem,
2131 2913 2249 2968 qua:
2270 2898 2473 2953 accedit
2507 2897 2949 2967 praecedentibus.

2433 3168 2656 3224 CAPUT
2701 3169 2882 3223 XVIII.

1955 3259 2272 3332 Quanquam
2312 3270 2395 3318 est
2436 3264 2670 3318 fortasse
2705 3278 3164 3332 supervacaneum
3191 3303 3206 3326 .
3242 3272 3298 3317 ut
3338 3266 3429 3333 qui

1884 3351 2052 3408 Deum
2086 3354 2151 3407 ad
2185 3355 2345 3407 vitam
2372 3356 2584 3411 venisse
2613 3355 2970 3418 crediderint,
3000 3354 3289 3409 adventum
3315 3355 3434 3424 ejus

1885 3453 2141 3499 accusent
2169 3486 2183 3505 .
2216 3454 2272 3498 ut
2301 3447 2391 3515 qui
2421 3462 2527 3500 non
2561 3447 2738 3515 aliqua
2770 3447 3036 3501 exstiterit
3060 3447 3316 3515 sapientia
3338 3488 3351 3509 ,
3380 3453 3435 3499 et

1884 3538 2160 3605 prmstanti
2198 3539 2379 3607 aliqua
2416 3538 2640 3591 ratione.
2686 3536 2758 3591 Iis
2787 3538 2930 3592 enim
2976 3538 3081 3607 qui
3118 3553 3224 3591 non
3272 3538 3433 3591 nimis

1884 3631 2155 3684 obstinate
2194 3638 2494 3700 repugnant
2529 3630 2776 3694 veritati,
2823 3629 2990 3683 divini
3025 3629 3289 3684 adventus
3322 3645 3429 3681 non

1884 3737 2108 3790 parvum
2161 3721 2321 3775 fuerit
2366 3730 2775 3791 argumentum,
2829 3720 2882 3774 id
2926 3722 3068 3789 quod
3110 3721 3272 3774 etiam
3306 3730 3429 3773 ante

1884 3811 2123 3865 futuram
2154 3813 2318 3864 vitam
2354 3811 2407 3865 in
2441 3814 2691 3881 praesenti
2715 3816 2822 3865 vita
2855 3812 2955 3864 fuit
2984 3812 3384 3866 manifestatum
3412 3830 3423 3864 :

1888 3903 2069 3971 quod,
2124 3902 2377 3971 inquam,
2424 3917 2488 3956 ex
2541 3903 2700 3958 rebus
2749 3903 2880 3971 ipsis
2915 3903 3146 3957 sumitur
3188 3904 3433 3957 testimo—

1886 3994 2055 4046 nium.
2081 3991 2213 4057 Quis
2244 3992 2386 4046 enim
2424 3995 2617 4056 nescit,
2648 3992 3097 4062 quemadmodum
3144 3995 3430 4049 universus

1880 4084 2030 4138 orbis
2061 4090 2217 4137 terrae
2247 4084 2482 4154 repletus
2529 4094 2672 4138 esset
2716 4084 2902 4137 fraude
2930 4083 3234 4137 d:emonum
3262 4122 3275 4139 .
3309 4100 3429 4153 quae

1880 4190 1975 4243 per
2006 4175 2258 4229 insanum
2292 4175 2495 4227 cultum
2526 4175 2938 4229 simulacrorum
2972 4176 3025 4228 in
3059 4177 3219 4228 vitam
3254 4176 3425 4230 bomi«

1881 4282 2007 4319 num
2037 4265 2314 4319 obtinebat
2354 4264 2683 4318 dominatum
2714 4284 2727 4319 ε
2760 4266 3208 4334 quemadmodum
3251 4269 3429 4321 omni-

1882 4360 1982 4413 bus
2016 4374 2135 4428 qua:
2166 4358 2218 4411 in
2248 4356 2449 4410 mundo
2474 4366 2628 4411 erant
2662 4358 2913 4427 gentibus
2948 4358 3063 4425 lege
3088 4368 3202 4412 erat
3229 4361 3432 4414 consti-

1874 4542 2073 4596 ﬁebant
2104 4539 2631 4602 abominationibus,
2684 4538 2953 4593 daemones
3001 4541 3177 4594 colere
3226 4556 3320 4609 per
3359 4543 3433 4597 si-

1875 4634 2111 4686 mulacra
2137 4632 2159 4683 ?
2193 4630 2267 4683 Ex
2298 4647 2405 4699 quo
2435 4638 2645 4693 autem,
2681 4637 2738 4681 ut
2764 4628 2894 4682 dicit
2927 4614 3218 4698 Apostolus
3245 4631 3285 4694 ⁸,
3322 4632 3429 4697 Ap-

1870 4724 2047 4790 paruit
2111 4722 2285 4790 gratia
2355 4719 2446 4773 Dei
2496 4720 2748 4772 salutaris
2808 4720 3044 4773 omnibus
3094 4720 3432 4775 hominibus.

1871 4830 1991 4884 quae
2036 4829 2129 4881 per
2158 4812 2443 4865 humanam
2478 4811 2691 4864 advenit
2724 4819 3002 4875 naturam,
3041 4813 3219 4866 omnia
3254 4814 3396 4867 iusm

1876 4908 2004 4960 fumi
2038 4908 2103 4960 ad
2150 4905 2376 4959 nihilum
2421 4904 2634 4957 redacta
2676 4912 2837 4967 sunt;
2889 4906 3021 4958 adeo
3063 4915 3119 4958 ut
3166 4906 3431 4959 cessarint

1872 4995 2086 5064 quidem
2114 4994 2455 5047 oraculorum
2472 5001 2525 5046 et
2541 4992 2933 5047 divinationum
2957 4993 3199 5055 insanias,
3238 4994 3429 5048 ablata:

1871 5088 1981 5140 sint
2034 5095 2207 5137 autem
2262 5098 2466 5151 pompm
2517 5082 2924 5145 anniversaria,
2971 5092 3023 5136 et
3083 5099 3201 5153 qua:
3246 5083 3301 5135 in
3338 5083 3430 5135 he-

1868 5175 2131 5228 catombis
2160 5172 2421 5241 sanguine
2449 5171 2644 5225 ﬁebant
2680 5172 3083 5240 inquinamenta
3104 5214 3117 5236 ,
3166 5174 3216 5224 in
3247 5172 3430 5227 multis

1873 5275 2049 5319 autem
2076 5264 2327 5333 gentibus
2353 5263 2570 5315 omnino
2598 5262 2769 5316 deleta
2795 5264 2902 5316 sint
2928 5264 3113 5317 altaria
3135 5303 3149 5323 ,
3178 5273 3230 5316 et
3268 5264 3432 5317 vesti-

202 5353 320 5410 ταῖς
347 5351 455 5401 τῶν
482 5351 751 5419 δαιμόνων
775 5353 865 5404 ἐπὶ
893 5354 1105 5424 ἀπάτης
1135 5355 1281 5424 σφῶν
1315 5358 1491 5410 αὐτῶν
1529 5361 1621 5412 καὶ
1658 5348 1785 5414 τῶνλ

1885 5358 2025 5418 uula,
2057 5365 2111 5410 et
2137 5356 2365 5424 templa,
2402 5364 2454 5408 et
2497 5354 2717 5407 delubra
2746 5373 2760 5421 ;
2805 5364 2857 5409 et
2905 5370 3240 5424 quaecunque
3269 5357 3371 5410 alia
3399 5372 3429 5409 a

203 5439 637 5507 ἐντυγχανόντων
699 5441 1104 5513 ἐπιτετήδευτο·
1159 5443 1234 5505 ώς
1286 5446 1342 5497 ἐν
1394 5448 1602 5512 πολλοῖς
1656 5451 1763 5501 τῶν

201 5530 377 5580 τόπων
420 5530 556 5599 μηδὲ
606 5532 655 5582 εί
701 5532 885 5600 γέγονε
931 5534 1100 5588 ταῦτά
1152 5553 1277 5588 ποτε
1317 5541 1760 5607 μνημονεύεσθαι,

272 5711 295 5739 ⁶
328 5710 428 5763 Td.
470 5730 528 5774 ιι,
566 5714 647 5768 Η.

1872 5449 2168 5504 cultoribus
2196 5446 2497 5500 daemonum
2527 5445 2592 5499 ad
2624 5447 2704 5498 sui
2739 5446 3006 5507 fraudem,
3046 5456 3308 5500 eteorum
3337 5448 3430 5516 qui

1870 5543 1922 5596 in
1969 5543 2083 5611 ipsa
2130 5538 2473 5600 incidebant,
2521 5546 2700 5591 erecta
2744 5544 2798 5590 et
2838 5536 3129 5590 constituta
3178 5536 3426 5592 fuerant:
