3978 6484
552 322 624 383 δε
1802 329 1859 386 Β.
1900 329 1989 386 GR
1998 330 2225 388 EGOMI
2260 334 2550 393 NYSSENI
3694 342 3763 398 56

552 443 688 498 adeo
715 450 775 497 ut
804 441 859 498 in
888 443 1071 499 multis
1098 444 1235 500 locis
1262 459 1332 501 ne
1358 460 1425 499 an
1458 445 1571 501 haec
1605 446 1825 516 quidem
1858 466 2104 521 unquam

2217 457 2594 529 ὲντεγερθῆναι
2622 459 2679 513 δὲ
2708 456 2846 514 κατὰ
2878 462 3054 513 πᾶσαν
3078 458 3177 531 τὴν
3200 460 3519 531 οἰκουμένην
3556 461 3646 513 ἐπὶ
3683 460 3760 530 τῷ

555 535 785 599 ruerint,
810 537 1187 604 meminerlnt;
1212 550 1397 592 eorum
1425 548 1603 593 autem
1629 541 1749 595 loco
1774 541 1828 595 in
1853 543 2108 598 universo

551 627 683 679 orbe
707 632 976 680 terrarum
1001 627 1249 683 excitata:
1273 630 1383 683 sint
1406 630 1462 683 in
1487 629 1691 685 Christi
1717 633 1936 686 nomine
1965 633 2107 687 ades

552 733 755 784 suem,
792 718 987 788 templa
1031 727 1086 774 et
1118 720 1339 785 altaria,
1382 721 1623 789 illudque
1657 723 2025 777 venerandum
2054 733 2108 777 et

557 810 899 864 incruentum
953 811 1318 875 sacriﬁcium,
1370 812 1729 882 sublimisque
1778 820 1832 867 et
1885 816 2106 869 excelsa

553 899 893 970 philosophia
915 942 929 963 ,
957 917 1078 970 quae
1107 901 1264 957 lactis
1292 902 1473 971 potius
1497 918 1655 973 quam
1681 917 1932 959 sermone
1954 920 2108 958 exer-

556 999 741 1055 cetur;
768 990 1000 1060 vitaeque
1023 992 1326 1061 corporalis
1352 991 1650 1062 despectio,
1677 1002 1730 1047 et
1757 995 1948 1049 mortis
1975 1009 2109 1048 con-

556 1083 812 1149 temptio,
846 1095 1007 1151 quam
1056 1082 1411 1137 ostenderunt
1443 1085 1534 1153 qui
1580 1100 1612 1139 a
1656 1085 1901 1155 tyrannis
1944 1100 2106 1157 coge-

558 1171 756 1225 bantur
800 1185 831 1224 a
882 1171 984 1227 ﬁde
1014 1172 1282 1241 deﬁcere,
1339 1174 1618 1228 cruciatus
1664 1173 1916 1243 corporis
1967 1174 2102 1228 nihil

557 1262 851 1328 ducentes,
892 1270 945 1317 et
985 1264 1309 1317 sententiam
1351 1265 1582 1333 capitis:
1617 1265 1729 1318 hare
1761 1265 1973 1319 scilicet
2004 1266 2106 1318 mi-

559 1352 702 1406 nime
734 1353 964 1407 subituri
985 1391 1000 1416 ,
1034 1354 1138 1408 nisi
1168 1361 1413 1423 apertum
1448 1361 1502 1408 et
1533 1355 1756 1410 minime
1784 1354 2009 1409 dubium
2041 1356 2109 1410 de

558 1441 651 1496 Dei
697 1442 933 1497 adventu
978 1443 1299 1499 habuissent
1343 1453 1739 1514 argumentum.
1781 1444 1895 1500 Hoc
1927 1446 2106 1515 ipsum

558 1544 733 1588 autem
762 1535 925 1588 etiam
954 1535 1093 1605 apud
1118 1533 1335 1590 Iudaeos
1367 1536 1488 1590 licet
1509 1536 1690 1591 dicere
1710 1552 1831 1592 esse
1853 1537 2065 1607 signum
2089 1577 2105 1603 ,

556 1625 697 1695 quod
720 1626 862 1679 adsit
886 1627 933 1679 is
955 1627 1046 1696 qui
1071 1627 1138 1681 ab
1158 1628 1236 1681 eis
1267 1642 1373 1681 non
1396 1627 1655 1681 creditur.
1686 1627 1816 1681 Nam
1842 1644 2015 1698 usque
2040 1629 2107 1683 ad

557 1715 761 1770 Christi
795 1717 1013 1786 quidem
1050 1716 1142 1771 Dei
1175 1716 1463 1772 adventum
1484 1759 1499 1784 ,
1534 1718 1674 1787 apud
1707 1733 1802 1774 eos
1829 1717 2105 1791 Jerosoly-

2208 546 2442 619 Χριστοῦ
2469 550 2708 622 ὀνόματι,
2733 552 2893 615 ναούς
2922 568 2979 605 τε
3016 552 3110 604 καὶ
3140 552 3513 625 θυσιαστήρια,
3545 553 3639 607 καὶ
3661 553 3761 623 τὴν

2211 641 2412 710 σεμνὴν
2438 657 2497 693 τε
2523 642 2615 693 καὶ
2647 642 2976 713 ἀναίμακτον
3011 643 3324 713 ἱερωσύνην,
3362 645 3454 696 καὶ
3480 644 3576 714 τὴν
3624 643 3760 713 {rh-

2208 730 2302 801 λὴν
2331 731 2661 800 φιλοσοφίαν,
2690 731 2832 804 έογῳ
2860 734 3054 804 μᾶλλον
3078 735 3111 805 ἤ
3142 734 3283 805 λόγῳ
3305 735 3758 807 κατορθουμένην,

2207 823 2299 875 καὶ
2335 824 2432 893 τῆς
2482 828 2793 896 σωματικῆς
2843 824 2987 895 ζωῆς
3031 825 3127 895 τὴν
3174 824 3486 895 ὑπεροψίαν,
3540 826 3630 877 καὶ
3666 824 3765 876 τοῦ

2208 911 2432 965 θανάτου
2480 915 2578 985 τὴν
2621 900 3039 986 καταφρόνησιν,
3092 916 3157 985 ἢν
3199 915 3249 967 οἱ
3304 914 3631 985 μεταστῆναι
3663 914 3762 984 τῆς

2207 1004 2438 1068 πίστεως
2464 1006 2614 1075 παρὰ
2638 1005 2743 1059 τῶν
2767 1006 3040 1077 τυράννων
3063 1007 3487 1077 ἀναγκαζόμενοι
3515 1006 3762 1077 φανερῶς

2205 1094 2560 1162 ἐπεδείξαντο,
2590 1097 2701 1149 ἀντ’
2732 1097 2941 1160 ούδενὸς
2968 1095 3244 1165 δεξάμενοι
3268 1098 3365 1161 τὰς
3389 1097 3481 1150 τοῦ
3514 1096 3762 1167 σώματος

2205 1185 2403 1250 αἰκίας,
2446 1186 2541 1239 καὶ
2572 1186 2667 1257 τὴν
2696 1187 2787 1239 ἐπ)⁸
2817 1186 3029 1258 Θανάτῳ
3054 1188 3258 1257 ψῆφοψ
3294 1189 3391 1240 οὑκ
3413 1187 3478 1240 ἂν
3502 1187 3763 1240 ὑποστάν-

2203 1295 2295 1341 τες
2320 1278 2516 1349 δηλαδὴ
2545 1277 2735 1341 ταῦτα,
2765 1278 2839 1349 μὴ
2871 1279 3012 1349 σαφῆ
3043 1297 3101 1332 τε
3132 1281 3224 1333 καὶ
3264 1279 3627 1349 ἁναμφίϐολον
3662 1280 3761 1349 τῆς

2204 1368 2354 1432 θείας
2384 1369 2673 1441 ἐπιδημίας
2721 1370 2933 1441 ἔχοντες
2960 1372 3058 1442 τὴν
3099 1369 3385 1435 ἀπόδειξιν.
3434 1371 3507 1423 Τὸ
3547 1369 3603 1422 δέ
3630 1370 3764 1423 αὑτδ

2203 1459 2360 1512 τοῦτο
2407 1461 2501 1515 καὶ
2536 1462 2671 1531 πρὸς
2712 1463 2837 1526 τοὺς
2878 1461 3158 1524 Ἰουδαίους
3199 1462 3376 1514 ίκανδν
3416 1464 3637 1531 σημεῖον
3684 1463 3764 1513 εί-

2204 1554 2345 1613 πεῖν,
2395 1550 2490 1605 τοῦ
2539 1555 2786 1623 παρεῖναι
2838 1552 2923 1605 τὸν
2971 1554 3100 1623 παρ’
3124 1552 3299 1605 αὑτῶν
3344 1551 3758 1621 ἀπιστούμενον.

2204 1643 2379 1714 Μέχρι
2406 1642 2503 1713 μὲν
2528 1643 2636 1714 γὰρ
2658 1647 2757 1715 τῆς
2797 1644 2890 1697 τοῦ
2930 1644 3162 1715 Χριστοῦ
3194 1642 3508 1713 θεοφανείας
3532 1643 3762 1713 λαμπρὰ

2206 1733 2334 1805 παρ’
2368 1734 2545 1797 αὑτοῖς
2580 1730 2648 1806 ἦν
2694 1734 2764 1788 τὰ
2814 1737 2870 1788 ἐν
2917 1733 3303 1806 Ἱεροσολύμοις
3342 1734 3601 1805 βασίλεια,
3631 1736 3659 1787 ό
3685 1734 3767 1789 διο

560 1807 664 1861 mis
694 1808 949 1876 praeclara
980 1816 1094 1862 erat
1122 1807 1278 1863 sedes
1309 1809 1485 1880 regia,
1520 1810 1780 1881 inclytum
1810 1811 1941 1866 illud
1972 1818 2107 1868 tem-

2217 1824 2423 1895 ὡνυμος
2457 1828 2657 1889 ἐκεῖνος
2705 1826 2849 1890 ναὸς,
2884 1828 2939 1879 αί
2978 1827 3352 1897 νενομισμέναι
3385 1826 3449 1879 δι’
3471 1825 3621 1886 ἔτους
3668 1825 3767 1881 θυ-

558 1898 703 1965 plum
730 1937 746 1961 ,
772 1898 886 1967 lege
913 1899 1209 1953 constituta
1237 1914 1416 1954 annua
1440 1901 1708 1957 sacriﬁcia
1728 1943 1743 1967 ,
1772 1910 1828 1957 et
1856 1919 2113 1973 quaecun-

559 2004 665 2060 que
698 2005 729 2043 a
762 1989 877 2061 lege
924 2004 1019 2058 per
1064 1993 1383 2061 aenigmata,
1416 1993 1485 2048 iis
1525 1994 1615 2062 qui
1661 1995 1887 2065 mystice
1928 1996 2114 2050 audire

561 2087 830 2150 possunt,
860 2090 985 2135 sunt
1020 2080 1285 2136 distincta
1328 2096 1392 2137 ac
1434 2083 1655 2138 deﬁnita
1703 2085 1769 2138 ad
1804 2086 1908 2140 hoc
1941 2102 2112 2155 usque

563 2180 808 2243 tempus.
842 2188 907 2228 ex
941 2173 1022 2227 eis
1062 2174 1364 2229 constituto
1410 2174 1517 2229 ritu
1567 2176 1847 2247 religionis
1894 2178 2114 2233 minime

560 2274 715 2317 erant
744 2264 1037 2334 prohibita.
1070 2262 1362 2334 Postquam
1390 2274 1569 2320 autem
1596 2266 1848 2322 viderunt
1873 2283 1994 2322 eum
2019 2269 2112 2337 qui

561 2356 1006 2426 exspectabatur,
1039 2365 1093 2411 et
1123 2371 1284 2425 quem
1320 2370 1349 2409 a
1385 2356 1501 2426 lege
1544 2364 1599 2411 et
1642 2358 1920 2427 prophetis
1962 2360 2114 2429 prius

557 2447 897 2512 didicerant,
927 2457 982 2503 et
1009 2446 1133 2502 ﬁdei
1164 2448 1217 2501 in
1262 2462 1386 2503 eum
1432 2448 1525 2518 qui
1558 2457 1880 2519 apparuerat
1920 2462 2115 2520 praetu-

566 2539 738 2594 ierunt
772 2538 964 2594 falsam
1000 2540 1148 2594 illam
1183 2541 1622 2609 superstitionem
1650 2560 1662 2595 :
1695 2556 1802 2612 qua
1848 2544 1989 2598 male
2016 2559 2112 2599 ex-

490 2638 495 2645 ‘
566 2630 720 2698 pulsa
765 2632 1161 2685 ennservabant
1202 2631 1367 2687 verba
1413 2631 1580 2701 legis,
1608 2633 1988 2689 consuetudini
2019 2648 2116 2703 po-

567 2721 675 2775 tius
704 2722 1003 2776 servientes
1028 2737 1189 2791 quam
1220 2721 1593 2792 intelligentia
1619 2741 1634 2790 ;
1661 2738 1840 2793 neque
1869 2740 1989 2794 qua:
2016 2739 2115 2794 ap-

566 2814 747 2880 paruit
774 2812 1000 2882 graliam
1029 2820 1356 2882 acceperunt
1378 2830 1391 2878 ;
1410 2828 1529 2883 qua:
1550 2829 1615 2870 ex
1641 2830 1826 2870 eorum
1856 2815 2117 2892 religione

568 2906 825 2972 praeclara
853 2911 1008 2958 erant
1047 2912 1100 2960 et
1134 2904 1440 2959 veneranda
1460 2947 1475 2970 ,
1521 2906 1711 2965 relicta
1740 2920 1870 2967 sunt
1896 2914 1951 2967 in
1981 2914 2116 2968 solis

570 2994 833 3061 nudisque
868 2993 1302 3056 narrationibus,
1336 3008 1459 3046 cum
1499 3001 1759 3068 templum
1792 3015 1861 3055 ne
1886 3016 1950 3055 ex
1984 3000 2117 3069 ipsis

569 3088 786 3159 quidem
820 3094 1142 3160 agnoscatur
1174 3084 1457 3161 VCStigiis;
1493 3093 1670 3160 ampla
1703 3100 1882 3147 autem
1912 3105 1967 3148 et
1997 3108 2117 3146 ma-

2212 1914 2344 1979 σίαι,
2377 1915 2553 1968 πάντα
2582 1915 2679 1968 ὅσα
2705 1916 2854 1987 παρὰ
2885 1916 2978 1969 τοῦ
3006 1917 3170 1987 νόμου
3196 1916 3263 1969 δι’
3289 1916 3621 1985 αἰνιγμάτων
3653 1917 3769 1975 τοῖς

2214 2007 2493 2075 μυστικοῖς
2530 2006 2738 2058 ἐπαΐειν
2780 2005 3091 2076 δυναμένοις
3116 2006 3385 2078 διῄρηται,
3422 2004 3611 2075 μέχρις
3644 2004 3766 2081 τότε

2212 2098 2350 2151 κατὰ
2376 2096 2471 2169 τὴν
2499 2097 2558 2163 ἐξ
2581 2098 2753 2169 ἀρχῆς
2779 2099 3121 2169 νομισθεῖσαν
3150 2100 3332 2162 αὑτοῖς
3357 2097 3456 2168 τῆς
3485 2095 3769 2159 εὐσεϐείας

2213 2186 2500 2259 θρησκείαν
2538 2187 2785 2241 ἀκώλυτα
2811 2183 2899 2258 ἦν.
2951 2188 3102 2241 Ἐπεὶ
3146 2188 3203 2242 δέ
3251 2184 3385 2241 εἶδον
3425 2188 3514 2240 τὸν
3541 2185 3771 2256 προσδο-

2212 2278 2474 2349 κώμενον,
2504 2278 2597 2332 καὶ
2627 2279 2686 2333 δν
2712 2278 2799 2333 διὰ
2841 2279 2947 2333 τῶν
2975 2280 3265 2352 προφητῶν
3295 2298 3353 2333 τε
3396 2280 3488 2333 καὶ
3530 2275 3622 2331 τοῦ
3674 2275 3767 2330 νό-

2214 2385 2315 2439 μου
2344 2368 2823 2439 προεδιδάχθησαν,
2860 2370 2955 2422 καὶ
3002 2370 3397 2441 προτιμοτέραν
3443 2370 3770 2438 ἐποιήσαντο

2211 2460 2309 2531 τῆς
2342 2461 2419 2523 εἰς
2445 2460 2535 2513 τὸν
2556 2459 2787 2528 φανέντα
2816 2460 3049 2525 πίστεως
3074 2462 3171 2532 τὴν
3195 2461 3532 2532 ἐσφαλμένην
3552 2460 3770 2531 ἐκείνην

2211 2548 2645 2620 δεισιδαιμονίαν,
2685 2551 2752 2621 ἣν
2794 2550 2975 2614 κακῶς
3003 2551 3338 2615 ἐκϐαλόντες,
3376 2550 3441 2604 τὰ
3470 2549 3563 2603 τοῦ
3601 2550 3770 2621 νόμου

2216 2642 2432 2709 ῥήματα
2502 2639 2870 2709 διεφύλασσον,
2922 2641 3175 2712 συνηθείᾳ
3236 2640 3431 2711 μᾶλλον
3481 2641 3514 2707 ἢ
3564 2640 3775 2711 διανοίᾳ

2213 2729 2567 2796 δουλεύοντες,
2624 2730 2745 2787 οὕτε
2787 2731 2880 2804 τὴν
2913 2734 3264 2802 ἐπιφανεῖσαν
3309 2733 3552 2797 ἐδέξαντο
3586 2734 3770 2802 χάριν,

2215 2825 2306 2877 καὶ
2341 2823 2409 2875 τὰ
2440 2823 2611 2893 σεμνὰ
2646 2824 2746 2894 τῆς
2801 2824 2929 2895 παρ’
2959 2824 3137 2887 αὑτοῖς
3168 2821 3478 2895 θρησκείας,
3507 2826 3563 2877 ἐν
3588 2823 3778 2893 διηγή-

2218 2930 2349 2984 μασι
2401 2912 2571 2982 ψιλοῖς
2618 2912 3023 2967 ὑπολέλειπται·
3073 2911 3167 2965 τοῦ
3222 2912 3347 2965 ναοῦ
3401 2912 3498 2982 μὲν
3545 2911 3664 2964 οὑδέ
3710 2911 3778 2976 ἐξ

2219 3000 2376 3071 ίχνῶν
2430 3002 2943 3071 ἐπιγινωσκομένου,
2998 3003 3097 3072 τῆς
3144 3001 3199 3054 δέ
3244 3001 3500 3072 λαμπρᾶς
3556 3001 3772 3071 ἐκείνης

2217 3093 2422 3156 πόλεως
2464 3095 2520 3146 ἐν
2560 3094 2820 3163 ἐρειπίοις
2868 3093 3303 3163 ὑπολειφθείσης,
3350 3092 3525 3162 μεῖναί
3567 3109 3626 3145 τε
3658 3095 3774 3155 τοῖς

570 3180 764 3250 gniﬁca
791 3181 880 3234 illa
908 3180 1102 3235 civitas
1128 3181 1317 3235 relicta
1347 3182 1418 3236 sit
1445 3182 1498 3235 in
1529 3184 1819 3237 ruderibus
1844 3196 1897 3238 et
1923 3184 2117 3245 ruinis,

2232 3183 2499 3246 Ἰουδαίοις
2534 3161 2642 3237 τῶν
2679 3184 2818 3238 κατὰ
2859 3184 2918 3238 τὸ
2965 3161 3187 3255 ἀρχαῖον
3236 3161 3633 3254 νενομισμένων
3676 3200 3776 3254 μη-

570 3288 671 3328 nec
698 3289 885 3328 eorum
920 3289 1041 3343 qua:
1068 3274 1196 3329 olim
1225 3284 1380 3330 erant
1427 3272 1629 3331 Iudaeis
1677 3276 1913 3346 legitima
1957 3278 2118 3348 quid-

569 3379 732 3435 quam
776 3365 1060 3431 manserit,
1107 3365 1200 3420 sed
1230 3373 1283 3420 et
1312 3365 1378 3419 ad
1409 3367 1606 3436 ipsum,
1641 3368 1732 3438 qui
1771 3365 2123 3439 Jerosolymis

571 3463 688 3510 erat
731 3455 811 3511 eis
870 3455 1022 3511 locus
1082 3457 1461 3522 venerandus,
1511 3461 1673 3528 jussu
1734 3460 2121 3530 imperatorum

571 3547 876 3617 prohibitus
909 3546 1067 3604 fuerit
1091 3550 1287 3606 aditus.

1150 3638 1377 3696 CAPUT
1404 3638 1546 3695 XIX.

644 3726 749 3784 Sed
779 3728 1029 3799 quoniam
1060 3742 1235 3800 neque
1265 3730 1332 3786 iis
1356 3730 1449 3801 qni
1479 3727 1790 3785 Graecorum
1818 3737 2125 3799 sequuntur

574 3821 909 3892 disciplinas,
944 3836 1118 3892 neque
1163 3822 1229 3877 iis
1265 3823 1355 3893 qui
1398 3831 1639 3893 praesunt
1688 3820 1993 3876 Judazorum
2029 3821 2126 3874 do-

574 3915 866 3987 gmatibus,
905 3915 1119 3968 videtur
1142 3930 1207 3969 ex
1239 3914 1325 3970 bis
1352 3915 1613 3971 sumenda
1636 3930 1758 3970 esse
1799 3914 1998 3969 indicia
2034 3911 2125 3969 Dei

574 4006 857 4071 adventus,
903 4005 1039 4060 bene
1084 4007 1185 4061 erit
1233 4021 1478 4062 seorsum
1536 4015 1770 4061 tractare
1814 4006 1882 4061 de
1912 4007 1978 4060 iis
2007 4022 2127 4077 quae

575 4106 701 4153 sunt
740 4098 973 4167 objecta,
1025 4112 1214 4168 nempe
1251 4113 1485 4169 quanam
1512 4099 1578 4153 de
1616 4113 1781 4153 causa
1819 4098 2000 4152 divina
2034 4115 2129 4153 na-

574 4197 693 4242 tura
743 4204 864 4242 cum
913 4197 1099 4242 nostra
1149 4190 1505 4256 connectitur,
1551 4204 1648 4259 per
1698 4204 1758 4244 se
1798 4203 2128 4246 conservans

575 4279 987 4341 humanitatem,
1019 4294 1128 4332 non
1153 4278 1310 4348 jussu
1343 4293 1576 4348 operans
1608 4279 1659 4335 id
1692 4278 1835 4348 quod
1877 4287 1961 4334 est
1989 4280 2037 4333 ei
2074 4281 2126 4333 in

574 4371 872 4440 proposito.
907 4369 1189 4436 Quodnam
1228 4386 1355 4441 ergo
1398 4370 1560 4426 fuerit
1584 4371 1743 4425 nobis
1777 4371 2124 4441 principium,

2218 3274 2335 3327 δένο
2389 3273 2523 3327 ἀλλὰ
2561 3274 2654 3327 καὶ
2695 3275 2854 3340 αὑτὸν
2898 3275 2988 3328 τὸν
3032 3274 3321 3344 σεϐάσμιον
3345 3275 3526 3337 αὐτοῖς
3569 3274 3625 3325 ὲν
3673 3273 3777 3325 Ἱε-

2222 3365 2534 3437 ροσολύμοις
2572 3367 2752 3432 τόπον,
2799 3366 2996 3421 ἄϐατον
3044 3366 3422 3439 προστάγματι
3470 3365 3581 3419 τῶν
3614 3366 3777 3419 δυναο

2222 3460 2512 3514 στευὸντων
2542 3460 2811 3529 γενέσθαι.

2798 3638 3047 3691 ΚΕΦᾹΛ.
3084 3638 3184 3691 ΙΘ’.

2306 3727 2443 3780 Ἀλλ’
2474 3730 2619 3796 ὅμως
2656 3726 2838 3798 ἐπειδὴ
2888 3729 3023 3799 μήτε
3064 3732 3175 3792 τοῖς
3214 3727 3597 3796 Ἐλληνίζουσι,
3642 3729 3781 3797 μήτε

2223 3823 2333 3884 τοῖς
2359 3819 2468 3872 τῶν
2499 3819 2765 3872 Ἰουδαίων
2790 3819 3089 3891 προεστῶσι
3108 3818 3407 3889 δογμάτων,
3436 3817 3582 3870 δοκεῖ
3608 3816 3789 3870 ταῦτα.

2222 3914 2373 3976 θείας
2400 3910 2694 3981 παρουσίας
2734 3910 3001 3964 ποιεῖσθαι
3041 3912 3331 3980 τεκμήρια,
3362 3908 3540 3970 καλῶς
3574 3907 3637 3961 ἂν
3666 3909 3785 3977 ἔχοι

2226 4006 2353 4077 περὶ
2384 4004 2491 4059 τῶν
2523 4001 3023 4073 άνθυπενεχθέντων
3052 4000 3156 4071 ίδία
3188 4000 3278 4053 τὸν
3305 4000 3460 4068 λόγον
3482 3999 3783 4062 διαλαϐεῖν,

2225 4101 2344 4153 ὃτου
2373 4098 2529 4169 χάριν
2574 4099 2608 4167 ἡ
2654 4096 2773 4148 θεία
2816 4095 2975 4164 φύσις
3020 4094 3154 4164 πρὸς
3190 4095 3287 4162 τὴν
3326 4093 3597 4163 ἡμετέραν
3647 4109 3790 4161 συμ-

2228 4190 2503 4252 πλέκεται,
2546 4187 2610 4240 δι⁹
2637 4186 2834 4255 ἑαυτῆς
2867 4184 3109 4249 σώζουσα
3132 4183 3192 4236 τὸ
3219 4182 3570 4254 ἀνθρώπινον,
3606 4182 3669 4235 οὑ
3696 4180 3786 4235 δικ

2227 4278 2639 4350 προστάγματος
2664 4275 3102 4347 κατεργαζομένη
3136 4273 3196 4327 τὸ
3226 4274 3365 4327 κατὰ
3386 4272 3657 4344 πρόθεσιν.
3688 4271 3753 4323 Τί
3763 4289 3786 4333 ;

2226 4367 2317 4423 οὖν
2367 4369 2432 4423 ἂν
2478 4368 2684 4437 γένοιτο
2728 4369 2857 4438 ἡμῖν
2902 4365 3062 4437 ἀρχὴ,
3115 4366 3250 4436 πρὸς
3294 4365 3384 4417 τὸν
3428 4363 3785 4435 προκείμενον

575 4461 639 4514 ad
676 4460 1008 4530 propositum
1032 4475 1254 4530 scopum
1285 4470 1681 4531 consequenter
1702 4462 1976 4517 deducens
2011 4477 2117 4516 ora-

2232 4463 2427 4517 σκοπὸν
2475 4460 2777 4522 ἀκολούθως
2824 4458 3236 4530 χενιραγωγοῦσα
3282 4455 3373 4510 τὸν
3422 4456 3624 4523 λόγον;
3689 4453 3788 4517 Τίς

573 4553 819 4606 tionem?
859 4550 1014 4617 Quod
1057 4552 1224 4616 aliud,
1274 4568 1437 4623 quam
1485 4554 1796 4608 summatim
1845 4569 2129 4610 recensere

573 4658 693 4712 qua:
720 4641 786 4696 de
808 4641 917 4697 Deo
947 4643 1031 4713 pie
1065 4644 1413 4699 sentiuntur?

1164 4729 1390 4787 CAPUT
1430 4729 1546 4785 XX.

644 4824 869 4880 Constat
890 4840 1017 4895 ergo
1037 4824 1178 4893 apud
1210 4839 1420 4890 omnes,
1449 4834 1697 4893 Oportere
1725 4825 1941 4880 credere
1964 4824 2127 4879 Deum

575 4932 685 4973 non
732 4919 908 4972 solum
950 4933 1073 4973 esse
1117 4927 1415 4989 potentem,
1473 4920 1564 4974 sed
1602 4927 1655 4973 et
1695 4902 1903 4988 justum
1947 4926 1998 4973 et
2032 4919 2129 4972 bo-

573 5023 728 5074 num,
759 5015 814 5061 et
842 5007 1165 5077 sapientem,
1194 5016 1247 5061 et
1273 5007 1537 5077 quidquid
1562 5010 1627 5061 ad
1654 5007 1708 5062 id
1738 5008 1880 5077 quod
1905 5015 1988 5062 est
2019 5022 2121 5060 me-

577 5100 706 5162 lius,
728 5098 831 5153 iert
855 5099 1256 5168 cogitationem.
1282 5097 1636 5169 Consequens
1662 5114 1792 5170 ergo
1812 5108 1893 5153 est
1914 5100 1965 5153 in
1994 5113 2131 5168 pra:-

578 5190 716 5243 senti
748 5189 1171 5259 dispensatione,
1203 5204 1309 5243 non
1339 5189 1541 5260 aliquid
1571 5192 1785 5261 quidem
1826 5206 1888 5244 ex
1920 5190 1988 5245 iis
2012 5206 2133 5259 qua:

580 5278 745 5333 Deum
779 5279 971 5334 decent
1003 5293 1262 5347 apparere
1292 5281 1345 5333 in
1394 5280 1461 5336 iis
1494 5296 1615 5351 qua:
1650 5280 1790 5335 facta
1827 5288 1988 5335 sunt:
2034 5280 2132 5332 ali-

578 5372 708 5442 quid
748 5382 921 5425 autem
966 5387 1074 5425 non
1117 5370 1321 5426 adesse.
1359 5371 1491 5425 Nam
1541 5382 1601 5426 ut
1634 5373 1801 5427 semel
1834 5372 2129 5434 absolvam,

577 5464 783 5515 nullum
839 5476 934 5531 per
987 5476 1044 5516 se
1091 5476 1157 5515 ex
1210 5462 1294 5515 his
1334 5462 1656 5517 sublimibus
1708 5462 2017 5515 nominibus
2066 5462 2133 5514 ab

586 5553 701 5608 aliis
727 5553 1079 5621 disjunetum,
1110 5553 1383 5624 sigillatim
1413 5564 1495 5609 est
1528 5554 1717 5609 virtus.
1737 5552 1919 5624 Neque
1936 5554 2132 5608 bonum

584 5659 706 5698 vere
724 5652 805 5698 est
830 5644 1053 5709 bonum,
1074 5647 1217 5718 quod
1239 5663 1346 5702 non
1372 5656 1453 5703 est
1469 5646 1659 5700 ordine
1671 5646 1990 5700 collocatum
2009 5661 2133 5700 eum

582 5735 811 5802 iustitia,
850 5736 1113 5806 sapientia
1140 5748 1193 5794 et
1214 5738 1468 5811 potentia.
1502 5736 1654 5804 Quod
1686 5737 1828 5793 enim
1871 5745 1952 5793 est
1994 5736 2135 5806 inju-

2232 4556 2385 4624 άλλη,
2414 4554 2447 4624 ἢ
2469 4552 2530 4605 τὸ
2554 4552 2652 4615 τὰς
2682 4550 2920 4615 εὐσεϐεῖς
2947 4550 3073 4619 περὶ
3097 4548 3191 4602 τοῦ
3221 4547 3353 4601 Θεοῦ
3380 4546 3673 4617 ὑπολήψεις
3694 4546 3787 4598 ἐπὶ

2231 4643 2535 4714 κεφαλαίων
2567 4642 2849 4708 διεξελθεῖν
2869 4659 2883 4705 ;

2819 4732 3068 4785 ΚΕΦΑΛ.
3107 4729 3193 4783 κ’.

2303 4822 2509 4877 Οὐκοῦν
2536 4822 2869 4893 ὁμολογεῖται
2903 4820 3051 4891 παρὰ
3085 4821 3240 4883 πᾶσι,
3274 4818 3346 4889 μὴ
3377 4817 3533 4888 μόνον
3564 4816 3790 4870 δυνατὸν

2231 4911 2367 4969 εἶναι
2392 4915 2501 4969 δεῖν
2530 4913 2800 4968 πιστεύειν
2826 4912 2887 4967 τὸ
2919 4911 3091 4979 Θεῖον,
3122 4912 3258 4965 ἀλλὰ
3297 4912 3387 4963 καὶ
3429 4909 3651 4970 δίκαιον,
3694 4906 3791 4960 καὶ

2232 5007 2452 5077 ἀγαθὸν,
2483 5007 2575 5059 καὶ
2600 5004 2780 5074 σοφὸν,
2814 5005 2907 5059 καὶ
2931 5005 3037 5057 πᾶν
3069 5004 3096 5057 ὅ
3118 5020 3169 5056 τι
3202 5002 3336 5074 πρὸς
3378 5000 3437 5054 τὸ
3482 5002 3724 5070 κρεῖττον
3752 4999 3790 5067 ἡ

2231 5099 2435 5152 διάνοια
2480 5097 2652 5167 φέρει.
2698 5093 3008 5148 Ἀκόλουθον
3038 5093 3212 5145 τοίνυν
3258 5091 3347 5143 ἐπὶ
3384 5090 3479 5158 τῆς
3508 5089 3787 5159 παρούσης

2232 5192 2557 5261 οἰκονομίας,
2593 5188 2667 5261 μὴ
2692 5190 2753 5242 τὸ
2780 5189 2875 5261 μέν
2902 5204 2954 5241 τι
2992 5185 3264 5256 βούλεσθαι
3288 5185 3392 5235 τῶν
3416 5182 3491 5251 τῷ
3519 5179 3636 5250 Θεῷ
3656 5196 3789 5250 πρε-

2233 5284 2438 5335 πόντων
2479 5281 2854 5350 ἐπιφαίνεσθαι
2900 5281 3007 5341 τοῖς
3052 5275 3470 5346 γεγενημένοις,
3526 5272 3587 5326 τὸ
3624 5271 3679 5323 δέ
3714 5271 3792 5341 μὴ

2235 5374 2505 5443 παρεῖναι.
2542 5372 2783 5425 Καθόλου
2811 5372 2918 5440 γάρ
2940 5369 3086 5423 οὐδὲν
3112 5370 3195 5437 ἐφ’
3225 5366 3414 5419 ἐαυτοῦ
3443 5365 3548 5418 τῶν
3573 5362 3792 5433 ὑψηλῶν

2233 5463 2433 5516 τούτων
2479 5464 2753 5534 ὀνομάτων
2804 5460 3178 5531 διεζευγμένον
3218 5459 3323 5511 τῶν
3370 5458 3570 5519 ἄλλων,
3622 5453 3793 5526 ἀρετὴ

2235 5555 2544 5625 καταμόνας
2614 5555 2776 5608 ἐστίν.
2847 5552 2982 5605 Οὔτε
3034 5552 3093 5604 τὸ
3140 5551 3336 5620 ἀγαθὸν
3389 5548 3600 5619 ἀληθῶς
3647 5549 3793 5600 ἐστιν

2236 5646 2456 5713 ἀγαθὸν,
2495 5646 2568 5717 μὴ
2617 5648 2751 5716 μετὰ
2781 5644 2873 5698 τοῦ
2904 5644 3109 5697 δικαίου
3142 5659 3198 5695 τε
3229 5642 3321 5695 καὶ
3354 5641 3515 5709 σοφοῦ
3559 5638 3651 5692 καὶ
3695 5634 3790 5690 τοῦ

2236 5738 2457 5793 δυνατοῦ
2505 5738 2863 5809 τεταγμένον·
2915 5738 2976 5789 τὸ
3028 5735 3136 5807 γὰρ
3173 5734 3371 5799 ἄδικον,
3416 5734 3451 5804 ἢ
3494 5732 3709 5801 ἄσοφον,
3756 5725 3796 5792 ἦ
