3978 6468
256 318 315 374 57
1380 304 1686 380 ‘onmo
1715 325 2219 388 CATECHETICA.
3375 334 3443 390 as

252 436 512 501 ἀδύνατον,
558 432 751 503 ἀγαθὸν
792 435 893 489 οὐκ
937 436 1101 491 ἐστιν.
1156 435 1291 492 Οὔτε
1330 441 1363 510 ἡ
1409 439 1652 510 δύναμις,
1680 441 1776 495 τοῦ

1887 453 2044 509 stum,
2073 445 2333 516 insipiens
2352 454 2407 501 et
2435 445 2726 515 impotens.
2756 461 2865 502 non
2891 454 2976 503 est
2996 448 3221 505 bonum.
3253 450 3443 521 Neque

253 529 432 583 δικαίου
459 544 515 580 τε
548 527 635 580 καὶ
667 527 829 596 σοφοῦ
865 530 1337 601 κεχωρισμένη,ὲν
1359 532 1525 603 ἀρετῇ
1553 532 1775 604 θεωρεῖ-

251 636 355 673 ται·
395 619 644 689 θηριῶδες
671 622 779 691 γάρ
817 623 933 674 ἐστι
963 622 1024 675 τὸ
1060 623 1298 677 τοιοῦτον
1342 627 1434 679 καὶ¹
1457 626 1774 696 τυραννικὸν

250 712 330 781 τῆς
360 711 623 780 δυνάμεως
659 707 815 776 εἶδος.
857 712 1126 776 Ὡσαύτως
1169 714 1225 767 δὲ
1266 716 1361 768 καὶ
1400 715 1470 769 τὰ
1515 717 1695 781 λοιπά,
1726 718 1777 771 εί

248 804 335 867 ἔξω
360 802 445 855 τοῦ
472 802 675 855 δικαίου
705 803 766 855 τὸ
808 804 968 872 σοφὸν
999 804 1234 875 φέροιτο,
1266 806 1299 877 ἦ
1336 807 1395 860 τὸ
1425 808 1628 860 δίκαιον
1660 825 1675 839 ’
1727 810 1776 862 εί

250 902 311 970 μὴ
340 898 465 968 μετά
492 898 709 950 δύνατοῦ
739 915 799 951 τε
830 899 925 951 καὶ
949 899 1152 967 ἀγαθοῦ
1186 900 1457 971 θεωροίτο,
1490 903 1685 957 κακίαν
1710 902 1775 957 ἄν

244 1007 313 1052 τις
340 989 525 1059 μᾶλλον
549 988 616 1041 τὰ
637 990 858 1042 τοιαῦτα
902 990 1105 1060 κυρίως
1134 993 1539 1063 κατονομάσειε.
1570 993 1641 1047 Τὸ
1666 995 1774 1066 γὰρ

246 1081 431 1143 ἐλλιπὲς
460 1080 553 1133 τοῦ
596 1082 920 1151 κρείττονος,
955 1083 1071 1146 πῶς
1112 1084 1176 1137 ἄν
1209 1101 1291 1147 τις
1330 1087 1387 1137 ὲν
1413 1085 1634 1155 ἀγαθοῖς
1660 1089 1779 1159 ἀιρι⁹

247 1172 501 1239 θμήσειιν;
549 1170 611 1221 Ei
651 1170 708 1222 δὲ
737 1172 912 1224 πάντα
944 1172 1207 1242 προσήκει
1232 1173 1551 1244 συνδραμεῖν
1579 1178 1636 1228 ὲν
1661 1179 1779 1240 ταῖς

246 1264 352 1331 api.
377 1260 505 1314 θεοῦ
535 1260 733 1326 δόξαις,
781 1262 1140 1333 σκοπήσωμεν
1166 1265 1215 1315 εἰ
1251 1265 1284 1334 ἡ
1328 1265 1467 1318 κατά
1498 1264 1780 1337 ἄνθρωπον

246 1354 324 1405 τοῦ
360 1352 486 1406 Θεοῦ
510 1351 790 1422 οἰκονομία
814 1352 1053 1407 λείπεταί
1085 1371 1135 1408 τι
1165 1354 1272 1407 τῶν
1304 1356 1618 1426 θεοπρεπῶν
1648 1358 1781 1411 ὑπο-

246 1445 446 1515 “idem.
477 1444 754 1514 Ζητοῦμεν
801 1445 1014 1508 πάντως
1055 1446 1147 1498 ἐπὶ
1197 1446 1290 1500 τοῦ
1327 1446 1460 1502 Θεοῦ
1508 1449 1607 1519 τῆς
1646 1451 1781 1518 ἁγαο

247 1537 439 1607 θότητος
464 1540 532 1589 τὰ
576 1539 795 1605 σημεῖα.
836 1536 944 1589 Καὶ
988 1537 1070 1599 τίς
1095 1535 1161 1590 ἂν
1188 1537 1394 1605 γένοιτο
1431 1542 1781 1611 φανερωτέρα

247 1628 322 1682 τοῦ
346 1628 540 1696 ἀγαθοῦ
577 1629 870 1699 μαρτυρία,
900 1628 932 1699 ἦ
962 1627 1022 1681 τὸ
1050 1629 1475 1701 μταποιηθῆναι
1502 1632 1662 1687 αὑτὸν
1686 1632 1780 1686 τού

247 1719 360 1787 πρὸς
400 1718 456 1770 τὸ
493 1718 736 1771 ἰναντὶον
784 1717 1275 1787 αὐτομολήσαντος.
1325 1720 1457 1789 μηδὲ
1505 1721 1779 1775 συνδιατε-

245 1780 377 1880 θῐξναι
429 1808 506 1879 τῷ
553 1780 939 1880 εὐμετάϐλήτιρ
992 1780 1091 1873 τέις
1135 1780 1479 1880 ἀνθρωέτίνης
1528 1814 1783 1883 προαιρέ-
1812 1780 1854 1835 Β

250 1917 361 1963 σεως
404 1899 500 1969 τὴν
552 1899 760 1967 παγίαν
801 1902 856 1952 ὲν
907 1898 984 1969 τῷ
1023 1899 1211 1970 ἁγαθῷ
1265 1901 1358 1954 καὶ
1414 1901 1784 1973 ἀμετάϐλητον

246 1991 407 2056 φύσινς
449 1992 522 2043 υύ
556 1992 670 2062 γὰρ
712 1990 777 2045 ἂν
805 1986 966 2060 ἦλθεν
998 1994 1079 2054 είς
1106 1992 1167 2044 τὸ
1198 1991 1367 2045 σῶσαι
1402 1995 1571 2063 ἡμᾶς.
1603 1993 1783 2058 καθώς

249 2096 384 2150 φησιν
402 2081 430 2131 ὁ
451 2079 635 2138 Δαόὶδ,
662 2079 735 2150 μὴ
768 2079 1100 2151 ἀγαθότητος
1126 2081 1224 2150 τὴν
1256 2082 1508 2153 τοιαύτην
1532 2083 1784 2153 πρόθεσιν

248 2171 566 2240 ἐμποιούσης.
634 2171 769 2224 Ἀλλ’
813 2171 960 2225 οὐδὲν
1001 2171 1067 2226 ἂν
1119 2170 1292 2241 ὢνησε
1339 2172 1400 2225 τὸ
1444 2173 1646 2241 ἀγαθὸν
1687 2175 1785 2245 τῆς

248 2262 557 2334 προθέσεως,
614 2262 689 2334 μὴ
734 2262 923 2331 σοφίας
967 2263 1187 2333 ἐνεργὸν
1232 2262 1331 2333 τὴν
1380 2262 1784 2335 φιλανθρωπίαν

248 2353 491 2425 ποιούσης.
534 2356 652 2407 Καὶ
678 2353 787 2424 γάρ
816 2355 906 2406 ἐπὶ
945 2354 1051 2407 τῶν
1081 2352 1375 2425 ἀρρώστως
1410 2355 1780 2426 διακειμένων,

247 2446 401 2499 πολλοὶ
429 2447 524 2516 μὲν
548 2447 683 2509 ἴσως
709 2447 757 2499 oi
785 2444 1092 2516 βουλόμενοι
1126 2446 1199 2516 μὴ
1230 2447 1287 2498 ἐν
1318 2448 1506 2508 κακοῖς
1534 2442 1670 2499 εἶναι
1697 2447 1785 2500 τὸν

251 2537 493 2606 κείμενον·
544 2537 701 2607 μόνοι
722 2535 778 2588 δὲ
803 2537 900 2607 τὴν
932 2534 1138 2606 ἀγαθὴν
1171 2534 1309 2606 ὑπὲρ
1337 2536 1444 2588 τῶν
1473 2536 1785 2605 καμνόντων

247 2628 529 2699 προαίρεσιν
572 2630 658 2691 είς
697 2628 872 2699 πέρας
899 2627 1139 2696 ἄγουσιν,
1178 2623 1259 2690 οἷς
1294 2629 1512 2699 τεχνική
1554 2644 1636 2691 τις
1691 2627 1784 2680 δύ-

249 2737 386 2789 ναμις
408 2723 662 2790 συνεργεῖ
686 2721 823 2791 πρὸς
838 2720 937 2790 τὴν
962 2720 1055 2773 τοῦ
1082 2720 1376 2790 κάμνοντος
1392 2720 1553 2775 ἴασιν.
1581 2720 1786 2773 Οὐκοῦν

247 2812 327 2881 τὴν
367 2811 550 2880 σοφίαν
584 2811 669 2864 δεῖ
719 2809 1067 2880 συνεζεῦχθαι
1101 2814 1315 2874 πάντως
1355 2812 1422 2881 τῇ
1467 2810 1783 2880 ἀγαθότητι.

253 2904 352 2967 ηὼς
376 2905 548 2958 τοίνυν
584 2906 647 2956 ὲν
682 2905 792 2967 τοῖς
821 2904 1200 2973 γεγενημένοις
1225 2902 1285 2955 τὸ
1315 2902 1475 2971 σοφὸν
1500 2901 1575 2972 τῷ
1600 2902 1787 2973 ἁγαθῷ

254 2994 636 3065 συνθεωρεῖται;
664 2994 787 3046 Ὅτι
814 2993 874 3046 ού
903 2992 1105 3063 γυμνὸν
1126 2991 1187 3045 τὸ
1213 2992 1353 3045 κατὰ
1380 2991 1631 3062 πρόθεσιν
1653 2993 1786 3058 ἀγα-

252 3086 324 3138 θόν
358 3088 494 3140 ἔστιν
540 3086 695 3139 ίδείν.
743 3085 867 3149 Πῶς
896 3085 1003 3155 γὰρ
1034 3083 1100 3137 ἂν
1130 3084 1323 3154 φανείη
1362 3084 1394 3152 ἡ
1429 3081 1681 3153 πρόθεσις
1713 3083 1786 3152 μὴ

249 3177 321 3229 διὰ
342 3178 437 3230 τῶν
463 3178 770 3248 γινομένων
800 3175 1203 3246 φανερουμένης
1240 3174 1319 3227 Τὰ
1341 3174 1397 3227 δὲ
1433 3173 1789 3244 πεπραγμένα

250 3269 396 3339 είρμῷ
413 3286 513 3323 τινι
540 3269 641 3322 καὶ
667 3268 815 3334 τάξει
840 3268 905 3320 δι’
934 3264 1221 3320 ἀκολούθου
1246 3265 1517 3337 προϊόντα,
1539 3265 1599 3316 τὸ
1630 3264 1788 3333 σοφόν

248 3376 298 3412 τε
315 3362 397 3413 καὶ
414 3360 663 3431 τεχνικὸν
684 3359 781 3429 τῆς
795 3359 1101 3428 οἰκονομίας
1127 3357 1220 3410 τοῦ
1251 3355 1383 3409 Θεοῦ
1403 3355 1757 3409 διαδείκνυσιν
1772 3394 1786 3408 .

259 3453 387 3506 Ἐπεὶ
412 3454 488 3519 δὲ,
519 3451 707 3514 καθὼς
737 3452 793 3505 ὲν
819 3454 928 3514 τοῖς
949 3450 1213 3518 φθάσασιν
1233 3450 1463 3519 εἴρηται,
1482 3447 1696 3509 πάντως
1712 3446 1787 3517 τῷ

248 3543 413 3611 δικαίῳ
442 3544 503 3597 τὸ
547 3542 714 3611 σοφὸν
763 3541 1184 3611 συνεζευγμένον
1215 3538 1382 3610 ἀρετὴ
1410 3538 1688 3607 γίγνεταιο
1738 3539 1786 3590 εί

246 3634 294 3687 δὲ
320 3636 623 3708 χωρισθείη,
671 3636 745 3706 μὴ
797 3636 863 3689 ἂν
906 3635 992 3701 ἐφ’
1032 3630 1222 3686 ἑαυτοῦ
1267 3630 1546 3701 καταμένῃ
1584 3628 1785 3697 ἀγαθὸν

250 3720 397 3779 εἶναι·
455 3726 640 3790 καλῶς
687 3727 752 3781 ἂν
782 3726 892 3797 ἔχοι
936 3725 1030 3779 καὶ
1072 3724 1163 3777 ἐπὶ
1194 3723 1286 3777 τοῦ
1326 3723 1485 3790 λόγου
1518 3722 1617 3791 τῆς
1647 3721 1785 3773 κατὰ

248 3818 502 3888 ἄνθρωπον
550 3817 879 3888 οἰκονομίας,
923 3818 992 3871 τά
1030 3816 1127 3870 δύο
1174 3816 1292 3886 μετ’
1340 3813 1581 3884 ἀλλήλων
1615 3828 1782 3865 κατα-

248 3906 433 3975 νοῆσαι.
465 3911 526 3963 τὸ
556 3908 721 3978 σοφόν
748 3926 890 3979 φημι
919 3908 1011 3961 καὶ
1038 3906 1098 3959 τὸ
1129 3907 1355 3960 δίκαιον.

1876 536 2118 603 potentia
2160 551 2281 606 qua:
2313 544 2398 591 est
2431 544 2681 607 separata
2731 550 2761 590 a
2802 537 3015 605 justitia
3048 550 3103 594 et
3151 543 3439 611 sapientia,

1875 624 2253 679 consideratur
2278 624 2331 678 in
2359 625 2593 692 virtute;
2632 632 2717 680 est
2745 625 2889 679 enim
2924 627 3223 684 belluinum
3265 640 3319 686 et
3360 640 3443 703 ty-

1876 716 2158 770 rannicum
2180 715 2448 786 ejusmodi
2474 731 2645 787 genus
2671 716 2942 786 potentiae.
2981 717 3238 775 Similiter
3255 731 3440 776 autem

1876 812 1931 859 et
1959 804 2188 875 reliqua,
2216 820 2409 875 nempe
2441 806 2486 861 si
2518 820 2546 859 a
2572 805 2783 875 justitia
2817 816 3023 861 remota
3059 808 3316 865 ab‘eratur
3349 828 3440 866 sa-

1876 896 2116 965 pientia:
2169 904 2263 949 aut
2304 897 2351 950 si
2386 896 2602 965 justitia
2627 898 3005 953 consideretur
3034 916 3143 955 nou
3196 918 3316 956 cum
3345 919 3443 973 po-

1878 976 2045 1042 tentia
2086 996 2141 1043 et
2180 988 2440 1055 bonitate,
2495 1004 2559 1044 ea
2608 991 2778 1059 magis
2812 992 3000 1045 vitium
3050 994 3264 1063 proprie
3312 1004 3443 1050 sunt

1879 1078 2224 1133 nominanda.
2263 1078 2397 1133 Nam
2428 1080 2514 1136 cui
2540 1080 2693 1136 deest
2731 1082 2781 1135 id
2814 1082 2959 1152 quod
3000 1085 3215 1146 melius,
3253 1102 3444 1155 quem-

1878 1167 2167 1221 admodum
2234 1168 2290 1222 in
2350 1169 2507 1224 bonis
2565 1172 2976 1227 numeraveris?
3012 1173 3067 1227 Si
3123 1174 3295 1244 igitur
3328 1176 3444 1231 haec

1880 1258 2061 1312 omnia
2095 1267 2308 1328 Oportet
2349 1275 2677 1317 concurrere
2713 1263 2769 1316 in
2804 1262 2871 1318 iis
2912 1279 3032 1332 quae
3063 1265 3129 1319 de
3158 1264 3269 1320 Deo
3312 1278 3442 1321 sunt

1880 1350 2250 1419 Opinionibus,
2302 1352 2713 1409 consideremus
2754 1370 2824 1409 an
2871 1355 2924 1409 in
2977 1358 3215 1425 suscepti
3257 1373 3286 1412 a
3335 1358 3444 1414 Deo

1880 1440 2115 1496 hominis
2136 1442 2563 1512 dispensatione,
2596 1443 2747 1501 deest
2786 1446 2965 1516 aliqua
2998 1463 3066 1502 ex
3111 1448 3177 1503 iis
3206 1465 3325 1516 qua:
3358 1452 3446 1520 pie

1879 1531 1946 1586 de
1982 1530 2090 1587 Deo
2130 1533 2327 1589 animis
2378 1534 2617 1589 insident
2654 1537 3172 1593 existimationibus.
3224 1540 3297 1594 In.
3335 1541 3447 1597 Deo

1880 1623 2102 1678 omnino
2128 1625 2423 1693 quaerimus
2449 1626 2604 1696 signa
2634 1626 2909 1683 bonitatis.
2948 1627 3013 1681 Et
3045 1630 3320 1700 quodnam
3352 1634 3446 1686 bo-

1882 1714 2069 1771 nitatis
2101 1716 2341 1785 apertius
2367 1718 2530 1773 fuerit
2560 1719 2953 1784 testimonium,
2986 1736 3147 1791 quam
3176 1738 3300 1777 eum
3339 1724 3443 1777 sibi

1882 1809 2209 1875 vindicasse,
2249 1818 2304 1865 et
2331 1810 2450 1880 ejus
2466 1827 2650 1866 curam
2679 1813 2935 1881 gessisse,
2968 1813 3060 1883 qui
3087 1815 3361 1871 defecerat
3379 1815 3447 1869 ad

1882 1902 2240 1965 contrarium,
2274 1901 2590 1973 firmamque
2622 1919 2685 1959 ac
2710 1906 2955 1959 stabilem
2983 1916 3037 1961 et
3080 1906 3135 1960 in
3168 1907 3311 1962 bono
3345 1908 3447 1961 im-

1882 1994 2193 2048 mutabilem
2220 2004 2492 2058 naturam,
2526 2011 2632 2049 non
2665 1997 2825 2051 simul
2860 1996 3030 2051 fuisse
3051 1997 3297 2052 aﬂ'ectam
3322 2013 3445 2053 cum

1882 2085 2127 2140 mutabili
2165 2086 2335 2141 libero
2364 2086 2601 2141 hominis
2633 2088 2897 2142 arbitrio?
2923 2087 3041 2143 Non
3088 2090 3233 2144 enim
3266 2090 3447 2144 venis-

1883 2184 1966 2229 set
1993 2175 2059 2229 ad
2104 2190 2204 2232 uos
2231 2178 2547 2240 servandos,
2606 2186 2664 2231 ut
2702 2178 2832 2232 dicit
2860 2177 3047 2242 David,
3081 2180 3188 2235 nisi
3231 2180 3449 2234 bonitas

1884 2265 1985 2320 hoc
2011 2266 2060 2320 ei
2093 2266 2410 2322 immisisset
2456 2269 2814 2337 propositum.
2852 2266 2954 2322 Sed
2993 2270 3124 2323 nihil
3156 2268 3450 2339 profuisset

1887 2358 2099 2412 bonitas
2134 2359 2418 2427 propositi,
2452 2360 2496 2415 si
2527 2376 2631 2413 non
2675 2360 2945 2415 elfecisset
2991 2363 3276 2429 sapientia.
3306 2370 3364 2416 ut
3394 2366 3448 2417 iu

1884 2464 2021 2518 opus
2062 2449 2236 2504 exiret
2270 2449 2599 2520 benignitas,
2631 2458 2686 2505 et
2716 2452 2770 2505 in
2815 2452 3065 2508 homines
3094 2452 3354 2509 cbaritas.
3392 2451 3451 2506 In

1885 2541 1951 2595 iis
1979 2542 2123 2596 enim
2171 2540 2264 2609 qui
2296 2540 2437 2594 male
2464 2556 2522 2595 se
2555 2540 2772 2606 habent,
2807 2541 3041 2597 fortasse
3070 2543 3288 2612 quidem
3324 2552 3451 2598 sunt

1886 2632 2039 2685 multi
2069 2632 2159 2701 qui
2187 2631 2384 2685 vellent
2416 2632 2469 2684 in
2494 2632 2651 2687 malis
2674 2648 2781 2687 non
2813 2647 2935 2689 esse
2959 2649 3079 2688 eum
3105 2635 3197 2703 qui
3230 2634 3453 2688 decum-

1885 2722 1994 2775 bit:
2031 2722 2067 2775 ii
2098 2729 2279 2775 autem
2312 2721 2417 2775 soli
2446 2722 2511 2776 ad
2545 2721 2703 2777 tinem
2737 2723 3015 2778 deducunt
3054 2724 3251 2779 bonam
3295 2740 3449 2779 suam

1887 2827 1985 2881 pro
2013 2813 2383 2868 laborantibus
2414 2814 2765 2878 voluntatem,
2795 2814 2995 2883 quibus
3020 2828 3175 2884 opem
3217 2814 3317 2867 fert
3359 2828 3452 2867 ar-

1886 2903 2113 2958 tiﬁciosa
2174 2903 2251 2958 vis
2304 2902 2549 2973 quaedam
2606 2915 2657 2960 et
2707 2905 2949 2973 potentia
3006 2904 3072 2959 ad
3126 2904 3451 2958 medendum

1884 3003 2108 3063 aegroto.
2137 2992 2363 3064 Oportet
2406 3010 2534 3064 ergo
2562 2994 2881 3063 sapientiam
2918 2997 3145 3050 omnino
3173 3012 3294 3050 esse
3321 3010 3455 3050 con-

1885 3086 2129 3155 junctam
2166 3100 2287 3139 cum
2337 3085 2594 3139 bonitate.
2627 3085 2910 3151 Quomodo
2947 3102 3079 3157 ergo
3127 3088 3180 3141 iu
3222 3089 3288 3142 iis
3333 3102 3456 3157 quze

1892 3175 2032 3229 facta
2058 3182 2186 3231 sunt
2214 3176 2594 3231 consideratur
2624 3178 2891 3248 sapientia
2928 3179 3090 3233 simul
3133 3194 3255 3234 cum
3294 3179 3455 3233 boui-

1891 3266 2036 3320 tate?
2077 3264 2343 3331 Quoniam
2384 3267 2507 3322 licet
2550 3282 2774 3323 cernere
2813 3284 2920 3323 non
2963 3270 3219 3325 solumet
3249 3271 3455 3324 nudum

1889 3357 2089 3410 bonum
2118 3358 2170 3410 in
2202 3358 2497 3426 proposito.
2522 3355 2807 3423 Quomodo
2834 3358 2977 3412 enim
3012 3368 3299 3430 appareret
3330 3375 3456 3430 pru-

1887 3448 2145 3517 positum,
2201 3448 2245 3502 si
2283 3464 2391 3501 non
2442 3447 2664 3503 evidens
2705 3456 2850 3504 esset
2898 3463 2994 3517 per
3024 3464 3087 3503 ea
3121 3464 3241 3519 qua:
3288 3448 3457 3502 ﬁant?

1888 3538 2017 3605 Quae
2043 3547 2219 3593 autem
2250 3539 2392 3594 facta
2422 3538 2549 3595 aunt
2578 3540 2809 3610 quadam
2842 3542 2982 3595 serie
3010 3550 3064 3595 et
3108 3540 3299 3595 ordine
3330 3556 3456 3609 pro-

1891 3630 2137 3684 cedentia
2170 3644 2263 3699 per
2294 3629 2343 3682 id
2377 3630 2519 3699 quod
2553 3638 2638 3684 est
2661 3644 3001 3699 consequens
3044 3631 3337 3685 ostendunt
3367 3646 3457 3684 sa-

1891 3724 2147 3793 pientiam
2180 3732 2233 3777 et
2258 3722 2546 3776 artiﬁcium
2594 3720 2683 3775 Dei
2713 3721 3173 3791 dispensationis:
3206 3721 3457 3792 quando-

1888 3816 2127 3885 quidem,
2178 3815 2319 3868 sicut
2363 3814 2513 3882 prius
2546 3812 2803 3877 diximus,
2853 3813 3117 3883 sapientia
3164 3813 3457 3883 conjuncta

1887 3921 2008 3958 cum
2036 3905 2246 3974 justitia
2279 3904 2502 3959 oumino
2538 3903 2595 3957 ﬁt
2626 3904 2821 3960 virtus.
2847 3902 3001 3969 Quod
3028 3904 3074 3959 si
3107 3918 3351 3959 seorsum
3387 3904 3459 3958 si.

251 4003 420 4069 posita,
451 4019 544 4071 per
567 4018 628 4056 se
661 4002 904 4071 sejuncta
945 4016 1054 4055 non
1105 3999 1266 4053 fuerit
1297 3997 1528 4053 bonitas.
1578 3997 1744 4053 Recte
1782 4012 1910 4065 ergo
1954 3997 2115 4051 fuerit
2152 3997 2205 4049 in
2270 3997 2478 4050 ratione
2545 3996 2782 4066 suscepti
2819 3995 3055 4050 hominis
3093 3994 3457 4064 dispensatio-

252 4096 340 4157 nis,
368 4097 471 4149 duo
504 4098 670 4151 simul
698 4098 840 4150 ιὶιιει·
867 4111 926 4150 se
947 4097 1174 4151 invicem
1204 4094 1571 4159 considerare,
1620 4092 1961 4162 sapientiam,
2005 4093 2248 4162 inquam,
2279 4100 2332 4145 et
2361 4090 2646 4159 justitiam.

814 4201 1061 4267 ΚΕΦΑΛ.
1102 4214 1231 4266 KA'.

308 4305 393 4369 Τίς
435 4305 526 4363 οὗν
574 4311 610 4379 η
657 4307 994 4379 δικαιοσύνῃ
1040 4306 1376 4377 Μεμνὴμεθα
1425 4303 1641 4365 πάντως
1686 4300 1793 4355 τῶν

251 4396 370 4449 κατὰ
396 4398 453 4450 τὸ
488 4397 778 4452 ἀκόλουθον
807 4400 863 4449 ὲν
901 4400 1011 4459 τοῖς
1058 4396 1291 4467 πρώτοις
1324 4394 1416 4448 τοῦ
1455 4394 1613 4461 λόγου
1644 4394 1793 4463 είρη-

256 4487 425 4552 μένων,
452 4492 533 4544 ὅτι
567 4492 787 4561 μίμημα
809 4490 903 4559 τῆς
926 4488 1072 4552 θείας
1092 4488 1303 4558 φύσεως
1328 4484 1730 4555 κατεσκευάσθη
1762 4485 1790 4536 ό

2473 4204 2697 4261 CAPUT
2739 4204 2876 4259 XXI.

1960 4299 2217 4366 Quaznam
2268 4314 2397 4369 ergo
2444 4308 2527 4353 est
2574 4296 2823 4366 justitia?
2872 4294 3218 4351 Meminimus
3266 4312 3456 4351 eorum

1891 4407 2013 4461 qua:
2043 4406 2110 4445 ex
2157 4390 2511 4459 consequenti
2557 4388 2701 4442 dicta
2738 4395 2866 4443 sunt
2903 4389 2957 4440 in
2992 4386 3261 4457 principio
3295 4388 3459 4457 hujus

1897 4484 2043 4549 libri,
2076 4484 2219 4551 quod
2252 4483 2317 4535 ad
2348 4482 2545 4536 divina:
2574 4487 2780 4533 natura:
2809 4479 3163 4533 imitationem
3197 4479 3358 4532 homo
3389 4480 3460 4534 sit

254 4575 525 4649 ἂήρωπος.
558 4585 669 4645 τοῖς
699 4599 757 4634 τε
792 4582 993 4641 λοιποῖς
1021 4580 1129 4633 τῶν
1160 4578 1399 4646 ἀγαθῶν,
1432 4578 1524 4631 καὶ
1547 4575 1626 4646 τῷ
1656 4576 1785 4629 αύτ-

1895 4575 2170 4636 conditus,
2207 4583 2322 4627 tum
2354 4573 2510 4628 bonis
2540 4572 2785 4640 reliquis,
2821 4578 2932 4622 tum
2968 4570 3132 4623 etiam
3168 4570 3338 4624 libero
3366 4586 3460 4623 ar-

254 4670 451 4743 εξουσίῳ
480 4677 583 4745 τῆς
623 4674 1014 4745 προαιρέσεως,
1048 4671 1145 4742 τὴν
1174 4671 1308 4741 πρὸς
1334 4669 1394 4722 τὸ
1418 4670 1569 4723 Θείον
1596 4666 1787 4721 διασώ-

256 4760 342 4824 ζωι
367 4766 640 4833 ὁμοίωσιν.
678 4766 925 4834 Τρεπτῆς
953 4763 1010 4816 δὲ
1039 4761 1247 4830 φύσεως
1271 4759 1346 4813 ὢν
1372 4761 1488 4814 κατ’
1511 4759 1753 4829 ἀνάγκην
1774 4774 1787 4786 ·

252 4854 304 4901 οὐ
330 4854 426 4923 γάρ
454 4855 728 4924 ἐνεδέχετο
768 4854 857 4907 τὸν
890 4854 947 4921 ἐξ
996 4853 1326 4916 ἀλλοιώσεως
1367 4853 1464 4923 τὴν
1495 4850 1667 4921 ἀρχὴν
1695 4848 1789 4902 τοῦ

255 4935 373 4996 εἶναι
404 4945 611 5015 ἔχοντα,
659 4948 732 5016 μὴ
774 4946 1000 5014 τρεπτδν
1042 4942 1179 4999 εἶναι
1210 4945 1444 5007 πάντως’
1486 4944 1551 4996 Ἢ
1588 4942 1695 5013 γὰρ
1728 4942 1791 4993 ὲκ

254 5032 333 5083 τοῦ
361 5034 431 5106 μὴ
453 5037 601 5100 ὄντος
627 5039 704 5100 εἰς
731 5038 791 5090 τὸ
812 5032 949 5091 εἶναι
970 5038 1217 5108 πάροδος,
1244 5035 1520 5097 ἀλλοίωσις
1546 5034 1627 5097 τίς
1654 5037 1789 5097 ἐστι,

255 5122 338 5191 τῆς
362 5126 691 5199 ἁνυπαρξίας
718 5130 857 5182 κατὰ
886 5128 1033 5182 θείαν
1065 5129 1290 5199 δύναμιν
1318 5130 1396 5191 είς
1420 5127 1605 5180 οὐσίαν
1656 5128 1789 5196 μεθ-

258 5218 544 5289 ισταμένης.
582 5221 690 5273 Καὶ
734 5220 905 5283 ἄλλως
932 5220 987 5273 δὲ
1024 5223 1124 5291 τῆς
1165 5220 1370 5291 τροπῆς
1398 5219 1705 5287 ἀναγκαίως
1733 5222 1790 5271 ὲν

256 5303 322 5372 τῷ
346 5308 604 5382 ἀνθρώπῳ
634 5312 1025 5383 θεωρουμένης,
1050 5312 1234 5382 ἐπειδὴ
1269 5312 1490 5382 μίμημα
1516 5310 1615 5380 τῆς
1643 5309 1790 5372 θείας

198 5462 204 5473 ,
260 5398 447 5463 εὲὑσεως
477 5404 505 5454 ὁ
533 5403 813 5473 ἄνθρωπος
838 5400 921 5475 ἦν.
957 5404 1030 5456 Τὸ
1065 5403 1122 5456 δὲ
1153 5403 1498 5473 μιμούμενον,
1531 5404 1577 5454 εἱ
1618 5402 1691 5472 μὴ
1735 5404 1791 5454 ἐν

262 5494 511 5566 ἑτερότητι
536 5497 684 5568 τύχοι
711 5498 834 5563 τινὶ,
864 5497 1056 5551 ταύτὸν
1087 5496 1152 5549 ἂν
1183 5496 1266 5567 εῐη
1292 5495 1503 5558 πάντως
1531 5494 1723 5564 ἐκείνῳ

264 5586 602 5656 ἀφωμοίωται.
652 5589 739 5641 Ἕν
783 5588 954 5660 τούτῳ
998 5589 1174 5642 τοίνυν
1216 5586 1313 5657 τῆς
1352 5586 1661 5655 ἑτερότητος
1695 5583 1788 5638 τοῦ

325 5763 346 5795 ⁸
362 5766 497 5822 Paul.
518 5786 598 5835 ω’,
642 5769 725 5825 ιο.

1896 4666 2078 4731 bitrio,
2124 4665 2216 4720 Dei
2259 4678 2590 4718 conservans
2637 4660 3069 4716 similitudinem.
3104 4662 3238 4715 Cum
3277 4672 3458 4715 autem

1897 4759 2207 4813 necessario
2268 4762 2413 4810 esset
2460 4753 2737 4807 mutabilis
2785 4762 3029 4817 naturae;
3090 4768 3267 4821 neque
3310 4753 3457 4806 enim

1898 4851 2012 4904 tieri
2041 4857 2271 4918 poterat,
2319 4854 2376 4901 ut
2402 4846 2495 4917 qui
2534 4846 2601 4899 ab
2630 4844 2953 4899 alteratione
2988 4843 3313 4913 principium
3360 4840 3457 4893 ha-

1898 4943 2109 5005 buerat,
2144 4954 2252 4994 non
2305 4947 2449 4994 esset
2497 4938 2719 4993 omnino
2766 4936 3063 4990 mutabilis.
3096 4934 3269 4987 Abeo
3309 4931 3453 4985 enim

1894 5031 2039 5103 quod
2066 5047 2172 5085 non
2195 5041 2279 5085 est
2308 5044 2635 5113 progressus
2656 5028 2720 5082 ad
2754 5028 3069 5089 essentiam,
3097 5032 3179 5077 est
3205 5022 3452 5093 quaedam

1894 5124 2161 5185 alteratio,
2180 5136 2305 5176 cum
2324 5136 2444 5191 qua:
2462 5136 2567 5175 non
2594 5128 2677 5175 est
2706 5118 3028 5178 substantia,
3048 5116 3245 5169 virtute
3274 5114 3454 5168 divina

1893 5223 2131 5272 transeat
2148 5218 2200 5268 iu
2223 5212 2680 5278 cssentiam.Quin
2695 5212 2852 5266 etiam
2878 5224 2999 5263 cum
3013 5206 3248 5275 alioquin
3273 5221 3461 5260 neces-

1892 5309 2036 5365 sario
2053 5309 2106 5361 in
2129 5308 2343 5361 homine
2362 5306 2733 5361 consideretur
2755 5302 2999 5364 mutatio,
3023 5298 3276 5367 quoniam
3294 5298 3456 5352 homo

1894 5400 2201 5454 imitabatur
2218 5407 2468 5453 naturam
2492 5398 2766 5452 divinam:
2805 5393 2947 5464 quod
2982 5402 3159 5444 autem
3188 5390 3454 5456 imitatur,

1896 5492 1997 5547 nisi
2015 5491 2067 5545 in
2080 5491 2257 5561 aliqua
2270 5482 3141 5547 essetdiversitate.essetomnino
3157 5479 3295 5535 idem
3309 5482 3457 5551 quod

1894 5584 2024 5641 illud
2041 5584 2128 5640 cui
2144 5592 2229 5640 est
2249 5585 2625 5641 assimilatum.
2640 5579 2775 5636 Cum
2792 5592 2920 5650 ergo
2939 5576 3059 5647 ejus
3081 5575 3222 5646 quod
3252 5574 3458 5629 factum
