3978 6472
520 319 587 373 59
1734 322 1790 376 S.
1843 321 2166 378 GREGORII
2205 320 2497 377 NYSSENI

2558 296 2590 327 ⁸
3666 317 3733 377 co

519 443 694 491 luerat
723 438 786 492 ad
808 436 1116 507 imaginem,
1146 436 1201 490 in
1225 436 1325 491 hoc
1358 437 1806 497 essetdiversitas
1820 444 1887 497 ab
1901 459 2067 497 exem-

2182 444 2301 495 κατ’
2330 443 2511 495 είκόνα
2556 439 2839 510 γενομένου
2869 441 3000 509 πρὸς
3043 440 3100 493 rb
3140 438 3440 509 ἀρχέτυπον
3462 434 3648 505 οὔσης,
3676 438 3731 489 ἐν

519 534 676 599 piari,
697 530 837 599 quod
857 530 954 582 huc
968 529 1183 598 quidem
1203 537 1347 584 esset
1364 542 1554 584 natura
1578 533 1931 599 immutabile,
1952 537 2081 589 illud

517 637 647 676 vero
684 638 789 675 non
827 623 905 675 sie
926 636 984 675 se
1016 621 1256 682 haberet,
1286 622 1380 677 sed
1403 624 1722 679 consisteret
1744 627 1960 695 quidem
1988 643 2082 696 per

516 713 914 770 alterationem,
952 720 1010 763 ut
1034 711 1145 780 jam
1179 711 1415 767 diximus
1444 731 1457 778 ;
1493 716 1714 769 omnino
1743 725 1919 770 autem
1951 719 2081 770 alte-

517 810 749 858 raretur.
778 810 1060 870 propterea
1087 803 1231 871 quod
1260 804 1597 870 imitaretur;
1626 808 1871 861 alteratio
1895 816 2075 863 autem

515 900 598 945 est
628 892 844 959 quidam
880 902 1079 953 motus,
1128 893 1195 946 ab
1221 908 1286 948 eo
1320 896 1372 948 in
1401 912 1508 964 quo
1539 908 1620 951 est
1649 914 1860 968 semper
1890 916 2077 969 proce-

513 985 648 1037 dens
680 985 745 1038 ad
779 986 1044 1051 alterum;
1081 987 1188 1040 duo
1216 996 1343 1041 sunt
1373 1004 1567 1055 genera
1600 990 1867 1055 ejusmodi
1904 1002 2080 1044 muta-

515 1077 717 1130 tionis:
763 1091 927 1128 unum
963 1077 1181 1145 quidem
1231 1078 1374 1145 quod
1426 1095 1639 1149 semper
1674 1080 1729 1133 lit
1762 1083 1824 1134 ad
1854 1083 2075 1147 bonum,

515 1168 568 1220 in
604 1183 713 1237 quo
763 1177 962 1223 statum
1018 1185 1124 1222 non
1176 1170 1335 1223 habet
1386 1186 1727 1240 progressus,
1793 1182 2076 1244 propterea

514 1259 657 1324 quod
705 1275 804 1312 nec
832 1260 1311 1328 comprehenditur
1346 1261 1564 1328 quidem
1616 1262 1737 1318 ﬁnis
1780 1265 1898 1334 ejus
1933 1268 2075 1337 quod

515 1351 744 1415 transit;
777 1350 1004 1403 alterum
1043 1358 1223 1405 autem
1269 1352 1334 1404 ad
1366 1355 1724 1419 contrarium,
1759 1358 1914 1427 cujus
1949 1360 2077 1413 sub-

514 1443 711 1495 stantia
746 1450 829 1495 est
856 1443 910 1494 in
942 1442 1042 1495 hoc
1086 1442 1230 1511 quod
1272 1459 1378 1497 non
1413 1446 1698 1500 consiSIat.
1730 1446 1861 1502 Boni
1908 1451 2073 1515 enim,

512 1534 654 1585 sicut
702 1533 852 1601 prius
900 1532 1103 1586 dictum
1148 1542 1253 1599 est,
1306 1544 1360 1589 et
1391 1537 1649 1590 contrarii
1698 1542 2072 1609 repugnantia.

512 1628 674 1677 talem
709 1633 849 1678 inter
881 1641 939 1680 se
986 1625 1145 1679 habet
1177 1626 1607 1693 distinctionem,
1656 1638 1713 1682 ut
1748 1630 1980 1686 dicimus
2023 1632 2075 1687 id

511 1716 655 1783 quod
690 1723 794 1779 est,
846 1717 915 1770 ab
944 1732 1010 1771 eo
1036 1716 1180 1786 quod
1216 1734 1321 1771 non
1356 1726 1438 1773 est
1490 1727 1745 1789 tanquam
1791 1721 2074 1777 adversum

2182 533 2257 603 τῷ
2278 534 2340 587 rb
2370 534 2465 603 μὲν
2510 534 2772 601 ἄτρεπτον
2818 530 2951 584 εἶναι
2980 534 3044 601 τῇ
3088 531 3263 599 φύσει,
3294 530 3352 583 rb
3380 529 3435 581 δὲ
3466 530 3538 598 μὴ
3564 527 3731 589 οὕτως

2181 624 2343 694 ἐχειν,
2380 623 2513 675 ἀλλά
2558 624 2626 675 δι’
2655 622 2985 685 ἀλλοιώσεως
3018 623 3114 691 μὲν
3146 622 3440 691 ὑποστῆναι
3476 618 3617 674 κατά
3643 618 3733 672 rbv

2179 711 2504 765 ἀποδοθέντα
2547 712 2700 777 λόγον
2731 728 2745 741 ·
2804 710 3172 781 ἀλλοιούμενον
3209 710 3265 762 δὲ
3311 711 3542 769 πάντως.
3572 711 3629 761 ἐν
3654 708 3732 776 ’.ῖῴ

2180 800 2317 856 εἶναι
2347 803 2585 871 μίμημα,
2619 804 2650 873 ἡ
2678 802 2732 855 δὲ
2769 802 3047 865 ἀλλοίωσις
3093 802 3304 873 κίνησίς
3337 804 3483 854 ἐστιν
3511 803 3589 862 είς
3618 800 3731 853 ἓτε-

2183 912 2271 966 ρον
2298 894 2404 946 ἀπὸ
2430 893 2523 945 τοῦ
2553 895 2609 945 ἐν
2639 887 2682 960 ᾧ
2714 895 2857 946 ἐστιν
2901 893 3073 946 εἰσαεὶ
3116 892 3373 964 προϊοῦσα
3402 909 3415 921 ·
3460 889 3551 943 δύο
3588 890 3731 957 λέγει

2177 986 2273 1055 τῆς
2297 985 2544 1055 τοιαύτης
2573 985 2685 1055 είδη
2728 986 2990 1054 κινήσεως
3008 1002 3021 1015 ·
3064 984 3123 1036 τὸ
3158 984 3254 1053 μὲν
3281 983 3415 1053 πρὸς
3441 984 3501 1035 rb
3534 982 3731 1050 ἀγαθον

2177 1078 2262 1130 ἀεὶ
2295 1077 2628 1146 γιγνόμενον,
2666 1079 2722 1129 ἐν
2748 1070 2791 1144 ᾧ
2833 1076 3052 1146 πρόοδος
3082 1077 3267 1129 στάσιν
3292 1078 3389 1128 οὑκ
3434 1075 3565 1144 ἐχει,
3598 1073 3730 1126 διότι

2177 1168 2349 1237 πέρας
2394 1167 2512 1219 οὑδέ
2540 1165 2632 1219 τοῦ
2664 1165 3088 1234 διεξοδευομένου
3122 1164 3611 1234 καταλαμϐάνεται.
3658 1164 3732 1215 Tb

2175 1258 2229 1309 δὲ
2258 1258 2390 1327 πρὸς
2415 1257 2475 1309 τὸ
2505 1258 2763 1321 ἐναντίον,
2796 1253 2856 1311 οὗ
2888 1257 3178 1318 ὑπόστασις
3208 1259 3263 1308 ἐν
3292 1256 3368 1325 τῷ
3395 1256 3467 1326 μὴ
3501 1257 3733 1323 ὑφεστᾶ-

2176 1351 2261 1402 ναί
2300 1352 2464 1404 ἐστιν.
2510 1350 2571 1402 Ἡ
2616 1350 2723 1422 γάρ
2769 1350 2862 1402 τοῦ
2904 1349 3111 1418 ἀγαθοῦ
3160 1348 3506 1413 ἐναντίωσις,
3553 1346 3733 1409 καθὼς

2176 1441 2478 1512 ἔμπροσθεν
2505 1444 2735 1513 εἴρηται,
2762 1440 2998 1494 τοιοῦτόν
3027 1457 3144 1493 τινα
3170 1439 3290 1492 νοῦν
3321 1440 3459 1493 κατά
3486 1440 3582 1510 τὴν
3613 1441 3731 1492 δια-

2177 1534 2368 1605 στολὴν
2394 1535 2527 1605 ἐχει,
2557 1534 2806 1604 καθάπερ
2848 1534 3026 1603 φαμὲν
3051 1533 3127 1604 τῷ
3157 1533 3230 1601 μὴ
3255 1534 3364 1586 όντι
3405 1533 3465 1585 rb
3489 1532 3548 1585 ὃν
3585 1532 3735 1584 ἀντι-

2174 1626 2512 1695 διαιρεῖσθαι.
2541 1626 2633 1677 καὶ
2661 1628 2725 1695 τῇ
2758 1624 3061 1695 ἀνυπαρξίᾳ
3086 1624 3181 1694 τὴν
3213 1623 3461 1694 ὓπαρξιν.
3516 1622 3734 1692 Ἐπειδὴ

2176 1718 2350 1770 τοίνυν
2384 1717 2524 1771 κατὰ
2557 1717 2652 1786 τὴν
2678 1716 2915 1787 τρεπτήν
2940 1733 2999 1767 τε
3031 1715 3123 1767 καὶ
3152 1714 3441 1783 ἀλλοιωτὴν
3466 1715 3643 1784 όρμήν
3672 1730 3735 1765 τε

510 1806 792 1876 distingui,
839 1816 892 1862 et
943 1808 1302 1863 substantiam
1351 1824 1379 1862 a
1420 1826 1527 1864 non
1573 1811 1893 1866 substantia.
1928 1816 2067 1879 Quo-

2178 1812 2271 1863 καὶ
2312 1811 2557 1880 κίνησιν.
2601 1811 2699 1862 οὑκ
2748 1809 3016 1879 ἐνδέχεται
3056 1810 3154 1879 τὴν
3200 1809 3358 1877 φύσιν
3400 1809 3490 1876 ἀφ’
3536 1807 3737 1875 ἑαυτῆς

510 1902 656 1953 niam
688 1917 816 1969 ergo
849 1902 962 1955 ﬁeri
997 1917 1101 1954 non
1137 1911 1331 1971 potest,
1368 1912 1427 1957 ut
1455 1904 1596 1973 quod
1630 1906 1821 1958 attinet
1853 1906 1917 1959 ad
1954 1922 2074 1959 mu-

510 1991 730 2045 labilem
758 2000 810 2045 et
836 1993 1168 2047 alterabilem
1204 1994 1574 2048 incitationem
1603 2007 1654 2050 et
1681 2007 1904 2059 mutum,
1937 1998 1989 2051 in
2016 2014 2075 2053 se

510 2095 705 2135 natura
743 2095 960 2137 maneat
1009 2084 1298 2139 immobilis
1325 2104 1339 2152 ;
1393 2088 1485 2141 sed
1518 2088 1583 2140 ad
1615 2089 1816 2157 aliquid
1849 2090 2072 2143 omnino

510 2176 741 2229 liberum
772 2176 1015 2245 procedit
1053 2180 1357 2242 arbitrium,
1406 2180 1533 2234 boni
1557 2180 1829 2235 desiderio
1854 2189 2075 2235 natura-

507 2267 631 2321 liter
679 2269 853 2337 ipsum
908 2269 1154 2323 trahente
1200 2270 1266 2323 ad
1324 2279 1546 2326 motum.
1604 2271 1809 2327 Bonum
1867 2284 2066 2337 autem,

507 2359 652 2413 aliud
684 2360 901 2429 quidem
940 2379 1061 2415 vere
1097 2371 1179 2415 est
1210 2363 1410 2416 bonum
1448 2364 1744 2418 secundum
1778 2373 2069 2432 naturam;

507 2450 653 2504 aliud
684 2461 863 2504 autem
914 2468 1021 2506 non
1076 2452 1367 2520 ejusmodi,
1426 2454 1519 2508 sed
1569 2454 1729 2509 habet
1784 2455 2071 2524 quamdam

508 2542 635 2595 honi
670 2543 935 2597 visionem
975 2558 1036 2596 ac
1069 2543 1323 2612 speciem.
1360 2542 1556 2597 Eorum
1586 2552 1765 2599 autem
1795 2546 1960 2614 judex
1990 2554 2073 2599 est

507 2636 861 2703 intelligentia
898 2637 1036 2688 intra
1091 2651 1191 2689 nos
1225 2636 1507 2690 collocata.
1539 2635 1653 2701 Qua
1692 2637 1745 2689 in
1778 2652 1834 2691 re
1880 2652 2066 2692 versa-

508 2742 630 2779 mur
664 2728 712 2779 in
748 2728 1010 2795 periculo,
1052 2728 1131 2781 vel
1162 2728 1481 2797 assequendi
1507 2728 1626 2796 ejus
1656 2728 1800 2798 quod
1830 2744 1953 2783 vere
1986 2738 2069 2784 est

508 2817 707 2870 bonum
738 2836 752 2881 ;
807 2829 920 2881 aut,
976 2820 1020 2872 si
1059 2818 1125 2872 ab
1150 2834 1214 2873 eo
1247 2818 1648 2881 diverterimus,
1708 2834 1803 2888 per
1836 2820 2069 2890 aliquam

505 2910 625 2973 ejus
650 2911 791 2978 quod
826 2920 1049 2981 apparet
1097 2912 1492 2979 deceptionem,
1523 2913 1794 2966 dilabendi
1825 2914 1889 2966 ad
1939 2929 2071 2967 eon-

505 3000 770 3053 trarium:
804 3001 1110 3067 cujusmodi
1138 3002 1411 3070 quidpiam
1444 3003 1709 3057 accidisse
1744 3011 1929 3056 narrat
1975 3021 2072 3058 ex-

2181 1903 2359 1972 μένειν
2408 1902 2676 1972 ἀκίνητον,
2714 1901 2825 1953 ἀλλ’
2870 1902 2961 1953 ἐπί
3006 1918 3057 1953 τι
3106 1902 3379 1971 πάντωςή
3421 1899 3737 1970 προαίρεσις

2178 1995 2338 2055 ἵεται,
2370 1993 2467 2063 τῆς
2519 1992 2654 2063 πρὸς
2701 1991 2761 2044 rb
2793 1990 2954 2044 καλὸν
2987 1992 3276 2062 ἐπιθυμίας
3311 1992 3475 2061 αὑτὴν
3512 1990 3740 2058 ἐφελκο-

2182 2088 2345 2155 μένης
2370 2083 2609 2153 φυσικῶς
2638 2086 2717 2146 είς
2743 2085 2973 2155 κίνησιν.
3010 2083 3184 2136 Καλὸν
3216 2084 3271 2136 δέ
3297 2082 3357 2135 τὸ
3402 2083 3497 2152 μέν
3527 2099 3578 2133 τι
3603 2081 3739 2151 ἀλη-

2178 2177 2284 2239 θῶς
2330 2177 2469 2229 κατά
2517 2177 2614 2245 τὴν
2663 2176 2822 2243 φύσιν
2865 2178 3014 2228 ἐστί’
3062 2176 3123 2227 rb
3162 2176 3217 2228 δὲ
3244 2175 3303 2227 οὑ
3336 2175 3593 2236 τοιοῦτον,
3621 2174 3741 2226 ἀλλ’

2180 2267 2564 2338 ἐπηνθισμένον
2594 2269 2697 2320 τινί
2726 2267 2888 2321 καλοῦ
2917 2268 3201 2337 φαντασίᾳ.
3233 2266 3528 2337 Κριτήριον
3547 2265 3601 2318 δὲ
3620 2266 3743 2317 τού·

2176 2377 2283 2412 των
2330 2360 2474 2411 ἐστὶν
2510 2360 2537 2411 ό
2583 2358 2704 2420 νοῦς
2746 2358 2953 2411 ἐνδοθεν
2997 2361 3125 2428 ἡμῖν
3178 2357 3536 2427 ἐνιδρυμένος.
3578 2357 3664 2410 Ἐν

2176 2451 2558 2510 κινδυνεύεται,
2606 2451 2638 2519 ἢ
2681 2451 2739 2504 rb
2775 2453 3043 2520 ἐπιτυχεῖν
3073 2449 3165 2503 τοῦ
3206 2450 3355 2512 ὄντος
3396 2448 3582 2511 καλοῦ,
3613 2450 3645 2519 ἢ
3676 2451 3742 2501 rb

2176 2542 2628 2613 παρατραπέντας
2657 2542 2844 2603 αὑτοῦ,
2867 2542 2954 2594 διά
2981 2559 3120 2604 τινος
3158 2544 3257 2610 τῆς
3297 2541 3436 2594 κατὰ
3466 2541 3528 2593 rb
3553 2542 3744 2609 φαινό-

2178 2653 2335 2706 μενον
2379 2635 2591 2703 ἀπάτης
2640 2634 2731 2685 ἐπὶ
2774 2634 2833 2684 rb
2883 2633 3122 2685 ἐναντίον
3171 2633 3315 2702 ἡμᾶς
3356 2631 3696 2701 ἀπορρυῆναι
3726 2648 3739 2659 ·

2171 2723 2280 2781 οἷόν
2292 2745 2343 2780 τι
2361 2727 2548 2780 παθεῖν
2570 2729 2596 2779 ό
2617 2726 2718 2790 ἔξω
2738 2726 2833 2794 μὲν
2854 2723 3016 2794 μῦθός
3030 2739 3209 2792 φησιν,
3224 2725 3301 2775 ἀπ
3318 2722 3419 2793 Ιοδ]
3440 2722 3649 2775 ιδοῦσαν
3680 2724 3744 2775 ἐν

2171 2819 2249 2889 τῷ
2292 2818 2439 2871 ῦδατι
2465 2818 2560 2888 τὴν
2596 2816 2729 2869 κύνα
2764 2816 2897 2885 πρὸς
2938 2816 3035 2885 τὴν
3068 2815 3221 2867 σκιὰν
3249 2808 3309 2866 οὗ
3347 2815 3433 2867 διὰ
3471 2814 3744 2882 στόματος

2175 2910 2333 2981 ἔφερε
2354 2951 2369 2973 ,
2403 2908 2637 2978 μεθεῖναι
2667 2908 2766 2977 μὲν
2788 2906 2882 2977 τὴν
2904 2906 3074 2975 ἀληθῆ
3099 2906 3318 2977 τροφὴν,
3346 2904 3744 2976 πε“ριχανοῦσαν

2175 3003 2230 3055 δὲ
2260 3004 2321 3055 τὸ
2345 3004 2441 3072 τῆς
2469 3001 2675 3071 τροφῆς
2701 3000 2913 3053 εἴδωλον
2935 3002 2990 3052 ἐν
3019 2999 3162 3069 λιμῴ
3186 2998 3453 3066 γενέσθαι.

504 3098 656 3144 terna
725 3091 901 3147 fabula
950 3095 1070 3147 cani
1117 3096 1205 3164 qui
1265 3097 1316 3148 in
1372 3110 1511 3165 aqua
1565 3097 1773 3149 viderat
1820 3100 2065 3152 umbram
2117 3099 2233 3166 ejus
2281 3099 2423 3166 quod
2473 3097 2525 3150 in
2572 3112 2667 3151 ore
2715 3096 2954 3166 gestabat
2995 3111 3008 3146 :
3065 3110 3255 3164 nempe
3312 3110 3500 3151 verum
3550 3092 3740 3148 cibum

504 3182 801 3246 dimisisse,
847 3184 1146 3238 inhiantem
1204 3196 1380 3239 autem
1429 3186 1536 3240 eihi
1593 3188 1885 3243 simulacro
1931 3188 2070 3244 [ante
2110 3190 2406 3243 laborasse.

1073 3276 1303 3331 CAPUT
1350 3277 1513 3331 XXII.

576 3363 866 3434 Postquam
899 3381 1029 3437 ergo
1080 3368 1199 3435 ejus
1228 3370 1367 3437 quod
1394 3377 1478 3423 est
1520 3386 1644 3425 vere
1692 3371 1893 3426 bonum
1923 3374 2068 3428 desi—

504 3457 656 3509 derio
692 3473 844 3511 mens
876 3458 1147 3522 fraudata,
1178 3459 1244 3512 ad
1289 3462 1339 3513 id
1374 3462 1518 3530 quod
1554 3478 1661 3516 non
1692 3473 1797 3525 est,
1838 3464 1937 3519 fuit
1975 3466 2069 3522 de-

504 3549 631 3611 lata,
665 3547 854 3603 fraude
886 3551 1217 3604 consultoris
1243 3560 1295 3605 et
1324 3553 1623 3607 inventoris
1655 3555 1769 3609 vitii
1806 3572 2068 3625 persuasa

502 3654 625 3693 esse
675 3638 879 3699 bonum
921 3640 972 3693 id
1021 3642 1162 3711 quod
1198 3642 1337 3696 bono
1379 3652 1463 3697 est
1496 3646 1828 3699 contrarium
1864 3664 2072 3717 :neque

502 3733 646 3784 enim
674 3732 831 3787 dolus
867 3731 1055 3788 fuisset
1085 3734 1297 3800 eﬂicax,
1341 3738 1445 3792 nisi
1480 3738 1593 3792 vitii
1630 3739 1791 3793 hamo
1818 3755 1956 3795 escae
1988 3742 2070 3793 in-

505 3833 621 3877 star
656 3823 787 3877 illita
821 3824 1012 3879 luisset
1051 3826 1175 3880 boni
1202 3828 1446 3896 species:
1480 3844 1602 3883 cum
1631 3845 1759 3898 ergo
1786 3830 1945 3885 homo
1976 3846 2070 3884 vo-

507 3913 741 3967 luntarie
772 3916 821 3967 in
857 3916 996 3968 hanc
1027 3916 1307 3971 incidisset
1338 3918 1726 3983 calamitatem,
1762 3920 1852 3988 qui
1885 3935 1943 3974 se
1975 3935 2071 3988 per

504 4003 836 4056 voluntatem
870 4007 991 4059 vita:
1021 4006 1241 4059 inimico
1291 4006 1671 4075 subjunxerat,
1729 4025 1911 4078 quaere
1937 4011 2065 4063 mihi

504 4095 666 4148 simul
706 4098 885 4149 omnia
916 4114 1035 4166 quae
1081 4099 1417 4153 conveniunt
1464 4100 1531 4155 iis
1560 4116 1679 4170 quae
1714 4102 1780 4156 de
1809 4101 1918 4156 Deo
1946 4116 2069 4157 sen-

506 4187 731 4244 tiuntur,
778 4188 1093 4251 bonitatem,
1147 4190 1487 4259 sapientiam,
1542 4192 1827 4261 justitiam,
1880 4202 2067 4263 poten-

502 4275 657 4337 tiam,
696 4279 1178 4345 incorruptiunem,
1206 4290 1260 4334 et
1290 4283 1333 4335 si
1364 4282 1491 4351 quid
1525 4290 1610 4337 est
1640 4284 1880 4339 melioris
1902 4284 2069 4355 signi-

505 4369 795 4423 licationis.
847 4368 1127 4437 Tanquam
1165 4372 1340 4426 bonus
1383 4386 1533 4442 ergo,
1574 4381 1825 4427 movetur
1854 4376 2067 4431 miseri-

501 4461 687 4514 cordia
740 4460 860 4527 ejus
914 4462 1003 4529 qui
1052 4462 1356 4516 ceciderat:
1413 4472 1467 4518 et
1521 4473 1777 4532 tanquam
1826 4468 2064 4535 sapiens.

504 4566 612 4603 non
650 4551 863 4620 ignorat
894 4550 1110 4603 modum
1146 4553 1525 4608 revocationis.
1558 4551 1848 4622 Sapientiae
1886 4568 2063 4610 autem

2760 3280 3007 3332 ΚΕΦΑΛ.
3048 3277 3178 3330 ΚΒ’.

2255 3369 2407 3423 Ἐπεὶ
2454 3367 2546 3424 οῦν
2584 3370 2680 3439 τῆς
2714 3370 2849 3439 πρὸς
2892 3370 2952 3422 rb
2982 3369 3148 3432 ὅντως
3199 3366 3399 3434 ἀγαθὸν
3443 3365 3743 3435 ἐπιθυμίας

2171 3462 2509 3531 διαψευσθεὶς
2546 3463 2574 3514 ό
2619 3461 2761 3523 νοῦς,
2811 3461 2949 3531 πρὸς
3000 3460 3060 3512 τὸ
3105 3458 3176 3530 μὴ
3208 3459 3265 3511 ὂν
3300 3457 3633 3529 παρηνέχθη,
3666 3458 3742 3510 δι’

2172 3554 2382 3622 ἀπάτης
2426 3551 2517 3604 τοῦ
2565 3551 2663 3620 τῆς
2707 3551 2902 3613 κακίας
2932 3550 3229 3619 συμὸούλου
3254 3566 3312 3601 τε
3356 3550 3448 3601 καὶ
3490 3546 3740 3616 εὑρετοῦ,

2171 3644 2330 3695 καλὸν
2357 3644 2700 3705 ἀναπεισθεὶς
2723 3639 2858 3695 εἷναι
2882 3644 2940 3695 rb
2962 3641 3037 3712 τῷ
3067 3641 3212 3711 καλῷ
3237 3641 3494 3694 ἐναντίον.
3532 3641 3605 3692 Οὑ
3627 3640 3744 3709 γὰρ

2171 3735 2236 3788 ἂν
2269 3736 2565 3805 ἐνήργησεν
2607 3738 2639 3802 ἡ
2688 3735 2889 3804 ἀπάτη.
2926 3734 2998 3804 μὴ
3047 3732 3291 3794 δελέατος
3335 3732 3489 3801 δίκην
3533 3730 3610 3800 τῷ
3636 3731 3742 3799 τῆς

2172 3826 2366 3888 κακίας
2418 3826 2695 3895 ἀγκίστρῳ
2741 3827 2836 3894 τῆς
2880 3824 2973 3877 τοῦ
3024 3823 3187 3877 καλοῦ
3238 3822 3533 3893 φαντασίας
3580 3837 3743 3892 περι-

2172 3919 2521 3989 πλασθείσης.
2561 3920 2647 3970 Ἐν
2676 3918 2848 3989 ταύτῃ
2871 3918 3048 3969 τοίνυν
3077 3917 3354 3985 γεγονότος
3387 3914 3643 3976 ἑκουσίως
3666 3917 3739 3983 τῇ

2172 4010 2422 4079 συμφορᾷ
2446 4008 2537 4059 τοῦ
2567 4007 2851 4076 ἀνθρώπου
2902 4007 3089 4058 ἐαυτὸν
3131 4006 3197 4059 δι’
3230 4005 3419 4075 ἡδονῆς
3451 4002 3525 4073 τῷ
3558 4003 3741 4073 ἐχθρῷ

2171 4103 2269 4169 τῆς
2304 4098 2450 4166 ζωῆς
2488 4098 2897 4163 ὑποζεύξαντος,
2934 4098 3108 4150 πάντα
3152 4114 3239 4167 μοι
3290 4094 3430 4148 κατά
3454 4095 3542 4147 τὸν
3576 4092 3740 4147 αὑτὸν

2184 4188 2436 4258 ἀναζήτει
2482 4188 2549 4239 τὰ
2592 4190 2708 4250 ταῖς
2750 4187 2920 4251 θείαις
2973 4187 3269 4256 ὑπολήψεσι
3316 4187 3621 4255 πρέποντα,
3673 4184 3741 4237 rb

2170 4279 2390 4348 ἀγαθὸν,
2424 4280 2512 4331 καὶ
2537 4279 2763 4343 δίκαιον,
2790 4280 2882 4332 καὶ
2907 4279 3147 4341 δυνατὸν,
3174 4278 3234 4330 τὸ
3270 4276 3542 4348 ἄφθαρτον
3568 4276 3659 4328 καὶ
3683 4275 3743 4327 εί

2169 4389 2219 4424 τι
2254 4371 2354 4439 τῆς
2387 4371 2686 4441 κρείττονος
2721 4371 2991 4440 σημασίας
3022 4372 3185 4423 ἐστίν.
3222 4368 3429 4421 Οὑκοῦν
3478 4368 3552 4430 ὡς
3590 4369 3737 4435 ἀγα-

2169 4463 2257 4525 θὸς
2284 4458 2459 4515 οἶκτον
2487 4463 2748 4533 λαμϐάνει
2774 4462 2862 4515 τοῦ
2893 4462 3326 4524 διαπεπτωκότος
3347 4501 3361 4518 .
3426 4462 3519 4513 καὶ
3543 4460 3616 4521 ὡς
3647 4476 3739 4511 σο-

2169 4554 2263 4621 φὸς
2289 4555 2385 4606 οὑκ
2417 4555 2598 4621 ἀγνοεῖ
2645 4555 2735 4606 τὸν
2762 4554 2959 4623 τρόπον
2992 4554 3090 4623 τῆς
3132 4552 3498 4622 ἀνακλήσεως.
3535 4552 3739 4620 Σοφίας

499 4650 605 4699 est,
654 4643 814 4693 etiam
861 4643 980 4709 ejus
1011 4640 1155 4710 quod
1194 4642 1401 4710 justum
1432 4652 1536 4705 est,
1563 4643 1849 4711 judicium.
1901 4644 2067 4699 Nemo

2173 4646 2213 4698 δ’
2243 4645 2306 4699 ἂν
2342 4646 2445 4715 εἴη,
2495 4647 2587 4697 καὶ
2634 4648 2667 4715 ἡ
2714 4645 2805 4697 τοῦ
2849 4644 3054 4696 δικαίου
3085 4644 3282 4714 κρίσις.
3331 4644 3402 4696 Οὑ
3431 4644 3537 4713 γὰρ
3563 4642 3625 4693 ἄν
3649 4659 3737 4706 τις

498 4730 645 4783 enim
696 4730 1021 4798 insipientia:
1054 4747 1233 4784 veram
1270 4734 1519 4787 tribuerit
1562 4733 1856 4802 justitiam.
1900 4735 2067 4800 Quid-

502 4834 626 4871 nam
654 4834 782 4888 ergo
815 4827 898 4872 est
926 4820 980 4871 in
1008 4820 1090 4873 his
1135 4821 1389 4888 justum?
1421 4821 1536 4878 Non
1569 4824 1751 4893 aliqua
1787 4826 2066 4895 tyrannica

502 4908 557 4960 in
585 4924 707 4962 eum
761 4911 852 4976 qui
885 4924 986 4963 nos
1022 4910 1332 4979 possidebat
1373 4913 1449 4965 uti
1487 4914 1846 4969 auctoritate:
1894 4931 2033 4983 nequ

500 5016 712 5055 summa
752 5001 799 5052 vi
835 5000 1092 5069 rapiendo
1140 5003 1209 5055 ab
1239 5018 1303 5058 eo
1334 5005 1427 5073 qui
1475 5004 1812 5059 dominatum
1853 5007 2037 5061 obtine

502 5091 613 5153 bat,
646 5091 952 5160 relinquere
978 5092 1141 5159 justze
1174 5093 1509 5148 delensionis
1538 5095 1775 5165 aliquam
1816 5098 2037 5152 occasio

504 5198 647 5239 nem.
681 5184 727 5235 ci
762 5183 854 5251 qui
890 5199 984 5252 per
1016 5185 1343 5253 voluptatem
1375 5187 1649 5243 hominem
1694 5190 1971 5259 redegerat
2006 5191 2060 5245 in

502 5274 838 5328 servitutem.
868 5275 986 5341 Quo
1009 5276 1168 5330 modo
1192 5277 1334 5330 enim
1362 5279 1454 5348 qui
1488 5281 1714 5347 pecunia
1742 5296 1895 5335 suam
1927 5298 2052 5337 ven-

500 5364 753 5417 diderunt
784 5367 1111 5427 libertatem.
1167 5367 1299 5421 ﬁunt
1339 5370 1482 5423 servi
1510 5380 1835 5440 emptorum,
1885 5382 1941 5425 ut
1972 5376 2063 5442 qui

501 5454 713 5522 seipsos
760 5457 1133 5524 vendiderint;
1191 5469 1243 5514 et
1285 5476 1384 5515 nec
1426 5461 1560 5531 ipsis
1591 5478 1689 5517 nec
1720 5463 1813 5515 ulli
1845 5464 1933 5517 alii
1966 5480 2063 5533 pro

498 5546 581 5598 eis
610 5545 730 5598 licet
762 5548 1090 5614 proclamare
1118 5550 1182 5605 ad
1216 5552 1542 5615 libertatem,
1593 5553 1807 5607 etiamsi
1844 5555 2059 5629 ingenui

498 5645 553 5688 et
587 5637 812 5691 honesto
848 5639 963 5692 loco
994 5644 1101 5695 nati
1134 5652 1317 5698 essent
1358 5644 1447 5714 qui
1480 5660 1575 5697 sua
1606 5657 1801 5708 stonte
1828 5646 1893 5700 ad
1920 5648 2059 5702 hanc

500 5727 834 5780 devenerunt
893 5731 1250 5789 calamitatem
1293 5754 1304 5788 :
1352 5737 1395 5790 si
1450 5735 1571 5804 quis
1674 5746 1811 5792 rtem
1866 5755 2053 5793 curam

2170 4736 2444 4807 ἀφροσύνῃ
2470 4738 2567 4804 τὴν
2594 4735 2762 4805 ἀληθῆ
2791 4734 3130 4804 δικαιοσύνην
3160 4734 3506 4804 προσάψειεν.
3545 4734 3608 4785 Τί
3640 4728 3735 4787 οὖν

2171 4827 2227 4878 ἐν
2269 4826 2477 4888 τούτοις
2508 4826 2565 4877 rb
2594 4826 2826 4891 δίκαιον;
2877 4827 2948 4879 Τὸ
2997 4826 3072 4896 μὴ
3118 4828 3412 4896 τυραννικῇ
3455 4842 3559 4877 τινι
3601 4826 3735 4895 χρή-

2170 4920 2364 4970 σασθαι
2394 4918 2535 4969 κατά
2578 4916 2669 4968 τοῦ
2702 4918 3016 4985 κατέχοντος
3056 4920 3199 4987 ἡμᾶς
3249 4918 3502 4988 αὑθεντία
3529 4932 3544 4947 ⁶
3595 4917 3730 4987 μηδὲ

2168 5009 2244 5077 τῷ
2286 5010 2523 5079 περιόντι
2569 5008 2667 5077 τῆς
2713 5008 2989 5079 δυνάμεως
3037 5010 3425 5062 ἀποσπάσαντα
3469 5009 3561 5061 τοῦ
3592 5025 3729 5077 κρα-

2168 5099 2383 5161 τοῦντος
2432 5098 2744 5151 καταλιπεῖν
2793 5116 2911 5153 τινα
2948 5099 3312 5167 δικαιολογίας
3350 5100 3620 5168 ἀφορμὴν,
3650 5099 3729 5169 τῷ

2166 5191 2230 5243 δι’
2257 5192 2443 5262 ἡδονῆς
2468 5191 2989 5261 καταδουλωσαμένῳ
3016 5191 3107 5242 τὸν
3134 5191 3432 5259 ἄνθρωπον.
3465 5190 3729 5259 Καθάπερ

2169 5285 2277 5354 γάρ
2309 5286 2357 5336 οί
2385 5283 2682 5353 χρημάτων
2697 5286 2794 5353 τὴν
2818 5284 3023 5336 ἐαυτῶν
3053 5283 3360 5353 ἐλευθερίαν
3391 5283 3725 5351 ἀποδόμενοι,

2165 5374 2334 5425 δοῦλοι
2367 5375 2471 5426 τῶν
2504 5375 2869 5446 ὠνησαμένων
2906 5375 3061 5437 είσὶν,
3103 5376 3254 5427 αὐτοὶ
3290 5374 3565 5444 πρατῆρες
3603 5374 3730 5424 ἐαυ·

2166 5465 2272 5518 τῶν
2306 5466 2669 5527 καταστάντες
2690 5483 2705 5497 ο
2752 5466 2845 5518 καὶ
2875 5464 2996 5517 οὔτε
3034 5466 3232 5529 αὑτοῖς,
3270 5464 3389 5516 οὑτε
3422 5462 3564 5530 ἄλλῳ
3600 5462 3725 5522 τινὶ,
3768 5468 3777 5479 '

2168 5556 2305 5625 ὑπὲρ
2336 5554 2561 5609 ἐκείνων
2594 5556 2765 5620 ἔξεστι
2807 5555 2902 5622 τὴν
2954 5554 3263 5623 ἐλευθερίαν
3310 5548 3721 5621 ἐπιϐοήσασθαι,

2166 5646 2265 5699 κᾶν
2294 5646 2607 5715 εὑπάτριδες
2652 5642 2783 5700 ὦσιν
2817 5648 2865 5699 οἱ
2895 5649 3027 5717 πρὸς
3074 5650 3172 5715 τὴν
3219 5644 3498 5714 συμφορὰν
3526 5640 3725 5709 ταύτην

2165 5736 2624 5807 αὐτομολήσαντες
2647 5755 2660 5770 ·
2696 5742 2742 5792 εἰ
2770 5740 2823 5793 δέ
2850 5756 2931 5802 τις
2966 5738 3254 5809 κηδόμενος
3285 5735 3377 5789 τοῦ
3408 5732 3724 5806 ἀπεμπολη-
