3978 6476
213 337 269 392 ct
1441 319 1694 393 οιιλτιο
1721 337 2218 395 CATECIIETICA.
3363 302 3432 392 aa

211 457 379 518 θέντος
400 453 496 526 βίᾳ
527 455 672 508 κατι-ἀ
697 455 792 508 τοῦ
813 455 1165 527 ὠνησαμένου
1198 455 1395 528 χρῷτο,
1428 458 1609 521 ἄδικος
1637 454 1774 513 εἶναι

1884 475 2077 530 gerens
2130 461 2250 529 ejus
2278 457 2366 528 qui
2401 457 2501 512 fuit
2529 443 2802 517 venditus,
2858 458 2905 511 vi
2957 465 3137 511 utatur
3169 455 3433 510 adversus

205 543 338 607 δόξει
375 543 466 612 τῷ.
487 544 642 614 νόμῳ
685 545 956 616 κτηθέντα
985 546 1318 616 τυραννικῶς
1358 547 1770 618 ἐξαιρούμενος·

205 634 511 698 ἐξωνεῖσθαι
534 635 596 688 δὲ
622 635 782 688 πάλιν
807 638 856 689 εἰ
881 636 1117 690 ϐούλοιτο
1139 637 1246 691 τῶν
1275 638 1524 694 τοιούτων
1549 642 1720 704 οὐδεὶς
1745 643 1774 694 ό

206 724 422 776 κωλύων
451 725 620 795 νόμος
649 725 799 779 ἐστί’

797 816 1046 870 ΚΕΦᾹΛ.
1087 817 1216 871 Kl".

265 904 426 957 Κατά
470 905 565 959 τὸν
608 907 767 960 αὑτὸν
813 909 1011 978 τρόπον
1053 908 1313 972 ἑκουσίως
1358 909 1513 980 ἡμῶν
1557 911 1780 974 ἑαυτοὺς

206 996 734 1068 ἀπεμπολησάντων,
769 999 874 1051 ἔδει
904 1000 1052 1071 παρά
1076 998 1170 1052 τοῦ
1200 999 1267 1052 δι’
1289 1001 1593 1072 ἁγαθότητα
1619 1003 1778 1055 πάλιν

205 1089 348 1154 ἡμᾶς
390 1088 478 1146 είς
506 1087 822 1158 ἐλευθερίαν
848 1087 1248 1159 ὲξαιρουμένου,
1289 1087 1361 1158 μὴ
1404 1089 1492 1142 τὸν
1533 1105 1779 1160 τυραννι-

205 1178 314 1237 κὸν,
344 1176 488 1230 ἀλλά
519 1178 613 1230 τὸν
650 1177 855 1231 δίκαιον
893 1178 1090 1248 τρόπον
1117 1176 1462 1247 ἐπινοηθῆναι
1511 1178 1607 1247 τῆς
1641 1179 1774 1230 ἀνα-

213 1269 485 1339 κλήσεως.
550 1262 720 1330 Οὗτος
746 1269 802 1322 δέ
833 1270 948 1322 ἐστί
979 1287 1061 1332 τις
1097 1268 1175 1339 τῷ
1215 1269 1593 1340 ἐπικρατοῦντι
1623 1270 1778 1340 ποιή-

207 1361 422 1422 σασθαι,
456 1361 568 1412 πᾶν
600 1362 736 1432 ὅπερ
761 1362 831 1414 ἂν
848 1361 1032 1414 -ὲθέλοι
1060 1359 1250 1432 λύτρον
1291 1361 1409 1413 ἀντὶ
1432 1360 1526 1414 τοῦ
1551 1378 1777 1432 κατεχο-

209 1449 365 1518 μένου
397 1449 609 1503 λαϐεῖν.
655 1451 722 1502 Τί
769 1451 947 1504 τοίνυν
993 1451 1136 1513 εἰκὸς
1174 1446 1242 1518 ἦν
1292 1450 1487 1520 μᾶλλον
1520 1451 1615 1505 τὸν
1641 1469 1776 1522 κρα-

204 1540 398 1592 τοῦντα
448 1541 639 1594 λαϐεῖν
683 1541 898 1595 ἑλέσθαι
928 1559 942 1606 ;
992 1542 1222 1595 Δυνατόν
1247 1544 1361 1595 ὲστι
1389 1541 1455 1596 δι’
1489 1543 1778 1597 ἀκολούθου

210 1632 513 1701 στοχασμόν
547 1650 672 1686 τινα
703 1633 802 1702 τῆς
845 1633 1139 1702 ἐπιθυμίας
1183 1633 1346 1686 αὐτοῦ
1390 1633 1592 1688 λαϐεῖν.
1647 1630 1779 1686 Εἶτα

211 1723 452 1796 πῴἒηλα
485 1723 696 1789 γένοιτο
726 1725 854 1792 ἡμῖν
883 1724 990 1777 τῶν
1015 1724 1360 1795 ζητουμένων
1385 1726 1675 1796 τεκμήρια.
1719 1725 1777 1777 Ὀ

206 1816 380 1868 τοίνυν
409 1820 555 1870 κατὰ
579 1817 672 1869 τὸν
702 1816 760 1868 ὲν
790 1815 928 1885 ἀρχῇ
955 1813 1049 1867 τοῦ
1085 1814 1510 1886 συγγράμματος
1544 1831 1779 1885 προαπο-

206 1906 421 1959 δοθέντα
457 1907 637 1972 λόγον,
668 1905 748 1976 τῷ
780 1904 917 1976 πρὸς
945 1904 1033 1956 τὸν
1054 1904 1420 1976 εὐημεροῦντα
1442 1902 1620 1974 φθόνῳ
1645 1903 1779 1976 πρὸς

206 1997 266 2050 τδ
298 1999 510 2065 ἀγαθὸν
542 1997 839 2067 ὲπιμύσας,
896 1998 987 2050 τὸν
1038 1996 1093 2048 δὲ
1138 1996 1236 2066 τῆς
1285 1996 1478 2058 κακίας
1521 1995 1680 2064 ζόφον
1723 1997 1780 2050 ὲν

207 2087 381 2156 ἑαυτῷ
410 2090 681 2157 γεννήσας
709 2106 719 2117 ·
746 2089 922 2158 ἀρχὴν
950 2089 1006 2142 δε
1034 2088 1132 2159 τῆς
1164 2086 1296 2157 πρὸς
1322 2086 1387 2139 τὰ
1413 2086 1575 2156 χείρω
1606 2087 1779 2158 ῥοπῆς

207 2181 296 2231 καὶ
338 2180 599 2232 ὑπόθεσιν
655 2181 746 2232 καὶ
780 2180 940 2232 οίονεὶ
980 2180 1189 2251 μητέρα
1220 2179 1319 2248 τῆς
1359 2179 1551 2248 λοιπῆς
1582 2180 1780 2244 κακίας

206 2273 300 2339 τὴν
355 2272 649 2342 φιλαρχίαν
694 2273 958 2341 νοσήσας,
1009 2273 1149 2334 τίνος
1191 2270 1256 2324 ἂν
1299 2270 1658 2342 ἀντηλλάξατο
1688 2271 1778 2326 τὸν

206 2365 591 2433 κατεχόμενον,
625 2364 673 2415 εἰ
717 2362 790 2433 μὴ
823 2361 1019 2433 δηλαδὴ
1051 2361 1144 2416 τοῦ
1177 2362 1502 2433 ὑψηλοτέρου
1535 2363 1628 2414 κα)⁸
1660 2363 1777 2432 μεί-

204 2457 356 2518 ζονος
381 2455 852 2524 ἀνταλλάγματος,
886 2455 960 2517 ὡς
993 2454 1058 2508 ἂν
1091 2455 1288 2525 μᾶλλον
1317 2453 1508 2508 ἑαυτοῦ
1539 2455 1599 2507 τὸ
1639 2457 1777 2509 κατά

205 2547 292 2598 τὸν
320 2546 494 2612 τῦζνον
527 2544 745 2617 θρέψειε
787 2545 978 2608 πάθος.
1015 2546 1082 2599 τά
1119 2545 1288 2616 μείζω
1333 2545 1439 2598 τῶν
1485 2545 1778 2600 ἐλαττόνων

205 2634 662 2703 διαμειϐόμενοςς
716 2635 875 2688 Ἀλλὰ
919 2635 1023 2706 μὴν
1067 2637 1123 2688 ἐν
1149 2638 1260 2698 τοῖς
1288 2637 1378 2688 ἀπ’
1415 2635 1606 2698 αἰῶνος
1641 2637 1776 2688 ἱστο-

211 2725 510 2794 ρουμένοις.
548 2727 608 2776 ὲν
646 2723 820 2776 οὐδενὶ
859 2722 1179 2791 συνεγνώκει
1211 2723 1447 2776 τοιοῦτον
1486 2724 1656 2786 οὐδὲν,
1691 2720 1778 2777 οἷα

209 2815 462 2885 καθεώρα
492 2815 620 2886 περὶ
648 2814 746 2884 τὴν
773 2814 894 2866 τότε
935 2814 1264 2885 φαινομένην
1296 2815 1585 2884 κυοφορίαν
1610 2815 1768 2868 ἀσυν-

208 2908 482 2976 τρὶαστον,
520 2907 615 2958 καί
643 2906 894 2974 γέννησιν
920 2904 1172 2975 ἄφθορον,
1210 2905 1303 2957 καὶ
1337 2903 1502 2976 θήλην
1533 2907 1597 2957 ὲκ
1633 2923 1775 2976 παρ-

210 2996 409 3060 θενίας,
438 2998 535 3050 καὶ
560 2996 766 3050 ἄνωθεν
793 2996 1265 3067 ὲπιμαρτυρούσας
1285 2995 1361 3066 τῷ
1389 2998 1652 3067 ὑπερφυεῖ
1676 2999 1776 3068 τῆς

210 3086 363 3152 ἀξίας
389 3092 453 3141 ἐκ
478 3089 590 3139 τῶν
615 3088 860 3158 ἀοράτων
900 3089 1080 3156 φωνάς
1099 3105 1110 3117 ·
1159 3090 1251 3141 καὶ
1297 3087 1405 3142 τῶν
1438 3088 1533 3160 τῆς
1564 3089 1774 3159 φύσεως

211 3180 670 3250 ἀρρωστημάτων
701 3179 1012 3250 διόρθωσιν,
1053 3181 1501 3251 ἁπραγμάτευτόν
1529 3199 1651 3235 τινα
1683 3183 1777 3234 καὶ

209 3269 368 3337 ῴιλὴν
391 3272 450 3321 ὲν
476 3271 683 3339 ῥήματι
713 3269 857 3340 μόνῳ
889 3270 982 3324 καὶ
1012 3272 1152 3342 ὁρμῇ
1187 3272 1280 3325 τοῦ
1310 3272 1607 3343 θελήματος
1638 3273 1771 3344 παρ’

208 3359 373 3412 αὐτοῦ
415 3360 728 3430 γινομένην,
767 3361 866 3431 τήν
912 3379 970 3414 τε
1014 3361 1122 3414 τῶν
1167 3362 1502 3432 τεθνηκότων
1551 3364 1644 3415 ἐπὶ
1688 3363 1779 3417 τὸν

211 3451 320 3520 βίον
353 3451 636 3515 ἀνάλυσιν,
659 3455 752 3506 καὶ
774 3452 865 3505 τὸν
894 3451 1032 3505 κατὰ
1051 3453 1157 3506 τῶν
1186 3453 1453 3522 δαιμόνων
1483 3453 1664 3522 φόϐον,
1687 3454 1779 3506 καὶ

209 3543 314 3596 τῶν
351 3543 508 3612 κατάε
525 3544 618 3595 τὸν
639 3545 778 3616 ἀέρα
806 3544 990 3598 παθῶν
1019 3545 1115 3616 τὴν
1157 3545 1422 3612 ἐξουσίαν,
1450 3547 1541 3598 καὶ
1569 3547 1668 3618 τὴν
1694 3547 1781 3600 διὰ

210 3633 490 3703 θαλάσσης
518 3636 763 3704 πορείαν,
795 3636 855 3688 ού
896 3635 1281 3707 διαχωροῦντος
1319 3638 1400 3706 ἐφ’
1431 3637 1661 3708 ἑκάτερα
1686 3636 1777 3691 τοῦ

207 3726 510 3792 πελάγους,
546 3727 642 3778 καὶ
691 3727 780 3780 τὸν
831 3727 1079 3797 πυθμένα
1120 3729 1448 3797 γυμνοῦντος
1487 3732 1597 3792 τοῖς
1640 3747 1780 3801 παρ-

202 3817 456 3870 οδεύουσι
483 3818 620 3870 κατά
649 3819 746 3888 τὴν
785 3819 1021 3879 Μωσέως
1044 3818 1496 3890 θαυματουργίαν,
1530 3821 1642 3874 ἀλλ’
1670 3823 1780 3876 ἀνω

203 3907 304 3975 τῆς
338 3908 664 3976 ἐπιφανείας
684 3907 776 3960 τοῦ
806 3908 993 3972 ὕδατος
1017 3909 1484 3981 ύποχερσουμένης
1508 3915 1575 3982 τῇ
1607 3911 1776 3981 βάσει,

207 3998 303 4049 καὶ
335 3996 428 4049 διὰ
476 3997 576 4067 τῆς
619 3998 890 4065 ἀσφαλοῦς
936 4001 1252 4064 ἀντιτυπίας
1293 4002 1673 4073 ὑπερειδούσης
1721 4003 1782 4056 τὺ

208 4088 381 4154 ἴχνος,
417 4088 518 4156 τήν
565 4104 625 4139 τε
667 4088 764 4158 τῆς
796 4088 997 4158 τροφῆς
1025 4089 1320 4160 ὑπεροψίαν
1357 4091 1441 4160 ἐφ’
1489 4093 1611 4145 ὅσον
1662 4093 1783 4162 βού-

205 4178 377 4242 λοιτο,
411 4179 507 4232 καὶ
545 4179 645 4242 τὰς
670 4181 728 4233 ἐν
759 4183 961 4252 ἐρημία
986 4181 1225 4251 δαψιλεῖς
1259 4185 1528 4250 ἑστιάσεις
1585 4185 1694 4239 τῶν
1725 4188 1780 4238 ἐν

205 4269 440 4332 πολλαῖς
493 4270 728 4339 χιλιάσιν
777 4274 1160 4344 εὐωχουμένων
1186 4293 1199 4305 ·
1261 4270 1341 4339 οἷς
1387 4275 1509 4329 οὔτε
1555 4278 1782 4348 οὐρανὸς

202 4359 438 4429 ἐπέρρει
471 4360 531 4411 τὸ
558 4360 752 4430 μάννα,
805 4360 925 4414 οὔτε
967 4365 1000 4433 ἡ
1043 4363 1116 4432 γῆ
1150 4363 1290 4417 κατὰ
1320 4364 1419 4436 τὴν
1455 4365 1586 4419 ἰδίαν
1615 4367 1782 4436 αὐτῆς

1877 560 2196 620 emptorem,
2254 550 2488 618 injuslus
2533 565 2652 604 esse
2697 549 2981 610 videbitur,
3036 548 3128 617 qui
3175 561 3296 600 eum
3339 547 3432 614 qui

1877 643 1993 712 lege
2017 650 2101 697 est
2131 641 2450 712 acquisitus,
2479 641 2528 693 vi
2559 641 2752 709 eripit;
2784 639 2876 694 sed
2923 639 2968 693 si
3007 639 3274 707 quiSpiatn
3305 637 3434 692 velit

1877 749 1997 790 eum
2029 732 2308 795 redimere,
2333 733 2477 785 nulla
2507 742 2588 785 est
2618 731 2698 784 lex
2732 747 2848 797 quae
2884 730 2934 783 id
2962 740 3100 785 vetet
3137 750 3152 783 :

2450 819 2674 874 CAPUT
2713 819 2897 873 XXIII.

1949 914 2145 969 Eodem
2174 913 2334 967 modo
2367 929 2488 967 cum
2524 928 2621 967 nos
2663 915 2808 983 ipsus
2843 920 3026 966 nostra
3071 919 3260 980 sponte
3304 927 3432 964 ven-

1877 1005 2196 1067 diderimus,
2238 1005 2521 1074 oportebat
2569 1003 2636 1056 ab
2672 1018 2737 1056 eo
2767 1003 2855 1071 qui
2893 1012 3112 1071 propter
3139 999 3432 1053 bonitatem

1879 1110 1979 1149 nos
2010 1095 2063 1147 in
2095 1095 2393 1148 libertatem
2425 1109 2614 1148 rursus
2644 1105 2758 1148 erat
2801 1094 3172 1149 restituturus,
3193 1105 3299 1143 non
3335 1091 3434 1143 ali-

1877 1201 2036 1256 quem
2087 1187 2446 1254 tyrannicum,
2497 1185 2590 1240 sed
2631 1185 2836 1253 justum
2885 1181 3178 1251 excogitari
3215 1181 3432 1233 modum

1878 1275 2259 1330 revocationis.
2303 1275 2352 1329 Is
2407 1286 2583 1329 autem
2629 1284 2734 1339 est,
2797 1274 2926 1326 dare
2958 1271 3316 1341 quodcunque
3346 1284 3436 1324 ve-

1878 1367 1938 1420 lit
1984 1367 2213 1435 pretium
2259 1365 2648 1435 redemptionis
2695 1379 2793 1433 pro
2845 1379 2910 1418 eo
2957 1379 3115 1433 quem
3174 1361 3432 1430 possidet.

1872 1454 2016 1522 Quid
2047 1471 2177 1525 ergo
2211 1466 2294 1510 est
2321 1456 2631 1515 verisimile.
2672 1454 2842 1522 magis
2871 1454 3007 1507 velle
3039 1453 3284 1521 accipere
3309 1467 3432 1505 eum

1881 1549 1972 1616 qui
2011 1547 2170 1602 habet
2213 1546 2590 1602 dominatum?
2628 1543 2926 1600 Possumus
2963 1557 3058 1612 per
3093 1557 3436 1610 consequen-

1875 1636 2006 1689 tiam
2035 1649 2227 1704 capere
2256 1635 2489 1704 aliquam
2531 1633 2899 1702 conjecturam
2935 1632 3054 1699 ejus
3101 1629 3433 1699 cupiditatis,

1879 1728 1922 1779 si
1957 1725 2066 1781 sint
2099 1725 2256 1779 nobis
2301 1724 2585 1778 manifesta
2626 1724 2777 1794 signa
2805 1737 2989 1777 eorum
3028 1737 3148 1790 quae
3178 1735 3435 1790 quaerun-

1812 1803 1849 1857 Β
1880 1828 1986 1870 tur.
2036 1817 2136 1882 Qui
2167 1832 2316 1886 ergo,
2368 1824 2427 1869 ut
2461 1815 2560 1869 fuit
2611 1815 2760 1884 prius
2814 1813 3136 1882 explicatum
3188 1811 3240 1863 in
3284 1810 3435 1863 initio

1878 1909 2022 1973 libri,
2082 1918 2300 1978 propter
2332 1907 2587 1961 invidiam
2630 1909 2686 1960 in
2724 1921 2845 1960 eum
2877 1914 3217 1973 conceptam,
3276 1903 3433 1971 cujus

1877 2015 1966 2054 res
2000 2009 2155 2054 erant
2183 1999 2470 2064 secundat,
2512 1997 2580 2051 ad
2625 1998 2828 2051 bonum
2877 1996 3070 2048 clausit
3127 1993 3334 2054 oculos,
3378 1992 3436 2046 in

1877 2096 2058 2163 seipso
2101 2103 2276 2146 autem
2330 2091 2512 2160 genuit
2552 2089 2802 2143 tenebras
2849 2087 2997 2149 vitii,
3037 2095 3090 2141 et
3135 2082 3436 2154 imperandi

1877 2185 2128 2240 laborans
2158 2183 2472 2252 cupiditate,
2505 2197 2624 2252 qua:
2653 2190 2737 2234 est
2769 2180 2928 2235 veluti
2975 2179 3184 2231 initium
3223 2185 3276 2230 et
3312 2175 3437 2229 fun-

1877 2277 2188 2332 damentum
2223 2275 2288 2329 ad
2322 2274 2588 2329 deteriora
2627 2272 3024 2342 propensionis,
3045 2278 3099 2324 et
3123 2268 3288 2324 veluti
3318 2282 3436 2320 ma-

1878 2381 1958 2424 ter
1982 2380 2296 2424 cancrorum
2333 2366 2606 2428 vitiorum,
2643 2379 2879 2435 quonam
2928 2363 3100 2432 pretio
3133 2367 3437 2415 commuta-

1878 2467 1958 2514 ret
1998 2474 2121 2513 eum
2166 2472 2324 2528 quem
2376 2455 2706 2526 pOSsidcbat,
2759 2453 2864 2507 nisi
2911 2452 3055 2522 quod
3095 2459 3239 2506 esset
3275 2451 3430 2520 longe

1877 2550 2190 2615 maximum,
2251 2547 2457 2615 majora
2491 2543 2802 2614 accipiendo
2851 2559 2946 2610 pro
3004 2540 3324 2602 minoribus,
3377 2548 3438 2593 ut

1878 2641 2047 2709 magis
2084 2640 2248 2692 aleret
2287 2651 2438 2690 suam
2473 2634 2739 2704 superbia:
2768 2632 3146 2687 affectionem?
3192 2629 3353 2698 Atqui
3381 2629 3434 2682 in

1877 2733 1942 2786 iis
1979 2748 2098 2800 quae
2123 2746 2151 2783 a
2185 2729 2454 2800 prioribus
2485 2727 2699 2781 sazculis
2736 2733 2831 2778 aut
2874 2732 3112 2788 narrata,
3169 2730 3261 2776 aut
3296 2723 3438 2775 litte-

1876 2824 1954 2878 ris
2001 2822 2254 2876 mandata
2308 2819 2538 2884 fuerant,
2576 2817 2906 2887 intelligebat
2940 2816 3071 2869 nihil
3106 2814 3273 2868 fuisse
3305 2813 3433 2874 tale,

1875 2911 2034 2981 quale
2063 2909 2275 2964 videbat
2301 2909 2355 2962 in
2387 2923 2453 2961 eo
2486 2907 2575 2976 qui
2599 2921 2741 2959 nunc
2762 2905 3072 2975 apparebat,
3099 2917 3290 2971 nempe
3311 2916 3438 2955 cou-

1874 3001 2173 3070 ceptionem
2210 3000 2413 3068 absque
2461 2998 2564 3050 ulla
2613 3011 2736 3050 cum
2782 2999 2896 3050 viro
2943 2994 3344 3063 conjunctione,
3381 3003 3436 3046 et

1876 3104 2052 3149 ortum
2067 3093 2270 3162 absque
2286 3093 2394 3145 ulla
2411 3092 2776 3159 corruptione,
2808 3097 2860 3143 et
2877 3089 3161 3141 laetantem
3181 3084 3435 3140 feminam

1877 3198 1945 3239 ex
1979 3183 2306 3250 virginitate,
2322 3191 2376 3235 et
2402 3193 2606 3234 vocese
2621 3179 2835 3249 superis
2863 3184 3126 3232 testantes
3143 3174 3438 3228 admirabi-

1881 3274 1982 3330 lem
2029 3275 2148 3343 ejus
2174 3272 2511 3344 dignitatem,
2542 3286 2666 3325 cum
2693 3271 2827 3324 nihil
2851 3279 3031 3323 tamen
3081 3266 3297 3321 caderet
3335 3266 3438 3320 sub

1880 3375 2181 3435 aspectum,
2203 3374 2408 3419 natura;
2426 3365 2736 3419 morborum
2759 3369 2812 3416 et
2838 3359 3220 3432 aegritudinum
3248 3372 3432 3412 corre-

1878 3454 2554 3518 ctiouemaccurationem,
2573 3469 2692 3524 quae
2725 3453 2793 3508 ab
2821 3468 2886 3508 eo
2917 3451 3076 3505 ﬁebat
3101 3449 3234 3503 citra
3267 3448 3434 3502 ullum

1879 3549 2172 3618 negotium,
2193 3547 2415 3617 soloque
2432 3547 2596 3600 verbo
2611 3552 2666 3601 et
2694 3552 2824 3598 nutu
2858 3559 2922 3597 ac
2939 3548 3210 3596 momento
3241 3538 3439 3594 volun-

1880 3639 2024 3704 tatis,
2041 3645 2294 3694 eteorum
2315 3639 2405 3708 qui
2421 3654 2452 3693 e
2480 3639 2590 3691 vita
2608 3642 2979 3700 excesserant,
2999 3636 3122 3688 vitae
3135 3631 3435 3688 restitutio-

1879 3738 2088 3793 nem,et
2115 3729 2416 3784 daemonum
2449 3739 2727 3791 terrorem,
2759 3733 3188 3796 potestatemque
3221 3722 3274 3775 iu
3315 3718 3439 3774 affe-

1881 3822 2087 3875 ctiones
2120 3824 2282 3886 aeris,
2305 3827 2358 3875 et
2388 3835 2481 3889 per
2502 3835 2648 3874 mare
2677 3819 3001 3887 ingressum,
3024 3815 3276 3884 utrinque
3297 3811 3438 3866 mari

1883 3927 1988 3966 non
2024 3911 2354 3973 discedente,
2395 3919 2452 3965 et
2487 3909 2554 3964 iis
2581 3910 2674 3980 qui
2703 3909 3011 3963 transibant
3049 3906 3273 3960 fundum
3315 3919 3438 3973 ape-

1882 4004 2073 4066 riente,
2108 4010 2465 4073 congruenter
2505 4001 2556 4055 ei
2591 4001 2850 4054 miraculo
2877 3998 3018 4070 quod
3063 3998 3260 4050 factum
3292 4002 3374 4049 est
3405 4009 3435 4046 a

1882 4093 2082 4164 Moyse,
2113 4093 2205 4147 sed
2236 4092 2403 4146 maris
2432 4091 2714 4160 superficie
2754 4090 2821 4143 ad
2854 4087 3265 4159 ingrediendum
3309 4094 3437 4137 tan-

1883 4203 2042 4257 quam
2077 4186 2303 4241 solidam
2334 4196 2531 4239 terram
2574 4185 2863 4254 praabente,
2895 4193 2949 4238 et
2983 4181 3162 4237 stabili
3199 4195 3262 4233 ac
3297 4179 3434 4232 resi-

1884 4285 2058 4334 stente
2081 4277 2278 4332 duritie
2314 4277 2539 4346 vestigia
2574 4276 2841 4336 ﬁrmante,
2872 4283 2925 4328 et
2974 4274 3216 4327 alimenti
3263 4284 3438 4340 quan-

1883 4378 1990 4421 tam
2027 4369 2184 4421 vellet
2215 4368 2605 4437 elargitionem,
2637 4366 2890 4434 lautaque
2921 4373 2974 4418 et
3005 4361 3282 4433 splendida
3307 4375 3435 4414 con-

205 4451 379 4518 φύσιν
405 4451 750 4503 σιτοποιοῦσα
781 4451 877 4522 τὴν
905 4453 1091 4522 χρείαν
1123 4454 1358 4524 ἐπλήρου
1382 4472 1395 4484 ·
1436 4456 1545 4508 ἀλλ’
1579 4459 1642 4510 ἐκ
1672 4457 1778 4510 τῶν

1884 4457 2026 4508 vivia
2086 4456 2140 4508 in
2186 4455 2512 4518 solitudine,
2561 4455 2745 4508 multis
2792 4453 3028 4509 millibus
3080 4453 3155 4507 ibi
3215 4450 3438 4521 opipare

202 4543 476 4613 ἀρρήτων
507 4543 746 4612 ταμείων
772 4544 873 4614 τῆς
918 4546 1067 4610 θείας
1107 4546 1384 4617 δυνάμεως
1434 4549 1466 4618 ἡ
1511 4548 1784 4619 φιλοτιμία

205 4637 431 4709 προῄει,
460 4637 676 4706 ἕτοιμος
716 4638 876 4708 ἄρτος
920 4641 1039 4702 ταῖς
1084 4640 1238 4711 χερσὶ
1263 4641 1370 4693 τῶν
1400 4640 1783 4694 διακονούντων

200 4726 723 4796 ἑνγεωργούμενος,
773 4729 865 4781 καὶ
903 4727 992 4781 διὰ
1028 4729 1119 4783 τοῦ
1163 4731 1325 4802 κόρου
1358 4731 1466 4784 τῶν
1498 4732 1783 4786 ἐσθιόντων

204 4816 415 4870 πλείων
440 4818 776 4888 γιγνόμενος,
802 4821 837 4889 ἥ
862 4838 919 4874 τε
935 4822 1022 4874 διὰ
1045 4821 1154 4874 τῶν
1188 4823 1381 4892 ίχθύων
1409 4823 1699 4892 ὀψοφαγία,
1722 4824 1781 4876 οὐ

203 4908 492 4978 θαλάσσης
534 4910 718 4973 αὐτοῖς
766 4913 899 4982 πρὸς
942 4913 1040 4983 τὴν
1076 4914 1261 4984 χρείαν
1307 4915 1780 4985 συνεισφερούσης,

385 4998 479 5052 τοῦ
502 5001 599 5052 καὶ
625 5004 694 5070 τῇ
723 5001 966 5076 θαλάσσῃ
991 5003 1050 5056 τὸ
1079 5005 1233 5072 γένος
1260 5005 1365 5057 τῶν
1401 5005 1596 5076 ἰχθύων
1619 5021 1778 5058 κατα-

201 5090 561 5159 σπείραντος.
594 5091 704 5144 Καὶ
735 5091 851 5155 πῶς
874 5092 939 5146 ἄν
965 5111 1047 5157 τις
1078 5095 1136 5147 τὸ
1162 5094 1280 5148 καθ’
1309 5096 1532 5149 ἕκαστον
1560 5097 1666 5149 τῶν
1696 5095 1782 5146 εὐ-

199 5183 520 5251 αγγελικῶ
567 5185 749 5250 διεξίοι
796 5188 1124 5260 θαυμάτωνς
1187 5189 1405 5258 Ταύτην
1457 5189 1633 5243 τοίνυν
1681 5187 1782 5256 τὴν

199 5276 437 5344 δύναμιν
487 5275 734 5348 καθορῶν
777 5279 805 5331 ό
850 5280 1039 5349 ἐχθρὸς
1087 5282 1145 5332 ὲν
1197 5282 1410 5350 ἐκείνῳ,
1458 5281 1635 5334 πλεῖον
1685 5279 1776 5333 τοῦ

203 5366 578 5434 κατεχομένου
626 5367 688 5418 τὸ
725 5368 1080 5438 προκείμενον
1123 5365 1260 5421 εἶδεν
1301 5372 1358 5422 ὲν
1400 5371 1478 5441 τῷ
1519 5371 1776 5424 συναλλά-

201 5471 380 5523 γματι
402 5471 417 5488 ο
472 5455 664 5508 τούτου
698 5457 856 5526 χάριν
902 5459 1061 5511 αὐτὸν
1095 5459 1328 5528 αἱρεῖται
1369 5458 1557 5531 λύτρον
1583 5461 1690 5513 τῶν
1720 5462 1777 5513 ἐν

199 5549 271 5614 τῇ
332 5544 428 5597 τοῦ
497 5545 729 5600 θανάτου
794 5549 1003 5618 φρουρᾷ
1053 5548 1458 5620 καθειργμένων
1507 5551 1774 5617 γενέσθαι.

216 5638 380 5691 Ἀλλά
431 5640 539 5708 μὴν
583 5641 868 5710 ἀμήχανον
893 5637 959 5711 ἦν
985 5645 1165 5713 γυμνῇ
1196 5642 1526 5714 προσϐλέψαι
1570 5647 1634 5714 τῇ
1685 5644 1776 5696 τοῦ

201 5726 342 5780 Θεοῦ
399 5728 694 5796 φαντασία,
753 5727 830 5797 μὴ
881 5730 1077 5800 σαρκός
1118 5747 1237 5783 τινα
1284 5734 1474 5802 μοῖραν
1524 5733 1580 5785 ἐν
1630 5732 1777 5803 αὐτῷ

1884 4545 2165 4609 tractatis;
2192 4546 2390 4614 quibus
2419 4559 2593 4614 neque
2626 4547 2820 4600 coelum
2856 4545 2991 4615 pluit
3025 4558 3438 4612 manna,neque

1885 4647 2029 4693 terra
2081 4639 2379 4694 secundum
2429 4655 2580 4693 suam
2635 4649 2885 4693 naturam
2922 4638 3248 4692 frumentum
3308 4654 3436 4708 pro-

1883 4729 2107 4789 ducens,
2158 4728 2208 4781 id
2243 4729 2384 4798 quod
2415 4729 2495 4783 eis
2544 4738 2662 4783 erat
2720 4745 2858 4796 opus
2899 4729 3311 4798 suppeditabat:
3340 4727 3437 4781 sed

1881 4835 1944 4874 ex
1977 4819 2336 4874 iiteifabilibus
2374 4820 2569 4874 divina:
2597 4821 2850 4890 potentia:
2899 4820 3286 4890 promptuariis
3309 4833 3436 4888 pru-

1865 4911 2107 4964 .cedebat
2133 4910 2449 4976 liberalitas,
2517 4911 2672 4980 panis
2705 4920 2943 4977 paratus,
2972 4927 3158 4964 eorum
3206 4911 3300 4979 qui
3334 4908 3435 4962 im-

1883 5000 2257 5070 partiebantur
2297 5008 2553 5069 tanquam
2606 5000 2966 5068 agricolarum
3029 4999 3278 5052 manibus
3319 4997 3432 5049 ela-

1838 5130 1840 5132 τ
1884 5096 2127 5155 boratus,
2158 5099 2211 5146 et
2238 5107 2336 5162 per
2380 5107 2565 5146 eorum
2599 5094 2688 5161 qui
2737 5092 3092 5145 vescebantur
3131 5089 3432 5143 satietatem

1884 5181 2294 5252 multiplicatus,
2324 5194 2377 5237 et
2412 5183 2637 5252 piscium
2665 5182 2977 5244 obsonium,
3026 5195 3148 5234 cum
3175 5179 3256 5234 eis
3287 5193 3438 5233 mare

1883 5269 2309 5329 uihilcohferret
2335 5278 2398 5326 ad
2427 5290 2605 5334 usum,
2647 5277 2738 5330 sed
2773 5277 2820 5330 is
2855 5274 2946 5343 qui
2988 5273 3148 5326 etiam
3197 5270 3430 5341 piscium

1877 5382 2050 5439 genus
2075 5366 2128 5419 in
2162 5367 2295 5419 mari
2332 5369 2709 5421 seminaverat.
2773 5365 3058 5432 Quomodo
3089 5371 3268 5418 autem
3301 5379 3436 5416 enu-

1883 5457 2110 5511 meravit
2156 5458 2424 5527 quispiam
2483 5458 2698 5527 singula
2755 5457 3014 5510 miracula
3079 5453 3439 5525 evangelica?

1879 5549 2026 5604 lianc
2056 5564 2186 5618 ergo
2238 5551 2338 5602 vim
2372 5549 2424 5602 in
2459 5549 2550 5604 illo
2587 5566 2817 5604 cernens
2875 5547 3150 5610 inimicus,
3205 5545 3340 5600 vidit
3378 5546 3434 5599 in

1877 5640 2275 5711 permutatione
2315 5642 2434 5708 plus
2460 5655 2582 5695 esse
2631 5637 3004 5700 emolumenti,
3057 5652 3221 5708 quam
3266 5637 3320 5690 in
3365 5651 3437 5691 eo

1876 5733 2020 5805 quod
2079 5730 2409 5800 possidebat.
2459 5731 2533 5784 Ea
2571 5732 2640 5786 de
2663 5746 2825 5787 causa
2883 5746 3008 5786 eum
3060 5730 3266 5786 mavult
3318 5728 3438 5788 fieri
