3978 6478
560 315 642 372 ι63
1798 326 1856 381 8.
1888 321 2133 382 GREGOI

2249 319 2541 375 NYSSENI
3706 318 3778 371 οι

566 434 799 506 pretium
828 435 1221 508 redemptionis
1255 456 1447 497 eorum
1464 444 1554 513 qui
1594 444 1648 498 in
1674 458 1898 498 carcere
1926 441 2116 495 mortis

2238 438 2565 508 ίεωρήσαντα
2590 476 2606 501 ,
2654 437 2719 508 ἢν
2763 436 2863 508 ἤδη
2892 435 2979 489 διὰ
3024 435 3120 506 τῆς
3158 434 3426 507 ἀμαρτίας
3468 433 3778 506 κεχείρωτο.

567 533 723 581 erant
757 527 974 581 inclusi.
1032 528 1134 584 Sed
1173 531 1283 584 ﬁeri
1325 548 1432 586 non
1469 543 1678 604 poterat
1713 542 1768 588 ut
1800 532 1890 587 Dei
1920 530 2117 585 nudam

2238 529 2317 583 ita
2347 528 2503 583 τοῦτο
2533 529 2993 599 περικεκάλυπται
3016 532 3082 599 τῇ
3110 530 3272 599 σαρκὶ
3308 530 3343 599 ἠ
3371 527 3577 598 θεότης,
3609 528 3686 591 ὼς
3716 528 3783 581 ἂν

568 620 833 687 aspiceret
856 619 1113 687 speciem.
1140 622 1247 676 nisi
1293 623 1529 692 aliquam
1562 624 1615 678 in
1646 639 1710 679 eo
1733 623 1935 685 carnis,
1956 635 2118 690 quam

566 707 674 775 jam
707 708 832 761 olim
858 710 926 763 ob
956 718 1234 780 peccatum
1259 711 1313 765 in
1342 713 1571 767 vinculis
1617 712 1865 775 habebat,
1910 710 2118 781 portio—

570 814 690 851 nem
724 798 1199 857 animadverteret.
1228 803 1432 857 ldcirco
1451 819 1611 859 carne
1631 805 1885 857 divinitas
1923 804 2118 855 obum-

566 888 721 942 brata
757 899 857 952 est,
890 898 947 943 ut
975 891 1039 942 ad
1070 891 1120 945 id
1152 892 1364 947 intuens
1388 894 1531 963 quod
1573 908 1755 948 secum
1796 892 1896 946 fuit
1924 891 2119 945 educa.

569 988 683 1032 tum
717 987 770 1033 et
826 988 907 1033 est
936 980 1039 1035 sibi
1084 991 1404 1052 cognatum,
1457 1000 1563 1038 non
1598 991 1886 1038 terreretur
1936 997 2124 1050 appro-

570 1067 918 1135 pinquatioue
991 1072 1304 1125 excellentis
1364 1072 1611 1140 virtutis;
1684 1084 1738 1128 et
1780 1073 2121 1128 considerata

570 1171 690 1222 qucc
719 1157 920 1211 sensim
952 1174 1046 1229 per
1079 1160 1338 1213 miracula
1378 1160 1548 1229 magis
1576 1176 1639 1215 ac
1672 1162 1841 1228 magis
1878 1160 2123 1230 resplen-

570 1246 729 1300 dcbat
760 1248 1017 1315 potentia,
1053 1250 1388 1303 existimaret
1419 1250 1471 1303 id
1504 1253 1647 1320 quod
1672 1252 1921 1322 apparuit
1954 1250 2126 1321 magis

570 1350 730 1391 esse:
764 1341 1259 1409 concupiscendum
1317 1358 1478 1411 quam
1547 1342 1907 1398 formidabile.
1962 1341 2125 1397 Vides

570 1429 1022 1495 quemadmodum
1052 1446 1173 1485 cum
1219 1432 1429 1501 justitia
1453 1433 1745 1501 conjuncta
1776 1435 1847 1490 sit
1880 1434 2124 1499 bonitas,

570 1527 624 1572 et
673 1519 940 1588 sapientia
989 1536 1095 1575 non
1134 1523 1204 1576 sit
1242 1523 1310 1576 ab
1349 1524 1429 1577 eis
1458 1533 1727 1593 separata.
1774 1523 1929 1590 Quod
1985 1526 2127 1580 enim

571 1625 668 1681 per
693 1610 1069 1665 indumentum
1096 1614 1342 1682 corporis
1370 1615 1719 1685 excogitavit,
1765 1624 1823 1670 ut
1852 1616 1970 1687 capi
2003 1632 2134 1687 pos-

577 1709 659 1755 set
689 1700 873 1754 divina
900 1702 1096 1766 virtus,
1122 1720 1190 1759 ne
1218 1720 1315 1773 pro
1348 1706 1506 1760 nobis
1558 1715 1813 1778 suscepta
1842 1709 2129 1779 dispensa-

572 1790 649 1842 tio
674 1789 1027 1860 impediretur
1067 1802 1215 1846 metu
1263 1794 1635 1858 sublimitatis,
1688 1796 1910 1851 omnino
1964 1798 2126 1852 simul

573 1876 830 1945 oste'ndit,
900 1897 1095 1953 nempe
1145 1883 1462 1949 bonitatem,
1506 1886 1824 1954 sapientiam
1867 1895 1920 1941 et
1955 1888 2122 1956 justi-

575 1967 728 2021 tiam.
764 1967 1007 2024 Voluisse
1033 1970 1176 2024 eniiu
1208 1971 1339 2026 dare
1368 1973 1621 2036 salutem,
1640 1982 1724 2028 est
1752 1975 2122 2029 testimonium

574 2060 855 2118 bonitatis.
891 2061 1043 2129 Quod
1084 2072 1263 2119 autem
1298 2072 1553 2134 tanquam
1584 2081 1648 2120 ex
1685 2073 1965 2120 contractu
2000 2066 2127 2122 fecit

2220 619 2357 689 πρὸς
2382 619 2443 673 τὸ
2471 619 2762 692 σύντροφόν
2790 636 2850 672 τε
2865 619 2959 672 καὶ
2988 619 3243 687 συγγενὲς
3275 618 3420 689 αὐτῷ
3443 618 3672 688 βλέπων,
3708 620 3783 689 μὴ

2220 711 2476 781 πτοηθείη
2516 710 2606 763 τὸν
2637 710 3035 781 προσεγγισμὸν
3083 711 3181 780 τῆς
3219 710 3587 782 ὑπερεχούσης
3624 710 3782 764 δυνάο

2224 820 2400 874 μεως.·
2449 803 2539 856 καὶ
2584 801 2680 873 τὴν
2725 802 2905 873 ἠρέμα
2953 801 3041 855 διὰ
3093 801 3201 854 τῶν
3253 801 3542 870 θαυμάτων
3587 801 3676 852 ἐπὶ
3723 800 3785 852 τὸ

2226 896 2408 966 μεῖζον
2451 895 2854 964 διαλάμπουσαν
2903 893 3130 965 δύναμιν
3176 894 3547 962 κατανοήσας,
3598 891 3785 944 ἐπιθυ-

2226 985 2392 1055 μητὸν
2440 984 2638 1055 μᾶλλον
2696 984 2729 1054 ἢ
2784 983 3010 1055 φοϐερὸν
3060 983 3122 1035 τὸ
3170 984 3332 1052 φανὲν
3381 978 3518 1035 εἶναι
3565 981 3783 1052 νομίσῃ.

2233 1076 2393 1147 Ὁρᾷς
2424 1077 2575 1139 ὅπως
2615 1076 2677 1128 τὸ
2703 1075 2903 1143 ἀγαθὸν
2933 1074 3010 1144 τῷ
3038 1074 3229 1144 δικαίῳ
3271 1073 3639 1138 συνέζευκται,
3686 1072 3785 1125 καὶ

2220 1164 2282 1217 τὸ
2314 1164 2473 1233 σοφὸν
2510 1165 2710 1218 τούτων
2753 1165 2852 1217 οὐκ
2890 1164 3264 1236 ἀποκέκριται.
3310 1162 3383 1215 Τὸ
3416 1162 3523 1233 γὰρ
3558 1161 3645 1215 διὰ
3685 1162 3788 1231 τῆς

2224 1254 2315 1307 τοῦ
2352 1253 2599 1324 σώματος
2632 1253 2921 1324 περιϐολῆς
2964 1255 3212 1325 χωρητὴν
3256 1252 3353 1323 τῆν
3382 1252 3532 1305 θείαν
3559 1250 3787 1321 δύναμιν

2224 1345 2505 1414 ἐπινοῆσαι
2549 1344 2816 1413 γενέσθαι,
2850 1345 2924 1408 ὡς
2956 1344 3022 1398 ἀν
3064 1348 3097 1417 ἡ
3132 1345 3270 1415 ὑπὲρ
3311 1344 3467 1415 ήμῶν
3506 1342 3791 1412 οἰκονομία

2229 1438 2302 1507 μὴ
2330 1435 2754 1506 παραποδισθείη
2784 1435 2861 1506 τῷ
2907 1435 3056 1507 φόϐῳ
3086 1436 3184 1506 τῆς
3218 1436 3423 1506 ὑψηλῆς
3469 1434 3787 1505 ἐμφανείας,

2227 1527 2443 1590 πάντως
2468 1526 2607 1581 κατὰ
2627 1528 2819 1580 ταύτὸν
2850 1526 2948 1597 τὴν
2973 1527 3242 1593 ἀπόδειξιν
3275 1526 3404 1596 ἔχει,
3436 1525 3529 1579 τοῦ
3558 1523 3788 1593 ἀγαθοῦ,

2226 1618 2318 1671 τοῦ
2347 1619 2530 1689 σοφοῦ,
2555 1619 2649 1672 τοῦ
2676 1619 2903 1674 δικαίου.
2933 1619 3007 1672 Τὸ
3041 1619 3138 1689 μὲν
3159 1618 3266 1689 γὰρ
3288 1616 3565 1671 ἐθέλεσθαι
3595 1617 3790 1680 σῶσαι,

2227 1712 2325 1781 τῆς
2349 1710 2683 1781 ἀγαθότητός
2720 1712 2835 1765 ἐστι
2864 1710 3134 1783 μαρτυρία
3157 1726 3172 1742 ο
3216 1709 3276 1763 τὸ
3316 1709 3373 1763 δὲ
3406 1707 3791 1778 συναλλάγμα-

2236 1800 2391 1871 τικὴν
2420 1801 2744 1871 ποιήσασθαι
2772 1801 2870 1871 τὴν
2900 1799 2995 1853 τοῦ
3021 1799 3385 1872 κρατουμένου
3418 1798 3700 1870 λύτρωσιν,
3728 1796 3796 1849 τὸ

2224 1889 2426 1945 δίκαιον
2449 1891 2709 1945 δείκνυσι·
2754 1891 2815 1945 τὸ
2843 1891 2899 1944 δὲ
2928 1890 3169 1962 χωρητὸν
3195 1890 3261 1943 δι’
3291 1889 3528 1952 ἐπινοίας
3554 1888 3784 1958 ποιῆσαι

2224 1981 2301 2052 τῷ
2333 1981 2510 2053 ἐχθρῷ
2559 1982 2620 2035 τὸ
2661 1981 2963 2054 ἀχώρητον,
3012 1982 3112 2053 τῆς
3154 1980 3413 2036 ἀνωτάτω
3458 1979 3648 2049 σοφίας
3689 1979 3800 2050 τὴν

2228 2072 2502 2136 ἀπόδειξιν
2529 2072 2662 2142 ἔχει.

575 2153 1017 2223 redemptionem,
1056 2156 1175 2224 ejus
1220 2158 1310 2225 qui
1353 2158 1635 2212 tenebatur
1676 2159 1951 2214 dominatu
1978 2164 2216 2218 ostendit
2244 2167 2535 2235 justitiam.
2565 2166 2722 2232 Quod
2765 2177 2944 2221 autem
2988 2166 3041 2220 id
3078 2164 3223 2237 quod
3260 2164 3377 2234 capi
3407 2180 3514 2219 non
3556 2172 3795 2235 poterat,

576 2244 845 2299 subtiliter
883 2246 1194 2317 excogitans
1224 2246 1399 2315 effecit
1442 2261 1498 2301 ut
1530 2250 1648 2319 capi
1691 2261 1873 2321 posset
1899 2254 1966 2306 ab
2002 2254 2240 2322 inimico,
2264 2257 2319 2312 id
2345 2267 2531 2329 aperte
2560 2273 2824 2314 summam
2856 2258 3031 2328 arguit
3059 2258 3399 2327 sapientiam.

1120 2336 1348 2392 CAPUT
1404 2338 1594 2393 XXIV.

653 2425 758 2481 Sed
786 2438 869 2483 est
915 2438 1337 2485 consentaneum
1386 2447 1508 2486 eum
1548 2434 1641 2503 qui
1690 2433 1917 2488 attendit
1942 2450 2128 2490 eorum

580 2534 699 2585 quae
722 2518 865 2572 dicta
891 2517 1112 2574 fuerunt
1153 2524 1618 2591 consequentiam,
1647 2540 1887 2594 quaerere
1912 2526 2128 2581 ubinam

582 2609 637 2664 in
668 2610 733 2664 iis
753 2626 873 2680 quae
894 2610 1150 2675 diximus,
1172 2625 1425 2668 cernatur
1456 2620 1692 2685 potentia
1720 2617 2047 2685 Divinitatis,
2078 2627 2133 2674 et

580 2702 672 2755 ubi
724 2702 1059 2772 incorruptio
1108 2704 1302 2759 divinae
1351 2708 1622 2775 potentiae.
1674 2707 1744 2762 Ut
1801 2709 1964 2779 igitur
2015 2710 2129 2764 haec

576 2809 792 2863 quoque
821 2796 1118 2850 reddantur
1140 2797 1435 2858 evidentia,
1483 2799 1887 2856 consideremus
1918 2817 1979 2854 ea
2012 2818 2134 2871 qua:

578 2887 837 2957 deinceps
865 2897 1168 2959 sequuntur
1208 2906 1272 2945 ex
1302 2893 1579 2964 mysterio,
1600 2892 1653 2945 in
1678 2892 1877 2962 quibus
1902 2894 2132 2949 maxime

580 2981 886 3036 ostenditur
915 2997 1038 3036 cum
1066 2983 1398 3054 benignitate
1435 2991 1837 3053 contemperata
1869 2987 2126 3053 potentia.

2793 2350 3045 2403 ΚΕΦΑΛ.
3107 2351 3229 2404 ΚΔ⁹.

2316 2438 2454 2490 Ἀλλ’
2493 2438 2766 2507 ἐπιζητεῖν
2798 2438 2942 2501 εἰκὸς
2974 2440 3063 2492 τὸν
3099 2442 3165 2509 τῇ
3194 2439 3481 2509 ἀκολουθίᾳ
3505 2438 3613 2491 τῶν
3643 2440 3799 2508 alm-

2239 2530 2411 2601 μένων
2436 2529 2914 2601 προσέχοντα,,ποῦ
2940 2530 2999 2584 τὸ
3021 2531 3243 2586 δυνατὸν
3263 2531 3363 2602 τῆς
3386 2531 3663 2601 Θεότητος,
3688 2531 3798 2583 ποῦ

2236 2624 2269 2693 ή
2301 2622 2574 2693 ἀφθαρσία
2601 2622 2702 2692 τῆς
2742 2621 2888 2685 θείας
2928 2622 3208 2694 δυνάμεως
3249 2625 3306 2676 ἐν
3339 2627 3450 2687 τοῖς
3486 2622 3797 2694 εἰρημένοις

2237 2715 2444 2787 ὁρᾶται.
2476 2715 2594 2767 Ἵνα
2630 2714 2805 2768 τοίνυν
2834 2717 2927 2768 καί¹
2948 2715 3118 2769 ταῦτα
3144 2715 3366 2786 γένηται
3388 2715 3691 2784 καταφανῆ,
3721 2714 3800 2766 τά

2238 2807 2434 2877 ἐφεξῆς
2456 2805 2547 2859 τοῦ
2572 2807 2868 2878 μυστηρίου
2882 2808 3352 2878 διασκοπήσωμεν,
3380 2808 3438 2860 ἐν
3459 2801 3539 2870 οἷς
3561 2805 3802 2875 μάλιστα

2236 2896 2502 2950 δείκνυται
2541 2897 2955 2967 συγκεκραμένη
2984 2899 3049 2966 τῇ
3078 2894 3451 2966 φιλανθρωπίᾳ
3478 2893 3795 2964 ήηδύναμις.

2236 2987 2454 3057 Πρῶτον
2488 2988 2585 3057 μὲν
2611 2982 2702 3040 οῦν
2726 2988 2785 3039 τὸ
2814 2988 2912 3057 τὴν
2944 2984 3345 3055 παντοδύναμον
3374 2984 3532 3054 φύσιν
3562 2985 3695 3055 πρὸς
3732 2983 3802 3036 τὸ

579 3071 757 3136 Atque
784 3070 1018 3139 primum
1064 3073 1305 3140 quidem,
1350 3073 1494 3142 quod
1541 3072 1885 3139 omnipotens
1940 3082 2131 3129 natura

2238 3077 2482 3130 ταπεινὸν
2538 3077 2632 3146 τῆς
2692 3075 3107 3147 άνθρωπότητος
3178 3075 3480 3144 καταϐῆναι
3538 3074 3751 3144 ἰσχύσαι
3779 3115 3797 3137 ,

581 3162 820 3231 potuerit
876 3162 1206 3219 descendere
1245 3166 1308 3219 ad
1360 3165 1714 3219 humilitatem
1756 3166 2131 3230 humanitatis,

582 3253 637 3308 id
668 3262 989 3323 potestatem
1020 3257 1190 3326 magis
1231 3256 1489 3321 ostendit,
1516 3272 1677 3327 quam
1717 3272 1909 3328 magna
1940 3268 1993 3313 et
2016 3274 2135 3329 quae

581 3358 828 3401 naturam
859 3356 1117 3418 superant
1168 3350 1446 3404 miracula.
1496 3349 1629 3403 Nam
1673 3351 1817 3420 quod
1870 3366 2125 3421 magnum

583 3439 857 3508 quidpiam
886 3451 938 3494 et
960 3441 1234 3496 excelsum
1261 3441 1509 3497 eﬂ'ectum
1542 3442 1613 3497 sit
1647 3457 1676 3495 a
1708 3442 1890 3498 divina
1908 3443 2131 3510 virtute,

583 3539 667 3583 est
697 3529 1090 3599 quodammodo
1124 3533 1422 3588 secundum
1470 3543 1716 3587 naturam
1760 3542 1813 3589 et
1844 3545 2135 3590 consenta-

585 3634 766 3674 neum.
799 3618 983 3689 Neque
1017 3638 1213 3677 novum
1248 3632 1302 3677 et
1328 3624 1646 3680 admirabile
1667 3626 1943 3697 quidpiam
1986 3629 2137 3681 auri-

584 3709 689 3764 bus
715 3711 974 3778 attulerit,
1005 3714 1147 3783 quod
1183 3715 1403 3777 dicitur,
1429 3716 1732 3773 universam
1768 3734 1887 3788 quae.
1937 3729 2021 3775 est
2081 3721 2135 3775 in

585 3803 790 3857 mundo
827 3814 1151 3869 creaturam,
1180 3813 1233 3861 et
1260 3807 1520 3877 quidquid
1550 3816 1703 3863 extra
1753 3824 1816 3863 ea
1849 3826 1970 3879 quae
2019 3827 2138 3866 cer-

586 3903 810 3960 nuntur,
858 3897 1355 3965 comprehenditur,
1414 3896 1507 3951 Dei
1562 3899 1760 3952 virtute
1804 3900 2136 3963 constitisse,

585 3986 706 4054 ejus
745 3988 1041 4052 voluntate,
1083 3995 1141 4041 ut
1188 3988 1237 4043 ei
1287 3989 1461 4044 visum
1508 3999 1612 4051 est.
1654 3990 1883 4045 deducta
1932 3991 2000 4045 ad
2050 4007 2139 4047 es-

586 4079 833 4133 sentiam.
858 4080 935 4134 Ad
966 4080 1015 4133 id
1047 4088 1225 4135 autem
1260 4081 1402 4151 quod
1447 4093 1530 4137 est
1567 4082 1771 4137 humile
1790 4093 1843 4137 et
1866 4083 2136 4151 abjectum

586 4170 901 4233 descensus,
927 4182 1009 4225 est
1031 4172 1273 4240 quaedam
1306 4174 1535 4244 insignis
1569 4183 1622 4229 et
1653 4174 1960 4229 redundans
1982 4176 2136 4244 copia

588 4263 892 4330 potestatis,
922 4278 1042 4331 quae
1077 4264 1298 4318 minimc
1327 4264 1618 4334 impeditur
1667 4265 1720 4318 in
1752 4265 1819 4319 iis
1860 4282 1979 4335 qua:
2007 4275 2136 4321 sunt

591 4360 785 4421 praeter
819 4364 1088 4407 naturam.
1114 4354 1233 4421 Quo
1252 4356 1413 4410 modo
1450 4357 1591 4410 enim
1624 4358 1765 4425 ignis
1791 4359 2040 4412 essentia:
2060 4369 2142 4413 est

2239 3167 2458 3220 πλείονα
2498 3167 2596 3237 τὴν
2640 3165 2908 3230 ἀπόδειξιν
2938 3165 3037 3234 τῆς
3061 3165 3339 3234 δυνάμεως
3374 3164 3513 3234 ἔχει,
3539 3164 3571 3233 ἢ
3596 3164 3661 3215 τὰ
3697 3180 3800 3233 με-

2238 3258 2378 3328 γάλα
2398 3275 2456 3311 τε
2481 3259 2573 3310 καὶ
2596 3256 2846 3328 ὑπερφυῆ
2867 3256 2974 3309 τῶν
2997 3256 3383 3326 θαυμάτων.Τὸ
3408 3254 3504 3325 μὲν
3526 3254 3632 3324 γὰρ
3657 3253 3805 3322 μέγα

2236 3368 2290 3403 τι
2329 3351 2421 3404 καὶ
2464 3348 2662 3419 ὑψηλὸν
2706 3346 3093 3418 ἐξεργασθῆναι
3132 3347 3282 3417 παρὰ
3319 3346 3417 3414 τῆς
3456 3345 3601 3406 θείας
3640 3344 3806 3397 δυνά-

2242 3460 2404 3514 μεως,
2441 3442 2579 3495 κατά
2617 3440 2774 3510 φύσιν
2802 3440 2919 3503 πῶς
2947 3442 3061 3493 ἐστι
3089 3440 3180 3492 καὶ
3220 3438 3521 3492 ἀκόλουθον.
3560 3436 3668 3490 Καὶ
3696 3437 3808 3487 οὐκ

2240 3536 2304 3590 ἀν
2335 3552 2455 3587 τινα
2494 3532 2737 3601 ξενισμὸν
2775 3531 2968 3600 ἐπάγοι
3008 3533 3074 3601 τῇ
3121 3532 3258 3601 ἀκοῇ
3306 3531 3366 3583 τὸ
3406 3530 3584 3597 λέγειν
3615 3528 3804 3581 πᾶσαν

2239 3626 2335 3696 τὴν
2357 3628 2412 3678 ἐν
2437 3624 2514 3693 τῷ
2543 3623 2728 3692 κόσμῳ
2754 3621 2950 3682 κτίσιν,
2967 3622 3060 3675 καὶ
3081 3622 3187 3674 πᾶν
3215 3622 3242 3673 ὃ
3261 3620 3312 3674 τί
3337 3637 3439 3690 περ
3468 3619 3533 3671 ἂν
3560 3618 3664 3684 ἐξω
3690 3617 3807 3670 τῶν

2243 3713 2578 3785 φαινομένων
2627 3711 3098 3782 καταλαμϐάνεται
3148 3714 3205 3765 ἐν
3265 3714 3329 3781 τῇ
3381 3708 3513 3763 Θεοῦ
3572 3708 3806 3778 δυνάμει

2244 3809 2534 3878 συστῆναι,
2577 3806 2741 3859 αὐτοῦ
2783 3805 2875 3858 τοῦ
2911 3804 3209 3877 θελήματος
3241 3806 3374 3875 πρὸς
3413 3804 3473 3856 τὸ
3496 3802 3683 3856 δοκοῦν
3712 3802 3809 3854 οὺ-

2244 3899 2549 3961 σιωθέντος.
2588 3899 2654 3951 Ἠ
2684 3898 2740 3951 δὲ
2786 3899 2920 3970 πρὸς
2951 3898 3199 3953 ταπεινὸν
3233 3895 3473 3958 κάθοδος,
3516 3894 3807 3964 περιουσία

2241 3991 2326 4055 τίς
2350 3993 2463 4043 ἐστι
2494 3991 2591 4061 τῆς
2614 3991 2909 4061 δυνάμεως,
2935 3990 3083 4044 οὐδὲν
3112 3991 3168 4042 ἐν
3196 3990 3306 4050 τοῖς
3337 3987 3485 4057 παρά
3508 3987 3666 4055 φύσιν
3692 4003 3810 4037 κω-

2244 4083 2524 4152 λυομένης.
2570 4084 2657 4145 Ὠς
2696 4083 2804 4152 γάρ
2848 4082 2972 4136 ἴδιόν
3006 4084 3119 4134 ἐστι
3161 4080 3259 4148 τῆς
3291 4077 3385 4132 τοῦ
3420 4076 3587 4148 πυρὸς
3613 4076 3809 4138 οὐσίας

2244 4176 2278 4245 ἡ
2299 4174 2390 4227 ἐπὶ
2410 4173 2470 4226 τὸ
2496 4175 2606 4228 άνω
2630 4172 2787 4242 φορὰ,
2819 4174 2910 4226 καὶ
2933 4173 3031 4225 οὐκ
3056 4171 3120 4225 ἄν
3154 4188 3235 4234 τις
3252 4169 3523 4241 θαύματος
3547 4168 3694 4234 ἀξιον
3708 4168 3809 4220 ἐπὶ

2244 4267 2343 4336 τῆς
2382 4265 2574 4334 φλογὸς
2612 4268 2793 4335 ἡγεῖτο
2829 4265 2889 4318 τὸ
2932 4264 3175 4333 φυσικῶς
3211 4263 3614 4333 ἐνεργούμενον·
3650 4262 3698 4313 εί
3739 4260 3803 4312 δέ

2250 4359 2474 4431 ῥέουσαν
2506 4358 2597 4411 ἐπὶ
2627 4357 2686 4410 τὸ
2713 4356 2861 4410 κάτω
2902 4355 3023 4409 καθ’
3050 4354 3339 4425 ὁμοιότητα
3383 4353 3491 4405 τῶν
3528 4349 3809 4422 ἐμϐριθῶν

588 4447 868 4515 proprium
899 4447 1027 4501 ferri
1051 4463 1305 4515 sursum;
1348 4450 1592 4518 nequein
1615 4449 1828 4503 ﬂamma
1853 4450 2133 4520 quidquam

2247 4449 2510 4519 σωμάτων
2555 4447 2652 4500 ίδοι
2694 4446 2791 4515 τὴν
2834 4445 3036 4514 φλόγα,
3084 4444 3146 4496 τὸ
3190 4441 3424 4495 τοιοῦτον
3465 4440 3522 4491 ὲν
3566 4437 3809 4507 θαύματι

580 4545 671 4591 .est
701 4537 1075 4591 admirandum
1127 4539 1272 4608 quod
1298 4540 1369 4593 sit
1410 4541 1756 4606 naturaliter;
1812 4540 1905 4596 sed
1941 4542 1986 4595 si
2022 4556 2161 4609 eam,

592 4628 764 4681 instar
795 4630 1036 4696 gravium
1073 4645 1361 4699 corporum
1399 4631 1578 4685 videat
1611 4631 1865 4687 deorsum
1900 4633 2140 4693 tendere,

589 4718 707 4785 ejus
734 4719 810 4772 rei
832 4719 1048 4773 ducitur
1080 4720 1461 4784 admiratione,
1513 4738 1705 4792 nempe
1726 4738 1960 4791 quonam
1984 4723 2144 4779 modo

591 4812 732 4880 ignis
755 4826 877 4865 esse
906 4812 1045 4881 ignis
1077 4822 1404 4882 perseveret,
1457 4821 1509 4868 et
1544 4815 1600 4868 in
1623 4815 1784 4869 modo
1826 4823 2007 4871 motus
2043 4831 2142 4871 ex-

593 4904 748 4959 cedat
784 4912 1054 4969 naturam,
1088 4905 1312 4961 tendens
1345 4905 1598 4963 deorsum
1631 4925 1644 4960 :
1682 4908 1756 4961 ita
1798 4908 1957 4963 etiam
2004 4908 2141 4962 divi-

490 4992 501 5001 “
592 5013 716 5052 nam
756 5004 811 5051 et
860 4998 1349 5066 supercminentem
1400 4999 1715 5069 potentiam,
1780 5015 1957 5069 neque
1990 4999 2150 5054 caelo-

596 5102 717 5141 rum
741 5088 1079 5157 magnitudo,
1106 5104 1279 5158 neque
1300 5090 1647 5144 luminarium
1671 5090 1945 5159 splendor,
1972 5106 2148 5160 neque

598 5180 832 5235 universi
861 5189 1106 5245 ornatus,
1139 5196 1311 5250 neque
1329 5197 1507 5234 rerum
1544 5183 1870 5235 naturalium
1890 5190 2146 5251 perpetua

598 5271 997 5326 administratio
1049 5281 1254 5325 tantum
1283 5272 1542 5335 ostendit,
1602 5279 1863 5341 quantum
1900 5264 2059 5340 'quod
2092 5287 2151 5325 se

596 5362 875 5417 demiserit
903 5362 968 5415 ad
1004 5362 1424 5417 imbecillitatem
1456 5370 1657 5417 nostra:
1687 5372 1891 5416 natura:
1915 5382 1929 5417 :
1957 5378 2147 5431 nempe

595 5453 1029 5521 quomodo,cum
1050 5455 1324 5508 excelsum
1348 5454 1635 5517 exstiterit,
1666 5453 1718 5507 in
1752 5453 1941 5507 humili
1964 5461 2019 5508 et
2047 5454 2147 5508 ab-

596 5544 743 5612 je-cto
780 5543 832 5597 id
857 5546 1115 5607 cernitur,
1149 5560 1246 5598 nec
1277 5544 1557 5599 descendit
1586 5544 1853 5598 altitudo:
1879 5543 2149 5613 quomodo

598 5634 905 5687 humanitas
943 5648 1185 5688 connexa
1233 5633 1427 5688 divina:
1473 5643 1700 5698 naturae,
1742 5641 1796 5687 et
1847 5632 1947 5686 hoc
1978 5633 2054 5693 lit.
2097 5640 2151 5687 et

589 5736 677 5782 est
703 5723 854 5779 illud.
880 5724 1015 5779 Cum
1056 5725 1224 5790 enim,
1264 5725 1398 5782 sicut
1450 5726 1600 5794 prius
1638 5724 1840 5779 dictum
1902 5733 2006 5792 est,
2046 5739 2152 5778 non

2246 4542 2511 4601 ποιεῖται,
2556 4539 2668 4601 πῶς
2712 4538 2771 4591 τὸ
2804 4537 2914 4607 πῦρ
2960 4535 3199 4606 διαμένει
3246 4532 3358 4604 πῦρ
3398 4532 3477 4596 ὃν,
3521 4534 3610 4586 καὶ
3636 4534 3691 4583 ἐν
3725 4530 3809 4601 τῷ

2244 4631 2426 4702 τρόπῳ
2449 4630 2546 4701 τῆς
2574 4632 2837 4700 κινήσεως
2860 4629 3099 4683 ἐκϐαίνει
3126 4629 3221 4700 τὴν
3251 4628 3431 4696 φύσιν,
3464 4627 3554 4679 ἐπὶ
3576 4625 3635 4677 τὸ
3656 4625 3811 4677 κάτω

2247 4719 2558 4791 φερόμενον·
2598 4718 2767 4780 οὕτως
2798 4719 2891 4771 καὶ
2915 4719 3012 4788 τὴν
3041 4717 3189 4770 θείαν
3224 4733 3284 4768 τε
3308 4716 3402 4769 καὶ
3434 4713 3810 4785 ὑπερέχουσαν

2246 4810 2490 4881 δύναμιν,
2520 4810 2618 4862 ούκ
2641 4807 2884 4879 οὐρανῶν
2914 4806 3113 4878 μεγέθη
3154 4807 3248 4860 καὶ
3277 4806 3575 4875 φωστήρων
3617 4803 3806 4872 αὐγαὶ.

2248 4905 2340 4957 καὶ
2372 4905 2405 4973 ἡ
2436 4902 2528 4955 τοῦ
2558 4900 2757 4963 παντὸς
2786 4900 3140 4968 διακόσμησις
3159 4939 3173 4962 ,
3205 4897 3299 4950 καὶ
3343 4898 3376 4967 ή
3421 4894 3668 4966 διηνεκὴς
3695 4894 3810 4945 τῶν

2247 4993 2413 5047 ὄντων
2449 4989 2723 5061 οἰκονομία
2754 4988 3025 5050 τοσοῦτον,
3057 4989 3180 5041 ὅσον
3204 4990 3237 5057 ἡ
3270 4987 3363 5039 ἐπὶ
3382 4985 3443 5038 τὸ
3467 4983 3686 5045 ἀσθενὲς
3706 4983 3810 5051 τῆς

2251 5085 2461 5154 φύσεως
2491 5082 2646 5153 ἡμῶν
2670 5080 3069 5149 συγκατάϐασις
3095 5078 3358 5131 δείκνυσι·
3384 5076 3500 5139 πῶς
3525 5076 3585 5128 τὸ
3606 5074 3811 5145 ὑψηλὸν

2249 5177 2307 5226 ἐν
2325 5173 2401 5244 τῷ
2424 5172 2659 5244 ταπεινῷ
2682 5173 2997 5241 καθορᾶται,
3023 5170 3115 5223 καὶ
3143 5170 3202 5222 οὐ
3231 5167 3543 5222 καταϐαίνει
3566 5166 3625 5218 τὸ
3652 5165 3804 5233 ὕψος·

2252 5265 2366 5327 πῶς
2391 5264 2589 5333 Θεὸτης
2610 5263 2923 5335 ἀνθρωπίνῃ
2945 5260 3319 5331 συμπλακεῖσα
3342 5258 3519 5328 φύσει,
3540 5255 3812 5310 καὶτοῦτο

2250 5356 2452 5424 γίνεται
2475 5358 2568 5410 καὶ
2596 5354 2768 5408 ἐκεῖνό
2796 5356 2962 5409 ἐστιν.
3010 5351 3222 5421 Ἐπειδὴ
3251 5351 3381 5421 γὰρ,
3411 5348 3589 5412 καθὼς
3616 5349 3672 5400 ἐν
3695 5351 3811 5410 τοῖς

2252 5448 2554 5519 ἔμπροσθεν
2583 5448 2793 5519 εἴρηται
2815 5485 2830 5509 ,
2860 5444 3017 5514 φύσιν
3045 5445 3144 5497 ούκ
3168 5439 3308 5513 εἶχεν
3338 5445 3369 5513 ἡ
3407 5442 3620 5494 ἐναντία
3654 5440 3811 5492 δύνα-

2259 5558 2367 5611 μις.
2400 5541 2621 5611 ἀκράτῳ
2664 5537 2959 5609 προσμῖξαι
3001 5539 3065 5607 τῇ
3104 5536 3196 5589 τοῦ
3230 5535 3363 5587 Θεοῦ
3388 5533 3685 5605 παρουσίᾳ,
3716 5533 3811 5585 καὶ

2252 5636 2459 5705 γυμνὴν
2485 5634 2777 5701 ὑποστῆναι
2807 5630 2969 5684 αὑτοῦ
3011 5630 3107 5700 τὴν
3152 5630 3473 5699 ἐμφάνειανο
3510 5626 3583 5690 ὡς
3622 5625 3688 5678 ἂν
3716 5622 3810 5676 εὖ·

2254 5726 2452 5795 ληπτον
2480 5725 2683 5795 γένοιτο
2715 5723 2791 5795 τῷ
2814 5720 3154 5792 ἐπιζητοῦντι
3181 5722 3319 5790 ὑπὲρ
3344 5719 3499 5790 ἡμῶν
3524 5719 3583 5771 τὸ
3610 5716 3805 5772 ἀντάλ-
