3978 6494
183 383 244 438 65
1402 368 1658 434 ORATIO
1694 374 2184 433 CATECHETICA.
3329 380 3401 436 ϐῆ

182 499 377 566 λαγμα,
406 495 488 566 τῷ
517 494 940 567 προκαλύμματι
964 494 1061 565 τῆς
1088 494 1301 563 φύσεως
1340 496 1495 566 ἡμῶν
1519 494 1740 565 ὲνεκρύ-

1846 498 1988 548 esset
2023 507 2086 548 ea
2129 500 2323 547 natura
2360 494 2648 564 potestatis
2684 495 2991 561 contrariaa,
3046 504 3103 550 ut
3131 496 3403 553 admisce-

178 593 278 663 φθη
304 592 367 643 τὸ
387 589 570 651 Θεῖον,
594 591 681 642 ἵνα
696 589 836 642 κατὰ
862 590 987 651 τοὺς
1008 588 1215 658 λίχνους
1236 587 1343 640 τῶν
1362 587 1557 658 ἰχθύων
1576 587 1654 657 τῷ
1666 587 1745 640 δε-

179 684 321 736 λέατι
338 682 445 750 τῆς
466 681 672 751 σαρκὸς
689 679 1110 749 συναποσπασθῇ
1128 679 1189 731 τὸ
1200 678 1491 749 ἄγκιστρον
1502 680 1599 749 τῆς
1619 678 1742 731 Θεό-

174 791 346 846 τητος·
378 774 481 827 καὶ
513 771 657 825 οὓτω
678 772 778 842 τῆς
800 770 945 839 ζωῆς
972 770 1051 840 τῷ
1079 770 1289 842 Θανάτῳ
1311 770 1742 839 εἰσοικισθείσης,

178 869 262 920 καὶ
289 865 370 936 τῷ
394 866 581 917 σκότει
599 863 692 917 τοῦ
720 863 897 931 φωτὸς
924 863 1270 932 ἐμφανέντας,
1289 860 1740 932 ὲξαφανισθῌιτω]

176 959 242 1027 τῷ
265 957 410 1026 φωτί
442 957 539 1009 καὶ
580 959 644 1027 τῇ
674 955 785 1025 ζωῇ
809 955 869 1007 τὸ
895 954 1033 1007 κατὰ
1067 954 1128 1007 τὸ
1162 953 1398 1007 ἐναντίον
1441 953 1741 1024 νοούμενον.

174 1053 238 1105 οὐ
262 1049 375 1117 γὰρ
429 1049 546 1119 εχει
584 1047 763 1115 φύσιν,
801 1045 927 1099 οὐτε
971 1045 1157 1109 σκότος
1187 1044 1457 1116 διαμένειν
1488 1046 1545 1098 ὲν
1572 1044 1745 1113 φωτὸς

173 1140 447 1210 παρουσίᾳ
465 1179 477 1203 ,
498 1136 632 1191 οὔτε
671 1137 897 1190 θάνατον
920 1132 1056 1189 εἶναι
1101 1134 1243 1202 ζωῆς
1263 1135 1572 1204 ὲνεργοσης.
1589 1133 1701 1184 Οὐκ
1718 1164 1743 1175 -

172 1228 279 1284 ωὖυ
320 1228 422 1285 ἐπὶ
462 1227 745 1298 κεφαλαίῳ
781 1223 876 1276 τοῦ
948 1226 1242 1298 μυστηρίου
1281 1226 1378 1297 τὴν
1428 1224 1742 1278 ἀκολουθίαν

168 1321 549 1383 ἀναλαϐόντες,
585 1318 766 1388 ἐντελῆ
798 1318 1129 1389 ποιησόμεθα
1162 1317 1260 1388 τὴν
1284 1316 1574 1383 ἀπολογίαν
1608 1316 1743 1386 πρὸς

81 1459 89 1471 ,
165 1414 283 1475 τοὺς
312 1407 761 1480 κατηγοροῦντας
784 1409 881 1479 τῆς
902 1408 1049 1471 θείας
1072 1407 1375 1477 οἰκονομίας
1399 1447 1414 1472 ,
1442 1407 1563 1460 ὅτου
1585 1406 1743 1477 χάριν

165 1502 227 1554 δι’
253 1500 460 1567 ἑαυτῆς
486 1500 520 1569 ἡ
546 1498 747 1569 Θεότης
767 1498 869 1568 τὴν
898 1497 1239 1570 ἀνθρωπίνην
1268 1499 1327 1551 οὐ
1354 1497 1743 1568 κατεργάζεται

168 1593 465 1665 σωτηρίαν.
499 1594 591 1644 Δεῖ
620 1592 728 1659 γὰρ
758 1591 844 1644 διὰ
875 1591 1085 1644 πάντων
1108 1590 1170 1643 τὸ
1194 1590 1346 1643 Θεῖον
1377 1591 1435 1642 ἐν
1458 1592 1577 1653 ταῖς
1606 1605 1741 1657 πρε-

168 1685 394 1746 πούσαις
441 1681 775 1751 ὑπολήψεσιν
819 1678 976 1735 εἶναι·
1024 1681 1097 1752 μὴ
1149 1681 1209 1734 τὸ
1257 1681 1355 1751 μὲν
1403 1680 1620 1750 ὑψηλῶς
1657 1682 1742 1732 ἐπ’

168 1773 328 1830 αὐτοῦ
356 1772 602 1826 νοεῖσθαι
623 1812 638 1836 ,
669 1772 732 1825 τὸ
754 1771 811 1825 δὲ
844 1772 942 1843 τῆς
962 1770 1288 1842 θεοπρεποῦς
1317 1770 1469 1836 ἀξίας
1492 1771 1745 1825 ἐκϐάλλε-

1842 592 1993 638 retur
2032 599 2193 639 merae
2223 584 2312 639 Dei
2362 587 2679 656 pmsentim,
2743 595 2797 641 et
2852 586 3014 642 ferret
3044 589 3239 642 nudam
3281 589 3403 659 ejus

1843 676 2257 744 apparitionem,
2315 685 2375 731 ut
2425 678 2493 732 ab
2529 693 2593 733 eo
2630 678 2724 747 qui
2773 679 3030 748 poscebat
3083 679 3239 735 facile
3299 696 3400 750 pro

1843 764 2000 819 nobis
2038 764 2212 835 accipi
2256 775 2440 835 posset
2473 768 2703 836 pretium
2746 768 2799 820 iu
2844 773 3259 837 permutatione,
3303 786 3402 824 na-

1843 861 1979 909 tura:
2002 862 2204 910 nostra:
2245 858 2616 927 integumento
2649 860 2820 913 celata
2874 858 2975 912 fuit
3015 859 3307 927 divinitas;
3341 871 3400 914 ut

1841 946 2015 999 instar
2042 947 2270 1016 piscium
2311 950 2623 1016 gulosorum
2664 965 2784 1002 cum
2835 966 2959 1004 esca
3010 952 3189 1005 carnis
3236 953 3399 1007 simul

1842 1036 2208 1091 attraheretur
2241 1038 2435 1095 hamus
2469 1040 2807 1105 divinitatis;
2835 1050 2889 1095 et
2920 1042 3001 1095 sic
3035 1042 3142 1094 vita
3165 1042 3231 1096 ad
3256 1058 3400 1097 mor-

1844 1135 1949 1181 tem
1987 1128 2319 1196 introducta,
2346 1141 2399 1185 et
2427 1132 2547 1187 luce
2577 1141 2871 1201 apparente
2902 1134 2955 1186 in
2986 1134 3247 1198 tenebris,
3279 1115 3400 1189 luce

1847 1225 1902 1272 et
1949 1220 2055 1272 vita
2090 1221 2363 1276 deleretur
2413 1223 2466 1276 id
2521 1223 2666 1293 quod
2711 1224 2791 1277 eis
2829 1226 3163 1279 contrarium
3206 1225 3401 1281 intelli-

1841 1314 2007 1380 gitur.
2035 1309 2218 1380 Neque
2240 1314 2383 1367 enim
2432 1329 2495 1369 ea
2538 1326 2621 1370 est
2668 1324 2864 1370 natura
2918 1317 3286 1384 tenebrarum,
3340 1326 3398 1372 ut

1844 1402 1963 1456 luce
2022 1413 2283 1473 praesente
2320 1414 2673 1475 permaneant
2703 1424 2715 1459 :
2750 1422 2926 1476 neque
2962 1410 3176 1471 mortis,
3235 1416 3294 1463 ut
3325 1411 3397 1464 sit

1842 1492 1950 1546 vita
1983 1503 2261 1563 operante.
2293 1496 2352 1548 In
2386 1511 2653 1549 summam
2692 1497 2875 1567 itaque
2907 1499 3119 1552 redacta
3155 1502 3398 1569 mysterii

1842 1586 2246 1654 consequentia,
2274 1586 2567 1656 perfectam
2601 1588 2866 1644 faciemus
2894 1589 3261 1645 defensionem
3294 1593 3395 1646 ad-

1842 1693 2030 1734 versus
2057 1693 2152 1734 eos
2192 1680 2285 1750 qui
2330 1687 2591 1733 accusant
2632 1680 2870 1734 divinam
2910 1682 3395 1751 dispensationem,

1846 1785 2037 1839 nempe
2068 1786 2302 1835 quanam
2349 1770 2415 1826 de
2453 1787 2616 1827 causa
2664 1771 2927 1828 Divinitas
2974 1773 3263 1827 humanam
3306 1789 3402 1844 per

171 1866 287 1918 σθαι
308 1882 323 1894 ο
345 1864 488 1917 ἀλλὰ
507 1866 617 1917 πᾶν
639 1863 837 1933 ὑψηλὸν
859 1864 952 1918 καὶ
974 1864 1193 1927 εὐσεϐὲς
1218 1863 1395 1933 νόημα
1422 1862 1503 1917 δεῖ
1526 1862 1741 1927 πάντως

1847 1875 1906 1914 se
1937 1876 2045 1915 non
2076 1861 2236 1915 ellicit
2265 1862 2515 1917 salutem.
2579 1861 2804 1932 Oportet
2849 1864 2992 1916 enim
3042 1865 3098 1917 in
3143 1864 3402 1919 omnibus

167 1956 255 2007 ἐπὶ
289 1954 430 2008 Θεοῦ
473 1955 861 2021 πιστεύεσθαι,
891 1956 994 2007 καὶ
1032 1954 1395 2025 συνηρτῆσθαι
1427 1954 1494 2007 δι’
1514 1955 1739 2008 ἀκολου-

169 2046 283 2109 θίας
313 2047 394 2116 τῷ
415 2048 594 2118 ἑτέρῳ
616 2047 676 2099 τὸ
696 2047 897 2117 ἕτερον.
936 2046 1209 2099 Δέδεικται
1234 2045 1411 2099 τοίνυν
1432 2046 1490 2100 τὸ
1518 2045 1739 2114 ἀγαθὸν,

169 2137 226 2191 τὸ
243 2138 428 2206 σοῖνὸν,
456 2138 521 2191 τὸ
540 2138 767 2201 δίκαιον,
795 2138 858 2190 τὸ
886 2137 1128 2201 δυνατὸν,
1156 2137 1217 2189 τὸ
1252 2137 1454 2208 φθορᾶς
1493 2138 1741 2191 ἀνεπίδε-

168 2245 311 2293 κτον,
337 2230 522 2281 πάντα
556 2227 634 2298 τῷ
661 2228 803 2297 λόγῳ
836 2227 936 2297 τῆς
959 2228 1080 2281 καθ’
1119 2229 1265 2299 ἡμᾶς
1292 2228 1599 2298 οἰκονομίας
1623 2229 1743 2281 ἐπι-

166 2320 516 2389 δεικνύμενα.
548 2321 615 2373 Ἠ
638 2319 910 2389 ἀγαθότης
937 2322 993 2373 ὲν
1018 2319 1094 2391 τῷ
1113 2318 1435 2392 προελέσθαι
1464 2319 1633 2374 σῶσαι
1653 2320 1744 2373 τὸν

168 2412 485 2464 ἀπολωλότα
514 2410 1006 2480 καταλαμὸάνεται.
1047 2411 1112 2463 Ἥ
1146 2410 1306 2480 σοφία
1343 2411 1439 2464 καὶ
1476 2411 1508 2481 ὴ
1538 2413 1742 2464 δικαιο-

168 2501 325 2572 σύνη,
357 2504 415 2553 ὲν
443 2500 524 2570 τῷ
546 2500 733 2570 τρόπῳ
757 2499 856 2569 τῆς
883 2499 1152 2567 σωτηρίας
1175 2498 1332 2569 ήμῶν
1358 2499 1641 2569 διεδείχθη.
1679 2500 1743 2552 Ἡ

168 2592 398 2663 δύναμις
442 2593 506 2644 ὲν
552 2590 630 2659 τῷ
681 2590 932 2660 γενέσθαι
985 2591 1081 2660 μὲν
1127 2590 1287 2644 αὐτὸν
1338 2593 1395 2643 ὲν
1443 2589 1743 2661 ὁμοιώματι

168 2684 457 2755 ἀνθρώπου
486 2683 583 2736 καὶ
614 2683 851 2753 σχήματι
880 2682 1019 2735 κατὰ
1046 2682 1107 2735 τὸ
1130 2681 1380 2735 ταπεινὸν
1408 2682 1504 2752 τῆς
1532 2681 1744 2750 φύσεως

170 2775 345 2844 ἡμῶν,
377 2775 476 2828 καὶ
496 2773 819 2843 ὲλπισθῆναι
846 2773 1099 2827 δύνασθαι
1128 2774 1289 2826 αὐτὸν
1312 2774 1429 2827 καθ’
1455 2774 1745 2845 ὁμοιότητα

166 2868 275 2919 τῶν
290 2864 600 2936 ἀνθρώπων
613 2864 692 2934 τῷ
708 2864 919 2935 θανάτῳ
935 2864 1351 2935 ὲγκρατηθῆναιο
1365 2865 1652 2935 γενόμενον
1666 2866 1743 2931 δὲ,

169 2958 229 3010 τὸ
256 2959 458 3011 οἰκεῖον
495 2954 673 3025 ἑαυτῷ
705 2954 845 3008 κατά
878 2954 1035 3023 φύσιν
1061 2953 1412 3025 ἐργάσασθαι.
1453 2957 1662 3011 Οίκείον
1689 2956 1746 3010 δὲ

172 3051 309 3118 φωτὶ
340 3048 437 3119 μὲν
467 3048 499 3101 ὁ
518 3046 823 3117 ἀφανισμὸς
846 3045 938 3099 τοῦ
970 3046 1210 3107 σκότους,
1242 3042 1353 3116 ζωῇ
1388 3045 1444 3099 δὲ
1471 3048 1504 3117 ἡ
1530 3046 1625 3101 τοῦ
1653 3047 1746 3102 θα-

168 3146 329 3193 vitae
369 3137 711 3208 καθαίρεσις.
772 3135 921 3189 Ἐπεί
954 3132 1045 3190 οὖν
1083 3137 1183 3207 τῆς
1219 3137 1432 3200 εὐθείας
1458 3137 1575 3191 ὁδοῦ
1616 3156 1746 3193 κατ-

1840 1966 1902 2005 ea
1924 1951 1992 2007 de
2016 1952 2121 2007 Deo
2144 1953 2337 2008 sentiri
2366 1961 2421 2007 et
2455 1954 2754 2009 existimari
2791 1970 2910 2023 quae
2958 1955 3125 2010 Deum
3160 1955 3401 2024 decent;

1838 2052 1893 2098 et
1929 2060 2037 2098 non
2069 2044 2170 2102 hoc
2189 2044 2407 2113 quidem
2445 2046 2657 2099 excelse
2686 2052 2741 2100 et
2789 2045 3088 2100 sublimiter
3123 2045 3191 2101 de
3224 2061 3289 2101 eo
3315 2047 3401 2099 in-

1841 2135 2033 2204 telligi,
2093 2135 2223 2189 illud
2256 2144 2434 2190 autem
2477 2136 2662 2205 repelli
2698 2137 2766 2190 ab
2793 2152 2855 2191 ea
2894 2153 3013 2207 qua:
3042 2137 3150 2192 Deo
3201 2153 3405 2192 conve-

1841 2225 1919 2278 nit
1949 2224 2246 2295 dignitate;
2288 2225 2382 2280 sed
2424 2240 2640 2281 omnem
2673 2228 2945 2282 excelsam
2985 2241 3048 2281 ac
3069 2227 3211 2297 piam
3240 2228 3401 2281 intel-

1840 2317 2113 2387 ligentiam
2153 2326 2366 2388 Oportet
2388 2319 2611 2373 omnino
2644 2319 2696 2374 in
2728 2318 2836 2375 Deo
2863 2318 3030 2381 credi,
3061 2326 3114 2373 et
3138 2334 3233 2388 per
3252 2336 3383 2373 cou-

1853 2410 2194 2478 sequentiam
2243 2424 2410 2463 unum
2452 2410 2686 2480 pendere
2730 2411 2798 2464 ab
2847 2411 3042 2463 altero.
3106 2409 3399 2464 Ostensum

1841 2514 1973 2570 ergo
2006 2508 2091 2555 est
2131 2501 2446 2565 bonitatem,
2490 2502 2833 2572 sapientiam,
2880 2500 3168 2569 justitiam,
3216 2509 3408 2571 poten-

1840 2591 1992 2653 tiam,
2021 2602 2075 2644 et
2105 2590 2560 2661 incorruptionem
2591 2593 2870 2646 evidenter
2903 2593 3196 2646 monstrari
3219 2593 3273 2645 in
3302 2609 3396 2647 ra-

1842 2680 1989 2734 tione
2005 2689 2206 2735 nostra:
2236 2682 2422 2736 carnis
2447 2698 2476 2735 a
2509 2681 2615 2738 Deo
2646 2690 2916 2752 suscepta:
2950 2683 3400 2753 dispensationis.

1842 2773 2065 2829 Bonitas
2092 2774 2146 2827 in
2178 2774 2281 2829 hoc
2308 2775 2808 2844 comprehenditur,
2858 2773 3002 2844 quod
3034 2776 3264 2829 voluerit
3287 2792 3403 2830 ser-

1843 2877 1974 2918 vare
2023 2879 2146 2918 eum
2190 2864 2279 2932 qui
2332 2864 2586 2933 perierat.
2651 2864 2708 2918 In
2747 2864 2908 2917 modo
2962 2864 3153 2919 salutis
3202 2872 3410 2919 nostra?

1842 2963 2059 3011 ostensa
2087 2965 2170 3010 est
2191 2956 2435 3026 sapienta
2464 2956 2770 3024 etjustitia.
2824 2954 3067 3010 Potentia
3119 2963 3299 3009 autem
3342 2957 3401 3010 iit

1843 3046 2094 3116 eo,quod
2124 3048 2239 3116 ipse
2263 3046 2479 3117 quidem
2529 3046 2704 3103 factus
2733 3048 2804 3103 sit
2847 3048 2900 3101 in
2947 3047 3304 3102 similitudine
3340 3058 3401 3103 et

1852 3137 2022 3208 figura
2064 3138 2323 3205 hominis,
2378 3141 2765 3194 convenienter
2814 3147 3020 3193 natura;
3060 3148 3262 3194 nostra).
3298 3138 3403 3191 hu-

167 3229 489 3300 ενεχθέντες
527 3199 591 3281 τὸ
651 3228 772 3281 κατ’
812 3228 984 3299 ἀρχὰς
1025 3199 1315 3297 τῆς-ζωῆς
1345 3227 1739 3300 ὲξετράπημεν,

1850 3199 2092 3294 militati;
2146 3237 2200 3282 et
2230 3243 2352 3297 spes
2382 3227 2544 3282 fuerit
2584 3229 2759 3297 ipsum
2793 3228 2857 3282 ad
2886 3228 3164 3283 hominum
3217 3228 3404 3283 simili-

169 3322 263 3373 καὶ
290 3320 370 3391 τῷ
398 3318 619 3387 θανάτῳ
653 3316 1019 3388 ὲγκατηνέχθη
1029 3333 1145 3388 μεν·
1190 3317 1243 3370 τί
1287 3315 1382 3371 τοῦ
1409 3319 1618 3384 εἰκότος
1642 3320 1746 3388 ἔξω

1846 3320 2082 3375 tudinem
2118 3328 2292 3374 morte
2318 3334 2476 3387 posse
2512 3321 2704 3374 teneri.
2734 3320 2866 3374 Cum
2890 3328 3068 3375 autem
3107 3320 3282 3375 factus
3298 3336 3391 3376 es-

170 3412 323 3480 παρὰ
373 3410 473 3464 τοῦ
516 3408 815 3480 μυστηρίου
863 3407 1223 3479 μανθάνομεν,
1263 3409 1313 3461 εἰ
1354 3410 1388 3479 ἡ
1442 3408 1746 3482 καθαρότης

1846 3421 1945 3475 set,
2000 3410 2054 3464 id
2086 3409 2273 3465 fecerit
2304 3411 2447 3480 quod
2478 3419 2595 3465 erat
2624 3411 2729 3466 sibi
2776 3411 3051 3481 proprium
3104 3427 3169 3466 ac
3211 3427 3407 3467 convo-

170 3504 275 3555 τῶν
307 3502 373 3566 ἐξ
400 3500 681 3571 ἁμαρτίας
706 3499 1068 3570 μολυνθέντων
1094 3499 1391 3568 ἐφάπτεται
1412 3542 1426 3564 ,
1459 3502 1552 3555 καὶ
1581 3504 1613 3572 ἡ
1636 3502 1746 3574 ζωὴ

1846 3499 2000 3553 niens
2031 3498 2334 3553 secundum
2378 3507 2650 3553 naturam.
2695 3498 2789 3554 Est
2822 3508 3004 3554 autem
3038 3500 3144 3554 luci
3181 3501 3400 3571 quidem

168 3593 273 3646 τῶν
322 3592 694 3663 τεθνηκότων,
738 3591 832 3644 καί⁵
863 3592 897 3661 ἡ
928 3590 1122 3660 όδηγία
1159 3590 1267 3643 τῶν
1300 3592 1746 3664 πεπλανημένων,

1847 3591 2126 3661 proprium
2159 3606 2222 3644 ac
2252 3591 2604 3657 conveniens,
2658 3598 2718 3644 ut
2744 3589 2922 3646 deleat
2958 3592 3232 3655 tenebras,
3280 3592 3407 3647 vitae

173 3686 243 3749 ὡς
271 3685 344 3740 ἂν
376 3687 405 3739 ὃ
428 3701 493 3736 τε
528 3683 803 3754 μολυσμὸς
829 3682 1123 3755 καθαρθείη
1143 3724 1157 3747 ,
1188 3684 1281 3737 καὶ
1319 3685 1353 3755 ἡ
1385 3684 1558 3754 πλάνη
1588 3686 1746 3758 θερα-

1848 3694 2049 3751 autem,
2086 3691 2144 3737 ut
2175 3691 2404 3739 mortem
2434 3683 2642 3754 perdat.
2683 3681 2820 3749 Quia
2856 3698 2987 3754 ergo
3030 3683 3345 3738 aberrantes
3373 3697 3407 3736 a

176 3773 423 3843 πευθείη,
460 3773 557 3826 καὶ
587 3773 666 3835 εἰς
703 3770 799 3843 τὴν
827 3768 970 3841 ζωὴν
999 3770 1060 3825 τὸ
1085 3772 1341 3844 τεθνηκὸς
1373 3774 1674 3842 ἐπανέλθοι;

1856 3784 2004 3831 recta
2035 3775 2120 3830 via
2155 3776 2223 3830 ab
2254 3776 2410 3830 initio
2444 3790 2474 3828 a
2505 3775 2613 3829 vita
2648 3774 2849 3839 aversi,
2874 3783 2929 3830 et
2954 3775 3020 3829 ad
3049 3786 3275 3829 mortem
3306 3774 3406 3828 de-

177 3866 268 3921 lati
297 3879 529 3931 sumus,
557 3863 690 3933 quid
717 3879 746 3918 a
773 3864 1032 3935 mysterio
1061 3863 1327 3921 discimus
1359 3866 1501 3936 quod
1541 3868 1612 3923 sit
1642 3875 1909 3923 remotum
1946 3883 1976 3922 a
2000 3868 2392 3938 probabilitate,
2422 3876 2605 3924 etnon
2638 3878 3084 3933 consentaneum,
3123 3867 3168 3922 si
3199 3867 3407 3938 paritas

174 3974 265 4016 eos
292 3962 501 4031 tangit,
536 3960 631 4030 qui
661 3974 691 4013 a
722 3958 959 4030 peccatis
996 3966 1123 4014 sunt
1155 3959 1422 4031 inquinati
1449 3980 1464 4029 ;
1502 3970 1555 4019 et
1584 3962 1693 4017 vita
1737 3976 2002 4025 mortuos.
2033 3971 2087 4019 et
2122 3964 2207 4016 via
2239 3979 2333 4019 eos
2369 3964 2461 4033 qui
2500 3964 2908 4028 aberraveruut,
2939 3974 2998 4017 ut
3028 3972 3083 4017 et
3110 3968 3410 4035 purgentur

174 4054 390 4113 sordes,
426 4063 484 4107 et
511 4053 581 4107 ab
616 4066 800 4107 errore
834 4058 1110 4115 cessetur,
1154 4058 1208 4107 et
1234 4052 1379 4108 quod
1416 4062 1534 4109 erat
1557 4062 1830 4109 mortuum
1854 4054 1921 4109 ad
1955 4054 2120 4107 vitam
2155 4053 2495 4108 revertatur?

766 4140 1015 4195 ΚΕΦΔΛ.
1052 4142 1182 4198 KE'.

2407 4140 2634 4197 CAPUT
2671 4140 2836 4196 XXV.

245 4235 325 4288 Τὸ
348 4234 407 4287 δὲ
426 4235 487 4287 ὲν
506 4235 573 4304 τῇ
601 4232 758 4303 φύσει
785 4233 939 4305 ἡμῶν
965 4233 1214 4303 γενέσθαι
1240 4233 1338 4305 τὴν
1358 4233 1614 4306 Θεότητα,
1643 4238 1746 4301 τοῖς

1921 4233 2077 4302 Quod
2103 4244 2281 4287 autem
2308 4234 2362 4288 in
2388 4242 2577 4291 nostra
2598 4234 2872 4289 exstiterit
2901 4240 3093 4287 natura
3118 4230 3403 4297 Divinitas,

179 4328 255 4399 μὴ
286 4328 413 4379 λίαν
462 4324 817 4398 μικροψύχοις
847 4324 1165 4380 κατανοοῦσι
1188 4324 1258 4379 τὰ
1283 4326 1434 4388 ὅντα,
1470 4327 1658 4380 οὐδένα
1686 4326 1746 4381 ἂν

1851 4325 1920 4380 iis
1949 4326 2043 4396 qui
2069 4341 2180 4379 non
2208 4325 2409 4394 pusillo
2441 4336 2494 4380 et
2546 4324 2762 4393 abjecto
2795 4326 2975 4379 animo
3016 4341 3079 4378 ea
3114 4340 3235 4394 qum
3278 4333 3408 4379 sunt

175 4422 245 4471 ὲκ
284 4418 384 4472 τοῦ
427 4417 652 4485 εὐλόγου
698 4415 945 4486 ξενισμὸν
993 4416 1280 4485 ἐπαγάγοι.
1334 4416 1428 4479 Τίς
1465 4417 1572 4488 γὰρ
1612 4414 1746 4471 οὕτω

1852 4417 2225 4479 considerant,
2262 4414 2315 4469 id
2340 4430 2687 4485 nequaquam
2720 4415 2871 4469 dictu
2902 4430 3102 4469 novum
3133 4415 3409 4470 videbitur

175 4512 376 4580 νήπιος
406 4508 509 4579 τὴν
538 4508 731 4578 ψυχὴν,
766 4507 842 4571 ὡς
873 4510 952 4570 εἰς
982 4508 1042 4562 τὸ
1085 4509 1192 4562 πᾶν
1222 4508 1542 4563 ἀποϐλέπων
1579 4507 1651 4578 μὴ
1695 4508 1746 4561 ὲν

1851 4516 1905 4562 et
1948 4507 2209 4562 alienum.
2246 4507 2383 4574 Quis
2423 4516 2507 4563 est
2549 4508 2694 4562 enim
2728 4506 2866 4561 adeo
2898 4508 3092 4577 puerili
3135 4508 3317 4562 animo
3353 4514 3410 4561 et

180 4602 350 4656 παντὶ
399 4600 676 4655 πιστεύειν
724 4594 863 4653 εἶναι
888 4599 951 4652 τὸ
980 4600 1153 4663 Θεῖον,
1188 4601 1281 4654 καὶ
1313 4598 1493 4654 ὲνδύον
1532 4599 1631 4669 μὲν
1658 4599 1746 4653 καί

1853 4598 2093 4670 ingenio.
2122 4607 2184 4654 ut
2211 4600 2279 4655 ad
2320 4600 2729 4655 universitatem
2763 4600 3056 4668 aspiciens,
3099 4599 3155 4653 in
3182 4600 3411 4654 univer-

178 4696 437 4767 περιέχον
484 4694 579 4748 καὶ
606 4693 1003 4763 ὲγκαθήμενον;
1032 4691 1140 4745 Τοῦ
1182 4692 1289 4764 γὰρ
1325 4692 1474 4755 ὄντος
1524 4692 1753 4762 ἐξῆπται

177 4789 245 4839 τά
275 4787 481 4848 πάντα,
508 4785 600 4835 καὶ
626 4783 726 4835 οὐκ
755 4782 958 4835 ἔνεστιν
983 4778 1121 4836 εἷναί
1150 4800 1227 4847 τι,
1263 4782 1335 4853 μὴ
1364 4783 1421 4837 ἐν
1448 4782 1524 4853 τῷ
1546 4782 1657 4835 δντι
1691 4782 1754 4836 τὸ

179 4874 321 4930 εἶναι
352 4875 499 4946 ἔχον.
538 4875 603 4926 Εἰ
633 4868 725 4927 οὖν
753 4876 810 4927 ἐν
849 4873 996 4943 αὐτῷ
1029 4873 1097 4926 τά
1130 4874 1327 4938 πάντα,
1361 4876 1454 4928 καὶ
1495 4875 1553 4927 ἐν
1589 4876 1753 4928 πᾶσιν

177 4972 379 5022 ἐκεῖνο·
404 4966 458 5019 τί
488 4966 899 5035 ἐπαισχύνονται
931 4968 988 5018 ὲν
1016 4968 1082 5037 τῇ
1116 4962 1389 5037 οἰκονομίᾳ
1420 4966 1511 5019 τοῦ
1548 4983 1754 5037 μυστη-

178 5061 300 5129 ρίου
325 5058 421 5111 τὸν
451 5056 585 5111 Θεὸν
610 5057 668 5110 ὲν
694 5054 998 5125 ἀνθρώποις
1034 5055 1358 5125 γεγενῆσθαι
1399 5056 1751 5119 διδάσκοντος,

178 5152 269 5205 τὸν
298 5149 428 5203 οὐδὲ
469 5147 565 5202 νῦν
603 5148 708 5212 ἔξω
753 5147 853 5201 τῶν
884 5145 1181 5217 ἀνθρώπων
1214 5142 1348 5201 εἶναι
1396 5147 1756 5217 πεπιστευμέ·

178 5260 296 5306 νον;
355 5240 422 5293 Εἰ
455 5238 564 5310 γάρ
614 5237 709 5290 καὶ
751 5239 781 5290 ὁ
823 5237 1020 5307 τρόπος
1065 5236 1164 5307 τῆς
1207 5238 1263 5289 ἐν
1305 5239 1433 5307 ἡμῖν
1477 5237 1568 5290 τοῦ
1618 5236 1755 5291 Θεοῦ

183 5331 513 5402 παρουσίας,
545 5329 647 5380 οὐκ
678 5327 839 5391 αὐτὸς
864 5321 1015 5390 οὗτος
1046 5327 1237 5394 ἐκείνῳ
1257 5344 1271 5357 ο
1310 5327 1421 5380 ἁλλ’
1465 5323 1557 5381 οὖν
1592 5328 1654 5382 τὸ
1699 5330 1755 5381 ὲν

180 5426 310 5492 ἡμῖν
336 5419 501 5483 εἶναι,
531 5419 627 5472 καὶ
652 5417 748 5471 νῦν
774 5418 868 5470 καὶ
894 5418 1012 5471 τότε
1043 5418 1185 5471 κατὰ
1209 5418 1270 5471 τὸ
1296 5413 1412 5472 ἴσον
1433 5418 1757 5490 διωμολόγη-

178 5532 289 5567 ται.
328 5513 445 5568 Νῦν
488 5513 587 5582 μὲν
620 5506 715 5564 οὗν
744 5510 1073 5581 ἐγκέκραται
1097 5512 1229 5581 ἡμῖν
1259 5511 1288 5563 ὁ
1333 5512 1565 5585 συνέχων
1596 5512 1653 5564 ὲν
1679 5512 1755 5583 τῷ

182 5605 318 5662 εἶναι
340 5608 441 5664 τὴν
470 5606 660 5675 φύσιν
688 5603 810 5657 τότε
830 5602 885 5656 δὲ
905 5603 1206 5675 κατεμίχθη
1226 5602 1365 5674 πρὸς
1385 5602 1445 5655 τὸ
1470 5604 1754 5674 ἡμέτερον,

184 5702 266 5753 ἶνα
284 5702 354 5770 τῇ
374 5698 508 5770 πρὸς
527 5696 591 5751 τὸ
612 5696 767 5749 Θεῖον
794 5693 1042 5764 ἐπιμιξίᾳ
1057 5694 1270 5764 γίνηται
1301 5694 1461 5757 θεῖον,
1485 5692 1756 5765 ἐξαιρεθὲν

183 5792 272 5844 τοῦ
293 5791 549 5852 θανάτου,
569 5788 667 5842 καὶ
694 5786 794 5858 τῆς
816 5785 907 5839 τοῦ
930 5786 1301 5856 ἀντικειμένου
1323 5785 1629 5858 τυραννῗδος
1648 5781 1755 5855 ἔξω

1852 4692 2016 4748 sitate
2047 4709 2154 4748 non
2191 4693 2379 4749 credat
2424 4708 2548 4749 esse
2579 4691 2770 4755 Deum,
2823 4708 2941 4748 eam
2989 4693 3307 4748 induentem
3357 4703 3413 4747 et

1852 4783 2247 4847 continentem,
2276 4792 2331 4838 et
2356 4784 2407 4837 ei
2437 4767 2821 4838 insidentem?
2852 4782 2933 4836 Ab
2974 4797 3040 4837 eo
3076 4782 3223 4836 enim
3253 4780 3404 4851 quod

1852 4881 1963 4937 est,
1998 4873 2234 4942 pendent
2263 4874 2473 4939 omnia,
2502 4888 2603 4929 nec
2634 4874 2748 4930 fieri
2774 4880 2952 4944 potest
2982 4880 3042 4926 ut
3073 4873 3144 4927 sit
3174 4872 3408 4943 aliquid,

1852 4964 1999 5034 quod
2044 4964 2098 5018 in
2133 4978 2199 5019 eo
2248 4964 2394 5034 quod
2434 4971 2541 5029 est,
2592 4982 2701 5021 non
2744 4965 2943 5020 habeat
2978 4964 3300 5020 essentiam.
3351 4961 3410 5016 Si

1853 5067 1984 5123 ergo
2018 5053 2073 5106 in
2122 5068 2188 5108 eo
2234 5064 2359 5109 sunt
2410 5055 2615 5119 omnia,
2670 5062 2723 5109 et
2766 5053 2901 5110 illud
2948 5062 3033 5110 est
3062 5057 3115 5109 in
3157 5053 3412 5107 omnibus

1854 5160 1954 5200 cur
1985 5160 2081 5200 eos
2131 5145 2296 5216 pudet
2344 5145 2492 5217 quod
2525 5146 2845 5217 mysterium
2892 5146 2948 5199 in
3000 5143 3411 5214 dispensatione

1853 5238 2046 5294 doceat
2078 5239 2245 5294 Deum
2267 5240 2545 5295 exstitisse
2580 5240 2721 5295 inter
2742 5240 3014 5303 homines,
3041 5240 3130 5312 qui
3156 5253 3226 5293 ne
3262 5254 3411 5292 nunc

1856 5332 2076 5403 quidem
2130 5333 2372 5387 creditur
2409 5347 2530 5387 esse
2579 5339 2735 5387 extra
2780 5331 3090 5386 hominem?
3131 5328 3264 5383 Nam
3304 5329 3411 5384 etsi

1855 5423 2053 5479 modus
2082 5422 2174 5478 Dei
2207 5423 2350 5478 inter
2372 5438 2475 5479 nos
2513 5423 2833 5492 praesentiae,
2864 5437 2972 5476 non
3006 5428 3091 5476 est
3133 5420 3221 5474 hic
3266 5419 3410 5475 idem

1855 5516 1948 5585 qui
1979 5514 2105 5581 ille;
2132 5520 2372 5569 attamen
2396 5512 2543 5584 quod
2570 5515 2643 5569 sit
2674 5514 2727 5569 in
2755 5512 2913 5568 nobis
2934 5529 3001 5567 ex
3030 5526 3207 5582 aequo,
3237 5525 3410 5574 nunc,

1856 5613 1908 5660 et
1938 5614 2067 5661 tunc
2112 5606 2271 5675 plane
2306 5613 2539 5662 constat.
2582 5609 2760 5675 Atque
2790 5618 2938 5659 nunc
2980 5603 3199 5674 quidem
3246 5602 3411 5658 estin

1857 5696 2017 5751 nobis
2065 5704 2526 5766 contemperatus,
2567 5695 2660 5765 qui
2734 5704 2985 5750 naturam
3047 5697 3289 5750 continet
3352 5691 3413 5763 in

1858 5788 2138 5855 essentia;
2181 5796 2310 5841 tunc
2338 5796 2515 5843 autem
2556 5802 2679 5843 eum
2712 5794 2899 5844 nostra
2935 5795 3131 5842 natura
3171 5786 3412 5841 immista
