3978 6486
581 350 650 409 67
1830 357 1886 411 S'.
1927 357 2248 414 GREGORII
2277 360 2565 415 NYSSENI
3726 365 3791 419 63

583 469 686 525 fuit
716 468 1012 536 Divinitas;
1044 478 1096 524 et
1141 472 1192 525 in
1233 485 1293 533 ea
1330 479 1524 525 nostra
1565 482 1769 526 natura:
1801 489 1923 528 cum
1955 475 2136 527 divina

2242 477 2542 547 γενόμενον.
2584 479 2648 529 'H
2696 478 2801 547 γάρ
2833 478 3039 529 ἐκείνου
3083 477 3190 529 ἀπὸ
3218 476 3308 529 τοῦ
3351 476 3577 529 θανάτου
3627 477 3792 528 ἐπάν-

582 563 978 625 commistione,
1029 573 1214 617 nostra
1258 565 1447 619 ell‘ecta
1494 572 1579 617 est
1624 563 1827 626 divina,
1869 572 1926 616 ut
1956 579 2074 633 quae
2104 579 2135 617 a

584 664 761 710 morte
790 657 862 710 sit
891 665 1160 725 exempta,
1195 666 1249 710 et
1294 658 1361 710 ab
1392 656 1688 710 adversarii
1734 666 1916 726 erepta
1952 666 2139 728 tyran-

2241 568 2377 632 οδος,
2400 568 2538 639 ἁρχὴ
2563 568 2639 639 τῷ
2668 569 2843 639 θνητῷ
2858 571 3003 638 γένει
3024 570 3122 640 τῆς
3148 572 3225 631 είς
3246 569 3343 639 τὴν
3367 569 3625 623 ἀθάνατον
3653 568 3793 636 ζωὴν

2243 659 2497 712 ἐπανόδου
2530 660 2792 728 γίγνεται.

584 751 728 805 nide.
772 751 921 806 Illius
963 753 1109 806 enim
1151 767 1181 804 a
1224 760 1399 806 morte
1441 752 1700 815 reversio,
1751 752 1955 806 exstitit
1998 753 2209 805 mortali
2260 756 2441 823 generi
2496 758 2819 827 principium
2872 755 3198 810 reversionis
3246 754 3313 808 ad
3364 753 3529 807 vitam
3575 752 3797 803 immor-

585 840 764 892 talem.

1120 935 1344 990 CAPUT
1388 934 1573 989 XXVI.

660 1026 766 1079 Sed
805 1027 859 1080 in
907 1027 1263 1080 examinanda
1316 1026 1453 1080 forte
1487 1026 1703 1094 justitia
1750 1035 1802 1079 et
1854 1024 2135 1093 sapientia,

583 1106 705 1189 qua:
737 1121 1114 1174 consideratur
1166 1121 1217 1172 in
1253 1119 1353 1171 hac
1383 1119 1805 1187 dispensatione,
1857 1117 2140 1170 adducitur

586 1212 820 1265 fortasse
851 1211 1140 1279 quispiam,
1192 1217 1249 1261 ut
1284 1209 1555 1263 existimet
1587 1207 1775 1261 fraude
1819 1207 1957 1260 hanc
2001 1207 2139 1258 viain

584 1312 637 1357 ct
675 1308 937 1357 rationem
983 1319 1011 1354 a
1052 1303 1157 1356 Deo
1199 1317 1297 1370 pro
1338 1302 1496 1355 nobis
1539 1299 1707 1353 fuisse
1752 1300 2134 1368 excogitatam.

589 1393 743 1457 Quod
791 1394 937 1447 enim
972 1408 1073 1445 non
1112 1393 1255 1445 nuda
1287 1392 1595 1452 Divinitate,
1630 1389 1721 1443 sed
1753 1398 1891 1443 tecta
1926 1389 1993 1441 ali
2040 1389 2140 1440 hu-

591 1499 752 1538 mana
788 1493 1006 1545 natura,
1034 1481 1177 1537 Deus
1203 1484 1271 1535 ab
1309 1482 1530 1535 inimico
1571 1482 1871 1549 ignoratus,
1924 1480 1977 1533 in
2012 1492 2138 1532 eum

583 1580 675 1648 qui
724 1578 1059 1632 dominatum
1114 1578 1423 1638 obtinebat,
1486 1593 1544 1632 se
1595 1577 1991 1640 insinuaverit;
2056 1582 2141 1629 est

583 1670 984 1739 quodammodo
1011 1669 1168 1723 dolus
1197 1669 1415 1737 quidam
1445 1677 1497 1721 et
1522 1654 1982 1736 circumscriptio,
2008 1680 2132 1719 cum

2797 934 3044 987 ΚΕΦΑΛ.
3084 934 3227 999 Kq'.

2327 1026 2460 1077 Ἀλλ’
2494 1026 2621 1089 ἴσως
2647 1042 2727 1087 τις
2761 1027 2816 1076 ἐν
2842 1028 2906 1095 τῇ
2936 1027 3034 1095 τῆς
3063 1022 3402 1092 δικαιοσύνης
3430 1022 3668 1088 ἐξετάσει
3706 1021 3799 1074 καὶ

2245 1119 2432 1186 σοφίας
2464 1117 2563 1187 τῆς
2594 1115 2734 1170 κατά
2777 1115 2873 1186 τὴν
2911 1115 3216 1183 οἰκονομίαν
3260 1113 3457 1184 ταύτην
3491 1113 3799 1183 θεωρουμέ-

2246 1226 2361 1277 νης,
2398 1210 2646 1276 ἐνάγεται
2673 1206 2809 1278 πρὸς
2836 1206 2895 1257 τὸ
2922 1205 3135 1274 νομίσαι
3162 1205 3375 1275 ἀπάτην
3401 1203 3521 1256 τινά
3550 1204 3799 1273 τοιαύτην

2247 1302 2462 1373 μέθοδον
2501 1299 2871 1367 ἐπινενοῆσθαι
2916 1299 3054 1369 ὑπὲρ
3097 1298 3249 1367 ἡμῶν
3295 1298 3370 1367 τῷ
3405 1297 3543 1368 Θεῷ.
3589 1298 3662 1350 Τὸ
3690 1298 3801 1369 γὰρ

2242 1395 2303 1446 ού
2338 1396 2513 1463 γυμνῇ
2555 1395 2619 1462 τῇ
2644 1391 2853 1461 θεότητι
2873 1431 2887 1452 ,
2923 1391 3035 1443 ἀλλ’
3072 1390 3174 1442 ὑπὸ
3202 1391 3299 1461 τῆς
3324 1389 3666 1461 ἀνθρωπίνης
3696 1390 3801 1458 φύ-

2245 1503 2380 1548 σεως
2400 1484 2807 1555 κεκαλυμμένη.
2826 1483 3156 1552 ἀγνοηθέντα
3180 1482 3322 1553 παρά
3342 1482 3434 1534 τοῦ
3463 1482 3685 1553 Ἐχθροῦ
3710 1483 3802 1535 τὸν

2243 1577 2394 1637 Θεὸν,
2418 1576 2565 1637 ἐντὸς
2597 1575 2689 1627 τοῦ
2722 1574 3041 1644 κρατοῦντος
3064 1572 3334 1642 γενέσθαι,
3362 1574 3540 1643 ἀπάτη
3571 1572 3652 1637 τίς
3685 1576 3804 1626 ἐστι

2242 1668 2439 1738 τρόπον
2478 1667 2597 1719 τινὰ
2634 1667 2726 1719 καὶ
2775 1665 3199 1736 παραλογισμός,
3249 1665 3476 1734 ἐπείπερ
3523 1664 3649 1717 ῐδιον
3692 1665 3803 1718 τῶν

587 1764 661 1817 sit
696 1762 973 1832 proprium
1006 1775 1193 1814 eorum
1228 1761 1319 1829 qui
1355 1760 1653 1829 decipiunt,
1708 1760 1773 1813 ad
1820 1759 1965 1812 aliud
2006 1772 2133 1811 con-

2242 1765 2569 1821 ἀπατώντων
2605 1764 2755 1826 ἐστὶ,
2807 1764 2867 1815 τὸ
2909 1763 3043 1834 πρὸς
3080 1762 3263 1832 ἕτερον
3302 1760 3397 1823 τὰς
3437 1760 3542 1813 τῶν
3582 1760 3803 1813 ἐπιδου-

585 1865 797 1908 vertere
836 1869 983 1923 spem
1010 1868 1220 1915 eorum,
1247 1852 1447 1921 quibus
1488 1859 1774 1905 struuntur
1819 1850 2051 1911 insidiae,
2084 1856 2138 1901 et

592 1947 737 1999 aliud
773 1946 982 1999 ellicere
1013 1958 1174 2013 quam
1210 1943 1351 2012 quod
1406 1942 1506 1995 fuit
1547 1950 1845 2012 speratum.
1901 1940 2004 1993 Sed
2044 1938 2136 2007 qui

593 2036 793 2106 aspicit
848 2035 917 2088 ad
980 2035 1299 2096 veritatem,
1361 2033 1461 2086 hoc
1533 2048 1750 2102 quoque
1810 2031 2140 2085 assentietur

584 2127 826 2180 omnium
884 2125 1115 2179 maxime
1157 2140 1278 2178 esse
1324 2122 1550 2191 justitia:
1589 2129 1644 2175 et
1678 2121 1971 2191 sapientiae.
2005 2117 2137 2171 Nam

586 2218 722 2286 justi
756 2217 972 2285 quidem
1022 2224 1105 2270 est
1151 2230 1247 2284 pro
1282 2214 1488 2267 meritis
1537 2212 1831 2280 unicuique
1878 2212 2135 2264 tribuere.

589 2307 863 2377 Sapientis
920 2314 1098 2361 autem
1160 2321 1332 2374 neque
1375 2305 1582 2372 justum
1643 2313 1913 2365 avertere,
1968 2314 2141 2369 neque

585 2397 788 2450 bonum
841 2395 1194 2463 benignitatis
1260 2409 1485 2463 scopum
1542 2406 1796 2460 separare
1855 2405 1886 2443 a
1934 2390 2141 2460 judicio

585 2488 732 2558 quod
762 2488 819 2541 ﬁt
847 2504 911 2542 ex
940 2487 1173 2556 justitia,
1222 2486 1315 2541 sed
1356 2494 1477 2554 apte
1500 2495 1552 2538 et
1597 2491 1963 2553 congruenter
1994 2491 2138 2535 utra-

582 2596 689 2650 que
716 2579 855 2634 inter
875 2594 933 2634 se
957 2575 1545 2647 conjungere,justitia:
1572 2576 1789 2645 quidem
1817 2572 2131 2632 tribuendo,

583 2669 729 2738 quod
758 2668 920 2721 datur
950 2682 1049 2737 pro
1080 2666 1325 2731 meritis;
1360 2665 1584 2718 bonitati
1619 2672 1821 2725 autem,
1852 2664 1995 2733 quod
2029 2678 2138 2716 non

584 2760 875 2813 recedatur
907 2774 938 2814 a
971 2772 1137 2827 δεορο
1168 2758 1539 2827 benignitatis.
1588 2756 2010 2811 Consideremus
2038 2756 2141 2823 igi-

583 2860 674 2905 tur
705 2866 884 2905 annon
907 2851 1023 2904 haec
1046 2851 1205 2903 ambo
1228 2849 1642 2903 considerentur
1668 2848 1721 2900 in
1754 2849 1819 2902 iis
1847 2862 1969 2916 qua:
1998 2845 2140 2899 facta

582 2952 729 2999 sunt.
768 2943 900 2996 Nam
938 2957 1035 3013 par
1064 2942 1179 3011 pari
1212 2956 1309 3011 pro
1360 2940 1569 2994 meritis
1609 2938 1832 3002 referre,
1866 2954 1961 3007 per
1995 2938 2138 3006 quod

580 3037 826 3092 vicissim
846 3036 1115 3105 decipitur
1134 3034 1411 3102 deceptor,
1437 3032 1673 3086 ostendit
1687 3032 1975 3099 justitiam.
2012 3030 2140 3098 Ejus

2237 1860 2534 1929 λευομένων
2564 1857 2778 1918 ἐλπίδας
2810 1855 3049 1926 τρέπειν,
3092 1855 3185 1907 καὶ
3213 1853 3338 1907 ἀλλο
3367 1852 3515 1923 παρά
3557 1853 3616 1904 rb
3653 1853 3806 1904 ἐλπι-

2241 1948 2363 2000 σθὲν
2391 1944 2842 2016 κατεργάζεσθαι’
2878 1942 2988 1995 ἀλλ’
3029 1944 3056 1994 ὁ
3090 1940 3223 2011 πρὸς
3266 1940 3363 2010 τὴν
3391 1937 3643 2009 ἀλήθειαν
3680 1937 3806 2007 βλέ-

2240 2057 2375 2101 πων,
2422 2037 2635 2090 πάντων
2695 2035 2925 2105 μάλιστα
2969 2033 3063 2085 καὶ
3114 2031 3271 2084 τοῦτο
3323 2028 3423 2100 τῆς
3463 2027 3806 2097 δικαιοσύνης

2236 2149 2293 2185 τε
2319 2130 2412 2183 καὶ
2439 2128 2535 2197 τῆς
2571 2127 2758 2195 σοφίας
2791 2119 2928 2177 εἶναι
2958 2121 3292 2192 συνθήσεται.
3317 2121 3537 2173 Δικαίου
3565 2120 3663 2191 μὲν
3691 2120 3805 2188 γάρ

2238 2225 2373 2284 ἐστι,
2405 2220 2465 2273 rb
2496 2219 2613 2272 κατ’
2643 2217 2797 2281 ἀξίαν
2831 2214 3042 2284 ἑκάστῳ
3066 2212 3270 2281 νέμειν⁹
3304 2210 3466 2279 σοφοῦ
3495 2212 3550 2263 δέ
3577 2210 3636 2262 τὸ
3666 2211 3806 2280 μήτε

2237 2308 2609 2384 παρατρέπειν
2644 2307 2703 2360 τὸ
2731 2306 2958 2367 δίκαιον,
2993 2304 3128 2373 μήτε
3154 2303 3243 2355 τὸν
3266 2301 3469 2369 ἀγαθὸν
3495 2301 3588 2369 τῆς
3617 2299 3807 2367 φιλαν-

2238 2402 2481 2473 θρωπίας
2533 2398 2731 2451 σκοπὸν
2774 2394 3130 2466 ἀποχωρίζειν
3176 2394 3273 2463 τῆς
3320 2392 3456 2445 κατά
3495 2390 3554 2443 τὸ
3599 2390 3808 2442 δίκαιον

2238 2496 2499 2566 κρίσεως,
2532 2490 2665 2544 ἀλλά
2697 2488 2981 2541 συνάπτειν
3005 2486 3249 2556 ἀλλήλοις
3277 2482 3595 2553 εὐμηχάνως
3623 2481 3809 2550 ἁμιρό‹⁵

2236 2603 2388 2657 τερα,
2421 2589 2487 2655 τῇ
2520 2584 2616 2653 μὲν
2646 2579 2956 2652 δικαιοσύνῃ
2980 2618 2995 2640 ,
3025 2577 3084 2629 τὸ
3114 2578 3230 2630 κατ’
3268 2575 3422 2641 ἀξίαν
3451 2573 3806 2627 ἀντιδιδόνταο

2237 2678 2383 2748 τῇδὲ
2411 2676 2723 2745 ἁγαθότητι,
2766 2673 2859 2725 τοῦ
2903 2668 3102 2723 σκοποῦ
3146 2673 3243 2739 τῆς
3278 2664 3678 2736 φιλανθρωπίας
3704 2665 3812 2716 οὐκ

2238 2769 2608 2839 ἐξιστάμενον.
2642 2768 3008 2834 Σκοπήσωμεν
3036 2762 3207 2814 τοίνυν
3231 2764 3276 2813 εἰ
3315 2761 3388 2831 μὴ
3416 2760 3483 2811 τὰ
3512 2760 3603 2811 δύο
3632 2758 3811 2812 ταῦτα

2236 2863 2348 2921 τοῖς
2402 2856 2677 2926 γεγονόσιν
2730 2855 3089 2924 ἐνθεωρεῖται.
3142 2852 3205 2902 Ἡ
3256 2850 3353 2919 μὲν
3400 2849 3508 2919 γὰρ
3548 2847 3640 2900 τοῦ
3681 2848 3807 2901 κατ’

2238 2952 2390 3016 ἀξίαν
2419 2949 2681 3011 ἀντίδοσις
2706 2987 2719 3011 ,
2748 2946 2819 3000 ’δι’
2856 2943 2923 3018 ἧς
2951 2950 2978 3000 0
3012 2944 3260 2999 ἀπατεὼν
3306 2943 3709 3005 ἀνταπατᾶται,
3744 2942 3814 2993 τὺ

2238 3045 2439 3097 δίκαιον
2467 3041 2735 3094 δείκνυσιν
2760 3055 2771 3067 ’
2806 3042 2834 3092 0
2866 3040 2922 3092 δὲ
2950 3038 3145 3099 σκοπὸς
3176 3035 3267 3089 τοῦ
3291 3034 3626 3104 γιγνομένου,
3661 3050 3811 3104 pap-

582 3128 938 3197 autemquod
974 3125 1280 3195 titscopus,
1328 3135 1411 3178 est
1457 3122 1824 3177 testimonium
1875 3122 2138 3175 bonitatis

2242 3132 2395 3202 τυρία
2452 3130 2549 3200 τῆς
2607 3128 2698 3182 τοῦ
2760 3127 3101 3198 ἐνεργοῦντος
3153 3125 3485 3195 ἀγαθότητος
3536 3126 3809 3194 γίγνεται.

583 3222 705 3289 ejus
733 3222 825 3288 qui
867 3226 1143 3287 operatur.
1178 3216 1310 3269 Nam
1341 3215 1568 3283 justitia:
1605 3213 1823 3283 quidem
1879 3221 1963 3267 est
2015 3229 2140 3282 pro-

585 3314 764 3383 prium
808 3310 1102 3377 unicuique
1133 3308 1225 3361 illa
1276 3306 1535 3368 tribuere,
1570 3306 1727 3374 cujus
1776 3305 2042 3375 principia
2089 3313 2142 3359 et

583 3418 781 3458 causas
813 3401 964 3471 prius
993 3400 1242 3466 jecerat;
1274 3397 1546 3469 quomodo
1571 3405 1713 3450 terra
1752 3397 2141 3449 convenienter

585 3493 887 3549 seminibus
919 3506 1040 3560 qua:
1080 3490 1133 3542 in
1173 3505 1289 3543 eam
1320 3489 1464 3557 jacta
1511 3494 1659 3550 sunt,
1705 3486 1913 3539 fructus
1944 3486 2138 3539 reddit.

586 3586 888 3655 Sapientia:
914 3595 1094 3638 autem
1122 3591 1228 3643 est,
1263 3582 1315 3634 in
1348 3580 1507 3633 modo
1540 3579 1793 3634 reddendi
1847 3579 2043 3632 similia
2072 3578 2143 3631 ab

583 3680 651 3733 eo
674 3676 821 3747 quod
845 3686 931 3731 est
955 3674 1149 3729 melius
1183 3688 1290 3728 non
1329 3672 1625 3726 discedere.
1662 3669 1778 3735 Quo
1801 3670 1959 3723 modo
1996 3671 2140 3723 enim

585 3770 713 3824 cibo
767 3769 1120 3839 pharmacum
1160 3766 1412 3821 similiter
1450 3764 1736 3829 admiscet,
1780 3770 1836 3817 et
1871 3762 1961 3831 qui
2009 3762 2141 3816 insi-

584 3863 788 3923 diatur,
815 3867 868 3912 et
898 3859 989 3927 qui
1009 3857 1058 3911 ei
1085 3854 1331 3910 medetur
1353 3853 1446 3924 qui
1469 3853 1739 3923 appetitus
1762 3851 1863 3905 fuit
1890 3852 2135 3906 insidiis:

584 3954 678 4008 sed
727 3954 815 4007 ille
860 3948 1079 4022 quidem
1135 3962 1402 4002 venenum
1463 3948 1664 4015 praebet
1714 3945 2009 4011 letiferum,
2055 3944 2142 3998 hic

585 4055 764 4097 autem
822 4041 1012 4095 veneni
1062 4039 1263 4109 praebet
1322 4036 1816 4102 medicamentum,
1847 4044 1903 4090 et
1949 4034 2142 4089 modus

585 4134 886 4188 curationis
930 4133 1155 4186 minime
1209 4129 1514 4199 corrumpit
1554 4144 1779 4199 scopum
1827 4127 2143 4182 conferendi

586 4226 871 4290 beneﬁcii;
919 4239 1043 4279 nam
1095 4222 1201 4278 etsi
1250 4222 1319 4276 ab
1353 4222 1599 4291 utrisque
1642 4222 1696 4274 in
1746 4220 2003 4273 alimento
2052 4218 2145 4272 ﬁat

590 4318 772 4372 mistib
831 4317 1148 4387 pharmaci,
1210 4329 1433 4383 scopum
1489 4324 1670 4369 tamen
1729 4320 1783 4367 et
1832 4312 2142 4366 institutum

588 4410 933 4478 aspicientes,
990 4410 1133 4461 hunc
1164 4405 1379 4475 quidem
1421 4405 1730 4467 laudamus,
1763 4404 1913 4457 illum
1964 4416 2143 4458 autem

589 4501 807 4554 odimus
832 4507 886 4553 et
913 4512 1232 4551 aversantur
1263 4515 1276 4549 :
1302 4497 1372 4549 ita
1406 4497 1495 4550 hic
1524 4511 1762 4566 quoque,
1792 4496 2002 4550 ratione
2026 4497 2145 4565 qui—

590 4594 710 4645 dem
743 4590 972 4658 justitia:
1002 4590 1092 4643 illa
1124 4589 1320 4659 recipit
1350 4590 1628 4659 deceptor,
1664 4604 1895 4659 quorum
1937 4590 2146 4644 semina

591 4696 691 4734 suo
721 4681 890 4734 libero
917 4680 1123 4748 jecerat
1150 4680 1396 4734 arbitrio.
1430 4678 1564 4733 Nam
1606 4680 1720 4749 ipse
1749 4695 1967 4750 quoque
1997 4680 2148 4734 decic

589 4775 734 4843 pitur
784 4773 997 4841 objecta
1048 4772 1283 4827 hominis
1331 4774 1529 4842 specie,
1558 4775 1649 4842 qui
1697 4789 1823 4829 esca
1854 4774 2148 4843 voluptatis

588 4864 864 4919 hominem
892 4865 1044 4931 prius
1075 4864 1380 4933 deceperat.
1404 4862 1601 4918 Eorum
1632 4874 1811 4919 autem
1847 4882 1965 4934 qua:
1992 4866 2144 4927 liunt,

589 4972 789 5031 scopus
825 4966 877 5010 et
906 4957 1216 5011 institutum
1245 4957 1405 5011 habet
1428 4958 1785 5011 mutationem
1815 4957 1881 5011 ad
1913 4958 1963 5012 id
2000 4958 2146 5026 quod

589 5058 674 5105 est
704 5049 915 5103 melius.
966 5048 1100 5103 Nam
1146 5049 1235 5104 ille
1276 5049 1495 5118 quidem
1546 5048 1735 5104 fraude
1779 5065 1912 5104 usus
1965 5058 2048 5103 est
2081 5049 2148 5103 ad

590 5139 958 5211 perimendam
992 5148 1238 5193 naturain
1266 5158 1281 5208 ;
1316 5141 1405 5194 hic
1435 5148 1612 5195 autem
1652 5139 1833 5205 simul,
1863 5148 1916 5193 et
1943 5140 2146 5207 justus,

522 5282 528 5287 .
591 5243 645 5286 et
674 5232 869 5296 bonus,
901 5239 956 5285 et
1010 5231 1250 5300 sapiens,
1296 5232 1656 5301 excogitatam
1703 5230 1952 5285 adhibuit
1992 5230 2152 5285 dece-

592 5324 831 5393 ptionem
884 5323 949 5376 ad
1001 5324 1231 5377 salutem
1264 5322 1385 5391 ejus
1418 5324 1510 5393 qui
1564 5324 1834 5393 perierat,
1894 5339 1988 5393 per
2037 5324 2150 5377 hate

590 5413 855 5466 beneﬁcio
880 5412 1117 5467 alliciens
1151 5429 1258 5467 non
1293 5415 1468 5468 solum
1496 5431 1617 5468 eum
1645 5415 1737 5485 qui
1766 5416 2022 5484 perierat,
2054 5414 2148 5469 sed

591 5520 715 5559 eum
745 5519 959 5574 quoque
985 5506 1075 5575 qui
1105 5507 1260 5560 nobis
1292 5507 1549 5559 attulerat
1579 5508 1876 5561 interitum.
1921 5504 2053 5559 Nam
2084 5522 2150 5561 ex

593 5613 658 5652 eo
707 5600 851 5668 quod
892 5600 1015 5653 vita:
1063 5600 1278 5670 quidem
1332 5614 1479 5654 mors
1529 5600 2002 5669 appropinquavit,
2042 5600 2151 5652 luci

594 5702 775 5745 autem
836 5694 1105 5754 tenebrae,
1164 5692 1418 5747 interitus
1482 5700 1661 5746 autem
1721 5691 2151 5760 incorruptioni,

595 5785 806 5842 deletur
832 5784 1048 5856 quidem
1078 5784 1131 5839 id
1168 5784 1310 5854 quod
1340 5794 1424 5840 est
1449 5784 1710 5849 deterius,
1740 5795 1793 5839 et
1821 5784 1885 5839 ad
1912 5783 1965 5837 id
1996 5783 2139 5853 quod

2245 3223 2401 3275 Ἵδιον
2447 3222 2542 3293 μὲν
2584 3222 2692 3290 γάρ
2732 3220 2829 3289 τῆς
2872 3218 3231 3288 δικαιοσύνης,
3285 3217 3347 3270 τὸ
3395 3219 3574 3269 ἐκεῖνα
3622 3216 3815 3288 νέμειν

2241 3316 2475 3384 ἑκάστῳ,
2516 3308 2590 3366 ὧν
2628 3330 2710 3376 τις
2748 3313 2846 3374 τὰς
2874 3310 3047 3381 ἀρχὰς
3074 3310 3165 3362 καὶ
3210 3310 3307 3371 τὰς
3352 3310 3529 3372 αἰτίας
3567 3325 3815 3380 προκατ-

2242 3406 2491 3459 εὸάλετω
2516 3403 2703 3473 ὥσπερ
2731 3405 2763 3471 ἡ
2793 3401 2866 3470 γῆ
2896 3404 3035 3454 κατά
3063 3400 3130 3452 τὰ
3153 3400 3282 3470 γένη
3313 3401 3418 3453 τῶν
3443 3401 3814 3472 καταϐληθέν-

2240 3514 2344 3549 των
2369 3495 2712 3565 σπερμάτων,
2741 3494 2834 3546 καὶ
2864 3493 2988 3555 τοὺς
3012 3494 3253 3563 καρποὺς
3276 3492 3575 3545 ἀναδίδωσι.
3607 3493 3813 3559 Σοφίας

2241 3589 2383 3641 δὲτὸ
2426 3590 2484 3641 ἐν
2524 3585 2603 3655 τῷ
2639 3585 2825 3655 τρόπῳ
2858 3584 2955 3654 τῆς
2994 3584 3101 3636 τῶν
3142 3586 3339 3653 ὁμοίων
3378 3584 3692 3646 ἀντιδόσεως
3729 3585 3815 3654 μὴ

2242 3679 2490 3731 ἐκπεσεῖν
2537 3675 2631 3728 τοῦ
2680 3674 2966 3745 βελτίονος.
3018 3676 3226 3746 Ὥσπερ
3272 3675 3380 3743 γὰρ
3429 3674 3504 3743 τῷ
3552 3673 3816 3742 ἐδέσματι

2241 3770 2438 3840 ὁμοίως
2460 3769 2832 3838 παραμίγνυσι
2852 3767 2911 3819 rb
2932 3767 3240 3838 φάρμακον,
3264 3769 3353 3819 καὶ
3371 3769 3400 3819 0
3423 3765 3814 3831 ἐπιϐουλεύων,

2242 3846 2335 3917 καὶ
2362 3864 2390 3914 0
2418 3861 2506 3914 τὸν
2550 3859 2992 3914 ἐπιϐουλευθέντα
3025 3858 3270 3929 ἰώμενος·
3299 3859 3411 3912 ἀλλ’
3436 3861 3462 3911 0
3496 3860 3591 3928 μὲν
3620 3859 3679 3912 rb
3712 3860 3815 3927 δη-

2241 3956 2517 4028 λητήριον,
2555 3956 2585 4007 0
2630 3954 2685 4006 δὲ
2717 3952 2776 4005 rb
2823 3952 2916 4005 τοῦ
2964 3952 3288 4021 δηλητηρίου
3320 3951 3649 4022 ἀλεξιτήριον
3670 3968 3683 3982 ·
3714 3955 3817 4006 καὶ

2241 4046 2389 4099 ούδέν
2423 4047 2451 4098 0
2478 4044 2675 4115 τρόπος
2703 4042 2799 4112 τῆς
2826 4042 3135 4112 θεραπείας,
3169 4040 3260 4093 τὸν
3300 4041 3496 4093 σκοπὸν
3521 4041 3619 4109 τῆς
3651 4040 3821 4113 εὐερ-

2242 4134 2429 4202 γεσίας
2484 4131 2867 4202 διελυμήνατο·
2930 4132 2977 4182 εί
3028 4129 3135 4201 γὰρ
3172 4131 3265 4182 καὶ
3314 4131 3441 4201 παρ’
3488 4131 3818 4201 ἀμφοτέρων

2245 4223 2533 4293 φαρμάκου
2576 4222 2719 4290 μίξις
2758 4223 2815 4274 ἐν
2860 4223 3033 4292 τροφῇ
3064 4221 3341 4289 γίγνεται,
3376 4221 3507 4274 ἀλλὰ
3548 4221 3680 4289 πρὸς
3717 4222 3818 4274 τὸν

2247 4317 2444 4369 σκοπὸν
2487 4313 2907 4383 ἀποϐλέψαντες,
2944 4314 3034 4366 τὸν
3078 4313 3174 4382 μὲν
3222 4313 3564 4383 ἐπαινοῦμεν,
3618 4314 3707 4367 τὸν
3752 4313 3820 4366 δὲ

2180 4447 2221 4502 D
2246 4407 2639 4478 χαλεπαίνομεν
2660 4422 2674 4436 ·
2729 4404 2868 4458 οὕτω
2915 4406 3008 4457 καὶ
3047 4405 3299 4468 ἐνταῦθα,
3333 4408 3408 4477 τῷ
3457 4408 3554 4478 μὲν
3584 4410 3722 4462 κατά
3748 4426 3819 4463 το

2246 4500 2449 4553 δίκαιον
2472 4498 2635 4566 λόγῳ,
2671 4497 2852 4550 ἐκεῖνα
2884 4498 2911 4548 0
2936 4496 3188 4549 ἀπατεὼν
3213 4497 3613 4568 ἀντιλαμϐάνει,
3646 4494 3719 4552 ὧν
3742 4503 3821 4555 τὰ

2248 4588 2533 4658 σπέρματα
2577 4587 2663 4639 διά
2715 4587 2814 4657 τῆς
2860 4587 2994 4650 ίδίας
3042 4589 3412 4659 προαιρέσεως
3463 4590 3817 4648 κατεϐάλετο.

2261 4682 2552 4734 Ἀπατᾶται
2579 4682 2686 4751 γάρ
2724 4682 2815 4734 καὶ
2846 4681 3006 4744 αὐτὸς
3033 4679 3110 4751 τῷ
3135 4681 3225 4734 τοῦ
3253 4681 3538 4751 ἀνθρώπου
3572 4683 3817 4753 προϐλή-

2251 4791 2399 4844 ματι,
2443 4775 2471 4826 0
2504 4774 2894 4844 προαπατήσας
2934 4773 3025 4825 τὸν
3068 4773 3349 4843 ἄνθρωπον
3393 4772 3469 4843 τῷ
3494 4773 3592 4841 τῆς
3622 4773 3821 4843 ἡδονῆς

2246 4867 2586 4936 δελεάσμίατι.
2607 4866 2663 4918 '0
2685 4865 2741 4917 δέ
2763 4866 2960 4929 σκοπὸς
2981 4865 3086 4919 τῶν
3103 4866 3432 4935 γιγνομένων
3454 4865 3544 4917 ἐπὶ
3561 4864 3618 4917 rb
3642 4870 3824 4934 κρεῖτ-

2248 4975 2339 5012 τον
2365 4959 2463 5027 τὴν
2503 4958 2852 5030 παραλλαγὴν
2892 4958 3021 5028 ἔχει.
3061 4958 3119 5010 '0
3148 4959 3244 5028 μὲν
3274 4958 3380 5027 γάρ
3422 4957 3512 5009 ἐπὶ⁹
3546 4956 3822 5027 διαφθορᾷ

2248 5052 2349 5119 τῆς
2374 5050 2585 5120 φύσεως
2608 5051 2705 5121 τὴν
2729 5051 2949 5121 ἀπάτην
2974 5050 3063 5119 ἐνή
3074 5063 3290 5119 ργησεν’
3324 5051 3352 5101 0
3371 5048 3426 5100 δὲ
3452 5048 3653 5110 δίκαιος
3675 5046 3819 5117 ἀμα.

2250 5144 2343 5195 καὶ
2370 5141 2591 5208 ἀγαθὸς,
2624 5141 2715 5195 καὶ
2743 5141 2934 5208 σοφὸς.
2976 5141 3066 5191 ἐπὶ⁹
3110 5138 3354 5208 σωτηρίᾳ
3400 5136 3493 5189 τοῦ
3542 5136 3824 5205 καταφθαο

2253 5235 2432 5303 ρέντος
2463 5236 2526 5302 τῇ
2570 5233 2779 5302 ἐπινοίᾳ
2826 5233 2926 5301 τῆς
2962 5231 3175 5299 ἀπάτης
3221 5231 3517 5299 ἐχρήσατο,
3560 5229 3621 5281 οὐ
3656 5231 3827 5298 μόνον

2251 5323 2344 5375 τὸν
2368 5322 2678 5376 ἀπολωλότα
2697 5323 2784 5375 διὰ
2805 5322 3009 5374 τούτων
3029 5315 3351 5391 εὑεργετὼν,
3377 5320 3511 5373 ἀλλά
3531 5320 3624 5373 καὶ
3653 5320 3822 5372 αὐτὸν

2249 5416 2340 5468 τὸν
2370 5412 2640 5466 ἀπώλειαν
2683 5412 2805 5465 καθ’
2832 5412 2988 5481 ἡμῶν
3025 5413 3411 5483 ἐνεργήσαντα.
3455 5415 3547 5466 Ἐκ
3573 5414 3679 5484 γὰρ
3718 5414 3821 5466 τοῦ

2252 5508 2606 5578 προσεγγίσαι
2631 5510 2695 5577 τῇ
2725 5506 2835 5575 ζωῇ
2873 5504 2970 5574 μὲν
3002 5504 3093 5557 τὸν
3121 5504 3369 5568 θάνατον,
3400 5503 3478 5573 τῷ
3507 5505 3643 5573 φωτὶ
3668 5504 3724 5557 δὲ
3754 5504 3827 5555 τὸ

2255 5603 2463 5665 σκότος,
2498 5603 2562 5671 τῇ
2589 5599 2861 5669 ἀφθαρσίᾳ
2905 5597 3084 5668 δὲτὴν
3126 5597 3349 5668 φθοράνο
3393 5597 3690 5667 ἀφανισμὸς
3717 5597 3825 5664 μὲν

2252 5693 2345 5745 τοῦ
2376 5694 2612 5763 χείρονος
2660 5692 2927 5759 γίγνεται,
2968 5692 3060 5744 καὶ
3088 5692 3167 5753 είς
3202 5691 3264 5743 rb
3294 5690 3365 5759 μὴ
3402 5688 3459 5741 ὂν
3500 5686 3826 5759 μεταχώρη-

2249 5801 2330 5849 σις
2352 5801 2365 5814 θ
2395 5784 2627 5851 ὠφέλεια
2660 5780 2715 5835 δὲ
2741 5782 2832 5836 τοῦ
2862 5783 2967 5838 ἀπὸ
3006 5782 3207 5834 τούτων
3251 5780 3642 5851 καθαιρομένου
3702 5780 3823 5831 Κα-
