3978 6494
263 371 331 427 σο
1491 376 1743 431 οιι.ιί·ιο
1773 375 1825 428 ιζ.

1927 374 2267 429 ECIIETICA.
3422 369 3490 421 ‘79

263 491 440 560 θάπερ
482 490 595 562 γάρ
624 492 721 561 τῆς
747 492 1074 563 ἀτιμοτέρας
1100 492 1230 563 ὖλης
1260 494 1337 563 τῷ
1380 492 1563 563 χρυσῴ
1605 510 1825 563 καταμι-

1939 507 2045 545 ηοιι
2076 500 2159 545 est
2187 492 2244 542 iit
2287 489 2591 553 transitus;
2647 496 2700 541 et
2741 486 2965 555 juvatur
3018 485 3067 539 id
3114 484 3257 555 quod
3313 499 3377 537 ex
3422 487 3490 537 iis

261 581 506 649 χθείσης,
537 583 604 651 τῇ
625 581 712 634 διὰ
736 581 828 634 τοῦ
854 583 1018 652 πυρὸς
1046 583 1259 655 δαπάνῃ
1283 583 1343 635 τὸ
1364 583 1636 654 ἀλλότριόν
1663 600 1721 636 τε
1740 583 1831 634 καὶ

259 672 570 740 ἁπάδλητον
598 674 649 724 οἱ
680 672 1006 743 θεραπευταὶ
1034 674 1128 726 τοῦ
1164 674 1386 744 χρυσίου
1422 673 1832 727 καταναλώσαν-

260 779 366 824 τες,
397 763 569 815 πάλιν
593 764 921 832 ἐπανάγουσι
963 765 1097 835 πρὸς
1126 765 1225 835 τὴν
1268 764 1403 818 κατὰ
1427 765 1585 833 φύσιν
1611 766 1829 835 λαμπη-

255 853 377 904 δόνα
404 852 508 923 τὴν
536 855 936 925 προτιμοτέραν
974 855 1135 925 ὕλην·
1172 857 1271 908 οὐκ
1309 858 1504 919 ἄπονος
1539 858 1718 927 μέντοι
1750 858 1831 924 γί-

256 960 406 995 νεται
453 948 487 1013 η
524 944 816 1014 διάκρισις,
867 945 1040 1015 χρόνῳ
1070 945 1161 997 τοῦ
1206 948 1375 1016 πυρὸς
1415 950 1481 1017 τῇ
1524 947 1828 1018 ἀναλωτικῇ

253 1030 488 1101 δυνάμει
518 1034 581 1085 τὸ
606 1033 755 1086 νόθον
781 1033 1212 1102 ὲξαφανίζοντος,
1249 1036 1383 1105 πλὴν
1410 1035 1543 1088 ἀλλά
1568 1036 1829 1108 Θεραπεία

252 1123 336 1183 τίς
382 1124 505 1174 ἐστι
540 1123 636 1176 τοῦ
676 1124 917 1193 χρυσίου,
949 1125 1010 1177 τὸ
1054 1126 1349 1194 ὲκτακῆναι
1389 1128 1514 1196 παρ’
1554 1126 1728 1197 αὐτῷ,
1770 1128 1830 1179 τὸ

250 1214 346 1265 ἐπὶ
376 1213 526 1284 λύμῃ
560 1214 651 1267 τοῦ
684 1215 845 1269 καλοῦ
878 1216 1192 1287 ἐγκείμενον
1211 1232 1224 1244 °
1253 1218 1392 1270 κατὰ
1412 1219 1502 1270 τὸν
1527 1219 1684 1271 αὑτὸν
1715 1219 1832 1290 τρό-

254 1320 356 1355 πον
386 1304 625 1357 θανάτου
656 1305 749 1357 κα)⁸
775 1304 980 1376 φθορᾶς
1004 1347 1017 1369 ,
1052 1308 1142 1359 καὶ
1177 1308 1420 1370 σκότους,
1449 1309 1540 1360 καὶ
1573 1309 1623 1359 εί
1649 1326 1700 1360 τι
1729 1326 1829 1361 κα-

252 1393 378 1457 κίας
410 1396 657 1463 ἔκγονον,
685 1397 763 1466 τῷ
799 1399 993 1469 εὐρετῇ
1042 1398 1135 1452 τοῦ
1173 1400 1340 1453 κακοῦ
1373 1402 1770 1471 περιφυέντων,
1801 1403 1830 1454 ὁ

254 1489 669 1557 προσεγγισμὸς
699 1490 798 1559 τῆς
822 1491 971 1554 θείας
998 1492 1275 1561 δυνάμεως
1304 1495 1473 1564 πυρὸς
1501 1494 1655 1563 δίκην
1691 1498 1829 1563 ἁφα-

253 1579 449 1646 νισμὸν
488 1579 583 1632 τοῦ
624 1582 775 1651 παρὰ
812 1581 973 1650 φύσιν
1015 1585 1485 1656 κατεργασάμενος
1509 1626 1523 1649 _.
1556 1586 1831 1657 εὐεργετεῖ

252 1671 319 1737 τῇ
351 1668 631 1741 ἀφθαρσίᾳ
660 1673 757 1741 τὴν
786 1672 964 1739 φύσιν,
996 1674 1095 1727 κᾶν
1122 1676 1372 1741 ἐπίπονος
1404 1680 1435 1748 ή
1468 1678 1731 1749 διάκρισις

253 1760 468 1812 Οὐκοῦν
497 1760 607 1812 οὐδ’
637 1763 704 1815 ἂν
731 1764 860 1833 παρ’
892 1764 1053 1817 αὐτοῦ
1079 1767 1168 1818 τοῦ
1190 1769 1560 1837 ἀντικειμένου
1591 1769 1663 1840 μὴ
1690 1765 1827 1823 εἶναι

252 1851 463 1905 δίκαιόν
483 1871 540 1905 τε
560 1856 655 1906 καὶ
677 1857 936 1925 σωτήριον
956 1857 1015 1909 τὸ
1032 1860 1249 1927 γεγονὸς
1267 1861 1831 1934 άμφιϐάλλοιτο,εἵπερ

253 1944 333 2004 τίς
362 1942 623 2012 αἴσθησιν
642 1945 741 2013 τῆς
768 1946 1081 2016 εὐεργεσίας
1107 1950 1267 2003 ἔλθοι.
1291 1952 1428 2005 Νυνὶ⁴
1454 1954 1559 2024 γὰρ
1582 1954 1829 2026 καθάπερ

248 2036 300 2086 οἱ
328 2038 421 2087 ἐπὶ
445 2036 711 2107 θεραπεία
735 2038 1050 2108 τεμνόμενοι
1078 2058 1135 2093 τε
1152 2044 1245 2095 καὶ
1271 2044 1546 2113 καιόμενοι
1574 2046 1830 2115 χαλεπαί-

248 2144 403 2179 νουσι
436 2132 550 2192 τοῖς
580 2130 956 2202 θεραπεύουσι,
985 2134 1049 2202 τῇ
1082 2132 1243 2206 ὀδύνῃ
1282 2135 1379 2205 τῆς
1408 2137 1577 2207 τομῆς
1605 2137 1830 2207 δριμυσ-

252 2221 476 2288 σόμενοι
496 2239 511 2253 ο
562 2224 612 2274 εί
639 2221 696 2274 δὲ
724 2223 785 2275 τὸ
812 2224 1074 2288 ὑγιαίνειν
1102 2224 1189 2277 διὰ
1214 2224 1404 2279 τούτου
1444 2229 1792 2298 προσγένοιτο
1811 2271 1825 2293 ,

251 2313 345 2365 καὶ
367 2314 400 2382 ὴ
424 2312 528 2382 τῆς
553 2313 800 2377 καύσεως
831 2315 1076 2385 ἀλγηδὼν
1100 2317 1376 2387 παρέλθοι,
1410 2318 1568 2389 χάριν
1597 2321 1828 2373 εἴσονται

242 2408 363 2466 τοῖς
387 2403 491 2475 τὴν
520 2405 816 2475 θεραπείαν
841 2408 1153 2471 ὲπ’.αὐτοὺς
1181 2410 1506 2480 ὲνεργήσασι
1528 2426 1540 2439 ·
1574 2410 1711 2463 κατὰ
1739 2412 1828 2462 τὸν

241 2496 415 2549 αὑτὸν
466 2499 669 2568 τρόπον
712 2502 833 2562 ταῖς
875 2505 1107 2571 μακραῖς
1154 2502 1420 2573 περιόδοις
1463 2502 1829 2575 ἐξαιρεθέντος

248 2587 345 2639 τοῦ
393 2588 568 2640 κακοῦ
617 2590 717 2657 τῆς
771 2590 1015 2657 φύσεως,
1065 2592 1158 2645 τοῦ
1211 2592 1307 2645 νῦν
1360 2594 1541 2657 αὐτοῖς
1597 2612 1829 2665 καταμι-

240 2678 476 2747 χθέντος
524 2681 620 2732 καὶ
654 2682 1023 2751 συμφυέντος,
1069 2683 1282 2738 ἐπειδὰν
1318 2686 1350 2754 ἡ
1394 2686 1473 2746 είς
1515 2684 1575 2737 τὸ
1607 2686 1828 2755 ἀρχαῖον

242 2772 700 2834 ἀποκατάστασις
731 2772 841 2824 τῶν
880 2773 974 2825 νῦν
1006 2774 1063 2825 ἐν
1094 2775 1258 2845 κακίᾳ.
1291 2775 1557 2845 κειμένων
1583 2776 1825 2848 γένηται,

244 2863 535 2931 ὀμόσωνος
560 2863 877 2934 εὐχαριστία
901 2864 1053 2934 παρὰ
1082 2867 1257 2936 πάσης
1281 2866 1430 2920 ἕσται
1451 2870 1549 2938 τῆς
1575 2869 1826 2934 κτίσεως,

251 2955 347 3006 καὶ
373 2954 484 3007 τῶν
516 2956 575 3007 ὲν
602 2958 667 3026 τῇ
696 2956 956 3026 καθάρσει
985 2957 1412 3027 κεκολασμένων,
1443 2959 1665 3013 καὶτῶν
1695 2960 1829 3031 μηδὲ

248 3048 351 3117 τὴν
386 3048 568 3119 ἀρχὴν
606 3047 997 3118 ὲπιδεηθέντων
1036 3050 1371 3120 καθάρσεως.
1420 3050 1602 3103 Ταῦτα
1635 3052 1728 3103 καὶ
1759 3054 1826 3103 τὰ

242 3140 478 3193 τοιαῦτα
524 3139 858 3210 παραδίδωσι
904 3141 964 3193 τὸ
1009 3141 1148 3211 μέγα
1196 3142 1488 3213 μυστήριον
1532 3142 1630 3210 τῆς
1680 3142 1827 3205 θείας

246 3233 737 3305 ἑνανθρωπήσεως.
769 3231 847 3285 Δι’
876 3225 950 3285 ὧν
978 3233 1084 3304 γάρ
1121 3232 1420 3303 κατεμίχθη
1452 3236 1518 3303 τῇ
1549 3233 1827 3303 ἀνθρωπό-

241 3344 392 3397 τητι,
426 3326 516 3379 διὰ
557 3326 775 3379 πάντων
811 3325 920 3379 τῶν
963 3324 1062 3394 τῆς
1092 3322 1304 3392 φύσεως
1344 3324 1643 3393 ἰδιωμάτων
1671 3325 1825 3393 γενό-

248 3436 432 3488 μενος,
465 3417 733 3486 γενέσεώς
754 3435 811 3470 τε
842 3418 934 3470 καὶ
957 3417 1263 3485 ἀνατροφῆς
1291 3417 1383 3469 καὶ
1408 3416 1704 3487 αὐξήσεως,
1733 3418 1826 3469 καὶ

244 3512 413 3581 μέχρι
443 3512 545 3580 τῆς
589 3511 681 3563 τοῦ
714 3511 940 3564 θανάτου
985 3511 1178 3581 πείρας
1216 3508 1515 3573 διεξελθὼν,
1545 3508 1613 3561 τά
1645 3526 1826 3578 προει-

248 3601 465 3670 ρημένα
517 3601 694 3653 πάντα
737 3600 1158 3669 κατείργασται,
1195 3597 1284 3652 τόν
1330 3614 1385 3650 τε
1421 3598 1700 3668 ἄνθρωπον
1728 3601 1825 3667 τῆς

243 3693 449 3753 κακίας
478 3690 801 3762 ἐλευθερῶν.
830 3692 922 3743 καὶ
950 3691 1108 3744 αὐτὸν
1134 3692 1224 3744 τὸν
1248 3692 1345 3762 τῆς
1372 3693 1569 3755 κακίας
1602 3691 1825 3761 εὑρετὴν

244 3779 503 3849 ἰώμενος.
534 3782 704 3843 Ἴασις
719 3781 826 3851 γάρ
852 3782 999 3833 ἐστιν
1014 3781 1316 3853 ἀρρωστίας
1349 3783 1382 3853 ἡ
1415 3782 1506 3835 τοῦ
1528 3783 1826 3854 νοσήματος

243 3875 549 3946 κάθαρσις,
584 3875 688 3928 κᾶν
722 3874 1053 3949 ἐπίπονος

836 4055 1082 4106 ΚΕΦΑΛ.
1124 4054 1246 4109 KZ’.

331 4144 650 4199 Ἀκόλουθον
688 4144 743 4198 δὲ
781 4146 1014 4209 πάντως,
1044 4147 1131 4199 τὸν
1159 4147 1294 4217 πρὸς
1330 4147 1427 4215 τὴν
1459 4146 1618 4216 φύσιν
1669 4147 1823 4219 ἡμῶν

242 4238 707 4309 ἀνακιρνάμενον,
742 4239 827 4292 διὰ
850 4240 1065 4293 πάντων
1092 4238 1346 4304 δέξασθαι
1384 4242 1491 4293 τῶν
1523 4242 1822 4313 ίδιωμάτων

242 4328 417 4397 noti;
443 4329 545 4398 τὴν
574 4329 710 4399 πρὸς
730 4330 874 4399 ἡμᾶς
901 4332 1318 4400 συνανάκρασιν.
1356 4329 1622 4401 Καθάπερ
1646 4330 1753 4402 γὰρ
1773 4333 1821 4384 οἱ

240 4424 334 4475 τὸν
367 4421 541 4491 ῥύπον
568 4420 677 4473 τῶν
707 4422 936 4490 ἱματίων
966 4421 1338 4484 ἐκπλύνοντες,
1368 4424 1427 4474 οὐ
1458 4422 1526 4474 τὰ
1570 4423 1666 4492 μὲν
1693 4422 1821 4474 ἐῶσι

240 4516 358 4568 τῶν
409 4513 794 4585 μολυσμάτων,
850 4514 917 4565 τὰ
964 4514 1019 4566 δὲ
1067 4514 1520 4585 ἀπορρίπτουσιν·
1571 4512 1682 4566 ἀλλ’
1724 4514 1818 4567 ἀπ’
1850 4549 1892 4603 D

238 4608 421 4677 ἀρχῆς
450 4606 577 4679 ἄχρι
604 4606 789 4667 τέλους
832 4605 1219 4676 ἐκκαθαίρουσι
1258 4606 1365 4658 τῶν
1414 4606 1644 4678 κηλίδων
1673 4606 1818 4659 ἆπαν

236 4700 300 4750 τὸ
332 4698 584 4766 ὕφασμα,
609 4697 684 4759 ὡς
710 4696 775 4750 ἂν
802 4696 1060 4766 ὁμότιμον
1084 4696 1258 4767 ἐαυτῷ
1278 4697 1342 4749 δι’
1372 4697 1493 4749 ὃλου
1524 4698 1584 4749 τὸ
1609 4696 1819 4766 ἱμάτιον

238 4792 477 4858 γένοιτο,
512 4790 575 4842 τὸ
619 4789 760 4842 κατὰ
803 4789 862 4842 τὸ
910 4788 1028 4841 ἶσον
1069 4790 1417 4860 λαμπρυνθὲν
1449 4790 1513 4842 ὲκ
1561 4790 1657 4859 τῆς
1688 4788 1819 4841 πλύ-

239 4900 386 4943 σεως
406 4899 420 4911 ·
448 4881 624 4943 οὕτως
656 4880 1009 4950 μολυνθείσης
1042 4884 1106 4951 τῇ
1136 4881 1379 4951 ἁμαρτίᾳ
1416 4881 1516 4949 τῆς
1548 4881 1821 4950 ἀνθρωπί-

236 4993 340 5046 νης
368 4976 535 5044 ζωῆς,
569 4977 626 5026 ὲν
654 4975 794 5044 ἀρχῇ
824 4990 882 5026 τε
915 4975 1008 5027 καὶ
1037 4974 1259 5043 τελευτῇ
1282 4976 1373 5027 καὶ
1402 4976 1512 5037 τοῖς
1535 4972 1622 5026 διὰ
1651 4974 1816 5044 μέσου

236 5071 433 5129 πᾶσιν,
464 5067 571 5118 ἔδει
595 5066 679 5118 διὰ
705 5066 921 5119 πάντων
946 5065 1197 5132 γενέσθαι
1225 5066 1322 5135 τὴν
1344 5065 1708 5118 ὲκπλύνουσαν
1732 5064 1819 5117 δύ-

234 5178 426 5230 ναμιν,
456 5159 551 5211 καὶ
575 5160 648 5229 μὴ
672 5158 734 5211 τὸ
765 5158 865 5228 μέν
890 5175 942 5210 τι
968 5157 1298 5229 θεραπεῦσαι
1329 5159 1406 5228 τῷ
1430 5158 1728 5229 καθαρσίῳ,
1759 5159 1819 5212 τὸ

232 5252 291 5303 δὲ
350 5250 617 5320 περιιδεῖν
668 5249 1067 5320 ἀθεράπευτον*
1115 5250 1302 5303 τούτου
1340 5251 1498 5321 χάριν
1541 5253 1639 5320 τῆς
1674 5249 1818 5319 ζωῆς

234 5338 397 5411 ἡμῶν
419 5340 514 5391 δύο
536 5339 769 5409 πέρασιν
796 5339 1135 5410 ἑκατέρωθεν
1159 5340 1561 5411 διειλημμένης.
1592 5342 1653 5393 τὸ
1680 5342 1817 5395 κατὰ

232 5436 333 5502 τὴν
355 5434 531 5503 ἀρχήν
556 5450 699 5502 φημι
738 5435 832 5485 καὶ
862 5433 923 5484 τὸ
945 5432 1116 5496 τέλος,
1146 5432 1266 5486 καθ’
1298 5434 1552 5503 ἑκάτερον
1578 5434 1818 5505 εὑρίσκε-

230 5539 326 5575 ται
362 5523 539 5593 πέρας
574 5524 606 5591 ἠ
655 5520 982 5592 διορθωτικὴ
1038 5523 1136 5593 τῆς
1167 5522 1380 5590 φύσεως
1424 5522 1671 5592 δύναμις,
1724 5525 1818 5576 καὶ

228 5614 332 5683 τῆς
364 5613 538 5682 ἀρχῆς
586 5613 865 5681 ἁψαμένη,
906 5612 999 5665 καὶ
1051 5614 1214 5683 μέχρι
1258 5612 1351 5665 τοῦ
1394 5614 1579 5675 τέλους
1624 5612 1816 5685 ἑαυτὴν

229 5707 619 5768 ἔπεκτείνασα,
658 5707 751 5758 καὶ
780 5706 850 5757 τὰ
877 5706 961 5757 διὰ
1008 5707 1173 5775 μέσου
1198 5706 1401 5759 τούτων
1432 5707 1607 5759 πάντα
1635 5707 1817 5760 διαλα-

227 5798 425 5853 ϐοῦσα.
462 5799 609 5863 Mra;
639 5798 696 5851 δὲ
745 5800 912 5851 πᾶσιν
954 5797 1259 5871 ἀνθρώποις
1292 5799 1391 5869 τῆς
1433 5802 1511 5864 είς
1537 5800 1633 5872 τὴν
1678 5800 1817 5872 ζωὴν

1936 590 2287 651 expurgatur.
2316 578 2435 645 Quo
2482 579 2641 632 modo
2670 579 2813 632 enim
2855 582 2899 632 si
2952 579 3041 631 vili
3087 578 3310 631 materia
3356 592 3491 629 auro

1933 675 2192 734 admista,
2222 674 2475 729 aurilices
2510 688 2603 740 per
2633 671 2834 739 ignem,
2878 684 2942 724 eo
2976 681 3295 738 consumpto
3346 669 3490 734 quod

1936 772 2053 816 erat
2083 764 2317 817 alienum
2345 770 2397 816 et
2440 761 2815 830 rejiciendum,
2858 760 2923 813 ad
2966 762 3261 813 naturalem
3308 762 3491 827 splen-

1937 857 2122 910 dorem
2155 856 2586 924 praestantiorem
2651 853 2919 905 reducunt
2957 860 3236 905 materiem
3271 866 3284 899 :
3316 867 3491 918 neque

1937 956 2116 1002 tamen
2150 947 2286 998 citra
2318 946 2555 998 laborem
2586 944 2642 998 ﬁt
2676 944 2765 996 illa
2789 944 3039 1005 secretio,
3074 958 3193 995 cum
3226 942 3365 1009 ignis
3391 957 3491 994 sua

1936 1037 2293 1093 consumendi
2325 1048 2613 1108 potestate,
2656 1044 2899 1104 tempore
2941 1034 3116 1087 deleat
3146 1032 3196 1085 id
3230 1033 3374 1101 quod
3408 1042 3493 1086 est

1936 1132 2301 1187 adulterinum
2342 1151 2354 1184 :
2397 1146 2579 1184 verum
2619 1128 2895 1182 enimvero
2951 1128 3069 1180 auri
3129 1126 3370 1196 quuedam
3408 1132 3491 1179 est

1935 1225 2246 1288 medicatio,
2276 1223 2419 1293 quod
2466 1224 2520 1276 in
2553 1224 2671 1291 ipso
2709 1222 2980 1289 eliqnetur
3013 1221 3065 1273 id
3096 1220 3240 1288 quod
3268 1220 3332 1272 ad
3366 1218 3491 1271 boni

1934 1318 2160 1371 exitium
2194 1321 2248 1371 in
2279 1333 2343 1370 eo
2383 1316 2617 1379 positum
2656 1313 2870 1367 fuerat:
2896 1313 3085 1367 eodem
3132 1312 3295 1365 modo
3328 1311 3491 1364 etiam

1934 1426 2058 1463 eum
2091 1425 2239 1463 mors
2267 1417 2320 1461 et
2376 1408 2651 1463 interitus.
2692 1416 2746 1459 et
2776 1406 3031 1467 tenehrze,
3080 1414 3135 1457 et
3165 1403 3211 1457 si
3256 1403 3380 1472 quis
3409 1408 3492 1455 est

1934 1505 2075 1557 alius
2111 1501 2228 1556 vitii
2260 1500 2423 1564 fetus,
2451 1498 2721 1553 inventori
2761 1497 2886 1549 mali
2923 1496 3122 1549 adnata
3154 1503 3366 1551 essent.
3407 1494 3492 1547 di-

1935 1596 2072 1647 vina:
2128 1593 2349 1647 virtutis
2393 1590 2885 1660 appropinquatio,
2936 1597 3195 1656 tanquam
3250 1587 3318 1639 ah
3371 1586 3494 1654 igne

1934 1687 2112 1742 deleto
2142 1701 2205 1739 eo
2237 1686 2378 1753 quod
2413 1693 2497 1739 est
2536 1692 2729 1752 praeter
2783 1691 3056 1741 naturam,
3103 1687 3354 1732 naturam
3408 1680 3495 1731 iii-

1934 1776 2304 1838 corruptionis
2337 1774 2498 1828 aﬂicit
2524 1775 2807 1834 beneﬁcio,
2858 1774 3072 1827 etiamsi
3116 1771 3387 1826 laboriosa
3422 1776 3495 1825 sit

1867 1854 1905 1909 Β
1934 1870 2187 1924 secretio.
2222 1867 2364 1937 Ergo
2405 1883 2471 1920 ne
2502 1866 2751 1920 dubitare
2804 1866 3020 1935 quidem
3054 1866 3250 1934 poterit
3298 1865 3493 1919 adver-

1932 1963 2130 2034 sarius,
2151 1960 2279 2030 quin
2306 1958 2449 2027 quod
2482 1957 2682 2011 factum
2707 1966 2813 2018 est,
2840 1957 3131 2025 sitjustum
3153 1966 3205 2010 et
3229 1956 3492 2019 salutare,

1929 2052 1974 2107 si
2009 2050 2216 2106 venerit
2263 2050 2329 2103 ad
2379 2064 2603 2103 sensum
2653 2048 2923 2102 beneﬁcii.
2983 2048 3157 2112 Nunel
3193 2047 3336 2099 enim
3381 2062 3492 2114 quo
3530 2054 3537 2057 ‘

1929 2142 2089 2195 modo
2115 2141 2207 2209 qui
2248 2148 2305 2192 ut
2351 2150 2631 2200 curentur,
2689 2146 2945 2193 serantur
2979 2150 3033 2192 et
3081 2147 3333 2201 uruntur,
3385 2139 3494 2189 ira-

1928 2238 2154 2285 Scuntur
2181 2229 2246 2283 iis
2296 2228 2388 2297 qui
2417 2236 2631 2289 curant,
2666 2235 2719 2279 ut
2756 2228 2960 2297 quibus
2995 2228 3137 2281 aeris
3186 2236 3239 2281 et
3296 2242 3489 2296 aspera

1930 2322 2199 2374 sentiatur
2228 2322 2401 2375 sectio
2436 2319 2617 2389 :quod
2655 2320 2699 2373 si
2750 2320 3011 2373 acciderit
3058 2328 3116 2372 ut
3165 2334 3259 2387 per
3292 2320 3341 2371 id
3371 2319 3489 2373 sani

1932 2412 2080 2475 ﬁant,
2111 2420 2164 2465 et
2203 2410 2359 2465 dolor
2385 2418 2626 2466 transeat
2648 2411 2927 2474 sectionis,
2955 2411 3230 2465 habebunt
3257 2412 3488 2478 gratiam

1929 2503 1995 2556 iis
2026 2503 2117 2572 qui
2152 2505 2301 2572 ipsos
2351 2506 2664 2557 curaverint
2709 2503 2944 2557 :eodein
3002 2502 3165 2555 modo
3220 2509 3341 2555 cuni
3396 2516 3491 2570 pur

1929 2594 2149 2663 longum
2181 2594 2442 2662 temporis
2477 2595 2744 2647 ambitum
2790 2595 3029 2648 ablatum
3068 2594 3229 2647 fuerit
3278 2602 3489 2646 natura:

1929 2684 2151 2746 malum,
2184 2685 2329 2753 quod
2375 2700 2519 2738 nunc
2548 2696 2632 2738 est
2666 2685 2749 2738 eis
2798 2685 3095 2739 immistum
3127 2693 3180 2738 et
3207 2686 3487 2747 coalitum,

1927 2784 2192 2829 eteorum
2226 2777 2318 2845 qui
2378 2792 2524 2829 nunc
2554 2777 2738 2844 jacent
2786 2776 2839 2829 in
2895 2776 3074 2839 malis,
3109 2776 3159 2827 in
3203 2776 3485 2844 antiquum

1927 2874 2128 2920 statum
2188 2866 2328 2919 facta
2363 2866 2526 2920 fuerit
2575 2867 2870 2928 restitutio,
2916 2882 3022 2919 una
3083 2882 3213 2920 voce
3259 2874 3489 2936 agentur

1927 2958 2114 3026 gratiae
2144 2958 2213 3011 ab
2241 2958 2495 3012 universa
2529 2965 2801 3020 creatura,
2833 2965 2887 3010 et
2917 2956 2985 3008 ah
3019 2956 3084 3008 iis
3113 2955 3205 3023 qui
3240 2956 3488 3024 castigati

1928 3049 2148 3104 fuerunt
2180 3050 2233 3102 in
2288 3049 2628 3118 purgatione,
2679 3058 2731 3103 et
2770 3051 2838 3102 ab
2896 3048 2962 3103 iis
3008 3048 3097 3116 qui
3156 3064 3225 3101 ne
3263 3050 3485 3101 omnino

1927 3139 2145 3209 quidem
2179 3155 2317 3208 opus
2347 3139 2656 3193 habuerunt
2707 3148 2765 3192 ut
2804 3149 3187 3208 purgarentur.
3256 3138 3378 3192 lleec
3431 3148 3487 3189 et

1928 3245 2047 3299 qua:
2092 3238 2221 3285 sunt
2274 3229 2610 3298 hujusmodi,
2645 3232 2813 3284 tradit
2868 3246 3118 3299 magnum
3170 3230 3487 3299 mysterium

1927 3332 2197 3393 susceptae
2233 3343 2261 3377 ιι
2299 3323 2409 3379 Deo
2461 3324 2835 3378 humanitatis.
2892 3323 2993 3378 Per
3036 3325 3136 3378 hoc
3165 3325 3309 3377 enim
3341 3322 3486 3391 quod

1926 3418 2119 3471 mistus
2170 3417 2270 3470 fuit
2333 3416 2679 3481 humanitati,
2729 3431 2851 3468 eum
2910 3415 3071 3469 fuerit
3120 3416 3174 3468 in
3232 3414 3488 3468 omnibus

1927 3515 2135 3561 natura:
2185 3507 2636 3576 proprietatibus,
2684 3521 2877 3576 nempe
2921 3507 3292 3577 generatione,
3346 3508 3482 3559 edu-

1926 3599 2142 3653 catione
2172 3609 2225 3652 et
2256 3599 2620 3661 incremento,
2646 3606 2701 3653 et
2751 3614 2923 3667 usque
2954 3598 3019 3652 ad
3065 3598 3259 3651 mortis
3296 3613 3488 3667 perva-

1927 3692 2058 3744 serit
2081 3691 2495 3760 experientiam,
2519 3691 2699 3745 clfecit
2727 3706 2787 3744 ea
2812 3691 2994 3743 omnia
3020 3706 3140 3759 qua:
3164 3691 3316 3760 prius
3340 3690 3483 3743 dicta

1925 3790 2074 3846 sunt,
2100 3792 2151 3836 et
2184 3782 2457 3836 hominem
2499 3798 2527 3836 a
2562 3783 2696 3836 vitio
2744 3783 3006 3844 liberans,
3039 3795 3091 3835 et
3118 3782 3229 3835 vitii
3263 3782 3486 3836 medens

1925 3874 2214 3929 inventori.
2261 3872 2624 3943 Egritudinis
2671 3876 2817 3928 enim
2870 3874 3079 3929 medela
3109 3913 3123 3935 ,
3178 3881 3261 3927 est
3308 3875 3483 3927 morbi

1926 3967 2197 4039 purgatio,
2238 3967 2450 4021 etiamsi
2480 3968 2550 4019 sit
2585 3967 2876 4019 laboriosa.

2458 4054 2682 4109 CAPUT
2724 4055 2934 4110 XXVII.

1991 4147 2346 4217 Consequens
2371 4155 2553 4201 autem
2592 4157 2727 4209 erat,
2758 4157 2817 4201 ut
2850 4148 2941 4217 qui
2974 4155 3175 4201 nostra:
3217 4146 3486 4201 admisce-

1926 4239 2084 4292 hatur
2115 4248 2347 4299 naturae,
2400 4253 2497 4308 per
2532 4252 2722 4291 omnes
2751 4238 2869 4307 ejus
2900 4238 3265 4308 proprietates
3307 4242 3486 4292 susci-

1924 4342 2072 4400 peret
2101 4346 2218 4385 eam
2241 4346 2360 4400 quae
2385 4330 2667 4385 nobiscum
2699 4329 2859 4384 ﬁebat
2889 4332 3474 4399 contemperatiouem.

1923 4423 2042 4487 Quo
2079 4424 2240 4477 modo
2270 4424 2412 4477 enim
2448 4422 2540 4491 qui
2581 4422 2813 4476 vestium
2860 4421 3051 4476 sordes
3081 4421 3329 4485 abluunt,
3373 4437 3485 4475 non

1924 4515 2028 4567 alia
2069 4514 2286 4583 quidem
2338 4514 2748 4583 inquinamenta
2797 4520 3157 4577 conservant,
3211 4514 3317 4567 alia
3358 4530 3486 4568 vero

1921 4607 2274 4674 abstergunt;
2311 4606 2406 4661 sed
2444 4606 2511 4660 ab
2553 4606 2711 4659 initio
2760 4604 2827 4658 ad
2883 4605 3039 4659 ﬁnem
3092 4620 3267 4674 usque
3314 4605 3485 4658 totius

1923 4696 2083 4763 panni
2130 4698 2369 4751 maculas
2397 4703 2721 4766 expurgant,
2763 4704 2821 4749 ut
2854 4697 2923 4750 sit
2955 4696 3335 4750 vestimentum
3365 4697 3484 4749 ubi-

1919 4803 2025 4855 que
2059 4788 2297 4855 ejusdem
2339 4788 2522 4857 pretii,
2552 4804 2618 4841 ex
2647 4803 2803 4856 inquo
2846 4788 3093 4842 elTectum
3135 4787 3366 4842 eluendo
3398 4788 3481 4840 ni-

1922 4880 2088 4934 tidum
2122 4888 2175 4934 et
2202 4878 2546 4949 splendidum
2574 4879 2682 4934 :ita
2705 4896 2828 4932 cum
2860 4881 2969 4932 vita
2998 4880 3229 4932 humana
3262 4887 3483 4948 peccato

1919 4980 2063 5027 esset
2111 4973 2415 5042 inquinata,
2451 4983 2505 5027 et
2543 4972 2597 5026 in
2640 4972 2928 5041 principio,
2976 4979 3030 5025 et
3079 4973 3132 5025 in
3180 4972 3305 5036 ﬁne,
3341 4973 3481 5024 etin

1920 5064 2123 5123 medio,
2180 5064 2231 5117 vi
2275 5073 2329 5118 et
2375 5072 2644 5134 potestate
2693 5079 2830 5134 opus
2880 5064 3111 5118 habebat
3155 5080 3251 5133 per
3296 5066 3479 5117 omnia

1921 5156 2191 5220 abluente,
2227 5167 2280 5210 et
2304 5157 2589 5226 oportebat
2616 5173 2721 5210 non
2766 5157 2867 5210 hoc
2912 5156 3128 5226 quidem
3153 5171 3478 5225 expurgare,

1921 5246 2051 5299 illud
2101 5262 2228 5301 vero
2267 5248 2580 5317 relinquere
2628 5264 2734 5303 non
2800 5257 3156 5319 expurgatum
3190 5248 3299 5301 :ita
3353 5263 3478 5301 cum

1920 5341 2027 5391 vita
2065 5350 2252 5394 nostra
2286 5340 2501 5395 duobus
2561 5342 2631 5394 sit
2681 5342 2980 5409 intercepta
3030 5338 3251 5397 ﬁnibus,
3288 5354 3480 5408 nempu.

1921 5432 2188 5501 principio
2232 5438 2286 5486 et
2314 5432 2439 5493 ﬁne,
2474 5433 2529 5486 in
2582 5442 2814 5503 utroque
2854 5434 2957 5486 line
2995 5432 3275 5485 invenitur
3306 5433 3389 5485 vis
3430 5440 3484 5484 et

1919 5533 2165 5594 potestas
2222 5535 2432 5579 natura:
2486 5526 2841 5595 corrigenda;
2898 5533 2958 5576 ut
3012 5540 3131 5594 quae
3179 5532 3232 5578 et
3281 5526 3485 5594 princi-

1920 5615 2067 5685 pium
2110 5616 2372 5687 attigerit,
2418 5625 2471 5670 et
2498 5625 2750 5684 porrecta
2796 5616 2865 5669 sit
2899 5629 3069 5683 usque
3096 5599 3172 5669 ad.
3213 5616 3394 5677 linem,
3432 5623 3487 5669 et

1918 5712 2099 5762 omnia
2131 5724 2253 5780 qum
2291 5717 2419 5762 sunt
2446 5707 2769 5763 intermedia
2814 5709 3184 5778 interceperit.
3215 5711 3350 5763 Cum
3385 5724 3484 5759 au-

1920 5809 2026 5855 tem
2058 5802 2312 5858 omnibus
2349 5801 2663 5858 hominibus
2708 5817 2852 5858 unus
2897 5802 2969 5859 sit
3002 5803 3057 5859 in
3090 5805 3252 5859 vitam
3283 5802 3487 5860 aditus.
