3978 6506
502 365 567 422 Ή
1827 360 2155 419 GREGORII
2176 359 2468 416 NYSSENI
3649 351 3719 407 72

502 489 773 545 undenam
812 489 1098 559 oportebat
1149 502 1270 541 eum
1319 487 1411 557 qui
1464 488 1529 541 ad
1586 503 1688 542 nos
1736 488 2057 556 ingreditur,

2172 484 2319 555 3661;;
2351 481 2606 554 παρόδου,
2638 481 2798 535 πόθεν
2843 480 2948 533 ἔδει
2994 478 3085 532 τὸν
3116 448 3348 531 εἰσιόντα
3392 473 3529 547 πρὸς
3572 475 3719 546 ἡμᾶς

502 581 558 635 in
594 581 700 635 vita
737 581 1035 635 collocari?
1081 578 1154 633 Ex
1204 580 1345 633 coelo
1392 580 1467 633 ait
1498 577 1729 633 fortasse
1766 580 1857 649 qui
1893 595 2062 648 genus

505 671 760 726 humana:
803 671 1032 741 originis
1061 670 1280 739 despuit
1324 679 1584 739 tanquam
1617 678 1776 739 turpe
1825 678 1878 723 et
1914 670 2062 736 abje-

501 768 673 815 ctum.
718 761 822 816 Sed
852 762 904 815 in
940 763 1080 816 cmlo
1109 777 1216 815 non
1250 769 1405 816 erant
1433 762 1714 827 homines;
1745 775 1845 815 nec
1876 761 1929 814 in
1956 762 2065 814 vita

504 852 944 922 supermundana
980 853 1303 906 versabatur
1330 852 1557 907 morbus
1586 852 1720 905 vitii.
1751 850 1854 917 Qui
1886 861 2064 905 autem

504 958 630 995 cum
682 941 902 995 homine
944 942 1423 1006 commiscebatur,
1462 942 1581 1012 ejus
1610 952 1727 997 erat
1776 958 1976 1012 scopus
2013 949 2068 995 et

504 1032 814 1085 institutum
868 1031 922 1085 in
969 1032 1059 1085 illa
1108 1034 1640 1102 contemperatione,
1684 1042 1741 1087 ut
1788 1034 2069 1103 prodesset

508 1123 736 1176 homini.
776 1122 875 1179 Ubi
913 1139 1041 1192 ergo
1076 1140 1181 1178 non
1208 1132 1342 1180 erat
1373 1126 1596 1191 malum,
1632 1140 1807 1195 neque
1854 1126 1928 1181 ibi
1959 1128 2067 1179 vita

505 1215 799 1283 degebatur
826 1215 1083 1278 humana,
1129 1216 1587 1285 quemadmodum
1630 1218 1869 1286 postulat
1915 1218 2069 1287 quis-

506 1305 673 1374 piam,
723 1316 781 1358 ut
812 1305 975 1359 homo
1008 1306 1159 1360 illinc
1208 1305 1317 1360 Deo
1365 1306 1749 1375 conjungatur,
1799 1306 1908 1360 imo
1940 1321 2069 1371 vero

505 1409 614 1447 non
662 1394 843 1451 homo.
883 1393 976 1448 sed
1026 1394 1248 1463 aliquod
1301 1395 1676 1457 simulacrum,
1725 1403 1779 1448 et
1823 1394 2067 1464 quaedam

507 1487 807 1541 similitudo
842 1488 1123 1543 hominis?
1396 1488 1403 1495 '

579 1664 835 1728 Quanam
873 1670 1052 1714 autem
1095 1660 1246 1712 fieret
1293 1664 1494 1712 nostrae
1541 1664 1751 1711 naturae
1781 1657 2067 1719 correctio.

509 1752 554 1807 si
589 1766 711 1805 cum
758 1758 1016 1803 terrestre
1047 1754 1364 1818 a’grotasset
1410 1746 1633 1805 animal,
1680 1746 1892 1815 aliquod
1925 1746 2069 1800 aliud

2161 575 2463 643 οἰκισθῆναι
2497 574 2574 637 τῷ
2616 574 2741 643 βίῳ;
2787 572 2875 636 Ἐξ
2899 570 3146 641 οὐρανοῦ,
3171 570 3303 637 φησι
3333 568 3494 637 τυχὸν
3533 567 3563 619 ό
3601 566 3721 619 δια-

2164 666 2344 719 πτύων
2375 665 2449 728 ὡς
2472 665 2697 734 αἰσχρόν
2725 681 2782 716 τε
2810 663 2903 715 καὶ
2936 662 3118 727 ἄδοξον
3145 662 3205 713 τὸ
3234 656 3371 723 εἶδος
3392 661 3489 728 τῆς
3512 658 3723 727 ἀνθρω-

2164 759 2322 828 πίνης
2346 758 2629 825 γενέσεως,
2672 756 2807 809 Ἀλλ’
2834 756 2931 808 οὐκ
2951 751 3017 825 ἦν
3042 758 3099 808 ἐν
3122 753 3332 825 οὐρανῷ
3352 754 3414 807 τὸ
3445 749 3723 823 ἀνθρώπι-

2164 866 2253 903 νον
2274 865 2286 877 ·
2319 849 2438 901 οὐδέ
2472 866 2556 911 τις
2600 850 2657 900 ἐν
2692 850 2757 918 τῇ
2792 847 3141 917 ὑπερκοσμίῳ
3184 848 3316 917 ζωῇ,
3347 846 3544 907 κακίας
3570 844 3724 908 νόσος

2166 937 2549 1009 ἐπεχωρίασεν.
2594 938 2650 990 ’0
2693 938 2750 990 δὲ
2792 937 2869 1007 τῷ
2912 936 3180 1008 ἀνθρώπῳ
3228 934 3721 1005 καταμιγνύμενος,

2166 1030 2242 1101 τῷ
2272 1031 2455 1099 σκοπῷ
2485 1030 2582 1098 τῆς
2607 1029 2871 1098 ὠφελείας
2901 1030 3131 1081 ἐποιεῖτο
3160 1028 3258 1100 τὴν
3304 1026 3721 1097 συνανάκρασιν.

2172 1122 2340 1176 Ἔνθα
2363 1122 2539 1175 τοίνυν
2562 1122 2622 1174 τὸ
2651 1122 2818 1175 κακὸν
2846 1122 2947 1174 οὐκ
2972 1117 3060 1191 ἦν,
3090 1119 3211 1173 οὐδὲ
3244 1118 3576 1188 ἀνθρώπινος
3599 1118 3723 1170 ἐπο-

2168 1220 2402 1273 λιτεύετο
2427 1219 2556 1288 βίος,
2579 1218 2692 1280 πῶς
2715 1217 2955 1286 ἐπιζητεῖ
2976 1234 3056 1279 τις
3090 1216 3295 1268 ἐκεῖθεν
3322 1213 3397 1283 τῷ
3421 1212 3539 1282 Θεῷ
3571 1226 3725 1281 περι-

2169 1310 2435 1382 πλακῆναι
2473 1310 2560 1363 τὸν
2598 1309 2899 1381 ἄνθρωπον,
2947 1307 3144 1378 μᾶλλον
3184 1306 3240 1359 δὲ
3270 1306 3389 1375 οὐχὶ
3418 1305 3722 1375 ἄνθρωπον,

2168 1400 2300 1453 ἀλλά
2322 1398 2605 1471 ἀνθρώπου
2636 1417 2688 1452 τι
2712 1399 2927 1452 εἴδωλον
2952 1399 3044 1452 καὶ
3070 1397 3314 1467 ὁμοίωμα
3335 1412 3350 1461 ;

2174 1708 2188 1722 .
2240 1667 2333 1730 Τίς
2356 1667 2400 1720 δ’
2427 1666 2491 1720 ἀν
2511 1665 2722 1734 ἐγένετο
2747 1665 2842 1735 τῆς
2870 1663 3077 1732 φύσεως
3113 1660 3321 1731 ήμῶνη
3351 1658 3647 1730 διόρθωσις,
3673 1658 3723 1709 ει

2170 1756 2263 1810 τοῦ
2299 1756 2537 1823 ἐπιγείου
2576 1754 2712 1819 ζώου
2738 1753 3100 1822 νενοσηκότος,
3134 1751 3313 1822 ἕτερόν
3342 1767 3394 1802 τι
3426 1749 3532 1801 τῶν
3557 1748 3722 1818 οὐρα-

508 1862 575 1900 ex
616 1843 932 1898 caelestibus
958 1842 1198 1895 divinum
1229 1841 1567 1909 suscepisset
1592 1839 1927 1893 adventum?
1950 1838 2069 1892 Non

2172 1848 2295 1901 νίων
2325 1847 2421 1917 τὴν
2450 1845 2597 1899 θείαν
2627 1844 2917 1914 ἐπιδημίαν
2941 1842 3184 1908 ἐδέξατος
3212 1842 3327 1893 Οὐκ
3356 1840 3468 1893 ἐστι
3498 1840 3604 1907 γάρ
3631 1837 3722 1890 θε-

510 1944 689 2008 potest
744 1935 889 1990 enim
937 1932 1053 1988 ﬁeri
1104 1941 1164 1987 ut
1214 1942 1437 1987 curetur
1490 1933 1633 2001 quod
1684 1933 1915 1994 laborat,
1963 1933 2070 1986 nisi

511 2044 639 2098 pars
672 2027 926 2081 laborans
953 2024 1225 2094 propriam
1260 2039 1322 2078 ac
1352 2024 1679 2093 peculiarem
1706 2023 1941 2093 accipiat
1973 2039 2071 2079 cu-

512 2119 801 2172 rationem.
834 2116 891 2170 Si
925 2131 1054 2185 ergo
1096 2116 1239 2184 quod
1277 2115 1561 2170 laborabat
1604 2115 1848 2185 quidem,
1877 2115 2071 2171 fuisset

513 2211 567 2263 in
615 2220 796 2273 terra;
835 2210 1011 2262 virtus
1056 2216 1236 2261 autem
1278 2207 1461 2261 divina
1496 2206 1549 2261 id
1595 2208 1743 2277 quod
1791 2207 2073 2263 laborabat

513 2301 740 2354 minime
785 2299 1073 2369 attigisset,
1113 2297 1388 2366 aspiciens
1437 2297 1504 2351 ad
1539 2296 1591 2351 id
1627 2297 1771 2367 quod
1809 2298 2068 2365 decebat;

514 2393 707 2446 fuisset
748 2392 905 2459 plane
934 2390 1139 2443 homini
1174 2389 1369 2444 inutile
1415 2388 1614 2444 divina
1640 2390 1862 2444 virtutis
1908 2403 2072 2457 nego-

511 2483 760 2545 tium.'in
792 2482 860 2537 iis
908 2496 1134 2536 versans
1173 2494 1295 2548 qum
1333 2479 1618 2534 nobiscum
1660 2481 1864 2533 nullam
1912 2479 2073 2533 babe-

514 2576 643 2628 bant
674 2571 1132 2626 communionem.
1160 2570 1215 2623 ln
1256 2568 1544 2625 Divinitate
1579 2571 1718 2625 enim
1751 2587 1903 2640 irque
1937 2570 2073 2625 fuis-

514 2678 597 2721 set
633 2665 968 2730 indecorum,
1019 2665 1063 2718 si
1105 2663 1323 2732 quidem
1361 2662 1443 2717 fas
1486 2671 1572 2717 est
1604 2664 1829 2717 omnino
1863 2662 2069 2731 aliquid

514 2758 657 2811 aliud
693 2757 933 2826 cogitare
980 2754 1316 2818 indecorum,
1360 2761 1555 2822 praeter
1600 2755 1813 2817 vitium,
1852 2754 1900 2809 ei
1952 2756 2074 2824 qui-

516 2850 637 2902 dem
676 2849 767 2916 qui
810 2846 1011 2916 pusillo
1043 2855 1094 2899 et
1123 2847 1335 2915 abjecto
1385 2846 1565 2922 animo
1588 2845 1822 2900 divinam
1866 2847 1923 2901 in
1971 2847 2073 2900 hoc

514 2941 702 2995 statuit
734 2937 1067 3006 majestatem
1100 2945 1155 2991 et
1192 2936 1629 3005 amplitudinem,
1678 2937 1825 3006 quod
1873 2951 2073 2993 nostras

514 3043 725 3093 naturae
786 3031 1176 3100 proprietatum
1238 3030 1463 3085 minime
1510 3031 1749 3099 aliquam
1808 3030 2073 3101 suscipiat

515 3126 1088 3189 communicationem,
1125 3121 1297 3176 nihilo
1321 3120 1654 3175 tolerabilior
1699 3120 1913 3174 videtur
1952 3135 2073 3176 esse

2170 1938 2501 2012 ραπευθῆναι
2528 1937 2618 1989 τὸν
2656 1936 2950 2005 κάμνοντα.
2987 1935 3058 2005 μὴ
3087 1934 3179 1986 τοῦ
3216 1931 3497 1993 πονοῦντος
3527 1930 3723 2002 μέρους

2172 2030 2472 2094 ἰδιαζόντως
2490 2026 2779 2096 δεξαμένου
2807 2026 2905 2093 τὴν
2922 2026 3083 2079 ἴασιν.
3106 2025 3167 2077 Εἰ
3200 2020 3292 2077 οὖν
3318 2023 3377 2077 τὸ
3407 2023 3503 2094 μὲν
3520 2022 3725 2093 κάμνον

2168 2119 2260 2172 ἐπὶ
2306 2119 2407 2189 γῆς
2448 2112 2535 2188 ἦν,
2569 2120 2603 2187 ἡ
2650 2116 2705 2169 δὲ
2744 2114 2863 2169 θεία
2893 2114 3119 2184 δύναμις
3163 2113 3257 2167 τοῦ
3305 2113 3600 2182 κάμνοντος
3649 2110 3726 2180 μὴ

2170 2210 2431 2280 ἐφήψατο,
2472 2208 2605 2279 πρὸς
2651 2207 2708 2260 τὸ
2742 2206 2940 2275 ἑαυτῆς
2986 2205 3254 2275 βλέπουσα
3286 2205 3511 2273 πρέπον,
3556 2203 3727 2274 ἄχρη-

2170 2318 2291 2365 στος
2320 2296 2387 2371 ἦν
2422 2299 2497 2375 τῷ
2532 2299 2801 2369 ἀνθρώπῳ
2845 2299 2879 2368 ή
2910 2297 3036 2368 περὶ
3062 2297 3130 2351 τὰ
3174 2298 3334 2368 μηδὲν
3367 2299 3496 2366 ἡμῖν
3523 2300 3715 2349 ἐπικοι·

2169 2390 2435 2446 νωνοῦντα
2463 2391 2561 2460 τῆς
2604 2389 2749 2452 θείας
2782 2389 3059 2459 δυνάμεως
3098 2387 3340 2458 ἀσχολία.
3372 2387 3445 2440 Τὸ
3491 2386 3587 2457 μὲν
3617 2386 3730 2456 γὰρ

2171 2483 2436 2554 ἀπρεπὲς,
2466 2482 2558 2534 ἐπὶ
2584 2481 2681 2552 τῆς
2703 2481 2960 2550 Θεότητος
2991 2475 3129 2544 ἶσον,
3163 2478 3319 2549 εἴπερ
3350 2478 3482 2542 ὅλως
3510 2476 3729 2547 θεμιτόν

2170 2574 2318 2627 ἐστιν
2365 2573 2493 2628 ἄλλο
2534 2590 2585 2625 τι
2632 2572 2782 2642 παρά
2821 2572 2918 2642 τὴν
2968 2571 3163 2626 κακίαν
3216 2570 3459 2641 ἀπρεπὲς
3504 2571 3726 2631 ἐννοεῖν,

2171 2664 2309 2734 πλὴν
2350 2663 2429 2732 τῷ
2483 2662 2829 2734 μικροψύχως
2868 2663 2925 2716 ἐν
2972 2663 3142 2732 τούτῳ
3171 2662 3405 2733 κρίνοντι
3434 2663 3529 2731 τὴν
3576 2660 3727 2715 θείαν

2174 2753 2581 2823 μεγαλειότητα,
2610 2754 2667 2805 ἐν
2712 2752 2788 2823 τῷ
2817 2752 2890 2822 μὴ
2932 2752 3183 2818 δέξασθαι
3228 2751 3336 2805 τῶν
3374 2752 3472 2818 τῆς
3514 2751 3728 2821 φύσεως

2170 2844 2324 2913 ἡμῶν
2358 2843 2661 2913 ἰδιωμάτων
2689 2842 2786 2915 τὴν
2811 2843 3112 2905 κοινωνίαν,
3142 2841 3291 2895 οὐδὲν
3322 2841 3517 2911 μᾶλλον
3552 2860 3732 2914 παρα-

2174 2934 2418 3005 μυθεῖται
2458 2932 2519 2986 τὸ
2551 2935 2734 3001 ἄδοξον
2768 2934 3003 3005 οὐρανίῳ
3043 2932 3275 3004 σώματι,
3306 2933 3339 3004 ἢ
3383 2933 3604 3004 ἐπιγείῳ
3631 2951 3729 2987 au-

2172 3025 2598 3095 ηηματισθῆναι
2625 3026 2687 3079 τὸ
2708 3025 2879 3080 Θεῖον.
2915 3024 3020 3080 Τοῦ
3050 3025 3157 3097 γὰρ
3184 3023 3403 3093 ὑψίστου
3435 3024 3528 3078 καὶ
3560 3024 3733 3095 ἀπρο-

2174 3115 2319 3169 σίτου
2354 3117 2493 3170 κατά
2518 3117 2579 3169 τὸ
2612 3116 2742 3187 ὕψος
2770 3119 2863 3187 τῆς
2892 3117 3122 3185 φύσεως,
3154 3117 3187 3185 ἡ
3215 3117 3389 3178 κτίσις
3418 3118 3566 3171 πᾶσα
3593 3117 3735 3170 κατὰ

516 3215 799 3286 turpitudo
823 3224 875 3267 et
900 3213 1160 3275 dedecus,
1197 3211 1341 3281 quod
1386 3211 1529 3265 Deus
1557 3211 1796 3265 caelestis
1826 3212 2071 3280 corporis

2174 3204 2235 3257 τὸ
2256 3200 2371 3258 ἴσον
2411 3207 2501 3259 ἐπὶ
2530 3207 2589 3259 τὸ
2634 3208 2781 3260 κάτω
2818 3207 3109 3277 ἀφέστηκε,
3143 3206 3236 3260 καὶ
3280 3208 3551 3277 όμοτίμως
3582 3208 3735 3276 αὑτῷ

516 3307 743 3375 figuram
775 3306 1077 3373 susceperit
1118 3318 1277 3371 quam
1320 3302 1620 3358 terrestris.
1650 3302 1733 3357 Ab
1776 3302 1895 3371 ejus
1933 3302 2073 3357 enim

515 3398 611 3468 qui
658 3405 743 3453 est
791 3395 1112 3457 altissimus,
1160 3406 1214 3448 et
1264 3395 1330 3449 ad
1370 3394 1527 3463 cujus
1579 3393 1918 3449 altitudinem
1966 3410 2072 3448 non

522 3494 663 3555 patet
697 3484 897 3542 aditus.
945 3490 1139 3536 natura
1188 3498 1253 3536 ex
1289 3497 1443 3551 aequo
1492 3482 1658 3537 distat
1713 3484 1892 3539 omnis
1923 3498 2076 3537 crea-

520 3585 674 3639 tura,-
695 3580 747 3627 et
772 3580 899 3628 sunt
926 3572 1107 3625 omnia
1152 3572 1199 3626 ei
1245 3571 1527 3641 aequaliter
1564 3571 1827 3640 subjecta.
1859 3572 1990 3626 Nam
2022 3574 2074 3627 id

517 3664 661 3733 quod
694 3672 779 3719 est
824 3660 1116 3732 ejusmodi,
1166 3670 1225 3715 ut
1270 3662 1333 3715 ad
1383 3663 1435 3715 id
1472 3663 1694 3717 omnino
1744 3679 1851 3718 non
1898 3672 2077 3733 pateat

516 3758 719 3820 aditus,
757 3771 863 3809 non
897 3756 1057 3810 alicui
1088 3755 1305 3825 quidem
1353 3755 1554 3825 prazhet
1595 3754 1822 3819 aditum,
1872 3757 2077 3827 aliquid

516 3862 645 3899 vero
673 3844 736 3899 ad
767 3846 942 3913 ipsum
988 3860 1093 3899 non
1128 3854 1302 3914 potest
1347 3845 1814 3915 appropinquare;
1864 3849 1956 3902 sed
2009 3865 2077 3904 ex

513 3950 672 4005 aquo
708 3936 959 3989 universa
997 3950 1116 4005 qua;
1153 3945 1301 3993 sunt.
1338 3944 1560 4005 superat
1600 3944 1655 3990 et
1693 3941 2072 4008 supereminet.

516 4026 703 4093 Neque
734 4040 864 4094 ergo
904 4033 1047 4078 terra
1082 4034 1167 4080 est
1198 4026 1457 4080 remotior
1493 4042 1522 4080 a
1570 4043 1821 4097 suprema
1871 4030 1960 4084 illa
1991 4031 2076 4085 di-

513 4117 741 4186 gnitate,
789 4132 964 4186 neque
1021 4118 1216 4171 caelum
1281 4117 1674 4188 propinquius;
1720 4135 1897 4189 neque
1947 4139 2071 4192 qua:

521 4208 683 4260 vitam
714 4205 916 4276 degunt
946 4206 999 4259 in
1030 4215 1258 4275 utroque
1292 4207 1577 4273 elemento,
1611 4208 1710 4263 hac
1750 4210 1802 4263 in
1836 4226 1893 4263 re
1914 4214 2074 4281 quid--

519 4314 679 4367 quam
709 4313 738 4351 a
778 4313 837 4352 se
865 4298 1095 4352 invicem
1124 4296 1403 4360 differunt.
1440 4308 1499 4353 ut
1528 4299 1631 4353 alia
1663 4301 1878 4370 quidem
1912 4305 2076 4359 attin-

515 4398 646 4460 gant
686 4399 936 4443 naturam
970 4388 1035 4443 ad
1079 4402 1238 4457 quam
1264 4404 1368 4443 non
1398 4396 1542 4458 patet
1568 4391 1765 4458 aditus,
1811 4392 1915 4446 alia
1946 4410 2075 4449 vero

516 4482 586 4535 ab
634 4496 697 4535 ea
751 4489 1127 4536 secernantur.
1195 4478 1327 4534 Nam
1396 4482 1478 4535 sic
1530 4482 1744 4552 quidem
1793 4485 2071 4539 existima-

517 4588 723 4635 remus,
751 4572 861 4626 vim
893 4571 1039 4625 illam
1085 4586 1148 4626 ac
1181 4579 1501 4641 potestatem
1540 4588 1661 4643 quae
1691 4575 1873 4628 omnia
1897 4576 2074 4630 conti-

519 4672 632 4723 net.
686 4678 794 4716 non
830 4679 894 4717 ex
945 4678 1101 4732 aequo
1149 4678 1243 4732 per
1271 4662 1452 4717 omnia
1499 4666 1829 4734 pervadere;
1879 4667 1975 4722 sed
2020 4668 2070 4721 in

517 4755 639 4808 aliis
697 4753 916 4823 quidem
963 4769 1082 4808 eam
1151 4769 1273 4809 esse
1322 4754 1805 4823 abundantiorem;
1856 4756 1909 4811 in
1954 4758 2075 4813 aliis

514 4856 645 4893 vero
675 4842 843 4910 magis
873 4839 1101 4894 deﬁcere
1122 4859 1136 4905 ;
1160 4852 1207 4893 et
1245 4856 1311 4895 ex
1348 4842 1571 4909 majoris
1604 4843 1939 4913 minorisque
1973 4844 2077 4899 dif-

515 4929 739 4983 ferentia
774 4930 1105 4996 compositus
1132 4945 1196 4983 ex
1227 4931 1577 5000 consequenti
1601 4934 1880 5002 apparebit
1914 4934 2074 5001 Deus,

514 5028 575 5071 ut
623 5020 714 5089 qui
765 5020 867 5073 sibi
896 5020 997 5089 ipsi
1056 5036 1164 5074 non
1203 5023 1512 5083 conveniat,
1565 5024 1833 5094 siquidem
1883 5029 2074 5098 procul

513 5126 634 5164 esse
683 5126 714 5163 a
772 5110 933 5164 nobis
973 5112 1314 5167 existimetur
1352 5115 1563 5171 ratione
1617 5123 1858 5185 naturae;
1911 5118 2072 5171 alicui

513 5210 693 5255 autem
746 5201 835 5254 alii
879 5202 1343 5272 appropinquans,
1394 5220 1461 5260 ex
1488 5220 1554 5260 eo
1599 5206 1741 5274 quod
1777 5222 1941 5278 prope
1979 5208 2071 5271 sit,

513 5292 670 5345 facile
701 5294 875 5362 possit
904 5294 1252 5362 apprehendi.
1292 5294 1395 5353 Sed
1430 5312 1556 5351 vera
1585 5299 1746 5363 ratio,
1770 5300 1826 5355 in
1858 5302 2074 5356 excelsa

510 5393 565 5437 et
596 5384 813 5438 sublimi
855 5385 943 5439 illa
971 5388 1315 5449 auctoritate.
1344 5403 1522 5458 neque
1556 5390 1812 5446 deorsum
1853 5392 2072 5462 aspicit,

510 5490 687 5543 neque
709 5491 926 5531 sursum
962 5493 1059 5546 per
1084 5481 1566 5548 comparationem.
1604 5480 1798 5536 Omnia
1825 5482 1969 5537 enim
2002 5498 2068 5537 ex

509 5577 665 5635 aquo
697 5578 825 5620 sunt
862 5568 1107 5638 subjecta
1136 5571 1387 5641 potestati
1418 5571 1495 5625 illi
1531 5588 1651 5642 qua:
1676 5582 1870 5641 praeest
1895 5574 2070 5628 omni-

2172 3297 2234 3350 τὸ
2270 3299 2376 3350 πᾶν
2422 3298 2746 3367 ὑποϐέϐηκε.
2797 3298 2870 3351 Τὸ
2912 3298 3018 3367 γὰρ
3061 3297 3288 3352 καθόλου
3335 3298 3641 3369 ἀπρόσιτον,
3666 3299 3733 3350 οὐ

2172 3389 2278 3442 τινὶ
2322 3388 2419 3459 μέν
2448 3391 2563 3442 ἐστι
2595 3389 2864 3459 προσιτὸν,
2891 3388 2969 3459 τῷ
3000 3389 3055 3442 δὲ
3095 3390 3537 3460 ἀπροσπέλαστον
3557 3428 3572 3452 ,
3615 3388 3734 3443 ἀλλ’

2174 3476 2367 3549 ἐπίσης
2396 3482 2608 3534 πάντων
2640 3480 2746 3533 τῶν
2784 3481 2950 3534 ὄντων
2986 3482 3441 3551 ὑπερανέστηκεν.
3473 3480 3607 3535 Οὔτε
3638 3477 3736 3535 οὖν

2172 3574 2205 3641 ἢ
2242 3575 2310 3642 γῆ
2347 3572 2670 3645 πορρωτέρω
2702 3572 2798 3642 τῆς
2824 3572 2978 3638 ἀξίας
3009 3573 3142 3637 ἐστὶ,
3180 3572 3300 3627 οὔτε
3343 3574 3567 3646 οὐρανὸς
3595 3574 3735 3644 πλη-

2175 3665 2468 3736 σιέστερος,
2496 3664 2617 3718 οὔτε
2644 3665 2713 3718 τά
2747 3666 2804 3718 ἐν
2838 3665 3080 3737 ἐκατέρῳ
3101 3665 3206 3719 τῶν
3236 3668 3510 3737 στοιχείων
3539 3667 3737 3721 ἐνδιαι-

2173 3756 2411 3827 τώμενα,
2433 3758 2678 3833 διαφέρει
2706 3774 2758 3811 τι
2785 3757 3027 3828 ἀλλήλων
3056 3761 3114 3812 ὲν
3139 3757 3215 3828 τῷ
3252 3758 3408 3829 μέρει
3434 3758 3631 3831 τούτῳ,
3657 3759 3737 3821 ὡς

2174 3848 2241 3901 τὰ
2269 3848 2366 3918 μὲν
2394 3848 2728 3917 ἐφάπτεσθαι
2750 3850 2845 3920 τῆς
2866 3849 3155 3921 ἀπροσίτου
3185 3848 3414 3919 φύσεως.
3435 3849 3505 3903 τά
3526 3850 3583 3903 δὲ
3607 3851 3740 3903 ἀπο-

2174 3939 2469 4010 κρίνεσθαι,
2501 3939 2534 4008 ἢ
2565 3938 2687 3993 οὔτε
2717 3941 2767 4009 γ’
2790 3940 2854 3995 ἂν
2885 3944 3021 4012 μήτε
3052 3942 3138 3995 διὰ
3176 3944 3387 3997 πάντων
3428 3943 3620 4013 ἐπίσης
3656 3942 3740 3996 δι-

2174 4029 2330 4099 ήκειν
2354 4029 2452 4099 τὴν
2484 4030 2544 4082 τὸ
2577 4032 2683 4083 πᾶν
2719 4030 3112 4102 ἐπικρατοῦσαν
3138 4032 3363 4103 δύναμιν
3409 4032 3737 4103 ὑπονοήσαι-

2178 4139 2295 4191 μεν,
2325 4120 2436 4175 ἀλλ’
2466 4122 2523 4175 ἔν
2562 4142 2671 4177 τισι
2705 4124 3119 4187 πλεονάζουσαν,
3151 4125 3208 4177 ἐν
3234 4125 3439 4196 ἐτέροις
3469 4125 3737 4180 ἐνδεεστέ-

2179 4228 2275 4280 ραν
2303 4207 2460 4274 είναι,
2497 4214 2589 4266 καὶ
2609 4216 2675 4284 τῇ
2712 4214 2847 4282 πρὸς
2874 4214 2934 4267 τὸ
2970 4214 3188 4270 ἔλαττόν
3225 4233 3285 4271 τε
3324 4217 3416 4269 καὶ
3453 4216 3611 4269 πλέον
3637 4217 3737 4270 καὶ

2174 4296 2331 4371 ἦττον
2376 4303 2609 4376 διαφορᾷ
2646 4305 2896 4358 σύνθετον
2936 4307 3001 4361 ἐκ
3044 4306 3137 4361 τοῦ
3166 4308 3454 4363 ἀκολούθου
3484 4309 3543 4363 τὺ
3579 4309 3735 4363 Θεῖον

2174 4394 2596 4464 ἀναφανήσεται.
2625 4396 2754 4449 αὐτὸ
2780 4396 2913 4468 πρὸς
2942 4398 3102 4451 ἑαυτὸ
3134 4399 3206 4470 μὴ
3230 4400 3540 4469 συμϐαῖνον,
3575 4402 3736 4473 εἴπερ

2176 4484 2329 4554 ἡμῶν
2365 4485 2642 4555 πόρρωθεν
2693 4487 2967 4541 ὑπονοοῖτο
3015 4486 3151 4545 εἶναι
3195 4490 3271 4558 τῷ
3322 4491 3465 4563 λόγῳ
3507 4494 3603 4561 τῆς
3631 4496 3738 4561 φύ-

2180 4593 2315 4639 σεως
2337 4594 2350 4607 ο
2392 4578 2561 4649 ἑτέρῳ
2588 4578 2644 4631 δέ
2674 4597 2777 4632 τινι
2816 4582 3080 4647 γειτνιῶν,
3126 4583 3217 4636 καὶ
3248 4583 3509 4655 εὔληπτυς
3548 4588 3610 4638 ἐκ
3640 4587 3738 4640 τοῦ

2180 4667 2442 4738 σύνεγγυς
2492 4671 2746 4739 γίγνοιτο.
2794 4672 2931 4726 Ἀλλ’
2968 4676 2997 4726 ό
3037 4674 3240 4745 ἀληθὴς
3291 4677 3444 4745 λόγος
3498 4679 3587 4732 ἐπὶ
3637 4681 3740 4749 τῆς

2174 4759 2383 4830 ὑψηλῆς
2423 4761 2601 4828 ἀξίας,
2649 4761 2771 4816 οὔτε
2819 4765 2966 4819 κάτω
3006 4764 3186 4836 βλέπει
3235 4766 3323 4820 διά
3375 4769 3736 4839 συγκρίσεως.

2173 4850 2295 4905 οὔτε
2326 4854 2456 4908 ἄνω.
2490 4855 2672 4908 Πάντα
2715 4854 2822 4926 γὰρ
2848 4857 2988 4910 κατά
3033 4858 3093 4910 τὸ
3130 4854 3248 4912 ἶσον
3277 4858 3375 4929 τὴν
3412 4877 3506 4913 του
3539 4860 3742 4925 παντὸς

2173 4944 2565 4999 ἐπιστατοῦσαν
2586 4945 2812 5016 δύναμιν
2836 4948 3191 5017 ὑποϐέϐηκεν.
3236 4950 3394 5003 Ὥστε
3423 4951 3469 5002 εί
3497 4949 3593 5019 τὴν
3617 4951 3743 5003 ἐπί-

2174 5052 2320 5103 γειον
2373 5036 2532 5104 φύσιν
2583 5038 2806 5102 ἀναξίαν
2847 5039 2945 5108 τῆς
2995 5039 3128 5110 πρὸς
3170 5040 3231 5092 τὸ
3268 5040 3417 5094 Θεῖον
3466 5042 3739 5111 οίήσονται

2175 5125 2505 5196 συμπλοκῆς,
2534 5128 2640 5180 οὐδ’
2660 5129 2724 5181 ἂν
2741 5129 2871 5200 ἄλλη
2893 5148 2980 5193 τις
3009 5130 3253 5201 εὑρεθείη
3274 5149 3327 5184 τι
3350 5132 3497 5196 ἀξιον
3519 5132 3736 5202 ἔχουσα.

2172 5215 2236 5267 Ei
2261 5214 2317 5266 δὲ
2343 5214 2535 5284 ἐπίσης
2564 5216 2740 5269 πάντα
2760 5218 2857 5288 τῆς
2876 5219 3027 5285 ἀξίας
3053 5219 3505 5290 ἀπολιμπάνεται,
3533 5222 3741 5294 ἐμπρέ-

2174 5321 2273 5357 πον
2320 5305 2436 5357 ἐστὶ
2467 5306 2543 5377 τῷ
2574 5307 2694 5378 Θεῷ
2727 5308 2787 5361 τὸ
2818 5310 3122 5380 εὐεργετεῖν
3165 5311 3253 5365 τὸν
3291 5312 3571 5381 δεόμενον·
3602 5315 3738 5369 ὅπου

2174 5396 2354 5450 τοίνυν
2382 5392 2448 5466 ἦν
2482 5399 2712 5468 ήνόσος,
2743 5401 2858 5453 ἐκεῖ
2892 5400 3142 5469 φοιτῆσαι
3178 5402 3276 5471 τὴν
3312 5405 3543 5475 ίωμένην
3580 5404 3740 5460 δύνα-

2180 5502 2270 5554 μιν
2300 5485 2704 5555 ὁμολογοῦντες,
2726 5489 2778 5541 τί
2806 5487 2910 5555 ἔξω
2933 5490 3030 5575 τῆς
3056 5489 3390 5561 θεοπρεποῦς
3420 5492 3739 5562 ὑπολήψεως

2177 5576 2616 5649 πεπιστεύκαμεν
2636 5594 2651 5634 :

510 5658 632 5713 bus.
699 5656 1059 5723 Quamobrem
1105 5662 1150 5716 si
1220 5670 1531 5719 terrestrem
1614 5672 1863 5719 naturam
1928 5665 2323 5723 existimabunt
2360 5667 2639 5739 indignam
2686 5686 2809 5740 quae
2842 5686 2967 5726 cum
3000 5671 3110 5728 Deo
3160 5682 3534 5739 connectatur,
3563 5687 3739 5743 neque

509 5753 617 5807 ulla
665 5753 967 5811 invenietur
1016 5757 1198 5827 digna.
1256 5757 1410 5824 Quod
1458 5763 1503 5816 si
1557 5775 1620 5815 ex
1666 5775 1821 5831 aequo
1882 5762 2065 5818 omnia
2103 5771 2231 5819 sunt
2274 5763 2542 5831 indigna:
2613 5780 2780 5822 unum
2839 5776 3112 5839 superest,
3162 5768 3307 5838 quod
3360 5767 3470 5825 Deo
3535 5781 3741 5825 conve-
