3978 6474
257 386 326 440 73

257 502 392 568 niat,
453 499 719 554 nimirum
780 496 958 568 egenti
1000 490 1321 547 benefacere
1366 512 1378 547 :

1490 377 1748 433 ORATIO
1777 378 2276 435 CATECHETICA.

1434 494 1523 548 ubi
1579 505 1661 549 est
1716 511 1844 566 ergo
1883 496 2129 556 morbus,
2165 494 2293 548 illuc
2318 493 2724 548 medicatricem
2777 507 2965 546 ventre
2998 499 3322 560 pomslatem
3379 508 3504 550 con-

3444 371 3512 427 7-5

253 596 493 657 utentes,
525 590 791 661 quidnam
816 585 1093 639 credimus
1130 586 1370 639 alienum
1412 587 1480 639 ab
1509 602 1573 641 eo
1604 588 1746 657 quod
1777 596 1835 640 ut
1873 588 2029 641 decet
2054 587 2120 641 de
2152 585 2260 641 Deo
2292 596 2376 641 est
2402 585 2863 641 existimandum?

833 677 1080 733 ΚΕΦΑΛ.
1125 676 1261 734 KH'.

332 776 500 828 Ἀλλὰ
552 768 872 839 κωμῳδοῦσι
918 770 1017 838 τὴν
1048 770 1211 838 φύσιν
1254 771 1431 842 ἡμῶν,
1484 772 1695 823 καὶτὸν
1740 773 1837 839 τῆς

246 870 563 936 γεννήσεως
595 861 750 931 ἡμῶν
802 862 1002 931 τρόπον
1052 862 1448 933 διαθρυλλοῦσι,
1496 865 1591 916 καὶ
1633 865 1834 918 οἴονται

242 960 332 1013 διὰ
381 955 593 1008 τούτων
650 954 1005 1021 ἐπιγέλαστον
1060 959 1233 1008 ποιεῖν
1280 956 1341 1009 τὸ
1382 959 1712 1029 μυστήριονο
1762 959 1837 1022 ὡς

250 1048 499 1118 ἀπρεπὲς
531 1048 594 1100 ὃν
638 1046 716 1117 τῷ
743 1045 885 1115 Θεῷ,
927 1046 1014 1099 διὰ
1063 1048 1316 1119 τοιαύτης
1361 1050 1564 1104 εἰσόδου
1612 1051 1711 1119 τῆς
1741 1050 1834 1104 τοῦ

242 1139 600 1208 ἀνθρωπίνου
653 1137 768 1207 βίον
818 1139 1101 1201 κοινωνίας
1154 1138 1484 1209 ἐφάψασθαι.
1552 1142 1689 1194 Ἀλλ’
1735 1143 1835 1213 ἠδη

248 1233 371 1300 περὶ
402 1230 604 1282 τούτου
645 1231 739 1283 καὶ
773 1232 830 1283 ἐν
880 1232 989 1291 τοῖς
1034 1229 1339 1301 ἔμπροσθεν
1376 1232 1588 1301 εἴρηται
1636 1232 1834 1299 λόγοις,

244 1324 323 1375 ὅτι
373 1323 543 1389 μόνον
584 1322 809 1391 αἰσχρὸν
840 1326 907 1392 τῇ
956 1322 1146 1375 ἑαυτοῦ
1193 1322 1353 1390 φύσει
1396 1324 1456 1375 τὸ
1502 1325 1670 1376 κακόν
1699 1327 1833 1388 ἐστι,

244 1414 344 1466 κᾶν
373 1415 431 1465 εἴ
473 1432 527 1467 τι
577 1415 714 1485 πρὸς
750 1414 847 1484 τὴν
880 1413 1076 1467 κακίαν
1114 1414 1327 1477 οἰκείως
1359 1415 1477 1487 ἔχῃ.
1524 1416 1590 1468 Ἡ
1637 1416 1693 1469 δὲ
1738 1418 1836 1485 τῆς

247 1506 465 1573 φύσεως
506 1507 799 1559 ἀκολουθία
823 1546 841 1571 ,
884 1506 1012 1577 θείῳ
1060 1506 1358 1577 βουλήματι
1399 1507 1489 1560 καὶ
1526 1508 1673 1578 νόμῳ
1717 1509 1836 1561 δια-

244 1601 531 1670 ταχθεῖσα,
575 1601 767 1672 τιόρρω
792 1600 892 1668 τῆς
930 1598 1068 1652 κατὰ
1103 1598 1301 1652 κακίαν
1327 1599 1444 1651 ἐστ)⁵
1469 1598 1737 1670 διαϐολῆς.
1766 1601 1836 1653 Ἥ

245 1690 386 1742 οὕτω
430 1691 488 1758 γ’
517 1690 587 1742 ἂν
618 1690 714 1742 ἐπὶ
746 1688 838 1741 τὸν
858 1687 1184 1757 δημιουργὸν
1219 1689 1251 1757 ἡ
1279 1689 1583 1760 κατηγορία
1608 1689 1703 1760 τῆς
1738 1689 1836 1758 φύ-

247 1799 381 1844 σεως
421 1782 663 1843 ἐπανίοι,
698 1781 752 1832 εἴ
792 1797 844 1831 τι
878 1779 985 1831 τῶν
1026 1781 1157 1850 περὶ
1184 1779 1353 1850 αὐτὴν
1379 1779 1454 1842 ὡς
1492 1782 1715 1853 αἰσχρὸν
1742 1780 1837 1834 καὶ

245 1872 497 1944 ἀπρεπὲς
534 1870 897 1924 διαϐάλλοιτο.
941 1871 1002 1923 Ei
1035 1867 1128 1922 οὖν
1161 1869 1328 1939 μόνης
1360 1873 1557 1935 κακίας
1600 1872 1661 1924 τὸ
1684 1872 1836 1927 Θεῖον

245 1967 607 2037 κεχώρισται,
638 1960 799 2031 φύσις
844 1962 900 2014 δὲ
938 1962 1132 2026 κακίας
1162 1963 1262 2015 οὐκ
1285 1964 1420 2029 ἐστι,
1452 1964 1513 2016 τὸ
1538 1964 1593 2016 δὲ
1633 1968 1837 2035 μυστή-

246 2077 361 2130 ριον
412 2062 475 2110 ἐν
519 2053 795 2124 ἀνθρώπῳ
835 2053 1083 2121 γενέσθαι
1130 2053 1219 2106 τὸν
1252 2054 1383 2107 Θεὸν
1426 2056 1527 2108 οὐκ
1561 2059 1618 2109 ἐν
1666 2058 1833 2128 κακίᾳ

243 2152 421 2218 3:79.-
459 2147 593 2200 εἰδὲ
632 2145 725 2197 τοῦ
765 2145 1052 2216 ἀνθρώπου
1096 2145 1189 2199 ἐπὶ
1222 2146 1312 2199 τὸν
1348 2146 1463 2216 βίον
1502 2147 1705 2210 εἴσοδος
1735 2150 1835 2218 μία

244 2243 381 2301 ἐστὶ,
409 2240 481 2291 δι’
514 2234 583 2307 ἦς
612 2235 969 2306 παραγίνεται
994 2235 1085 2288 ἐπὶ
1113 2235 1208 2307 τὴν
1227 2234 1370 2308 ζωὴν
1396 2239 1455 2289 τὸ
1477 2236 1833 2307 γεννώμενον·

242 2334 408 2401 νόμον
438 2330 576 2399 μὲν·
608 2328 731 2381 τίνα
766 2327 1146 2396 νομοθετοῦσιν
1172 2329 1356 2398 ἓτερον
1385 2329 1584 2400 τρόπον
1616 2329 1695 2400 τῷ
1716 2329 1835 2400 Θεῷ

240 2426 340 2490 τῆς
369 2422 454 2483 εἰς
486 2420 576 2471 τὸν
611 2418 725 2487 βίον
760 2419 1015 2488 παρόδου,
1043 2421 1094 2471 οἱ
1134 2420 1532 2492 ἐπισκεφθῆναι
1560 2422 1658 2492 μὲν
1687 2426 1836 2493 παρά

240 2511 341 2578 τῆς
372 2509 526 2572 θείας
553 2510 840 2578 δυνάμεως
867 2509 1244 2579 ἀσθενήσασαν
1269 2513 1328 2565 ἐν
1355 2514 1522 2584 κακίᾳ
1556 2515 1652 2585 τὴν
1676 2515 1835 2584 φύσιν

238 2600 466 2669 εὓλογον
507 2602 788 2672 κρίνοντες
815 2620 829 2667 ;
864 2603 997 2671 πρὸς
1028 2602 1085 2656 δὲ
1111 2604 1201 2656 τὸν
1225 2605 1324 2674 τῆς
1352 2606 1690 2675 ἐπισκέψεως
1710 2609 1836 2679 τρό-

242 2710 345 2745 πον
378 2693 899 2764 δυσαρεστούμενοι,
934 2696 1034 2747 οὐκ
1057 2695 1258 2759 εἰδότες
1278 2697 1360 2749 ὅτι
1384 2699 1533 2751 πᾶσα
1559 2700 1694 2770 πρὸς
1722 2701 1837 2753 ἐαυ-

241 2785 341 2856 τὴν
372 2786 407 2853 ἡ
460 2785 775 2856 κατασκευὴ
816 2786 910 2839 τοῦ
964 2787 1214 2858 σώματος
1256 2790 1536 2861 όμοτίμως
1577 2790 1708 2863 ἔχει,
1742 2794 1836 2846 καὶ

242 2875 397 2928 οὐδὲν
446 2877 507 2926 ἐν
554 2876 730 2948 ταύτῃ
766 2876 873 2929 τῶν
924 2879 1059 2948 πρὸς
1110 2878 1208 2949 τὴν
1257 2880 1516 2934 σύστασιν
1559 2883 1658 2952 τῆς
1694 2882 1836 2953 ζωῆς

247 2967 649 3019 συντελούντων
691 2968 770 3031 ὡς
811 2970 1002 3037 ἄτιμόν
1039 2987 1091 3022 τι
1121 2970 1154 3040 ἦ
1191 2972 1426 3042 πονηρὸν
1471 2972 1833 3027 διαϐάλλεται.

246 3059 390 3127 Πρὸς
416 3059 517 3111 ἕνα
548 3059 660 3131 γὰρ
705 3060 905 3113 σκοπὸν
938 3064 969 3131 ἡ
999 3063 1108 3115 τῶν
1140 3065 1445 3134 ὀργανικῶν
1500 3064 1676 3135 μελῶν
1721 3066 1836 3120 δια-

244 3149 415 3220 σκευὴ
452 3153 607 3204 πᾶσα
640 3153 1015 3206 συντέτακται.
1062 3155 1121 3208 Ὀ
1153 3155 1210 3209 δέ
1238 3157 1438 3221 σκοπός
1475 3158 1613 3221 ἐστι,
1648 3158 1835 3228 διαμέ-

240 3261 355 3296 νειν
382 3248 441 3298 ἐν
468 3248 535 3315 τῇ
571 3244 685 3316 ζωῇ
709 3246 801 3299 τὸν
827 3246 1131 3318 ἄνθρωπον.
1166 3247 1247 3301 Τὰ
1287 3249 1385 3318 μὲν
1411 3246 1503 3302 οὖν
1540 3250 1699 3304 λοιπὰ
1728 3252 1835 3304 τῶν

1864 687 1910 741 Α

236 3336 494 3407 ὀργάνων
530 3338 633 3407 τὴν
682 3336 961 3409 παροῦσαν
1006 3338 1215 3409 συνέχει
1254 3339 1333 3409 τῷ
1365 3339 1639 3411 ἀνθρώπῳ
1667 3342 1830 3411 ζωὴν,
1862 3355 1903 3411 (ς

240 3428 378 3481 ἀλλα
432 3429 575 3498 πρὸς
624 3428 791 3499 ἀλλην
826 3429 1102 3500 ἐνέργειαν
1153 3432 1547 3502 μεμερισμένα,
1591 3433 1660 3486 δι’
1695 3427 1833 3507 ὧνή

237 3522 536 3592 αἰσθητικὴ
569 3539 627 3575 τε
657 3522 752 3574 καὶ
781 3524 813 3589 ἡ
848 3522 1173 3592 ἐνεργητικὴ
1199 3522 1427 3592 δύναμις
1452 3526 1834 3595 οἰκονομεῖται·

234 3616 305 3666 τὰ
334 3615 394 3667 δὲ
428 3617 730 3683 γεννητικὰ
776 3615 871 3668 τοῦ
909 3616 1190 3685 μέλλοντος
1238 3616 1350 3686 ἔχει
1403 3619 1501 3688 τὴν
1557 3622 1834 3690 πρόνοιαν,

234 3704 304 3757 δι’
337 3704 551 3756 ἑαυτῶν
584 3704 743 3772 φύσει
777 3704 879 3775 τὴν
918 3705 1165 3775 διαδοχὴν
1202 3706 1612 3775 ἁντεισάγοντα.
1644 3712 1706 3763 Εί
1744 3708 1836 3765 οὖν

241 3795 382 3866 πρὸς
417 3794 480 3847 τὸ
510 3794 770 3865 χρειῶδες
813 3794 1049 3864 βλέποις,
1094 3797 1237 3860 τίνος
1268 3798 1334 3851 ἂν
1368 3800 1451 3869 εἴη
1498 3800 1606 3853 τῶν
1641 3803 1835 3871 τιμίων

238 3880 383 3937 εἶναι
416 3883 796 3954 νομιζομένων
822 3885 1005 3939 ἐκεῖνα
1047 3887 1304 3959 δεύτερα;
1347 3890 1502 3952 Τίνος
1537 3892 1593 3945 δὲ
1638 3894 1735 3945 οὐκ
1770 3893 1835 3947 ἂν

241 3978 624 4047 προτιμότερα
648 3976 791 4028 κατὰ
811 3976 872 4028 τὸ
888 3976 1107 4045 εὔλογον
1132 3980 1367 4048 κρίνοιτο
1388 3997 1401 4045 ;
1425 3982 1497 4033 Οὐ
1518 3982 1624 4052 γὰρ
1648 3983 1835 4052 ὀφθαλ-

247 4067 333 4138 μῷ
375 4070 476 4120 καὶ
502 4070 664 4138 ἀκοῇ,
697 4070 790 4122 καὶ
824 4069 1063 4142 γλώσσῃ.
1105 4070 1137 4141 ἢ
1174 4071 1317 4141 ἄλλῳ
1361 4073 1465 4125 τινὶ
1498 4073 1605 4125 τῶν
1646 4075 1836 4146 αἰσθη-

243 4158 453 4227 τηρίων
499 4159 637 4230 πρὸς
662 4160 723 4212 τὸ
758 4159 1002 4230 διηνεκὲς
1032 4161 1091 4213 τὸ
1127 4162 1282 4229 γένος
1325 4164 1481 4232 ἡμῶν
1509 4164 1830 4235 διεξάγεται.

243 4253 286 4303 Τ
288 4252 433 4306 αὕτα
463 4250 592 4321 γὰρ,
624 4250 806 4314 καθὼς
834 4252 1070 4323 εἴρηται,
1097 4254 1197 4323 τῆς
1231 4256 1509 4326 παρούσης
1539 4258 1683 4310 ἐστὶν
1711 4261 1836 4313 ἀπο-

240 4344 493 4408 λαύσεως
511 4360 524 4373 ’
555 4344 671 4397 ἀλλ’
705 4346 763 4397 ἐν
793 4344 1022 4408 ἐκείνοις
1045 4348 1077 4417 ἡ
1105 4346 1373 4400 ἀθανασία
1401 4353 1745 4422 συντηρεῖται
1767 4356 1833 4423 τῇ

240 4437 632 4507 ἀνθρωπότητι
652 4452 665 4465 ·
706 4437 780 4499 ὡς
812 4438 898 4489 ἀεὶ
926 4437 1043 4490 καθ’
1073 4437 1230 4508 ἡμῶν
1262 4440 1588 4509 ἐνεργοῦντα
1616 4443 1706 4495 τὸν
1738 4444 1833 4497 θά-

240 4547 425 4591 νατον,
482 4530 767 4599 ἄπρακτον
820 4527 959 4582 εἶναι
1010 4531 1209 4599 τρόπον
1244 4532 1364 4585 τινὰ
1409 4532 1503 4584 καὶ
1546 4535 1829 4605 ἀνήνυτον,

239 4621 476 4673 πάντοτε
508 4621 647 4692 πρὸς
680 4622 742 4673 τὸ
766 4621 951 4674 λεῖπον
982 4620 1049 4673 δι’
1077 4622 1257 4675 αὐτῶν
1288 4625 1680 4694 ἐπιγινομένων
1706 4628 1834 4681 ἑαυ-

2472 677 2699 732 CAPUT
2740 678 2975 733 XXVIII.

2008 770 2116 826 Sed
2168 783 2409 827 nostram
2459 773 2696 828 ludibrio
2736 774 2939 827 habent
2993 782 3268 841 naturam,
3302 783 3356 831 et
3404 792 3505 831 no-

1938 871 2111 916 strum
2159 864 2418 919 nascendi
2461 865 2683 918 modum
2735 865 2788 916 in
2832 864 3026 933 vulgus
3054 864 3288 933 jactant,
3322 867 3506 921 existi-

1941 962 2201 1023 mantque
2238 970 2298 1008 se
2348 969 2411 1007 ea
2455 954 2668 1009 ratione
2710 954 3001 1008 ridiculum
3037 964 3284 1010 nostrum
3326 959 3505 1012 facere

1938 1045 2254 1114 mysterium
2290 1064 2303 1099 :
2342 1053 2532 1114 utpote
2584 1044 2728 1114 quod
2772 1043 2942 1099 Deum
2994 1060 3105 1099 non
3150 1048 3360 1112 deceat,
3412 1063 3506 1117 per

1937 1139 2204 1207 ejusmodi
2265 1139 2576 1208 ingressum
2629 1139 2886 1193 devenire
2943 1139 3010 1193 ad
3072 1139 3322 1196 humanae
3385 1152 3508 1197 Vita:

1938 1230 2276 1283 societatem.
2318 1228 2423 1283 Sed
2451 1229 2564 1297 jam
2607 1228 2674 1283 de
2712 1229 2796 1284 his
2832 1228 3040 1283 dictum
3069 1240 3154 1284 est
3190 1231 3244 1284 in
3285 1232 3354 1287 iis
3386 1249 3508 1302 uiue

1937 1320 2090 1387 prius
2135 1319 2396 1385 diximus,
2429 1335 2622 1389 nempe
2664 1321 2808 1389 quod
2850 1322 3027 1375 solum
3068 1323 3262 1377 vitium
3293 1336 3378 1379 est
3408 1341 3507 1380 sua

1938 1422 2132 1463 natura
2162 1419 2339 1479 turpe,
2371 1419 2425 1465 et
2449 1412 2495 1465 si
2523 1412 2652 1481 quid
2694 1428 2819 1466 cum
2856 1412 2989 1467 vitio
3019 1414 3256 1484 aliquam
3276 1418 3507 1485 conjun-

1938 1503 2173 1557 ctionem
2202 1503 2367 1558 habet
2408 1512 2463 1559 et
2492 1503 2825 1559 aﬂinitatem.
2859 1504 3077 1561 Natum.
3101 1518 3282 1565 autem
3311 1526 3506 1566 conse~

1937 1594 2162 1662 quentia
2206 1593 2298 1649 Dei
2349 1596 2627 1649 voluntate
2671 1604 2724 1649 et
2772 1597 2887 1667 lege
2914 1599 3188 1666 ordinata,
3230 1601 3345 1655 vitii
3391 1605 3503 1656 cri-

1937 1685 2226 1738 minationi
2261 1686 2419 1756 longe
2444 1688 2599 1741 abest
2624 1696 2685 1740 ut
2711 1688 2781 1743 sit
2807 1689 3003 1745 afﬁnis.
3028 1689 3184 1747 Nunc
3214 1700 3394 1747 autem
3424 1698 3505 1749 sic

1937 1791 2157 1845 quoque
2189 1775 2255 1829 ad
2287 1777 2537 1847 Opificem
2578 1788 2663 1833 est
2688 1779 2931 1835 reditura
2959 1792 3170 1838 natura:
3201 1787 3501 1848 accusatio,

1936 1868 1983 1922 si
2012 1867 2310 1939 quidquam
2339 1869 2459 1939 ejus
2488 1870 2832 1940 vituperetur
2860 1883 3120 1944 tanquam
3145 1885 3300 1945 turpe
3337 1886 3391 1932 et
3424 1879 3507 1931 in-

1937 1959 2220 2014 decorum.
2250 1960 2369 2014 Jam
2419 1962 2466 2016 si
2516 1977 2545 2014 a
2602 1964 2720 2018 solo
2769 1965 2903 2019 vitio
2939 1965 3212 2027 Divinitas
3255 1982 3506 2039 separata

1936 2059 2039 2113 est,
2093 2050 2211 2103 vitii
2268 2060 2451 2105 autem
2508 2053 2656 2105 nulla
2695 2060 2874 2108 exstat
2918 2064 3133 2117 natura,
3184 2059 3503 2127 mysterium

1935 2149 2102 2203 porro
2148 2135 2268 2191 ﬁdei
2320 2148 2521 2193 nostra:
2572 2138 2742 2194 Deum
2783 2141 2917 2195 dicit
2963 2142 3017 2197 in
3050 2145 3267 2200 homine
3312 2146 3504 2209 fuisse,

1937 2245 2045 2283 non
2076 2230 2131 2283 in
2163 2231 2330 2295 vitio;
2366 2233 2408 2286 si
2443 2248 2638 2289 rursus
2667 2234 2907 2290 hominis
2936 2236 2989 2289 in
3019 2237 3183 2291 vitam
3220 2243 3508 2309 ingressus

1934 2338 2078 2377 unus
2110 2333 2213 2390 est,
2248 2340 2343 2392 per
2372 2340 2534 2394 quem
2566 2325 2620 2380 id
2655 2327 2801 2396 quod
2846 2329 3092 2384 nascitur
3138 2330 3196 2384 iit
3231 2332 3355 2387 vitae
3391 2349 3509 2402 paro

1936 2414 2109 2484 ticeps
2143 2432 2509 2485 :quemnam,
2560 2434 2780 2490 quaeso,
2836 2424 3002 2477 alium
3056 2422 3163 2481 Deo
3219 2428 3274 2479 in
3338 2428 3505 2482 vitam

1936 2506 2275 2574 ingrediendi
2330 2510 2551 2564 modum
2609 2514 3008 2581 praescribunt,
3059 2518 3153 2586 qui
3214 2534 3507 2576 consenta-

1937 2608 2098 2647 neum
2138 2597 2358 2664 quidem
2386 2598 2658 2667 judicant,
2705 2610 2763 2655 ut
2792 2618 2823 2656 a
2864 2604 3047 2661 divina
3080 2609 3282 2664 virtute
3312 2611 3508 2666 visita-

1936 2694 2109 2748 retur,
2150 2701 2272 2755 quae.
2315 2689 2371 2743 in
2403 2690 2536 2744 vitio
2588 2702 2884 2761 aegrotaret
2928 2700 3166 2753 natura?
3211 2701 3293 2756 eis
3324 2712 3507 2758 autem

1935 2775 2193 2846 displicet
2225 2781 2417 2836 modus
2445 2784 2803 2850 visitationis,
2829 2790 3204 2848 nescientibus
3236 2795 3379 2863 quod
3411 2811 3507 2865 par

1936 2876 2044 2930 est,
2097 2870 2242 2937 quod
2298 2871 2366 2926 ad
2416 2888 2476 2928 se
2519 2874 2714 2930 attinet
2769 2879 3025 2945 quaelibet
3076 2886 3323 2953 corporis
3368 2902 3507 2941 con~

1937 2962 2203 3027 structio;
2239 2979 2418 3033 neque
2449 2966 2505 3020 in
2553 2982 2616 3021 ea
2655 2968 2955 3039 quidquam
2998 2988 3065 3028 ex
3105 2976 3192 3041 iis,
3222 2993 3343 3047 qua:
3378 2994 3509 3034 con-

1938 3049 2123 3106 ferunt
2166 3053 2233 3107 ad
2281 3056 2447 3110 vitam
2484 3060 2948 3127 constituendam,
2996 3066 3339 3137 vituperatur
3386 3080 3511 3125 tan-

1937 3159 2097 3213 quam
2149 3154 2309 3216 turpe
2348 3149 2578 3219 aliquid,
2627 3160 2680 3207 et
2722 3153 3019 3223 abiectum,
3064 3170 3120 3214 et
3171 3162 3391 3216 malum.
3424 3164 3509 3219 Ad

1938 3253 2107 3292 unum
2130 3241 2276 3294 enim
2300 3257 2527 3312 scopum
2550 3254 2634 3301 est
2656 3246 2863 3303 directa
2889 3259 2945 3305 et
2970 3253 3224 3308 ordinata
3253 3259 3508 3315 universa

1939 3329 2522 3388 instrumentariorum
2552 3338 2928 3395 membrorum
2958 3348 3309 3414 compositio.
3336 3351 3385 3404 Is
3418 3366 3511 3405 au-

1938 3429 2045 3474 tem
2091 3438 2298 3493 scopus
2334 3435 2439 3494 est,
2496 3438 2555 3482 ut
2594 3430 2757 3487 homo
2804 3433 2859 3487 in
2899 3436 3006 3489 vita
3062 3448 3296 3496 maneat.
3333 3442 3510 3513 Atque

1936 3522 2132 3568 caetera
2161 3516 2379 3584 quidem
2415 3521 2660 3575 membra
2694 3523 2751 3577 in
2786 3528 3043 3594 praesenti
3087 3529 3196 3585 vita
3229 3532 3506 3588 hominem

1934 3608 2243 3673 continent,
2274 3611 2378 3664 alia
2417 3613 2509 3666 alii
2559 3614 2858 3672 distributa
2890 3622 3223 3689 operationi,
3256 3640 3352 3695 per
3384 3642 3510 3695 qua

1936 3698 2357 3758 administratur
2399 3705 2635 3763 facultas
2682 3712 2954 3766 sentiendi
2991 3723 3047 3769 et
3090 3718 3385 3786 operandi;
3422 3736 3511 3790 ge-

1939 3792 2126 3845 nitalia
2160 3805 2340 3850 autem
2384 3812 2573 3852 curam
2611 3811 2807 3870 gerunt
2839 3802 3031 3871 futuri,
3077 3813 3138 3861 ut
3173 3823 3293 3877 quae
3327 3826 3421 3879 per
3450 3828 3510 3867 se

1937 3886 2249 3941 mortalium
2296 3889 2459 3944 aliam
2495 3892 2760 3949 inducant
2803 3902 3230 3955 successionem.
3284 3902 3341 3955 Si
3374 3919 3507 3975 ergo

1938 3975 2174 4043 aspicias
2230 3978 2298 4031 ad
2348 3979 2400 4033 id
2432 3981 2580 4049 quod
2631 3991 2717 4037 est
2759 3986 2913 4050 utile,
2946 3988 3163 4042 cuinam
3199 4003 3362 4045 erunt
3413 3992 3507 4048 illa

1936 4068 2177 4121 secunda
2218 4084 2284 4123 ex
2329 4069 2400 4124 iis
2440 4087 2563 4139 quae
2596 4074 2985 4130 existimantur
3016 4080 3331 4146 priestantia
3382 4097 3507 4137 esse

1936 4166 1990 4212 et
2022 4160 2402 4215 honorabilia?
2432 4161 2659 4216 Cuinam
2694 4173 2873 4220 autem
2912 4182 3041 4231 non,
3077 4176 3133 4221 ut
3162 4178 3247 4225 est
3275 4187 3507 4227 consen-

1937 4258 2186 4314 taneum,
2242 4265 2371 4307 sunt
2413 4256 2846 4311 excellentiora?
2891 4257 3009 4313 Non
3049 4261 3197 4315 enim
3243 4265 3406 4317 oculo
3453 4276 3507 4318 et

1924 4344 2185 4408 auribus,
2235 4351 2288 4399 et
2340 4346 2547 4417 lingua,
2596 4358 2691 4402 aut
2722 4349 2908 4420 aliquo
2947 4352 3056 4406 alio
3106 4367 3367 4409 sensuum
3424 4358 3507 4410 in-

1937 4444 2243 4492 strumento
2273 4437 2339 4492 ad
2372 4442 2790 4510 perpetuitatem
2834 4452 3083 4499 nostrum
3113 4461 3286 4517 genus
3317 4449 3507 4503 tradu-

1936 4529 2099 4581 citur.
2155 4528 2230 4581 Ea
2288 4531 2459 4595 enim,
2511 4539 2569 4584 ut
2618 4532 2825 4586 dictum
2872 4546 2977 4599 est,
3035 4543 3165 4590 sunt
3218 4541 3505 4608 praesentis

1938 4634 2072 4673 usus
2102 4637 2115 4673 :
2146 4620 2240 4673 sed
2269 4620 2323 4673 in
2357 4620 2466 4674 illis
2505 4622 2891 4678 immortalitas
2919 4634 3279 4681 conservatur
3311 4628 3507 4682 huma-

237 4712 337 4784 τὴν
382 4712 893 4782 ἀντεισαγαγούσης
944 4714 1043 4784 τῆς
1087 4714 1319 4783 φύσεως.
1352 4715 1417 4766 Τί
1445 4714 1538 4768 οὖν
1580 4719 1826 4788 ἀπρεπὲς

1938 4712 2087 4765 nitati
2134 4711 2382 4781 :quippe
2431 4727 2550 4781 quae
2612 4712 2839 4777 faciant,
2902 4724 2961 4767 ut
3008 4730 3156 4770 mors
3211 4717 3501 4772 adversum

237 4806 488 4875 περιέχει
540 4805 700 4873 ἡμῶν
751 4804 811 4856 τὸ
853 4806 1186 4876 μυστήριον,
1237 4808 1287 4858 εί
1334 4806 1423 4860 διά
1462 4808 1664 4862 τούτων
1694 4828 1825 4864 κατ-

239 4896 439 4969 εμίχθη
471 4899 502 4949 ό
525 4897 659 4959 Θεὸς
674 4896 753 4966 τῷ
776 4896 1102 4969 ἀνθρωπίνῳ
1124 4897 1222 4969 βίῳ
1246 4897 1314 4950 δι’
1343 4893 1417 4951 ὧν
1447 4902 1480 4970 ἠ
1504 4901 1662 4969 φύσις
1692 4903 1827 4974 πρὸς

237 4987 329 5037 τὶν
362 4986 599 5041 θάνατον
626 4988 859 5057 μάχεται
876 5004 890 5054 ;

1935 4819 2035 4857 nos
2060 4802 2215 4857 irrita
2242 4804 2649 4874 quodammodo
2680 4822 2927 4877 vanaque
2962 4808 3057 4872 sit,
3089 4818 3281 4864 natura
3316 4811 3504 4865 videli-

1934 4904 2019 4949 cet
2050 4897 2285 4966 seipsam
2324 4911 2420 4965 per
2447 4893 2516 4950 ea
2574 4913 2695 4965 quae
2730 4899 3003 4965 oriuntur,
3040 4902 3106 4955 ad
3149 4904 3504 4972 supplemen-

1941 4999 2056 5044 tum
2090 4991 2210 5059 ejus
2247 4991 2391 5059 quod
2433 4990 2615 5045 deﬁcit
2642 4990 2987 5048 obtrudente.
3018 4992 3157 5060 Quid
3198 5011 3328 5065 ergo
3358 5000 3502 5065 quod

236 5094 351 5132 non
400 5085 586 5140 decet,
630 5087 885 5133 uestrum
926 5079 1174 5133 continet
1209 5081 1554 5154 mysterium,
1606 5082 1653 5135 si
1702 5083 1825 5135 vine
1864 5082 2117 5135 humana:
2159 5082 2303 5137 Deus
2334 5096 2428 5151 per
2454 5097 2517 5135 ea
2565 5082 2761 5137 mistus
2807 5096 2911 5151 est,
2989 5099 3085 5154 per
3143 5100 3263 5157 qua:
3308 5095 3503 5140 natura

239 5191 273 5243 ρ
296 5180 450 5242 :guat
480 5188 608 5225 cum
644 5169 861 5224 morte?

824 5260 1074 5315 ΚΕΦΑΛ.
1116 5261 1243 5318 Κθί.

320 5358 489 5411 Ἀλλὰ
524 5356 865 5426 μεταϐάντες
914 5354 1024 5406 ἀπὸ
1069 5354 1280 5417 τούτου,
1311 5354 1377 5408 δι’
1417 5357 1617 5427 ἐτέρων
1660 5357 1821 5411 πάλιν

236 5449 488 5513 κακίζειν
519 5446 860 5517 ἐπιχειροῦσι
892 5446 981 5499 τὸν
1015 5446 1187 5515 λόγον.
1222 5448 1325 5500 Καί
1365 5461 1546 5517 φασιν
1573 5451 1636 5503 Εἰ
1658 5449 1821 5502 καλὸν

239 5542 336 5594 καὶ
364 5539 581 5611 πρέπον
620 5536 699 5606 τῷ
726 5535 848 5607 Θεῷ
874 5535 936 5588 τὸ
957 5538 1270 5607 γενόμενον,
1300 5537 1351 5589 τί
1399 5538 1683 5592 ἀνεόἀλετο
1722 5539 1820 5610 τὴν

236 5632 600 5701 εὐεργεσίανς
638 5630 703 5683 Τί
741 5628 799 5683 δὲ
830 5630 931 5683 οὐκ
962 5631 1019 5682 ἐν
1047 5630 1243 5699 ἀρχαῖς
1270 5630 1437 5701 οὔσης
1471 5630 1568 5699 τῆς
1602 5631 1817 5692 κακίας,

237 5727 339 5795 τὴν
369 5726 462 5778 ἐπὶ
488 5725 549 5777 τὸ
593 5724 777 5777 πλεῖον
802 5723 972 5794 αὐτῆς
1013 5722 1233 5794 πρόοδον
1276 5721 1635 5790 ὑπετέμνετο;
1679 5721 1820 5791 Πρὸς

234 5818 293 5871 δὲ
325 5816 486 5870 τοῦτο
526 5816 787 5884 σύντομος
811 5816 841 5866 ό
873 5814 1003 5881 παρ’
1028 5813 1185 5882 ἡμῶν
1214 5816 1326 5866 ἐστι
1346 5814 1521 5881 λόγος,
1553 5813 1630 5865 ὅτι
1662 5813 1819 5882 σοφίᾳ

572 5911 850 5969 ΡΑτιιυι.
892 5907 1013 5971 (in.
1047 5907 1230 5967 XLV.

2471 5254 2701 5318 CAPUT
2755 5261 2947 5318 XXIX.

1998 5354 2101 5409 Sed
2135 5354 2331 5408 adhoc
2361 5361 2726 5418 transeuntes,
2761 5369 2855 5423 per
2887 5353 2992 5407 alia
3036 5367 3228 5409 rursus
3283 5369 3345 5410 ea
3385 5370 3505 5425 qua:

1926 5448 2159 5501 dicimus
2187 5455 2454 5498 conantur
2489 5445 2817 5515 vituperare.
2841 5443 3230 5498 Dicuntenim:
3265 5444 3322 5499 Si
3356 5448 3501 5515 quod

1924 5543 2128 5594 factum
2165 5545 2269 5602 est,
2318 5538 2604 5593 honestum
2653 5544 2771 5593 erat
2812 5545 2866 5590 et
2912 5535 3077 5590 Deum
3124 5536 3371 5602 decebat,
3404 5552 3505 5593 cur

1927 5628 2138 5684 distulit
2164 5627 2511 5683 beneﬁcium?
2526 5627 2636 5683 Cur
2664 5635 2866 5691 autem,
2899 5642 3022 5680 cum
3050 5637 3196 5684 esset
3224 5629 3412 5682 vitium
3446 5628 3502 5681 in

1926 5720 2217 5788 principio.
2250 5719 2368 5788 ejus
2419 5719 2485 5772 ad
2533 5718 2793 5773 ulteriora
2841 5734 3188 5789 progressum
3245 5736 3352 5775 non
3383 5735 3500 5773 am-

1925 5812 2166 5879 putavit?
2196 5810 2275 5866 Ad
2308 5813 2407 5867 hoc
2433 5818 2610 5865 autem
2645 5811 2824 5868 brevis
2847 5824 2929 5870 est
2955 5830 3073 5885 quae
3097 5832 3124 5867 a
3158 5815 3312 5870 nobis
3343 5813 3505 5869 aden-

3120 5906 3159 5961 3
