3978 6504
507 318 576 372 ’25
1745 315 1799 369 S.
1832 314 2092 369 ΕΒΗ]οΓ

2199 310 2465 366 iYSSENI
3676 322 3737 376 τε,

512 442 601 487 tur
628 432 818 494 oratio,
850 446 1039 501 nempe
1067 430 1209 500 quod
1229 446 1321 500 per
1354 431 1696 500 sapientiam,
1724 441 1775 485 et
1799 432 1917 499 ejus
1939 431 2081 499 quod

2199 430 2392 496 γέγονε,
2421 424 2513 477 καὶ
2546 422 2639 475 τοῦ
2672 423 3064 491 λυσιτελοῦντος
3087 431 3150 498 τῇ
3187 429 3342 497 φύσει
3376 430 3675 501 προμηθείξ
3708 433 3742 502 η

510 530 711 575 nostrae
766 528 970 572 uatum:
1011 520 1266 573 conducit
1312 534 1499 572 curam
1549 533 1614 572 ac
1660 519 2077 586 providentiam,

511 608 758 664 beneficii
812 614 863 660 in
918 623 1017 661 nos
1068 608 1248 661 collati
1286 606 1426 660 facta
1470 607 1573 660 fuit
1617 608 1825 660 dilatio.
1849 605 1984 659 Nam
2025 607 2077 659 iu

510 700 716 755 morbis
752 699 1125 767 corporalibus
1160 698 1378 767 quando
1426 698 1622 766 aliquis
1656 699 1849 751 humor
1884 712 2080 766 pravus

510 800 564 847 et
592 800 882 861 corruptus
915 790 1105 860 irrepit
1132 790 1197 841 ad
1231 805 1422 857 poros;
1459 790 1775 857 priusquam
1805 788 1856 840 in
1895 801 2083 856 super-

513 884 634 939 ficic
678 890 921 953 apertum
965 880 1125 934 fuerit
1165 881 1425 950 quidquid
1467 887 1550 933 est
1584 890 1776 948 praeter
1810 886 2078 938 naturam,

513 977 727 1046 corpori
777 974 1166 1028 condensantia
1203 988 1308 1025 non
1351 971 1608 1024 adhibent
1670 969 2080 1028 medicamenta,

516 1070 549 1121 ii
585 1069 673 1137 qui
705 1067 951 1120 medendi
986 1064 1191 1117 morbis
1238 1072 1408 1115 artem
1447 1062 1769 1130 profitentur
1808 1077 1822 1111 :
1858 1059 1952 1114 sed
1992 1074 2085 1112 cx-

516 1166 763 1227 spectant
787 1158 958 1210 donec
991 1164 1141 1209 extra
1176 1154 1435 1223 prodierit
1460 1153 1719 1222 quidquid
1758 1153 2084 1205 intrinsecus

514 1265 570 1302 ιη
611 1250 718 1302 imo
747 1245 1051 1300 delitescit:
1092 1245 1162 1297 ita
1198 1243 1355 1296 nuda:
1384 1242 1656 1296 affectioni
1690 1240 1947 1293 adhibent
1975 1254 2087 1293 mc-

514 1338 772 1392 dicinam.
803 1336 1095 1406 Postquam
1127 1350 1256 1404 ergo
1281 1334 1533 1388 humana:
1568 1342 1773 1385 natura:
1807 1332 1973 1386 semel
2002 1334 2085 1384 in-

516 1430 705 1483 cubuit
741 1427 962 1482 morbus
996 1426 1133 1490 vitii,
1166 1425 1501 1494 exspectavit
1531 1422 1775 1477 medicus
1808 1421 2078 1477 universi-

517 1524 665 1584 tatis,
696 1530 754 1574 ut
787 1519 992 1573 nullum
1023 1527 1170 1573 esset
1212 1519 1480 1587 reliquum
1507 1522 1680 1586 genus
1706 1516 1825 1569 vitii
1859 1515 2086 1568 immisti

518 1624 745 1668 naturae.
780 1610 1074 1681 Propterea
1114 1624 1220 1663 non
1251 1609 1434 1661 statim
1466 1615 1589 1676 post
1634 1606 1911 1669 invidiam,
1945 1614 2000 1660 et
2056 1621 2087 1660 a

517 1707 650 1761 Cain
682 1703 878 1757 factam
915 1702 1101 1755 fratris
1120 1698 1328 1754 caedem
1359 1698 1565 1753 homini
1606 1697 1828 1751 adhibet
1860 1695 2084 1751 medici-

2184 518 2315 588 πρὸς
2359 516 2455 585 τὴν
2507 514 2822 582 εὐεργεσίαν
2864 514 3020 584 ἡμῶν
3062 520 3309 589 ἀναϐολή.
3346 522 3455 574 Καὶ
3502 522 3609 593 γὰρ
3656 524 3748 577 ἐπὶ

2181 609 2289 660 τῶν
2322 604 2647 677 σωματικῶν
2676 606 3014 676 νοσημάτων,
3050 607 3176 659 ὅταν
3215 628 3293 673 τις
3329 612 3624 684 διεφθορώς
3652 632 3748 684 χυ-

2188 699 2286 767 μδς
2326 698 2544 769 ὑφέρπῃ
2586 696 2806 767 πόρους,
2838 699 2967 769 πρὶν
3004 697 3149 753 ἆπαν
3192 700 3285 752 ἐπὶ
3330 703 3421 768 τὴν
3453 705 3749 773 ἐμφάνειαν

2186 786 2592 856 ὲκκαλυφθῆναι
2623 787 2769 856 παρά
2791 787 2951 855 φύσιν
2967 790 3299 858 ἐγκείμενον,
3318 790 3378 842 οὐ
3396 806 3752 865 καταφαρμα-

2184 879 2400 932 κεύεται
2444 880 2556 941 τοῖς
2598 879 2855 931 πυκνοῦσι
2889 879 2948 932 τδ
2991 882 3149 950 σῶμα
3176 882 3323 951 παρά
3365 881 3473 933 τῶν
3493 888 3748 954 τεχνικῶς

2190 969 2582 1040 μεθοδευόντων
2614 971 2679 1021 τὰ
2725 970 2869 1040 πάθη
2889 988 2902 1000 ⁸
2925 971 3058 1023 άλλά
3088 972 3305 1042 μένουσι
3335 972 3394 1025 τὸ
3434 972 3751 1044 ένδομνχοῦν

2188 1063 2330 1114 ἆπαν
2362 1061 2465 1127 ἔξω
2498 1061 2767 1130 γενέσθαι,
2815 1063 2906 1115 καὶ
2952 1063 3092 1116 οὕτω
3119 1064 3310 1133 γυμνῷ
3336 1064 3414 1133 τῷ
3460 1064 3619 1118 πάθει
3658 1071 3750 1136 τὴν

2190 1153 2428 1222 ἰατρείαν
2460 1154 2839 1223 προσάγουσιν.
2879 1155 3095 1226 Ἐπειδὴ
3120 1158 3295 1208 τοίνυν
3320 1156 3461 1221 ἆπαξ
3490 1157 3755 1227 ἐνέσκηψε

2187 1246 2250 1313 τῇ
2278 1243 2434 1312 φύσει
2463 1245 2559 1313 τῆς
2590 1245 3001 1316 ἀνθρωπότητος
3032 1249 3064 1316 ὴ
3094 1249 3189 1317 τῆς
3216 1250 3413 1310 κακίας
3438 1249 3609 1312 νόσος,
3634 1249 3758 1301 ἀνέ-
3854 1276 3859 1279 ·

2194 1355 2351 1408 μενεν
2396 1341 2423 1391 ό
2458 1338 2552 1391 τοῦ
2590 1340 2788 1402 παντὸς
2823 1340 3181 1411 θεραπευτής,
3222 1343 3388 1412 μηδὲν
3436 1342 3760 1412 ὑπολειφθῆ-

2190 1446 2276 1481 ναι
2310 1432 2408 1499 τῆς
2462 1432 2726 1501 πονηρίας
2779 1428 2915 1494 εἶδος
2958 1434 3401 1503 ἐγκεκρυμμένον
3454 1437 3517 1504 τῇ
3574 1434 3754 1502 φύσει.

2189 1522 2286 1574 Διά
2308 1521 2465 1574 τοῦτο
2485 1522 2585 1575 οὐκ
2603 1522 2761 1586 εὐθὺς
2789 1523 2925 1592 μετά
2950 1524 3039 1576 τὸν
3066 1525 3275 1593 φθόνον,
3298 1528 3392 1579 καὶ
3416 1526 3511 1595 τὴν
3534 1527 3759 1595 ἀδελφο-

2192 1613 2408 1668 κτονίαν
2439 1613 2531 1667 τοῦ
2574 1616 2713 1668 Κάῖν
2757 1619 3020 1687 προσάγει
3056 1616 3133 1687 τῷ
3177 1618 3447 1688 ἀνθρώπῳ
3474 1618 3569 1690 τὴν
3600 1619 3764 1689 θερα-

2194 1705 2383 1756 πείαν·
2414 1704 2565 1758 οὔπω
2590 1706 2696 1776 γάρ
2726 1706 2831 1760 τῶν
2857 1708 2949 1760 ἐπὶ
2979 1708 3098 1760 Νῶε
3127 1710 3581 1779 καταφθαρέντων
3603 1713 3637 1781 ἡ
3661 1730 3764 1764 κα-

519 1812 677 1862 nam;
714 1792 954 1848 nondum
985 1792 1130 1845 enim
1168 1791 1224 1845 in
1257 1790 1378 1844 luce
1414 1790 1725 1859 prodierant
1756 1789 1958 1844 scelera
1996 1804 2086 1841 eo-

2199 1796 2279 1847 κία
2315 1794 2635 1865 ἐξέλαμψεν,
2673 1798 2791 1851 οὐδὲ
2825 1799 2924 1867 τῆς
2968 1800 3316 1871 Σοδομιτικῆς
3357 1803 3695 1872 παρανομίας
3725 1804 3763 1873 ἡ

520 1901 638 1940 rum
670 1885 761 1955 qui
799 1882 991 1938 Noemi
1053 1890 1296 1952 tempore
1327 1882 1609 1951 perierunt
1638 1898 1653 1947 ;
1687 1894 1786 1933 nec
1837 1877 2087 1931 Sodomi-

519 1980 636 2033 ticze
667 1976 970 2046 iniquitatis
1006 1974 1366 2043 gravissimus
1399 1973 1489 2025 ille
1540 1974 1761 2025 morhus
1797 1978 1961 2039 caput
1990 1986 2086 2022 ex-

519 2078 777 2134 eruerat;
812 2084 987 2137 neque
1021 2065 1400 2136 Egyptiorum
1460 2064 1727 2117 adversus
1764 2063 1929 2116 Deum
1992 2078 2091 2131 pu-

518 2175 874 2231 gna;neque
937 2158 1288 2228 Assyriorum
1350 2157 1645 2225 superbia.
1712 2169 1810 2207 nec
1863 2161 2089 2205 cruenta

520 2254 827 2307 Judzeorum
859 2251 912 2303 in
958 2249 1048 2303 Dei
1091 2256 1310 2303 sanctos
1349 2248 1591 2309 smvitia,
1651 2261 1823 2314 neque
1887 2244 2092 2296 nefaria

522 2343 593 2394 ab
623 2340 835 2395 llerode
855 2338 999 2391 facta
1028 2336 1204 2391 credes
1233 2334 1522 2389 infantium
1555 2373 1569 2398 ,
1604 2350 1704 2387 nec
1757 2347 2094 2401 quaecunque

524 2434 629 2487 alia
665 2433 967 2485 litterarum
999 2428 1366 2483 monumentis
1396 2437 1524 2483 sunt
1554 2426 1832 2489 mandata,
1858 2434 1915 2480 et
1945 2440 2092 2495 quae-

520 2538 737 2593 cunque
773 2522 828 2576 in
862 2520 1146 2591 gentilium
1195 2519 1422 2572 historia
1465 2516 1929 2586 consequentibus
1990 2531 2091 2569 sae-

522 2615 660 2670 culis
692 2622 839 2683 gesta
870 2618 1168 2665 narrantur
1188 2652 1201 2675 ,
1231 2625 1353 2675 cum
1384 2612 1435 2662 in
1490 2608 1662 2662 libero
1692 2606 1973 2660 hominum
2005 2621 2093 2659 ar-

513 2708 686 2760 .hitrio
718 2702 1065 2756 multifariam
1103 2701 1397 2769 multisque
1430 2699 1603 2753 modis
1632 2699 1969 2768 germinaret
2000 2712 2090 2751 ra-

524 2802 611 2853 dix
646 2797 780 2850 vitii.
809 2795 1102 2865 Postquam
1160 2807 1289 2862 ergo
1323 2792 1513 2845 vitium
1560 2790 1805 2860 pervenit
1843 2789 1909 2842 ad
1943 2804 2091 2843 sum-

525 2904 694 2948 mum,
728 2900 827 2938 nec
853 2892 970 2937 erat
1003 2882 1167 2934 ullum
1200 2894 1372 2951 genus
1417 2878 1662 2939 sceleris,
1699 2878 1845 2947 quod
1900 2876 2092 2929 admit-

2189 1887 2396 1957 χαλεπὴ
2426 1888 2579 1949 νόσος
2618 1890 2960 1959 ἀνεκαλύφθη
2984 1908 2996 1920 ·
3029 1891 3061 1960 ἢ
3103 1892 3220 1945 οὐδὲ
3252 1894 3284 1963 ἡ
3316 1893 3422 1945 τῶν
3450 1895 3764 1963 Αἰγυπτίων

2191 1976 2474 2047 θεομαχία,
2506 1979 2679 2049 οὐδὲή
2710 1980 2816 2033 τῶν
2854 1981 3150 2051 Ἀσσυρίων
3178 1984 3540 2054 ὑπερηφανία,
3571 1986 3689 2039 οὐδὲ
3724 1987 3762 2055 ἡ

2189 2068 2283 2121 τοῦ
2329 2068 2565 2138 Ἡρώδου
2608 2071 2922 2141 παράνομος
2974 2072 3307 2141 παιδοφονία,
3348 2075 3466 2128 οὐδὲ
3515 2076 3582 2130 τὰ
3626 2076 3765 2130 ἄλλα

2193 2158 2370 2212 πάντα
2409 2162 2508 2215 ὅσα
2548 2179 2607 2214 τε
2646 2166 3059 2234 μνημονεύεται,
3099 2166 3189 2218 καὶ
3235 2166 3333 2218 ὅσα
3366 2166 3468 2232 ἔξω
3493 2169 3589 2238 τῆς
3617 2170 3766 2221 ἱστο-

2199 2252 2317 2319 ρίας
2346 2252 2403 2304 ἐν
2428 2255 2546 2315 ταῖς
2580 2254 2815 2323 καθεξῆς
2840 2258 3051 2321 γενεαῖς
3082 2257 3434 2326 κατεπράχθη
3458 2274 3471 2288 ·
3506 2260 3769 2330 πολυτρό-

2195 2356 2311 2401 πως
2339 2340 2436 2410 τῆς
2456 2341 2550 2393 τοῦ
2578 2342 2747 2394 κακοῦ
2775 2341 2929 2413 ῥίζης
2954 2345 3011 2395 ὲν
3033 2347 3151 2407 ταῖς
3177 2345 3283 2397 τῶν
3312 2345 3609 2414 ἀνθρώπων
3635 2364 3770 2418 προ-

2194 2432 2436 2501 αιρέσεσι
2476 2432 2890 2505 βλαστανούσης.
2932 2434 3083 2487 Ἐπεὶ
3111 2431 3202 2488 οὖν
3231 2437 3367 2505 πρὸς
3386 2437 3446 2489 τὸ
3468 2437 3766 2507 ἀκρότατον

2196 2519 2396 2587 ἔφθασε
2430 2521 2625 2592 μέτρον
2653 2524 2685 2593 ἡ
2722 2525 2909 2586 κακία,
2933 2526 3027 2577 καὶ
3054 2525 3203 2577 οὐδὲν
3230 2526 3308 2577 ἔτι
3342 2526 3601 2595 πονηρίας
3630 2521 3771 2589 εἶδος

2196 2611 2255 2663 ὲν
2288 2615 2399 2673 τοῖς
2444 2614 2750 2685 ἀνθρώποις
2780 2616 3079 2686 ἀτόλμητον
3105 2613 3193 2687 ἦν,
3238 2616 3313 2680 ώς
3361 2617 3426 2670 ἂν
3452 2617 3538 2669 διὰ
3586 2618 3775 2687 πάσης

2197 2702 2294 2772 τῆς
2312 2703 2621 2773 ἀρρωστίας
2649 2709 3051 2778 προχωρήσειεν
3077 2710 3109 2780 ἡ
3150 2708 3428 2780 θεραπεία,
3458 2701 3644 2761 τουτὸυ
3671 2710 3776 2779 χά-

2200 2809 2286 2862 ριν
2314 2794 2413 2846 οὑκ
2444 2796 2774 2868 ἀρχομένην,
2800 2798 2936 2854 ἀλλά
2956 2799 3332 2853 τελειωθεῖσαν
3360 2800 3645 2872 θεραπεύει
3668 2801 3773 2871 τὴν

2205 2883 2378 2936 νόσον.

523 2989 636 3033 tere
668 2992 774 3031 non
806 2974 923 3029 ausi
953 2980 1136 3027 essent
1168 2970 1435 3033 homines,
1467 2980 1523 3022 ut
1558 2985 1652 3038 per
1703 2983 1919 3022 omnem
1987 2970 2364 3037 aegritudinem
2441 2978 2759 3044 pervaderet
2827 2981 3116 3045 medicina,
3191 2998 3252 3036 ea
3309 2985 3375 3037 de
3431 2998 3593 3037 causa
3656 2998 3773 3037 non

524 3070 894 3141 incipientem,
922 3065 1016 3120 sed
1039 3064 1149 3131 jam
1182 3061 1482 3131 perfectum
1516 3062 1762 3116 morbum
1795 3068 1972 3115 curat.

1088 3155 1313 3211 CAPUT
1355 3154 1526 3207 XXX.

598 3254 656 3309 Si
678 3252 801 3327 quis
827 3258 1004 3305 autem
1032 3251 1310 3304 existimat
1332 3263 1387 3302 se
1412 3262 1571 3315 posse
1596 3246 1841 3300 refellere
1871 3247 1920 3298 id
1950 3244 2095 3314 quod

522 3344 779 3406 dicimus,
828 3341 1086 3411 quoniam
1141 3340 1301 3393 etiam
1340 3346 1625 3408 postquam
1693 3336 1795 3390 fuit
1852 3336 2093 3390 adhibita

520 3435 816 3499 medicina,
854 3431 1110 3502 peccandi
1151 3431 1388 3484 nondum
1450 3429 1607 3483 finem
1674 3428 1805 3481 facit
1856 3429 2095 3481 humana

526 3528 637 3581 via
662 3568 677 3590 ,
724 3525 770 3577 is
800 3524 981 3591 aliquo
1010 3529 1138 3575 noto
1178 3528 1229 3575 et
1266 3518 1521 3572 familiari
1554 3518 1799 3587 exemplo
1862 3518 2097 3572 deduca-

529 3630 619 3674 tur
649 3618 715 3671 ad
768 3618 1065 3671 veritatem.
1104 3613 1390 3679 Quomodo
1419 3613 1563 3666 enim
1604 3611 1658 3665 in
1716 3620 1988 3682 serpente,
2050 3613 2097 3666 si

529 3710 868 3765 mortiferum
898 3708 1116 3777 aliquod
1142 3709 1341 3759 vulnus
1374 3705 1429 3757 in
1453 3704 1632 3774 capite
1661 3704 1954 3773 acceperit,
1988 3718 2096 3757 non

531 3804 710 3858 statim
745 3800 903 3853 simul
930 3813 1053 3851 cum
1085 3798 1260 3867 capite
1299 3803 1471 3850 morte
1515 3794 1743 3848 afﬁcitur
1792 3796 1953 3849 etiam
2005 3794 2095 3864 qui

532 3911 670 3963 pone
696 3902 775 3946 est
804 3899 1032 3949 tractus.
1065 3890 1159 3943 sed
1204 3894 1481 3941 mortuum
1513 3885 1732 3955 quidem
1769 3895 1855 3940 est
1909 3894 2093 3955 caput,

530 3985 704 4039 cauda
733 3993 911 4037 autem
946 3981 1169 4051 proprio
1201 3980 1385 4031 animo
1419 3977 1597 4033 adhuc
1634 3985 1716 4033 est
1749 3978 2007 4042 animata,
2043 3987 2096 4032 et

530 4075 679 4129 vitali
716 4074 912 4127 virtute
944 4087 1049 4125 non
1086 4079 1170 4125 est
1201 4070 1413 4138 privata
1447 4085 1462 4122 :
1502 4068 1577 4122 ita
1621 4066 1785 4122 etiam
1839 4067 1968 4121 licet
2010 4067 2093 4122 vi-

533 4171 660 4220 dere
688 4167 880 4218 vitium
914 4164 1127 4217 letifero
1153 4162 1372 4231 quidem
1402 4160 1629 4214 vulnere
1669 4157 2000 4223 confectum,
2041 4160 2093 4213 in

532 4258 649 4311 suis
678 4267 853 4309 autem
887 4254 1131 4323 reliquiis
1156 4254 1279 4305 vitae
1331 4251 1589 4306 exhibere
1624 4251 1950 4305 molestiam.
1991 4250 2094 4305 Sed

520 4364 655 4403 cum
693 4346 936 4416 mysterii
973 4345 1236 4397 rationem
1267 4342 1317 4394 in
1344 4342 1431 4396 his
1475 4340 1869 4411 reprehendere
1926 4340 2098 4395 desie-

534 4442 665 4503 rint,
700 4454 891 4494 rursus
922 4436 1304 4496 criminantur,
1338 4432 1481 4502 quod
1519 4433 1650 4487 fides
1701 4448 1808 4486 non
1851 4448 1946 4502 per
1977 4448 2093 4485 om—

2794 3160 3041 3215 ΚΕΦΛΛ.
3085 3164 3165 3216 Λ’.

2274 3249 2335 3301 Ei
2364 3250 2420 3302 δέ
2460 3268 2541 3314 τις
2585 3251 2823 3321 ἐλέγχειν
2857 3254 3023 3308 οἴεται
3055 3254 3145 3306 τὸν
3186 3255 3450 3326 ἡμέτερον
3482 3257 3652 3326 λόγον,
3685 3260 3779 3315 ὅτι

2204 3339 2296 3390 καὶ
2330 3339 2465 3408 μετὰ
2496 3341 2557 3392 τὸ
2604 3342 2979 3413 προσαχθῆναι
3008 3344 3106 3416 τὴν
3149 3345 3438 3416 θεραπείαν
3472 3347 3551 3401 ἔτι
3590 3349 3779 3420 πλημυ

2207 3431 2445 3500 μελείται
2477 3434 2564 3487 διὰ
2610 3436 2716 3489 τῶν
2761 3438 3170 3509 ἁμαρτημάτων
3197 3441 3224 3491 ὁ
3269 3439 3601 3510 ἀνθρώπινος
3631 3441 3776 3511 βίος,

2205 3525 2558 3596 ὐποδείγματί
2594 3545 2695 3580 τινι
2723 3528 2832 3581 τῶν
2860 3530 3146 3599 γνωρίμων
3174 3530 3488 3600 όδηγηθῆτω
3510 3532 3640 3601 πρὸς
3664 3534 3776 3603 τὴν

2203 3616 2476 3685 ἀλήθειαν.
2513 3618 2724 3689 Ὥσπερ
2754 3619 2861 3689 γάρ
2891 3620 2982 3672 ἐπὶ
3016 3620 3109 3672 τοῦ
3148 3620 3322 3689 ὁιρεως
3358 3623 3405 3673 εί
3439 3624 3578 3675 κατὰ
3606 3641 3778 3692 κεφα-

2204 3705 2298 3776 λῆς
2329 3708 2426 3778 τὴν
2471 3710 2691 3780 καιρίαν
2723 3709 2897 3775 λάϐοι,
2929 3711 3029 3764 οὐκ
3075 3712 3235 3774 εὐθὺς
3283 3713 3663 3781 συννεκροῦται
3699 3718 3774 3787 τῇ

2204 3799 2409 3869 κεφαλῇ
2446 3802 2538 3853 καὶ
2562 3803 2590 3853 ό
2628 3802 2854 3855 κατόπιν
2884 3802 3056 3866 ὁλκὸς,
3083 3802 3195 3855 ἀλλ’
3226 3806 3259 3873 ἡ
3293 3803 3390 3872 μὲν
3427 3804 3673 3874 τέθνηκε,
3706 3806 3778 3860 τδ

2202 3890 2257 3943 δὲ
2286 3892 2474 3961 οὐρέον
2508 3892 2586 3946 ἔτι
2614 3894 2885 3963 ἐψύχωται
2913 3894 2990 3964 τῷ
3020 3895 3132 3965 ίδίῳ
3153 3895 3327 3965 θυμῷ,
3358 3897 3451 3947 καὶ
3478 3896 3575 3966 τῆς
3607 3897 3775 3961 ζωτι-

2204 3981 2303 4050 κῆς
2330 3982 2610 4051 δυνάμεως
2653 3984 2751 4036 οὐκ
2799 3982 3121 4053 ἐστέρηται⁸
3159 3984 3329 4046 οὕτως
3381 3984 3497 4036 ἔστι
3544 3986 3635 4037 καὶ
3668 3985 3777 4056 τὴν

2203 4071 2397 4123 κακίαν
2449 4072 2575 4123 ἰδεῖν
2602 4071 2680 4138 τῷ
2715 4073 2812 4142 μὲν
2860 4072 3058 4141 καιρίῳ
3110 4072 3422 4142 πληγεῖσαν,
3464 4074 3520 4124 ἐν
3564 4074 3621 4126 δὲ
3657 4076 3776 4137 τοῖς

2202 4160 2471 4229 λειψάνοις
2535 4162 2730 4232 ἑαυτῆς
2785 4163 2864 4215 ἔτι
2928 4163 3240 4232 διοχλοῦσαν
3306 4164 3381 4234 τῷ
3444 4165 3561 4235 βίῳ.
3629 4166 3775 4219 Ἀλλ’

2206 4252 2426 4318 ἀφέντες
2450 4254 2542 4305 καὶ
2568 4253 2657 4305 τὸν
2680 4255 2804 4324 περὶ
2829 4256 3029 4308 τούτων
3050 4256 3138 4309 τὸν
3162 4256 3315 4325 λόγον
3343 4256 3435 4309 τοῦ
3468 4259 3772 4327 μυστηρίου

2206 4340 2533 4409 μέμφεσθαι,
2565 4342 2625 4393 τὸ
2650 4342 2723 4413 μὴ
2752 4343 2838 4396 διὰ
2862 4344 3076 4396 πάντων
3108 4344 3309 4413 διήκειν
3338 4345 3443 4396 τῶν
3466 4344 3776 4415 ἀνθρώπων

2201 4432 2299 4502 τὴν
2334 4432 2514 4484 πίστιν
2564 4435 2620 4485 ὲν
2654 4434 2801 4504 αἰτίᾳ
2849 4434 3145 4489 ποιοῦνται.
3179 4435 3287 4489 Καὶ
3330 4436 3383 4487 τί
3415 4436 3633 4506 δήποτε,
3665 4454 3775 4507 φα-

534 4549 632 4589 nes
664 4531 923 4601 pervadat
956 4529 1221 4582 homines.
1272 4526 1381 4579 Cur
1413 4526 1960 4595 tandem,inquiunt,
1994 4540 2092 4577 non

2206 4522 2308 4586 σὶν,
2336 4522 2433 4575 οὐκ
2464 4524 2552 4576 ἐπὶ
2579 4526 2782 4588 πάντας
2806 4520 2965 4595 ἦλθεν
2995 4528 3028 4594 ἡ
3050 4526 3228 4596 χάρις,
3254 4526 3389 4579 ἀλλά
3413 4543 3571 4580 τινων
3600 4544 3773 4598 προσ-

536 4622 602 4676 ad
634 4636 829 4677 omnes
864 4620 1009 4674 venit
1039 4618 1233 4688 gratia,
1275 4616 1369 4669 sed
1404 4631 1527 4670 cum
1573 4618 1739 4686 aliqui
1776 4617 1841 4669 ad
1874 4616 2097 4670 verbum

537 4712 627 4766 Dei
663 4708 1012 4773 accesserint,
1046 4724 1153 4761 non
1187 4722 1349 4776 parva
1386 4723 1511 4777 pars
1536 4715 1619 4761 est
1654 4723 1841 4762 eorum
1884 4708 1976 4776 qui
2008 4707 2102 4759 de-

536 4811 682 4868 sunt,
716 4818 838 4857 cum
864 4810 961 4855 aut
1001 4799 1143 4855 Deus
1182 4801 1421 4853 noluerit
1445 4802 1698 4855 omnibus
1730 4802 1942 4855 abunde
1999 4803 2100 4853 im-

538 4896 738 4962 pertire
770 4891 1116 4951 beneficium,
1150 4900 1241 4943 aut
1268 4892 1494 4944 omnino
1521 4906 1627 4944 non
1660 4890 1940 4959 potuerit?
1970 4904 2101 4958 quo-

536 5001 655 5038 rum
681 4985 898 5054 quidem
935 4994 1183 5037 neutrum
1221 4984 1646 5053 reprehensione
1679 4992 1870 5037 caret:
1923 4997 2099 5050 neque

528 5078 680 5131 enim
714 5074 825 5130 Deo
850 5075 1101 5128 convenit
1141 5073 1285 5142 quod
1330 5075 1528 5127 bonum
1582 5074 1819 5127 noluerit
1857 5114 1871 5137 ,
1923 5087 2099 5140 neque

538 5166 681 5234 quod
709 5180 817 5219 non
846 5165 1104 5235 potuerit.
1140 5163 1195 5216 Si
1248 5180 1381 5234 ergo
1429 5164 1649 5234 aliquod
1679 5165 1880 5217 bonum
1925 5171 2009 5217 est
2038 5164 2101 5216 fi-

537 5256 677 5309 des:
719 5269 838 5317 cur,
870 5255 1145 5322 inquiunt,
1186 5268 1293 5307 non
1325 5252 1391 5307 ad
1442 5269 1630 5307 omnes
1688 5254 1833 5306 venit
1882 5254 2104 5323 gratia?

537 5349 713 5415 Atque
746 5346 791 5400 si
823 5346 937 5400 haec
971 5347 1189 5415 quidem
1234 5347 1287 5399 in
1328 5346 1395 5399 iis
1446 5361 1565 5413 quae
1596 5345 1828 5398 dicimus
1867 5359 1895 5396 a
1948 5344 2101 5397 nobis

541 5446 938 5500 astruercntur,
969 5439 1114 5507 quod
1167 5454 1196 5490 a
1244 5437 1426 5491 divina
1480 5437 1756 5488 voluntate
1792 5436 2104 5490 hominibus

539 5528 961 5582 distribueretur
995 5530 1149 5593 fides,
1179 5536 1364 5598 utpote
1390 5527 1532 5596 quod
1564 5527 1651 5579 alii
1682 5526 1897 5593 quidem
1943 5541 2105 5579 voca-

546 5628 760 5685 rentur,
794 5622 972 5675 caateri
1019 5630 1200 5677 autem
1236 5630 1418 5675 essent
1473 5626 1724 5687 expertes
1756 5618 2057 5672 vocationis
2087 5637 2101 5683 ;

540 5721 851 5785 opportune
870 5713 1174 5783 hujusmodi
1197 5710 1546 5782 reprehensio
1563 5709 1891 5777 olijiceretur
1908 5719 2105 5777 myste-

2203 4614 2442 4685 θεμένων
2473 4614 2550 4685 τῷ
2580 4616 2737 4685 λόγῳ,
2763 4616 2828 4668 οὑ
2866 4619 3057 4688 μικρόν
3106 4620 3221 4670 ὲστι
3253 4620 3313 4671 τὸ
3346 4617 3772 4690 ὑπολειπόμενον

2206 4707 2388 4777 μέρος,
2419 4707 2451 4776 ῆ
2504 4709 2577 4777 μὴ
2621 4707 2969 4777 βουληθέντος
3007 4710 3100 4763 τοῦ
3133 4710 3266 4763 Θεοῦ
3298 4713 3477 4764 πᾶσαν
3523 4711 3773 4779 ἀφθόνως

2202 4798 2299 4867 τὴν
2327 4799 2640 4869 εὐεργεσίαν
2669 4795 2825 4864 εἶναι,
2860 4801 2892 4871 ἢ
2936 4802 3009 4873 μὴ
3042 4802 3358 4872 δυνηθέντος
3387 4802 3629 4866 πάντως;
3664 4800 3772 4857 Ὧν

2206 4887 2316 4940 οὐθ’
2345 4887 2530 4957 ἕτερον
2556 4889 2845 4959 καθαρεύει
2871 4891 2969 4961 τῆς
3002 4892 3257 4962 μέμψεως
3276 4910 3289 4921 ·
3320 4890 3440 4944 οὔτε
3468 4892 3575 4962 γὰρ
3603 4892 3770 4946 ἀϐού-

2206 4978 2364 5047 λητον
2397 4973 2620 5031 εἶναιτὸ
2656 4980 2855 5047 ἀγαθὸν
2891 4985 3152 5052 προσήκει
3196 4981 3273 5051 τῷ
3309 4980 3447 5050 Θεῷ,
3478 4980 3600 5034 οὔτε
3644 4982 3772 5034 ἁδύ-

2205 5087 2384 5123 νατον.
2414 5070 2475 5122 Εἰ
2503 5066 2595 5123 οὖν
2623 5071 2823 5138 ἀγαθόν
2852 5090 2904 5124 τι
2936 5075 2968 5141 ἡ
3005 5073 3206 5136 πίστις,
3236 5072 3324 5124 διὰ
3357 5073 3429 5134 τί,
3465 5074 3646 5140 φασιν,
3668 5072 3773 5127 οὐκ

2207 5160 2296 5213 ἐπὶ
2328 5160 2532 5222 πάντας
2554 5162 2585 5229 ή
2606 5164 2760 5231 χάρις
2782 5178 2793 5224 ;
2823 5160 2884 5213 Εἰ
2916 5162 3013 5231 μὲν
3042 5158 3132 5215 οὖν
3157 5160 3327 5214 ταῦτα
3348 5162 3442 5215 καὶ
3462 5160 3587 5229 παρ’
3614 5161 3772 5231 ἡμῶν

2207 5253 2265 5303 ὲν
2292 5251 2370 5320 τῷ
2399 5251 2541 5323 λόγῳ
2560 5252 3005 5315 κατεσκευάζετο,
3031 5255 3180 5323 παρά
3210 5252 3305 5306 τοῦ
3335 5254 3480 5306 θείου
3504 5252 3772 5323 βουλήμα-

2204 5360 2294 5404 τος
2327 5343 2763 5415 ἀποκληροῦσθαι
2792 5348 2903 5407 τοῖς
2948 5344 3255 5415 ἀνθρώποις
3299 5344 3397 5414 τὴν
3430 5345 3633 5407 πίστιν,
3662 5343 3772 5395 τῶν

2204 5433 2261 5485 δὲ
2297 5434 2393 5503 μὲν
2424 5434 2767 5505 καλουμένων
2785 5450 2797 5462 ο
2822 5434 2930 5485 τῶν
2961 5434 3017 5485 δὲ
3044 5434 3243 5487 λοιπῶν
3276 5433 3645 5504 άμοιρούντων
3668 5432 3771 5501 τῆς

2207 5525 2471 5594 κλήσεως,
2508 5527 2697 5597 καιρὸν
2725 5523 2841 5595 εἶχε.
2869 5526 2929 5577 τὸ
2954 5524 3188 5578 τοιοῦτον
3219 5526 3465 5596 ἔγκλημα
3504 5525 3643 5577 κατά
3672 5522 3767 5575 τοῦ

2212 5617 2506 5687 μυστηρίου
2540 5616 2926 5687 προφέρεσθαι.
2965 5617 3026 5669 Εἰ
3056 5618 3111 5669 δὲ
3138 5617 3394 5687 ὁμότιμος
3438 5616 3529 5668 ἐπὶ
3564 5614 3771 5674 πάντας

2214 5708 2246 5779 ἡ
2282 5708 2490 5776 κλῆσις,
2535 5709 2654 5761 οὔτε
2690 5709 2866 5773 ἀξίας,
2895 5708 3015 5761 οὕτε
3061 5708 3303 5779 ἡλικίας,
3339 5707 3457 5760 οὕτε
3488 5706 3585 5770 τὰς
3630 5704 3770 5757 κατὰ
