3978 6488
272 371 342 427 τι
1505 369 1766 426 ORATIO
1792 370 2287 427 CATECIIETICA.
3445 381 3510 437 78

270 489 340 542 τὰ
363 485 497 554 ἔθνη
529 483 794 554 διαφορὰς
825 483 1194 554 διακρίνουσα.
1235 483 1332 537 Διά
1364 485 1520 538 τοῦτο
1559 485 1668 558 γὰρ
1695 484 1848 556 παρά

1965 486 2050 541 rio.
2100 486 2156 541 Si
2185 498 2364 542 autem
2399 489 2604 558 pariter
2654 490 2722 544 ad
2751 505 2939 547 omnes
2976 495 3224 562 procedit
3274 498 3506 564 vocatio,

266 578 369 647 τὴν
423 574 651 646 πρώτην
694 571 870 644 ἀρχὴν
925 573 1292 644 κηρύγματος,
1342 575 1676 644 ὁμόγλωσσοι
1719 577 1852 628 πᾶσι

268 671 381 730 τοῖς
413 666 630 719 ἔθνεσιν
659 665 707 716 οί
736 663 1106 726 διακονοῦντες
1136 665 1225 716 τὸν
1267 664 1422 732 λόγον
1453 667 1516 718 ἐκ
1547 665 1693 730 θείας
1736 669 1855 718 ἐπι-

268 760 465 822 πνοίας
497 757 711 828 ἀθρόως
755 757 1025 824 ἐγένοντο,
1055 758 1132 820 ὡς
1172 757 1238 811 ἂν
1268 759 1455 828 μηδεὶς
1488 758 1595 810 τῶν
1635 757 1852 827 ἀγαθῶν

267 851 635 919 ἀμοιρήσειε·
687 846 803 910 πῶς
842 845 909 899 ἂν
937 847 1078 900 κατά
1107 847 1167 900 τὸ
1215 847 1434 916 εὔλογον
1469 849 1549 901 ἔτι
1592 849 1680 902 τὸν
1722 849 1854 902 Θεὸν

265 940 545 1006 αἰτιῷντο,
567 935 663 990 τοῦ
697 935 771 1006 μὴ
797 937 1014 989 πάντων
1041 936 1401 1007 ἐπικρατῆσαι
1435 936 1522 988 τὸν
1552 937 1750 1002 Λόγονς
1792 935 1852 987 '0

263 1031 373 1097 γὰρ
395 1029 495 1081 τοῦ
532 1030 732 1092 παντὸς
753 1029 853 1100 τὴν
877 1028 1126 1095 ἐξουσίαν
1149 1029 1306 1098 ἔχων,
1333 1029 1401 1080 δι’
1431 1026 1733 1098 ὑπερϐολὴν
1756 1027 1853 1098 τῆς

261 1124 346 1183 εἰς
385 1121 482 1173 τὸν
511 1119 798 1192 ἄνθρωπον
829 1121 1018 1192 τιμῆς,
1053 1119 1230 1190 ἀφῆκέ
1260 1137 1312 1172 τι
1351 1121 1444 1172 καὶ
1474 1119 1576 1172 ὑπὸ
1601 1118 1697 1189 τὴν
1725 1121 1854 1189 ἠμε-

262 1211 435 1281 τέραν
461 1210 712 1276 ἐξουσίαν
751 1206 907 1273 εἶναι,
936 1205 995 1264 οὗ
1029 1210 1186 1279 μόνος
1221 1210 1451 1272 ἔκαστός
1492 1213 1606 1262 ἐστι
1646 1208 1849 1279 κύριος.

267 1303 450 1356 Τοῦτο
480 1303 539 1356 δέ
586 1307 731 1356 ἐστιν
767 1306 800 1374 ἡ
853 1304 1188 1374 προαίρεσις,
1241 1303 1539 1355 ἁδούλωτόν
1568 1320 1618 1354 τι
1665 1300 1854 1371 χρῆμα

268 1399 362 1450 καὶ
401 1396 754 1463 αὐτεξούσιον
777 1399 834 1450 ὲν
867 1399 934 1466 τῇ
963 1395 1243 1465 ἐλευθερία
1271 1396 1370 1464 τῆς
1399 1395 1636 1460 διανοίας
1665 1398 1852 1466 κείμε-

266 1505 378 1540 νον.
435 1487 650 1539 Οὐκοῦν
689 1488 782 1538 ἐπὶ
833 1489 961 1550 τοὺς
1011 1486 1084 1558 μὴ
1120 1487 1522 1558 προσαχθέντας
1560 1491 1624 1557 τῇ
1675 1490 1854 1541 πίστει

269 1578 613 1649 δικαιότερον
645 1579 710 1632 ἂν
743 1579 803 1631 τὸ
840 1579 1075 1633 τοιοῦτον
1103 1579 1355 1650 ἔγκλημα
1385 1581 1724 1653 μετατεθείη,
1754 1582 1853 1635 ούκ

270 1671 363 1723 ἐπὶ
394 1671 492 1723 τὸν
519 1670 829 1741 κεκληκότα
856 1671 991 1741 πρὸς
1009 1671 1107 1741 τὴν
1131 1673 1440 1726 κατάθεσιν.
1473 1673 1602 1725 Οὐδὲ
1634 1673 1739 1744 γὰρ
1763 1674 1854 1725 ἐπὶ

269 1763 364 1815 τοῦ
402 1763 616 1834 Πέτρου
654 1763 774 1816 κατ’
826 1765 998 1834 ἀρχὰς
1034 1765 1126 1816 τὸν
1167 1763 1324 1830 λόγον
1364 1767 1420 1817 ἐν
1453 1763 1854 1833 πολυανθρώπῳ

1953 591 2052 631 nec
2081 577 2483 640 auctoritatem.
2514 593 2616 632 nec
2649 586 2882 647 aetatem,
2917 598 3090 652 neque
3116 583 3356 653 gentium
3392 585 3510 642 dis-

1952 683 2180 723 cernens
2230 668 2590 724 diﬂerentiam
2647 669 2963 740 (prepterea
3022 674 3166 727 enim
3229 675 3281 728 in
3334 676 3512 744 primo

1955 760 2112 814 iuitiu
2141 760 2575 829 praadicationis,
2606 761 2788 815 divina
2836 763 3212 831 inspiratione,
3247 768 3412 821 unius
3454 776 3513 824 et

1953 852 2196 921 ejusdem
2229 853 2448 922 linguai,
2479 854 2637 922 cujus
2670 869 2859 907 omnes
2883 864 3092 924 gentes,
3131 866 3350 923 repente
3383 857 3513 912 facti

1955 953 2077 998 sunt
2111 943 2204 1012 qui
2237 945 2464 998 verbum
2495 944 2898 1006 ministrabant,
2930 956 2986 998 ut
3029 961 3187 1000 nemo
3223 955 3368 1002 esset
3419 963 3514 1002 ex-

1954 1053 2077 1106 pers
2124 1037 2464 1104 honerum),
2497 1038 2952 1106 quemadmodum
3005 1037 3170 1092 fuerit
3225 1051 3514 1094 consenta-

1953 1144 2138 1190 neum,
2170 1139 2228 1181 ut
2255 1126 2423 1181 Deum
2445 1127 2624 1181 adhuc
2649 1134 2928 1188 accusent,
2961 1129 3109 1196 quod
3135 1127 3371 1184 Verbum
3401 1147 3509 1185 non

1954 1222 2011 1274 in
2047 1236 2237 1275 omnes
2268 1220 2605 1274 dominatum
2643 1219 2984 1274 obtinuerit?
3015 1218 3148 1273 Nam
3178 1221 3269 1290 qui
3303 1223 3356 1274 in
3387 1222 3510 1276 uni-

1952 1313 2264 1367 versitatem
2320 1311 2542 1366 liberam
2603 1310 2834 1364 habebat
2887 1318 3231 1381 potestatem,
3292 1321 3513 1383 propter

1954 1418 2228 1459 summum
2264 1402 2316 1455 in
2355 1403 2602 1457 homines
2629 1401 2916 1462 honorem,
2950 1401 3157 1456 dimisit
3197 1403 3363 1457 etiam
3413 1405 3515 1458 ali-

1953 1493 2084 1564 quid
2119 1493 2174 1546 iu
2212 1503 2400 1545 nostra
2438 1499 2722 1561 potestate,
2782 1493 2938 1560 cujus
2993 1494 3368 1562 unusquisque
3416 1510 3516 1549 no-

1955 1594 2129 1641 strum
2167 1585 2316 1640 solus
2363 1592 2446 1638 est
2509 1581 2783 1636 dominus.
2845 1581 2958 1636 Hoc
2987 1595 3167 1637 autem
3232 1592 3316 1637 est
3354 1585 3513 1639 liberi

1954 1677 2170 1731 arbitrii
2201 1677 2369 1730 libera
2413 1675 2625 1737 electio,
2673 1690 2793 1740 qua:
2842 1674 3035 1742 subjici
3090 1676 3296 1744 nequit,
3344 1685 3398 1730 et
3429 1676 3515 1730 sui

1950 1770 2092 1838 juris
2123 1775 2206 1820 est
2251 1766 2304 1819 in
2347 1766 2599 1818 libertate
2655 1764 2854 1818 mentis
2884 1771 2938 1818 et
2990 1765 3335 1833 cogitationis
3385 1767 3510 1822 sita.

266 1856 377 1908 τῶν
441 1855 720 1908 Ἰουδαίων
789 1854 1083 1926 Ἐκκλησία
1139 1855 1490 1925 κηρύξαντος,
1543 1855 1853 1926 τρισχιλίων

1965 1855 2143 1923 Itaque
2171 1854 2227 1907 in
2267 1867 2360 1906 eos
2395 1851 2487 1920 qui
2516 1851 2581 1905 ad
2613 1850 2771 1904 iidem
2802 1852 3018 1906 adducti
3050 1868 3158 1907 non
3207 1862 3357 1920 sunt,
3391 1854 3507 1910 cri-

271 1946 415 1997 κατά
443 1944 644 1996 ταύτὸν
676 1944 1130 2015 παραδεξαμένων
1159 1945 1255 2016 τὴν
1293 1944 1492 2011 πίστιν,
1527 1946 1741 2009 πλείους
1769 1948 1855 1999 δν·-

270 2051 361 2096 τες
389 2035 502 2087 τῶν
541 2037 982 2088 πεπιστευκότων
1016 2038 1062 2088 οἱ
1091 2036 1505 2106 ἀπειθήσαντες,
1543 2037 1854 2107 ἐμέμψαντο

270 2125 364 2178 τὸν
409 2125 740 2177 Ἀπόστολον
795 2126 879 2193 ἐφ’
919 2120 1000 2187 οἷς
1048 2126 1394 2198 ἐπείσθησαν,
1445 2128 1578 2180 Οὐδὲ
1628 2128 1735 2198 γὰρ
1787 2123 1854 2198 ἦν

271 2219 442 2283 εἰκὸς,
479 2221 539 2272 ἐν
584 2218 749 2288 κοινῷ
779 2217 1140 2288 προταθείσης
1167 2219 1266 2288 τῆς
1308 2218 1549 2288 χάριτος,
1579 2219 1668 2271 τὸν
1703 2221 1857 2271 ἐκου-

273 2312 407 2373 σίως
432 2310 906 2380 ἀποφοιτήσαντα,
943 2307 1016 2379 μὴ
1042 2307 1250 2372 ἑαυτὸν,
1268 2306 1382 2360 ἀλλ’
1404 2308 1489 2360 ’ἐτε
1498 2325 1589 2379 ρον
1612 2309 1709 2379 τῆς
1734 2309 1854 2360 δυσ-

269 2398 513 2470 κληρως
543 2397 919 2453 ἐπαιτιᾶσθαι.

1955 1945 2182 1998 minatio
2212 1944 2381 1997 multo
2406 1942 2608 2012 justius
2637 1942 2919 1997 transferri
2957 1951 3148 2013 queat,
3181 1960 3289 1999 non
3320 1947 3372 2000 in
3389 1961 3512 2002 eum

1956 2037 2048 2105 qui
2086 2035 2302 2090 vocavit
2356 2034 2424 2088 ad
2458 2034 2895 2088 Consensionem.
2932 2033 3118 2105 Neque
3175 2037 3319 2091 enim
3388 2052 3513 2092 cum

1957 2129 2148 2184 Petrus
2181 2127 2236 2180 in
2260 2125 2414 2180 initio
2445 2125 2666 2180 verbum
2698 2125 3047 2194 praedicasset
3080 2127 3135 2180 in
3188 2127 3518 2196 frequentis-

1973 2220 2112 2273 sima
2158 2215 2465 2271 Judaaorum
2525 2216 2805 2279 concione,
2875 2225 2928 2271 et
2984 2217 3090 2270 tria
3137 2219 3305 2272 millia
3354 2219 3516 2274 simul

1962 2309 2122 2364 ﬁdem
2181 2307 2536 2376 accepissent,
2570 2306 2606 2359 ii
2660 2306 2753 2375 qui
2803 2322 2910 2362 non
2968 2307 3336 2372 crediderunt,
3390 2324 3514 2365 cum

1965 2403 2147 2470 plures
2173 2398 2438 2453 essentiis
2466 2397 2554 2466 qui
2575 2396 2937 2463 crediderant,
2964 2398 3019 2451 in
3041 2399 3359 2469 Apostolum
3387 2415 3518 2454 cau-

271 2507 392 2546 sam
441 2490 820 2557 contulerunt,
872 2490 1016 2560 quod
1078 2505 1210 2544 nonI
1243 2491 1610 2547 crediderunt.
1671 2491 1856 2564 Neque
1893 2495 2036 2549 enim
2071 2507 2166 2562 par
2197 2500 2335 2554 erat,
2365 2499 2446 2553 ut,
2490 2491 2665 2560 gratia
2692 2489 2746 2542 in
2776 2504 3064 2546 commune
3101 2493 3400 2562 proposita,
3470 2492 3517 2548 is

269 2586 370 2654 qui
432 2582 748 2638 voluntarie
782 2582 851 2636 ab
915 2597 979 2637 ea
1033 2582 1395 2648 abscesserat,
1449 2599 1557 2639 non
1597 2585 1723 2650 sibi,
1765 2586 1858 2642 sed
1899 2587 1986 2639 alii
2021 2585 2216 2639 malam
2247 2598 2398 2637 suam
2430 2589 2632 2636 sortem
2673 2581 2983 2637 ascriberet.

863 2677 1112 2730 ΚΕΦΑΛ.
1154 2675 1277 2730 AA'.

362 2767 503 2820 Ἀλλ’
547 2766 650 2818 οὐκ
695 2765 990 2835 ἀποροῦσιν
1029 2766 1146 2818 οὐδὲ
1197 2767 1330 2838 πρὸς
1380 2767 1447 2821 τὰ
1495 2768 1719 2823 τοιαῦτα
1764 2771 1862 2841 τῆς

279 2858 565 2930 ἐριστικῆς
585 2857 911 2924 ἀντιλογίας.
940 2859 1168 2926 Λέγουσι
1190 2857 1298 2930 γὰρ
1320 2846 1576 2913 δύνασθαι
1597 2860 1688 2913 τὸν
1708 2860 1859 2925 Θεὸν,

280 2952 439 3020 εἴπερ
468 2947 742 3010 ἐϐούλετο,
773 2948 868 2999 καὶ
896 2949 1018 3010 τοῦς
1047 2947 1349 3012 ἀντιτύπως
1379 2950 1598 3019 ἔχοντας
1622 2951 1863 3018 ἀναγκα-

283 3043 488 3104 πικῶς
521 3040 921 3118 ἐφελκύσακσθαι
972 3039 1106 3108 πρὸς
1145 3039 1244 3110 τὴν
1291 3039 1598 3111 παραδοχὴν
1638 3041 1730 3094 τοῦ
1766 3060 1864 3113 κη.

2518 2674 2743 2730 CAPUT
2787 2673 2977 2728 XXXI.

2035 2769 2139 2824 Sed
2168 2783 2344 2837 neque
2373 2767 2440 2820 ad
2470 2767 2582 2820 haec
2615 2767 2851 2839 litigiosa
2882 2775 3041 2836 egent
3067 2769 3518 2826 contradictione.

1962 2863 2160 2915 Dicunt
2198 2860 2342 2914 enim
2374 2857 2544 2911 Deum
2577 2872 2758 2926 posse,
2790 2859 2835 2911 si
2881 2857 3028 2920 velit,
3075 2872 3169 2912 eos
3215 2858 3374 2912 etiam
3427 2859 3522 2930 qui

1963 2951 2268 3009 resistunt,
2330 2945 2644 3002 necessario
2700 2945 3073 3014 compellendo
3129 2947 3399 3003 attrahere
3455 2949 3523 3003 ad

1965 3039 2367 3110 suscipiendam
2403 3037 2866 3107 praedicationem.
2908 3037 3011 3092 Ubi
3043 3044 3127 3092 est
3169 3053 3299 3106 ergo
3327 3039 3382 3092 in
3435 3041 3524 3097 bis

282 3139 590 3209 ρύγματος.
618 3131 728 3184 Ποῦ
754 3130 932 3183 τοίνυν
957 3131 1013 3181 ἐν
1034 3129 1237 3192 τούτοις
1266 3130 1324 3182 τὸ
1354 3131 1728 3196 αύτεξούσιονς
1759 3133 1863 3185 Ποῦ

1970 3134 2198 3187 liberum
2228 3129 2558 3184 arbitrium?
2595 3127 2698 3182 Ubi
2724 3134 2902 3182 autem
2934 3136 3017 3182 est
3045 3128 3265 3184 virtus?
3308 3127 3410 3184 Ubi
3441 3141 3527 3186 est

275 3234 340 3285 δὲ
369 3229 476 3282 τῶν
503 3225 912 3295 κατορθούντων
935 3225 962 3276 ὁ
987 3223 1201 3286 ἔπαινος
1221 3240 1234 3286 ;
1257 3223 1446 3276 Μόνων
1471 3225 1579 3294 γὰρ
1604 3223 1710 3276 τῶν
1733 3224 1866 3293 ἀψύ-

281 3340 397 3392 χων
427 3319 462 3389 ἦ
494 3317 606 3370 τών
631 3315 840 3383 ἀλόγων
873 3315 987 3366 ἐστὶ
1013 3313 1091 3383 τῷ
1119 3313 1381 3385 ἀλλοτρίῳ
1412 3315 1707 3386 βουλήματι
1735 3317 1867 3386 πρὸς

280 3412 348 3464 τὸ
379 3408 575 3462 δοκοῦν
619 3404 995 3476 περιάγεσθαι.
1049 3406 1114 3457 Ἦ
1145 3405 1201 3457 δὲ
1233 3405 1423 3476 λογικὴ
1478 3424 1534 3459 τε
1584 3407 1674 3458 καὶ
1709 3405 1870 3477 νοερά

281 3501 474 3570 φύσις.
511 3498 608 3550 ἐὰν
631 3497 690 3549 τὸ
718 3498 837 3549 κατ’
865 3494 1109 3559 ἐξουσίαν
1141 3495 1432 3565 ἀπόθηται,
1464 3496 1556 3549 καὶ
1584 3497 1682 3565 τὴν
1710 3498 1868 3567 χάριν

279 3596 381 3650 τοῦ
409 3590 600 3664 νοεροῦ
631 3588 1025 3642 συναπώλεσεν.
1051 3588 1144 3651 Εἰς
1166 3587 1217 3640 τί
1243 3587 1351 3658 γὰρ
1377 3589 1636 3658 χρήσεται
1665 3590 1727 3658 τῇ
1755 3588 1870 3640 δια-

278 3688 407 3756 νοίᾳ
435 3684 537 3754 τῆς
570 3679 663 3734 τοῦ
694 3678 1071 3752 προαιρεῖσθαι
1096 3695 1146 3729 τι
1170 3677 1275 3730 τῶν
1298 3676 1437 3729 κατά
1465 3676 1688 3747 γνώμην
1718 3677 1868 3740 ἐξου-

283 3779 412 3838 σίας
439 3775 527 3842 ἐφ’
559 3772 730 3841 ἑτέρῳ
759 3768 1053 3838 κειμένης;
1086 3767 1149 3818 Εἰ
1176 3765 1230 3817 δὲ
1253 3765 1530 3835 ἄπρακτος
1557 3767 1590 3834 ἡ
1619 3763 1870 3834 προαίρε-

285 3887 377 3932 σις
435 3867 615 3938 μένοι,
667 3863 959 3932 ἠφάνισται
1009 3858 1129 3911 κατ’
1176 3859 1419 3926 ἀνάγκην
1469 3859 1502 3928 ἡ
1547 3857 1749 3927 ἀρετὴ,
1801 3858 1866 3926 τῇ

282 3960 554 4030 ἀκινησία
602 3957 699 4025 τῆς
733 3952 1103 4022 προαιρέσεως
1137 3949 1547 4019 ἐμποδισθεῖσα’
1581 3948 1778 4019 ἀρετῆς
1814 3949 1869 4000 δὲ

287 4055 368 4124 μὴ
408 4052 600 4121 οὔσης,
640 4051 670 4101 ὁ
714 4047 825 4116 βίος
867 4043 1170 4114 ἠτίμωται,
1223 4041 1315 4095 καὶ
1361 4040 1484 4093 καθ’
1532 4039 1870 4110 εἱμαρμένην

283 4146 462 4217 χωρεῖ
500 4143 528 4193 ὁ
568 4139 755 4206 λόγος,
787 4135 1064 4206 ἀφῄρηται
1096 4131 1202 4185 τῶν
1231 4130 1632 4202 κατορθούντων
1659 4131 1686 4182 ὁ
1714 4128 1868 4182 ἔπαι-

283 4254 409 4298 νος’
447 4234 706 4300 ἀνίκητος
743 4231 776 4298 ἡ
819 4227 1091 4297 ἁμαρτία,
1128 4224 1347 4292 ἄκριτος
1385 4224 1417 4293 ἡ
1459 4222 1598 4275 κατά
1631 4222 1720 4274 τὸν
1761 4220 1870 4288 βίον

287 4324 547 4396 διαφορά.
577 4321 673 4383 Τίς
699 4320 805 4391 γὰρ
834 4318 900 4370 ἂν
930 4316 1008 4368 ἐτι
1036 4316 1176 4368 κατά
1203 4313 1264 4366 τὸ
1290 4312 1507 4380 εὔλογον
1540 4313 1571 4381 ἦ
1600 4311 1870 4364 διαϐάλλοι

285 4420 390 4472 τὸν
439 4415 760 4470 ἀκόλαστον,
820 4411 852 4480 ἦ
894 4408 1138 4477 ἐπαινοίη
1192 4405 1280 4458 τὸν
1337 4404 1620 4475 σώφρονα;
1659 4403 1870 4474 Ταύτης

1969 3226 2090 3280 laus
2118 3237 2307 3278 eorum
2347 3222 2436 3290 qui
2469 3236 2528 3275 se
2548 3228 2705 3274 recte
2765 3220 2994 3289 gerunt?
3027 3217 3120 3274 Est
3153 3220 3296 3274 enim
3349 3223 3525 3277 solum

1967 3317 2356 3376 inanimorum,
2375 3322 2468 3366 aut
2499 3327 2688 3366 eorum
2717 3326 2837 3380 quae
2862 3320 2988 3365 sunt
3010 3315 3251 3383 expertia
3280 3315 3526 3378 rationis,

1969 3406 2146 3459 aliena
2174 3405 2452 3458 voluntate
2483 3402 2550 3456 ad
2583 3402 2636 3455 id
2668 3401 2810 3471 quod
2845 3402 3058 3456 videtur
3087 3402 3304 3459 adduci.
3338 3403 3531 3461 [latio-

1970 3493 2055 3548 nis
2083 3501 2261 3547 autem
2299 3491 2572 3561 particeps
2624 3497 2678 3544 et
2707 3490 3013 3561 intelligens
3045 3503 3257 3559 natura,
3304 3497 3352 3552 si
3394 3497 3530 3552 libe-

1969 3601 2090 3640 rum
2155 3583 2472 3652 deposuerit
2527 3581 2850 3644 arbitrium,
2901 3583 3064 3638 simul
3127 3586 3292 3640 etiam
3351 3587 3529 3656 perdit

1970 3675 2200 3746 gratiam
2238 3673 2626 3743 intelligentiae.
2674 3673 2750 3726 Ad
2801 3674 2931 3742 quid
2980 3676 3124 3729 enim
3176 3693 3276 3732 sua
3347 3687 3532 3735 utetur

1970 3777 2150 3819 mente
2176 3779 2237 3817 ac
2265 3764 2612 3832 cogitatione,
2633 3763 2676 3814 si
2704 3771 2944 3831 potestas
2967 3765 3085 3833 ejus
3105 3767 3358 3836 eligendi,
3384 3771 3530 3839 quod

1971 3872 2072 3909 suo
2102 3855 2367 3908 arbitratu
2401 3853 2704 3912 constituit,
2738 3852 2840 3906 sita
2871 3863 2956 3908 est
2982 3855 3037 3907 in
3065 3855 3173 3908 alio
3198 3857 3221 3909 ?
3251 3855 3307 3910 Si
3352 3868 3533 3914 manet

1969 3959 2150 4000 autem
2191 3943 2434 3999 inefﬁcax
2467 3953 2520 3997 et
2545 3944 2749 3997 nullius
2783 3961 2917 4000 usus
2956 3946 3183 4000 liberum
3219 3948 3386 4002 animi
3445 3950 3532 4003 in-

1971 4043 2224 4094 stitutum
2259 4047 2311 4090 et
2341 4035 2557 4100 electio,
2604 4037 2918 4091 necessario
2967 4038 3128 4091 etiam
3195 4039 3394 4095 abolita
3449 4049 3535 4097 est

1970 4131 2168 4191 virtus,
2198 4126 2457 4196 impedita
2490 4125 2868 4181 immobilitate
2895 4127 3047 4183 liberi
3073 4129 3305 4185 arbitrii.
3339 4129 3397 4185 Si
3424 4148 3534 4187 non

1971 4221 2044 4275 sit
2083 4227 2262 4273 autem
2303 4219 2496 4278 virtus,
2533 4217 2741 4270 honore
2773 4216 2981 4286 privata
3023 4225 3107 4272 est
3135 4219 3264 4284 vita,
3320 4229 3375 4276 et
3423 4221 3535 4275 fato

1971 4312 2220 4383 procedit
2249 4311 2408 4373 ratio,
2450 4311 2629 4365 ablata
2667 4319 2750 4364 est
2778 4311 2896 4365 laus
2930 4325 3118 4365 eorum
3146 4313 3238 4381 qui
3274 4328 3333 4368 se
3390 4323 3536 4370 recte

1974 4413 2190 4476 gerunt,
2246 4419 2470 4473 peccare
2527 4402 2703 4457 cuivis
2748 4403 2967 4472 impune
3017 4404 3159 4466 licet,
3206 4404 3332 4460 vita:
3375 4407 3534 4462 insti-

288 4510 438 4564 κατά
461 4507 524 4560 τὸ
557 4473 852 4575 πρόχειρον
871 4499 1034 4568 οὔσης
1062 4473 1272 4566 ὲκάστῳ
1300 4497 1396 4566 τῆς
1423 4473 1782 4566 ἀποκρίσεως,
1810 4473 1863 4548 τὸ

1977 4497 2192 4552 tuendae
2220 4497 2516 4550 discrimen
2548 4497 2759 4550 nullum
2791 4504 3060 4565 superest.
3112 4495 3246 4561 Quis
3276 4497 3447 4564 enim,
3477 4510 3540 4554 ut

289 4601 464 4670 μηδὲν
505 4595 588 4664 ἐφ’
638 4597 770 4665 ἡμῖν
803 4591 910 4644 τῶν
943 4588 1084 4642 κατά
1124 4586 1347 4658 γνώμην
1389 4582 1549 4649 εἶναι,
1587 4586 1869 4656 δυναστεία

286 4695 348 4746 δὲ
377 4689 645 4761 κρείττονι
680 4686 777 4746 τὰς
805 4681 1149 4753 ἀνθρωπίνας
1181 4677 1525 4749 προαιρέσεις
1552 4679 1685 4750 πρὸς
1711 4678 1771 4730 τὸ
1794 4678 1869 4747 τῷ

290 4779 589 4852 κρατοῦντι
615 4774 803 4828 δοκοῦν
831 4770 1206 4840 περιάγεσθαι.
1234 4768 1441 4822 Οὐκοῦν
1469 4769 1530 4820 ού
1552 4769 1648 4839 τῆς
1671 4769 1870 4836 ἁγαθό-

288 4889 455 4940 τητος
489 4868 583 4923 τοῦ
615 4866 749 4919 Θεοῦ
783 4865 843 4918 τὸ
873 4863 1139 4932 ἔγκλημα,
1171 4862 1230 4914 τὸ
1261 4861 1332 4931 μὴ
1365 4863 1526 4913 πᾶσιν
1556 4861 1870 4928 ἐγγενέσθαι

290 4965 394 5032 τήν
441 4962 661 5023 πίστιν,
701 4957 836 5012 ἀλλὰ
874 4958 972 5027 τῆς
1007 4953 1297 5018 διαθέσεως
1339 4953 1445 5006 τῶν
1477 4953 1777 5025 δεχομένων
1809 4953 1871 5007 τὸ

291 5057 581 5126 κήρυγμαο

292 5151 353 5207 id
404 5147 553 5218 quod
599 5145 751 5199 lubet
783 5143 834 5198 ei
867 5143 959 5213 qui
1011 5140 1350 5196 dominatum
1399 5141 1629 5196 obtinet.
1663 5139 1723 5194 ln
1778 5142 1870 5196 Dei

294 5255 408 5294 non
459 5238 519 5290 in
566 5234 823 5290 omnibus
894 5232 1057 5286 fuerit
1085 5231 1241 5295 fides,
1295 5231 1391 5286 sed
1420 5231 1477 5286 in
1533 5230 1872 5287 alfeclionem

877 5328 1128 5379 ΚΕΦΛΛ.
1192 5327 1314 5380 AB’.

372 5419 438 5471 Τί
479 5417 616 5490 πρὸς
647 5416 855 5478 τούτοις
889 5415 966 5467 ἔτι
1006 5415 1154 5486 παρὰ
1188 5415 1296 5468 τῶν
1333 5415 1717 5484 ἀντιλεγόντων
1748 5435 1880 5489 προ-

299 5513 528 5583 φέρεται
553 5528 569 5577 ;
598 5509 672 5563 Τὸ
702 5509 936 5579 μάλιστα
972 5508 1069 5579 μὲν
1117 5509 1191 5578 μὴ
1234 5508 1367 5570 ὅλως
1407 5507 1513 5561 δεῖν
1545 5510 1622 5572 εἰς
1653 5508 1880 5563 θανάτου

300 5608 500 5674 πεῖραν
527 5601 704 5654 ἐλθεῖν
730 5601 832 5669 τὴν
871 5599 1242 5669 ὑπερέχουσαν
1273 5597 1454 5667 φύσιν,
1478 5597 1611 5652 ἀλλά
1637 5599 1729 5652 καὶ
1759 5598 1880 5669 δίχα

298 5692 491 5746 τούτου
518 5695 585 5760 τῇ
615 5690 904 5762 περιουσίᾳ
928 5690 1026 5760 τῆς
1051 5690 1329 5759 δυνάμεως
1356 5689 1614 5744 δύνασθαι
1644 5691 1709 5744 ἂν
1742 5691 1878 5761 μετὰ

301 5785 588 5857 ραστώνης
621 5783 681 5835 τὸ
708 5781 896 5836 δοκοῦν
928 5782 1384 5853 κατεργάσασθαι.
1429 5783 1489 5836 Εἰ
1531 5785 1586 5838 δὲ
1621 5785 1707 5839 καὶ
1747 5785 1878 5838 πάν-

1976 4599 2060 4645 est
2090 4588 2288 4642 rationi
2321 4596 2767 4650 consentaneum,
2801 4589 3034 4657 amplius
3057 4589 3141 4643 vel
3173 4589 3540 4660 intemperan-

1977 4691 2086 4736 tem
2118 4680 2550 4749 reprehenderit,
2602 4680 2685 4734 vel
2745 4687 3140 4747 temperantem
3198 4681 3540 4737 laudaverit?

1977 4787 2101 4826 cum
2134 4771 2364 4841 quilibet
2395 4772 2450 4824 in
2496 4780 2749 4841 promptu
2809 4771 2951 4826 hanc
2999 4772 3192 4827 habeat
3227 4775 3540 4842 responsio-

1977 4879 2124 4928 nem,
2159 4861 2305 4933 quod
2334 4861 2467 4915 nihil
2499 4877 2687 4915 eorum
2730 4878 2852 4931 qua:
2891 4871 3078 4918 nostro
3112 4865 3376 4918 arbitratu
3427 4871 3540 4917 sta-

1974 4957 2202 5020 tuimus,
2233 4955 2288 5008 in
2321 4964 2508 5007 nostra
2548 4954 2620 5008 sit
2648 4961 2913 5023 potestate
2939 4995 2954 5017 ,
2998 4956 3188 5024 majori
3229 4966 3406 5009 autem
3440 4969 3539 5024 po-

1975 5047 2144 5103 tentia
2173 5047 2408 5100 humana
2465 5046 2745 5098 trahantur
2779 5046 3026 5101 instituta
3065 5055 3118 5100 et
3150 5046 3428 5116 proposita
3473 5044 3540 5100 ad

1906 5157 2037 5212 ergo
2106 5143 2404 5197 bonitatem
2461 5140 2620 5209 culpa
2680 5156 2789 5196 non
2840 5150 2925 5195 est
2991 5138 3343 5203 conferenda,
3398 5141 3543 5209 quod

1912 5248 2125 5297 eorum,
2157 5233 2248 5302 qui
2284 5230 2717 5302 praedicationem
2749 5232 2896 5285 verbi
2928 5229 3175 5285 audiunt.

2527 5325 2757 5380 CAPUT
2791 5325 3003 5379 XXXII.

2053 5415 2196 5483 Quid
2226 5424 2419 5487 praeter
2453 5415 2568 5469 haec
2615 5414 2839 5469 affertur
2890 5417 2959 5470 ab
2998 5415 3066 5470 iis
3121 5416 3213 5486 qui
3265 5416 3546 5473 contradi-

1983 5508 2391 5565 cunt?Maxime
2411 5508 2649 5579 quidetn,
2673 5507 2814 5577 quod
2848 5523 2952 5561 non
2986 5516 3546 5578 oporteretsummam

1982 5611 2035 5657 et
2064 5603 2555 5672 supercmincntem
2585 5609 2836 5654 naturam
2867 5600 3089 5654 omnino
3119 5601 3314 5656 mortis
3362 5601 3549 5656 subire

1982 5693 2391 5764 experientiam,
2422 5691 2517 5748 sed
2554 5691 2759 5760 absque
2786 5705 2848 5745 ea
2879 5707 2979 5745 sua
3030 5691 3230 5763 insigni
3259 5697 3312 5748 et
3364 5691 3545 5748 excel-

1985 5785 2128 5840 lente
2158 5787 2354 5840 virtute
2383 5792 2565 5855 posset
2601 5782 2858 5838 facillime
2898 5783 3042 5855 quod
3093 5785 3374 5840 videbatur
3431 5781 3544 5838 eili-
