3978 6496
480 311 553 370 7')
1747 313 1803 369 S.
1838 312 2164 369 GREGORII
2204 312 2493 368 NYSSENI
3648 315 3716 368 80

480 451 620 488 me.
658 436 815 500 Quod
878 434 921 486 si
971 434 1131 488 etiam
1170 450 1367 489 arcana
1435 436 1615 506 aliqua
1663 436 1873 493 ratione
1942 436 2043 488 hoc

2160 453 2250 498 τως
2284 436 2387 487 ἔδει
2421 435 2576 489 τοῦτο
2611 433 2745 487 κατά
2777 449 2895 485 τινα
2934 431 3088 499 λόγον
3117 430 3451 504 ἀπόρρητονο
3485 431 3597 486 ἀλλ’
3623 430 3715 487 οὖν

480 526 703 579 omnino
732 525 845 578 ﬁeri
904 526 1207 593 oportebat.
1262 544 1369 581 non
1432 538 1611 582 tamen
1674 527 2046 598 ignominiosa:

483 616 676 670 mortis
710 615 845 669 allici
877 615 1167 669 dedecore.
1199 617 1329 682 Quae
1372 619 1515 671 enim
1568 634 1735 681 mors,
1772 620 2044 687 inquiunt.

492 714 577 761 est
606 706 1024 775 ignominiosior
1052 722 1112 757 ea
1148 722 1268 775 qua:
1323 723 1417 778 per
1442 724 1657 763 crucem
1708 710 2049 763 sustinetur?

483 796 623 861 Quid
646 814 775 868 ergo
815 797 880 851 ad
917 799 1029 851 haec
1060 814 1276 867 quoque
1309 800 1539 853 dicimus
1564 802 1588 853 ?
1618 800 1807 855 Mortis
1830 800 2045 871 quidem

484 890 865 945 necessitatem
897 887 1058 941 ellicit
1108 888 1367 943 nascendi
1405 888 1665 943 conditio.
1726 889 1860 943 Eum
1904 891 2048 943 enim

484 983 577 1051 qui
636 980 801 1035 semel
859 987 1125 1033 statuerat
1176 994 1299 1034 esse
1344 981 1614 1049 particeps
1670 980 2048 1044 humanitatis,

482 1073 769 1144 oportebat
820 1075 1113 1143 pervadere
1173 1087 1361 1125 omnes
1414 1080 1619 1125 natura:
1664 1072 2048 1143 prOprietates.

488 1164 546 1217 Si
583 1179 716 1233 ergo
743 1179 866 1216 cum
900 1162 1115 1216 duobus
1146 1162 1343 1218 finibus
1371 1172 1670 1231 Intercepta
1701 1163 1771 1217 sit
1816 1165 2052 1217 humana

488 1263 705 1318 natura,
739 1240 789 1308 in
827 1270 937 1307 uno
980 1253 1191 1315 fuisset,
1233 1262 1286 1307 et
1339 1254 1569 1308 alterum
1602 1268 1710 1307 non
1761 1255 2049 1322 attigisset.

487 1346 927 1415 semiperfectum
980 1345 1271 1399 mansisset
1326 1344 1701 1414 propositum,
1738 1354 1796 1399 ut
1829 1347 1919 1415 qui
1957 1362 2055 1399 no-

488 1446 616 1492 stra:
647 1446 855 1489 naturae
904 1436 1133 1490 alteram
1170 1451 1277 1489 non
1332 1436 1603 1504 attigisset
1638 1437 2047 1506 proprietatem.

488 1529 742 1584 Fortasse
790 1538 967 1582 autem
1005 1528 1298 1598 quispiam,
1348 1544 1470 1582 cum
1529 1528 1843 1599 mysterium
1891 1543 2054 1581 accu-

489 1630 604 1673 rate
637 1628 688 1674 et
716 1628 906 1675 exacte
941 1618 1213 1681 didicerit,
1238 1619 1412 1688 magis
1440 1627 1804 1673 consentanee
1832 1617 2050 1683 dixerit,

488 1728 595 1764 non
632 1712 879 1765 evenisse
910 1722 1139 1764 mortem
1203 1719 1485 1780 prepterea
1527 1710 1671 1779 quod
1724 1718 1885 1765 natus
1939 1712 2049 1777 sit,

2150 528 2223 597 μὴ
2257 527 2333 597 τῷ
2362 529 2540 598 ἀτίμῳ
2567 527 2753 597 τρόπῳ
2773 525 2864 579 τοῦ
2893 524 3121 578 Θανάτου
3145 523 3595 595 καθυϐρισθῆναι.
3621 526 3717 590 Τίς

2148 620 2254 686 γάρ
2291 618 2357 670 ἂν
2388 618 2615 685 γένοιτο,
2656 617 2807 686 φησὶ,
2834 615 2928 668 τοῦ
2960 615 3045 668 διὰ
3077 615 3307 685 σταυροῦ
3341 617 3564 681 θάνατος
3603 618 3715 672 ἀτι·

2151 708 2407 778 μότερος;
2451 709 2515 759 Τί
2560 702 2652 761 οὖν
2698 708 2789 760 καὶ
2824 707 2956 777 πρὸς
2993 706 3165 759 ταῦτά
3198 723 3408 776 φαμεν;
3451 707 3573 763 Ὀτι
3626 709 3718 761 τὸν

2149 797 2374 851 θάνατον
2419 799 2517 869 μὲν
2550 800 2842 866 ἀναγκαῖον
2870 800 2903 869 ἡ
2930 798 3140 865 γένεσις
3168 798 3575 869 κατεργάζεται.
3613 803 3716 854 Τὸν

2150 891 2257 960 γάρ
2300 892 2444 955 ἅπαξ
2492 892 2781 961 μετασχεῖν
2823 890 3099 958 ἐγνωκότα
3144 890 3241 958 τῆς
3282 890 3713 962 ἀνθρωπότητος,

2150 979 2237 1033 διὰ
2261 981 2475 1034 πάντων
2499 981 2604 1033 ἔδει
2626 980 2877 1048 γενέσθαι
2904 980 3010 1033 τῶν
3034 979 3334 1049 ἰδιωμάτων
3358 981 3455 1050 τῆς
3482 980 3693 1048 φύσεως

2152 1071 2215 1122 Εἰ
2240 1071 2414 1124 τοίνυν
2446 1069 2540 1123 δύο
2574 1069 2770 1139 πέρασι
2802 1071 2901 1140 τῆς
2932 1070 3277 1141 ἀνθρωπίνης
3308 1068 3451 1139 ζωῆς
3478 1070 3718 1141 διειλημ-

2157 1161 2356 1232 μένης,
2403 1163 2460 1213 ὲν
2503 1160 2579 1231 τῷ
2626 1160 2705 1212 ένί
2746 1161 3035 1235 γενόμενος
3069 1160 3161 1212 τοῦ
3202 1158 3398 1228 ἑφεξῆς
3440 1162 3515 1231 μὴ
3551 1178 3720 1230 προσ-

2154 1252 2345 1322 ἡψατο,
2373 1254 2404 1322 ἡ
2413 1252 2631 1323 μιτελὴς
2662 1252 2727 1305 ἂν
2748 1254 2780 1321 ἡ
2800 1252 3052 1323 πρόθεσις
3078 1252 3277 1319 ἔμεινε,
3295 1251 3387 1305 τοῦ
3416 1252 3602 1323 ἑτέρου
3623 1255 3721 1323 τῆς

2156 1343 2366 1412 φύσεως
2384 1344 2539 1412 ἡμῶν
2568 1343 2851 1413 ἰδιώματος
2875 1342 2970 1411 οὐχ
2993 1342 3268 1411 ἁψαμένου
3287 1362 3299 1374 ο
3320 1343 3457 1412 τάχά
3476 1343 3518 1396 δ’
3544 1344 3608 1398 άν
3637 1362 3724 1407 τις

2154 1432 2220 1485 δι’
2249 1432 2533 1501 ἀκριϐείας
2559 1432 2887 1501 καταμαθὼν
2930 1434 2989 1485 τὸ
3028 1435 3341 1504 μυστήριον,
3365 1434 3724 1505 εὐλογώτερον

2154 1524 2328 1585 εἴποι,
2372 1522 2445 1593 μὴ
2492 1522 2578 1575 διὰ
2623 1524 2722 1590 τὴν
2773 1524 2982 1590 γένεσιν
3035 1524 3432 1595 συμὸεϐηκέναι
3486 1524 3574 1577 τὸν
3628 1526 3727 1578 θάο

2154 1628 2343 1664 νατον’
2376 1612 2512 1666 ἀλλὰ
2542 1613 2602 1665 τὸ
2645 1612 2878 1682 ἔμπαλιν
2918 1612 3011 1665 τοῦ
3070 1612 3298 1668 θανάτου
3338 1615 3493 1686 χάριν
3548 1634 3726 1686 παρα-

2153 1705 2424 1774 ληφθῆναι
2442 1705 2539 1775 τὴν
2556 1704 2767 1772 γένεσιν
2789 1721 2801 1733 ·
2828 1707 2887 1758 οὔ
2908 1706 3015 1775 γάρ
3032 1704 3124 1758 τοῦ
3142 1706 3578 1777 ζῇσαιδεόμενος.
3597 1711 3624 1762 6
3640 1710 3728 1762 ἀεὶ

490 1800 581 1852 Sed
630 1810 817 1851 contra
855 1799 1045 1852 mortis
1101 1812 1265 1851 causa
1322 1796 1491 1853 fuisse
1524 1799 1593 1851 ab
1647 1812 1713 1853 eo
1775 1807 2050 1868 acceptam

2160 1769 2263 1859 ζὼν
2292 1769 2388 1865 τὴν
2431 1769 2745 1867 σωματικὴν
2796 1769 3081 1851 ὑποδύεται
3110 1769 3359 1868 γέννησιν
3377 1769 3549 1861 ,νάλλί
3578 1802 3726 1870 ἡμᾶς

487 1886 747 1941 nascendi
788 1887 1176 1941 conditionem.
1241 1886 1423 1961 Neque
1476 1891 1620 1942 cuiu:
1679 1899 1915 1944 aeternus
1966 1890 2057 1945 ille

488 1992 807 2047 corpoream
848 1977 1054 2031 idcirco
1090 1979 1493 2047 generationem
1543 1979 1730 2044 subiit,
1783 1980 1913 2053 quia
1950 1982 2057 2035 vita

488 2075 668 2136 egeret
698 2110 712 2131 ,
756 2065 851 2121 sed
886 2080 912 2118 a
942 2076 1114 2120 morte
1150 2081 1250 2119 nos
1280 2064 1347 2118 ad
1373 2068 1538 2121 vitam
1585 2083 1870 2123 revocans.
1908 2069 2058 2135 Quo-

491 2158 635 2210 niam
669 2156 829 2227 igitur
860 2158 1143 2225 oportebat
1184 2166 1241 2209 ut
1305 2158 1473 2211 totius
1510 2167 1717 2212 natura:
1772 2172 1977 2215 nosme
2029 2176 2057 2213 a

493 2246 721 2301 mortuis
751 2246 1082 2301 resurrectio
1106 2245 1285 2311 ﬁeret;
1316 2258 1569 2315 tanquam
1604 2265 1822 2302 manum
1855 2251 2056 2318 jacenti

493 2337 797 2407 porrigens,
826 2344 879 2391 et
924 2344 1209 2406 propterea
1244 2337 1309 2391 ad
1352 2346 1599 2391 nostrqu
1642 2340 1875 2394 cadaver
1918 2342 2060 2411 aspi-

492 2432 667 2493 ciens,
701 2431 865 2487 morti
899 2439 1108 2485 tantum
1133 2432 1611 2501 apprOpinquavit,
1667 2442 1934 2504 quantum
1976 2444 2060 2491 est

494 2525 740 2592 attigisse
789 2523 1183 2577 mortalitatem
1214 2562 1227 2582 .
1274 2532 1327 2575 et
1372 2523 1582 2576 initium
1637 2526 2060 2581 resurrectionis

493 2630 594 2670 suo
621 2629 851 2684 corpore
872 2613 1092 2667 dedisse
1122 2621 1348 2676 naturae,
1386 2623 1446 2667 ut
1484 2614 1577 2683 qui
1622 2616 1822 2669 virtute
1850 2631 1925 2669 ac
1961 2632 2061 2686 po-

492 2714 690 2763 testate
714 2714 883 2759 totum
916 2706 1187 2759 hominem
1214 2705 1374 2759 simul
1404 2707 1769 2761 suscitaverit.
1790 2706 2058 2773 Quoniam

493 2799 636 2853 enim
667 2811 779 2851 non
826 2796 1045 2849 aliunde
1065 2809 1228 2864 quam
1261 2810 1325 2848 ex
1349 2806 1531 2850 nostra
1552 2812 1731 2851 massa
1767 2811 1897 2852 caro
1921 2805 2059 2864 erat,

495 2907 613 2961 quae
645 2890 813 2945 Deum
859 2895 1205 2957 susceperat,
1246 2902 1367 2956 qua:
1396 2888 1612 2956 quidem
1646 2904 1737 2956 per
1780 2903 2061 2944 resurrec-

501 2983 704 3037 tionem
760 2979 920 3034 simul
963 2980 1197 3033 excitata
1251 2974 1353 3031 fuit
1392 2993 1518 3031 cum
1563 2978 1890 3045 divinitate;
1927 2994 2062 3051 quo-

2156 1886 2247 1938 ἐπὶ
2275 1885 2371 1956 τὴν
2400 1885 2542 1959 ζωὴν
2584 1889 2648 1940 ὲκ
2672 1886 2767 1939 τοῦ
2804 1887 3035 1963 θανάτου
3066 1888 3518 1960 ἀνακαλούμενος.
3571 1893 3727 1945 Ἐπεὶ

2152 1974 2249 2030 οὖν
2279 1978 2381 2031 ἔδει
2410 1978 2663 2047 γενέσθαι
2691 1979 2819 2049 ὅλης
2847 1980 2943 2050 τῆς
2980 1979 3191 2048 φύσεως
3224 1981 3380 2051 ἡμῶν
3406 1984 3469 2035 ἐκ
3501 1982 3591 2036 τοῦ
3630 1983 3731 2037 θα·-

2158 2070 2317 2123 νάτου
2382 2068 2543 2123 πάλιν
2604 2070 2895 2133 ἐπάνοδον,
2953 2072 3113 2124 οἱονεί⁵
3162 2074 3317 2143 χεῖρα
3366 2072 3440 2142 τῷ
3492 2076 3729 2145 κειμένῳ

2159 2160 2382 2231 ὀρέγων,
2417 2161 2510 2213 καί
2553 2160 2641 2213 διὰ
2687 2160 2844 2213 τοῦτο
2882 2161 3016 2232 πρὸς
3054 2161 3114 2215 τὸ
3154 2164 3419 2234 ἡμέτερον
3458 2164 3728 2234 ἐπικύψας

2161 2251 2379 2322 πτῶμα,
2408 2252 2657 2306 τοσοῦτον
2694 2252 2771 2323 τῷ
2811 2254 3023 2325 θανάτῳ
3053 2256 3443 2327 προσήγγισεν,
3474 2257 3595 2309 ὅσον
3627 2262 3729 2329 τῆς

2159 2344 2478 2415 νεκρότητος
2502 2343 2739 2412 ἅψασθαι
2756 2362 2770 2375 ⁸
2798 2344 2891 2398 καὶ
2921 2345 3090 2417 ἀρχὴν
3115 2347 3295 2400 δοῦναι
3322 2348 3417 2418 τὴν
3448 2348 3607 2417 φύσιν
3627 2349 3731 2420 τῆς

2159 2435 2504 2498 ἀναστάσεως
2526 2434 2605 2503 τῷ
2633 2435 2746 2504 ἰδίῳ
2777 2434 3007 2505 σώματι,
3037 2437 3155 2489 ὅλον
3197 2440 3602 2508 συναναστὴσας
3636 2440 3729 2492 τὸν

2160 2526 2440 2596 ἄνθρωπον
2466 2528 2531 2596 τῇ
2564 2525 2810 2595 δυνάμει.
2853 2526 3069 2597 Ἐπειδὴ
3091 2528 3198 2599 γὰρ
3223 2530 3322 2581 οὑκ
3347 2528 3584 2592 ἄλλοθεν,
3612 2528 3729 2582 ἀλλ’

2159 2618 2224 2669 ὲκ
2254 2615 2348 2668 τοῦ
2387 2617 2653 2686 ἡμετέρου
2684 2618 3002 2687 φυράματος
3045 2620 3076 2687 ἡ
3118 2617 3361 2689 θεοδόχος
3396 2619 3531 2693 σὰρξ
3567 2614 3654 2690 ἦν,
3690 2623 3726 2691 ἡ

2158 2706 2247 2761 διά
2272 2710 2371 2778 τῆς
2395 2707 2741 2771 ἀναστάσεως
2768 2706 3163 2777 ωνεπαρθείσα
3187 2712 3251 2779 τῇ
3279 2709 3512 2781 θεότητι,
3542 2710 3733 2781 ὥσπερ

2160 2802 2251 2854 ἐπὶ
2277 2798 2372 2852 τοῦ
2424 2799 2544 2852 καθ’
2594 2799 2738 2871 ἡμᾶς
2769 2799 3074 2870 σώματοςὴ
3104 2799 3196 2853 τοῦ
3242 2802 3360 2867 ἑνὸς
3402 2801 3509 2855 τῶν
3542 2803 3731 2873 αἰσθη-

2159 2889 2359 2962 τηρίων
2383 2890 2627 2961 ἐνέργεια
2654 2887 2789 2961 πρὸς
2821 2889 2965 2943 ἀπαν
3010 2890 3105 2960 τὴν
3138 2892 3483 2962 συναίσθησιν
3510 2892 3630 2961 άγει
3668 2893 3732 2945 τὸ

2160 2982 2436 3053 ἡνωμένον
2459 2980 2536 3051 τῷ
2561 2981 2717 3052 μέρει
2743 2996 2759 3012 ο
2784 2981 2953 3045 οὔτως
2982 2981 3231 3052 καθάπερ
3251 2982 3395 3047 τινὸς
3419 2982 3569 3047 δντος
3590 2979 3730 3047 ζώου

494 3073 657 3127 modo
692 3072 746 3125 in
775 3082 964 3125 nostro
1005 3085 1254 3140 corpore,
1282 3068 1445 3124 unius
1480 3084 1543 3123 ex
1572 3084 1830 3123 sensuum
1854 3071 2058 3124 instru-

2162 3072 2345 3145 πάσης
2370 3072 2468 3143 τῆς
2509 3070 2740 3142 φύσεως,
2779 3074 2812 3141 ἡ
2853 3072 2945 3125 τοῦ
2982 3072 3177 3144 μέρους
3222 3075 3514 3138 ἀνάστασις
3547 3076 3637 3129 ἐπὶ
3668 3076 3734 3128 τὸ

493 3163 694 3218 mentis
720 3162 968 3237 operatio
1005 3160 1225 3217 deducit
1269 3176 1599 3214 consensum
1644 3160 1710 3213 ad
1746 3162 2059 3216 universum

494 3254 636 3325 parti
660 3254 871 3307 unitum
901 3272 914 3305 :
943 3253 1014 3306 ita
1046 3252 1208 3307 etiam
1238 3251 1465 3322 perinde
1489 3266 1553 3305 ac
1587 3252 1633 3305 si
1668 3261 1812 3306 esset
1839 3252 2061 3321 aliquod

496 3344 699 3399 animal
726 3343 981 3397 universa
1014 3346 1229 3405 natura,
1264 3340 1436 3411 partis
1480 3342 1814 3397 resurrectio
1862 3344 2063 3397 transit

494 3435 565 3491 ad
588 3435 923 3496 universum,
950 3441 1003 3488 et
1036 3448 1133 3503 pro
1168 3432 1529 3487 continuitate
1563 3432 2063 3505 coniunctioneque

498 3537 706 3583 naturae
734 3534 908 3581 totum
936 3542 1000 3580 ex
1030 3533 1181 3595 parte
1202 3525 1502 3579 concurrit.
1530 3524 1671 3590 Quid
1695 3525 1837 3580 enim
1885 3541 2062 3581 remo-

498 3630 610 3675 tum
643 3636 672 3673 a
698 3617 1077 3690 probabilitate
1103 3626 1156 3671 et
1192 3616 1665 3671 verisimilitudine
1702 3614 1963 3671 discimus
2006 3618 2060 3673 in

496 3711 779 3781 mysterio,
816 3710 861 3765 si
902 3708 990 3778 qui
1016 3716 1146 3769 stat,
1178 3706 1471 3761 inclinatur
1498 3706 1563 3760 ad
1588 3720 1712 3761 eum
1736 3704 1827 3774 qui
1846 3706 2060 3773 cecidit,

500 3809 593 3853 aut
629 3800 692 3853 ad
732 3798 1076 3852 excitandum
1102 3812 1225 3851 eum
1254 3798 1343 3865 qui
1371 3797 1540 3865 jacet?
1565 3796 1706 3851 Crux
1729 3805 1906 3851 autem
1933 3814 2059 3850 num

503 3893 735 3961 aliquam
764 3892 923 3945 etiam
952 3891 1111 3943 aliam
1149 3888 1554 3959 profundiorem
1586 3889 1861 3943 contineat
1899 3892 2063 3941 ratio-

501 4000 648 4046 nem,
684 3982 917 4037 viderint
951 3983 983 4034 ii
1028 3980 1121 4049 qui
1176 3997 1259 4036 res
1303 3995 1529 4035 arcanas
1573 3990 1857 4035 noverunt.
1905 3981 2061 4046 Quod

499 4085 678 4129 autem
710 4074 775 4127 ad
803 4089 903 4129 nos
943 4074 1090 4127 venit
1128 4089 1192 4127 ex
1254 4072 1564 4135 traditione,
1600 4082 1683 4127 est
1710 4072 2058 4139 hujusmodi:

496 4166 766 4232 Quoniam
824 4166 1008 4219 omnia
1055 4164 1442 4218 convenienter
1484 4163 1789 4217 sublimiori
1845 4164 1965 4218 vitae
2008 4165 2063 4218 in

500 4258 792 4327 Evangelia
816 4256 959 4310 dicta
994 4265 1045 4310 et
1081 4257 1219 4309 farta
1246 4264 1415 4319 sunt,
1450 4270 1624 4324 neque
1657 4254 1948 4324 quidquam
1982 4263 2065 4310 est

498 4350 791 4420 ejusmodi,
814 4358 873 4402 ut
901 4350 1026 4401 inde
1055 4365 1159 4401 nou
1202 4355 1384 4417 aperte
1426 4354 1683 4415 appareat
1723 4348 1944 4399 omnino
1982 4347 2063 4401 di-

2164 3167 2270 3219 πᾶν
2294 3162 2642 3235 διεξέρχεται,
2667 3164 2806 3217 κατὰ
2826 3164 2885 3217 τὸ
2908 3166 3121 3236 συνεχές
3146 3184 3201 3219 τε
3225 3165 3319 3220 καὶ
3339 3166 3611 3237 ἡνωμένον
3630 3165 3731 3235 τῆς

2163 3259 2393 3329 φύσεως,
2431 3260 2494 3311 ἐκ
2541 3256 2634 3309 τοῦ
2667 3256 2864 3327 μέρους
2902 3258 2992 3309 ἐπὶ
3018 3260 3080 3312 τὸ
3121 3258 3239 3312 ὅλον
3266 3258 3630 3329 συνδιδομένη.
3664 3261 3731 3312 Τί

2162 3346 2251 3403 οὖν
2279 3348 2382 3413 ἔξω
2407 3346 2500 3400 τοῦ
2528 3346 2732 3410 εἰκότος
2770 3348 2828 3399 ὲν
2852 3346 2928 3417 τῷ
2973 3347 3254 3417 μυστηρίῳ
3289 3348 3647 3419 μανθάνομεν,
3680 3351 3731 3402 εἰ

2163 3442 2355 3493 κύπτει
2391 3438 2523 3509 πρὸς
2545 3441 2634 3492 τὸν
2668 3442 2991 3494 πεπτωκότα
3032 3442 3059 3493 6
3099 3440 3288 3502 ἑστὼς,
3328 3439 3361 3510 ἡ
3394 3441 3484 3491 ἐπὶ
3511 3441 3570 3493 τὸ
3604 3440 3730 3492 ἀνα-

2165 3533 2355 3600 στῆσαι
2402 3529 2492 3580 τὸν
2526 3529 2806 3599 κείμενον;
2851 3532 2879 3582 6
2923 3530 2977 3582 δὲ
3012 3528 3242 3601 σταυρὸς
3282 3531 3330 3581 εί
3367 3530 3439 3600 μή
3474 3546 3594 3581 τινα
3638 3530 3730 3581 καὶ

2161 3623 2247 3674 Ere
2260 3639 2347 3691 ρον
2390 3620 2631 3692 περιέχει
2670 3619 2823 3689 λόγον
2856 3618 3179 3690 βαθύτερον,
3211 3619 3397 3674 είδοῖεν
3435 3618 3499 3673 ἂν
3527 3621 3574 3672 oi
3622 3619 3730 3672 τῶν

2164 3712 2549 3784 κρυπτομένων
2580 3711 2879 3782 ὲπίστορες.
2911 3714 2974 3765 ’Ὀ
2999 3711 3043 3764 δ’
3064 3708 3154 3765 οὖν
3184 3713 3263 3774 εἰς
3290 3713 3436 3782 ἡμᾶς
3465 3714 3528 3765 ἐκ
3556 3728 3729 3783 παρα-

2162 3807 2359 3869 δόσεως
2406 3808 2560 3878 ἡκει,
2604 3805 2841 3859 τοιοῦτόν
2890 3805 3067 3858 ἐστιν·
3117 3804 3331 3876 Ἐπειδὴ
3379 3804 3553 3857 πάντα
3588 3804 3727 3857 κατὰ

2163 3897 2252 3950 τὸν
2276 3896 2503 3966 omnes
2514 3895 2602 3968 96v
2620 3912 2681 3947 τε
2700 3895 2795 3948 καὶ
2814 3894 3080 3965 θειότερον
3105 3893 3217 3963 βίον
3240 3895 3296 3946 ἐν
3316 3892 3390 3963 τῷ
3414 3893 3727 3962 Εύαγγελίῳ

2164 3989 2372 4059 εἴρηται
2404 3988 2497 4041 καί¹
2535 3987 2823 4056 γεγένηται
2844 4004 2856 4015 ·
2893 3988 2982 4038 καὶ
3011 3986 3159 4039 οὐδὲν
3188 3984 3423 4038 τοιοῦτόν
3452 3988 3594 4039 ἐστιν
3614 4027 3628 4049 ,
3672 3987 3729 4037 ὲν

2162 4073 2205 4147 ᾧ
2234 4080 2352 4148 ούχὶ
2393 4080 2607 4141 πάντως
2640 4078 2784 4148 μίξις
2812 4095 2893 4142 τις
2934 4078 3252 4147 ἐμφαίνεται
3285 4077 3376 4131 τοῦ
3411 4078 3553 4131 θείου
3591 4078 3727 4149 πρὸς

2164 4170 2223 4222 τὸ
2252 4168 2621 4239 ἀνθρώπινον,
2654 4167 2752 4236 τῆς
2788 4170 2884 4237 μὲν
2920 4167 3100 4237 φωνῆς
3138 4168 3170 4237 ἡ
3209 4167 3308 4235 τῆς
3356 4166 3600 4237 πράξεως
3633 4168 3730 4219 άν-

2166 4256 2453 4329 Θρωπικῶς
2492 4255 2906 4325 διεξαγομένης,
2959 4254 3052 4307 τοῦ
3104 4256 3159 4308 δὲ
3203 4256 3344 4309 κατά
3387 4257 3445 4308 τὸ
3492 4258 3732 4326 κρυπτὸν

2166 4351 2449 4420 νοουμένου
2495 4350 2553 4401 τὸ
2593 4348 2733 4401 θεῖον
2777 4348 3161 4418 ὲμφαίνοντος’
3198 4348 3484 4401 ἀκόλουθον
3528 4348 3594 4401 ἂν
3641 4349 3731 4419 εἴη

499 4444 741 4496 vinitatis
770 4443 952 4497 mistio
985 4458 1104 4493 cum
1151 4439 1509 4503 humanitate,
1542 4453 1664 4491 cum
1702 4454 1802 4492 vox
1839 4438 2055 4507 quidem

2162 4443 2254 4495 καὶ
2280 4444 2335 4494 έν
2364 4439 2440 4510 τῷ
2476 4439 2833 4516 μέρειςςούτῳ
2853 4480 2868 4503 ,
2901 4438 2975 4509 μὴ
3000 4438 3059 4491 τὸ
3092 4438 3188 4508 μὲν
3217 4438 3449 4508 βλέπειν,
3485 4442 3733 4511 παρορᾷν

500 4541 592 4587 aut
620 4534 762 4587 actio
783 4542 1029 4588 transeat
1057 4532 1394 4588 humanitus.
1436 4528 1488 4583 id
1517 4540 1694 4583 autem
1719 4530 1863 4600 quod
1888 4548 1951 4585 ex
1978 4547 2063 4585 oc-

498 4628 646 4679 culto
696 4625 1053 4695 intelligitur.
1121 4624 1374 4678 ostendat
1431 4621 1809 4677 divinitatem:
1866 4624 1919 4675 in
1962 4624 2064 4677 hac

498 4718 660 4771 etiam
690 4726 838 4785 parte
880 4716 1041 4768 fuerit
1069 4729 1432 4782 consequens.
1491 4721 1548 4764 ut
1608 4729 1713 4767 non
1765 4713 2065 4781 aspiciatur

503 4824 692 4869 unum,
720 4808 945 4861 alterum
974 4817 1151 4860 autem
1179 4805 1505 4874 despiciatur
1524 4847 1536 4869 ,
1564 4805 1656 4858 sed
1693 4805 1745 4857 in
1772 4803 2063 4859 immortali

501 4902 718 4971 quidem
750 4902 976 4955 mortale
1006 4900 1408 4961 consideretur,
1440 4899 1493 4952 in
1527 4900 1746 4952 homine
1774 4906 1952 4951 autem
2010 4899 2062 4953 id

502 4994 643 5061 quod
684 5001 769 5048 est
808 4992 1048 5047 divinius
1102 4990 1247 5044 υιιιιιί
1281 4990 1466 5045 studio
1520 4988 1880 5060 disquiratur.
1926 4987 2061 5042 Nam

501 5086 756 5154 quoniam
788 5087 1063 5155 proprium
1090 5093 1172 5140 est
1197 5085 1495 5138 divinitatis
1530 5083 1712 5136 omnia
1747 5081 2061 5150 pervadere,

502 5190 702 5235 etcum
744 5193 930 5231 eorum
963 5192 1081 5245 quae
1114 5186 1239 5229 SUlll
1268 5185 1460 5229 natura
1484 5189 1578 5243 per
1610 5188 1823 5227 omnem
1856 5180 2064 5242 partem

501 5269 716 5323 extendi
746 5267 889 5337 (non
926 5267 1069 5319 enim
1108 5266 1367 5320 manserit
1395 5264 1671 5334 quippiam
1709 5263 1762 5315 in
1808 5264 2062 5325 essentia,

502 5362 603 5415 nisi
638 5363 689 5413 in
723 5374 789 5414 eo
839 5358 983 5428 quod
1022 5365 1105 5411 est
1152 5367 1386 5411 maneat.
1418 5356 1571 5422 Quod
1606 5364 1783 5409 autem
1850 5356 2065 5425 proprie

501 5462 586 5506 est
611 5460 663 5504 et
690 5451 885 5519 primo,
918 5450 1101 5504 divina
1134 5459 1216 5501 est
1251 5457 1443 5501 natura
1473 5466 1483 5500 :
1523 5462 1683 5517 quam
1726 5458 1784 5502 ut
1808 5462 2065 5502 necessa-

504 5543 585 5595 rio
625 5542 912 5596 credamus
933 5557 1054 5597 esse
1102 5542 1153 5595 in
1188 5540 1403 5594 cunctis
1432 5555 1552 5608 qua:
1587 5546 1733 5601 sunt,
1779 5554 1877 5591 nos
1925 5540 2067 5606 cogit

500 5649 686 5687 eorum
718 5650 836 5704 qure
865 5643 993 5688 sunt
1026 5632 1392 5703 permansio),
1437 5631 1537 5686 hoc
1583 5646 1677 5699 per
1702 5646 1919 5684 crucem
1967 5630 2066 5681 do-

501 5740 711 5787 centur,
755 5742 875 5779 euut
909 5726 1027 5793 ejus
1064 5724 1454 5796 quadrifariam
1519 5721 1687 5793 figura
1740 5722 1817 5776 sit
1848 5720 2020 5775 divisa
2051 5760 2066 5784 ,

2163 4532 2217 4584 δὲ
2246 4530 2304 4583 τὸ
2329 4531 2513 4601 ἕτερον
2532 4545 2545 4558 ο
2572 4529 2685 4581 ἀλλ’
2711 4531 2767 4580 ὲν
2799 4528 2898 4598 μὲν
2918 4526 2995 4597 τῷ
3021 4526 3273 4598 ἀθανάτῳ
3299 4526 3533 4598 καθορᾷν
3551 4528 3610 4579 τὸ
3636 4529 3734 4580 ἀν-

2165 4620 2451 4691 θρώπινον,
2496 4622 2551 4671 ἐν
2597 4619 2652 4671 δὲ
2711 4618 2788 4688 τῷ
2837 4616 3106 4690 ἀνθρώπῳ
3154 4618 3623 4688 πολυπραγμονεῖν
3670 4621 3734 4672 τὸ

2165 4714 2450 4784 θειότερον.
2495 4712 2708 4781 Ἐπειδὴ
2752 4711 2858 4781 γάρ
2903 4710 3031 4763 ἴδιόν
3068 4710 3184 4762 ἐστι
3226 4710 3325 4778 τῆς
3370 4709 3637 4780 θειότητος
3670 4711 3734 4763 τὸ

2164 4805 2252 4857 διὰ
2280 4804 2492 4857 πάντων
2522 4804 2695 4872 ἥκειν,
2726 4802 2819 4853 καὶ
2847 4804 2912 4871 τῇ
2943 4800 3099 4868 φύσει
3128 4800 3234 4868 τῷν
3262 4800 3427 4852 ὄντων
3456 4800 3594 4852 κατὰ
3622 4803 3732 4853 πᾶν

2168 4897 2330 4970 μέρος
2369 4893 2951 4966 συμπαρεκτείνεσθαι’
2990 4892 3049 4944 ού
3080 4892 3187 4963 γάρ
3227 4891 3291 4945 ἄν
3320 4909 3371 4943 τι
3404 4891 3643 4961 διαμένοι
3672 4893 3733 4944 ὲν

2164 4987 2242 5057 τῷ
2265 4983 2423 5050 εἶναι,
2452 4987 2524 5055 μὴ
2555 4986 2612 5037 ὲν
2633 4984 2709 5054 τῷ
2728 4984 2838 5037 ὄντι
2865 4985 3040 5054 μένον.
3066 4984 3138 5034 Τὸ
3164 4983 3219 5035 δὲ
3244 4984 3444 5054 κυρίως
3465 4984 3557 5036 καὶ
3582 4982 3734 5054 πρώ-

2164 5097 2270 5143 τως
2294 5079 2374 5143 ὃν,
2406 5080 2438 5149 ἡ
2469 5078 2586 5132 θεία
2617 5077 2775 5147 φύσις
2806 5076 2976 5139 ἐστὶν,
3000 5078 3066 5145 ἣν
3100 5076 3158 5140 ἐξ
3188 5076 3430 5148 ἀνάγκης
3460 5076 3733 5130 πιστεύειν

2166 5172 2221 5223 ὲν
2268 5172 2429 5224 πᾶσιν
2478 5165 2614 5223 εἶναι
2651 5172 2761 5232 τοῖς
2795 5164 2976 5229 οὖσιν,
3019 5170 3051 5237 ἡ
3108 5167 3332 5240 διαμονὴ
3392 5168 3498 5221 τῶν
3564 5168 3733 5222 ὄντων

2168 5261 2589 5330 καταναγκάζειο
2635 5260 2794 5315 τοῦτο
2827 5260 2913 5313 διὰ
2944 5259 3036 5313 τοῦ
3076 5260 3307 5330 σταυροῦ
3347 5260 3729 5331 διδασκόμεθα,

2166 5356 2400 5426 τετραχῆ
2432 5353 2525 5406 τοῦ
2556 5356 2673 5406 κατ’
2698 5353 2857 5406 αὐτὸν
2882 5352 3158 5422 σχήματος
3178 5353 3506 5423 διῃρημένου
3525 5369 3538 5383 ο
3565 5352 3640 5416 ὡς
3669 5356 3737 5405 ἐκ

2166 5445 2257 5498 τοῦ
2296 5446 2482 5516 μέσου,
2524 5448 2657 5500 καθὸ
2700 5448 2834 5519 πρὸς
2864 5447 3054 5499 ἑαυτὸν
3087 5446 3431 5511 συνάπτεται,
3468 5447 3733 5517 τέσσαρας

2168 5538 2512 5610 ἀριθμεῖσθαι
2556 5539 2653 5604 τὰς
2704 5538 3003 5612 προϐολάς·
3040 5539 3119 5591 ὄτι
3163 5542 3190 5592 ὀ
3226 5540 3315 5592 ἐπὶ
3345 5539 3531 5592 τούτου
3572 5541 3629 5590 ὲν
3657 5536 3736 5607 τῷ

2170 5626 2343 5699 καιρῷ
2379 5631 2476 5699 τῆς
2506 5629 2644 5681 κατὰ
2669 5628 2759 5681 τὸν
2797 5627 3021 5681 θάνατον
3046 5627 3354 5696 οἰκονομίας
3392 5626 3675 5689 διατεθεὶς.
3704 5628 3735 5678 6

2169 5719 2229 5771 τὸ
2260 5720 2365 5771 πᾶν
2393 5720 2523 5789 πρὸς
2557 5718 2732 5790 ἑαυτῷ
2762 5718 2988 5772 συνδέων
3018 5736 3073 5771 τε
3111 5719 3202 5771 καί
3237 5717 3605 5789 συναρμόζων,
3635 5715 3733 5778 τὰς
