  <div class='ocr_page' id='page_1' title='image "/cluster/home/n/w/nwhite01/storage/ocr_20150623/45/hvd.32044019826437/048.png"; bbox 0 0 3978 6508; ppageno 0'>
   <div class='ocr_carea' id='block_1_1' title="bbox 215 418 3459 484">
    <p class='ocr_par' dir='ltr' id='par_1_1' title="bbox 215 418 3459 484">
     <span class='ocr_line' id='line_1_1' title="bbox 215 418 3459 484; baseline -0.001 2"><span class='ocrx_word' id='word_1_1' title='bbox 215 418 268 471; x_wconf 82' lang='lat'><strong>8|</strong></span> <span class='ocrx_word' id='word_1_2' title='bbox 1432 427 1693 484; x_wconf 77' lang='lat' dir='ltr'><strong>ORATIO</strong></span> <span class='ocrx_word' id='word_1_3' title='bbox 1720 425 2223 484; x_wconf 63' lang='lat' dir='ltr'><strong>carecnnnca.</strong></span> <span class='ocrx_word' id='word_1_4' title='bbox 3383 428 3459 482; x_wconf 75' lang='lat' dir='ltr'><strong>aa</strong></span> 
     </span>
    </p>
   </div>
   <div class='ocr_carea' id='block_1_2' title="bbox 212 534 1794 617">
    <p class='ocr_par' dir='ltr' id='par_1_2' title="bbox 212 534 1789 617">
     <span class='ocr_line' id='line_1_2' title="bbox 212 534 1789 617; baseline 0.006 -30"><span class='ocrx_word' id='word_1_5' title='bbox 212 534 493 603; x_wconf 77' lang='grc' dir='ltr'>διαφόρους</span> <span class='ocrx_word' id='word_1_6' title='bbox 518 534 628 589; x_wconf 84' lang='grc' dir='ltr'>τῶν</span> <span class='ocrx_word' id='word_1_7' title='bbox 660 535 835 591; x_wconf 77' lang='grc' dir='ltr'>ὄντων·</span> <span class='ocrx_word' id='word_1_8' title='bbox 864 539 1054 607; x_wconf 77' lang='grc' dir='ltr'>φύσεις</span> <span class='ocrx_word' id='word_1_9' title='bbox 1089 542 1223 613; x_wconf 83' lang='grc' dir='ltr'>πρὸς</span> <span class='ocrx_word' id='word_1_10' title='bbox 1255 544 1381 613; x_wconf 88' lang='grc' dir='ltr'>μίαν</span> <span class='ocrx_word' id='word_1_11' title='bbox 1406 545 1708 617; x_wconf 81' lang='grc' dir='ltr'>σύμπνοιάν</span> <span class='ocrx_word' id='word_1_12' title='bbox 1733 563 1789 598; x_wconf 86' lang='grc' dir='ltr'><strong>τε</strong></span> 
     </span>
    </p>
   </div>
   <div class='ocr_carea' id='block_1_3' title="bbox 1897 534 3456 617">
    <p class='ocr_par' dir='ltr' id='par_1_3' title="bbox 1897 543 3456 615">
     <span class='ocr_line' id='line_1_3' title="bbox 1897 543 3456 615; baseline -0.001 -17"><span class='ocrx_word' id='word_1_13' title='bbox 1897 544 2030 599; x_wconf 88' lang='lat' dir='ltr'><strong>adeo</strong></span> <span class='ocrx_word' id='word_1_14' title='bbox 2058 553 2115 597; x_wconf 91' lang='lat' dir='ltr'><strong>ut</strong></span> <span class='ocrx_word' id='word_1_15' title='bbox 2141 561 2204 598; x_wconf 77' lang='lat' dir='ltr'><strong>ex</strong></span> <span class='ocrx_word' id='word_1_16' title='bbox 2230 543 2426 603; x_wconf 87' lang='lat' dir='ltr'><strong>medio,</strong></span> <span class='ocrx_word' id='word_1_17' title='bbox 2467 550 2737 613; x_wconf 79' lang='lat' dir='ltr'><strong>quatenus</strong></span> <span class='ocrx_word' id='word_1_18' title='bbox 2772 543 2874 598; x_wconf 91' lang='lat' dir='ltr'><strong>sibi</strong></span> <span class='ocrx_word' id='word_1_19' title='bbox 2930 543 3032 613; x_wconf 85' lang='lat' dir='ltr'><strong>ipsi</strong></span> <span class='ocrx_word' id='word_1_20' title='bbox 3084 543 3456 615; x_wconf 73' lang='lat' dir='ltr'><strong>coniungitur,</strong></span> 
     </span>
    </p>
   </div>
   <div class='ocr_carea' id='block_1_4' title="bbox 211 624 1787 704">
    <p class='ocr_par' dir='ltr' id='par_1_4' title="bbox 211 624 1787 704">
     <span class='ocr_line' id='line_1_4' title="bbox 211 624 1787 704; baseline 0.008 -30"><span class='ocrx_word' id='word_1_21' title='bbox 211 624 294 675; x_wconf 76' lang='grc' dir='ltr'><strong>καὶ</strong></span> <span class='ocrx_word' id='word_1_22' title='bbox 324 624 601 693; x_wconf 82' lang='grc' dir='ltr'><strong>ἁρμονίαν</strong></span> <span class='ocrx_word' id='word_1_23' title='bbox 626 626 693 679; x_wconf 79' lang='grc' dir='ltr'>δι’</span> <span class='ocrx_word' id='word_1_24' title='bbox 723 627 920 682; x_wconf 79' lang='grc' dir='ltr'>ἑαυτοῦ</span> <span class='ocrx_word' id='word_1_25' title='bbox 952 630 1216 698; x_wconf 85' lang='grc' dir='ltr'>συνάγων,</span> <span class='ocrx_word' id='word_1_26' title='bbox 1259 634 1346 686; x_wconf 84' lang='grc' dir='ltr'>Ἐν</span> <span class='ocrx_word' id='word_1_27' title='bbox 1373 635 1477 704; x_wconf 82' lang='grc' dir='ltr'>γὰρ</span> <span class='ocrx_word' id='word_1_28' title='bbox 1505 639 1615 699; x_wconf 84' lang='grc' dir='ltr'>τοῖς</span> <span class='ocrx_word' id='word_1_29' title='bbox 1638 631 1787 688; x_wconf 81' lang='grc' dir='ltr'>οὖσιν</span> 
     </span>
    </p>
   </div>
   <div class='ocr_carea' id='block_1_5' title="bbox 208 713 1786 792">
    <p class='ocr_par' dir='ltr' id='par_1_5' title="bbox 208 713 1786 792">
     <span class='ocr_line' id='line_1_5' title="bbox 208 713 1786 792; baseline 0.01 -28"><span class='ocrx_word' id='word_1_30' title='bbox 208 716 236 781; x_wconf 71' lang='grc' dir='ltr'><strong>ἢ</strong></span> <span class='ocrx_word' id='word_1_31' title='bbox 274 713 386 765; x_wconf 81' lang='grc' dir='ltr'><strong>άνω</strong></span> <span class='ocrx_word' id='word_1_32' title='bbox 422 732 475 766; x_wconf 88' lang='grc' dir='ltr'><strong>τι</strong></span> <span class='ocrx_word' id='word_1_33' title='bbox 519 720 745 781; x_wconf 80' lang='grc' dir='ltr'><strong>νοεῖται,</strong></span> <span class='ocrx_word' id='word_1_34' title='bbox 777 719 811 788; x_wconf 79' lang='grc' dir='ltr'>ἢ</span> <span class='ocrx_word' id='word_1_35' title='bbox 848 719 1017 781; x_wconf 85' lang='grc' dir='ltr'>κάτω,</span> <span class='ocrx_word' id='word_1_36' title='bbox 1050 722 1083 791; x_wconf 78' lang='grc' dir='ltr'>ἢ</span> <span class='ocrx_word' id='word_1_37' title='bbox 1119 722 1251 792; x_wconf 82' lang='grc' dir='ltr'>πρὸς</span> <span class='ocrx_word' id='word_1_38' title='bbox 1276 722 1346 776; x_wconf 81' lang='grc' dir='ltr'><strong>τά</strong></span> <span class='ocrx_word' id='word_1_39' title='bbox 1386 724 1527 778; x_wconf 88' lang='grc' dir='ltr'><strong>κατά</strong></span> <span class='ocrx_word' id='word_1_40' title='bbox 1550 726 1621 778; x_wconf 83' lang='grc' dir='ltr'><strong>τά</strong></span> <span class='ocrx_word' id='word_1_41' title='bbox 1648 726 1786 779; x_wconf 83' lang='grc' dir='ltr'>πλά-</span> 
     </span>
    </p>
   </div>
   <div class='ocr_carea' id='block_1_6' title="bbox 208 805 1155 882">
    <p class='ocr_par' dir='ltr' id='par_1_6' title="bbox 208 805 1155 882">
     <span class='ocr_line' id='line_1_6' title="bbox 208 805 1155 882; baseline 0.013 -28"><span class='ocrx_word' id='word_1_42' title='bbox 208 821 291 870; x_wconf 84' lang='grc' dir='ltr'><strong>για</strong></span> <span class='ocrx_word' id='word_1_43' title='bbox 323 805 546 874; x_wconf 82' lang='grc' dir='ltr'>πέρατα</span> <span class='ocrx_word' id='word_1_44' title='bbox 581 807 848 864; x_wconf 78' lang='grc' dir='ltr'>διαϐαίνει</span> <span class='ocrx_word' id='word_1_45' title='bbox 884 813 917 882; x_wconf 84' lang='grc' dir='ltr'><strong>ἡ</strong></span> <span class='ocrx_word' id='word_1_46' title='bbox 962 812 1155 867; x_wconf 78' lang='grc' dir='ltr'>ἔννοια.</span> 
     </span>
    </p>
   </div>
   <div class='ocr_carea' id='block_1_7' title="bbox 1894 634 3458 706">
    <p class='ocr_par' dir='ltr' id='par_1_7' title="bbox 1894 634 3458 706">
     <span class='ocr_line' id='line_1_7' title="bbox 1894 634 3458 706; baseline 0.001 -17"><span class='ocrx_word' id='word_1_47' title='bbox 1894 642 2251 690; x_wconf 85' lang='lat' dir='ltr'><strong>numerentur</strong></span> <span class='ocrx_word' id='word_1_48' title='bbox 2283 645 2518 705; x_wconf 86' lang='lat' dir='ltr'><strong>quatuor</strong></span> <span class='ocrx_word' id='word_1_49' title='bbox 2540 634 2938 705; x_wconf 86' lang='lat' dir='ltr'><strong>projectiones:</strong></span> <span class='ocrx_word' id='word_1_50' title='bbox 2988 637 3247 705; x_wconf 84' lang='lat' dir='ltr'><strong>quoniam</strong></span> <span class='ocrx_word' id='word_1_51' title='bbox 3280 638 3374 706; x_wconf 84' lang='lat' dir='ltr'><strong>qui</strong></span> <span class='ocrx_word' id='word_1_52' title='bbox 3405 638 3458 690; x_wconf 92' lang='lat' dir='ltr'><strong>in</strong></span> 
     </span>
    </p>
   </div>
   <div class='ocr_carea' id='block_1_8' title="bbox 1892 727 3463 797">
    <p class='ocr_par' dir='ltr' id='par_1_8' title="bbox 1892 727 3463 797">
     <span class='ocr_line' id='line_1_8' title="bbox 1892 727 3463 797; baseline -0.003 -14"><span class='ocrx_word' id='word_1_53' title='bbox 1892 744 1955 783; x_wconf 89' lang='lat' dir='ltr'><strong>ea</strong></span> <span class='ocrx_word' id='word_1_54' title='bbox 1997 728 2096 782; x_wconf 78' lang='lat' dir='ltr'><strong>fuit</strong></span> <span class='ocrx_word' id='word_1_55' title='bbox 2128 736 2386 784; x_wconf 82' lang='lat' dir='ltr'><strong>extensus</strong></span> <span class='ocrx_word' id='word_1_56' title='bbox 2425 737 2665 796; x_wconf 87' lang='lat' dir='ltr'><strong>tempore</strong></span> <span class='ocrx_word' id='word_1_57' title='bbox 2693 728 2886 781; x_wconf 89' lang='lat' dir='ltr'><strong>mortis</strong></span> <span class='ocrx_word' id='word_1_58' title='bbox 2947 737 3212 796; x_wconf 63' lang='lat' dir='ltr'><strong>susceptae</strong></span> <span class='ocrx_word' id='word_1_59' title='bbox 3243 727 3463 797; x_wconf 86' lang='lat' dir='ltr'><strong>dispen-</strong></span> 
     </span>
    </p>
   </div>
   <div class='ocr_carea' id='block_1_9' title="bbox 1894 819 3463 889">
    <p class='ocr_par' dir='ltr' id='par_1_9' title="bbox 1894 819 3463 889">
     <span class='ocr_line' id='line_1_9' title="bbox 1894 819 3463 889; baseline -0.001 -17"><span class='ocrx_word' id='word_1_60' title='bbox 1894 821 2143 880; x_wconf 87' lang='lat' dir='ltr'><strong>sationis,</strong></span> <span class='ocrx_word' id='word_1_61' title='bbox 2169 821 2263 889; x_wconf 86' lang='lat' dir='ltr'><strong>qui</strong></span> <span class='ocrx_word' id='word_1_62' title='bbox 2317 820 2417 873; x_wconf 87' lang='lat' dir='ltr'><strong>sibi</strong></span> <span class='ocrx_word' id='word_1_63' title='bbox 2448 820 2761 873; x_wconf 88' lang='lat' dir='ltr'><strong>universum</strong></span> <span class='ocrx_word' id='word_1_64' title='bbox 2799 819 3036 887; x_wconf 83' lang='lat' dir='ltr'><strong>colligat,</strong></span> <span class='ocrx_word' id='word_1_65' title='bbox 3074 819 3365 872; x_wconf 81' lang='lat' dir='ltr'><strong>concinnat</strong></span> <span class='ocrx_word' id='word_1_66' title='bbox 3410 827 3463 873; x_wconf 89' lang='lat' dir='ltr'><strong>et</strong></span> 
     </span>
    </p>
   </div>
   <div class='ocr_carea' id='block_1_10' title="bbox 206 897 3461 984">
    <p class='ocr_par' dir='ltr' id='par_1_10' title="bbox 206 897 3461 984">
     <span class='ocr_line' id='line_1_10' title="bbox 206 897 3461 984; baseline 0.004 -33"><span class='ocrx_word' id='word_1_67' title='bbox 206 897 446 965; x_wconf 78' lang='lat' dir='ltr'><strong>adaptat,</strong></span> <span class='ocrx_word' id='word_1_68' title='bbox 483 899 533 953; x_wconf 88' lang='lat' dir='ltr'><strong>is</strong></span> <span class='ocrx_word' id='word_1_69' title='bbox 559 899 810 957; x_wconf 86' lang='lat' dir='ltr'><strong>diversas</strong></span> <span class='ocrx_word' id='word_1_70' title='bbox 848 919 1029 959; x_wconf 85' lang='lat' dir='ltr'><strong>rerum</strong></span> <span class='ocrx_word' id='word_1_71' title='bbox 1063 918 1290 964; x_wconf 88' lang='lat' dir='ltr'><strong>naturas</strong></span> <span class='ocrx_word' id='word_1_72' title='bbox 1316 909 1382 962; x_wconf 89' lang='lat' dir='ltr'><strong>ad</strong></span> <span class='ocrx_word' id='word_1_73' title='bbox 1408 925 1574 964; x_wconf 90' lang='lat' dir='ltr'><strong>unam</strong></span> <span class='ocrx_word' id='word_1_74' title='bbox 1610 925 1705 979; x_wconf 91' lang='lat' dir='ltr'><strong>per</strong></span> <span class='ocrx_word' id='word_1_75' title='bbox 1727 926 1786 966; x_wconf 88' lang='lat' dir='ltr'><strong>se</strong></span> <span class='ocrx_word' id='word_1_76' title='bbox 1824 913 1970 984; x_wconf 78' lang='lat' dir='ltr'><strong>COgit</strong></span> <span class='ocrx_word' id='word_1_77' title='bbox 2016 913 2475 982; x_wconf 77' lang='lat' dir='ltr'><strong>conspirationem</strong></span> <span class='ocrx_word' id='word_1_78' title='bbox 2531 918 2585 963; x_wconf 81' lang='lat' dir='ltr'><strong>et</strong></span> <span class='ocrx_word' id='word_1_79' title='bbox 2653 910 3016 962; x_wconf 80' lang='lat' dir='ltr'><strong>harmoniam.</strong></span> <span class='ocrx_word' id='word_1_80' title='bbox 3088 908 3141 961; x_wconf 88' lang='lat' dir='ltr'><strong>In</strong></span> <span class='ocrx_word' id='word_1_81' title='bbox 3205 910 3272 964; x_wconf 92' lang='lat' dir='ltr'><strong>iis</strong></span> <span class='ocrx_word' id='word_1_82' title='bbox 3317 910 3461 964; x_wconf 76' lang='lat' dir='ltr'><strong>enim</strong></span> 
     </span>
    </p>
   </div>
   <div class='ocr_carea' id='block_1_11' title="bbox 205 990 3227 1071">
    <p class='ocr_par' dir='ltr' id='par_1_11' title="bbox 205 990 3227 1071">
     <span class='ocr_line' id='line_1_11' title="bbox 205 990 3227 1071; baseline 0.004 -31"><span class='ocrx_word' id='word_1_83' title='bbox 205 1002 317 1056; x_wconf 66' lang='lat' dir='ltr'><strong>qua:</strong></span> <span class='ocrx_word' id='word_1_84' title='bbox 344 996 505 1051; x_wconf 87' lang='lat' dir='ltr'><strong>sunt,</strong></span> <span class='ocrx_word' id='word_1_85' title='bbox 538 990 623 1045; x_wconf 89' lang='lat' dir='ltr'><strong>vel</strong></span> <span class='ocrx_word' id='word_1_86' title='bbox 648 1007 870 1048; x_wconf 82' lang='lat' dir='ltr'><strong>sursum</strong></span> <span class='ocrx_word' id='word_1_87' title='bbox 896 996 1221 1068; x_wconf 72' lang='lat' dir='ltr'><strong>intelligitur</strong></span> <span class='ocrx_word' id='word_1_88' title='bbox 1241 1000 1469 1071; x_wconf 89' lang='lat' dir='ltr'><strong>aliquid.</strong></span> <span class='ocrx_word' id='word_1_89' title='bbox 1505 1003 1586 1057; x_wconf 94' lang='lat' dir='ltr'><strong>vel</strong></span> <span class='ocrx_word' id='word_1_90' title='bbox 1620 1002 1879 1058; x_wconf 87' lang='lat' dir='ltr'><strong>deorsum</strong></span> <span class='ocrx_word' id='word_1_91' title='bbox 1908 1023 1918 1056; x_wconf 90' lang='lat'><strong>:</strong></span> <span class='ocrx_word' id='word_1_92' title='bbox 1958 1002 2040 1056; x_wconf 90' lang='lat' dir='ltr'><strong>vel</strong></span> <span class='ocrx_word' id='word_1_93' title='bbox 2087 1001 2155 1055; x_wconf 91' lang='lat' dir='ltr'><strong>ad</strong></span> <span class='ocrx_word' id='word_1_94' title='bbox 2185 1009 2529 1056; x_wconf 89' lang='lat' dir='ltr'><strong>transversos</strong></span> <span class='ocrx_word' id='word_1_95' title='bbox 2562 999 2698 1053; x_wconf 80' lang='lat' dir='ltr'><strong>lines</strong></span> <span class='ocrx_word' id='word_1_96' title='bbox 2726 1001 2924 1053; x_wconf 91' lang='lat' dir='ltr'><strong>transit</strong></span> <span class='ocrx_word' id='word_1_97' title='bbox 2946 998 3227 1066; x_wconf 78' lang='lat' dir='ltr'><strong>cogitatio.</strong></span> 
     </span>
    </p>
   </div>
   <div class='ocr_carea' id='block_1_12' title="bbox 269 1081 1789 1165">
    <p class='ocr_par' dir='ltr' id='par_1_12' title="bbox 269 1081 1789 1165">
     <span class='ocr_line' id='line_1_12' title="bbox 269 1081 1789 1165; baseline 0.011 -34"><span class='ocrx_word' id='word_1_98' title='bbox 269 1082 368 1132; x_wconf 82' lang='grc' dir='ltr'>Ἂν</span> <span class='ocrx_word' id='word_1_99' title='bbox 402 1081 587 1136; x_wconf 79' lang='grc' dir='ltr'>τοίνυν</span> <span class='ocrx_word' id='word_1_100' title='bbox 624 1083 815 1158; x_wconf 80' lang='grc' dir='ltr'>λογίσῃ</span> <span class='ocrx_word' id='word_1_101' title='bbox 853 1087 961 1141; x_wconf 84' lang='grc' dir='ltr'><strong>τῶν</strong></span> <span class='ocrx_word' id='word_1_102' title='bbox 984 1090 1339 1161; x_wconf 82' lang='grc' dir='ltr'>ἐπουρανίων,</span> <span class='ocrx_word' id='word_1_103' title='bbox 1367 1093 1400 1164; x_wconf 80' lang='grc' dir='ltr'><strong>ἢ</strong></span> <span class='ocrx_word' id='word_1_104' title='bbox 1426 1093 1533 1146; x_wconf 85' lang='grc' dir='ltr'><strong>τῶν</strong></span> <span class='ocrx_word' id='word_1_105' title='bbox 1561 1094 1789 1165; x_wconf 84' lang='grc' dir='ltr'>ὑποχθο-</span> 
     </span>
    </p>
   </div>
   <div class='ocr_carea' id='block_1_13' title="bbox 204 1170 1789 1255">
    <p class='ocr_par' dir='ltr' id='par_1_13' title="bbox 204 1170 1789 1255">
     <span class='ocr_line' id='line_1_13' title="bbox 204 1170 1789 1255; baseline 0.01 -34"><span class='ocrx_word' id='word_1_106' title='bbox 204 1171 346 1231; x_wconf 79' lang='grc' dir='ltr'>νίων,</span> <span class='ocrx_word' id='word_1_107' title='bbox 377 1170 414 1244; x_wconf 73' lang='grc' dir='ltr'>ἢ</span> <span class='ocrx_word' id='word_1_108' title='bbox 459 1172 572 1225; x_wconf 83' lang='grc' dir='ltr'>τῶν</span> <span class='ocrx_word' id='word_1_109' title='bbox 600 1174 721 1228; x_wconf 82' lang='grc' dir='ltr'>καθ’</span> <span class='ocrx_word' id='word_1_110' title='bbox 753 1177 1011 1248; x_wconf 81' lang='grc' dir='ltr'>ἑκάτερον</span> <span class='ocrx_word' id='word_1_111' title='bbox 1044 1180 1135 1233; x_wconf 81' lang='grc' dir='ltr'>τοῦ</span> <span class='ocrx_word' id='word_1_112' title='bbox 1170 1183 1370 1246; x_wconf 83' lang='grc' dir='ltr'>παντὸς</span> <span class='ocrx_word' id='word_1_113' title='bbox 1403 1184 1653 1255; x_wconf 81' lang='grc' dir='ltr'>περάτων</span> <span class='ocrx_word' id='word_1_114' title='bbox 1690 1188 1789 1254; x_wconf 81' lang='grc' dir='ltr'><strong>τὴν</strong></span> 
     </span>
    </p>
   </div>
   <div class='ocr_carea' id='block_1_14' title="bbox 207 1266 1785 1347">
    <p class='ocr_par' dir='ltr' id='par_1_14' title="bbox 207 1266 1785 1347">
     <span class='ocr_line' id='line_1_14' title="bbox 207 1266 1785 1347; baseline 0.009 -31"><span class='ocrx_word' id='word_1_115' title='bbox 207 1266 466 1319; x_wconf 71' lang='grc' dir='ltr'>σύστασιν</span> <span class='ocrx_word' id='word_1_116' title='bbox 491 1309 508 1331; x_wconf 87' lang='grc'><strong>,</strong></span> <span class='ocrx_word' id='word_1_117' title='bbox 552 1270 829 1339; x_wconf 86' lang='grc' dir='ltr'>πανταχοῦ</span> <span class='ocrx_word' id='word_1_118' title='bbox 869 1270 947 1341; x_wconf 84' lang='grc' dir='ltr'><strong>τῷ</strong></span> <span class='ocrx_word' id='word_1_119' title='bbox 986 1272 1230 1344; x_wconf 81' lang='grc' dir='ltr'>λογισμῷ</span> <span class='ocrx_word' id='word_1_120' title='bbox 1262 1292 1355 1327; x_wconf 88' lang='grc' dir='ltr'><strong>σου</strong></span> <span class='ocrx_word' id='word_1_121' title='bbox 1392 1279 1712 1347; x_wconf 83' lang='grc' dir='ltr'>προαπαντᾷ</span> <span class='ocrx_word' id='word_1_122' title='bbox 1753 1279 1785 1347; x_wconf 83' lang='grc' dir='ltr'>ἡ</span> 
     </span>
    </p>
   </div>
   <div class='ocr_carea' id='block_1_15' title="bbox 207 1350 1785 1439">
    <p class='ocr_par' dir='ltr' id='par_1_15' title="bbox 207 1350 1785 1439">
     <span class='ocr_line' id='line_1_15' title="bbox 207 1350 1785 1439; baseline 0.008 -30"><span class='ocrx_word' id='word_1_123' title='bbox 207 1360 426 1429; x_wconf 70' lang='grc' dir='ltr'>θεότης,</span> <span class='ocrx_word' id='word_1_124' title='bbox 464 1360 604 1431; x_wconf 86' lang='grc' dir='ltr'>μόνη</span> <span class='ocrx_word' id='word_1_125' title='bbox 650 1362 788 1415; x_wconf 85' lang='grc' dir='ltr'><strong>κατά</strong></span> <span class='ocrx_word' id='word_1_126' title='bbox 817 1350 926 1417; x_wconf 82' lang='grc' dir='ltr'><strong>πᾶν</strong></span> <span class='ocrx_word' id='word_1_127' title='bbox 956 1364 1119 1435; x_wconf 81' lang='grc' dir='ltr'><strong>μέρος</strong></span> <span class='ocrx_word' id='word_1_128' title='bbox 1149 1369 1257 1429; x_wconf 87' lang='grc' dir='ltr'>τοῖς</span> <span class='ocrx_word' id='word_1_129' title='bbox 1295 1364 1446 1420; x_wconf 78' lang='grc' dir='ltr'>οὖσιν</span> <span class='ocrx_word' id='word_1_130' title='bbox 1489 1367 1785 1439; x_wconf 80' lang='grc' dir='ltr'>ἐνθεωρου-</span> 
     </span>
    </p>
   </div>
   <div class='ocr_carea' id='block_1_16' title="bbox 209 1450 1786 1531">
    <p class='ocr_par' dir='ltr' id='par_1_16' title="bbox 209 1450 1786 1531">
     <span class='ocr_line' id='line_1_16' title="bbox 209 1450 1786 1531; baseline 0.009 -32"><span class='ocrx_word' id='word_1_131' title='bbox 209 1450 359 1519; x_wconf 66' lang='grc' dir='ltr'>μένῃ,</span> <span class='ocrx_word' id='word_1_132' title='bbox 407 1450 505 1504; x_wconf 69' lang='grc' dir='ltr'><strong>καὶ</strong></span> <span class='ocrx_word' id='word_1_133' title='bbox 535 1455 593 1505; x_wconf 81' lang='grc' dir='ltr'>ὲν</span> <span class='ocrx_word' id='word_1_134' title='bbox 629 1453 708 1523; x_wconf 82' lang='grc' dir='ltr'><strong>τῷ</strong></span> <span class='ocrx_word' id='word_1_135' title='bbox 747 1450 885 1509; x_wconf 77' lang='grc' dir='ltr'>εἶναι</span> <span class='ocrx_word' id='word_1_136' title='bbox 921 1459 986 1510; x_wconf 77' lang='grc' dir='ltr'><strong>τά</strong></span> <span class='ocrx_word' id='word_1_137' title='bbox 1012 1458 1190 1510; x_wconf 83' lang='grc' dir='ltr'>πάντα</span> <span class='ocrx_word' id='word_1_138' title='bbox 1224 1458 1535 1528; x_wconf 87' lang='grc' dir='ltr'>συνέχουσα.</span> <span class='ocrx_word' id='word_1_139' title='bbox 1566 1458 1689 1513; x_wconf 75' lang='grc' dir='ltr'>Εἴτε</span> <span class='ocrx_word' id='word_1_140' title='bbox 1724 1460 1786 1531; x_wconf 79' lang='grc' dir='ltr'><strong>δὴ</strong></span> 
     </span>
    </p>
   </div>
   <div class='ocr_carea' id='block_1_17' title="bbox 208 1538 1788 1624">
    <p class='ocr_par' dir='ltr' id='par_1_17' title="bbox 208 1538 1788 1624">
     <span class='ocr_line' id='line_1_17' title="bbox 208 1538 1788 1624; baseline 0.012 -36"><span class='ocrx_word' id='word_1_141' title='bbox 208 1538 434 1608; x_wconf 78' lang='grc' dir='ltr'>θεότητα</span> <span class='ocrx_word' id='word_1_142' title='bbox 488 1541 589 1612; x_wconf 73' lang='grc' dir='ltr'><strong>τὴν</strong></span> <span class='ocrx_word' id='word_1_143' title='bbox 626 1545 790 1611; x_wconf 69' lang='grc' dir='ltr'>φύσιν</span> <span class='ocrx_word' id='word_1_144' title='bbox 835 1547 1038 1619; x_wconf 74' lang='grc' dir='ltr'>ταύτην</span> <span class='ocrx_word' id='word_1_145' title='bbox 1083 1549 1440 1618; x_wconf 77' lang='grc' dir='ltr'>ὀνομάζεσθαι</span> <span class='ocrx_word' id='word_1_146' title='bbox 1490 1553 1628 1624; x_wconf 83' lang='grc' dir='ltr'>χρὴ,</span> <span class='ocrx_word' id='word_1_147' title='bbox 1678 1554 1788 1607; x_wconf 77' lang='grc' dir='ltr'>εἴτε</span> 
     </span>
    </p>
   </div>
   <div class='ocr_carea' id='block_1_18' title="bbox 207 1631 1788 1709">
    <p class='ocr_par' dir='ltr' id='par_1_18' title="bbox 207 1631 1788 1709">
     <span class='ocr_line' id='line_1_18' title="bbox 207 1631 1788 1709; baseline 0.012 -28"><span class='ocrx_word' id='word_1_148' title='bbox 207 1631 391 1698; x_wconf 76' lang='grc' dir='ltr'>λόγον,</span> <span class='ocrx_word' id='word_1_149' title='bbox 426 1634 538 1686; x_wconf 78' lang='grc' dir='ltr'>εἴτε</span> <span class='ocrx_word' id='word_1_150' title='bbox 575 1636 827 1708; x_wconf 81' lang='grc' dir='ltr'>δύναμιν,</span> <span class='ocrx_word' id='word_1_151' title='bbox 863 1640 969 1693; x_wconf 81' lang='grc' dir='ltr'>εῖτ-ε</span> <span class='ocrx_word' id='word_1_152' title='bbox 1017 1642 1227 1709; x_wconf 70' lang='grc' dir='ltr'>σοφίαν,</span> <span class='ocrx_word' id='word_1_153' title='bbox 1270 1642 1379 1695; x_wconf 78' lang='grc' dir='ltr'>εἴτε</span> <span class='ocrx_word' id='word_1_154' title='bbox 1422 1644 1547 1698; x_wconf 83' lang='grc' dir='ltr'>ἄλλο</span> <span class='ocrx_word' id='word_1_155' title='bbox 1584 1663 1636 1698; x_wconf 88' lang='grc' dir='ltr'><strong>τι</strong></span> <span class='ocrx_word' id='word_1_156' title='bbox 1681 1646 1788 1701; x_wconf 81' lang='grc' dir='ltr'>τῶν</span> 
     </span>
    </p>
   </div>
   <div class='ocr_carea' id='block_1_19' title="bbox 209 1722 1788 1804">
    <p class='ocr_par' dir='ltr' id='par_1_19' title="bbox 209 1722 1788 1804">
     <span class='ocr_line' id='line_1_19' title="bbox 209 1722 1788 1804; baseline 0.01 -30"><span class='ocrx_word' id='word_1_157' title='bbox 209 1722 424 1791; x_wconf 59' lang='grc' dir='ltr'><strong>ὑᾷηλῶν</strong></span> <span class='ocrx_word' id='word_1_158' title='bbox 474 1742 534 1777; x_wconf 82' lang='grc' dir='ltr'><strong>τε</strong></span> <span class='ocrx_word' id='word_1_159' title='bbox 581 1728 909 1798; x_wconf 74' lang='grc' dir='ltr'>καὶμᾶλλον</span> <span class='ocrx_word' id='word_1_160' title='bbox 956 1730 1288 1794; x_wconf 79' lang='grc' dir='ltr'>ἐνδείξασθαι</span> <span class='ocrx_word' id='word_1_161' title='bbox 1342 1733 1653 1804; x_wconf 80' lang='grc' dir='ltr'>δυναμένων</span> <span class='ocrx_word' id='word_1_162' title='bbox 1698 1737 1788 1790; x_wconf 75' lang='grc' dir='ltr'><strong>τὸν</strong></span> 
     </span>
    </p>
   </div>
   <div class='ocr_carea' id='block_1_20' title="bbox 209 1811 1788 1898">
    <p class='ocr_par' dir='ltr' id='par_1_20' title="bbox 209 1811 1788 1898">
     <span class='ocr_line' id='line_1_20' title="bbox 209 1811 1788 1898; baseline 0.018 -36"><span class='ocrx_word' id='word_1_163' title='bbox 209 1811 639 1883; x_wconf 73' lang='grc' dir='ltr'>ὑπερκείμενον,</span> <span class='ocrx_word' id='word_1_164' title='bbox 684 1817 834 1870; x_wconf 79' lang='grc' dir='ltr'>οὐδὲν</span> <span class='ocrx_word' id='word_1_165' title='bbox 876 1822 906 1871; x_wconf 84' lang='grc' dir='ltr'><strong><em>ὁ</em></strong></span> <span class='ocrx_word' id='word_1_166' title='bbox 955 1819 1110 1888; x_wconf 81' lang='grc' dir='ltr'>λόγος</span> <span class='ocrx_word' id='word_1_167' title='bbox 1153 1823 1307 1892; x_wconf 79' lang='grc' dir='ltr'>ἡμῶν</span> <span class='ocrx_word' id='word_1_168' title='bbox 1357 1826 1484 1896; x_wconf 76' lang='grc' dir='ltr'>περὶ</span> <span class='ocrx_word' id='word_1_169' title='bbox 1526 1826 1707 1897; x_wconf 80' lang='grc' dir='ltr'>φωνῆς</span> <span class='ocrx_word' id='word_1_170' title='bbox 1753 1829 1788 1898; x_wconf 80' lang='grc' dir='ltr'>ἢ</span> 
     </span>
    </p>
   </div>
   <div class='ocr_carea' id='block_1_21' title="bbox 1966 1090 3457 1161">
    <p class='ocr_par' dir='ltr' id='par_1_21' title="bbox 1966 1090 3457 1161">
     <span class='ocr_line' id='line_1_21' title="bbox 1966 1090 3457 1161; baseline -0.001 -15"><span class='ocrx_word' id='word_1_171' title='bbox 1966 1091 2021 1146; x_wconf 89' lang='lat' dir='ltr'><strong>Si</strong></span> <span class='ocrx_word' id='word_1_172' title='bbox 2085 1108 2213 1161; x_wconf 81' lang='lat' dir='ltr'><strong>ergo</strong></span> <span class='ocrx_word' id='word_1_173' title='bbox 2272 1093 2587 1146; x_wconf 88' lang='lat' dir='ltr'><strong>consideres</strong></span> <span class='ocrx_word' id='word_1_174' title='bbox 2620 1090 2926 1145; x_wconf 78' lang='lat' dir='ltr'><strong>cmlestium</strong></span> <span class='ocrx_word' id='word_1_175' title='bbox 2966 1102 3058 1143; x_wconf 88' lang='lat' dir='ltr'><strong>aut</strong></span> <span class='ocrx_word' id='word_1_176' title='bbox 3100 1090 3457 1156; x_wconf 81' lang='lat' dir='ltr'><strong>terrestrium,</strong></span> 
     </span>
    </p>
   </div>
   <div class='ocr_carea' id='block_1_22' title="bbox 1895 1181 3461 1252">
    <p class='ocr_par' dir='ltr' id='par_1_22' title="bbox 1895 1181 3461 1252">
     <span class='ocr_line' id='line_1_22' title="bbox 1895 1181 3461 1252; baseline -0.001 -16"><span class='ocrx_word' id='word_1_177' title='bbox 1895 1192 1988 1236; x_wconf 88' lang='lat' dir='ltr'><strong>aut</strong></span> <span class='ocrx_word' id='word_1_178' title='bbox 2028 1192 2385 1252; x_wconf 88' lang='lat' dir='ltr'><strong>utrorumque</strong></span> <span class='ocrx_word' id='word_1_179' title='bbox 2416 1182 2653 1236; x_wconf 87' lang='lat' dir='ltr'><strong>universi</strong></span> <span class='ocrx_word' id='word_1_180' title='bbox 2684 1190 3050 1235; x_wconf 79' lang='lat' dir='ltr'><strong>extremorum</strong></span> <span class='ocrx_word' id='word_1_181' title='bbox 3108 1181 3461 1235; x_wconf 87' lang='lat' dir='ltr'><strong>constitutio-</strong></span> 
     </span>
    </p>
   </div>
   <div class='ocr_carea' id='block_1_23' title="bbox 1893 1272 3462 1340">
    <p class='ocr_par' dir='ltr' id='par_1_23' title="bbox 1893 1272 3462 1340">
     <span class='ocr_line' id='line_1_23' title="bbox 1893 1272 3462 1340; baseline -0.001 -11"><span class='ocrx_word' id='word_1_182' title='bbox 1893 1291 2037 1334; x_wconf 86' lang='lat' dir='ltr'><strong>nem.</strong></span> <span class='ocrx_word' id='word_1_183' title='bbox 2061 1284 2166 1329; x_wconf 68' lang='lat' dir='ltr'><strong>tuaa</strong></span> <span class='ocrx_word' id='word_1_184' title='bbox 2202 1273 2623 1329; x_wconf 86' lang='lat' dir='ltr'><strong>considerationi</strong></span> <span class='ocrx_word' id='word_1_185' title='bbox 2662 1287 2876 1340; x_wconf 70' lang='lat' dir='ltr'><strong>semper</strong></span> <span class='ocrx_word' id='word_1_186' title='bbox 2901 1274 3143 1325; x_wconf 82' lang='lat' dir='ltr'><strong>occurrit</strong></span> <span class='ocrx_word' id='word_1_187' title='bbox 3175 1272 3462 1337; x_wconf 86' lang='lat' dir='ltr'><strong>divinitas,</strong></span> 
     </span>
    </p>
   </div>
   <div class='ocr_carea' id='block_1_24' title="bbox 1893 1365 3463 1436">
    <p class='ocr_par' dir='ltr' id='par_1_24' title="bbox 1893 1365 3463 1436">
     <span class='ocr_line' id='line_1_24' title="bbox 1893 1365 3463 1436; baseline -0.001 -16"><span class='ocrx_word' id='word_1_188' title='bbox 1893 1383 2013 1436; x_wconf 52' lang='lat' dir='ltr'><strong>qua).</strong></span> <span class='ocrx_word' id='word_1_189' title='bbox 2047 1367 2160 1421; x_wconf 89' lang='lat' dir='ltr'><strong>sola</strong></span> <span class='ocrx_word' id='word_1_190' title='bbox 2188 1382 2251 1421; x_wconf 84' lang='lat' dir='ltr'><strong>ex</strong></span> <span class='ocrx_word' id='word_1_191' title='bbox 2285 1367 2431 1420; x_wconf 91' lang='lat' dir='ltr'><strong>omni</strong></span> <span class='ocrx_word' id='word_1_192' title='bbox 2463 1378 2613 1434; x_wconf 89' lang='lat' dir='ltr'><strong>parte</strong></span> <span class='ocrx_word' id='word_1_193' title='bbox 2648 1366 2700 1418; x_wconf 92' lang='lat' dir='ltr'><strong>in</strong></span> <span class='ocrx_word' id='word_1_194' title='bbox 2736 1366 2801 1419; x_wconf 91' lang='lat' dir='ltr'><strong>iis</strong></span> <span class='ocrx_word' id='word_1_195' title='bbox 2832 1381 2952 1434; x_wconf 76' lang='lat' dir='ltr'><strong>quae</strong></span> <span class='ocrx_word' id='word_1_196' title='bbox 2990 1374 3136 1427; x_wconf 91' lang='lat' dir='ltr'><strong>sunt,</strong></span> <span class='ocrx_word' id='word_1_197' title='bbox 3201 1367 3349 1419; x_wconf 85' lang='lat' dir='ltr'><strong>venit</strong></span> <span class='ocrx_word' id='word_1_198' title='bbox 3409 1365 3463 1418; x_wconf 90' lang='lat' dir='ltr'><strong>in</strong></span> 
     </span>
    </p>
   </div>
   <div class='ocr_carea' id='block_1_25' title="bbox 1891 1456 3461 1527">
    <p class='ocr_par' dir='ltr' id='par_1_25' title="bbox 1891 1456 3461 1527">
     <span class='ocr_line' id='line_1_25' title="bbox 1891 1456 3461 1527; baseline -0.001 -15"><span class='ocrx_word' id='word_1_199' title='bbox 1891 1458 2428 1527; x_wconf 85' lang='lat' dir='ltr'><strong>contemplationem,</strong></span> <span class='ocrx_word' id='word_1_200' title='bbox 2480 1467 2531 1512; x_wconf 90' lang='lat' dir='ltr'><strong>et</strong></span> <span class='ocrx_word' id='word_1_201' title='bbox 2586 1458 2767 1509; x_wconf 88' lang='lat' dir='ltr'><strong>omnia</strong></span> <span class='ocrx_word' id='word_1_202' title='bbox 2813 1457 3056 1509; x_wconf 87' lang='lat' dir='ltr'><strong>continet</strong></span> <span class='ocrx_word' id='word_1_203' title='bbox 3110 1456 3162 1508; x_wconf 92' lang='lat' dir='ltr'><strong>in</strong></span> <span class='ocrx_word' id='word_1_204' title='bbox 3202 1460 3461 1511; x_wconf 75' lang='lat' dir='ltr'><strong>eSsentia.</strong></span> 
     </span>
    </p>
   </div>
   <div class='ocr_carea' id='block_1_26' title="bbox 1892 1549 3463 1614">
    <p class='ocr_par' dir='ltr' id='par_1_26' title="bbox 1892 1549 3463 1614">
     <span class='ocr_line' id='line_1_26' title="bbox 1892 1549 3463 1614; baseline 0.001 -11"><span class='ocrx_word' id='word_1_205' title='bbox 1892 1552 2042 1606; x_wconf 78' lang='lat' dir='ltr'><strong>Sitne</strong></span> <span class='ocrx_word' id='word_1_206' title='bbox 2071 1563 2249 1607; x_wconf 91' lang='lat' dir='ltr'><strong>autem</strong></span> <span class='ocrx_word' id='word_1_207' title='bbox 2278 1553 2391 1605; x_wconf 67' lang='lat' dir='ltr'><strong>hazc</strong></span> <span class='ocrx_word' id='word_1_208' title='bbox 2441 1559 2634 1605; x_wconf 82' lang='lat' dir='ltr'><strong>natura</strong></span> <span class='ocrx_word' id='word_1_209' title='bbox 2665 1549 2996 1603; x_wconf 87' lang='lat' dir='ltr'><strong>nominanda</strong></span> <span class='ocrx_word' id='word_1_210' title='bbox 3054 1550 3333 1614; x_wconf 84' lang='lat' dir='ltr'><strong>divinitas,</strong></span> <span class='ocrx_word' id='word_1_211' title='bbox 3394 1568 3463 1606; x_wconf 92' lang='lat' dir='ltr'><strong>an</strong></span> 
     </span>
    </p>
   </div>
   <div class='ocr_carea' id='block_1_27' title="bbox 1889 1643 3467 1711">
    <p class='ocr_par' dir='ltr' id='par_1_27' title="bbox 1889 1643 3467 1711">
     <span class='ocr_line' id='line_1_27' title="bbox 1889 1643 3467 1711; baseline 0.001 -15"><span class='ocrx_word' id='word_1_212' title='bbox 1889 1643 2051 1710; x_wconf 87' lang='lat' dir='ltr'><strong>ratio,</strong></span> <span class='ocrx_word' id='word_1_213' title='bbox 2083 1658 2151 1696; x_wconf 90' lang='lat' dir='ltr'><strong>an</strong></span> <span class='ocrx_word' id='word_1_214' title='bbox 2190 1644 2364 1698; x_wconf 89' lang='lat' dir='ltr'><strong>virtus</strong></span> <span class='ocrx_word' id='word_1_215' title='bbox 2397 1657 2459 1697; x_wconf 91' lang='lat' dir='ltr'><strong>ac</strong></span> <span class='ocrx_word' id='word_1_216' title='bbox 2494 1652 2758 1711; x_wconf 89' lang='lat' dir='ltr'><strong>potestas,</strong></span> <span class='ocrx_word' id='word_1_217' title='bbox 2791 1658 2858 1695; x_wconf 91' lang='lat' dir='ltr'><strong>an</strong></span> <span class='ocrx_word' id='word_1_218' title='bbox 2909 1643 3200 1711; x_wconf 89' lang='lat' dir='ltr'><strong>sapientia,</strong></span> <span class='ocrx_word' id='word_1_219' title='bbox 3238 1658 3306 1697; x_wconf 89' lang='lat' dir='ltr'><strong>an</strong></span> <span class='ocrx_word' id='word_1_220' title='bbox 3365 1644 3467 1698; x_wconf 88' lang='lat' dir='ltr'><strong>ali-</strong></span> 
     </span>
    </p>
   </div>
   <div class='ocr_carea' id='block_1_28' title="bbox 1889 1734 3465 1806">
    <p class='ocr_par' dir='ltr' id='par_1_28' title="bbox 1889 1734 3465 1806">
     <span class='ocr_line' id='line_1_28' title="bbox 1889 1734 3465 1806; baseline -0.001 -17"><span class='ocrx_word' id='word_1_221' title='bbox 1889 1735 2017 1805; x_wconf 74' lang='lat' dir='ltr'><strong>quid</strong></span> <span class='ocrx_word' id='word_1_222' title='bbox 2051 1735 2193 1788; x_wconf 86' lang='lat' dir='ltr'><strong>aliud</strong></span> <span class='ocrx_word' id='word_1_223' title='bbox 2226 1751 2291 1789; x_wconf 81' lang='lat' dir='ltr'><strong>ex</strong></span> <span class='ocrx_word' id='word_1_224' title='bbox 2332 1736 2398 1789; x_wconf 91' lang='lat' dir='ltr'><strong>iis</strong></span> <span class='ocrx_word' id='word_1_225' title='bbox 2427 1750 2549 1803; x_wconf 64' lang='lat' dir='ltr'><strong>quae</strong></span> <span class='ocrx_word' id='word_1_226' title='bbox 2583 1743 2710 1789; x_wconf 89' lang='lat' dir='ltr'><strong>sunt</strong></span> <span class='ocrx_word' id='word_1_227' title='bbox 2761 1734 2999 1798; x_wconf 80' lang='lat' dir='ltr'><strong>excelsa,</strong></span> <span class='ocrx_word' id='word_1_228' title='bbox 3040 1742 3094 1787; x_wconf 89' lang='lat' dir='ltr'><strong>et</strong></span> <span class='ocrx_word' id='word_1_229' title='bbox 3126 1750 3245 1803; x_wconf 64' lang='lat' dir='ltr'><strong>quae</strong></span> <span class='ocrx_word' id='word_1_230' title='bbox 3294 1740 3465 1806; x_wconf 84' lang='lat' dir='ltr'><strong>magis</strong></span> 
     </span>
    </p>
   </div>
   <div class='ocr_carea' id='block_1_29' title="bbox 1888 1825 3464 1896">
    <p class='ocr_par' dir='ltr' id='par_1_29' title="bbox 1888 1825 3464 1896">
     <span class='ocr_line' id='line_1_29' title="bbox 1888 1825 3464 1896; baseline 0.001 -17"><span class='ocrx_word' id='word_1_231' title='bbox 1888 1834 2121 1895; x_wconf 88' lang='lat' dir='ltr'><strong>possunt</strong></span> <span class='ocrx_word' id='word_1_232' title='bbox 2154 1825 2443 1881; x_wconf 86' lang='lat' dir='ltr'><strong>ostendere</strong></span> <span class='ocrx_word' id='word_1_233' title='bbox 2472 1841 2596 1880; x_wconf 88' lang='lat' dir='ltr'><strong>eum</strong></span> <span class='ocrx_word' id='word_1_234' title='bbox 2634 1825 2725 1894; x_wconf 90' lang='lat' dir='ltr'><strong>qui</strong></span> <span class='ocrx_word' id='word_1_235' title='bbox 2765 1836 2851 1879; x_wconf 87' lang='lat' dir='ltr'><strong>est</strong></span> <span class='ocrx_word' id='word_1_236' title='bbox 2891 1840 3138 1878; x_wconf 86' lang='lat' dir='ltr'><strong>summus</strong></span> <span class='ocrx_word' id='word_1_237' title='bbox 3176 1836 3229 1879; x_wconf 90' lang='lat' dir='ltr'><strong>et</strong></span> <span class='ocrx_word' id='word_1_238' title='bbox 3272 1842 3464 1896; x_wconf 84' lang='lat' dir='ltr'><strong>super-</strong></span> 
     </span>
    </p>
   </div>
   <div class='ocr_carea' id='block_1_30' title="bbox 206 1905 1794 1995">
    <p class='ocr_par' dir='ltr' id='par_1_30' title="bbox 206 1905 1787 1988">
     <span class='ocr_line' id='line_1_30' title="bbox 206 1905 1787 1988; baseline 0.011 -31"><span class='ocrx_word' id='word_1_239' title='bbox 206 1905 468 1975; x_wconf 74' lang='grc' dir='ltr'>ὀνὸματος</span> <span class='ocrx_word' id='word_1_240' title='bbox 514 1908 548 1979; x_wconf 81' lang='grc' dir='ltr'>ἢ</span> <span class='ocrx_word' id='word_1_241' title='bbox 596 1909 767 1963; x_wconf 80' lang='grc' dir='ltr'>τύπου</span> <span class='ocrx_word' id='word_1_242' title='bbox 808 1914 1068 1982; x_wconf 78' lang='grc' dir='ltr'><strong>ῥημάτων</strong></span> <span class='ocrx_word' id='word_1_243' title='bbox 1113 1914 1449 1988; x_wconf 77' lang='grc' dir='ltr'>διαφέρεται.</span> <span class='ocrx_word' id='word_1_244' title='bbox 1503 1919 1653 1973; x_wconf 74' lang='grc' dir='ltr'>Ἐπεὶ</span> <span class='ocrx_word' id='word_1_245' title='bbox 1697 1917 1787 1976; x_wconf 78' lang='grc' dir='ltr'><strong>οὖν</strong></span> 
     </span>
    </p>
   </div>
   <div class='ocr_carea' id='block_1_31' title="bbox 1897 1905 3460 1995">
    <p class='ocr_par' dir='ltr' id='par_1_31' title="bbox 1897 1914 3460 1984">
     <span class='ocr_line' id='line_1_31' title="bbox 1897 1914 3460 1984; baseline 0.001 -13"><span class='ocrx_word' id='word_1_246' title='bbox 1897 1917 2135 1971; x_wconf 86' lang='lat' dir='ltr'><strong>eminens</strong></span> <span class='ocrx_word' id='word_1_247' title='bbox 2158 1959 2172 1982; x_wconf 92' lang='lat'><strong>,</strong></span> <span class='ocrx_word' id='word_1_248' title='bbox 2208 1918 2275 1972; x_wconf 87' lang='lat' dir='ltr'><strong>de</strong></span> <span class='ocrx_word' id='word_1_249' title='bbox 2303 1932 2433 1972; x_wconf 84' lang='lat' dir='ltr'><strong>voce</strong></span> <span class='ocrx_word' id='word_1_250' title='bbox 2457 1924 2549 1969; x_wconf 91' lang='lat' dir='ltr'><strong>aut</strong></span> <span class='ocrx_word' id='word_1_251' title='bbox 2574 1916 2814 1979; x_wconf 87' lang='lat' dir='ltr'><strong>nomine,</strong></span> <span class='ocrx_word' id='word_1_252' title='bbox 2853 1926 2945 1968; x_wconf 89' lang='lat' dir='ltr'><strong>aut</strong></span> <span class='ocrx_word' id='word_1_253' title='bbox 2972 1914 3140 1984; x_wconf 83' lang='lat' dir='ltr'><strong>ﬁgura</strong></span> <span class='ocrx_word' id='word_1_254' title='bbox 3171 1918 3460 1973; x_wconf 85' lang='lat' dir='ltr'><strong>verborum</strong></span> 
     </span>
    </p>
   </div>
   <div class='ocr_carea' id='block_1_32' title="bbox 210 1999 1789 2084">
    <p class='ocr_par' dir='ltr' id='par_1_32' title="bbox 210 1999 1789 2084">
     <span class='ocr_line' id='line_1_32' title="bbox 210 1999 1789 2084; baseline 0.012 -35"><span class='ocrx_word' id='word_1_255' title='bbox 210 1999 338 2069; x_wconf 71' lang='grc' dir='ltr'>πρὸς</span> <span class='ocrx_word' id='word_1_256' title='bbox 378 2001 553 2053; x_wconf 78' lang='grc' dir='ltr'>αὑτὸν</span> <span class='ocrx_word' id='word_1_257' title='bbox 593 2004 741 2055; x_wconf 81' lang='grc' dir='ltr'>πάσα</span> <span class='ocrx_word' id='word_1_258' title='bbox 773 2006 805 2074; x_wconf 79' lang='grc' dir='ltr'>ἡ</span> <span class='ocrx_word' id='word_1_259' title='bbox 854 2006 1031 2065; x_wconf 81' lang='grc' dir='ltr'>κτίσις</span> <span class='ocrx_word' id='word_1_260' title='bbox 1082 2007 1289 2078; x_wconf 79' lang='grc' dir='ltr'>βλέπει,</span> <span class='ocrx_word' id='word_1_261' title='bbox 1338 2010 1433 2064; x_wconf 72' lang='grc' dir='ltr'><strong>καὶ</strong></span> <span class='ocrx_word' id='word_1_262' title='bbox 1475 2014 1600 2084; x_wconf 79' lang='grc' dir='ltr'>περὶ</span> <span class='ocrx_word' id='word_1_263' title='bbox 1630 2015 1789 2068; x_wconf 82' lang='grc' dir='ltr'>αὑτόν</span> 
     </span>
    </p>
   </div>
   <div class='ocr_carea' id='block_1_33' title="bbox 209 2090 1788 2177">
    <p class='ocr_par' dir='ltr' id='par_1_33' title="bbox 209 2090 1788 2177">
     <span class='ocr_line' id='line_1_33' title="bbox 209 2090 1788 2177; baseline 0.015 -38"><span class='ocrx_word' id='word_1_264' title='bbox 209 2090 335 2150; x_wconf 76' lang='grc' dir='ltr'>ἐστι,</span> <span class='ocrx_word' id='word_1_265' title='bbox 368 2090 469 2142; x_wconf 75' lang='grc' dir='ltr'><strong>καὶ</strong></span> <span class='ocrx_word' id='word_1_266' title='bbox 509 2091 579 2143; x_wconf 79' lang='grc' dir='ltr'>δι’</span> <span class='ocrx_word' id='word_1_267' title='bbox 613 2094 821 2147; x_wconf 78' lang='grc' dir='ltr'>ἐκείνου</span> <span class='ocrx_word' id='word_1_268' title='bbox 855 2098 988 2167; x_wconf 79' lang='grc' dir='ltr'>πρὸς</span> <span class='ocrx_word' id='word_1_269' title='bbox 1029 2101 1226 2172; x_wconf 79' lang='grc' dir='ltr'>ἑαυτὴν</span> <span class='ocrx_word' id='word_1_270' title='bbox 1264 2105 1516 2177; x_wconf 77' lang='grc' dir='ltr'>συμφυὴς</span> <span class='ocrx_word' id='word_1_271' title='bbox 1561 2108 1788 2175; x_wconf 87' lang='grc' dir='ltr'>γίνεται,</span> 
     </span>
    </p>
   </div>
   <div class='ocr_carea' id='block_1_34' title="bbox 210 2180 1792 2270">
    <p class='ocr_par' dir='ltr' id='par_1_34' title="bbox 210 2180 1792 2270">
     <span class='ocr_line' id='line_1_34' title="bbox 210 2180 1792 2270; baseline 0.013 -37"><span class='ocrx_word' id='word_1_272' title='bbox 210 2180 310 2234; x_wconf 79' lang='grc' dir='ltr'><strong>τῶν</strong></span> <span class='ocrx_word' id='word_1_273' title='bbox 338 2183 456 2235; x_wconf 82' lang='grc' dir='ltr'>ἄνω</span> <span class='ocrx_word' id='word_1_274' title='bbox 492 2187 608 2246; x_wconf 80' lang='grc' dir='ltr'>τοῖς</span> <span class='ocrx_word' id='word_1_275' title='bbox 650 2186 798 2239; x_wconf 84' lang='grc' dir='ltr'>κάτω</span> <span class='ocrx_word' id='word_1_276' title='bbox 820 2228 835 2254; x_wconf 93' lang='grc'><strong>,</strong></span> <span class='ocrx_word' id='word_1_277' title='bbox 868 2191 961 2242; x_wconf 76' lang='grc' dir='ltr'><strong>καὶ</strong></span> <span class='ocrx_word' id='word_1_278' title='bbox 990 2191 1098 2243; x_wconf 86' lang='grc' dir='ltr'><strong>τῶν</strong></span> <span class='ocrx_word' id='word_1_279' title='bbox 1138 2192 1383 2260; x_wconf 83' lang='grc' dir='ltr'>πλαγίων</span> <span class='ocrx_word' id='word_1_280' title='bbox 1424 2198 1558 2269; x_wconf 84' lang='grc' dir='ltr'>πρὸς</span> <span class='ocrx_word' id='word_1_281' title='bbox 1588 2199 1792 2270; x_wconf 77' lang='grc' dir='ltr'>ἄλληλα</span> 
     </span>
    </p>
   </div>
   <div class='ocr_carea' id='block_1_35' title="bbox 209 2272 1792 2360">
    <p class='ocr_par' dir='ltr' id='par_1_35' title="bbox 209 2272 1792 2360">
     <span class='ocr_line' id='line_1_35' title="bbox 209 2272 1792 2360; baseline 0.016 -39"><span class='ocrx_word' id='word_1_282' title='bbox 209 2272 270 2324; x_wconf 74' lang='grc' dir='ltr'>δι’</span> <span class='ocrx_word' id='word_1_283' title='bbox 304 2274 519 2327; x_wconf 78' lang='grc' dir='ltr'>ἐκείνου</span> <span class='ocrx_word' id='word_1_284' title='bbox 572 2279 1001 2349; x_wconf 71' lang='grc' dir='ltr'>συμφυομένων,</span> <span class='ocrx_word' id='word_1_285' title='bbox 1056 2282 1163 2337; x_wconf 78' lang='grc' dir='ltr'>ἔδει</span> <span class='ocrx_word' id='word_1_286' title='bbox 1210 2284 1285 2355; x_wconf 78' lang='grc' dir='ltr'>μὴ</span> <span class='ocrx_word' id='word_1_287' title='bbox 1328 2288 1487 2356; x_wconf 89' lang='grc' dir='ltr'>μόνον</span> <span class='ocrx_word' id='word_1_288' title='bbox 1528 2289 1592 2342; x_wconf 88' lang='grc' dir='ltr'>δι’</span> <span class='ocrx_word' id='word_1_289' title='bbox 1623 2292 1792 2360; x_wconf 82' lang='grc' dir='ltr'>ἀκοῆς</span> 
     </span>
    </p>
   </div>
   <div class='ocr_carea' id='block_1_36' title="bbox 210 2365 1792 2454">
    <p class='ocr_par' dir='ltr' id='par_1_36' title="bbox 210 2365 1792 2454">
     <span class='ocr_line' id='line_1_36' title="bbox 210 2365 1792 2454; baseline 0.002 -21"><span class='ocrx_word' id='word_1_290' title='bbox 210 2365 353 2434; x_wconf 48' lang='lat' dir='ltr'><strong>filii;</strong></span> <span class='ocrx_word' id='word_1_291' title='bbox 400 2366 545 2433; x_wconf 73' lang='grc' dir='ltr'>πρὸς</span> <span class='ocrx_word' id='word_1_292' title='bbox 588 2368 688 2439; x_wconf 72' lang='grc' dir='ltr'>τὴν</span> <span class='ocrx_word' id='word_1_293' title='bbox 731 2370 830 2441; x_wconf 84' lang='grc' dir='ltr'>τῆς</span> <span class='ocrx_word' id='word_1_294' title='bbox 872 2370 1120 2444; x_wconf 82' lang='grc' dir='ltr'>θεότητος</span> <span class='ocrx_word' id='word_1_295' title='bbox 1165 2378 1489 2449; x_wconf 84' lang='grc' dir='ltr'>κατανόησιν</span> <span class='ocrx_word' id='word_1_296' title='bbox 1526 2399 1792 2454; x_wconf 81' lang='grc' dir='ltr'>χειραγω-</span> 
     </span>
    </p>
   </div>
   <div class='ocr_carea' id='block_1_37' title="bbox 209 2455 1793 2544">
    <p class='ocr_par' dir='ltr' id='par_1_37' title="bbox 209 2455 1793 2544">
     <span class='ocr_line' id='line_1_37' title="bbox 209 2455 1793 2544; baseline 0.013 -38"><span class='ocrx_word' id='word_1_297' title='bbox 209 2455 419 2523; x_wconf 83' lang='grc' dir='ltr'>γεῖσθαι</span> <span class='ocrx_word' id='word_1_298' title='bbox 442 2473 459 2486; x_wconf 75' lang='grc'><strong><em>⁸</em></strong></span> <span class='ocrx_word' id='word_1_299' title='bbox 486 2458 625 2511; x_wconf 85' lang='grc' dir='ltr'><strong>ἀλλά</strong></span> <span class='ocrx_word' id='word_1_300' title='bbox 651 2461 741 2513; x_wconf 71' lang='grc' dir='ltr'>καὶ</span> <span class='ocrx_word' id='word_1_301' title='bbox 765 2462 864 2532; x_wconf 77' lang='grc' dir='ltr'>τὴν</span> <span class='ocrx_word' id='word_1_302' title='bbox 895 2463 1016 2533; x_wconf 68' lang='grc' dir='ltr'>ὄψιν</span> <span class='ocrx_word' id='word_1_303' title='bbox 1044 2465 1298 2533; x_wconf 87' lang='grc' dir='ltr'>γενέσθαι</span> <span class='ocrx_word' id='word_1_304' title='bbox 1318 2469 1424 2522; x_wconf 83' lang='grc' dir='ltr'><strong>τῶν</strong></span> <span class='ocrx_word' id='word_1_305' title='bbox 1448 2470 1793 2544; x_wconf 64' lang='grc' dir='ltr'>ὑψηλοτέρων</span> 
     </span>
    </p>
   </div>
   <div class='ocr_carea' id='block_1_38' title="bbox 208 2548 1794 2635">
    <p class='ocr_par' dir='ltr' id='par_1_38' title="bbox 208 2548 1794 2635">
     <span class='ocr_line' id='line_1_38' title="bbox 208 2548 1794 2635; baseline 0.012 -36"><span class='ocrx_word' id='word_1_306' title='bbox 208 2548 496 2616; x_wconf 74' lang='grc' dir='ltr'>νοημάτων</span> <span class='ocrx_word' id='word_1_307' title='bbox 534 2549 886 2615; x_wconf 84' lang='grc' dir='ltr'>διδάσκαλον,</span> <span class='ocrx_word' id='word_1_308' title='bbox 937 2554 1057 2609; x_wconf 84' lang='grc' dir='ltr'>ὅθεν</span> <span class='ocrx_word' id='word_1_309' title='bbox 1098 2558 1191 2611; x_wconf 82' lang='grc' dir='ltr'>καὶ</span> <span class='ocrx_word' id='word_1_310' title='bbox 1236 2560 1265 2612; x_wconf 86' lang='grc' dir='ltr'>ὁ</span> <span class='ocrx_word' id='word_1_311' title='bbox 1323 2560 1492 2630; x_wconf 83' lang='grc' dir='ltr'>μέγας</span> <span class='ocrx_word' id='word_1_312' title='bbox 1532 2563 1794 2635; x_wconf 73' lang='grc' dir='ltr'>ὁρμηθεὶς</span> 
     </span>
    </p>
   </div>
   <div class='ocr_carea' id='block_1_39' title="bbox 211 2637 1795 2725">
    <p class='ocr_par' dir='ltr' id='par_1_39' title="bbox 211 2637 1795 2725">
     <span class='ocr_line' id='line_1_39' title="bbox 211 2637 1795 2725; baseline 0.014 -37"><span class='ocrx_word' id='word_1_313' title='bbox 211 2637 422 2701; x_wconf 73' lang='grc' dir='ltr'>Παῦλος</span> <span class='ocrx_word' id='word_1_314' title='bbox 446 2647 805 2710; x_wconf 70' lang='grc' dir='ltr'>μυσταγωγεῖ</span> <span class='ocrx_word' id='word_1_315' title='bbox 827 2645 918 2698; x_wconf 84' lang='grc' dir='ltr'><strong>τὸν</strong></span> <span class='ocrx_word' id='word_1_316' title='bbox 945 2647 1002 2699; x_wconf 83' lang='grc' dir='ltr'>ὲν</span> <span class='ocrx_word' id='word_1_317' title='bbox 1040 2648 1248 2721; x_wconf 77' lang='grc' dir='ltr'>Ἐφέσῳ</span> <span class='ocrx_word' id='word_1_318' title='bbox 1274 2650 1421 2717; x_wconf 84' lang='grc' dir='ltr'>λαὸν,</span> <span class='ocrx_word' id='word_1_319' title='bbox 1447 2653 1675 2725; x_wconf 83' lang='grc' dir='ltr'>δύναμιν</span> <span class='ocrx_word' id='word_1_320' title='bbox 1702 2657 1795 2709; x_wconf 85' lang='grc' dir='ltr'>αὐ-</span> 
     </span>
    </p>
   </div>
   <div class='ocr_carea' id='block_1_40' title="bbox 210 2728 1792 2811">
    <p class='ocr_par' dir='ltr' id='par_1_40' title="bbox 210 2728 1792 2811">
     <span class='ocr_line' id='line_1_40' title="bbox 210 2728 1792 2811; baseline 0.013 -32"><span class='ocrx_word' id='word_1_321' title='bbox 210 2731 318 2790; x_wconf 79' lang='grc' dir='ltr'>τοῖς</span> <span class='ocrx_word' id='word_1_322' title='bbox 344 2728 580 2791; x_wconf 76' lang='grc' dir='ltr'>ἐντιθεὶς</span> <span class='ocrx_word' id='word_1_323' title='bbox 610 2731 699 2784; x_wconf 71' lang='grc' dir='ltr'>διὰ</span> <span class='ocrx_word' id='word_1_324' title='bbox 726 2734 826 2802; x_wconf 79' lang='grc' dir='ltr'>τῆς</span> <span class='ocrx_word' id='word_1_325' title='bbox 864 2734 1203 2802; x_wconf 84' lang='grc' dir='ltr'>διδασκαλίας</span> <span class='ocrx_word' id='word_1_326' title='bbox 1244 2740 1381 2811; x_wconf 75' lang='grc' dir='ltr'>πρὸς</span> <span class='ocrx_word' id='word_1_327' title='bbox 1417 2742 1478 2795; x_wconf 84' lang='grc' dir='ltr'><strong>τὸ</strong></span> <span class='ocrx_word' id='word_1_328' title='bbox 1515 2744 1714 2811; x_wconf 84' lang='grc' dir='ltr'>γνῶναι</span> <span class='ocrx_word' id='word_1_329' title='bbox 1741 2747 1792 2799; x_wconf 85' lang='grc' dir='ltr'><strong>τί</strong></span> 
     </span>
    </p>
   </div>
   <div class='ocr_carea' id='block_1_41' title="bbox 211 2819 1793 2906">
    <p class='ocr_par' dir='ltr' id='par_1_41' title="bbox 211 2819 1793 2906">
     <span class='ocr_line' id='line_1_41' title="bbox 211 2819 1793 2906; baseline 0.013 -37"><span class='ocrx_word' id='word_1_330' title='bbox 211 2820 320 2871; x_wconf 76' lang='grc' dir='ltr'>ἐστι</span> <span class='ocrx_word' id='word_1_331' title='bbox 347 2820 413 2873; x_wconf 86' lang='grc' dir='ltr'>τὺ</span> <span class='ocrx_word' id='word_1_332' title='bbox 456 2819 623 2890; x_wconf 79' lang='grc' dir='ltr'>βάθος</span> <span class='ocrx_word' id='word_1_333' title='bbox 664 2823 760 2877; x_wconf 76' lang='grc' dir='ltr'>καὶ</span> <span class='ocrx_word' id='word_1_334' title='bbox 798 2825 860 2877; x_wconf 87' lang='grc' dir='ltr'><strong>τὸ</strong></span> <span class='ocrx_word' id='word_1_335' title='bbox 887 2823 1042 2895; x_wconf 71' lang='grc' dir='ltr'>ὕψος,</span> <span class='ocrx_word' id='word_1_336' title='bbox 1068 2828 1200 2884; x_wconf 85' lang='grc' dir='ltr'>τότε</span> <span class='ocrx_word' id='word_1_337' title='bbox 1225 2830 1427 2896; x_wconf 81' lang='grc' dir='ltr'>πλάτος</span> <span class='ocrx_word' id='word_1_338' title='bbox 1466 2834 1559 2888; x_wconf 75' lang='grc' dir='ltr'>καὶ</span> <span class='ocrx_word' id='word_1_339' title='bbox 1600 2836 1661 2887; x_wconf 83' lang='grc' dir='ltr'><strong>τὸ</strong></span> <span class='ocrx_word' id='word_1_340' title='bbox 1688 2837 1793 2906; x_wconf 77' lang='grc' dir='ltr'><strong>μῆ-</strong></span> 
     </span>
    </p>
   </div>
   <div class='ocr_carea' id='block_1_42' title="bbox 211 2911 1794 2997">
    <p class='ocr_par' dir='ltr' id='par_1_42' title="bbox 211 2911 1794 2997">
     <span class='ocr_line' id='line_1_42' title="bbox 211 2911 1794 2997; baseline 0.012 -36"><span class='ocrx_word' id='word_1_341' title='bbox 211 2926 323 2972; x_wconf 79' lang='grc' dir='ltr'>κος.</span> <span class='ocrx_word' id='word_1_342' title='bbox 378 2911 659 2983; x_wconf 75' lang='grc' dir='ltr'>Ἐκάστην</span> <span class='ocrx_word' id='word_1_343' title='bbox 698 2913 805 2985; x_wconf 83' lang='grc' dir='ltr'><strong>γάρ</strong></span> <span class='ocrx_word' id='word_1_344' title='bbox 842 2915 935 2969; x_wconf 79' lang='grc' dir='ltr'>τοῦ</span> <span class='ocrx_word' id='word_1_345' title='bbox 979 2918 1212 2989; x_wconf 86' lang='grc' dir='ltr'>σταυροῦ</span> <span class='ocrx_word' id='word_1_346' title='bbox 1261 2924 1643 2995; x_wconf 78' lang='grc' dir='ltr'>συμπροὸολὴν</span> <span class='ocrx_word' id='word_1_347' title='bbox 1680 2927 1794 2997; x_wconf 80' lang='grc' dir='ltr'>ίδίῳ</span> 
     </span>
    </p>
   </div>
   <div class='ocr_carea' id='block_1_43' title="bbox 213 3002 1795 3087">
    <p class='ocr_par' dir='ltr' id='par_1_43' title="bbox 213 3002 1795 3087">
     <span class='ocr_line' id='line_1_43' title="bbox 213 3002 1795 3087; baseline 0.013 -36"><span class='ocrx_word' id='word_1_348' title='bbox 213 3002 413 3069; x_wconf 75' lang='grc' dir='ltr'>ῥήματι</span> <span class='ocrx_word' id='word_1_349' title='bbox 446 3004 832 3075; x_wconf 76' lang='grc' dir='ltr'>κατονομάζει.</span> <span class='ocrx_word' id='word_1_350' title='bbox 864 3007 1036 3077; x_wconf 74' lang='grc' dir='ltr'>’Ὕψος</span> <span class='ocrx_word' id='word_1_351' title='bbox 1066 3012 1164 3080; x_wconf 84' lang='grc' dir='ltr'><strong>μὲν</strong></span> <span class='ocrx_word' id='word_1_352' title='bbox 1196 3011 1258 3064; x_wconf 75' lang='grc' dir='ltr'>τὸ</span> <span class='ocrx_word' id='word_1_353' title='bbox 1288 3014 1553 3085; x_wconf 79' lang='grc' dir='ltr'>ὑπερέχον</span> <span class='ocrx_word' id='word_1_354' title='bbox 1580 3032 1597 3046; x_wconf 49' lang='grc' dir='ltr'><strong>ἠ</strong></span> <span class='ocrx_word' id='word_1_355' title='bbox 1633 3017 1795 3087; x_wconf 80' lang='grc' dir='ltr'>βάθος</span> 
     </span>
    </p>
   </div>
   <div class='ocr_carea' id='block_1_44' title="bbox 210 3092 1793 3175">
    <p class='ocr_par' dir='ltr' id='par_1_44' title="bbox 210 3092 1793 3175">
     <span class='ocr_line' id='line_1_44' title="bbox 210 3092 1793 3175; baseline 0.011 -31"><span class='ocrx_word' id='word_1_356' title='bbox 210 3092 263 3144; x_wconf 80' lang='grc' dir='ltr'>δὲ</span> <span class='ocrx_word' id='word_1_357' title='bbox 292 3093 353 3145; x_wconf 85' lang='grc' dir='ltr'>τὺ</span> <span class='ocrx_word' id='word_1_358' title='bbox 388 3095 771 3166; x_wconf 80' lang='grc' dir='ltr'>ὑποκείμενον,</span> <span class='ocrx_word' id='word_1_359' title='bbox 819 3097 1018 3164; x_wconf 80' lang='grc' dir='ltr'>πλάτος</span> <span class='ocrx_word' id='word_1_360' title='bbox 1048 3118 1109 3154; x_wconf 85' lang='grc' dir='ltr'><strong>τε</strong></span> <span class='ocrx_word' id='word_1_361' title='bbox 1147 3104 1241 3156; x_wconf 73' lang='grc' dir='ltr'><strong>καὶ</strong></span> <span class='ocrx_word' id='word_1_362' title='bbox 1281 3104 1489 3175; x_wconf 79' lang='grc' dir='ltr'>μῆκος,</span> <span class='ocrx_word' id='word_1_363' title='bbox 1528 3107 1626 3171; x_wconf 86' lang='grc' dir='ltr'><strong>τὰς</strong></span> <span class='ocrx_word' id='word_1_364' title='bbox 1657 3110 1793 3162; x_wconf 84' lang='grc' dir='ltr'>πλα-</span> 
     </span>
    </p>
   </div>
   <div class='ocr_carea' id='block_1_45' title="bbox 209 3187 1795 3273">
    <p class='ocr_par' dir='ltr' id='par_1_45' title="bbox 209 3187 1795 3273">
     <span class='ocr_line' id='line_1_45' title="bbox 209 3187 1795 3273; baseline 0.014 -38"><span class='ocrx_word' id='word_1_365' title='bbox 209 3187 329 3251; x_wconf 81' lang='grc' dir='ltr'>γίας</span> <span class='ocrx_word' id='word_1_366' title='bbox 368 3187 624 3250; x_wconf 82' lang='grc' dir='ltr'>ἐκτάσεις</span> <span class='ocrx_word' id='word_1_367' title='bbox 677 3189 866 3259; x_wconf 91' lang='grc' dir='ltr'>λέγων.</span> <span class='ocrx_word' id='word_1_368' title='bbox 922 3194 1031 3245; x_wconf 84' lang='lat' dir='ltr'><strong>Kui.</strong></span> <span class='ocrx_word' id='word_1_369' title='bbox 1077 3197 1407 3269; x_wconf 79' lang='grc' dir='ltr'>σαφέστερον</span> <span class='ocrx_word' id='word_1_370' title='bbox 1463 3201 1689 3273; x_wconf 81' lang='grc' dir='ltr'>ἑτέρωθι</span> <span class='ocrx_word' id='word_1_371' title='bbox 1733 3204 1795 3256; x_wconf 77' lang='grc' dir='ltr'>τὸ</span> 
     </span>
    </p>
   </div>
   <div class='ocr_carea' id='block_1_46' title="bbox 1895 2008 3465 2079">
    <p class='ocr_par' dir='ltr' id='par_1_46' title="bbox 1895 2008 3465 2079">
     <span class='ocr_line' id='line_1_46' title="bbox 1895 2008 3465 2079; baseline 0.001 -17"><span class='ocrx_word' id='word_1_372' title='bbox 1895 2024 2002 2063; x_wconf 91' lang='lat' dir='ltr'>non</span> <span class='ocrx_word' id='word_1_373' title='bbox 2039 2024 2234 2079; x_wconf 87' lang='lat' dir='ltr'><strong>magna</strong></span> <span class='ocrx_word' id='word_1_374' title='bbox 2268 2018 2352 2064; x_wconf 91' lang='lat' dir='ltr'><strong>est</strong></span> <span class='ocrx_word' id='word_1_375' title='bbox 2383 2009 2543 2064; x_wconf 90' lang='lat' dir='ltr'><strong>nobis</strong></span> <span class='ocrx_word' id='word_1_376' title='bbox 2578 2009 2971 2062; x_wconf 82' lang='lat' dir='ltr'><strong>controversia.</strong></span> <span class='ocrx_word' id='word_1_377' title='bbox 3024 2008 3291 2073; x_wconf 87' lang='lat' dir='ltr'><strong>Quoniam</strong></span> <span class='ocrx_word' id='word_1_378' title='bbox 3333 2026 3465 2079; x_wconf 81' lang='lat' dir='ltr'><strong>ergo</strong></span> 
     </span>
    </p>
   </div>
   <div class='ocr_carea' id='block_1_47' title="bbox 1894 2098 3471 2170">
    <p class='ocr_par' dir='ltr' id='par_1_47' title="bbox 1894 2098 3471 2170">
     <span class='ocr_line' id='line_1_47' title="bbox 1894 2098 3471 2170; baseline 0.006 -20"><span class='ocrx_word' id='word_1_379' title='bbox 1894 2098 1961 2152; x_wconf 82' lang='lat' dir='ltr'><strong>ad</strong></span> <span class='ocrx_word' id='word_1_380' title='bbox 2002 2100 2178 2169; x_wconf 90' lang='lat' dir='ltr'><strong>ipsum</strong></span> <span class='ocrx_word' id='word_1_381' title='bbox 2210 2100 2466 2155; x_wconf 85' lang='lat' dir='ltr'><strong>universa</strong></span> <span class='ocrx_word' id='word_1_382' title='bbox 2498 2098 2695 2170; x_wconf 85' lang='lat' dir='ltr'><strong>aspicit</strong></span> <span class='ocrx_word' id='word_1_383' title='bbox 2750 2109 3024 2161; x_wconf 89' lang='lat' dir='ltr'><strong>creatura,</strong></span> <span class='ocrx_word' id='word_1_384' title='bbox 3077 2111 3132 2157; x_wconf 90' lang='lat' dir='ltr'><strong>et</strong></span> <span class='ocrx_word' id='word_1_385' title='bbox 3186 2110 3269 2158; x_wconf 91' lang='lat' dir='ltr'><strong>est</strong></span> <span class='ocrx_word' id='word_1_386' title='bbox 3316 2105 3471 2159; x_wconf 84' lang='lat' dir='ltr'><strong>circa</strong></span> 
     </span>
    </p>
   </div>
   <div class='ocr_carea' id='block_1_48' title="bbox 1894 2190 3461 2263">
    <p class='ocr_par' dir='ltr' id='par_1_48' title="bbox 1894 2190 3461 2263">
     <span class='ocr_line' id='line_1_48' title="bbox 1894 2190 3461 2263; baseline 0.003 -19"><span class='ocrx_word' id='word_1_387' title='bbox 1894 2190 2093 2260; x_wconf 89' lang='lat' dir='ltr'><strong>ipsum,</strong></span> <span class='ocrx_word' id='word_1_388' title='bbox 2122 2202 2176 2247; x_wconf 89' lang='lat' dir='ltr'><strong>et</strong></span> <span class='ocrx_word' id='word_1_389' title='bbox 2222 2208 2318 2263; x_wconf 90' lang='lat' dir='ltr'><strong>per</strong></span> <span class='ocrx_word' id='word_1_390' title='bbox 2352 2193 2500 2246; x_wconf 91' lang='lat' dir='ltr'><strong>illum</strong></span> <span class='ocrx_word' id='word_1_391' title='bbox 2528 2193 2633 2248; x_wconf 89' lang='lat' dir='ltr'><strong>sibi</strong></span> <span class='ocrx_word' id='word_1_392' title='bbox 2664 2192 2765 2263; x_wconf 88' lang='lat' dir='ltr'><strong>ipsi</strong></span> <span class='ocrx_word' id='word_1_393' title='bbox 2794 2192 3029 2247; x_wconf 71' lang='lat' dir='ltr'><strong>colueret</strong></span> <span class='ocrx_word' id='word_1_394' title='bbox 3078 2202 3133 2248; x_wconf 88' lang='lat' dir='ltr'><strong>et</strong></span> <span class='ocrx_word' id='word_1_395' title='bbox 3183 2195 3461 2260; x_wconf 86' lang='lat' dir='ltr'><strong>coalescit,</strong></span> 
     </span>
    </p>
   </div>
   <div class='ocr_carea' id='block_1_49' title="bbox 1892 2278 3471 2357">
    <p class='ocr_par' dir='ltr' id='par_1_49' title="bbox 1892 2278 3471 2357">
     <span class='ocr_line' id='line_1_49' title="bbox 1892 2278 3471 2357; baseline 0.003 -20"><span class='ocrx_word' id='word_1_396' title='bbox 1892 2298 2017 2337; x_wconf 87' lang='lat' dir='ltr'><strong>cum</strong></span> <span class='ocrx_word' id='word_1_397' title='bbox 2047 2300 2165 2353; x_wconf 70' lang='lat' dir='ltr'><strong>qua:</strong></span> <span class='ocrx_word' id='word_1_398' title='bbox 2196 2291 2322 2339; x_wconf 87' lang='lat' dir='ltr'><strong>sunt</strong></span> <span class='ocrx_word' id='word_1_399' title='bbox 2354 2299 2540 2354; x_wconf 91' lang='lat' dir='ltr'><strong>supra,</strong></span> <span class='ocrx_word' id='word_1_400' title='bbox 2570 2285 2636 2340; x_wconf 91' lang='lat' dir='ltr'><strong>iis</strong></span> <span class='ocrx_word' id='word_1_401' title='bbox 2676 2300 2798 2355; x_wconf 64' lang='lat' dir='ltr'><strong>quae</strong></span> <span class='ocrx_word' id='word_1_402' title='bbox 2853 2284 3014 2350; x_wconf 83' lang='lat' dir='ltr'><strong>infra,</strong></span> <span class='ocrx_word' id='word_1_403' title='bbox 3058 2296 3112 2341; x_wconf 88' lang='lat' dir='ltr'><strong>et</strong></span> <span class='ocrx_word' id='word_1_404' title='bbox 3166 2303 3286 2357; x_wconf 70' lang='lat' dir='ltr'><strong>qua:</strong></span> <span class='ocrx_word' id='word_1_405' title='bbox 3337 2278 3471 2342; x_wconf 87' lang='lat' dir='ltr'><strong>sunt</strong></span> 
     </span>
    </p>
   </div>
   <div class='ocr_carea' id='block_1_50' title="bbox 1892 2370 3465 2449">
    <p class='ocr_par' dir='ltr' id='par_1_50' title="bbox 1892 2370 3465 2449">
     <span class='ocr_line' id='line_1_50' title="bbox 1892 2370 3465 2449; baseline 0.003 -21"><span class='ocrx_word' id='word_1_406' title='bbox 1892 2373 2130 2444; x_wconf 85' lang='lat' dir='ltr'><strong>obliqua,</strong></span> <span class='ocrx_word' id='word_1_407' title='bbox 2164 2370 2268 2431; x_wconf 88' lang='lat' dir='ltr'><strong>sibi</strong></span> <span class='ocrx_word' id='word_1_408' title='bbox 2290 2376 2520 2431; x_wconf 89' lang='lat' dir='ltr'><strong>invicem</strong></span> <span class='ocrx_word' id='word_1_409' title='bbox 2551 2384 2992 2447; x_wconf 87' lang='lat' dir='ltr'><strong>congenerentur</strong></span> <span class='ocrx_word' id='word_1_410' title='bbox 3021 2392 3085 2431; x_wconf 90' lang='lat' dir='ltr'><strong>ac</strong></span> <span class='ocrx_word' id='word_1_411' title='bbox 3127 2377 3465 2449; x_wconf 70' lang='lat' dir='ltr'><strong>coniungan-</strong></span> 
     </span>
    </p>
   </div>
   <div class='ocr_carea' id='block_1_51' title="bbox 1893 2468 3463 2537">
    <p class='ocr_par' dir='ltr' id='par_1_51' title="bbox 1893 2468 3463 2537">
     <span class='ocr_line' id='line_1_51' title="bbox 1893 2468 3463 2537; baseline 0.004 -19"><span class='ocrx_word' id='word_1_412' title='bbox 1893 2474 2012 2520; x_wconf 89' lang='lat' dir='ltr'><strong>tur:</strong></span> <span class='ocrx_word' id='word_1_413' title='bbox 2045 2468 2329 2537; x_wconf 86' lang='lat' dir='ltr'><strong>oportebat</strong></span> <span class='ocrx_word' id='word_1_414' title='bbox 2352 2484 2451 2523; x_wconf 90' lang='lat' dir='ltr'><strong>nos</strong></span> <span class='ocrx_word' id='word_1_415' title='bbox 2475 2483 2581 2523; x_wconf 93' lang='lat' dir='ltr'><strong>non</strong></span> <span class='ocrx_word' id='word_1_416' title='bbox 2613 2469 2790 2523; x_wconf 90' lang='lat' dir='ltr'><strong>solum</strong></span> <span class='ocrx_word' id='word_1_417' title='bbox 2818 2468 3100 2523; x_wconf 89' lang='lat' dir='ltr'><strong>auditione</strong></span> <span class='ocrx_word' id='word_1_418' title='bbox 3146 2468 3341 2525; x_wconf 89' lang='lat' dir='ltr'><strong>deduci</strong></span> <span class='ocrx_word' id='word_1_419' title='bbox 3394 2470 3463 2524; x_wconf 86' lang='lat' dir='ltr'><strong>ad</strong></span> 
     </span>
    </p>
   </div>
   <div class='ocr_carea' id='block_1_52' title="bbox 1892 2559 3464 2625">
    <p class='ocr_par' dir='ltr' id='par_1_52' title="bbox 1892 2559 3464 2625">
     <span class='ocr_line' id='line_1_52' title="bbox 1892 2559 3464 2625; baseline 0.002 -12"><span class='ocrx_word' id='word_1_420' title='bbox 1892 2559 2192 2614; x_wconf 85' lang='lat' dir='ltr'><strong>divinitatis</strong></span> <span class='ocrx_word' id='word_1_421' title='bbox 2221 2560 2709 2616; x_wconf 88' lang='lat' dir='ltr'><strong>considerationem</strong></span> <span class='ocrx_word' id='word_1_422' title='bbox 2735 2577 2749 2625; x_wconf 90' lang='lat'><strong>;</strong></span> <span class='ocrx_word' id='word_1_423' title='bbox 2805 2561 2898 2615; x_wconf 92' lang='lat' dir='ltr'><strong>sed</strong></span> <span class='ocrx_word' id='word_1_424' title='bbox 2928 2561 3089 2617; x_wconf 87' lang='lat' dir='ltr'><strong>etiam</strong></span> <span class='ocrx_word' id='word_1_425' title='bbox 3116 2560 3292 2616; x_wconf 85' lang='lat' dir='ltr'><strong>visum</strong></span> <span class='ocrx_word' id='word_1_426' title='bbox 3323 2561 3464 2616; x_wconf 82' lang='lat' dir='ltr'><strong>eftici</strong></span> 
     </span>
    </p>
   </div>
   <div class='ocr_carea' id='block_1_53' title="bbox 1893 2650 3467 2723">
    <p class='ocr_par' dir='ltr' id='par_1_53' title="bbox 1893 2650 3467 2723">
     <span class='ocr_line' id='line_1_53' title="bbox 1893 2650 3467 2723; baseline 0.002 -20"><span class='ocrx_word' id='word_1_427' title='bbox 1893 2650 2171 2706; x_wconf 87' lang='lat' dir='ltr'><strong>doctorem</strong></span> <span class='ocrx_word' id='word_1_428' title='bbox 2205 2666 2269 2706; x_wconf 90' lang='lat' dir='ltr'><strong>ac</strong></span> <span class='ocrx_word' id='word_1_429' title='bbox 2318 2653 2636 2723; x_wconf 90' lang='lat' dir='ltr'><strong>magistrum</strong></span> <span class='ocrx_word' id='word_1_430' title='bbox 2669 2652 3047 2707; x_wconf 90' lang='lat' dir='ltr'><strong>sublimiorum</strong></span> <span class='ocrx_word' id='word_1_431' title='bbox 3087 2652 3467 2723; x_wconf 85' lang='lat' dir='ltr'><strong>intelligentia-</strong></span> 
     </span>
    </p>
   </div>
   <div class='ocr_carea' id='block_1_54' title="bbox 1893 2738 3467 2813">
    <p class='ocr_par' dir='ltr' id='par_1_54' title="bbox 1893 2738 3467 2813">
     <span class='ocr_line' id='line_1_54' title="bbox 1893 2738 3467 2813; baseline 0.003 -20"><span class='ocrx_word' id='word_1_432' title='bbox 1893 2756 2034 2794; x_wconf 87' lang='lat' dir='ltr'><strong>rum.</strong></span> <span class='ocrx_word' id='word_1_433' title='bbox 2070 2739 2206 2794; x_wconf 88' lang='lat' dir='ltr'><strong>Hinc</strong></span> <span class='ocrx_word' id='word_1_434' title='bbox 2231 2748 2411 2795; x_wconf 90' lang='lat' dir='ltr'><strong>motus</strong></span> <span class='ocrx_word' id='word_1_435' title='bbox 2439 2755 2670 2812; x_wconf 88' lang='lat' dir='ltr'><strong>magnus</strong></span> <span class='ocrx_word' id='word_1_436' title='bbox 2726 2740 2819 2794; x_wconf 90' lang='lat' dir='ltr'><strong>ille</strong></span> <span class='ocrx_word' id='word_1_437' title='bbox 2854 2738 3055 2795; x_wconf 89' lang='lat' dir='ltr'><strong>Paulus</strong></span> <span class='ocrx_word' id='word_1_438' title='bbox 3101 2741 3154 2795; x_wconf 93' lang='lat' dir='ltr'><strong>in</strong></span> <span class='ocrx_word' id='word_1_439' title='bbox 3207 2743 3467 2813; x_wconf 86' lang='lat' dir='ltr'><strong>mysterio</strong></span> 
     </span>
    </p>
   </div>
   <div class='ocr_carea' id='block_1_55' title="bbox 1897 2828 3466 2902">
    <p class='ocr_par' dir='ltr' id='par_1_55' title="bbox 1897 2828 3466 2902">
     <span class='ocr_line' id='line_1_55' title="bbox 1897 2828 3466 2902; baseline 0.003 -18"><span class='ocrx_word' id='word_1_440' title='bbox 1897 2829 2228 2901; x_wconf 86' lang='lat' dir='ltr'><strong>Ephesinum</strong></span> <span class='ocrx_word' id='word_1_441' title='bbox 2287 2832 2525 2885; x_wconf 84' lang='lat' dir='ltr'><strong>instituit</strong></span> <span class='ocrx_word' id='word_1_442' title='bbox 2583 2832 2863 2902; x_wconf 88' lang='lat' dir='ltr'><strong>populum,</strong></span> <span class='ocrx_word' id='word_1_443' title='bbox 2918 2846 3014 2901; x_wconf 90' lang='lat' dir='ltr'><strong>per</strong></span> <span class='ocrx_word' id='word_1_444' title='bbox 3046 2828 3350 2885; x_wconf 88' lang='lat' dir='ltr'><strong>doctrinam</strong></span> <span class='ocrx_word' id='word_1_445' title='bbox 3385 2835 3466 2888; x_wconf 85' lang='lat' dir='ltr'><strong>eis</strong></span> 
     </span>
    </p>
   </div>
   <div class='ocr_carea' id='block_1_56' title="bbox 1898 2919 3464 2990">
    <p class='ocr_par' dir='ltr' id='par_1_56' title="bbox 1898 2919 3464 2990">
     <span class='ocr_line' id='line_1_56' title="bbox 1898 2919 3464 2990; baseline 0.001 -17"><span class='ocrx_word' id='word_1_446' title='bbox 1898 2921 2038 2976; x_wconf 90' lang='lat' dir='ltr'><strong>dans</strong></span> <span class='ocrx_word' id='word_1_447' title='bbox 2066 2922 2325 2976; x_wconf 88' lang='lat' dir='ltr'><strong>virtutem</strong></span> <span class='ocrx_word' id='word_1_448' title='bbox 2362 2922 2428 2975; x_wconf 89' lang='lat' dir='ltr'><strong>ad</strong></span> <span class='ocrx_word' id='word_1_449' title='bbox 2462 2920 2901 2990; x_wconf 84' lang='lat' dir='ltr'><strong>cognoscendum</strong></span> <span class='ocrx_word' id='word_1_450' title='bbox 2927 2934 3047 2989; x_wconf 73' lang='lat' dir='ltr'><strong>qua:</strong></span> <span class='ocrx_word' id='word_1_451' title='bbox 3079 2919 3148 2973; x_wconf 91' lang='lat' dir='ltr'><strong>sit</strong></span> <span class='ocrx_word' id='word_1_452' title='bbox 3181 2920 3464 2988; x_wconf 83' lang='lat' dir='ltr'><strong>profundi-</strong></span> 
     </span>
    </p>
   </div>
   <div class='ocr_carea' id='block_1_57' title="bbox 1895 3006 3468 3083">
    <p class='ocr_par' dir='ltr' id='par_1_57' title="bbox 1895 3006 3468 3083">
     <span class='ocr_line' id='line_1_57' title="bbox 1895 3006 3468 3083; baseline 0.002 -19"><span class='ocrx_word' id='word_1_453' title='bbox 1895 3021 2000 3076; x_wconf 89' lang='lat' dir='ltr'><strong>tas,</strong></span> <span class='ocrx_word' id='word_1_454' title='bbox 2024 3006 2275 3075; x_wconf 89' lang='lat' dir='ltr'><strong>latitudo,</strong></span> <span class='ocrx_word' id='word_1_455' title='bbox 2295 3013 2630 3083; x_wconf 86' lang='lat' dir='ltr'><strong>altitudoque</strong></span> <span class='ocrx_word' id='word_1_456' title='bbox 2659 3023 2712 3069; x_wconf 90' lang='lat' dir='ltr'><strong>et</strong></span> <span class='ocrx_word' id='word_1_457' title='bbox 2737 3013 3016 3083; x_wconf 80' lang='lat' dir='ltr'><strong>longitudo</strong></span> <span class='ocrx_word' id='word_1_458' title='bbox 3033 3014 3076 3065; x_wconf 73' lang='grc' dir='ltr'>θ.</span> <span class='ocrx_word' id='word_1_459' title='bbox 3103 3009 3468 3081; x_wconf 86' lang='lat' dir='ltr'><strong>Unamquant-</strong></span> 
     </span>
    </p>
   </div>
   <div class='ocr_carea' id='block_1_58' title="bbox 1896 3102 3465 3173">
    <p class='ocr_par' dir='ltr' id='par_1_58' title="bbox 1896 3102 3465 3173">
     <span class='ocr_line' id='line_1_58' title="bbox 1896 3102 3465 3173; baseline 0.001 -17"><span class='ocrx_word' id='word_1_460' title='bbox 1896 3119 2001 3172; x_wconf 75' lang='lat' dir='ltr'><strong>que</strong></span> <span class='ocrx_word' id='word_1_461' title='bbox 2030 3104 2174 3157; x_wconf 85' lang='lat' dir='ltr'><strong>enim</strong></span> <span class='ocrx_word' id='word_1_462' title='bbox 2215 3104 2394 3157; x_wconf 80' lang='lat' dir='ltr'><strong>crucis</strong></span> <span class='ocrx_word' id='word_1_463' title='bbox 2422 3103 2819 3173; x_wconf 88' lang='lat' dir='ltr'><strong>porrectionetn</strong></span> <span class='ocrx_word' id='word_1_464' title='bbox 2845 3102 3066 3172; x_wconf 89' lang='lat' dir='ltr'><strong>proprio</strong></span> <span class='ocrx_word' id='word_1_465' title='bbox 3088 3103 3323 3173; x_wconf 89' lang='lat' dir='ltr'><strong>appellat</strong></span> <span class='ocrx_word' id='word_1_466' title='bbox 3359 3119 3465 3157; x_wconf 84' lang='lat' dir='ltr'><strong>no-</strong></span> 
     </span>
    </p>
   </div>
   <div class='ocr_carea' id='block_1_59' title="bbox 1896 3192 3464 3264">
    <p class='ocr_par' dir='ltr' id='par_1_59' title="bbox 1896 3192 3464 3264">
     <span class='ocr_line' id='line_1_59' title="bbox 1896 3192 3464 3264; baseline 0.001 -18"><span class='ocrx_word' id='word_1_467' title='bbox 1896 3193 2063 3248; x_wconf 87' lang='lat' dir='ltr'><strong>mine.</strong></span> <span class='ocrx_word' id='word_1_468' title='bbox 2096 3194 2451 3249; x_wconf 82' lang='lat' dir='ltr'><strong>Altitudinem</strong></span> <span class='ocrx_word' id='word_1_469' title='bbox 2476 3193 2716 3264; x_wconf 83' lang='lat' dir='ltr'><strong>quidem,</strong></span> <span class='ocrx_word' id='word_1_470' title='bbox 2750 3192 2802 3245; x_wconf 91' lang='lat' dir='ltr'><strong>id</strong></span> <span class='ocrx_word' id='word_1_471' title='bbox 2859 3193 3003 3262; x_wconf 87' lang='lat' dir='ltr'><strong>quod</strong></span> <span class='ocrx_word' id='word_1_472' title='bbox 3052 3194 3464 3263; x_wconf 86' lang='lat' dir='ltr'><strong>supereminet;</strong></span> 
     </span>
    </p>
   </div>
   <div class='ocr_carea' id='block_1_60' title="bbox 208 3276 1794 3362">
    <p class='ocr_par' dir='ltr' id='par_1_60' title="bbox 208 3278 1794 3362">
     <span class='ocr_line' id='line_1_60' title="bbox 208 3278 1794 3362; baseline 0.013 -33"><span class='ocrx_word' id='word_1_473' title='bbox 208 3278 446 3331; x_wconf 61' lang='lat' dir='ltr'><strong>toto-379v</strong></span> <span class='ocrx_word' id='word_1_474' title='bbox 480 3282 657 3351; x_wconf 78' lang='grc' dir='ltr'>νόημα</span> <span class='ocrx_word' id='word_1_475' title='bbox 688 3285 822 3356; x_wconf 79' lang='grc' dir='ltr'>πρὸς</span> <span class='ocrx_word' id='word_1_476' title='bbox 846 3287 1237 3359; x_wconf 82' lang='grc' dir='ltr'>Φιλιππησίους</span> <span class='ocrx_word' id='word_1_477' title='bbox 1255 3330 1269 3354; x_wconf 92' lang='grc'><strong>,</strong></span> <span class='ocrx_word' id='word_1_478' title='bbox 1310 3288 1461 3362; x_wconf 75' lang='grc' dir='ltr'>οἶμαι</span> <span class='ocrx_word' id='word_1_479' title='bbox 1479 3334 1493 3357; x_wconf 91' lang='grc'><strong>,</strong></span> <span class='ocrx_word' id='word_1_480' title='bbox 1522 3298 1684 3358; x_wconf 86' lang='grc' dir='ltr'>ποιεῖ,</span> <span class='ocrx_word' id='word_1_481' title='bbox 1713 3290 1794 3359; x_wconf 75' lang='grc' dir='ltr'>οἷς</span> 
     </span>
    </p>
   </div>
   <div class='ocr_carea' id='block_1_61' title="bbox 1897 3276 3470 3362">
    <p class='ocr_par' dir='ltr' id='par_1_61' title="bbox 1898 3284 3470 3356">
     <span class='ocr_line' id='line_1_61' title="bbox 1898 3284 3470 3356; baseline 0.001 -18"><span class='ocrx_word' id='word_1_482' title='bbox 1898 3286 2319 3356; x_wconf 81' lang='lat' dir='ltr'><strong>profunditatem</strong></span> <span class='ocrx_word' id='word_1_483' title='bbox 2355 3294 2555 3347; x_wconf 89' lang='lat' dir='ltr'><strong>autem,</strong></span> <span class='ocrx_word' id='word_1_484' title='bbox 2590 3284 2645 3339; x_wconf 90' lang='lat' dir='ltr'><strong>id</strong></span> <span class='ocrx_word' id='word_1_485' title='bbox 2679 3285 2823 3354; x_wconf 92' lang='lat' dir='ltr'><strong>quod</strong></span> <span class='ocrx_word' id='word_1_486' title='bbox 2857 3293 2941 3339; x_wconf 92' lang='lat' dir='ltr'><strong>est</strong></span> <span class='ocrx_word' id='word_1_487' title='bbox 2971 3286 3196 3340; x_wconf 90' lang='lat' dir='ltr'><strong>subtus:</strong></span> <span class='ocrx_word' id='word_1_488' title='bbox 3231 3286 3470 3340; x_wconf 84' lang='lat' dir='ltr'><strong>latitudi-</strong></span> 
     </span>
    </p>
   </div>
   <div class='ocr_carea' id='block_1_62' title="bbox 207 3375 1795 3454">
    <p class='ocr_par' dir='ltr' id='par_1_62' title="bbox 207 3375 1795 3454">
     <span class='ocr_line' id='line_1_62' title="bbox 207 3375 1795 3454; baseline 0.012 -32"><span class='ocrx_word' id='word_1_489' title='bbox 207 3389 407 3441; x_wconf 64' lang='grc' dir='ltr'>φησιν’</span> <span class='ocrx_word' id='word_1_490' title='bbox 454 3375 537 3427; x_wconf 84' lang='grc' dir='ltr'><strong>δτι</strong></span> <span class='ocrx_word' id='word_1_491' title='bbox 586 3376 681 3427; x_wconf 81' lang='grc' dir='ltr'><strong>Ἐν</strong></span> <span class='ocrx_word' id='word_1_492' title='bbox 710 3375 789 3440; x_wconf 87' lang='grc' dir='ltr'>τῷ</span> <span class='ocrx_word' id='word_1_493' title='bbox 832 3380 1072 3448; x_wconf 79' lang='grc' dir='ltr'>ὀνόματι</span> <span class='ocrx_word' id='word_1_494' title='bbox 1129 3383 1321 3450; x_wconf 86' lang='grc' dir='ltr'>Ἰησοῦ</span> <span class='ocrx_word' id='word_1_495' title='bbox 1369 3387 1625 3454; x_wconf 79' lang='grc' dir='ltr'>Χριστοῦ</span> <span class='ocrx_word' id='word_1_496' title='bbox 1672 3386 1795 3441; x_wconf 79' lang='grc' dir='ltr'><strong>πᾶν</strong></span> 
     </span>
    </p>
   </div>
   <div class='ocr_carea' id='block_1_63' title="bbox 208 3466 1795 3546">
    <p class='ocr_par' dir='ltr' id='par_1_63' title="bbox 208 3466 1795 3546">
     <span class='ocr_line' id='line_1_63' title="bbox 208 3466 1795 3546; baseline 0.011 -29"><span class='ocrx_word' id='word_1_497' title='bbox 208 3466 353 3533; x_wconf 59' lang='grc' dir='ltr'>γόνυ</span> <span class='ocrx_word' id='word_1_498' title='bbox 385 3466 636 3536; x_wconf 65' lang='grc' dir='ltr'>κάμψει,</span> <span class='ocrx_word' id='word_1_499' title='bbox 666 3469 1039 3539; x_wconf 76' lang='grc' dir='ltr'>ἐπουρανίων</span> <span class='ocrx_word' id='word_1_500' title='bbox 1071 3476 1165 3529; x_wconf 79' lang='grc' dir='ltr'>καὶ</span> <span class='ocrx_word' id='word_1_501' title='bbox 1185 3476 1480 3546; x_wconf 80' lang='grc' dir='ltr'>ἐπιγείων,</span> <span class='ocrx_word' id='word_1_502' title='bbox 1500 3479 1596 3532; x_wconf 77' lang='grc' dir='ltr'>καὶ</span> <span class='ocrx_word' id='word_1_503' title='bbox 1616 3497 1795 3533; x_wconf 72' lang='grc' dir='ltr'>καταε-</span> 
     </span>
    </p>
   </div>
   <div class='ocr_carea' id='block_1_64' title="bbox 208 3558 1795 3642">
    <p class='ocr_par' dir='ltr' id='par_1_64' title="bbox 208 3558 1795 3642">
     <span class='ocr_line' id='line_1_64' title="bbox 208 3558 1795 3642; baseline 0.009 -33"><span class='ocrx_word' id='word_1_504' title='bbox 208 3559 487 3625; x_wconf 77' lang='grc' dir='ltr'>χθονίων.</span> <span class='ocrx_word' id='word_1_505' title='bbox 534 3558 799 3614; x_wconf 76' lang='grc' dir='ltr'>Ἐνταῦθα</span> <span class='ocrx_word' id='word_1_506' title='bbox 828 3562 922 3634; x_wconf 79' lang='grc' dir='ltr'><strong>τὴν</strong></span> <span class='ocrx_word' id='word_1_507' title='bbox 957 3566 1127 3637; x_wconf 80' lang='grc' dir='ltr'>μέσην</span> <span class='ocrx_word' id='word_1_508' title='bbox 1162 3567 1255 3620; x_wconf 68' lang='grc' dir='ltr'><strong>καὶ</strong></span> <span class='ocrx_word' id='word_1_509' title='bbox 1283 3571 1467 3637; x_wconf 80' lang='grc' dir='ltr'>γαῖαν⁶</span> <span class='ocrx_word' id='word_1_510' title='bbox 1503 3572 1600 3642; x_wconf 84' lang='grc' dir='ltr'>μιᾷ</span> <span class='ocrx_word' id='word_1_511' title='bbox 1627 3588 1795 3642; x_wconf 83' lang='grc' dir='ltr'>προσ-</span> 
     </span>
    </p>
   </div>
   <div class='ocr_carea' id='block_1_65' title="bbox 206 3649 1795 3731">
    <p class='ocr_par' dir='ltr' id='par_1_65' title="bbox 206 3649 1795 3731">
     <span class='ocr_line' id='line_1_65' title="bbox 206 3649 1795 3731; baseline 0.011 -34"><span class='ocrx_word' id='word_1_512' title='bbox 206 3649 406 3718; x_wconf 69' lang='grc' dir='ltr'>ηγορία</span> <span class='ocrx_word' id='word_1_513' title='bbox 442 3650 855 3721; x_wconf 75' lang='grc' dir='ltr'>καταλαμϐάνει</span> <span class='ocrx_word' id='word_1_514' title='bbox 879 3696 894 3721; x_wconf 88' lang='grc'><strong>,</strong></span> <span class='ocrx_word' id='word_1_515' title='bbox 927 3659 1034 3710; x_wconf 84' lang='grc' dir='ltr'><strong>πᾶν</strong></span> <span class='ocrx_word' id='word_1_516' title='bbox 1077 3658 1141 3712; x_wconf 84' lang='grc' dir='ltr'>τὸ</span> <span class='ocrx_word' id='word_1_517' title='bbox 1172 3660 1261 3714; x_wconf 80' lang='grc' dir='ltr'>διὰ</span> <span class='ocrx_word' id='word_1_518' title='bbox 1296 3662 1462 3731; x_wconf 83' lang='grc' dir='ltr'>μέσου</span> <span class='ocrx_word' id='word_1_519' title='bbox 1495 3662 1601 3716; x_wconf 85' lang='grc' dir='ltr'><strong>τῶν</strong></span> <span class='ocrx_word' id='word_1_520' title='bbox 1634 3664 1795 3717; x_wconf 79' lang='grc' dir='ltr'>ἐπουο</span> 
     </span>
    </p>
   </div>
   <div class='ocr_carea' id='block_1_66' title="bbox 209 3739 1795 3823">
    <p class='ocr_par' dir='ltr' id='par_1_66' title="bbox 209 3739 1795 3823">
     <span class='ocr_line' id='line_1_66' title="bbox 209 3739 1795 3823; baseline 0.013 -35"><span class='ocrx_word' id='word_1_521' title='bbox 209 3739 414 3808; x_wconf 77' lang='grc' dir='ltr'>ρανίων</span> <span class='ocrx_word' id='word_1_522' title='bbox 466 3742 559 3794; x_wconf 70' lang='grc' dir='ltr'>καὶ</span> <span class='ocrx_word' id='word_1_523' title='bbox 598 3743 931 3813; x_wconf 81' lang='grc' dir='ltr'>ὑποχθονίων</span> <span class='ocrx_word' id='word_1_524' title='bbox 984 3751 1256 3821; x_wconf 84' lang='grc' dir='ltr'>ὀνομάσας</span> <span class='ocrx_word' id='word_1_525' title='bbox 1311 3754 1572 3823; x_wconf 83' lang='grc' dir='ltr'>ἐπίγειον.</span> <span class='ocrx_word' id='word_1_526' title='bbox 1628 3755 1795 3809; x_wconf 80' lang='grc' dir='ltr'>Τοῦτο</span> 
     </span>
    </p>
   </div>
   <div class='ocr_carea' id='block_1_67' title="bbox 210 3831 1796 3918">
    <p class='ocr_par' dir='ltr' id='par_1_67' title="bbox 210 3831 1796 3918">
     <span class='ocr_line' id='line_1_67' title="bbox 210 3831 1796 3918; baseline 0.013 -36"><span class='ocrx_word' id='word_1_527' title='bbox 210 3831 619 3903; x_wconf 74' lang='grc' dir='ltr'>μεμαθήκαμεν</span> <span class='ocrx_word' id='word_1_528' title='bbox 648 3838 776 3904; x_wconf 80' lang='grc' dir='ltr'>περὶ</span> <span class='ocrx_word' id='word_1_529' title='bbox 805 3839 897 3891; x_wconf 79' lang='grc' dir='ltr'>τοῦ</span> <span class='ocrx_word' id='word_1_530' title='bbox 933 3842 1166 3913; x_wconf 84' lang='grc' dir='ltr'>σταυροῦ</span> <span class='ocrx_word' id='word_1_531' title='bbox 1195 3844 1254 3897; x_wconf 86' lang='grc' dir='ltr'>τὸ</span> <span class='ocrx_word' id='word_1_532' title='bbox 1287 3847 1599 3918; x_wconf 81' lang='grc' dir='ltr'>μυστήριον.</span> <span class='ocrx_word' id='word_1_533' title='bbox 1633 3848 1713 3901; x_wconf 87' lang='grc' dir='ltr'><strong>Τά</strong></span> <span class='ocrx_word' id='word_1_534' title='bbox 1740 3849 1796 3901; x_wconf 82' lang='grc' dir='ltr'><strong>δὲ</strong></span> 
     </span>
    </p>
   </div>
   <div class='ocr_carea' id='block_1_68' title="bbox 207 3922 1795 4009">
    <p class='ocr_par' dir='ltr' id='par_1_68' title="bbox 207 3922 1795 4009">
     <span class='ocr_line' id='line_1_68' title="bbox 207 3922 1795 4009; baseline 0.012 -35"><span class='ocrx_word' id='word_1_535' title='bbox 207 3922 313 3975; x_wconf 69' lang='grc' dir='ltr'><strong>ἀπὸ</strong></span> <span class='ocrx_word' id='word_1_536' title='bbox 340 3924 539 3977; x_wconf 78' lang='grc' dir='ltr'>τούτου</span> <span class='ocrx_word' id='word_1_537' title='bbox 570 3927 793 3980; x_wconf 75' lang='grc' dir='ltr'>τοιαῦτα</span> <span class='ocrx_word' id='word_1_538' title='bbox 821 3930 960 3983; x_wconf 84' lang='grc' dir='ltr'><strong>κατά</strong></span> <span class='ocrx_word' id='word_1_539' title='bbox 983 3932 1044 3985; x_wconf 83' lang='grc' dir='ltr'>τὸ</span> <span class='ocrx_word' id='word_1_540' title='bbox 1074 3935 1360 3989; x_wconf 83' lang='grc' dir='ltr'>ἀκόλουθον</span> <span class='ocrx_word' id='word_1_541' title='bbox 1390 3938 1631 4009; x_wconf 86' lang='grc' dir='ltr'>περιέχει</span> <span class='ocrx_word' id='word_1_542' title='bbox 1656 3940 1684 3991; x_wconf 92' lang='grc' dir='ltr'>ὁ</span> <span class='ocrx_word' id='word_1_543' title='bbox 1708 3938 1795 3991; x_wconf 86' lang='grc' dir='ltr'>λό-</span> 
     </span>
    </p>
   </div>
   <div class='ocr_carea' id='block_1_69' title="bbox 209 4017 1797 4102">
    <p class='ocr_par' dir='ltr' id='par_1_69' title="bbox 209 4017 1797 4102">
     <span class='ocr_line' id='line_1_69' title="bbox 209 4017 1797 4102; baseline 0.011 -36"><span class='ocrx_word' id='word_1_544' title='bbox 209 4030 321 4082; x_wconf 82' lang='grc' dir='ltr'>γος,</span> <span class='ocrx_word' id='word_1_545' title='bbox 359 4017 439 4080; x_wconf 81' lang='grc' dir='ltr'>ὡς</span> <span class='ocrx_word' id='word_1_546' title='bbox 477 4017 855 4087; x_wconf 77' lang='grc' dir='ltr'>ὁμολογεῖσθαι</span> <span class='ocrx_word' id='word_1_547' title='bbox 884 4024 978 4075; x_wconf 76' lang='grc' dir='ltr'><strong>καὶ</strong></span> <span class='ocrx_word' id='word_1_548' title='bbox 1005 4027 1155 4096; x_wconf 83' lang='grc' dir='ltr'>παρὰ</span> <span class='ocrx_word' id='word_1_549' title='bbox 1180 4024 1286 4080; x_wconf 84' lang='grc' dir='ltr'><strong>τῶν</strong></span> <span class='ocrx_word' id='word_1_550' title='bbox 1325 4029 1596 4093; x_wconf 85' lang='grc' dir='ltr'>ἀπίστων,</span> <span class='ocrx_word' id='word_1_551' title='bbox 1633 4031 1797 4102; x_wconf 83' lang='grc' dir='ltr'>μηδὲν</span> 
     </span>
    </p>
   </div>
   <div class='ocr_carea' id='block_1_70' title="bbox 211 4104 1799 4194">
    <p class='ocr_par' dir='ltr' id='par_1_70' title="bbox 211 4104 1799 4194">
     <span class='ocr_line' id='line_1_70' title="bbox 211 4104 1799 4194; baseline 0.012 -36"><span class='ocrx_word' id='word_1_552' title='bbox 211 4107 500 4176; x_wconf 73' lang='grc' dir='ltr'>ἀλλότριον</span> <span class='ocrx_word' id='word_1_553' title='bbox 533 4104 668 4162; x_wconf 80' lang='grc' dir='ltr'>εἶναι</span> <span class='ocrx_word' id='word_1_554' title='bbox 703 4112 804 4181; x_wconf 79' lang='grc' dir='ltr'>τῆς</span> <span class='ocrx_word' id='word_1_555' title='bbox 840 4114 1177 4186; x_wconf 78' lang='grc' dir='ltr'>θεοπρεποῦς</span> <span class='ocrx_word' id='word_1_556' title='bbox 1212 4118 1562 4189; x_wconf 72' lang='grc' dir='ltr'>ὑπολήψεως*</span> <span class='ocrx_word' id='word_1_557' title='bbox 1592 4112 1653 4174; x_wconf 79' lang='grc' dir='ltr'><strong>τὸ</strong></span> <span class='ocrx_word' id='word_1_558' title='bbox 1692 4125 1799 4194; x_wconf 84' lang='grc' dir='ltr'>γὰρ</span> 
     </span>
    </p>
   </div>
   <div class='ocr_carea' id='block_1_71' title="bbox 212 4200 1798 4288">
    <p class='ocr_par' dir='ltr' id='par_1_71' title="bbox 212 4200 1798 4288">
     <span class='ocr_line' id='line_1_71' title="bbox 212 4200 1798 4288; baseline 0.013 -38"><span class='ocrx_word' id='word_1_559' title='bbox 212 4200 285 4271; x_wconf 70' lang='grc' dir='ltr'>μὴ</span> <span class='ocrx_word' id='word_1_560' title='bbox 321 4203 590 4271; x_wconf 74' lang='grc' dir='ltr'>ἐμμεῖναι</span> <span class='ocrx_word' id='word_1_561' title='bbox 634 4203 711 4273; x_wconf 81' lang='grc' dir='ltr'><strong>τῷ</strong></span> <span class='ocrx_word' id='word_1_562' title='bbox 744 4204 988 4279; x_wconf 86' lang='grc' dir='ltr'>θανάτῳ,</span> <span class='ocrx_word' id='word_1_563' title='bbox 1042 4211 1136 4263; x_wconf 75' lang='grc' dir='ltr'><strong>καὶ</strong></span> <span class='ocrx_word' id='word_1_564' title='bbox 1178 4211 1277 4275; x_wconf 83' lang='grc' dir='ltr'><strong>τὰς</strong></span> <span class='ocrx_word' id='word_1_565' title='bbox 1306 4212 1392 4266; x_wconf 78' lang='grc' dir='ltr'>διὰ</span> <span class='ocrx_word' id='word_1_566' title='bbox 1438 4213 1530 4267; x_wconf 82' lang='grc' dir='ltr'>τοῦ</span> <span class='ocrx_word' id='word_1_567' title='bbox 1585 4216 1798 4288; x_wconf 83' lang='grc' dir='ltr'>σιδήρου</span> 
     </span>
    </p>
   </div>
   <div class='ocr_carea' id='block_1_72' title="bbox 211 4290 1802 4377">
    <p class='ocr_par' dir='ltr' id='par_1_72' title="bbox 211 4290 1802 4377">
     <span class='ocr_line' id='line_1_72' title="bbox 211 4290 1802 4377; baseline 0.011 -34"><span class='ocrx_word' id='word_1_568' title='bbox 211 4290 354 4345; x_wconf 80' lang='grc' dir='ltr'><strong>κατά</strong></span> <span class='ocrx_word' id='word_1_569' title='bbox 378 4291 474 4345; x_wconf 72' lang='grc' dir='ltr'>τοῦ</span> <span class='ocrx_word' id='word_1_570' title='bbox 508 4293 756 4364; x_wconf 80' lang='grc' dir='ltr'>σώματος</span> <span class='ocrx_word' id='word_1_571' title='bbox 798 4300 1094 4369; x_wconf 87' lang='grc' dir='ltr'>γενομένας</span> <span class='ocrx_word' id='word_1_572' title='bbox 1141 4302 1383 4373; x_wconf 86' lang='grc' dir='ltr'>πληγὰς,</span> <span class='ocrx_word' id='word_1_573' title='bbox 1423 4305 1586 4375; x_wconf 85' lang='grc' dir='ltr'>μηδὲν</span> <span class='ocrx_word' id='word_1_574' title='bbox 1630 4307 1802 4377; x_wconf 80' lang='grc' dir='ltr'>ἐμπό-</span> 
     </span>
    </p>
   </div>
   <div class='ocr_carea' id='block_1_73' title="bbox 210 4383 1800 4462">
    <p class='ocr_par' dir='ltr' id='par_1_73' title="bbox 210 4383 1800 4462">
     <span class='ocr_line' id='line_1_73' title="bbox 210 4383 1800 4462; baseline 0.011 -28"><span class='ocrx_word' id='word_1_575' title='bbox 210 4383 323 4436; x_wconf 80' lang='grc' dir='ltr'>διον</span> <span class='ocrx_word' id='word_1_576' title='bbox 360 4385 501 4453; x_wconf 81' lang='grc' dir='ltr'>πρὸς</span> <span class='ocrx_word' id='word_1_577' title='bbox 526 4388 587 4438; x_wconf 79' lang='grc' dir='ltr'><strong>τὸ</strong></span> <span class='ocrx_word' id='word_1_578' title='bbox 607 4387 903 4459; x_wconf 83' lang='grc' dir='ltr'>ἀναστῆναι</span> <span class='ocrx_word' id='word_1_579' title='bbox 935 4392 1281 4462; x_wconf 80' lang='grc' dir='ltr'>ποιήσασθαι,</span> <span class='ocrx_word' id='word_1_580' title='bbox 1312 4398 1431 4448; x_wconf 86' lang='grc' dir='ltr'>κατ’</span> <span class='ocrx_word' id='word_1_581' title='bbox 1461 4397 1709 4461; x_wconf 80' lang='grc' dir='ltr'>ἐξουσίαν</span> <span class='ocrx_word' id='word_1_582' title='bbox 1740 4417 1800 4451; x_wconf 88' lang='grc' dir='ltr'><strong>τε</strong></span> 
     </span>
    </p>
   </div>
   <div class='ocr_carea' id='block_1_74' title="bbox 213 4476 1802 4561">
    <p class='ocr_par' dir='ltr' id='par_1_74' title="bbox 213 4476 1802 4561">
     <span class='ocr_line' id='line_1_74' title="bbox 213 4476 1802 4561; baseline 0.011 -35"><span class='ocrx_word' id='word_1_583' title='bbox 213 4476 506 4542; x_wconf 70' lang='grc' dir='ltr'>φαίνεσθαι</span> <span class='ocrx_word' id='word_1_584' title='bbox 536 4480 650 4540; x_wconf 84' lang='grc' dir='ltr'>τοῖς</span> <span class='ocrx_word' id='word_1_585' title='bbox 674 4478 941 4550; x_wconf 83' lang='grc' dir='ltr'>μαθηταῖς</span> <span class='ocrx_word' id='word_1_586' title='bbox 967 4483 1102 4551; x_wconf 86' lang='grc' dir='ltr'><strong>μετά</strong></span> <span class='ocrx_word' id='word_1_587' title='bbox 1126 4484 1222 4555; x_wconf 85' lang='grc' dir='ltr'>τὴν</span> <span class='ocrx_word' id='word_1_588' title='bbox 1244 4486 1535 4540; x_wconf 85' lang='grc' dir='ltr'>ἀνάστασιν</span> <span class='ocrx_word' id='word_1_589' title='bbox 1558 4490 1643 4543; x_wconf 82' lang='grc' dir='ltr'>ὅτε</span> <span class='ocrx_word' id='word_1_590' title='bbox 1678 4490 1802 4561; x_wconf 81' lang='grc' dir='ltr'>βού-</span> 
     </span>
    </p>
   </div>
   <div class='ocr_carea' id='block_1_75' title="bbox 211 4566 1801 4653">
    <p class='ocr_par' dir='ltr' id='par_1_75' title="bbox 211 4566 1801 4653">
     <span class='ocr_line' id='line_1_75' title="bbox 211 4566 1801 4653; baseline 0.01 -35"><span class='ocrx_word' id='word_1_591' title='bbox 211 4566 379 4633; x_wconf 73' lang='grc' dir='ltr'>λοιτο,</span> <span class='ocrx_word' id='word_1_592' title='bbox 412 4569 673 4640; x_wconf 79' lang='grc' dir='ltr'>παρεῖναί</span> <span class='ocrx_word' id='word_1_593' title='bbox 698 4587 757 4623; x_wconf 86' lang='grc' dir='ltr'><strong>τε</strong></span> <span class='ocrx_word' id='word_1_594' title='bbox 790 4572 970 4636; x_wconf 77' lang='grc' dir='ltr'>αὐτοῖς</span> <span class='ocrx_word' id='word_1_595' title='bbox 1005 4575 1079 4645; x_wconf 82' lang='grc' dir='ltr'>μὴ</span> <span class='ocrx_word' id='word_1_596' title='bbox 1106 4574 1400 4646; x_wconf 82' lang='grc' dir='ltr'>ὁρώμενον,</span> <span class='ocrx_word' id='word_1_597' title='bbox 1434 4578 1528 4631; x_wconf 77' lang='grc' dir='ltr'><strong>καὶ</strong></span> <span class='ocrx_word' id='word_1_598' title='bbox 1561 4581 1618 4632; x_wconf 81' lang='grc' dir='ltr'><strong>ἐν</strong></span> <span class='ocrx_word' id='word_1_599' title='bbox 1654 4582 1801 4653; x_wconf 85' lang='grc' dir='ltr'>μέσῳ</span> 
     </span>
    </p>
   </div>
   <div class='ocr_carea' id='block_1_76' title="bbox 210 4656 1799 4743">
    <p class='ocr_par' dir='ltr' id='par_1_76' title="bbox 210 4656 1799 4743">
     <span class='ocr_line' id='line_1_76' title="bbox 210 4656 1799 4743; baseline 0.01 -35"><span class='ocrx_word' id='word_1_600' title='bbox 210 4656 523 4725; x_wconf 79' lang='grc' dir='ltr'>γίγνεσθαι,</span> <span class='ocrx_word' id='word_1_601' title='bbox 587 4658 723 4730; x_wconf 84' lang='grc' dir='ltr'>μηδὲ</span> <span class='ocrx_word' id='word_1_602' title='bbox 768 4660 869 4730; x_wconf 82' lang='grc' dir='ltr'>τῆς</span> <span class='ocrx_word' id='word_1_603' title='bbox 920 4664 1125 4716; x_wconf 85' lang='grc' dir='ltr'>είσὸδου</span> <span class='ocrx_word' id='word_1_604' title='bbox 1178 4669 1279 4736; x_wconf 84' lang='grc' dir='ltr'>τῆς</span> <span class='ocrx_word' id='word_1_605' title='bbox 1324 4666 1414 4721; x_wconf 82' lang='grc' dir='ltr'>διὰ</span> <span class='ocrx_word' id='word_1_606' title='bbox 1458 4669 1565 4721; x_wconf 85' lang='grc' dir='ltr'><strong>τῶν</strong></span> <span class='ocrx_word' id='word_1_607' title='bbox 1621 4670 1799 4743; x_wconf 85' lang='grc' dir='ltr'>θυρῶν</span> 
     </span>
    </p>
   </div>
   <div class='ocr_carea' id='block_1_77' title="bbox 211 4747 1800 4828">
    <p class='ocr_par' dir='ltr' id='par_1_77' title="bbox 211 4747 1800 4828">
     <span class='ocr_line' id='line_1_77' title="bbox 211 4747 1800 4828; baseline 0.009 -30"><span class='ocrx_word' id='word_1_608' title='bbox 211 4747 637 4819; x_wconf 69' lang='grc' dir='ltr'>προσδεόμενον,</span> <span class='ocrx_word' id='word_1_609' title='bbox 674 4750 939 4820; x_wconf 75' lang='grc' dir='ltr'>ἐνισχύειν</span> <span class='ocrx_word' id='word_1_610' title='bbox 963 4770 1020 4805; x_wconf 88' lang='grc' dir='ltr'><strong>τε</strong></span> <span class='ocrx_word' id='word_1_611' title='bbox 1043 4754 1168 4816; x_wconf 82' lang='grc' dir='ltr'>τοὺς</span> <span class='ocrx_word' id='word_1_612' title='bbox 1195 4754 1441 4824; x_wconf 81' lang='grc' dir='ltr'>μαθητάς</span> <span class='ocrx_word' id='word_1_613' title='bbox 1463 4760 1528 4828; x_wconf 79' lang='grc' dir='ltr'>τῇ</span> <span class='ocrx_word' id='word_1_614' title='bbox 1564 4776 1800 4828; x_wconf 77' lang='grc' dir='ltr'>προσφυ-</span> 
     </span>
    </p>
   </div>
   <div class='ocr_carea' id='block_1_78' title="bbox 214 4841 1800 4922">
    <p class='ocr_par' dir='ltr' id='par_1_78' title="bbox 214 4841 1800 4922">
     <span class='ocr_line' id='line_1_78' title="bbox 214 4841 1800 4922; baseline 0.009 -30"><span class='ocrx_word' id='word_1_615' title='bbox 214 4844 376 4909; x_wconf 76' lang='grc' dir='ltr'>σήσει</span> <span class='ocrx_word' id='word_1_616' title='bbox 405 4841 501 4893; x_wconf 80' lang='grc' dir='ltr'>τοῦ</span> <span class='ocrx_word' id='word_1_617' title='bbox 527 4842 844 4912; x_wconf 74' lang='grc' dir='ltr'>Πνεὺματος</span> <span class='ocrx_word' id='word_1_618' title='bbox 864 4887 877 4906; x_wconf 90' lang='grc'><strong>,</strong></span> <span class='ocrx_word' id='word_1_619' title='bbox 912 4845 1337 4914; x_wconf 84' lang='grc' dir='ltr'>ὲπαγγέλλεσθαί</span> <span class='ocrx_word' id='word_1_620' title='bbox 1369 4866 1429 4900; x_wconf 84' lang='grc' dir='ltr'><strong>τε</strong></span> <span class='ocrx_word' id='word_1_621' title='bbox 1459 4851 1550 4902; x_wconf 75' lang='grc' dir='ltr'>καὶ</span> <span class='ocrx_word' id='word_1_622' title='bbox 1584 4851 1643 4903; x_wconf 87' lang='grc' dir='ltr'><strong>τὸ</strong></span> <span class='ocrx_word' id='word_1_623' title='bbox 1681 4856 1800 4922; x_wconf 87' lang='grc' dir='ltr'>μετ’</span> 
     </span>
    </p>
   </div>
   <div class='ocr_carea' id='block_1_79' title="bbox 210 4927 1799 5014">
    <p class='ocr_par' dir='ltr' id='par_1_79' title="bbox 210 4927 1799 5014">
     <span class='ocr_line' id='line_1_79' title="bbox 210 4927 1799 5014; baseline 0.008 -30"><span class='ocrx_word' id='word_1_624' title='bbox 210 4931 397 4985; x_wconf 65' lang='grc' dir='ltr'>αὐτῶν</span> <span class='ocrx_word' id='word_1_625' title='bbox 423 4927 590 4993; x_wconf 79' lang='grc' dir='ltr'>εἶναι,</span> <span class='ocrx_word' id='word_1_626' title='bbox 620 4934 713 4985; x_wconf 68' lang='grc' dir='ltr'><strong>καὶ</strong></span> <span class='ocrx_word' id='word_1_627' title='bbox 741 4934 929 5004; x_wconf 78' lang='grc' dir='ltr'>μηδενὶ</span> <span class='ocrx_word' id='word_1_628' title='bbox 960 4936 1110 5007; x_wconf 86' lang='grc' dir='ltr'>μέσῳ</span> <span class='ocrx_word' id='word_1_629' title='bbox 1129 4938 1569 5009; x_wconf 79' lang='grc' dir='ltr'>διατειχίζεσθαι,</span> <span class='ocrx_word' id='word_1_630' title='bbox 1600 4943 1693 4995; x_wconf 72' lang='grc' dir='ltr'><strong>καὶ</strong></span> <span class='ocrx_word' id='word_1_631' title='bbox 1721 4944 1799 5014; x_wconf 82' lang='grc' dir='ltr'>τῷ</span> 
     </span>
    </p>
   </div>
   <div class='ocr_carea' id='block_1_80' title="bbox 216 5025 1799 5103">
    <p class='ocr_par' dir='ltr' id='par_1_80' title="bbox 216 5025 1799 5103">
     <span class='ocr_line' id='line_1_80' title="bbox 216 5025 1799 5103; baseline 0.007 -26"><span class='ocrx_word' id='word_1_632' title='bbox 216 5026 315 5077; x_wconf 75' lang='grc' dir='ltr'>υὲν</span> <span class='ocrx_word' id='word_1_633' title='bbox 348 5025 663 5095; x_wconf 78' lang='grc' dir='ltr'>φαινομένῳ</span> <span class='ocrx_word' id='word_1_634' title='bbox 694 5026 830 5095; x_wconf 82' lang='grc' dir='ltr'>πρὸς</span> <span class='ocrx_word' id='word_1_635' title='bbox 852 5027 942 5079; x_wconf 80' lang='grc' dir='ltr'><strong>τὸν</strong></span> <span class='ocrx_word' id='word_1_636' title='bbox 972 5028 1199 5100; x_wconf 82' lang='grc' dir='ltr'>οὐρανὸν</span> <span class='ocrx_word' id='word_1_637' title='bbox 1227 5031 1452 5098; x_wconf 88' lang='grc' dir='ltr'>ἀνιέναι,</span> <span class='ocrx_word' id='word_1_638' title='bbox 1474 5032 1551 5103; x_wconf 83' lang='grc' dir='ltr'>τῷ</span> <span class='ocrx_word' id='word_1_639' title='bbox 1571 5034 1625 5086; x_wconf 80' lang='grc' dir='ltr'>δὲ</span> <span class='ocrx_word' id='word_1_640' title='bbox 1650 5052 1799 5088; x_wconf 89' lang='grc' dir='ltr'>νοου-</span> 
     </span>
    </p>
   </div>
   <div class='ocr_carea' id='block_1_81' title="bbox 211 5114 1798 5199">
    <p class='ocr_par' dir='ltr' id='par_1_81' title="bbox 211 5114 1798 5199">
     <span class='ocr_line' id='line_1_81' title="bbox 211 5114 1798 5199; baseline 0.008 -31"><span class='ocrx_word' id='word_1_641' title='bbox 211 5116 367 5185; x_wconf 80' lang='grc' dir='ltr'>μένῳ</span> <span class='ocrx_word' id='word_1_642' title='bbox 419 5117 672 5188; x_wconf 84' lang='grc' dir='ltr'>πανταχῆ</span> <span class='ocrx_word' id='word_1_643' title='bbox 721 5114 880 5185; x_wconf 82' lang='grc' dir='ltr'>εἶναι,</span> <span class='ocrx_word' id='word_1_644' title='bbox 920 5120 1015 5172; x_wconf 81' lang='grc' dir='ltr'>καὶ</span> <span class='ocrx_word' id='word_1_645' title='bbox 1061 5122 1161 5174; x_wconf 85' lang='grc' dir='ltr'><strong>ὅσα</strong></span> <span class='ocrx_word' id='word_1_646' title='bbox 1204 5122 1427 5176; x_wconf 81' lang='grc' dir='ltr'>τοιαῦτα</span> <span class='ocrx_word' id='word_1_647' title='bbox 1477 5126 1716 5197; x_wconf 86' lang='grc' dir='ltr'>περιέχει</span> <span class='ocrx_word' id='word_1_648' title='bbox 1766 5129 1798 5199; x_wconf 80' lang='grc' dir='ltr'>ἡ</span> 
     </span>
    </p>
   </div>
   <div class='ocr_carea' id='block_1_82' title="bbox 208 5205 1801 5287">
    <p class='ocr_par' dir='ltr' id='par_1_82' title="bbox 208 5205 1801 5287">
     <span class='ocr_line' id='line_1_82' title="bbox 208 5205 1801 5287; baseline 0.008 -30"><span class='ocrx_word' id='word_1_649' title='bbox 208 5205 450 5275; x_wconf 74' lang='grc' dir='ltr'>ἱστορία,</span> <span class='ocrx_word' id='word_1_650' title='bbox 472 5206 626 5258; x_wconf 80' lang='grc' dir='ltr'>οὐδὲν</span> <span class='ocrx_word' id='word_1_651' title='bbox 651 5207 749 5277; x_wconf 82' lang='grc' dir='ltr'>τῆς</span> <span class='ocrx_word' id='word_1_652' title='bbox 778 5209 842 5260; x_wconf 82' lang='grc' dir='ltr'><strong>ἐκ</strong></span> <span class='ocrx_word' id='word_1_653' title='bbox 866 5208 971 5261; x_wconf 85' lang='grc' dir='ltr'><strong>τῶν</strong></span> <span class='ocrx_word' id='word_1_654' title='bbox 997 5210 1272 5281; x_wconf 82' lang='grc' dir='ltr'>λογισμῶν</span> <span class='ocrx_word' id='word_1_655' title='bbox 1300 5216 1611 5285; x_wconf 87' lang='grc' dir='ltr'>συμμαχίας</span> <span class='ocrx_word' id='word_1_656' title='bbox 1634 5234 1801 5287; x_wconf 86' lang='grc' dir='ltr'>προσ-</span> 
     </span>
    </p>
   </div>
   <div class='ocr_carea' id='block_1_83' title="bbox 207 5295 1802 5375">
    <p class='ocr_par' dir='ltr' id='par_1_83' title="bbox 207 5295 1802 5375">
     <span class='ocr_line' id='line_1_83' title="bbox 207 5295 1802 5375; baseline 0.004 -23"><span class='ocrx_word' id='word_1_657' title='bbox 207 5300 395 5355; x_wconf 79' lang='grc' dir='ltr'>δέεται</span> <span class='ocrx_word' id='word_1_658' title='bbox 440 5298 577 5369; x_wconf 80' lang='grc' dir='ltr'>πρὸς</span> <span class='ocrx_word' id='word_1_659' title='bbox 625 5298 687 5351; x_wconf 84' lang='grc' dir='ltr'><strong>τὸ</strong></span> <span class='ocrx_word' id='word_1_660' title='bbox 728 5298 847 5352; x_wconf 85' lang='grc' dir='ltr'>θεῖά</span> <span class='ocrx_word' id='word_1_661' title='bbox 890 5317 949 5352; x_wconf 87' lang='grc' dir='ltr'><strong>τε</strong></span> <span class='ocrx_word' id='word_1_662' title='bbox 997 5295 1169 5367; x_wconf 73' lang='grc' dir='ltr'>εἶναι,</span> <span class='ocrx_word' id='word_1_663' title='bbox 1211 5303 1435 5374; x_wconf 78' lang='grc' dir='ltr'>καὶτῆς</span> <span class='ocrx_word' id='word_1_664' title='bbox 1468 5304 1675 5375; x_wconf 80' lang='grc' dir='ltr'>ὑψηλῆς</span> <span class='ocrx_word' id='word_1_665' title='bbox 1708 5307 1802 5359; x_wconf 76' lang='grc' dir='ltr'><strong>καὶ</strong></span> 
     </span>
    </p>
   </div>
   <div class='ocr_carea' id='block_1_84' title="bbox 211 5386 1803 5465">
    <p class='ocr_par' dir='ltr' id='par_1_84' title="bbox 211 5386 1803 5465">
     <span class='ocr_line' id='line_1_84' title="bbox 211 5386 1803 5465; baseline 0.004 -22"><span class='ocrx_word' id='word_1_666' title='bbox 211 5392 596 5462; x_wconf 56' lang='grc' dir='ltr'>ὑπρεχοὺσης</span> <span class='ocrx_word' id='word_1_667' title='bbox 637 5390 955 5461; x_wconf 75' lang='grc' dir='ltr'><strong>δυνάμεως⁸</strong></span> <span class='ocrx_word' id='word_1_668' title='bbox 1004 5393 1132 5463; x_wconf 77' lang='grc' dir='ltr'>περὶ</span> <span class='ocrx_word' id='word_1_669' title='bbox 1174 5386 1248 5448; x_wconf 84' lang='grc' dir='ltr'>ὧν</span> <span class='ocrx_word' id='word_1_670' title='bbox 1288 5394 1440 5447; x_wconf 76' lang='grc' dir='ltr'>οὐδὲν</span> <span class='ocrx_word' id='word_1_671' title='bbox 1488 5390 1640 5465; x_wconf 80' lang='grc' dir='ltr'>οἶμαι</span> <span class='ocrx_word' id='word_1_672' title='bbox 1695 5397 1803 5449; x_wconf 85' lang='grc' dir='ltr'>δεῖν</span> 
     </span>
    </p>
   </div>
   <div class='ocr_carea' id='block_1_85' title="bbox 212 5481 1802 5559">
    <p class='ocr_par' dir='ltr' id='par_1_85' title="bbox 212 5481 1802 5559">
     <span class='ocr_line' id='line_1_85' title="bbox 212 5481 1802 5559; baseline 0.003 -24"><span class='ocrx_word' id='word_1_673' title='bbox 212 5482 339 5535; x_wconf 71' lang='grc' dir='ltr'>καθ’</span> <span class='ocrx_word' id='word_1_674' title='bbox 379 5484 613 5536; x_wconf 73' lang='grc' dir='ltr'>ἕκαστον</span> <span class='ocrx_word' id='word_1_675' title='bbox 645 5481 920 5548; x_wconf 82' lang='grc' dir='ltr'>διεξιέναι,</span> <span class='ocrx_word' id='word_1_676' title='bbox 960 5484 1183 5537; x_wconf 84' lang='grc' dir='ltr'>αὐτόθεν</span> <span class='ocrx_word' id='word_1_677' title='bbox 1226 5484 1318 5537; x_wconf 75' lang='grc' dir='ltr'><strong>τοῦ</strong></span> <span class='ocrx_word' id='word_1_678' title='bbox 1362 5485 1519 5554; x_wconf 84' lang='grc' dir='ltr'>λόγου</span> <span class='ocrx_word' id='word_1_679' title='bbox 1554 5487 1614 5539; x_wconf 84' lang='grc' dir='ltr'>τὸ</span> <span class='ocrx_word' id='word_1_680' title='bbox 1662 5488 1802 5559; x_wconf 84' lang='grc' dir='ltr'>ὑπὲρ</span> 
     </span>
    </p>
   </div>
   <div class='ocr_carea' id='block_1_86' title="bbox 208 5574 1801 5647">
    <p class='ocr_par' dir='ltr' id='par_1_86' title="bbox 208 5574 1801 5647">
     <span class='ocr_line' id='line_1_86' title="bbox 208 5574 1801 5647; baseline 0.003 -20"><span class='ocrx_word' id='word_1_681' title='bbox 208 5576 312 5644; x_wconf 73' lang='grc' dir='ltr'>τὴν</span> <span class='ocrx_word' id='word_1_682' title='bbox 359 5574 523 5643; x_wconf 71' lang='grc' dir='ltr'>φύσιν</span> <span class='ocrx_word' id='word_1_683' title='bbox 571 5574 941 5643; x_wconf 77' lang='grc' dir='ltr'>ἐκφαίνοντος.</span> <span class='ocrx_word' id='word_1_684' title='bbox 989 5574 1131 5627; x_wconf 84' lang='grc' dir='ltr'>Ἀλλ’</span> <span class='ocrx_word' id='word_1_685' title='bbox 1161 5575 1347 5645; x_wconf 77' lang='grc' dir='ltr'>ἐπειδὴ</span> <span class='ocrx_word' id='word_1_686' title='bbox 1397 5577 1560 5647; x_wconf 84' lang='grc' dir='ltr'>μέρος</span> <span class='ocrx_word' id='word_1_687' title='bbox 1608 5596 1658 5632; x_wconf 87' lang='grc' dir='ltr'><strong>τι</strong></span> <span class='ocrx_word' id='word_1_688' title='bbox 1692 5580 1801 5632; x_wconf 85' lang='grc' dir='ltr'><strong>τῶν</strong></span> 
     </span>
    </p>
   </div>
   <div class='ocr_carea' id='block_1_87' title="bbox 212 5665 1791 5739">
    <p class='ocr_par' dir='ltr' id='par_1_87' title="bbox 212 5665 1791 5739">
     <span class='ocr_line' id='line_1_87' title="bbox 212 5665 1791 5739; baseline 0.003 -21"><span class='ocrx_word' id='word_1_689' title='bbox 212 5666 501 5734; x_wconf 79' lang='grc' dir='ltr'>μυστικῶν</span> <span class='ocrx_word' id='word_1_690' title='bbox 524 5665 870 5737; x_wconf 85' lang='grc' dir='ltr'>διδαγμάτων</span> <span class='ocrx_word' id='word_1_691' title='bbox 884 5667 1023 5737; x_wconf 77' lang='grc' dir='ltr'>καὶὴ</span> <span class='ocrx_word' id='word_1_692' title='bbox 1055 5667 1181 5737; x_wconf 79' lang='grc' dir='ltr'>περὶ</span> <span class='ocrx_word' id='word_1_693' title='bbox 1210 5667 1273 5719; x_wconf 85' lang='grc' dir='ltr'><strong>τὸ</strong></span> <span class='ocrx_word' id='word_1_694' title='bbox 1298 5667 1521 5739; x_wconf 83' lang='grc' dir='ltr'>λουτρόν</span> <span class='ocrx_word' id='word_1_695' title='bbox 1546 5671 1694 5723; x_wconf 71' lang='grc' dir='ltr'>ἐστιν</span> <span class='ocrx_word' id='word_1_696' title='bbox 1720 5674 1791 5724; x_wconf 82' lang='lat' dir='ltr'><strong>oi-</strong></span> 
     </span>
    </p>
   </div>
   <div class='ocr_carea' id='block_1_88' title="bbox 288 5843 1393 5917">
    <p class='ocr_par' dir='ltr' id='par_1_88' title="bbox 288 5843 1393 5917">
     <span class='ocr_line' id='line_1_88' title="bbox 288 5843 1393 5917; baseline 0 -18"><span class='ocrx_word' id='word_1_697' title='bbox 288 5844 312 5876; x_wconf 84' lang='lat'><strong>’</strong></span> <span class='ocrx_word' id='word_1_698' title='bbox 342 5844 548 5915; x_wconf 84' lang='lat' dir='ltr'><strong>Ephcs.</strong></span> <span class='ocrx_word' id='word_1_699' title='bbox 589 5862 669 5912; x_wconf 83' lang='grc' dir='ltr'>ιιι,</span> <span class='ocrx_word' id='word_1_700' title='bbox 707 5848 763 5901; x_wconf 84' lang='grc'><strong>8.</strong></span> <span class='ocrx_word' id='word_1_701' title='bbox 861 5845 902 5875; x_wconf 86' lang='grc'><strong>¹⁶</strong></span> <span class='ocrx_word' id='word_1_702' title='bbox 936 5843 1168 5917; x_wconf 86' lang='lat' dir='ltr'><strong>Philipp.</strong></span> <span class='ocrx_word' id='word_1_703' title='bbox 1215 5862 1271 5913; x_wconf 90' lang='grc' dir='ltr'><strong>ιι,</strong></span> <span class='ocrx_word' id='word_1_704' title='bbox 1309 5845 1393 5899; x_wconf 82' lang='grc'><strong>10.</strong></span> 
     </span>
    </p>
   </div>
   <div class='ocr_carea' id='block_1_89' title="bbox 1898 3373 3468 3445">
    <p class='ocr_par' dir='ltr' id='par_1_89' title="bbox 1898 3373 3468 3445">
     <span class='ocr_line' id='line_1_89' title="bbox 1898 3373 3468 3445; baseline 0 -16"><span class='ocrx_word' id='word_1_705' title='bbox 1898 3391 2019 3430; x_wconf 89' lang='lat' dir='ltr'><strong>nem</strong></span> <span class='ocrx_word' id='word_1_706' title='bbox 2050 3390 2178 3429; x_wconf 89' lang='lat' dir='ltr'><strong>vero</strong></span> <span class='ocrx_word' id='word_1_707' title='bbox 2208 3382 2261 3430; x_wconf 84' lang='lat' dir='ltr'><strong>et</strong></span> <span class='ocrx_word' id='word_1_708' title='bbox 2312 3373 2723 3445; x_wconf 83' lang='lat' dir='ltr'><strong>longitudinem,</strong></span> <span class='ocrx_word' id='word_1_709' title='bbox 2752 3390 2872 3445; x_wconf 66' lang='lat' dir='ltr'><strong>qua:</strong></span> <span class='ocrx_word' id='word_1_710' title='bbox 2902 3384 3028 3429; x_wconf 90' lang='lat' dir='ltr'><strong>sunt</strong></span> <span class='ocrx_word' id='word_1_711' title='bbox 3062 3391 3159 3445; x_wconf 87' lang='lat' dir='ltr'><strong>per</strong></span> <span class='ocrx_word' id='word_1_712' title='bbox 3193 3384 3468 3431; x_wconf 90' lang='lat' dir='ltr'><strong>transver-</strong></span> 
     </span>
    </p>
   </div>
   <div class='ocr_carea' id='block_1_90' title="bbox 1897 3466 3470 3524">
    <p class='ocr_par' dir='ltr' id='par_1_90' title="bbox 1897 3466 3470 3524">
     <span class='ocr_line' id='line_1_90' title="bbox 1897 3466 3470 3524; baseline 0.003 -4"><span class='ocrx_word' id='word_1_713' title='bbox 1897 3482 2016 3520; x_wconf 89' lang='lat' dir='ltr'><strong>sum</strong></span> <span class='ocrx_word' id='word_1_714' title='bbox 2044 3467 2410 3521; x_wconf 79' lang='lat' dir='ltr'><strong>extensiones.</strong></span> <span class='ocrx_word' id='word_1_715' title='bbox 2444 3466 2583 3519; x_wconf 83' lang='lat' dir='ltr'><strong>Alibi</strong></span> <span class='ocrx_word' id='word_1_716' title='bbox 2612 3475 2792 3520; x_wconf 90' lang='lat' dir='ltr'><strong>autem</strong></span> <span class='ocrx_word' id='word_1_717' title='bbox 2824 3466 2968 3519; x_wconf 90' lang='lat' dir='ltr'><strong>hunc</strong></span> <span class='ocrx_word' id='word_1_718' title='bbox 2996 3483 3217 3523; x_wconf 90' lang='lat' dir='ltr'><strong>sensum</strong></span> <span class='ocrx_word' id='word_1_719' title='bbox 3264 3468 3470 3524; x_wconf 91' lang='lat' dir='ltr'><strong>clarius</strong></span> 
     </span>
    </p>
   </div>
   <div class='ocr_carea' id='block_1_91' title="bbox 1896 3546 3466 3629">
    <p class='ocr_par' dir='ltr' id='par_1_91' title="bbox 1896 3546 3466 3629">
     <span class='ocr_line' id='line_1_91' title="bbox 1896 3546 3466 3629; baseline 0.002 -17"><span class='ocrx_word' id='word_1_720' title='bbox 1896 3558 2152 3627; x_wconf 81' lang='lat' dir='ltr'><strong>explicat,</strong></span> <span class='ocrx_word' id='word_1_721' title='bbox 2188 3566 2246 3611; x_wconf 91' lang='lat' dir='ltr'><strong>ut</strong></span> <span class='ocrx_word' id='word_1_722' title='bbox 2286 3559 2540 3620; x_wconf 86' lang='lat' dir='ltr'><strong>arbitror,</strong></span> <span class='ocrx_word' id='word_1_723' title='bbox 2579 3558 2644 3612; x_wconf 88' lang='lat' dir='ltr'><strong>ad</strong></span> <span class='ocrx_word' id='word_1_724' title='bbox 2676 3546 3074 3629; x_wconf 81' lang='lat' dir='ltr'><strong>Philippenses,</strong></span> <span class='ocrx_word' id='word_1_725' title='bbox 3124 3575 3248 3614; x_wconf 90' lang='lat' dir='ltr'><strong>cum</strong></span> <span class='ocrx_word' id='word_1_726' title='bbox 3295 3560 3466 3615; x_wconf 89' lang='lat' dir='ltr'><strong>dicit:</strong></span> 
     </span>
    </p>
   </div>
   <div class='ocr_carea' id='block_1_92' title="bbox 1898 3648 3471 3719">
    <p class='ocr_par' dir='ltr' id='par_1_92' title="bbox 1898 3648 3471 3719">
     <span class='ocr_line' id='line_1_92' title="bbox 1898 3648 3471 3719; baseline 0.002 -17"><span class='ocrx_word' id='word_1_727' title='bbox 1898 3648 1965 3702; x_wconf 87' lang='lat' dir='ltr'><strong>In</strong></span> <span class='ocrx_word' id='word_1_728' title='bbox 1998 3648 2354 3703; x_wconf 69' lang='lat' dir='ltr'><strong>nomine’Jesu</strong></span> <span class='ocrx_word' id='word_1_729' title='bbox 2394 3649 2593 3703; x_wconf 79' lang='lat' dir='ltr'><strong>Christi</strong></span> <span class='ocrx_word' id='word_1_730' title='bbox 2641 3666 2792 3703; x_wconf 83' lang='lat' dir='ltr'><strong>omne</strong></span> <span class='ocrx_word' id='word_1_731' title='bbox 2818 3666 2949 3719; x_wconf 88' lang='lat' dir='ltr'><strong>genu</strong></span> <span class='ocrx_word' id='word_1_732' title='bbox 2995 3651 3261 3717; x_wconf 75' lang='lat' dir='ltr'><strong>ﬂectatur,</strong></span> <span class='ocrx_word' id='word_1_733' title='bbox 3317 3650 3471 3705; x_wconf 73' lang='lat' dir='ltr'><strong>caele-</strong></span> 
     </span>
    </p>
   </div>
   <div class='ocr_carea' id='block_1_93' title="bbox 1896 3739 3473 3808">
    <p class='ocr_par' dir='ltr' id='par_1_93' title="bbox 1896 3739 3473 3808">
     <span class='ocr_line' id='line_1_93' title="bbox 1896 3739 3473 3808; baseline 0.002 -15"><span class='ocrx_word' id='word_1_734' title='bbox 1896 3741 2080 3805; x_wconf 78' lang='lat' dir='ltr'><strong>stium,</strong></span> <span class='ocrx_word' id='word_1_735' title='bbox 2119 3741 2447 3794; x_wconf 79' lang='lat' dir='ltr'><strong>terrestrium</strong></span> <span class='ocrx_word' id='word_1_736' title='bbox 2479 3749 2527 3794; x_wconf 87' lang='lat' dir='ltr'><strong>et</strong></span> <span class='ocrx_word' id='word_1_737' title='bbox 2562 3740 2849 3808; x_wconf 80' lang='lat' dir='ltr'><strong>inferorum</strong></span> <span class='ocrx_word' id='word_1_738' title='bbox 2871 3741 2936 3795; x_wconf 83' lang='grc'><strong>¹⁰.</strong></span> <span class='ocrx_word' id='word_1_739' title='bbox 2979 3739 3091 3795; x_wconf 91' lang='lat' dir='ltr'><strong>Hoc</strong></span> <span class='ocrx_word' id='word_1_740' title='bbox 3119 3740 3175 3795; x_wconf 85' lang='lat' dir='ltr'><strong>in</strong></span> <span class='ocrx_word' id='word_1_741' title='bbox 3220 3740 3339 3795; x_wconf 93' lang='lat' dir='ltr'><strong>loco</strong></span> <span class='ocrx_word' id='word_1_742' title='bbox 3359 3757 3473 3796; x_wconf 84' lang='lat' dir='ltr'><strong>me-</strong></span> 
     </span>
    </p>
   </div>
   <div class='ocr_carea' id='block_1_94' title="bbox 1897 3831 3472 3902">
    <p class='ocr_par' dir='ltr' id='par_1_94' title="bbox 1897 3831 3472 3902">
     <span class='ocr_line' id='line_1_94' title="bbox 1897 3831 3472 3902; baseline 0.002 -18"><span class='ocrx_word' id='word_1_743' title='bbox 1897 3831 2041 3885; x_wconf 89' lang='lat' dir='ltr'><strong>diam</strong></span> <span class='ocrx_word' id='word_1_744' title='bbox 2072 3832 2484 3902; x_wconf 87' lang='lat' dir='ltr'><strong>prominentiam</strong></span> <span class='ocrx_word' id='word_1_745' title='bbox 2515 3842 2569 3886; x_wconf 90' lang='lat' dir='ltr'><strong>et</strong></span> <span class='ocrx_word' id='word_1_746' title='bbox 2600 3832 2745 3887; x_wconf 88' lang='lat' dir='ltr'><strong>velut</strong></span> <span class='ocrx_word' id='word_1_747' title='bbox 2768 3839 3078 3887; x_wconf 88' lang='lat' dir='ltr'><strong>antemnam</strong></span> <span class='ocrx_word' id='word_1_748' title='bbox 3115 3832 3279 3887; x_wconf 87' lang='lat' dir='ltr'><strong>unico</strong></span> <span class='ocrx_word' id='word_1_749' title='bbox 3304 3834 3472 3888; x_wconf 83' lang='lat' dir='ltr'><strong>nomi-</strong></span> 
     </span>
    </p>
   </div>
   <div class='ocr_carea' id='block_1_95' title="bbox 1898 3925 3471 3996">
    <p class='ocr_par' dir='ltr' id='par_1_95' title="bbox 1898 3925 3471 3996">
     <span class='ocr_line' id='line_1_95' title="bbox 1898 3925 3471 3996; baseline 0 -17"><span class='ocrx_word' id='word_1_750' title='bbox 1898 3942 1967 3979; x_wconf 89' lang='lat' dir='ltr'><strong>ne</strong></span> <span class='ocrx_word' id='word_1_751' title='bbox 1999 3925 2429 3996; x_wconf 87' lang='lat' dir='ltr'><strong>comprehendit,</strong></span> <span class='ocrx_word' id='word_1_752' title='bbox 2462 3934 2521 3979; x_wconf 94' lang='lat' dir='ltr'><strong>ut</strong></span> <span class='ocrx_word' id='word_1_753' title='bbox 2546 3926 2637 3995; x_wconf 87' lang='lat' dir='ltr'><strong>qui</strong></span> <span class='ocrx_word' id='word_1_754' title='bbox 2674 3925 2806 3995; x_wconf 90' lang='lat' dir='ltr'><strong>quid</strong></span> <span class='ocrx_word' id='word_1_755' title='bbox 2832 3925 2975 3980; x_wconf 87' lang='lat' dir='ltr'><strong>inter</strong></span> <span class='ocrx_word' id='word_1_756' title='bbox 3001 3925 3246 3980; x_wconf 85' lang='lat' dir='ltr'><strong>coelestia</strong></span> <span class='ocrx_word' id='word_1_757' title='bbox 3274 3932 3328 3979; x_wconf 91' lang='lat' dir='ltr'><strong>et</strong></span> <span class='ocrx_word' id='word_1_758' title='bbox 3384 3925 3471 3979; x_wconf 86' lang='lat' dir='ltr'><strong>in-</strong></span> 
     </span>
    </p>
   </div>
   <div class='ocr_carea' id='block_1_96' title="bbox 1897 4012 3466 4084">
    <p class='ocr_par' dir='ltr' id='par_1_96' title="bbox 1897 4012 3466 4084">
     <span class='ocr_line' id='line_1_96' title="bbox 1897 4012 3466 4084; baseline 0.001 -17"><span class='ocrx_word' id='word_1_759' title='bbox 1897 4015 2049 4068; x_wconf 71' lang='lat' dir='ltr'><strong>terna</strong></span> <span class='ocrx_word' id='word_1_760' title='bbox 2074 4012 2376 4080; x_wconf 84' lang='lat' dir='ltr'><strong>intercedit,</strong></span> <span class='ocrx_word' id='word_1_761' title='bbox 2406 4023 2667 4070; x_wconf 88' lang='lat' dir='ltr'><strong>terrestre</strong></span> <span class='ocrx_word' id='word_1_762' title='bbox 2692 4015 3073 4069; x_wconf 90' lang='lat' dir='ltr'><strong>nominaverit.</strong></span> <span class='ocrx_word' id='word_1_763' title='bbox 3108 4013 3221 4070; x_wconf 85' lang='lat' dir='ltr'><strong>Hoc</strong></span> <span class='ocrx_word' id='word_1_764' title='bbox 3248 4014 3466 4084; x_wconf 87' lang='lat' dir='ltr'><strong>quidem</strong></span> 
     </span>
    </p>
   </div>
   <div class='ocr_carea' id='block_1_97' title="bbox 1898 4104 3471 4176">
    <p class='ocr_par' dir='ltr' id='par_1_97' title="bbox 1898 4104 3471 4176">
     <span class='ocr_line' id='line_1_97' title="bbox 1898 4104 3471 4176; baseline 0.001 -17"><span class='ocrx_word' id='word_1_765' title='bbox 1898 4105 2189 4160; x_wconf 86' lang='lat' dir='ltr'><strong>didicimus</strong></span> <span class='ocrx_word' id='word_1_766' title='bbox 2217 4105 2284 4160; x_wconf 85' lang='lat' dir='ltr'><strong>de</strong></span> <span class='ocrx_word' id='word_1_767' title='bbox 2315 4107 2572 4176; x_wconf 85' lang='lat' dir='ltr'><strong>mysterio</strong></span> <span class='ocrx_word' id='word_1_768' title='bbox 2604 4106 2805 4160; x_wconf 90' lang='lat' dir='ltr'><strong>crucis.</strong></span> <span class='ocrx_word' id='word_1_769' title='bbox 2841 4107 2970 4171; x_wconf 75' lang='lat' dir='ltr'><strong>Quae</strong></span> <span class='ocrx_word' id='word_1_770' title='bbox 2999 4113 3177 4158; x_wconf 91' lang='lat' dir='ltr'><strong>autem</strong></span> <span class='ocrx_word' id='word_1_771' title='bbox 3212 4104 3471 4173; x_wconf 86' lang='lat' dir='ltr'><strong>deinceps</strong></span> 
     </span>
    </p>
   </div>
   <div class='ocr_carea' id='block_1_98' title="bbox 1901 4197 3469 4269">
    <p class='ocr_par' dir='ltr' id='par_1_98' title="bbox 1901 4197 3469 4269">
     <span class='ocr_line' id='line_1_98' title="bbox 1901 4197 3469 4269; baseline -0.003 -16"><span class='ocrx_word' id='word_1_772' title='bbox 1901 4210 2223 4269; x_wconf 88' lang='lat' dir='ltr'><strong>sequuntur,</strong></span> <span class='ocrx_word' id='word_1_773' title='bbox 2257 4213 2320 4252; x_wconf 87' lang='lat' dir='ltr'><strong>ea</strong></span> <span class='ocrx_word' id='word_1_774' title='bbox 2357 4198 2579 4253; x_wconf 89' lang='lat' dir='ltr'><strong>verbum</strong></span> <span class='ocrx_word' id='word_1_775' title='bbox 2627 4199 3007 4268; x_wconf 87' lang='lat' dir='ltr'><strong>complectitur</strong></span> <span class='ocrx_word' id='word_1_776' title='bbox 3058 4197 3350 4265; x_wconf 80' lang='lat' dir='ltr'><strong>ejusmodi,</strong></span> <span class='ocrx_word' id='word_1_777' title='bbox 3410 4208 3469 4249; x_wconf 94' lang='lat' dir='ltr'><strong>ut</strong></span> 
     </span>
    </p>
   </div>
   <div class='ocr_carea' id='block_1_99' title="bbox 1902 4289 3469 4346">
    <p class='ocr_par' dir='ltr' id='par_1_99' title="bbox 1902 4289 3469 4346">
     <span class='ocr_line' id='line_1_99' title="bbox 1902 4289 3469 4346; baseline -0.001 -2"><span class='ocrx_word' id='word_1_778' title='bbox 1902 4292 2171 4346; x_wconf 84' lang='lat' dir='ltr'><strong>fateantur</strong></span> <span class='ocrx_word' id='word_1_779' title='bbox 2195 4294 2358 4346; x_wconf 87' lang='lat' dir='ltr'><strong>etiam</strong></span> <span class='ocrx_word' id='word_1_780' title='bbox 2391 4292 2653 4346; x_wconf 81' lang='lat' dir='ltr'><strong>increduli</strong></span> <span class='ocrx_word' id='word_1_781' title='bbox 2678 4292 2814 4344; x_wconf 89' lang='lat' dir='ltr'><strong>nihil</strong></span> <span class='ocrx_word' id='word_1_782' title='bbox 2845 4306 2966 4346; x_wconf 85' lang='lat' dir='ltr'><strong>esse</strong></span> <span class='ocrx_word' id='word_1_783' title='bbox 3012 4291 3249 4344; x_wconf 91' lang='lat' dir='ltr'><strong>alienum</strong></span> <span class='ocrx_word' id='word_1_784' title='bbox 3280 4289 3349 4342; x_wconf 91' lang='lat' dir='ltr'><strong>ab</strong></span> <span class='ocrx_word' id='word_1_785' title='bbox 3407 4308 3469 4343; x_wconf 82' lang='lat' dir='ltr'><strong>ea</strong></span> 
     </span>
    </p>
   </div>
   <div class='ocr_carea' id='block_1_100' title="bbox 1901 4380 3474 4454">
    <p class='ocr_par' dir='ltr' id='par_1_100' title="bbox 1901 4380 3474 4454">
     <span class='ocr_line' id='line_1_100' title="bbox 1901 4380 3474 4454; baseline -0.001 -17"><span class='ocrx_word' id='word_1_786' title='bbox 1901 4400 2020 4454; x_wconf 70' lang='lat' dir='ltr'><strong>quae</strong></span> <span class='ocrx_word' id='word_1_787' title='bbox 2053 4383 2220 4439; x_wconf 87' lang='lat' dir='ltr'><strong>Deum</strong></span> <span class='ocrx_word' id='word_1_788' title='bbox 2244 4383 2398 4438; x_wconf 87' lang='lat' dir='ltr'><strong>decet</strong></span> <span class='ocrx_word' id='word_1_789' title='bbox 2424 4383 2843 4438; x_wconf 80' lang='lat' dir='ltr'><strong>existimatione.</strong></span> <span class='ocrx_word' id='word_1_790' title='bbox 2880 4380 3013 4434; x_wconf 88' lang='lat' dir='ltr'><strong>Nam</strong></span> <span class='ocrx_word' id='word_1_791' title='bbox 3045 4385 3186 4451; x_wconf 85' lang='lat' dir='ltr'><strong>quod</strong></span> <span class='ocrx_word' id='word_1_792' title='bbox 3216 4383 3267 4435; x_wconf 87' lang='lat' dir='ltr'><strong>in</strong></span> <span class='ocrx_word' id='word_1_793' title='bbox 3301 4391 3474 4436; x_wconf 85' lang='lat' dir='ltr'><strong>morte</strong></span> 
     </span>
    </p>
   </div>
   <div class='ocr_carea' id='block_1_101' title="bbox 1901 4471 3473 4544">
    <p class='ocr_par' dir='ltr' id='par_1_101' title="bbox 1901 4471 3473 4544">
     <span class='ocr_line' id='line_1_101' title="bbox 1901 4471 3473 4544; baseline -0.004 -15"><span class='ocrx_word' id='word_1_794' title='bbox 1901 4491 2010 4529; x_wconf 91' lang='lat' dir='ltr'><strong>non</strong></span> <span class='ocrx_word' id='word_1_795' title='bbox 2043 4476 2326 4540; x_wconf 89' lang='lat' dir='ltr'><strong>manserit,</strong></span> <span class='ocrx_word' id='word_1_796' title='bbox 2350 4484 2403 4529; x_wconf 90' lang='lat' dir='ltr'><strong>et</strong></span> <span class='ocrx_word' id='word_1_797' title='bbox 2422 4491 2543 4544; x_wconf 75' lang='lat' dir='ltr'><strong>qua:</strong></span> <span class='ocrx_word' id='word_1_798' title='bbox 2563 4474 2780 4543; x_wconf 86' lang='lat' dir='ltr'><strong>corpori</strong></span> <span class='ocrx_word' id='word_1_799' title='bbox 2815 4472 3082 4541; x_wconf 67' lang='lat' dir='ltr'><strong>impositae</strong></span> <span class='ocrx_word' id='word_1_800' title='bbox 3103 4472 3247 4526; x_wconf 79' lang='lat' dir='ltr'><strong>ferro</strong></span> <span class='ocrx_word' id='word_1_801' title='bbox 3272 4471 3473 4525; x_wconf 80' lang='lat' dir='ltr'><strong>fuerint</strong></span> 
     </span>
    </p>
   </div>
   <div class='ocr_carea' id='block_1_102' title="bbox 1905 4564 3473 4638">
    <p class='ocr_par' dir='ltr' id='par_1_102' title="bbox 1905 4564 3473 4638">
     <span class='ocr_line' id='line_1_102' title="bbox 1905 4564 3473 4638; baseline -0.003 -17"><span class='ocrx_word' id='word_1_802' title='bbox 1905 4569 2095 4638; x_wconf 62' lang='lat' dir='ltr'><strong>plaga},</strong></span> <span class='ocrx_word' id='word_1_803' title='bbox 2146 4566 2279 4621; x_wconf 90' lang='lat' dir='ltr'><strong>nihil</strong></span> <span class='ocrx_word' id='word_1_804' title='bbox 2311 4566 2684 4635; x_wconf 84' lang='lat' dir='ltr'><strong>impedimenti</strong></span> <span class='ocrx_word' id='word_1_805' title='bbox 2711 4565 3013 4623; x_wconf 87' lang='lat' dir='ltr'><strong>attulerint,</strong></span> <span class='ocrx_word' id='word_1_806' title='bbox 3055 4564 3348 4633; x_wconf 89' lang='lat' dir='ltr'><strong>quominus</strong></span> <span class='ocrx_word' id='word_1_807' title='bbox 3388 4578 3473 4616; x_wconf 77' lang='lat' dir='ltr'><strong>re~</strong></span> 
     </span>
    </p>
   </div>
   <div class='ocr_carea' id='block_1_103' title="bbox 1906 4656 3476 4731">
    <p class='ocr_par' dir='ltr' id='par_1_103' title="bbox 1906 4656 3476 4731">
     <span class='ocr_line' id='line_1_103' title="bbox 1906 4656 3476 4731; baseline -0.003 -17"><span class='ocrx_word' id='word_1_808' title='bbox 1906 4669 2171 4730; x_wconf 77' lang='lat' dir='ltr'><strong>surgeret,</strong></span> <span class='ocrx_word' id='word_1_809' title='bbox 2221 4670 2275 4715; x_wconf 91' lang='lat' dir='ltr'><strong>et</strong></span> <span class='ocrx_word' id='word_1_810' title='bbox 2326 4658 2471 4728; x_wconf 90' lang='lat' dir='ltr'><strong>quod</strong></span> <span class='ocrx_word' id='word_1_811' title='bbox 2505 4659 2673 4713; x_wconf 87' lang='lat' dir='ltr'><strong>libere</strong></span> <span class='ocrx_word' id='word_1_812' title='bbox 2718 4656 3002 4731; x_wconf 89' lang='lat' dir='ltr'><strong>discipulis</strong></span> <span class='ocrx_word' id='word_1_813' title='bbox 3054 4663 3174 4726; x_wconf 90' lang='lat' dir='ltr'><strong>post</strong></span> <span class='ocrx_word' id='word_1_814' title='bbox 3230 4671 3476 4710; x_wconf 89' lang='lat' dir='ltr'><strong>resurre-</strong></span> 
     </span>
    </p>
   </div>
   <div class='ocr_carea' id='block_1_104' title="bbox 1905 4746 3470 4817">
    <p class='ocr_par' dir='ltr' id='par_1_104' title="bbox 1905 4746 3470 4817">
     <span class='ocr_line' id='line_1_104' title="bbox 1905 4746 3470 4817; baseline -0.005 -14"><span class='ocrx_word' id='word_1_815' title='bbox 1905 4750 2140 4804; x_wconf 86' lang='lat' dir='ltr'><strong>ctionem</strong></span> <span class='ocrx_word' id='word_1_816' title='bbox 2171 4764 2293 4805; x_wconf 85' lang='lat' dir='ltr'><strong>cum</strong></span> <span class='ocrx_word' id='word_1_817' title='bbox 2325 4750 2504 4814; x_wconf 88' lang='lat' dir='ltr'><strong>vellet,</strong></span> <span class='ocrx_word' id='word_1_818' title='bbox 2529 4747 2859 4817; x_wconf 87' lang='lat' dir='ltr'><strong>apparuerit,</strong></span> <span class='ocrx_word' id='word_1_819' title='bbox 2896 4758 2947 4799; x_wconf 89' lang='lat' dir='ltr'><strong>et</strong></span> <span class='ocrx_word' id='word_1_820' title='bbox 2972 4746 3052 4800; x_wconf 88' lang='lat' dir='ltr'><strong>eis</strong></span> <span class='ocrx_word' id='word_1_821' title='bbox 3077 4747 3313 4809; x_wconf 84' lang='lat' dir='ltr'><strong>adesset,</strong></span> <span class='ocrx_word' id='word_1_822' title='bbox 3348 4761 3470 4799; x_wconf 84' lang='lat' dir='ltr'><strong>cum</strong></span> 
     </span>
    </p>
   </div>
   <div class='ocr_carea' id='block_1_105' title="bbox 1904 4837 3473 4903">
    <p class='ocr_par' dir='ltr' id='par_1_105' title="bbox 1904 4837 3473 4903">
     <span class='ocr_line' id='line_1_105' title="bbox 1904 4837 3473 4903; baseline -0.006 -9"><span class='ocrx_word' id='word_1_823' title='bbox 1904 4849 2085 4894; x_wconf 90' lang='lat' dir='ltr'><strong>tamen</strong></span> <span class='ocrx_word' id='word_1_824' title='bbox 2114 4855 2222 4893; x_wconf 89' lang='lat' dir='ltr'><strong>nou</strong></span> <span class='ocrx_word' id='word_1_825' title='bbox 2250 4840 2542 4903; x_wconf 89' lang='lat' dir='ltr'><strong>videretur,</strong></span> <span class='ocrx_word' id='word_1_826' title='bbox 2571 4846 2625 4894; x_wconf 90' lang='lat' dir='ltr'><strong>et</strong></span> <span class='ocrx_word' id='word_1_827' title='bbox 2653 4844 2799 4893; x_wconf 89' lang='lat' dir='ltr'><strong>esset</strong></span> <span class='ocrx_word' id='word_1_828' title='bbox 2825 4837 2879 4890; x_wconf 94' lang='lat' dir='ltr'><strong>in</strong></span> <span class='ocrx_word' id='word_1_829' title='bbox 2916 4837 3091 4893; x_wconf 91' lang='lat' dir='ltr'><strong>medio</strong></span> <span class='ocrx_word' id='word_1_830' title='bbox 3144 4852 3354 4900; x_wconf 88' lang='lat' dir='ltr'><strong>eorum,</strong></span> <span class='ocrx_word' id='word_1_831' title='bbox 3408 4854 3438 4890; x_wconf 86' lang='grc' dir='ltr'><strong>ιι</strong></span> <span class='ocrx_word' id='word_1_832' title='bbox 3464 4859 3473 4885; x_wconf 80' lang='lat'><strong>-,</strong></span> 
     </span>
    </p>
   </div>
   <div class='ocr_carea' id='block_1_106' title="bbox 1905 4926 3474 5000">
    <p class='ocr_par' dir='ltr' id='par_1_106' title="bbox 1905 4926 3474 5000">
     <span class='ocr_line' id='line_1_106' title="bbox 1905 4926 3474 5000; baseline -0.004 -15"><span class='ocrx_word' id='word_1_833' title='bbox 1905 4931 2155 5000; x_wconf 85' lang='lat' dir='ltr'><strong>ingressu</strong></span> <span class='ocrx_word' id='word_1_834' title='bbox 2185 4930 2403 5000; x_wconf 90' lang='lat' dir='ltr'><strong>quidem</strong></span> <span class='ocrx_word' id='word_1_835' title='bbox 2436 4945 2531 4999; x_wconf 89' lang='lat' dir='ltr'><strong>per</strong></span> <span class='ocrx_word' id='word_1_836' title='bbox 2562 4938 2751 4999; x_wconf 85' lang='lat' dir='ltr'><strong>portas</strong></span> <span class='ocrx_word' id='word_1_837' title='bbox 2782 4929 3050 4999; x_wconf 89' lang='lat' dir='ltr'><strong>indigens,</strong></span> <span class='ocrx_word' id='word_1_838' title='bbox 3083 4936 3136 4982; x_wconf 86' lang='lat' dir='ltr'><strong>et</strong></span> <span class='ocrx_word' id='word_1_839' title='bbox 3186 4926 3474 4981; x_wconf 76' lang='lat' dir='ltr'><strong>confirma-</strong></span> 
     </span>
    </p>
   </div>
   <div class='ocr_carea' id='block_1_107' title="bbox 1904 5018 3475 5094">
    <p class='ocr_par' dir='ltr' id='par_1_107' title="bbox 1904 5018 3475 5094">
     <span class='ocr_line' id='line_1_107' title="bbox 1904 5018 3475 5094; baseline -0.005 -17"><span class='ocrx_word' id='word_1_840' title='bbox 1904 5033 1989 5077; x_wconf 84' lang='lat' dir='ltr'><strong>ret</strong></span> <span class='ocrx_word' id='word_1_841' title='bbox 2027 5023 2326 5094; x_wconf 83' lang='lat' dir='ltr'><strong>discipulos</strong></span> <span class='ocrx_word' id='word_1_842' title='bbox 2375 5023 2740 5079; x_wconf 81' lang='lat' dir='ltr'><strong>insulilatione</strong></span> <span class='ocrx_word' id='word_1_843' title='bbox 2763 5020 3020 5094; x_wconf 90' lang='lat' dir='ltr'><strong>Spiritus.</strong></span> <span class='ocrx_word' id='word_1_844' title='bbox 3064 5032 3115 5075; x_wconf 88' lang='lat' dir='ltr'><strong>et</strong></span> <span class='ocrx_word' id='word_1_845' title='bbox 3151 5036 3209 5074; x_wconf 90' lang='lat' dir='ltr'><strong>se</strong></span> <span class='ocrx_word' id='word_1_846' title='bbox 3240 5033 3364 5073; x_wconf 87' lang='lat' dir='ltr'><strong>cum</strong></span> <span class='ocrx_word' id='word_1_847' title='bbox 3396 5018 3475 5070; x_wconf 79' lang='lat' dir='ltr'><strong>eis</strong></span> 
     </span>
    </p>
   </div>
   <div class='ocr_carea' id='block_1_108' title="bbox 1906 5108 3547 5193">
    <p class='ocr_par' dir='ltr' id='par_1_108' title="bbox 1906 5108 3547 5193">
     <span class='ocr_line' id='line_1_108' title="bbox 1906 5108 3547 5193; baseline -0.006 -23"><span class='ocrx_word' id='word_1_848' title='bbox 1906 5116 2149 5171; x_wconf 84' lang='lat' dir='ltr'><strong>futurum</strong></span> <span class='ocrx_word' id='word_1_849' title='bbox 2182 5133 2304 5174; x_wconf 88' lang='lat' dir='ltr'><strong>esse</strong></span> <span class='ocrx_word' id='word_1_850' title='bbox 2346 5118 2718 5188; x_wconf 91' lang='lat' dir='ltr'><strong>polliceretur,</strong></span> <span class='ocrx_word' id='word_1_851' title='bbox 2750 5127 2803 5169; x_wconf 91' lang='lat' dir='ltr'><strong>et</strong></span> <span class='ocrx_word' id='word_1_852' title='bbox 2838 5115 2987 5168; x_wconf 88' lang='lat' dir='ltr'><strong>nullo</strong></span> <span class='ocrx_word' id='word_1_853' title='bbox 3040 5112 3356 5167; x_wconf 90' lang='lat' dir='ltr'><strong>distinctum</strong></span> <span class='ocrx_word' id='word_1_854' title='bbox 3409 5108 3473 5161; x_wconf 87' lang='lat' dir='ltr'><strong>iri</strong></span> <span class='ocrx_word' id='word_1_855' title='bbox 3540 5184 3547 5193; x_wconf 25' lang='grc' dir='ltr'>λ</span> 
     </span>
    </p>
   </div>
   <div class='ocr_carea' id='block_1_109' title="bbox 1905 5199 3473 5279">
    <p class='ocr_par' dir='ltr' id='par_1_109' title="bbox 1905 5199 3473 5279">
     <span class='ocr_line' id='line_1_109' title="bbox 1905 5199 3473 5279; baseline -0.008 -15"><span class='ocrx_word' id='word_1_856' title='bbox 1905 5209 2220 5277; x_wconf 88' lang='lat' dir='ltr'><strong>intervallo,</strong></span> <span class='ocrx_word' id='word_1_857' title='bbox 2253 5217 2307 5265; x_wconf 93' lang='lat' dir='ltr'><strong>et</strong></span> <span class='ocrx_word' id='word_1_858' title='bbox 2335 5225 2399 5264; x_wconf 91' lang='lat' dir='ltr'><strong>eo</strong></span> <span class='ocrx_word' id='word_1_859' title='bbox 2430 5208 2650 5279; x_wconf 91' lang='lat' dir='ltr'><strong>quidem</strong></span> <span class='ocrx_word' id='word_1_860' title='bbox 2688 5207 2834 5276; x_wconf 89' lang='lat' dir='ltr'><strong>quod</strong></span> <span class='ocrx_word' id='word_1_861' title='bbox 2864 5203 3158 5275; x_wconf 88' lang='lat' dir='ltr'><strong>apparebat</strong></span> <span class='ocrx_word' id='word_1_862' title='bbox 3190 5202 3243 5255; x_wconf 93' lang='lat' dir='ltr'><strong>in</strong></span> <span class='ocrx_word' id='word_1_863' title='bbox 3274 5199 3473 5254; x_wconf 63' lang='lat' dir='ltr'><strong>caelum</strong></span> 
     </span>
    </p>
   </div>
   <div class='ocr_carea' id='block_1_110' title="bbox 1906 5294 3474 5368">
    <p class='ocr_par' dir='ltr' id='par_1_110' title="bbox 1906 5294 3474 5368">
     <span class='ocr_line' id='line_1_110' title="bbox 1906 5294 3474 5368; baseline -0.007 -14"><span class='ocrx_word' id='word_1_864' title='bbox 1906 5301 2243 5364; x_wconf 84' lang='lat' dir='ltr'><strong>ascenderet,</strong></span> <span class='ocrx_word' id='word_1_865' title='bbox 2284 5315 2349 5355; x_wconf 90' lang='lat' dir='ltr'><strong>eo</strong></span> <span class='ocrx_word' id='word_1_866' title='bbox 2399 5308 2577 5354; x_wconf 89' lang='lat' dir='ltr'><strong>autem</strong></span> <span class='ocrx_word' id='word_1_867' title='bbox 2636 5298 2783 5368; x_wconf 90' lang='lat' dir='ltr'><strong>quod</strong></span> <span class='ocrx_word' id='word_1_868' title='bbox 2838 5294 3243 5363; x_wconf 85' lang='lat' dir='ltr'><strong>intelligebatur</strong></span> <span class='ocrx_word' id='word_1_869' title='bbox 3327 5299 3474 5345; x_wconf 88' lang='lat' dir='ltr'><strong>esset</strong></span> 
     </span>
    </p>
   </div>
   <div class='ocr_carea' id='block_1_111' title="bbox 1906 5382 3471 5463">
    <p class='ocr_par' dir='ltr' id='par_1_111' title="bbox 1906 5382 3471 5463">
     <span class='ocr_line' id='line_1_111' title="bbox 1906 5382 3471 5463; baseline -0.008 -16"><span class='ocrx_word' id='word_1_870' title='bbox 1906 5393 2126 5463; x_wconf 86' lang='lat' dir='ltr'><strong>ubique,</strong></span> <span class='ocrx_word' id='word_1_871' title='bbox 2175 5408 2513 5463; x_wconf 64' lang='lat' dir='ltr'><strong>quaecunque</strong></span> <span class='ocrx_word' id='word_1_872' title='bbox 2559 5388 2871 5460; x_wconf 84' lang='lat' dir='ltr'><strong>hujusmodi</strong></span> <span class='ocrx_word' id='word_1_873' title='bbox 2930 5386 3171 5441; x_wconf 89' lang='lat' dir='ltr'><strong>continet</strong></span> <span class='ocrx_word' id='word_1_874' title='bbox 3224 5382 3471 5444; x_wconf 89' lang='lat' dir='ltr'><strong>historia,</strong></span> 
     </span>
    </p>
   </div>
   <div class='ocr_carea' id='block_1_112' title="bbox 1907 5475 3475 5552">
    <p class='ocr_par' dir='ltr' id='par_1_112' title="bbox 1907 5475 3475 5552">
     <span class='ocr_line' id='line_1_112' title="bbox 1907 5475 3475 5552; baseline -0.006 -14"><span class='ocrx_word' id='word_1_875' title='bbox 1907 5484 2055 5539; x_wconf 93' lang='lat' dir='ltr'><strong>nullo</strong></span> <span class='ocrx_word' id='word_1_876' title='bbox 2071 5485 2337 5539; x_wconf 86' lang='lat' dir='ltr'><strong>rationum</strong></span> <span class='ocrx_word' id='word_1_877' title='bbox 2356 5483 2559 5537; x_wconf 83' lang='lat' dir='ltr'><strong>auxilio</strong></span> <span class='ocrx_word' id='word_1_878' title='bbox 2578 5482 2820 5552; x_wconf 79' lang='lat' dir='ltr'><strong>indigent</strong></span> <span class='ocrx_word' id='word_1_879' title='bbox 2849 5479 2914 5532; x_wconf 91' lang='lat' dir='ltr'><strong>ad</strong></span> <span class='ocrx_word' id='word_1_880' title='bbox 2958 5475 3299 5547; x_wconf 89' lang='lat' dir='ltr'><strong>probandum</strong></span> <span class='ocrx_word' id='word_1_881' title='bbox 3328 5477 3475 5545; x_wconf 91' lang='lat' dir='ltr'><strong>quod</strong></span> 
     </span>
    </p>
   </div>
   <div class='ocr_carea' id='block_1_113' title="bbox 1910 5564 3476 5644">
    <p class='ocr_par' dir='ltr' id='par_1_113' title="bbox 1910 5564 3476 5644">
     <span class='ocr_line' id='line_1_113' title="bbox 1910 5564 3476 5644; baseline -0.008 -12"><span class='ocrx_word' id='word_1_882' title='bbox 1910 5575 2020 5632; x_wconf 91' lang='lat' dir='ltr'><strong>sint</strong></span> <span class='ocrx_word' id='word_1_883' title='bbox 2047 5574 2250 5639; x_wconf 89' lang='lat' dir='ltr'><strong>divina,</strong></span> <span class='ocrx_word' id='word_1_884' title='bbox 2291 5575 2623 5644; x_wconf 65' lang='lat' dir='ltr'><strong>excelsaeque</strong></span> <span class='ocrx_word' id='word_1_885' title='bbox 2675 5580 2727 5625; x_wconf 85' lang='lat' dir='ltr'><strong>et</strong></span> <span class='ocrx_word' id='word_1_886' title='bbox 2778 5584 3003 5625; x_wconf 80' lang='lat' dir='ltr'><strong>summae</strong></span> <span class='ocrx_word' id='word_1_887' title='bbox 3052 5566 3287 5620; x_wconf 87' lang='lat' dir='ltr'><strong>virtutis.</strong></span> <span class='ocrx_word' id='word_1_888' title='bbox 3345 5564 3476 5633; x_wconf 79' lang='lat' dir='ltr'><strong>Qua:</strong></span> 
     </span>
    </p>
   </div>
   <div class='ocr_carea' id='block_1_114' title="bbox 1910 5660 3476 5739">
    <p class='ocr_par' dir='ltr' id='par_1_114' title="bbox 1910 5660 3476 5739">
     <span class='ocr_line' id='line_1_114' title="bbox 1910 5660 3476 5739; baseline -0.006 -18"><span class='ocrx_word' id='word_1_889' title='bbox 1910 5669 2124 5739; x_wconf 86' lang='lat' dir='ltr'><strong>quidem</strong></span> <span class='ocrx_word' id='word_1_890' title='bbox 2164 5668 2297 5723; x_wconf 91' lang='lat' dir='ltr'><strong>nihil</strong></span> <span class='ocrx_word' id='word_1_891' title='bbox 2326 5682 2463 5737; x_wconf 79' lang='lat' dir='ltr'><strong>Opus</strong></span> <span class='ocrx_word' id='word_1_892' title='bbox 2496 5673 2578 5721; x_wconf 86' lang='lat' dir='ltr'><strong>est</strong></span> <span class='ocrx_word' id='word_1_893' title='bbox 2610 5673 2667 5719; x_wconf 86' lang='lat' dir='ltr'><strong>ut</strong></span> <span class='ocrx_word' id='word_1_894' title='bbox 2724 5660 3001 5733; x_wconf 82' lang='lat' dir='ltr'><strong>sigillatitn</strong></span> <span class='ocrx_word' id='word_1_895' title='bbox 3059 5671 3476 5730; x_wconf 80' lang='lat' dir='ltr'><strong>persequamur,</strong></span> 
     </span>
    </p>
   </div>
  </div>
