3978 6476
477 376 545 429 ε’»
1701 369 1759 428 S.
1799 367 2048 424 GREGOI

2165 364 2457 420 NYSSENI
3636 354 3711 407 ει

475 507 602 546 cum
630 507 696 545 ex
725 507 784 545 se
819 490 936 562 ipsa
967 490 1142 545 oratio
1172 489 1305 544 satis
1337 487 1536 542 indicet
1584 500 1646 541 ea
1705 500 1827 540 esse
1879 499 2043 554 supra

2145 483 2369 552 κονομία
2387 499 2401 513 ο
2425 480 2451 532 ὃ
2472 481 2578 532 εἴτε
2605 478 2904 548 βάπτισμα,
2935 477 3042 530 εἴτε
3069 475 3350 545 φώτισμα,
3373 474 3483 527 εἴτε
3514 470 3711 538 παλιγ-

475 591 748 637 naturam.
785 582 888 638 Sed
914 584 1168 654 quoniam
1208 581 1558 651 mysticorum
1592 579 2041 635 documentorum

2147 574 2391 642 γενεσίαν
2424 570 2665 643 βούλοιτό
2687 587 2768 633 τις
2791 567 3093 638 ὀνομάζειν,
3125 566 3274 620 οὐδὲν
3307 565 3440 635 πρὸς
3467 563 3565 632 τὴν
3593 563 3712 614 ὀνο-

478 686 606 741 pars
636 678 719 727 est
747 674 908 726 etiam
932 653 1139 741 aliqua,
1173 686 1293 740 qnze
1345 670 1398 723 in
1426 669 1644 723 lavacro
1686 671 1745 722 lit
1771 669 2046 739 dispensa-

2152 667 2350 735 μασίαν
2376 662 2760 735 διαφερόμεθα,
2788 661 2966 724 καλῶς
3001 660 3066 713 ἂν
3093 659 3205 730 ἔχοι
3237 660 3329 712 καὶ
3361 657 3486 726 περὶ
3521 653 3711 708 τούτου

479 761 592 816 tio:
649 762 794 833 quod
820 764 1036 833 quidem
1069 778 1163 817 seu
1191 762 1543 831 baptismum,
1575 776 1670 815 seu
1706 761 2046 813 illnmlnatio-

1114 778 1163 816 :u
1191 762 1543 831 baptismum,
1575 776 1670 815 seu
1706 761 2046 813 illnmlnatio-
2151 756 2354 828 βραχέα
2385 753 2685 821 διεξελθεῖν.

480 870 627 920 nem,
705 870 801 909 seu
870 855 1332 925 regenerationem
1411 854 1544 906 velis
1579 851 1877 916 nominare,
1933 850 2000 903 dc
2052 851 2270 904 nomine
2326 863 2434 902 non
2489 841 2888 906 contendimus,
2939 842 3077 897 bene
3123 840 3226 894 erit
3251 837 3487 894 breviter
3531 834 3598 889 de
3640 847 3716 890 eo

481 943 687 1002 dicere.

1012 1033 1239 1091 CAPUT
1285 1032 1528 1087 XXXIII.

2713 1016 2962 1070 ΚΕΦΛΛ.
3003 1015 3122 1068 Al".

498 1172 506 1180 .
556 1125 691 1179 Nam
741 1133 1028 1196 postquam
1080 1140 1109 1178 a
1172 1125 1330 1178 nobis
1375 1124 1701 1183 audiverint,
1752 1120 1893 1190 quod
1929 1135 2050 1172 cum

2232 1115 2478 1168 Ἐπειδὰν
2505 1115 2611 1186 γάρ
2663 1114 2789 1183 παρῖ
2825 1109 2982 1180 ήμῶν
3009 1107 3071 1160 τὸ
3122 1104 3359 1159 τοιοῦτον
3388 1103 3715 1168 ἀκούσωσιν,

489 1216 717 1270 mortale
767 1222 1006 1270 transeat
1031 1213 1095 1268 ad
1120 1215 1308 1276 vitam,
1345 1226 1685 1282 consequens
1707 1219 1841 1270 erat,
1881 1207 2053 1276 prima

2148 1211 2227 1261 ὅτι
2252 1207 2344 1260 τοῦ
2390 1204 2582 1277 θνητοῦ
2613 1205 2749 1276 πρὸς
2773 1202 2870 1272 τὴν
2921 1199 3066 1269 ζωὴν
3111 1196 3530 1267 μεταϐαίνοντος
3553 1235 3568 1258 ,
3593 1196 3719 1248 ἀκό-

491 1307 840 1379 generatione
877 1306 943 1361 ad
986 1308 1150 1359 vitam
1202 1306 1485 1359 mortalem
1525 1302 1842 1361 deducente,
1891 1297 2050 1350 aliam

2148 1299 2330 1352 λουθον
2355 1295 2421 1369 ἦν
2443 1297 2541 1367 τῆς
2569 1297 2786 1368 πρώτης
2808 1292 3068 1362 γενέσεως
3109 1291 3203 1342 ἐπὶ
3231 1288 3322 1341 τὸν
3360 1287 3551 1358 θνητὸν
3583 1304 3719 1356 παρ-

491 1399 724 1454 inveniri
769 1399 1192 1470 generationem,
1242 1414 1364 1468 qua:
1409 1411 1584 1466 neque
1617 1395 1685 1448 ab
1724 1392 1942 1448 interitu
1969 1391 2052 1442 itt-

2151 1391 2387 1461 αγούσης
2427 1389 2538 1459 βίον
2562 1430 2575 1452 ,
2623 1387 2814 1457 ἑτέραν
2853 1384 3103 1452 γέννησιν
3144 1380 3523 1451 ἐξευρεθῆναι,
3577 1381 3722 1448 μήτε

489 1491 717 1560 ciperet,
749 1506 922 1560 neque
956 1490 1230 1546 desineret
1253 1491 1308 1541 in
1336 1487 1610 1541 interitum
1637 1527 1652 1552 ,
1690 1484 1783 1539 sed
1811 1498 1929 1538 cum
1959 1481 2050 1549 qui

2153 1483 2260 1536 ἀπὸ
2285 1482 2485 1552 φθορᾶς
2511 1479 2837 1552 ἀρχομένην,
2872 1477 3004 1547 μήτε
3039 1476 3118 1536 είς
3151 1471 3354 1542 φθορὰν
3383 1470 3717 1539 καταλήγου-

490 1582 689 1639 fuisset
737 1591 1048 1653 generatus,
1092 1581 1160 1635 ad
1220 1581 1384 1634 vitam
1432 1577 1723 1632 deduceret
1776 1575 2056 1628 immorta-

2156 1591 2255 1627 σαν
2279 1590 2292 1603 ο
2325 1573 2436 1626 ἀλλ’
2460 1574 2537 1635 είς
2553 1571 2815 1624 ἀθάνατον
2845 1567 2985 1638 ζωὴν
3011 1568 3102 1619 τὸν
3127 1562 3517 1633 γεγεννημένον
3541 1562 3719 1631 παρά-

493 1674 599 1730 lem
627 1651 920 1745 (quomodo
963 1673 1106 1727 enim
1153 1686 1220 1726 ex
1267 1670 1482 1725 mortali
1531 1667 1880 1738 generatione
1907 1680 2055 1718 mor-

2153 1683 2373 1734 γουσαν.
2405 1663 2612 1732 Ὥσπερ
2640 1661 2747 1732 γὰρ
2775 1663 2837 1713 ἐκ
2881 1658 3079 1729 θνητῆς
3110 1657 3411 1724 γεννήσεως
3439 1651 3628 1722 θνητὸν
3658 1652 3723 1717 ἐξ

493 1767 604 1821 tale
637 1741 964 1820 necessario
1014 1763 1222 1818 exstitit
1251 1762 1304 1816 id
1350 1761 1495 1832 quod
1542 1761 1642 1814 fuit
1697 1768 2051 1828 generatum:

2155 1757 2396 1825 ἀνάγκης
2446 1753 2508 1806 τὸ
2548 1749 2939 1821 γεγεννημένον
2987 1746 3194 1815 ὑπέστη
3222 1762 3238 1777 ’
3276 1743 3446 1807 οὕτως
3499 1745 3563 1796 ὲκ
3617 1741 3721 1810 τῆς

495 1857 572 1913 ita
598 1856 742 1927 quod
769 1871 834 1910 ex
865 1855 1210 1925 generatione
1238 1853 1289 1907 in
1313 1868 1472 1922 quam
1503 1866 1611 1906 non
1637 1849 1783 1903 cadit
1807 1849 2056 1904 interitus

2161 1847 2236 1917 μὴ
2277 1843 2721 1917 παραδεχομένης
2772 1840 2972 1910 φθορὰν
3003 1839 3304 1906 γεννήσεως
3330 1835 3420 1888 τὸν
3448 1833 3720 1904 γεννώμε-

497 1959 807 2021 generatur,
845 1947 1038 2004 melius
1072 1945 1232 2000 fuerit
1284 1959 1347 1998 ac
1392 1941 1761 2014 prastantius,
1797 1955 1956 2011 quam
1998 1950 2058 1993 ut

2158 1956 2244 1990 νον
2269 1977 2284 2002 ,
2322 1939 2568 2007 κρεῖττον
2613 1934 2834 2004 γένηται
2868 1931 2966 1999 τῆς
3015 1930 3079 1982 ὲκ
3114 1926 3206 1981 τοῦ
3238 1927 3465 1981 θανάτου
3495 1925 3724 1995 φθορᾶς.

499 2014 532 2094 5
570 2049 743 2095 morte
790 2014 1028 2110 patiatur
1076 2034 1396 2105 interitum),
1456 2041 1764 2104 postquam,
1814 2033 2056 2100 inquam,

2171 2027 2414 2080 Ἐπειδὰν
2445 2025 2647 2078 τούτων
2691 2021 2785 2076 καὶ
2826 2020 2933 2074 τῶν
2966 2019 3220 2072 τοιούτων
3272 2015 3581 2077 ἀκούσωσι,
3627 2014 3724 2066 καὶ

496 2132 615 2187 haec
643 2104 970 2194 audiverim,
1001 2138 1055 2184 et
1085 2143 1205 2198 qua:
1244 2104 1370 2181 sunt
1401 2123 1734 2194 hujusmodi,
1763 2131 1815 2177 et
1842 2123 2058 2176 modum

2159 2115 2554 2190 προδιδαχθῶσι
2581 2114 2671 2166 τὸν
2698 2113 2896 2185 τρόπον
2916 2152 2932 2174 ,
2973 2110 3053 2163 ὅτι
3094 2107 3225 2178 εὐχὴ
3259 2106 3394 2177 πρὸς
3434 2104 3595 2168 Θεὸν,
3627 2104 3723 2156 καὶ

439 2212 442 2214 ’
497 2224 653 2294 prius
691 2222 1003 2285 didicerint,
1050 2195 1241 2291 nempe
1279 2218 1423 2289 quod
1462 2217 1528 2272 ad
1574 2216 1742 2271 Deum
1773 2229 2010 2284 preces“

2157 2210 2378 2279 χάριτος
2404 2207 2658 2278 οὐρανίας
2696 2201 3008 2270 ἐπίκλησις,
3044 2200 3138 2252 καὶ
3181 2198 3323 2269 ὕδωρ
3351 2239 3366 2260 ,
3408 2197 3502 2286 καὶ
3541 2195 3725 2258 πίστις

499 2271 652 2294 .-----
694 2271 1003 2285 ----η----νι
1179 2271 1235 2291 τί
1287 2271 1408 2289 τη
1509 2271 1512 2272 ν
1774 2271 1790 2284 .
1971 2271 1979 2276 .

499 2317 690 2388 gratiae
729 2315 970 2371 caelestis
1019 2312 1314 2374 invocatio,
1341 2319 1395 2364 et
1442 2324 1603 2379 aqua,
1651 2317 1703 2363 et
1750 2306 1905 2366 ﬁdes,
1936 2313 2064 2359 sunt

2160 2271 2298 2365 ἔστι,
2329 2301 2396 2352 δι’
2427 2271 2500 2352 ὧν
2533 2298 2594 2350 τὸ
2624 2297 2721 2366 τῆς
2751 2294 3158 2362 ἀναγεννήσεως
3195 2271 3492 2360 πληροῦται
3522 2291 3727 2357 μυστή-

499 2419 562 2457 va
600 2419 695 2475 per
725 2418 848 2472 quae
877 2403 1134 2472 impletur
1165 2400 1486 2470 mysterium
1521 2399 1970 2468 regenerationis,
1999 2412 2062 2452 ea

2167 2409 2299 2462 ριον,
2336 2389 2636 2450 δυσπειθῶς
2676 2387 2895 2457 έχουσι,
2948 2383 3082 2451 πρὸς
3125 2381 3186 2434 τὸ
3235 2381 3550 2450 φαινόμενον
3601 2377 3725 2448 βλέ-

501 2473 789 2550 dilliciliter
827 2493 906 2548 eis
958 2491 1376 2562 persuadentur,
1427 2503 1483 2546 ut
1531 2494 1621 2561 qui
1673 2491 1739 2543 ad
1792 2489 1937 2560 quod
1971 2505 2066 2558 ap-

2165 2502 2353 2546 ποντες
2377 2525 2392 2546 ,
2423 2483 2498 2546 ὡς
2538 2482 2599 2535 ού
2632 2480 2923 2551 συμϐαῖνον
2952 2481 3017 2548 τῇ
3055 2475 3354 2546 ἐπαγγελίᾳ
3390 2473 3450 2526 τὸ
3482 2488 3725 2542 σωματι-

502 2593 659 2656 paret
703 2584 989 2655 aspiciant,
1031 2591 1219 2652 utpote
1275 2583 1416 2652 quod
1464 2581 1519 2636 id
1563 2582 1709 2652 quod
1761 2583 1818 2635 ﬁt
1869 2595 2066 2649 corpo-

2164 2578 2274 2640 κῶς
2299 2574 2700 2646 ἐνεργούμενον.
2729 2569 2854 2633 Πῶς
2885 2568 2993 2638 γὰρ
3015 2607 3029 2628 ,
3069 2566 3254 2637 φησιν,
3283 2563 3541 2634 εὑχὴκαὶ
3576 2562 3726 2615 δυνά-

507 2677 715 2740 raliter,
759 2689 870 2730 non
923 2674 1133 2728 accidat
1189 2674 1557 2744 promissioni.
1591 2673 1869 2739 Quomodo
1900 2672 2064 2734 enim,

2170 2687 2312 2740 μεως
2360 2668 2509 2730 θείας
2559 2664 2842 2733 ἐπίκλησις
2881 2663 2972 2714 ἐπὶ
3025 2658 3118 2712 τοῦ
3169 2657 3359 2716 ὓδατος
3408 2652 3730 2723 γιγνομένη,

503 2767 781 2839 inquiunt,
816 2781 1027 2838 preces,
1061 2775 1113 2820 et
1145 2740 1342 2820 divinae
1371 2765 1586 2819 virtutis
1626 2765 1915 2829 invocatio,
1949 2778 2071 2832 quae

2167 2760 2308 2830 ζωῆς
2358 2757 2596 2831 ἀρχηγὸς
2626 2757 2738 2819 τοῖς
2778 2751 3099 2824 μυουμένοις
3147 2747 3352 2815 γίνεται
3373 2742 3569 2827 λΠρὸς
3597 2740 3689 2805 οὓς
3710 2782 3726 2805 ,

509 2863 566 2914 lit
614 2875 778 2929 super
819 2874 1039 2929 aquam,
1094 2860 1151 2911 lit
1202 2858 1310 2911 dux
1367 2868 1418 2912 et
1466 2856 1791 2926 principium
1843 2857 1963 2909 vita:
2002 2856 2069 2909 iis

2168 2854 2324 2923 εἴπερ
2351 2849 2471 2903 λίαν
2503 2848 2670 2918 έχοιεν
2699 2844 3006 2904 άντιτύπως
3025 2883 3039 2907 ,
3063 2838 3266 2902 ἁπλοῦς
3301 2836 3520 2909 ἐξαρκεῖ
3550 2834 3730 2902 λόγος,

507 2952 600 3021 qui
647 2950 971 3005 initiantur?
1013 2950 1092 3004 Ad
1146 2965 1304 3022 quos.
1369 2949 1413 3003 si
1462 2963 1568 3001 non
1609 2947 1716 3001 sint
1757 2948 1918 3001 nimis
1948 2947 2070 3000 duri

2169 2943 2304 3016 πρὸς
2340 2943 2438 3012 τὴν
2469 2940 2561 2992 τοῦ
2593 2939 2860 3006 δόγματος
2893 2934 3119 3002 ἀγαγεῖν
3139 2925 3554 3022 συγκατάθεσιν.
3581 2923 3732 2973 Ἀντ-

507 3052 562 3097 et
593 3041 924 3113 pervicaces,
960 3041 1190 3110 simplex
1221 3037 1492 3093 sulfecerit
1521 3037 1698 3091 oratio
1723 3037 1789 3089 ad
1829 3035 2069 3090 efﬁcien-

2169 3031 2429 3103 ερωτήσω
2467 3030 2564 3101 μὲν
2607 3029 2738 3096 γὰρ,
2764 3023 2857 3077 τοῦ
2886 3023 3084 3092 τρόπου
3111 3018 3205 3086 τῆς
3229 3014 3369 3068 κατὰ
3403 3012 3579 3081 σάρκα
3610 3025 3731 3076 γεν-

509 3136 638 3190 dum
669 3143 730 3188 ut
776 3133 1147 3189 assentiantur
1201 3130 1456 3199 dogmati.
1506 3128 1639 3181 Nam
1689 3128 1932 3183 vicissim
1977 3142 2071 3181 eos

2174 3131 2379 3194 νοήσεως
2412 3124 2574 3175 πᾶσιν
2600 3121 2751 3182 ὄντος
2777 3114 3063 3188 προδήλου,
3093 3109 3208 3171 πῶς
3251 3106 3530 3176 ἄνθρωπος
3557 3105 3732 3155 ἐκεῖνο

514 3175 638 3190 .......
672 3175 730 3188 ...
776 3175 1136 3189 .....,c....-..-...
1203 3175 1456 3199 ..νοω-η-
1703 3175 1932 3183 ..-------_
1982 3175 2070 3181 η-

514 3227 936 3294 interrogemus,
986 3237 1108 3277 cum
1166 3222 1360 3276 modus
1395 3221 1513 3289 ejus
1546 3236 1665 3290 qua:
1705 3235 1768 3274 ex
1813 3233 1976 3272 carne
2017 3217 2073 3270 lit

2176 3175 2380 3285 γίνεται
2432 3213 2493 3265 τὸ
2537 3214 2617 3274 εἰς
2669 3175 2918 3279 ἀφορμὴν
2971 3203 3073 3272 τῆς
3115 3175 3423 3258 συστάσεως
3459 3193 3551 3246 τοῦ
3595 3191 3731 3294 ζῶον

509 3316 873 3385 generationis
894 3314 965 3369 sit
983 3313 1238 3369 omnibus
1259 3311 1598 3378 manifestus,
1624 3309 2074 3380 quemadmodum

2177 3281 2674 3372 καταϐαλλόμενον;
2713 3297 2873 3350 Ἀλλὰ
2913 3295 3017 3365 μὴν
3066 3290 3238 3352 οὐδεὶς
3275 3289 3362 3340 ἐπ’
3407 3285 3615 3340 ἐκείνου
3647 3281 3735 3333 λό-

514 3373 575 3461 ὖι
624 3407 786 3460 homo
835 3406 889 3459 id
951 3405 1097 3476 quod
1145 3405 1420 3474 dejicitur,
1461 3411 1522 3457 ut
1576 3373 1658 3458 ex.
1697 3418 1762 3458 eo
1812 3402 2077 3458 consistat

2176 3418 2271 3469 γος
2291 3398 2458 3461 ἐστὶν,
2484 3398 2512 3449 ό
2548 3390 2793 3462 λογισμῷ
2815 3407 2920 3442 τινι
2949 3386 3010 3439 τὸ
3051 3383 3269 3436 πιθανὸν
3299 3379 3642 3450 ἐξευρίσκων.
3671 3373 3735 3424 Τί

513 3498 716 3552 animal
745 3497 768 3550 ?
794 3465 1048 3566 Atqui-in
1080 3511 1145 3552 eo
1171 3465 1307 3550 nihil
1345 3465 1452 3550 dici
1487 3503 1686 3565 potest.
1714 3493 1855 3563 quod
1896 3493 2076 3562 aliqua

2177 3465 2283 3561 γὰρ
2308 3487 2482 3541 κοινὸν
2517 3483 2788 3552 σπέρματι
2823 3476 3104 3546 ἀνθρώπου
3147 3473 3282 3543 πρὸς
3328 3471 3426 3540 τὴν
3460 3471 3516 3521 ὲν
3548 3465 3738 3531 ἐκείνῳ

515 3591 732 3645 ratione
773 3589 940 3643 ullam
980 3589 1222 3644 inveniat
1255 3559 1903 3659 probabiIitatetn.—Qttitl
1935 3559 2075 3639 enim

2178 3559 2554 3654 θεωρουμένην
2603 3575 2891 3643 ποιότητας
2940 3566 3365 3639 Συγκρινόμενος
3397 3562 3426 3614 ὁ
3456 3559 3736 3630 ἄνθρωπος

515 3695 804 3737 commune
839 3680 1001 3735 habet
1036 3695 1220 3735 semen
1254 3680 1490 3733 hominis
1543 3693 1667 3731 cum
1723 3691 1786 3731 ea
1816 3676 2079 3747 qualitate

2179 3651 2390 3743 λογικόν
2415 3689 2467 3724 τι
2505 3667 2690 3739 χρῆμα
2716 3665 2809 3718 καὶ
2830 3659 3165 3731 διανοητικόν
3198 3659 3311 3708 ἐστι
3331 3693 3345 3718 ,
3377 3651 3467 3705 νοῦ
3496 3653 3588 3704 καὶ
3620 3652 3741 3702 ὲπι-

517 3788 639 3844 quaa
697 3772 749 3826 in
811 3771 902 3825 illo
950 3769 1367 3825 consideratur?
1406 3767 1580 3821 Homo
1621 3767 1952 3835 compositus
1997 3774 2078 3819 est

2184 3742 2395 3836 στήμης
2433 3758 2713 3814 δεκτικόνο
2758 3757 2932 3808 ἐκεῖνο
2967 3753 3024 3805 δὲ
3069 3749 3209 3820 ὑγρᾷ
3251 3764 3354 3799 τινι
3399 3742 3739 3812 ὲνθεωρεῖται

516 3833 609 3918 res
668 3863 915 3932 quzedam
965 3860 1238 3931 particeps
1293 3858 1520 3912 rationis
1581 3865 1635 3912 et
1693 3833 2077 3925 intelligentiae.

2183 3833 2424 3927 ποιότητι
2450 3895 2464 3917 ,
2493 3853 2584 3906 καὶ
2616 3851 2796 3902 πλεῖον
2828 3845 2976 3900 οὐδὲν
3023 3841 3116 3894 τοῦ
3165 3838 3283 3893 κατ’
3311 3837 3559 3905 αἴσθησιν
3603 3833 3739 3903 ὁρω-

517 3955 657 4010 Illud
687 3925 892 4008 Iautem
936 3925 1312 4007 consideratur
1339 3951 1392 4004 in
1430 3951 1661 4019 quadam
1701 3948 1922 4002 humida
1949 3961 2083 4016 qua-

2185 3925 2783 4022 μένουῖκαταλαμὸἀνει
2826 3939 3018 3992 ἔννοια.
3050 3935 3152 3986 Ἦν
3195 3930 3369 3983 τοίνυν
3412 3926 3554 4022 εἰκός
3595 3925 3741 3976 ἔστιν

517 4048 706 4111 litate,
758 4055 814 4100 et
843 4045 976 4100 nihil
1014 4045 1244 4115 amplius
1269 4015 1683 4113 comprehendit
1719 4041 1916 4095 mentis
1949 4015 2082 4092 con-

2181 4015 2471 4112 ἀπόκρισιν
2511 4036 2764 4108 γενέσθαι
2808 4033 2940 4104 ἡμῖν
2992 4025 3143 4098 παρὰ
3198 4025 3305 4115 τῶν
3342 4015 3739 4115 ἐρωτηθέντων,

519 4137 718 4206 ccptio,
753 4150 914 4204 quam
945 4135 1086 4203 quod
1126 4150 1192 4189 ex
1244 4149 1408 4189 sensu
1455 4133 1712 4187 cernitur.
1755 4131 1907 4197 Quod
1954 4145 2083 4199 ergo

2183 4133 2263 4184 ὅτι
2291 4105 2414 4194 ῙΪῶς
2437 4105 2552 4182 ἔστι
2578 4122 2765 4178 πιστὸν
2809 4120 2867 4186 ἐξ
2901 4117 3107 4171 ἐκείνου
3148 4113 3405 4182 συστῆναι
3439 4105 3740 4176 ἀνθρωπον;

521 4229 592 4284 ab
612 4197 979 4297 interrogatis,
1003 4226 1276 4296 quomodo
1302 4225 1371 4280 sit
1392 4225 1652 4280 credibile
1668 4239 1735 4278 ex
1765 4223 1856 4276 illo
1877 4197 2083 4276 consti-

2183 4221 2342 4272 τοῦτο
2377 4219 2472 4270 καὶ
2496 4217 2625 4286 περὶ
2661 4215 2759 4283 τῆς
2788 4212 2874 4265 διά
2917 4207 3012 4262 τοῦ
3057 4206 3246 4267 ὓδατος
3288 4199 3576 4270 γινομένης
3622 4197 3745 4297 ἀνα-

523 4318 657 4372 tisse
682 4317 976 4382 hominem,
999 4324 1420 4370 consentaneum
1443 4322 1528 4370 est
1549 4314 1706 4367 nobis
1732 4313 1844 4366 fieri
1869 4325 2085 4378 respon-

2184 4314 2485 4382 γεννήσεως
2506 4304 2866 4378 ἐρωτηθέντες
2896 4295 3350 4371 ἀποκρινούμεθα.
3385 4292 3531 4344 Ἐκεῖ
3552 4305 3612 4382 τε
3637 4287 3746 4382 γάρ

524 4423 669 4471 sum,
699 4407 803 4461 hoc
833 4408 994 4462 etiam
1036 4407 1102 4462 de
1128 4407 1538 4477 regeneratidne
1561 4421 1656 4476 per
1683 4417 1876 4473 aquam
1918 4403 2085 4455 inter-

2187 4402 2449 4475 πρότερόν
2481 4401 2625 4451 ἐστιν
2654 4397 2865 4464 ἑκάστῳ
2900 4391 3007 4444 τῶν
3040 4385 3404 4458 ἡρωτημένων
3434 4381 3604 4432 εἰπεῖν
3626 4415 3640 4438 ,
3664 4377 3745 4428 ὅτι

525 4499 699 4568 rogati
725 4499 1187 4567 respondebimus.
1215 4497 1348 4551 Nam
1371 4507 1423 4552 et
1450 4499 1559 4551 illic
1583 4496 1877 4564 unicuique
1896 4507 2081 4548 eorum

2187 4467 2306 4564 θείᾳ
2336 4467 2558 4560 δυνάμει
2589 4489 2791 4546 ἐκεῖνος
2811 4480 3092 4551 ἄνθρωπος
3123 4478 3383 4545 γίγνεται,
3411 4467 3477 4543 ἦς
3511 4469 3583 4568 μη
3610 4483 3749 4568 resp:

527 4589 621 4661 qui
671 4590 1073 4660 interrogantur
1114 4590 1167 4642 in
1228 4599 1473 4658 promptu
1514 4598 1598 4644 est
1651 4587 1865 4650 dicere,
1940 4585 2088 4655 quod

2191 4588 2390 4654 ούσης,
2434 4579 2685 4648 ἀκίνητόν
2724 4579 2838 4628 ἐστι
2883 4581 2976 4626 και
3005 4568 3376 4637 ἀνενέργητον.
3411 4565 3474 4616 EE
3517 4557 3606 4613 οῦν
3633 4559 3748 4610 ἐκεῖ

526 4681 710 4737 divina
736 4680 933 4736 virtute
953 4681 1040 4734 ille
1064 4680 1118 4733 Iit
1138 4681 1320 4740 homo,
1349 4694 1468 4749 quae
1490 4681 1534 4733 si
1570 4696 1675 4734 non
1705 4678 1868 4740 adsit,
1901 4690 2084 4732 semen

2191 4678 2252 4729 οὑ
2279 4677 2337 4728 τὸ
2368 4672 2720 4738 ὑποκείμενον
2761 4665 2904 4718 ποιεῖ
2931 4662 3022 4714 τὸν
3073 4659 3351 4729 ἄνθρωπον
3373 4695 3387 4717 ,
3422 4653 3534 4707 ἀλλ’
3570 4653 3601 4719 ἡ
3632 4650 3747 4702 θεία

528 4782 614 4829 est
663 4773 938 4826 immobile
983 4779 1037 4827 et
1086 4771 1360 4827 inefﬁcax.
1397 4773 1454 4826 Si
1490 4786 1617 4839 ergo
1655 4771 1766 4824 illic
1819 4784 1925 4822 non
1958 4767 2088 4822 sub-

2191 4768 2417 4835 δύναμις
2455 4766 2533 4824 εἰς
2560 4758 2842 4830 ἀνθρώπου
2879 4754 3037 4824 φύσιν
3085 4749 3362 4821 μεταποιεῖ
3404 4745 3465 4798 τὸ
3495 4743 3751 4812 φαινόμε-

527 4867 730 4935 jectum
785 4863 914 4918 facit
956 4863 1248 4924 hominem,
1286 4863 1380 4918 sed
1416 4864 1498 4916 vis
1541 4835 1722 4916 divina
1764 4866 2092 4914 transmutat

2193 4877 2302 4923 vov,
2327 4859 2425 4927 τῆς
2454 4854 2685 4924 ἐσχάτης
2735 4851 2800 4904 ἂν
2837 4849 2921 4920 εἴη
2961 4843 3348 4915 ἀγνωμοσύνης
3369 4882 3382 4904 ,
3420 4840 3533 4891 ἐκεῖ
3559 4835 3751 4889 τοσαύ-

529 4957 585 5012 id
631 4957 777 5026 quod
836 4963 1057 5025 apparet
1101 4957 1155 5009 in
1226 4961 1473 5008 naturam
1527 4954 1781 5018 hominis,
1839 4959 2092 5006 extremae

2192 4967 2289 5019 την
2312 4925 2390 5013 τῷ
2417 4943 2534 5013 Θεῷ
2565 4936 3117 5012 προσμαρτυροῦντας
3164 4931 3387 5000 δύναμιν
3414 4969 3426 4988 ,
3454 4928 3659 4981 ἀτονεῖν
3695 4925 3752 4976 ὲν

531 5050 698 5106 fuerit
747 5048 1070 5119 insipientia:
1116 5047 1422 5119 ingratique
1447 5057 1501 5101 et
1533 5046 1866 5100 immemoris
1898 5045 2089 5108 animi,

2192 5016 2270 5108 τῶ
2300 5037 2450 5107 μέρει
2477 5031 2650 5100 τούτῳ
2675 5032 2735 5083 τὸ
2758 5033 2911 5085 Θεῖον
2935 5025 3138 5081 οἴεσθαι
3171 5021 3305 5092 πρὸς
3333 5020 3430 5089 τὴν
3473 5016 3753 5086 ἐκπλήρω-

531 5142 645 5196 illic
682 5141 790 5196 Deo
839 5147 1045 5194 tantam
1103 5140 1406 5195 tribuentes
1437 5140 1715 5200 virtutem,
1774 5137 2090 5190 existimare

2196 5148 2278 5182 σιν
2300 5127 2392 5181 τοῦ
2421 5125 2741 5195 θελήματος.
2777 5121 2840 5172 Τί
2879 5120 3073 5181 κοινὸν,
3105 5115 3286 5185 φασιν,
3319 5112 3468 5164 ῦδατι
3497 5110 3589 5162 καὶ
3617 5109 3751 5176 Cum;

534 5231 702 5289 Deum
752 5235 854 5288 hac
886 5235 942 5288 in
991 5245 1143 5304 parte
1168 5250 1290 5289 esse
1328 5234 1654 5289 imbecillum
1702 5231 1766 5285 ad
1801 5245 1954 5284 suam
1991 5229 2092 5280 im-

2194 5221 2259 5274 Τί
2279 5220 2335 5272 δὲ
2366 5217 2564 5278 κοινὸν,
2594 5215 2729 5286 πρὸς
2754 5212 2912 5266 αὑτὸν
2941 5208 3169 5280 ἐροῦμεν
3195 5245 3209 5269 ,
3251 5203 3508 5273 ὑγρότητι
3541 5200 3634 5252 καὶ
3679 5201 3754 5250 εί-

532 5323 784 5391 ριθηιὶειιη
802 5289 1153 5376 voluntatem.
1172 5321 1309 5387 Quid
1328 5336 1630 5382 commune,
1645 5319 1913 5387 inquiunt,
1934 5314 2094 5368 habet

2195 5312 2311 5365 κόνι
2339 5307 2471 5362 Θεοῦ
2498 5324 2512 5372 ;
2565 5306 2704 5358 Ἀλλ’
2734 5305 2883 5357 οὐδὲν
2915 5303 3029 5354 ἐκεῖ
3058 5300 3118 5351 τὸ
3164 5293 3494 5368 παράδοξον,
3526 5293 3573 5344 εἰ
3619 5289 3751 5342 Θεοῦ

533 5412 644 5464 vita
687 5428 808 5466 cum
852 5413 1034 5482 aqua?
1069 5411 1210 5478 Quid
1265 5420 1443 5466 autem
1493 5411 1594 5480 (eis
1636 5406 1902 5476 dicemus)
1949 5422 2095 5461 com-

2199 5402 2516 5476 βουλομένου
2569 5398 2704 5470 πρὸς
2740 5397 2799 5449 τὸ
2825 5392 3147 5465 τιμιώτατον
3195 5388 3328 5452 ζῶον
3364 5385 3423 5438 τὸ
3453 5381 3614 5453 ὑγρὸν

534 5517 699 5557 mune
739 5470 918 5559 habet.
950 5470 1144 5560 humor
1181 5512 1236 5558 et
1273 5505 1450 5572 imago
1485 5470 1622 5556 ﬁci?
1660 5502 1764 5556 Sed
1801 5470 1934 5555 nihil
1984 5499 2095 5553 illic

2194 5470 2457 5548 ταϐαίνει.
2502 5491 2576 5543 Τὸ
2620 5486 2736 5543 ἴσον
2794 5487 2887 5540 καὶ
2945 5483 3037 5536 ἐπὶ
3089 5484 3275 5535 τούτου
3322 5477 3533 5549 φαμὲν,
3594 5470 3757 5572 μηδεν

535 5599 620 5646 est
681 5592 1016 5658 admirabile,
1064 5597 1108 5652 si
1150 5594 1260 5650 Deo
1310 5560 1522 5649 volvente
1567 5595 1764 5646 humor
1796 5591 1990 5646 transit
2041 5591 2094 5644 in

2197 5582 2334 5638 εἶναι
2388 5581 2714 5652 θαυμαστὸν,
2758 5581 2804 5630 εἰ
2842 5575 2987 5636 θείας
3017 5573 3290 5642 δυνάμεως
3327 5564 3593 5637 παρουσία
3623 5560 3759 5632 πρὸς

536 5684 736 5738 animal
791 5688 1319 5755 praestantissimum.
1367 5685 1441 5740 De
1483 5687 1584 5740 hoc
1645 5685 1806 5739 etiam
1848 5682 2096 5738 similiter

2198 5675 2502 5746 ἀφθαρσίαν
2535 5668 2922 5744 μετασκευάζει
2955 5667 3015 5720 τὸ
3044 5669 3100 5718 ἐν
3137 5667 3201 5734 τῇ
3238 5660 3448 5731 φθαρτῇ
3479 5654 3634 5725 φύσει
3662 5667 3757 5720 γει

537 5775 803 5844 dicetnus,
852 5778 1074 5834 minime
1121 5795 1242 5835 esse
1284 5778 1614 5845 mirandum,
1665 5778 1710 5832 si
1755 5776 1951 5830 divina:
1981 5775 2093 5828 vir-
2201 5769 2442 5839 νόμενον.
