  <div class='ocr_page' id='page_1' title='image "/cluster/home/n/w/nwhite01/storage/ocr_20150623/45/hvd.32044019826437/050.png"; bbox 0 0 3978 6508; ppageno 0'>
   <div class='ocr_carea' id='block_1_1' title="bbox 230 396 3397 464">
    <p class='ocr_par' dir='ltr' id='par_1_1' title="bbox 230 396 3397 464">
     <span class='ocr_line' id='line_1_1' title="bbox 230 396 3397 464; baseline 0.001 -8"><span class='ocrx_word' id='word_1_1' title='bbox 230 396 286 456; x_wconf 70' lang='grc'><strong>85</strong></span> <span class='ocrx_word' id='word_1_2' title='bbox 1374 405 1630 463; x_wconf 76' lang='lat' dir='ltr'><strong>ORATIO</strong></span> <span class='ocrx_word' id='word_1_3' title='bbox 1651 408 2150 464; x_wconf 74' lang='lat' dir='ltr'><strong>CATECHETICA.</strong></span> <span class='ocrx_word' id='word_1_4' title='bbox 3332 405 3397 460; x_wconf 73' lang='lat'><strong>86</strong></span> 
     </span>
    </p>
   </div>
   <div class='ocr_carea' id='block_1_2' title="bbox 231 517 3400 597">
    <p class='ocr_par' dir='ltr' id='par_1_2' title="bbox 231 517 3400 597">
     <span class='ocr_line' id='line_1_2' title="bbox 231 517 3400 597; baseline 0.001 -28"><span class='ocrx_word' id='word_1_5' title='bbox 231 517 330 569; x_wconf 86' lang='lat' dir='ltr'><strong>tutis</strong></span> <span class='ocrx_word' id='word_1_6' title='bbox 371 522 627 583; x_wconf 52' lang='lat' dir='ltr'><strong>praesentia</strong></span> <span class='ocrx_word' id='word_1_7' title='bbox 677 517 1035 573; x_wconf 87' lang='lat' dir='ltr'><strong>transformat</strong></span> <span class='ocrx_word' id='word_1_8' title='bbox 1073 523 1139 575; x_wconf 91' lang='lat' dir='ltr'><strong>ad</strong></span> <span class='ocrx_word' id='word_1_9' title='bbox 1173 521 1638 596; x_wconf 71' lang='lat' dir='ltr'><strong>incorruptionem</strong></span> <span class='ocrx_word' id='word_1_10' title='bbox 1671 527 1719 580; x_wconf 90' lang='lat' dir='ltr'><strong>id</strong></span> <span class='ocrx_word' id='word_1_11' title='bbox 1762 525 1906 597; x_wconf 89' lang='lat' dir='ltr'><strong>quod</strong></span> <span class='ocrx_word' id='word_1_12' title='bbox 1959 536 2144 579; x_wconf 88' lang='lat' dir='ltr'><strong>natum</strong></span> <span class='ocrx_word' id='word_1_13' title='bbox 2194 523 2367 578; x_wconf 88' lang='lat' dir='ltr'><strong>fuerat</strong></span> <span class='ocrx_word' id='word_1_14' title='bbox 2409 522 2462 576; x_wconf 89' lang='lat' dir='ltr'><strong>in</strong></span> <span class='ocrx_word' id='word_1_15' title='bbox 2547 529 2741 575; x_wconf 86' lang='lat' dir='ltr'><strong>natura</strong></span> <span class='ocrx_word' id='word_1_16' title='bbox 2787 521 2841 574; x_wconf 87' lang='lat' dir='ltr'><strong>in</strong></span> <span class='ocrx_word' id='word_1_17' title='bbox 2891 534 3052 590; x_wconf 87' lang='lat' dir='ltr'><strong>quam</strong></span> <span class='ocrx_word' id='word_1_18' title='bbox 3101 518 3246 574; x_wconf 89' lang='lat' dir='ltr'><strong>cadit</strong></span> <span class='ocrx_word' id='word_1_19' title='bbox 3315 535 3400 572; x_wconf 87' lang='lat' dir='ltr'><strong>m-</strong></span> 
     </span>
    </p>
   </div>
   <div class='ocr_carea' id='block_1_3' title="bbox 227 607 398 661">
    <p class='ocr_par' dir='ltr' id='par_1_3' title="bbox 227 607 398 661">
     <span class='ocr_line' id='line_1_3' title="bbox 227 607 398 661; baseline -0.029 0"><span class='ocrx_word' id='word_1_20' title='bbox 227 607 398 661; x_wconf 84' lang='lat' dir='ltr'><strong>Ieritus.</strong></span> 
     </span>
    </p>
   </div>
   <div class='ocr_carea' id='block_1_4' title="bbox 720 701 1802 767">
    <p class='ocr_par' dir='ltr' id='par_1_4' title="bbox 720 701 1802 767">
     <span class='ocr_line' id='line_1_4' title="bbox 720 701 1802 767; baseline 0.012 -13"><span class='ocrx_word' id='word_1_21' title='bbox 720 701 972 756; x_wconf 71' lang='grc' dir='ltr'><strong>ΚΕΦΑΛ.</strong></span> <span class='ocrx_word' id='word_1_22' title='bbox 1008 704 1128 756; x_wconf 86' lang='grc' dir='ltr'><strong>ΛΔ’.</strong></span> <span class='ocrx_word' id='word_1_23' title='bbox 1754 715 1802 767; x_wconf 81' lang='grc' dir='ltr'>Α</span> 
     </span>
    </p>
   </div>
   <div class='ocr_carea' id='block_1_5' title="bbox 284 789 1726 868">
    <p class='ocr_par' dir='ltr' id='par_1_5' title="bbox 284 789 1726 868">
     <span class='ocr_line' id='line_1_5' title="bbox 284 789 1726 868; baseline 0.006 -25"><span class='ocrx_word' id='word_1_24' title='bbox 284 790 416 844; x_wconf 75' lang='grc' dir='ltr'>Ἀλλὰ</span> <span class='ocrx_word' id='word_1_25' title='bbox 449 789 685 860; x_wconf 82' lang='grc' dir='ltr'>ζητοῦσιν</span> <span class='ocrx_word' id='word_1_26' title='bbox 731 794 1003 860; x_wconf 80' lang='grc' dir='ltr'>ἀπόδειξιν</span> <span class='ocrx_word' id='word_1_27' title='bbox 1034 796 1127 848; x_wconf 81' lang='grc' dir='ltr'>τοῦ</span> <span class='ocrx_word' id='word_1_28' title='bbox 1175 801 1426 868; x_wconf 84' lang='grc' dir='ltr'>παρεῖναι</span> <span class='ocrx_word' id='word_1_29' title='bbox 1474 800 1535 852; x_wconf 86' lang='grc' dir='ltr'><strong>τὸ</strong></span> <span class='ocrx_word' id='word_1_30' title='bbox 1573 802 1726 855; x_wconf 69' lang='grc' dir='ltr'>θεῖον</span> 
     </span>
    </p>
   </div>
   <div class='ocr_carea' id='block_1_6' title="bbox 219 882 1730 957">
    <p class='ocr_par' dir='ltr' id='par_1_6' title="bbox 219 882 1730 957">
     <span class='ocr_line' id='line_1_6' title="bbox 219 882 1730 957; baseline 0.006 -24"><span class='ocrx_word' id='word_1_31' title='bbox 219 882 290 934; x_wconf 69' lang='grc' dir='ltr'>ἐπὶ</span> <span class='ocrx_word' id='word_1_32' title='bbox 314 882 569 952; x_wconf 81' lang='grc' dir='ltr'>ἁγιασμῶν</span> <span class='ocrx_word' id='word_1_33' title='bbox 595 882 700 936; x_wconf 85' lang='grc' dir='ltr'>τῶν</span> <span class='ocrx_word' id='word_1_34' title='bbox 720 885 1017 955; x_wconf 76' lang='grc' dir='ltr'><strong>γινομένων</strong></span> <span class='ocrx_word' id='word_1_35' title='bbox 1044 886 1392 957; x_wconf 83' lang='grc' dir='ltr'>καλούμενον.</span> <span class='ocrx_word' id='word_1_36' title='bbox 1411 890 1467 943; x_wconf 88' lang='lat'><strong>&#39;0</strong></span> <span class='ocrx_word' id='word_1_37' title='bbox 1492 889 1548 942; x_wconf 80' lang='grc' dir='ltr'><strong>δὲ</strong></span> <span class='ocrx_word' id='word_1_38' title='bbox 1573 890 1730 942; x_wconf 78' lang='grc' dir='ltr'>τοῦτο</span> 
     </span>
    </p>
   </div>
   <div class='ocr_carea' id='block_1_7' title="bbox 221 971 1727 1051">
    <p class='ocr_par' dir='ltr' id='par_1_7' title="bbox 221 971 1727 1051">
     <span class='ocr_line' id='line_1_7' title="bbox 221 971 1727 1051; baseline 0.008 -29"><span class='ocrx_word' id='word_1_39' title='bbox 221 971 374 1040; x_wconf 69' lang='grc' dir='ltr'>ζητῶν.</span> <span class='ocrx_word' id='word_1_40' title='bbox 405 971 681 1040; x_wconf 83' lang='grc' dir='ltr'><strong>ἀναγνώτω</strong></span> <span class='ocrx_word' id='word_1_41' title='bbox 713 975 875 1027; x_wconf 77' lang='grc' dir='ltr'>πάλιν</span> <span class='ocrx_word' id='word_1_42' title='bbox 901 977 968 1028; x_wconf 80' lang='grc' dir='ltr'>τὰ</span> <span class='ocrx_word' id='word_1_43' title='bbox 999 977 1228 1050; x_wconf 87' lang='grc' dir='ltr'>κατόπιν</span> <span class='ocrx_word' id='word_1_44' title='bbox 1259 978 1619 1051; x_wconf 79' lang='grc' dir='ltr'><strong>ἐξητασμένα.</strong></span> <span class='ocrx_word' id='word_1_45' title='bbox 1665 983 1727 1034; x_wconf 83' lang='grc' dir='ltr'><strong>Ἠ</strong></span> 
     </span>
    </p>
   </div>
   <div class='ocr_carea' id='block_1_8' title="bbox 221 1064 1727 1142">
    <p class='ocr_par' dir='ltr' id='par_1_8' title="bbox 221 1064 1727 1142">
     <span class='ocr_line' id='line_1_8' title="bbox 221 1064 1727 1142; baseline 0.007 -27"><span class='ocrx_word' id='word_1_46' title='bbox 221 1064 300 1134; x_wconf 70' lang='grc' dir='ltr'><strong>γὰρ</strong></span> <span class='ocrx_word' id='word_1_47' title='bbox 320 1067 600 1137; x_wconf 82' lang='grc' dir='ltr'>κατασκευὴ</span> <span class='ocrx_word' id='word_1_48' title='bbox 635 1067 728 1120; x_wconf 71' lang='grc' dir='ltr'><strong>τοῦ</strong></span> <span class='ocrx_word' id='word_1_49' title='bbox 753 1069 852 1139; x_wconf 78' lang='grc' dir='ltr'><strong>τὴν</strong></span> <span class='ocrx_word' id='word_1_50' title='bbox 877 1069 965 1122; x_wconf 79' lang='grc' dir='ltr'><strong>διὰ</strong></span> <span class='ocrx_word' id='word_1_51' title='bbox 989 1072 1187 1141; x_wconf 83' lang='grc' dir='ltr'>σαρκὸς</span> <span class='ocrx_word' id='word_1_52' title='bbox 1217 1073 1349 1140; x_wconf 79' lang='grc' dir='ltr'>ἡμῖν</span> <span class='ocrx_word' id='word_1_53' title='bbox 1378 1075 1727 1142; x_wconf 73' lang='grc' dir='ltr'>ἐπιφανεῖσαν</span> 
     </span>
    </p>
   </div>
   <div class='ocr_carea' id='block_1_9' title="bbox 218 1155 1731 1232">
    <p class='ocr_par' dir='ltr' id='par_1_9' title="bbox 218 1155 1731 1232">
     <span class='ocr_line' id='line_1_9' title="bbox 218 1155 1731 1232; baseline 0.004 -25"><span class='ocrx_word' id='word_1_54' title='bbox 218 1156 416 1225; x_wconf 70' lang='grc' dir='ltr'>ῖῦναμιν,</span> <span class='ocrx_word' id='word_1_55' title='bbox 438 1155 646 1223; x_wconf 85' lang='grc' dir='ltr'>ἀληθῶς</span> <span class='ocrx_word' id='word_1_56' title='bbox 678 1156 826 1210; x_wconf 81' lang='grc' dir='ltr'>θείαν</span> <span class='ocrx_word' id='word_1_57' title='bbox 845 1155 1000 1224; x_wconf 73' lang='grc' dir='ltr'>εἶναι,</span> <span class='ocrx_word' id='word_1_58' title='bbox 1020 1159 1113 1212; x_wconf 80' lang='grc' dir='ltr'>τοῦ</span> <span class='ocrx_word' id='word_1_59' title='bbox 1136 1160 1399 1232; x_wconf 84' lang='grc' dir='ltr'>παρόντος</span> <span class='ocrx_word' id='word_1_60' title='bbox 1429 1161 1586 1228; x_wconf 82' lang='grc' dir='ltr'>λόγου</span> <span class='ocrx_word' id='word_1_61' title='bbox 1614 1178 1731 1213; x_wconf 89' lang='grc' dir='ltr'>συν-</span> 
     </span>
    </p>
   </div>
   <div class='ocr_carea' id='block_1_10' title="bbox 216 1247 1728 1320">
    <p class='ocr_par' dir='ltr' id='par_1_10' title="bbox 216 1247 1728 1320">
     <span class='ocr_line' id='line_1_10' title="bbox 216 1247 1728 1320; baseline 0.003 -21"><span class='ocrx_word' id='word_1_62' title='bbox 216 1250 370 1317; x_wconf 66' lang='grc' dir='ltr'>ηγορία</span> <span class='ocrx_word' id='word_1_63' title='bbox 398 1248 611 1315; x_wconf 85' lang='grc' dir='ltr'>γίνεται.</span> <span class='ocrx_word' id='word_1_64' title='bbox 643 1251 956 1320; x_wconf 86' lang='grc' dir='ltr'>Δειχθέντος</span> <span class='ocrx_word' id='word_1_65' title='bbox 1007 1251 1115 1320; x_wconf 77' lang='grc' dir='ltr'><strong>γὰρ</strong></span> <span class='ocrx_word' id='word_1_66' title='bbox 1161 1251 1253 1304; x_wconf 77' lang='grc' dir='ltr'><strong>τοῦ</strong></span> <span class='ocrx_word' id='word_1_67' title='bbox 1299 1251 1430 1303; x_wconf 87' lang='grc' dir='ltr'>Θεὸν</span> <span class='ocrx_word' id='word_1_68' title='bbox 1459 1247 1594 1303; x_wconf 81' lang='grc' dir='ltr'>εἶναι</span> <span class='ocrx_word' id='word_1_69' title='bbox 1638 1253 1728 1304; x_wconf 90' lang='grc' dir='ltr'><strong>τὸν</strong></span> 
     </span>
    </p>
   </div>
   <div class='ocr_carea' id='block_1_11' title="bbox 217 1343 1726 1415">
    <p class='ocr_par' dir='ltr' id='par_1_11' title="bbox 217 1343 1726 1415">
     <span class='ocr_line' id='line_1_11' title="bbox 217 1343 1726 1415; baseline 0.003 -21"><span class='ocrx_word' id='word_1_70' title='bbox 217 1346 260 1394; x_wconf 84' lang='grc' dir='ltr'><strong>ἐν</strong></span> <span class='ocrx_word' id='word_1_71' title='bbox 281 1343 418 1412; x_wconf 73' lang='grc' dir='ltr'>σαρκὶ</span> <span class='ocrx_word' id='word_1_72' title='bbox 452 1344 848 1414; x_wconf 74' lang='grc' dir='ltr'>φανερωθέντα,</span> <span class='ocrx_word' id='word_1_73' title='bbox 877 1349 986 1408; x_wconf 84' lang='grc' dir='ltr'>τοῖς</span> <span class='ocrx_word' id='word_1_74' title='bbox 1017 1346 1106 1398; x_wconf 72' lang='grc' dir='ltr'><strong>διὰ</strong></span> <span class='ocrx_word' id='word_1_75' title='bbox 1128 1345 1236 1397; x_wconf 85' lang='grc' dir='ltr'><strong>τῶν</strong></span> <span class='ocrx_word' id='word_1_76' title='bbox 1265 1347 1561 1415; x_wconf 77' lang='grc' dir='ltr'>γινομένων</span> <span class='ocrx_word' id='word_1_77' title='bbox 1594 1345 1726 1398; x_wconf 81' lang='grc' dir='ltr'>θαύ-</span> 
     </span>
    </p>
   </div>
   <div class='ocr_carea' id='block_1_12' title="bbox 219 1432 1730 1508">
    <p class='ocr_par' dir='ltr' id='par_1_12' title="bbox 219 1432 1730 1508">
     <span class='ocr_line' id='line_1_12' title="bbox 219 1432 1730 1508; baseline 0.004 -25"><span class='ocrx_word' id='word_1_78' title='bbox 219 1449 318 1500; x_wconf 81' lang='grc' dir='ltr'>μασι</span> <span class='ocrx_word' id='word_1_79' title='bbox 343 1435 429 1502; x_wconf 71' lang='grc' dir='ltr'>τὴν</span> <span class='ocrx_word' id='word_1_80' title='bbox 477 1432 631 1502; x_wconf 80' lang='grc' dir='ltr'>φύσιν</span> <span class='ocrx_word' id='word_1_81' title='bbox 676 1436 871 1489; x_wconf 77' lang='grc' dir='ltr'>ἑαυτοῦ</span> <span class='ocrx_word' id='word_1_82' title='bbox 900 1437 1186 1502; x_wconf 76' lang='grc' dir='ltr'>δείξαντα,</span> <span class='ocrx_word' id='word_1_83' title='bbox 1239 1437 1625 1508; x_wconf 84' lang='grc' dir='ltr'>συναπεδείχθη</span> <span class='ocrx_word' id='word_1_84' title='bbox 1669 1437 1730 1489; x_wconf 87' lang='grc' dir='ltr'><strong>τὸ</strong></span> 
     </span>
    </p>
   </div>
   <div class='ocr_carea' id='block_1_13' title="bbox 217 1527 1729 1597">
    <p class='ocr_par' dir='ltr' id='par_1_13' title="bbox 217 1527 1729 1597">
     <span class='ocr_line' id='line_1_13' title="bbox 217 1527 1729 1597; baseline 0.003 -22"><span class='ocrx_word' id='word_1_85' title='bbox 217 1527 416 1595; x_wconf 68' lang='grc' dir='ltr'>παρεῖναι</span> <span class='ocrx_word' id='word_1_86' title='bbox 446 1527 553 1588; x_wconf 84' lang='grc' dir='ltr'>τοῖς</span> <span class='ocrx_word' id='word_1_87' title='bbox 605 1527 909 1596; x_wconf 82' lang='grc' dir='ltr'>γινομένοις</span> <span class='ocrx_word' id='word_1_88' title='bbox 955 1527 1115 1580; x_wconf 82' lang='grc' dir='ltr'>αὐτὸν</span> <span class='ocrx_word' id='word_1_89' title='bbox 1164 1527 1303 1580; x_wconf 77' lang='grc' dir='ltr'>κατὰ</span> <span class='ocrx_word' id='word_1_90' title='bbox 1336 1528 1510 1581; x_wconf 84' lang='grc' dir='ltr'>πάντα</span> <span class='ocrx_word' id='word_1_91' title='bbox 1540 1527 1729 1597; x_wconf 87' lang='grc' dir='ltr'>καιρὸν</span> 
     </span>
    </p>
   </div>
   <div class='ocr_carea' id='block_1_14' title="bbox 217 1615 1759 1689">
    <p class='ocr_par' dir='ltr' id='par_1_14' title="bbox 217 1615 1759 1689">
     <span class='ocr_line' id='line_1_14' title="bbox 217 1615 1759 1689; baseline 0.003 -23"><span class='ocrx_word' id='word_1_92' title='bbox 217 1615 518 1685; x_wconf 71' lang='grc' dir='ltr'>ἐπικλήσεως.</span> <span class='ocrx_word' id='word_1_93' title='bbox 538 1616 750 1687; x_wconf 82' lang='grc' dir='ltr'>Ὥσπερ</span> <span class='ocrx_word' id='word_1_94' title='bbox 778 1618 885 1689; x_wconf 82' lang='grc' dir='ltr'>γὰρ</span> <span class='ocrx_word' id='word_1_95' title='bbox 909 1618 1138 1671; x_wconf 80' lang='grc' dir='ltr'><strong>ἑκάστου</strong></span> <span class='ocrx_word' id='word_1_96' title='bbox 1170 1619 1277 1672; x_wconf 87' lang='grc' dir='ltr'><strong>τῶν</strong></span> <span class='ocrx_word' id='word_1_97' title='bbox 1303 1619 1468 1671; x_wconf 77' lang='grc' dir='ltr'>ὄντων</span> <span class='ocrx_word' id='word_1_98' title='bbox 1503 1619 1617 1672; x_wconf 80' lang='grc' dir='ltr'>ἐστί</span> <span class='ocrx_word' id='word_1_99' title='bbox 1648 1636 1728 1682; x_wconf 87' lang='grc' dir='ltr'><strong>τις</strong></span> <span class='ocrx_word' id='word_1_100' title='bbox 1755 1640 1759 1644; x_wconf 95' lang='grc'><strong>·</strong></span> 
     </span>
    </p>
   </div>
   <div class='ocr_carea' id='block_1_15' title="bbox 219 1704 1728 1779">
    <p class='ocr_par' dir='ltr' id='par_1_15' title="bbox 219 1704 1728 1779">
     <span class='ocr_line' id='line_1_15' title="bbox 219 1704 1728 1779; baseline 0.003 -23"><span class='ocrx_word' id='word_1_101' title='bbox 219 1704 371 1775; x_wconf 73' lang='grc' dir='ltr'>ἰδιότης</span> <span class='ocrx_word' id='word_1_102' title='bbox 409 1707 439 1775; x_wconf 74' lang='grc' dir='ltr'>ἡ</span> <span class='ocrx_word' id='word_1_103' title='bbox 486 1706 582 1776; x_wconf 82' lang='grc' dir='ltr'><strong>τὴν</strong></span> <span class='ocrx_word' id='word_1_104' title='bbox 617 1707 779 1775; x_wconf 78' lang='grc' dir='ltr'>φύσιν</span> <span class='ocrx_word' id='word_1_105' title='bbox 809 1709 1146 1779; x_wconf 76' lang='grc' dir='ltr'>γνωρίζουσα</span> <span class='ocrx_word' id='word_1_106' title='bbox 1173 1727 1187 1740; x_wconf 79' lang='grc'><strong>’</strong></span> <span class='ocrx_word' id='word_1_107' title='bbox 1238 1708 1409 1772; x_wconf 75' lang='grc' dir='ltr'>οὕτως</span> <span class='ocrx_word' id='word_1_108' title='bbox 1440 1709 1566 1763; x_wconf 81' lang='grc' dir='ltr'>ἴδιόν</span> <span class='ocrx_word' id='word_1_109' title='bbox 1614 1712 1728 1761; x_wconf 86' lang='grc' dir='ltr'>ἐστι</span> 
     </span>
    </p>
   </div>
   <div class='ocr_carea' id='block_1_16' title="bbox 214 1795 1728 1871">
    <p class='ocr_par' dir='ltr' id='par_1_16' title="bbox 214 1795 1728 1871">
     <span class='ocr_line' id='line_1_16' title="bbox 214 1795 1728 1871; baseline 0.005 -26"><span class='ocrx_word' id='word_1_110' title='bbox 214 1796 289 1862; x_wconf 72' lang='grc' dir='ltr'><strong>τῆς</strong></span> <span class='ocrx_word' id='word_1_111' title='bbox 318 1795 447 1858; x_wconf 84' lang='grc' dir='ltr'>Θείας</span> <span class='ocrx_word' id='word_1_112' title='bbox 479 1797 697 1866; x_wconf 78' lang='grc' dir='ltr'>φύσεως</span> <span class='ocrx_word' id='word_1_113' title='bbox 734 1801 766 1869; x_wconf 82' lang='grc' dir='ltr'><strong>ἡ</strong></span> <span class='ocrx_word' id='word_1_114' title='bbox 801 1799 1044 1870; x_wconf 84' lang='grc' dir='ltr'>ἀλήθεια.</span> <span class='ocrx_word' id='word_1_115' title='bbox 1090 1799 1248 1853; x_wconf 75' lang='grc' dir='ltr'>Ἀλλὰ</span> <span class='ocrx_word' id='word_1_116' title='bbox 1299 1800 1404 1871; x_wconf 75' lang='grc' dir='ltr'>μὴν</span> <span class='ocrx_word' id='word_1_117' title='bbox 1453 1801 1538 1854; x_wconf 73' lang='grc' dir='ltr'><strong>ἀεὶ</strong></span> <span class='ocrx_word' id='word_1_118' title='bbox 1588 1817 1728 1870; x_wconf 86' lang='grc' dir='ltr'>παρ-</span> 
     </span>
    </p>
   </div>
   <div class='ocr_carea' id='block_1_17' title="bbox 216 1885 1730 1961">
    <p class='ocr_par' dir='ltr' id='par_1_17' title="bbox 216 1885 1730 1961">
     <span class='ocr_line' id='line_1_17' title="bbox 216 1885 1730 1961; baseline 0.005 -25"><span class='ocrx_word' id='word_1_119' title='bbox 216 1885 384 1940; x_wconf 83' lang='grc' dir='ltr'>έσεσθαι</span> <span class='ocrx_word' id='word_1_120' title='bbox 408 1890 512 1951; x_wconf 82' lang='grc' dir='ltr'>τοῖς</span> <span class='ocrx_word' id='word_1_121' title='bbox 532 1889 984 1960; x_wconf 81' lang='grc' dir='ltr'>ἐπικαλουμένοις</span> <span class='ocrx_word' id='word_1_122' title='bbox 1014 1893 1364 1961; x_wconf 84' lang='grc' dir='ltr'>ἐπήγγελται,</span> <span class='ocrx_word' id='word_1_123' title='bbox 1384 1894 1477 1945; x_wconf 75' lang='grc' dir='ltr'>καὶ</span> <span class='ocrx_word' id='word_1_124' title='bbox 1500 1894 1557 1944; x_wconf 90' lang='grc' dir='ltr'><strong>ἐν</strong></span> <span class='ocrx_word' id='word_1_125' title='bbox 1583 1891 1730 1961; x_wconf 85' lang='grc' dir='ltr'>μέσῳ</span> 
     </span>
    </p>
   </div>
   <div class='ocr_carea' id='block_1_18' title="bbox 215 1977 1730 2052">
    <p class='ocr_par' dir='ltr' id='par_1_18' title="bbox 215 1977 1730 2052">
     <span class='ocr_line' id='line_1_18' title="bbox 215 1977 1730 2052; baseline 0.005 -23"><span class='ocrx_word' id='word_1_126' title='bbox 215 1977 293 2029; x_wconf 82' lang='grc' dir='ltr'>τῶν</span> <span class='ocrx_word' id='word_1_127' title='bbox 316 1979 657 2032; x_wconf 79' lang='grc' dir='ltr'>πιστευόντων</span> <span class='ocrx_word' id='word_1_128' title='bbox 686 1977 842 2044; x_wconf 75' lang='grc' dir='ltr'>εἶναι,</span> <span class='ocrx_word' id='word_1_129' title='bbox 876 1983 969 2035; x_wconf 75' lang='grc' dir='ltr'><strong>καὶ</strong></span> <span class='ocrx_word' id='word_1_130' title='bbox 1000 1984 1057 2035; x_wconf 84' lang='grc' dir='ltr'><strong>ἐν</strong></span> <span class='ocrx_word' id='word_1_131' title='bbox 1092 1984 1227 2035; x_wconf 81' lang='grc' dir='ltr'>πᾶσι</span> <span class='ocrx_word' id='word_1_132' title='bbox 1269 1983 1450 2052; x_wconf 84' lang='grc' dir='ltr'>μένειν</span> <span class='ocrx_word' id='word_1_133' title='bbox 1482 1984 1576 2036; x_wconf 72' lang='grc' dir='ltr'><strong>καὶ</strong></span> <span class='ocrx_word' id='word_1_134' title='bbox 1603 1984 1730 2037; x_wconf 86' lang='grc' dir='ltr'>ἐκά-</span> 
     </span>
    </p>
   </div>
   <div class='ocr_carea' id='block_1_19' title="bbox 2338 694 3133 765">
    <p class='ocr_par' dir='ltr' id='par_1_19' title="bbox 2338 694 3133 765">
     <span class='ocr_line' id='line_1_19' title="bbox 2338 694 3133 765; baseline -0.003 -14"><span class='ocrx_word' id='word_1_135' title='bbox 2338 695 2566 751; x_wconf 76' lang='lat' dir='ltr'><strong>CAPUT</strong></span> <span class='ocrx_word' id='word_1_136' title='bbox 2646 694 2881 750; x_wconf 78' lang='lat' dir='ltr'><strong>xxxrv.</strong></span> <span class='ocrx_word' id='word_1_137' title='bbox 3127 760 3133 765; x_wconf 91' lang='lat'><strong><em>_</em></strong></span> 
     </span>
    </p>
   </div>
   <div class='ocr_carea' id='block_1_20' title="bbox 1901 784 3400 860">
    <p class='ocr_par' dir='ltr' id='par_1_20' title="bbox 1901 784 3400 860">
     <span class='ocr_line' id='line_1_20' title="bbox 1901 784 3400 860; baseline -0.006 -13"><span class='ocrx_word' id='word_1_138' title='bbox 1901 793 2007 848; x_wconf 89' lang='lat' dir='ltr'><strong>Sed</strong></span> <span class='ocrx_word' id='word_1_139' title='bbox 2056 799 2305 860; x_wconf 66' lang='lat' dir='ltr'><strong>quaarunt</strong></span> <span class='ocrx_word' id='word_1_140' title='bbox 2372 799 2429 843; x_wconf 88' lang='lat' dir='ltr'><strong>ut</strong></span> <span class='ocrx_word' id='word_1_141' title='bbox 2483 791 2583 843; x_wconf 85' lang='lat' dir='ltr'><strong>sibi</strong></span> <span class='ocrx_word' id='word_1_142' title='bbox 2647 786 3000 847; x_wconf 86' lang='lat' dir='ltr'><strong>ostendatur,</strong></span> <span class='ocrx_word' id='word_1_143' title='bbox 3057 784 3203 854; x_wconf 88' lang='lat' dir='ltr'><strong>quod</strong></span> <span class='ocrx_word' id='word_1_144' title='bbox 3258 784 3400 838; x_wconf 86' lang='lat' dir='ltr'><strong>Deus</strong></span> 
     </span>
    </p>
   </div>
   <div class='ocr_carea' id='block_1_21' title="bbox 1829 878 3396 950">
    <p class='ocr_par' dir='ltr' id='par_1_21' title="bbox 1829 878 3396 950">
     <span class='ocr_line' id='line_1_21' title="bbox 1829 878 3396 950; baseline -0.007 -10"><span class='ocrx_word' id='word_1_145' title='bbox 1829 887 1970 940; x_wconf 89' lang='lat' dir='ltr'><strong>adsit</strong></span> <span class='ocrx_word' id='word_1_146' title='bbox 2013 885 2296 938; x_wconf 87' lang='lat' dir='ltr'><strong>invocatus</strong></span> <span class='ocrx_word' id='word_1_147' title='bbox 2332 883 2385 934; x_wconf 84' lang='lat' dir='ltr'><strong>iu</strong></span> <span class='ocrx_word' id='word_1_148' title='bbox 2421 882 2488 934; x_wconf 87' lang='lat' dir='ltr'><strong>iis</strong></span> <span class='ocrx_word' id='word_1_149' title='bbox 2529 896 2649 950; x_wconf 65' lang='lat' dir='ltr'><strong>quae</strong></span> <span class='ocrx_word' id='word_1_150' title='bbox 2679 882 2814 932; x_wconf 87' lang='lat' dir='ltr'><strong>ﬁunt</strong></span> <span class='ocrx_word' id='word_1_151' title='bbox 2849 878 3396 933; x_wconf 83' lang='lat' dir='ltr'><strong>sanctificationibus.</strong></span> 
     </span>
    </p>
   </div>
   <div class='ocr_carea' id='block_1_22' title="bbox 1828 971 3403 1043">
    <p class='ocr_par' dir='ltr' id='par_1_22' title="bbox 1828 971 3403 1043">
     <span class='ocr_line' id='line_1_22' title="bbox 1828 971 3403 1043; baseline -0.006 -13"><span class='ocrx_word' id='word_1_152' title='bbox 1828 977 1928 1043; x_wconf 81' lang='lat' dir='ltr'><strong>Qui</strong></span> <span class='ocrx_word' id='word_1_153' title='bbox 1978 987 2154 1029; x_wconf 90' lang='lat' dir='ltr'><strong>autem</strong></span> <span class='ocrx_word' id='word_1_154' title='bbox 2187 974 2288 1026; x_wconf 90' lang='lat' dir='ltr'><strong>hoc</strong></span> <span class='ocrx_word' id='word_1_155' title='bbox 2315 972 2530 1042; x_wconf 66' lang='lat' dir='ltr'><strong>quaerit,</strong></span> <span class='ocrx_word' id='word_1_156' title='bbox 2561 978 2776 1023; x_wconf 87' lang='lat' dir='ltr'><strong>revocet</strong></span> <span class='ocrx_word' id='word_1_157' title='bbox 2815 971 2866 1022; x_wconf 89' lang='lat' dir='ltr'><strong>in</strong></span> <span class='ocrx_word' id='word_1_158' title='bbox 2901 983 3138 1023; x_wconf 85' lang='lat' dir='ltr'><strong>mentem</strong></span> <span class='ocrx_word' id='word_1_159' title='bbox 3191 983 3255 1021; x_wconf 85' lang='lat' dir='ltr'><strong>ca</strong></span> <span class='ocrx_word' id='word_1_160' title='bbox 3281 983 3403 1038; x_wconf 66' lang='lat' dir='ltr'><strong>quae</strong></span> 
     </span>
    </p>
   </div>
   <div class='ocr_carea' id='block_1_23' title="bbox 1829 1061 3403 1130">
    <p class='ocr_par' dir='ltr' id='par_1_23' title="bbox 1829 1061 3403 1130">
     <span class='ocr_line' id='line_1_23' title="bbox 1829 1061 3403 1130; baseline -0.006 -7"><span class='ocrx_word' id='word_1_161' title='bbox 1829 1077 1976 1123; x_wconf 84' lang='lat' dir='ltr'><strong>retro</strong></span> <span class='ocrx_word' id='word_1_162' title='bbox 1999 1077 2127 1122; x_wconf 90' lang='lat' dir='ltr'><strong>sunt</strong></span> <span class='ocrx_word' id='word_1_163' title='bbox 2160 1066 2488 1120; x_wconf 76' lang='lat' dir='ltr'><strong>exan&#39;iinala.</strong></span> <span class='ocrx_word' id='word_1_164' title='bbox 2517 1063 2876 1116; x_wconf 85' lang='lat' dir='ltr'><strong>Conﬁrmalio</strong></span> <span class='ocrx_word' id='word_1_165' title='bbox 2909 1061 3076 1124; x_wconf 83' lang='lat' dir='ltr'><strong>enim,</strong></span> <span class='ocrx_word' id='word_1_166' title='bbox 3108 1062 3250 1129; x_wconf 71' lang='lat' dir='ltr'><strong>quod</strong></span> <span class='ocrx_word' id='word_1_167' title='bbox 3281 1076 3403 1130; x_wconf 70' lang='lat' dir='ltr'><strong>qua:</strong></span> 
     </span>
    </p>
   </div>
   <div class='ocr_carea' id='block_1_24' title="bbox 1828 1153 3430 1228">
    <p class='ocr_par' dir='ltr' id='par_1_24' title="bbox 1828 1153 3430 1228">
     <span class='ocr_line' id='line_1_24' title="bbox 1828 1153 3430 1228; baseline -0.006 -15"><span class='ocrx_word' id='word_1_168' title='bbox 1828 1175 1924 1228; x_wconf 88' lang='lat' dir='ltr'><strong>per</strong></span> <span class='ocrx_word' id='word_1_169' title='bbox 1954 1174 2172 1212; x_wconf 87' lang='lat' dir='ltr'><strong>carnem</strong></span> <span class='ocrx_word' id='word_1_170' title='bbox 2215 1157 2376 1210; x_wconf 91' lang='lat' dir='ltr'><strong>nobis</strong></span> <span class='ocrx_word' id='word_1_171' title='bbox 2417 1157 2668 1225; x_wconf 83' lang='lat' dir='ltr'><strong>apparuit</strong></span> <span class='ocrx_word' id='word_1_172' title='bbox 2698 1156 2893 1218; x_wconf 83' lang='lat' dir='ltr'><strong>virtus,</strong></span> <span class='ocrx_word' id='word_1_173' title='bbox 2923 1170 3049 1207; x_wconf 81' lang='lat' dir='ltr'><strong>vere</strong></span> <span class='ocrx_word' id='word_1_174' title='bbox 3085 1155 3156 1208; x_wconf 86' lang='lat' dir='ltr'><strong>sit</strong></span> <span class='ocrx_word' id='word_1_175' title='bbox 3189 1153 3396 1214; x_wconf 87' lang='lat' dir='ltr'><strong>divina,</strong></span> <span class='ocrx_word' id='word_1_176' title='bbox 3427 1177 3430 1180; x_wconf 55' lang='grc' dir='ltr'><strong>ν</strong></span> 
     </span>
    </p>
   </div>
   <div class='ocr_carea' id='block_1_25' title="bbox 1831 1241 3401 1315">
    <p class='ocr_par' dir='ltr' id='par_1_25' title="bbox 1831 1241 3401 1315">
     <span class='ocr_line' id='line_1_25' title="bbox 1831 1241 3401 1315; baseline -0.004 -14"><span class='ocrx_word' id='word_1_177' title='bbox 1831 1248 2072 1302; x_wconf 80' lang='lat' dir='ltr'><strong>defendit</strong></span> <span class='ocrx_word' id='word_1_178' title='bbox 2122 1247 2172 1300; x_wconf 91' lang='lat' dir='ltr'><strong>id</strong></span> <span class='ocrx_word' id='word_1_179' title='bbox 2222 1250 2367 1315; x_wconf 88' lang='lat' dir='ltr'><strong>quod</strong></span> <span class='ocrx_word' id='word_1_180' title='bbox 2409 1245 2642 1298; x_wconf 79' lang='lat' dir='ltr'><strong>dicimus</strong></span> <span class='ocrx_word' id='word_1_181' title='bbox 2677 1245 2730 1297; x_wconf 88' lang='lat' dir='ltr'><strong>in</strong></span> <span class='ocrx_word' id='word_1_182' title='bbox 2775 1243 3082 1312; x_wconf 76' lang='lat' dir='ltr'><strong>praesentia.</strong></span> <span class='ocrx_word' id='word_1_183' title='bbox 3112 1241 3244 1295; x_wconf 73' lang='lat' dir='ltr'><strong>Nam</strong></span> <span class='ocrx_word' id='word_1_184' title='bbox 3280 1257 3401 1295; x_wconf 91' lang='lat' dir='ltr'><strong>cum</strong></span> 
     </span>
    </p>
   </div>
   <div class='ocr_carea' id='block_1_26' title="bbox 1829 1336 3405 1407">
    <p class='ocr_par' dir='ltr' id='par_1_26' title="bbox 1829 1336 3405 1407">
     <span class='ocr_line' id='line_1_26' title="bbox 1829 1336 3405 1407; baseline -0.004 -13"><span class='ocrx_word' id='word_1_185' title='bbox 1829 1352 2109 1394; x_wconf 85' lang='lat' dir='ltr'><strong>ostensum</strong></span> <span class='ocrx_word' id='word_1_186' title='bbox 2177 1340 2247 1393; x_wconf 90' lang='lat' dir='ltr'><strong>sit</strong></span> <span class='ocrx_word' id='word_1_187' title='bbox 2303 1340 2445 1407; x_wconf 87' lang='lat' dir='ltr'><strong>quod</strong></span> <span class='ocrx_word' id='word_1_188' title='bbox 2505 1339 2576 1392; x_wconf 88' lang='lat' dir='ltr'><strong>sit</strong></span> <span class='ocrx_word' id='word_1_189' title='bbox 2623 1336 2766 1391; x_wconf 88' lang='lat' dir='ltr'><strong>Deus</strong></span> <span class='ocrx_word' id='word_1_190' title='bbox 2811 1338 2902 1404; x_wconf 86' lang='lat' dir='ltr'><strong>qui</strong></span> <span class='ocrx_word' id='word_1_191' title='bbox 2963 1352 3116 1391; x_wconf 90' lang='lat' dir='ltr'><strong>suam</strong></span> <span class='ocrx_word' id='word_1_192' title='bbox 3168 1337 3405 1390; x_wconf 76' lang='lat' dir='ltr'><strong>ostendit</strong></span> 
     </span>
    </p>
   </div>
   <div class='ocr_carea' id='block_1_27' title="bbox 1830 1428 3421 1500">
    <p class='ocr_par' dir='ltr' id='par_1_27' title="bbox 1830 1428 3421 1500">
     <span class='ocr_line' id='line_1_27' title="bbox 1830 1428 3421 1500; baseline -0.002 -16"><span class='ocrx_word' id='word_1_193' title='bbox 1830 1441 2082 1485; x_wconf 87' lang='lat' dir='ltr'><strong>naturam</strong></span> <span class='ocrx_word' id='word_1_194' title='bbox 2128 1431 2406 1484; x_wconf 84' lang='lat' dir='ltr'><strong>miraculis</strong></span> <span class='ocrx_word' id='word_1_195' title='bbox 2445 1445 2538 1500; x_wconf 87' lang='lat' dir='ltr'><strong>per</strong></span> <span class='ocrx_word' id='word_1_196' title='bbox 2575 1445 2638 1483; x_wconf 89' lang='lat' dir='ltr'><strong>ea</strong></span> <span class='ocrx_word' id='word_1_197' title='bbox 2673 1445 2792 1498; x_wconf 73' lang='lat' dir='ltr'><strong>quae</strong></span> <span class='ocrx_word' id='word_1_198' title='bbox 2836 1428 2990 1493; x_wconf 89' lang='lat' dir='ltr'><strong>ﬁunt,</strong></span> <span class='ocrx_word' id='word_1_199' title='bbox 3045 1429 3205 1482; x_wconf 85' lang='lat' dir='ltr'><strong>simul</strong></span> <span class='ocrx_word' id='word_1_200' title='bbox 3238 1428 3421 1482; x_wconf 85' lang='lat' dir='ltr'><strong>etiam.</strong></span> 
     </span>
    </p>
   </div>
   <div class='ocr_carea' id='block_1_28' title="bbox 1829 1521 3404 1590">
    <p class='ocr_par' dir='ltr' id='par_1_28' title="bbox 1829 1521 3404 1590">
     <span class='ocr_line' id='line_1_28' title="bbox 1829 1521 3404 1590; baseline -0.001 -15"><span class='ocrx_word' id='word_1_201' title='bbox 1829 1533 2106 1578; x_wconf 88' lang='lat' dir='ltr'><strong>ostensum</strong></span> <span class='ocrx_word' id='word_1_202' title='bbox 2153 1530 2258 1588; x_wconf 87' lang='lat' dir='ltr'><strong>est,</strong></span> <span class='ocrx_word' id='word_1_203' title='bbox 2315 1538 2436 1575; x_wconf 88' lang='lat' dir='ltr'><strong>eum</strong></span> <span class='ocrx_word' id='word_1_204' title='bbox 2481 1521 2674 1576; x_wconf 86' lang='lat' dir='ltr'><strong>adesse</strong></span> <span class='ocrx_word' id='word_1_205' title='bbox 2714 1523 2780 1575; x_wconf 88' lang='lat' dir='ltr'><strong>iis</strong></span> <span class='ocrx_word' id='word_1_206' title='bbox 2830 1537 2950 1590; x_wconf 70' lang='lat' dir='ltr'><strong>qua:</strong></span> <span class='ocrx_word' id='word_1_207' title='bbox 2991 1522 3124 1574; x_wconf 86' lang='lat' dir='ltr'><strong>ﬁunt</strong></span> <span class='ocrx_word' id='word_1_208' title='bbox 3159 1531 3404 1588; x_wconf 87' lang='lat' dir='ltr'><strong>tempore</strong></span> 
     </span>
    </p>
   </div>
   <div class='ocr_carea' id='block_1_29' title="bbox 1830 1613 3401 1681">
    <p class='ocr_par' dir='ltr' id='par_1_29' title="bbox 1830 1613 3401 1681">
     <span class='ocr_line' id='line_1_29' title="bbox 1830 1613 3401 1681; baseline -0.004 -12"><span class='ocrx_word' id='word_1_209' title='bbox 1830 1615 2214 1669; x_wconf 88' lang='lat' dir='ltr'><strong>invocationis.</strong></span> <span class='ocrx_word' id='word_1_210' title='bbox 2268 1613 2554 1678; x_wconf 80' lang='lat' dir='ltr'><strong>Quomodo</strong></span> <span class='ocrx_word' id='word_1_211' title='bbox 2599 1615 2741 1666; x_wconf 88' lang='lat' dir='ltr'><strong>enim</strong></span> <span class='ocrx_word' id='word_1_212' title='bbox 2774 1613 2828 1665; x_wconf 92' lang='lat' dir='ltr'><strong>in</strong></span> <span class='ocrx_word' id='word_1_213' title='bbox 2861 1628 3190 1681; x_wconf 83' lang='lat' dir='ltr'><strong>unoquoque</strong></span> <span class='ocrx_word' id='word_1_214' title='bbox 3213 1626 3401 1666; x_wconf 90' lang='lat' dir='ltr'><strong>eorum</strong></span> 
     </span>
    </p>
   </div>
   <div class='ocr_carea' id='block_1_30' title="bbox 1829 1703 3405 1778">
    <p class='ocr_par' dir='ltr' id='par_1_30' title="bbox 1829 1703 3405 1778">
     <span class='ocr_line' id='line_1_30' title="bbox 1829 1703 3405 1778; baseline -0.004 -16"><span class='ocrx_word' id='word_1_215' title='bbox 1829 1724 1950 1778; x_wconf 69' lang='lat' dir='ltr'><strong>qua:</strong></span> <span class='ocrx_word' id='word_1_216' title='bbox 1971 1716 2118 1771; x_wconf 89' lang='lat' dir='ltr'><strong>sunt,</strong></span> <span class='ocrx_word' id='word_1_217' title='bbox 2153 1717 2236 1761; x_wconf 90' lang='lat' dir='ltr'><strong>est</strong></span> <span class='ocrx_word' id='word_1_218' title='bbox 2255 1707 2499 1776; x_wconf 54' lang='lat' dir='ltr'><strong>quadam</strong></span> <span class='ocrx_word' id='word_1_219' title='bbox 2535 1706 2839 1775; x_wconf 79' lang='lat' dir='ltr'><strong>proprietas</strong></span> <span class='ocrx_word' id='word_1_220' title='bbox 2868 1722 2989 1774; x_wconf 65' lang='lat' dir='ltr'><strong>qua:</strong></span> <span class='ocrx_word' id='word_1_221' title='bbox 3007 1713 3187 1758; x_wconf 86' lang='lat' dir='ltr'><strong>notam</strong></span> <span class='ocrx_word' id='word_1_222' title='bbox 3224 1703 3405 1758; x_wconf 84' lang='lat' dir='ltr'><strong>reddit</strong></span> 
     </span>
    </p>
   </div>
   <div class='ocr_carea' id='block_1_31' title="bbox 1830 1796 3399 1866">
    <p class='ocr_par' dir='ltr' id='par_1_31' title="bbox 1830 1796 3399 1866">
     <span class='ocr_line' id='line_1_31' title="bbox 1830 1796 3399 1866; baseline -0.004 -12"><span class='ocrx_word' id='word_1_223' title='bbox 1830 1810 2104 1862; x_wconf 88' lang='lat' dir='ltr'><strong>naturam,</strong></span> <span class='ocrx_word' id='word_1_224' title='bbox 2173 1799 2248 1851; x_wconf 87' lang='lat' dir='ltr'><strong>ita</strong></span> <span class='ocrx_word' id='word_1_225' title='bbox 2283 1798 2483 1851; x_wconf 67' lang='lat' dir='ltr'><strong>divina:</strong></span> <span class='ocrx_word' id='word_1_226' title='bbox 2521 1808 2729 1852; x_wconf 73' lang='lat' dir='ltr'><strong>naturae</strong></span> <span class='ocrx_word' id='word_1_227' title='bbox 2763 1796 3038 1866; x_wconf 86' lang='lat' dir='ltr'><strong>proprium</strong></span> <span class='ocrx_word' id='word_1_228' title='bbox 3065 1805 3146 1850; x_wconf 87' lang='lat' dir='ltr'><strong>est</strong></span> <span class='ocrx_word' id='word_1_229' title='bbox 3179 1796 3399 1850; x_wconf 86' lang='lat' dir='ltr'><strong>veritas.</strong></span> 
     </span>
    </p>
   </div>
   <div class='ocr_carea' id='block_1_32' title="bbox 1829 1888 3405 1960">
    <p class='ocr_par' dir='ltr' id='par_1_32' title="bbox 1829 1888 3405 1960">
     <span class='ocr_line' id='line_1_32' title="bbox 1829 1888 3405 1960; baseline -0.003 -15"><span class='ocrx_word' id='word_1_230' title='bbox 1829 1892 1990 1960; x_wconf 82' lang='lat' dir='ltr'><strong>Atqui</strong></span> <span class='ocrx_word' id='word_1_231' title='bbox 2046 1889 2428 1944; x_wconf 84' lang='lat' dir='ltr'><strong>invocantibus</strong></span> <span class='ocrx_word' id='word_1_232' title='bbox 2460 1905 2518 1944; x_wconf 88' lang='lat' dir='ltr'><strong>se</strong></span> <span class='ocrx_word' id='word_1_233' title='bbox 2551 1904 2764 1958; x_wconf 85' lang='lat' dir='ltr'><strong>semper</strong></span> <span class='ocrx_word' id='word_1_234' title='bbox 2795 1888 3088 1942; x_wconf 75' lang='lat' dir='ltr'><strong>affuturum</strong></span> <span class='ocrx_word' id='word_1_235' title='bbox 3117 1897 3200 1942; x_wconf 90' lang='lat' dir='ltr'><strong>est</strong></span> <span class='ocrx_word' id='word_1_236' title='bbox 3245 1889 3405 1957; x_wconf 88' lang='lat' dir='ltr'><strong>polli-</strong></span> 
     </span>
    </p>
   </div>
   <div class='ocr_carea' id='block_1_33' title="bbox 1831 1979 3402 2046">
    <p class='ocr_par' dir='ltr' id='par_1_33' title="bbox 1831 1979 3402 2046">
     <span class='ocr_line' id='line_1_33' title="bbox 1831 1979 3402 2046; baseline -0.004 -9"><span class='ocrx_word' id='word_1_237' title='bbox 1831 1985 1997 2046; x_wconf 83' lang='lat' dir='ltr'><strong>citus,</strong></span> <span class='ocrx_word' id='word_1_238' title='bbox 2045 1990 2098 2036; x_wconf 88' lang='lat' dir='ltr'><strong>et</strong></span> <span class='ocrx_word' id='word_1_239' title='bbox 2151 1981 2393 2036; x_wconf 87' lang='lat' dir='ltr'><strong>futurum</strong></span> <span class='ocrx_word' id='word_1_240' title='bbox 2435 1981 2488 2034; x_wconf 92' lang='lat' dir='ltr'><strong>in</strong></span> <span class='ocrx_word' id='word_1_241' title='bbox 2521 1980 2700 2033; x_wconf 86' lang='lat' dir='ltr'><strong>medio</strong></span> <span class='ocrx_word' id='word_1_242' title='bbox 2729 1979 3088 2043; x_wconf 83' lang='lat' dir='ltr'><strong>credentium,</strong></span> <span class='ocrx_word' id='word_1_243' title='bbox 3121 1991 3170 2032; x_wconf 91' lang='lat' dir='ltr'><strong>et</strong></span> <span class='ocrx_word' id='word_1_244' title='bbox 3196 1979 3249 2031; x_wconf 90' lang='lat' dir='ltr'><strong>in</strong></span> <span class='ocrx_word' id='word_1_245' title='bbox 3281 1995 3402 2032; x_wconf 90' lang='lat' dir='ltr'><strong>om-</strong></span> 
     </span>
    </p>
   </div>
   <div class='ocr_carea' id='block_1_34' title="bbox 214 2047 1739 2147">
    <p class='ocr_par' dir='ltr' id='par_1_34' title="bbox 214 2072 1729 2147">
     <span class='ocr_line' id='line_1_34' title="bbox 214 2072 1729 2147; baseline 0.005 -26"><span class='ocrx_word' id='word_1_246' title='bbox 214 2087 296 2138; x_wconf 82' lang='grc' dir='ltr'>στῳ</span> <span class='ocrx_word' id='word_1_247' title='bbox 315 2072 542 2134; x_wconf 77' lang='grc' dir='ltr'>συνεῖναι,</span> <span class='ocrx_word' id='word_1_248' title='bbox 568 2073 668 2124; x_wconf 74' lang='grc' dir='ltr'>καὶ</span> <span class='ocrx_word' id='word_1_249' title='bbox 685 2072 860 2125; x_wconf 76' lang='grc' dir='ltr'>οὐκέτ’</span> <span class='ocrx_word' id='word_1_250' title='bbox 885 2072 950 2126; x_wconf 86' lang='grc' dir='ltr'><strong>ἂν</strong></span> <span class='ocrx_word' id='word_1_251' title='bbox 971 2074 1162 2145; x_wconf 85' lang='grc' dir='ltr'>ἐτέρας</span> <span class='ocrx_word' id='word_1_252' title='bbox 1188 2077 1266 2138; x_wconf 86' lang='grc' dir='ltr'><strong>είς</strong></span> <span class='ocrx_word' id='word_1_253' title='bbox 1295 2076 1356 2128; x_wconf 87' lang='grc' dir='ltr'><strong>τὸ</strong></span> <span class='ocrx_word' id='word_1_254' title='bbox 1382 2078 1635 2147; x_wconf 84' lang='grc' dir='ltr'>παρεῖναι</span> <span class='ocrx_word' id='word_1_255' title='bbox 1668 2076 1729 2128; x_wconf 88' lang='grc' dir='ltr'><strong>τὸ</strong></span> 
     </span>
    </p>
   </div>
   <div class='ocr_carea' id='block_1_35' title="bbox 1844 2047 3402 2147">
    <p class='ocr_par' dir='ltr' id='par_1_35' title="bbox 1844 2076 3402 2140">
     <span class='ocr_line' id='line_1_35' title="bbox 1844 2076 3402 2140; baseline -0.003 -11"><span class='ocrx_word' id='word_1_256' title='bbox 1844 2076 1996 2131; x_wconf 81' lang='lat' dir='ltr'><strong>nibus</strong></span> <span class='ocrx_word' id='word_1_257' title='bbox 2047 2089 2388 2136; x_wconf 90' lang='lat' dir='ltr'><strong>mansurum,</strong></span> <span class='ocrx_word' id='word_1_258' title='bbox 2428 2081 2632 2126; x_wconf 85' lang='lat' dir='ltr'><strong>etcum</strong></span> <span class='ocrx_word' id='word_1_259' title='bbox 2671 2085 3000 2140; x_wconf 87' lang='lat' dir='ltr'><strong>unoquoque</strong></span> <span class='ocrx_word' id='word_1_260' title='bbox 3049 2079 3402 2125; x_wconf 85' lang='lat' dir='ltr'><strong>conversatu-</strong></span> 
     </span>
    </p>
   </div>
   <div class='ocr_carea' id='block_1_36' title="bbox 213 2157 1730 2238">
    <p class='ocr_par' dir='ltr' id='par_1_36' title="bbox 213 2157 1730 2238">
     <span class='ocr_line' id='line_1_36' title="bbox 213 2157 1730 2238; baseline 0.007 -29"><span class='ocrx_word' id='word_1_261' title='bbox 213 2157 328 2209; x_wconf 84' lang='grc' dir='ltr'>Θείον</span> <span class='ocrx_word' id='word_1_262' title='bbox 346 2161 443 2222; x_wconf 79' lang='grc' dir='ltr'>τοῖς</span> <span class='ocrx_word' id='word_1_263' title='bbox 473 2164 780 2233; x_wconf 82' lang='grc' dir='ltr'>γινομένοις</span> <span class='ocrx_word' id='word_1_264' title='bbox 823 2165 1144 2230; x_wconf 80' lang='grc' dir='ltr'>ἀποδείξεως</span> <span class='ocrx_word' id='word_1_265' title='bbox 1179 2167 1568 2238; x_wconf 79' lang='grc' dir='ltr'>προσδεοεμεθα</span> <span class='ocrx_word' id='word_1_266' title='bbox 1590 2185 1605 2200; x_wconf 88' lang='grc'><strong>·</strong></span> <span class='ocrx_word' id='word_1_267' title='bbox 1639 2168 1730 2220; x_wconf 89' lang='grc' dir='ltr'><strong>τὸν</strong></span> 
     </span>
    </p>
   </div>
   <div class='ocr_carea' id='block_1_37' title="bbox 215 2244 1731 2323">
    <p class='ocr_par' dir='ltr' id='par_1_37' title="bbox 215 2244 1731 2323">
     <span class='ocr_line' id='line_1_37' title="bbox 215 2244 1731 2323; baseline 0.008 -25"><span class='ocrx_word' id='word_1_268' title='bbox 215 2247 289 2314; x_wconf 79' lang='grc' dir='ltr'><strong>μὲν</strong></span> <span class='ocrx_word' id='word_1_269' title='bbox 312 2248 424 2301; x_wconf 86' lang='grc' dir='ltr'>Θεὸν</span> <span class='ocrx_word' id='word_1_270' title='bbox 455 2244 589 2303; x_wconf 73' lang='grc' dir='ltr'>εἶναι</span> <span class='ocrx_word' id='word_1_271' title='bbox 627 2251 713 2305; x_wconf 76' lang='grc' dir='ltr'>διὰ</span> <span class='ocrx_word' id='word_1_272' title='bbox 743 2252 853 2304; x_wconf 86' lang='grc' dir='ltr'>τῶν</span> <span class='ocrx_word' id='word_1_273' title='bbox 897 2252 1184 2323; x_wconf 86' lang='grc' dir='ltr'>θαυμάτων</span> <span class='ocrx_word' id='word_1_274' title='bbox 1226 2256 1402 2309; x_wconf 82' lang='grc' dir='ltr'>αὐτῶν</span> <span class='ocrx_word' id='word_1_275' title='bbox 1443 2274 1731 2310; x_wconf 87' lang='grc' dir='ltr'>πεπιστευ-</span> 
     </span>
    </p>
   </div>
   <div class='ocr_carea' id='block_1_38' title="bbox 211 2341 1732 2421">
    <p class='ocr_par' dir='ltr' id='par_1_38' title="bbox 211 2341 1732 2421">
     <span class='ocr_line' id='line_1_38' title="bbox 211 2341 1732 2421; baseline 0.005 -28"><span class='ocrx_word' id='word_1_276' title='bbox 211 2341 330 2404; x_wconf 77' lang='grc' dir='ltr'>κότες</span> <span class='ocrx_word' id='word_1_277' title='bbox 347 2382 360 2406; x_wconf 89' lang='grc'><strong>,</strong></span> <span class='ocrx_word' id='word_1_278' title='bbox 382 2343 432 2394; x_wconf 87' lang='grc' dir='ltr'><strong>ἐν</strong></span> <span class='ocrx_word' id='word_1_279' title='bbox 459 2342 513 2395; x_wconf 83' lang='grc' dir='ltr'><strong>δὲ</strong></span> <span class='ocrx_word' id='word_1_280' title='bbox 539 2343 624 2413; x_wconf 80' lang='grc' dir='ltr'>τῷ</span> <span class='ocrx_word' id='word_1_281' title='bbox 651 2343 873 2412; x_wconf 72' lang='grc' dir='ltr'>ἀψευδεῖ</span> <span class='ocrx_word' id='word_1_282' title='bbox 895 2345 995 2415; x_wconf 85' lang='grc' dir='ltr'><strong>τῆς</strong></span> <span class='ocrx_word' id='word_1_283' title='bbox 1021 2347 1362 2416; x_wconf 82' lang='grc' dir='ltr'>ὑποσχέσεως</span> <span class='ocrx_word' id='word_1_284' title='bbox 1397 2352 1646 2421; x_wconf 86' lang='grc' dir='ltr'>παρεῖναι</span> <span class='ocrx_word' id='word_1_285' title='bbox 1671 2349 1732 2401; x_wconf 87' lang='grc' dir='ltr'><strong>τὸ</strong></span> 
     </span>
    </p>
   </div>
   <div class='ocr_carea' id='block_1_39' title="bbox 211 2431 1731 2504">
    <p class='ocr_par' dir='ltr' id='par_1_39' title="bbox 211 2431 1731 2504">
     <span class='ocr_line' id='line_1_39' title="bbox 211 2431 1731 2504; baseline 0.005 -24"><span class='ocrx_word' id='word_1_286' title='bbox 211 2431 558 2500; x_wconf 77' lang='grc' dir='ltr'>ἐπηγγελμένον</span> <span class='ocrx_word' id='word_1_287' title='bbox 582 2434 689 2485; x_wconf 70' lang='grc' dir='ltr'>οὐκ</span> <span class='ocrx_word' id='word_1_288' title='bbox 711 2434 1160 2504; x_wconf 77' lang='grc' dir='ltr'>ἀμφιϐάλλοντες.</span> <span class='ocrx_word' id='word_1_289' title='bbox 1194 2435 1266 2487; x_wconf 90' lang='grc' dir='ltr'><strong>Τὸ</strong></span> <span class='ocrx_word' id='word_1_290' title='bbox 1295 2435 1350 2487; x_wconf 85' lang='grc' dir='ltr'>δὲ</span> <span class='ocrx_word' id='word_1_291' title='bbox 1377 2437 1731 2504; x_wconf 81' lang='grc' dir='ltr'>προηγεῖσθαι</span> 
     </span>
    </p>
   </div>
   <div class='ocr_carea' id='block_1_40' title="bbox 208 2523 1732 2596">
    <p class='ocr_par' dir='ltr' id='par_1_40' title="bbox 208 2523 1732 2596">
     <span class='ocr_line' id='line_1_40' title="bbox 208 2523 1732 2596; baseline 0.003 -22"><span class='ocrx_word' id='word_1_292' title='bbox 208 2523 280 2592; x_wconf 71' lang='grc' dir='ltr'>τὴν</span> <span class='ocrx_word' id='word_1_293' title='bbox 299 2523 372 2576; x_wconf 81' lang='grc' dir='ltr'><strong>διὰ</strong></span> <span class='ocrx_word' id='word_1_294' title='bbox 396 2528 487 2594; x_wconf 84' lang='grc' dir='ltr'><strong>τῆς</strong></span> <span class='ocrx_word' id='word_1_295' title='bbox 512 2525 682 2594; x_wconf 82' lang='grc' dir='ltr'>εὐχῆς</span> <span class='ocrx_word' id='word_1_296' title='bbox 711 2525 899 2594; x_wconf 80' lang='grc' dir='ltr'>κλῆσιν</span> <span class='ocrx_word' id='word_1_297' title='bbox 932 2526 1032 2595; x_wconf 88' lang='grc' dir='ltr'><strong>τῆς</strong></span> <span class='ocrx_word' id='word_1_298' title='bbox 1067 2525 1217 2589; x_wconf 85' lang='grc' dir='ltr'>θείας</span> <span class='ocrx_word' id='word_1_299' title='bbox 1255 2529 1562 2596; x_wconf 86' lang='grc' dir='ltr'>οἰκονομίας</span> <span class='ocrx_word' id='word_1_300' title='bbox 1586 2568 1601 2591; x_wconf 85' lang='grc'><strong>,</strong></span> <span class='ocrx_word' id='word_1_301' title='bbox 1638 2543 1732 2580; x_wconf 84' lang='grc' dir='ltr'>πε-</span> 
     </span>
    </p>
   </div>
   <div class='ocr_carea' id='block_1_41' title="bbox 210 2615 1731 2683">
    <p class='ocr_par' dir='ltr' id='par_1_41' title="bbox 210 2615 1731 2683">
     <span class='ocr_line' id='line_1_41' title="bbox 210 2615 1731 2683; baseline 0.004 -19"><span class='ocrx_word' id='word_1_302' title='bbox 210 2615 377 2681; x_wconf 74' lang='grc' dir='ltr'>ριουσία</span> <span class='ocrx_word' id='word_1_303' title='bbox 400 2616 476 2678; x_wconf 86' lang='grc' dir='ltr'><strong>τίς</strong></span> <span class='ocrx_word' id='word_1_304' title='bbox 504 2619 629 2669; x_wconf 85' lang='grc' dir='ltr'>ἐστι</span> <span class='ocrx_word' id='word_1_305' title='bbox 661 2618 760 2683; x_wconf 86' lang='grc' dir='ltr'><strong>τῆς</strong></span> <span class='ocrx_word' id='word_1_306' title='bbox 795 2615 1118 2681; x_wconf 79' lang='grc' dir='ltr'>ἀποδείξεως</span> <span class='ocrx_word' id='word_1_307' title='bbox 1150 2617 1242 2671; x_wconf 83' lang='grc' dir='ltr'><strong>τοῦ</strong></span> <span class='ocrx_word' id='word_1_308' title='bbox 1277 2618 1418 2671; x_wconf 85' lang='grc' dir='ltr'>κατὰ</span> <span class='ocrx_word' id='word_1_309' title='bbox 1450 2619 1581 2671; x_wconf 85' lang='grc' dir='ltr'>Θεὸν</span> <span class='ocrx_word' id='word_1_310' title='bbox 1614 2620 1731 2670; x_wconf 83' lang='grc' dir='ltr'>ἐπι-</span> 
     </span>
    </p>
   </div>
   <div class='ocr_carea' id='block_1_42' title="bbox 207 2702 1733 2778">
    <p class='ocr_par' dir='ltr' id='par_1_42' title="bbox 207 2702 1733 2778">
     <span class='ocr_line' id='line_1_42' title="bbox 207 2702 1733 2778; baseline 0.005 -26"><span class='ocrx_word' id='word_1_311' title='bbox 207 2702 423 2756; x_wconf 78' lang='grc' dir='ltr'>τελεῖσθαι</span> <span class='ocrx_word' id='word_1_312' title='bbox 443 2704 500 2758; x_wconf 91' lang='grc' dir='ltr'><strong>τὸ</strong></span> <span class='ocrx_word' id='word_1_313' title='bbox 524 2707 615 2757; x_wconf 85' lang='grc' dir='ltr'><strong>ἐνε</strong></span> <span class='ocrx_word' id='word_1_314' title='bbox 627 2704 940 2776; x_wconf 85' lang='grc' dir='ltr'>ργούμενον.</span> <span class='ocrx_word' id='word_1_315' title='bbox 967 2706 1028 2758; x_wconf 87' lang='grc' dir='ltr'>Εί</span> <span class='ocrx_word' id='word_1_316' title='bbox 1056 2706 1164 2778; x_wconf 81' lang='grc' dir='ltr'>γὰρ</span> <span class='ocrx_word' id='word_1_317' title='bbox 1189 2707 1281 2759; x_wconf 83' lang='grc' dir='ltr'><strong>ἐπὶ</strong></span> <span class='ocrx_word' id='word_1_318' title='bbox 1305 2706 1395 2759; x_wconf 80' lang='grc' dir='ltr'>τοῦ</span> <span class='ocrx_word' id='word_1_319' title='bbox 1423 2707 1608 2777; x_wconf 87' lang='grc' dir='ltr'>ἐτέρου</span> <span class='ocrx_word' id='word_1_320' title='bbox 1635 2708 1733 2777; x_wconf 89' lang='grc' dir='ltr'><strong>τῆς</strong></span> 
     </span>
    </p>
   </div>
   <div class='ocr_carea' id='block_1_43' title="bbox 210 2793 1731 2868">
    <p class='ocr_par' dir='ltr' id='par_1_43' title="bbox 210 2793 1731 2868">
     <span class='ocr_line' id='line_1_43' title="bbox 210 2793 1731 2868; baseline 0.004 -25"><span class='ocrx_word' id='word_1_321' title='bbox 210 2793 586 2862; x_wconf 76' lang='grc' dir='ltr'>ἀνθρωποποιῖας</span> <span class='ocrx_word' id='word_1_322' title='bbox 633 2795 805 2859; x_wconf 77' lang='grc' dir='ltr'>εἴδους</span> <span class='ocrx_word' id='word_1_323' title='bbox 830 2837 845 2860; x_wconf 90' lang='grc'><strong>,</strong></span> <span class='ocrx_word' id='word_1_324' title='bbox 902 2799 956 2849; x_wconf 85' lang='grc' dir='ltr'><strong>αί</strong></span> <span class='ocrx_word' id='word_1_325' title='bbox 1013 2796 1122 2848; x_wconf 85' lang='grc' dir='ltr'><strong>τῶν</strong></span> <span class='ocrx_word' id='word_1_326' title='bbox 1177 2796 1490 2864; x_wconf 81' lang='grc' dir='ltr'>γεννώντων</span> <span class='ocrx_word' id='word_1_327' title='bbox 1542 2797 1731 2868; x_wconf 73' lang='grc' dir='ltr'>ὁρμαὶ,</span> 
     </span>
    </p>
   </div>
   <div class='ocr_carea' id='block_1_44' title="bbox 211 2882 1732 2956">
    <p class='ocr_par' dir='ltr' id='par_1_44' title="bbox 211 2882 1732 2956">
     <span class='ocr_line' id='line_1_44' title="bbox 211 2882 1732 2956; baseline 0.004 -24"><span class='ocrx_word' id='word_1_328' title='bbox 211 2882 287 2934; x_wconf 68' lang='grc' dir='ltr'>κᾶν</span> <span class='ocrx_word' id='word_1_329' title='bbox 314 2882 375 2954; x_wconf 80' lang='grc' dir='ltr'>μὴ</span> <span class='ocrx_word' id='word_1_330' title='bbox 401 2885 673 2956; x_wconf 76' lang='grc' dir='ltr'>ἐπικληθῇ</span> <span class='ocrx_word' id='word_1_331' title='bbox 711 2886 840 2954; x_wconf 82' lang='grc' dir='ltr'>παρ’</span> <span class='ocrx_word' id='word_1_332' title='bbox 881 2885 1060 2939; x_wconf 80' lang='grc' dir='ltr'>αὐτῶν</span> <span class='ocrx_word' id='word_1_333' title='bbox 1083 2885 1149 2938; x_wconf 82' lang='grc' dir='ltr'><strong>δι’</strong></span> <span class='ocrx_word' id='word_1_334' title='bbox 1172 2885 1334 2955; x_wconf 80' lang='grc' dir='ltr'>εὐχῆς</span> <span class='ocrx_word' id='word_1_335' title='bbox 1361 2885 1422 2938; x_wconf 87' lang='grc' dir='ltr'><strong>τὸ</strong></span> <span class='ocrx_word' id='word_1_336' title='bbox 1450 2885 1603 2940; x_wconf 86' lang='grc' dir='ltr'>Θεῖον</span> <span class='ocrx_word' id='word_1_337' title='bbox 1621 2925 1636 2949; x_wconf 92' lang='grc'><strong>,</strong></span> <span class='ocrx_word' id='word_1_338' title='bbox 1668 2887 1732 2956; x_wconf 79' lang='grc' dir='ltr'>τῇ</span> 
     </span>
    </p>
   </div>
   <div class='ocr_carea' id='block_1_45' title="bbox 208 2973 1733 3048">
    <p class='ocr_par' dir='ltr' id='par_1_45' title="bbox 208 2973 1733 3048">
     <span class='ocr_line' id='line_1_45' title="bbox 208 2973 1733 3048; baseline 0.004 -26"><span class='ocrx_word' id='word_1_339' title='bbox 208 2973 278 3024; x_wconf 74' lang='grc' dir='ltr'>τοῦ</span> <span class='ocrx_word' id='word_1_340' title='bbox 299 2974 414 3027; x_wconf 84' lang='grc' dir='ltr'>Θεοῦ</span> <span class='ocrx_word' id='word_1_341' title='bbox 439 2976 696 3048; x_wconf 81' lang='grc' dir='ltr'>δυνάμει,</span> <span class='ocrx_word' id='word_1_342' title='bbox 729 2975 908 3039; x_wconf 89' lang='grc' dir='ltr'>καθὼς</span> <span class='ocrx_word' id='word_1_343' title='bbox 942 2979 998 3028; x_wconf 84' lang='grc' dir='ltr'><strong>ἐν</strong></span> <span class='ocrx_word' id='word_1_344' title='bbox 1023 2979 1134 3039; x_wconf 87' lang='grc' dir='ltr'>τοῖς</span> <span class='ocrx_word' id='word_1_345' title='bbox 1164 2977 1469 3048; x_wconf 74' lang='grc' dir='ltr'>ἔμπροσθεν</span> <span class='ocrx_word' id='word_1_346' title='bbox 1497 2977 1733 3048; x_wconf 77' lang='grc' dir='ltr'>εἴρηται,</span> 
     </span>
    </p>
   </div>
   <div class='ocr_carea' id='block_1_46' title="bbox 210 3062 1738 3141">
    <p class='ocr_par' dir='ltr' id='par_1_46' title="bbox 210 3062 1738 3141">
     <span class='ocr_line' id='line_1_46' title="bbox 210 3062 1738 3141; baseline 0.005 -26"><span class='ocrx_word' id='word_1_347' title='bbox 210 3062 541 3121; x_wconf 74' lang='grc' dir='ltr'>διαπλάσσουσι</span> <span class='ocrx_word' id='word_1_348' title='bbox 577 3068 650 3121; x_wconf 84' lang='grc' dir='ltr'><strong>τὸ</strong></span> <span class='ocrx_word' id='word_1_349' title='bbox 678 3068 1012 3138; x_wconf 82' lang='grc' dir='ltr'>γεννώμενον</span> <span class='ocrx_word' id='word_1_350' title='bbox 1033 3085 1046 3099; x_wconf 87' lang='grc'><strong>·</strong></span> <span class='ocrx_word' id='word_1_351' title='bbox 1082 3063 1150 3140; x_wconf 87' lang='grc' dir='ltr'>ἦς</span> <span class='ocrx_word' id='word_1_352' title='bbox 1171 3069 1529 3140; x_wconf 87' lang='grc' dir='ltr'>χωρισθείσης</span> <span class='ocrx_word' id='word_1_353' title='bbox 1557 3070 1738 3141; x_wconf 80' lang='grc' dir='ltr'>ἄπρα-</span> 
     </span>
    </p>
   </div>
   <div class='ocr_carea' id='block_1_47' title="bbox 209 3157 1738 3231">
    <p class='ocr_par' dir='ltr' id='par_1_47' title="bbox 209 3157 1738 3231">
     <span class='ocr_line' id='line_1_47' title="bbox 209 3157 1738 3231; baseline 0.003 -24"><span class='ocrx_word' id='word_1_354' title='bbox 209 3157 305 3219; x_wconf 78' lang='grc' dir='ltr'>κτός</span> <span class='ocrx_word' id='word_1_355' title='bbox 324 3160 454 3210; x_wconf 87' lang='grc' dir='ltr'>ἐστιν</span> <span class='ocrx_word' id='word_1_356' title='bbox 484 3163 514 3229; x_wconf 76' lang='grc' dir='ltr'><strong>ἡ</strong></span> <span class='ocrx_word' id='word_1_357' title='bbox 560 3160 773 3229; x_wconf 82' lang='grc' dir='ltr'>σπουδὴ</span> <span class='ocrx_word' id='word_1_358' title='bbox 805 3161 896 3212; x_wconf 75' lang='grc' dir='ltr'><strong>καὶ</strong></span> <span class='ocrx_word' id='word_1_359' title='bbox 938 3160 1218 3231; x_wconf 84' lang='grc' dir='ltr'>ἀνόνητος·</span> <span class='ocrx_word' id='word_1_360' title='bbox 1256 3160 1407 3230; x_wconf 84' lang='grc' dir='ltr'>πόσῳ</span> <span class='ocrx_word' id='word_1_361' title='bbox 1435 3160 1632 3230; x_wconf 81' lang='grc' dir='ltr'>μᾶλλον</span> <span class='ocrx_word' id='word_1_362' title='bbox 1680 3162 1738 3212; x_wconf 86' lang='grc' dir='ltr'><strong>ἐν</strong></span> 
     </span>
    </p>
   </div>
   <div class='ocr_carea' id='block_1_48' title="bbox 207 3247 1739 3323">
    <p class='ocr_par' dir='ltr' id='par_1_48' title="bbox 207 3247 1739 3323">
     <span class='ocr_line' id='line_1_48' title="bbox 207 3247 1739 3323; baseline 0.004 -25"><span class='ocrx_word' id='word_1_363' title='bbox 207 3247 266 3318; x_wconf 78' lang='grc' dir='ltr'>τῷ</span> <span class='ocrx_word' id='word_1_364' title='bbox 289 3253 625 3322; x_wconf 77' lang='grc' dir='ltr'>πνευματικῷ</span> <span class='ocrx_word' id='word_1_365' title='bbox 650 3253 747 3322; x_wconf 83' lang='grc' dir='ltr'><strong>τῆς</strong></span> <span class='ocrx_word' id='word_1_366' title='bbox 770 3254 1075 3322; x_wconf 77' lang='grc' dir='ltr'>γεννήσεως</span> <span class='ocrx_word' id='word_1_367' title='bbox 1097 3251 1302 3323; x_wconf 84' lang='grc' dir='ltr'>τρόπῳ,</span> <span class='ocrx_word' id='word_1_368' title='bbox 1321 3253 1413 3304; x_wconf 69' lang='grc' dir='ltr'><strong>καὶ</strong></span> <span class='ocrx_word' id='word_1_369' title='bbox 1434 3252 1567 3304; x_wconf 79' lang='grc' dir='ltr'>Θεοῦ</span> <span class='ocrx_word' id='word_1_370' title='bbox 1595 3269 1739 3323; x_wconf 82' lang='grc' dir='ltr'>παρ-</span> 
     </span>
    </p>
   </div>
   <div class='ocr_carea' id='block_1_49' title="bbox 208 3342 1738 3417">
    <p class='ocr_par' dir='ltr' id='par_1_49' title="bbox 208 3342 1738 3417">
     <span class='ocr_line' id='line_1_49' title="bbox 208 3342 1738 3417; baseline 0.004 -25"><span class='ocrx_word' id='word_1_371' title='bbox 208 3342 382 3396; x_wconf 72' lang='grc' dir='ltr'>ἐτεσθαι</span> <span class='ocrx_word' id='word_1_372' title='bbox 422 3349 531 3407; x_wconf 87' lang='grc' dir='ltr'>τοῖς</span> <span class='ocrx_word' id='word_1_373' title='bbox 565 3345 887 3414; x_wconf 80' lang='grc' dir='ltr'>γενομένοις</span> <span class='ocrx_word' id='word_1_374' title='bbox 914 3344 1345 3414; x_wconf 85' lang='grc' dir='ltr'>ἐπηγγελμένου,</span> <span class='ocrx_word' id='word_1_375' title='bbox 1371 3346 1462 3398; x_wconf 75' lang='grc' dir='ltr'>καὶ</span> <span class='ocrx_word' id='word_1_376' title='bbox 1491 3345 1586 3416; x_wconf 82' lang='grc' dir='ltr'>τὴν</span> <span class='ocrx_word' id='word_1_377' title='bbox 1609 3345 1738 3417; x_wconf 83' lang='grc' dir='ltr'>παρ’</span> 
     </span>
    </p>
   </div>
   <div class='ocr_carea' id='block_1_50' title="bbox 206 3435 1740 3507">
    <p class='ocr_par' dir='ltr' id='par_1_50' title="bbox 206 3435 1740 3507">
     <span class='ocr_line' id='line_1_50' title="bbox 206 3435 1740 3507; baseline 0.003 -22"><span class='ocrx_word' id='word_1_378' title='bbox 206 3435 361 3489; x_wconf 62' lang='grc' dir='ltr'>ἑαυτοῦ</span> <span class='ocrx_word' id='word_1_379' title='bbox 390 3436 617 3506; x_wconf 75' lang='grc' dir='ltr'>δύναμιν</span> <span class='ocrx_word' id='word_1_380' title='bbox 649 3436 1012 3500; x_wconf 84' lang='grc' dir='ltr'>ἐντεθεικότος</span> <span class='ocrx_word' id='word_1_381' title='bbox 1044 3436 1120 3507; x_wconf 82' lang='grc' dir='ltr'><strong>τῷ</strong></span> <span class='ocrx_word' id='word_1_382' title='bbox 1150 3436 1295 3506; x_wconf 78' lang='grc' dir='ltr'>ἔργῳ</span> <span class='ocrx_word' id='word_1_383' title='bbox 1317 3480 1331 3500; x_wconf 92' lang='grc'><strong>,</strong></span> <span class='ocrx_word' id='word_1_384' title='bbox 1365 3436 1547 3500; x_wconf 86' lang='grc' dir='ltr'>καθὼς</span> <span class='ocrx_word' id='word_1_385' title='bbox 1581 3455 1740 3490; x_wconf 78' lang='grc' dir='ltr'>πεπι-</span> 
     </span>
    </p>
   </div>
   <div class='ocr_carea' id='block_1_51' title="bbox 209 3529 1741 3600">
    <p class='ocr_par' dir='ltr' id='par_1_51' title="bbox 209 3529 1741 3600">
     <span class='ocr_line' id='line_1_51' title="bbox 209 3529 1741 3600; baseline 0.003 -23"><span class='ocrx_word' id='word_1_386' title='bbox 209 3529 466 3599; x_wconf 72' lang='grc' dir='ltr'>στεύκαμεν</span> <span class='ocrx_word' id='word_1_387' title='bbox 490 3547 502 3558; x_wconf 96' lang='grc'><strong>·</strong></span> <span class='ocrx_word' id='word_1_388' title='bbox 532 3531 636 3584; x_wconf 74' lang='grc' dir='ltr'><strong>καὶ</strong></span> <span class='ocrx_word' id='word_1_389' title='bbox 678 3529 775 3599; x_wconf 89' lang='grc' dir='ltr'><strong>τῆς</strong></span> <span class='ocrx_word' id='word_1_390' title='bbox 804 3530 1078 3600; x_wconf 77' lang='grc' dir='ltr'>ἡμετέρας</span> <span class='ocrx_word' id='word_1_391' title='bbox 1113 3529 1484 3600; x_wconf 87' lang='grc' dir='ltr'>προαιρέσεως</span> <span class='ocrx_word' id='word_1_392' title='bbox 1521 3530 1655 3598; x_wconf 84' lang='grc' dir='ltr'>πρὸς</span> <span class='ocrx_word' id='word_1_393' title='bbox 1681 3529 1741 3582; x_wconf 85' lang='grc' dir='ltr'><strong>τὸ</strong></span> 
     </span>
    </p>
   </div>
   <div class='ocr_carea' id='block_1_52' title="bbox 207 3619 1740 3692">
    <p class='ocr_par' dir='ltr' id='par_1_52' title="bbox 207 3619 1740 3692">
     <span class='ocr_line' id='line_1_52' title="bbox 207 3619 1740 3692; baseline 0.003 -24"><span class='ocrx_word' id='word_1_394' title='bbox 207 3619 595 3690; x_wconf 74' lang='grc' dir='ltr'>σπουδαζόμενον</span> <span class='ocrx_word' id='word_1_395' title='bbox 633 3621 732 3692; x_wconf 73' lang='grc' dir='ltr'><strong>τὴν</strong></span> <span class='ocrx_word' id='word_1_396' title='bbox 772 3622 944 3692; x_wconf 83' lang='grc' dir='ltr'>ὁρμὴν</span> <span class='ocrx_word' id='word_1_397' title='bbox 971 3623 1199 3692; x_wconf 77' lang='grc' dir='ltr'>ἐχούσης</span> <span class='ocrx_word' id='word_1_398' title='bbox 1226 3639 1240 3654; x_wconf 78' lang='grc' dir='ltr'><strong><em>ο</em></strong></span> <span class='ocrx_word' id='word_1_399' title='bbox 1286 3623 1334 3674; x_wconf 84' lang='grc' dir='ltr'><strong>εί</strong></span> <span class='ocrx_word' id='word_1_400' title='bbox 1381 3620 1740 3692; x_wconf 83' lang='grc' dir='ltr'>συμπαραλη-</span> 
     </span>
    </p>
   </div>
   <div class='ocr_carea' id='block_1_53' title="bbox 206 3709 1744 3782">
    <p class='ocr_par' dir='ltr' id='par_1_53' title="bbox 206 3709 1744 3782">
     <span class='ocr_line' id='line_1_53' title="bbox 206 3709 1744 3782; baseline 0.003 -22"><span class='ocrx_word' id='word_1_401' title='bbox 206 3709 332 3780; x_wconf 71' lang='grc' dir='ltr'>ςθείη</span> <span class='ocrx_word' id='word_1_402' title='bbox 361 3712 706 3780; x_wconf 81' lang='grc' dir='ltr'>καθηκόντως</span> <span class='ocrx_word' id='word_1_403' title='bbox 739 3713 772 3782; x_wconf 79' lang='grc' dir='ltr'>ἡ</span> <span class='ocrx_word' id='word_1_404' title='bbox 819 3711 904 3764; x_wconf 82' lang='grc' dir='ltr'>διὰ</span> <span class='ocrx_word' id='word_1_405' title='bbox 932 3711 1029 3781; x_wconf 87' lang='grc' dir='ltr'><strong>τῆς</strong></span> <span class='ocrx_word' id='word_1_406' title='bbox 1060 3712 1226 3782; x_wconf 80' lang='grc' dir='ltr'>εὐχῆς</span> <span class='ocrx_word' id='word_1_407' title='bbox 1257 3712 1540 3781; x_wconf 88' lang='grc' dir='ltr'>συμμαχία</span> <span class='ocrx_word' id='word_1_408' title='bbox 1563 3753 1577 3775; x_wconf 91' lang='grc'><strong>,</strong></span> <span class='ocrx_word' id='word_1_409' title='bbox 1609 3712 1744 3781; x_wconf 85' lang='grc' dir='ltr'><strong>μᾶλ-</strong></span> 
     </span>
    </p>
   </div>
   <div class='ocr_carea' id='block_1_54' title="bbox 205 3800 1742 3874">
    <p class='ocr_par' dir='ltr' id='par_1_54' title="bbox 205 3800 1742 3874">
     <span class='ocr_line' id='line_1_54' title="bbox 205 3800 1742 3874; baseline 0.002 -22"><span class='ocrx_word' id='word_1_410' title='bbox 205 3800 274 3854; x_wconf 77' lang='grc' dir='ltr'><strong>λον</strong></span> <span class='ocrx_word' id='word_1_411' title='bbox 300 3805 525 3868; x_wconf 78' lang='grc' dir='ltr'>ἐπιτελὲς</span> <span class='ocrx_word' id='word_1_412' title='bbox 556 3805 716 3858; x_wconf 77' lang='grc' dir='ltr'>ἔσται</span> <span class='ocrx_word' id='word_1_413' title='bbox 754 3805 815 3856; x_wconf 86' lang='grc' dir='ltr'><strong>τὸ</strong></span> <span class='ocrx_word' id='word_1_414' title='bbox 839 3803 1294 3874; x_wconf 76' lang='grc' dir='ltr'>σπουδαζόμενον;</span> <span class='ocrx_word' id='word_1_415' title='bbox 1322 3803 1586 3874; x_wconf 81' lang='grc' dir='ltr'>Καθάπερ</span> <span class='ocrx_word' id='word_1_416' title='bbox 1613 3804 1668 3855; x_wconf 82' lang='grc' dir='ltr'><strong>δὲ</strong></span> <span class='ocrx_word' id='word_1_417' title='bbox 1694 3805 1742 3856; x_wconf 86' lang='grc' dir='ltr'>οἱ</span> 
     </span>
    </p>
   </div>
   <div class='ocr_carea' id='block_1_55' title="bbox 205 3894 1744 3967">
    <p class='ocr_par' dir='ltr' id='par_1_55' title="bbox 205 3894 1744 3967">
     <span class='ocr_line' id='line_1_55' title="bbox 205 3894 1744 3967; baseline 0.001 -22"><span class='ocrx_word' id='word_1_418' title='bbox 205 3895 428 3963; x_wconf 74' lang='grc' dir='ltr'>ἐπιφᾶναι</span> <span class='ocrx_word' id='word_1_419' title='bbox 466 3898 558 3951; x_wconf 87' lang='grc' dir='ltr'><strong>τὸν</strong></span> <span class='ocrx_word' id='word_1_420' title='bbox 589 3897 745 3967; x_wconf 75' lang='grc' dir='ltr'>ἥλιον</span> <span class='ocrx_word' id='word_1_421' title='bbox 786 3896 966 3959; x_wconf 76' lang='grc' dir='ltr'>αὐτοῖς</span> <span class='ocrx_word' id='word_1_422' title='bbox 1005 3896 1285 3965; x_wconf 81' lang='grc' dir='ltr'>εὐχόμενοι</span> <span class='ocrx_word' id='word_1_423' title='bbox 1309 3894 1386 3964; x_wconf 82' lang='grc' dir='ltr'><strong>τῷ</strong></span> <span class='ocrx_word' id='word_1_424' title='bbox 1415 3895 1531 3965; x_wconf 85' lang='grc' dir='ltr'>Θεῷ</span> <span class='ocrx_word' id='word_1_425' title='bbox 1555 3936 1568 3959; x_wconf 93' lang='grc'><strong>,</strong></span> <span class='ocrx_word' id='word_1_426' title='bbox 1596 3894 1744 3947; x_wconf 85' lang='grc' dir='ltr'>οὐδὲν</span> 
     </span>
    </p>
   </div>
   <div class='ocr_carea' id='block_1_56' title="bbox 208 3984 1746 4058">
    <p class='ocr_par' dir='ltr' id='par_1_56' title="bbox 208 3984 1746 4058">
     <span class='ocr_line' id='line_1_56' title="bbox 208 3984 1746 4058; baseline 0.005 -22"><span class='ocrx_word' id='word_1_427' title='bbox 208 3987 497 4055; x_wconf 72' lang='grc' dir='ltr'>ἀμϐλύνουσι</span> <span class='ocrx_word' id='word_1_428' title='bbox 545 3990 613 4043; x_wconf 87' lang='grc' dir='ltr'><strong>τὸ</strong></span> <span class='ocrx_word' id='word_1_429' title='bbox 663 3989 876 4050; x_wconf 80' lang='grc' dir='ltr'>πάντως</span> <span class='ocrx_word' id='word_1_430' title='bbox 907 3987 1215 4057; x_wconf 78' lang='grc' dir='ltr'>γινόμενονο</span> <span class='ocrx_word' id='word_1_431' title='bbox 1260 3984 1379 4039; x_wconf 80' lang='grc' dir='ltr'>οὐδὲ</span> <span class='ocrx_word' id='word_1_432' title='bbox 1421 3987 1529 4057; x_wconf 83' lang='grc' dir='ltr'><strong>μὴν</strong></span> <span class='ocrx_word' id='word_1_433' title='bbox 1576 3987 1746 4058; x_wconf 84' lang='grc' dir='ltr'>ἄχρη-</span> 
     </span>
    </p>
   </div>
   <div class='ocr_carea' id='block_1_57' title="bbox 209 4077 1745 4149">
    <p class='ocr_par' dir='ltr' id='par_1_57' title="bbox 209 4077 1745 4149">
     <span class='ocr_line' id='line_1_57' title="bbox 209 4077 1745 4149; baseline 0.001 -19"><span class='ocrx_word' id='word_1_434' title='bbox 209 4096 305 4132; x_wconf 80' lang='grc' dir='ltr'>στον</span> <span class='ocrx_word' id='word_1_435' title='bbox 337 4077 467 4133; x_wconf 84' lang='grc' dir='ltr'>εἷναί</span> <span class='ocrx_word' id='word_1_436' title='bbox 498 4099 588 4144; x_wconf 89' lang='grc' dir='ltr'><strong>τις</strong></span> <span class='ocrx_word' id='word_1_437' title='bbox 627 4082 788 4149; x_wconf 77' lang='grc' dir='ltr'>φήσει</span> <span class='ocrx_word' id='word_1_438' title='bbox 818 4081 915 4149; x_wconf 79' lang='grc' dir='ltr'><strong>τὴν</strong></span> <span class='ocrx_word' id='word_1_439' title='bbox 950 4078 1058 4131; x_wconf 82' lang='grc' dir='ltr'><strong>τῶν</strong></span> <span class='ocrx_word' id='word_1_440' title='bbox 1091 4077 1540 4149; x_wconf 84' lang='grc' dir='ltr'>προσευχομένων</span> <span class='ocrx_word' id='word_1_441' title='bbox 1579 4095 1745 4131; x_wconf 89' lang='grc' dir='ltr'>σπου-</span> 
     </span>
    </p>
   </div>
   <div class='ocr_carea' id='block_1_58' title="bbox 208 4168 1746 4244">
    <p class='ocr_par' dir='ltr' id='par_1_58' title="bbox 208 4168 1746 4244">
     <span class='ocr_line' id='line_1_58' title="bbox 208 4168 1746 4244; baseline 0 -22"><span class='ocrx_word' id='word_1_442' title='bbox 208 4170 296 4240; x_wconf 75' lang='grc' dir='ltr'>δὴν,</span> <span class='ocrx_word' id='word_1_443' title='bbox 318 4175 361 4224; x_wconf 81' lang='grc' dir='ltr'><strong>εί</strong></span> <span class='ocrx_word' id='word_1_444' title='bbox 384 4175 509 4244; x_wconf 77' lang='grc' dir='ltr'>περὶ</span> <span class='ocrx_word' id='word_1_445' title='bbox 540 4171 642 4226; x_wconf 73' lang='grc' dir='ltr'><strong>τοῦ</strong></span> <span class='ocrx_word' id='word_1_446' title='bbox 667 4172 884 4233; x_wconf 76' lang='grc' dir='ltr'>πάντως</span> <span class='ocrx_word' id='word_1_447' title='bbox 915 4171 1169 4241; x_wconf 77' lang='grc' dir='ltr'>ἐσομένου</span> <span class='ocrx_word' id='word_1_448' title='bbox 1198 4169 1290 4222; x_wconf 88' lang='grc' dir='ltr'><strong>τὸν</strong></span> <span class='ocrx_word' id='word_1_449' title='bbox 1319 4169 1449 4222; x_wconf 81' lang='grc' dir='ltr'>θεὸν</span> <span class='ocrx_word' id='word_1_450' title='bbox 1475 4168 1746 4222; x_wconf 86' lang='grc' dir='ltr'>ἱκετεύου-</span> 
     </span>
    </p>
   </div>
   <div class='ocr_carea' id='block_1_59' title="bbox 209 4260 1745 4332">
    <p class='ocr_par' dir='ltr' id='par_1_59' title="bbox 209 4260 1745 4332">
     <span class='ocr_line' id='line_1_59' title="bbox 209 4260 1745 4332; baseline 0.002 -21"><span class='ocrx_word' id='word_1_451' title='bbox 209 4277 272 4312; x_wconf 80' lang='grc' dir='ltr'><strong>σιν</strong></span> <span class='ocrx_word' id='word_1_452' title='bbox 292 4277 304 4290; x_wconf 84' lang='grc'><strong>’</strong></span> <span class='ocrx_word' id='word_1_453' title='bbox 333 4263 502 4326; x_wconf 76' lang='grc' dir='ltr'>οὕτως</span> <span class='ocrx_word' id='word_1_454' title='bbox 535 4265 587 4316; x_wconf 82' lang='grc' dir='ltr'><strong>οἱ</strong></span> <span class='ocrx_word' id='word_1_455' title='bbox 618 4261 1037 4331; x_wconf 87' lang='grc' dir='ltr'>πεπιστευμένοι</span> <span class='ocrx_word' id='word_1_456' title='bbox 1057 4302 1071 4325; x_wconf 92' lang='grc'><strong>,</strong></span> <span class='ocrx_word' id='word_1_457' title='bbox 1110 4260 1250 4313; x_wconf 78' lang='grc' dir='ltr'>κατὰ</span> <span class='ocrx_word' id='word_1_458' title='bbox 1275 4260 1375 4329; x_wconf 81' lang='grc' dir='ltr'>τὴν</span> <span class='ocrx_word' id='word_1_459' title='bbox 1416 4261 1624 4332; x_wconf 72' lang='grc' dir='ltr'>ἀψευδῆ</span> <span class='ocrx_word' id='word_1_460' title='bbox 1652 4260 1745 4314; x_wconf 81' lang='grc' dir='ltr'>τοῦ</span> 
     </span>
    </p>
   </div>
   <div class='ocr_carea' id='block_1_60' title="bbox 206 4352 1748 4425">
    <p class='ocr_par' dir='ltr' id='par_1_60' title="bbox 206 4352 1748 4425">
     <span class='ocr_line' id='line_1_60' title="bbox 206 4352 1748 4425; baseline 0.004 -24"><span class='ocrx_word' id='word_1_461' title='bbox 206 4352 651 4425; x_wconf 78' lang='grc' dir='ltr'>ἐπαγγειλαμένου</span> <span class='ocrx_word' id='word_1_462' title='bbox 678 4354 969 4423; x_wconf 79' lang='grc' dir='ltr'>ὑπόσχεσιν</span> <span class='ocrx_word' id='word_1_463' title='bbox 1003 4353 1220 4415; x_wconf 82' lang='grc' dir='ltr'>πάντως</span> <span class='ocrx_word' id='word_1_464' title='bbox 1250 4353 1501 4423; x_wconf 88' lang='grc' dir='ltr'>παρεῖναι</span> <span class='ocrx_word' id='word_1_465' title='bbox 1529 4353 1624 4424; x_wconf 77' lang='grc' dir='ltr'>τὴν</span> <span class='ocrx_word' id='word_1_466' title='bbox 1657 4355 1748 4424; x_wconf 85' lang='grc' dir='ltr'><strong>χὰ-</strong></span> 
     </span>
    </p>
   </div>
   <div class='ocr_carea' id='block_1_61' title="bbox 210 4444 1749 4518">
    <p class='ocr_par' dir='ltr' id='par_1_61' title="bbox 210 4444 1749 4518">
     <span class='ocr_line' id='line_1_61' title="bbox 210 4444 1749 4518; baseline 0.001 -19"><span class='ocrx_word' id='word_1_467' title='bbox 210 4462 274 4512; x_wconf 85' lang='grc' dir='ltr'><strong>ριν</strong></span> <span class='ocrx_word' id='word_1_468' title='bbox 291 4452 394 4511; x_wconf 82' lang='grc' dir='ltr'>τοῖς</span> <span class='ocrx_word' id='word_1_469' title='bbox 415 4448 504 4501; x_wconf 74' lang='grc' dir='ltr'><strong>διὰ</strong></span> <span class='ocrx_word' id='word_1_470' title='bbox 530 4449 637 4518; x_wconf 84' lang='grc' dir='ltr'><strong>τῆς</strong></span> <span class='ocrx_word' id='word_1_471' title='bbox 667 4449 935 4517; x_wconf 79' lang='grc' dir='ltr'>μυστικῆς</span> <span class='ocrx_word' id='word_1_472' title='bbox 956 4444 1158 4516; x_wconf 83' lang='grc' dir='ltr'>ταύτης</span> <span class='ocrx_word' id='word_1_473' title='bbox 1186 4445 1494 4514; x_wconf 72' lang='grc' dir='ltr'>οἰκονομίας</span> <span class='ocrx_word' id='word_1_474' title='bbox 1520 4447 1749 4513; x_wconf 81' lang='grc' dir='ltr'>ἀναγεν-</span> 
     </span>
    </p>
   </div>
   <div class='ocr_carea' id='block_1_62' title="bbox 207 4537 1746 4612">
    <p class='ocr_par' dir='ltr' id='par_1_62' title="bbox 207 4537 1746 4612">
     <span class='ocr_line' id='line_1_62' title="bbox 207 4537 1746 4612; baseline 0.003 -24"><span class='ocrx_word' id='word_1_475' title='bbox 207 4540 459 4608; x_wconf 80' lang='grc' dir='ltr'>νωμένοις,</span> <span class='ocrx_word' id='word_1_476' title='bbox 483 4542 518 4612; x_wconf 81' lang='grc' dir='ltr'>ἢ</span> <span class='ocrx_word' id='word_1_477' title='bbox 561 4541 884 4610; x_wconf 83' lang='grc' dir='ltr'>προσθήκην</span> <span class='ocrx_word' id='word_1_478' title='bbox 916 4538 1038 4591; x_wconf 82' lang='grc' dir='ltr'>τινὰ</span> <span class='ocrx_word' id='word_1_479' title='bbox 1069 4537 1346 4592; x_wconf 78' lang='grc' dir='ltr'>ποιοῦνται</span> <span class='ocrx_word' id='word_1_480' title='bbox 1372 4540 1470 4608; x_wconf 89' lang='grc' dir='ltr'><strong>τῆς</strong></span> <span class='ocrx_word' id='word_1_481' title='bbox 1507 4541 1746 4612; x_wconf 86' lang='grc' dir='ltr'>χάριτος,</span> 
     </span>
    </p>
   </div>
   <div class='ocr_carea' id='block_1_63' title="bbox 205 4629 1750 4701">
    <p class='ocr_par' dir='ltr' id='par_1_63' title="bbox 205 4629 1750 4701">
     <span class='ocr_line' id='line_1_63' title="bbox 205 4629 1750 4701; baseline 0.002 -19"><span class='ocrx_word' id='word_1_482' title='bbox 205 4630 230 4697; x_wconf 77' lang='grc' dir='ltr'>ἦ</span> <span class='ocrx_word' id='word_1_483' title='bbox 253 4631 336 4701; x_wconf 71' lang='grc' dir='ltr'>τὴν</span> <span class='ocrx_word' id='word_1_484' title='bbox 352 4629 515 4686; x_wconf 75' lang='grc' dir='ltr'>οὖσαν</span> <span class='ocrx_word' id='word_1_485' title='bbox 538 4634 646 4684; x_wconf 74' lang='grc' dir='ltr'>οὐκ</span> <span class='ocrx_word' id='word_1_486' title='bbox 670 4630 1120 4700; x_wconf 65' lang='grc' dir='ltr'>ἀποστρέψουσιν.</span> <span class='ocrx_word' id='word_1_487' title='bbox 1149 4630 1224 4682; x_wconf 87' lang='grc' dir='ltr'>Τὸ</span> <span class='ocrx_word' id='word_1_488' title='bbox 1251 4629 1357 4700; x_wconf 77' lang='grc' dir='ltr'>γὰρ</span> <span class='ocrx_word' id='word_1_489' title='bbox 1387 4631 1603 4696; x_wconf 79' lang='grc' dir='ltr'>πάντως</span> <span class='ocrx_word' id='word_1_490' title='bbox 1627 4650 1750 4685; x_wconf 89' lang='grc' dir='ltr'>συν-</span> 
     </span>
    </p>
   </div>
   <div class='ocr_carea' id='block_1_64' title="bbox 205 4719 1749 4793">
    <p class='ocr_par' dir='ltr' id='par_1_64' title="bbox 205 4719 1749 4793">
     <span class='ocr_line' id='line_1_64' title="bbox 205 4719 1749 4793; baseline 0.001 -22"><span class='ocrx_word' id='word_1_491' title='bbox 205 4726 317 4776; x_wconf 75' lang='grc' dir='ltr'>εῖναι</span> <span class='ocrx_word' id='word_1_492' title='bbox 359 4725 443 4778; x_wconf 76' lang='grc' dir='ltr'><strong>διὰ</strong></span> <span class='ocrx_word' id='word_1_493' title='bbox 483 4725 548 4777; x_wconf 88' lang='grc' dir='ltr'><strong>τὸ</strong></span> <span class='ocrx_word' id='word_1_494' title='bbox 581 4724 720 4776; x_wconf 83' lang='grc' dir='ltr'>Θεὸν</span> <span class='ocrx_word' id='word_1_495' title='bbox 758 4719 894 4775; x_wconf 80' lang='grc' dir='ltr'>εἶναι</span> <span class='ocrx_word' id='word_1_496' title='bbox 940 4723 1032 4775; x_wconf 89' lang='grc' dir='ltr'><strong>τὸν</strong></span> <span class='ocrx_word' id='word_1_497' title='bbox 1067 4723 1527 4793; x_wconf 77' lang='grc' dir='ltr'>ἐπαγγειλάμενον</span> <span class='ocrx_word' id='word_1_498' title='bbox 1585 4720 1749 4774; x_wconf 81' lang='grc' dir='ltr'>πεπί-</span> 
     </span>
    </p>
   </div>
   <div class='ocr_carea' id='block_1_65' title="bbox 204 4811 1749 4886">
    <p class='ocr_par' dir='ltr' id='par_1_65' title="bbox 204 4811 1749 4886">
     <span class='ocr_line' id='line_1_65' title="bbox 204 4811 1749 4886; baseline 0.006 -27"><span class='ocrx_word' id='word_1_499' title='bbox 204 4825 414 4868; x_wconf 78' lang='grc' dir='ltr'>στευται.</span> <span class='ocrx_word' id='word_1_500' title='bbox 446 4813 513 4867; x_wconf 83' lang='grc' dir='ltr'><strong>Ἦ</strong></span> <span class='ocrx_word' id='word_1_501' title='bbox 528 4814 587 4866; x_wconf 85' lang='grc' dir='ltr'><strong>δέ</strong></span> <span class='ocrx_word' id='word_1_502' title='bbox 607 4811 710 4880; x_wconf 86' lang='grc' dir='ltr'><strong>τῆς</strong></span> <span class='ocrx_word' id='word_1_503' title='bbox 743 4813 1006 4883; x_wconf 83' lang='grc' dir='ltr'>Θεότητος</span> <span class='ocrx_word' id='word_1_504' title='bbox 1047 4815 1318 4886; x_wconf 87' lang='grc' dir='ltr'>μαρτυρία</span> <span class='ocrx_word' id='word_1_505' title='bbox 1354 4815 1441 4870; x_wconf 82' lang='grc' dir='ltr'><strong>διὰ</strong></span> <span class='ocrx_word' id='word_1_506' title='bbox 1479 4817 1577 4886; x_wconf 83' lang='grc' dir='ltr'><strong>τῆς</strong></span> <span class='ocrx_word' id='word_1_507' title='bbox 1624 4815 1749 4869; x_wconf 91' lang='grc' dir='ltr'>θαυ-</span> 
     </span>
    </p>
   </div>
   <div class='ocr_carea' id='block_1_66' title="bbox 204 4901 1745 4974">
    <p class='ocr_par' dir='ltr' id='par_1_66' title="bbox 204 4901 1745 4974">
     <span class='ocr_line' id='line_1_66' title="bbox 204 4901 1745 4974; baseline 0.006 -23"><span class='ocrx_word' id='word_1_508' title='bbox 204 4901 361 4964; x_wconf 70' lang='grc' dir='ltr'>μάτων</span> <span class='ocrx_word' id='word_1_509' title='bbox 381 4904 552 4958; x_wconf 80' lang='grc' dir='ltr'>ἐστίν.</span> <span class='ocrx_word' id='word_1_510' title='bbox 594 4903 760 4955; x_wconf 83' lang='grc' dir='ltr'>Ὥστε</span> <span class='ocrx_word' id='word_1_511' title='bbox 781 4903 867 4956; x_wconf 77' lang='grc' dir='ltr'>διὰ</span> <span class='ocrx_word' id='word_1_512' title='bbox 888 4907 1101 4958; x_wconf 77' lang='grc' dir='ltr'>πάντων</span> <span class='ocrx_word' id='word_1_513' title='bbox 1128 4906 1186 4958; x_wconf 88' lang='grc' dir='ltr'><strong>τὸ</strong></span> <span class='ocrx_word' id='word_1_514' title='bbox 1221 4909 1469 4974; x_wconf 85' lang='grc' dir='ltr'>παρεῖναι</span> <span class='ocrx_word' id='word_1_515' title='bbox 1495 4909 1554 4961; x_wconf 90' lang='grc' dir='ltr'><strong>τὸ</strong></span> <span class='ocrx_word' id='word_1_516' title='bbox 1571 4909 1745 4973; x_wconf 82' lang='grc' dir='ltr'>Θεῖον,</span> 
     </span>
    </p>
   </div>
   <div class='ocr_carea' id='block_1_67' title="bbox 198 4987 937 5064">
    <p class='ocr_par' dir='ltr' id='par_1_67' title="bbox 198 4987 937 5064">
     <span class='ocr_line' id='line_1_67' title="bbox 198 4987 937 5064; baseline 0.014 -26"><span class='ocrx_word' id='word_1_517' title='bbox 198 4987 422 5059; x_wconf 67' lang='grc' dir='ltr'>οὐδεμίαν</span> <span class='ocrx_word' id='word_1_518' title='bbox 442 4994 782 5064; x_wconf 74' lang='grc' dir='ltr'>ἀμφιϐολίαν</span> <span class='ocrx_word' id='word_1_519' title='bbox 809 4995 937 5064; x_wconf 75' lang='grc' dir='ltr'>ἔχει.</span> 
     </span>
    </p>
   </div>
   <div class='ocr_carea' id='block_1_68' title="bbox 777 5268 1186 5323">
    <p class='ocr_par' dir='ltr' id='par_1_68' title="bbox 777 5268 1186 5323">
     <span class='ocr_line' id='line_1_68' title="bbox 777 5268 1186 5323; baseline 0.012 -5"><span class='ocrx_word' id='word_1_520' title='bbox 777 5268 1029 5322; x_wconf 82' lang='grc' dir='ltr'><strong>ΚΕΦΑΛ.</strong></span> <span class='ocrx_word' id='word_1_521' title='bbox 1067 5270 1186 5323; x_wconf 84' lang='grc' dir='ltr'><strong>ΛΕ’.</strong></span> 
     </span>
    </p>
   </div>
   <div class='ocr_carea' id='block_1_69' title="bbox 267 5355 1753 5439">
    <p class='ocr_par' dir='ltr' id='par_1_69' title="bbox 267 5355 1753 5439">
     <span class='ocr_line' id='line_1_69' title="bbox 267 5355 1753 5439; baseline 0.007 -30"><span class='ocrx_word' id='word_1_522' title='bbox 267 5355 323 5408; x_wconf 84' lang='grc' dir='ltr'><strong><em>Ἡ</em></strong></span> <span class='ocrx_word' id='word_1_523' title='bbox 349 5358 404 5410; x_wconf 84' lang='grc' dir='ltr'>δὲ</span> <span class='ocrx_word' id='word_1_524' title='bbox 446 5374 530 5423; x_wconf 90' lang='grc' dir='ltr'><strong>εις</strong></span> <span class='ocrx_word' id='word_1_525' title='bbox 554 5360 617 5413; x_wconf 88' lang='grc' dir='ltr'><strong>τὸ</strong></span> <span class='ocrx_word' id='word_1_526' title='bbox 654 5360 798 5431; x_wconf 78' lang='grc' dir='ltr'>ὕδωρ</span> <span class='ocrx_word' id='word_1_527' title='bbox 831 5361 1089 5426; x_wconf 82' lang='grc' dir='ltr'>κάθοδος,</span> <span class='ocrx_word' id='word_1_528' title='bbox 1125 5364 1218 5416; x_wconf 78' lang='grc' dir='ltr'>καὶ</span> <span class='ocrx_word' id='word_1_529' title='bbox 1249 5365 1310 5416; x_wconf 91' lang='grc' dir='ltr'><strong>τὸ</strong></span> <span class='ocrx_word' id='word_1_530' title='bbox 1356 5366 1474 5435; x_wconf 72' lang='grc' dir='ltr'>τρὶς</span> <span class='ocrx_word' id='word_1_531' title='bbox 1511 5367 1571 5418; x_wconf 81' lang='grc' dir='ltr'><strong>ἐν</strong></span> <span class='ocrx_word' id='word_1_532' title='bbox 1606 5369 1753 5439; x_wconf 82' lang='grc' dir='ltr'><strong>αὑτῴ</strong></span> 
     </span>
    </p>
   </div>
   <div class='ocr_carea' id='block_1_70' title="bbox 201 5450 1754 5533">
    <p class='ocr_par' dir='ltr' id='par_1_70' title="bbox 201 5450 1754 5533">
     <span class='ocr_line' id='line_1_70' title="bbox 201 5450 1754 5533; baseline 0.007 -32"><span class='ocrx_word' id='word_1_533' title='bbox 201 5450 426 5512; x_wconf 74' lang='grc' dir='ltr'>γενέσθαι</span> <span class='ocrx_word' id='word_1_534' title='bbox 458 5455 555 5505; x_wconf 89' lang='grc' dir='ltr'><strong>τὸν</strong></span> <span class='ocrx_word' id='word_1_535' title='bbox 595 5455 913 5526; x_wconf 78' lang='grc' dir='ltr'>ἄνθρωπον,</span> <span class='ocrx_word' id='word_1_536' title='bbox 945 5457 1130 5528; x_wconf 79' lang='grc' dir='ltr'>ἕτερον</span> <span class='ocrx_word' id='word_1_537' title='bbox 1186 5459 1503 5529; x_wconf 84' lang='grc' dir='ltr'>ἐμπεριέχει</span> <span class='ocrx_word' id='word_1_538' title='bbox 1552 5463 1754 5533; x_wconf 78' lang='grc' dir='ltr'>μυστή-</span> 
     </span>
    </p>
   </div>
   <div class='ocr_carea' id='block_1_71' title="bbox 199 5542 1754 5619">
    <p class='ocr_par' dir='ltr' id='par_1_71' title="bbox 199 5542 1754 5619">
     <span class='ocr_line' id='line_1_71' title="bbox 199 5542 1754 5619; baseline 0.008 -27"><span class='ocrx_word' id='word_1_539' title='bbox 199 5553 312 5607; x_wconf 76' lang='grc' dir='ltr'>ριον.</span> <span class='ocrx_word' id='word_1_540' title='bbox 356 5542 579 5613; x_wconf 81' lang='grc' dir='ltr'>Ἐπειδὴ</span> <span class='ocrx_word' id='word_1_541' title='bbox 603 5543 711 5615; x_wconf 80' lang='grc' dir='ltr'>γὰρ</span> <span class='ocrx_word' id='word_1_542' title='bbox 756 5546 784 5596; x_wconf 90' lang='grc' dir='ltr'><strong>ό</strong></span> <span class='ocrx_word' id='word_1_543' title='bbox 810 5544 908 5614; x_wconf 87' lang='grc' dir='ltr'><strong>τῆς</strong></span> <span class='ocrx_word' id='word_1_544' title='bbox 943 5546 1213 5616; x_wconf 77' lang='grc' dir='ltr'>σωτηρίας</span> <span class='ocrx_word' id='word_1_545' title='bbox 1242 5547 1398 5617; x_wconf 81' lang='grc' dir='ltr'>ἡμῶν</span> <span class='ocrx_word' id='word_1_546' title='bbox 1424 5550 1623 5619; x_wconf 87' lang='grc' dir='ltr'>τρόπος</span> <span class='ocrx_word' id='word_1_547' title='bbox 1647 5591 1662 5615; x_wconf 91' lang='grc'><strong>,</strong></span> <span class='ocrx_word' id='word_1_548' title='bbox 1694 5552 1754 5604; x_wconf 84' lang='grc' dir='ltr'><strong>οὐ</strong></span> 
     </span>
    </p>
   </div>
   <div class='ocr_carea' id='block_1_72' title="bbox 198 5631 1766 5712">
    <p class='ocr_par' dir='ltr' id='par_1_72' title="bbox 198 5631 1766 5712">
     <span class='ocr_line' id='line_1_72' title="bbox 198 5631 1766 5712; baseline 0.008 -31"><span class='ocrx_word' id='word_1_549' title='bbox 198 5631 427 5686; x_wconf 74' lang='grc' dir='ltr'>τοσοῦτον</span> <span class='ocrx_word' id='word_1_550' title='bbox 456 5638 522 5688; x_wconf 77' lang='grc' dir='ltr'><strong>ἐκ</strong></span> <span class='ocrx_word' id='word_1_551' title='bbox 547 5637 649 5706; x_wconf 84' lang='grc' dir='ltr'><strong>τῆς</strong></span> <span class='ocrx_word' id='word_1_552' title='bbox 691 5635 835 5689; x_wconf 84' lang='grc' dir='ltr'>κατὰ</span> <span class='ocrx_word' id='word_1_553' title='bbox 873 5636 1120 5709; x_wconf 79' lang='grc' dir='ltr'>διαδοχὴν</span> <span class='ocrx_word' id='word_1_554' title='bbox 1167 5640 1492 5710; x_wconf 82' lang='grc' dir='ltr'>ὑφηγήσεως</span> <span class='ocrx_word' id='word_1_555' title='bbox 1538 5643 1766 5712; x_wconf 84' lang='grc' dir='ltr'>ἐνεργὸς</span> 
     </span>
    </p>
   </div>
   <div class='ocr_carea' id='block_1_73' title="bbox 201 5719 1758 5804">
    <p class='ocr_par' dir='ltr' id='par_1_73' title="bbox 201 5719 1758 5804">
     <span class='ocr_line' id='line_1_73' title="bbox 201 5719 1758 5804; baseline 0.007 -30"><span class='ocrx_word' id='word_1_556' title='bbox 201 5719 400 5789; x_wconf 74' lang='grc' dir='ltr'>γέγονεν</span> <span class='ocrx_word' id='word_1_557' title='bbox 422 5767 438 5792; x_wconf 93' lang='grc'><strong>,</strong></span> <span class='ocrx_word' id='word_1_558' title='bbox 471 5727 600 5780; x_wconf 85' lang='grc' dir='ltr'>ὅσον</span> <span class='ocrx_word' id='word_1_559' title='bbox 627 5727 692 5780; x_wconf 82' lang='grc' dir='ltr'><strong>δι’</strong></span> <span class='ocrx_word' id='word_1_560' title='bbox 715 5727 895 5782; x_wconf 81' lang='grc' dir='ltr'>αὐτῶν</span> <span class='ocrx_word' id='word_1_561' title='bbox 923 5723 997 5783; x_wconf 85' lang='grc' dir='ltr'>ὧν</span> <span class='ocrx_word' id='word_1_562' title='bbox 1028 5731 1284 5801; x_wconf 83' lang='grc' dir='ltr'>ἐποίησεν</span> <span class='ocrx_word' id='word_1_563' title='bbox 1313 5734 1344 5786; x_wconf 89' lang='grc' dir='ltr'><strong>ό</strong></span> <span class='ocrx_word' id='word_1_564' title='bbox 1377 5731 1475 5802; x_wconf 83' lang='grc' dir='ltr'>τὴν</span> <span class='ocrx_word' id='word_1_565' title='bbox 1502 5733 1637 5804; x_wconf 83' lang='grc' dir='ltr'>πρὸς</span> <span class='ocrx_word' id='word_1_566' title='bbox 1667 5732 1758 5786; x_wconf 88' lang='grc' dir='ltr'><strong>τὸν</strong></span> 
     </span>
    </p>
   </div>
   <div class='ocr_carea' id='block_1_74' title="bbox 203 5811 1760 5900">
    <p class='ocr_par' dir='ltr' id='par_1_74' title="bbox 203 5811 1760 5900">
     <span class='ocr_line' id='line_1_74' title="bbox 203 5811 1760 5900; baseline 0.01 -34"><span class='ocrx_word' id='word_1_567' title='bbox 203 5811 463 5882; x_wconf 70' lang='grc' dir='ltr'>ἄνθρωπον</span> <span class='ocrx_word' id='word_1_568' title='bbox 494 5819 736 5886; x_wconf 81' lang='grc' dir='ltr'>ὑποστὰς</span> <span class='ocrx_word' id='word_1_569' title='bbox 764 5824 1048 5878; x_wconf 77' lang='grc' dir='ltr'>κοινωνίαν</span> <span class='ocrx_word' id='word_1_570' title='bbox 1070 5863 1085 5889; x_wconf 86' lang='grc'><strong>,</strong></span> <span class='ocrx_word' id='word_1_571' title='bbox 1133 5824 1278 5897; x_wconf 78' lang='grc' dir='ltr'>ἔργῳ</span> <span class='ocrx_word' id='word_1_572' title='bbox 1305 5825 1404 5898; x_wconf 77' lang='grc' dir='ltr'>τὴν</span> <span class='ocrx_word' id='word_1_573' title='bbox 1430 5825 1573 5898; x_wconf 81' lang='grc' dir='ltr'>ζωὴν</span> <span class='ocrx_word' id='word_1_574' title='bbox 1615 5829 1760 5900; x_wconf 81' lang='grc' dir='ltr'>ἐνερ-</span> 
     </span>
    </p>
   </div>
   <div class='ocr_carea' id='block_1_75' title="bbox 1831 2161 3406 2235">
    <p class='ocr_par' dir='ltr' id='par_1_75' title="bbox 1831 2161 3406 2235">
     <span class='ocr_line' id='line_1_75' title="bbox 1831 2161 3406 2235; baseline -0.003 -15"><span class='ocrx_word' id='word_1_575' title='bbox 1831 2183 2002 2231; x_wconf 85' lang='lat' dir='ltr'><strong>rum;</strong></span> <span class='ocrx_word' id='word_1_576' title='bbox 2061 2181 2237 2235; x_wconf 86' lang='lat' dir='ltr'><strong>neque</strong></span> <span class='ocrx_word' id='word_1_577' title='bbox 2287 2165 2388 2217; x_wconf 88' lang='lat' dir='ltr'><strong>alia</strong></span> <span class='ocrx_word' id='word_1_578' title='bbox 2438 2162 2602 2218; x_wconf 89' lang='lat' dir='ltr'><strong>fuerit</strong></span> <span class='ocrx_word' id='word_1_579' title='bbox 2651 2161 2812 2216; x_wconf 91' lang='lat' dir='ltr'><strong>nobis</strong></span> <span class='ocrx_word' id='word_1_580' title='bbox 2865 2177 3004 2230; x_wconf 90' lang='lat' dir='ltr'><strong>opus</strong></span> <span class='ocrx_word' id='word_1_581' title='bbox 3058 2161 3406 2230; x_wconf 80' lang='lat' dir='ltr'><strong>probatione.</strong></span> 
     </span>
    </p>
   </div>
   <div class='ocr_carea' id='block_1_76' title="bbox 1830 2247 3408 2329">
    <p class='ocr_par' dir='ltr' id='par_1_76' title="bbox 1830 2247 3408 2329">
     <span class='ocr_line' id='line_1_76' title="bbox 1830 2247 3408 2329; baseline -0.006 -16"><span class='ocrx_word' id='word_1_582' title='bbox 1830 2259 1976 2329; x_wconf 90' lang='lat' dir='ltr'><strong>quod</strong></span> <span class='ocrx_word' id='word_1_583' title='bbox 2020 2255 2163 2311; x_wconf 85' lang='lat' dir='ltr'><strong>Deus</strong></span> <span class='ocrx_word' id='word_1_584' title='bbox 2203 2255 2356 2317; x_wconf 75' lang='lat' dir='ltr'><strong>adsit,</strong></span> <span class='ocrx_word' id='word_1_585' title='bbox 2387 2255 2454 2310; x_wconf 90' lang='lat' dir='ltr'><strong>iis</strong></span> <span class='ocrx_word' id='word_1_586' title='bbox 2497 2270 2616 2324; x_wconf 71' lang='lat' dir='ltr'><strong>qua:</strong></span> <span class='ocrx_word' id='word_1_587' title='bbox 2644 2255 2800 2314; x_wconf 88' lang='lat' dir='ltr'><strong>ﬁunt,</strong></span> <span class='ocrx_word' id='word_1_588' title='bbox 2826 2267 2949 2306; x_wconf 92' lang='lat' dir='ltr'><strong>cum</strong></span> <span class='ocrx_word' id='word_1_589' title='bbox 2988 2247 3154 2306; x_wconf 88' lang='lat' dir='ltr'><strong>Deum</strong></span> <span class='ocrx_word' id='word_1_590' title='bbox 3186 2252 3408 2322; x_wconf 89' lang='lat' dir='ltr'><strong>quidem</strong></span> 
     </span>
    </p>
   </div>
   <div class='ocr_carea' id='block_1_77' title="bbox 1830 2342 3406 2418">
    <p class='ocr_par' dir='ltr' id='par_1_77' title="bbox 1830 2342 3406 2418">
     <span class='ocr_line' id='line_1_77' title="bbox 1830 2342 3406 2418; baseline -0.006 -12"><span class='ocrx_word' id='word_1_591' title='bbox 1830 2365 1952 2406; x_wconf 90' lang='lat' dir='ltr'><strong>esse</strong></span> <span class='ocrx_word' id='word_1_592' title='bbox 1980 2363 2074 2418; x_wconf 90' lang='lat' dir='ltr'><strong>per</strong></span> <span class='ocrx_word' id='word_1_593' title='bbox 2099 2347 2216 2417; x_wconf 84' lang='lat' dir='ltr'><strong>ipsa</strong></span> <span class='ocrx_word' id='word_1_594' title='bbox 2248 2346 2509 2400; x_wconf 88' lang='lat' dir='ltr'><strong>miracula</strong></span> <span class='ocrx_word' id='word_1_595' title='bbox 2554 2344 2972 2406; x_wconf 88' lang='lat' dir='ltr'><strong>crediderimus,</strong></span> <span class='ocrx_word' id='word_1_596' title='bbox 3021 2359 3198 2413; x_wconf 88' lang='lat' dir='ltr'><strong>neque</strong></span> <span class='ocrx_word' id='word_1_597' title='bbox 3246 2342 3406 2406; x_wconf 82' lang='lat' dir='ltr'><strong>dubi-</strong></span> 
     </span>
    </p>
   </div>
   <div class='ocr_carea' id='block_1_78' title="bbox 1831 2433 3410 2508">
    <p class='ocr_par' dir='ltr' id='par_1_78' title="bbox 1831 2433 3410 2508">
     <span class='ocr_line' id='line_1_78' title="bbox 1831 2433 3410 2508; baseline -0.006 -12"><span class='ocrx_word' id='word_1_598' title='bbox 1831 2449 2030 2500; x_wconf 84' lang='lat' dir='ltr'><strong>temus.</strong></span> <span class='ocrx_word' id='word_1_599' title='bbox 2074 2440 2126 2492; x_wconf 88' lang='lat' dir='ltr'><strong>id</strong></span> <span class='ocrx_word' id='word_1_600' title='bbox 2169 2436 2315 2508; x_wconf 86' lang='lat' dir='ltr'><strong>quod</strong></span> <span class='ocrx_word' id='word_1_601' title='bbox 2376 2436 2709 2506; x_wconf 84' lang='lat' dir='ltr'><strong>promissum</strong></span> <span class='ocrx_word' id='word_1_602' title='bbox 2763 2445 2846 2487; x_wconf 91' lang='lat' dir='ltr'><strong>est</strong></span> <span class='ocrx_word' id='word_1_603' title='bbox 2898 2433 3091 2488; x_wconf 86' lang='lat' dir='ltr'><strong>adesse</strong></span> <span class='ocrx_word' id='word_1_604' title='bbox 3138 2434 3302 2490; x_wconf 89' lang='lat' dir='ltr'><strong>certis</strong></span> <span class='ocrx_word' id='word_1_605' title='bbox 3355 2441 3410 2488; x_wconf 88' lang='lat' dir='ltr'><strong>et</strong></span> 
     </span>
    </p>
   </div>
   <div class='ocr_carea' id='block_1_79' title="bbox 1833 2525 3406 2596">
    <p class='ocr_par' dir='ltr' id='par_1_79' title="bbox 1833 2525 3406 2596">
     <span class='ocr_line' id='line_1_79' title="bbox 1833 2525 3406 2596; baseline -0.006 -9"><span class='ocrx_word' id='word_1_606' title='bbox 1833 2548 1862 2587; x_wconf 92' lang='lat' dir='ltr'><strong>a</strong></span> <span class='ocrx_word' id='word_1_607' title='bbox 1918 2531 2207 2587; x_wconf 90' lang='lat' dir='ltr'><strong>mendacio</strong></span> <span class='ocrx_word' id='word_1_608' title='bbox 2266 2529 2457 2582; x_wconf 90' lang='lat' dir='ltr'><strong>alienis</strong></span> <span class='ocrx_word' id='word_1_609' title='bbox 2505 2527 2980 2596; x_wconf 89' lang='lat' dir='ltr'><strong>prornissionibus.</strong></span> <span class='ocrx_word' id='word_1_610' title='bbox 3028 2525 3185 2592; x_wconf 85' lang='lat' dir='ltr'><strong>Quod</strong></span> <span class='ocrx_word' id='word_1_611' title='bbox 3229 2535 3406 2579; x_wconf 85' lang='lat' dir='ltr'><strong>autem</strong></span> 
     </span>
    </p>
   </div>
   <div class='ocr_carea' id='block_1_80' title="bbox 1831 2615 3415 2694">
    <p class='ocr_par' dir='ltr' id='par_1_80' title="bbox 1831 2615 3415 2694">
     <span class='ocr_line' id='line_1_80' title="bbox 1831 2615 3415 2694; baseline -0.003 -16"><span class='ocrx_word' id='word_1_612' title='bbox 1831 2639 1954 2694; x_wconf 73' lang='lat' dir='ltr'><strong>qua:</strong></span> <span class='ocrx_word' id='word_1_613' title='bbox 2003 2637 2097 2692; x_wconf 92' lang='lat' dir='ltr'><strong>per</strong></span> <span class='ocrx_word' id='word_1_614' title='bbox 2159 2635 2348 2690; x_wconf 88' lang='lat' dir='ltr'><strong>preces</strong></span> <span class='ocrx_word' id='word_1_615' title='bbox 2393 2618 2452 2672; x_wconf 90' lang='lat' dir='ltr'><strong>ﬁt</strong></span> <span class='ocrx_word' id='word_1_616' title='bbox 2500 2619 2793 2679; x_wconf 83' lang='lat' dir='ltr'><strong>invocatio,</strong></span> <span class='ocrx_word' id='word_1_617' title='bbox 2846 2618 3083 2672; x_wconf 88' lang='lat' dir='ltr'><strong>divinam</strong></span> <span class='ocrx_word' id='word_1_618' title='bbox 3142 2615 3415 2686; x_wconf 61' lang='lat' dir='ltr'><strong>praecedat</strong></span> 
     </span>
    </p>
   </div>
   <div class='ocr_carea' id='block_1_81' title="bbox 1834 2709 3409 2785">
    <p class='ocr_par' dir='ltr' id='par_1_81' title="bbox 1834 2709 3409 2785">
     <span class='ocr_line' id='line_1_81' title="bbox 1834 2709 3409 2785; baseline -0.006 -15"><span class='ocrx_word' id='word_1_619' title='bbox 1834 2713 2320 2785; x_wconf 89' lang='lat' dir='ltr'><strong>dispensationem,</strong></span> <span class='ocrx_word' id='word_1_620' title='bbox 2378 2711 2512 2765; x_wconf 86' lang='lat' dir='ltr'><strong>satis</strong></span> <span class='ocrx_word' id='word_1_621' title='bbox 2565 2725 2838 2779; x_wconf 90' lang='lat' dir='ltr'><strong>superque</strong></span> <span class='ocrx_word' id='word_1_622' title='bbox 2892 2711 3106 2779; x_wconf 87' lang='lat' dir='ltr'><strong>probat,</strong></span> <span class='ocrx_word' id='word_1_623' title='bbox 3157 2709 3301 2778; x_wconf 90' lang='lat' dir='ltr'><strong>quod</strong></span> <span class='ocrx_word' id='word_1_624' title='bbox 3356 2709 3409 2761; x_wconf 91' lang='lat' dir='ltr'><strong>id</strong></span> 
     </span>
    </p>
   </div>
   <div class='ocr_carea' id='block_1_82' title="bbox 1835 2799 3407 2870">
    <p class='ocr_par' dir='ltr' id='par_1_82' title="bbox 1835 2799 3407 2870">
     <span class='ocr_line' id='line_1_82' title="bbox 1835 2799 3407 2870; baseline -0.006 -9"><span class='ocrx_word' id='word_1_625' title='bbox 1835 2807 1977 2866; x_wconf 80' lang='lat' dir='ltr'><strong>quod</strong></span> <span class='ocrx_word' id='word_1_626' title='bbox 2020 2805 2098 2868; x_wconf 86' lang='lat' dir='ltr'><strong>ﬁt,</strong></span> <span class='ocrx_word' id='word_1_627' title='bbox 2151 2819 2218 2856; x_wconf 75' lang='lat' dir='ltr'><strong>ex</strong></span> <span class='ocrx_word' id='word_1_628' title='bbox 2267 2802 2376 2856; x_wconf 91' lang='lat' dir='ltr'><strong>Deo</strong></span> <span class='ocrx_word' id='word_1_629' title='bbox 2427 2803 2716 2870; x_wconf 81' lang='lat' dir='ltr'><strong>peragitur.</strong></span> <span class='ocrx_word' id='word_1_630' title='bbox 2780 2799 2838 2854; x_wconf 90' lang='lat' dir='ltr'><strong>Si</strong></span> <span class='ocrx_word' id='word_1_631' title='bbox 2903 2802 3046 2854; x_wconf 89' lang='lat' dir='ltr'><strong>enim</strong></span> <span class='ocrx_word' id='word_1_632' title='bbox 3106 2800 3161 2852; x_wconf 90' lang='lat' dir='ltr'><strong>in</strong></span> <span class='ocrx_word' id='word_1_633' title='bbox 3232 2799 3407 2852; x_wconf 83' lang='lat' dir='ltr'><strong>altero</strong></span> 
     </span>
    </p>
   </div>
   <div class='ocr_carea' id='block_1_83' title="bbox 1835 2889 3409 2969">
    <p class='ocr_par' dir='ltr' id='par_1_83' title="bbox 1835 2889 3409 2969">
     <span class='ocr_line' id='line_1_83' title="bbox 1835 2889 3409 2969; baseline -0.006 -17"><span class='ocrx_word' id='word_1_634' title='bbox 1835 2912 2032 2969; x_wconf 81' lang='lat' dir='ltr'><strong>genere</strong></span> <span class='ocrx_word' id='word_1_635' title='bbox 2076 2894 2356 2949; x_wconf 89' lang='lat' dir='ltr'><strong>hominum</strong></span> <span class='ocrx_word' id='word_1_636' title='bbox 2409 2893 2833 2964; x_wconf 86' lang='lat' dir='ltr'><strong>procreationis,</strong></span> <span class='ocrx_word' id='word_1_637' title='bbox 2879 2906 3068 2945; x_wconf 88' lang='lat' dir='ltr'><strong>eorum</strong></span> <span class='ocrx_word' id='word_1_638' title='bbox 3108 2889 3200 2959; x_wconf 91' lang='lat' dir='ltr'><strong>qui</strong></span> <span class='ocrx_word' id='word_1_639' title='bbox 3251 2905 3409 2959; x_wconf 80' lang='lat' dir='ltr'><strong>gene-</strong></span> 
     </span>
    </p>
   </div>
   <div class='ocr_carea' id='block_1_84' title="bbox 1836 2983 3410 3058">
    <p class='ocr_par' dir='ltr' id='par_1_84' title="bbox 1836 2983 3410 3058">
     <span class='ocr_line' id='line_1_84' title="bbox 1836 2983 3410 3058; baseline -0.006 -13"><span class='ocrx_word' id='word_1_640' title='bbox 1836 2999 1960 3045; x_wconf 86' lang='lat' dir='ltr'><strong>rant</strong></span> <span class='ocrx_word' id='word_1_641' title='bbox 2015 2989 2082 3044; x_wconf 93' lang='lat' dir='ltr'><strong>ad</strong></span> <span class='ocrx_word' id='word_1_642' title='bbox 2136 2991 2189 3044; x_wconf 90' lang='lat' dir='ltr'><strong>id</strong></span> <span class='ocrx_word' id='word_1_643' title='bbox 2252 2988 2494 3044; x_wconf 66' lang='lat' dir='ltr'><strong>incitatae</strong></span> <span class='ocrx_word' id='word_1_644' title='bbox 2538 2988 2921 3058; x_wconf 81' lang='lat' dir='ltr'><strong>appetitiones,</strong></span> <span class='ocrx_word' id='word_1_645' title='bbox 2969 2984 3182 3040; x_wconf 89' lang='lat' dir='ltr'><strong>etiamsi</strong></span> <span class='ocrx_word' id='word_1_646' title='bbox 3231 2985 3296 3037; x_wconf 88' lang='lat' dir='ltr'><strong>ab</strong></span> <span class='ocrx_word' id='word_1_647' title='bbox 3342 2983 3410 3036; x_wconf 91' lang='lat' dir='ltr'><strong>iis</strong></span> 
     </span>
    </p>
   </div>
   <div class='ocr_carea' id='block_1_85' title="bbox 1837 3076 3413 3151">
    <p class='ocr_par' dir='ltr' id='par_1_85' title="bbox 1837 3076 3413 3151">
     <span class='ocr_line' id='line_1_85' title="bbox 1837 3076 3413 3151; baseline -0.004 -17"><span class='ocrx_word' id='word_1_648' title='bbox 1837 3082 1984 3136; x_wconf 86' lang='lat' dir='ltr'><strong>Deus</strong></span> <span class='ocrx_word' id='word_1_649' title='bbox 2012 3080 2269 3151; x_wconf 88' lang='lat' dir='ltr'><strong>precibus</strong></span> <span class='ocrx_word' id='word_1_650' title='bbox 2310 3094 2418 3133; x_wconf 93' lang='lat' dir='ltr'><strong>non</strong></span> <span class='ocrx_word' id='word_1_651' title='bbox 2455 3079 2759 3141; x_wconf 83' lang='lat' dir='ltr'><strong>invocetur,</strong></span> <span class='ocrx_word' id='word_1_652' title='bbox 2791 3078 2975 3131; x_wconf 85' lang='lat' dir='ltr'><strong>divina</strong></span> <span class='ocrx_word' id='word_1_653' title='bbox 3006 3077 3230 3136; x_wconf 87' lang='lat' dir='ltr'><strong>virtute,</strong></span> <span class='ocrx_word' id='word_1_654' title='bbox 3267 3076 3413 3128; x_wconf 87' lang='lat' dir='ltr'><strong>sicut</strong></span> 
     </span>
    </p>
   </div>
   <div class='ocr_carea' id='block_1_86' title="bbox 1839 3167 3412 3244">
    <p class='ocr_par' dir='ltr' id='par_1_86' title="bbox 1839 3167 3412 3244">
     <span class='ocr_line' id='line_1_86' title="bbox 1839 3167 3412 3244; baseline -0.007 -16"><span class='ocrx_word' id='word_1_655' title='bbox 1839 3173 1994 3244; x_wconf 90' lang='lat' dir='ltr'><strong>prius</strong></span> <span class='ocrx_word' id='word_1_656' title='bbox 2051 3172 2261 3226; x_wconf 88' lang='lat' dir='ltr'><strong>dictum</strong></span> <span class='ocrx_word' id='word_1_657' title='bbox 2313 3178 2423 3231; x_wconf 86' lang='lat' dir='ltr'><strong>est,</strong></span> <span class='ocrx_word' id='word_1_658' title='bbox 2477 3169 2747 3238; x_wconf 76' lang='lat' dir='ltr'><strong>efﬁngunt</strong></span> <span class='ocrx_word' id='word_1_659' title='bbox 2796 3169 2849 3222; x_wconf 89' lang='lat' dir='ltr'><strong>id</strong></span> <span class='ocrx_word' id='word_1_660' title='bbox 2888 3167 3034 3239; x_wconf 94' lang='lat' dir='ltr'><strong>quod</strong></span> <span class='ocrx_word' id='word_1_661' title='bbox 3079 3173 3412 3234; x_wconf 79' lang='lat' dir='ltr'><strong>generatur,</strong></span> 
     </span>
    </p>
   </div>
   <div class='ocr_carea' id='block_1_87' title="bbox 1840 3259 3414 3334">
    <p class='ocr_par' dir='ltr' id='par_1_87' title="bbox 1840 3259 3414 3334">
     <span class='ocr_line' id='line_1_87' title="bbox 1840 3259 3414 3334; baseline -0.006 -16"><span class='ocrx_word' id='word_1_662' title='bbox 1840 3281 1946 3334; x_wconf 88' lang='lat' dir='ltr'><strong>qua</strong></span> <span class='ocrx_word' id='word_1_663' title='bbox 1966 3271 2218 3334; x_wconf 86' lang='lat' dir='ltr'><strong>separata</strong></span> <span class='ocrx_word' id='word_1_664' title='bbox 2241 3261 2490 3317; x_wconf 78' lang='lat' dir='ltr'><strong>inefﬁcax</strong></span> <span class='ocrx_word' id='word_1_665' title='bbox 2527 3270 2582 3316; x_wconf 88' lang='lat' dir='ltr'><strong>et</strong></span> <span class='ocrx_word' id='word_1_666' title='bbox 2607 3261 2818 3315; x_wconf 84' lang='lat' dir='ltr'><strong>inutilis</strong></span> <span class='ocrx_word' id='word_1_667' title='bbox 2842 3275 2906 3313; x_wconf 87' lang='lat' dir='ltr'><strong>ac</strong></span> <span class='ocrx_word' id='word_1_668' title='bbox 2934 3259 3086 3312; x_wconf 89' lang='lat' dir='ltr'><strong>irrita</strong></span> <span class='ocrx_word' id='word_1_669' title='bbox 3107 3266 3190 3312; x_wconf 89' lang='lat' dir='ltr'><strong>est</strong></span> <span class='ocrx_word' id='word_1_670' title='bbox 3225 3271 3414 3311; x_wconf 89' lang='lat' dir='ltr'><strong>eorum</strong></span> 
     </span>
    </p>
   </div>
   <div class='ocr_carea' id='block_1_88' title="bbox 1840 3347 3416 3427">
    <p class='ocr_par' dir='ltr' id='par_1_88' title="bbox 1840 3347 3416 3427">
     <span class='ocr_line' id='line_1_88' title="bbox 1840 3347 3416 3427; baseline -0.008 -14"><span class='ocrx_word' id='word_1_671' title='bbox 1840 3372 2006 3427; x_wconf 88' lang='lat' dir='ltr'><strong>opera</strong></span> <span class='ocrx_word' id='word_1_672' title='bbox 2047 3375 2059 3410; x_wconf 94' lang='lat'>:</span> <span class='ocrx_word' id='word_1_673' title='bbox 2087 3362 2291 3425; x_wconf 89' lang='lat' dir='ltr'><strong>quanto</strong></span> <span class='ocrx_word' id='word_1_674' title='bbox 2315 3354 2486 3424; x_wconf 73' lang='lat' dir='ltr'><strong>magis</strong></span> <span class='ocrx_word' id='word_1_675' title='bbox 2521 3353 2575 3407; x_wconf 93' lang='lat' dir='ltr'><strong>in</strong></span> <span class='ocrx_word' id='word_1_676' title='bbox 2613 3351 2884 3423; x_wconf 88' lang='lat' dir='ltr'><strong>spirituali</strong></span> <span class='ocrx_word' id='word_1_677' title='bbox 2916 3349 3078 3404; x_wconf 90' lang='lat' dir='ltr'><strong>modo</strong></span> <span class='ocrx_word' id='word_1_678' title='bbox 3105 3347 3416 3420; x_wconf 77' lang='lat' dir='ltr'><strong>generatio-</strong></span> 
     </span>
    </p>
   </div>
   <div class='ocr_carea' id='block_1_89' title="bbox 1842 3439 3414 3514">
    <p class='ocr_par' dir='ltr' id='par_1_89' title="bbox 1842 3439 3414 3514">
     <span class='ocr_line' id='line_1_89' title="bbox 1842 3439 3414 3514; baseline -0.009 -10"><span class='ocrx_word' id='word_1_679' title='bbox 1842 3451 1949 3514; x_wconf 89' lang='lat' dir='ltr'><strong>nis,</strong></span> <span class='ocrx_word' id='word_1_680' title='bbox 1992 3462 2115 3501; x_wconf 89' lang='lat' dir='ltr'><strong>cum</strong></span> <span class='ocrx_word' id='word_1_681' title='bbox 2146 3453 2200 3500; x_wconf 89' lang='lat' dir='ltr'><strong>et</strong></span> <span class='ocrx_word' id='word_1_682' title='bbox 2227 3444 2372 3502; x_wconf 86' lang='lat' dir='ltr'><strong>Deus</strong></span> <span class='ocrx_word' id='word_1_683' title='bbox 2419 3445 2488 3500; x_wconf 89' lang='lat' dir='ltr'><strong>iis</strong></span> <span class='ocrx_word' id='word_1_684' title='bbox 2520 3461 2640 3514; x_wconf 68' lang='lat' dir='ltr'><strong>qua:</strong></span> <span class='ocrx_word' id='word_1_685' title='bbox 2682 3443 2823 3498; x_wconf 82' lang='lat' dir='ltr'><strong>facta</strong></span> <span class='ocrx_word' id='word_1_686' title='bbox 2868 3448 2997 3497; x_wconf 89' lang='lat' dir='ltr'><strong>sunt</strong></span> <span class='ocrx_word' id='word_1_687' title='bbox 3025 3455 3084 3496; x_wconf 89' lang='lat' dir='ltr'><strong>se</strong></span> <span class='ocrx_word' id='word_1_688' title='bbox 3117 3439 3414 3494; x_wconf 70' lang='lat' dir='ltr'><strong>affuturum</strong></span> 
     </span>
    </p>
   </div>
   <div class='ocr_carea' id='block_1_90' title="bbox 1843 3529 3419 3607">
    <p class='ocr_par' dir='ltr' id='par_1_90' title="bbox 1843 3529 3419 3607">
     <span class='ocr_line' id='line_1_90' title="bbox 1843 3529 3419 3607; baseline -0.007 -13"><span class='ocrx_word' id='word_1_689' title='bbox 1843 3538 1914 3594; x_wconf 90' lang='lat' dir='ltr'><strong>sit</strong></span> <span class='ocrx_word' id='word_1_690' title='bbox 1951 3536 2262 3607; x_wconf 87' lang='lat' dir='ltr'><strong>pollicitus,</strong></span> <span class='ocrx_word' id='word_1_691' title='bbox 2321 3544 2375 3590; x_wconf 91' lang='lat' dir='ltr'><strong>et</strong></span> <span class='ocrx_word' id='word_1_692' title='bbox 2430 3550 2583 3589; x_wconf 90' lang='lat' dir='ltr'><strong>suam</strong></span> <span class='ocrx_word' id='word_1_693' title='bbox 2631 3534 2783 3602; x_wconf 89' lang='lat' dir='ltr'><strong>operi</strong></span> <span class='ocrx_word' id='word_1_694' title='bbox 2830 3532 3090 3587; x_wconf 85' lang='lat' dir='ltr'><strong>virtutem</strong></span> <span class='ocrx_word' id='word_1_695' title='bbox 3140 3529 3419 3594; x_wconf 91' lang='lat' dir='ltr'><strong>indiderit,</strong></span> 
     </span>
    </p>
   </div>
   <div class='ocr_carea' id='block_1_91' title="bbox 1845 3622 3420 3695">
    <p class='ocr_par' dir='ltr' id='par_1_91' title="bbox 1845 3622 3420 3695">
     <span class='ocr_line' id='line_1_91' title="bbox 1845 3622 3420 3695; baseline -0.007 -11"><span class='ocrx_word' id='word_1_696' title='bbox 1845 3638 1904 3684; x_wconf 92' lang='lat' dir='ltr'><strong>ut</strong></span> <span class='ocrx_word' id='word_1_697' title='bbox 1935 3627 2298 3692; x_wconf 91' lang='lat' dir='ltr'><strong>credidimus,</strong></span> <span class='ocrx_word' id='word_1_698' title='bbox 2337 3635 2697 3694; x_wconf 87' lang='lat' dir='ltr'><strong>nostrumque</strong></span> <span class='ocrx_word' id='word_1_699' title='bbox 2729 3623 3071 3695; x_wconf 88' lang='lat' dir='ltr'><strong>propositum</strong></span> <span class='ocrx_word' id='word_1_700' title='bbox 3116 3633 3168 3677; x_wconf 90' lang='lat' dir='ltr'><strong>et</strong></span> <span class='ocrx_word' id='word_1_701' title='bbox 3197 3622 3420 3676; x_wconf 88' lang='lat' dir='ltr'><strong>institu-</strong></span> 
     </span>
    </p>
   </div>
   <div class='ocr_carea' id='block_1_92' title="bbox 1844 3716 3418 3786">
    <p class='ocr_par' dir='ltr' id='par_1_92' title="bbox 1844 3716 3418 3786">
     <span class='ocr_line' id='line_1_92' title="bbox 1844 3716 3418 3786; baseline -0.004 -12"><span class='ocrx_word' id='word_1_702' title='bbox 1844 3728 1958 3774; x_wconf 90' lang='lat' dir='ltr'><strong>tum</strong></span> <span class='ocrx_word' id='word_1_703' title='bbox 1995 3718 2200 3773; x_wconf 87' lang='lat' dir='ltr'><strong>feratur</strong></span> <span class='ocrx_word' id='word_1_704' title='bbox 2244 3717 2312 3772; x_wconf 93' lang='lat' dir='ltr'><strong>ad</strong></span> <span class='ocrx_word' id='word_1_705' title='bbox 2354 3717 2407 3772; x_wconf 91' lang='lat' dir='ltr'><strong>id</strong></span> <span class='ocrx_word' id='word_1_706' title='bbox 2454 3717 2508 3770; x_wconf 91' lang='lat' dir='ltr'><strong>in</strong></span> <span class='ocrx_word' id='word_1_707' title='bbox 2541 3716 2686 3786; x_wconf 89' lang='lat' dir='ltr'><strong>quod</strong></span> <span class='ocrx_word' id='word_1_708' title='bbox 2714 3717 2950 3772; x_wconf 87' lang='lat' dir='ltr'><strong>studium</strong></span> <span class='ocrx_word' id='word_1_709' title='bbox 2985 3727 3040 3769; x_wconf 87' lang='lat' dir='ltr'><strong>et</strong></span> <span class='ocrx_word' id='word_1_710' title='bbox 3066 3731 3248 3784; x_wconf 74' lang='lat' dir='ltr'><strong>,opera</strong></span> <span class='ocrx_word' id='word_1_711' title='bbox 3283 3729 3418 3768; x_wconf 91' lang='lat' dir='ltr'><strong>con-</strong></span> 
     </span>
    </p>
   </div>
   <div class='ocr_carea' id='block_1_93' title="bbox 1847 3806 3424 3878">
    <p class='ocr_par' dir='ltr' id='par_1_93' title="bbox 1847 3806 3424 3878">
     <span class='ocr_line' id='line_1_93' title="bbox 1847 3806 3424 3878; baseline -0.004 -14"><span class='ocrx_word' id='word_1_712' title='bbox 1847 3809 2047 3876; x_wconf 77' lang='lat' dir='ltr'><strong>fertur,</strong></span> <span class='ocrx_word' id='word_1_713' title='bbox 2103 3810 2146 3863; x_wconf 90' lang='lat' dir='ltr'><strong>si</strong></span> <span class='ocrx_word' id='word_1_714' title='bbox 2179 3823 2367 3862; x_wconf 87' lang='lat' dir='ltr'><strong>eorum</strong></span> <span class='ocrx_word' id='word_1_715' title='bbox 2417 3823 2647 3878; x_wconf 89' lang='lat' dir='ltr'><strong>quorum</strong></span> <span class='ocrx_word' id='word_1_716' title='bbox 2691 3807 2846 3862; x_wconf 90' lang='lat' dir='ltr'><strong>decet</strong></span> <span class='ocrx_word' id='word_1_717' title='bbox 2886 3806 3051 3862; x_wconf 90' lang='lat' dir='ltr'><strong>simul</strong></span> <span class='ocrx_word' id='word_1_718' title='bbox 3097 3821 3192 3876; x_wconf 90' lang='lat' dir='ltr'><strong>per</strong></span> <span class='ocrx_word' id='word_1_719' title='bbox 3235 3821 3424 3875; x_wconf 91' lang='lat' dir='ltr'><strong>preces</strong></span> 
     </span>
    </p>
   </div>
   <div class='ocr_carea' id='block_1_94' title="bbox 1846 3896 3420 3968">
    <p class='ocr_par' dir='ltr' id='par_1_94' title="bbox 1846 3896 3420 3968">
     <span class='ocr_line' id='line_1_94' title="bbox 1846 3896 3420 3968; baseline -0.004 -12"><span class='ocrx_word' id='word_1_720' title='bbox 1846 3909 2156 3956; x_wconf 88' lang='lat' dir='ltr'><strong>assumatur</strong></span> <span class='ocrx_word' id='word_1_721' title='bbox 2175 3898 2454 3961; x_wconf 80' lang='lat' dir='ltr'><strong>auxilium,</strong></span> <span class='ocrx_word' id='word_1_722' title='bbox 2481 3897 2651 3968; x_wconf 81' lang='lat' dir='ltr'><strong>magis</strong></span> <span class='ocrx_word' id='word_1_723' title='bbox 2673 3898 2775 3950; x_wconf 88' lang='lat' dir='ltr'><strong>erit</strong></span> <span class='ocrx_word' id='word_1_724' title='bbox 2804 3896 3102 3968; x_wconf 89' lang='lat' dir='ltr'><strong>perfectum</strong></span> <span class='ocrx_word' id='word_1_725' title='bbox 3123 3896 3174 3950; x_wconf 93' lang='lat' dir='ltr'><strong>id</strong></span> <span class='ocrx_word' id='word_1_726' title='bbox 3199 3896 3252 3949; x_wconf 90' lang='lat' dir='ltr'><strong>in</strong></span> <span class='ocrx_word' id='word_1_727' title='bbox 3277 3896 3420 3966; x_wconf 88' lang='lat' dir='ltr'><strong>quod</strong></span> 
     </span>
    </p>
   </div>
   <div class='ocr_carea' id='block_1_95' title="bbox 1847 3986 3423 4057">
    <p class='ocr_par' dir='ltr' id='par_1_95' title="bbox 1847 3986 3423 4057">
     <span class='ocr_line' id='line_1_95' title="bbox 1847 3986 3423 4057; baseline -0.004 -10"><span class='ocrx_word' id='word_1_728' title='bbox 1847 3991 2124 4048; x_wconf 82' lang='lat' dir='ltr'><strong>confertur</strong></span> <span class='ocrx_word' id='word_1_729' title='bbox 2141 3988 2401 4045; x_wconf 85' lang='lat' dir='ltr'><strong>studium?</strong></span> <span class='ocrx_word' id='word_1_730' title='bbox 2425 3988 2545 4055; x_wconf 86' lang='lat' dir='ltr'><strong>Quo</strong></span> <span class='ocrx_word' id='word_1_731' title='bbox 2573 3989 2735 4044; x_wconf 86' lang='lat' dir='ltr'><strong>modo</strong></span> <span class='ocrx_word' id='word_1_732' title='bbox 2765 3998 2944 4042; x_wconf 85' lang='lat' dir='ltr'><strong>autem</strong></span> <span class='ocrx_word' id='word_1_733' title='bbox 2975 3988 3067 4057; x_wconf 92' lang='lat' dir='ltr'><strong>qui</strong></span> <span class='ocrx_word' id='word_1_734' title='bbox 3105 3986 3268 4041; x_wconf 87' lang='lat' dir='ltr'><strong>Deum</strong></span> <span class='ocrx_word' id='word_1_735' title='bbox 3300 4003 3423 4056; x_wconf 86' lang='lat' dir='ltr'><strong>pre-</strong></span> 
     </span>
    </p>
   </div>
   <div class='ocr_carea' id='block_1_96' title="bbox 1848 4079 3422 4149">
    <p class='ocr_par' dir='ltr' id='par_1_96' title="bbox 1848 4079 3422 4149">
     <span class='ocr_line' id='line_1_96' title="bbox 1848 4079 3422 4149; baseline -0.005 -8"><span class='ocrx_word' id='word_1_736' title='bbox 1848 4092 2043 4141; x_wconf 85' lang='lat' dir='ltr'><strong>cantur</strong></span> <span class='ocrx_word' id='word_1_737' title='bbox 2072 4090 2133 4137; x_wconf 91' lang='lat' dir='ltr'><strong>ut</strong></span> <span class='ocrx_word' id='word_1_738' title='bbox 2153 4082 2256 4137; x_wconf 84' lang='lat' dir='ltr'><strong>sibi</strong></span> <span class='ocrx_word' id='word_1_739' title='bbox 2289 4081 2370 4136; x_wconf 91' lang='lat' dir='ltr'><strong>sol</strong></span> <span class='ocrx_word' id='word_1_740' title='bbox 2395 4081 2695 4144; x_wconf 84' lang='lat' dir='ltr'><strong>iilucescat,</strong></span> <span class='ocrx_word' id='word_1_741' title='bbox 2745 4081 2797 4135; x_wconf 88' lang='lat' dir='ltr'><strong>id</strong></span> <span class='ocrx_word' id='word_1_742' title='bbox 2825 4081 2968 4149; x_wconf 90' lang='lat' dir='ltr'><strong>quod</strong></span> <span class='ocrx_word' id='word_1_743' title='bbox 2997 4079 3053 4133; x_wconf 87' lang='lat' dir='ltr'><strong>ﬁt</strong></span> <span class='ocrx_word' id='word_1_744' title='bbox 3081 4093 3422 4148; x_wconf 85' lang='lat' dir='ltr'><strong>nequaquam</strong></span> 
     </span>
    </p>
   </div>
   <div class='ocr_carea' id='block_1_97' title="bbox 1848 4166 3425 4248">
    <p class='ocr_par' dir='ltr' id='par_1_97' title="bbox 1848 4166 3425 4248">
     <span class='ocr_line' id='line_1_97' title="bbox 1848 4166 3425 4248; baseline -0.002 -14"><span class='ocrx_word' id='word_1_745' title='bbox 1848 4180 2156 4234; x_wconf 88' lang='lat' dir='ltr'><strong>obtundunt</strong></span> <span class='ocrx_word' id='word_1_746' title='bbox 2176 4189 2229 4235; x_wconf 86' lang='lat' dir='ltr'><strong>et</strong></span> <span class='ocrx_word' id='word_1_747' title='bbox 2249 4181 2546 4236; x_wconf 87' lang='lat' dir='ltr'><strong>obscurant</strong></span> <span class='ocrx_word' id='word_1_748' title='bbox 2575 4181 2592 4244; x_wconf 95' lang='lat'><strong>(</strong></span> <span class='ocrx_word' id='word_1_749' title='bbox 2607 4166 2703 4235; x_wconf 89' lang='lat' dir='ltr'><strong>sed</strong></span> <span class='ocrx_word' id='word_1_750' title='bbox 2744 4194 2846 4234; x_wconf 91' lang='lat' dir='ltr'><strong>nec</strong></span> <span class='ocrx_word' id='word_1_751' title='bbox 2869 4178 3060 4234; x_wconf 89' lang='lat' dir='ltr'><strong>inutile</strong></span> <span class='ocrx_word' id='word_1_752' title='bbox 3085 4177 3425 4248; x_wconf 88' lang='lat' dir='ltr'><strong>precantium</strong></span> 
     </span>
    </p>
   </div>
   <div class='ocr_carea' id='block_1_98' title="bbox 1851 4269 3427 4340">
    <p class='ocr_par' dir='ltr' id='par_1_98' title="bbox 1851 4269 3427 4340">
     <span class='ocr_line' id='line_1_98' title="bbox 1851 4269 3427 4340; baseline -0.002 -15"><span class='ocrx_word' id='word_1_753' title='bbox 1851 4271 2055 4326; x_wconf 76' lang='lat' dir='ltr'><strong>dixeris</strong></span> <span class='ocrx_word' id='word_1_754' title='bbox 2081 4289 2203 4328; x_wconf 87' lang='lat' dir='ltr'><strong>esse</strong></span> <span class='ocrx_word' id='word_1_755' title='bbox 2225 4273 2486 4337; x_wconf 90' lang='lat' dir='ltr'><strong>studium,</strong></span> <span class='ocrx_word' id='word_1_756' title='bbox 2516 4273 2561 4328; x_wconf 91' lang='lat' dir='ltr'><strong>si</strong></span> <span class='ocrx_word' id='word_1_757' title='bbox 2585 4273 2651 4327; x_wconf 89' lang='lat' dir='ltr'><strong>de</strong></span> <span class='ocrx_word' id='word_1_758' title='bbox 2681 4287 2747 4327; x_wconf 93' lang='lat' dir='ltr'><strong>eo</strong></span> <span class='ocrx_word' id='word_1_759' title='bbox 2773 4272 2918 4340; x_wconf 92' lang='lat' dir='ltr'><strong>quod</strong></span> <span class='ocrx_word' id='word_1_760' title='bbox 2940 4271 3162 4325; x_wconf 91' lang='lat' dir='ltr'><strong>omnino</strong></span> <span class='ocrx_word' id='word_1_761' title='bbox 3180 4269 3427 4324; x_wconf 88' lang='lat' dir='ltr'><strong>futurum</strong></span> 
     </span>
    </p>
   </div>
   <div class='ocr_carea' id='block_1_99' title="bbox 1848 4361 3430 4436">
    <p class='ocr_par' dir='ltr' id='par_1_99' title="bbox 1848 4361 3430 4436">
     <span class='ocr_line' id='line_1_99' title="bbox 1848 4361 3430 4436; baseline -0.003 -18"><span class='ocrx_word' id='word_1_762' title='bbox 1848 4371 1932 4418; x_wconf 88' lang='lat' dir='ltr'><strong>est</strong></span> <span class='ocrx_word' id='word_1_763' title='bbox 1953 4361 2062 4418; x_wconf 91' lang='lat' dir='ltr'><strong>Deo</strong></span> <span class='ocrx_word' id='word_1_764' title='bbox 2084 4363 2437 4436; x_wconf 87' lang='lat' dir='ltr'><strong>supplicant):</strong></span> <span class='ocrx_word' id='word_1_765' title='bbox 2456 4364 2528 4418; x_wconf 92' lang='lat' dir='ltr'><strong>ita</strong></span> <span class='ocrx_word' id='word_1_766' title='bbox 2561 4364 2597 4417; x_wconf 94' lang='lat' dir='ltr'><strong>ii</strong></span> <span class='ocrx_word' id='word_1_767' title='bbox 2623 4363 2716 4434; x_wconf 92' lang='lat' dir='ltr'><strong>qui</strong></span> <span class='ocrx_word' id='word_1_768' title='bbox 2738 4361 3107 4427; x_wconf 88' lang='lat' dir='ltr'><strong>crediderunt,</strong></span> <span class='ocrx_word' id='word_1_769' title='bbox 3131 4376 3430 4432; x_wconf 81' lang='lat' dir='ltr'><strong>congruen-</strong></span> 
     </span>
    </p>
   </div>
   <div class='ocr_carea' id='block_1_100' title="bbox 1849 4453 3427 4524">
    <p class='ocr_par' dir='ltr' id='par_1_100' title="bbox 1849 4453 3427 4524">
     <span class='ocr_line' id='line_1_100' title="bbox 1849 4453 3427 4524; baseline -0.001 -16"><span class='ocrx_word' id='word_1_770' title='bbox 1849 4462 1930 4510; x_wconf 88' lang='lat' dir='ltr'><strong>ter</strong></span> <span class='ocrx_word' id='word_1_771' title='bbox 1960 4462 2121 4510; x_wconf 72' lang='lat' dir='ltr'><strong>certte</strong></span> <span class='ocrx_word' id='word_1_772' title='bbox 2180 4464 2233 4510; x_wconf 90' lang='lat' dir='ltr'><strong>et</strong></span> <span class='ocrx_word' id='word_1_773' title='bbox 2263 4471 2292 4509; x_wconf 90' lang='lat' dir='ltr'><strong>a</strong></span> <span class='ocrx_word' id='word_1_774' title='bbox 2324 4455 2610 4511; x_wconf 90' lang='lat' dir='ltr'><strong>mendacio</strong></span> <span class='ocrx_word' id='word_1_775' title='bbox 2645 4455 2835 4509; x_wconf 87' lang='lat' dir='ltr'><strong>alienae</strong></span> <span class='ocrx_word' id='word_1_776' title='bbox 2871 4454 2992 4523; x_wconf 86' lang='lat' dir='ltr'><strong>ejus</strong></span> <span class='ocrx_word' id='word_1_777' title='bbox 3023 4453 3116 4523; x_wconf 87' lang='lat' dir='ltr'><strong>qui</strong></span> <span class='ocrx_word' id='word_1_778' title='bbox 3151 4453 3427 4524; x_wconf 81' lang='lat' dir='ltr'><strong>pollicitus</strong></span> 
     </span>
    </p>
   </div>
   <div class='ocr_carea' id='block_1_101' title="bbox 1852 4545 3431 4617">
    <p class='ocr_par' dir='ltr' id='par_1_101' title="bbox 1852 4545 3431 4617">
     <span class='ocr_line' id='line_1_101' title="bbox 1852 4545 3431 4617; baseline -0.001 -17"><span class='ocrx_word' id='word_1_779' title='bbox 1852 4545 1953 4600; x_wconf 85' lang='lat' dir='ltr'><strong>fuit</strong></span> <span class='ocrx_word' id='word_1_780' title='bbox 1996 4547 2371 4617; x_wconf 88' lang='lat' dir='ltr'><strong>promissioni.</strong></span> <span class='ocrx_word' id='word_1_781' title='bbox 2397 4548 2620 4601; x_wconf 89' lang='lat' dir='ltr'><strong>omnino</strong></span> <span class='ocrx_word' id='word_1_782' title='bbox 2642 4547 2834 4602; x_wconf 88' lang='lat' dir='ltr'><strong>adesse</strong></span> <span class='ocrx_word' id='word_1_783' title='bbox 2862 4548 3092 4616; x_wconf 81' lang='lat' dir='ltr'><strong>gratiam</strong></span> <span class='ocrx_word' id='word_1_784' title='bbox 3118 4547 3186 4601; x_wconf 91' lang='lat' dir='ltr'><strong>iis</strong></span> <span class='ocrx_word' id='word_1_785' title='bbox 3219 4546 3311 4616; x_wconf 90' lang='lat' dir='ltr'><strong>qui</strong></span> <span class='ocrx_word' id='word_1_786' title='bbox 3342 4561 3431 4599; x_wconf 87' lang='lat' dir='ltr'><strong>re-</strong></span> 
     </span>
    </p>
   </div>
   <div class='ocr_carea' id='block_1_102' title="bbox 1851 4639 3432 4710">
    <p class='ocr_par' dir='ltr' id='par_1_102' title="bbox 1851 4639 3432 4710">
     <span class='ocr_line' id='line_1_102' title="bbox 1851 4639 3432 4710; baseline 0.001 -19"><span class='ocrx_word' id='word_1_787' title='bbox 1851 4647 2182 4707; x_wconf 82' lang='lat' dir='ltr'><strong>generantur</strong></span> <span class='ocrx_word' id='word_1_788' title='bbox 2206 4655 2299 4708; x_wconf 88' lang='lat' dir='ltr'><strong>per</strong></span> <span class='ocrx_word' id='word_1_789' title='bbox 2324 4640 2466 4694; x_wconf 90' lang='lat' dir='ltr'><strong>hanc</strong></span> <span class='ocrx_word' id='word_1_790' title='bbox 2499 4640 2784 4710; x_wconf 61' lang='lat' dir='ltr'><strong>mysticam</strong></span> <span class='ocrx_word' id='word_1_791' title='bbox 2825 4639 3308 4707; x_wconf 87' lang='lat' dir='ltr'><strong>dispensationem,</strong></span> <span class='ocrx_word' id='word_1_792' title='bbox 3336 4648 3432 4692; x_wconf 87' lang='lat' dir='ltr'><strong>aut</strong></span> 
     </span>
    </p>
   </div>
   <div class='ocr_carea' id='block_1_103' title="bbox 1782 4729 3433 4814">
    <p class='ocr_par' dir='ltr' id='par_1_103' title="bbox 1782 4729 3433 4814">
     <span class='ocr_line' id='line_1_103' title="bbox 1782 4729 3433 4814; baseline 0 -34"><span class='ocrx_word' id='word_1_793' title='bbox 1782 4755 1828 4814; x_wconf 75' lang='grc' dir='ltr'>ο</span> <span class='ocrx_word' id='word_1_794' title='bbox 1854 4730 2043 4800; x_wconf 69' lang='lat' dir='ltr'><strong>gratiae</strong></span> <span class='ocrx_word' id='word_1_795' title='bbox 2077 4729 2315 4798; x_wconf 88' lang='lat' dir='ltr'><strong>aliquam</strong></span> <span class='ocrx_word' id='word_1_796' title='bbox 2355 4729 2561 4783; x_wconf 89' lang='lat' dir='ltr'><strong>faciunt</strong></span> <span class='ocrx_word' id='word_1_797' title='bbox 2591 4729 2958 4784; x_wconf 87' lang='lat' dir='ltr'><strong>accessionem</strong></span> <span class='ocrx_word' id='word_1_798' title='bbox 2979 4772 2993 4794; x_wconf 94' lang='lat'><strong>,</strong></span> <span class='ocrx_word' id='word_1_799' title='bbox 3024 4738 3115 4783; x_wconf 89' lang='lat' dir='ltr'><strong>aut</strong></span> <span class='ocrx_word' id='word_1_800' title='bbox 3140 4737 3286 4783; x_wconf 79' lang='lat' dir='ltr'><strong>certe</strong></span> <span class='ocrx_word' id='word_1_801' title='bbox 3313 4743 3433 4781; x_wconf 89' lang='lat' dir='ltr'><strong>eam</strong></span> 
     </span>
    </p>
   </div>
   <div class='ocr_carea' id='block_1_104' title="bbox 1854 4819 3430 4890">
    <p class='ocr_par' dir='ltr' id='par_1_104' title="bbox 1854 4819 3430 4890">
     <span class='ocr_line' id='line_1_104' title="bbox 1854 4819 3430 4890; baseline -0.002 -16"><span class='ocrx_word' id='word_1_802' title='bbox 1854 4837 1975 4890; x_wconf 77' lang='lat' dir='ltr'><strong>qua:</strong></span> <span class='ocrx_word' id='word_1_803' title='bbox 2000 4831 2082 4876; x_wconf 86' lang='lat' dir='ltr'><strong>est</strong></span> <span class='ocrx_word' id='word_1_804' title='bbox 2110 4823 2331 4877; x_wconf 88' lang='lat' dir='ltr'><strong>minime</strong></span> <span class='ocrx_word' id='word_1_805' title='bbox 2353 4829 2626 4877; x_wconf 90' lang='lat' dir='ltr'><strong>avertunt.</strong></span> <span class='ocrx_word' id='word_1_806' title='bbox 2667 4820 2802 4876; x_wconf 87' lang='lat' dir='ltr'><strong>Nam</strong></span> <span class='ocrx_word' id='word_1_807' title='bbox 2833 4821 2977 4890; x_wconf 89' lang='lat' dir='ltr'><strong>quod</strong></span> <span class='ocrx_word' id='word_1_808' title='bbox 3009 4822 3230 4874; x_wconf 91' lang='lat' dir='ltr'><strong>omnino</strong></span> <span class='ocrx_word' id='word_1_809' title='bbox 3264 4819 3430 4885; x_wconf 88' lang='lat' dir='ltr'><strong>adsit,</strong></span> 
     </span>
    </p>
   </div>
   <div class='ocr_carea' id='block_1_105' title="bbox 1855 4911 3432 4985">
    <p class='ocr_par' dir='ltr' id='par_1_105' title="bbox 1855 4911 3432 4985">
     <span class='ocr_line' id='line_1_105' title="bbox 1855 4911 3432 4985; baseline -0.001 -18"><span class='ocrx_word' id='word_1_810' title='bbox 1855 4928 1921 4967; x_wconf 82' lang='lat' dir='ltr'><strong>ex</strong></span> <span class='ocrx_word' id='word_1_811' title='bbox 1973 4928 2039 4967; x_wconf 88' lang='lat' dir='ltr'><strong>eo</strong></span> <span class='ocrx_word' id='word_1_812' title='bbox 2082 4923 2313 4978; x_wconf 87' lang='lat' dir='ltr'><strong>constat,</strong></span> <span class='ocrx_word' id='word_1_813' title='bbox 2335 4911 2500 4985; x_wconf 87' lang='lat' dir='ltr'><strong>&#39;quod</strong></span> <span class='ocrx_word' id='word_1_814' title='bbox 2545 4913 2687 4968; x_wconf 87' lang='lat' dir='ltr'><strong>Deus</strong></span> <span class='ocrx_word' id='word_1_815' title='bbox 2722 4914 2793 4968; x_wconf 88' lang='lat' dir='ltr'><strong>sit</strong></span> <span class='ocrx_word' id='word_1_816' title='bbox 2838 4914 2930 4983; x_wconf 87' lang='lat' dir='ltr'><strong>qui</strong></span> <span class='ocrx_word' id='word_1_817' title='bbox 2963 4914 3227 4982; x_wconf 87' lang='lat' dir='ltr'><strong>promisit.</strong></span> <span class='ocrx_word' id='word_1_818' title='bbox 3264 4913 3432 4965; x_wconf 84' lang='lat' dir='ltr'><strong>Caete-</strong></span> 
     </span>
    </p>
   </div>
   <div class='ocr_carea' id='block_1_106' title="bbox 1713 5003 3435 5072">
    <p class='ocr_par' dir='ltr' id='par_1_106' title="bbox 1713 5003 3435 5072">
     <span class='ocr_line' id='line_1_106' title="bbox 1713 5003 3435 5072; baseline 0.001 -15"><span class='ocrx_word' id='word_1_819' title='bbox 1713 5025 1722 5039; x_wconf 87' lang='grc'><strong>·</strong></span> <span class='ocrx_word' id='word_1_820' title='bbox 1809 5034 1811 5036; x_wconf 90' lang='grc'><strong>-</strong></span> <span class='ocrx_word' id='word_1_821' title='bbox 1859 5020 1976 5057; x_wconf 85' lang='lat' dir='ltr'><strong>rum</strong></span> <span class='ocrx_word' id='word_1_822' title='bbox 2029 5003 2376 5060; x_wconf 88' lang='lat' dir='ltr'><strong>Divinitatem</strong></span> <span class='ocrx_word' id='word_1_823' title='bbox 2435 5021 2558 5060; x_wconf 85' lang='lat' dir='ltr'><strong>esse</strong></span> <span class='ocrx_word' id='word_1_824' title='bbox 2595 5006 2856 5059; x_wconf 87' lang='lat' dir='ltr'><strong>miracula</strong></span> <span class='ocrx_word' id='word_1_825' title='bbox 2910 5013 3200 5061; x_wconf 86' lang='lat' dir='ltr'><strong>testantur.</strong></span> <span class='ocrx_word' id='word_1_826' title='bbox 3245 5005 3435 5072; x_wconf 88' lang='lat' dir='ltr'><strong>Itaque</strong></span> 
     </span>
    </p>
   </div>
   <div class='ocr_carea' id='block_1_107' title="bbox 1857 5094 3434 5163">
    <p class='ocr_par' dir='ltr' id='par_1_107' title="bbox 1857 5094 3434 5163">
     <span class='ocr_line' id='line_1_107' title="bbox 1857 5094 3434 5163; baseline 0.001 -17"><span class='ocrx_word' id='word_1_827' title='bbox 1857 5097 1986 5163; x_wconf 84' lang='lat' dir='ltr'><strong>quin</strong></span> <span class='ocrx_word' id='word_1_828' title='bbox 2027 5097 2168 5150; x_wconf 87' lang='lat' dir='ltr'><strong>Deus</strong></span> <span class='ocrx_word' id='word_1_829' title='bbox 2215 5096 2268 5150; x_wconf 93' lang='lat' dir='ltr'><strong>in</strong></span> <span class='ocrx_word' id='word_1_830' title='bbox 2315 5100 2574 5152; x_wconf 88' lang='lat' dir='ltr'><strong>omnibus</strong></span> <span class='ocrx_word' id='word_1_831' title='bbox 2603 5098 2765 5161; x_wconf 89' lang='lat' dir='ltr'><strong>adsit,</strong></span> <span class='ocrx_word' id='word_1_832' title='bbox 2802 5097 2948 5151; x_wconf 90' lang='lat' dir='ltr'><strong>nulla</strong></span> <span class='ocrx_word' id='word_1_833' title='bbox 2977 5108 3061 5152; x_wconf 90' lang='lat' dir='ltr'><strong>est</strong></span> <span class='ocrx_word' id='word_1_834' title='bbox 3082 5094 3299 5149; x_wconf 88' lang='lat' dir='ltr'><strong>occasio</strong></span> <span class='ocrx_word' id='word_1_835' title='bbox 3331 5095 3434 5149; x_wconf 88' lang='lat' dir='ltr'><strong>du-</strong></span> 
     </span>
    </p>
   </div>
   <div class='ocr_carea' id='block_1_108' title="bbox 1859 5187 2092 5241">
    <p class='ocr_par' dir='ltr' id='par_1_108' title="bbox 1859 5187 2092 5241">
     <span class='ocr_line' id='line_1_108' title="bbox 1859 5187 2092 5241; baseline 0 -1"><span class='ocrx_word' id='word_1_836' title='bbox 1859 5187 2092 5241; x_wconf 80' lang='lat' dir='ltr'><strong>bilandi.</strong></span> 
     </span>
    </p>
   </div>
   <div class='ocr_carea' id='block_1_109' title="bbox 2389 5279 2905 5335">
    <p class='ocr_par' dir='ltr' id='par_1_109' title="bbox 2389 5279 2905 5335">
     <span class='ocr_line' id='line_1_109' title="bbox 2389 5279 2905 5335; baseline -0.002 -1"><span class='ocrx_word' id='word_1_837' title='bbox 2389 5279 2617 5335; x_wconf 85' lang='lat' dir='ltr'><strong>CAPUT</strong></span> <span class='ocrx_word' id='word_1_838' title='bbox 2687 5279 2905 5334; x_wconf 78' lang='lat' dir='ltr'><strong>XXXV.</strong></span> 
     </span>
    </p>
   </div>
   <div class='ocr_carea' id='block_1_110' title="bbox 1933 5367 3434 5441">
    <p class='ocr_par' dir='ltr' id='par_1_110' title="bbox 1933 5367 3434 5441">
     <span class='ocr_line' id='line_1_110' title="bbox 1933 5367 3434 5441; baseline 0.002 -21"><span class='ocrx_word' id='word_1_839' title='bbox 1933 5367 2239 5425; x_wconf 85' lang='lat' dir='ltr'><strong>Descensus</strong></span> <span class='ocrx_word' id='word_1_840' title='bbox 2256 5377 2436 5425; x_wconf 90' lang='lat' dir='ltr'><strong>autem</strong></span> <span class='ocrx_word' id='word_1_841' title='bbox 2461 5371 2516 5424; x_wconf 91' lang='lat' dir='ltr'><strong>in</strong></span> <span class='ocrx_word' id='word_1_842' title='bbox 2543 5386 2761 5441; x_wconf 89' lang='lat' dir='ltr'><strong>aquam,</strong></span> <span class='ocrx_word' id='word_1_843' title='bbox 2793 5377 2848 5425; x_wconf 90' lang='lat' dir='ltr'><strong>et</strong></span> <span class='ocrx_word' id='word_1_844' title='bbox 2876 5368 3018 5439; x_wconf 89' lang='lat' dir='ltr'><strong>quod</strong></span> <span class='ocrx_word' id='word_1_845' title='bbox 3052 5368 3107 5422; x_wconf 89' lang='lat' dir='ltr'><strong>in</strong></span> <span class='ocrx_word' id='word_1_846' title='bbox 3131 5382 3247 5423; x_wconf 87' lang='lat' dir='ltr'><strong>eam</strong></span> <span class='ocrx_word' id='word_1_847' title='bbox 3272 5367 3434 5423; x_wconf 89' lang='lat' dir='ltr'><strong>homo</strong></span> 
     </span>
    </p>
   </div>
   <div class='ocr_carea' id='block_1_111' title="bbox 1862 5459 3434 5532">
    <p class='ocr_par' dir='ltr' id='par_1_111' title="bbox 1862 5459 3434 5532">
     <span class='ocr_line' id='line_1_111' title="bbox 1862 5459 3434 5532; baseline 0 -19"><span class='ocrx_word' id='word_1_848' title='bbox 1862 5469 1944 5513; x_wconf 83' lang='lat' dir='ltr'><strong>ter</strong></span> <span class='ocrx_word' id='word_1_849' title='bbox 1981 5459 2252 5516; x_wconf 89' lang='lat' dir='ltr'><strong>demissus</strong></span> <span class='ocrx_word' id='word_1_850' title='bbox 2281 5461 2375 5526; x_wconf 91' lang='lat' dir='ltr'><strong>sit,</strong></span> <span class='ocrx_word' id='word_1_851' title='bbox 2400 5462 2629 5517; x_wconf 90' lang='lat' dir='ltr'><strong>alterum</strong></span> <span class='ocrx_word' id='word_1_852' title='bbox 2654 5462 2894 5517; x_wconf 90' lang='lat' dir='ltr'><strong>continet</strong></span> <span class='ocrx_word' id='word_1_853' title='bbox 2925 5461 3266 5532; x_wconf 87' lang='lat' dir='ltr'><strong>mysterium.</strong></span> <span class='ocrx_word' id='word_1_854' title='bbox 3302 5459 3434 5514; x_wconf 79' lang='lat' dir='ltr'><strong>Nam</strong></span> 
     </span>
    </p>
   </div>
   <div class='ocr_carea' id='block_1_112' title="bbox 1862 5552 3436 5622">
    <p class='ocr_par' dir='ltr' id='par_1_112' title="bbox 1862 5552 3436 5622">
     <span class='ocr_line' id='line_1_112' title="bbox 1862 5552 3436 5622; baseline 0.002 -17"><span class='ocrx_word' id='word_1_855' title='bbox 1862 5553 2119 5622; x_wconf 89' lang='lat' dir='ltr'><strong>quoniam</strong></span> <span class='ocrx_word' id='word_1_856' title='bbox 2155 5553 2349 5608; x_wconf 90' lang='lat' dir='ltr'><strong>modus</strong></span> <span class='ocrx_word' id='word_1_857' title='bbox 2398 5563 2602 5610; x_wconf 76' lang='lat' dir='ltr'><strong>nostrae</strong></span> <span class='ocrx_word' id='word_1_858' title='bbox 2636 5554 2826 5610; x_wconf 90' lang='lat' dir='ltr'><strong>salutis</strong></span> <span class='ocrx_word' id='word_1_859' title='bbox 2857 5552 2921 5605; x_wconf 91' lang='lat' dir='ltr'><strong>ad</strong></span> <span class='ocrx_word' id='word_1_860' title='bbox 2951 5552 3198 5608; x_wconf 70' lang='lat' dir='ltr'><strong>effectum</strong></span> <span class='ocrx_word' id='word_1_861' title='bbox 3220 5559 3272 5607; x_wconf 88' lang='lat' dir='ltr'><strong>et</strong></span> <span class='ocrx_word' id='word_1_862' title='bbox 3300 5566 3436 5622; x_wconf 85' lang='lat' dir='ltr'><strong>Opus</strong></span> 
     </span>
    </p>
   </div>
   <div class='ocr_carea' id='block_1_113' title="bbox 1863 5649 3437 5721">
    <p class='ocr_par' dir='ltr' id='par_1_113' title="bbox 1863 5649 3437 5721">
     <span class='ocr_line' id='line_1_113' title="bbox 1863 5649 3437 5721; baseline 0.002 -20"><span class='ocrx_word' id='word_1_863' title='bbox 1863 5663 1974 5702; x_wconf 92' lang='lat' dir='ltr'><strong>non</strong></span> <span class='ocrx_word' id='word_1_864' title='bbox 1995 5650 2130 5704; x_wconf 87' lang='lat' dir='ltr'><strong>adeo</strong></span> <span class='ocrx_word' id='word_1_865' title='bbox 2167 5658 2252 5705; x_wconf 88' lang='lat' dir='ltr'><strong>est</strong></span> <span class='ocrx_word' id='word_1_866' title='bbox 2266 5650 2534 5706; x_wconf 89' lang='lat' dir='ltr'><strong>deductus</strong></span> <span class='ocrx_word' id='word_1_867' title='bbox 2557 5665 2622 5705; x_wconf 80' lang='lat' dir='ltr'><strong>ex</strong></span> <span class='ocrx_word' id='word_1_868' title='bbox 2650 5659 2924 5719; x_wconf 67' lang='lat' dir='ltr'><strong>praeeunte</strong></span> <span class='ocrx_word' id='word_1_869' title='bbox 2957 5649 3230 5712; x_wconf 86' lang='lat' dir='ltr'><strong>doctrina.</strong></span> <span class='ocrx_word' id='word_1_870' title='bbox 3265 5666 3437 5721; x_wconf 87' lang='lat' dir='ltr'><strong>quan-</strong></span> 
     </span>
    </p>
   </div>
   <div class='ocr_carea' id='block_1_114' title="bbox 1865 5741 3437 5812">
    <p class='ocr_par' dir='ltr' id='par_1_114' title="bbox 1865 5741 3437 5812">
     <span class='ocr_line' id='line_1_114' title="bbox 1865 5741 3437 5812; baseline 0.001 -19"><span class='ocrx_word' id='word_1_871' title='bbox 1865 5747 1980 5794; x_wconf 91' lang='lat' dir='ltr'><strong>tum</strong></span> <span class='ocrx_word' id='word_1_872' title='bbox 2022 5756 2118 5810; x_wconf 91' lang='lat' dir='ltr'><strong>per</strong></span> <span class='ocrx_word' id='word_1_873' title='bbox 2169 5757 2232 5796; x_wconf 89' lang='lat' dir='ltr'><strong>ea</strong></span> <span class='ocrx_word' id='word_1_874' title='bbox 2275 5743 2392 5812; x_wconf 91' lang='lat' dir='ltr'><strong>ipsa</strong></span> <span class='ocrx_word' id='word_1_875' title='bbox 2415 5757 2534 5812; x_wconf 69' lang='lat' dir='ltr'><strong>quae</strong></span> <span class='ocrx_word' id='word_1_876' title='bbox 2558 5741 2801 5811; x_wconf 88' lang='lat' dir='ltr'><strong>fecitqui</strong></span> <span class='ocrx_word' id='word_1_877' title='bbox 2857 5756 2980 5795; x_wconf 90' lang='lat' dir='ltr'><strong>cum</strong></span> <span class='ocrx_word' id='word_1_878' title='bbox 3014 5741 3234 5797; x_wconf 87' lang='lat' dir='ltr'><strong>homine</strong></span> <span class='ocrx_word' id='word_1_879' title='bbox 3266 5741 3437 5796; x_wconf 86' lang='lat' dir='ltr'><strong>subiit</strong></span> 
     </span>
    </p>
   </div>
   <div class='ocr_carea' id='block_1_115' title="bbox 1869 5830 3436 5904">
    <p class='ocr_par' dir='ltr' id='par_1_115' title="bbox 1869 5830 3436 5904">
     <span class='ocr_line' id='line_1_115' title="bbox 1869 5830 3436 5904; baseline -0.001 -19"><span class='ocrx_word' id='word_1_880' title='bbox 1869 5830 2204 5902; x_wconf 88' lang='lat' dir='ltr'><strong>societatem,</strong></span> <span class='ocrx_word' id='word_1_881' title='bbox 2251 5840 2310 5889; x_wconf 90' lang='lat' dir='ltr'><strong>ut</strong></span> <span class='ocrx_word' id='word_1_882' title='bbox 2335 5833 2426 5902; x_wconf 90' lang='lat' dir='ltr'><strong>qui</strong></span> <span class='ocrx_word' id='word_1_883' title='bbox 2475 5833 2653 5902; x_wconf 85' lang='lat' dir='ltr'><strong>reipsa</strong></span> <span class='ocrx_word' id='word_1_884' title='bbox 2697 5832 2861 5887; x_wconf 87' lang='lat' dir='ltr'><strong>vitam</strong></span> <span class='ocrx_word' id='word_1_885' title='bbox 2900 5833 2972 5889; x_wconf 89' lang='lat' dir='ltr'><strong>sit</strong></span> <span class='ocrx_word' id='word_1_886' title='bbox 3023 5838 3282 5904; x_wconf 81' lang='lat' dir='ltr'><strong>operatus</strong></span> <span class='ocrx_word' id='word_1_887' title='bbox 3308 5872 3325 5895; x_wconf 93' lang='lat'><strong>,</strong></span> <span class='ocrx_word' id='word_1_888' title='bbox 3376 5839 3436 5885; x_wconf 89' lang='lat' dir='ltr'><strong>ut</strong></span> 
     </span>
    </p>
   </div>
  </div>
