3978 6478
483 324 557 381 ετ
1752 323 1809 378 S.
1852 322 2176 379 GREGORII
2211 322 2507 380 NYSSENI
3364 307 3371 317 ’
3661 316 3741 370 88

486 452 584 506 per
626 450 845 491 carnem
898 452 1090 491 rursus
1143 446 1477 505 assumptam
1534 446 1586 491 et
1636 438 1798 491 simul
1833 436 2053 491 deifica-

2170 438 2358 507 γήσας,
2411 438 2497 489 ἵνα
2543 435 2628 488 διὰ
2671 436 2768 506 τῆς
2815 434 3217 505 ἀναληφθείσης
3268 433 3400 503 παρ’
3442 428 3603 484 αὐτοῦ
3633 430 3734 482 καὶ

488 539 597 581 tam
660 527 822 580 simul
872 528 1178 582 salvaretur
1226 528 1491 598 quidquid
1539 537 1623 583 cst
1669 529 1717 582 ei
1764 536 2055 596 cognatum

487 624 540 670 et
582 630 779 685 genere
830 614 1187 684 conjunctum
1234 634 1246 670 :
1309 618 1619 672 necessario
1670 615 2057 684 excogitandus

487 718 603 761 erat
650 708 846 776 aliquis
890 707 1107 773 modus,
1160 707 1215 761 in
1261 723 1370 777 quo
1410 708 1464 762 in
1496 709 1563 765 iis
1592 724 1711 777 qua:
1754 708 1885 760 ﬁunt
1913 714 2058 761 esset

488 799 741 869 cOgnatio
764 798 947 867 aliqua
978 798 1098 867 ejus
1128 800 1219 867 qui
1253 800 1500 868 sequitur
1520 815 1645 853 cum
1676 814 1741 853 eo
1782 798 1873 867 qui
1906 798 2058 866 praeit

487 905 549 942 ac
595 889 765 942 ducit.
814 887 1042 957 Oportet
1092 906 1219 961 ergo
1278 892 1459 946 videre
1501 893 1554 945 in
1604 890 1927 960 quibusnam
1975 897 2059 944 est

488 982 868 1037 consideratus
916 983 1011 1050 qui
1050 983 1158 1035 dux
1199 982 1299 1036 fuit
1330 992 1385 1037 et
1427 990 1617 1036 auctor
1652 990 1853 1035 nostra:
1900 982 2054 1035 vitm:

492 1082 571 1140 ut,
604 1076 747 1128 sicut
798 1073 932 1128 dicit
963 1074 1259 1143 Apostolus
1306 1076 1371 1138 “,
1404 1075 1789 1128 convenienter
1844 1073 1967 1126 duci
2007 1083 2060 1127 et

491 1166 700 1220 auctori
743 1174 946 1219 nostra:
996 1165 1189 1219 salutis
1218 1165 1571 1233 sequentibus
1615 1173 1760 1218 recte
1800 1164 2059 1232 procedat

492 1257 749 1309 imitatio.
801 1255 919 1320 Quo
964 1254 1125 1308 modo
1175 1256 1341 1318 enim,
1374 1253 1465 1323 qui
1507 1253 1574 1308 ad
1614 1266 1956 1306 numerosam
2004 1259 2058 1305 et

489 1347 775 1399 militarem
812 1347 868 1399 in
922 1345 1091 1400 armis
1140 1345 1434 1398 motionem
1488 1344 1832 1406 erudiuntur,
1870 1342 1938 1395 ab
1988 1341 2056 1395 iis

488 1438 581 1508 qui
626 1438 941 1493 orilinandte
969 1438 1103 1492 aciei
1140 1448 1267 1493 sunt
1301 1437 1481 1506 periti,
1520 1452 1615 1506 per
1655 1451 1717 1489 ea
1762 1449 1882 1505 quae
1909 1434 2057 1504 aspi-

488 1535 662 1601 ciunt,
698 1532 1041 1587 deducuntur
1094 1532 1160 1585 ad
1206 1535 1309 1585 rite
1344 1518 1754 1584 tractandorum
1780 1543 2054 1582 armorum

487 1625 876 1696 experientiam
904 1643 918 1691 ;
954 1624 1042 1693 qui
1076 1633 1255 1677 autem
1289 1636 1398 1675 non
1435 1622 1544 1692 agit
1580 1621 1631 1675 id
1658 1620 1801 1689 quod
1826 1621 1875 1675 ei
1904 1620 2058 1689 prius

488 1718 811 1780 ostenditur,
838 1724 1080 1770 remanet
1105 1730 1299 1785 expers
1323 1714 1441 1782 ejus
1466 1713 1840 1782 experientiae:
1868 1713 2056 1765 eodem

2161 524 2664 595 συναποθεωθείσης
2728 525 2925 596 σαρκὸς
2991 524 3136 578 ἆπαν
3188 521 3617 590 συνδιασωθῆναι
3670 521 3736 573 τὸ

2162 619 2416 685 συγγενὲς
2444 619 2577 688 αὐτῇ
2606 618 2697 670 καὶ
2739 616 3004 687 ὁμόφυλον
3026 657 3041 680 ,
3089 616 3381 683 ἀναγκαῖον
3415 609 3482 683 ῆν
3510 615 3733 681 ἐπινοη-

2161 710 2316 780 θῆναί
2340 728 2461 762 τινα
2485 711 2725 781 τρόπον,
2772 712 2829 762 ἐν
2866 705 2910 778 ᾧ
2954 727 3037 772 τις
3080 704 3147 779 ἦν
3197 707 3483 775 συγγένειά
3528 722 3586 757 τε
3642 704 3740 757 καὶ

2164 798 2413 869 ὁμοιότης
2438 800 2493 851 ἐν
2515 802 2625 860 τοῖς
2649 798 2951 869 γινομένοις
3012 798 3163 868 παρά
3182 796 3273 849 τοῦ
3304 795 3566 865 ἑπομένου
3598 793 3739 865 πρδς

2164 892 2257 944 τὸν
2285 890 2602 961 ἡγούμενον.
2634 890 2751 961 Χρὴ
2779 891 2955 944 τοίνυν
2990 889 3117 942 ἰδεῖν
3146 891 3201 941 ἐν
3231 888 3368 941 τίσιν
3399 889 3426 939 6
3458 887 3556 955 τῆς
3590 884 3741 953 ζωῆς

2166 981 2320 1051 ἡμῶν
2352 981 2804 1053 καθηγησάμενος
2831 979 3110 1052 ἐθεωρηθη
3136 995 3148 1007 ·
3175 980 3283 1041 ἵνα,
3302 975 3482 1039 καθὼς
3513 992 3674 1045 φησιν
3711 976 3741 1025 6

2183 1073 2525 1136 Ἀπόστολος,
2552 1072 2690 1125 κατά
2722 1072 2812 1125 τὸν
2854 1071 3093 1142 ἀρχηγὸν
3136 1069 3233 1138 τῆς
3283 1066 3549 1137 σωτηρίας
3580 1066 3742 1135 ἡμῶν

2168 1166 2485 1237 κατορθωθῇ
2522 1168 2629 1229 τοῖς
2674 1165 2959 1234 ἑπομένοις
3006 1164 3040 1233 ή
3092 1160 3340 1231 μίμησις.
3375 1159 3582 1228 Ὥσπερ
3629 1159 3745 1227 γὰρ

2169 1257 2321 1327 παρά
2354 1257 2461 1309 τῶν
2483 1254 2924 1325 πεπαιδευμένων
2948 1251 3019 1305 τά
3045 1248 3277 1303 τακτικά
3307 1247 3442 1319 πρὸς
3468 1246 3563 1317 τὴν
3586 1246 3744 1298 ὁπλι-

2167 1347 2323 1418 τικὴν
2357 1346 2648 1417 ἐμπειρίαν
2674 1345 2984 1413 ἀνάγονται,
3013 1341 3079 1395 δι’
3111 1332 3185 1393 ὧν
3218 1338 3501 1409 βλέπουσιν
3527 1336 3575 1387 οἱ
3602 1334 3746 1405 πρὸς

2168 1444 2265 1511 τὴν
2288 1440 2561 1511 εῠρυθμόν
2591 1456 2648 1492 τε
2678 1438 2773 1491 καὶ
2810 1436 3054 1490 ἐνόπλιον
3085 1434 3298 1502 κίνησιν
3338 1428 3742 1496 παιδευόμενοι.

2180 1534 2237 1586 Ὀ
2269 1533 2326 1586 δὲ
2358 1532 2434 1604 μὴ
2469 1532 2722 1603 πράττων
2751 1530 2811 1583 τὸ
2838 1525 3308 1600 προδεικνύμενοπιιἓ
3348 1520 3612 1590 ἀμέτοχος
3640 1519 3746 1587 τῆς

2165 1626 2420 1696 τοιαύτης
2452 1623 2743 1696 ἐμπειρίας
2784 1622 2952 1693 μένει.
2989 1618 3146 1673 Κατὰ
3202 1617 3292 1669 τὸν
3339 1612 3497 1667 αὑτὸν
3538 1612 3749 1682 τρόπον

2168 1718 2245 1788 τῷ
2286 1717 2421 1788 πρὸς
2464 1716 2560 1786 τὴν
2615 1702 2885 1785 σωτήριαν
2935 1710 3089 1782 ἡμῶν
3139 1706 3487 1777 ἐξηγουμένη)
3526 1704 3746 1764 πάντως

489 1807 652 1862 modo
700 1822 929 1862 necesse
960 1816 1065 1870 est,
1117 1815 1175 1860 ut
1215 1807 1417 1876 quibus
1467 1806 1708 1859 studium
1743 1820 1843 1874 par
1869 1811 1954 1859 est
1986 1802 2053 1856 ad

2170 1807 2239 1874 ῡῖς
2272 1811 2359 1880 ἴση
2403 1810 2540 1878 πρὸς
2568 1809 2627 1861 τὸ
2657 1808 2857 1876 ἀγαθόν
2900 1805 3045 1855 ἐστιν
3076 1804 3108 1871 ἡ
3154 1799 3384 1869 σπουδὴ,
3412 1795 3611 1867 ὁμοίως
3641 1797 3743 1846 ἐπ⁹

488 1900 715 1965 bonum,
737 1900 962 1952 omnino
985 1900 1237 1952 similiter
1258 1907 1559 1968 sequantur
1582 1912 1675 1967 per
1703 1896 2061 1950 imitationem

487 2006 614 2045 eum
664 1992 758 2060 qui
810 2006 910 2044 nos
953 1990 1105 2043 ducit
1164 1993 1232 2043 ad
1282 1990 1537 2052 salutem,
1595 1986 1662 2039 ad
1710 2002 1850 2056 opus
1888 1986 2064 2041 dedu-

489 2082 665 2137 cendo
712 2082 764 2135 id
824 2080 973 2151 quod
1017 2081 1170 2150 prius
1206 2081 1273 2135 ab
1306 2096 1370 2136 eo
1418 2080 1520 2135 fuit
1568 2088 1880 2136 ostensum.
1943 2077 2063 2131 Non

489 2179 672 2245 potest
719 2172 863 2229 enim
910 2172 1027 2228 ﬁeri
1073 2180 1133 2227 ut
1181 2173 1247 2227 ad
1290 2188 1478 2244 parem
1509 2172 1671 2227 ﬁnem
1716 2171 2061 2241 perveniant,

488 2264 583 2335 qui
627 2280 737 2319 non
774 2280 869 2335 per
896 2266 1039 2319 viam
1073 2265 1308 2321 similem
1337 2274 1465 2321 sunt
1495 2265 1750 2335 ingressi.
1781 2264 2065 2331 Quomodo

488 2355 634 2409 enim
673 2355 768 2425 qui
813 2354 1107 2427 labyrinthi
1145 2371 1361 2409 errores
1394 2371 1503 2409 non
1542 2366 1777 2426 possunt
1830 2357 1939 2409 ulla
1971 2372 2062 2408 ra-

489 2445 637 2500 tione
673 2447 904 2501 evadere
929 2490 943 2512 ,
979 2447 1025 2501 si
1056 2448 1111 2500 in
1145 2447 1383 2517 aliquem
1414 2447 1720 2502 inciderint
1752 2448 1845 2519 qui
1872 2463 2059 2501 eorum

489 2537 563 2591 sit
587 2539 825 2607 peritus,
856 2554 981 2593 eum
1027 2554 1169 2609 pone
1197 2548 1512 2610 sequentes,
1545 2541 1729 2595 varios
1756 2549 1810 2594 et
1842 2539 2065 2594 fallaces

490 2628 778 2684 domorum
820 2628 998 2685 ﬂexus
1031 2630 1427 2701 anfractusque
1463 2640 1764 2701 permeant,
1796 2646 1906 2684 non
1942 2646 2069 2699 per-

492 2722 723 2776 meaturi
768 2722 877 2777 nisi
924 2722 1047 2792 ejus
1092 2722 1185 2793 qui
1220 2724 1502 2794 prmeedit,
1535 2722 1857 2777 insisterent
1888 2722 2059 2776 vesti-

488 2811 631 2881 giis:
660 2812 734 2866 ita
765 2813 933 2867 etiam
953 2813 1086 2866 mihi
1114 2814 1292 2883 cogita
1320 2813 1485 2883 hujus
1510 2814 1635 2868 vita:
1657 2813 2057 2884 labyrinthum,

489 2920 653 2976 quem
685 2906 927 2959 humana
950 2917 1149 2961 natura
1181 2908 1407 2961 minime
1442 2914 1626 2977 potest
1659 2908 1918 2971 transire,
1958 2906 2062 2961 nisi

489 2999 766 3070 quispiam
812 2999 1058 3054 eamdem
1102 3001 1249 3053 viam
1300 3008 1507 3061 teneat,
1554 3014 1652 3069 per
1691 3015 1855 3069 quam
1886 2999 1979 3069 qui
2010 3002 2066 3052 in

491 3107 557 3147 eo
596 3092 721 3157 fuit,
752 3108 1012 3162 egressus
1047 3100 1131 3148 est
1163 3093 1452 3147 ambitum.
1481 3090 1717 3162 Tropice
1741 3102 1919 3146 autem
1944 3092 2068 3145 dico

494 3183 885 3255 labyrinthum,
926 3185 1018 3254 qui
1055 3184 1381 3253 pertransiri
1414 3199 1524 3238 non
1564 3192 1764 3254 potest,
1798 3183 1923 3237 vitae
1948 3196 2068 3236 car-

491 3290 695 3341 cerem,
733 3276 787 3329 in
839 3292 948 3346 quo
978 3276 1257 3330 detentum
1297 3276 1399 3330 fuit
1439 3274 1628 3330 infelix
1669 3291 1843 3345 genus
1879 3275 2070 3326 huma-

494 3384 646 3421 num.
695 3366 835 3433 Quid
891 3382 1023 3437 ergo
1072 3368 1389 3437 aspeximus
1444 3368 1501 3421 in
1556 3367 1698 3422 duce
1735 3376 1790 3421 et
1844 3375 2070 3420 auctore

493 3467 697 3515 nostra:
774 3459 1003 3514 salutis?
1066 3459 1404 3514 Triduanam
1466 3468 1697 3514 mortem
1770 3468 1824 3513 et
1875 3474 2068 3513 rursus

492 3553 681 3605 vitam.
730 3550 961 3621 Oportet
1004 3568 1134 3622 ergo
1181 3553 1236 3607 in
1296 3553 1459 3607 nobis
1502 3567 1724 3623 quoque
1758 3552 1919 3607 talem
1974 3568 2069 3606 ex-

491 3644 721 3714 cogitari
767 3643 1207 3699 similitudinem.
1261 3644 1531 3711 Quidnam
1568 3652 1814 3713 estergo
1843 3643 2064 3713 excogi-

493 3746 692 3802 tatum,
738 3752 835 3807 per
880 3737 1027 3806 quod
1070 3738 1236 3791 etiam
1284 3739 1337 3793 in
1371 3738 1529 3792 nobis
1560 3737 1680 3807 ejus
1711 3737 1855 3807 quod
1900 3737 1969 3791 ab
2002 3752 2069 3790 eo

492 3828 699 3884 factum
743 3836 827 3883 est
857 3827 1118 3897 impletur
1156 3829 1425 3883 imitatio?
1450 3829 1730 3899 Quidquid
1771 3839 1857 3885 est
1890 3839 2069 3886 morte

493 3921 769 3988 aﬁ'ectum,
819 3922 1109 3993 quemdam
1155 3924 1438 3993 proprium
1477 3922 1639 3977 habet
1679 3923 1857 3976 locum
1889 3933 1943 3977 et
1984 3938 2068 3978 se-

492 4013 733 4069 cundum
770 4028 1064 4081 naturam,
1110 4030 1309 4084 nempe
1357 4023 1558 4069 terram
1606 4015 1661 4069 in
1706 4031 1870 4086 quam
1908 4016 2068 4070 incli-

492 4111 678 4167 natur,
716 4111 771 4159 et
810 4103 867 4157 in
914 4118 1023 4173 qua
1073 4102 1355 4158 conditur.
1395 4101 1646 4172 Magnam
1701 4110 1881 4156 autem
1926 4102 2069 4157 inter

493 4211 554 4250 se
597 4195 800 4248 habent
849 4194 1231 4264 cognationem
1279 4203 1427 4248 terra
1471 4203 1525 4249 et
1584 4209 1747 4263 aqua,
1792 4209 1912 4262 quae
1952 4195 2066 4247 sola

493 4304 559 4343 ex
605 4287 891 4342 elementis
945 4296 1073 4341 sunt
1125 4288 1332 4357 gravia,
1376 4294 1432 4340 et
1483 4286 1738 4341 feruntur
1784 4290 2064 4353 deorsum,

493 4387 548 4432 et
585 4388 803 4431 manent
843 4378 897 4430 in
943 4394 1002 4432 se
1036 4364 1293 4442 invicem,
1343 4386 1397 4432 et
1426 4394 1523 4448 per
1553 4394 1611 4433 se
1663 4380 1893 4433 invicem
1929 4395 2065 4433 con-

2167 1902 2401 1969 ἀναγκες
2433 1900 2522 1953 διὰ
2554 1900 2838 1970 μιμήσεως
2871 1894 3121 1958 ἕπεσθαι,
3148 1892 3209 1945 τὸ
3248 1892 3375 1963 παρ’
3411 1887 3574 1943 αὑτοῦ
3604 1903 3745 1958 προ-

2164 1991 2372 2061 δειχθὲν
2417 1992 2497 2052 εἰς
2538 1989 2697 2059 ἔργον
2725 1986 3048 2054 ἀγαγόντας.
3092 1984 3165 2037 Οὐ
3214 1982 3321 2055 γὰρ
3365 1980 3474 2034 ἐστι
3507 1977 3642 2049 πρὸς
3681 1976 3749 2028 τὸ

2164 2080 2279 2137 ’ίσον
2310 2082 2633 2153 καταρτίσαι
2672 2079 2873 2150 πέρας,
2910 2077 2985 2148 μὴ
3012 2076 3101 2129 διὰ
3128 2075 3235 2127 τῶν
3267 2072 3466 2143 ὁμοίων
3489 2070 3747 2124 ὁδεύσαν-

2165 2195 2281 2239 τας.
2314 2175 2578 2247 Καθάπερ
2621 2173 2728 2245 γὰρ
2785 2173 2833 2225 οἱ
2873 2170 2971 2234 τὰς
3015 2169 3123 2222 τῶν
3172 2163 3508 2237 λαόυρίνθων
3536 2163 3745 2224 πλάνας

2165 2267 2450 2332 διεξελθεῖν
2487 2264 2896 2338 ἀμηχανοῦντες
2920 2302 2934 2325 ,
2971 2262 3022 2313 εἴ
3046 2277 3188 2321 τινος
3222 2254 3498 2327 ἐμπείρως
3530 2253 3745 2322 ἔχοντος

2166 2356 2473 2428 ἐπιτύχοιεν
2499 2398 2513 2421 ,
2547 2356 2774 2408 κατόπιν
2812 2351 3065 2422 ἑπόμενοι
3112 2348 3209 2411 τάς
3257 2345 3503 2407 ποικίλας
3539 2361 3598 2396 τε
3646 2342 3746 2394 καὶ

2167 2449 2454 2520 ἀπατηλάς
2491 2447 2597 2501 τῶν
2631 2446 2794 2499 οἴκων
2827 2440 3169 2513 ἀναστροφὰς
3204 2439 3602 2508 διεξέρχονται,
3641 2436 3746 2487 οὐκ

2168 2538 2231 2592 ἂν
2262 2538 2648 2603 διεξελθόντες,
2691 2537 2741 2587 εί
2770 2534 2843 2604 μὴ
2891 2531 3009 2585 κατ’
3044 2532 3186 2600 ἴχνος
3226 2529 3479 2597 ἑπόμενοι
3508 2524 3585 2595 τῷ
3616 2540 3745 2593 προ-

2168 2630 2376 2698 άγοντι’
2418 2623 2559 2679 οὕτω
2575 2643 2663 2695 μοι
2690 2626 2879 2693 νόησον
2914 2624 3007 2675 καὶ
3034 2622 3123 2673 τὸν
3152 2618 3245 2672 τοῦ
3282 2617 3397 2687 βίου
3428 2615 3617 2668 τούτου
3646 2613 3747 2665 λαο

2168 2722 2417 2793 ϐύρινθον
2447 2719 2778 2789 ἀδιεξίτητον
2820 2714 2959 2769 εἶναι
3002 2717 3067 2785 τῇ
3114 2710 3433 2783 ἀνθρωπίνῃ
3471 2707 3664 2777 φύσει,
3694 2707 3747 2758 εί

2171 2818 2245 2889 μή
2279 2832 2363 2878 τις
2403 2814 2502 2884 τῆς
2536 2810 2707 2881 αὐτῆς
2752 2807 2871 2862 ὁδοῦ
2911 2806 3126 2860 λάϐοιτο
3150 2848 3164 2869 ,
3213 2803 3278 2855 δι’
3318 2795 3385 2872 ῆς
3422 2804 3449 2854 ὁ
3488 2801 3544 2853 ἐν
3591 2796 3746 2867 αὐτῷ

2168 2909 2455 2979 γενόμενος
2481 2904 2583 2969 ἔξω
2617 2902 2856 2971 κατέστη
2887 2898 2979 2951 τοῦ
3014 2897 3379 2968 περιέχοντος.
3410 2889 3753 2962 Λαϐύρινθον

2170 2996 2229 3049 δέ
2258 3013 2398 3067 φημι
2426 2992 2701 3064 τροπικῶς
2722 3032 2736 3056 ,
2772 2991 2867 3060 τὴν
2902 2987 3164 3051 ἀδιέξοδον
3203 2984 3295 3037 τοῦ
3343 2983 3568 3036 θανάτου
3615 2979 3749 3049 φθο-

2176 3090 2274 3161 ράν
2299 3129 2312 3150 ,
2404 3087 2464 3139 τὸ
2492 3085 2718 3138 δείλαιον
2746 3082 2838 3135 τοῦ
2884 3079 3166 3150 ἀνθρώπου
3204 3077 3357 3145 γένος
3390 3071 3749 3146 περιεσχέθη.

2170 3183 2235 3235 Τί
2261 3176 2353 3235 οὖν
2382 3178 2508 3249 περὶ
2537 3178 2628 3230 τὸν
2662 3175 2901 3248 ἀρχηγὸν
2936 3174 3033 3243 τῆς
3064 3171 3332 3240 σωτηρίας
3361 3163 3744 3235 ἐθεασάμεθα;

2170 3276 2464 3346 τριήμερον
2494 3271 2756 3340 νέκρωσιν
2782 3308 2797 3331 ,
2822 3268 2916 3321 καὶ
2945 3266 3102 3319 πάλιν
3129 3263 3294 3333 ζωήν.
3321 3259 3527 3314 Οὐκοῦν
3555 3258 3660 3328 χρή
3685 3274 3746 3346 τι

2169 3366 2406 3419 τοιοῦτον
2439 3364 2533 3416 καὶ
2578 3363 2635 3414 ἐν
2676 3362 2804 3431 ἡμῖν
2841 3357 3190 3427 ἐπινοηθῆναι
3220 3355 3489 3423 όμοίωμα.
3525 3351 3620 3413 Τίς
3649 3343 3745 3401 οὖν

2172 3461 2318 3511 ἐστιν
2348 3458 2381 3526 ἡ
2428 3455 2672 3515 ἐπίνοια,
2722 3451 2791 3504 δι’
2831 3447 2898 3523 ῆς
2932 3450 3025 3503 καὶ
3075 3449 3132 3500 ὲν
3158 3449 3295 3523 ¹ἡμῖν
3322 3443 3618 3513 πληροῦται
3647 3439 3743 3495 τοῦ

2172 3554 2301 3623 παρ’
2339 3551 2545 3603 ἐκείνου
2574 3548 2853 3615 γεγονότος
2891 3548 2922 3614 ἡ
2968 3544 3238 3615 μίμησις;
3270 3541 3413 3595 ᾶπαν
3444 3538 3503 3591 τὸ
3531 3553 3742 3607 νεκρω-

2171 3644 2262 3698 θὲν
2289 3644 2487 3697 οἰκεῖόν
2516 3659 2635 3694 τινα
2665 3641 2759 3693 καὶ
2788 3638 2927 3692 κατὰ
2956 3636 3117 3707 φύσιν
3143 3636 3253 3705 ἔχει
3281 3633 3456 3703 χῶρον
3476 3671 3489 3694 ,
3516 3632 3611 3700 τὴν
3638 3630 3749 3697 γῆν

2170 3741 2228 3792 ἐν
2336 3737 2573 3790 κλίνεται
2620 3734 2714 3786 καὶ
2760 3730 3223 3800 κατακρύπτεται.
3271 3723 3475 3793 Πολλὴν
3518 3723 3575 3776 δέ
3605 3721 3744 3791 πρὸς

2169 3831 2370 3902 ἄλληλα
2414 3830 2512 3901 τὴν
2557 3827 2872 3896 συγγένειαν
2918 3823 3029 3894 ἔχει
3059 3824 3126 3892 γῆ
3153 3837 3212 3872 τε
3250 3818 3347 3871 καὶ
3378 3816 3545 3885 ὕδωρ,
3564 3811 3745 3879 ”μόνα.

2167 3927 2276 3978 τῶν
2307 3923 2583 3994 στοιχείων
2611 3919 2782 3991 βαρέα
2812 3934 2869 3970 τε
2902 3918 3051 3977 ὄντα,
3080 3914 3173 3966 καὶ
3202 3910 3493 3980 κατωφερῆ
3514 3949 3531 3974 ,
3559 3906 3648 3960 καὶ
3683 3905 3743 3957 ἐν

2169 4017 2419 4088 ἀλλήλοις
2472 4014 2704 4084 μένοντα
2728 4053 2743 4077 ,
2803 4011 2897 4064 καὶ
2960 4007 3026 4060 δι’
3076 4004 3315 4074 ἀλλήλων
3374 3998 3739 4072 κρατούμενα.

2182 4102 2581 4163 Ἐπεὶοοῦψτοῦ
2618 4101 3027 4170 καθηγουμένου
3068 4100 3165 4168 τῆς
3205 4096 3348 4164 ζωῆς
3377 4092 3531 4162 ἡμῶν
3582 4092 3609 4142 6
3647 4088 3745 4141 θά-

2169 4219 2325 4264 νατος
2365 4200 2616 4267 ὑπόγειος
2637 4239 2651 4263 ,
2684 4196 2779 4250 καὶ
2806 4194 2948 4248 κατὰ
2986 4191 3083 4261 τὴν
3122 4189 3307 4259 κοινὴν
3344 4187 3526 4255 γέγονε
3556 4183 3747 4253 φύσιν,

2166 4296 2198 4361 ἡ
2251 4291 2344 4344 τοῦ
2376 4289 2605 4343 θανάτου
2658 4287 2951 4358 μίμησιςὴ
3002 4282 3129 4353 παρ’
3170 4281 3326 4351 ἡμῶν
3375 4278 3649 4346 γινομένη,
3684 4277 3747 4327 ἐν

2168 4383 2243 4452 τῷ
2273 4383 2471 4451 γείτονι
2499 4378 2874 4433 ἀποτυποῦται
2910 4375 3177 4445 στοιχείῳ.
3213 4373 3321 4424 Καὶ
3354 4370 3427 4432 ὡς
3462 4371 3669 4428 ἐκεῖνος
3716 4370 3744 4419 ὁ

497 4470 759 4523 tinentur.
812 4468 1082 4535 Quoniam
1143 4484 1274 4539 ergo
1333 4470 1492 4525 ducis
1539 4479 1593 4524 et
1652 4473 1895 4526 auctoris
1941 4473 2063 4527 vitm

2175 4476 2381 4532 ἄνωθεν
2417 4473 2700 4543 ἄνθρωπος
2726 4512 2739 4536 ,
2788 4467 3069 4523 ἀναλαὸὼν
3123 4467 3220 4534 τὴν
3270 4463 3566 4533 νεκρότητα
3609 4458 3745 4528 μετά

496 4569 699 4614 nostra:
736 4576 884 4614 mors
932 4560 1036 4613 fuit
1092 4561 1195 4614 sub
1247 4571 1413 4623 terra,
1471 4571 1527 4617 et
1575 4564 1876 4618 secundum
1919 4580 2071 4618 com-

496 4669 718 4707 munem
755 4662 1004 4707 naturam
1042 4672 1057 4707 :
1087 4670 1208 4722 qua:
1237 4656 1295 4707 [it
1328 4671 1357 4707 a
1394 4656 1553 4710 nobis
1582 4657 1779 4712 mortis
1808 4657 2065 4719 imitatio,

496 4746 549 4800 in
605 4746 914 4817 propinquo
958 4748 1290 4815 exprimitur
1341 4748 1632 4803 elemento.
1683 4748 1749 4802 Et
1790 4748 1936 4801 sicut
1978 4748 2068 4802 ille

493 4837 739 4893 caelestis
790 4837 953 4892 homo
1017 4852 1144 4891 cum
1211 4839 1597 4893 mortalitatem
1649 4840 2062 4909 assumpsisset,

492 4940 783 5000 postquam
822 4930 926 4985 sub
952 4938 1099 4985 terra
1150 4930 1346 4986 fuisset
1377 4933 1610 5002 positus,
1663 4932 1823 4987 tertio
1850 4931 1940 4987 die
1978 4947 2066 4986 re—

494 5039 688 5079 versus
724 5028 808 5076 est
864 5022 929 5075 ad
991 5023 1161 5075 vitam
1215 5042 1229 5077 :
1284 5024 1357 5078 ita
1411 5026 1574 5080 etiam
1616 5026 1711 5095 qui
1766 5027 2067 5082 secundum

492 5126 745 5171 naturam
783 5116 1034 5185 corporis
1060 5123 1145 5170 est
1169 5118 1247 5170 illi
1271 5118 1622 5186 conjunctus,
1649 5119 1715 5173 ad
1752 5118 1894 5173 idem
1924 5119 2069 5188 quod

2173 4570 2270 4638 τὴν
2318 4566 2569 4634 ὑπόγειον
2619 4564 2800 4623 θέσιν,
2851 4562 3090 4631 τριταῖος
3127 4557 3219 4609 ἐπὶ
3260 4555 3356 4624 τὴν
3392 4552 3543 4623 ζωὴν
3582 4552 3749 4604 πάλιν

2174 4661 2502 4730 ἀνέδραμεν’
2530 4656 2671 4709 οὓτω
2721 4655 2828 4717 πᾶς
2876 4655 2904 4705 ὁ
2936 4648 3275 4720 συνημμένος
3322 4647 3463 4700 κατά
3509 4646 3609 4715 τὴν
3649 4642 3741 4695 τοῦ

2175 4752 2424 4821 σώματος
2479 4747 2638 4817 φύσιν
2687 4744 2909 4814 ἐκείνῳ,
2970 4740 3208 4809 πρὺςντὸ
3238 4738 3371 4791 αὐτὸ
3414 4734 3746 4805 κατόρθωμα

2175 4843 2385 4912 βλέπων
2407 4882 2421 4907 ,
2446 4840 2508 4893 τὸ
2539 4836 2680 4892 κατά
2732 4837 2830 4905 τὴν
2880 4833 3023 4904 ζωὴν
3054 4831 3196 4899 λέγω
3243 4830 3448 4899 πέρας,
3483 4827 3603 4879 ἀντὶ
3640 4828 3745 4893 γῆς

2174 4934 2234 4987 τὸ
2271 4932 2415 5002 ὓδωρ
2458 4928 2814 4999 ἐπιχεάμενος
2837 4968 2851 4991 ,
2884 4925 2978 4977 καὶ
3020 4922 3217 4983 ὑποδὺς
3264 4919 3323 4973 τὸ
3363 4919 3657 4987 στοιχεῖον.
3686 4916 3746 4967 ἐν

2176 5026 2323 5096 τρισὶ
2356 5022 2623 5094 περιόδοις
2648 5019 2745 5089 τὴν
2766 5020 3062 5088 τριήμερον
3091 5014 3190 5085 τῆς
3211 5011 3555 5071 ἀναστάσεως
3586 5007 3750 5078 χάριν

2176 5118 2280 5169 ἀπε
2289 5115 2581 5185 μιμήσατο.

494 5214 562 5267 ab
593 5214 714 5283 ipso
742 5221 893 5267 recte
926 5223 1138 5283 gestum
1160 5215 1509 5281 estintuens,
1553 5217 1782 5283 advitae,
1820 5217 2063 5286 inquam,
2108 5213 2287 5277 ﬁnem,
2333 5228 2431 5281 pro
2483 5219 2625 5264 terra
2675 5221 2817 5276 aqua
2845 5206 2894 5259 ei
2922 5204 3125 5261 infusa.
3197 5200 3426 5257 subiens
3502 5197 3749 5251 elemen-

493 5316 628 5371 tum,
675 5305 731 5360 in
781 5307 959 5361 tribus
1001 5308 1296 5365 ambitibus
1328 5310 1581 5366 imitatus
1620 5318 1708 5365 est
1754 5310 2064 5364 triduanam
2106 5307 2336 5379 gratiam
2377 5300 2824 5359 resurrectionis.

566 5394 781 5448 Dictum
812 5404 896 5451 est
916 5397 1082 5451 etiam
1111 5400 1220 5456 tale
1260 5401 1391 5469 quid
1423 5402 1475 5453 in
1504 5402 1571 5454 iis
1599 5416 1721 5470 qua:
1762 5416 2062 5471 prmcesse-

494 5493 642 5549 runt,
662 5502 858 5557 nempe
875 5489 1043 5557 quod,
1074 5490 1329 5560 prudenti
1354 5493 1589 5548 consilio
1608 5494 2065 5563 dispensationis.

492 5592 526 5631 a
557 5576 739 5633 divina
773 5579 1113 5646 providentia
1167 5582 1270 5638 fuit
1294 5584 1586 5657 importata
1629 5601 1780 5643 mors
1809 5587 2064 5643 humana:

602 5752 665 5787 “~
690 5752 850 5809 llcbr.
884 5770 986 5819 xu,
1012 5754 1069 5810 2.

2246 5399 2475 5467 Εἴρηται
2503 5394 2560 5446 δὲ
2587 5390 2825 5444 τοιοῦτον
2852 5388 2947 5441 καὶ
2977 5389 3036 5439 ἐν
3060 5388 3171 5448 τοῖς
3201 5383 3491 5453 φθάσασιν,
3513 5380 3592 5432 ὃτι
3625 5378 3752 5430 κατ’

2173 5488 2479 5557 οἰκονομίαν
2496 5486 2729 5553 ἐπῆκται
2743 5484 2809 5551 τῇ
2824 5477 3136 5549 ἀνθρωπίνῃ
3155 5477 3311 5545 φύσει
3323 5472 3475 5545 τιαρά
3486 5472 3582 5541 τῆς
3596 5469 3748 5531 θείας

2173 5580 2427 5653 προνοίας
2468 5580 2496 5630 6
2533 5577 2790 5637 θάνατος’
2839 5571 2912 5635 ὡς
2956 5571 3053 5641 τῆς
3098 5568 3293 5632 κακίας
3326 5569 3381 5619 ἐν
3407 5567 3476 5635 τῇ
3506 5560 3752 5617 διαλύσει
