3978 6498
212 353 265 407 89
1362 348 1618 405 ORATIO
1652 348 2158 410 CATECHETICA.
3359 355 3430 411 9‘

210 467 284 521 τού
310 464 546 533 σώματος
567 467 660 518 καὶ
682 466 778 534 τῆς
802 464 978 535 ψυχῆς
994 466 1305 536 ἐκρυείσης,
1344 468 1505 520 πάλιν
1529 468 1617 521 διὰ
1647 472 1744 539 τῆς
1774 515 1781 530 ι

1855 480 2086 534 natura,
2132 480 2190 524 ut
2219 485 2342 525 cum
2366 468 2670 524 efﬂuxisset
2695 470 2911 530 vitium,
2973 486 3025 523 in
3060 469 3426 527 dissolutionu

210 556 519 617 ἀναστάσεως
577 555 731 621 σῶον,
794 556 889 608 καὶ
937 555 1143 625 ἀπαθῆ,
1192 557 1285 608 καὶ
1345 556 1624 627 ἀκέραιον,
1660 558 1755 610 καί

1856 563 2106 632 corporis
2166 570 2223 616 et
2284 561 2499 627 animae,
2550 576 2743 615 rursus
2799 577 2895 631 per
2956 562 3424 618 resurrectionem

208 651 360 717 πάσης
380 648 473 715 τῆς
496 647 636 700 κατὰ
654 648 850 701 κακίαν
883 647 1162 717 ἐπιμιξίας
1197 648 1474 719 ἀλλότριον
1504 650 1753 703 ἀναστοι-

1856 654 2063 717 salvus,
2097 652 2434 722 impatibilis,
2470 659 2527 706 et
2567 652 2795 721 integer,
2838 660 2892 704 et
2916 652 3126 705 alienus
3158 652 3231 705 ab.
3271 667 3423 706 omni

207 739 461 810 χειωθῆναι
489 738 583 791 τὸν
612 738 912 807 ἄνθρωπον.
962 738 1101 792 Ἀλλ’
1130 739 1222 790 ἐπὶ
1248 739 1343 808 μὲν
1373 739 1463 791 τοῦ
1489 739 1755 810 καθηγουο

1854 745 2230 800 commistione
2259 744 2400 806 vitii,
2436 744 2598 797 homo
2634 743 3041 796 reformaretur.
3066 741 3171 795 Sed
3205 742 3425 797 induce

206 832 338 900 μένου
401 832 499 899 τῆς
556 829 825 900 σωτηρίας
876 828 1055 900 ἡμῶν,
1092 829 1155 882 τὸ
1201 830 1404 883 τέλειον
1436 832 1469 900 ἠ
1494 831 1633 883 κατὰ
1662 831 1752 883 τὸν

1853 838 2074 908 quidem
2138 845 2195 891 et
2247 844 2469 891 auctore
2521 844 2723 889 nostrae
2778 834 2974 888 salutis
3029 833 3422 901 perfectionem

205 924 397 975 θάνατον
416 922 572 990 ἔσχεν
602 922 903 991 οἰκονομία,
933 920 1074 974 κατά
1103 922 1195 974 τὸν
1229 921 1356 974 ίδιον
1387 923 1586 975 σκοπὸν
1610 926 1753 975 ἐντε-

1854 930 2044 985 habuit
2070 936 2338 997 susceptae
2368 928 2560 982 mortis
2593 926 2951 995 dispensatio,
2984 936 3042 978 ut
3074 941 3194 994 quae
3219 941 3420 979 conve-

204 1013 658 1083 λώςπληρωθεῑσα.
685 1015 947 1084 Διεστάλη
976 1032 1036 1066 τε
1052 1014 1159 1085 γὰρ
1193 1013 1281 1067 διὰ
1308 1014 1402 1066 τοῦ
1428 1014 1657 1067 θανάτου
1684 1014 1753 1068 τὰ

1852 1023 2067 1075 nienter
2105 1022 2209 1075 sub
2238 1035 2404 1087 scopo
2450 1028 2504 1073 ct
2544 1019 2799 1071 instituto
2831 1017 3072 1086 perfecte
3120 1015 3287 1070 fuerit
3324 1017 3423 1068 ad-

202 1105 450 1176 ἠνωμένα·
487 1106 581 1158 καῖ
633 1106 794 1160 πάλιν
842 1106 1082 1177 συνήχθη
1123 1107 1191 1161 τὰ
1218 1106 1642 1176 διακεκριμένον
1675 1106 1749 1168 ὡς

1854 1114 2090 1182 impleta.
2154 1110 2285 1165 Nam
2317 1120 2371 1165 et
2431 1126 2527 1179 per
2584 1119 2812 1164 mortem
2869 1109 3149 1177 disjuncta
3201 1107 3425 1162 fuerunt

201 1197 249 1248 ἂν
275 1195 627 1265 καθαρθείσης
645 1197 743 1265 τῆς
769 1195 983 1265 φύσεως
1014 1198 1073 1250 ὲν
1104 1199 1169 1267 τῇ
1201 1196 1309 1249 τῶν
1344 1196 1605 1266 συμφυῶν
1633 1196 1749 1249 διας

1854 1221 1971 1271 αιιω
1992 1211 2148 1259 erant
2170 1205 2340 1264 unita,
2375 1210 2431 1256 et
2462 1216 2653 1255 rursus
2677 1199 2966 1267 conjuncta
2983 1210 3111 1253 sunt
3133 1214 3252 1269 qua:
3268 1206 3425 1253 erant

200 1287 338 1348 λύσει,
370 1287 543 1357 ψυχῆς
572 1304 629 1339 τε
659 1288 802 1355 λέγω
830 1289 924 1340 κα)⁸
957 1288 1230 1357 σώματος,
1260 1289 1421 1341 πάλιν
1450 1291 1482 1359 ἡ
1512 1288 1620 1340 τῶν
1660 1304 1736 1340 κε-

1849 1297 2082 1350 discreta
2103 1336 2117 1358 ,
2160 1303 2219 1348 ut
2252 1300 2479 1363 purgata
2508 1301 2705 1345 natura
2730 1290 2784 1343 in
2819 1289 3182 1345 dissolutione
3231 1304 3420 1342 eorum

200 1380 513 1449 χωρισμένων
543 1380 806 1442 ἐπάνοδος
822 1380 921 1448 τῆς
934 1381 1217 1450 ἀλλοτρίας
1242 1380 1522 1450 ἐπιμιξίας
1539 1380 1750 1447 γένοιτο

1851 1402 1969 1456 qua:
2000 1386 2322 1439 naturaliter
2347 1383 2618 1444 coierant,
2656 1382 2875 1443 animae,
2921 1381 3168 1451 inquam,
3220 1388 3277 1434 et
3299 1394 3422 1433 cor-

200 1468 561 1540 καθαρεύουσα.
619 1470 743 1522 Ἐπὶ
765 1469 821 1521 δὲ
852 1472 958 1521 τῶν
1000 1470 1437 1523 ἀκολουθούντων
1469 1471 1546 1541 τῷ
1579 1471 1749 1541 καθη-

1852 1478 2020 1547 poris,
2074 1491 2265 1530 eorum
2319 1489 2443 1545 quae
2492 1473 2712 1527 fuerant
2766 1482 3019 1541 separata
3083 1472 3292 1525 reditus
3355 1470 3423 1524 ab

200 1563 429 1631 γουμένῳ,
458 1563 517 1614 οὐ
569 1564 744 1632 χωρεί
782 1562 880 1632 τὴν
931 1563 1133 1633 ἀκριϐῆ
1175 1565 1405 1635 μίμησιν
1445 1565 1513 1617 δι’
1543 1564 1678 1617 ὅλων
1713 1567 1745 1635 ἡ

1853 1571 2024 1625 aliena
2077 1567 2408 1623 admistione
2462 1573 2610 1619 esset
2651 1579 2842 1633 purus.
2897 1561 2953 1615 In
2993 1563 3060 1615 iis
3100 1570 3283 1617 autem
3327 1562 3424 1630 qui

200 1651 327 1718 φύσις
349 1667 361 1681 ’
384 1652 498 1705 ἀλλ’
534 1653 663 1704 ὅσον
691 1652 931 1715 δυνατῶς
987 1654 1119 1723 ἔχει,
1152 1654 1404 1708 τοσοῦτον
1434 1655 1527 1707 νῦν
1569 1673 1746 1727 παρα-

1847 1663 2038 1717 ducem
2066 1669 2392 1730 sequuntur,
2427 1665 2737 1712 accuratam
2776 1664 2829 1709 et
2877 1656 3175 1724 perfectam
3228 1655 3413 1707 imita-

198 1745 444 1815 δεξαμένη,
496 1744 560 1796 τὸ
606 1746 793 1797 λεῖπον
832 1748 890 1798 ἐν
932 1745 1009 1817 τῷ
1039 1746 1179 1816 μετὰ
1208 1746 1382 1799 ταῦτα
1427 1747 1745 1817 ταμιεύεται

1851 1754 2052 1809 tionem
2084 1768 2188 1806 non
2213 1751 2439 1805 omnino
2469 1749 2613 1818 capit
2640 1756 2833 1800 natura
2857 1790 2872 1811 ,
2940 1746 3036 1799 sed
3068 1761 3193 1798 cuni
3241 1760 3422 1814 quan-

200 1836 356 1905 χρόνῳ.
390 1836 453 1888 Τί
481 1832 578 1889 οὖν
604 1838 753 1889 ἐστιν
781 1836 809 1888 ὃ
842 1815 1121 1907 μιμεῖταις
1154 1838 1227 1889 Τὸ
1254 1838 1352 1906 τῆς
1389 1815 1746 1909 ἐμμ-ιχθείσης

1852 1855 1965 1901 tum
1998 1852 2178 1915 potest
2207 1858 2355 1897 nunc
2383 1840 2677 1910 acceperit,
2731 1838 2785 1891 in
2819 1846 3035 1906 tempus
3066 1835 3307 1888 futurum
3336 1849 3423 1888 re-

200 1928 355 1988 κακίας
379 1929 434 1978 ὲν
461 1929 528 1997 τῇ
571 1929 675 1996 τῆς
716 1927 1033 1998 νεκρώσεως
1062 1929 1231 1983 εἰκόνι
1260 1933 1326 1999 τῇ
1364 1931 1631 2001 γενομένῃ
1660 1930 1748 1983 διὰ

1850 1942 2031 1990 servat
2051 1934 2102 1987 id
2134 1931 2281 2002 quod
2314 1938 2505 1986 restat.
2566 1928 2705 1994 Quid
2760 1943 2889 1996 ergo
2948 1925 3224 1979 imitatur?
3266 1925 3421 1989 Quod

197 2016 269 2068 τοῦ
292 2016 465 2081 ὕδατος
495 2019 591 2072 τὸν
621 2020 927 2089 ἀφανισμὸν
953 2020 1272 2090 ἐμποιῆσαι,
1296 2023 1357 2075 οὐ
1388 2023 1494 2094 μὴν
1526 2022 1744 2085 τελείως

1851 2027 1963 2080 vitii
1999 2023 2223 2079 immisti
2263 2025 2320 2076 in
2352 2021 2590 2092 imagine
2622 2020 2834 2083 mortis,
2868 2032 2991 2087 qua:
3030 2015 3170 2069 facta
3208 2022 3293 2069 est
3327 2029 3422 2083 per

200 2111 483 2180 ἀφανισμὸν,
517 2110 664 2165 ἀλλά
708 2129 832 2164 τινα
875 2111 1138 2183 διακοπὴν
1165 2113 1261 2183 τῆς
1294 2112 1388 2166 τοῦ
1418 2114 1590 2167 κακοῦ
1623 2130 1746 2167 συνο

1857 2133 2069 2189 aquam,
2118 2115 2454 2186 expresserit
2494 2112 2840 2169 deletionem.
2889 2126 2995 2162 non
3024 2107 3318 2178 perfectam
3348 2113 3428 2157 ta-

198 2204 359 2272 εχείας,
408 2207 831 2277 συνδραμόντων
893 2208 1035 2263 δυοῖν
1094 2209 1230 2280 πρὸς
1280 2210 1377 2281 τὴν
1421 2212 1520 2281 τῆς
1549 2213 1747 2276 κακίας

1848 2229 1971 2268 men
2041 2211 2401 2273 deletionem,
2462 2207 2560 2263 sed
2618 2205 2910 2276 quamdam
2967 2199 3418 2268 interruptionem

196 2298 450 2367 ἀναίρεσιν,
482 2299 583 2367 τῆς
630 2317 689 2351 τε
718 2300 812 2352 τοῦ
840 2301 1324 2371 πλεμμελήσαντος
1356 2303 1741 2373 μεταμελείας,

1851 2303 2278 2359 continuationis
2319 2300 2456 2364 vitii,
2495 2314 2619 2352 cum
2653 2298 2760 2351 duo
2800 2292 3185 2348 concurrerint
3218 2289 3284 2343 ad
3314 2290 3422 2343 tol-

197 2392 269 2439 mi
294 2390 380 2458 τῆς
410 2390 500 2442 τοῦ
535 2390 774 2445 Θανάτου
811 2395 1115 2463 μιμήσεως,
1150 2394 1216 2446 δι’
1248 2387 1323 2448 ὧν
1347 2394 1596 2449 ὲκλύεταί
1629 2413 1744 2460 πως

1847 2396 2065 2451 lendum
2094 2394 2307 2456 vitium,
2341 2407 2536 2460 nempe
2558 2401 2609 2444 et
2643 2389 2763 2456 ejus
2797 2387 2889 2457 qui
2942 2386 3195 2455 peccavit
3230 2388 3414 2453 pceni-

197 2482 217 2530 ὁ
238 2480 492 2549 ἄνθρωπος
515 2482 622 2551 τῆς
655 2483 791 2552 πρθκ
806 2484 865 2535 τὸ
886 2485 1051 2537 κακὸν
1079 2487 1375 2554 συμφυΐας,
1406 2488 1470 2557 τῇ
1506 2504 1745 2557 μεταμε-

1849 2488 2175 2545 nitentia.et
2203 2482 2436 2537 imitatio
2477 2481 2690 2543 mortis,
2755 2495 2849 2548 per
2901 2492 3022 2547 qua:
3074 2478 3238 2530 homo
3276 2491 3420 2545 quo-

197 2568 290 2639 λείᾳ
315 2570 401 2637 μὲν
426 2572 502 2633 είς
530 2572 695 2641 μῖσός
720 2589 779 2626 τε
811 2573 906 2625 καὶ
924 2573 1278 2645 ἀλλοτρίωσιν
1294 2575 1392 2644 τῆς
1411 2576 1609 2639 κακίας
1630 2594 1742 2645 χω-

1849 2578 2140 2634 dammodo
2187 2577 2516 2631 dissolvitur
2578 2590 2608 2627 a
2646 2571 2937 2641 congenita
2983 2586 3105 2624 cum
3136 2570 3267 2623 vitio
3291 2584 3420 2623 con-

204 2662 302 2729 ρῶν,
324 2663 392 2732 τῷ
413 2662 465 2714 δὲ
494 2664 720 2733 θανάτῳ
750 2665 844 2717 τοῦ
876 2666 1044 2718 κακοῦ
1073 2666 1163 2718 τὸν
1187 2666 1488 2734 ἀφανισμὸν
1516 2666 1744 2738 ἐργαζό-

1847 2670 2144 2739 iunctione,
2177 2665 2497 2737 poenitentia
2526 2662 2745 2733 quidem
2787 2658 3091 2729 procedens
3130 2656 3197 2710 ad
3227 2656 3418 2711 odium

202 2769 342 2819 μενος.
374 2755 506 2807 Ἀλλ’
528 2758 579 2809 εί
631 2756 727 2825 μὲν
752 2753 820 2827 ἦν
853 2757 1094 2822 δυνατὸν,
1122 2758 1179 2809 ὲν
1208 2758 1396 2827 τελείῳ
1426 2757 1505 2828 τῷ
1530 2757 1744 2828 θανάτῳ

1853 2760 1961 2813 vitii
2010 2766 2066 2813 et
2126 2756 2537 2815 alienationem,
2580 2757 2753 2804 morte
2793 2758 2975 2802 autem
3023 2747 3137 2801 vitii
3182 2762 3424 2816 operans

200 2844 404 2910 γενέσθαι
424 2846 513 2899 τὸν
541 2847 910 2919 μιμούμενον,
939 2848 1046 2901 οὐδ’
1078 2849 1144 2902 ἂν
1182 2849 1430 2920 μίμησις,
1456 2850 1593 2904 ἀλλά
1616 2852 1745 2903 ταύ-

1846 2852 2192 2907 deletionem.
2225 2847 2329 2903 Sed
2354 2846 2400 2901 si
2435 2845 2549 2900 ﬁeri
2576 2843 2795 2913 quidem
2828 2848 3035 2910 posset,
3060 2848 3119 2892 ut
3146 2838 3200 2891 in
3235 2836 3417 2907 perfe-

198 2938 325 3008 τότης
341 2941 394 2992 τὸ
424 2940 718 3012 γινόμενον
765 2938 854 3011 ἦν.
890 2944 997 2995 Καὶ
1028 2944 1108 3005 είς
1141 2944 1202 2997 τὸ
1224 2943 1482 3006 παντελὲς
1504 2944 1601 3013 τῆς
1639 2944 1741 3012 φύ-

1847 2950 1934 2997 cta
1965 2948 2140 2996 morte
2172 2949 2317 2994 esset
2360 2937 2410 2991 is
2444 2935 2539 3004 qui
2576 2933 2839 2995 imitatur,
2874 2945 2984 2982 non
3014 2936 3160 2983 esset
3190 2927 3244 2979 id
3273 2926 3418 2996 quod

202 3050 309 3097 σεως
333 3036 477 3104 ἡμῶν
500 3037 565 3090 τὺ
592 3037 767 3090 κακὸν
805 3037 1096 3105 ἠφανίζετο
1121 3054 1132 3066 ·
1171 3036 1331 3100 ὥστε,
1364 3037 1546 3099 καθώς
1579 3053 1741 3105 φησιν

1847 3034 1906 3088 lit
1940 3029 2298 3094 imitatio,sed
2329 3044 2417 3083 res
2446 3027 2657 3088 eadem,
2711 3032 2766 3078 et
2796 3038 2826 3076 a
2850 3029 3039 3075 nostra
3072 3028 3267 3072 natura
3303 3034 3417 3071 ma—

198 3124 220 3173 ὁ
255 3126 563 3195 Ἀπόστολος,
613 3130 701 3197 ἐφ’
741 3128 889 3195 ἅπαξ
920 3129 1162 3201 ἀποθάνῃ
1192 3132 1255 3199 τῇ
1284 3129 1544 3199 ἁμαρτίᾳ.
1592 3129 1743 3182 Ἐπεὶ

1851 3130 1959 3181 lum
1984 3124 2222 3195 perfecte
2251 3122 2549 3180 deleretur,
2607 3116 2743 3171 adeo
2779 3124 2858 3177 ut,
2904 3113 3050 3168 sicut
3085 3111 3219 3164 dicit
3259 3110 3404 3179 Apo-

198 3215 255 3279 δὲ,
297 3218 458 3282 καθὼς
511 3220 756 3291 εἴρηται,
790 3220 1038 3274 τοσοῦτον
1079 3218 1392 3290 μιμούμεθα
1424 3220 1524 3289 τῆς
1568 3218 1738 3287 ὑπερ-

1848 3220 2023 3275 stolus
2043 3220 2109 3279 ",
2140 3215 2375 3271 omnino
2397 3219 2702 3264 moreretur
2728 3212 2974 3276 peccato.
3011 3202 3282 3269 Quoniam
3317 3216 3414 3253 au-

197 3308 385 3379 εχούσης
414 3311 721 3381 δυνάμεως.
758 3312 879 3364 ὅσον
926 3313 1092 3382 χωρεί
1119 3311 1274 3382 ἡμῶν
1304 3314 1336 3380 ὴ
1373 3309 1609 3380 πτωχεία
1640 3309 1740 3378 τῆς

1848 3322 1979 3374 tem,
2015 3311 2157 3367 sicut
2181 3308 2388 3361 dictum
2440 3312 2545 3366 est,
2606 3315 2874 3370 suprema:
2924 3297 3075 3351 illius
3129 3293 3418 3364 potestatis

198 3396 370 3463 φύσεως
390 3416 403 3429 ο
427 3400 487 3452 τὸ
512 3400 668 3470 ὕδωρ
708 3400 829 3470 τρὶς
880 3401 1250 3471 ὲπιχεάμενοι,
1281 3401 1374 3454 καὶ
1405 3400 1567 3453 πάλιν
1608 3400 1739 3452 ἀνα-

1848 3411 2061 3457 tautum
2104 3399 2408 3455 imitamur,
2452 3401 2718 3463 quantum
2769 3388 2914 3458 capit
2949 3394 3151 3441 nostra:
3208 3392 3419 3438 natura:

199 3489 354 3552 ϐάντες
377 3491 479 3543 ἀπὸ
503 3491 606 3543 τοῦ
634 3490 847 3553 ὓδατος,
877 3490 973 3561 τὴν
1004 3492 1269 3561 σωτήριον
1296 3488 1471 3560 ταφὴν
1500 3489 1594 3542 καὶ
1614 3488 1742 3541 ἀνά-

1850 3489 2177 3551 mendieitas
2210 3507 2223 3542 :
2253 3500 2395 3556 aqua
2425 3493 2509 3538 ter
2539 3480 2743 3545 infusa,
2791 3495 2854 3533 ex
2881 3494 2942 3532 ea
2980 3490 3176 3531 rursus
3222 3490 3418 3528 ascen-

199 3594 350 3639 στασιν
380 3582 474 3653 τὴν
518 3584 580 3635 έν
629 3583 914 3653 τριημέρῳ
946 3582 1244 3652 γενομένην
1282 3580 1359 3651 τῷ
1398 3582 1571 3651 χρόνῳ
1600 3583 1737 3633 ἀπο-

1848 3585 2061 3645 dentes,
2126 3581 2418 3635 salutarem
2450 3574 2731 3628 imitamur
2777 3569 3113 3639 sepulturam
3150 3573 3204 3620 et
3235 3579 3417 3618 resur-

197 3674 468 3742 κρινόμεθα,
494 3674 665 3727 τοῦτο
691 3674 945 3735 λαϐόντες
963 3674 1102 3727 κατά
1126 3673 1385 3739 διάνοιαν,
1410 3675 1489 3726 ὅτι
1515 3674 1589 3736 ὡς
1609 3675 1739 3743 ἡμῖν

1847 3677 2141 3732 rectionem
2163 3685 2285 3741 quae
2312 3668 2457 3721 facta
2489 3672 2575 3719 est
2602 3665 2655 3715 in
2686 3671 2937 3730 tempore
2976 3657 3255 3717 triduano,
3273 3654 3414 3708 hanc

198 3763 242 3814 τὸ
268 3762 394 3835 ὓδωρ
416 3768 469 3818 ὲν
501 3766 727 3835 ἐξουσίᾳ
760 3766 897 3829 ὲστὶ,
928 3766 1021 3818 καὶ
1065 3767 1123 3817 έν
1156 3766 1303 3836 αὐτῷ
1330 3765 1605 3833 γενέσθαι,
1645 3766 1740 3819 καὶ

1846 3767 2206 3836 suscipientes
2236 3759 2640 3831 cogitationem,
2669 3752 2993 3823 quodsicnt
3026 3765 3167 3819 aqua
3212 3750 3266 3801 in
3313 3760 3413 3799 no-

200 3854 242 3919 ὲξ
260 3857 404 3910 αὐτοῦ
432 3858 600 3912 πάλιν
619 3858 900 3920 ἀναδῦναι,
930 3859 1072 3912 κατὰ
1114 3859 1205 3911 τὸν
1243 3859 1403 3912 αὐτὸν
1424 3860 1624 3931 τρόπον
1651 3862 1738 3913 ἐπ’

1848 3872 1962 3916 stra
1979 3866 2063 3913 est
2090 3860 2377 3925 potestate,
2404 3858 2463 3904 ut
2493 3856 2545 3902 et
2569 3847 2621 3899 in
2656 3860 2719 3899 ea
2744 3844 2937 3906 simus,
2963 3848 3018 3895 et
3038 3857 3102 3895 ex
3137 3855 3199 3894 ea
3220 3852 3415 3891 rursus

200 3946 402 4013 ἐξουσίας
427 3946 493 4021 ἦν
538 3954 571 4005 ὁ
624 3949 717 4003 τοῦ
768 3952 969 4015 παντὸς
1007 3950 1145 4022 ἔχων
1173 3951 1269 4022 τὴν
1296 3928 1629 4018 δεσποτείαν,
1664 3953 1740 4016 ὡς

1845 3963 2211 4020 emergamus,
2236 3944 2425 3999 eodem
2454 3940 2617 3995 modo
2646 3939 2700 3991 in
2724 3939 2867 4005 ejus,
2913 3934 3007 4004 qui
3044 3928 3416 3986 universitatis

200 4041 324 4107 ἡμεῖς
349 4043 401 4093 ὲν
421 4041 497 4111 τῷ
517 4041 697 4105 ὕδατι,
713 4040 887 4105 οὕτως
914 4043 1119 4105 ἐκεῖνος
1146 4044 1203 4095 ὲν
1226 4042 1304 4113 τῷ
1328 4043 1538 4114 θανάτῳ
1562 4061 1736 4097 κατα-

1845 4042 2181 4097 dominatum
2238 4035 2471 4095 obtinet,
2515 4031 2626 4085 ‘est
2673 4035 2961 4098 potestate,
3012 4031 3074 4077 ut
3116 4023 3259 4077 sicut
3312 4033 3416 4073 nos

198 4130 325 4195 δυεὶς,
353 4135 507 4187 πάλιν
542 4135 643 4187 ἐπὶ
681 4134 779 4205 τὴν
817 4134 952 4189 ἰδίαν
978 4134 1229 4188 ἀναλύειν
1266 4111 1660 4208 μακαριότητα.

1846 4148 2036 4204 aquas,
2070 4132 2144 4183 ita
2173 4128 2262 4181 ille
2295 4132 2523 4179 mortem
2554 4122 2798 4182 subiens,
2824 4131 3015 4171 rursus
3053 4112 3122 4167 ad
3139 4111 3417 4183 propriam

1837 4228 2064 4284 reducat
2087 4220 2506 4278 beatitudinem.

250 4312 302 4364 Et
331 4311 414 4367 οὖν
472 4334 558 4379 τις
590 4316 729 4386 πρὸς
760 4316 829 4368 τὸν
856 4316 1001 4378 εἰκὸς
1053 4315 1262 4385 βλέποι,
1326 4317 1419 4369 καὶ
1465 4318 1606 4371 κατὰ
1639 4319 1737 4389 τὴν

1910 4319 1968 4373 Si
1998 4318 2291 4387 quisquam
2321 4326 2452 4383 ergo
2488 4305 2816 4378 aspiciat'ad
2851 4298 3415 4359 verisilnilitudinem,

200 4399 418 4471 ἑκατέρου
456 4404 688 4474 δύναμιν
738 4406 807 4458 τὰ
855 4405 1114 4475 γινόμενα
1147 4406 1341 4477 κρίνοι,
1382 4407 1637 4478 οὐδεμίαν
1680 4388 1737 4461 έν

1844 4422 1891 4467 et
1913 4427 1977 4465 ex
2009 4409 2295 4476 utriusque
2324 4404 2525 4456 virtute
2553 4414 2617 4454 ea
2651 4412 2773 4468 quae
2825 4396 2961 4449 fiunt
3004 4392 3235 4460 judicet,
3289 4388 3415 4441 nul-

198 4493 284 4553 τοῖς
305 4495 602 4564 γινομένοις
635 4495 858 4566 εὑρήσει
880 4496 1174 4566 διαφωνίαν
1205 4500 1487 4569 ἑκατέρου.
1513 4502 1655 4554 κατὰ
1678 4502 1739 4554 τὸ

1841 4507 1944 4557 Iam
1978 4503 2031 4554 in
2068 4501 2136 4554 iis
2165 4512 2285 4567 quae
2316 4496 2453 4548 liunt
2482 4490 2723 4546 inveniet
2764 4487 3053 4554 utriusque
3091 4482 3412 4549 discrepan-

198 4583 274 4652 τῆς
293 4588 489 4655 φύσεως
522 4589 721 4661 μέτρον
749 4574 1189 4662 ἐξεργασαμένου
1219 4593 1286 4644 τὰ
1311 4568 1448 4645 κατά
1486 4594 1733 4663 δύναμιν.

1840 4596 1989 4657 liam,
2014 4600 2069 4645 ut
2101 4589 2192 4659 qui
2223 4592 2589 4657 congruenter
2624 4580 2786 4635 modo
2823 4592 2935 4634 sum
2965 4583 3176 4629 naturae
3231 4586 3295 4626 ea
3324 4568 3411 4624 ef-

206 4675 273 4736 'ﬂ;
298 4681 395 4750 γάρ
426 4682 575 4734 ἐστιν
601 4661 875 4753 ἀνθρώπῳ
917 4684 977 4734 τὸ
1008 4681 1172 4754 ὕδωρ,
1195 4684 1330 4755 πρὸς
1358 4685 1419 4737 τὸ
1438 4661 1734 4750 ἀκινδύνως
1770 4661 1777 4669 1

1840 4685 2032 4739 fecerit
2076 4696 2196 4752 qua:
2223 4694 2337 4734 sua:
2381 4685 2539 4732 erant
2588 4671 2895 4745 potestatis.
2944 4664 3227 4733 Quomodo
3265 4661 3411 4716 enim

197 4768 549 4838 ὶπιθιγγὰνειν,
615 4775 663 4825 εἰ
710 4774 973 4843 βούλοιτο,
1020 4754 1459 4846 ἀπειροπλασίως
1497 4782 1569 4851 τῇ·
1616 4781 1736 4851 θείᾳ

1840 4789 1923 4834 est
1956 4778 2011 4831 in
2038 4783 2307 4845 potestate
2334 4770 2593 4831 hominis,
2617 4779 2839 4835 aquam,
2870 4762 2915 4818 si
2939 4761 3091 4822 velit,
3146 4757 3284 4811 citra
3324 4754 3411 4807 ul-

195 4858 382 4930 δυνάμει
428 4865 548 4917 κατ’
605 4864 855 4917 εὐκολίαν
918 4866 1144 4931 θάνατος
1190 4870 1495 4940 πρόκειται,
1544 4872 1638 4925 καὶ
1677 4875 1735 4925 έν

1845 4871 1953 4924 Ιιιιιι
1982 4876 2204 4937 tangere
2240 4862 2569 4933 periculum,
2612 4857 2838 4913 inlinitis
2890 4852 3136 4923 partibus
3193 4846 3416 4901 facilius

196 4951 314 5021 αὐτῷ
341 4956 612 5022 γενέσθαι,
665 4957 761 5010 καὶ
820 4958 893 5027 μὴ
935 4960 1209 5028 τραπῆναι
1235 4936 1381 5031 ⁷πρὸς
1408 4962 1598 5026 πάθος.
1636 4965 1734 5018 Δια

1842 4936 2104 5015 mors~est
2146 4957 2424 5026 proposita
2464 4952 2666 5005 divina:
2700 4946 2911 5009 virtuti,
2967 4953 3027 4998 ut
3058 4951 3112 4997 et
3143 4941 3197 4994 in
3225 4954 3287 4993 ea
3316 4936 3408 4998 sit,

195 5037 322 5137 τοῦτο
344 5044 516 5096 τοίνυν
546 5046 845 5113 ἀναγκαῖον
866 5049 997 5116 ἡμῖν
1039 5048 1100 5101 τὸ
1131 5051 1189 5103 ἐν
1225 5051 1303 5120 τῷ
1343 5050 1495 5104 ὕδατι
1530 5070 1736 5125 προμε-

1838 5060 1892 5109 et
1932 5068 2037 5104 non
2065 5056 2421 5103 convertatur
2451 5046 2517 5099 ad
2549 5042 2894 5098 affectionem
2927 5052 3050 5107 qua:
3085 5050 3151 5087 ex
3184 5031 3277 5085 illa
3312 5044 3407 5082 ac-

197 5125 390 5228 ξετῆσαι
403 5135 500 5205 τὴν
525 5138 625 5206 τῆς
658 5136 1006 5200 ἀναστάσεως
1032 5138 1210 5209 χάριν,
1245 5140 1320 5203 ὡς
1346 5141 1412 5194 ἂν
1442 5142 1730 5213 εἰδείημεν,

1838 5146 2058 5215 cipitur.
2082 5141 2378 5210 Propterea
2417 5152 2548 5208 ergo
2588 5135 2744 5190 nobis
2792 5146 3018 5187 necesse
3053 5134 3137 5182 est
3172 5125 3229 5177 in
3266 5137 3408 5191 aqua

195 5219 328 5318 ὅτιτὸ
369 5220 481 5277 ἴσον
504 5229 635 5297 ἡμῖν
676 5229 755 5290 εἰς
787 5230 1036 5283 εὐκολίαν
1067 5233 1233 5296 ἐστὶν,
1267 5232 1419 5286 ὐδατί
1444 5252 1503 5287 τε
1536 5236 1730 5306 βαπτι-

1840 5236 2203 5309 praemeditari
2259 5236 2490 5303 gratiam
2541 5226 2991 5286 resurrectionis,
3047 5231 3104 5274 ut
3166 5219 3411 5272 sciamus

198 5307 377 5410 σθῆναι,
414 5315 505 5368 καὶ
563 5318 627 5371 ἐκ
678 5318 773 5369 τοῦ
822 5320 1050 5373 θανάτου
1089 5322 1248 5376 πάλιν
1282 5324 1558 5380 ἀναδῦναι..
1596 5328 1733 5381 Ἀλλ’

1837 5307 2080 5401 quodex
2112 5341 2268 5394 aequo
2292 5326 2453 5381 nobis
2500 5332 2587 5379 est
2609 5322 2767 5376 facile
2788 5329 2842 5374 et
2892 5331 3033 5386 aqua
3085 5312 3245 5381 tingi,
3285 5317 3341 5364 et
3376 5324 3408 5362 e

196 5415 351 5475 ωσπερ
379 5407 435 5458 ὲν
480 5412 593 5472 τοῖς
644 5410 786 5463 κατὰ
821 5412 911 5464 τὸν
950 5412 1061 5482 βίον
1086 5416 1396 5485 γενομένοις
1421 5420 1544 5472 τινά
1569 5418 1731 5473 τινών

1932 5428 2015 5474 rte
2042 5434 2238 5473 rursus
2272 5431 2575 5486 emergere.
2612 5412 2852 5482 Sedquo
2895 5406 3060 5462 modo
3100 5406 3155 5458 in
3191 5404 3260 5458 iis
3288 5417 3412 5472 qua:
3494 5413 3502 5486 ᾖ

198 5491 317 5581 ἐστιν
329 5498 762 5571 ἀρχηγικώτερα,
789 5497 863 5557 ὧν
888 5504 1015 5559 ἄνευ
1050 5507 1150 5560 κᾶν
1164 5509 1225 5561 τὸ
1246 5510 1523 5579 γινόμενον
1546 5528 1731 5581 κατορο

1939 5520 1978 5565 ιι
2022 5512 2075 5565 in
2102 5512 2232 5573 vita,
2280 5518 2407 5564 sunt
2452 5501 2930 5577 aliquaaliquibus
2990 5497 3405 5569 principaliora,
3496 5492 3510 5518 λ

199 5580 382 5657 θιυθείη,
430 5592 599 5646 καίτοι
653 5596 703 5646 εί
734 5596 868 5664 πρὸς
922 5600 982 5651 τὸ
1020 5600 1189 5671 πέρας
1219 5603 1253 5672 ἡ
1294 5602 1436 5676 ἀρχὴ
1474 5580 1729 5674 κρίνοιτο,

1941 5622 1961 5662 3
1995 5606 2194 5675 quibus
2220 5605 2385 5661 etiam
2434 5604 2487 5657 id
2543 5599 2687 5673 quod
2739 5598 2820 5662 lit,
2861 5608 3205 5666 nequaquam
3261 5598 3411 5647 recte
3502 5622 3512 5640 ι

290 5763 327 5793 ⁸³
355 5763 503 5823 “om.
535 5787 653 5837 vui,
690 5774 759 5827 '12
