3978 6482
473 350 537 403 οι
1712 354 1769 408 S.
1812 353 2138 412 GREGORII
2164 357 2455 414 NYSSENI

3646 359 3725 414 92

471 469 804 527 successerit
871 467 1228 539 (quanquam
1285 472 1332 523 si
1387 483 1509 522 eum
1569 469 1674 525 fine
1721 472 2037 528 conferatur

2145 476 2250 529 ἀντ’
2280 476 2490 539 οὐδενὸς
2524 469 2659 527 εἶναι
2688 475 2825 541 δόξει
2867 475 2960 527 τοῦ
3003 487 3325 546 πράγματος
3356 476 3389 543 ή
3411 476 3552 547 ἀρχὴ
3582 494 3719 547 συγ-

474 560 827 629 principium,
879 575 979 629 pro
1007 560 1175 613 nihilo
1204 576 1327 614 esse
1386 560 1659 614 videbitur
1710 563 1790 615 rei
1842 564 2038 631 princi-

474 652 620 719 pium
649 665 772 705 cum
807 653 910 705 line
942 660 1313 720 comparatum
1338 671 1350 704 :
1382 668 1542 721 quam
1570 653 1712 707 enim
1734 655 1933 708 habent
1961 672 2034 710 ae-

473 744 791 813 qualitatem
825 746 1009 809 homo,
1044 754 1097 798 et
1123 744 1267 813 quod
1304 744 1369 797 ad
1402 746 1800 813 procreandum
1835 748 2036 802 animal

473 834 769 901 dejicitur?
797 835 889 888 sed
924 842 1102 889 tamen
1134 836 1238 888 nisi
1278 836 1410 887 illud
1453 836 1545 899 sit,
1592 835 1695 889 hoc
1737 852 1844 890 nou
1881 837 2031 908 fiet):

474 926 548 979 ita
573 928 735 981 etiam
762 927 905 995 quod
942 929 995 979 in
1025 942 1218 995 magna
1254 928 1311 979 lit
1343 929 1768 988 resurrectione,
1804 943 1926 981 cum
1965 936 2037 983 snt

476 1017 655 1085 majus
684 1027 905 1077 natura,
962 1018 1089 1070 hinc
1123 1018 1283 1071 habet
1342 1018 1495 1071 initia
1554 1028 1607 1072 et
1659 1034 1877 1073 causas.
1917 1018 2034 1073 Non

474 1115 655 1177 potest
682 1110 824 1162 enim
856 1109 968 1162 fieri
998 1118 1055 1161 ut
1085 1109 1213 1161 illud
1249 1109 1361 1169 fiat,
1393 1109 1497 1161 nisi
1534 1110 1635 1162 hoc
1670 1110 2033 1178 prazcesserit.

474 1199 605 1254 Dico
638 1209 815 1254 autem
848 1201 960 1254 tieri
1008 1217 1115 1254 non
1148 1217 1307 1270 posse
1354 1209 1413 1254 ut
1446 1202 1607 1255 homo
1643 1204 1710 1271 sit
1755 1203 1808 1254 in
1852 1218 2036 1257 resur-

473 1291 717 1346 rectione
744 1293 951 1361 absque
995 1293 1195 1347 lavacri
1245 1295 1675 1361 regeneratione,
1735 1310 1840 1347 non
1896 1296 2039 1364 aspi-

472 1381 625 1435 ciens
654 1382 720 1435 ad
748 1397 940 1437 massa:
971 1392 1171 1437 nostrae
1226 1385 1557 1437 relictionem
1601 1394 1654 1438 et
1694 1386 2038 1440 reformatio—

473 1488 621 1527 nem.
653 1474 731 1526 Ad
767 1476 869 1527 hoc
906 1476 1049 1529 enim
1084 1477 1306 1530 omnino
1338 1486 1548 1546 oportet
1580 1477 1835 1532 devenire
1878 1489 2039 1532 natu-

473 1581 611 1629 ram,
652 1567 865 1636 prepria
887 1568 1208 1621 necessitate
1237 1569 1570 1637 compulsam
1612 1585 1674 1623 ex
1721 1571 2039 1641 prmscripto

471 1657 897 1725 dispensationis
942 1657 1060 1725 ejus
1084 1659 1179 1727 qui
1220 1658 1508 1720 ordinavit,
1538 1660 1651 1713 sive
1686 1660 1889 1713 lavacri
1916 1676 2039 1730 gra-

471 1750 603 1800 tiam
632 1750 1012 1817 assumpserit,
1059 1750 1173 1803 sive
1222 1749 1550 1805 initiationis
1596 1752 1909 1819 huiusmodi
1944 1768 2035 1806 exa

2138 565 2431 634 κρινομένη
2491 563 2567 633 τῷ
2611 563 2772 617 τέλει.
2806 563 2868 615 Τί
2892 562 2999 633 γὰρ
3034 560 3151 615 ἶσον
3183 562 3484 631 ἄνθρωπος,
3517 566 3610 617 καὶ
3651 566 3715 618 τὸ

2139 656 2274 725 πρὸς
2298 656 2395 724 τὴν
2428 654 2683 707 σύστασιν
2717 653 2807 707 τοῦ
2840 653 2976 718 ζὼου
3008 653 3478 723 καταϐαλλόμενον
3505 672 3519 719 ;
3571 657 3714 708 Ἀλλ’

2135 750 2283 816 ὅμως
2314 749 2361 799 εί
2386 748 2458 817 μὴ
2474 750 2663 800 ἐκεῖνο
2702 748 2806 815 εἴη,
2843 746 2951 799 οὐδ’
2984 746 3050 799 ἂν
3078 746 3235 799 τοῦτο
3266 746 3495 814 γένοιτο.
3526 747 3714 811 Οὕτως

2140 840 2228 890 καὶ
2250 838 2308 890 τὸ
2340 838 2482 891 κατά
2510 839 2608 907 τὴν
2640 840 2877 909 μεγάλην
2907 839 3199 892 ἀνάστασιν
3220 838 3402 909 μεῖζον
3431 840 3488 892 ὂν
3518 844 3581 911 τῇ
3612 841 3715 909 φύ-

2139 946 2240 992 σει,
2276 929 2372 988 τὰς
2420 930 2593 999 ἀρχάς
2615 928 2859 981 ἐντεῦθεν
2888 930 2980 981 καὶ
3003 929 3100 991 τὰς
3129 929 3306 992 αίτίας
3338 929 3469 999 ἔχει.
3499 932 3570 983 Οὐ
3602 933 3716 1001 γάρ

2138 1023 2251 1072 ἐστι
2287 1021 2505 1073 δυνατὸν
2547 1024 2721 1074 ἐκεῖνο
2753 1022 3023 1089 γενέσθαι,
3057 1024 3103 1074 εί
3136 1021 3209 1092 μὴ
3239 1022 3395 1074 τοῦτο
3433 1023 3712 1092 προκαθη-

2136 1113 2381 1181 γήσαιτο.
2410 1111 2498 1180 Μὴ
2529 1111 2786 1163 δύνασθαι
2822 1111 2877 1163 δέ
2898 1130 3038 1181 φημι
3065 1111 3183 1181 δίχα
3212 1112 3306 1182 τῆς
3333 1112 3474 1165 κατά
3506 1112 3566 1165 τὸ
3594 1113 3714 1165 λου-

2137 1201 2263 1270 τρὸν
2298 1201 2702 1268 ἀνα-γεννήσεως
2720 1202 2775 1250 ἐν
2800 1201 3089 1252 ἀναστάσει
3118 1199 3367 1267 γενέσθαι
3391 1202 3480 1253 τὸν
3514 1201 3717 1271 ἀνθρω-

2139 1309 2258 1355 πον,
2291 1292 2351 1343 οὐ
2383 1291 2519 1360 πρὸς
2550 1292 2647 1358 τὴν
2679 1290 2771 1345 τοῦ
2825 1291 3192 1361 συγκρίματος
3219 1291 3372 1361 ἡμῶν
3409 1292 3715 1345 ἀνάπλασίν

2138 1398 2195 1433 τε
2224 1382 2316 1433 καὶ
2339 1382 2777 1450 ἀναστοιχείωσιν
2805 1381 3214 1444 ἀναϐλέποντες.
3248 1382 3389 1452 Πρὸς
3421 1382 3577 1435 τούτο
3604 1383 3714 1454 γὰρ

2137 1472 2217 1523 δεῖ
2248 1472 2458 1533 πάντως
2486 1471 2812 1542 πορευθῆναι
2868 1473 2966 1542 τὴν
2997 1472 3156 1539 φύσιν
3190 1473 3415 1536 οἰκείαις
3448 1474 3723 1541 ἀνάγκαις

2139 1564 2279 1617 κατὰ
2303 1564 2399 1633 τὴν
2420 1563 2514 1615 τοῦ
2546 1564 2802 1629 τάξαντος
2831 1564 3137 1633 οίκονομίαν
3158 1564 3393 1616 συνωθου
3402 1563 3584 1634 μένην,
3608 1566 3716 1617 κᾶν

2140 1652 2418 1723 προσλάϐῃ
2475 1654 2570 1721 τὴν
2628 1655 2690 1704 ὲκ
2750 1652 2841 1703 τοῦ
2873 1651 3094 1722 λουτροῦ
3141 1654 3321 1721 χάριν.
3355 1652 3458 1703 κᾶν
3488 1653 3718 1722 ἄμοιρος

2144 1743 2298 1815 μείνῃ
2330 1744 2428 1813 τῆς
2461 1744 2713 1813 τοιαύτης
2752 1744 3017 1813 μυήσεως,
3043 1744 3175 1796 ἀλλὰ
3207 1744 3304 1811 τὴν
3327 1744 3415 1795 ἐπὶ
3442 1744 3502 1795 τὸ
3535 1745 3715 1813 μακά-

471 1854 599 1905 pers
629 1840 911 1900 manserit,
947 1840 1040 1894 sed
1093 1841 1492 1895 restitutionem
1542 1841 1919 1906 beatitudinis,
1951 1843 2032 1896 di-

2145 1836 2255 1907 ριόν
2284 1852 2342 1887 τε
2377 1836 2470 1888 καὶ
2498 1834 2638 1887 θεῖον
2686 1836 2779 1887 καί
2815 1835 2993 1903 πάσης
3032 1834 3330 1903 κατηφείας
3372 1836 3716 1905 κεχωρισμέ-

471 1931 714 1985 vinitatis
749 1940 802 1985 et
856 1933 923 1986 ab
982 1934 1129 1986 omni
1196 1949 1430 1988 maerore
1481 1935 1861 1989 immunitatis.
1915 1933 2034 1990 Non

469 2021 615 2073 enim
645 2037 983 2092 quaecunque
1022 2040 1117 2091 per
1150 2025 1611 2078 resurrectionem
1651 2024 1883 2078 reditum
1945 2041 2035 2079 ac-

471 2112 679 2182 cipiunt
709 2115 776 2168 ad
827 2117 1140 2179 essentiam,
1171 2118 1235 2169 ad
1287 2116 1533 2171 eamdem
1572 2116 1739 2171 vitam
1782 2120 2033 2171 redeunt.

472 2204 577 2258 Sed
610 2205 838 2258 multum
870 2206 1099 2261 interest
1128 2208 1269 2261 inter
1302 2223 1396 2261 eos
1426 2208 1518 2277 qui
1567 2216 1694 2263 sunt
1726 2210 2034 2279 expurgati,

468 2302 525 2345 et
556 2308 649 2347 eos
678 2294 771 2363 qui
810 2294 1488 2366 indigentexpurgatione.
1534 2300 1592 2351 ln
1642 2299 1842 2368 quibus
1887 2300 2034 2353 enim

471 2384 526 2438 in
584 2385 685 2439 hac
738 2386 844 2438 vita
877 2385 1155 2455 praecessit
1209 2404 1305 2457 per
1364 2389 1643 2442 lavacrum
1690 2391 2032 2459 cxpurgatio,

470 2476 539 2529 iis
566 2477 669 2530 erit
699 2477 905 2531 reditus
947 2478 1013 2530 ad
1056 2479 1105 2531 id
1142 2479 1287 2547 quod
1341 2490 1425 2533 est
1453 2481 1555 2533 sibi
1603 2490 1915 2549 cognatum.
1975 2481 2034 2535 Ei

470 2574 652 2621 autem
682 2569 827 2636 quod
856 2576 938 2622 est
972 2584 1167 2638 purum
1209 2577 1261 2622 et
1291 2570 1575 2630 mundum,
1630 2572 1909 2639 proprium
1952 2579 2037 2626 est

469 2667 523 2709 et
556 2655 930 2713 familiaritate
985 2660 1339 2725 conjunctum
1404 2661 1725 2729 impatibile.
1763 2660 1908 2727 Quin
1945 2678 2037 2716 au-

469 2757 577 2802 tem
611 2750 664 2804 in
704 2751 1104 2820 impatibilitate
1133 2752 1204 2806 sit
1250 2753 1468 2807 beatqu
1500 2769 1641 2818 esse,
1670 2755 1893 2811 minime
1928 2757 2035 2810 du-

468 2838 695 2894 l'itatur.
719 2840 929 2906 Quibus
953 2850 1133 2896 autem
1179 2841 1443 2895 indurata:
1473 2844 1848 2900 occalluerunt
1903 2846 2036 2901 affe-

467 2931 700 2994 ctiones,
726 2946 902 3000 neque
933 2932 1172 2985 sordium
1197 2943 1249 2985 et
1273 2935 1608 2987 macularum
1648 2936 1757 2987 ulla
1814 2936 1911 2989 fuit
1942 2938 2036 2990 ad-

472 3025 640 3078 hibita
672 3024 947 3094 purgatio,
969 3041 1075 3078 non
1111 3040 1250 3093 aqua
1280 3026 1532 3094 mystica,
1561 3042 1667 3078 non
1706 3026 1903 3080 divina:
1933 3030 2039 3081 vir-

471 3112 603 3167 tutis
631 3114 938 3175 invocatio,
988 3130 1095 3167 non
1152 3114 1489 3169 inconcinna:
1538 3117 1815 3183 pravitatis
1857 3133 2038 3171 corre-

470 3205 581 3258 ctio
608 3248 622 3271 ,
651 3220 879 3261 necesse
901 3215 985 3261 est
1011 3217 1063 3259 ut
1095 3208 1129 3260 ii
1171 3223 1387 3277 quoque
1417 3208 1527 3261 sint
1558 3210 1610 3262 in
1640 3223 1705 3262 eo
1732 3209 1877 3278 quod
1913 3225 2037 3262 con-

469 3300 641 3350 venit.
677 3297 1026 3353 Manifestum
1070 3308 1153 3353 est
1184 3307 1365 3352 autem
1405 3314 1541 3352 auro
1572 3301 1879 3355 adulterino
1907 3316 2040 3354 con-

470 3383 701 3453 fusoque
767 3394 820 3439 et
872 3401 978 3438 non
1017 3387 1233 3441 sincero
1283 3388 1573 3442 convenire
1630 3388 1927 3451 fornacem,
1980 3397 2040 3442 ut

471 3487 594 3525 cum
625 3473 706 3527 eis
752 3474 970 3525 mistum
1004 3476 1191 3526 vitium
1252 3474 1415 3527 fuerit
1447 3475 1815 3544 liquefactum,
1866 3477 2041 3545 longis

473 3571 658 3633 postea
686 3564 903 3618 sazculis
947 3564 1055 3619 Deo
1084 3580 1216 3634 pura
1256 3574 1612 3620 conservetur
1644 3575 1861 3619 natura.
1888 3566 2040 3631 Quo-

473 3660 619 3711 niam
654 3658 855 3729 ergoin
896 3674 1035 3727 aqua
1068 3666 1121 3712 et
1152 3659 1275 3727 igne
1297 3669 1379 3713 est
1420 3659 1503 3713 vis
1534 3660 1781 3727 quzedam
1826 3662 2039 3714 abster-

474 3748 633 3819 gendi
661 3758 714 3802 et
742 3749 1063 3813 mundandi,
1115 3751 1206 3823 qui
1243 3765 1341 3819 per
1370 3764 1564 3817 aquam
1598 3751 1880 3820 mysticam
1921 3751 2036 3805 vitii

2142 1944 2229 1980 νον
2274 1926 2731 1979 ἀποκατάστασιν.
2782 1926 2856 1977 Ub
2898 1924 3005 1994 γὰρ
3036 1926 3133 1978 ὅσα
3162 1925 3227 1977 δι’
3249 1926 3593 1989 ἀναστάσεως
3616 1926 3716 1997 τὴν

2144 2020 2235 2071 ἐπὶ
2259 2018 2321 2069 τὸ
2343 2014 2482 2071 εἶναι
2534 2017 2693 2071 πάλιν
2739 2018 2993 2070 ἐπάνοδον
3020 2017 3249 2086 δέχεται,
3282 2018 3415 2087 πρὸς
3436 2017 3524 2071 τὸν
3554 2018 3716 2071 αὑτὸν

2144 2112 2386 2163 ἐπάνεισι
2412 2110 2541 2179 βίον.
2586 2108 2905 2162 ’Δλλάνπολὺ
2934 2110 2995 2160 τὸ
3030 2109 3190 2178 μέσον
3214 2109 3322 2160 τῶν
3356 2126 3413 2161 τε
3441 2108 3718 2179 κεκαθαρ-

2147 2204 2339 2273 μένων,
2367 2204 2459 2255 καὶ
2508 2203 2611 2255 τῶν
2642 2202 2735 2255 τοῦ
2780 2201 3072 2271 καθαρσίου
3110 2201 3517 2271 προσδεομένων
3542 2203 3709 2254 ἐστίν.

2156 2291 2271 2360 Ἐφ’
2296 2286 2370 2345 ὢν
2396 2290 2503 2361 γὰρ
2538 2291 2675 2343 κατά
2706 2291 2796 2343 τὸν
2824 2290 2935 2359 βίον
2960 2292 3144 2343 τοῦτον
3179 2292 3211 2360 ή
3238 2291 3323 2343 διά
3356 2289 3449 2343 τοῦ
3488 2290 3712 2359 λουτροῦ

2144 2382 2602 2453 προκαθηγήσατο
2641 2383 2907 2453 κάθαρσις
2942 2383 3075 2451 πρὸς
3111 2382 3170 2434 τὸ
3220 2381 3478 2449 συγγενὲς
3506 2381 3715 2443 τούτοις

2142 2475 2485 2545 ἀναχώρησις
2541 2474 2710 2528 ἔσται.
2744 2475 2834 2544 Τῷ
2862 2475 2917 2526 δὲ
2972 2474 3192 2544 καθαρῷ
3229 2473 3288 2525 τὸ
3316 2473 3518 2534 ἀπαθὲς
3544 2489 3713 2543 προσ-

2144 2567 2430 2637 ῳκείωται.
2472 2568 2559 2619 Ἑν
2592 2567 2647 2618 δὲ
2686 2569 2750 2637 τῇ
2803 2568 3038 2637 ἀπαθείᾳ
3076 2567 3135 2618 τὸ
3166 2567 3429 2637 μακάριον
3448 2559 3583 2618 εἶναι
3613 2566 3716 2618 οὐκ

2143 2658 2558 2729 ἀμφιϐάλλεται.
2602 2653 2695 2717 Οἷς
2745 2660 2800 2711 δὲ
2851 2657 3258 2730 προσεπωρώθη
3310 2657 3378 2710 τὰ
3416 2657 3582 2728 πάθη,
3617 2659 3715 2710 καὶ

2142 2751 2290 2804 οὐδὲν
2316 2751 2558 2821 προήχθη
2591 2751 2686 2821 τῆς
2708 2751 2919 2821 κηλίδος
2943 2750 3236 2821 καθάρσιον
3257 2766 3269 2778 ·
3304 2751 3401 2820 οὐχ
3436 2749 3578 2818 ὕδωρ
3611 2767 3712 2819 μυ-

2146 2843 2349 2905 στικὸν,
2403 2843 2501 2894 οὐκ
2544 2842 2829 2909 ἐπίκλησις
2897 2840 3045 2905 θείας
3095 2842 3391 2911 δυνάμεως,
3425 2843 3522 2911 οὐχ
3570 2844 3602 2912 ἡ
3648 2842 3713 2893 ἐκ

2147 2932 2503 3003 μεταμελείας
2534 2932 2760 3003 δρθωσις
2786 2949 2801 2963 ⁸
2833 2933 3045 3001 ἀνάγκη
3090 2934 3256 2993 πᾶσα,
3285 2934 3377 2985 καὶ
3408 2934 3627 2995 τούτους
3655 2935 3730 2983 ὲνκ

2143 3026 2219 3095 τῷ
2254 3024 2569 3094 καταλλήλῳ
2594 3025 2860 3093 γενέσθαι.
2899 3025 3243 3096 Κατάλληλον
3274 3025 3329 3078 δὲ
3357 3024 3433 3095 τῷ
3460 3024 3711 3093 κεκιϐδη-

2145 3113 2385 3182 λευμένῳ
2410 3112 2614 3183 χρυσίῳ
2642 3114 2701 3165 τὸ
2731 3116 3107 3185 χωνευτήριον,
3141 3114 3215 3176 ὡς
3233 3116 3329 3185 τῆς
3354 3114 3713 3184 ἑμμιχθείσης

2141 3205 2322 3265 αὐτοῖς
2375 3204 2571 3266 κακίας
2604 3205 2985 3275 ἀποτακείσης,
3040 3209 3267 3277 μακροῖς
3307 3205 3528 3275 ὕστερον
3552 3203 3712 3255 αίῶσι

2141 3290 2383 3364 καθαρὰν
2433 3294 2779 3363 ἀποσωθῆναι
2829 3296 2903 3365 τῷ
2938 3296 3056 3366 Θεῷ
3087 3297 3183 3366 τὴν
3215 3297 3393 3366 φύσιν.
3436 3297 3585 3348 Ἐπεὶ
3621 3290 3713 3347 οὖν

2144 3386 2376 3455 ρυπτική
2410 3386 2492 3447 τίς
2522 3386 2636 3438 ἐστι
2685 3387 2912 3456 δύναμις
2941 3389 2998 3437 ἐν
3038 3388 3117 3454 τῷ
3150 3390 3279 3458 πυρὶ
3308 3389 3401 3439 καὶ
3431 3386 3505 3455 τῷ
3537 3386 3710 3449 ὕδατι,

2142 3474 2191 3525 ol
2218 3474 2306 3527 διὰ
2328 3475 2421 3526 τοῦ
2454 3474 2642 3538 ὓδατος
2665 3475 2758 3527 τοῦ
2790 3475 3049 3545 μυστικοῦ
3078 3477 3168 3529 τὸν
3192 3478 3289 3546 τῆς
3319 3476 3511 3537 κακίας
3546 3474 3715 3544 ῥύπον

2144 3565 2597 3634 ἀποκλυσάμενοι,
2650 3566 2743 3618 τοῦ
2802 3567 2986 3639 ἐτέρου
3039 3567 3146 3620 τῶν
3193 3568 3497 3637 καθαρσίων
3540 3564 3712 3627 εἴδους

2144 3660 2242 3711 οὐκ
2301 3658 2620 3711 ἐπιδέονται.
2662 3659 2724 3710 Οί
2759 3658 2813 3710 δὲ
2863 3658 3064 3728 ταύτης
3107 3658 3339 3729 ἀμύητοι
3382 3661 3479 3727 τῆς
3510 3656 3715 3727 καθάρ-

2149 3768 2302 3813 σεως,
2331 3750 2635 3817 ἀναγκαίως
2658 3748 2737 3819 τῷ
2760 3766 2830 3801 πυ
2840 3750 2891 3819 pi
2923 3748 3325 3819 καθαρίζονται.

475 3842 665 3896 sordes
746 3841 1077 3906 abluerunt,
1148 3858 1257 3896 non
1316 3856 1454 3911 opus
1514 3841 1713 3896 habent
1781 3842 1953 3895 altero
1999 3857 2199 3912 genere
2265 3842 2624 3912 purgationis.
2684 3841 2787 3906 Qui
2849 3849 3029 3895 autem
3078 3857 3185 3894 non
3253 3841 3455 3895 fuerint
3516 3840 3725 3895 initiati

472 3934 733 4006 mysterio
778 3933 941 4003 hujus
992 3933 1357 4003 purgationis,
1407 3934 1531 4005 igne
1592 3941 1894 4005 purgantur
1940 3934 2268 3991 necessario.

1000 4064 1231 4121 CAPUT
1270 4065 1510 4121 XXXVI.

541 4198 676 4254 Nam
709 4208 763 4252 et
791 4198 1101 4252 communis
1141 4198 1283 4251 ratio
1312 4204 1368 4251 et
1406 4195 1811 4264 Seripturarum
1855 4203 2039 4250 osten-

472 4291 553 4345 dit
575 4292 846 4355 doctrina,
909 4290 1153 4344 divinqu
1184 4296 1411 4343 chorum
1458 4304 1565 4342 non
1596 4303 1758 4358 posse
1812 4287 2041 4357 ingredi,

472 4384 565 4451 qui
591 4397 780 4437 omnes
829 4398 894 4435 ex
939 4382 1071 4435 vitio
1110 4389 1421 4435 contractas
1468 4380 1658 4434 sordes
1698 4395 1760 4433 ac
1799 4379 2041 4432 maculas

2708 4068 2958 4120 ΚΕΦΑΛ.
3004 4068 3143 4133 Δεῖν.

2218 4201 2307 4271 Μὴ
2334 4200 2442 4271 γὰρ
2470 4195 2605 4252 εἷναι
2656 4199 2877 4253 δυνατὸν
2917 4200 2945 4251 ὃ
2990 4216 3048 4250 τε
3081 4198 3255 4263 κοινὸς
3278 4199 3510 4254 δείκνυσι
3538 4200 3714 4270 λόγος,

2148 4293 2239 4345 καὶ
2264 4290 2295 4362 ή
2333 4291 2440 4344 τῶν
2470 4288 2700 4362 Γραιρῶν
2726 4290 3069 4353 διδασκαλία,
3101 4291 3246 4353 ἐντὸς
3271 4291 3362 4343 τοῦ
3400 4292 3540 4344 θείου
3563 4294 3716 4360 γενέ-

2150 4386 2270 4437 σθαι
2308 4382 2470 4454 χοροῦ
2497 4382 2588 4436 τὸν
2617 4383 2691 4454 μὴ
2726 4381 2978 4453 καθαρῶς
3025 4381 3231 4445 πάντας
3263 4385 3387 4445 τοὺς
3426 4385 3488 4437 ὲκ
3518 4386 3717 4449 κακίας

473 4489 585 4528 non
628 4475 839 4529 eluerit.
896 4473 1009 4527 Hoc
1058 4473 1191 4527 illud
1224 4483 1327 4534 est,
1384 4474 1528 4542 quod
1572 4489 1693 4526 cum
1749 4475 1821 4528 sit
1873 4489 1937 4526 ex
1978 4488 2037 4526 se

2145 4478 2362 4538 σπίλους
2405 4475 2876 4546 ἀπορρυψάμενον.
2934 4473 3101 4526 Τοῦτό
3148 4478 3294 4527 ἐστιν
3349 4476 3377 4527 ὃ
3420 4477 3612 4547 μικρὸν
3653 4476 3715 4529 ὃν

474 4579 723 4633 parvum,
770 4579 1091 4633 magnorum
1128 4572 1211 4617 est
1252 4564 1517 4617 bonorum
1560 4565 1772 4617 initium
1813 4575 1867 4617 et
1917 4563 2038 4616 fun-

474 4656 810 4708 damentum.
865 4654 1097 4708 Parvum
1135 4663 1315 4707 autem
1363 4655 1486 4709 dico
1535 4656 1606 4709 ob
1664 4668 1807 4710 recte
1848 4657 2037 4725 agendi

476 4741 811 4798 facilitatem.
842 4744 976 4810 Quis
1000 4745 1143 4799 enim
1167 4754 1250 4799 est
1282 4748 1381 4798 hac
1416 4748 1468 4799 in
1502 4763 1558 4800 re
1595 4748 1768 4813 labor,
1818 4748 2041 4802 credere

475 4824 644 4889 I‘eum
674 4850 798 4890 esse
844 4838 1087 4906 ubique:
1150 4853 1273 4893 cum
1295 4846 1474 4893 autem
1522 4841 1594 4894 sit
1651 4842 1702 4893 in
1760 4840 2035 4905 omnibus,

477 4923 669 4979 adesse
695 4927 861 4979 etiam
906 4926 1290 4983 invocantibus
1323 4931 1541 4984 vitalem
1592 4931 1712 4998 ejus
1761 4933 2036 4994 virtutem,

478 5024 798 5085 praesentem
825 5026 1005 5072 autem
1042 5020 1219 5074 facere
1246 5020 1302 5073 id
1333 5023 1477 5090 quod
1502 5029 1585 5075 est
1620 5022 1723 5076 sibi
1758 5023 2038 5091 proprium

475 5116 531 5161 et
559 5110 927 5163 conveniens?
958 5109 1163 5164 Divina:
1194 5118 1375 5166 autem
1410 5112 1746 5182 operationis
1793 5120 1877 5167 est
1914 5127 2043 5182 pro-

475 5199 592 5267 pria
619 5201 770 5254 salus
800 5216 989 5254 eorum
1033 5204 1125 5270 qui
1170 5204 1433 5269 indigent.
1481 5205 1601 5275 Ipsa
1625 5213 1806 5259 autem
1839 5206 1897 5258 ﬁt
1931 5206 2044 5261 elli-

478 5304 575 5342 cax
607 5301 661 5343 et
690 5290 757 5343 ad
786 5306 924 5361 opus
948 5290 1237 5346 deducitur
1272 5310 1367 5363 per
1396 5311 1514 5371 eam
1550 5310 1671 5364 quae
1721 5297 1774 5348 in
1808 5311 1947 5365 aqua
1984 5298 2043 5351 lit

478 5383 946 5451 e:purgationem.
966 5383 1067 5449 Qui
1092 5394 1176 5438 est
1202 5394 1382 5439 autem
1412 5396 1762 5454 expurgatus,
1784 5389 1890 5441 erit
1914 5404 2043 5457 par-

480 5471 654 5540 ticeps
684 5473 958 5541 puritatis.
984 5475 1137 5539 Quod
1178 5487 1355 5529 autem
1386 5492 1512 5531 vere
1560 5493 1753 5546 purum
1787 5487 1895 5543 est,
1956 5487 2042 5534 est

481 5561 761 5617 divinitas.
789 5564 954 5619 Vides
984 5582 1146 5635 quam
1175 5566 1247 5623 sit
1279 5583 1528 5637 parvum,
1579 5576 1634 5623 et
1669 5585 1833 5639 quam
1878 5571 2041 5627 facile

481 5657 632 5706 recte
661 5650 777 5706 tieri
808 5662 988 5721 potest
1042 5657 1095 5709 id
1127 5658 1270 5726 quod
1298 5666 1381 5712 est
1414 5660 1470 5712 in
1516 5660 1805 5729 principio,
1838 5677 2035 5731 nempe

481 5741 616 5798 ﬁdes
645 5748 700 5797 et
735 5759 872 5814 aqua
902 5762 917 5798 :
950 5747 1037 5801 illa
1069 5750 1287 5817 quidem
1336 5751 1437 5805 sita
1466 5752 1518 5806 in
1566 5753 1791 5809 arbitrio
1846 5754 2030 5809 liberm

2146 4569 2266 4621 καθ’
2300 4568 2460 4620 ἑαυτὸ
2507 4566 2755 4635 μεγάλων
2802 4565 3020 4633 ἀγαθῶν
3050 4568 3190 4636 ἀρχή
3225 4584 3284 4618 τε
3332 4570 3422 4619 καὶ
3465 4568 3717 4632 ὑπόθεσις

2147 4664 2370 4729 γίνεται.
2409 4659 2615 4729 Μικρὸν
2636 4659 2694 4710 δέ
2729 4675 2869 4727 φημι
2897 4661 2962 4729 τῇ
2996 4658 3214 4729 εὐκολίᾳ
3243 4658 3335 4710 τοῦ
3366 4659 3719 4729 κατορθώμα-

2146 4770 2256 4815 τος.
2282 4751 2375 4813 Τίς
2402 4750 2509 4821 γὰρ
2540 4750 2770 4817 πάρεστι
2800 4748 2959 4811 πόνος
2990 4747 3067 4817 τῷ
3096 4750 3397 4818 πράγματι,
3429 4747 3719 4801 πιστεῦσαι

2148 4842 2423 4911 πανταχοῦ
2461 4840 2552 4892 τὸν
2576 4840 2705 4893 Θεὸν
2729 4836 2866 4893 εἶναι
2890 4856 2903 4869 ο
2946 4842 3003 4891 ὲν
3036 4840 3169 4892 πᾶσι
3207 4838 3263 4891 δὲ
3289 4839 3438 4901 ὅντα,
3470 4843 3718 4908 παρεῖναι

2147 4937 2241 4987 καὶ
2268 4937 2375 4997 τοῖς
2402 4932 2844 5001 ἐπικαλουμένοις
2886 4933 2982 5002 τὴν
3012 4930 3244 5002 ζωτικὴν
3272 4931 3434 4983 αὑτοῦ
3468 4930 3718 5001 δύναμιν,

2149 5028 2390 5095 παρόντα
2436 5026 2493 5078 δὲ
2540 5025 2600 5077 τὸ
2658 5026 2852 5078 οίκεῖον
2902 5027 3109 5087 ποιείν;
3140 5024 3297 5076 Ἰδιον
3331 5024 3387 5075 δὲ
3430 5026 3526 5093 τῆς
3571 5024 3721 5086 θείας

2150 5118 2447 5188 ἐνεργείας,
2497 5119 2531 5187 ἡ
2578 5117 2685 5169 τῶν
2717 5116 2982 5187 δεομένων
3018 5119 3134 5169 ἐστὶ
3184 5116 3444 5184 σωτηρία.
3479 5114 3625 5183 Λῦτη
3666 5115 3721 5167 δὲ

2148 5186 2367 5277 δίάῖτῆς
2399 5211 2454 5261 ὲν
2482 5186 2633 5260 ὕδατι
2680 5186 2993 5277 καθάρσεως
3035 5205 3253 5274 ἐνεργὸς
3302 5206 3530 5273 γίνεται.
3574 5204 3634 5256 Ὀ
3664 5204 3722 5257 δὲ

2150 5298 2500 5369 καθαρισθεὶς
2530 5301 2586 5351 ὲν
2625 5299 2879 5367 μετουσίᾳ
2910 5301 3008 5367 τῆς
3048 5296 3416 5367 καθαρότητος
3445 5296 3615 5348 ἔσται.
3648 5294 3721 5347 Τὸ

2148 5390 2204 5441 δὲ
2229 5386 2441 5455 ἀληθῶς
2465 5386 2701 5456 καθαρὸν
2735 5388 2766 5455 ἡ
2798 5386 2988 5453 θεότης
3027 5384 3193 5439 ἐστίν.
3235 5385 3395 5455 Ὁρᾷς
3449 5386 3595 5446 ὅπως
3632 5402 3718 5454 μι-

2150 5479 2279 5547 κρόν
2310 5496 2361 5530 τι
2400 5479 2461 5531 τὸ
2493 5480 2633 5531 κατά
2685 5477 2781 5547 τὴν
2809 5478 2980 5545 ἀρχὴν
3016 5477 3130 5527 ἐστι
3174 5476 3265 5527 καὶ
3293 5474 3718 5544 εὐκατόρθωτον,

2152 5571 2333 5631 πίστις
2357 5570 2447 5621 καὶ
2474 5568 2617 5639 ὓδωρ
2636 5584 2648 5597 ο
2675 5570 2708 5637 ἡ
2742 5568 2837 5635 μὲν
2866 5566 3013 5628 ὲντὸς
3041 5566 3137 5635 τῆς
3169 5566 3537 5635 προαιρέσεως
3565 5565 3719 5635 ἡμῶν

2152 5661 2520 5730 ἀποκειμένη·
2573 5660 2633 5711 τὸ
2666 5660 2722 5712 δὲ
2782 5658 3072 5728 σύντροιξω
3114 5660 3179 5726 τῇ
3226 5656 3537 5728 ἀνθρωπίνῃ
3582 5658 3715 5727 ζωῇ.

2166 5754 2322 5806 Ἀλλά
2387 5755 2447 5807 τὸ
2511 5757 2572 5808 ἐκ
2633 5753 2832 5807 τούτων
2890 5752 3260 5822 ἀναφυόμενον
3335 5752 3537 5821 ἀγαθὸν
3598 5755 3719 5805 ὅσον
