3978 6494
258 366 312 419 93
1435 362 1692 417 ORATIO
1724 363 2229 419 CATECHETICA.
3388 358 3459 416 94

254 475 329 528 καὶ
361 465 482 538 οἷον,
528 472 606 536 ὡς
643 473 773 545 πρὸς
816 473 949 528 αὖτδ
998 474 1058 527 τὸ
1083 480 1238 534 Θεῖον
1275 469 1421 540 ἔχειν
1451 476 1550 546 τὴν
1588 479 1783 532 οἰκειό-

1892 488 2096 533 ηοςιπαξ
2119 474 2453 542 electionis,
2478 479 2596 534 haec
2624 492 2756 532 vero
2788 491 2909 547 quae
2950 475 3112 531 simul
3156 490 3281 529 cum
3338 474 3451 527 vita

248 578 394 632 τητας

801 836 1049 888 ΚΕΦΑΛ.
1079 836 1198 889 AZ’.

308 926 434 979 Ἀλλ’
458 925 643 996 ἐπειδὴ
666 925 885 978 διπλοῦν
929 927 988 978 τὸ
1018 927 1376 997 ἀνθρώπινον.
1409 928 1554 999 ψυχῇ
1593 948 1654 982 τε
1690 933 1785 984 καὶ

242 1017 423 1085 σώματι
474 1016 936 1086 συγκεκραμένον,
967 1019 1176 1088 ἀνάγκη
1208 1020 1284 1088 τῷ
1315 1020 1449 1088 πρὸς
1500 1022 1598 1091 τὴν
1641 1022 1785 1091 ζωὴν

240 1106 635 1177 παθητουμένῳ,
664 1108 730 1159 δι’
758 1109 1084 1179 ἀμφοτέρων
1141 1110 1265 1170 τοὺς
1326 1112 1662 1180 σωζομένους
1692 1115 1785 1179 ἐφ·-

237 1198 450 1252 ἐπεσθαι.
491 1196 701 1249 Οὐκοῦν
742 1202 774 1264 ἡ
806 1198 953 1269 ψυχὴ
985 1201 1081 1267 μὲν
1121 1199 1208 1253 διὰ
1238 1201 1471 1263 πίστεως
1519 1203 1653 1269 πρὸς
1687 1204 1785 1254 αύ-

237 1290 307 1342 τὺν
333 1289 688 1357 ἅνακραθεῖσα
710 1290 809 1351 τὰς
838 1292 1089 1360 ἀφορμὰς
1117 1291 1366 1344 ἐντεῦθεν
1394 1294 1491 1362 τῆς
1516 1295 1785 1364 σωτηρίας

235 1382 325 1449 ἔχει
347 1398 359 1410 ·
390 1383 421 1449 ἡ
458 1382 565 1451 γὰρ
623 1381 760 1451 πρὸς
791 1382 891 1452 τὴν
940 1382 1081 1451 ζωὴν
1117 1382 1328 1445 ἓνωσις,
1376 1384 1475 1452 τὴν
1509 1384 1606 1453 τῆς
1640 1385 1785 1455 ζωῆς

237 1473 484 1525 κοινωνίαν
514 1472 650 1541 ἔχει.
676 1473 751 1524 Τὸ
774 1473 831 1524 δὲ
873 1473 1030 1540 σῶμα
1060 1474 1245 1545 ἕτερον
1272 1475 1469 1545 τρόπον
1503 1478 1560 1527 ἐν
1591 1493 1784 1545 μετου-

238 1563 309 1631 σία
334 1580 384 1615 τε
416 1565 506 1615 καὶ
536 1564 845 1634 ἀνακράσει
888 1565 980 1617 τοῦ
1028 1566 1290 1628 σώζοντος
1322 1566 1550 1635 γίνεται.
1577 1568 1783 1639 Ὥσπερ

234 1652 321 1721 γὰρ
339 1654 380 1705 οἱ
410 1652 734 1723 δηλητήριον
758 1654 825 1706 δι’
854 1655 1141 1724 ἐπιϐουλῆς
1174 1655 1446 1720 λαϐόντες,
1480 1658 1623 1727 ἄλλῳ
1646 1677 1783 1729 φαρ-

236 1745 367 1811 μάκῳ
394 1744 488 1811 τὴν
519 1742 848 1813 φθοροποιὸν
868 1745 1093 1813 δύναμιν
1121 1746 1347 1798 ἔσϐεσαν
1376 1762 1389 1775 ·
1428 1748 1532 1818 χρὴ
1571 1749 1625 1801 δὲ
1660 1749 1783 1801 καθ’

232 1834 484 1903 ὁμοιότητα
516 1833 611 1885 τοῦ
642 1834 885 1904 ὀλεθρίου
920 1836 1011 1888 καὶ
1041 1837 1100 1888 τὸ
1134 1837 1470 1908 ἀλεξιτήριον
1500 1842 1648 1903 ἐντὸς
1676 1841 1781 1893 τῶν
1816 1832 1854 1885 Β

234 1926 549 1995 ἀνθρωπίνων
579 1927 838 1996 γενέσθαι
877 1928 1218 1998 σπλάγχνων,
1254 1928 1328 1993 ὡς
1362 1930 1428 1983 ἂν
1459 1931 1525 1983 δι’
1560 1932 1786 1985 ἐκείνων

233 2018 298 2083 ἐφ’
328 2018 460 2069 am
516 2019 955 2089 καταμερισθείη
980 2020 1041 2072 τὸ
1068 2020 1224 2089 σῶμα
1265 2024 1297 2091 ἡ
1342 2022 1433 2074 τοῦ
1465 2023 1783 2093 βοηθοῦντος

231 2106 447 2176 δύναμις
477 2108 625 2161 οὕτω
668 2109 762 2161 τοῦ
790 2109 1099 2173 διαλύοντος
1141 2112 1238 2182 τὴν
1270 2111 1428 2180 φύσιν
1464 2115 1621 2183 ἡμῶν
1650 2116 1785 2167 ἀπο-

232 2200 542 2268 γευσάμενοι,
580 2200 749 2253 πάλιν
780 2202 1077 2269 ἀναγκαῖον
1114 2202 1189 2265 ὡς
1219 2205 1311 2255 καὶ
1335 2203 1428 2256 τοῦ
1463 2206 1784 2273 συνάγοντος

230 2293 668 2362 τὸδιαλελυμένον
706 2294 1078 2365 ὲπεδεήθημεν
1104 2312 1118 2325 ’
1158 2296 1231 2359 ὡς
1279 2296 1345 2349 ἂν
1379 2299 1435 2349 ὲν
1467 2300 1598 2367 ἡμῖν
1627 2301 1779 2366 γενόο

232 2400 361 2450 μενον
386 2384 442 2435 τὸ
463 2386 716 2438 τοιοῦτον
759 2386 1095 2457 ἀλεξιτὴριον
1121 2388 1220 2459 τὴν
1264 2390 1680 2458 προεντεθεῖσαν
1707 2391 1783 2460 τῷ

231 2474 410 2543 σώματι
432 2475 525 2527 τοῦ
549 2476 884 2547 δηλητηρίου
926 2478 1128 2547 βλάϐην
1161 2479 1247 2532 διὰ
1280 2480 1377 2549 τῆς
1404 2482 1609 2543 οἰκείας
1638 2482 1783 2533 ἀντι-

231 2567 422 2629 παθείας
451 2566 753 2620 ἀπώσοιτο.
785 2567 849 2620 Τί
882 2565 973 2621 οὖν
1024 2571 1140 2620 ἐστι
1174 2569 1360 2633 τοῦτο;
1394 2570 1559 2622 Οὐδὲν
1600 2570 1782 2640 ἓτερον

229 2659 421 2727 ἧὲκείνο
439 2660 497 2711 τὸ
529 2660 720 2729 σῶμα,
746 2660 774 2712 ὅ
804 2660 899 2713 τοῦ
930 2678 988 2711 τε
1011 2660 1241 2713 θανάτου
1272 2664 1517 2730 κρεῖττον
1549 2662 1779 2732 ἐδείχθη,

230 2751 411 2818 καὶτῆς
439 2752 583 2821 ζωῆς
628 2752 786 2822 ἡμῶν
820 2751 1145 2821 κατήρξατο.
1182 2752 1445 2822 Καθάπερ
1472 2754 1578 2822 γὰρ
1608 2755 1781 2823 μικρά

232 2840 367 2911 ζύμη,
422 2842 606 2906 καθώς
656 2860 819 2912 φησιν
858 2846 886 2895 ὁ
935 2843 1273 2907 Ἀπὸστολος,
1314 2844 1433 2896 ὅλον
1460 2845 1519 2896 τὸ
1555 2843 1781 2915 φύραμα

233 2935 339 3002 πρὸς
359 2935 547 3005 ἑαυτὴν
610 2934 968 3003 συνεξομοιοῖ,
1014 2934 1186 2996 οὕτως
1225 2934 1286 2986 τὸ
1325 2934 1643 2987 θανατισθὲν
1679 2934 1783 2986 ὑπὸ

231 3025 304 3077 τοῦ
336 3024 457 3077 Θεοῦ
486 3025 657 3093 σῶμα
682 3026 741 3075 ὲν
768 3024 846 3093 τῷ
874 3026 1127 3094 ἡμετέρῳ
1164 3025 1474 3092 γενόμενον,
1505 3025 1623 3076 ὅλον
1646 3024 1782 3094 πρὸς

231 3117 361 3168 ἑαυτὸ
390 3120 682 3185 μεταποιεῖ
732 3117 824 3167 καὶ
859 3115 1229 3184 μετατίθησιν.
1276 3116 1360 3178 Ὠς
1395 3116 1502 3186 γὰρ
1529 3116 1621 3167 τοῦ
1652 3116 1777 3184 c900-

232 3208 413 3275 ροποιοῦ
478 3209 625 3271 πρὸς
681 3209 743 3260 τὸ
801 3210 1034 3274 ὑγιαῖνον
1082 3206 1489 3277 ἀναμιχθέντος,
1533 3207 1676 3260 ὅιπαν
1721 3208 1779 3259 τὸ

228 3299 498 3368 ἀνακραθὲν
554 3298 997 3369 συνηχρείωταιο
1056 3297 1227 3360 οὕτως
1280 3299 1373 3350 καὶ
1418 3299 1478 3350 τὸ
1517 3298 1779 3351 ἀθάνατον

228 3389 359 3458 σῶμα
420 3393 473 3443 ὲν
496 3391 578 3461 τῷ
616 3390 934 3443 ἀναλαϐόντι
979 3390 1109 3443 αὐτὸ
1153 3390 1462 3459 γενόμενον,
1511 3390 1644 3460 πρὸς
1682 3392 1779 3460 τὴν

228 3481 388 3533 ἑαυτοῦ
432 3481 596 3550 φύσιν
668 3481 763 3533 καὶ
809 3480 867 3533 τὸ
898 3482 1005 3533 πᾶν
1047 3480 1421 3550 μετεποίησεν.
1472 3480 1631 3533 Ἀλλά
1675 3481 1779 3549 μὴν

228 3572 307 3624 οὐκ
328 3572 461 3625 ἔστιν
491 3574 675 3635 ἄλλως
700 3572 849 3634 ἐντός
872 3589 924 3625 τι
944 3572 1224 3639 γίγνεσθαι
1256 3570 1347 3623 τοῦ
1386 3570 1653 3639 σώματος,
1704 3571 1779 3640 μὴ

227 3661 298 3713 διὰ
324 3664 566 3733 βρώσεως
593 3666 691 3716 καὶ
719 3665 927 3725 πόσεως
956 3667 1065 3726 τοῖς
1094 3662 1416 3731 σπλάγχνοις
1447 3662 1779 3731 καταμιγνύ-

230 3771 384 3821 μενον.
418 3756 636 3809 Οὐκοῦν
664 3756 972 3822 ἐπάναγκες
996 3759 1136 3808 κατά
1155 3756 1245 3807 τὸν
1274 3754 1494 3806 δυνατὸν
1527 3758 1593 3824 τῇ
1624 3754 1781 3821 φύσει

226 3844 397 3911 τρόπον
412 3847 507 3918 τὴν
524 3846 795 3910 ζωοποιὺν
814 3847 1039 3915 δύναμιν
1056 3842 1148 3896 τοῦ
1168 3844 1305 3897 Πνεύ
1315 3862 1480 3913 ματος
1508 3844 1777 3907 δέξασθαι.

230 3935 378 3988 Μόνον
402 3936 456 3989 δὲ
478 3937 577 3992 τοῦ
612 3932 875 4006 Θεοδὸχου
894 3935 1143 4007 σώματος
1174 3937 1382 3989 ἐκείνου
1405 3937 1605 4007 ταύτην
1633 3937 1782 4000 δεξα-

232 4025 369 4092 μένου
396 4028 494 4097 τὴν
533 4029 719 4097 χάριν,
742 4027 917 4089 ἄλλως
946 4028 1000 4081 δὲ
1026 4028 1325 4097 δειχθέντος
1357 4028 1431 4098 μὴ
1464 4025 1599 4080 εἶναι
1627 4028 1782 4080 δυνα-

228 4116 302 4166 τὸν
318 4120 370 4170 ὲν
392 4119 667 4189 ἀθανασία
720 4119 971 4183 γενέσθαι
1023 4120 1083 4171 τὸ
1130 4119 1398 4191 ἡμέτερον
1424 4119 1600 4189 σῶμα,
1628 4121 1676 4172 εἰ
1708 4120 1781 4190 μὴ

227 4206 299 4258 διά
315 4212 406 4279 τῆς
434 4211 575 4279 πρὸς
601 4214 661 4262 τὸ
691 4211 956 4264 ἀθάνατον
989 4211 1269 4274 κοινωνίας
1300 4213 1359 4263 ὲν
1400 4211 1658 4282 μετουσία
1683 4215 1781 4281 τῆς

230 4298 510 4371 ἀφθαρσίας
531 4302 827 4371 γενόμενον
847 4318 860 4331 ο
902 4303 1170 4371 σκοπῆται
1198 4304 1482 4372 προσήκει,
1520 4303 1635 4364 πῶς
1662 4302 1784 4369 ἐγέ-

229 4406 329 4444 νετο
350 4394 571 4448 δυνατὸν
632 4396 691 4448 τὸ
739 4394 797 4447 ἒν
833 4397 1005 4447 ἐκεῖνο
1032 4398 1189 4465 σῶμα
1213 4398 1329 4457 ταῖς
1354 4400 1641 4457 τοσαύταις
1675 4395 1781 4447 τῶν

1888 576 2079 622 nostra
2130 571 2319 622 alitur.
2381 567 2489 623 Sed
2553 568 2700 638 quod
2753 583 2818 621 ex
2854 568 2937 621 his
2999 566 3204 619 bonum
3250 564 3454 626 oritur,

1887 668 2150 729 quantum
2174 667 2261 713 est
2290 668 2344 714 et
2380 660 2560 728 quale,
2616 668 2675 711 ut
2705 673 2829 711 cum
2861 658 2979 725 ipso
3018 655 3131 710 Deo
3180 656 3345 709 homo
3379 653 3461 708 la-

1888 753 2258 807 miliaritatem
2290 752 2489 806 habeat
2517 762 2569 805 et
2608 751 3058 815 conjunctionem
3082 749 3106 800 ?

2406 841 2633 896 CAPUT
2674 840 2939 893 XXXVII.

1959 933 2064 988 Sed
2098 935 2357 1004 quoniam
2400 934 2563 986 homo
2604 942 2689 987 est
2719 932 2942 1001 duplex,
2997 938 3056 984 ut
3088 930 3182 999 qui
3210 930 3279 983 sit
3301 944 3455 981 com-

1888 1026 2100 1093 positus
2151 1040 2215 1077 ac
2252 1032 2695 1093 contemperalus
2744 1039 2807 1077 ex
2860 1022 3039 1075 anima
3093 1030 3147 1075 et
3199 1035 3453 1089 corpore,

1888 1131 2113 1169 necesse
2151 1123 2237 1169 est
2263 1125 2321 1168 ut
2350 1117 2442 1184 qui
2473 1124 2785 1176 servantur,
2835 1130 2929 1182 per
2960 1121 3254 1181 utrumque
3288 1113 3450 1165 attin-

1887 1214 2160 1275 ganteum
2195 1207 2289 1274 qui
2317 1205 2467 1258 ducit
2502 1205 2567 1258 ad
2600 1206 2790 1258 vitam.
2826 1205 2966 1275 Ergo
2997 1205 3181 1257 anima
3228 1203 3455 1271 quidem

1887 1314 2009 1350 cum
2040 1298 2160 1365 ipso
2184 1305 2589 1367 contemperata
2624 1313 2716 1365 per
2779 1296 2935 1349 tidem
2972 1297 3100 1348 hinc
3131 1296 3326 1349 salutis
3350 1296 3456 1347 ha-

1887 1390 1973 1442 bet
2026 1388 2390 1442 occasionem.
2451 1387 2585 1440 Nam
2620 1387 2749 1440 unio
2779 1402 2901 1440 cum
2958 1386 3067 1439 vita
3113 1387 3236 1440 vita:
3294 1386 3457 1439 habet

1888 1480 2226 1533 societatem.
2265 1479 2478 1546 Corpus
2506 1486 2686 1532 autem
2720 1478 2827 1529 alio
2860 1476 3025 1531 modo
3062 1478 3213 1530 venit
3238 1476 3305 1529 ad
3338 1492 3457 1545 par-

1887 1568 2261 1638 ticipationem
2306 1575 2361 1621 et
2408 1566 2965 1635 contemperationem
3022 1565 3141 1632 ejus
3168 1565 3311 1633 quod
3360 1565 3455 1616 dat

1888 1660 2140 1713 salutem.
2184 1658 2303 1723 Quo
2328 1657 2488 1709 modo
2517 1659 2659 1709 enim
2692 1656 2784 1724 qui
2806 1670 3072 1708 venenum
3098 1661 3455 1722 sumpserunt

1886 1750 2012 1803 dolo
2056 1757 2109 1803 et
2137 1764 2200 1801 ex
2233 1747 2478 1802 insidiis.
2513 1747 2620 1799 alio
2656 1746 3051 1799 medicamento
3096 1746 3453 1813 exstinguunt

1886 1844 1991 1895 vim
2031 1856 2150 1910 quae
2182 1840 2336 1893 aliert
2389 1840 2701 1900 interitum,
2741 1846 2953 1907 oportet
2981 1847 3159 1891 autem
3193 1838 3333 1892 sicut
3356 1854 3454 1891 ex—

1886 1936 2054 1992 itiale.
2083 1935 2154 1987 ita
2208 1932 2372 1986 etiam
2441 1928 2681 1985 salutare
2734 1930 3193 1983 medicamentum
3236 1928 3451 1982 admitti

1886 2028 2027 2080 intra
2080 2025 2291 2077 viscera
2325 2022 2586 2086 hominis,
2631 2030 2688 2073 ut
2734 2036 2829 2088 per
2863 2020 2953 2073 illa
2990 2020 3353 2073 distribuatur
3396 2022 3452 2073 in

1886 2119 2200 2172 universum
2236 2130 2439 2183 corpus
2469 2114 2640 2165 virtus
2669 2112 2788 2178 ejus
2832 2112 2977 2179 quod
3027 2111 3130 2163 fert
3160 2126 3314 2179 opem
3342 2114 3452 2163 :ita

1884 2224 2007 2262 cum
2040 2208 2090 2259 id
2122 2205 2523 2275 gustaverimus
2552 2205 2695 2272 quod
2729 2211 2969 2254 nostram
3000 2202 3251 2255 dissolvit
3289 2211 3453 2253 uatu-

1886 2316 2021 2359 ram,
2054 2314 2247 2351 rursus
2277 2312 2503 2350 necesse
2532 2306 2615 2348 est
2647 2305 2703 2347 ut
2724 2296 3177 2364 opushabeamus
3208 2310 3271 2348 eo
3294 2294 3441 2363 quod

1884 2389 2029 2457 cogit
2065 2402 2127 2441 ac
2153 2386 2409 2440 conciliat
2434 2386 2487 2439 id
2522 2386 2665 2454 quod
2705 2394 2821 2440 erat
2850 2387 3202 2450 dissolutum,
3229 2395 3288 2439 ut
3316 2401 3445 2439 cum

1885 2481 2026 2533 intra
2061 2496 2159 2533 nos
2191 2480 2350 2534 fuerit
2380 2479 2480 2533 hoc
2498 2480 2736 2533 salutare
2752 2477 3445 2540 medicamentum,vcneni

1883 2571 2165 2634 damnum,
2218 2572 2362 2640 quod
2386 2573 2600 2641 corpori
2634 2572 2810 2625 fuerat
2864 2569 3118 2630 inditum,
3176 2586 3271 2638 per
3316 2584 3449 2624 con-

1883 2663 2109 2715 trariam
2145 2663 2373 2730 repellat
2412 2661 2777 2714 allectiouem.
2834 2659 2976 2725 Quid
3012 2660 3115 2713 hoc
3141 2674 3270 2728 ergo
3323 2660 3452 2714 est?

1884 2753 2023 2806 Nihil
2052 2752 2201 2806 aliud
2236 2767 2397 2821 quam
2427 2752 2559 2805 illud
2595 2731 2818 2820 corpus,
2862 2750 3011 2816 quod
3044 2760 3098 2804 et
3140 2756 3317 2803 morte
3354 2764 3449 2804 os-

1883 2852 2095 2897 tensum
2138 2844 2240 2898 fuit
2270 2858 2392 2899 esse
2439 2845 2739 2913 potentius,
2802 2851 2857 2897 et
2914 2849 3118 2897 nostra:
3171 2844 3296 2895 vita:
3348 2841 3452 2896 l‘uit

1883 2935 2120 2988 initium.
2153 2934 2437 2999 Quomodo
2467 2935 2613 2988 enim
2644 2951 2834 3004 parum
2876 2934 3154 2997 fermenti,
3216 2942 3275 2987 ut
3315 2934 3451 2987 dicit

1880 3024 2175 3091 Apostolus
2194 3026 2258 3088 ¹³,
2278 3024 2381 3078 sibi
2399 3025 2667 3079 assimilat
2685 3032 2855 3078 totam
2879 3025 3347 3094 conspersionem.
3373 3025 3449 3077 ita

1884 3133 2082 3185 corpus
2106 3132 2135 3168 a
2171 3116 2277 3169 Deo
2302 3124 2472 3168 morte
2506 3113 2759 3168 alTectum
2801 3130 2926 3168 cum
2969 3114 3133 3168 fuerit
3178 3116 3317 3168 intra
3351 3130 3452 3169 no-

1888 3216 2084 3265 strum,
2116 3214 2287 3257 totum
2317 3205 2384 3258 ad
2410 3220 2467 3258 se
2500 3212 2832 3258 transmutat
2876 3214 2926 3259 et
2960 3206 3244 3259 transfert.
3293 3204 3445 3270 Quo-

1885 3299 2047 3352 modo
2085 3298 2229 3351 euim
2256 3312 2378 3351 cum
2416 3296 2561 3364 quod
2590 3303 2673 3349 est
2703 3295 2945 3358 exitiale,
2994 3296 3218 3350 mistum
3279 3294 3447 3351 fuerit

1884 3405 2007 3443 cum
2069 3404 2224 3453 sano,
2292 3388 2553 3456 quidquid
2612 3395 2695 3440 est
2753 3396 3240 3456 eontemperatum,
3287 3388 3451 3441 simul

1884 3480 2132 3532 redditur
2165 3478 2383 3543 inutile,
2416 3477 2489 3529 ita
2522 3477 2684 3529 etiam
2730 3491 2932 3544 corpus
2982 3474 3291 3528 immortale
3318 3488 3443 3526 cum

1885 3566 2047 3621 fuerit
2078 3566 2217 3619 intra
2249 3582 2374 3620 eum
2428 3566 2519 3634 qui
2557 3564 2815 3633 sumpsit,
2865 3564 3181 3618 universum
3228 3578 3447 3633 quoque

1885 3668 2215 3715 transmutat
2264 3662 2317 3712 in
2352 3674 2506 3711 suam
2542 3666 2817 3711 naturam.
2886 3655 2993 3710 Sed
3051 3656 3169 3709 ﬁeri
3208 3672 3316 3710 non
3352 3672 3451 3725 po-

1883 3757 1992 3804 test
2027 3759 2099 3802 ut‘
2131 3750 2203 3803 sit
2252 3748 2457 3817 aliquid
2510 3747 2668 3799 aliter
2724 3748 2863 3799 intra
2916 3760 3139 3815 corpus,
3199 3746 3303 3799 nisi
3357 3760 3454 3814 per

1882 3858 2035 3895 esum
2081 3850 2136 3894 et
2171 3840 2447 3909 potionem
2500 3840 2797 3893 misceatur
2852 3839 3177 3893 visceribus.
3216 3836 3454 3893 Necesse

1882 3944 2139 4002 estergo,
2170 3950 2236 3986 eo
2273 3931 2433 3985 modo
2465 3945 2573 3999 quo
2610 3938 2805 3982 natura
2853 3937 3052 3998 potest,
3082 3927 3319 3998 Spiritus
3370 3931 3453 3982 vi-

1883 4026 2095 4079 vilicam
2143 4022 2426 4090 suscipere
2476 4022 2751 4073 virtutem.
2792 4017 2929 4071 Cum
2961 4025 3142 4069 autem
3174 4018 3348 4070 solum
3386 4016 3453 4070 il-

1884 4117 1975 4171 lud
2010 4131 2211 4181 corpus
2259 4112 2402 4183 quod
2464 4111 2634 4165 Deum
2693 4108 2955 4178 suscepit,
3008 4109 3151 4160 hanc
3215 4108 3446 4176 gratiam

1885 4209 2178 4278 acceperit,
2253 4214 2538 4261 ostensum
2593 4202 2665 4257 sit
2722 4209 2903 4254 autem
2946 4200 3108 4254 aliter
3158 4200 3273 4253 ﬁeri
3339 4213 3448 4253 non

1886 4316 2064 4372 posse,
2135 4306 2193 4352 ut
2234 4305 2483 4351 nostrum
2541 4309 2740 4363 corpus
2787 4292 2857 4345 sit
2914 4291 2971 4345 in
3011 4289 3449 4353 immortalitate,

1884 4396 1987 4449 nisi
2023 4409 2119 4463 per
2147 4388 2588 4445 communionem
2634 4402 2757 4439 cum
2802 4383 3091 4439 immortali
3133 4382 3333 4436 factum
3382 4382 3453 4436 sit

229 4485 404 4537 πιστῶν
446 4487 677 4556 μυριάσι
710 4488 850 4540 κατά
888 4489 1064 4539 πᾶσαν
1107 4488 1201 4557 τὴν
1240 4487 1563 4556 οἰκουμένην
1608 4487 1779 4537 εἰσαεὶ

1887 4488 2153 4557 particeps
2181 4480 2643 4548 incorruptionis:
2676 4485 2887 4544 oportet
2911 4474 3280 4540 considerare,
3312 4488 3453 4542 quo-

226 4577 720 4649 ωταμεριζὸμενον,
757 4579 875 4631 ὅλον
909 4581 965 4631 ὲν
994 4579 1205 4649 ἑκάστῳ
1237 4578 1325 4631 διὰ
1338 4577 1430 4630 τοῦ
1469 4578 1662 4647 μέρους
1691 4594 1781 4643 γε-

224 4667 406 4727 νέσθαι.
433 4672 529 4722 καὶ
582 4672 714 4723 αὐτὸ
757 4672 935 4742 μένειν
963 4674 1045 4740 ἐφ’
1075 4671 1266 4724 ἑαυτοῦ
1296 4672 1434 4724 ὅλον.
1469 4671 1675 4723 Οὐκοῦν
1705 4672 1782 4733 ὡς

225 4756 281 4809 ἂν
323 4761 451 4831 πρὸς
506 4763 571 4813 τὸ
604 4762 891 4817 ἀκόλουθον
924 4766 1052 4833 ἡμῖν
1082 4765 1115 4833 ἡ
1140 4762 1317 4825 πίστις
1346 4762 1635 4831 βλέπουσα,
1674 4780 1782 4833 μη-

224 4847 391 4918 δεμίαν
445 4853 780 4921 ἀμφιϐολίαν
822 4855 949 4926 περὶ
990 4853 1083 4906 τοῦ
1127 4852 1485 4924 προκειμένου
1513 4854 1782 4923 νοήματος

226 4941 339 5011 ἔχοι,
372 4947 564 5016 μικρόν
598 4964 647 4997 τι
668 4949 935 5016 προσήκει
966 4945 1379 5015 παρασχολῆσαι
1408 4945 1498 4996 τὸν
1526 4944 1681 5012 λόγον
1703 4946 1782 5006 είς

226 5033 307 5101 τὴν
332 5037 674 5104 φυσιολογίαν
712 5036 806 5089 τοῦ
853 5036 1120 5107 σώματος.
1152 5037 1245 5099 Τίς
1271 5037 1378 5107 γὰρ
1410 5038 1507 5089 οὐκ
1540 5034 1676 5091 οἶδεν
1700 5037 1781 5088 ὅτι

225 5125 252 5193 ἡ
277 5127 357 5178 τοῦ
386 5127 636 5199 σώματος
666 5132 699 5199 ἡ
711 5129 825 5197 μῶν
845 5129 1002 5198 φύσις
1037 5129 1173 5199 αὑτὴ
1210 5129 1330 5182 καθ’
1366 5130 1563 5199 ἑαυτὴν
1595 5132 1650 5180 ὲν
1678 5128 1783 5198 ἰδίᾳ

225 5217 313 5267 τινὶ
353 5218 641 5271 ὑποστάσει
682 5219 824 5289 ζωὴν
881 5221 979 5272 οὐκ
1020 5220 1167 5290 ἔχει’
1210 5221 1342 5273 ἀλλά
1368 5221 1454 5273 διά
1496 5225 1593 5292 τῆς
1625 5224 1781 5292 έπιῤ-

227 5306 434 5379 ῥεούσης
460 5312 597 5379 αὐτῇ
650 5312 931 5381 δυνάμεως
960 5314 1168 5383 συνέχει
1195 5331 1253 5365 τε
1281 5315 1479 5383 ἑαυτὴν
1503 5314 1597 5367 καὶ
1625 5316 1682 5365 ἐν
1704 5314 1783 5384 τῷ

227 5394 346 5453 εἶναι
376 5402 545 5471 μένει,
569 5404 833 5475 ἀπαύστῳ
854 5408 1059 5476 κινήσει
1078 5406 1139 5458 τὸ
1163 5406 1404 5458 ἐλλεῖπον
1432 5405 1565 5476 πρὸς
1587 5406 1784 5476 ἑαυτὴν

227 5490 562 5565 ἐφελκομένη,
617 5497 713 5548 καὶ
766 5497 826 5548 τὸ
883 5497 1199 5568 περιττεῦον
1257 5496 1633 5567 ἀπωθουμὲνη.
1672 5498 1782 5549 Καὶ

226 5579 395 5655 ὥσπερ
427 5586 512 5649 τις
540 5588 706 5652 ἀσκὸς
730 5589 896 5659 ὑγροῦ
925 5608 1066 5655 τινος
1098 5591 1311 5661 πλήρης
1338 5590 1433 5652 ὢν,
1460 5591 1507 5642 εί
1533 5589 1671 5642 κατά
1691 5589 1783 5641 τὸν

323 5764 365 5798 ³³
393 5765 554 5823 lCor.
588 5786 641 5833 ν,
672 5770 727 5824 6.

1887 4578 2048 4631 modo
2096 4574 2209 4628 ﬁeri
2254 4572 2524 4641 potuerit,
2569 4580 2627 4622 ut
2673 4583 2840 4621 unum
2878 4566 3010 4620 illud
3044 4580 3274 4635 corpus,
3310 4564 3455 4634 quod

1888 4678 1996 4722 tam
2031 4666 2216 4720 multis
2247 4664 2482 4717 lidelium
2531 4660 2772 4715 millibus
2816 4659 2871 4711 in
2904 4659 3160 4711 universo
3192 4657 3323 4711 orbe
3355 4667 3459 4710 ter-

1886 4774 2070 4813 rarum
2103 4770 2313 4823 semper
2357 4752 2722 4814 distribuitur,
2772 4757 2945 4803 totum
2986 4763 3081 4817 per
3130 4755 3335 4817 partem
3387 4748 3457 4799 sit

1888 4852 1943 4903 in
1982 4860 2344 4916 unoquoque,
2388 4852 2443 4898 et
2483 4844 2659 4912 ipsum
2704 4841 2758 4893 iu
2799 4855 2856 4895 se
2885 4847 3057 4892 totum
3110 4843 3346 4890 maneat.
3389 4834 3458 4889 Ut

1888 4961 2017 5015 ergo
2049 4943 2180 4997 ﬁdes
2225 4941 2294 4994 ad
2338 4941 2387 4994 id
2439 4939 2584 5008 quod
2638 4944 2723 4990 est
2765 4950 3109 5004 consequens
3157 4932 3454 5000 aspiciens,

1886 5035 1953 5090 de
1999 5048 2163 5089 sensu
2211 5030 2491 5100 proposito
2543 5027 2747 5080 nullam
2795 5026 2991 5078 habeat
3029 5022 3453 5084 dubitationem,

1884 5131 2097 5195 oportet
2132 5129 2371 5175 nostram
2410 5120 2712 5171 orationem
2760 5116 3036 5185 paulisper
3074 5112 3352 5166 immorari
3401 5114 3454 5164 in

1887 5215 2121 5269 naturali
2151 5211 2397 5279 corporis
2437 5209 2890 5263 consideratione.
2927 5205 3059 5270 Quis
3092 5206 3234 5259 enim
3282 5204 3458 5257 nescit

1887 5308 2032 5378 quod
2090 5304 2265 5359 nostri
2347 5302 2595 5371 corporis
2651 5309 2845 5354 natura
2915 5300 3030 5369 ipsa
3084 5314 3178 5367 per
3231 5312 3289 5351 se
3348 5312 3456 5350 non

1892 5399 2055 5454 habet
2090 5398 2257 5449 vitam
2295 5396 2347 5448 in
2391 5394 2624 5463 quadam
2666 5393 2884 5463 propria
2928 5390 3171 5459 corporis
3206 5390 3457 5443 substan-

1892 5498 2003 5561 tia,
2064 5493 2159 5549 sed
2211 5508 2306 5562 per
2374 5488 2664 5559 quarundam
2730 5486 3033 5539 aﬂluentem
3098 5483 3144 5537 ei
3199 5483 3456 5536 virtutem

1891 5595 1945 5643 et
1978 5587 2213 5655 seipsam
2252 5585 2529 5645 continet,
2560 5588 2611 5635 et
2644 5589 2825 5633 manet
2856 5578 2912 5632 in
2944 5576 3185 5632 essentia
3206 5616 3221 5639 ,
3265 5589 3459 5645 perpe-
