3978 6532
483 386 557 445 93
1756 382 1813 436 S.
1847 382 2178 439 GREGORII
2215 382 2508 440 NYSSENI
3668 378 3753 431 96

486 511 580 556 tua
608 500 848 555 motione
878 499 942 551 ad
976 514 1034 553 se
1064 499 1346 553 attrahens
1380 499 1429 550 id
1477 499 1620 566 quod
1665 499 1819 554 deest
1841 542 1856 562 ,
1888 508 1941 555 et
1973 516 2047 555 re-

2165 502 2413 570 πυθμένα
2467 501 2527 554 τὸ
2572 501 2886 571 ἐγκείμενον
2914 500 3139 565 ὑπεξίοι,
3169 502 3268 554 οῦκ
3297 503 3360 555 ἂν
3394 500 3652 570 φυλάσσοι
3681 499 3752 550 τὸ

487 597 692 664 pellens
741 594 790 646 id
824 594 966 661 quod
1013 600 1097 645 est
1131 592 1627 660 supervacaneum?
1674 592 1738 645 Et
1782 595 2060 660 quomodo

487 696 607 740 uter
632 686 832 755 aliquis
860 685 1041 753 aliquo
1062 684 1291 737 humore
1314 685 1525 752 plenus,
1554 684 1598 738 si
1618 685 1669 737 in
1688 685 1858 738 fundo
1897 692 2056 737 exeat

484 778 537 830 id
580 776 722 846 quod
772 777 823 829 in
864 792 930 830 eo
973 785 1059 830 est
1095 778 1364 845 positum,
1404 778 1457 831 in
1491 778 1871 847 magnitudine
1902 792 2057 831 suam

485 885 596 922 non
628 870 927 923 servaverit
960 870 1185 938 ﬁguram
1208 911 1221 931 ,
1263 869 1367 923 nisi
1412 885 1647 938 superne
1684 886 1784 936 pro
1809 885 1876 922 eo
1914 870 2057 939 quod

481 962 616 1014 exiit
645 961 983 1030 ingrediatur
1014 962 1159 1013 aliud
1192 961 1258 1013 ad
1293 961 1345 1013 id
1373 962 1515 1029 quod
1542 961 1852 1014 exinanitur
1879 981 1891 1015 :
1925 962 2060 1016 adeo

483 1060 544 1105 ut
594 1052 686 1120 qui
737 1050 885 1105 videt
932 1051 1306 1121 magnitudine
1358 1051 1654 1105 distentum
1701 1052 1864 1120 hujus
1910 1054 2059 1108 vasis

482 1143 747 1196 ambitum
768 1181 782 1205 ,
814 1143 950 1197 sciat
981 1158 1103 1195 eum
1136 1158 1243 1196 non
1286 1158 1409 1197 esse
1450 1143 1730 1212 proprium
1761 1143 1878 1211 ejus
1914 1145 2058 1212 quod

482 1242 708 1302 apparet
736 1277 752 1301 ,
783 1235 876 1288 sed
906 1234 958 1288 id
988 1235 1133 1304 quod
1162 1234 1337 1288 inlinit
1357 1276 1371 1299 ,
1403 1249 1525 1288 cum
1561 1236 1612 1288 in
1644 1252 1709 1289 eo
1742 1236 1903 1291 fuerit
1930 1237 2061 1306 ligu-

482 1338 603 1378 rare
660 1324 712 1378 id
771 1325 914 1394 quod
960 1326 1198 1380 continet
1249 1326 1723 1395 magnitudinem:
1759 1328 1831 1380 ita
1889 1329 2055 1381 etiam

480 1418 730 1484 corporis
780 1419 951 1470 nostri
1004 1419 1343 1472 constructio
1404 1418 1537 1471 nihil
1614 1418 1833 1485 quidem
1892 1419 2056 1473 habet

479 1510 762 1577 proprium
799 1509 959 1563 nobis
991 1510 1266 1579 cognitum
1321 1508 1387 1562 ad
1439 1509 1524 1562 sui
1569 1510 2053 1572 constitutionem,

479 1616 576 1670 per
605 1616 723 1655 eam
762 1612 943 1655 autem
977 1616 1096 1669 quae
1136 1601 1524 1653 intromittitur
1568 1602 1825 1655 virtutem
1872 1610 2055 1655 manet

479 1694 533 1746 in
565 1693 823 1748 essentia.
876 1692 946 1744 Ea
991 1702 1170 1745 autem
1203 1693 1377 1746 virtus
1408 1693 1725 1745 alimentum
1769 1700 1822 1745 et
1875 1700 1958 1747 est
2004 1701 2057 1747 et

478 1784 697 1839 dicitur.
730 1784 995 1838 Prmlerea
1044 1794 1225 1837 autem
1280 1800 1385 1837 non
1430 1784 1570 1837 idem
1619 1784 1877 1837 omnibus
1933 1801 2054 1854 qum

2164 596 2290 662 περὶ
2317 594 2406 646 τὸν
2431 595 2592 661 ὄγκον
2620 593 2809 646 ἑαυτοῦ
2833 594 3035 663 σχῆμα,
3060 594 3133 664 μὴ
3156 596 3512 657 ἀντειπόντος
3535 592 3745 646 ἄνωθεν

2161 688 2350 757 ἑτέρου
2407 690 2544 758 πρὸς
2592 686 2651 740 τδ
2706 686 3028 756 κενούμενον
3052 703 3065 716 ·
3110 686 3248 738 ὥστε
3285 687 3373 738 τὸν
3410 685 3617 755 ὁρῶντα
3640 684 3745 753 τὴν

2160 779 2372 850 ὀγκώδη
2389 779 2484 832 τοῦ
2509 780 2728 847 ἀγγείου
2760 779 2947 831 τούτου
2970 776 3246 847 περιοχὴν,
3276 778 3470 829 εἰδέναι
3495 776 3569 846 μὴ
3603 776 3745 828 ἰδίαν

2159 867 2299 924 εἶναι
2329 871 2423 924 τοῦ
2448 872 2767 940 φαινομένου
2793 887 2806 899 ”
2831 869 2961 922 ἀλλὰ
3000 868 3063 919 τὸ
3101 868 3308 937 εἰσρέον
3337 871 3392 920 ἐν
3427 866 3574 935 αὑτῷ
3594 867 3742 932 γινό-

2164 979 2323 1028 μενον
2366 962 2713 1033 σχηματίζειν
2753 960 2813 1013 τὸ
2850 960 3100 1030 περιέχον
3135 961 3221 1011 τὸν
3254 958 3438 1026 ὄγκονο
3476 956 3619 1011 οὓτω
3644 958 3742 1009 καὶ

2160 1056 2193 1123 ἠ
2216 1053 2310 1106 τοῦ
2359 1053 2605 1123 σώματος
2661 1053 2817 1123 ἡμῶν
2847 1051 3159 1122 κατασκευὴ
3192 1051 3319 1103 ἴδιον
3348 1050 3445 1115 μὲν
3478 1050 3612 1119 πρὸς
3640 1049 3740 1119 τὴν

2160 1147 2358 1217 ἑαυτῆς
2380 1146 2633 1198 σύστασιν
2655 1145 2803 1197 οὐδὲν
2834 1145 2961 1214 ἡμῖν
2984 1142 3257 1213 γνώριμον
3283 1142 3415 1211 ἔχει,
3442 1142 3530 1195 διὰ
3560 1142 3616 1193 δὲ
3636 1142 3749 1209 τῆς

2159 1237 2591 1307 ἐπεισαγομένης
2646 1236 2946 1306 δυνάμεως,
2989 1237 3046 1287 ἐν
3091 1234 3168 1305 τῷ
3201 1231 3339 1287 εἶναι
3383 1234 3553 1304 μένει.
3589 1234 3652 1285 Ἠ
3682 1233 3741 1285 δὲ

2158 1327 2385 1396 δύναμις
2413 1326 2548 1397 αὕτη
2584 1326 2754 1397 τροφὴ
2786 1327 2877 1378 καὶ
2906 1327 3018 1378 ἔστι
3040 1328 3133 1380 καὶ
3150 1327 3380 1394 λέγεται.
3418 1324 3538 1377 Ἔτι
3561 1324 3616 1377 δὲ
3640 1324 3743 1393 οὐχ

2156 1418 2189 1486 ὴ
2226 1416 2360 1486 αὑτὴ
2387 1419 2519 1470 πᾶσι
2550 1420 2660 1479 τοῖς
2690 1419 3040 1487 τρεφομένοις
3069 1417 3300 1487 σώμασι,
3331 1415 3467 1470 ἀλλά
3501 1434 3583 1478 τις
3606 1416 3744 1469 ἑκά-

2160 1523 2268 1579 στῳ
2313 1508 2643 1579 κατάλληλος
2686 1508 2836 1580 παρά
2883 1508 2975 1575 τοῦ
3018 1510 3115 1579 τὴν
3146 1509 3303 1577 φύσιν
3330 1508 3745 1578 οἱκονομοῦντος

2159 1601 2626 1671 ἀποκεκλήρωται.
2666 1599 2747 1654 Τὰ
2777 1603 2872 1671 μὲν
2897 1602 3006 1672 γὰρ
3031 1597 3139 1651 τῶν
3160 1595 3312 1661 ζώων
3335 1600 3744 1672 ριζωρυχοῦντα

2156 1690 2415 1760 τρέφεται
2439 1706 2453 1720 ·
2503 1691 2710 1762 ἑτέροις
2738 1692 2885 1743 ἐστὶν
2918 1694 2950 1761 ὴ
2996 1692 3101 1744 πόα
3153 1691 3416 1760 τρόφιμος
3445 1708 3458 1722 ·
3495 1689 3654 1742 τινῶν
3682 1688 3747 1740 δὲ

2158 1783 2191 1851 ἡ
2224 1782 2397 1852 τροφὴ
2430 1782 2629 1853 σάρκες
2680 1782 2835 1835 είσίν.
2878 1782 3172 1853 Ἀνθρώπῳ
3205 1782 3260 1833 δὲ
3300 1781 3440 1835 κατά
3471 1780 3533 1833 τδ
3568 1796 3743 1851 προη-

476 1875 699 1927 aluntur
729 1874 1088 1942 corporibus,
1132 1874 1226 1928 sed
1267 1873 1540 1942 quoddam
1585 1874 1881 1941 unicuique
1920 1889 2047 1929 con-

2154 1873 2415 1943 γούμενον
2442 1874 2625 1945 ἄρτος,
2666 1873 2757 1925 καὶ
2795 1876 2873 1936 είς
2899 1874 2995 1943 τὴν
3030 1874 3125 1927 τοῦ
3157 1873 3323 1945 ὑγροῦ
3362 1872 3621 1943 διαμονὴν
3642 1874 3749 1926 καὶ

476 1979 679 2032 gruens
706 1964 1027 2017 attributum
1058 1972 1141 2018 est
1167 1966 1234 2017 ab
1262 1981 1328 2019 eo
1357 1964 1449 2033 qui
1482 1976 1732 2017 naturam
1763 1964 2048 2034 dispensat

474 2066 528 2111 et
561 2056 932 2110 administrat.
982 2054 1114 2109 Nam
1148 2058 1251 2109 alia
1286 2058 1502 2125 quidem
1537 2057 1791 2109 animalia
1826 2057 2049 2110 aluntur

475 2148 690 2203 effossis
719 2150 999 2203 radicibus
1028 2166 1042 2212 ;
1080 2150 1183 2202 alia
1220 2159 1400 2203 autem
1437 2151 1661 2202 aluntur
1694 2149 1879 2204 herbis
1907 2166 1921 2212 ;
1952 2149 2051 2202 ali-

474 2257 703 2309 quorum
750 2251 930 2311 autem
978 2241 1371 2295 nutrimentum
1408 2249 1536 2293 sunt
1568 2255 1784 2294 carnes.
1833 2238 2051 2292 Homini

474 2343 653 2385 autem
686 2333 958 2400 praecipue
985 2340 1069 2386 est
1106 2334 1261 2401 panis
1283 2373 1296 2395 ,
1329 2339 1382 2386 et
1413 2331 1477 2384 ad
1512 2332 1758 2386 humoris
1785 2330 2051 2400 perdura-

473 2422 675 2475 tionem
724 2432 774 2475 et
827 2423 1298 2476 conservationem
1350 2434 1547 2491 potus,
1600 2439 1705 2476 non
1763 2423 1877 2491 ipsa
1934 2422 2049 2475 sola

472 2529 643 2582 aqua,
687 2514 780 2568 sed
812 2515 940 2567 vino
973 2530 1114 2584 s:epe
1153 2516 1413 2581 condita,
1457 2516 1523 2569 ad
1568 2531 1724 2586 opem
1770 2514 2046 2569 ferendam

473 2603 690 2657 interno
735 2612 924 2658 nostro
971 2605 1162 2658 calori.
1193 2606 1293 2670 Qui
1324 2620 1454 2672 ergo
1483 2606 1551 2659 ad
1596 2619 1657 2659 ea
1691 2606 1919 2674 aspicit.
1952 2618 2046 2672 po-

2156 1966 2483 2036 συντήρησιν
2532 1965 2692 2017 ποτὸν
2721 1965 2947 2033 γίνεται,
2982 1966 3081 2019 οὐκ
3107 1965 3235 2018 αὐτὸ
3273 1965 3431 2034 μόνον
3482 1964 3543 2017 τὸ
3569 1963 3738 2034 ὕδωρ,

2153 2053 2269 2106 ἀλλ’
2296 2052 2424 2123 οἴνῳ
2452 2052 2708 2115 πολλάκις
2748 2052 3163 2122 ὲφηδυνόμενον,
3197 2051 3332 2123 πρὸς
3355 2049 3451 2121 τὴν
3477 2048 3569 2101 τοῦ
3610 2048 3740 2119 θερ-

2158 2145 2256 2214 μοῦ
2284 2143 2376 2199 τοῦ
2406 2146 2465 2197 ὲν
2496 2146 2625 2215 ἡμῖν
2686 2145 3020 2213 συμμαχίαν.
3057 2142 3265 2196 Οὐκοῦν
3300 2144 3329 2195 ό
3382 2141 3519 2213 πρὸς
3559 2138 3741 2193 ταῦτα

2159 2236 2389 2306 βλέπων,
2420 2235 2645 2305 δυνάμει
2673 2235 2809 2304 πρὸς
2836 2235 2929 2286 τὸν
2945 2233 3106 2301 ὄγκον
3126 2232 3219 2286 τοῦ
3249 2232 3515 2303 ἡμετέρου
3548 2229 3737 2300 σώμα-

2155 2345 2244 2390 τος
2268 2326 2474 2396 βλέπει.
2516 2326 2604 2377 Ἐν
2652 2326 2774 2394 ἐμοὶ
2810 2324 2917 2395 γὰρ
2962 2326 3146 2377 ἐκεῖνα
3178 2325 3444 2394 γενόμενα
3475 2317 3614 2391 αἷμα
3638 2321 3749 2373 καὶ

2154 2419 2312 2484 σῶμα
2347 2418 2555 2485 γίνεται
2590 2417 2962 2485 καταλλήλως,
2990 2414 3076 2469 διὰ
3108 2420 3205 2486 τῆς
3245 2398 3604 2483 ἀλλοιω-ἶικῆς
3642 2412 3735 2465 δυο

2151 2509 2366 2579 νάμεως
2394 2508 2529 2579 πρὸς
2558 2507 2619 2561 τὸ
2648 2506 2739 2559 τοῦ
2773 2504 3024 2577 σώματος
3054 2504 3190 2570 εἶδος
3218 2508 3315 2579 τῆς
3347 2506 3553 2577 τροφῆς
3577 2504 3738 2559 καθι-

2148 2615 2246 2651 στα
2254 2598 2443 2670 μένης.

473 2703 669 2749 testate
716 2697 912 2763 aSpicil.
961 2696 1025 2749 ad
1077 2695 1326 2763 corporis
1368 2696 1543 2749 nostri
1592 2695 2048 2766 magnitudinem.
2090 2688 2224 2743 Nam
2261 2704 2384 2742 cum
2419 2688 2509 2743 illa
2542 2689 2598 2743 in
2632 2705 2721 2743 me
2756 2688 2987 2753 fuerint,
3057 2685 3193 2741 ﬁunt
3261 2687 3487 2759 sanguis
3514 2692 3569 2739 et
3607 2699 3739 2737 cor-

471 2803 609 2858 pus,
656 2789 993 2843 nutrimento
1043 2803 1139 2857 per
1187 2790 1292 2842 vim
1342 2790 1613 2845 alterandi
1669 2796 2038 2861 congruenter
2075 2784 2294 2841 redacto
2322 2784 2390 2839 ad
2421 2784 2650 2839 formam
2682 2787 2953 2855 corporis.

542 2880 638 2934 liis
665 2896 693 2934 a
725 2882 883 2936 nobis
910 2881 1013 2935 hoc
1046 2883 1205 2935 modo
1230 2882 1505 2936 distinctis
1534 2897 1597 2935 ac
1624 2882 1914 2936 declaratis
1935 2920 1949 2944 ,
1978 2881 2043 2935 ad

471 2990 534 3027 ea
581 2990 702 3045 qua:
750 2982 878 3028 sunt
929 2976 1244 3044 proposita,
1291 2974 1595 3028 revocanda
1641 2981 1725 3028 est
1765 2973 2043 3043 cogitatio.

470 3064 831 3131 Quaerebatur
856 3067 999 3119 enim
1039 3065 1498 3132 quemadmodum
1529 3064 1676 3133 quod
1716 3073 1800 3118 est
1855 3065 1909 3117 in
1952 3064 2044 3117 illo

470 3171 673 3224 corpus
695 3154 933 3218 Christi,
952 3155 1191 3209 viviﬁcat
1214 3171 1427 3209 omnem
1456 3155 1736 3208 hominum
1759 3164 2006 3208 naturam
2026 3194 2040 3215 ,

471 3244 525 3296 in
570 3245 770 3312 quibus
818 3252 902 3298 est
944 3244 1111 3305 lldes,
1157 3245 1412 3298 omnibus
1456 3244 1849 3305 distributum,
1882 3253 1934 3297 et
1962 3244 2043 3313 ip-

470 3349 590 3386 sum
626 3334 849 3388 minime
876 3335 1222 3388 diminutum.
1261 3334 1514 3389 Fortasse
1543 3350 1675 3405 ergo
1704 3350 1809 3388 non
1855 3336 2045 3403 procul

473 3426 737 3479 absumus
775 3441 805 3479 a
847 3426 1115 3493 probabili
1146 3427 1380 3480 ratione.
1405 3425 1538 3479 Nam
1570 3427 1613 3480 si
1652 3411 1908 3495 cujusvis.
1935 3442 2049 3480 cor-

470 3518 621 3584 poris
649 3516 1007 3571 subsistentia
1034 3517 1392 3579 nntrimento,
1417 3518 1674 3571 nimirum
1702 3518 1825 3572 cibo
1846 3527 1898 3572 et
1921 3529 2046 3588 potu

472 3615 722 3670 constet,
758 3607 829 3661 sit
858 3616 1038 3661 autem
1073 3608 1231 3661 cibus
1267 3608 1355 3660 ille
1385 3610 1541 3677 panis
1562 3650 1574 3671 ,
1610 3620 1879 3677 potusque
1909 3626 2047 3678 aqua

471 3697 600 3749 vino
638 3698 983 3763 exhilarata;
1031 3697 1125 3752 Dei
1170 3706 1349 3751 autem
1399 3697 1634 3752 Verbum
1658 3740 1673 3764 ,
1711 3701 1855 3754 sicut
1896 3704 2047 3770 prius

470 3798 555 3843 est
581 3788 866 3842 deﬁnitum
889 3828 903 3849 ,
938 3789 1082 3858 quod
1122 3799 1206 3844 est
1250 3789 1392 3845 Deus
1418 3801 1472 3845 et
1500 3789 1771 3857 Verbum,
1811 3793 2045 3847 humana

471 3892 557 3935 est
588 3891 777 3933 natura
810 3891 1277 3949 contemperatnm
1304 3900 1319 3947 ς
1349 3891 1403 3934 et
1435 3898 1558 3935 cum
1592 3894 1739 3938 esset
1773 3884 1825 3937 in
1860 3894 2047 3938 DOSU‘O

470 3983 729 4036 corpore,
761 3983 871 4021 non
902 3969 1139 4038 aliquam
1171 3970 1333 4023 aliam
1366 3973 1617 4026 humanae
1647 3981 1855 4027 natura:
1888 3976 2048 4028 inno-

469 4058 621 4111 vavit
645 4057 1094 4112 constitutionem
1123 4101 1137 4123 ,
1162 4057 1254 4112 sed
1284 4073 1380 4128 per
1399 4072 1462 4112 ea
1490 4075 1610 4128 quae
1633 4069 1759 4114 sunt
1783 4069 2047 4116 consueta

470 4160 524 4203 et
548 4150 933 4218 congruentia,
978 4164 1080 4203 suo
1121 4149 1341 4219 corpori
1381 4150 1527 4205 dedit
1564 4153 1999 4219 permansionem
2029 4198 2044 4221 ,

469 4242 597 4295 cibo
642 4248 697 4295 et
734 4250 865 4311 potu
908 4242 1204 4298 continens
1244 4242 1630 4297 substantiam.
1670 4245 1836 4301 Cibus
1866 4255 2045 4301 autem

470 4342 590 4387 erat
619 4334 799 4403 panis.
828 4333 1113 4399 Quomodo
1136 4349 1267 4403 ergo
1295 4336 1348 4388 in
1376 4336 1535 4391 nobis
1555 4374 1569 4398 ,
1602 4338 1746 4390 sicut
1766 4337 1877 4404 jam
1906 4354 2047 4407 saepe

470 4426 674 4478 dictum
707 4434 823 4487 est,
854 4426 944 4494 qui
976 4441 1169 4495 panem
1202 4425 1363 4489 vidit,
1404 4428 1699 4481 humanum
1742 4443 1941 4496 corpus
1967 4430 2048 4482 vi-

470 4519 560 4570 det
586 4518 1022 4587 quodammodo,
1054 4516 1197 4586 quod
1230 4532 1351 4569 cum
1400 4517 1489 4571 ille
1532 4517 1584 4569 in
1615 4532 1679 4571 eo
1715 4517 1875 4572 fuerit
1900 4555 1914 4581 ,
1945 4519 2046 4573 hoc

2224 2875 2439 2929 Τούτων
2476 2878 2609 2947 ἡμῖν
2651 2876 2839 2929 τοῦτον
2882 2876 3361 2949 διεύκρινηθέντων
3392 2874 3484 2928 τὸν
3514 2873 3737 2944 τρόπον,

2154 2966 2486 3020 ὲπανακτέον
2517 2966 2675 3022 πάλιν
2705 2968 2841 3039 πρὸς
2878 2968 2945 3021 τὰ
2983 2968 3316 3039 προκείμενα
3346 2967 3445 3038 τὴν
3476 2966 3735 3019 διάνοιαν.

2165 3057 2435 3129 Ἐζητεῖτο
2462 3059 2591 3128 γὰρ,
2625 3057 2742 3121 πῶς
2769 3058 2831 3111 τὸ
2855 3059 2912 3110 ὲν
2943 3060 3133 3129 ἐκείνῳ
3172 3059 3329 3129 σῶμα
3355 3057 3448 3111 τοῦ
3476 3054 3741 3127 Χριστοῦ,

2153 3152 2331 3203 πᾶσαν
2357 3150 2611 3215 ζωοποιεῖ
2642 3152 2737 3219 τὴν
2768 3151 2872 3201 τῶν
2917 3150 3215 3221 ἀνθρώπων
3246 3149 3405 3220 φύσιν
3424 3191 3440 3214 ,
3486 3151 3542 3202 ἐν
3590 3148 3735 3208 ὅσοις

2151 3243 2184 3312 ἡ
2215 3240 2393 3304 πίστις
2421 3241 2557 3302 ἐστὶ,
2589 3243 2723 3311 πρὸς
2749 3240 2954 3303 πάντας
2989 3240 3363 3312 μεριζόμενον,
3393 3241 3486 3293 καὶ
3514 3239 3643 3292 αὐτὸ
3671 3240 3743 3291 οὐ

2154 3334 2493 3403 μειούμενον.
2543 3333 2694 3402 Τάχα
2745 3332 2920 3385 τοίνυν
2966 3334 3132 3400 ἐγγὺς
3175 3332 3270 3385 τοῦ
3324 3330 3529 3394 εἰκότος
3574 3330 3735 3399 λόγου

2150 3425 2425 3494 γινόμεθα.
2468 3425 2529 3476 Ei
2574 3424 2682 3492 γὰρ
2723 3424 2922 3486 παντὸς
2962 3424 3210 3493 σώματος
3257 3426 3290 3493 ἡ
3332 3422 3627 3485 ὑπόστασις
3668 3425 3733 3474 ἐκ

2148 3517 2246 3586 τῆς
2276 3515 2481 3586 τροφῆς
2513 3515 2738 3583 γίνεται,
2774 3512 2911 3585 αὕτη
2936 3513 2991 3566 δὲ
3026 3513 3226 3584 βρῶσις
3256 3514 3349 3568 καὶ
3384 3514 3540 3577 πόσις
3562 3513 3730 3567 ἐστίν·

2149 3609 2262 3661 ἐστι
2293 3608 2347 3661 δὲ
2388 3610 2445 3661 ὲν
2469 3610 2534 3679 τῇ
2565 3608 2763 3679 βρώσει
2794 3609 2973 3680 ἄρτος,
3010 3611 3066 3660 ὲν
3104 3608 3159 3661 δὲ
3193 3611 3259 3679 τῇ
3306 3607 3459 3660 πόσει
3497 3607 3557 3660 τὸ
3588 3605 3730 3676 ὕδωρ

2150 3699 2517 3769 ἐφηδυσμένον
2544 3698 2623 3769 τῷ
2648 3700 2773 3770 οἴνῳ
2794 3715 2805 3727 °
2837 3702 2863 3753 6
2886 3699 2941 3752 δὲ
2970 3698 3061 3752 τοῦ
3086 3698 3221 3751 Θεοῦ
3248 3699 3438 3768 Λόγος,
3463 3697 3645 3760 καθὼς
3673 3701 3728 3749 ἐν

2147 3793 2261 3853 τοῖς
2288 3791 2523 3863 πρώτοις
2550 3792 2818 3864 διῄρηται,
2849 3795 2877 3845 ό
2917 3792 3010 3844 καὶ
3051 3790 3183 3854 Θεὸς
3219 3790 3294 3843 ὣν
3318 3792 3411 3843 καὶ
3439 3791 3627 3858 Λόγος,
3662 3793 3728 3859 τῇ

2148 3882 2463 3956 ἀνθρωπίνῃ
2492 3885 2797 3956 συνεκράθη
2826 3878 3013 3953 φύσει,
3038 3883 3130 3935 καί¹
3164 3883 3220 3935 ὲν
3248 3883 3324 3953 τῷ
3362 3882 3572 3952 σώματι
3602 3883 3739 3951 ἠμε-

2147 3974 2289 4044 τέρῳ
2335 3978 2657 4045 γενόμενος,
2704 3976 2802 4028 οὐκ
2847 3975 3012 4045 ἄλλην
3060 3974 3180 4026 τινὰ
3226 3974 3729 4043 παρεκαινοτόμησε

2147 4067 2211 4133 τῇ
2243 4065 2554 4137 ἀνθρωπίνῃ
2578 4065 2735 4133 φύσει
2763 4066 2859 4135 τὴν
2890 4066 3143 4117 σύστασιν
3162 4080 3176 4094 ⁸
3208 4064 3343 4117 ἀλλὰ
3365 4065 3453 4118 διὰ
3472 4065 3580 4117 τῶν
3610 4081 3731 4116 συν-

2148 4154 2293 4225 ήθων
2320 4172 2379 4208 τε
2416 4156 2506 4209 καὶ
2540 4155 2887 4225 καταλλήλων
2916 4157 3081 4209 ἔδωκε
3114 4157 3189 4227 τῷ
3238 4156 3359 4209 καθ’
3403 4156 3593 4208 ἑαυτὸν
3623 4153 3728 4207 σώ-

2151 4269 2281 4321 ματι
2305 4253 2402 4323 τὴν
2426 4252 2701 4323 διαμονὴν,
2730 4253 2927 4325 βρώσει
2953 4255 3047 4307 καὶ
3073 4253 3227 4305 πόσει
3256 4269 3320 4304 πε
3332 4247 3601 4322 ρικρατῶν
3630 4246 3728 4317 τὴν

2149 4343 2464 4398 ὑπόστασιν.
2505 4345 2568 4396 Ἦ
2618 4345 2674 4397 δὲ
2718 4344 2917 4417 βρῶσις
2962 4344 3124 4414 ἄρτος
3169 4340 3258 4414 ἧν.
3301 4342 3511 4410 Ὥσπερ
3549 4337 3728 4390 τοίνυν

2148 4432 2233 4500 ἐφ’
2267 4431 2442 4502 ἡμῶν,
2476 4431 2657 4495 καθὼς
2688 4433 2789 4503 ήδη
2822 4433 3081 4495 πολλάκις
3114 4431 3346 4502 εἴρηται,
3385 4430 3414 4481 ὁ
3442 4429 3533 4481 τὸν
3566 4428 3731 4497 ἄρτον

2152 4523 2295 4589 ἰδὼν,
2320 4526 2517 4595 τρόπον
2539 4526 2659 4579 τινὰ
2686 4526 2746 4578 τὸ
2768 4525 3102 4598 ἀνθρώπινον
3134 4526 3316 4595 βλέπει
3356 4522 3533 4593 σῶμα,
3562 4522 3643 4574 ὅτι
3670 4522 3727 4572 ὲν

471 4609 568 4665 ﬁt:
605 4611 675 4662 ita
714 4611 822 4664 illic
863 4626 1081 4680 quoque
1109 4611 1252 4681 quod
1299 4610 1468 4664 Deum
1520 4612 1760 4681 suscepit
1805 4627 2038 4683 corpus,

2154 4613 2317 4683 τούτῳ
2354 4614 2531 4666 ἐκεῖνο
2575 4617 2877 4684 γενόμενον,
2927 4616 3083 4669 τοῦτο
3114 4615 3353 4683 γίνεται·
3388 4612 3531 4665 οὕτω
3568 4611 3733 4663 animi

470 4720 594 4758 cum
628 4705 782 4772 panis
825 4705 1142 4758 alimentum
1183 4706 1515 4774 accepisset,
1544 4706 1777 4776 quadam
1819 4710 2034 4763 ratione

471 4792 612 4849 Idem
640 4802 757 4848 erat
782 4796 924 4864 quod
955 4796 1062 4859 ille,
1091 4796 1370 4859 alimento,
1398 4805 1456 4850 ut
1482 4798 1686 4851 dictum
1716 4808 1834 4863 est,
1866 4808 2043 4856 trans-

469 4895 633 4941 eunte
677 4888 730 4939 in
777 4896 1027 4941 naturam
1060 4890 1327 4958 corporis.
1356 4887 1489 4942 Nam
1517 4891 1662 4960 quod
1694 4900 1775 4946 est
1798 4894 2038 4947 omnium

471 4978 749 5047 proprium
775 5017 788 5037 .
826 4977 878 5031 id
913 4995 1131 5048 quoque
1166 4995 1263 5048 pro
1295 4990 1446 5035 certo
1477 4990 1530 5035 et
1563 4985 1836 5035 constanti
1871 4992 1952 5037 est
1984 4985 2038 5036 in

473 5064 560 5121 illa
594 5084 793 5130 carne,
831 5086 1027 5140 nempe
1060 5071 1204 5141 quod
1244 5072 1375 5127 illud
1412 5089 1628 5141 quoque
1658 5090 1859 5144 corpus
1902 5090 2042 5145 pane

470 5161 874 5214 continebatur.
910 5162 1122 5231 Corpus
1166 5171 1345 5217 autem
1414 5164 1504 5218 Dei
1562 5162 1720 5219 Verbi
1768 5166 2041 5219 inhabita-

472 5259 619 5302 tione
652 5252 715 5303 ad
737 5252 975 5305 divinam
1011 5262 1432 5308 transmutatum
1453 5262 1536 5309 est
1566 5255 1901 5325 dignitatem.
1937 5255 2043 5310 Re-

472 5346 558 5391 cte
586 5355 717 5409 ergo
751 5358 897 5397 nunc
927 5359 1147 5413 quoque
1181 5344 1273 5398 Dei
1306 5344 1482 5399 Verbi
1508 5346 1909 5402 sanctiﬁcatum
1945 5364 2041 5418 pa-

471 5440 595 5480 nem
631 5428 684 5480 in
712 5427 804 5483 Dei
830 5429 989 5485 Verbi
1018 5446 1218 5501 corpus
1242 5433 1404 5486 credo
1427 5434 1802 5488 transmutari.
1827 5433 2038 5490 Etenim

473 5517 631 5586 panis
664 5533 781 5573 erat
817 5530 1082 5590 potestate
1118 5524 1247 5577 illud
1278 5539 1499 5593 corpus.
1541 5523 1667 5578 Fuit
1698 5533 1879 5579 autem
1912 5541 2039 5580 san-

475 5607 749 5665 ctiﬁcatus
783 5613 1119 5669 habitatione
1149 5612 1345 5681 Verbi,
1378 5614 1520 5685 quod
1563 5623 1823 5686 tanquam
1871 5617 1922 5671 in
1959 5626 2042 5670 ta-

477 5700 775 5754 bernaculo
825 5704 1087 5758 habitavit
1140 5708 1191 5760 in
1240 5722 1421 5762 carne.
1467 5708 1637 5776 Igitur
1666 5709 1810 5763 unde
1851 5710 1903 5763 in
1954 5709 2045 5763 illo

478 5809 712 5868 corpore
759 5804 1157 5853 transmutatus
1212 5800 1367 5870 panis
1430 5800 1625 5856 transit
1705 5800 1759 5855 in
1808 5800 2044 5855 divinam

2144 4705 2205 4757 τὸ
2232 4704 2473 4775 θεοδόχον
2499 4706 2656 4776 σῶμα
2683 4705 2782 4776 τὴν
2807 4708 3012 4777 τροφὴν
3053 4707 3216 4778 ἄρτου
3265 4705 3725 4777 παραδεξάμενον,

2144 4797 2286 4867 λόγῳ
2308 4799 2413 4851 τινὶ
2437 4798 2632 4851 ταύτὸν
2648 4792 2716 4870 ῆν
2749 4798 2959 4868 ἐκείνῳ,
2992 4799 3090 4869 τῆς
3115 4799 3338 4869 τροφῆς,
3375 4796 3556 4857 καθὼς
3578 4796 3727 4865 εἴρη-

2143 4905 2253 4951 ται,
2289 4889 2424 4959 πρὸς
2460 4888 2555 4957 τὴν
2586 4889 2676 4941 τοῦ
2710 4889 2959 4960 σώματος
2996 4889 3155 4959 φύσιν
3205 4889 3619 4960 μεθισταμένης.
3650 4885 3731 4937 Τὸ

2144 4976 2252 5047 γὰρ
2281 4978 2495 5030 πάντων
2529 4977 2676 5039 ἴδιον,
2705 4978 2793 5029 καὶ
2815 4978 2900 5030 ἐπ’
2928 4977 3142 5049 ἐκείνης
3167 4979 3265 5047 τῆς
3294 4977 3495 5048 σαρκὸς
3519 4974 3725 5043 ὡμολο-

2149 5064 2312 5135 γήθη,
2339 5065 2419 5115 ὅτι
2452 5063 2600 5134 ἄρτῳ
2636 5067 2854 5119 κάκεῖνο
2898 5066 2958 5120 τὸ
2997 5068 3153 5135 σῶμα
3188 5066 3537 5137 διεκρατεῖτο.
3572 5064 3643 5116 Τὸ
3664 5064 3724 5117 δὲ

2152 5155 2309 5225 σῶμα
2339 5156 2405 5224 τῇ
2442 5155 2710 5225 ἐνοικήσει
2742 5156 2834 5210 τοῦ
2855 5156 2989 5209 Θεοῦ
3015 5157 3187 5225 Λόγου
3225 5156 3363 5227 πρὸς
3402 5155 3500 5227 τὴν
3539 5156 3726 5225 θεῖκὴν

2148 5247 2301 5311 ἀξίαν
2333 5248 2679 5320 μετεποιήθη.
2709 5247 2898 5312 Καλῶς
2935 5243 3028 5302 οὖν
3067 5248 3159 5302 καὶ
3209 5248 3305 5302 νῦν
3342 5248 3432 5301 τὸν
3463 5246 3540 5318 τῷ
3568 5248 3727 5316 Λόγῳ

2148 5338 2242 5391 τοῦ
2270 5336 2403 5393 Θεοῦ
2430 5338 2788 5410 ἀγιαζόμενον
2821 5341 2980 5409 ἄρτον
3022 5343 3101 5402 είς
3141 5338 3298 5409 σῶμα
3321 5337 3415 5391 τοῦ
3448 5337 3582 5391 Θεοῦ
3619 5340 3727 5391 Λό-

2148 5447 2245 5497 γου
2282 5431 2683 5501 μεταποιεῖσθαι
2732 5430 3077 5499 πιστεύομαι.
3129 5430 3239 5483 Καὶ
3286 5429 3398 5501 γάρ
3446 5430 3618 5482 ἐκεῖνο
3664 5430 3727 5481 τὸ

2150 5524 2327 5594 σῶμα,
2358 5524 2521 5593 ἄρτος
2561 5526 2627 5595 τῇ
2671 5524 2894 5594 δυνάμει
2935 5518 3021 5593 ἦν.
3063 5523 3328 5594 Ἠγιάσθη
3385 5524 3440 5577 δὲ
3482 5526 3546 5594 τῇ
3601 5525 3726 5575 ἐπι-

2152 5615 2448 5684 σκνηνώσει
2474 5615 2568 5669 τοῦ
2602 5617 2770 5684 Λόγου
2801 5614 2894 5669 τοῦ
2927 5614 3301 5683 σκηνώσαντος
3333 5617 3391 5669 ὲν
3428 5618 3492 5687 τῇ
3539 5615 3721 5685 σαρκί.

2155 5707 2361 5761 Οὐκοῦν
2400 5710 2522 5762 ὅθεν
2567 5710 2596 5760 ό
2640 5710 2697 5759 ὲν
2739 5706 2928 5777 ἐκείνῳ
2968 5706 3047 5777 τῷ
3088 5706 3297 5777 σώματι
3340 5705 3723 5777 μεταποιηθεὶς

2157 5800 2338 5869 ἄρτος,
2367 5800 2444 5863 εἰς
2482 5798 2630 5853 θείαν
2658 5798 2880 5867 μεθίστη
2907 5796 3149 5868 δύναμιν,
3183 5798 3271 5852 διὰ
3301 5796 3394 5851 τοῦ
3437 5796 3598 5851 αὐτοῦ
3629 5798 3723 5851 καὶ
