3978 6484
523 339 599 397 9')
1775 342 1832 397 S.
1861 343 2187 400 GREGORII
2212 342 2506 403 NY’SSENI

3668 351 3779 409 100

529 466 679 512 stare
708 464 975 511 naturam.
1007 453 1219 508 Dictum
1264 462 1348 509 est
1391 456 1538 509 enim
1570 457 1717 526 quod
1764 460 1834 514 sit
1871 461 1923 515 in
1975 460 2094 529 ejus

2210 464 2319 525 τοὺς
2346 467 2671 537 γεννήτορας
2703 469 2731 519 ὁ
2765 468 3002 530 τοιοῦτος
3038 470 3269 538 αἱρεῖται
3298 469 3472 532 τόκος.
3504 469 3633 541 Διχῆ
3662 470 3779 523 τοί-

532 555 800 618 potestate
822 547 1022 615 eligere
1050 546 1345 615 genitores.
1380 548 1514 601 Cum
1539 563 1669 619 ergo
1699 566 1761 603 ea
1797 568 1917 621 qua:
1945 560 2095 615 sunt,

532 640 814 707 dispertita
849 638 955 692 sint
982 634 1256 699 bifariam,
1308 653 1499 707 nempe
1544 639 1598 692 in
1629 649 1872 695 creatum
1912 652 1966 698 et
2014 645 2099 697 in-

532 737 796 792 creatum,
852 736 906 781 et
949 729 1187 782 increata
1223 729 1441 797 quidem
1493 740 1688 784 natura
1747 734 2099 789 stabilitatem

532 821 587 873 in
617 836 675 874 se
718 819 910 875 habeat
955 828 1008 874 et
1055 821 1580 888 imntutabilitatem,
1637 825 1703 878 ad
1742 826 2098 880 mutationem

533 924 712 966 autem
743 914 1004 968 alteretur
1033 922 1313 968 creatura:
1351 916 1445 983 qui
1476 917 1823 971 considerate
1855 918 2003 987 eligit
2046 916 2100 971 id

528 1006 679 1076 quod
710 1016 794 1062 est
840 1007 1202 1068 conducibile,
1236 1006 1521 1074 cuiusnam
1561 1008 1722 1061 malet
1770 1024 1890 1063 esse
1934 1009 2096 1074 tilius,

528 1098 726 1166 ejusne
751 1113 871 1165 quae
900 1098 1275 1152 consideratur
1296 1100 1350 1150 in
1388 1100 1708 1160 mulatione,
1740 1114 1807 1152 an
1838 1100 1957 1167 ejus
1977 1116 2100 1169 quae

529 1192 745 1244 ﬁrmam
767 1199 819 1244 et
842 1190 1086 1243 stabilem
1112 1190 1616 1259 in‘nnutabilemque
1646 1191 1804 1245 habet
1827 1202 2098 1255 naturam,

535 1292 589 1338 et
634 1284 689 1337 in
718 1284 859 1336 bono
886 1297 1098 1349 semper
1133 1281 1391 1336 similiter
1419 1291 1473 1336 et
1507 1282 1693 1336 eodem
1722 1284 1885 1337 modo
1912 1298 1970 1337 se
2000 1284 2098 1336 ba-

530 1374 786 1428 ‘bentem?
815 1373 1079 1438 Quoniam
1100 1388 1231 1442 ergo
1260 1374 1313 1426 in
1342 1374 1635 1439 Evangelia
1670 1382 1782 1428 tres
1812 1384 1942 1428 sunt
1974 1391 2099 1443 per-

535 1481 682 1520 sona:
714 1473 767 1520 et
805 1466 1046 1528 nomina,
1084 1470 1178 1533 per
1205 1480 1326 1533 quae
1358 1465 1424 1519 iis
1459 1466 1549 1533 qui
1589 1466 1820 1519 credunt
1859 1467 2011 1534 origo
2040 1466 2099 1519 [lt

534 1574 599 1611 ac
634 1559 910 1628 generatio
933 1559 996 1619 ¹⁶,
1053 1566 1345 1627 generatur
1392 1566 1571 1610 autem
1614 1573 1676 1610 ex
1726 1573 1880 1624 teque
1914 1559 2001 1626 qui
2044 1559 2099 1612 in

531 1650 801 1702 Trinitate
848 1656 1139 1718 generatur
1195 1662 1224 1699 a
1282 1646 1441 1699 Patre
1493 1656 1545 1699 et
1601 1647 1737 1699 Filio
1785 1656 1839 1701 et
1897 1646 2099 1717 Spiritu

533 1751 743 1794 sancto.
780 1740 858 1793 Ita
886 1740 1028 1793 enim
1054 1738 1121 1792 de
1147 1736 1352 1806 Spiritu
1386 1736 1520 1790 dicit
1545 1736 1915 1807 Evangelium,
1954 1739 2097 1807 quod

534 1832 589 1885 id
624 1831 770 1900 quod
805 1838 890 1885 est
928 1837 1243 1899 generatum
1294 1845 1359 1883 ex
1394 1827 1623 1897 Spiritu,
1673 1840 1755 1883 est
1785 1832 2009 1899 spiritus
2036 1832 2099 1893 ¹⁷,
2135 1798 2178 1852 Β

534 1931 589 1977 et
618 1922 816 1976 Paulus
843 1921 1014 1992 gignit
1055 1922 1108 1973 in
1131 1920 1350 1974 Christo
1375 1920 1440 1982 ”,
1487 1927 1541 1974 et
1570 1919 1730 1974 Pater
1751 1922 1992 1974 omnium
2020 1931 2105 1978 est

534 2024 692 2084 paler
717 2018 779 2068 ³⁹.

608 2104 705 2159 llic
732 2104 862 2157 mihi
891 2104 962 2160 sit
991 2102 1171 2157 sobria
1203 2117 1358 2156 mens
1392 2100 1678 2166 auditoris,
1723 2117 1790 2156 ne
1817 2117 1875 2157 se
1906 2101 2102 2157 eiliciat

534 2198 745 2266 prolem
763 2203 972 2249 naturze
1005 2194 1302 2255 instabilis,
1335 2208 1458 2246 cum
1491 2193 1739 2247 stabilem
1770 2201 1824 2247 et
1854 2194 2105 2246 iualtera-

536 2288 700 2342 bilem
758 2286 860 2340 sibi
908 2286 1071 2339 liceat
1110 2300 1223 2338 sua:
1269 2286 1392 2337 vitae
1446 2285 1746 2353 principem
1793 2282 2005 2337 efficere
2049 2291 2103 2338 et

537 2385 835 2430 auctorem.
883 2374 1015 2428 Nam
1066 2383 1226 2443 prout
1253 2375 1373 2443 ejus
1415 2375 1505 2443 qui
1539 2374 1604 2427 ad
1640 2374 2100 2443 dispensationem

537 2466 769 2527 accedit,
806 2480 901 2519 cor
931 2463 1180 2518 allectum
1210 2474 1312 2524 est,
1370 2463 1423 2517 id
1459 2464 1622 2517 etiam
1652 2465 1795 2531 quod
1842 2464 2100 2534 gignitur,

538 2560 680 2613 vires
711 2557 888 2611 habet.
922 2556 1177 2625 Quisquis
1207 2573 1335 2627 ergo
1382 2565 1626 2610 sanctam
1650 2557 1967 2612 Trinitatem
2018 2558 2103 2610 in-

535 2659 773 2706 creatam
800 2664 922 2704 esse
951 2650 1263 2713 conﬁtetur,
1293 2650 1595 2717 ingreditur
1635 2654 1801 2703 vitam
1845 2651 2102 2703 immuta-

536 2742 699 2797 bilem
743 2750 798 2795 et
845 2741 1278 2806 iualterabilem;
1330 2752 1565 2795 creatam
1602 2748 1782 2794 autem
1832 2740 2103 2808 aspiciens

536 2840 789 2886 naturam
817 2831 871 2884 in
902 2829 1170 2884 Trinitate
1202 2831 1336 2884 l‘alsa
1366 2831 1794 2889 existimatione,
1829 2840 1881 2883 et
1909 2828 2103 2883 deinde

536 2924 591 2978 in
617 2938 679 2977 ea
707 2923 1033 2993 baptizatus,
1065 2922 1414 2992 ingeneratur
1448 2937 1642 2975 rursus
1689 2922 1744 2973 in
1776 2921 1888 2974 vita
1921 2929 2095 2974 muta-

537 3016 634 3072 bili
660 3026 851 3085 etquae
881 3016 1166 3069 alteratur.
1194 3011 1327 3064 Nam
1353 3012 1497 3081 quod
1522 3012 1785 3071 nascitur,
1810 3021 1892 3065 est
1916 3027 2103 3066 neces-

2200 573 2293 607 νυν
2340 556 2448 608 τῶν
2498 557 2664 609 όντων
2717 559 3150 630 μεμερισμένων,
3199 562 3277 623 εἰς
3321 561 3380 613 τὸ
3430 561 3643 613 κτιστὸν
3679 563 3778 615 καὶ

2197 646 2258 697 τὸ
2289 633 2558 707 ἄκτιστον,
2595 650 2687 700 καὶ
2720 648 2816 717 τῆς
2852 649 2949 718 μὲν
2986 649 3235 702 ἀκτίστου
3271 649 3481 717 φύσεως
3516 650 3576 703 τὸ
3607 651 3778 721 ἄτρε-

2199 737 2330 788 πτόν
2361 754 2420 789 τε
2472 739 2564 791 καί
2607 738 2936 807 ἀμετάθετον
2969 741 3025 793 ὲν
3059 742 3221 810 ἑαυτῇ
3274 741 3641 811 κεκτημένης
3672 743 3779 810 τῆς

2197 826 2255 878 δὲ
2296 828 2521 890 κτίσεως
2555 829 2693 899 πρὸς
2747 831 2950 903 τροπὴν
2988 832 3400 903 ἀλλοιουμένης’
3435 834 3463 885 ὁ
3506 831 3643 886 κατά
3685 833 3774 886 λο-

2199 919 2396 989 γισμὸν
2423 920 2483 973 τὸ
2513 921 2820 977 λυσιτελοῦν
2838 924 3280 994 προαιρούμενος.
3309 925 3450 987 τίνος
3480 925 3774 995 αἱρήσεται

2202 1010 2398 1078 μᾶλλον
2427 1013 2675 1079 γενέσθαι
2710 1014 2914 1074 τέκνον.
2948 1016 3045 1085 τῆς
3075 1017 3132 1067 ὲν
3162 1018 3333 1085 τροπῇ
3369 1014 3769 1086 θεωρουμένης,

2192 1092 2229 1163 ἢ
2262 1100 2359 1169 τῆς
2386 1102 2754 1171 ἀμετάστατόν
2779 1121 2837 1156 τε
2884 1104 2974 1156 καί
3018 1104 3217 1171 παγίαν
3264 1104 3356 1156 καὶ
3386 1105 3469 1157 ἀεὶ
3507 1104 3767 1167 ὡσαύτως

2198 1191 2424 1259 ἔχουσαν
2456 1194 2511 1243 ὲν
2544 1192 2618 1261 τῷ
2660 1192 2846 1263 ἀγαθῷ
2883 1193 3225 1263 κεκτημένης
3270 1194 3367 1261 τὴν
3398 1193 3575 1262 φύσιν.
3614 1196 3769 1247 Ἐπεὶ

2196 1278 2290 1335 οὖν
2317 1285 2375 1335 ἐν
2424 1283 2501 1353 τῷ
2544 1286 2855 1355 Εὑαγγελίῳ
2887 1286 2954 1339 τὰ
2977 1287 3101 1358 τρία
3127 1285 3480 1357 παραδέδοται
3509 1286 3779 1357 πρόσωπά

2198 1391 2257 1425 τε
2311 1376 2403 1427 καὶ
2452 1376 2709 1445 ὀνόματα,
2751 1376 2816 1428 δι’
2855 1369 2928 1428 ὧν
2978 1378 3009 1447 ή
3058 1376 3266 1443 γένεσις
3301 1378 3411 1439 τοῖς
3461 1378 3780 1431 πιστεύουσι.

2199 1466 2426 1533 γίνεται,
2459 1469 2709 1534 γεννᾶται
2737 1467 2791 1519 δὲ
2817 1468 2955 1520 κατά
2988 1468 3046 1519 τὸ
3067 1465 3179 1520 ἴσον
3207 1470 3234 1520 ὁ
3260 1470 3314 1520 ἐν
3345 1470 3409 1539 τῇ
3432 1468 3617 1537 Τριάδι
3648 1485 3779 1536 γεν-

2199 1560 2435 1629 νώμενος
2473 1560 2622 1630 παρά
2654 1560 2746 1612 τοῦ
2777 1562 2986 1630 Πατρός
3021 1579 3078 1613 τε
3124 1562 3217 1614 καὶ
3256 1561 3348 1613 τοῦ
3392 1560 3520 1613 Υἰοῦ
3553 1562 3644 1614 καὶ
3676 1562 3775 1614 τοῦ

2200 1648 2512 1718 Πνεύματος
2544 1650 2715 1717 ἁγίου.
2750 1648 2907 1702 Οῦτω
2931 1651 3037 1719 γάρ
3074 1669 3205 1720 φησι
3241 1652 3366 1721 περί
3395 1650 3485 1703 τοῦ
3522 1651 3775 1720 Πνεῦμα.-

2201 1756 2290 1801 τος
2321 1741 2670 1808 Εὐαγγέλιον,
2703 1742 2783 1794 ὅτι
2808 1741 2878 1793 Τὸ
2901 1741 3293 1813 γεγεννημένον
3317 1745 3379 1794 ὲκ
3400 1742 3492 1794 τοῦ
3526 1744 3659 1795 Πνεύ
3670 1760 3776 1813 μα-

2203 1847 2292 1892 τος
2329 1830 2546 1897 πνεῦμά
2592 1832 2729 1893 ἐστι,
2781 1831 2875 1884 καί
2908 1833 2935 1883 ὁ
2970 1830 3181 1893 Παῦλος
3222 1834 3278 1884 ὲν
3323 1832 3541 1903 Χριστῷ
3584 1834 3774 1904 γεννᾷ,

2202 1922 2296 1975 καὶ
2321 1923 2347 1973 ὁ
2382 1923 2570 1993 Πατὴρ
2601 1924 2816 1975 πάντων
2850 1922 2962 1974 ἐστὶ
2996 1923 3200 1993 πατήρ.

2286 2104 2545 2158 Ἐνταῦθά
2580 2122 2671 2174 μοι
2708 2104 2923 2174 νηφέτω
2959 2104 3052 2157 τοῦ
3083 2094 3350 2175 ἀκροατοῦ
3378 2107 3411 2175 ή
3440 2104 3662 2167 διάνοια,
3695 2107 3771 2176 μὴ

2202 2200 2300 2266 τῆς
2328 2195 2661 2264 ἀστατούσης
2680 2195 2891 2262 φύσεως
2926 2194 3120 2265 ἑαυτὴν
3150 2193 3368 2262 ἔκγονον
3400 2196 3616 2265 ποιήσῃ,
3655 2195 3774 2259 ἐξὸν

2203 2288 2300 2355 τὴν
2330 2284 2592 2355 ἄτρεπτον
2638 2301 2697 2335 τε
2745 2284 2837 2336 καὶ
2884 2284 3236 2336 ἀναλλοίωτον
3275 2286 3513 2355 ἀρχηγὸν
3547 2288 3775 2356 ποιήσι.⁸

2206 2376 2326 2429 σθαι
2354 2378 2448 2445 τῆς
2501 2376 2653 2438 ἰδίας.
2690 2374 2845 2427 Κατά
2884 2375 2991 2443 γὰρ
3034 2373 3132 2445 τὴν
3161 2374 3395 2427 διάθεσιν
3428 2376 3523 2445 τῆς
3552 2376 3775 2445 καρδίας

2203 2468 2295 2520 τοῦ
2342 2467 2653 2537 προσιόντος
2690 2469 2755 2536 τῇ
2810 2466 3105 2536 οἰκονομίᾳ,
3137 2467 3317 2518 καὶτὸ
3353 2466 3628 2536 γινόμενον
3676 2468 3777 2538 τὴν

2204 2559 2428 2627 δύναμιν
2472 2556 2602 2624 ἔχει.
2641 2557 2799 2609 Ὥστε
2864 2556 2943 2607 τὸν
2991 2554 3089 2623 μὲν
3131 2554 3379 2608 ἄκτιστον
3416 2555 3777 2623 ὁμολογοῦντα

2203 2649 2300 2717 τὴν
2333 2649 2489 2717 ἁγίαν
2519 2647 2741 2719 Τριάδα,
2772 2648 2850 2710 εἰς
2880 2648 2977 2716 τὴν
3004 2646 3268 2716 ᾶτρεπτόν
3292 2663 3350 2698 τε
3374 2645 3779 2698 καὶοάναλλοίω-

2202 2758 2293 2793 τον
2316 2741 2572 2794 εἰσελθεῖν
2599 2740 2763 2806 ζωὴν,
2783 2740 2881 2808 τὴν
2908 2738 2962 2790 δὲ
2986 2739 3207 2809 κτιστὴν
3229 2738 3387 2806 φύσιν
3413 2739 3470 2791 ὲν
3489 2741 3554 2808 τῇ
3584 2739 3774 2808 Τριάδι

2203 2830 2290 2882 διὰ
2317 2831 2414 2900 τῆς
2440 2830 2795 2900 ητεατημένης
2827 2827 3143 2897 ὑπολήψεως
3182 2827 3461 2896 βλέποντα,
3491 2828 3676 2880 ἔπειτα
3712 2829 3773 2881 ὲν

2204 2922 2340 2989 αὐτῇ
2374 2917 2780 2990 βαπτιζόμενον,
2810 2917 2970 2969 πάλιν
2993 2915 3070 2985 τῷ
3090 2916 3306 2986 τρεπτῷ
3330 2933 3387 2967 τε
3417 2915 3506 2968 καί
3530 2915 3767 2968 ἀλλοιου-

2208 3010 2352 3080 μένῳ
2383 3009 2736 3078 ἐγγενηθῆναι
2770 3007 2886 3076 βίῳ.
2918 3008 2995 3077 Τῇ
3029 3006 3135 3076 γὰρ
3155 3006 3261 3059 τῶν
3284 3006 3588 3074 γεννώντων
3615 3006 3776 3074 φύσει

538 3111 683 3166 sario
712 3108 953 3177 ejusdem
981 3106 1218 3177 generis,
1246 3105 1405 3173 cujus
1434 3112 1519 3158 est
1549 3113 1742 3157 natura
1767 3119 1954 3157 eorum
1982 3119 2102 3173 quae

2210 3102 2325 3155 κατ’
2355 3102 2597 3169 ἀνάγκην
2638 3100 2894 3169 ὁμογενὲς
2940 3101 3054 3151 ἐστι
3105 3101 3197 3151 καί
3237 3099 3298 3151 τὸ
3341 3100 3670 3169 τικτόμενον.
3713 3100 3781 3153 Τί

537 3208 820 3272 generant.
871 3198 1011 3263 Quid
1061 3210 1191 3267 ergo
1236 3194 1398 3249 fuerit
1438 3192 1860 3250 conducibilius,
1916 3194 1970 3245 in
2023 3192 2102 3244 vi-

2210 3189 2295 3245 οῦν
2334 3192 2399 3244 ἂν
2432 3188 2514 3261 εἴη
2563 3191 3018 3260 λυσιτελέστερον,
3065 3191 3143 3252 εἰς
3181 3190 3279 3261 τὴν
3330 3190 3593 3259 ἄτρεπτον
3636 3193 3783 3263 ζωὴν

537 3301 721 3345 tamne
762 3289 967 3359 ingredi
1020 3287 1436 3347 immutabilem,
1481 3300 1547 3337 an
1598 3300 1792 3339 rursus
1842 3284 2106 3337 ﬂuctuare

540 3384 595 3437 in
619 3384 726 3436 vita
759 3380 1001 3435 instabili
1029 3388 1081 3434 et
1113 3394 1233 3448 quae
1264 3378 1571 3431 alteratur?
1609 3376 1743 3430 Cum
1773 3391 1902 3445 ergo
1930 3376 2105 3431 cuivis

538 3474 610 3526 sit
628 3472 992 3540 perspicuum,
1019 3469 1109 3538 qui
1134 3469 1204 3521 sit
1230 3467 1406 3536 aliqua
1431 3466 1686 3534 praaditus
1706 3463 2097 3533 intelligentia,

539 3564 687 3632 quod
717 3562 768 3616 id
795 3561 940 3630 quod
970 3568 1079 3614 stat
1107 3575 1213 3612 non
1238 3567 1417 3613 stante
1442 3566 1525 3611 est
1554 3556 1922 3627 praestantius,
1951 3564 2005 3608 et
2042 3570 2107 3609 eo

542 3656 688 3725 quod
741 3653 921 3709 deﬁcit
973 3652 1027 3705 id
1080 3652 1222 3722 quod
1276 3661 1357 3706 est
1408 3650 1727 3720 perfectum,
1767 3658 1820 3702 et
1852 3644 1917 3701 eo
1963 3648 2108 3717 quod

543 3756 688 3817 eget,
744 3747 795 3801 id
841 3744 985 3816 quod
1039 3762 1147 3798 nun
1186 3752 1326 3813 eget,
1377 3751 1430 3799 et
1480 3759 1544 3797 eo
1597 3742 1739 3810 quod
1778 3740 2110 3810 proﬁciendo

544 3838 812 3899 ascendit,
851 3837 903 3891 id
937 3837 1079 3906 quod
1110 3852 1217 3890 non
1253 3836 1411 3890 habet
1444 3852 1551 3905 quo
1582 3835 1981 3905 progrediatur,
2014 3834 2109 3888 sed

540 3948 759 4001 semper
785 3939 969 3984 manet
1000 3930 1054 3983 in
1079 3930 1208 3984 boni
1254 3928 1620 3998 perfectione:
1683 3944 1906 3984 necesse
1950 3928 2112 3981 fuerit

544 4035 606 4079 ut
635 4025 726 4095 qui
759 4024 920 4093 sapit,
958 4038 1125 4077 unum
1155 4038 1221 4077 ex
1250 4021 1463 4075 duobus
1495 4022 1677 4091 eligat,
1710 4036 1902 4090 nempe
1933 4029 1992 4073 ut
2018 4026 2111 4072 aut

546 4117 805 4169 increataa
835 4122 1045 4168 natura:
1098 4119 1341 4166 sanctam
1389 4110 1576 4164 credat
1619 4126 1741 4165 esse
1769 4109 2109 4173 Trinitatem,

546 4214 602 4262 et
632 4207 704 4259 ita
760 4221 856 4275 per
904 4204 1241 4273 spiritualem
1291 4203 1695 4272 generationem
1745 4216 1863 4256 eam
1920 4198 2115 4253 elﬁciat

548 4295 851 4365 principem
902 4303 955 4347 et
1006 4300 1288 4345 auctorem
1344 4306 1455 4345 suae
1502 4293 1660 4363 vitae:
1708 4300 1801 4343 aut
1862 4290 1906 4342 si
1962 4296 2116 4343 extra

549 4388 711 4457 primi
738 4394 792 4440 et
820 4387 935 4440 veri
962 4394 1015 4439 et
1052 4386 1180 4439 boni
1206 4384 1303 4438 Dei
1333 4393 1608 4449 naturam,
1643 4384 1841 4447 Patris,
1871 4385 2114 4455 inquam,

2205 3284 2482 3343 εἰσελθεῖν,
2516 3283 2547 3353 ἦ
2596 3283 2754 3345 πάλιν
2799 3281 2875 3351 τῷ
2915 3281 3230 3334 ἀστατοῦντι
3280 3285 3372 3335 καί
3416 3282 3779 3355 ἀλλοιουμένω

2207 3375 2640 3447 ὲγκυματοῦσθαι
2669 3375 2801 3444 βίῳ;
2845 3373 2994 3427 Ἐπεί
3028 3370 3120 3426 οῦν
3154 3375 3313 3427 παντί
3354 3374 3511 3444 δῆλόν
3538 3377 3672 3437 ἐστι,
3696 3376 3778 3447 τῷ

2208 3470 2301 3523 καὶ
2324 3466 2569 3521 ὁπωσοῦν
2591 3467 2822 3529 διανοίας
2848 3466 3144 3535 μετέχοντι,
3171 3466 3252 3517 ὅτι
3288 3465 3348 3517 τὸ
3381 3464 3549 3528 ἑστὼς
3578 3464 3672 3517 τοῦ
3705 3466 3781 3535 μὴ

2210 3561 2438 3622 ἑστῶτος
2461 3559 2590 3612 πολὺ
2640 3558 2978 3629 τιμιώτερον,
3022 3558 3114 3610 καὶ
3151 3557 3244 3609 τοῦ
3283 3557 3558 3620 ἐλλειποῦς
3596 3557 3655 3609 τὸ
3690 3562 3783 3608 τέ-

2209 3654 2368 3717 λειον,
2404 3652 2608 3706 καὶτοῦ
2640 3651 2890 3721 δεομένου
2921 3651 2981 3703 τὸ
3018 3649 3092 3721 μὴ
3131 3650 3399 3719 δεόμενον,
3433 3649 3524 3703 καὶ
3561 3648 3655 3702 τοῦ
3694 3649 3785 3702 διὰ

2212 3743 2495 3814 προκοπῆς
2526 3742 2762 3804 ἀνιόντος
2791 3743 2850 3793 τὸ
2891 3740 2964 3810 μὴ
2990 3739 3111 3809 ἕχον
3153 3742 3231 3802 εἰς
3257 3740 3285 3792 ὅ
3304 3756 3358 3792 τι
3390 3738 3643 3811 προέλθῃ,
3668 3738 3785 3790 ἀλλ’

2213 3835 2305 3887 ἐπὶ
2336 3834 2434 3901 τῆς
2465 3832 2789 3900 τελειότητος
2819 3830 2909 3883 τοῦ
2956 3829 3159 3898 ἀγαθοῦ
3209 3829 3364 3898 μένον
3401 3830 3506 3889 ἀεὶ,
3552 3830 3787 3897 ἐπάναγ-

2214 3941 2306 3986 κες
2348 3923 2413 3976 ἂν
2451 3922 2533 3991 εἴη
2576 3922 2633 3973 ἓν
2666 3920 2724 3985 ὲξ
2766 3920 3085 3990 ἀμφοτέρων
3130 3917 3396 3989 αἱρεῖσθαι
3435 3919 3526 3970 τόν
3555 3935 3618 3985 γε
3660 3919 3788 3972 νοῦν

2214 4015 2484 4086 ἔχοντα,ἢ
2527 4015 2623 4083 τῆς
2666 4012 2916 4066 ἀκτίστου
2956 4010 3167 4079 φύσεως
3214 4008 3349 4063 εἶναι
3389 4012 3663 4063 πιστεύειν
3687 4013 3788 4080 τὴν

2217 4110 2377 4177 ἁγίαν
2403 4107 2625 4178 Τριάδα,
2661 4106 2754 4157 καὶ
2790 4104 2960 4165 οὕτως
2992 4102 3230 4172 ἀρχηγὸν
3266 4102 3353 4154 διὰ
3396 4102 3495 4169 τῆς
3542 4117 3789 4169 πνεῦμα-

2215 4204 2372 4271 τικῆς
2396 4197 2655 4265 γενέσεως
2692 4195 2955 4248 ποιεῖσθαι
3004 4195 3100 4263 τῆς
3148 4193 3282 4255 ἰδίας
3320 4192 3549 4262 ζωῆς·ἦ
3589 4194 3635 4243 εἰ
3682 4191 3788 4255 ἔξω

2217 4294 2313 4362 τῆς
2352 4291 2443 4344 τοῦ
2481 4289 2697 4360 πρώτου
2738 4289 2829 4340 καὶ
2866 4285 3111 4356 ἀληθινοῦ
3152 4286 3245 4338 καὶ
3285 4283 3485 4352 ἀγαθοῦ
3526 4282 3661 4335 Θεοῦ
3690 4282 3789 4350 φύ-

2222 4399 2376 4443 σεως,
2413 4381 2508 4449 τῆς
2545 4378 2636 4431 τοῦ
2682 4377 2892 4448 Πατρὸς
2936 4376 3097 4443 λέγω,
3124 4374 3329 4444 νομίζοι
3370 4370 3505 4427 εἶναι
3543 4372 3632 4426 τὸν
3660 4373 3791 4425 Υίὺν

550 4478 747 4533 Filium
777 4492 899 4532 esse
931 4477 1227 4539 existimat,
1272 4485 1365 4529 aut
1403 4475 1666 4546 Spiritum
1703 4486 1971 4541 sanctum,
2008 4492 2108 4530 non

2221 4474 2254 4544 ἢ
2277 4473 2337 4525 τὸ
2362 4471 2583 4541 Πνεῦμα
2611 4471 2671 4525 τὸ
2696 4472 2867 4537 ἅγιον,
2896 4468 2970 4537 μὴ
2998 4465 3547 4536 συμπαραλαμϐἀνων
3583 4464 3679 4535 τὴν
3712 4467 3792 4527 εἰς

553 4571 714 4625 simul
753 4584 1037 4625 assumens
1068 4585 1187 4623 eam
1213 4585 1335 4638 qua:
1359 4580 1442 4624 est
1471 4570 1524 4623 in
1557 4570 1672 4623 haec
1702 4568 1858 4623 ﬁdem
1893 4571 1946 4623 in
1980 4577 2117 4624 tem—

554 4678 686 4734 pore
739 4662 1127 4733 generationis,
1181 4677 1249 4715 ne
1288 4661 1605 4732 imprudens
1656 4662 1892 4730 seipsum
1938 4661 2118 4715 tradat

553 4768 761 4807 manca:
798 4752 1129 4822 delectaeque
1166 4760 1397 4813 natura,
1456 4761 1509 4806 et
1541 4768 1659 4821 qua:
1697 4762 1813 4822 eget
1862 4767 1927 4807 eo
1974 4752 2113 4820 quod

554 4850 761 4902 bonum
795 4846 993 4908 reddit,
1046 4858 1094 4900 et
1140 4860 1199 4900 se
1228 4845 1628 4915 quodammodo
1662 4860 1851 4899 rursus
1894 4844 2120 4897 reducat

555 4937 625 4991 ad
655 4936 708 4990 id
743 4936 888 5005 quod
925 4944 1010 4990 est
1041 4936 1286 5003 ejusdem
1320 4936 1551 5005 generis,
1580 4946 1637 4988 ut
1676 4936 1832 5005 cujus
1858 4935 1991 4991 tides
2023 4936 2118 4989 dc-

558 5030 746 5084 l‘ecerit
767 5044 796 5081 a
818 5044 1028 5083 summa
1058 5036 1112 5082 et
1135 5030 1573 5097 superetninente
1607 5038 1821 5082 natura.
1849 5028 1950 5093 Qui
1977 5029 2121 5081 enim

556 5121 717 5176 alicui
748 5136 814 5176 ex
847 5120 1009 5175 rebus
1038 5122 1238 5174 creatis
1265 5122 1504 5190 seipsum
1538 5120 1839 5189 subjunxit,
1872 5135 1980 5172 non
2011 5120 2123 5173 ani-

557 5212 871 5276 madvertit,
909 5226 968 5266 se
996 5211 1050 5264 in
1078 5210 1185 5266 Deo
1211 5228 1360 5281 spem
1392 5229 1496 5267 non
1532 5213 1730 5267 habere
1757 5212 1970 5266 salutis.
1994 5213 2121 5265 Om-

560 5304 646 5358 nis
673 5306 814 5357 enim
837 5314 1107 5367 creatura,
1143 5318 1210 5357 ex
1248 5320 1312 5357 eo
1338 5305 1480 5373 quod
1513 5320 1576 5358 ex
1606 5318 1760 5373 aequo
1786 5303 1853 5357 ab
1881 5319 1946 5357 eo
1981 5303 2125 5374 quod

560 5411 668 5449 non
705 5404 789 5451 est
826 5396 1069 5465 procedit
1098 5396 1164 5449 ad
1192 5399 1507 5460 essentiam,
1541 5397 1644 5450 sibi
1674 5396 1775 5464 ipsi
1804 5405 1887 5450 est
1907 5397 2124 5465 propria

564 5487 967 5541 necessitudine
994 5487 1285 5555 conjuncta
1313 5503 1327 5551 ;
1370 5494 1424 5539 et
1452 5486 1727 5554 quomodo
1757 5486 1807 5537 in
1837 5499 2124 5551 corporum

564 5576 970 5629 constructione
1048 5578 1227 5629 omnia
1289 5576 1527 5630 membra
1577 5584 1703 5630 sunt
1748 5574 1849 5629 sibi
1896 5573 2125 5626 invicem

676 5777 719 5807 ‘°
750 5774 935 5827 Matth.
963 5790 1151 5840 xxviii,
1198 5778 1279 5830 19.
1361 5779 1399 5808 ιτ
1426 5776 1581 5830 Joan.
1609 5789 1687 5839 In,
1720 5778 1774 5827 6.

1890 5775 1931 5805 ⁸⁸
1962 5772 1976 5825 l
2008 5772 2133 5826 Cor.
2162 5789 2232 5837 tv,
2276 5772 2355 5824 l5.

2220 4564 2391 4617 ταῦτα
2418 4564 2597 4615 πίστιν
2621 4566 2677 4615 ὲν
2698 4562 2774 4631 τῷ
2797 4560 2970 4629 καιρῷ
2996 4560 3091 4629 τῆς
3109 4558 3390 4625 γενέσεως,
3427 4558 3630 4627 μήποτε
3654 4556 3792 4628 λάθῃ

2220 4658 2285 4725 τῇ
2318 4653 2553 4706 ἐλλειπεῖ
2580 4652 2736 4720 φύσει
2766 4650 2857 4702 καὶ
2896 4648 3124 4720 δεομένῃ
3156 4647 3248 4700 τοῦ
3285 4647 3641 4714 ἀγαθύνοντος
3667 4648 3794 4699 ἑαυ-

2222 4747 2310 4798 τὸν
2334 4742 2608 4805 εἰσποιῶν,
2632 4741 2727 4795 καὶ
2752 4740 2950 4811 τρόπον
2987 4738 3107 4792 τινὰ
3148 4738 3304 4792 πάλιν
3341 4740 3418 4800 εἰς
3453 4737 3510 4790 τὸ
3537 4736 3793 4808 ὁμογενὲς

2223 4836 2414 4889 ἑαυτὸν
2434 4833 2719 4903 εἰσαγάγῃ,
2742 4832 2839 4901 τῆς
2860 4831 3226 4903 ὑπερεχούσης
3250 4830 3461 4899 φύσεως
3482 4831 3795 4897 ἀποστήσας

2222 4928 2322 4996 τὴν
2348 4927 2549 4979 πίστιν.
2587 4926 2642 4976 Ὀ
2665 4924 2772 4994 γάρ
2796 4940 2899 4975 τινι
2933 4924 3039 4976 τῶν
3081 4922 3312 4976 κτιστῶν
3346 4921 3534 4973 ἑαυτὸν
3563 4918 3795 4981 ὑποζεύο

2226 5019 2341 5085 ξας,
2366 5016 2585 5085 λέληθεν
2616 5017 2804 5068 ἑαυτὸν
2829 5017 2927 5069 οὐκ
2959 5018 3037 5078 εἰς
3078 5015 3138 5067 τὸ
3169 5017 3322 5071 Θεῖον
3351 5012 3449 5083 τὴν
3492 5011 3677 5064 ἐλπίδα
3698 5010 3799 5078 τῆς

2230 5109 2499 5179 σωτηρίας
2521 5107 2680 5177 ἔχων.
2718 5107 2873 5158 Πᾶσα
2901 5106 3007 5176 γὰρ
3034 5108 3066 5176 ή
3105 5103 3300 5167 κτίσις,
3326 5103 3404 5173 τῷ
3432 5102 3573 5155 κατὰ
3594 5100 3658 5153 τὺ
3682 5096 3799 5152 ἴσον

2229 5206 2292 5254 ὲκ
2314 5200 2407 5253 τοῦ
2444 5201 2516 5271 μὴ
2554 5200 2705 5261 ὁντος
2740 5202 2817 5261 εἰς
2850 5199 2910 5251 τὸ
2950 5194 3085 5250 εἶναι
3115 5197 3391 5266 προήκειν,
3421 5194 3634 5255 οἰκείως
3664 5193 3799 5263 πρὸς

2230 5292 2429 5361 tatur-iw
2464 5291 2573 5359 ἔχει
2593 5307 2607 5322 ·
2635 5291 2727 5343 καὶ
2754 5289 2939 5359 ὥσπερ
2961 5290 3053 5341 ἐπὶ
3072 5288 3171 5357 τῆς
3197 5286 3305 5338 τῶν
3333 5285 3597 5354 σωμάτων
3633 5299 3802 5335 κατα-

2235 5384 2432 5453 σκευῆς
2457 5383 2635 5435 πάντα
2659 5380 2726 5435 τὰ
2757 5381 2891 5451 μέλη
2913 5380 3047 5448 πρὸς
3069 5378 3233 5431 ἑαυτά
3265 5375 3524 5448 συμφυῶς
3547 5374 3676 5444 ἔχει,
3700 5374 3803 5426 κᾶν

2233 5477 2300 5528 τὰ
2329 5475 2424 5544 μὲν
2447 5473 2841 5542 ύποϐεὸηκὸτα,
2872 5472 2940 5523 τὰ
2981 5470 3036 5523 δὲ
3065 5468 3481 5539 ὑπερανεστῶτα
3514 5464 3650 5535 τύχῃ
3671 5481 3684 5495 ·
3712 5461 3806 5516 οῦ-

2234 5585 2340 5630 τως
2368 5568 2399 5636 ή
2425 5567 2612 5635 κτιστὴ
2637 5564 2794 5633 φύσις
2818 5565 3017 5634 ἥνωται
3043 5562 3178 5633 πρὸς
3221 5560 3414 5631 ἑαυτὴν
3441 5556 3581 5612 κατά
3602 5556 3694 5609 τὸν
3720 5553 3803 5607 λό-

2457 5772 2500 5801 "
2532 5766 2666 5820 Phil.
2708 5782 2747 5827 ι,
2777 5765 2830 5828 2,
