3978 6486
256 345 334 397 101

1419 342 1680 399 ORATIO
1715 339 2224 398 CATECHETICA.

3348 340 3452 394 102

250 472 329 522 γον
353 455 443 523 τῆς
468 454 704 515 κτίσεως,
740 456 831 507 καὶ
872 456 1026 508 οὐδὲν
1054 458 1086 528 ἡ
1130 459 1268 511 κατὰ
1301 459 1361 513 τὸ
1390 461 1651 532 ὑπερέχον
1690 460 1770 512 καῖ

1886 456 2179 524 conjuncta
2212 456 2550 518 naturaliter,
2576 454 2787 509 etiamsi
2823 456 2925 509 alia
2953 456 3171 525 quidem
3203 466 3330 511 sunt
3371 458 3454 512 iu-

250 545 399 598 ἐνδέον
420 546 473 596 ἐν
501 545 628 613 ἡμῖν
646 543 877 615 διαφορὰ
903 545 1166 616 διῖστησιν
1188 549 1356 621 αὐτὴν
1379 553 1476 620 τῆς
1499 550 1631 621 πρὸς
1660 551 1783 601 ἐαυ-

244 636 328 702 τὴν
375 634 656 702 συμφυΐας.
705 626 806 686 Ὧν
858 636 965 706 γὰρ
1013 637 1207 706 ἐπίσης
1272 644 1669 708 προεπινοεῖται
1747 641 1778 708 ἡ

245 722 536 794 ἀνυπαρξία,
572 724 671 777 κᾶν
715 727 772 777 ὲν
808 728 921 787 τοῖς
952 725 1131 790 ἄλλοις
1172 726 1233 780 τὸ
1268 728 1518 798 διάφορον
1547 724 1601 802 ᾖ,
1636 728 1783 780 οὐδε-

245 815 353 883 μίαν
380 814 513 867 κατὰ
544 814 606 866 τὸ
637 815 801 885 μέρος
843 815 998 869 τοῦτο
1037 817 1137 886 τῆς
1178 818 1389 887 φύσεως
1432 818 1782 889 παραλλαγὴν

242 908 615 979 ἐξευρίσκομεν.
659 909 721 960 Εἰ
778 904 870 962 οὗν
919 911 1131 973 κτιστὸς
1169 912 1265 981 μὲν
1311 910 1383 964 ὢν
1414 912 1442 963 ὁ
1478 912 1780 980 ἄνθρωπος.

242 999 426 1051 κτιστὸν
461 998 514 1051 δὲ
553 999 645 1052 καὶ
686 1001 744 1052 τὸ
796 1002 1040 1071 Πνεῦμα,
1084 1003 1295 1056 καὶτὸν
1345 1005 1603 1074 μονογενῆ
1653 1004 1783 1057 Θεὸν

241 1088 353 1142 εἶναι
392 1087 615 1158 νομίζοι,
650 1091 876 1159 μάταιος
930 1094 995 1146 ἂν
1046 1095 1126 1165 εἴη
1175 1094 1416 1148 ἀνελπίδι
1456 1098 1552 1166 τῆς
1591 1098 1683 1150 ἐπὶ
1725 1096 1784 1149 τὸ

236 1184 452 1249 κρεῖττον
482 1184 863 1249 μεταστάσεως
889 1185 1023 1255 πρὸς
1057 1188 1247 1240 ἑαυτὸν
1272 1188 1533 1241 ἀναλύων.
1561 1190 1783 1260 Ὅμοιον

238 1274 325 1339 γὰρ
353 1273 464 1332 ταῖς
496 1270 585 1323 τοῦ
635 1274 939 1344 Νικοδήμου
973 1276 1298 1347 ὑπολήψεσίν
1334 1284 1448 1332 ἐστι
1480 1279 1539 1332 τὸ
1570 1280 1784 1349 γινόμε-

237 1381 324 1422 νον,
349 1363 401 1425 ὃς
434 1365 557 1433 περὶ
606 1363 700 1416 τοῦ
736 1364 846 1417 δεῖν
890 1364 1095 1418 ἄνωθεν
1126 1365 1453 1438 γεννηθῆναι
1486 1370 1638 1440 παρὰ
1686 1369 1781 1423 τοῦ

235 1452 407 1523 Κυρίου
441 1453 644 1522 μαθὼν,
680 1454 767 1506 διὰ
800 1455 860 1507 τὸ
891 1456 1054 1525 μήπω
1083 1457 1329 1527 χωρῆσαι
1356 1458 1449 1511 τοῦ
1485 1462 1781 1531 μυστηρίου

237 1542 307 1592 τὸν
337 1541 499 1607 λόγον,
548 1543 641 1595 ἐπὶ
688 1544 779 1596 τὸν
831 1544 1078 1615 μητρῷον
1128 1547 1326 1599 κόλπον
1373 1552 1484 1612 τοῖς
1507 1549 1782 1620 λογισμοῖς

234 1633 547 1702 κατεσῦρετο.
586 1635 749 1686 ’Ὥστε
781 1637 827 1687 εἰ
862 1636 935 1707 μή
970 1637 1103 1706 πρὸς
1147 1639 1396 1691 ἄκτιστον
1437 1639 1615 1706 φύσιν,
1649 1642 1784 1694 ἀλλὰ

237 1722 347 1793 πρὸς
374 1725 465 1792 τήν
498 1725 737 1795 συγγενῆ
772 1724 867 1777 καὶ
896 1727 1181 1795 ὁμόδουλον
1211 1729 1383 1781 κτίσιν
1422 1731 1612 1785 ἑαυτὸν
1638 1732 1781 1785 ἁπά-

234 1832 320 1880 γοι.
348 1818 437 1883 τῆς
478 1815 747 1875 κάτωθεν,
794 1818 854 1868 οὐ
905 1820 1001 1888 τῆς
1051 1819 1255 1872 ἄνωθέν
1304 1824 1419 1874 ἐστι
1452 1826 1773 1895 γεννήσεως.

232 1906 342 1974 Φησὶ
366 1906 417 1958 δὲ
444 1907 503 1959 τὸ
534 1908 884 1975 Εὑαγγέλιον,
911 1911 1113 1963 ἄνωθεν
1145 1909 1278 1964 εἶναι
1317 1913 1427 1965 τῶν
1459 1915 1776 1986 σωζομένων

233 1996 309 2065 τήν
334 1997 593 2066 γέννησιν.

1812 1794 1854 1847 Β

1886 546 2104 609 feriora,
2138 546 2243 598 alia
2276 560 2405 599 vero
2439 545 2764 613 superiora:
2793 545 2864 599 ita
2899 554 3080 599 creata
3117 555 3312 600 natura
3346 547 3452 603 sibi

1882 647 1968 692 est
2002 638 2174 699 unita,
2217 637 2358 707 quod
2392 636 2457 689 ad
2490 637 2753 691 rationem
2798 638 2991 691 attinet
3020 648 3303 703 creaturae,
3350 655 3454 695 nec

1882 740 2003 797 quae
2045 727 2097 779 in
2137 741 2203 780 eo
2249 724 2396 795 quod
2448 734 2738 793 exsuperat
2784 731 2838 778 et
2872 724 3049 778 deﬁcit
3077 733 3161 779 est
3200 724 3255 780 in
3293 726 3453 780 nobis

1882 815 2216 880 diﬁerentia,’
2258 834 2376 871 cam
2408 817 2693 885 disjungit,
2728 833 2795 870 ne
2826 817 2926 870 sibi
2976 818 3076 885 ipsi
3106 816 3179 871 sit
3212 817 3449 871 naturali

1882 911 2173 979 conjuncta
2218 909 2625 979 conjunctione.
2668 906 2723 960 In
2772 908 2970 977 quibus
3012 908 3155 962 enim
3200 923 3264 962 ex
3294 921 3452 975 aequo

1882 1003 2150 1072 cogitatur
2194 1002 2340 1071 quod
2382 1016 2488 1053 non
2520 1000 2630 1054 sint
2671 1014 2735 1052 ac
2773 999 3095 1060 consistant,
3135 999 3346 1063 etiamsi
3394 999 3452 1053 in

1881 1094 2004 1147 aliis
2035 1092 2305 1154 diﬂerant,
2355 1107 2543 1147 eorum
2583 1091 2637 1142 in
2674 1090 2773 1142 hac
2814 1098 2963 1157 parte
3003 1106 3107 1143 non
3146 1091 3451 1145 invenimus

1886 1189 2046 1241 ullam
2097 1195 2307 1241 naturae
2343 1187 2719 1241 mutationem.
2762 1185 2817 1239 Si
2862 1200 2991 1254 ergo
3026 1184 3185 1237 homo
3227 1198 3351 1235 cum
3378 1181 3452 1237 sit

1882 1286 2129 1341 creatus,
2174 1278 2433 1347 Spiritum
2482 1293 2699 1347 quoque
2750 1288 2989 1331 creatum
3020 1290 3159 1339 esse,
3216 1275 3453 1342 itemque

1883 1369 2219 1439 unigenitum
2266 1368 2432 1422 Deum
2471 1367 2719 1433 aliirmat,
2779 1368 2824 1421 is
2868 1382 3004 1420 vana
3054 1381 3149 1435 spe
3198 1366 3451 1427 ducetur,

1881 1461 2082 1528 quippe
2110 1459 2203 1529 qui
2250 1458 2489 1527 seipsum
2526 1457 2595 1510 ab
2641 1457 2730 1509 illa
2770 1456 2821 1508 in
2855 1455 3052 1508 melius
3107 1452 3454 1507 restitutione

1883 1552 2122 1604 alienum
2172 1549 2357 1603 faciat.
2395 1549 2540 1601 Idem
2583 1548 2725 1601 enim
2756 1548 2809 1599 in
2856 1546 2957 1599 hac
2990 1561 3045 1598 re
3072 1543 3271 1597 accidit
3307 1541 3453 1612 quod

1881 1641 2207 1696 Nicodemus
2258 1640 2627 1700 existimabat,
2682 1641 2772 1708 qui
2820 1654 2941 1691 cum
2979 1654 3005 1689 a
3038 1636 3269 1690 Domino
3312 1635 3454 1689 didi-

1883 1736 2049 1789 cisset
2096 1749 2334 1803 superne
2380 1735 2532 1785 nasci
2570 1739 2843 1800 Oportere,
2898 1728 3024 1798 quia
3060 1726 3301 1780 nondum
3338 1739 3456 1796 my-

1885 1827 2035 1881 sterii
2065 1827 2330 1879 rationem
2367 1830 2607 1893 caperet,
2637 1823 2702 1875 ad
2736 1830 3041 1874 maternum
3070 1827 3283 1872 uterum
3312 1816 3455 1887 cogi-

1886 1918 2187 1972 tationibus
2219 1916 2696 1971 devolvebatur”.
2738 1912 3095 1979 Quamobrem
3146 1910 3190 1963 si
3229 1924 3334 1962 non
3384 1907 3453 1961 ad

1883 2009 2181 2061 iucreatam
2214 2017 2487 2070 naturam,
2518 2004 2611 2059 sed
2639 2004 2703 2056 ad
2740 2010 3025 2069 cognatam
3048 2008 3102 2053 et
3128 2011 3452 2054 conservam

234 2094 498 2139 creaturam
541 2104 606 2141 se
636 2090 891 2155 abducat,
917 2101 998 2145 est
1024 2096 1391 2161 generationis
1425 2112 1545 2166 qua:
1572 2106 1655 2152 est
1687 2098 1920 2162 inferne,
1953 2115 2059 2153 non
2090 2100 2211 2167 ejus
2239 2113 2360 2168 qua:
2378 2105 2458 2152 est
2516 2096 2767 2166 desuper.
2836 2093 2973 2147 Dicit
3038 2102 3213 2148 autem
3276 2089 3453 2144 Evan-

230 2176 415 2245 gelium,
455 2178 697 2248 desuper
724 2197 845 2236 esse
898 2183 1306 2250 generationem
1338 2201 1527 2240 eorum
1563 2190 1655 2258 qui
1685 2190 1819 2243 salvi
1856 2190 2014 2242 ﬁunt.

789 2276 1037 2329 ΚΕΦΑΛ.
1079 2278 1171 2331 Μ’.

296 2364 413 2415 Ἀλλ’
437 2365 494 2417 οὖ
528 2384 624 2435 μοι
658 2366 802 2419 δοκεῖ
851 2368 1010 2439 μέχρι
1040 2369 1148 2421 τῶν
1187 2371 1492 2442 εἰρημένων
1521 2374 1768 2446 αὐτάρκη

229 2454 308 2523 τὴν
333 2456 669 2511 διδασκαλίαν
712 2461 745 2527 ή
793 2461 1092 2531 κατήχησις
1125 2462 1288 2531 ἔχειν.
1321 2466 1410 2517 Δεῖ
1433 2465 1561 2536 γὰρ,
1597 2462 1769 2536 οἶμαι,

232 2548 305 2597 καὶ
330 2547 381 2598 τὸ
409 2552 539 2617 μετὰ
572 2550 736 2602 τοῦτο
766 2555 1006 2615 σκοπεῖν,
1039 2553 1066 2605 ὃ
1102 2553 1280 2606 πολλοὶ
1306 2555 1412 2607 τῶν
1439 2560 1768 2627 προσιόντων

231 2642 283 2708 τῇ
299 2639 376 2691 τοῦ
402 2641 781 2713 βαπτίσματος
802 2644 982 2713 χάριτι
999 2646 1298 2715 παρθρῶσιν
1316 2647 1380 2700 δι’
1410 2649 1619 2719 ἀπάτης
1639 2652 1766 2703 ἐπ’

232 2733 328 2792 τους
355 2734 706 2803 παράγοντες,
740 2736 832 2787 καὶ
864 2734 941 2805 τῷ
972 2735 1145 2789 δοκεῖν
1188 2738 1367 2807 μόνον,
1394 2742 1512 2811 οὐχὶ
1553 2742 1630 2811 τῷ
1658 2744 1769 2798 δντι

232 2819 538 2892 γεννώμενοι.
580 2823 651 2877 Ἦ
671 2823 779 2894 γὰρ
798 2825 887 2878 διὰ
926 2826 1026 2896 τῆς
1055 2830 1460 2903 ἁναγεννήσεως
1512 2838 1766 2909 γινομένη

233 2915 310 2981 τῆς
330 2913 457 2997 ζωῆς
484 2915 648 2983 ἡμῶν
668 2918 1049 2987 μεταποίησις,
1074 2922 1172 2973 οὐκ
1190 2921 1255 2974 ἂν
1280 2923 1363 2993 εἴη
1394 2927 1765 2997 μεταποίησις,

236 3002 272 3051 εἰ
297 3004 343 3052 ὲν
436 3006 608 3073 ἐσμεν
651 3004 1019 3076 δισμένοιμεν.
1066 3009 1171 3061 Τὸν
1200 3010 1307 3080 γάρ
1342 3013 1397 3063 ἐν
1430 3016 1542 3077 τοῖς
1584 2995 1766 3080 αυτοῖς

234 3094 357 3157 ὂντα,
382 3096 473 3147 οὐκ
510 3092 636 3149 οἶδα
674 3097 788 3159 πῶς
818 3095 963 3149 ἐστιν
1003 3099 1158 3153 ἄλλον
1187 3100 1306 3156 τινὰ
1336 3104 1660 3176 γεγενῆσθαι
1685 3124 1767 3159 νο-
1794 3132 1834 3187 C

235 3184 375 3251 μίσαι,
415 3189 495 3255 ἐφ’
526 3184 593 3242 οὗ
626 3190 792 3259 μηδὲν
828 3191 935 3243 τῶν
972 3194 1366 3263 γνωρισμάτων
1416 3200 1762 3271 μετεποιήθη.

228 3272 288 3325 Τὸ
313 3274 405 3345 γάρ
432 3278 520 3329 ἐπὶ
553 3278 941 3349 ἀνακαινισμῷ
975 3282 1066 3333 καὶ
1098 3286 1163 3353 τῇ
1215 3285 1482 3357 μεταϐολῇ
1530 3289 1628 3358 τῆς
1668 3290 1767 3358 φύ-

232 3380 341 3427 σεως
360 3368 503 3437 ήμῶν
529 3369 637 3439 τὴν
668 3372 932 3440 σωτήριον
956 3372 1471 3443 παραλαμϐάνεσθαι
1492 3379 1763 3451 γέννησιν,

231 3460 361 3510 παντὶ
393 3462 540 3531 δῆλόν
584 3466 755 3517 ὲστιν.
815 3464 973 3518 ’Ᾱλλὰ
1022 3466 1128 3535 μὴν
1174 3468 1588 3541 ήάνθρωπότης
1630 3474 1765 3543 αὐτή

231 3548 326 3599 καθ’
346 3552 528 3623 ἑαυτήν
566 3554 874 3625 μεταϐολὴν
903 3556 967 3608 ἐκ
994 3555 1086 3608 τοῦ
1111 3556 1485 3629 βαπτίσματος
1513 3563 1571 3613 οὐ
1602 3580 1767 3633 προσ-

232 3640 366 3702 ίεται,
392 3643 506 3696 οὔτε
540 3645 609 3697 τὸ
644 3646 886 3713 λογικὸν,
915 3647 1035 3699 οὔτε
1073 3647 1132 3700 τὸ
1165 3649 1521 3720 διανοητικὸν,
1554 3653 1677 3706 οὔτε
1706 3654 1765 3706 τὸ

229 3732 493 3804 ἐπιστήμης
538 3738 823 3801 δεκτικὸν,
874 3739 991 3792 οὐδὲ
1041 3741 1167 3794 ἄλλο
1211 3758 1262 3794 τι
1292 3743 1399 3795 τῶν
1427 3762 1763 3815 χαρακτηρι-

230 3822 396 3885 ζὸντων
439 3828 582 3891 ἰδίως
627 3832 725 3899 τὴν
758 3830 1103 3902 ἀνθρωπίνην
1144 3832 1304 3899 φύσιν
1330 3834 1387 3885 ὲν
1414 3836 1764 3905 μεταποιήσει

230 3914 420 3978 γίνεται.
462 3921 571 3973 Καὶ
605 3920 712 3991 γὰρ
750 3922 816 3975 ἂν
854 3924 990 3994 πρὸς
1028 3925 1089 3977 τὸ
1122 3929 1300 3996 χεῖρον
1335 3928 1366 3996 ή
1414 3928 1765 3997 μεταποίησις

231 4009 311 4078 είη,
339 4011 381 4061 εἰ
420 4028 457 4063 τι
478 4014 690 4065 τούτων
712 4014 1077 4087 ὐπαμειφθείη
1107 4016 1216 4068 τῶν
1242 4016 1385 4069 ἰδίων
1408 4017 1507 4087 τῆς
1529 4018 1759 4086 φύσεως.

231 4100 275 4151 Εἰ
319 4098 461 4172 οὗνή
512 4105 721 4157 ἄνωθεν
774 4106 1024 4176 γέννησις
1077 4108 1515 4177 ἀναστοιχείωσίς
1566 4126 1623 4161 τε
1670 4109 1763 4162 τοῦ

231 4191 472 4263 ἀνθρώπου
488 4196 726 4263 γίνεται,
748 4197 921 4251 ταῦτα
951 4199 1006 4251 δὲ
1033 4199 1129 4270 τὴν
1165 4201 1467 4270 μεταϐολὴν
1494 4202 1554 4254 οὐ
1593 4220 1757 4273 προσο

2473 2278 2702 2334 CAPUT
2734 2278 2844 2333 XL.

1949 2376 2052 2432 Sed
2074 2376 2202 2430 mihi
2234 2391 2341 2428 non
2378 2374 2593 2426 videtur
2620 2373 2923 2427 catechesis
2951 2386 3122 2440 usque
3150 2371 3214 2423 ad
3247 2385 3309 2424 ea
3328 2384 3450 2439 qua:

1878 2471 2026 2524 dicta
2064 2478 2193 2523 sunt
2226 2468 2528 2522 doctrinam
2562 2466 2763 2519 habere
2807 2463 3181 2518 suﬂicicntem.
3225 2460 3449 2531 Oportet

1874 2561 2040 2623 enim,
2071 2560 2284 2630 Opinor,
2315 2559 2366 2611 id
2399 2572 2616 2627 quoque
2646 2555 2790 2626 quod
2824 2563 3010 2625 postea
3046 2554 3294 2624 sequitur
3317 2568 3448 2608 cou-

1874 2650 2134 2715 siderare,
2162 2650 2306 2720 quod
2344 2650 2498 2703 multi
2535 2649 2815 2719 negligunt
2842 2664 2907 2703 ex
2950 2649 3016 2702 iis
3046 2649 3137 2717 qui
3178 2649 3449 2703 accedunt

1871 2741 1939 2795 ad
1970 2743 2194 2810 gratiam
2243 2740 2607 2811 baptismatis,
2662 2739 2876 2807 seipsos
2905 2739 2957 2791 in
3000 2737 3242 2791 fraudem
3283 2737 3445 2791 indu-

1870 2843 2075 2897 centes,
2110 2834 2254 2901 quod
2287 2834 2573 2886 videantur
2601 2838 2834 2893 tantum,
2884 2840 2933 2884 et
2967 2846 3073 2882 nou
3113 2830 3223 2883 sint
3256 2843 3445 2883 revera

1869 2924 2133 2991 generati.
2183 2921 2317 2975 Nam
2351 2938 2469 2991 qua:
2507 2936 2604 2990 per
2652 2919 3114 2988 regenerationem
3155 2926 3356 2972 nostrae
3387 2917 3445 2970 lit

1870 3014 1994 3067 vitae
2036 3012 2445 3073 transmutatio,
2499 3027 2608 3065 non
2641 3010 2803 3064 fuerit
2844 3009 3250 3070 transmutatio,
3309 3007 3353 3061 si
3389 3008 3445 3061 in

1868 3120 1933 3159 eo
1968 3107 2021 3158 in
2054 3122 2163 3175 quo
2194 3120 2405 3166 sumus,
2438 3118 2838 3172 permanemus.
2870 3100 3002 3153 Nam
3035 3100 3126 3169 qui
3167 3100 3218 3152 in
3250 3098 3441 3154 iisdem

1868 3208 2141 3257 versatur,
2190 3210 2294 3248 non
2348 3194 2503 3247 video
2538 3193 2994 3263 quemadmmlum
3043 3190 3445 3245 existimandus

1869 3287 1940 3341 sit
1973 3287 2149 3339 fat-tus
2188 3300 2310 3340 esse
2345 3286 2506 3348 alius,
2557 3285 2609 3337 in
2651 3298 2760 3353 quo
2790 3282 2922 3335 nihil
2970 3289 3053 3336 est
3086 3290 3348 3334 mutatum
3375 3296 3443 3336 ex

1870 3377 1937 3432 iis
1960 3378 2161 3447 quibus
2189 3378 2555 3447 cognoscitur.
2589 3376 2742 3441 Quod
2766 3376 2908 3429 enim
2937 3373 3001 3427 ad
3039 3374 3442 3427 renovationem

1866 3477 1919 3522 et
1959 3469 2311 3521 mutationem
2360 3474 2560 3521 nostra:
2596 3474 2803 3519 natura:
2838 3464 3094 3519 salutaris
3134 3471 3444 3517 assumatur

1866 3560 2164 3628 generatio,
2188 3558 2363 3613 cuivis
2390 3566 2473 3612 est
2505 3558 2877 3627 perspicuum.
2902 3558 3062 3626 Atqui
3098 3558 3213 3626 ipsa
3253 3556 3444 3608 huma-

1867 3649 2013 3703 nitas
2048 3665 2144 3720 per
2188 3665 2245 3703 se
2294 3648 2651 3701 mutationem
2688 3663 2793 3700 non
2845 3646 3084 3698 admittit
3138 3647 3190 3698 in
3226 3645 3437 3713 baptis-

1868 3752 2030 3802 mate,
2088 3757 2263 3811 neque
2310 3741 2392 3794 vis
2451 3738 2813 3795 ratiocinandi
2868 3747 2921 3791 et
2985 3736 3320 3806 intelligendi
3386 3745 3441 3790 et

1867 3832 2151 3887 scientiam
2204 3830 2560 3902 percipiendi,
2612 3845 2788 3900 neque
2838 3828 3041 3899 aliquid
3098 3827 3243 3881 aliud
3275 3826 3442 3881 exiis

1867 3936 1986 3991 quae
2015 3922 2307 3975 humanam
2342 3928 2591 3973 naturam
2626 3920 2843 3989 proprie
2887 3919 3221 3987 exprimunt,
3260 3927 3414 3972 trans

1866 4021 2149 4078 mutatur;
2204 4022 2349 4066 esset
2380 4012 2781 4066 enim-mutatio
2810 4012 2863 4063 in
2911 4009 3172 4073 deterius,
3223 4008 3268 4062 si
3309 4008 3437 4077 quid

1866 4105 2139 4157 deleretur
2173 4120 2237 4157 ex
2272 4104 2335 4157 iis
2364 4118 2483 4171 qua:
2515 4110 2644 4156 sunt
2688 4101 2907 4170 propria
2960 4109 3183 4153 naturai.
3221 4097 3278 4151 Si
3308 4115 3440 4169 ergo

1865 4212 1985 4265 qua!
2016 4198 2071 4249 lit
2104 4196 2337 4264 desuper
2373 4195 2675 4264 generatio,
2710 4192 3028 4247 reformatio
3058 4191 3303 4260 quazdam
3353 4199 3439 4244 est.

231 4284 370 4351 ξεται,
398 4289 658 4341 σκεπτέον
705 4290 849 4353 τίνος
893 4290 1374 4361 μεταποιηθέντος,
1421 4292 1634 4363 ἐντελὴς
1667 4296 1765 4365 τῆς

1874 4288 2102 4342 hominis
2129 4330 2142 4351 ,
2196 4288 2309 4341 lucc
2344 4296 2522 4340 autem
2576 4287 2925 4339 mutationem
2975 4300 3081 4337 non
3115 4284 3433 4347 admittunt,

229 4375 600 4449 ἁναγεννήσεως
627 4383 661 4450 ή
693 4382 850 4451 χάρις
894 4382 1028 4435 ἐστί.
1073 4382 1322 4452 Δηλονότι
1365 4383 1472 4437 τῶν
1514 4385 1763 4455 πονηρῶν

1874 4380 2321 4435 considerandum
2353 4388 2436 4433 est
2458 4394 2693 4448 quanam
2723 4378 2937 4431 tandem
2965 4392 3023 4430 re
3049 4383 3251 4430 mutata
3279 4391 3436 4446 rege-

230 4471 585 4538 γνωρισμάτων
639 4467 1058 4539 ὲξαλειφθὲντων
1108 4473 1204 4543 τῆς
1251 4472 1466 4541 φύσεως
1508 4474 1697 4545 ἡμῶν,
1731 4477 1764 4545 ή

1874 4472 2175 4526 nerationis
2206 4473 2376 4541 gratia
2414 4471 2742 4541 perﬁciatur.
2776 4470 2929 4524 Malis
2960 4469 3169 4523 scilicet
3198 4470 3344 4524 notis
3383 4477 3438 4524 et

1861 4566 2032 4631 signis
2064 4580 2128 4618 ex
2160 4565 2341 4617 anima
2389 4572 2576 4617 nostra
2611 4563 2825 4624 deletis,
2883 4562 2940 4615 ίΞι
2984 4562 3250 4615 transitus
3285 4562 3350 4615 ad
3382 4562 3435 4615 id

1863 4657 2007 4725 quod
2037 4668 2117 4713 est
2147 4657 2361 4710 melius.
2395 4654 2448 4708 Si
2475 4672 2624 4724 ergo,
2652 4664 2709 4708 ut
2733 4655 2864 4709 dicit
2888 4654 3172 4724 propheta,
3205 4654 3437 4725 mystico

1862 4751 2081 4804 lavacro
2113 4751 2226 4811 loti,
2264 4750 2450 4803 mundi
2480 4749 2800 4810 elliciamur,
2843 4762 3063 4817 pravam
3100 4748 3435 4801 voluntatem

1862 4852 1914 4896 et
1936 4843 2075 4894 mala
2101 4840 2280 4895 studia
2305 4856 2366 4893 ac
2393 4840 2641 4894 instituta
2661 4840 2906 4893 eluentes
2928 4853 2991 4891 ex
3017 4838 3236 4897 animis,
3262 4835 3434 4890 effecti

1864 4950 2055 4988 sumus
2098 4933 2371 4995 meliores,
2408 4942 2462 4986 et
2491 4932 2838 4985 transmutati
2880 4946 3072 4984 sumus
3104 4932 3156 4983 in
3193 4928 3244 4982 id
3288 4928 3434 4996 quod

1863 5038 1944 5079 est
1975 5026 2191 5080 melius.
2220 5027 2316 5079 Sin
2347 5033 2526 5079 autem
2563 5025 2837 5077 lavacrum
2877 5022 3099 5093 quidem
3132 5020 3433 5074 adhibitum

1863 5117 1933 5170 sit
1951 5116 2191 5184 corpori,
2213 5116 2392 5169 anima
2418 5121 2596 5168 autem
2620 5120 2864 5166 motuum
2887 5123 2937 5167 et
2962 5111 3431 5182 perturbationum

1861 5208 2108 5261 maculas
2159 5223 2265 5260 non
2301 5206 2525 5269 eluerit,
2567 5206 2658 5260 sed
2702 5220 2821 5274 qua:
2862 5211 2984 5272 post
3034 5210 3432 5256 sacramentum

1864 5307 2177 5368 susceptum
2207 5299 2418 5369 degitur
2448 5301 2575 5361 vita,
2608 5297 2863 5351 convenit
2905 5296 2954 5349 ei
2987 5309 3107 5363 qua:
3139 5292 3435 5362 dcgebatur

1866 5392 2177 5460 priusquam
2205 5398 2545 5445 sacramento
2572 5389 2907 5442 initiaretur:
2938 5385 3151 5439 etiamsi
3180 5384 3231 5437 id
3252 5384 3432 5438 dicere

1866 5483 1938 5537 sit
1968 5482 2252 5545 audacius,
2284 5480 2459 5534 dicam
2496 5490 2698 5543 tamen,
2720 5494 2817 5533 nec
2842 5485 3090 5530 avertar:
3123 5475 3251 5542 Qua:
3281 5474 3333 5527 in
3364 5474 3431 5527 iis

1867 5573 2107 5627 adhibita
2158 5582 2241 5627 est
2294 5586 2455 5641 aqua,
2496 5584 2637 5639 aqua
2687 5576 2792 5633 est,
2838 5582 2959 5620 cum
3012 5566 3214 5619 donum
3257 5563 3432 5618 sancti

233 4556 339 4624 πρὸς
364 4559 418 4611 τὸ
441 4564 687 4631 κρεῖττον
719 4562 1044 4632 μετάστασις
1066 4564 1293 4630 γίνεται.
1324 4565 1531 4618 Οὐκοῦν
1564 4568 1632 4629 εί,
1665 4584 1765 4619 κα-

232 4646 315 4709 θώς
359 4669 511 4720 φησιν
570 4654 601 4704 ὁ
659 4655 971 4723 προφήτης,
1021 4655 1341 4725 λουσάμενοι
1390 4658 1467 4729 τῷ
1521 4660 1766 4730 μυστικῷ

230 4738 370 4809 τούτῳ
406 4741 645 4815 λουτρῷ,
676 4744 906 4815 καθαροὶ
942 4746 1040 4809 τὰς
1072 4749 1417 4820 προαιρέσεις
1454 4751 1762 4823 γινοίμεθα,

229 4828 305 4891 τὰς
346 4836 598 4905 πονηρίας
642 4835 749 4888 τῶν
793 4836 978 4906 ψυχῶν
1016 4839 1447 4906 ἀποκλύσαντες,
1486 4843 1766 4920 κρείττους

228 4923 509 4993 γεγόναμεν,
537 4928 633 4980 καὶ
661 4927 795 4995 πρὸς
828 4928 888 4979 τὸ
911 4932 1154 4999 κρεῖττον
1176 4934 1675 5004 μεταπεποιήμεθα.
1700 4935 1763 4987 Et

228 5008 271 5060 δὲ
295 5012 347 5063 τὸ
390 5014 609 5086 λουτρὸν
657 5018 757 5085 μὲν
790 5017 1051 5088 ὲπαχθείη
1094 5020 1171 5090 τῷ
1200 5022 1431 5092 σώματι,
1471 5026 1503 5093 ή
1535 5024 1592 5077 δὲ
1620 5024 1763 5095 ψυχὴ

227 5100 305 5162 τὰς
329 5104 581 5173 ἐμπαθεῖς
610 5106 835 5178 κηλίδας
882 5109 954 5180 μὴ
982 5112 1367 5183 ἀποῤῥίψοιτο·
1415 5113 1530 5167 ἀλλ’
1568 5115 1596 5165 ὁ
1630 5116 1765 5185 μετὰ

226 5190 303 5259 τήν
333 5196 518 5266 μύησιν
548 5197 659 5267 βίος
693 5199 981 5269 συμϐαίνει
1010 5203 1087 5272 τῷ
1115 5206 1346 5275 ἀμυήτῳ
1373 5205 1490 5276 βίῳ,
1523 5207 1624 5261 κᾶν
1648 5208 1765 5261 τολο

230 5285 372 5354 μηρὸν
403 5291 571 5343 εἰπεῖν
602 5287 658 5362 ᾗ,
685 5290 854 5355 λέξω,
894 5294 989 5347 καὶ
1018 5295 1121 5349 οὐκ
1150 5297 1639 5368 ἀποτραπήσομαι,
1676 5300 1756 5352 ὅτι

228 5374 301 5425 ἐπὶ
327 5382 516 5433 τούτων
535 5383 596 5434 τὸ
624 5381 788 5453 ὕδωρ,
810 5382 951 5455 ὕδωρ
972 5386 1148 5449 ἐστὶν,
1171 5386 1402 5457 οὐδαμοῦ
1424 5388 1523 5457 τῆς
1552 5389 1757 5458 δωρεᾶς

228 5464 301 5515 τοῦ
324 5468 463 5536 ἁγίου
492 5474 806 5543 Πνεύματος
836 5478 1191 5548 ἐπιφανείσης
1215 5477 1289 5549 τῷ
1322 5479 1606 5550 γινομένῳ,
1633 5480 1758 5533 ὅταν

232 5555 291 5627 μὴ
316 5560 456 5629 μόνον
482 5564 541 5617 τὸ
563 5566 705 5620 κατὰ
731 5568 824 5620 τὸν
859 5568 1028 5640 θυμὸν
1051 5566 1238 5640 αἶσχος
1264 5571 1458 5644 ὑϐρίζῃ
1480 5572 1578 5643 τῆν
1610 5572 1759 5626 θείαν

310 5739 518 5799 “Joan.
550 5760 628 5812 ιιι,
662 5744 701 5799 2
732 5761 854 5817 sqq.
