3978 6484
489 379 591 434 105

1758 375 1817 429 S.
1860 374 2192 431 GREGORII
2217 372 2514 429 NYSSENI

3629 373 3735 429 105

490 492 728 562 Spiritus
750 491 797 546 ei
829 492 923 560 qui
947 497 1239 561 generatur
1267 489 1491 543 minime
1519 487 1819 558 advenerit,
1843 492 2062 561 quando

2173 492 2403 562 μορφὴν,
2439 491 2472 561 ἢ
2503 491 2562 543 τὸ
2593 487 2734 544 κατά
2777 489 3087 556 πλεονεξίαν
3122 489 3318 553 πάθος,
3351 490 3443 543 καὶ
3470 493 3503 561 ἡ
3538 491 3740 544 ἀκόλα-

487 601 596 639 ιιοη
627 585 800 638 solum
829 583 998 636 animi
1036 583 1317 654 turpitudo
1341 581 1568 635 formam
1597 583 1836 638 divinam
1861 585 2064 653 prohro

486 676 670 737 allicit,
709 683 803 726 aut
843 674 1036 726 vitium
1083 674 1344 738 avaritiae,
1377 673 1793 743 impudicusque
1828 683 1882 728 et
1912 675 2066 728 inho-

486 773 680 818 nestus
727 763 966 828 animus,
998 762 1304 832 fastosque,
1361 770 1412 816 et
1449 761 1671 826 invidia,
1705 771 1758 817 et
1783 764 2061 833 superbia,

487 855 580 912 sed
615 864 669 909 et
701 855 853 909 lucra
891 870 1013 924 qua:
1049 853 1176 908 fecit
1205 870 1268 908 ex
1299 853 1587 922 injustitia,
1622 855 1764 924 apml
1793 872 1914 908 cum
1951 873 2066 926 per-

487 959 733 1013 manent,
760 958 813 1002 et
836 963 956 1018 qua:
985 947 1256 1001 adulterio
1283 955 1365 1000 est
1389 947 1435 999 ei
1464 954 1653 1014 parata
1684 948 1877 1000 mulier
1901 948 2063 1001 etiam

484 1050 675 1112 postea
699 1040 819 1108 ejus
848 1040 1014 1092 servit
1041 1038 1433 1106 voluptatibus.
1462 1037 1517 1090 Si
1551 1038 1684 1100 haec,
1710 1046 1762 1092 et
1793 1054 1913 1108 quae
1937 1047 2066 1094 sunt

487 1129 823 1199 hujusmodi,
861 1144 971 1182 non
1029 1143 1190 1182 secus
1240 1135 1404 1195 atque
1457 1127 1631 1195 prius,
1686 1137 1813 1182 sunt
1860 1129 1914 1180 in
1956 1127 2066 1181 vita

486 1226 609 1295 ejus
631 1224 722 1294 qui
753 1223 960 1276 tinctus
988 1221 1091 1275 fuit
1119 1220 1466 1288 baptismate,
1497 1234 1604 1274 non
1636 1234 1856 1289 possum
1888 1219 2068 1274 videre

486 1319 540 1373 in
559 1333 794 1388 quonam
827 1317 897 1371 sit
915 1323 1175 1379 mutatus,
1204 1330 1328 1368 cum
1355 1313 1603 1368 eumdem
1627 1313 1887 1382 aspiciam
1906 1327 2066 1382 quem

487 1405 662 1476 prius,
693 1405 784 1473 qui
816 1404 994 1458 fuerat
1024 1402 1224 1471 injuria
1253 1401 1496 1462 affectus,
1530 1401 1620 1471 qui
1648 1401 1937 1456 calumniis
1971 1416 2067 1470 ap-

488 1500 710 1566 petitus,
741 1499 833 1566 qui
872 1496 1028 1550 bonis
1061 1494 1175 1550 suis
1204 1509 1428 1548 eversus
1459 1509 1523 1546 ac
1569 1492 1834 1561 dejectus,
1865 1492 2064 1544 nullam

487 1589 678 1642 videns
723 1589 1076 1641 mutationem
1132 1586 1253 1655 ejus
1304 1585 1395 1654 qui
1447 1592 1532 1640 est
1589 1593 1899 1655 generatus.
1948 1581 2066 1636 Non

490 1676 780 1730 audierunt
808 1676 874 1729 ab
902 1691 967 1731 eo
991 1692 1177 1730 vocem
1209 1675 1419 1730 Zachzei
1444 1692 1456 1727 :
1488 1674 1549 1730 Si
1577 1691 1726 1745 quem
1755 1674 2066 1727 circumveni

488 1783 578 1836 per
609 1767 952 1829 calumniam,
989 1766 1148 1820 reddo
1180 1767 1533 1837 quadruplum
1557 1765 1622 1818 ²¹.
1652 1765 1782 1829 Qua:
1813 1756 2066 1818 dicebant

2167 603 2288 648 στος
2318 586 2408 638 καὶ
2436 587 2468 654 ἡ
2495 585 2757 654 ἀσχήμων
2789 582 3014 646 διάνοια,
3043 584 3136 635 καὶ
3160 582 3323 650 τύφος
3341 623 3357 648 ,
3381 583 3476 636 καὶ
3505 583 3700 651 φθόνος
3721 621 3736 643 .

2164 679 2259 731 καὶ
2308 676 2689 748 ὐπερηφανίασ
2739 675 2875 729 ἀλλά
2927 676 3018 728 καὶ
3077 674 3145 727 τά
3197 673 3254 740 ἐξ
3306 674 3516 738 ἀδικίας
3567 673 3739 743 κέρδη

2165 768 2459 841 παραμένῃ
2507 766 2655 837 αὐτῷ
2700 768 2792 819 καὶ
2838 767 2871 835 ή
2909 767 2970 818 ὲκ
3003 765 3246 835 μοιχείας
3288 763 3438 833 αὐτῷ
3475 764 3740 832 κτηθεῖσα

2165 862 2301 932 γυνὴ
2351 863 2470 923 ταῖς
2511 859 2727 929 ἡδοναῖς
2765 856 2928 911 αὑτοῦ
2960 857 3054 908 καὶ
3087 854 3225 926 μετά
3261 853 3418 908 τοῦτο
3449 855 3742 925 ὑπηρετεῖ-

2165 971 2253 1006 ται
2313 952 2436 1005 Ἐὰν
2465 951 2639 1004 ταῦτα
2667 951 2761 1003 καὶ
2790 947 3010 1001 τοιαῦτα
3040 947 3238 1017 ὁμοίως
3261 945 3521 1017 πρότερόν
3551 962 3611 996 τε
3639 944 3740 997 καὶ

2169 1047 2308 1113 μετά
2349 1044 2518 1096 ταῦτα
2567 1042 2695 1114 περὶ
2740 1041 2829 1093 τὸν
2877 1039 2986 1110 βίον
3021 1039 3115 1091 τοῦ
3151 1036 3536 1107 βαπτισθέντος
3570 1031 3627 1108 ᾖ,
3681 1037 3740 1088 τί

2171 1135 2601 1207 μεταπεποίηται
2654 1133 2779 1187 ἰδεῖν
2822 1132 2921 1185 οὐκ
2973 1130 3052 1183 ἔτι
3083 1140 3098 1152 ·
3125 1129 3216 1182 τὸν
3270 1129 3432 1186 αὐτήν
3487 1129 3736 1198 βλέπων,

2166 1232 2334 1300 ὅνπερ
2367 1229 2460 1282 καὶ
2503 1227 2762 1299 πρὰτερον
2782 1267 2795 1288 ,
2827 1226 2854 1278 ὁ
2880 1221 3236 1293 ἠδικημένος,
3275 1222 3303 1273 ὁ
3335 1236 3736 1290 σεσυκοφαντη-

2169 1322 2360 1392 μένος,
2403 1323 2430 1374 ὁ
2458 1319 2565 1372 τῶν
2601 1318 2742 1371 ἰδίων
2784 1315 3086 1378 ἀπωσθεὶς,
3123 1313 3374 1382 οὐδεμίαν
3423 1312 3620 1381 ὁρῶσιν
3647 1313 3737 1378 ἐφ’

2167 1414 2372 1467 ἑαυτῶν
2413 1413 2512 1480 τὴν
2541 1409 2634 1462 τοῦ
2680 1408 2969 1477 λεγομένου
3005 1405 3320 1476 μεταϐολήν.
3357 1404 3470 1455 Οὐκ
3498 1404 3738 1472 ἥκουσαν

2167 1507 2262 1559 καὶ
2291 1504 2440 1574 παρά
2463 1502 2651 1556 τούτου
2694 1502 2791 1572 τὴν
2824 1499 3089 1569 Ζακχαίου
3120 1498 3302 1567 φωνήν
3323 1536 3336 1556 ,
3375 1496 3456 1548 ὅτι
3479 1494 3551 1548 ΕΖ
3574 1495 3740 1558 τινός

2167 1615 2221 1650 τι
2281 1593 2788 1663 ἐσυκοφάντησα,
2853 1588 3176 1657 ἀποδίδωμι
3235 1585 3735 1654 τετραπλασίων.

2173 1691 2240 1740 Ἀ
2291 1688 2395 1758 πρὸ
2427 1685 2519 1739 τοῦ
2555 1684 2923 1754 βαπτίσματος
2971 1681 3181 1748 ἔλεγον,
3211 1678 3281 1732 τὰ
3316 1678 3454 1731 αύτά
3496 1677 3588 1730 καὶ
3638 1677 3739 1730 νῦν

2170 1780 2297 1850 περὶ
2328 1777 2420 1830 τοῦ
2454 1777 2614 1830 αὑτοῦ
2648 1775 3105 1846 διεξέρχονται,ὲκ
3127 1770 3232 1823 τῶν
3260 1770 3433 1824 αὐτῶν
3459 1769 3739 1837 ὀνομάτων

491 1866 617 1913 ante
649 1859 1008 1928 baptismum,
1046 1857 1236 1912 eadem
1277 1859 1442 1912 etiam
1472 1857 1539 1911 dc
1572 1871 1638 1910 eo
1675 1872 1822 1910 nunc
1851 1856 2060 1918 dicunt,

2173 1870 2613 1940 κατονομάζουσι.
2639 1867 2982 1934 πλεονέκτην,
3018 1863 3122 1914 τῶν
3146 1861 3436 1932 ἀλλοτρίων
3464 1859 3738 1930 ἐπιθυμη-

491 1959 545 2004 et
605 1951 795 2005 iisdem
855 1951 1018 2004 etiam
1078 1950 1393 2004 nominibus
1449 1949 1763 2018 appellant,
1816 1964 2061 2013 avarum,

492 2045 794 2098 alienorum
829 2043 1096 2097 bonorum
1134 2051 1498 2114 appetentem,
1539 2060 1603 2099 ex
1656 2043 1934 2097 hominum
1968 2059 2062 2097 ca-

491 2134 830 2190 lamitatibus
865 2134 1095 2189 delicias
1149 2135 1250 2188 sibi
1288 2146 1590 2204 parantem.
1625 2132 1727 2200 Qui
1771 2149 1902 2204 ergo
1942 2149 2065 2188 ver-

493 2235 648 2280 satur
684 2227 736 2280 in
771 2227 986 2290 iisdem,
1035 2235 1090 2280 et
1141 2226 1338 2281 deinde
1371 2226 1541 2294 jactat
1576 2227 1630 2279 in
1661 2227 1860 2290 vulgus
1907 2241 2064 2280 suam

2166 1966 2288 2034 τὴν,
2323 1963 2431 2017 ἀπὸ
2466 1958 2757 2030 συμφορῶν
2801 1955 3149 2027 ἀνθρωπίνων
3178 1951 3482 2023 τρυφῶντα.
3530 1951 3589 2003 Ὀ
3621 1951 3739 2002 τοί-

2166 2072 2261 2109 νυν
2292 2057 2349 2107 ὲν
2376 2055 2487 2115 τοῖς
2526 2052 2705 2112 αὐτοῖς
2735 2047 2828 2113 ὢν,
2860 2046 3050 2100 ἔπειτα
3079 2042 3411 2116 έπιθρυλλῶν
3443 2042 3618 2112 ἑαυτῷ
3645 2041 3741 2095 διά

2166 2146 2258 2200 τοῦ
2301 2145 2670 2216 βαπτίσματος
2709 2140 2806 2210 τὴν
2857 2138 2992 2209 πρὸς
3023 2137 3084 2189 τὸ
3115 2139 3358 2208 κρεῖττον
3390 2134 3698 2206 μεταϐολὴν
3719 2173 3735 2196 ,

2167 2236 2449 2291 ἀκουσάτω
2476 2233 2573 2304 τῆς
2602 2231 2812 2286 Παύλου
2837 2229 3049 2299 φωνῆς’
3082 2228 3162 2280 ὅτι
3182 2227 3255 2278 ΕΖ
3283 2243 3371 2292 τις
3397 2223 3559 2278 δοκεῖ
3582 2221 3738 2277 εἶναι

492 2333 593 2388 per
626 2319 964 2386 baptismum
997 2318 1050 2372 in
1075 2319 1272 2373 melius
1296 2319 1672 2383 mutationem,
1702 2318 1887 2370 audiat
1910 2316 2064 2370 Pauli

2173 2328 2355 2400 μηδὲν
2407 2327 2508 2390 ὢν,
2556 2321 2903 2394 φρεναπατᾷ
2949 2320 3186 2377 ἑαυτόν.
3244 2321 3307 2373 ⁸’0
3361 2317 3469 2387 γὰρ
3521 2319 3594 2387 μὴ
3645 2316 3740 2383 γέ-

492 2425 679 2465 vocem
709 2429 723 2464 :
757 2411 818 2464 Si
844 2411 960 2478 quis
987 2410 1188 2464 videtur
1218 2409 1320 2463 sibi
1371 2426 1482 2463 esse
1512 2410 1736 2479 aliquid,
1785 2427 1900 2462 cum
1934 2410 2068 2463 nihil

486 2499 586 2562 sit,
616 2500 840 2566 seipsum
869 2500 1059 2567 decipit
1085 2499 1151 2552 ".
1178 2497 1295 2552 Non
1325 2513 1384 2553 es
1413 2500 1556 2552 enim
1586 2499 1728 2569 quod
1752 2515 1861 2552 non
1890 2498 2066 2553 iactus

493 2603 574 2643 es.
653 2587 960 2658 Quicunque
1017 2605 1134 2642 eum
1195 2598 1541 2657 acceperunt,
1606 2589 1674 2643 de
1733 2589 2066 2658 regeneratis

494 2681 628 2735 dicit
659 2680 1032 2752 Evangelium,
1077 2681 1221 2735 dedit
1264 2683 1337 2735 eis
1379 2691 1693 2751 potestatem
1742 2693 1796 2734 ut
1833 2683 1934 2751 filii
1975 2682 2067 2735 Dei

492 2772 766 2843 ﬁerent".
813 2774 915 2840 Qui
960 2783 1140 2827 autem
1193 2771 1372 2830 factus
1409 2783 1492 2830 est
1541 2775 1774 2846 alicujus
1826 2778 1986 2840 tilius,
2023 2777 2068 2831 is

494 2873 579 2918 est
611 2865 838 2918 omnino
884 2865 1132 2934 ejusdem
1171 2868 1387 2936 generis
1421 2867 1581 2936 cujus
1624 2868 1672 2922 is
1717 2868 1810 2938 qui
1859 2871 2064 2938 genuit.

498 2955 556 3010 Si
597 2972 728 3026 ergo
774 2955 943 3009 Deum
995 2957 1277 3026 accepisti,
1323 2969 1378 3011 et
1428 2958 1603 3014 factus
1658 2974 1718 3013 es
1766 2959 1859 3012 Dei
1904 2960 2068 3026 lilius,

495 3046 722 3100 ostende
751 3047 913 3099 etiam
967 3048 1043 3100 tui
1099 3048 1264 3100 animi
1302 3047 1470 3102 libero
1519 3051 1806 3120 proposito
1852 3067 1914 3105 ac
1953 3053 2067 3106 ele-

503 3136 691 3190 ctione
720 3135 884 3190 Deum
915 3136 1007 3206 qui
1049 3137 1100 3190 in
1158 3147 1208 3191 te
1243 3145 1348 3192 est.
1382 3140 1618 3194 Ostende
1667 3141 1721 3194 in
1750 3150 1801 3196 te
1825 3157 1948 3196 eum
1974 3143 2066 3211 qui

2167 2439 2327 2490 γονας
2358 2421 2456 2473 οὐκ
2483 2413 2550 2473 εἴ.
2583 2418 2756 2470 Ὅσοι
2787 2415 3008 2468 ἔλαϐον
3047 2414 3253 2472 αὐτὸν,
3289 2412 3423 2480 φησι
3459 2410 3586 2480 περὶ
3627 2407 3739 2460 τῶν

2167 2509 2634 2580 ἀναγεννηθέντων
2709 2508 2770 2560 τὺ
2827 2504 3190 2574 Εὐαγγέλιον,
3256 2503 3477 2557 ἔδωκεν
3533 2500 3741 2566 αὐτοῖς

2167 2604 2461 2668 ἐξουσίαν
2483 2601 2663 2654 τέκνα
2692 2597 2840 2652 Θεοῦ
2868 2595 3162 2666 γενέσθαι.
3187 2595 3259 2648 Τὸ
3288 2595 3344 2646 δὲ
3368 2594 3556 2648 τέκνον
3582 2592 3740 2661 γενό-

2172 2694 2328 2766 μενόν
2359 2709 2531 2756 τινος,
2579 2689 2833 2762 ὁμογενὲς
2857 2684 3074 2750 πάντως
3110 2686 3227 2739 ἐστὶ
3272 2685 3349 2756 τῷ
3393 2685 3736 2754 γεννήσαντι.

2168 2788 2232 2840 El
2285 2781 2377 2838 οῦν
2429 2783 2617 2846 ἔλαϐες
2662 2782 2750 2835 τὸν
2804 2780 2954 2843 Θεὸν,
2990 2779 3083 2830 καὶ
3131 2777 3321 2830 τέκνον
3354 2776 3538 2844 ἐγένου
3579 2773 3740 2834 Θεοῦ,

2168 2874 2337 2946 δεῖξον
2368 2876 2455 2930 διὰ
2480 2875 2577 2947 τῆς
2605 2872 2973 2945 προαιρέσεως
2990 2871 3084 2923 καὶ
3108 2869 3202 2921 τὸν
3230 2871 3286 2920 ἐν
3319 2867 3400 2919 σοὶ
3431 2867 3558 2919 ὅντα
3584 2865 3738 2918 Θεὸν.

2171 2971 2351 3035 Δεῖξον
2395 2971 2451 3022 ὲν
2500 2965 2710 3036 σεαυτῷ
2751 2963 2843 3016 τὸν
2877 2964 3227 3032 γεννήσαντα.
3261 2959 3349 3025 Ἐξ
3379 2952 3452 3012 ὧν
3487 2959 3576 3010 τὸν
3608 2957 3744 3009 Θεὸν

2171 3061 2507 3131 γνωρίζομεν
2529 3100 2540 3114 .
2575 3057 2642 3110 δι’
2677 3055 2898 3108 ἐκείνων
2923 3054 3187 3123 προσήκει
3211 3051 3484 3123 δειχθῆναι
3517 3048 3610 3102 τοῦ
3651 3065 3745 3115 γε-

2174 3153 2397 3223 νομένου
2435 3148 2554 3202 υἱοῦ
2604 3147 2737 3201 Θεοῦ
2780 3146 2876 3217 τὴν
2927 3145 3060 3215 πρὸς
3091 3145 3182 3196 τὸν
3235 3143 3366 3196 Θεὸν
3413 3141 3742 3209 οἰκειότητα.

499 3227 709 3298 genuit.
765 3226 868 3281 Per
923 3229 1014 3281 illa
1073 3245 1136 3283 ex
1177 3228 1378 3298 quibus
1435 3229 1604 3284 Deum
1661 3232 2066 3302 cognoscimus,

2187 3215 2450 3308 ’ἐκεῖνος
2462 3240 2683 3308 ἀνοίγει
2701 3238 2815 3306 τὴν
2837 3215 3025 3305 χεῖρα,
3053 3236 3149 3288 καὶ
3175 3231 3442 3303 ἐμπιπλᾷ
3460 3231 3581 3285 πᾶν
3597 3231 3747 3291 ζῶον

501 3327 719 3388 Oportet
757 3320 970 3373 ostendi
1006 3335 1129 3373 cum
1175 3319 1285 3376 Deo
1321 3322 1768 3391 conjunctionem
1800 3335 1851 3377 et
1883 3340 2071 3378 neces-

500 3410 798 3464 situdinem
828 3410 948 3480 ejus
993 3414 1086 3482 qui
1120 3413 1298 3468 factus
1330 3423 1414 3468 est
1451 3414 1596 3470 ﬁlius
1627 3416 1739 3470 Dei.
1773 3413 1875 3470 Ille
1902 3419 2068 3483 aperit

498 3519 735 3565 manum,
769 3512 816 3556 et
847 3505 1029 3572 implet
1087 3522 1236 3558 omne
1264 3507 1471 3560 animal
1500 3507 1635 3561 bona
1694 3509 1962 3563 voluntate
1982 3510 2029 3540 “
2057 3527 2070 3561 τ

497 3595 740 3648 transilit
784 3594 1137 3664 iniquitates.
1185 3597 1252 3652 de
1301 3598 1445 3652 malo
1501 3600 1610 3670 agit
1667 3601 2067 3669 paenitentiam.

501 3682 692 3736 Suavis
751 3683 1010 3739 Dominus
1067 3688 1363 3753 universis,
1413 3705 1517 3743 non
1570 3690 1731 3758 infert
1799 3693 1936 3745 iram
1979 3707 2073 3759 per

500 3773 735 3840 singulos
768 3772 878 3826 dies
905 3775 952 3805 ’⁵
987 3791 1005 3828 ;
1062 3787 1232 3830 rectus
1283 3777 1536 3832 Dominus
1569 3779 1743 3848 Deus,
1771 3793 1818 3835 et
1849 3799 1954 3836 non
1994 3793 2072 3836 est

499 3865 557 3919 in
585 3883 646 3920 eo
686 3869 941 3937 iniquitas
977 3870 1043 3931 “,
1077 3879 1129 3923 et
1171 3887 1513 3942 quazcunque
1563 3874 1874 3944 hujusmodi
1912 3893 2070 3946 spar-

502 3957 607 4012 sim
631 3958 894 4014 docemur
913 3977 943 4014 a
963 3977 1118 4015 sacra
1140 3961 1445 4032 Scriptura.
1476 3964 1531 4018 Si
1559 3967 1612 4020 in
1635 3967 1719 4022 his
1743 3971 2069 4031 vei-saliaris,

502 4051 684 4108 factus
722 4071 782 4109 es
831 4071 959 4111 vere
997 4056 1140 4111 [ilius
1201 4057 1316 4112 Dei.
1353 4056 1411 4112 Si
1465 4069 1646 4114 autem
1696 4079 1984 4131 permanes
2017 4065 2070 4118 in

501 4147 674 4215 signis
720 4149 972 4218 notisque
1009 4149 1147 4211 vitii,
1180 4158 1383 4205 temere
1429 4159 1479 4205 te
1524 4153 1590 4206 de
1628 4171 1862 4222 superna
1894 4159 2072 4224 jactas

504 4238 873 4304 generatione.
911 4238 1031 4293 Tibi
1078 4240 1222 4294 (licet
1258 4242 1538 4311 prophetia
1571 4264 1584 4297 :
1621 4244 1692 4296 Es
1722 4246 1867 4314 ﬁlius
1902 4248 2072 4300 homi-

503 4327 611 4388 nis,
646 4342 750 4379 non
777 4327 924 4394 ﬁlius
966 4328 1248 4382 Altissimi.
1302 4329 1494 4402 Diligis
1528 4336 1843 4400 vanitatem,
1877 4339 2072 4406 quieris

505 4416 836 4472 mendacium
879 4421 944 4471 ’⁷.
995 4419 1187 4476 Nescis
1245 4424 1387 4490 quod
1443 4424 1606 4478 homo
1658 4441 1765 4480 non
1825 4428 1985 4486 aliter
2014 4427 2071 4482 lit

503 4505 599 4563 Dei
633 4509 798 4573 illius,
828 4527 987 4581 quam
1019 4513 1064 4568 si
1104 4511 1197 4566 fiat
1230 4517 1503 4569 sanctus?

575 4599 810 4657 Necesse
836 4611 1016 4657 autem
1062 4604 1222 4659 fuerit
1273 4607 1436 4661 etiam
1479 4609 1564 4663 his
1603 4611 1805 4667 addere
1843 4613 1895 4667 id
1926 4614 2068 4684 quod

504 4699 698 4758 restat,
735 4709 928 4764 nempe
956 4696 1099 4764 quod
1156 4696 1296 4750 bona
1335 4715 1456 4768 quae
1508 4703 1562 4754 in
1615 4704 2075 4771 promissiouibus

507 4793 640 4837 sunt
687 4787 968 4854 proposita
1023 4788 1090 4842 iis
1124 4789 1214 4859 qui
1269 4798 1417 4845 recte
1447 4792 1741 4860 vixerunt,
1803 4811 1907 4849 non
1947 4805 2076 4852 sunt

504 4875 799 4943 ejusmodi,
852 4888 904 4930 ut
960 4880 1140 4934 verbis
1197 4883 1411 4950 possint
1467 4883 1727 4939 describi.
1786 4885 2074 4952 Quomodo

506 4966 675 5031 enim,
707 4985 829 5038 quae
868 4985 1042 5039 neque
1075 4973 1268 5026 oculus
1319 4974 1474 5036 vidit,
1509 4992 1609 5030 nec
1649 4979 1799 5033 auris
1843 4981 2074 5041 audivit.

508 5073 688 5129 neque
713 5060 769 5114 in
793 5075 887 5115 cor
911 5063 1149 5118 hominis
1167 5065 1537 5121 ascenderunt
1563 5069 1606 5099 "
1626 5069 1649 5123 ?
1672 5068 1855 5140 Neque
1883 5073 2081 5128 misera

506 5163 561 5208 et
609 5155 800 5211 dolore
840 5157 997 5226 plena
1053 5159 1166 5212 vita
1223 5174 1412 5214 eorum
1453 5164 1545 5231 qui
1586 5179 1952 5232 peccaverunt
2005 5179 2088 5221 est

509 5246 707 5302 similis
741 5248 837 5301 ulli
882 5265 944 5302 ex
1000 5249 1067 5304 iis
1097 5266 1217 5320 qua:
1268 5267 1490 5308 sensum
1528 5255 1618 5309 hic
1669 5257 1936 5312 cruciant.
1977 5257 2082 5312 Sed

513 5338 616 5392 etsi
651 5339 873 5409 aliquod
923 5357 986 5396 ex
1025 5343 1092 5398 iis
1121 5359 1241 5413 qua:
1272 5345 1382 5400 illic
1406 5355 1533 5402 sunt
1563 5351 1870 5412 tormentis,
1907 5352 2086 5404 nomi-

513 5437 700 5482 natum
740 5432 901 5487 fuerit
936 5435 1251 5489 nominibus
1278 5452 1396 5506 quae
1422 5439 1508 5492 hic
1535 5451 1664 5494 sunt
1689 5441 1931 5512 cognita,
1966 5458 2072 5496 non

509 5526 596 5571 est
660 5526 842 5576 tamen
896 5539 1119 5592 parvum
1171 5525 1492 5582 discrimen.
1549 5529 1682 5584 Nam
1741 5546 1870 5586 cum
1900 5532 2076 5602 ignem

2175 3335 2472 3400 εὐδοκίας,
2500 3331 2815 3403 ὑπερϐαίνει
2849 3329 3095 3398 ἀνομίας,
3120 3327 3368 3397 μετανοεῖ
3391 3324 3483 3376 ἐπὶ
3521 3318 3740 3380 κακίας.

2176 3426 2447 3497 Χρηστὸς
2476 3427 2688 3492 Κύριος
2714 3421 2839 3486 τοῖς
2867 3421 3162 3488 σύμπασι,
3186 3416 3267 3486 μὴ
3292 3416 3478 3486 ὀργὴν
3509 3414 3749 3480 ἐπάγων

2176 3521 2305 3574 καθ’
2322 3514 2843 3583 ἐκάστηνὴμέραν·
2865 3512 3045 3577 εὐθὺς
3063 3511 3272 3577 Κύριος
3289 3512 3321 3562 ὀ
3345 3507 3506 3572 Θεὸς,
3525 3506 3620 3558 καὶ
3635 3505 3748 3557 οὐκ

2177 3613 2348 3667 ἔστιν
2369 3609 2568 3664 ἀδικία
2591 3607 2660 3659 ἐν
2691 3601 2885 3669 αὐτῷ,
2935 3604 3030 3657 καὶ
3061 3603 3159 3656 ὅσα
3207 3600 3428 3654 τοιαῦτα
3473 3597 3746 3668 σποράδην

2179 3706 2328 3776 παρά
2357 3705 2456 3776 τῆς
2498 3703 2720 3775 Γραφῆς
2751 3697 3133 3771 διδασκόμεθα.
3179 3697 3303 3749 Ἐὰν
3336 3697 3394 3748 ὲν
3424 3694 3628 3755 τούτοις
3652 3689 3746 3762 ἧς,

2177 3794 2392 3865 ἀληθῶς
2436 3794 2622 3864 ἐγένου
2687 3791 2876 3845 τέκνον
2905 3789 3061 3843 Θεοῦ.
3097 3789 3159 3840 Ei
3200 3787 3257 3841 δὲ
3285 3789 3396 3849 τοῖς
3426 3784 3524 3855 τῆς
3550 3783 3747 3845 κακίας

2178 3888 2454 3958 ἐπιμένεις
2499 3885 2876 3956 γνωρίσμασι,
2933 3883 3106 3953 μάτην
3147 3878 3485 3951 ὲπιθρυλλεῖς
3535 3874 3748 3946 σεαυτῷ

2177 3981 2275 4050 τὴν
2320 3979 2525 4034 ἄνωθεν
2565 3977 2836 4046 γέννησιν.
2887 3976 3032 4042 Ἐρεῖ
3075 3973 3208 4044 πρὸς
3245 3971 3366 4040 σὲὴ
3409 3967 3744 4040 προφητεία,

2177 4074 2258 4124 ὅτι
2273 4073 2400 4137 Υἱὸς
2414 4069 2724 4139 ἀνθρώπου
2739 4065 2958 4135 simiai
2983 4065 3113 4129 υίὸς
3143 4064 3455 4132 Ὑψίστου.
3485 4057 3748 4126 Ἀγαπςῖς

2173 4165 2568 4233 ματαιότητα,
2625 4161 2811 4229 ζητεῖς
2863 4157 3108 4229 ψεῦδος.
3149 4158 3262 4210 Ούκ
3308 4155 3476 4225 ἔγνως
3521 4154 3603 4206 ὅτι
3653 4152 3748 4204 ἄν·

2180 4258 2394 4328 θρωπος
2432 4256 2532 4308 οὐκ
2571 4253 2744 4318 ἄλλως
2787 4253 2903 4315 υἱὸς
2942 4249 3075 4305 Θεοῦ
3127 4250 3362 4318 γίνεται,
3408 4248 3456 4300 εί
3491 4245 3565 4317 μὴ
3603 4246 3748 4307 ὅσιος

2180 4363 2402 4420 γενηται
2421 4363 2436 4412 ς

2261 4620 2579 4687 Ἀναγκαῖον
2607 4616 2672 4670 ἂν
2713 4615 2798 4685 εἴη
2834 4613 3041 4676 τούτοις
3072 4613 3382 4684 προσθεῖναι
3422 4612 3514 4664 καὶ
3541 4610 3601 4663 τὸ
3634 4611 3746 4662 λει-

2182 4713 2440 4781 πόμενον,
2484 4710 2564 4761 ὅτι
2596 4706 2716 4760 οὔτε
2750 4707 2818 4758 τὰ
2853 4703 3032 4772 ἀγαθά
3058 4702 3127 4755 τὰ
3155 4705 3210 4754 ὲν
3255 4699 3604 4769 ἐπαγγελίαις
3637 4702 3749 4762 τοῖς

2180 4801 2238 4860 εὖ
2271 4802 2556 4874 βεὸιωκόσι
2590 4799 2922 4871 προκείμενα
2951 4797 3172 4851 τοιαῦτά
3200 4799 3364 4852 ἐστιν.
3393 4795 3467 4857 ὡς
3497 4795 3576 4857 εἰς
3613 4795 3750 4846 ὑπο-

2179 4895 2396 4967 γραφὴν
2422 4894 2577 4962 λόγου
2607 4892 2798 4946 ὲλθεῖν.
2821 4890 2944 4954 Πῶς
2969 4890 3092 4960 γὰρ,
3114 4887 3148 4941 ὃ.
3164 4887 3288 4941 οὗτε
3309 4879 3750 4958 ὀφθαλμὸςεῖδεν,

2181 4986 2305 5040 οὔτε
2327 4982 2417 5050 οῦς
2445 4987 2694 5056 ἤκουσεν,
2719 4981 2843 5036 οὕτε
2866 4983 2958 5035 ἐπὶ
2985 4981 3208 5052 καρδίαν
3230 4978 3514 5050 ἀνθρώπου
3546 4971 3711 5042 ἀνέϐη
3733 4990 3748 5036 ;

2182 5077 2318 5130 υύτε
2351 5079 2457 5149 μην
2477 5079 2508 5144 ἡ
2526 5075 2745 5145 ἀλγεινὴ
2770 5074 2876 5128 τῶν
2907 5071 3441 5142 πεπλημμεληκότων
3472 5067 3585 5135 ζωὴ
3614 5065 3751 5134 πρὸς

2179 5187 2230 5222 τι
2262 5167 2368 5220 τῶν
2404 5167 2528 5238 τῇδε
2559 5165 2868 5219 λυπούντων
2897 5167 2995 5234 τὴν
3033 5163 3284 5232 αἴσθησιν
3309 5157 3583 5231 ὁμοτίμως
3616 5156 3750 5225 ἔχει.

2194 5259 2351 5312 Ἀλλὰ
2379 5258 2479 5312 κᾶν
2514 5256 2857 5328 ὲπονομασθῇ
2884 5273 2937 5309 τι
2969 5255 3074 5308 τῶν
3106 5256 3218 5307 ἐκεῖ
3241 5249 3611 5320 κολαστηρίων
3641 5252 3754 5309 τοῖς

2179 5344 2278 5402 ὧδε
2302 5350 2718 5420 γνωριζομένοις
2737 5349 3012 5419 ὀνόμασιν,
3033 5348 3133 5398 οὐκ
3156 5349 3211 5398 ἐν
3231 5343 3400 5414 ὀλίγῳ
3416 5341 3513 5412 τὴν
3544 5339 3757 5410 παραλ-

2181 5442 2352 5510 λαγὴν
2401 5441 2532 5511 ἔχει.
2583 5439 2695 5514 [Ιῦρ
2740 5440 2849 5511 γὰρ
2895 5437 3137 5500 ἀκούων,
3182 5433 3308 5488 ἄλλο
3338 5450 3392 5486 τι
3419 5430 3570 5502 παρά
3595 5426 3758 5482 τοῦτο

2187 5536 2325 5586 νοεῖν
2353 5533 2654 5605 ἐδιδάχθης,
2678 5535 2743 5586 ὲκ
2773 5531 2866 5586 τοῦ
2891 5527 3209 5606 προχεῖσθαί
3237 5545 3289 5581 τι
3308 5523 3385 5597 τῷ
3412 5523 3547 5595 πυρὶ
3565 5519 3760 5589 ἐκείνῳ

586 5715 636 5802 ἶ
661 5717 926 5802 Luc.xux_,
949 5724 1001 5779 8.
1052 5728 1328 5802 _f’_G:ilat.
1362 5731 1510 5792 v1.3.
1561 5732 1634 5802 κη
1673 5730 1830 5786 Joan.
1863 5747 1901 5792 ι,
1928 5732 1994 5785 12

2173 5732 2301 5789 Psal.
2333 5750 2510 5802 cxuv,
2551 5738 2639 5792 16.
2710 5739 2753 5769 ’⁵
2785 5735 2912 5792 Psal
2966 5751 3066 5800 vu,
3095 5736 3181 5790 ιε.
3260 5732 3306 5766 ’⁸
3335 5729 3478 5786 Psal.
3511 5724 3756 5792 xcu,i6.

513 5784 554 5814 ²⁷
595 5787 741 5844 Psal.
780 5809 852 5852 iv,
891 5795 942 5845 5.
1049 5797 1093 5830 η
1135 5784 1510 5864 Ιδιι.ι.χιι’,’4ς
1558 5784 1826 5863 tuoin
1862 5784 1913 5856 θ’.
