3978 6486
238 275 324 333 {05
1422 269 1676 327 ORATIO
1697 262 2195 327 CATECBETICA.

3317 272 3415 327 106

233 391 255 440 δ
286 390 336 443 ἐν
362 383 525 453 τούτῳ
559 380 657 436 οὐκ
683 380 813 435 ἔστι.
849 382 919 436 Τὸ
947 383 1045 455 μὲν
1077 386 1183 456 γὰρ
1206 385 1265 439 ού
1296 385 1603 440 σϐέννυται⁹
1635 389 1748 439 τού-

1858 386 2035 449 audis,
2060 386 2301 442 didicisti
2325 387 2558 457 aliquem
2580 385 2649 441 ab
2680 389 2773 443 illo
2792 391 3066 444 diversum
3090 388 3414 459 intelligere,

230 494 307 529 του
350 475 404 527 δὲ
442 473 611 526 πολλὰ
654 474 801 543 παρὰ
843 475 943 543 τῆς
974 476 1165 546 πείρας
1212 475 1494 548 ἐξεύρηται
1526 465 1592 531 τά
1632 478 1753 530 σϐεο

230 570 397 637 στήρια
414 583 426 595 ·
458 566 625 634 πολλὴ
651 565 705 618 δὲ
732 565 826 618 τοῦ
850 567 1204 637 σϐεννυμένου
1236 569 1371 640 πρὸς
1398 572 1461 623 τὸ
1488 570 1561 641 μὴ
1588 587 1757 641 παρα-

224 660 477 727 δεχόμενον
502 657 681 709 σϐέσιν
703 658 735 727 ἡ
757 657 1005 727 διαφορά.
1038 660 1245 715 Οὐκοῦν
1271 661 1397 715 ἄλλο
1418 679 1492 725 τι,
1524 662 1617 715 καὶ
1639 662 1755 731 ούχὶ

222 749 352 800 τοῦτό
389 749 518 798 ἐστι.
548 746 711 799 Πάλιν
752 747 1006 818 σκώληκά
1041 766 1123 813 τις
1150 750 1405 816 ἀκούσας,
1441 753 1513 824 μὴ
1543 753 1632 806 διὰ
1656 753 1753 824 τῆς

219 837 502 907 ὁμωνυμίας
551 836 687 905 πρὸς
727 838 789 889 τὸ
829 839 1064 907 ἐπίγειον
1125 840 1281 893 τοῦτο
1326 841 1509 912 θηρίον
1550 843 1753 912 ἀποφε-

218 929 370 999 ρέσθω
388 931 451 998 τῇ
481 928 706 997 διανοίᾳ.
736 928 801 980 Ἡ
832 930 938 999 γὰρ
965 930 1246 1001 προσθήκη
1280 932 1372 984 τοῦ
1402 932 1752 1003 ἀτελεύτητον

216 1018 359 1085 εἶναι,
404 1020 570 1091 ἄλλην
620 1019 739 1074 τινὰ
785 1020 945 1089 φύσιν
993 1023 1144 1093 παρὰ
1195 1024 1292 1096 τὴν
1348 1026 1751 1097 γινωσκομένην

214 1117 331 1165 νοεῖν
373 1113 701 1166 ὑποτίθεται.
744 1112 898 1166 Ἐπεὶ
934 1109 1025 1166 οῦν
1056 1114 1227 1169 ταῦτα
1257 1117 1543 1187 πρόκειται
1567 1121 1630 1187 τῇ
1663 1118 1750 1170 ἑλ-

120 1226 123 1229 ν
212 1204 306 1257 πίδι
332 1205 418 1256 τοῦ
459 1205 598 1273 μετὰ
638 1204 809 1257 ταῦτα
845 1204 987 1273 βίου,
1019 1206 1360 1278 καταλλήλως
1392 1210 1454 1260 ἐκ
1486 1208 1585 1277 τῆς
1621 1209 1751 1262 ἑκά-

214 1314 315 1348 στου
344 1296 729 1366 προαιρέσεως,
758 1296 899 1350 κατὰ
937 1296 1033 1367 τὴν
1054 1298 1266 1351 δικαίαν
1288 1298 1382 1350 τοῦ
1411 1298 1545 1350 Θεοῦ
1572 1299 1750 1370 κρίσιν

212 1387 529 1456 ἀναφυόμενα
562 1386 641 1456 τῷ
674 1386 773 1455 βίῳ
795 1430 810 1453 ,
844 1388 1255 1455 σωφρονούντων
1283 1389 1348 1443 ἂν
1376 1391 1480 1461 εἴη,
1515 1389 1589 1461 μὴ
1618 1391 1749 1461 πρὸς

212 1477 260 1529 τὸ
288 1476 463 1546 παρὸν,
486 1476 624 1528 ἀλλὰ
657 1475 792 1546 πρὸς
814 1478 876 1530 τὸ
904 1479 1037 1547 μετὰ
1070 1478 1226 1532 τοῦτο
1257 1479 1492 1549 βλέπειν,
1528 1482 1618 1533 καὶ
1651 1482 1749 1552 τῆς

215 1570 464 1637 ἁφράστου
496 1569 897 1639 μακαριότητος
922 1572 979 1621 ἐν
1002 1572 1069 1641 τῇ
1095 1570 1247 1641 ὀλίγῃ
1272 1570 1441 1643 ταύτῃ
1462 1572 1555 1625 καὶ
1585 1589 1749 1643 προσ·

213 1661 360 1733 καίρῳ
401 1661 518 1731 ζωῇ
551 1660 656 1724 τὰς
692 1661 944 1733 ἀφορμὰς
984 1662 1441 1727 καταϐάλλεσθαι,
1504 1664 1595 1717 καὶ
1647 1667 1747 1735 τῆς

210 1752 297 1803 τῶν
336 1752 513 1805 κακῶν
566 1753 765 1823 πείρας
804 1754 873 1805 δι’
928 1754 1139 1823 ἀγαθῆς
1179 1755 1547 1824 προαιρέσεως
1592 1754 1746 1807 ἀλλο·
1775 1740 1818 1794 Β

212 1840 450 1911 τριοῦσθαι
476 1857 491 1871 ⁸
541 1841 645 1896 νῦν
693 1843 790 1909 μὲν
821 1843 959 1895 κατᾶ
995 1842 1086 1895 τὸν
1136 1842 1268 1912 βίον,
1301 1843 1435 1912 μετὰ
1472 1842 1647 1895 ταῦτα
1690 1844 1745 1897 δὲ

210 1935 324 1985 κατὰ
368 1933 460 2002 τὴν
519 1932 750 1986 αἰωνίαν
805 1933 1068 1986 ἀντίδοσιν
1122 1936 1151 1986 ό
1206 1934 1438 2003 Χριστὸς
1498 1933 1742 2003 βούλεται

211 2025 420 2095 θεωρεῖν,
454 2024 549 2077 δύο
589 2024 782 2095 φύσεις
806 2024 1073 2089 οὐσιωδῶς
1094 2026 1377 2096 ἡνωμένας
1410 2024 1743 2095 ὁμολογοῦσα

209 2120 295 2170 κάκ
320 2118 499 2170 τούτου
537 2118 865 2189 παριστῶσα
887 2118 947 2169 τὸ
978 2116 1260 2187 μεγαλεῖον
1285 2117 1378 2169 τοῦ
1411 2117 1620 2184 ἐλέους,
1650 2117 1743 2171 καὶ

208 2208 294 2259 τῶν
314 2209 605 2279 οἰκτιρμῶν
639 2208 732 2261 τοῦ
757 2208 889 2262 Θεοῦ
929 2209 1053 2277 περὶ
1092 2209 1238 2278 ἡμᾶς
1258 2248 1271 2270 ,
1304 2209 1741 2279 καταδεξαμένου

207 2300 275 2351 διὰ
302 2300 387 2369 τὴν
423 2301 560 2371 πρὸς
597 2301 748 2369 ἡμᾶς
786 2300 1050 2369 στοργὴν,
1094 2299 1328 2352 συνεῖναί
1373 2316 1431 2352 τε
1483 2300 1577 2353 καὶ
1622 2318 1744 2352 συνο

207 2390 514 2460 αριθμεῑσθαι
574 2394 648 2461 τῇ
704 2391 894 2443 ἑαυτοῦ
947 2391 1107 2459 φύσει
1156 2392 1254 2462 τὴν
1308 2392 1599 2462 ἡμετέραν.
1640 2391 1743 2445 Καὶ

205 2486 334 2554 χάρις
373 2484 445 2553 τῷ
487 2482 617 2553 Θεῷ
663 2484 755 2535 ἐπὶ
796 2485 859 2553 τῇ
918 2484 1289 2554 ἀνεκδιηγήτῳ
1335 2484 1497 2537 αὐτοῦ
1543 2484 1739 2555 δωρεᾷ.

206 2578 294 2627 Καὶ
335 2577 493 2630 ταῦτα
528 2576 637 2647 μὲν
671 2577 751 2639 είς
776 2574 1046 2629 τοσοῦτον.
1101 2575 1318 2646 Ἐπειδὴ
1350 2575 1405 2628 δὲ
1437 2578 1466 2628 ό
1504 2576 1743 2648 Σευῆρος

205 2666 350 2734 ψιλαῖς
388 2665 786 2737 προκαθέζεται
832 2671 1058 2735 φωναῖς,
1110 2666 1167 2718 ὲν
1218 2665 1421 2737 ῥήμασί
1464 2684 1522 2718 τε
1562 2668 1740 2736 μόνοις

208 2760 279 2810 aui.
314 2760 449 2828 ἤχοις
484 2760 591 2830 τὴν
639 2758 920 2812 εὐσέϐειαν
963 2758 1303 2823 ὑποτίθεται,
1336 2758 1510 2811 καίτοι
1555 2776 1617 2828 γε
1646 2760 1739 2812 τοῦ

216 2850 495 2903 ’Δποστόλου
521 2850 809 2918 λέγοντος·
841 2851 923 2903 Οὐ
952 2847 1061 2918 τὰρ
1089 2849 1159 2902 ἐν
1184 2851 1344 2919 λόγῳ
1386 2852 1425 2918 ἡ
1454 2852 1741 2914 ,βασιλεία

206 2941 289 2993 τοῦ
312 2942 444 2995 Θεοῦ
462 2982 476 3004 ,
511 2941 660 2995 ἀλλ’
699 2941 769 2992 ἐν
791 2938 1038 3009 δυνάμει
1067 2939 1166 2993 καί
1193 2940 1469 3008 ἀληθείᾳ·
1504 2936 1656 3006 οὗτος
1682 2943 1740 2996 δὲ

207 3034 309 3105 παρ’
344 3033 482 3104 αύτῷ
514 3034 747 3104 Σευήρῳ
778 3031 1065 3103 κράτιστος
1096 3031 1343 3101 θεολόγος
1384 3034 1735 3103 γνωρίζεται,
1768 3067 1811 3124 C

206 3126 252 3188 6;
279 3127 333 3178 ἄν
363 3127 458 3189 τὰς
491 3125 837 3195 κατηγορίας
890 3124 1315 3195 Ἀριστοτέλους,
1355 3125 1450 3177 κει)⁹
1482 3125 1550 3178 τὰ
1580 3125 1740 3179 λοιπὰ

206 3217 289 3270 τῶν
334 3217 429 3282 ἔξω
472 3216 792 3287 φιλοσόφων
852 3214 1035 3285 κομψὰ
1084 3216 1392 3286 ἠσκημένος
1446 3216 1738 3286 τυγχάνοι,

205 3309 453 3375 ἀναγκαῖον
481 3311 642 3380 ἡμᾶς
659 3309 730 3361 τὰ
763 3308 1135 3378 σημαινόμενα
1154 3308 1387 3379 ἑκάστης
1412 3306 1607 3372 λέξεως
1632 3309 1739 3362 τῶν

206 3400 267 3461 είς
292 3400 350 3451 τὰ
384 3400 517 3471 πρὸς
554 3397 725 3453 αὑτὸν
746 3398 981 3467 Σευῆρον
1011 3397 1278 3467 λεγόμενα
1306 3397 1579 3468 χρειωδῶς
1598 3398 1738 3468 λαμ-

205 3490 491 3559 ϐανομένων,
524 3492 626 3544 ἐπὶ
656 3489 848 3561 καιροῦ
883 3490 1173 3559 σαφηνίσαι
1204 3488 1341 3541 κατὰ
1367 3488 1456 3542 τὸν
1479 3489 1599 3542 νοῦν
1631 3490 1739 3542 τῶν

204 3582 638 3652 ἐκκλησιαπικῶν
684 3580 1048 3645 διδασκάλων,
1103 3578 1223 3633 καθ’
1276 3579 1335 3631 ὃν
1384 3579 1556 3634 ταῦτα
1605 3581 1741 3647 ἐξει-

202 3675 431 3744 λήςρασινο
482 3677 575 3729 ἵνα
630 3675 801 3745 ἔχοιεν
843 3674 891 3727 οί
940 3674 1355 3742 ἐντυγχάνοντες
1397 3676 1508 3736 τοῖς
1538 3674 1739 3741 ὑπογε-

202 3768 499 3839 γραμμένοις
543 3768 731 3835 λόγοις
750 3807 765 3832 ,
796 3768 859 3819 ὲκ
891 3765 1111 3838 πρώτης
1144 3765 1431 3832 ἐντεύξεως
1468 3767 1605 3818 νοεῖν
1634 3766 1741 3819 τῶν

201 3860 467 3929 λεγομένων
513 3861 785 3930 δύναμιν
830 3860 925 3913 καὶ⁹
977 3858 1050 3929 μὴ
1092 3858 1179 3912 διὰ
1228 3858 1328 3929 τὴν
1379 3857 1602 3925 ἄγνοιαν
1644 3856 1739 3910 τοῦ

204 3954 565 4024 σημαινομένου
610 3952 718 4006 τῶν
749 3950 945 4017 λέξεων
982 3949 1118 4020 πρὸς
1154 3949 1255 4018 τὴν
1301 3948 1603 4017 κατάληψιν
1630 3948 1739 4001 τῶν

206 4044 248 4093 ἐν
268 4045 431 4107 αὑτοῖς
460 4044 841 4113 θεωρημάτων
867 4038 1357 4111 παραποόίζωνται.

1857 488 1923 528 ex
1968 489 2035 528 eo
2071 475 2216 543 quod
2248 475 2326 529 illi
2357 476 2465 546 igni
2500 476 2705 545 aliquid
2732 477 2803 531 sit
2833 477 3076 531 additum
3109 477 3253 546 quod
3308 492 3419 533 non

1856 570 1941 618 est
1974 564 2030 618 in
2082 565 2207 620 hoc.
2267 564 2401 619 Nam
2456 567 2546 621 ille
2597 566 2817 636 quidem
2872 583 2983 621 non
3029 571 3417 637 exstinguitur,

1856 654 2004 709 hunc
2038 666 2217 711 autem
2252 658 2421 711 multa
2457 658 2676 712 inventa
2712 667 2839 713 sunt
2873 674 2993 729 qua:
3022 659 3371 729 exstinguant
3399 677 3415 725 ;

1854 759 2048 816 magna
2081 756 2165 802 est
2191 756 2369 801 autem
2405 747 2709 803 dili'erentia
2741 749 2882 803 inter
2907 764 3030 803 eum
3079 750 3171 819 qui
3209 750 3418 804 exstin-

1854 838 2057 905 guitur,
2072 846 2125 891 et
2146 854 2268 893 eum
2291 841 2382 908 qui
2407 840 2611 893 nullam
2639 841 2879 895 admittit
2897 842 3318 895 exstinctionem
3344 842 3413 893 ".

1854 927 1951 982 Est
1995 945 2125 1000 ergo
2173 931 2373 1000 aliquis
2415 932 2577 995 alius,
2611 940 2663 986 et
2710 948 2817 985 non
2869 932 2957 986 hic
3003 933 3165 1000 ignis.
3202 930 3415 987 Rursus

1852 1036 1976 1075 cum
2009 1035 2246 1076 vermem
2277 1023 2539 1079 audieris.
2564 1039 2631 1078 ne
2676 1031 2962 1093 propterea
2992 1022 3137 1092 quod
3170 1023 3311 1077 idem
3345 1022 3416 1076 sit

1852 1128 2073 1178 nomen,
2098 1112 2166 1167 ad
2221 1120 2481 1169 terrestre
2516 1115 2621 1169 hoc
2650 1114 2852 1169 animal
2906 1125 2997 1168 tua
3029 1114 3236 1169 feratur
3270 1114 3417 1183 cogi-

1851 1204 2007 1257 talio.
2061 1203 2310 1275 Adjectio
2368 1205 2513 1260 enim
2572 1205 2693 1274 ejus
2756 1204 2903 1275 quod
2954 1220 3064 1259 non
3125 1204 3411 1271 moriatur,

1851 1295 2095 1365 suggerit
2129 1296 2285 1349 aliam
2315 1310 2436 1351 esse
2466 1295 2871 1366 intelligendam
2920 1304 3196 1358 naturam,
3247 1310 3412 1364 quam

1849 1402 1969 1441 eam
2020 1401 2140 1456 qua:
2195 1387 2564 1457 cognoscitur.
2619 1385 2890 1453 Quoniam
2939 1402 3071 1456 ergo
3121 1386 3236 1458 haec
3285 1392 3413 1440 sunt

1849 1479 2128 1548 proposita
2182 1480 2297 1551 spei
2351 1480 2476 1533 vita:
2522 1487 2647 1548 post
2685 1479 2799 1533 haec
2847 1476 3064 1542 futurae,
3105 1492 3226 1547 qua:
3277 1491 3413 1531 con-

1847 1576 2106 1638 gruenter
2137 1584 2202 1624 ex
2237 1570 2410 1626 libero
2455 1572 2887 1641 uniuscujusque
2924 1571 3174 1633 arbitrio,
3209 1584 3410 1625 conve-

1847 1661 2061 1716 nienter
2107 1662 2260 1733 justo
2293 1662 2387 1718 Dei
2432 1663 2641 1734 judicio
2697 1663 2824 1717 vitae
2873 1663 3217 1726 exoriuntur,
3248 1661 3411 1717 fuerit

1847 1756 2177 1824 sapientum,
2224 1770 2332 1809 non
2377 1753 2443 1810 ad
2476 1770 2717 1826 presens
2765 1754 2987 1820 intueri,
3019 1754 3115 1809 sed
3144 1753 3212 1808 ad
3258 1752 3409 1807 futu-

1846 1862 1988 1912 rum,
2045 1854 2099 1901 et
2156 1846 2210 1900 in
2264 1846 2367 1901 hac
2419 1846 2567 1901 brevi
2622 1854 2678 1901 et
2731 1845 3017 1915 temporali
3066 1845 3176 1898 vita
3223 1843 3409 1913 jacere

1845 1938 2125 1992 materiam
2155 1943 2209 1993 et
2246 1946 2544 1992 sementem
2587 1935 2946 1992 beatitudinis
2994 1934 3285 1991 inell‘abilis
3310 1951 3325 2001 ;
3354 1941 3408 1989 et

1845 2041 1945 2097 per
1975 2028 2176 2081 bonum
2209 2028 2549 2098 propositum
2579 2036 2634 2083 et
2665 2027 2987 2084 electionem
3041 2027 3250 2082 alienos
3288 2024 3407 2080 ﬁeri

1846 2134 1874 2172 a
1902 2120 2166 2173 malorum
2198 2119 2534 2188 experientia
2566 2138 2579 2173 :
2617 2133 2764 2173 nunc
2794 2118 3012 2189 quidem
3045 2119 3101 2173 in
3136 2117 3239 2172 hac
3267 2116 3404 2182 vita,

1844 2220 1965 2279 post
1999 2212 2113 2265 lucc
2146 2222 2322 2265 autem
2374 2211 2428 2264 in
2475 2220 2676 2265 :eterna
2708 2211 3169 2275 remuneratione,
3203 2208 3320 2263 vult
3352 2217 3406 2263 te

1844 2300 2098 2356 Christus
2150 2300 2507 2371 contemplari
2566 2301 2704 2356 duas
2762 2308 2988 2355 naturas
3034 2297 3404 2356 essentialiter

1846 2392 2048 2457 unitas,
2080 2392 2419 2457 conﬁtentes,
2476 2399 2530 2445 et
2567 2407 2631 2447 ex
2662 2407 2727 2447 eo
2762 2391 3083 2446 exhibentes
3126 2388 3404 2461 magnitu-

1845 2484 2024 2538 dinem
2056 2482 2449 2537 misericordiae
2480 2492 2533 2536 et
2578 2482 2991 2536 miserationum
3040 2479 3133 2535 Dei
3176 2480 3231 2535 in
3278 2494 3403 2546 nos,

1844 2576 1936 2647 qui
1988 2583 2208 2645 propter
2263 2575 2437 2629 nostri
2504 2588 2742 2627 amorem
2789 2573 2841 2626 in
2896 2572 3135 2627 animum
3188 2569 3405 2625 induxit

1844 2669 2127 2724 nobiscum
2160 2667 2385 2729 versari,
2414 2674 2467 2719 et
2496 2664 2666 2717 voluit
2704 2680 2828 2718 cum
2867 2679 2963 2718 sua
3017 2670 3215 2717 natura
3269 2676 3404 2717 nos-

1844 2768 1983 2813 tram
2047 2756 2452 2813 eonnumerari.
2514 2755 2624 2810 Deo
2681 2762 2861 2808 autem
2928 2754 3038 2807 sint
3095 2751 3283 2823 gratia:
3330 2751 3403 2806 ob

1842 2854 2045 2907 donum
2100 2851 2219 2921 ejus
2254 2849 2545 2905 ineffabile.
2599 2847 2665 2903 Et
2709 2847 2825 2901 haec
2858 2845 3075 2917 quidem
3115 2845 3401 2899 hactenus.

1843 2946 2110 3011 Quoniam
2148 2953 2327 2997 autem
2369 2944 2604 2998 Severus
2641 2954 2665 2981 ο
2696 2941 2841 2995 solas
2870 2944 3111 2994 sectatur
3136 2949 3318 2999 voces,
3348 2940 3404 2988 et

1844 3038 1899 3091 in
1955 3036 2084 3091 solis
2136 3036 2314 3089 verbis
2375 3041 2429 3088 et
2486 3033 2637 3089 sonis
2676 3032 2908 3087 collocat
2962 3028 3242 3099 pietatem,
3273 3025 3406 3080 licet

1845 3130 1989 3183 dicat
2017 3127 2333 3197 Apostolus,
2368 3123 2491 3179 Non
2525 3126 2663 3179 enim
2694 3124 2749 3177 in
2781 3136 3017 3176 sermone
3065 3126 3145 3173 est
3188 3132 3404 3187 regnum

1847 3218 1963 3281 Dei,
1994 3217 2083 3272 sed
2113 3218 2166 3270 in
2194 3218 2384 3270 virtute
2418 3224 2466 3269 et
2497 3214 2713 3268 veritate
2745 3212 2810 3278 ³⁰,
2842 3212 2888 3265 is
2923 3214 3101 3263 autem
3136 3205 3279 3276 apud
3306 3202 3406 3259 Se-

1841 3324 2029 3365 verum
2064 3308 2302 3379 optimus
2326 3304 2637 3378 agnoscitur
2672 3302 2975 3371 theologus,
3007 3298 3101 3369 qui
3154 3297 3210 3350 in
3268 3311 3405 3368 pra:-

1842 3399 2168 3453 dicamentis
2219 3395 2570 3459 Aristotelis,
2619 3402 2671 3447 et
2702 3392 2755 3446 in
2814 3389 3026 3445 caeteris
3080 3402 3201 3457 qua:
3257 3382 3401 3455 apud

1841 3497 2099 3543 externos
2128 3485 2483 3557 philosophos
2517 3492 2646 3539 sunt
2678 3481 2962 3553 praeclara,
3001 3478 3163 3533 fuerit
3191 3473 3403 3531 exerci-

1843 3576 2009 3642 tatus,
2059 3594 2285 3634 necesse
2333 3588 2416 3632 est
2461 3591 2560 3632 nos
2615 3574 2918 3646 signiﬁcata
2966 3568 3439 3638 uniuscujusque

1843 3672 2098 3728 dictionis
2127 3686 2315 3727 eorum
2344 3684 2465 3739 qua:
2496 3666 2857 3737 accipiuntur,
2891 3671 3149 3733 tanquam
3184 3666 3405 3715 senten-

1842 3765 1932 3818 tia:
1961 3764 2012 3817 in
2041 3764 2109 3819 iis
2134 3778 2253 3834 quze
2283 3761 2542 3815 dicuntur
2588 3756 2731 3828 apud
2767 3756 3053 3817 Severum,
3097 3758 3402 3821 opportune

1842 3854 2148 3917 declarare,
2171 3869 2233 3908 ex
2260 3850 2530 3907 sententia
2562 3848 2846 3903 doctorum
2878 3842 3399 3907 ecclesiasticarum,

1846 3948 1903 4003 in
1931 3962 2037 4016 qua
2065 3961 2127 4001 ea
2160 3950 2487 4014 acceperunt
2512 3981 2526 4005 ,
2557 3939 2732 4009 utqui
2762 3939 2816 3992 in
2861 3937 3029 3992 libros
3061 3933 3401 4001 subseriptos

1849 4038 2155 4104 inciderint,
2182 4035 2391 4107 possint
2416 4047 2539 4089 cum
2567 4032 2803 4102 primum
2828 4030 3074 4099 legerint,
3098 4025 3400 4097 intelligere

205 4136 289 4188 vim
315 4152 497 4190 eorum
534 4150 665 4205 quae
719 4133 1018 4194 dicuntur,
1085 4145 1259 4199 neque
1316 4138 1536 4199 propter
1590 4128 1984 4199 ignorationem
2065 4126 2479 4201 signiﬁcationis
2532 4124 2830 4180 dictionum
2879 4119 3264 4191 impediantur,
3328 4126 3400 4170 ne

205 4224 639 4296 comprehendant
667 4237 731 4277 ea
755 4236 876 4291 qua:
901 4228 1025 4275 sunt
1055 4221 1110 4273 in
1143 4220 1277 4289 ipsis
1304 4219 1660 4273 theoremata.

257 4384 295 4416 "
321 4383 503 4441 Matth.
538 4398 632 4449 ιιι,
668 4381 769 4449 t2;
807 4379 971 4434 Marc.
1002 4375 1205 4443 “.42;
1245 4372 1379 4429 Luc.
1420 4389 1501 4441 ιιι,
1543 4373 1630 4428 17.
1678 4372 1748 4414 ρ³⁶

1846 4371 1963 4461 Dor.
1992 4386 2066 4435 ιν,
2100 4370 2190 4426 20.

263 4544 381 4602 ιοι.
412 4546 577 4604 Fabr.
619 4542 855 4607 Notitia,
927 4551 1113 4611 SUpra,
1152 4537 1256 4593 col.
1296 4534 1385 4589 24.

493 5819 763 5880 Parnm“
808 5815 926 5877 Gn.
972 5812 1163 5876 XLV.
