3978 6526
463 286 561 345 107

1678 272 1732 325 5-
1761 274 2086 337 GREGOMI
2107 273 2404 334 NYSSENI

3584 270 3693 336 108

2508 473 3667 506 κάμέ-..Μ

1406 638 1631 727 ΤΟΥ
1689 636 2067 727 ΑΥΓΟΥ
2138 641 2751 728 ΓΡΗΓΟΡΙΟΥ

1704 811 2099 868 ΕΠΙΣΚΟΠΟΥ
2133 812 2406 867 ΝΥΣΣΗΣ

811 1008 1247 1123 ΠΕΡΙ
1314 1006 1667 1119 ΤΗΣ
1758 1005 3312 1123 ΕΓΓΑΣΤΡΙΜΥΘΟΥ

1122 1248 1355 1299 ΠΡΟΣ
1410 1246 1921 1301 ΘΕΟἉῸΣΙσΟΝ
1981 1245 2516 1301 ΕΙΙΙΣΚΟΠΟΝ
2564 1244 3005 1301 ΕΠΙΣἘΟΔΗ

1489 1560 1949 1642 EJUSDEM
2006 1559 2091 1638 S.
2144 1558 2633 1640 GBEGOBII

1741 1738 2052 1797 EPISCOPI
2097 1738 2390 1796 NYSSENI

1412 1922 1620 2035 DE
1700 1919 2755 2039 PYTHONI‘SSA

1294 2140 1391 2197 AD
1454 2138 1949 2199 THEODOSIUM
2011 2138 2458 2209 EPISCOPUM,
2513 2135 2872 2195 EPISTOLA

1650 2423 1897 2472 Frontone
1942 2422 2115 2473 Dncazo
2156 2418 2424 2485 interprete.

547 2750 649 2819 Qui
678 2747 956 2819 discipulis
978 2746 1102 2802 suis
1129 2743 1283 2811 dixit,
1300 2744 1531 2813 erite
1549 2754 1596 2799 et
1613 2743 1881 2802 invenietis
1902 2746 2041 2811 ιω..

2072 2751 2117 2806 Α

2229 2748 2286 2799 '0
2329 2744 2496 2800 εἰπὼν
2524 2749 2637 2811 τοῖς
2673 2746 2862 2801 ἑαυτοῦ
2895 2746 3183 2820 μαθηταῖς,
3217 2746 3450 2817 Ζητεῒτε
3477 2746 3574 2803 καὶ
3603 2750 3712 2805 εὑ-

482 2844 528 2897 is
552 2840 925 2913 proculdubio
947 2837 1255 2893 facuitatem
1284 2836 1448 2892 etiam
1474 2836 1781 2893 inveniendi
1798 2837 2040 2893 studiose

2156 2836 2360 2903 θήσετε
2378 2878 2394 2902 ,
2436 2834 2593 2890 δώσει
2635 2836 2849 2902 πάντως
2890 2839 2982 2892 καὶ
3026 2838 3123 2910 τὴν
3163 2839 3300 2912 πρὸς
3325 2838 3384 2893 τὸ
3416 2838 3592 2910 εὑρεῖν
3612 2838 3715 2894 δύο

482 2931 918 3003 perquirentibus
941 2967 955 2991 ,
994 2938 1047 2985 et
1086 2945 1151 2984 ex
1198 2936 1465 2998 praecepto
1502 2925 1716 2982 Domini
1763 2928 2042 2984 recondita

2156 2944 2312 2997 ναμιν
2353 2929 2463 2991 τοῖς
2500 2928 2809 3000 φιλομαθῶς
2837 2928 2977 2983 κατὰ
3011 2929 3108 3001 τὴν
3128 2929 3345 3002 ὲντολὴν
3376 2928 3469 2984 τοῦ
3499 2929 3713 3002 Κυρίου

485 3032 691 3080 secreta
733 3022 1114 3093 indagantibus
1146 3021 1427 3092 largietur.
1467 3018 1586 3078 Non
1620 3025 1763 3078 enim
1811 3023 2040 3079 mendax

2156 3019 2603 3091 διερευνωμένοις,
2650 3020 2744 3073 καὶ
2783 3019 3105 3091 ἀναζητοῦσι
3129 3019 3196 3074 τὰ
3225 3018 3578 3092 κεκρυμμένα
3601 3036 3716 3090 μυ-

484 3118 596 3177 est,
632 3110 725 3182 qui
759 3110 1030 3181 promisit,
1060 3110 1218 3179 cujus
1258 3108 1631 3165 muniﬁcentia
1672 3110 2046 3180 donorumque

487 3201 700 3272 largitio
743 3200 1025 3273 magniﬁca
1081 3199 1329 3270 petitioni
1373 3194 1716 3254 corollarium
1762 3209 1816 3255 et
1860 3211 2046 3254 aucta-

487 3292 630 3348 rium
646 3289 815 3345 addit.
851 3287 1035 3358 Itaque
1065 3286 1270 3341 attende
1308 3287 1539 3350 lectioni,
1567 3288 1647 3358 ﬁli
1684 3287 1948 3344 Timothee
1977 3290 2043 3355 ⁸⁵,

487 3381 741 3438 convenit
769 3379 935 3445 enim,
961 3386 1018 3432 ut
1050 3377 1263 3448 Opinor,
1296 3386 1356 3433 ut
1377 3378 1552 3450 magni
1578 3380 1723 3435 illius
1747 3379 1900 3434 Pauli
1929 3396 2049 3436 ver-

488 3474 574 3531 bis
602 3472 897 3528 bonitatem
940 3478 1088 3525 tuam
1128 3470 1392 3540 alloquar,
1436 3483 1489 3527 et
1517 3471 1605 3527 det
1651 3473 1746 3528 tibi
1790 3473 2049 3530 Dominus

489 3564 824 3621 intellectum
870 3563 924 3618 in
955 3562 1228 3630 omnibus,
1273 3563 1347 3617 ita
1392 3570 1453 3617 ut
1481 3562 1630 3619 dives
1672 3565 1771 3620 tias
1800 3564 1858 3619 in
1903 3566 2050 3621 omni

489 3656 653 3714 verbo
685 3663 739 3711 et
773 3658 829 3711 in
873 3655 1021 3710 omni
1051 3655 1296 3712 scientia.
1337 3654 1493 3710 Nunc
1528 3664 1707 3712 autem
1738 3657 1804 3713 de
1834 3658 1902 3714 iis
1932 3675 2051 3731 quae

487 3747 733 3817 iussisti,
772 3761 1109 3820 quaecunque
1168 3750 1498 3819 suggesserit
1538 3747 1818 3818 Dominus,
1874 3767 2050 3822 operae

2154 3112 2368 3183 στήρια.
2420 3109 2680 3180 Ἀψευδὴς
2719 3109 2825 3181 γὰρ
2860 3112 2889 3164 ὁ
2928 3110 3408 3182 ἐπαγγειλάμενος,
3444 3109 3582 3180 ὑπὲρ
3607 3107 3717 3179 τὴν

2152 3203 2363 3273 αἴτησιν
2411 3201 2886 3273 ὲπιδαψιλούμενος
2909 3205 2972 3274 τῇ
3003 3202 3380 3275 μεγαλοδωρεᾷ
3408 3199 3514 3255 τῶν
3555 3217 3719 3271 χαρε-

2154 3295 2391 3366 σμάτων.
2437 3293 2643 3349 Οὐκοῦν
2678 3294 2938 3363 πρόσεχε
2974 3293 3047 3363 τῇ
3078 3291 3408 3363 ἀναγνώσει
3432 3331 3449 3359 ,
3499 3294 3719 3346 τέκνον

2157 3386 2391 3458 Τιμόθεε
2412 3404 2425 3417 °
2453 3386 2653 3458 πρέπει
2694 3385 2821 3457 γὰρ,
2862 3381 3031 3457 οἶμαι,
3070 3387 3136 3457 τῇ
3171 3384 3263 3438 τοῦ
3293 3384 3526 3457 μεγάλου
3559 3385 3716 3454 φωνῇ

2154 3479 2287 3552 πρὸς
2334 3479 2429 3550 τὴν
2482 3478 2581 3549 σὴν
2634 3478 2943 3547 ἀγαθότητα
3001 3475 3337 3549 χρήσασθαι,
3368 3477 3462 3530 καὶ
3494 3473 3603 3547 δώῃ
3628 3491 3716 3528 σοι

2152 3571 2355 3644 Κύριος
2376 3570 2594 3625 σύνεσιν
2624 3572 2682 3624 ὲν
2730 3571 2914 3634 πᾶσιν,
2950 3569 3087 3623 ὥστε
3116 3586 3176 3622 σε
3222 3567 3605 3639 πλουτισθῆναι
3649 3568 3711 3619 ἐν

2154 3662 2316 3718 παντὶ
2334 3662 2474 3733 λόγῳ
2500 3662 2593 3715 καὶ
2630 3662 2778 3736 πάσῃ
2805 3660 3020 3731 γνώσει.
3045 3658 3159 3715 Νῦν
3187 3660 3247 3713 δὲ
3280 3660 3404 3732 περὶ
3423 3652 3496 3714 ὧν
3518 3656 3719 3713 ἑπέταν

2160 3755 2287 3821 ξας,
2347 3756 2552 3826 ὅσαπερ
2602 3754 2667 3807 ἂν
2721 3755 2750 3807 ὁ
2793 3753 2993 3826 Κύριος
3057 3752 3331 3825 ὑποϐάλῃ,
3382 3752 3448 3806 δι’
3519 3750 3717 3819 ὀλίγων

492 3840 723 3911 pretium
748 3854 837 3894 me
859 3838 1124 3893 facturum
1153 3840 1361 3910 putavi,
1389 3841 1436 3896 si
1457 3843 1643 3912 paucis
1669 3849 1764 3898 tuo
1784 3843 2055 3900 desiderio

2156 3843 2600 3915 ύπηρετήσασθαί
2633 3859 2724 3896 σου
2758 3844 2823 3913 τῇ
2857 3840 3128 3913 προθυμίᾳ
3159 3841 3337 3905 καλῶς
3373 3841 3516 3912 ἔχειν
3542 3839 3716 3893 ἐδοκί-

492 3930 836 4003 obsequerer,
870 3938 929 3984 ut
957 3947 1021 3986 ex
1052 3930 1136 3986 his
1166 3931 1437 4003 intelligas
1456 3972 1471 3998 ,
1505 3933 1647 4003 quod
1674 3949 1775 3991 nos
1806 3943 2055 4005 oporteat

2157 3952 2303 4006 μασα
2323 3953 2337 3967 ο
2370 3935 2445 4000 ὡς
2479 3935 2543 3988 ἂν
2578 3934 2667 3987 διὰ
2696 3932 2898 3988 τούτων
2932 3932 3123 4004 μάθοις
3152 3932 3233 3987 ὅτι
3271 3932 3375 4003 χρὴ
3401 3931 3467 3986 δι’
3493 3931 3716 4001 ἀγάπης

495 4024 727 4081 invicem
758 4039 854 4096 per
890 4023 1209 4079 charitatem
1240 4026 1479 4091 servire,
1516 4026 1644 4081 dum
1677 4027 1905 4083 aliorum
1936 4046 2055 4084 mu-

491 4126 583 4171 tuo
616 4114 880 4170 faciamus
915 4115 1267 4171 voluntatem.
1300 4115 1547 4171 Primum
1590 4117 1758 4188 igitur
1794 4120 2055 4189 quoniam

491 4214 546 4263 et
576 4206 668 4262 illa
696 4206 836 4260 inter
859 4213 1053 4259 caetera
1079 4206 1257 4275 capita
1288 4207 1461 4276 prima
1494 4209 1774 4277 proposita
1804 4219 1906 4278 est,
1936 4228 2057 4283 qua:

493 4298 797 4368 exquiritur
824 4296 891 4352 de
930 4295 1213 4362 Samuele,
1250 4298 1550 4366 sententia,
1586 4308 1849 4369 quantum
1887 4302 1942 4356 in
1972 4319 2057 4359 me

494 4390 656 4446 situm
687 4388 826 4455 erit,
856 4386 968 4443 Deo
1000 4388 1194 4453 dante,
1225 4388 1415 4457 paucis
1439 4391 1623 4447 verbis
1656 4392 1785 4462 quid
1816 4392 2059 4449 videatur

494 4493 784 4550 exponam.
814 4477 1150 4545 Quibusdam
1186 4486 1311 4534 ante
1342 4494 1443 4535 nos
1478 4481 1683 4551 placuit
1709 4498 1889 4539 veram
1914 4484 2058 4540 arbi-

496 4570 627 4623 trari
686 4569 1111 4641 prmstigiatricis
1156 4569 1302 4625 illius
1357 4571 1414 4625 in
1468 4571 1718 4630 Samuele
1756 4576 2057 4631 animarum

498 4657 864 4712 evocationem
886 4698 902 4724 ,
942 4664 1106 4728 atque
1148 4656 1216 4711 ad
1248 4658 1520 4727 opinionis
1558 4676 1670 4716 sua!
1698 4664 2057 4733 patrocinium

494 4748 760 4818 ejusmodi
808 4748 1070 4804 rationem
1100 4750 1392 4821 quamdam
1434 4750 1699 4823 afferunt,
1741 4754 1887 4825 quod
1936 4771 2057 4812 cum

494 4849 713 4912 propter
748 4839 927 4896 Saulis
975 4841 1323 4911 rejectionem
1370 4846 1590 4901 tristitia
1656 4847 1879 4904 aﬂ'ectus
1917 4860 2062 4906 esset

498 4932 740 4997 Samuel,
773 4947 1093 5003 semperque
1113 4931 1222 4990 Deo
1247 4950 1571 5006 proponeret
1603 4937 1818 4993 Saulem
1854 4941 2062 5010 prtesti-

496 5023 613 5094 gias
657 5024 1145 5093 ventriloquorum,
1182 5027 1379 5094 quibus
1427 5028 1673 5085 homines
1720 5030 1775 5084 in
1814 5030 2060 5086 fraudem

496 5113 813 5184 illiciebant,
847 5115 915 5172 de
944 5118 1144 5189 populo
1176 5118 1433 5183 evasisse,
1468 5119 1697 5191 ideoque
1728 5136 1869 5190 aegre
1896 5122 2056 5177 ferret

496 5205 779 5277 propheta,
819 5207 964 5279 quod
1003 5224 1033 5262 a
1083 5226 1142 5266 se
1173 5210 1374 5281 reiecto
1400 5211 1601 5282 placari
1633 5213 1831 5277 nollet,
1859 5214 2056 5282 permi-

499 5300 639 5356 sisse
667 5298 835 5355 Deum
857 5300 1133 5372 inquiunt,
1161 5312 1220 5357 ut
1244 5318 1339 5373 per
1362 5304 1625 5373 ejusmodi
1650 5305 1889 5375 magicas
1914 5314 2060 5361 artes

499 5389 777 5459 prophetae
800 5391 980 5447 anima
1002 5400 1339 5458 evocarctur,
1367 5402 1425 5447 ut
1451 5393 1655 5449 videret
1684 5392 1900 5450 Samuel
1923 5394 2058 5451 falsa

502 5494 562 5535 se
590 5478 699 5536 Deo
730 5482 786 5536 in
820 5482 993 5553 ipsius
1035 5483 1406 5549 defensionem
1456 5486 1736 5557 allegasse,
1779 5501 1900 5541 cum
1936 5502 2057 5543 eum

506 5570 706 5627 diceret
744 5572 1018 5630 infensum
1041 5575 1401 5646 ventriloquis
1436 5585 1596 5646 atque
1624 5581 1834 5634 hostem
1865 5578 2055 5649 fuisse,

594 5672 718 5712 ⁹⁰·“
749 5679 929 5745 Matth.
958 5699 1058 5753 vtt,
1093 5684 1145 5743 7.
1250 5696 1295 5727 ⁸⁸
1331 5697 1348 5751 1
1384 5695 1518 5754 Tim.
1550 5717 1588 5763 ι.
1617 5703 1669 5757 4.

2153 4025 2399 4097 ἀλλήλοις
2442 4024 2706 4079 δουλεύειν
2749 4024 2917 4094 ἡμᾶς,
2957 4024 3013 4076 ἐν
3056 4022 3133 4093 τῷ
3164 4025 3335 4076 ποιεῖν
3376 4020 3442 4075 τὰ
3468 4020 3716 4092 ἀλλήλων

2156 4119 2447 4190 θελήματα.
2481 4116 2701 4188 Πρῶτον
2728 4116 2905 4169 τοίνυν
2943 4115 3127 4185 ἐπειδὴ
3162 4116 3264 4169 καὶ⁸
3282 4115 3389 4169 τῶν
3418 4114 3614 4169 λοιπῶν
3642 4109 3715 4186 ἦν

2156 4208 2459 4279 κεφαλαίων
2479 4206 2911 4278 προτεταγμένον
2928 4205 2990 4258 τὸ
3020 4205 3148 4276 περὶ
3183 4204 3277 4258 τοῦ
3308 4204 3557 4277 Σαμουὴλ
3592 4205 3716 4258 ἐπι-

2157 4301 2481 4371 ζητούμενον
2531 4298 2726 4369 νὸημα,
2779 4296 2867 4352 διὰ
2912 4296 3155 4368 βραχέων
3209 4295 3285 4359 ὡς
3334 4295 3447 4349 ἔστι
3494 4295 3717 4350 δυνατὸν

2156 4389 2288 4445 Θεοῦ
2318 4389 2544 4453 διδόντος
2571 4389 2891 4460 ἐκθήσομαι.
2925 4386 3127 4458 Ἤρεσέ
3152 4402 3261 4440 τισι
3287 4385 3395 4440 τῶν
3427 4386 3532 4459 πρὸ
3558 4387 3716 4459 ἡμῶν

2116 4551 2120 4554 γ
2157 4482 2329 4553 ἀληθῆ
2373 4480 2587 4552 νομίσαι
2618 4480 2719 4550 τῆς
2770 4478 3049 4550 γοητρίδος
3081 4478 3293 4551 ἐκείνης
3328 4477 3427 4550 τὴν
3478 4475 3572 4531 ἐπὶ
3620 4474 3715 4531 τοῦ

2158 4571 2405 4643 Σαμουὴλ
2451 4571 2821 4642 ψυχαγωγίαν,
2880 4570 2971 4626 καί
3012 4587 3134 4625 τινα
3179 4569 3333 4639 λόγον
3362 4566 3599 4623 τοιοῦτον
3636 4569 3717 4633 είς

2160 4663 2479 4735 συνηγορίαν
2522 4663 2622 4732 τῆς
2665 4661 2980 4733 ὑπολήψεως
3013 4660 3189 4716 αὐτῶν
3215 4660 3417 4731 ταύτης
3454 4658 3716 4730 παρέχονο

2158 4773 2279 4821 ται,
2327 4756 2404 4808 ὅτι
2450 4751 2781 4823 λυπουμένου
2833 4751 2925 4804 τοῦ
2958 4750 3208 4822 Σαμουὴλ
3255 4752 3348 4804 ἐπὶ
3377 4752 3442 4821 τῇ
3475 4749 3713 4821 ἀποϐολῇ

2158 4848 2251 4901 τοῦ
2274 4847 2462 4911 Σαοὺλ,
2497 4847 2589 4899 καὶ
2613 4844 2844 4898 πάντοτε
2872 4841 2965 4895 τοῦ
2993 4842 3068 4912 τῷ
3095 4841 3282 4912 Κυρίῳ
3320 4840 3715 4911 προσφέροντος

2159 4941 2218 4993 τὸ
2255 4938 2335 4991 ὅτι
2367 4936 2507 4989 θέλει
2539 4936 2559 4959 ⁶
2581 4934 2676 5006 τὴν
2706 4936 2770 4987 ὲκ
2796 4933 2901 4987 τῶν
2942 4930 3389 5003 ἐγγαστριμύθων
3428 4928 3717 5000 γινομένην

2160 5027 2411 5101 γοητείαν
2441 5027 2533 5079 ἐπὶ
2561 5025 2742 5097 ἀπάτῃ
2796 5022 2903 5079 τῶν
2945 5022 3243 5095 ἀνθρώπων
3287 5021 3611 5093 ὲξεκάθηρεν
3654 5023 3717 5074 ἐκ

2160 5121 2254 5174 τοῦ
2303 5120 2429 5173 λαοῦ
2476 5118 2644 5172 Σαούλ
2666 5135 2680 5149 ο
2732 5118 2824 5171 καὶ
2867 5115 2955 5170 διὰ
3002 5113 3159 5167 τοῦτο
3205 5110 3721 5182 δυσανασχετοῦντος

2162 5212 2254 5266 τοῦ
2303 5213 2578 5284 προφήτου
2632 5211 2722 5264 ἐπὶ
2748 5209 2827 5280 τῷ
2859 5207 2933 5281 μὴ
2964 5207 3183 5277 Θελῆσαι
3217 5206 3309 5260 τὸν
3347 5207 3550 5277 Κύριον
3577 5203 3722 5256 διαλο

2162 5305 2390 5375 λαγῆναι
2431 5304 2507 5374 τῷ
2550 5301 2865 5373 ἀποὸλὴτῳ,
2916 5298 3260 5369 συγχωρῆσαί
3294 5314 3424 5365 φασι
3469 5294 3557 5347 τὸν
3589 5292 3720 5345 Θεὸν

2162 5396 2456 5466 ἀναχΟῆναι
2495 5393 2587 5447 τοῦ
2637 5394 2914 5463 προφήτου
2969 5389 3146 5461 ψυχὴν
3184 5389 3268 5442 διὰ
3320 5391 3417 5459 τῆς
3470 5384 3722 5454 τοιαύτης

2164 5487 2529 5559 μαγγανείας·
2578 5485 2665 5539 ἵνα
2708 5484 2821 5555 εἰδῇ
2875 5484 2904 5535 ὁ
2934 5478 3186 5552 Σαμουὴλ
3223 5480 3303 5532 ὅτι
3358 5475 3528 5547 ψευδῆ
3582 5473 3722 5545 ὑπὲρ

2162 5579 2324 5634 αὑτοῦ
2371 5577 2449 5650 τῷ
2480 5576 2597 5649 Θεῷ
2649 5573 3016 5647 προετείνετο,
3050 5571 3223 5641 λέγων
3259 5569 3419 5625 αὐτὸν
3467 5567 3724 5639 πολέμιον
