3978 6484
224 320 304 376 109

1498 316 1584 371 DE
1619 317 2070 378 PYTHONISSA.

3296 323 3398 379 HO

221 436 330 490 εἶναι
371 436 478 496 ταῖς
518 433 1001 502 ὲγγαστριμύθοις,
1040 432 1130 486 τὸν
1174 432 1470 505 τηνικαῦτα
1511 434 1597 489 διὰ
1630 438 1711 506 cfp

1830 439 1924 507 qui
1950 448 2064 493 tum
2090 441 2372 511 temporis,
2399 442 2530 497 dum
2556 442 2838 497 oraculum
2860 440 3120 505 consulit,
3146 456 3203 497 tn
3230 456 3397 499 causa

219 524 359 577 αὐτῶν
394 520 638 589 γοητείας
672 520 768 591 τὴν
810 521 993 575 ἄνοδον
1027 524 1125 591 τῆς
1168 522 1345 591 ψυχῆς
1390 522 1553 576 αὑτοῦ
1591 540 1711 594 μαν-

1831 525 2034 591 fuerat,
2087 534 2147 582 ut
2186 529 2305 598 ejus
2351 530 2533 584 anima
2570 539 2908 585 evocaretur.
2958 528 3071 602 Ego
3109 545 3239 586 vero
3263 530 3396 586 dum

216 618 455 670 τεύσαντα.
498 612 637 680 Ἐγὼ
666 614 721 666 δὲ
753 613 890 683 πρὸς
915 612 977 665 τὸ
1008 613 1358 681 εὑαγγελικὸν
1391 614 1575 685 χάσμα
1608 613 1730 682 βλέ-

214 719 321 767 πων,
349 700 374 752 6
396 700 476 752 διά
505 700 666 769 μέσον
691 700 796 752 τῶν
828 700 1012 753 κακῶν
1042 717 1103 753 τε
1144 701 1239 753 καὶ
1265 702 1482 769 ἀγαθῶν
1511 704 1727 773 ἐστήρι-

211 812 322 854 κται,
365 792 519 861 φησὶν
557 792 587 842 6
629 791 1000 861 πατριάρχης.
1062 793 1259 861 μᾶλλον
1308 792 1363 843 δὲ
1409 794 1438 845 6
1481 792 1574 845 τοῦ
1620 811 1725 845 πα-

208 889 421 959 τριάρχου
465 887 664 958 Κύριος
686 926 701 950 ,
741 887 817 950 ὡς
848 888 1126 958 ἀμήχανον
1152 884 1288 942 εἶναι
1317 892 1428 953 τοῖς
1456 907 1516 941 τε
1560 908 1728 943 κατα-

210 981 373 1049 κρίτοις
397 980 481 1030 ἐπὶ
503 979 603 1048 τὴν
621 978 728 1030 τῶν
748 978 969 1032 δικαίων
998 979 1178 1033 ἄνεσιν
1202 980 1483 1050 ἀναϐῆναι,
1502 980 1594 1033 καὶ
1617 984 1727 1044 τοῖς

208 1072 342 1139 ἁγίοις
359 1069 485 1139 πρὸς
508 1069 599 1121 τὸν
628 1070 732 1123 τῶν
753 1070 1004 1140 πονηρῶν
1022 1069 1178 1141 χορὸν
1199 1070 1352 1124 διαπε
1361 1072 1539 1142 ράσαι·
1564 1072 1625 1124 οὑ
1650 1071 1727 1123 δέ-

206 1181 331 1234 χομαι
346 1162 556 1231 ἀληθεῖς
570 1157 707 1215 εἶναι
734 1163 835 1225 τὰς
855 1163 1107 1225 τοιαύτας
1128 1161 1439 1231 ὑπολήψεις,
1462 1163 1725 1232 διδαχθεὶς

205 1257 327 1325 μόνον
355 1254 543 1323 ἀληθὲς
568 1252 707 1307 εἶναι
752 1254 1024 1310 πιστεύειν
1052 1254 1109 1308 τὸ
1129 1256 1472 1323 Εὐαγγέλιον.
1508 1256 1723 1325 Ἐπειδὴ

201 1345 337 1398 τοίνυν
358 1345 521 1413 μέγας
552 1347 609 1397 ἐν
638 1346 815 1413 ἁγίοις
836 1348 864 1398 6
891 1344 1158 1417 Σαμουὴλ,
1185 1346 1419 1417 πονηρὸν
1449 1345 1505 1398 δὲ
1539 1345 1723 1415 κτῆμα

201 1436 449 1505 ήγοητεία,
478 1436 536 1487 οὑ
568 1437 827 1507 πείθομαι
848 1438 929 1491 ὅτι
960 1439 1017 1490 ἐν
1044 1438 1280 1507 τοσούτῳ
1303 1437 1403 1505 τῆς
1431 1437 1564 1501 ἰδίας
1594 1439 1725 1490 ἀνα-

199 1528 406 1589 παύσεως
443 1529 471 1579 6
502 1527 757 1597 Σαμουὴλ
795 1528 1088 1594 καταστὰς,
1122 1529 1181 1581 τὸ
1226 1528 1522 1582 ἁδιόδευτον
1550 1531 1724 1582 ἐκεῖνο

198 1617 343 1686 χάσμα
377 1618 506 1687 πρὸς
554 1618 681 1681 τοὺς
721 1619 1045 1683 ἀσεϐοῦντας
1088 1620 1370 1691 διήρχετο,
1410 1620 1535 1674 οὔτε
1581 1620 1721 1675 ἑκὼν

196 1708 289 1761 οὔτε
316 1708 477 1762 ἀκων·
513 1708 666 1763 ἄκων
700 1709 798 1779 μὲν
823 1704 914 1763 οὑν
941 1711 1039 1763 οὑκ
1070 1710 1134 1763 ἂν
1157 1711 1237 1763 ἔτι
1266 1711 1526 1782 ὑπέμεινε
1550 1713 1610 1766 τὸ
1643 1713 1718 1784 μὴ

1828 618 1963 672 mihi
2012 620 2069 673 in
2118 629 2352 675 mentem
2399 621 2547 675 venit
2604 621 2973 692 evangelicum
3016 620 3150 677 illud
3179 622 3391 689 chaos,

1829 708 1973 777 quod
2003 708 2057 762 in
2086 709 2264 763 medio
2294 711 2557 765 malorum
2586 711 2963 780 bonorumque
2992 709 3263 766 firmatum
3284 722 3391 779 est,

1828 798 2007 867 inquit
2040 800 2373 869 patriarcha,
2406 802 2489 857 vel
2523 804 2703 872 pctius
2734 804 3051 874 patriarchae
3082 804 3345 863 Dominus
3371 846 3391 872 ,

1828 886 1900 940 ita
1926 895 1983 941 ut
2012 904 2189 959 neque
2210 892 2419 961 possint
2446 892 2684 947 damnati
2715 895 2783 949 ad
2809 904 3119 950 sanctorum
3153 898 3391 967 quietem

1828 980 2153 1046 ascendere,
2199 998 2376 1052 neque
2419 986 2591 1039 sancti
2645 984 2711 1038 ad
2761 986 3132 1056 improborum
3188 997 3391 1043 caelum

1826 1080 2148 1139 penetrare:
2182 1089 2338 1129 veras
2380 1090 2499 1130 esse
2534 1078 2832 1133 sententias
2857 1078 3128 1147 ejusmodi
3162 1095 3271 1134 non
3298 1081 3394 1136 ad-

1824 1159 2011 1224 mitto,
2040 1169 2225 1232 utpote
2245 1163 2338 1233 qui
2368 1164 2547 1218 solum
2580 1181 2763 1219 verum
2790 1166 3013 1222 credere
3040 1165 3392 1239 Evangelium

1825 1264 1944 1304 sum
1979 1250 2221 1305 edoctus.
2265 1252 2492 1317 Quando
2527 1255 2692 1324 igitur
2723 1270 2953 1326 magnus
2988 1257 3128 1311 inter
3162 1266 3386 1316 sanctos

1823 1350 1939 1394 erat
1969 1338 2185 1395 Samuel
2206 1382 2220 1403 ,
2272 1359 2361 1398 res
2393 1353 2574 1398 autem
2604 1347 2744 1399 mala
2786 1355 2870 1401 est
2899 1349 3075 1419 magia
3102 1357 3156 1405 et
3191 1351 3383 1406 incan-

1824 1431 1995 1493 tatio,
2042 1447 2166 1485 cum
2201 1435 2369 1490 tantis
2423 1435 2639 1489 Samuel
2695 1436 2749 1489 in
2786 1438 2997 1493 deliciis
3050 1449 3389 1508 versaretur,

1823 1537 1997 1591 neque
2046 1524 2314 1579 volentem
2362 1542 2485 1581 eum
2546 1542 2722 1597 neque
2773 1530 2999 1583 invitum
3056 1532 3387 1601 profundum

1821 1612 1973 1667 illum
2004 1613 2207 1668 hiatum
2236 1631 2428 1672 versus
2455 1619 2652 1685 impios
2676 1627 2733 1675 et
2762 1621 2930 1676 chaos
2960 1624 3279 1693 impervium
3305 1641 3390 1681 ar-

1821 1703 1995 1758 bitror
2021 1706 2317 1774 trajecisse.
2345 1712 2476 1762 Nam
2509 1710 2714 1765 invitus
2744 1712 2962 1783 quidem
2994 1713 3046 1768 id
3068 1730 3181 1770 non
3216 1717 3387 1772 susti-

196 1802 400 1855 δύνασθαι
429 1803 487 1854 τὸ
512 1802 790 1873 δαιμόνιον
825 1801 1074 1875 διαϐῆναι
1100 1802 1161 1855 τὸ
1190 1803 1375 1873 χάσμα
1394 1845 1409 1869 ,
1437 1806 1531 1857 καὶ
1556 1805 1613 1857 ὲν
1642 1801 1711 1873 τῷ

1820 1795 2049 1860 nuisset,
2092 1797 2237 1866 quod
2272 1798 2480 1854 hiatum
2510 1799 2723 1856 daemon
2760 1806 3093 1874 pertransire
3119 1821 3228 1861 non
3262 1823 3390 1877 pos-

196 1893 306 1965 χορῷ
340 1893 437 1948 τῶν
467 1895 636 1949 ὁσίων
669 1895 957 1965 γενόμενον
1013 1894 1369 1965 μετακινῆσαι
1411 1894 1500 1947 τὸν
1531 1894 1712 1964 ἅγιον·

194 1986 302 2039 ἑκὼν
335 1986 385 2039 δὲ
412 1987 509 2039 οὐκ
561 1986 633 2039 ἂν
680 1985 836 2038 τοῦτο
867 1985 1114 2054 εποίησε,
1158 1985 1235 2055 τῷ
1268 1988 1404 2063 μήτε
1432 1986 1712 2055 βούλεσθαι

192 2076 489 2147 ἑπιμιχθῆναι
525 2079 642 2139 τοῖς
675 2078 895 2140 κακοῖς,
929 2076 1065 2146 μήτε
1090 2074 1343 2128 δύνασθαι
1363 2092 1377 2105 ⁸
1403 2075 1482 2146 τῷ
1517 2077 1625 2148 γὰρ
1653 2080 1712 2129 ὲν

191 2168 366 2233 ἀγαθοῖς
392 2167 501 2219 δντι
545 2164 849 2235 ἀϐούλητον
884 2165 990 2218 ἀπὸ
1018 2164 1127 2219 τῶν
1156 2167 1215 2219 ὲν
1242 2160 1322 2228 οἷς
1346 2166 1491 2219 ἐστιν
1515 2168 1547 2237 η
1570 2167 1707 2236 πρὸς

191 2259 239 2312 τὰ
260 2258 447 2312 ἐναντία
473 2257 828 2326 μετάστασις.
860 2257 923 2309 El
950 2255 1005 2309 δέ
1043 2273 1124 2319 τις
1150 2257 1243 2309 καὶ
1270 2256 1548 2324 βούλεσθαι
1568 2257 1706 2327 δοίη,

190 2341 425 2411 ἀλλ’ήτοῦ
469 2343 751 2412 χάσματος
788 2339 948 2409 φύσις
975 2341 1074 2393 οὑκ
1112 2340 1396 2411 ἐπιτρέπει
1443 2340 1540 2411 τὴν
1569 2340 1709 2411 πάρ-

188 2426 289 2480 ὠον.

236 2508 289 2560 Τί
331 2505 413 2562 οὑν
454 2508 609 2561 ἐστιν
649 2506 678 2558 ὃ
725 2506 854 2577 περὶ
897 2504 1099 2559 τούτων
1143 2507 1304 2576 ἡμεῖς
1345 2504 1704 2576 λογιζόμεθας

195 2599 372 2669 Ἐχθρὸς
391 2600 483 2668 τῆς
512 2598 869 2669 ἀνθρωπίνης
912 2596 1124 2667 φύσεώς
1152 2599 1299 2650 ἐστιν
1323 2599 1350 2650 6
1377 2596 1550 2660 κοινὸς
1571 2597 1706 2652 πάν-

187 2707 265 2742 των
291 2691 522 2760 πολέμιος
541 2730 556 2754 ,
584 2683 634 2756 ᾧ
662 2688 814 2742 πᾶσά
852 2691 996 2742 ἐστιν
1023 2688 1233 2741 ἐπίνοια
1260 2687 1354 2741 καὶ
1394 2687 1595 2757 σπουδὴ
1629 2689 1708 2751 είς

188 2782 293 2833 αὑτά
307 2782 365 2835 τὰ
378 2782 560 2853 καίρια
580 2780 843 2849 βλάπτειν
866 2780 954 2832 τὸν
970 2779 1064 2832 ἄνθ
1073 2796 1270 2851 ρωπον.
1301 2779 1393 2841 Τίς
1409 2778 1464 2831 δὲ
1486 2779 1704 2850 τοιαύτη

186 2872 329 2941 καιρία
352 2872 481 2924 κατά
511 2870 627 2924 τῶν
654 2869 955 2941 ἀνθρώπων
987 2867 1120 2937 ἄλλη
1149 2867 1350 2938 πληγὴ.
1387 2867 1461 2929 ὡς
1490 2867 1550 2919 τὸ
1573 2867 1707 2919 ἀπο-

1824 1894 1936 1952 set,
1972 1897 2135 1959 atque
2155 1906 2221 1945 ex
2252 1892 2431 1946 medio
2461 1894 2740 1948 beatorum
2763 1904 2909 1951 cmtu
2940 1897 3115 1951 virum
3138 1909 3388 1954 sanctum

1821 1978 1928 2033 alio
1958 1980 2285 2049 transferre;
2324 1984 2510 2040 volens
2541 1995 2720 2041 autem
2748 1987 2801 2041 id
2833 2003 2941 2042 non
2974 1988 3212 2053 fecisset,
3241 1990 3390 2061 quod

1820 2080 1995 2135 neque
2030 2082 2154 2122 cum
2204 2070 2464 2140 improbis
2488 2074 2831 2129 commisceri
2870 2076 3026 2131 vellet
3060 2092 3235 2148 neque
3268 2093 3390 2147 pos-

1821 2163 1923 2210 set.
1973 2156 2073 2222 Qui
2107 2159 2250 2212 enim
2300 2160 2354 2213 in
2392 2160 2550 2217 bonis
2579 2170 2851 2228 versatur,
2889 2164 3057 2220 abiis
3096 2166 3152 2220 in
3185 2166 3388 2237 quibus

1824 2258 2071 2302 versatur
2107 2249 2175 2303 ad
2225 2254 2498 2306 contraria
2540 2263 2733 2323 sponte
2762 2271 2869 2310 non
2904 2257 3120 2312 transit.
3150 2256 3305 2324 Quod
3338 2258 3390 2315 si

1822 2339 1945 2408 quis
2003 2340 2166 2394 etiam
2217 2341 2367 2396 illum
2425 2343 2664 2399 voluisse
2709 2344 3008 2411 concedat,
3045 2362 3157 2404 non
3205 2356 3389 2405 tamen

1823 2430 1995 2500 ipsius
2023 2431 2201 2486 hiatus
2225 2442 2419 2486 natura
2449 2434 2765 2489 transeundi
2797 2444 3118 2505 potestatem
3146 2438 3383 2498 fecisset.

1894 2524 2031 2589 Quid
2074 2540 2201 2592 ergo
2244 2533 2352 2586 est,
2406 2526 2551 2594 quod
2608 2526 2675 2580 de
2727 2527 2811 2582 his
2849 2527 3008 2584 nobis
3048 2529 3105 2583 in
3146 2539 3387 2586 mentem

1832 2612 2016 2666 venit?
2051 2612 2186 2666 Cum
2214 2621 2424 2667 natura:
2454 2613 2704 2668 humanae
2731 2614 2803 2669 sit
2844 2614 3100 2672 inimicus
3132 2631 3387 2673 commu-

1819 2703 1909 2758 nis
1936 2704 2178 2756 omnium
2215 2703 2413 2765 hostis.
2449 2702 2504 2757 id
2542 2719 2706 2757 unum
2739 2704 2947 2775 cogitat
2976 2706 3287 2778 studetque,
3326 2718 3386 2763 ut

1820 2810 1929 2848 non
1979 2794 2210 2864 quodvis
2260 2795 2500 2859 homini,
2547 2795 2644 2851 sed
2696 2797 2854 2851 letale
2901 2798 3101 2854 vulnus
3151 2798 3380 2871 infligat.

1816 2884 2098 2951 Quodnam
2133 2899 2294 2954 porro
2329 2885 2477 2941 aliud
2511 2888 2618 2941 tale
2645 2887 2842 2941 vulnus
2874 2887 3192 2945 hominibus
3223 2890 3383 2947 letale

186 2959 393 3029 ῶῃθῆναι
436 2961 540 3014 ἀπὸ
588 2958 685 3013 τοῦ
715 2958 849 3012 Θεοῦ
895 2957 1298 3021 ζωοποιοῦντος,
1332 2956 1585 3027 καὶπρὸς
1612 2957 1709 3027 τὴν

1818 2974 1987 3044 possit
2021 2974 2211 3044 inlligi,
2243 2989 2407 3044 quam
2435 2975 2480 3030 si
2513 2989 2546 3029 a
2577 2975 2703 3030 vita;
2726 2985 2950 3033 auctore
2982 2976 3093 3033 Deo
3121 2977 3382 3048 rejiciano

184 3052 405 3107 ἀπώλειαν
418 3053 507 3106 τοῦ
525 3052 763 3106 θανάτου
783 3051 1043 3113 ἑκουσίως
1063 3050 1459 3119 αὑτομολῆσαι;
1488 3048 1704 3119 Ἐπειδὴ

184 3145 319 3197 τοίνυν
345 3146 531 3215 σπουδή
561 3144 653 3208 τίς
682 3146 798 3198 ἐστι
834 3144 971 3198 κατὰ
998 3144 1088 3197 τὸν
1118 3144 1229 3215 βίον
1251 3145 1362 3206 τοῖς
1393 3142 1704 3212 φιλοσωμά-

182 3254 265 3301 stt;
299 3238 478 3307 γνῶσίν
503 3256 634 3291 τινα
660 3237 769 3291 τῶν
802 3237 1102 3308 μελλόντων
1142 3236 1314 3305 ἔχειν’
1348 3236 1416 3288 δι’
1451 3230 1518 3307 ἧς
1551 3235 1701 3288 ἐλπί-

184 3329 371 3400 ζουσινῆ
394 3331 498 3385 τῶν
526 3329 720 3386 κακῶν
741 3330 1045 3399 ἀποφυγὴν,
1073 3328 1105 3397 ἢ
1140 3328 1276 3399 πρὸς
1298 3327 1368 3381 τὰ
1396 3326 1705 3397 καταθύμια

184 3426 491 3492 χειραγωγίαν
512 3442 526 3455 ·
558 3422 756 3476 τούτου
788 3422 966 3491 χάριν,
999 3420 1071 3483 ὡς
1101 3419 1166 3472 ἂν
1205 3418 1278 3489 μὴ
1307 3418 1441 3488 πρὸς
1468 3418 1556 3471 τὸν
1576 3417 1708 3470 Θεὸν

184 3518 217 3568 οἱ
236 3516 474 3587 ἄνθρωποι
504 3517 761 3586 βλέποιεν
781 3554 795 3579 ,
822 3513 1047 3576 πολλοὺς
1066 3512 1302 3582 τρόπους
1331 3511 1428 3580 τῆς
1451 3510 1545 3563 τοῦ
1578 3510 1706 3579 μὲλ-

183 3607 323 3671 imo;
339 3607 586 3677 γνώσεως
618 3610 652 3677 ἡ
684 3605 935 3676 ἀπατηλὴ
956 3604 1064 3657 τῶν
1091 3604 1358 3674 δαιμόνων
1384 3602 1708 3672 ὲτεχνάσατο

182 3700 330 3767 ςύσις,
356 3698 765 3760 οἰωνοσκοπίας,
816 3693 1333 3766 συμϐολομαντείας,
1364 3693 1705 3765 χρηστήρια,

181 3792 559 3859 ιξπατοσκοπίας,
586 3789 829 3854 νεκυῖας,
874 3786 1313 3856 ἐνθουσιασμοὺς,
1359 3786 1704 3856 κατακωχάς,

184 3883 476 3951 ὲμπνεύσεις,
525 3881 628 3936 καὶ
658 3880 794 3935 ἄλλα
839 3879 1062 3934 τοιαῦτα
1100 3877 1303 3931 πολλά’
1344 3878 1438 3933 καὶ
1468 3878 1605 3948 ὅπερ
1642 3877 1707 3930 ἄν

183 3990 241 4037 τις
265 3972 382 4039 εἶδος
410 3972 776 4045 προγνώσεως
807 3960 870 4025 ἐκ
910 3989 1052 4035 τινος
1088 3971 1303 4040 ἀπάτης
1335 3969 1529 4039 ἀληθὲς
1564 3967 1703 4023 εἶναι

183 4069 420 4137 νομίσειεν,
451 4070 634 4122 ἐκεῖνο
664 4065 725 4119 τὸ
753 4063 1031 4135 ἀπατηλὸν
1062 4063 1331 4133 δαιμόνιον
1369 4063 1705 4131 παραφαίνε-

182 4174 247 4212 ται
276 4162 343 4223 εἰς
382 4160 665 4213 δικαίωσιν
710 4157 809 4228 τῆς
844 4154 1199 4226 ὴπατημένης
1245 4153 1561 4224 ὑπολήψεως
1612 4153 1705 4207 τοῦ

182 4252 565 4324 πεπλανημένα).
600 4250 786 4313 Οὑτως
804 4248 898 4301 καὶ
918 4248 1014 4317 τὴν
1037 4247 1129 4301 τοῦ
1162 4247 1320 4300 ἀετοῦ
1353 4247 1547 4316 πτῆσιν
1572 4245 1707 4316 πρὸς

181 4342 252 4411 τὴν
271 4344 351 4396 τοῦ
408 4341 924 4416 παρατετηρηκότος
950 4339 1141 4393 ἐλπίδα
1179 4338 1500 4409 συνδραμεῖν
1533 4326 1705 4411 παραέ

184 4432 388 4496 σκευάζει
416 4437 444 4487 ὁ
478 4434 715 4504 δαίμων,
747 4429 958 4486 καὶτοῦ
990 4431 1198 4500 ἥπατος
1231 4428 1320 4481 τὸν
1346 4428 1580 4497 παλμὸν,
1614 4429 1706 4481 καὶ

180 4522 252 4591 τὴν
270 4524 323 4577 ὲκ
345 4526 432 4578 τοῦ
453 4523 734 4594 φυσώδους
765 4522 1050 4592 γινομένην
1072 4520 1180 4575 τῶν
1223 4519 1498 4589 μηνίγγων
1529 4536 1707 4588 παρα-

181 4615 333 4683 φορὰν,
366 4618 452 4670 καὶ
477 4616 591 4670 τῶν
630 4616 891 4689 ὀμμάτων
916 4611 1326 4685 παραστροφὴν,
1357 4612 1450 4665 καὶ
1471 4612 1705 4681 ἑκάστην

181 4708 289 4759 κατά
304 4709 391 4779 τὴν
415 4709 817 4781 σημειωθεῖσαν
833 4709 897 4761 ὲκ
922 4708 1021 4777 τῆς
1034 4706 1249 4775 ἀπάτης
1273 4705 1652 4775 παρατήρησιν
1678 4705 1711 4774 ἡ

180 4790 248 4843 τοῦ
260 4791 491 4862 δαίμονος
505 4792 816 4864 πανουργία
830 4791 1173 4863 προδείκνυσι
1188 4791 1299 4850 τοῖς
1314 4788 1707 4856 ἀπατωμένοις·

180 4876 287 4932 ὥστε
321 4883 658 4946 ἀποστάντας
702 4882 830 4944 τοὺς
869 4878 1186 4950 ἀνθρώπους
1212 4878 1304 4931 τοῦ
1339 4876 1505 4941 Θεοῦ,
1544 4893 1710 4947 προσ-

181 4970 293 5040 έχειν
314 4977 375 5045 τῇ
408 4974 674 5045 θεραπεία
716 4972 827 5026 τῶν
856 4971 1143 5042 δαιμόνων,
1171 4969 1237 5022 δι’
1267 4962 1342 5023 ὧν
1374 4967 1708 5039 ἐνεργεῖσθαι

180 5062 451 5120 τὰτοιαῦτα
479 5067 845 5121 πιστεύουσιν.
883 5064 977 5117 Ἓν
1004 5061 1183 5116 τοίνυν
1223 5060 1437 5132 ἀπάτης
1471 5055 1608 5122 εἶδος
1640 5054 1708 5127 ἦν

180 5154 251 5208 καὶ
267 5157 318 5209 τὺ
358 5159 463 5211 τῶν
502 5156 984 5229 ἐγγαστριμύθων,
1030 5149 1103 5210 ὧν
1153 5157 1186 5226 ἡ
1239 5152 1540 5225 μαγγανεία
1586 5152 1706 5206 ἐπι-

183 5248 361 5302 στεύετο
377 5250 632 5304 δύνασθαι
666 5250 767 5312 τὰς
798 5248 906 5301 τῶν
929 5246 1325 5317 κατοιχομένων
1346 5244 1521 5315 ψυχὰς
1544 5242 1703 5295 πάλιν

181 5336 287 5405 πρὸς
317 5340 403 5393 τὸν
426 5341 539 5396 ἀνω
570 5341 685 5412 βίον
725 5339 1066 5410 ἐφέλκεσθαι.
1104 5336 1210 5390 Τοῦ
1240 5336 1418 5389 τοίνυν
1447 5335 1621 5389 Σαοὺλ
1653 5337 1709 5387 ὲν

180 5427 442 5497 ἀπογνώσει
490 5432 763 5505 σωτηρίας
807 5431 1123 5500 γεγονότος,
1157 5428 1246 5482 διὰ
1272 5428 1333 5481 τὸ
1376 5431 1717 5500 πανστρατιᾷ

184 5519 562 5588 συγκεκινῆσθαι
612 5517 733 5572 κατ’
785 5515 946 5569 αὑτοῦ
992 5516 1097 5567 πᾶν
1146 5515 1207 5567 τὺ
1244 5513 1568 5582 ἀλλόερυλον,
1622 5515 1717 5567 καὶ

186 5605 255 5657 ἐπὶ
274 5608 460 5681 ταύτην
485 5610 728 5681 ἐλθόντος
752 5607 851 5679 τὴν
873 5607 1112 5661 ἐπίνοιαν
1128 5646 1143 5671 ,
1174 5605 1312 5659 ὥστε
1342 5603 1432 5656 τὸν
1464 5602 1715 5673 Σαμουὴλ

186 5696 303 5769 αὐτῷ
337 5701 528 5770 τρόπον
558 5701 854 5756 ὑποθέσθαι
883 5699 1004 5757 τινὰ
1039 5697 1339 5769 σωτηρίας-ο
1367 5696 1427 5750 τὸ
1469 5695 1715 5769 παραμέ-

1737 4310 1784 4367 D

1814 3072 1921 3129 tur,
1972 3071 2032 3118 ut
2081 3064 2138 3119 in
2175 3062 2367 3119 mortis
2399 3064 2627 3119 exitium
2661 3066 2966 3137 praeipites
2999 3068 3145 3124 ultro
3200 3069 3384 3125 feran-

1813 3157 1937 3211 tur?
1979 3155 2243 3222 Quoniam
2289 3156 2453 3226 igitur
2499 3156 2748 3213 homines
2777 3158 3068 3230 voluptarii
3100 3161 3380 3233 corporis-

1810 3264 1914 3318 que
1947 3248 2070 3318 plus
2112 3261 2269 3317 εει]υο
2304 3255 2550 3303 amantes
2586 3248 2642 3303 in
2671 3249 2776 3305 hac
2808 3250 2922 3306 vita
2951 3250 3138 3307 studio
3164 3267 3257 3310 res
3288 3252 3379 3308 fu-

1811 3350 1963 3394 turas
1987 3340 2195 3395 sciendi
2220 3347 2475 3395 tenentur
2504 3380 2520 3405 ,
2553 3357 2661 3411 qua
2695 3342 3012 3413 cognitione
3042 3344 3129 3401 vel
3158 3345 3300 3401 mala
3320 3361 3382 3403 se

1810 3432 2109 3485 evitaturos
2145 3439 2389 3500 sperant,
2426 3433 2512 3485 vel
2547 3432 2599 3486 id
2629 3432 2777 3502 quod
2809 3433 3124 3490 desiderant
3155 3452 3383 3493 assecu-

1811 3531 1966 3577 turos
2003 3541 2015 3576 :
2063 3522 2272 3577 idcirco
2305 3538 2375 3579 ne
2407 3538 2437 3576 a
2469 3522 2579 3578 Deo
2615 3525 2887 3594 pendeant
2935 3524 3208 3593 homines,
3241 3542 3381 3599 prae-

1809 3614 2049 3668 notionis
2080 3628 2267 3668 rerum
2308 3613 2616 3669 futurarum
2655 3615 2804 3670 varia
2852 3630 3052 3687 genera
3077 3616 3238 3673 fallax
3268 3618 3382 3674 dte-

1810 3719 2031 3759 monum
2053 3712 2246 3758 natura
2273 3714 2581 3760 commenta
2607 3713 2713 3769 est,
2736 3706 2989 3776 auguria,
3014 3706 3379 3765 divinationes

1810 3813 1907 3868 per
1936 3796 2202 3867 symbola,
2234 3796 2477 3862 oracula,
2524 3796 2820 3867 aruspicia,
2862 3807 3201 3853 mortuorum
3249 3813 3380 3855 evo-

1809 3891 2070 3953 cationes,
2110 3890 2316 3945 furoris
2357 3890 2593 3953 amatus,
2644 3890 2890 3946 numinis
2928 3890 3246 3957 instinctus,
3292 3893 3379 3947 in-

1810 3982 2162 4051 spirationes,
2190 3982 2404 4051 aliaque
2438 3982 2673 4051 plurima
2718 3980 2773 4036 id
2807 3996 2978 4051 genus
3013 4001 3028 4037 :
3062 3989 3179 4037 tum
3228 3999 3379 4054 qua:-

1810 4089 2024 4142 cunque
2053 4072 2406 4141 prwnotionis
2435 4072 2645 4141 species
2681 4086 2748 4126 ex
2779 4072 2959 4142 aliqua
2996 4071 3208 4129 fallacia
3247 4088 3377 4129 vera

1809 4164 2043 4233 cuipiam
2075 4163 2346 4227 videatur,
2390 4162 2485 4216 illa
2526 4162 2790 4218 continuo
2832 4177 2864 4216 a
2906 4161 3089 4218 fallaci
3131 4162 3379 4220 daemone

1810 4262 2168 4320 monstratur,
2203 4261 2264 4307 ιιι
2309 4254 2412 4309 hoc
2447 4260 2706 4323 tanquam
2740 4253 3046 4325 patrocinio
3078 4253 3233 4325 ejus,
3279 4256 3377 4327 qui

1812 4346 1867 4399 in
1890 4346 2134 4400 fraudem
2164 4345 2376 4400 illectus
2403 4352 2507 4408 est,
2544 4344 2708 4399 fallax
2736 4344 2922 4414 opinio
2945 4344 3094 4415 justa
3123 4360 3379 4417 compro-

1813 4439 1990 4494 lietur.
2046 4438 2137 4493 Sic
2183 4438 2346 4493 ellicit
2376 4437 2610 4502 damon,
2659 4446 2720 4493 ut
2759 4438 2954 4508 aquilae
2994 4439 3211 4495 volatus
3252 4453 3379 4495 cum

1813 4529 1951 4599 ejus,
1992 4528 2085 4599 qui
2117 4526 2442 4591 observarit,
2478 4541 2576 4595 spe
2616 4534 2671 4580 et
2710 4525 3117 4596 exspectatione
3142 4539 3380 4582 concur-

1814 4630 1918 4684 rat,
1969 4628 2023 4675 et
2054 4625 2113 4672 ut
2140 4618 2343 4688 jecoris
2391 4617 2707 4685 palpitatio,
2753 4624 2808 4671 et
2842 4615 3280 4671 membranarum
3312 4628 3380 4670 ac

1813 4709 2188 4779 pellicularum
2214 4723 2279 4762 ex
2309 4706 2584 4763 inﬂatione
2609 4712 2731 4759 orta
2765 4705 3078 4772 titubantia,
3109 4712 3164 4761 et
3191 4704 3381 4761 oculo-

1813 4814 1933 4852 rum
1965 4797 2323 4859 inversiones,
2354 4805 2407 4851 et
2468 4809 2807 4865 unaquaeque
2851 4801 3015 4864 prout
3047 4801 3235 4849 notata
3262 4791 3380 4847 fue-

1810 4890 1879 4943 rit
1926 4904 1990 4942 ex
2035 4887 2247 4942 fallacia
2296 4886 2647 4947 observatio,
2695 4884 2932 4955 deceptis
2981 4884 3293 4941 hominibus
3343 4897 3377 4938 a

1807 4978 2047 5032 versutia
2080 4978 2343 5032 daemonis
2372 4982 2871 5041 commonstretur;
2906 4984 2966 5030 ut
2994 4990 3027 5028 a
3056 4972 3165 5029 Deo
3196 4971 3377 5028 disce-

1808 5070 1998 5125 dentes
2031 5069 2338 5124 daemonum
2368 5067 2539 5123 cultui
2570 5082 2629 5121 se
2655 5064 2931 5131 addicant,
2958 5079 2989 5118 a
3018 5063 3217 5135 quibus
3246 5058 3379 5118 talia

1808 5161 1993 5233 perﬁci
2024 5161 2271 5216 credunt.
2318 5158 2488 5217 Porro
2517 5175 2687 5215 unum
2733 5166 2851 5215 erat
2893 5173 2959 5213 ex
3003 5156 3111 5212 illis
3147 5154 3380 5211 fallacia

1808 5252 2098 5323 generibus
2128 5252 2231 5307 hoc
2263 5252 2753 5321 ventriloquorum,
2783 5263 2880 5305 seu
2927 5247 3228 5319 Pythonem
3275 5245 3376 5301 ha-

1814 5344 2078 5411 bentium,
2125 5358 2357 5413 quorum
2400 5343 2690 5415 praestigiae
2721 5357 2881 5413 posse
2911 5340 3121 5395 animas
3161 5352 3376 5405 eorum,

1812 5437 1906 5506 qui
1934 5436 2303 5500 decesserant,
2336 5452 2527 5491 rursus
2554 5436 2622 5491 ad
2651 5436 2791 5490 hanc
2824 5432 3179 5504 superstitum
3208 5430 3377 5487 vitam

1814 5528 2129 5597 protrahere
2157 5529 2537 5583 credebantur.
2573 5529 2706 5582 Cum
2753 5527 2936 5597 itaque
2985 5518 3116 5579 Saul
3167 5523 3248 5597 de;
3279 5536 3381 5580 sua

1814 5591 1989 5654 salute
2018 5597 2349 5669 desperaret,
2390 5599 2534 5667 quod
2565 5612 2756 5652 omnes
2788 5591 2973 5666 copias
3019 5608 3148 5651 suas
3183 5591 3378 5649 adver-

1813 5705 1908 5750 sus
1940 5691 2117 5764 ipsum
2147 5691 2461 5763 alienigenae
2504 5704 2691 5746 omnes
2726 5688 3112 5763 collegissent,
3164 5685 3379 5759 sibique
