  <div class='ocr_page' id='page_1' title='image "/cluster/home/n/w/nwhite01/storage/ocr_20150623/45/hvd.32044019826437/063.png"; bbox 0 0 3978 6480; ppageno 0'>
   <div class='ocr_carea' id='block_1_1' title="bbox 550 306 649 359">
    <p class='ocr_par' dir='ltr' id='par_1_1' title="bbox 550 306 649 359">
     <span class='ocr_line' id='line_1_1' title="bbox 550 306 649 359; baseline 0.04 -4"><span class='ocrx_word' id='word_1_1' title='bbox 550 306 649 359; x_wconf 74' lang='grc' dir='ltr'><strong>ιιι</strong></span> 
     </span>
    </p>
   </div>
   <div class='ocr_carea' id='block_1_2' title="bbox 1782 300 2518 362">
    <p class='ocr_par' dir='ltr' id='par_1_2' title="bbox 1782 300 2518 362">
     <span class='ocr_line' id='line_1_2' title="bbox 1782 300 2518 362; baseline -0.003 -3"><span class='ocrx_word' id='word_1_2' title='bbox 1782 309 1840 362; x_wconf 90' lang='lat' dir='ltr'><strong>S.</strong></span> <span class='ocrx_word' id='word_1_3' title='bbox 1876 300 2196 362; x_wconf 78' lang='lat' dir='ltr'><strong>GREGORII</strong></span> <span class='ocrx_word' id='word_1_4' title='bbox 2228 303 2518 358; x_wconf 81' lang='lat' dir='ltr'><strong>NYSSENI</strong></span> 
     </span>
    </p>
   </div>
   <div class='ocr_carea' id='block_1_3' title="bbox 3680 306 3787 360">
    <p class='ocr_par' dir='ltr' id='par_1_3' title="bbox 3680 306 3787 360">
     <span class='ocr_line' id='line_1_3' title="bbox 3680 306 3787 360; baseline 0.009 -1"><span class='ocrx_word' id='word_1_5' title='bbox 3680 306 3787 360; x_wconf 70' lang='grc' dir='ltr'>ΗΖ</span> 
     </span>
    </p>
   </div>
   <div class='ocr_carea' id='block_1_4' title="bbox 553 416 2112 495">
    <p class='ocr_par' dir='ltr' id='par_1_4' title="bbox 553 416 2112 492">
     <span class='ocr_line' id='line_1_4' title="bbox 553 416 2112 492; baseline 0.001 -19"><span class='ocrx_word' id='word_1_6' title='bbox 553 419 933 488; x_wconf 84' lang='lat' dir='ltr'><strong>persuasisset,</strong></span> <span class='ocrx_word' id='word_1_7' title='bbox 957 432 1017 473; x_wconf 91' lang='lat' dir='ltr'><strong>se</strong></span> <span class='ocrx_word' id='word_1_8' title='bbox 1046 424 1077 470; x_wconf 83' lang='lat' dir='ltr'><strong>a</strong></span> <span class='ocrx_word' id='word_1_9' title='bbox 1113 416 1361 473; x_wconf 86' lang='lat' dir='ltr'><strong>Samuele</strong></span> <span class='ocrx_word' id='word_1_10' title='bbox 1391 420 1530 473; x_wconf 89' lang='lat' dir='ltr'><strong>viam</strong></span> <span class='ocrx_word' id='word_1_11' title='bbox 1566 420 1799 491; x_wconf 79' lang='lat' dir='ltr'><strong>aliquam</strong></span> <span class='ocrx_word' id='word_1_12' title='bbox 1834 430 1997 492; x_wconf 87' lang='lat' dir='ltr'><strong>atque</strong></span> <span class='ocrx_word' id='word_1_13' title='bbox 2024 437 2112 475; x_wconf 88' lang='lat' dir='ltr'><strong>ra-</strong></span> 
     </span>
    </p>
   </div>
   <div class='ocr_carea' id='block_1_5' title="bbox 2214 416 3789 495">
    <p class='ocr_par' dir='ltr' id='par_1_5' title="bbox 2220 419 3789 495">
     <span class='ocr_line' id='line_1_5' title="bbox 2220 419 3789 495; baseline -0.001 -19"><span class='ocrx_word' id='word_1_14' title='bbox 2220 440 2309 475; x_wconf 84' lang='lat' dir='ltr'><strong>vov</strong></span> <span class='ocrx_word' id='word_1_15' title='bbox 2346 427 2412 495; x_wconf 84' lang='grc' dir='ltr'>τῇ</span> <span class='ocrx_word' id='word_1_16' title='bbox 2450 419 2867 491; x_wconf 77' lang='grc' dir='ltr'>ἐγγαστριμύθῳ</span> <span class='ocrx_word' id='word_1_17' title='bbox 2913 419 3203 487; x_wconf 89' lang='grc' dir='ltr'>δαιμόνιον,</span> <span class='ocrx_word' id='word_1_18' title='bbox 3245 419 3313 472; x_wconf 82' lang='grc' dir='ltr'>δι’</span> <span class='ocrx_word' id='word_1_19' title='bbox 3352 436 3413 471; x_wconf 93' lang='grc' dir='ltr'><strong>ου</strong></span> <span class='ocrx_word' id='word_1_20' title='bbox 3447 420 3687 488; x_wconf 68' lang='grc' dir='ltr'>ἠπατᾶτο</span> <span class='ocrx_word' id='word_1_21' title='bbox 3716 425 3789 474; x_wconf 71' lang='grc' dir='ltr'>ὲκ</span> 
     </span>
    </p>
   </div>
   <div class='ocr_carea' id='block_1_6' title="bbox 553 508 2107 584">
    <p class='ocr_par' dir='ltr' id='par_1_6' title="bbox 553 508 2107 584">
     <span class='ocr_line' id='line_1_6' title="bbox 553 508 2107 584; baseline 0 -18"><span class='ocrx_word' id='word_1_22' title='bbox 553 514 753 566; x_wconf 90' lang='lat' dir='ltr'><strong>tionem</strong></span> <span class='ocrx_word' id='word_1_23' title='bbox 801 508 1016 564; x_wconf 83' lang='lat' dir='ltr'><strong>edoceri</strong></span> <span class='ocrx_word' id='word_1_24' title='bbox 1066 523 1267 578; x_wconf 88' lang='lat' dir='ltr'><strong>posse,</strong></span> <span class='ocrx_word' id='word_1_25' title='bbox 1319 525 1427 580; x_wconf 88' lang='lat' dir='ltr'><strong>qua</strong></span> <span class='ocrx_word' id='word_1_26' title='bbox 1475 511 1763 567; x_wconf 88' lang='lat' dir='ltr'><strong>incolumis</strong></span> <span class='ocrx_word' id='word_1_27' title='bbox 1809 512 2107 584; x_wconf 78' lang='lat' dir='ltr'><strong>evaderet;</strong></span> 
     </span>
    </p>
   </div>
   <div class='ocr_carea' id='block_1_7' title="bbox 552 598 2113 671">
    <p class='ocr_par' dir='ltr' id='par_1_7' title="bbox 552 598 2113 671">
     <span class='ocr_line' id='line_1_7' title="bbox 552 598 2113 671; baseline 0.001 -16"><span class='ocrx_word' id='word_1_28' title='bbox 552 600 697 670; x_wconf 90' lang='lat' dir='ltr'><strong>quod</strong></span> <span class='ocrx_word' id='word_1_29' title='bbox 741 598 1095 668; x_wconf 82' lang='lat' dir='ltr'><strong>ventriloquae</strong></span> <span class='ocrx_word' id='word_1_30' title='bbox 1137 598 1408 654; x_wconf 78' lang='lat' dir='ltr'><strong>insidebat</strong></span> <span class='ocrx_word' id='word_1_31' title='bbox 1438 600 1783 663; x_wconf 62' lang='lat' dir='ltr'><strong>daemonium,</strong></span> <span class='ocrx_word' id='word_1_32' title='bbox 1827 617 1855 655; x_wconf 95' lang='lat' dir='ltr'><strong>a</strong></span> <span class='ocrx_word' id='word_1_33' title='bbox 1900 618 2009 671; x_wconf 90' lang='lat' dir='ltr'><strong>quo</strong></span> <span class='ocrx_word' id='word_1_34' title='bbox 2045 604 2113 657; x_wconf 86' lang='lat' dir='ltr'><strong>de</strong></span> 
     </span>
    </p>
   </div>
   <div class='ocr_carea' id='block_1_8' title="bbox 553 689 2113 760">
    <p class='ocr_par' dir='ltr' id='par_1_8' title="bbox 553 689 2113 760">
     <span class='ocr_line' id='line_1_8' title="bbox 553 689 2113 760; baseline 0.001 -13"><span class='ocrx_word' id='word_1_35' title='bbox 553 707 702 747; x_wconf 90' lang='lat' dir='ltr'><strong>more</strong></span> <span class='ocrx_word' id='word_1_36' title='bbox 747 689 1064 744; x_wconf 83' lang='lat' dir='ltr'><strong>muliercula</strong></span> <span class='ocrx_word' id='word_1_37' title='bbox 1108 691 1498 760; x_wconf 89' lang='lat' dir='ltr'><strong>decipiebatur,</strong></span> <span class='ocrx_word' id='word_1_38' title='bbox 1549 693 1728 748; x_wconf 90' lang='lat' dir='ltr'><strong>varias</strong></span> <span class='ocrx_word' id='word_1_39' title='bbox 1760 695 1862 749; x_wconf 84' lang='lat' dir='ltr'><strong>sibi</strong></span> <span class='ocrx_word' id='word_1_40' title='bbox 1911 693 2113 748; x_wconf 83' lang='lat' dir='ltr'><strong>formas</strong></span> 
     </span>
    </p>
   </div>
   <div class='ocr_carea' id='block_1_9' title="bbox 553 781 2115 853">
    <p class='ocr_par' dir='ltr' id='par_1_9' title="bbox 553 781 2115 853">
     <span class='ocr_line' id='line_1_9' title="bbox 553 781 2115 853; baseline -0.002 -14"><span class='ocrx_word' id='word_1_41' title='bbox 553 781 869 839; x_wconf 89' lang='lat' dir='ltr'><strong>umbratilcs</strong></span> <span class='ocrx_word' id='word_1_42' title='bbox 900 782 955 837; x_wconf 93' lang='lat' dir='ltr'><strong>in</strong></span> <span class='ocrx_word' id='word_1_43' title='bbox 983 781 1316 838; x_wconf 78' lang='lat' dir='ltr'><strong>muliercula:</strong></span> <span class='ocrx_word' id='word_1_44' title='bbox 1344 784 1519 837; x_wconf 89' lang='lat' dir='ltr'><strong>oculis</strong></span> <span class='ocrx_word' id='word_1_45' title='bbox 1548 784 1850 853; x_wconf 83' lang='lat' dir='ltr'><strong>ellingebat.</strong></span> <span class='ocrx_word' id='word_1_46' title='bbox 1878 799 2000 837; x_wconf 92' lang='lat' dir='ltr'><strong>cum</strong></span> <span class='ocrx_word' id='word_1_47' title='bbox 2032 786 2115 837; x_wconf 82' lang='lat' dir='ltr'><strong>in-</strong></span> 
     </span>
    </p>
   </div>
   <div class='ocr_carea' id='block_1_10' title="bbox 552 873 2111 944">
    <p class='ocr_par' dir='ltr' id='par_1_10' title="bbox 552 873 2111 944">
     <span class='ocr_line' id='line_1_10' title="bbox 552 873 2111 944; baseline 0.001 -18"><span class='ocrx_word' id='word_1_48' title='bbox 552 874 709 927; x_wconf 91' lang='lat' dir='ltr'><strong>terim</strong></span> <span class='ocrx_word' id='word_1_49' title='bbox 758 873 897 928; x_wconf 88' lang='lat' dir='ltr'><strong>nihil</strong></span> <span class='ocrx_word' id='word_1_50' title='bbox 944 888 1155 937; x_wconf 89' lang='lat' dir='ltr'><strong>eorum,</strong></span> <span class='ocrx_word' id='word_1_51' title='bbox 1198 889 1317 943; x_wconf 70' lang='lat' dir='ltr'><strong>qua:</strong></span> <span class='ocrx_word' id='word_1_52' title='bbox 1357 876 1727 944; x_wconf 89' lang='lat' dir='ltr'><strong>conspiciebat</strong></span> <span class='ocrx_word' id='word_1_53' title='bbox 1772 876 2111 938; x_wconf 87' lang='lat' dir='ltr'><strong>muliercula,</strong></span> 
     </span>
    </p>
   </div>
   <div class='ocr_carea' id='block_1_11' title="bbox 554 963 2113 1034">
    <p class='ocr_par' dir='ltr' id='par_1_11' title="bbox 554 963 2113 1034">
     <span class='ocr_line' id='line_1_11' title="bbox 554 963 2113 1034; baseline -0.001 -16"><span class='ocrx_word' id='word_1_54' title='bbox 554 963 706 1018; x_wconf 84' lang='lat' dir='ltr'><strong>Sauli</strong></span> <span class='ocrx_word' id='word_1_55' title='bbox 732 974 1038 1034; x_wconf 89' lang='lat' dir='ltr'><strong>appareret.</strong></span> <span class='ocrx_word' id='word_1_56' title='bbox 1088 963 1156 1017; x_wconf 85' lang='lat' dir='ltr'><strong>Ut</strong></span> <span class='ocrx_word' id='word_1_57' title='bbox 1189 965 1332 1018; x_wconf 89' lang='lat' dir='ltr'><strong>enim</strong></span> <span class='ocrx_word' id='word_1_58' title='bbox 1365 967 1788 1019; x_wconf 89' lang='lat' dir='ltr'><strong>incantationem</strong></span> <span class='ocrx_word' id='word_1_59' title='bbox 1843 981 1994 1021; x_wconf 89' lang='lat' dir='ltr'><strong>suam</strong></span> <span class='ocrx_word' id='word_1_60' title='bbox 2020 982 2113 1033; x_wconf 83' lang='lat' dir='ltr'><strong>ag-</strong></span> 
     </span>
    </p>
   </div>
   <div class='ocr_carea' id='block_1_12' title="bbox 548 1054 2115 1127">
    <p class='ocr_par' dir='ltr' id='par_1_12' title="bbox 548 1054 2115 1127">
     <span class='ocr_line' id='line_1_12' title="bbox 548 1054 2115 1127; baseline -0.002 -15"><span class='ocrx_word' id='word_1_61' title='bbox 548 1069 735 1123; x_wconf 78' lang='lat' dir='ltr'><strong>gressa</strong></span> <span class='ocrx_word' id='word_1_62' title='bbox 780 1062 898 1119; x_wconf 90' lang='lat' dir='ltr'><strong>est,</strong></span> <span class='ocrx_word' id='word_1_63' title='bbox 942 1054 1162 1123; x_wconf 88' lang='lat' dir='ltr'><strong>jamque</strong></span> <span class='ocrx_word' id='word_1_64' title='bbox 1212 1055 1544 1109; x_wconf 83' lang='lat' dir='ltr'><strong>mulierculae</strong></span> <span class='ocrx_word' id='word_1_65' title='bbox 1594 1057 1663 1111; x_wconf 88' lang='lat' dir='ltr'><strong>ob</strong></span> <span class='ocrx_word' id='word_1_66' title='bbox 1708 1058 1896 1111; x_wconf 89' lang='lat' dir='ltr'><strong>oculos</strong></span> <span class='ocrx_word' id='word_1_67' title='bbox 1944 1059 2115 1127; x_wconf 85' lang='lat' dir='ltr'><strong>phan-</strong></span> 
     </span>
    </p>
   </div>
   <div class='ocr_carea' id='block_1_13' title="bbox 552 1146 2115 1215">
    <p class='ocr_par' dir='ltr' id='par_1_13' title="bbox 552 1146 2115 1215">
     <span class='ocr_line' id='line_1_13' title="bbox 552 1146 2115 1215; baseline 0.002 -15"><span class='ocrx_word' id='word_1_68' title='bbox 552 1155 782 1202; x_wconf 90' lang='lat' dir='ltr'><strong>tasmata</strong></span> <span class='ocrx_word' id='word_1_69' title='bbox 812 1156 865 1201; x_wconf 90' lang='lat' dir='ltr'><strong>et</strong></span> <span class='ocrx_word' id='word_1_70' title='bbox 899 1154 1110 1215; x_wconf 83' lang='lat' dir='ltr'><strong>Spectra</strong></span> <span class='ocrx_word' id='word_1_71' title='bbox 1146 1146 1519 1208; x_wconf 87' lang='lat' dir='ltr'><strong>versabantur,</strong></span> <span class='ocrx_word' id='word_1_72' title='bbox 1566 1164 1633 1203; x_wconf 81' lang='lat' dir='ltr'><strong>ex</strong></span> <span class='ocrx_word' id='word_1_73' title='bbox 1680 1163 1744 1203; x_wconf 89' lang='lat' dir='ltr'><strong>eo</strong></span> <span class='ocrx_word' id='word_1_74' title='bbox 1792 1149 1948 1203; x_wconf 78' lang='lat' dir='ltr'><strong>[idem</strong></span> <span class='ocrx_word' id='word_1_75' title='bbox 1998 1149 2115 1203; x_wconf 88' lang='lat' dir='ltr'><strong>suis</strong></span> 
     </span>
    </p>
   </div>
   <div class='ocr_carea' id='block_1_14' title="bbox 552 1240 2115 1310">
    <p class='ocr_par' dir='ltr' id='par_1_14' title="bbox 552 1240 2115 1310">
     <span class='ocr_line' id='line_1_14' title="bbox 552 1240 2115 1310; baseline 0.003 -17"><span class='ocrx_word' id='word_1_76' title='bbox 552 1240 982 1310; x_wconf 71' lang='lat' dir='ltr'><strong>apparitionibus</strong></span> <span class='ocrx_word' id='word_1_77' title='bbox 1009 1240 1305 1295; x_wconf 87' lang='lat' dir='ltr'><strong>conciliare</strong></span> <span class='ocrx_word' id='word_1_78' title='bbox 1338 1241 1508 1295; x_wconf 90' lang='lat' dir='ltr'><strong>voluit</strong></span> <span class='ocrx_word' id='word_1_79' title='bbox 1552 1241 1783 1304; x_wconf 83' lang='lat' dir='ltr'><strong>daemon,</strong></span> <span class='ocrx_word' id='word_1_80' title='bbox 1818 1241 1965 1310; x_wconf 86' lang='lat' dir='ltr'><strong>quod</strong></span> <span class='ocrx_word' id='word_1_81' title='bbox 1995 1243 2115 1308; x_wconf 84' lang='lat' dir='ltr'><strong>ejus</strong></span> 
     </span>
    </p>
   </div>
   <div class='ocr_carea' id='block_1_15' title="bbox 552 1328 2115 1399">
    <p class='ocr_par' dir='ltr' id='par_1_15' title="bbox 552 1328 2115 1399">
     <span class='ocr_line' id='line_1_15' title="bbox 552 1328 2115 1399; baseline 0 -14"><span class='ocrx_word' id='word_1_82' title='bbox 552 1344 859 1399; x_wconf 84' lang='lat' dir='ltr'><strong>personam,</strong></span> <span class='ocrx_word' id='word_1_83' title='bbox 900 1328 992 1398; x_wconf 89' lang='lat' dir='ltr'><strong>qui</strong></span> <span class='ocrx_word' id='word_1_84' title='bbox 1023 1329 1369 1386; x_wconf 89' lang='lat' dir='ltr'><strong>dissimulato</strong></span> <span class='ocrx_word' id='word_1_85' title='bbox 1400 1331 1584 1385; x_wconf 90' lang='lat' dir='ltr'><strong>habitu</strong></span> <span class='ocrx_word' id='word_1_86' title='bbox 1621 1332 1841 1396; x_wconf 88' lang='lat' dir='ltr'><strong>latebat,</strong></span> <span class='ocrx_word' id='word_1_87' title='bbox 1872 1332 2115 1386; x_wconf 86' lang='lat' dir='ltr'><strong>declara-</strong></span> 
     </span>
    </p>
   </div>
   <div class='ocr_carea' id='block_1_16' title="bbox 549 1419 2114 1488">
    <p class='ocr_par' dir='ltr' id='par_1_16' title="bbox 549 1419 2114 1488">
     <span class='ocr_line' id='line_1_16' title="bbox 549 1419 2114 1488; baseline 0.001 -14"><span class='ocrx_word' id='word_1_88' title='bbox 549 1422 639 1482; x_wconf 84' lang='lat' dir='ltr'><strong>rit,</strong></span> <span class='ocrx_word' id='word_1_89' title='bbox 668 1434 789 1488; x_wconf 62' lang='lat' dir='ltr'><strong>quae</strong></span> <span class='ocrx_word' id='word_1_90' title='bbox 816 1434 903 1474; x_wconf 89' lang='lat' dir='ltr'><strong>res</strong></span> <span class='ocrx_word' id='word_1_91' title='bbox 930 1419 1187 1488; x_wconf 84' lang='lat' dir='ltr'><strong>majorem</strong></span> <span class='ocrx_word' id='word_1_92' title='bbox 1222 1421 1276 1475; x_wconf 91' lang='lat' dir='ltr'><strong>in</strong></span> <span class='ocrx_word' id='word_1_93' title='bbox 1318 1420 1728 1475; x_wconf 88' lang='lat' dir='ltr'><strong>admirationem</strong></span> <span class='ocrx_word' id='word_1_94' title='bbox 1758 1422 1972 1477; x_wconf 83' lang='lat' dir='ltr'><strong>Saulcm</strong></span> <span class='ocrx_word' id='word_1_95' title='bbox 2004 1432 2114 1476; x_wconf 89' lang='lat' dir='ltr'><strong>tra-</strong></span> 
     </span>
    </p>
   </div>
   <div class='ocr_carea' id='block_1_17' title="bbox 550 1509 2114 1580">
    <p class='ocr_par' dir='ltr' id='par_1_17' title="bbox 550 1509 2114 1580">
     <span class='ocr_line' id='line_1_17' title="bbox 550 1509 2114 1580; baseline 0.002 -17"><span class='ocrx_word' id='word_1_96' title='bbox 550 1509 735 1570; x_wconf 76' lang='lat' dir='ltr'><strong>duxit,</strong></span> <span class='ocrx_word' id='word_1_97' title='bbox 771 1516 828 1561; x_wconf 91' lang='lat' dir='ltr'><strong>ut</strong></span> <span class='ocrx_word' id='word_1_98' title='bbox 851 1510 1190 1564; x_wconf 78' lang='lat' dir='ltr'><strong>existimaret</strong></span> <span class='ocrx_word' id='word_1_99' title='bbox 1219 1526 1326 1563; x_wconf 91' lang='lat' dir='ltr'><strong>non</strong></span> <span class='ocrx_word' id='word_1_100' title='bbox 1358 1511 1728 1565; x_wconf 87' lang='lat' dir='ltr'><strong>aberraturam</strong></span> <span class='ocrx_word' id='word_1_101' title='bbox 1756 1512 2011 1580; x_wconf 88' lang='lat' dir='ltr'><strong>deinceps</strong></span> <span class='ocrx_word' id='word_1_102' title='bbox 2045 1511 2114 1566; x_wconf 91' lang='lat' dir='ltr'><strong>ab</strong></span> 
     </span>
    </p>
   </div>
   <div class='ocr_carea' id='block_1_18' title="bbox 550 1601 2113 1673">
    <p class='ocr_par' dir='ltr' id='par_1_18' title="bbox 550 1601 2113 1673">
     <span class='ocr_line' id='line_1_18' title="bbox 550 1601 2113 1673; baseline 0.002 -19"><span class='ocrx_word' id='word_1_103' title='bbox 550 1601 711 1657; x_wconf 88' lang='lat' dir='ltr'><strong>ullius</strong></span> <span class='ocrx_word' id='word_1_104' title='bbox 740 1602 817 1657; x_wconf 89' lang='lat' dir='ltr'><strong>rei</strong></span> <span class='ocrx_word' id='word_1_105' title='bbox 848 1603 1155 1673; x_wconf 87' lang='lat' dir='ltr'><strong>cognitione</strong></span> <span class='ocrx_word' id='word_1_106' title='bbox 1184 1604 1486 1669; x_wconf 87' lang='lat' dir='ltr'><strong>mulierem,</strong></span> <span class='ocrx_word' id='word_1_107' title='bbox 1521 1619 1645 1658; x_wconf 90' lang='lat' dir='ltr'><strong>cum</strong></span> <span class='ocrx_word' id='word_1_108' title='bbox 1680 1605 1873 1673; x_wconf 88' lang='lat' dir='ltr'><strong>privati</strong></span> <span class='ocrx_word' id='word_1_109' title='bbox 1899 1604 2113 1658; x_wconf 86' lang='lat' dir='ltr'><strong>habitus</strong></span> 
     </span>
    </p>
   </div>
   <div class='ocr_carea' id='block_1_19' title="bbox 550 1693 2114 1765">
    <p class='ocr_par' dir='ltr' id='par_1_19' title="bbox 550 1693 2114 1765">
     <span class='ocr_line' id='line_1_19' title="bbox 550 1693 2114 1765; baseline 0.004 -23"><span class='ocrx_word' id='word_1_110' title='bbox 550 1693 771 1761; x_wconf 66' lang='lat' dir='ltr'><strong>magica:</strong></span> <span class='ocrx_word' id='word_1_111' title='bbox 801 1693 1043 1749; x_wconf 82' lang='lat' dir='ltr'><strong>facultati</strong></span> <span class='ocrx_word' id='word_1_112' title='bbox 1091 1709 1200 1747; x_wconf 90' lang='lat' dir='ltr'><strong>non</strong></span> <span class='ocrx_word' id='word_1_113' title='bbox 1235 1694 1603 1763; x_wconf 87' lang='lat' dir='ltr'><strong>imposuisset.</strong></span> <span class='ocrx_word' id='word_1_114' title='bbox 1646 1694 1937 1764; x_wconf 82' lang='lat' dir='ltr'><strong>Postquam</strong></span> <span class='ocrx_word' id='word_1_115' title='bbox 1982 1710 2114 1765; x_wconf 84' lang='lat' dir='ltr'><strong>ergo</strong></span> 
     </span>
    </p>
   </div>
   <div class='ocr_carea' id='block_1_20' title="bbox 547 1782 2111 1850">
    <p class='ocr_par' dir='ltr' id='par_1_20' title="bbox 547 1782 2111 1850">
     <span class='ocr_line' id='line_1_20' title="bbox 547 1782 2111 1850; baseline 0.004 -15"><span class='ocrx_word' id='word_1_116' title='bbox 547 1782 684 1836; x_wconf 77' lang='lat' dir='ltr'><strong>dixit</strong></span> <span class='ocrx_word' id='word_1_117' title='bbox 712 1784 801 1838; x_wconf 90' lang='lat' dir='ltr'><strong>illa</strong></span> <span class='ocrx_word' id='word_1_118' title='bbox 825 1799 885 1839; x_wconf 89' lang='lat' dir='ltr'><strong>se</strong></span> <span class='ocrx_word' id='word_1_119' title='bbox 914 1784 1044 1839; x_wconf 90' lang='lat' dir='ltr'><strong>deos</strong></span> <span class='ocrx_word' id='word_1_120' title='bbox 1071 1785 1426 1847; x_wconf 83' lang='lat' dir='ltr'><strong>ascendentes</strong></span> <span class='ocrx_word' id='word_1_121' title='bbox 1447 1786 1648 1850; x_wconf 90' lang='lat' dir='ltr'><strong>videre,</strong></span> <span class='ocrx_word' id='word_1_122' title='bbox 1669 1796 1723 1840; x_wconf 93' lang='lat' dir='ltr'><strong>et</strong></span> <span class='ocrx_word' id='word_1_123' title='bbox 1751 1787 1925 1839; x_wconf 89' lang='lat' dir='ltr'><strong>virum</strong></span> <span class='ocrx_word' id='word_1_124' title='bbox 1958 1802 2111 1841; x_wconf 85' lang='lat' dir='ltr'><strong>erec-</strong></span> 
     </span>
    </p>
   </div>
   <div class='ocr_carea' id='block_1_21' title="bbox 547 1876 2115 1948">
    <p class='ocr_par' dir='ltr' id='par_1_21' title="bbox 547 1876 2115 1948">
     <span class='ocr_line' id='line_1_21' title="bbox 547 1876 2115 1948; baseline 0.002 -17"><span class='ocrx_word' id='word_1_125' title='bbox 547 1883 661 1933; x_wconf 86' lang='lat' dir='ltr'><strong>tum</strong></span> <span class='ocrx_word' id='word_1_126' title='bbox 695 1876 953 1931; x_wconf 86' lang='lat' dir='ltr'><strong>amictum</strong></span> <span class='ocrx_word' id='word_1_127' title='bbox 990 1878 1170 1946; x_wconf 89' lang='lat' dir='ltr'><strong>pallio,</strong></span> <span class='ocrx_word' id='word_1_128' title='bbox 1210 1893 1317 1946; x_wconf 91' lang='lat' dir='ltr'><strong>quo</strong></span> <span class='ocrx_word' id='word_1_129' title='bbox 1353 1886 1512 1947; x_wconf 86' lang='lat' dir='ltr'><strong>pacto</strong></span> <span class='ocrx_word' id='word_1_130' title='bbox 1543 1878 1820 1932; x_wconf 91' lang='lat' dir='ltr'><strong>stabilient</strong></span> <span class='ocrx_word' id='word_1_131' title='bbox 1851 1878 1999 1948; x_wconf 91' lang='lat' dir='ltr'><strong>quod</strong></span> <span class='ocrx_word' id='word_1_132' title='bbox 2047 1879 2115 1934; x_wconf 90' lang='lat' dir='ltr'><strong>ad</strong></span> 
     </span>
    </p>
   </div>
   <div class='ocr_carea' id='block_1_22' title="bbox 550 1966 2110 2039">
    <p class='ocr_par' dir='ltr' id='par_1_22' title="bbox 550 1966 2110 2039">
     <span class='ocr_line' id='line_1_22' title="bbox 550 1966 2110 2039; baseline -0.001 -16"><span class='ocrx_word' id='word_1_133' title='bbox 550 1966 833 2023; x_wconf 84' lang='lat' dir='ltr'><strong>historiam</strong></span> <span class='ocrx_word' id='word_1_134' title='bbox 898 1968 1110 2031; x_wconf 86' lang='lat' dir='ltr'><strong>attinet,</strong></span> <span class='ocrx_word' id='word_1_135' title='bbox 1151 1968 1245 2039; x_wconf 88' lang='lat' dir='ltr'><strong>qui</strong></span> <span class='ocrx_word' id='word_1_136' title='bbox 1285 1969 1427 2023; x_wconf 84' lang='lat' dir='ltr'><strong>servi</strong></span> <span class='ocrx_word' id='word_1_137' title='bbox 1458 1976 1585 2021; x_wconf 92' lang='lat' dir='ltr'><strong>sunt</strong></span> <span class='ocrx_word' id='word_1_138' title='bbox 1619 1968 1849 2021; x_wconf 81' lang='lat' dir='ltr'><strong>litterae?</strong></span> <span class='ocrx_word' id='word_1_139' title='bbox 1884 1969 1939 2021; x_wconf 87' lang='lat' dir='ltr'><strong>Si</strong></span> <span class='ocrx_word' id='word_1_140' title='bbox 1966 1970 2110 2021; x_wconf 91' lang='lat' dir='ltr'><strong>enim</strong></span> 
     </span>
    </p>
   </div>
   <div class='ocr_carea' id='block_1_23' title="bbox 548 2050 2113 2129">
    <p class='ocr_par' dir='ltr' id='par_1_23' title="bbox 548 2050 2113 2129">
     <span class='ocr_line' id='line_1_23' title="bbox 548 2050 2113 2129; baseline 0.002 -20"><span class='ocrx_word' id='word_1_141' title='bbox 548 2072 673 2113; x_wconf 89' lang='lat' dir='ltr'><strong>vere</strong></span> <span class='ocrx_word' id='word_1_142' title='bbox 702 2057 920 2113; x_wconf 84' lang='lat' dir='ltr'><strong>Samuel</strong></span> <span class='ocrx_word' id='word_1_143' title='bbox 948 2066 1032 2112; x_wconf 90' lang='lat' dir='ltr'><strong>est</strong></span> <span class='ocrx_word' id='word_1_144' title='bbox 1063 2050 1153 2112; x_wconf 81' lang='lat' dir='ltr'><strong>ille</strong></span> <span class='ocrx_word' id='word_1_145' title='bbox 1205 2058 1295 2127; x_wconf 92' lang='lat' dir='ltr'><strong>qui</strong></span> <span class='ocrx_word' id='word_1_146' title='bbox 1322 2058 1473 2112; x_wconf 87' lang='lat' dir='ltr'><strong>visus</strong></span> <span class='ocrx_word' id='word_1_147' title='bbox 1502 2058 1777 2127; x_wconf 83' lang='lat' dir='ltr'><strong>est.plane</strong></span> <span class='ocrx_word' id='word_1_148' title='bbox 1806 2057 1971 2129; x_wconf 82' lang='lat' dir='ltr'><strong>igitur</strong></span> <span class='ocrx_word' id='word_1_149' title='bbox 2000 2059 2113 2113; x_wconf 87' lang='lat' dir='ltr'><strong>veri</strong></span> 
     </span>
    </p>
   </div>
   <div class='ocr_carea' id='block_1_24' title="bbox 547 2149 2113 2218">
    <p class='ocr_par' dir='ltr' id='par_1_24' title="bbox 547 2149 2113 2218">
     <span class='ocr_line' id='line_1_24' title="bbox 547 2149 2113 2218; baseline 0 -15"><span class='ocrx_word' id='word_1_150' title='bbox 547 2157 674 2204; x_wconf 89' lang='lat' dir='ltr'><strong>sunt</strong></span> <span class='ocrx_word' id='word_1_151' title='bbox 716 2152 880 2205; x_wconf 92' lang='lat' dir='ltr'><strong>etiam</strong></span> <span class='ocrx_word' id='word_1_152' title='bbox 930 2149 1041 2212; x_wconf 90' lang='lat' dir='ltr'><strong>dii,</strong></span> <span class='ocrx_word' id='word_1_153' title='bbox 1087 2150 1180 2218; x_wconf 92' lang='lat' dir='ltr'><strong>qui</strong></span> <span class='ocrx_word' id='word_1_154' title='bbox 1216 2166 1245 2202; x_wconf 89' lang='lat' dir='ltr'><strong>a</strong></span> <span class='ocrx_word' id='word_1_155' title='bbox 1276 2150 1516 2203; x_wconf 80' lang='lat' dir='ltr'><strong>veneﬁca</strong></span> <span class='ocrx_word' id='word_1_156' title='bbox 1557 2159 1682 2204; x_wconf 91' lang='lat' dir='ltr'><strong>sunt</strong></span> <span class='ocrx_word' id='word_1_157' title='bbox 1712 2149 1850 2214; x_wconf 84' lang='lat' dir='ltr'><strong>visi;</strong></span> <span class='ocrx_word' id='word_1_158' title='bbox 1904 2165 2029 2204; x_wconf 89' lang='lat' dir='ltr'><strong>nam</strong></span> <span class='ocrx_word' id='word_1_159' title='bbox 2059 2157 2113 2205; x_wconf 90' lang='lat' dir='ltr'><strong>et</strong></span> 
     </span>
    </p>
   </div>
   <div class='ocr_carea' id='block_1_25' title="bbox 547 2238 2113 2311">
    <p class='ocr_par' dir='ltr' id='par_1_25' title="bbox 547 2238 2113 2311">
     <span class='ocr_line' id='line_1_25' title="bbox 547 2238 2113 2311; baseline 0 -16"><span class='ocrx_word' id='word_1_160' title='bbox 547 2241 811 2295; x_wconf 85' lang='lat' dir='ltr'><strong>daemonia</strong></span> <span class='ocrx_word' id='word_1_161' title='bbox 832 2240 964 2295; x_wconf 89' lang='lat' dir='ltr'><strong>deos</strong></span> <span class='ocrx_word' id='word_1_162' title='bbox 993 2240 1127 2293; x_wconf 88' lang='lat' dir='ltr'><strong>dicit</strong></span> <span class='ocrx_word' id='word_1_163' title='bbox 1155 2238 1433 2309; x_wconf 82' lang='lat' dir='ltr'><strong>Scriptura</strong></span> <span class='ocrx_word' id='word_1_164' title='bbox 1460 2257 1473 2292; x_wconf 90' lang='lat'>:</span> <span class='ocrx_word' id='word_1_165' title='bbox 1512 2238 1701 2295; x_wconf 83' lang='lat' dir='ltr'><strong>Omnes</strong></span> <span class='ocrx_word' id='word_1_166' title='bbox 1726 2242 1862 2294; x_wconf 76' lang='lat' dir='ltr'><strong>enim</strong></span> <span class='ocrx_word' id='word_1_167' title='bbox 1887 2240 1964 2294; x_wconf 83' lang='lat' dir='ltr'><strong>dii</strong></span> <span class='ocrx_word' id='word_1_168' title='bbox 1988 2258 2113 2311; x_wconf 86' lang='lat' dir='ltr'><strong>gen-</strong></span> 
     </span>
    </p>
   </div>
   <div class='ocr_carea' id='block_1_26' title="bbox 548 2330 2114 2400">
    <p class='ocr_par' dir='ltr' id='par_1_26' title="bbox 548 2330 2114 2400">
     <span class='ocr_line' id='line_1_26' title="bbox 548 2330 2114 2400; baseline 0.001 -15"><span class='ocrx_word' id='word_1_169' title='bbox 548 2332 680 2385; x_wconf 82' lang='lat' dir='ltr'><strong>tium</strong></span> <span class='ocrx_word' id='word_1_170' title='bbox 699 2330 966 2387; x_wconf 66' lang='lat' dir='ltr'><strong>daemonia</strong></span> <span class='ocrx_word' id='word_1_171' title='bbox 981 2330 1060 2394; x_wconf 74' lang='lat'><strong>“;</strong></span> <span class='ocrx_word' id='word_1_172' title='bbox 1113 2346 1242 2384; x_wconf 86' lang='lat' dir='ltr'><strong>num</strong></span> <span class='ocrx_word' id='word_1_173' title='bbox 1277 2331 1441 2400; x_wconf 78' lang='lat' dir='ltr'><strong>igitur</strong></span> <span class='ocrx_word' id='word_1_174' title='bbox 1470 2346 1593 2385; x_wconf 91' lang='lat' dir='ltr'><strong>cum</strong></span> <span class='ocrx_word' id='word_1_175' title='bbox 1624 2332 1960 2387; x_wconf 65' lang='lat' dir='ltr'><strong>daemonibus</strong></span> <span class='ocrx_word' id='word_1_176' title='bbox 2009 2334 2114 2388; x_wconf 87' lang='lat' dir='ltr'><strong>erit</strong></span> 
     </span>
    </p>
   </div>
   <div class='ocr_carea' id='block_1_27' title="bbox 547 2420 2114 2493">
    <p class='ocr_par' dir='ltr' id='par_1_27' title="bbox 547 2420 2114 2493">
     <span class='ocr_line' id='line_1_27' title="bbox 547 2420 2114 2493; baseline 0.001 -18"><span class='ocrx_word' id='word_1_177' title='bbox 547 2430 598 2475; x_wconf 91' lang='lat' dir='ltr'><strong>et</strong></span> <span class='ocrx_word' id='word_1_178' title='bbox 630 2421 808 2476; x_wconf 88' lang='lat' dir='ltr'><strong>anima</strong></span> <span class='ocrx_word' id='word_1_179' title='bbox 841 2420 1149 2476; x_wconf 80' lang='lat' dir='ltr'><strong>Samuelis?</strong></span> <span class='ocrx_word' id='word_1_180' title='bbox 1175 2422 1348 2476; x_wconf 85' lang='lat' dir='ltr'><strong>Absit.</strong></span> <span class='ocrx_word' id='word_1_181' title='bbox 1386 2420 1580 2476; x_wconf 84' lang='lat' dir='ltr'><strong>Verum</strong></span> <span class='ocrx_word' id='word_1_182' title='bbox 1613 2421 1764 2486; x_wconf 92' lang='lat' dir='ltr'><strong>illud,</strong></span> <span class='ocrx_word' id='word_1_183' title='bbox 1797 2424 1939 2493; x_wconf 90' lang='lat' dir='ltr'><strong>quod</strong></span> <span class='ocrx_word' id='word_1_184' title='bbox 1969 2438 2114 2479; x_wconf 83' lang='lat' dir='ltr'><strong>sem-</strong></span> 
     </span>
    </p>
   </div>
   <div class='ocr_carea' id='block_1_28' title="bbox 546 2511 2116 2585">
    <p class='ocr_par' dir='ltr' id='par_1_28' title="bbox 546 2511 2116 2585">
     <span class='ocr_line' id='line_1_28' title="bbox 546 2511 2116 2585; baseline 0.001 -18"><span class='ocrx_word' id='word_1_185' title='bbox 546 2526 643 2581; x_wconf 84' lang='lat' dir='ltr'><strong>per</strong></span> <span class='ocrx_word' id='word_1_186' title='bbox 667 2511 915 2567; x_wconf 84' lang='lat' dir='ltr'><strong>veneﬁcae</strong></span> <span class='ocrx_word' id='word_1_187' title='bbox 936 2512 1358 2580; x_wconf 83' lang='lat' dir='ltr'><strong>obsequebatur,</strong></span> <span class='ocrx_word' id='word_1_188' title='bbox 1384 2514 1707 2567; x_wconf 62' lang='lat' dir='ltr'><strong>«laeumnium</strong></span> <span class='ocrx_word' id='word_1_189' title='bbox 1736 2515 2032 2585; x_wconf 90' lang='lat' dir='ltr'><strong>assumpsit</strong></span> <span class='ocrx_word' id='word_1_190' title='bbox 2060 2523 2116 2569; x_wconf 90' lang='lat' dir='ltr'><strong>et</strong></span> 
     </span>
    </p>
   </div>
   <div class='ocr_carea' id='block_1_29' title="bbox 547 2602 2112 2670">
    <p class='ocr_par' dir='ltr' id='par_1_29' title="bbox 547 2602 2112 2670">
     <span class='ocr_line' id='line_1_29' title="bbox 547 2602 2112 2670; baseline 0.003 -15"><span class='ocrx_word' id='word_1_191' title='bbox 547 2605 653 2656; x_wconf 86' lang='lat' dir='ltr'><strong>alia</strong></span> <span class='ocrx_word' id='word_1_192' title='bbox 702 2617 884 2657; x_wconf 83' lang='lat' dir='ltr'><strong>secum</strong></span> <span class='ocrx_word' id='word_1_193' title='bbox 931 2602 1233 2664; x_wconf 64' lang='lat' dir='ltr'><strong>daemonia,</strong></span> <span class='ocrx_word' id='word_1_194' title='bbox 1289 2612 1346 2656; x_wconf 94' lang='lat' dir='ltr'><strong>ut</strong></span> <span class='ocrx_word' id='word_1_195' title='bbox 1397 2620 1519 2659; x_wconf 90' lang='lat' dir='ltr'><strong>cum</strong></span> <span class='ocrx_word' id='word_1_196' title='bbox 1569 2606 1848 2661; x_wconf 86' lang='lat' dir='ltr'><strong>mulierem</strong></span> <span class='ocrx_word' id='word_1_197' title='bbox 1884 2607 2112 2670; x_wconf 82' lang='lat' dir='ltr'><strong>falleret,</strong></span> 
     </span>
    </p>
   </div>
   <div class='ocr_carea' id='block_1_30' title="bbox 546 2693 2105 2767">
    <p class='ocr_par' dir='ltr' id='par_1_30' title="bbox 546 2693 2105 2767">
     <span class='ocr_line' id='line_1_30' title="bbox 546 2693 2105 2767; baseline 0.004 -22"><span class='ocrx_word' id='word_1_198' title='bbox 546 2701 660 2746; x_wconf 90' lang='lat' dir='ltr'><strong>tum</strong></span> <span class='ocrx_word' id='word_1_199' title='bbox 687 2708 810 2753; x_wconf 78' lang='lat' dir='ltr'><strong>eum</strong></span> <span class='ocrx_word' id='word_1_200' title='bbox 839 2694 933 2763; x_wconf 84' lang='lat' dir='ltr'><strong>qui</strong></span> <span class='ocrx_word' id='word_1_201' title='bbox 962 2694 1032 2747; x_wconf 92' lang='lat' dir='ltr'><strong>ab</strong></span> <span class='ocrx_word' id='word_1_202' title='bbox 1060 2695 1176 2763; x_wconf 90' lang='lat' dir='ltr'><strong>ipsa</strong></span> <span class='ocrx_word' id='word_1_203' title='bbox 1207 2693 1493 2749; x_wconf 77' lang='lat' dir='ltr'><strong>fallebatur</strong></span> <span class='ocrx_word' id='word_1_204' title='bbox 1524 2694 1742 2751; x_wconf 90' lang='lat' dir='ltr'><strong>Saulcm</strong></span> <span class='ocrx_word' id='word_1_205' title='bbox 1773 2715 1788 2763; x_wconf 90' lang='lat'><strong>;</strong></span> <span class='ocrx_word' id='word_1_206' title='bbox 1835 2707 1998 2767; x_wconf 90' lang='lat' dir='ltr'><strong>atque</strong></span> <span class='ocrx_word' id='word_1_207' title='bbox 2025 2699 2105 2754; x_wconf 87' lang='lat' dir='ltr'><strong>ef-</strong></span> 
     </span>
    </p>
   </div>
   <div class='ocr_carea' id='block_1_31' title="bbox 549 2782 2111 2858">
    <p class='ocr_par' dir='ltr' id='par_1_31' title="bbox 549 2782 2111 2858">
     <span class='ocr_line' id='line_1_31' title="bbox 549 2782 2111 2858; baseline 0.006 -23"><span class='ocrx_word' id='word_1_208' title='bbox 549 2782 673 2837; x_wconf 80' lang='lat' dir='ltr'><strong>fecit</strong></span> <span class='ocrx_word' id='word_1_209' title='bbox 704 2782 921 2854; x_wconf 91' lang='lat' dir='ltr'><strong>quidem</strong></span> <span class='ocrx_word' id='word_1_210' title='bbox 954 2793 1014 2837; x_wconf 91' lang='lat' dir='ltr'><strong>ut</strong></span> <span class='ocrx_word' id='word_1_211' title='bbox 1052 2786 1317 2839; x_wconf 72' lang='lat' dir='ltr'><strong>daemonia</strong></span> <span class='ocrx_word' id='word_1_212' title='bbox 1344 2785 1419 2839; x_wconf 93' lang='lat' dir='ltr'><strong>dii</strong></span> <span class='ocrx_word' id='word_1_213' title='bbox 1453 2801 1485 2839; x_wconf 89' lang='lat' dir='ltr'><strong>a</strong></span> <span class='ocrx_word' id='word_1_214' title='bbox 1538 2788 1877 2858; x_wconf 89' lang='lat' dir='ltr'><strong>ventriloqua</strong></span> <span class='ocrx_word' id='word_1_215' title='bbox 1922 2804 2111 2845; x_wconf 82' lang='lat' dir='ltr'><strong>cense-</strong></span> 
     </span>
    </p>
   </div>
   <div class='ocr_carea' id='block_1_32' title="bbox 546 2871 2110 2946">
    <p class='ocr_par' dir='ltr' id='par_1_32' title="bbox 546 2871 2110 2946">
     <span class='ocr_line' id='line_1_32' title="bbox 546 2871 2110 2946; baseline 0.005 -23"><span class='ocrx_word' id='word_1_216' title='bbox 546 2880 753 2933; x_wconf 84' lang='lat' dir='ltr'><strong>rentur,</strong></span> <span class='ocrx_word' id='word_1_217' title='bbox 783 2871 962 2941; x_wconf 91' lang='lat' dir='ltr'><strong>ipsum</strong></span> <span class='ocrx_word' id='word_1_218' title='bbox 1007 2882 1187 2927; x_wconf 88' lang='lat' dir='ltr'><strong>autem</strong></span> <span class='ocrx_word' id='word_1_219' title='bbox 1222 2874 1311 2925; x_wconf 91' lang='lat' dir='ltr'><strong>illa</strong></span> <span class='ocrx_word' id='word_1_220' title='bbox 1355 2888 1413 2928; x_wconf 90' lang='lat' dir='ltr'><strong>se</strong></span> <span class='ocrx_word' id='word_1_221' title='bbox 1460 2876 1642 2945; x_wconf 89' lang='lat' dir='ltr'><strong>specie</strong></span> <span class='ocrx_word' id='word_1_222' title='bbox 1668 2876 1845 2930; x_wconf 89' lang='lat' dir='ltr'><strong>induit</strong></span> <span class='ocrx_word' id='word_1_223' title='bbox 1876 2892 1996 2946; x_wconf 87' lang='lat' dir='ltr'><strong>quae</strong></span> <span class='ocrx_word' id='word_1_224' title='bbox 2024 2893 2110 2932; x_wconf 81' lang='lat' dir='ltr'><strong>re-</strong></span> 
     </span>
    </p>
   </div>
   <div class='ocr_carea' id='block_1_33' title="bbox 546 2963 2106 3039">
    <p class='ocr_par' dir='ltr' id='par_1_33' title="bbox 546 2963 2106 3039">
     <span class='ocr_line' id='line_1_33' title="bbox 546 2963 2106 3039; baseline 0.004 -24"><span class='ocrx_word' id='word_1_225' title='bbox 546 2963 879 3032; x_wconf 89' lang='lat' dir='ltr'><strong>quirebatur,</strong></span> <span class='ocrx_word' id='word_1_226' title='bbox 908 2971 963 3019; x_wconf 89' lang='lat' dir='ltr'><strong>et</strong></span> <span class='ocrx_word' id='word_1_227' title='bbox 1006 2979 1167 3019; x_wconf 87' lang='lat' dir='ltr'><strong>voces</strong></span> <span class='ocrx_word' id='word_1_228' title='bbox 1216 2966 1360 3019; x_wconf 75' lang='lat' dir='ltr'><strong>illius</strong></span> <span class='ocrx_word' id='word_1_229' title='bbox 1408 2966 1703 3030; x_wconf 82' lang='lat' dir='ltr'><strong>simulavit,</strong></span> <span class='ocrx_word' id='word_1_230' title='bbox 1754 2977 1806 3021; x_wconf 84' lang='lat' dir='ltr'><strong>et</strong></span> <span class='ocrx_word' id='word_1_231' title='bbox 1844 2978 2106 3039; x_wconf 88' lang='lat' dir='ltr'><strong>quantum</strong></span> 
     </span>
    </p>
   </div>
   <div class='ocr_carea' id='block_1_34' title="bbox 2220 511 3787 585">
    <p class='ocr_par' dir='ltr' id='par_1_34' title="bbox 2220 511 3787 585">
     <span class='ocr_line' id='line_1_34' title="bbox 2220 511 3787 585; baseline -0.003 -17"><span class='ocrx_word' id='word_1_232' title='bbox 2220 515 2503 585; x_wconf 82' lang='grc' dir='ltr'><strong>συνηθείας</strong></span> <span class='ocrx_word' id='word_1_233' title='bbox 2540 514 2599 566; x_wconf 85' lang='grc' dir='ltr'><strong>τὸ</strong></span> <span class='ocrx_word' id='word_1_234' title='bbox 2618 513 2858 581; x_wconf 77' lang='grc' dir='ltr'>γύναιον,</span> <span class='ocrx_word' id='word_1_235' title='bbox 2884 513 2961 573; x_wconf 86' lang='grc' dir='ltr'><strong>είς</strong></span> <span class='ocrx_word' id='word_1_236' title='bbox 2984 511 3271 582; x_wconf 78' lang='grc' dir='ltr'><strong>διαφόρους</strong></span> <span class='ocrx_word' id='word_1_237' title='bbox 3303 511 3515 582; x_wconf 83' lang='grc' dir='ltr'>μορφὰς</span> <span class='ocrx_word' id='word_1_238' title='bbox 3540 512 3787 576; x_wconf 84' lang='grc' dir='ltr'>σκιωδῶς</span> 
     </span>
    </p>
   </div>
   <div class='ocr_carea' id='block_1_35' title="bbox 2218 602 3786 674">
    <p class='ocr_par' dir='ltr' id='par_1_35' title="bbox 2218 602 3786 674">
     <span class='ocr_line' id='line_1_35' title="bbox 2218 602 3786 674; baseline -0.001 -17"><span class='ocrx_word' id='word_1_239' title='bbox 2218 607 2276 658; x_wconf 83' lang='grc' dir='ltr'>ὲν</span> <span class='ocrx_word' id='word_1_240' title='bbox 2306 609 2418 669; x_wconf 88' lang='grc' dir='ltr'>τοῖς</span> <span class='ocrx_word' id='word_1_241' title='bbox 2443 604 2735 674; x_wconf 77' lang='grc' dir='ltr'>ὀφθαλμοῖς</span> <span class='ocrx_word' id='word_1_242' title='bbox 2764 604 2855 657; x_wconf 87' lang='grc' dir='ltr'><strong>τοῦ</strong></span> <span class='ocrx_word' id='word_1_243' title='bbox 2879 602 3105 671; x_wconf 78' lang='grc' dir='ltr'>γυναίου</span> <span class='ocrx_word' id='word_1_244' title='bbox 3129 603 3541 674; x_wconf 74' lang='grc' dir='ltr'>ἐσχηματίξετο,</span> <span class='ocrx_word' id='word_1_245' title='bbox 3569 604 3786 666; x_wconf 73' lang='grc' dir='ltr'>οὐδενὸς</span> 
     </span>
    </p>
   </div>
   <div class='ocr_carea' id='block_1_36' title="bbox 2215 687 3783 767">
    <p class='ocr_par' dir='ltr' id='par_1_36' title="bbox 2215 687 3783 767">
     <span class='ocr_line' id='line_1_36' title="bbox 2215 687 3783 767; baseline -0.001 -19"><span class='ocrx_word' id='word_1_246' title='bbox 2215 696 2294 766; x_wconf 85' lang='grc' dir='ltr'><strong>τῷ</strong></span> <span class='ocrx_word' id='word_1_247' title='bbox 2332 697 2501 750; x_wconf 77' lang='grc' dir='ltr'>Σαοὺλ</span> <span class='ocrx_word' id='word_1_248' title='bbox 2544 695 3011 767; x_wconf 81' lang='grc' dir='ltr'>προφαινομένου,</span> <span class='ocrx_word' id='word_1_249' title='bbox 3053 687 3127 747; x_wconf 83' lang='grc' dir='ltr'>ὧν</span> <span class='ocrx_word' id='word_1_250' title='bbox 3158 693 3411 764; x_wconf 80' lang='grc' dir='ltr'>καθεώρα</span> <span class='ocrx_word' id='word_1_251' title='bbox 3447 695 3506 747; x_wconf 84' lang='grc' dir='ltr'><strong>τὸ</strong></span> <span class='ocrx_word' id='word_1_252' title='bbox 3538 695 3783 762; x_wconf 83' lang='grc' dir='ltr'>γύναιον.</span> 
     </span>
    </p>
   </div>
   <div class='ocr_carea' id='block_1_37' title="bbox 2230 781 3786 858">
    <p class='ocr_par' dir='ltr' id='par_1_37' title="bbox 2230 781 3786 858">
     <span class='ocr_line' id='line_1_37' title="bbox 2230 781 3786 858; baseline -0.001 -19"><span class='ocrx_word' id='word_1_253' title='bbox 2230 787 2316 850; x_wconf 82' lang='grc' dir='ltr'>Ὠς</span> <span class='ocrx_word' id='word_1_254' title='bbox 2338 787 2445 858; x_wconf 82' lang='grc' dir='ltr'>γὰρ</span> <span class='ocrx_word' id='word_1_255' title='bbox 2478 787 2652 856; x_wconf 75' lang='grc' dir='ltr'>ἥψατο</span> <span class='ocrx_word' id='word_1_256' title='bbox 2677 787 2774 856; x_wconf 86' lang='grc' dir='ltr'><strong>τῆς</strong></span> <span class='ocrx_word' id='word_1_257' title='bbox 2802 786 3072 856; x_wconf 76' lang='grc' dir='ltr'><strong>γοητείας,</strong></span> <span class='ocrx_word' id='word_1_258' title='bbox 3103 789 3195 838; x_wconf 77' lang='grc' dir='ltr'><strong>καὶ</strong></span> <span class='ocrx_word' id='word_1_259' title='bbox 3247 784 3348 855; x_wconf 74' lang='grc' dir='ltr'>ήδη</span> <span class='ocrx_word' id='word_1_260' title='bbox 3373 785 3449 855; x_wconf 83' lang='grc' dir='ltr'>τῷ</span> <span class='ocrx_word' id='word_1_261' title='bbox 3478 786 3681 855; x_wconf 87' lang='grc' dir='ltr'>γυναίῳ</span> <span class='ocrx_word' id='word_1_262' title='bbox 3712 781 3786 855; x_wconf 73' lang='grc' dir='ltr'><strong>ἦν</strong></span> 
     </span>
    </p>
   </div>
   <div class='ocr_carea' id='block_1_38' title="bbox 2217 876 3787 947">
    <p class='ocr_par' dir='ltr' id='par_1_38' title="bbox 2217 876 3787 947">
     <span class='ocr_line' id='line_1_38' title="bbox 2217 876 3787 947; baseline 0.001 -17"><span class='ocrx_word' id='word_1_263' title='bbox 2217 880 2273 933; x_wconf 79' lang='grc' dir='ltr'>ὲν</span> <span class='ocrx_word' id='word_1_264' title='bbox 2312 877 2605 946; x_wconf 82' lang='grc' dir='ltr'><strong>ὀφθαλμοῖς</strong></span> <span class='ocrx_word' id='word_1_265' title='bbox 2638 876 2705 929; x_wconf 84' lang='grc' dir='ltr'><strong>τά</strong></span> <span class='ocrx_word' id='word_1_266' title='bbox 2746 878 3122 947; x_wconf 82' lang='grc' dir='ltr'><strong>φαντάσματα,</strong></span> <span class='ocrx_word' id='word_1_267' title='bbox 3166 876 3348 930; x_wconf 84' lang='grc' dir='ltr'>πίστιν</span> <span class='ocrx_word' id='word_1_268' title='bbox 3387 876 3477 930; x_wconf 89' lang='grc' dir='ltr'><strong>τοῦ</strong></span> <span class='ocrx_word' id='word_1_269' title='bbox 3506 876 3681 947; x_wconf 82' lang='grc' dir='ltr'><strong>ἀληθῆ</strong></span> <span class='ocrx_word' id='word_1_270' title='bbox 3710 878 3787 931; x_wconf 77' lang='grc' dir='ltr'><strong>τὰ</strong></span> 
     </span>
    </p>
   </div>
   <div class='ocr_carea' id='block_1_39' title="bbox 2218 966 3788 1042">
    <p class='ocr_par' dir='ltr' id='par_1_39' title="bbox 2218 966 3788 1042">
     <span class='ocr_line' id='line_1_39' title="bbox 2218 966 3788 1042; baseline -0.003 -18"><span class='ocrx_word' id='word_1_271' title='bbox 2218 972 2512 1042; x_wconf 82' lang='grc' dir='ltr'>φαινόμενα</span> <span class='ocrx_word' id='word_1_272' title='bbox 2554 966 2691 1029; x_wconf 79' lang='grc' dir='ltr'>εἶναι</span> <span class='ocrx_word' id='word_1_273' title='bbox 2727 967 2929 1038; x_wconf 82' lang='grc' dir='ltr'>ταύτην</span> <span class='ocrx_word' id='word_1_274' title='bbox 2965 971 2994 1020; x_wconf 94' lang='lat'><strong>6</strong></span> <span class='ocrx_word' id='word_1_275' title='bbox 3033 966 3238 1037; x_wconf 84' lang='grc' dir='ltr'>δαίμων</span> <span class='ocrx_word' id='word_1_276' title='bbox 3269 968 3682 1038; x_wconf 78' lang='grc' dir='ltr'>ἐμηχανήσατο,</span> <span class='ocrx_word' id='word_1_277' title='bbox 3720 966 3788 1019; x_wconf 74' lang='grc' dir='ltr'><strong>τδ</strong></span> 
     </span>
    </p>
   </div>
   <div class='ocr_carea' id='block_1_40' title="bbox 2216 1058 3789 1133">
    <p class='ocr_par' dir='ltr' id='par_1_40' title="bbox 2216 1058 3789 1133">
     <span class='ocr_line' id='line_1_40' title="bbox 2216 1058 3789 1133; baseline -0.002 -20"><span class='ocrx_word' id='word_1_278' title='bbox 2216 1062 2431 1133; x_wconf 83' lang='grc' dir='ltr'>πρῶτον</span> <span class='ocrx_word' id='word_1_279' title='bbox 2459 1060 2625 1115; x_wconf 85' lang='grc' dir='ltr'>αὐτοῦ</span> <span class='ocrx_word' id='word_1_280' title='bbox 2649 1060 3030 1130; x_wconf 82' lang='grc' dir='ltr'>κεκρυμμένου</span> <span class='ocrx_word' id='word_1_281' title='bbox 3059 1058 3116 1111; x_wconf 86' lang='grc' dir='ltr'>ὲν</span> <span class='ocrx_word' id='word_1_282' title='bbox 3144 1058 3221 1129; x_wconf 83' lang='grc' dir='ltr'>τῷ</span> <span class='ocrx_word' id='word_1_283' title='bbox 3254 1058 3383 1111; x_wconf 78' lang='grc' dir='ltr'>εῖδει</span> <span class='ocrx_word' id='word_1_284' title='bbox 3410 1058 3503 1111; x_wconf 90' lang='grc' dir='ltr'><strong>τοῦ</strong></span> <span class='ocrx_word' id='word_1_285' title='bbox 3543 1060 3789 1129; x_wconf 84' lang='grc' dir='ltr'>προσχή-</span> 
     </span>
    </p>
   </div>
   <div class='ocr_carea' id='block_1_41' title="bbox 2219 1143 3785 1221">
    <p class='ocr_par' dir='ltr' id='par_1_41' title="bbox 2219 1143 3785 1221">
     <span class='ocr_line' id='line_1_41' title="bbox 2219 1143 3785 1221; baseline -0.003 -17"><span class='ocrx_word' id='word_1_286' title='bbox 2219 1169 2386 1221; x_wconf 78' lang='grc' dir='ltr'>ματος</span> <span class='ocrx_word' id='word_1_287' title='bbox 2416 1152 2764 1220; x_wconf 74' lang='grc' dir='ltr'><strong>διασαφῆσαι,</strong></span> <span class='ocrx_word' id='word_1_288' title='bbox 2796 1149 2863 1202; x_wconf 87' lang='grc' dir='ltr'>δι’</span> <span class='ocrx_word' id='word_1_289' title='bbox 2886 1143 2946 1202; x_wconf 77' lang='grc' dir='ltr'>οὗ</span> <span class='ocrx_word' id='word_1_290' title='bbox 2970 1148 3166 1219; x_wconf 80' lang='grc' dir='ltr'>μᾶλλον</span> <span class='ocrx_word' id='word_1_291' title='bbox 3186 1149 3214 1200; x_wconf 92' lang='lat'><strong>6</strong></span> <span class='ocrx_word' id='word_1_292' title='bbox 3236 1146 3407 1202; x_wconf 81' lang='grc' dir='ltr'>Σαοὺλ</span> <span class='ocrx_word' id='word_1_293' title='bbox 3441 1149 3785 1217; x_wconf 79' lang='grc' dir='ltr'><strong>κατεπλάγη,</strong></span> 
     </span>
    </p>
   </div>
   <div class='ocr_carea' id='block_1_42' title="bbox 2216 1239 3790 1313">
    <p class='ocr_par' dir='ltr' id='par_1_42' title="bbox 2216 1239 3790 1313">
     <span class='ocr_line' id='line_1_42' title="bbox 2216 1239 3790 1313; baseline -0.001 -18"><span class='ocrx_word' id='word_1_294' title='bbox 2216 1245 2292 1305; x_wconf 84' lang='grc' dir='ltr'>ὡς</span> <span class='ocrx_word' id='word_1_295' title='bbox 2341 1243 2491 1296; x_wconf 79' lang='grc' dir='ltr'>οὐδὲν</span> <span class='ocrx_word' id='word_1_296' title='bbox 2540 1243 2620 1295; x_wconf 74' lang='grc' dir='ltr'>ἔτι</span> <span class='ocrx_word' id='word_1_297' title='bbox 2668 1242 2765 1313; x_wconf 86' lang='grc' dir='ltr'><strong>τῆς</strong></span> <span class='ocrx_word' id='word_1_298' title='bbox 2812 1241 3066 1309; x_wconf 83' lang='grc' dir='ltr'>γυναικὸς</span> <span class='ocrx_word' id='word_1_299' title='bbox 3112 1239 3561 1311; x_wconf 78' lang='grc' dir='ltr'>σφαλητομένης,</span> <span class='ocrx_word' id='word_1_300' title='bbox 3604 1239 3682 1310; x_wconf 80' lang='grc' dir='ltr'>τῷ</span> <span class='ocrx_word' id='word_1_301' title='bbox 3726 1240 3790 1293; x_wconf 75' lang='grc' dir='ltr'>τὸ</span> 
     </span>
    </p>
   </div>
   <div class='ocr_carea' id='block_1_43' title="bbox 2220 1331 3781 1407">
    <p class='ocr_par' dir='ltr' id='par_1_43' title="bbox 2220 1331 3781 1407">
     <span class='ocr_line' id='line_1_43' title="bbox 2220 1331 3781 1407; baseline -0.001 -21"><span class='ocrx_word' id='word_1_302' title='bbox 2220 1332 2481 1387; x_wconf 78' lang='grc' dir='ltr'>ἰδιωτικὸν</span> <span class='ocrx_word' id='word_1_303' title='bbox 2505 1334 2685 1407; x_wconf 81' lang='grc' dir='ltr'>σχῆμα</span> <span class='ocrx_word' id='word_1_304' title='bbox 2709 1332 2807 1403; x_wconf 86' lang='grc' dir='ltr'><strong>τὴν</strong></span> <span class='ocrx_word' id='word_1_305' title='bbox 2839 1331 3099 1402; x_wconf 80' lang='grc' dir='ltr'>γοητικὴν</span> <span class='ocrx_word' id='word_1_306' title='bbox 3125 1331 3350 1402; x_wconf 89' lang='grc' dir='ltr'>δύναμιν</span> <span class='ocrx_word' id='word_1_307' title='bbox 3386 1332 3460 1402; x_wconf 80' lang='grc' dir='ltr'><strong>μὴ</strong></span> <span class='ocrx_word' id='word_1_308' title='bbox 3489 1332 3781 1401; x_wconf 79' lang='grc' dir='ltr'>ἀγνοῆσαι.</span> 
     </span>
    </p>
   </div>
   <div class='ocr_carea' id='block_1_44' title="bbox 2215 1421 3791 1492">
    <p class='ocr_par' dir='ltr' id='par_1_44' title="bbox 2215 1421 3791 1492">
     <span class='ocr_line' id='line_1_44' title="bbox 2215 1421 3791 1492; baseline -0.004 -16"><span class='ocrx_word' id='word_1_309' title='bbox 2215 1423 2488 1485; x_wconf 84' lang='grc' dir='ltr'>Είπούσης</span> <span class='ocrx_word' id='word_1_310' title='bbox 2520 1424 2697 1475; x_wconf 82' lang='grc' dir='ltr'>τοίνυν</span> <span class='ocrx_word' id='word_1_311' title='bbox 2727 1422 2898 1491; x_wconf 77' lang='grc' dir='ltr'>αὐτῆς</span> <span class='ocrx_word' id='word_1_312' title='bbox 2940 1421 3093 1483; x_wconf 81' lang='grc' dir='ltr'>θεοὺς</span> <span class='ocrx_word' id='word_1_313' title='bbox 3135 1421 3433 1492; x_wconf 78' lang='grc' dir='ltr'>ἑωρακέναι</span> <span class='ocrx_word' id='word_1_314' title='bbox 3472 1422 3791 1474; x_wconf 59' lang='grc' dir='ltr'>ἀναὸαίνοει-</span> 
     </span>
    </p>
   </div>
   <div class='ocr_carea' id='block_1_45' title="bbox 2214 1511 3787 1585">
    <p class='ocr_par' dir='ltr' id='par_1_45' title="bbox 2214 1511 3787 1585">
     <span class='ocr_line' id='line_1_45' title="bbox 2214 1511 3787 1585; baseline -0.003 -16"><span class='ocrx_word' id='word_1_315' title='bbox 2214 1533 2311 1579; x_wconf 87' lang='grc' dir='ltr'><strong>τας</strong></span> <span class='ocrx_word' id='word_1_316' title='bbox 2331 1555 2345 1579; x_wconf 89' lang='grc'><strong>,</strong></span> <span class='ocrx_word' id='word_1_317' title='bbox 2374 1516 2466 1568; x_wconf 75' lang='grc' dir='ltr'>καὶ</span> <span class='ocrx_word' id='word_1_318' title='bbox 2500 1514 2782 1585; x_wconf 77' lang='grc' dir='ltr'>ἄνθρωπον</span> <span class='ocrx_word' id='word_1_319' title='bbox 2807 1513 2989 1585; x_wconf 75' lang='grc' dir='ltr'>ὄρθιον</span> <span class='ocrx_word' id='word_1_320' title='bbox 3014 1514 3070 1566; x_wconf 78' lang='grc' dir='ltr'><strong>ἐν</strong></span> <span class='ocrx_word' id='word_1_321' title='bbox 3097 1511 3343 1575; x_wconf 77' lang='grc' dir='ltr'>διπλιῖδι,</span> <span class='ocrx_word' id='word_1_322' title='bbox 3379 1514 3493 1575; x_wconf 82' lang='grc' dir='ltr'>πῶς</span> <span class='ocrx_word' id='word_1_323' title='bbox 3524 1516 3787 1584; x_wconf 80' lang='grc' dir='ltr'>στήσουσι</span> 
     </span>
    </p>
   </div>
   <div class='ocr_carea' id='block_1_46' title="bbox 2214 1602 3787 1675">
    <p class='ocr_par' dir='ltr' id='par_1_46' title="bbox 2214 1602 3787 1675">
     <span class='ocr_line' id='line_1_46' title="bbox 2214 1602 3787 1675; baseline 0 -18"><span class='ocrx_word' id='word_1_324' title='bbox 2214 1605 2274 1658; x_wconf 85' lang='grc' dir='ltr'>τὸ</span> <span class='ocrx_word' id='word_1_325' title='bbox 2316 1605 2435 1657; x_wconf 80' lang='grc' dir='ltr'>καθ’</span> <span class='ocrx_word' id='word_1_326' title='bbox 2483 1604 2721 1675; x_wconf 80' lang='grc' dir='ltr'>ἱστορίαν</span> <span class='ocrx_word' id='word_1_327' title='bbox 2750 1604 2799 1656; x_wconf 85' lang='grc' dir='ltr'>οἱ</span> <span class='ocrx_word' id='word_1_328' title='bbox 2844 1602 3017 1656; x_wconf 87' lang='grc' dir='ltr'>δοῦλοι</span> <span class='ocrx_word' id='word_1_329' title='bbox 3051 1604 3143 1657; x_wconf 82' lang='grc' dir='ltr'><strong>τοῦ</strong></span> <span class='ocrx_word' id='word_1_330' title='bbox 3177 1603 3530 1672; x_wconf 72' lang='grc' dir='ltr'>γράμματοςς</span> <span class='ocrx_word' id='word_1_331' title='bbox 3566 1605 3627 1655; x_wconf 83' lang='grc' dir='ltr'><strong>Εἰ</strong></span> <span class='ocrx_word' id='word_1_332' title='bbox 3669 1605 3787 1674; x_wconf 78' lang='grc' dir='ltr'>γὰρ</span> 
     </span>
    </p>
   </div>
   <div class='ocr_carea' id='block_1_47' title="bbox 2223 1695 3786 1769">
    <p class='ocr_par' dir='ltr' id='par_1_47' title="bbox 2223 1695 3786 1769">
     <span class='ocr_line' id='line_1_47' title="bbox 2223 1695 3786 1769; baseline -0.002 -19"><span class='ocrx_word' id='word_1_333' title='bbox 2223 1698 2436 1769; x_wconf 79' lang='grc' dir='ltr'>ἀληθῶς</span> <span class='ocrx_word' id='word_1_334' title='bbox 2482 1699 2511 1750; x_wconf 92' lang='lat'><strong>6</strong></span> <span class='ocrx_word' id='word_1_335' title='bbox 2568 1696 2821 1767; x_wconf 84' lang='grc' dir='ltr'>Σαμουήλ</span> <span class='ocrx_word' id='word_1_336' title='bbox 2881 1699 3026 1749; x_wconf 83' lang='grc' dir='ltr'>ἐστιν</span> <span class='ocrx_word' id='word_1_337' title='bbox 3072 1696 3101 1747; x_wconf 93' lang='lat'><strong>6</strong></span> <span class='ocrx_word' id='word_1_338' title='bbox 3154 1695 3370 1765; x_wconf 75' lang='grc' dir='ltr'>ὀφθεὶς,</span> <span class='ocrx_word' id='word_1_339' title='bbox 3424 1696 3618 1749; x_wconf 81' lang='grc' dir='ltr'>οὐκοῦν</span> <span class='ocrx_word' id='word_1_340' title='bbox 3658 1696 3786 1749; x_wconf 83' lang='grc' dir='ltr'>κατ’</span> 
     </span>
    </p>
   </div>
   <div class='ocr_carea' id='block_1_48' title="bbox 2216 1786 3788 1860">
    <p class='ocr_par' dir='ltr' id='par_1_48' title="bbox 2216 1786 3788 1860">
     <span class='ocr_line' id='line_1_48' title="bbox 2216 1786 3788 1860; baseline -0.001 -19"><span class='ocrx_word' id='word_1_341' title='bbox 2216 1789 2467 1860; x_wconf 84' lang='grc' dir='ltr'>ἀλήθειαν</span> <span class='ocrx_word' id='word_1_342' title='bbox 2487 1789 2578 1841; x_wconf 73' lang='grc' dir='ltr'><strong>καὶ</strong></span> <span class='ocrx_word' id='word_1_343' title='bbox 2600 1788 2709 1841; x_wconf 88' lang='grc' dir='ltr'>θεοί</span> <span class='ocrx_word' id='word_1_344' title='bbox 2737 1789 2872 1840; x_wconf 83' lang='grc' dir='ltr'>εἰσιν</span> <span class='ocrx_word' id='word_1_345' title='bbox 2894 1789 2942 1839; x_wconf 74' lang='lat' dir='ltr'><strong>ot</strong></span> <span class='ocrx_word' id='word_1_346' title='bbox 2974 1787 3227 1857; x_wconf 78' lang='grc' dir='ltr'>ὀφθέντες</span> <span class='ocrx_word' id='word_1_347' title='bbox 3257 1786 3406 1857; x_wconf 87' lang='grc' dir='ltr'>παρὰ</span> <span class='ocrx_word' id='word_1_348' title='bbox 3432 1788 3529 1857; x_wconf 92' lang='grc' dir='ltr'><strong>τῆς</strong></span> <span class='ocrx_word' id='word_1_349' title='bbox 3559 1805 3788 1859; x_wconf 83' lang='grc' dir='ltr'>φαρμα-</span> 
     </span>
    </p>
   </div>
   <div class='ocr_carea' id='block_1_49' title="bbox 2223 1878 3790 1952">
    <p class='ocr_par' dir='ltr' id='par_1_49' title="bbox 2223 1878 3790 1952">
     <span class='ocr_line' id='line_1_49' title="bbox 2223 1878 3790 1952; baseline -0.002 -17"><span class='ocrx_word' id='word_1_350' title='bbox 2223 1882 2367 1945; x_wconf 82' lang='grc' dir='ltr'>κίδος</span> <span class='ocrx_word' id='word_1_351' title='bbox 2385 1897 2398 1910; x_wconf 91' lang='grc'><strong>·</strong></span> <span class='ocrx_word' id='word_1_352' title='bbox 2444 1879 2596 1945; x_wconf 80' lang='grc' dir='ltr'>θεοὺς</span> <span class='ocrx_word' id='word_1_353' title='bbox 2616 1881 2673 1933; x_wconf 84' lang='grc' dir='ltr'>δὲ</span> <span class='ocrx_word' id='word_1_354' title='bbox 2705 1882 2738 1952; x_wconf 83' lang='grc' dir='ltr'>ἡ</span> <span class='ocrx_word' id='word_1_355' title='bbox 2766 1878 2955 1951; x_wconf 87' lang='grc' dir='ltr'>Γραφὴ</span> <span class='ocrx_word' id='word_1_356' title='bbox 2986 1878 3057 1931; x_wconf 86' lang='grc' dir='ltr'><strong>τά</strong></span> <span class='ocrx_word' id='word_1_357' title='bbox 3082 1878 3327 1948; x_wconf 84' lang='grc' dir='ltr'>δαιμόνια</span> <span class='ocrx_word' id='word_1_358' title='bbox 3352 1878 3529 1946; x_wconf 87' lang='grc' dir='ltr'>λέγει·</span> <span class='ocrx_word' id='word_1_359' title='bbox 3553 1878 3790 1945; x_wconf 74' lang='grc' dir='ltr'>Πάντες</span> 
     </span>
    </p>
   </div>
   <div class='ocr_carea' id='block_1_50' title="bbox 2228 1965 3787 2041">
    <p class='ocr_par' dir='ltr' id='par_1_50' title="bbox 2228 1965 3787 2041">
     <span class='ocr_line' id='line_1_50' title="bbox 2228 1965 3787 2041; baseline -0.002 -16"><span class='ocrx_word' id='word_1_360' title='bbox 2228 1974 2337 2041; x_wconf 81' lang='grc' dir='ltr'>γὰρ</span> <span class='ocrx_word' id='word_1_361' title='bbox 2368 1976 2423 2027; x_wconf 83' lang='grc' dir='ltr'><strong>οἱ</strong></span> <span class='ocrx_word' id='word_1_362' title='bbox 2446 1972 2567 2026; x_wconf 74' lang='grc' dir='ltr'>θεοὶ</span> <span class='ocrx_word' id='word_1_363' title='bbox 2604 1973 2722 2026; x_wconf 80' lang='grc' dir='ltr'>τῶν</span> <span class='ocrx_word' id='word_1_364' title='bbox 2744 1970 2934 2025; x_wconf 80' lang='grc' dir='ltr'><strong>ἐθνῶν</strong></span> <span class='ocrx_word' id='word_1_365' title='bbox 2952 1970 3223 2039; x_wconf 81' lang='grc' dir='ltr'>δαιμόνια</span> <span class='ocrx_word' id='word_1_366' title='bbox 3243 1985 3258 2000; x_wconf 77' lang='grc'><strong><em>⁸</em></strong></span> <span class='ocrx_word' id='word_1_367' title='bbox 3289 1966 3376 2040; x_wconf 83' lang='grc' dir='ltr'><strong>ἆρ’</strong></span> <span class='ocrx_word' id='word_1_368' title='bbox 3411 1965 3503 2023; x_wconf 76' lang='grc' dir='ltr'>οὖν</span> <span class='ocrx_word' id='word_1_369' title='bbox 3520 1970 3655 2040; x_wconf 81' lang='grc' dir='ltr'>μετὰ</span> <span class='ocrx_word' id='word_1_370' title='bbox 3669 1970 3787 2022; x_wconf 83' lang='grc' dir='ltr'>τῶν</span> 
     </span>
    </p>
   </div>
   <div class='ocr_carea' id='block_1_51' title="bbox 2218 2060 3789 2135">
    <p class='ocr_par' dir='ltr' id='par_1_51' title="bbox 2218 2060 3789 2135">
     <span class='ocr_line' id='line_1_51' title="bbox 2218 2060 3789 2135; baseline -0.001 -20"><span class='ocrx_word' id='word_1_371' title='bbox 2218 2063 2483 2134; x_wconf 83' lang='grc' dir='ltr'>δαιμόνων</span> <span class='ocrx_word' id='word_1_372' title='bbox 2504 2065 2598 2117; x_wconf 74' lang='grc' dir='ltr'><strong>καὶ</strong></span> <span class='ocrx_word' id='word_1_373' title='bbox 2620 2066 2652 2135; x_wconf 83' lang='grc' dir='ltr'><strong>ἡ</strong></span> <span class='ocrx_word' id='word_1_374' title='bbox 2677 2062 2820 2133; x_wconf 83' lang='grc' dir='ltr'>ψυχὴ</span> <span class='ocrx_word' id='word_1_375' title='bbox 2848 2060 2941 2115; x_wconf 88' lang='grc' dir='ltr'><strong>τοῦ</strong></span> <span class='ocrx_word' id='word_1_376' title='bbox 2970 2061 3239 2131; x_wconf 82' lang='grc' dir='ltr'>Σαμουήλ;</span> <span class='ocrx_word' id='word_1_377' title='bbox 3270 2061 3358 2130; x_wconf 82' lang='grc' dir='ltr'>Μὴ</span> <span class='ocrx_word' id='word_1_378' title='bbox 3386 2060 3591 2128; x_wconf 83' lang='grc' dir='ltr'>γένοιτο</span> <span class='ocrx_word' id='word_1_379' title='bbox 3609 2076 3623 2089; x_wconf 82' lang='grc'>⁶</span> <span class='ocrx_word' id='word_1_380' title='bbox 3644 2060 3789 2114; x_wconf 71' lang='grc' dir='ltr'>ἀλλὰ</span> 
     </span>
    </p>
   </div>
   <div class='ocr_carea' id='block_1_52' title="bbox 2217 2149 3786 2222">
    <p class='ocr_par' dir='ltr' id='par_1_52' title="bbox 2217 2149 3786 2222">
     <span class='ocr_line' id='line_1_52' title="bbox 2217 2149 3786 2222; baseline -0.003 -15"><span class='ocrx_word' id='word_1_381' title='bbox 2217 2155 2278 2207; x_wconf 88' lang='grc' dir='ltr'><strong>τὸ</strong></span> <span class='ocrx_word' id='word_1_382' title='bbox 2307 2155 2532 2208; x_wconf 85' lang='grc' dir='ltr'>πάντοτε</span> <span class='ocrx_word' id='word_1_383' title='bbox 2563 2151 2833 2207; x_wconf 84' lang='grc' dir='ltr'>ὑπακοῦον</span> <span class='ocrx_word' id='word_1_384' title='bbox 2872 2155 2938 2222; x_wconf 80' lang='grc' dir='ltr'>τῇ</span> <span class='ocrx_word' id='word_1_385' title='bbox 2984 2150 3284 2220; x_wconf 77' lang='grc' dir='ltr'>φαρμακίόι</span> <span class='ocrx_word' id='word_1_386' title='bbox 3319 2149 3587 2219; x_wconf 85' lang='grc' dir='ltr'>δαιμόνιον</span> <span class='ocrx_word' id='word_1_387' title='bbox 3634 2167 3786 2220; x_wconf 80' lang='grc' dir='ltr'>παρ-</span> 
     </span>
    </p>
   </div>
   <div class='ocr_carea' id='block_1_53' title="bbox 2219 2240 3783 2312">
    <p class='ocr_par' dir='ltr' id='par_1_53' title="bbox 2219 2240 3783 2312">
     <span class='ocr_line' id='line_1_53' title="bbox 2219 2240 3783 2312; baseline -0.003 -14"><span class='ocrx_word' id='word_1_388' title='bbox 2219 2245 2377 2299; x_wconf 76' lang='grc' dir='ltr'>έλαϐε</span> <span class='ocrx_word' id='word_1_389' title='bbox 2431 2247 2526 2299; x_wconf 77' lang='grc' dir='ltr'>καὶ</span> <span class='ocrx_word' id='word_1_390' title='bbox 2568 2245 2702 2298; x_wconf 77' lang='grc' dir='ltr'>ἄλλα</span> <span class='ocrx_word' id='word_1_391' title='bbox 2741 2243 3024 2312; x_wconf 84' lang='grc' dir='ltr'>πνεύματα</span> <span class='ocrx_word' id='word_1_392' title='bbox 3066 2240 3201 2311; x_wconf 80' lang='grc' dir='ltr'>πρὸς</span> <span class='ocrx_word' id='word_1_393' title='bbox 3257 2241 3471 2310; x_wconf 83' lang='grc' dir='ltr'>ἀπάτην</span> <span class='ocrx_word' id='word_1_394' title='bbox 3514 2241 3681 2310; x_wconf 78' lang='grc' dir='ltr'>αὐτῆς</span> <span class='ocrx_word' id='word_1_395' title='bbox 3720 2257 3783 2294; x_wconf 80' lang='grc' dir='ltr'><strong>τε</strong></span> 
     </span>
    </p>
   </div>
   <div class='ocr_carea' id='block_1_54' title="bbox 2219 2333 3779 2409">
    <p class='ocr_par' dir='ltr' id='par_1_54' title="bbox 2219 2333 3779 2409">
     <span class='ocr_line' id='line_1_54' title="bbox 2219 2333 3779 2409; baseline -0.004 -18"><span class='ocrx_word' id='word_1_396' title='bbox 2219 2337 2380 2409; x_wconf 75' lang='grc' dir='ltr'>[καὶ]</span> <span class='ocrx_word' id='word_1_397' title='bbox 2406 2338 2505 2409; x_wconf 88' lang='grc' dir='ltr'><strong>τῆς</strong></span> <span class='ocrx_word' id='word_1_398' title='bbox 2532 2337 2806 2407; x_wconf 81' lang='grc' dir='ltr'>γυναικὸς,</span> <span class='ocrx_word' id='word_1_399' title='bbox 2839 2336 2933 2389; x_wconf 73' lang='grc' dir='ltr'>καὶ</span> <span class='ocrx_word' id='word_1_400' title='bbox 2959 2333 3052 2388; x_wconf 90' lang='grc' dir='ltr'><strong>τοῦ</strong></span> <span class='ocrx_word' id='word_1_401' title='bbox 3076 2334 3142 2386; x_wconf 91' lang='grc' dir='ltr'>δι’</span> <span class='ocrx_word' id='word_1_402' title='bbox 3171 2334 3385 2403; x_wconf 78' lang='grc' dir='ltr'>ἐκείνης</span> <span class='ocrx_word' id='word_1_403' title='bbox 3416 2334 3779 2404; x_wconf 79' lang='grc' dir='ltr'>ἀπατωμένου</span> 
     </span>
    </p>
   </div>
   <div class='ocr_carea' id='block_1_55' title="bbox 2212 2424 3786 2499">
    <p class='ocr_par' dir='ltr' id='par_1_55' title="bbox 2212 2424 3786 2499">
     <span class='ocr_line' id='line_1_55' title="bbox 2212 2424 3786 2499; baseline -0.001 -18"><span class='ocrx_word' id='word_1_404' title='bbox 2212 2429 2381 2482; x_wconf 90' lang='grc' dir='ltr'>Σαούλ</span> <span class='ocrx_word' id='word_1_405' title='bbox 2404 2446 2416 2459; x_wconf 89' lang='grc'><strong>·</strong></span> <span class='ocrx_word' id='word_1_406' title='bbox 2467 2430 2560 2483; x_wconf 79' lang='grc' dir='ltr'><strong>καὶ</strong></span> <span class='ocrx_word' id='word_1_407' title='bbox 2585 2429 2653 2481; x_wconf 83' lang='grc' dir='ltr'>τὰ</span> <span class='ocrx_word' id='word_1_408' title='bbox 2685 2428 2781 2499; x_wconf 81' lang='grc' dir='ltr'><strong>μὲν</strong></span> <span class='ocrx_word' id='word_1_409' title='bbox 2814 2427 3060 2497; x_wconf 82' lang='grc' dir='ltr'>δαιμόνια</span> <span class='ocrx_word' id='word_1_410' title='bbox 3094 2424 3247 2487; x_wconf 86' lang='grc' dir='ltr'>θεοὺς</span> <span class='ocrx_word' id='word_1_411' title='bbox 3287 2425 3597 2496; x_wconf 79' lang='grc' dir='ltr'>νομίζεσθαι</span> <span class='ocrx_word' id='word_1_412' title='bbox 3631 2426 3786 2498; x_wconf 75' lang='grc' dir='ltr'>παρὰ</span> 
     </span>
    </p>
   </div>
   <div class='ocr_carea' id='block_1_56' title="bbox 2210 2499 3784 2591">
    <p class='ocr_par' dir='ltr' id='par_1_56' title="bbox 2210 2499 3784 2591">
     <span class='ocr_line' id='line_1_56' title="bbox 2210 2499 3784 2591; baseline -0.004 -18"><span class='ocrx_word' id='word_1_413' title='bbox 2210 2520 2308 2590; x_wconf 81' lang='grc' dir='ltr'><strong>τῆς</strong></span> <span class='ocrx_word' id='word_1_414' title='bbox 2352 2499 2790 2591; x_wconf 77' lang='grc' dir='ltr'>ἐγγαστριμύθου</span> <span class='ocrx_word' id='word_1_415' title='bbox 2824 2518 3094 2587; x_wconf 77' lang='grc' dir='ltr'>ἐποίησεν,</span> <span class='ocrx_word' id='word_1_416' title='bbox 3140 2518 3270 2571; x_wconf 66' lang='grc' dir='ltr'>αὐτὸ</span> <span class='ocrx_word' id='word_1_417' title='bbox 3313 2517 3369 2568; x_wconf 85' lang='grc' dir='ltr'><strong>δὲ</strong></span> <span class='ocrx_word' id='word_1_418' title='bbox 3416 2516 3547 2587; x_wconf 79' lang='grc' dir='ltr'>πρὸς</span> <span class='ocrx_word' id='word_1_419' title='bbox 3577 2517 3636 2568; x_wconf 88' lang='grc' dir='ltr'><strong>τὸ</strong></span> <span class='ocrx_word' id='word_1_420' title='bbox 3661 2517 3784 2568; x_wconf 84' lang='grc' dir='ltr'>ὲπι-</span> 
     </span>
    </p>
   </div>
   <div class='ocr_carea' id='block_1_57' title="bbox 2211 2605 3783 2681">
    <p class='ocr_par' dir='ltr' id='par_1_57' title="bbox 2211 2605 3783 2681">
     <span class='ocr_line' id='line_1_57' title="bbox 2211 2605 3783 2681; baseline -0.001 -20"><span class='ocrx_word' id='word_1_421' title='bbox 2211 2608 2538 2680; x_wconf 81' lang='grc' dir='ltr'>ζητούμενον</span> <span class='ocrx_word' id='word_1_422' title='bbox 2592 2605 2728 2672; x_wconf 85' lang='grc' dir='ltr'>εἶδος</span> <span class='ocrx_word' id='word_1_423' title='bbox 2786 2610 3193 2681; x_wconf 62' lang='grc' dir='ltr'>ἐσχηματίσθη,</span> <span class='ocrx_word' id='word_1_424' title='bbox 3263 2608 3357 2662; x_wconf 75' lang='grc' dir='ltr'><strong>καὶ</strong></span> <span class='ocrx_word' id='word_1_425' title='bbox 3411 2611 3509 2669; x_wconf 84' lang='grc' dir='ltr'>τὰς</span> <span class='ocrx_word' id='word_1_426' title='bbox 3572 2606 3783 2660; x_wconf 75' lang='grc' dir='ltr'>ἐκείνου</span> 
     </span>
    </p>
   </div>
   <div class='ocr_carea' id='block_1_58' title="bbox 2218 2696 3785 2771">
    <p class='ocr_par' dir='ltr' id='par_1_58' title="bbox 2218 2696 3785 2771">
     <span class='ocr_line' id='line_1_58' title="bbox 2218 2696 3785 2771; baseline -0.001 -20"><span class='ocrx_word' id='word_1_427' title='bbox 2218 2699 2398 2768; x_wconf 82' lang='grc' dir='ltr'>φωνὰς</span> <span class='ocrx_word' id='word_1_428' title='bbox 2423 2700 2774 2771; x_wconf 85' lang='grc' dir='ltr'>ὑπεκρίνατο,</span> <span class='ocrx_word' id='word_1_429' title='bbox 2813 2701 2904 2752; x_wconf 71' lang='grc' dir='ltr'><strong>καὶ</strong></span> <span class='ocrx_word' id='word_1_430' title='bbox 2928 2701 3062 2770; x_wconf 81' lang='grc' dir='ltr'>ὅπερ</span> <span class='ocrx_word' id='word_1_431' title='bbox 3094 2700 3240 2763; x_wconf 77' lang='grc' dir='ltr'>είκὸς</span> <span class='ocrx_word' id='word_1_432' title='bbox 3265 2696 3332 2769; x_wconf 84' lang='grc' dir='ltr'><strong>ῆν</strong></span> <span class='ocrx_word' id='word_1_433' title='bbox 3364 2700 3427 2752; x_wconf 83' lang='grc' dir='ltr'>ἐκ</span> <span class='ocrx_word' id='word_1_434' title='bbox 3449 2698 3556 2750; x_wconf 84' lang='grc' dir='ltr'><strong>τῶν</strong></span> <span class='ocrx_word' id='word_1_435' title='bbox 3593 2715 3785 2767; x_wconf 82' lang='grc' dir='ltr'>φαινο-</span> 
     </span>
    </p>
   </div>
   <div class='ocr_carea' id='block_1_59' title="bbox 2217 2788 3782 2862">
    <p class='ocr_par' dir='ltr' id='par_1_59' title="bbox 2217 2788 3782 2862">
     <span class='ocr_line' id='line_1_59' title="bbox 2217 2788 3782 2862; baseline -0.003 -19"><span class='ocrx_word' id='word_1_436' title='bbox 2217 2790 2393 2862; x_wconf 82' lang='grc' dir='ltr'>μένων</span> <span class='ocrx_word' id='word_1_437' title='bbox 2420 2791 2755 2859; x_wconf 88' lang='grc' dir='ltr'>λογίσασθαι,</span> <span class='ocrx_word' id='word_1_438' title='bbox 2790 2791 2886 2862; x_wconf 85' lang='grc' dir='ltr'><strong>τὴν</strong></span> <span class='ocrx_word' id='word_1_439' title='bbox 2915 2794 2977 2844; x_wconf 84' lang='grc' dir='ltr'>ὲκ</span> <span class='ocrx_word' id='word_1_440' title='bbox 3000 2791 3092 2844; x_wconf 89' lang='grc' dir='ltr'><strong>τοῦ</strong></span> <span class='ocrx_word' id='word_1_441' title='bbox 3128 2790 3419 2844; x_wconf 76' lang='grc' dir='ltr'>ἀκολούθου</span> <span class='ocrx_word' id='word_1_442' title='bbox 3454 2788 3782 2859; x_wconf 79' lang='grc' dir='ltr'>ὲκόήσεσθαι</span> 
     </span>
    </p>
   </div>
   <div class='ocr_carea' id='block_1_60' title="bbox 2215 2880 3777 2951">
    <p class='ocr_par' dir='ltr' id='par_1_60' title="bbox 2215 2880 3777 2951">
     <span class='ocr_line' id='line_1_60' title="bbox 2215 2880 3777 2951; baseline 0.001 -19"><span class='ocrx_word' id='word_1_443' title='bbox 2215 2880 2671 2951; x_wconf 84' lang='grc' dir='ltr'>προσδοκηθεῖσαν</span> <span class='ocrx_word' id='word_1_444' title='bbox 2712 2883 3005 2950; x_wconf 84' lang='grc' dir='ltr'>ἀπόφασιν,</span> <span class='ocrx_word' id='word_1_445' title='bbox 3048 2882 3122 2946; x_wconf 84' lang='grc' dir='ltr'>ὼς</span> <span class='ocrx_word' id='word_1_446' title='bbox 3166 2884 3222 2935; x_wconf 81' lang='grc' dir='ltr'>ὲν</span> <span class='ocrx_word' id='word_1_447' title='bbox 3261 2881 3391 2934; x_wconf 80' lang='grc' dir='ltr'>εἴδει</span> <span class='ocrx_word' id='word_1_448' title='bbox 3443 2880 3777 2950; x_wconf 80' lang='grc' dir='ltr'>προφητείας</span> 
     </span>
    </p>
   </div>
   <div class='ocr_carea' id='block_1_61' title="bbox 2214 2958 3784 3041">
    <p class='ocr_par' dir='ltr' id='par_1_61' title="bbox 2214 2958 3784 3041">
     <span class='ocr_line' id='line_1_61' title="bbox 2214 2958 3784 3041; baseline 0.001 -19"><span class='ocrx_word' id='word_1_449' title='bbox 2214 2972 2529 3041; x_wconf 81' lang='grc' dir='ltr'>ἐφθέγξατο.</span> <span class='ocrx_word' id='word_1_450' title='bbox 2565 2972 2787 3040; x_wconf 78' lang='grc' dir='ltr'>Ἤλεγξε</span> <span class='ocrx_word' id='word_1_451' title='bbox 2838 2973 2893 3025; x_wconf 82' lang='grc' dir='ltr'>δὲ</span> <span class='ocrx_word' id='word_1_452' title='bbox 2943 2973 3037 3025; x_wconf 69' lang='grc' dir='ltr'>καὶ</span> <span class='ocrx_word' id='word_1_453' title='bbox 3065 2972 3139 3035; x_wconf 86' lang='grc' dir='ltr'><strong>ὡς</strong></span> <span class='ocrx_word' id='word_1_454' title='bbox 3182 2973 3280 3025; x_wconf 82' lang='grc' dir='ltr'>οὐκ</span> <span class='ocrx_word' id='word_1_455' title='bbox 3315 2958 3558 3025; x_wconf 74' lang='grc' dir='ltr'>ἐϐούλετο</span> <span class='ocrx_word' id='word_1_456' title='bbox 3591 2971 3784 3024; x_wconf 78' lang='grc' dir='ltr'>ἑαυτὸν</span> 
     </span>
    </p>
   </div>
   <div class='ocr_carea' id='block_1_62' title="bbox 547 3054 2112 3136">
    <p class='ocr_par' dir='ltr' id='par_1_62' title="bbox 547 3054 2108 3129">
     <span class='ocr_line' id='line_1_62' title="bbox 547 3054 2108 3129; baseline 0.003 -23"><span class='ocrx_word' id='word_1_457' title='bbox 547 3054 741 3109; x_wconf 90' lang='lat' dir='ltr'><strong>licebat</strong></span> <span class='ocrx_word' id='word_1_458' title='bbox 768 3055 1046 3109; x_wconf 79' lang='lat' dir='ltr'><strong>verisimili</strong></span> <span class='ocrx_word' id='word_1_459' title='bbox 1075 3058 1292 3126; x_wconf 84' lang='lat' dir='ltr'><strong>assequi</strong></span> <span class='ocrx_word' id='word_1_460' title='bbox 1332 3058 1646 3126; x_wconf 77' lang='lat' dir='ltr'><strong>conjectura</strong></span> <span class='ocrx_word' id='word_1_461' title='bbox 1676 3075 1741 3113; x_wconf 86' lang='lat' dir='ltr'><strong>ex</strong></span> <span class='ocrx_word' id='word_1_462' title='bbox 1772 3060 1837 3114; x_wconf 84' lang='lat' dir='ltr'><strong>iis</strong></span> <span class='ocrx_word' id='word_1_463' title='bbox 1867 3076 1987 3129; x_wconf 74' lang='lat' dir='ltr'><strong>quae</strong></span> <span class='ocrx_word' id='word_1_464' title='bbox 2015 3075 2108 3128; x_wconf 87' lang='lat' dir='ltr'><strong>ap-</strong></span> 
     </span>
    </p>
   </div>
   <div class='ocr_carea' id='block_1_63' title="bbox 2214 3054 3783 3136">
    <p class='ocr_par' dir='ltr' id='par_1_63' title="bbox 2214 3059 3783 3132">
     <span class='ocr_line' id='line_1_63' title="bbox 2214 3059 3783 3132; baseline -0.001 -18"><span class='ocrx_word' id='word_1_465' title='bbox 2214 3064 2242 3114; x_wconf 94' lang='lat'><strong>6</strong></span> <span class='ocrx_word' id='word_1_466' title='bbox 2272 3061 2479 3131; x_wconf 80' lang='grc' dir='ltr'>δαίμων</span> <span class='ocrx_word' id='word_1_467' title='bbox 2521 3062 2688 3115; x_wconf 85' lang='grc' dir='ltr'>εἰπὼν</span> <span class='ocrx_word' id='word_1_468' title='bbox 2735 3062 2830 3131; x_wconf 78' lang='grc' dir='ltr'><strong>τὴν</strong></span> <span class='ocrx_word' id='word_1_469' title='bbox 2871 3062 3125 3132; x_wconf 80' lang='grc' dir='ltr'>ἀλήθειαν</span> <span class='ocrx_word' id='word_1_470' title='bbox 3146 3101 3161 3125; x_wconf 87' lang='grc'><strong>,</strong></span> <span class='ocrx_word' id='word_1_471' title='bbox 3199 3062 3280 3115; x_wconf 83' lang='grc' dir='ltr'>ὅτι</span> <span class='ocrx_word' id='word_1_472' title='bbox 3313 3063 3534 3128; x_wconf 77' lang='grc' dir='ltr'>Αὔριον</span> <span class='ocrx_word' id='word_1_473' title='bbox 3564 3060 3644 3113; x_wconf 86' lang='grc' dir='ltr'>σὺ</span> <span class='ocrx_word' id='word_1_474' title='bbox 3679 3059 3783 3113; x_wconf 71' lang='grc' dir='ltr'>καὶ</span> 
     </span>
    </p>
   </div>
   <div class='ocr_carea' id='block_1_64' title="bbox 547 3146 2114 3221">
    <p class='ocr_par' dir='ltr' id='par_1_64' title="bbox 547 3146 2114 3221">
     <span class='ocr_line' id='line_1_64' title="bbox 547 3146 2114 3221; baseline 0.003 -20"><span class='ocrx_word' id='word_1_475' title='bbox 547 3148 850 3217; x_wconf 88' lang='lat' dir='ltr'><strong>parebant,</strong></span> <span class='ocrx_word' id='word_1_476' title='bbox 904 3146 1241 3203; x_wconf 79' lang='lat' dir='ltr'><strong>conformato</strong></span> <span class='ocrx_word' id='word_1_477' title='bbox 1298 3150 1352 3203; x_wconf 92' lang='lat' dir='ltr'><strong>in</strong></span> <span class='ocrx_word' id='word_1_478' title='bbox 1402 3150 1635 3219; x_wconf 88' lang='lat' dir='ltr'><strong>speciem</strong></span> <span class='ocrx_word' id='word_1_479' title='bbox 1680 3152 1981 3221; x_wconf 62' lang='lat' dir='ltr'><strong>prophetiae</strong></span> <span class='ocrx_word' id='word_1_480' title='bbox 2028 3167 2114 3207; x_wconf 88' lang='lat' dir='ltr'><strong>re-</strong></span> 
     </span>
    </p>
   </div>
   <div class='ocr_carea' id='block_1_65' title="bbox 548 3239 2109 3310">
    <p class='ocr_par' dir='ltr' id='par_1_65' title="bbox 548 3239 2109 3310">
     <span class='ocr_line' id='line_1_65' title="bbox 548 3239 2109 3310; baseline 0.001 -17"><span class='ocrx_word' id='word_1_481' title='bbox 548 3254 770 3308; x_wconf 82' lang='lat' dir='ltr'><strong>sponso,</strong></span> <span class='ocrx_word' id='word_1_482' title='bbox 804 3253 925 3308; x_wconf 71' lang='lat' dir='ltr'><strong>qua:</strong></span> <span class='ocrx_word' id='word_1_483' title='bbox 956 3254 1024 3294; x_wconf 81' lang='lat' dir='ltr'><strong>ex</strong></span> <span class='ocrx_word' id='word_1_484' title='bbox 1052 3239 1444 3309; x_wconf 86' lang='lat' dir='ltr'><strong>consequentia</strong></span> <span class='ocrx_word' id='word_1_485' title='bbox 1468 3248 1725 3295; x_wconf 85' lang='lat' dir='ltr'><strong>eventura</strong></span> <span class='ocrx_word' id='word_1_486' title='bbox 1758 3243 2109 3310; x_wconf 89' lang='lat' dir='ltr'><strong>putabantur,</strong></span> 
     </span>
    </p>
   </div>
   <div class='ocr_carea' id='block_1_66' title="bbox 546 3329 2113 3404">
    <p class='ocr_par' dir='ltr' id='par_1_66' title="bbox 546 3329 2113 3404">
     <span class='ocr_line' id='line_1_66' title="bbox 546 3329 2113 3404; baseline 0.003 -21"><span class='ocrx_word' id='word_1_487' title='bbox 546 3329 907 3384; x_wconf 86' lang='lat' dir='ltr'><strong>denuntiavit.</strong></span> <span class='ocrx_word' id='word_1_488' title='bbox 962 3329 1131 3384; x_wconf 87' lang='lat' dir='ltr'><strong>Porro</strong></span> <span class='ocrx_word' id='word_1_489' title='bbox 1183 3334 1421 3401; x_wconf 87' lang='lat' dir='ltr'><strong>seipsum</strong></span> <span class='ocrx_word' id='word_1_490' title='bbox 1468 3332 1656 3387; x_wconf 91' lang='lat' dir='ltr'><strong>volens</strong></span> <span class='ocrx_word' id='word_1_491' title='bbox 1703 3334 1893 3389; x_wconf 90' lang='lat' dir='ltr'><strong>nolens</strong></span> <span class='ocrx_word' id='word_1_492' title='bbox 1938 3336 2113 3404; x_wconf 87' lang='lat' dir='ltr'><strong>arguit</strong></span> 
     </span>
    </p>
   </div>
   <div class='ocr_carea' id='block_1_67' title="bbox 547 3420 2111 3491">
    <p class='ocr_par' dir='ltr' id='par_1_67' title="bbox 547 3420 2111 3491">
     <span class='ocr_line' id='line_1_67' title="bbox 547 3420 2111 3491; baseline 0.004 -18"><span class='ocrx_word' id='word_1_493' title='bbox 547 3420 758 3473; x_wconf 59' lang='lat' dir='ltr'><strong>daemon</strong></span> <span class='ocrx_word' id='word_1_494' title='bbox 785 3421 1012 3475; x_wconf 89' lang='lat' dir='ltr'><strong>veritate</strong></span> <span class='ocrx_word' id='word_1_495' title='bbox 1039 3423 1268 3491; x_wconf 90' lang='lat' dir='ltr'><strong>prolata,</strong></span> <span class='ocrx_word' id='word_1_496' title='bbox 1302 3424 1430 3477; x_wconf 92' lang='lat' dir='ltr'><strong>dum</strong></span> <span class='ocrx_word' id='word_1_497' title='bbox 1465 3424 1601 3478; x_wconf 82' lang='lat' dir='ltr'><strong>dixit</strong></span> <span class='ocrx_word' id='word_1_498' title='bbox 1631 3447 1643 3479; x_wconf 88' lang='lat'><strong>:</strong></span> <span class='ocrx_word' id='word_1_499' title='bbox 1675 3423 1809 3478; x_wconf 86' lang='lat' dir='ltr'><strong>Cras</strong></span> <span class='ocrx_word' id='word_1_500' title='bbox 1843 3438 1900 3479; x_wconf 84' lang='lat' dir='ltr'><strong>tu</strong></span> <span class='ocrx_word' id='word_1_501' title='bbox 1933 3437 1981 3480; x_wconf 81' lang='lat' dir='ltr'><strong>et</strong></span> <span class='ocrx_word' id='word_1_502' title='bbox 2010 3425 2111 3480; x_wconf 83' lang='lat' dir='ltr'><strong>Jo-</strong></span> 
     </span>
    </p>
   </div>
   <div class='ocr_carea' id='block_1_68' title="bbox 547 3509 2112 3590">
    <p class='ocr_par' dir='ltr' id='par_1_68' title="bbox 547 3509 2112 3590">
     <span class='ocr_line' id='line_1_68' title="bbox 547 3509 2112 3590; baseline 0.008 -28"><span class='ocrx_word' id='word_1_503' title='bbox 547 3509 748 3564; x_wconf 77' lang='lat' dir='ltr'><strong>nathan</strong></span> <span class='ocrx_word' id='word_1_504' title='bbox 781 3512 1076 3578; x_wconf 75' lang='lat' dir='ltr'><strong>mecum&quot;;</strong></span> <span class='ocrx_word' id='word_1_505' title='bbox 1128 3515 1172 3567; x_wconf 91' lang='lat' dir='ltr'><strong>si</strong></span> <span class='ocrx_word' id='word_1_506' title='bbox 1206 3514 1349 3568; x_wconf 90' lang='lat' dir='ltr'><strong>enim</strong></span> <span class='ocrx_word' id='word_1_507' title='bbox 1380 3531 1506 3570; x_wconf 87' lang='lat' dir='ltr'><strong>vere</strong></span> <span class='ocrx_word' id='word_1_508' title='bbox 1546 3514 1762 3572; x_wconf 90' lang='lat' dir='ltr'><strong>Samuel</strong></span> <span class='ocrx_word' id='word_1_509' title='bbox 1803 3528 1939 3584; x_wconf 90' lang='lat' dir='ltr'><strong>erat,</strong></span> <span class='ocrx_word' id='word_1_510' title='bbox 1976 3536 2112 3590; x_wconf 77' lang='lat' dir='ltr'><strong>quo-</strong></span> 
     </span>
    </p>
   </div>
   <div class='ocr_carea' id='block_1_69' title="bbox 549 3601 2111 3676">
    <p class='ocr_par' dir='ltr' id='par_1_69' title="bbox 549 3601 2111 3676">
     <span class='ocr_line' id='line_1_69' title="bbox 549 3601 2111 3676; baseline 0.007 -20"><span class='ocrx_word' id='word_1_511' title='bbox 549 3601 709 3656; x_wconf 92' lang='lat' dir='ltr'><strong>modo</strong></span> <span class='ocrx_word' id='word_1_512' title='bbox 737 3601 850 3656; x_wconf 83' lang='lat' dir='ltr'><strong>ﬁeri</strong></span> <span class='ocrx_word' id='word_1_513' title='bbox 878 3613 1115 3672; x_wconf 87' lang='lat' dir='ltr'><strong>poterat,</strong></span> <span class='ocrx_word' id='word_1_514' title='bbox 1153 3614 1209 3657; x_wconf 90' lang='lat' dir='ltr'><strong>ut</strong></span> <span class='ocrx_word' id='word_1_515' title='bbox 1235 3606 1282 3659; x_wconf 92' lang='lat' dir='ltr'><strong>is</strong></span> <span class='ocrx_word' id='word_1_516' title='bbox 1311 3606 1402 3676; x_wconf 90' lang='lat' dir='ltr'><strong>qui</strong></span> <span class='ocrx_word' id='word_1_517' title='bbox 1427 3609 1666 3661; x_wconf 90' lang='lat' dir='ltr'><strong>omnium</strong></span> <span class='ocrx_word' id='word_1_518' title='bbox 1692 3610 1953 3665; x_wconf 90' lang='lat' dir='ltr'><strong>scelerum</strong></span> <span class='ocrx_word' id='word_1_519' title='bbox 1986 3628 2111 3667; x_wconf 85' lang='lat' dir='ltr'><strong>reus</strong></span> 
     </span>
    </p>
   </div>
   <div class='ocr_carea' id='block_1_70' title="bbox 548 3694 2111 3771">
    <p class='ocr_par' dir='ltr' id='par_1_70' title="bbox 548 3694 2111 3771">
     <span class='ocr_line' id='line_1_70' title="bbox 548 3694 2111 3771; baseline 0.008 -24"><span class='ocrx_word' id='word_1_520' title='bbox 548 3702 683 3759; x_wconf 87' lang='lat' dir='ltr'><strong>erat,</strong></span> <span class='ocrx_word' id='word_1_521' title='bbox 721 3708 844 3747; x_wconf 89' lang='lat' dir='ltr'><strong>cum</strong></span> <span class='ocrx_word' id='word_1_522' title='bbox 874 3694 965 3747; x_wconf 93' lang='lat' dir='ltr'><strong>illo</strong></span> <span class='ocrx_word' id='word_1_523' title='bbox 993 3696 1176 3750; x_wconf 83' lang='lat' dir='ltr'><strong>esset?</strong></span> <span class='ocrx_word' id='word_1_524' title='bbox 1218 3695 1418 3751; x_wconf 88' lang='lat' dir='ltr'><strong>Verum</strong></span> <span class='ocrx_word' id='word_1_525' title='bbox 1468 3699 1593 3753; x_wconf 85' lang='lat' dir='ltr'><strong>hinc</strong></span> <span class='ocrx_word' id='word_1_526' title='bbox 1637 3701 1805 3771; x_wconf 87' lang='lat' dir='ltr'><strong>liquet</strong></span> <span class='ocrx_word' id='word_1_527' title='bbox 1844 3702 2111 3760; x_wconf 90' lang='lat' dir='ltr'><strong>Samuelis</strong></span> 
     </span>
    </p>
   </div>
   <div class='ocr_carea' id='block_1_71' title="bbox 551 3784 2109 3858">
    <p class='ocr_par' dir='ltr' id='par_1_71' title="bbox 551 3784 2109 3858">
     <span class='ocr_line' id='line_1_71' title="bbox 551 3784 2109 3858; baseline 0.008 -20"><span class='ocrx_word' id='word_1_528' title='bbox 551 3785 670 3839; x_wconf 93' lang='lat' dir='ltr'><strong>loco</strong></span> <span class='ocrx_word' id='word_1_529' title='bbox 697 3784 1018 3840; x_wconf 62' lang='lat' dir='ltr'><strong>damonium</strong></span> <span class='ocrx_word' id='word_1_530' title='bbox 1050 3787 1181 3841; x_wconf 91' lang='lat' dir='ltr'><strong>illud</strong></span> <span class='ocrx_word' id='word_1_531' title='bbox 1216 3789 1517 3858; x_wconf 84' lang='lat' dir='ltr'><strong>improbum</strong></span> <span class='ocrx_word' id='word_1_532' title='bbox 1546 3792 1743 3854; x_wconf 81' lang='lat' dir='ltr'><strong>visum,</strong></span> <span class='ocrx_word' id='word_1_533' title='bbox 1768 3808 1893 3848; x_wconf 90' lang='lat' dir='ltr'><strong>cum</strong></span> <span class='ocrx_word' id='word_1_534' title='bbox 1924 3810 2109 3850; x_wconf 91' lang='lat' dir='ltr'><strong>secum</strong></span> 
     </span>
    </p>
   </div>
   <div class='ocr_carea' id='block_1_72' title="bbox 549 3875 2110 3943">
    <p class='ocr_par' dir='ltr' id='par_1_72' title="bbox 549 3875 2110 3943">
     <span class='ocr_line' id='line_1_72' title="bbox 549 3875 2110 3943; baseline 0.01 -15"><span class='ocrx_word' id='word_1_535' title='bbox 549 3875 791 3930; x_wconf 75' lang='lat' dir='ltr'><strong>futurum</strong></span> <span class='ocrx_word' id='word_1_536' title='bbox 818 3877 1032 3932; x_wconf 87' lang='lat' dir='ltr'><strong>Saulcm</strong></span> <span class='ocrx_word' id='word_1_537' title='bbox 1068 3880 1223 3943; x_wconf 79' lang='lat' dir='ltr'><strong>dixit,</strong></span> <span class='ocrx_word' id='word_1_538' title='bbox 1255 3883 1538 3936; x_wconf 88' lang='lat' dir='ltr'><strong>mentitum</strong></span> <span class='ocrx_word' id='word_1_539' title='bbox 1569 3899 1675 3938; x_wconf 90' lang='lat' dir='ltr'><strong>non</strong></span> <span class='ocrx_word' id='word_1_540' title='bbox 1702 3901 1840 3941; x_wconf 88' lang='lat' dir='ltr'><strong>esse.</strong></span> <span class='ocrx_word' id='word_1_541' title='bbox 1876 3889 1986 3942; x_wconf 83' lang='lat' dir='ltr'><strong>Etsi</strong></span> <span class='ocrx_word' id='word_1_542' title='bbox 2014 3903 2110 3942; x_wconf 87' lang='lat' dir='ltr'><strong>au-</strong></span> 
     </span>
    </p>
   </div>
   <div class='ocr_carea' id='block_1_73' title="bbox 549 3963 2111 4041">
    <p class='ocr_par' dir='ltr' id='par_1_73' title="bbox 549 3963 2111 4041">
     <span class='ocr_line' id='line_1_73' title="bbox 549 3963 2111 4041; baseline 0.009 -22"><span class='ocrx_word' id='word_1_543' title='bbox 549 3973 656 4019; x_wconf 86' lang='lat' dir='ltr'><strong>tem</strong></span> <span class='ocrx_word' id='word_1_544' title='bbox 690 3963 969 4036; x_wconf 87' lang='lat' dir='ltr'><strong>Scriptura</strong></span> <span class='ocrx_word' id='word_1_545' title='bbox 1013 3968 1159 4023; x_wconf 87' lang='lat' dir='ltr'><strong>dicat</strong></span> <span class='ocrx_word' id='word_1_546' title='bbox 1206 3970 1389 4036; x_wconf 90' lang='lat' dir='ltr'><strong>etiam,</strong></span> <span class='ocrx_word' id='word_1_547' title='bbox 1440 3970 1659 4028; x_wconf 88' lang='lat' dir='ltr'><strong>Samuel</strong></span> <span class='ocrx_word' id='word_1_548' title='bbox 1700 3974 1804 4030; x_wconf 89' lang='lat' dir='ltr'><strong>hoc</strong></span> <span class='ocrx_word' id='word_1_549' title='bbox 1837 3976 1995 4041; x_wconf 81' lang='lat' dir='ltr'><strong>dixit,</strong></span> <span class='ocrx_word' id='word_1_550' title='bbox 2044 3991 2111 4033; x_wconf 90' lang='lat' dir='ltr'><strong>ne</strong></span> 
     </span>
    </p>
   </div>
   <div class='ocr_carea' id='block_1_74' title="bbox 547 4056 2111 4130">
    <p class='ocr_par' dir='ltr' id='par_1_74' title="bbox 547 4056 2111 4130">
     <span class='ocr_line' id='line_1_74' title="bbox 547 4056 2111 4130; baseline 0.008 -20"><span class='ocrx_word' id='word_1_551' title='bbox 547 4066 923 4112; x_wconf 88' lang='lat' dir='ltr'><strong>commoveant</strong></span> <span class='ocrx_word' id='word_1_552' title='bbox 966 4056 1081 4113; x_wconf 73' lang='lat' dir='ltr'><strong>haec</strong></span> <span class='ocrx_word' id='word_1_553' title='bbox 1114 4059 1278 4114; x_wconf 88' lang='lat' dir='ltr'><strong>verba</strong></span> <span class='ocrx_word' id='word_1_554' title='bbox 1306 4061 1541 4130; x_wconf 90' lang='lat' dir='ltr'><strong>peritum</strong></span> <span class='ocrx_word' id='word_1_555' title='bbox 1572 4064 1849 4129; x_wconf 89' lang='lat' dir='ltr'><strong>lectorem,</strong></span> <span class='ocrx_word' id='word_1_556' title='bbox 1883 4066 1976 4121; x_wconf 91' lang='lat' dir='ltr'><strong>sed</strong></span> <span class='ocrx_word' id='word_1_557' title='bbox 2013 4068 2111 4122; x_wconf 84' lang='lat' dir='ltr'><strong>ad-</strong></span> 
     </span>
    </p>
   </div>
   <div class='ocr_carea' id='block_1_75' title="bbox 546 4145 2106 4220">
    <p class='ocr_par' dir='ltr' id='par_1_75' title="bbox 546 4145 2106 4220">
     <span class='ocr_line' id='line_1_75' title="bbox 546 4145 2106 4220; baseline 0.009 -22"><span class='ocrx_word' id='word_1_558' title='bbox 546 4145 720 4199; x_wconf 91' lang='lat' dir='ltr'><strong>ditum</strong></span> <span class='ocrx_word' id='word_1_559' title='bbox 794 4147 1089 4211; x_wconf 78' lang='lat' dir='ltr'><strong>existimet,</strong></span> <span class='ocrx_word' id='word_1_560' title='bbox 1150 4150 1244 4219; x_wconf 90' lang='lat' dir='ltr'><strong>qui</strong></span> <span class='ocrx_word' id='word_1_561' title='bbox 1318 4154 1608 4220; x_wconf 88' lang='lat' dir='ltr'><strong>putabatur</strong></span> <span class='ocrx_word' id='word_1_562' title='bbox 1668 4170 1792 4209; x_wconf 89' lang='lat' dir='ltr'><strong>esse</strong></span> <span class='ocrx_word' id='word_1_563' title='bbox 1865 4155 2106 4212; x_wconf 89' lang='lat' dir='ltr'><strong>Samuel.</strong></span> 
     </span>
    </p>
   </div>
   <div class='ocr_carea' id='block_1_76' title="bbox 550 4234 2110 4319">
    <p class='ocr_par' dir='ltr' id='par_1_76' title="bbox 550 4234 2110 4319">
     <span class='ocr_line' id='line_1_76' title="bbox 550 4234 2110 4319; baseline 0.009 -29"><span class='ocrx_word' id='word_1_564' title='bbox 550 4234 701 4290; x_wconf 82' lang='lat' dir='ltr'><strong>Hanc</strong></span> <span class='ocrx_word' id='word_1_565' title='bbox 767 4238 909 4292; x_wconf 90' lang='lat' dir='ltr'><strong>enim</strong></span> <span class='ocrx_word' id='word_1_566' title='bbox 943 4242 1393 4296; x_wconf 88' lang='lat' dir='ltr'><strong>consuetudinem</strong></span> <span class='ocrx_word' id='word_1_567' title='bbox 1445 4260 1568 4298; x_wconf 90' lang='lat' dir='ltr'><strong>esse</strong></span> <span class='ocrx_word' id='word_1_568' title='bbox 1596 4244 2110 4319; x_wconf 71' lang='lat' dir='ltr'><strong>Scriptttrmcompe-</strong></span> 
     </span>
    </p>
   </div>
   <div class='ocr_carea' id='block_1_77' title="bbox 548 4326 2104 4408">
    <p class='ocr_par' dir='ltr' id='par_1_77' title="bbox 548 4326 2104 4408">
     <span class='ocr_line' id='line_1_77' title="bbox 548 4326 2104 4408; baseline 0.01 -26"><span class='ocrx_word' id='word_1_569' title='bbox 548 4347 562 4382; x_wconf 75' lang='grc' dir='ltr'><strong>ι</strong></span> <span class='ocrx_word' id='word_1_570' title='bbox 580 4326 741 4393; x_wconf 86' lang='lat' dir='ltr'><strong>imus,</strong></span> <span class='ocrx_word' id='word_1_571' title='bbox 756 4338 815 4383; x_wconf 87' lang='lat' dir='ltr'><strong>ut</strong></span> <span class='ocrx_word' id='word_1_572' title='bbox 832 4345 972 4399; x_wconf 59' lang='lat' dir='ltr'><strong>saepe</strong></span> <span class='ocrx_word' id='word_1_573' title='bbox 991 4333 1066 4386; x_wconf 89' lang='lat' dir='ltr'><strong>rei</strong></span> <span class='ocrx_word' id='word_1_574' title='bbox 1092 4348 1233 4387; x_wconf 76' lang='lat' dir='ltr'><strong>verae</strong></span> <span class='ocrx_word' id='word_1_575' title='bbox 1258 4335 1376 4388; x_wconf 89' lang='lat' dir='ltr'><strong>loco</strong></span> <span class='ocrx_word' id='word_1_576' title='bbox 1397 4336 1448 4388; x_wconf 90' lang='lat' dir='ltr'><strong>id</strong></span> <span class='ocrx_word' id='word_1_577' title='bbox 1462 4336 1603 4405; x_wconf 90' lang='lat' dir='ltr'><strong>quod</strong></span> <span class='ocrx_word' id='word_1_578' title='bbox 1625 4353 1759 4408; x_wconf 87' lang='lat' dir='ltr'><strong>appa</strong></span> <span class='ocrx_word' id='word_1_579' title='bbox 1769 4348 1849 4393; x_wconf 90' lang='lat' dir='ltr'><strong>rct</strong></span> <span class='ocrx_word' id='word_1_580' title='bbox 1866 4350 2104 4405; x_wconf 87' lang='lat' dir='ltr'><strong>enarret,</strong></span> 
     </span>
    </p>
   </div>
   <div class='ocr_carea' id='block_1_78' title="bbox 548 4411 2186 4500">
    <p class='ocr_par' dir='ltr' id='par_1_78' title="bbox 548 4411 2186 4500">
     <span class='ocr_line' id='line_1_78' title="bbox 548 4411 2186 4500; baseline 0.009 -29"><span class='ocrx_word' id='word_1_581' title='bbox 548 4417 683 4471; x_wconf 86' lang='lat' dir='ltr'><strong>utin</strong></span> <span class='ocrx_word' id='word_1_582' title='bbox 731 4418 955 4473; x_wconf 89' lang='lat' dir='ltr'><strong>historia</strong></span> <span class='ocrx_word' id='word_1_583' title='bbox 990 4420 1202 4475; x_wconf 84' lang='lat' dir='ltr'><strong>Balaam</strong></span> <span class='ocrx_word' id='word_1_584' title='bbox 1239 4439 1385 4477; x_wconf 91' lang='lat' dir='ltr'><strong>nunc</strong></span> <span class='ocrx_word' id='word_1_585' title='bbox 1413 4424 1631 4493; x_wconf 89' lang='lat' dir='ltr'><strong>quidem</strong></span> <span class='ocrx_word' id='word_1_586' title='bbox 1670 4428 1883 4483; x_wconf 84' lang='lat' dir='ltr'><strong>dicente</strong></span> <span class='ocrx_word' id='word_1_587' title='bbox 1932 4430 2051 4500; x_wconf 89' lang='lat' dir='ltr'><strong>ipso</strong></span> <span class='ocrx_word' id='word_1_588' title='bbox 2091 4447 2105 4484; x_wconf 90' lang='lat'><strong>:</strong></span> <span class='ocrx_word' id='word_1_589' title='bbox 2142 4411 2186 4466; x_wconf 77' lang='lat' dir='ltr'><strong>D</strong></span> 
     </span>
    </p>
   </div>
   <div class='ocr_carea' id='block_1_79' title="bbox 547 4509 2110 4582">
    <p class='ocr_par' dir='ltr' id='par_1_79' title="bbox 547 4509 2110 4582">
     <span class='ocr_line' id='line_1_79' title="bbox 547 4509 2110 4582; baseline 0.011 -21"><span class='ocrx_word' id='word_1_590' title='bbox 547 4509 777 4569; x_wconf 74' lang='lat' dir='ltr'><strong>Audiam</strong></span> <span class='ocrx_word' id='word_1_591' title='bbox 832 4511 956 4578; x_wconf 83' lang='lat' dir='ltr'><strong>quid</strong></span> <span class='ocrx_word' id='word_1_592' title='bbox 1000 4512 1237 4582; x_wconf 82' lang='lat' dir='ltr'><strong>loquetur</strong></span> <span class='ocrx_word' id='word_1_593' title='bbox 1293 4515 1348 4567; x_wconf 82' lang='lat' dir='ltr'><strong>in</strong></span> <span class='ocrx_word' id='word_1_594' title='bbox 1389 4532 1469 4569; x_wconf 86' lang='lat' dir='ltr'><strong>me</strong></span> <span class='ocrx_word' id='word_1_595' title='bbox 1512 4515 1695 4580; x_wconf 82' lang='lat' dir='ltr'><strong>Deus;</strong></span> <span class='ocrx_word' id='word_1_596' title='bbox 1743 4520 1937 4576; x_wconf 89' lang='lat' dir='ltr'><strong>deinde</strong></span> <span class='ocrx_word' id='word_1_597' title='bbox 1983 4538 2110 4578; x_wconf 84' lang='lat' dir='ltr'><strong>vero</strong></span> 
     </span>
    </p>
   </div>
   <div class='ocr_carea' id='block_1_80' title="bbox 546 4602 2108 4676">
    <p class='ocr_par' dir='ltr' id='par_1_80' title="bbox 546 4602 2108 4676">
     <span class='ocr_line' id='line_1_80' title="bbox 546 4602 2108 4676; baseline 0.01 -23"><span class='ocrx_word' id='word_1_598' title='bbox 546 4614 671 4653; x_wconf 89' lang='lat' dir='ltr'><strong>cum</strong></span> <span class='ocrx_word' id='word_1_599' title='bbox 708 4602 946 4657; x_wconf 87' lang='lat' dir='ltr'><strong>novisset</strong></span> <span class='ocrx_word' id='word_1_600' title='bbox 978 4602 1195 4657; x_wconf 84' lang='lat' dir='ltr'><strong>Balaam</strong></span> <span class='ocrx_word' id='word_1_601' title='bbox 1220 4604 1285 4670; x_wconf 70' lang='grc'><strong>⁸⁸,</strong></span> <span class='ocrx_word' id='word_1_602' title='bbox 1335 4606 1478 4675; x_wconf 92' lang='lat' dir='ltr'><strong>quod</strong></span> <span class='ocrx_word' id='word_1_603' title='bbox 1508 4608 1741 4676; x_wconf 89' lang='lat' dir='ltr'><strong>placeret</strong></span> <span class='ocrx_word' id='word_1_604' title='bbox 1774 4609 1882 4665; x_wconf 88' lang='lat' dir='ltr'><strong>Deo</strong></span> <span class='ocrx_word' id='word_1_605' title='bbox 1909 4621 1967 4665; x_wconf 91' lang='lat' dir='ltr'><strong>ut</strong></span> <span class='ocrx_word' id='word_1_606' title='bbox 2001 4630 2108 4669; x_wconf 89' lang='lat' dir='ltr'><strong>non</strong></span> 
     </span>
    </p>
   </div>
   <div class='ocr_carea' id='block_1_81' title="bbox 544 4692 2111 4768">
    <p class='ocr_par' dir='ltr' id='par_1_81' title="bbox 544 4692 2111 4768">
     <span class='ocr_line' id='line_1_81' title="bbox 544 4692 2111 4768; baseline 0.01 -24"><span class='ocrx_word' id='word_1_607' title='bbox 544 4692 961 4748; x_wconf 88' lang='lat' dir='ltr'><strong>malediceretur</strong></span> <span class='ocrx_word' id='word_1_608' title='bbox 1005 4695 1211 4759; x_wconf 88' lang='lat' dir='ltr'><strong>lsraeli,</strong></span> <span class='ocrx_word' id='word_1_609' title='bbox 1242 4713 1582 4768; x_wconf 91' lang='lat' dir='ltr'><strong>nequaquam</strong></span> <span class='ocrx_word' id='word_1_610' title='bbox 1620 4702 1767 4765; x_wconf 88' lang='lat' dir='ltr'><strong>abiit,</strong></span> <span class='ocrx_word' id='word_1_611' title='bbox 1810 4705 1951 4758; x_wconf 91' lang='lat' dir='ltr'><strong>sicut</strong></span> <span class='ocrx_word' id='word_1_612' title='bbox 1980 4721 2111 4759; x_wconf 85' lang='lat' dir='ltr'><strong>con-</strong></span> 
     </span>
    </p>
   </div>
   <div class='ocr_carea' id='block_1_82' title="bbox 547 4785 2106 4864">
    <p class='ocr_par' dir='ltr' id='par_1_82' title="bbox 547 4785 2106 4864">
     <span class='ocr_line' id='line_1_82' title="bbox 547 4785 2106 4864; baseline 0.008 -27"><span class='ocrx_word' id='word_1_613' title='bbox 547 4792 760 4838; x_wconf 82' lang='lat' dir='ltr'><strong>suetum</strong></span> <span class='ocrx_word' id='word_1_614' title='bbox 791 4785 839 4838; x_wconf 92' lang='lat' dir='ltr'><strong>ei</strong></span> <span class='ocrx_word' id='word_1_615' title='bbox 883 4792 1021 4849; x_wconf 89' lang='lat' dir='ltr'><strong>erat,</strong></span> <span class='ocrx_word' id='word_1_616' title='bbox 1055 4788 1109 4840; x_wconf 91' lang='lat' dir='ltr'><strong>in</strong></span> <span class='ocrx_word' id='word_1_617' title='bbox 1152 4802 1443 4843; x_wconf 89' lang='lat' dir='ltr'><strong>occursum</strong></span> <span class='ocrx_word' id='word_1_618' title='bbox 1494 4793 1752 4862; x_wconf 89' lang='lat' dir='ltr'><strong>auspiciis</strong></span> <span class='ocrx_word' id='word_1_619' title='bbox 1788 4814 1798 4847; x_wconf 93' lang='lat'>:</span> <span class='ocrx_word' id='word_1_620' title='bbox 1832 4796 1925 4864; x_wconf 90' lang='lat' dir='ltr'><strong>qui</strong></span> <span class='ocrx_word' id='word_1_621' title='bbox 1963 4800 2106 4850; x_wconf 91' lang='lat' dir='ltr'><strong>enim</strong></span> 
     </span>
    </p>
   </div>
   <div class='ocr_carea' id='block_1_83' title="bbox 544 4873 2106 4952">
    <p class='ocr_par' dir='ltr' id='par_1_83' title="bbox 544 4873 2106 4952">
     <span class='ocr_line' id='line_1_83' title="bbox 544 4873 2106 4952; baseline 0.011 -26"><span class='ocrx_word' id='word_1_622' title='bbox 544 4873 982 4933; x_wconf 78' lang='lat' dir='ltr'><strong>inconsideratus</strong></span> <span class='ocrx_word' id='word_1_623' title='bbox 1012 4876 1194 4943; x_wconf 79' lang='lat' dir='ltr'><strong>fuerit,</strong></span> <span class='ocrx_word' id='word_1_624' title='bbox 1228 4881 1299 4935; x_wconf 90' lang='lat' dir='ltr'><strong>ibi</strong></span> <span class='ocrx_word' id='word_1_625' title='bbox 1322 4897 1538 4952; x_wconf 90' lang='lat' dir='ltr'><strong>quoque</strong></span> <span class='ocrx_word' id='word_1_626' title='bbox 1568 4900 1754 4939; x_wconf 91' lang='lat' dir='ltr'><strong>verum</strong></span> <span class='ocrx_word' id='word_1_627' title='bbox 1786 4887 1954 4941; x_wconf 88' lang='lat' dir='ltr'><strong>Deum</strong></span> <span class='ocrx_word' id='word_1_628' title='bbox 1985 4904 2106 4943; x_wconf 93' lang='lat' dir='ltr'><strong>cum</strong></span> 
     </span>
    </p>
   </div>
   <div class='ocr_carea' id='block_1_84' title="bbox 545 4964 2107 5053">
    <p class='ocr_par' dir='ltr' id='par_1_84' title="bbox 545 4964 2107 5053">
     <span class='ocr_line' id='line_1_84' title="bbox 545 4964 2107 5053; baseline 0.011 -35"><span class='ocrx_word' id='word_1_629' title='bbox 545 4964 763 5053; x_wconf 80' lang='lat' dir='ltr'><strong>Balaam</strong></span> <span class='ocrx_word' id='word_1_630' title='bbox 815 4968 1048 5039; x_wconf 88' lang='lat' dir='ltr'><strong>colloqui</strong></span> <span class='ocrx_word' id='word_1_631' title='bbox 1098 4973 1472 5029; x_wconf 88' lang='lat' dir='ltr'><strong>arbitrabitur.</strong></span> <span class='ocrx_word' id='word_1_632' title='bbox 1518 4976 1659 5031; x_wconf 88' lang='lat' dir='ltr'><strong>Sane</strong></span> <span class='ocrx_word' id='word_1_633' title='bbox 1692 4980 1907 5047; x_wconf 87' lang='lat' dir='ltr'><strong>quidem</strong></span> <span class='ocrx_word' id='word_1_634' title='bbox 1965 4984 2107 5049; x_wconf 86' lang='lat' dir='ltr'><strong>quod</strong></span> 
     </span>
    </p>
   </div>
   <div class='ocr_carea' id='block_1_85' title="bbox 546 5054 2112 5137">
    <p class='ocr_par' dir='ltr' id='par_1_85' title="bbox 546 5054 2112 5137">
     <span class='ocr_line' id='line_1_85' title="bbox 546 5054 2112 5137; baseline 0.011 -28"><span class='ocrx_word' id='word_1_635' title='bbox 546 5054 837 5124; x_wconf 78' lang='lat' dir='ltr'><strong>subjicitur</strong></span> <span class='ocrx_word' id='word_1_636' title='bbox 861 5070 1180 5127; x_wconf 85' lang='lat' dir='ltr'><strong>argumento</strong></span> <span class='ocrx_word' id='word_1_637' title='bbox 1212 5070 1315 5124; x_wconf 91' lang='lat' dir='ltr'><strong>est,</strong></span> <span class='ocrx_word' id='word_1_638' title='bbox 1356 5078 1478 5117; x_wconf 88' lang='lat' dir='ltr'><strong>cum</strong></span> <span class='ocrx_word' id='word_1_639' title='bbox 1511 5067 1603 5133; x_wconf 91' lang='lat' dir='ltr'><strong>qui</strong></span> <span class='ocrx_word' id='word_1_640' title='bbox 1638 5065 1855 5120; x_wconf 87' lang='lat' dir='ltr'><strong>Balaam</strong></span> <span class='ocrx_word' id='word_1_641' title='bbox 1890 5074 2112 5137; x_wconf 83' lang='lat' dir='ltr'><strong>putaba-</strong></span> 
     </span>
    </p>
   </div>
   <div class='ocr_carea' id='block_1_86' title="bbox 549 5146 2107 5229">
    <p class='ocr_par' dir='ltr' id='par_1_86' title="bbox 549 5146 2107 5229">
     <span class='ocr_line' id='line_1_86' title="bbox 549 5146 2107 5229; baseline 0.012 -32"><span class='ocrx_word' id='word_1_642' title='bbox 549 5152 658 5210; x_wconf 89' lang='lat' dir='ltr'><strong>tur,</strong></span> <span class='ocrx_word' id='word_1_643' title='bbox 683 5146 845 5202; x_wconf 87' lang='lat' dir='ltr'><strong>deum</strong></span> <span class='ocrx_word' id='word_1_644' title='bbox 881 5150 960 5202; x_wconf 91' lang='lat' dir='ltr'><strong>sic</strong></span> <span class='ocrx_word' id='word_1_645' title='bbox 992 5152 1293 5221; x_wconf 89' lang='lat' dir='ltr'><strong>appellasse</strong></span> <span class='ocrx_word' id='word_1_646' title='bbox 1318 5152 1675 5224; x_wconf 86' lang='lat' dir='ltr'><strong>Scripturam,</strong></span> <span class='ocrx_word' id='word_1_647' title='bbox 1706 5174 1811 5211; x_wconf 91' lang='lat' dir='ltr'><strong>non</strong></span> <span class='ocrx_word' id='word_1_648' title='bbox 1842 5175 1985 5219; x_wconf 81' lang='lat' dir='ltr'><strong>eum.</strong></span> <span class='ocrx_word' id='word_1_649' title='bbox 2015 5163 2107 5229; x_wconf 92' lang='lat' dir='ltr'><strong>qui</strong></span> 
     </span>
    </p>
   </div>
   <div class='ocr_carea' id='block_1_87' title="bbox 544 5237 2107 5319">
    <p class='ocr_par' dir='ltr' id='par_1_87' title="bbox 544 5237 2107 5319">
     <span class='ocr_line' id='line_1_87' title="bbox 544 5237 2107 5319; baseline 0.009 -27"><span class='ocrx_word' id='word_1_650' title='bbox 544 5252 673 5293; x_wconf 80' lang='lat' dir='ltr'><strong>Vere</strong></span> <span class='ocrx_word' id='word_1_651' title='bbox 704 5237 845 5294; x_wconf 89' lang='lat' dir='ltr'><strong>Deus</strong></span> <span class='ocrx_word' id='word_1_652' title='bbox 877 5249 1041 5296; x_wconf 86' lang='lat' dir='ltr'><strong>esset.</strong></span> <span class='ocrx_word' id='word_1_653' title='bbox 1085 5239 1175 5296; x_wconf 87' lang='lat' dir='ltr'><strong>Sic</strong></span> <span class='ocrx_word' id='word_1_654' title='bbox 1210 5244 1375 5313; x_wconf 77' lang='lat' dir='ltr'><strong>igitur</strong></span> <span class='ocrx_word' id='word_1_655' title='bbox 1405 5246 1493 5299; x_wconf 91' lang='lat' dir='ltr'><strong>hic</strong></span> <span class='ocrx_word' id='word_1_656' title='bbox 1521 5261 1737 5317; x_wconf 85' lang='lat' dir='ltr'><strong>quoque</strong></span> <span class='ocrx_word' id='word_1_657' title='bbox 1777 5250 1842 5311; x_wconf 84' lang='lat' dir='ltr'><strong>is,</strong></span> <span class='ocrx_word' id='word_1_658' title='bbox 1883 5256 1974 5319; x_wconf 91' lang='lat' dir='ltr'><strong>qui</strong></span> <span class='ocrx_word' id='word_1_659' title='bbox 2007 5252 2107 5306; x_wconf 81' lang='lat' dir='ltr'><strong>Sa-</strong></span> 
     </span>
    </p>
   </div>
   <div class='ocr_carea' id='block_1_88' title="bbox 544 5331 2109 5400">
    <p class='ocr_par' dir='ltr' id='par_1_88' title="bbox 544 5331 2109 5400">
     <span class='ocr_line' id='line_1_88' title="bbox 544 5331 2109 5400; baseline 0.01 -17"><span class='ocrx_word' id='word_1_660' title='bbox 544 5331 690 5384; x_wconf 85' lang='lat' dir='ltr'><strong>muel</strong></span> <span class='ocrx_word' id='word_1_661' title='bbox 717 5345 841 5386; x_wconf 87' lang='lat' dir='ltr'><strong>esse</strong></span> <span class='ocrx_word' id='word_1_662' title='bbox 868 5332 1174 5400; x_wconf 78' lang='lat' dir='ltr'><strong>videbatur,</strong></span> <span class='ocrx_word' id='word_1_663' title='bbox 1205 5336 1368 5391; x_wconf 90' lang='lat' dir='ltr'><strong>verba</strong></span> <span class='ocrx_word' id='word_1_664' title='bbox 1406 5339 1515 5391; x_wconf 90' lang='lat' dir='ltr'><strong>veri</strong></span> <span class='ocrx_word' id='word_1_665' title='bbox 1570 5338 1836 5395; x_wconf 85' lang='lat' dir='ltr'><strong>Samuelis</strong></span> <span class='ocrx_word' id='word_1_666' title='bbox 1884 5344 2109 5398; x_wconf 81' lang='lat' dir='ltr'><strong>simula-</strong></span> 
     </span>
    </p>
   </div>
   <div class='ocr_carea' id='block_1_89' title="bbox 546 5420 2109 5503">
    <p class='ocr_par' dir='ltr' id='par_1_89' title="bbox 546 5420 2109 5503">
     <span class='ocr_line' id='line_1_89' title="bbox 546 5420 2109 5503; baseline 0.012 -31"><span class='ocrx_word' id='word_1_667' title='bbox 546 5420 661 5487; x_wconf 84' lang='lat' dir='ltr'><strong>bat,</strong></span> <span class='ocrx_word' id='word_1_668' title='bbox 701 5420 827 5473; x_wconf 88' lang='lat' dir='ltr'><strong>dum</strong></span> <span class='ocrx_word' id='word_1_669' title='bbox 863 5423 1140 5492; x_wconf 81' lang='lat' dir='ltr'><strong>ingeniose</strong></span> <span class='ocrx_word' id='word_1_670' title='bbox 1169 5425 1378 5480; x_wconf 65' lang='lat' dir='ltr'><strong>daemon</strong></span> <span class='ocrx_word' id='word_1_671' title='bbox 1401 5468 1414 5491; x_wconf 95' lang='lat'><strong>,</strong></span> <span class='ocrx_word' id='word_1_672' title='bbox 1465 5443 1533 5480; x_wconf 83' lang='lat' dir='ltr'><strong>ex</strong></span> <span class='ocrx_word' id='word_1_673' title='bbox 1567 5430 1632 5484; x_wconf 85' lang='lat' dir='ltr'><strong>iis</strong></span> <span class='ocrx_word' id='word_1_674' title='bbox 1660 5446 1779 5498; x_wconf 84' lang='lat' dir='ltr'><strong>quae</strong></span> <span class='ocrx_word' id='word_1_675' title='bbox 1830 5436 2109 5503; x_wconf 86' lang='lat' dir='ltr'><strong>probabile</strong></span> 
     </span>
    </p>
   </div>
   <div class='ocr_carea' id='block_1_90' title="bbox 544 5517 2107 5590">
    <p class='ocr_par' dir='ltr' id='par_1_90' title="bbox 544 5517 2107 5590">
     <span class='ocr_line' id='line_1_90' title="bbox 544 5517 2107 5590; baseline 0.012 -26"><span class='ocrx_word' id='word_1_676' title='bbox 544 5520 661 5564; x_wconf 84' lang='lat' dir='ltr'><strong>erat</strong></span> <span class='ocrx_word' id='word_1_677' title='bbox 687 5525 965 5580; x_wconf 82' lang='lat' dir='ltr'><strong>eventura,</strong></span> <span class='ocrx_word' id='word_1_678' title='bbox 1004 5517 1342 5586; x_wconf 86' lang='lat' dir='ltr'><strong>prophetiam</strong></span> <span class='ocrx_word' id='word_1_679' title='bbox 1372 5520 1693 5576; x_wconf 80' lang='lat' dir='ltr'><strong>imitaretur.</strong></span> <span class='ocrx_word' id='word_1_680' title='bbox 1738 5524 1891 5590; x_wconf 85' lang='lat' dir='ltr'><strong>Quod</strong></span> <span class='ocrx_word' id='word_1_681' title='bbox 1926 5536 2107 5583; x_wconf 88' lang='lat' dir='ltr'><strong>autem</strong></span> 
     </span>
    </p>
   </div>
   <div class='ocr_carea' id='block_1_91' title="bbox 544 5597 2103 5682">
    <p class='ocr_par' dir='ltr' id='par_1_91' title="bbox 544 5597 2103 5682">
     <span class='ocr_line' id='line_1_91' title="bbox 544 5597 2103 5682; baseline 0.017 -33"><span class='ocrx_word' id='word_1_682' title='bbox 544 5599 611 5651; x_wconf 88' lang='lat' dir='ltr'><strong>de</strong></span> <span class='ocrx_word' id='word_1_683' title='bbox 644 5597 757 5652; x_wconf 85' lang='lat' dir='ltr'><strong>Elia</strong></span> <span class='ocrx_word' id='word_1_684' title='bbox 785 5602 1151 5675; x_wconf 76' lang='lat' dir='ltr'><strong>interrogasti,</strong></span> <span class='ocrx_word' id='word_1_685' title='bbox 1181 5609 1377 5678; x_wconf 89' lang='lat' dir='ltr'><strong>majori</strong></span> <span class='ocrx_word' id='word_1_686' title='bbox 1402 5611 1604 5682; x_wconf 79' lang='lat' dir='ltr'><strong>indiget</strong></span> <span class='ocrx_word' id='word_1_687' title='bbox 1627 5617 2063 5675; x_wconf 87' lang='lat' dir='ltr'><strong>consideratione</strong></span> <span class='ocrx_word' id='word_1_688' title='bbox 2089 5639 2103 5676; x_wconf 92' lang='lat'><strong>:</strong></span> 
     </span>
    </p>
   </div>
   <div class='ocr_carea' id='block_1_92' title="bbox 545 5690 2107 5779">
    <p class='ocr_par' dir='ltr' id='par_1_92' title="bbox 545 5690 2107 5779">
     <span class='ocr_line' id='line_1_92' title="bbox 545 5690 2107 5779; baseline 0.017 -39"><span class='ocrx_word' id='word_1_689' title='bbox 545 5705 651 5742; x_wconf 92' lang='lat' dir='ltr'><strong>non</strong></span> <span class='ocrx_word' id='word_1_690' title='bbox 690 5690 817 5743; x_wconf 89' lang='lat' dir='ltr'><strong>item</strong></span> <span class='ocrx_word' id='word_1_691' title='bbox 844 5692 897 5745; x_wconf 90' lang='lat' dir='ltr'><strong>in</strong></span> <span class='ocrx_word' id='word_1_692' title='bbox 919 5698 1193 5764; x_wconf 88' lang='lat' dir='ltr'><strong>proposita</strong></span> <span class='ocrx_word' id='word_1_693' title='bbox 1226 5702 1539 5769; x_wconf 57' lang='lat' dir='ltr'><strong>quaestione.</strong></span> <span class='ocrx_word' id='word_1_694' title='bbox 1561 5702 1776 5759; x_wconf 58' lang='lat' dir='ltr'><strong>&#39;Etenim</strong></span> <span class='ocrx_word' id='word_1_695' title='bbox 1807 5710 1897 5778; x_wconf 92' lang='lat' dir='ltr'><strong>qui</strong></span> <span class='ocrx_word' id='word_1_696' title='bbox 1917 5710 2107 5779; x_wconf 88' lang='lat' dir='ltr'><strong>jussus</strong></span> 
     </span>
    </p>
   </div>
   <div class='ocr_carea' id='block_1_93' title="bbox 618 5799 1078 5868">
    <p class='ocr_par' dir='ltr' id='par_1_93' title="bbox 618 5799 1078 5868">
     <span class='ocr_line' id='line_1_93' title="bbox 618 5799 1078 5868; baseline 0.02 -14"><span class='ocrx_word' id='word_1_697' title='bbox 618 5802 666 5832; x_wconf 80' lang='lat'>&quot;</span> <span class='ocrx_word' id='word_1_698' title='bbox 696 5799 842 5858; x_wconf 85' lang='lat' dir='ltr'><strong>Psal.</strong></span> <span class='ocrx_word' id='word_1_699' title='bbox 873 5821 991 5868; x_wconf 81' lang='lat' dir='ltr'><strong>xcv.</strong></span> <span class='ocrx_word' id='word_1_700' title='bbox 1028 5808 1078 5863; x_wconf 85' lang='lat'><strong>5.</strong></span> 
     </span>
    </p>
   </div>
   <div class='ocr_carea' id='block_1_94' title="bbox 2226 3149 3783 3224">
    <p class='ocr_par' dir='ltr' id='par_1_94' title="bbox 2226 3149 3783 3224">
     <span class='ocr_line' id='line_1_94' title="bbox 2226 3149 3783 3224; baseline -0.003 -17"><span class='ocrx_word' id='word_1_701' title='bbox 2226 3152 2505 3207; x_wconf 79' lang='grc' dir='ltr'>Ἰωνάθαν</span> <span class='ocrx_word' id='word_1_702' title='bbox 2528 3155 2654 3223; x_wconf 83' lang='grc' dir='ltr'>μετ’</span> <span class='ocrx_word' id='word_1_703' title='bbox 2686 3154 2851 3220; x_wconf 79' lang='grc' dir='ltr'>ἐμοῦ.</span> <span class='ocrx_word' id='word_1_704' title='bbox 2886 3155 2946 3206; x_wconf 71' lang='lat' dir='ltr'><strong>Et</strong></span> <span class='ocrx_word' id='word_1_705' title='bbox 2984 3154 3094 3223; x_wconf 77' lang='grc' dir='ltr'>γὰρ</span> <span class='ocrx_word' id='word_1_706' title='bbox 3125 3154 3341 3224; x_wconf 82' lang='grc' dir='ltr'>ἀληθῶς</span> <span class='ocrx_word' id='word_1_707' title='bbox 3362 3149 3429 3223; x_wconf 79' lang='grc' dir='ltr'><strong>ῆν</strong></span> <span class='ocrx_word' id='word_1_708' title='bbox 3454 3154 3481 3205; x_wconf 92' lang='lat'><strong>6</strong></span> <span class='ocrx_word' id='word_1_709' title='bbox 3507 3151 3783 3222; x_wconf 79' lang='grc' dir='ltr'>Σαμουὴλ,</span> 
     </span>
    </p>
   </div>
   <div class='ocr_carea' id='block_1_95' title="bbox 2214 3243 3789 3317">
    <p class='ocr_par' dir='ltr' id='par_1_95' title="bbox 2214 3243 3789 3317">
     <span class='ocr_line' id='line_1_95' title="bbox 2214 3243 3789 3317; baseline -0.001 -21"><span class='ocrx_word' id='word_1_710' title='bbox 2214 3244 2330 3307; x_wconf 84' lang='grc' dir='ltr'><strong>πῶς</strong></span> <span class='ocrx_word' id='word_1_711' title='bbox 2358 3243 2629 3314; x_wconf 83' lang='grc' dir='ltr'>ἐνεδέχετο</span> <span class='ocrx_word' id='word_1_712' title='bbox 2648 3244 2737 3296; x_wconf 79' lang='grc' dir='ltr'><strong>τὸν</strong></span> <span class='ocrx_word' id='word_1_713' title='bbox 2766 3246 2823 3298; x_wconf 86' lang='grc' dir='ltr'><strong>ἐν</strong></span> <span class='ocrx_word' id='word_1_714' title='bbox 2845 3246 2991 3317; x_wconf 73' lang='grc' dir='ltr'>πάσῃ</span> <span class='ocrx_word' id='word_1_715' title='bbox 3014 3244 3180 3315; x_wconf 80' lang='grc' dir='ltr'>κακίᾳ</span> <span class='ocrx_word' id='word_1_716' title='bbox 3199 3244 3640 3314; x_wconf 83' lang='grc' dir='ltr'>κατεγνωσμένον</span> <span class='ocrx_word' id='word_1_717' title='bbox 3662 3245 3789 3312; x_wconf 83' lang='grc' dir='ltr'>μετ’</span> 
     </span>
    </p>
   </div>
   <div class='ocr_carea' id='block_1_96' title="bbox 2212 3334 3791 3404">
    <p class='ocr_par' dir='ltr' id='par_1_96' title="bbox 2212 3334 3791 3404">
     <span class='ocr_line' id='line_1_96' title="bbox 2212 3334 3791 3404; baseline -0.001 -18"><span class='ocrx_word' id='word_1_718' title='bbox 2212 3335 2419 3387; x_wconf 76' lang='grc' dir='ltr'>ἐκείνου</span> <span class='ocrx_word' id='word_1_719' title='bbox 2464 3334 2750 3401; x_wconf 89' lang='grc' dir='ltr'>γενέσθαι;</span> <span class='ocrx_word' id='word_1_720' title='bbox 2820 3335 2977 3387; x_wconf 75' lang='grc' dir='ltr'>Ἀλλὰ</span> <span class='ocrx_word' id='word_1_721' title='bbox 3027 3335 3185 3404; x_wconf 86' lang='grc' dir='ltr'>δῆλον</span> <span class='ocrx_word' id='word_1_722' title='bbox 3234 3335 3315 3387; x_wconf 83' lang='grc' dir='ltr'><strong>ὅτι</strong></span> <span class='ocrx_word' id='word_1_723' title='bbox 3366 3334 3486 3387; x_wconf 76' lang='grc' dir='ltr'>ἀντὶ</span> <span class='ocrx_word' id='word_1_724' title='bbox 3536 3334 3629 3385; x_wconf 82' lang='grc' dir='ltr'><strong>τοῦ</strong></span> <span class='ocrx_word' id='word_1_725' title='bbox 3673 3334 3791 3384; x_wconf 81' lang='grc' dir='ltr'><strong>Σα-</strong></span> 
     </span>
    </p>
   </div>
   <div class='ocr_carea' id='block_1_97' title="bbox 2215 3427 3792 3501">
    <p class='ocr_par' dir='ltr' id='par_1_97' title="bbox 2215 3427 3792 3501">
     <span class='ocr_line' id='line_1_97' title="bbox 2215 3427 3792 3501; baseline -0.003 -18"><span class='ocrx_word' id='word_1_726' title='bbox 2215 3430 2385 3501; x_wconf 90' lang='grc' dir='ltr'>μουὴλ</span> <span class='ocrx_word' id='word_1_727' title='bbox 2413 3429 2575 3497; x_wconf 80' lang='grc' dir='ltr'>όφθὲν</span> <span class='ocrx_word' id='word_1_728' title='bbox 2602 3429 2665 3483; x_wconf 86' lang='grc' dir='ltr'><strong>τὸ</strong></span> <span class='ocrx_word' id='word_1_729' title='bbox 2694 3430 2923 3500; x_wconf 83' lang='grc' dir='ltr'>πονηρὸν</span> <span class='ocrx_word' id='word_1_730' title='bbox 2958 3431 3133 3482; x_wconf 78' lang='grc' dir='ltr'>ἐκεῖνο</span> <span class='ocrx_word' id='word_1_731' title='bbox 3166 3429 3459 3500; x_wconf 86' lang='grc' dir='ltr'>δαιμόνιον,</span> <span class='ocrx_word' id='word_1_732' title='bbox 3508 3428 3622 3497; x_wconf 87' lang='grc' dir='ltr'>μεθ’</span> <span class='ocrx_word' id='word_1_733' title='bbox 3656 3427 3792 3479; x_wconf 81' lang='grc' dir='ltr'>ἑαυ-</span> 
     </span>
    </p>
   </div>
   <div class='ocr_carea' id='block_1_98' title="bbox 2210 3518 3791 3589">
    <p class='ocr_par' dir='ltr' id='par_1_98' title="bbox 2210 3518 3791 3589">
     <span class='ocr_line' id='line_1_98' title="bbox 2210 3518 3791 3589; baseline -0.001 -15"><span class='ocrx_word' id='word_1_734' title='bbox 2210 3522 2302 3575; x_wconf 90' lang='grc' dir='ltr'><strong>τοῦ</strong></span> <span class='ocrx_word' id='word_1_735' title='bbox 2336 3521 2550 3575; x_wconf 75' lang='grc' dir='ltr'>ἔσεσθαι</span> <span class='ocrx_word' id='word_1_736' title='bbox 2594 3521 2683 3574; x_wconf 81' lang='grc' dir='ltr'><strong>τὸν</strong></span> <span class='ocrx_word' id='word_1_737' title='bbox 2732 3521 2903 3574; x_wconf 77' lang='grc' dir='ltr'>Σαοὺλ</span> <span class='ocrx_word' id='word_1_738' title='bbox 2944 3520 3131 3585; x_wconf 85' lang='grc' dir='ltr'>εἰπὼν,</span> <span class='ocrx_word' id='word_1_739' title='bbox 3177 3521 3275 3573; x_wconf 72' lang='grc' dir='ltr'><strong>οὐκ</strong></span> <span class='ocrx_word' id='word_1_740' title='bbox 3310 3519 3590 3589; x_wconf 80' lang='grc' dir='ltr'>ἐψεύσατο.</span> <span class='ocrx_word' id='word_1_741' title='bbox 3636 3519 3694 3569; x_wconf 79' lang='grc' dir='ltr'><strong>Εἰ</strong></span> <span class='ocrx_word' id='word_1_742' title='bbox 3728 3518 3791 3572; x_wconf 80' lang='grc' dir='ltr'>δὲ</span> 
     </span>
    </p>
   </div>
   <div class='ocr_carea' id='block_1_99' title="bbox 2211 3606 3791 3683">
    <p class='ocr_par' dir='ltr' id='par_1_99' title="bbox 2211 3606 3791 3683">
     <span class='ocr_line' id='line_1_99' title="bbox 2211 3606 3791 3683; baseline -0.003 -19"><span class='ocrx_word' id='word_1_743' title='bbox 2211 3611 2354 3679; x_wconf 83' lang='grc' dir='ltr'>λέγει</span> <span class='ocrx_word' id='word_1_744' title='bbox 2380 3613 2423 3682; x_wconf 53' lang='grc' dir='ltr'><strong>νὴ</strong></span> <span class='ocrx_word' id='word_1_745' title='bbox 2455 3612 2759 3683; x_wconf 86' lang='grc' dir='ltr'>Γραφὴ,δτι</span> <span class='ocrx_word' id='word_1_746' title='bbox 2794 3612 2903 3663; x_wconf 74' lang='grc' dir='ltr'>Καὶ</span> <span class='ocrx_word' id='word_1_747' title='bbox 2928 3606 3079 3663; x_wconf 85' lang='grc' dir='ltr'>εἶπεν</span> <span class='ocrx_word' id='word_1_748' title='bbox 3111 3613 3138 3664; x_wconf 97' lang='lat'><strong>6</strong></span> <span class='ocrx_word' id='word_1_749' title='bbox 3166 3609 3439 3680; x_wconf 84' lang='grc' dir='ltr'>Σαμουὴλ,</span> <span class='ocrx_word' id='word_1_750' title='bbox 3472 3611 3544 3679; x_wconf 79' lang='grc' dir='ltr'><strong>μὴ</strong></span> <span class='ocrx_word' id='word_1_751' title='bbox 3578 3625 3791 3677; x_wconf 82' lang='grc' dir='ltr'>ταρασ-</span> 
     </span>
    </p>
   </div>
   <div class='ocr_carea' id='block_1_100' title="bbox 2211 3699 3789 3772">
    <p class='ocr_par' dir='ltr' id='par_1_100' title="bbox 2211 3699 3789 3772">
     <span class='ocr_line' id='line_1_100' title="bbox 2211 3699 3789 3772; baseline -0.004 -17"><span class='ocrx_word' id='word_1_752' title='bbox 2211 3704 2349 3755; x_wconf 83' lang='grc' dir='ltr'>σέτω</span> <span class='ocrx_word' id='word_1_753' title='bbox 2378 3702 2465 3755; x_wconf 84' lang='grc' dir='ltr'><strong>τὸν</strong></span> <span class='ocrx_word' id='word_1_754' title='bbox 2510 3703 2846 3772; x_wconf 74' lang='grc' dir='ltr'>ἐπιστήμονα</span> <span class='ocrx_word' id='word_1_755' title='bbox 2880 3704 2908 3755; x_wconf 92' lang='lat'><strong>6</strong></span> <span class='ocrx_word' id='word_1_756' title='bbox 2949 3702 3186 3761; x_wconf 83' lang='grc' dir='ltr'>τοιοῦτος</span> <span class='ocrx_word' id='word_1_757' title='bbox 3229 3702 3385 3769; x_wconf 84' lang='grc' dir='ltr'>λόγος</span> <span class='ocrx_word' id='word_1_758' title='bbox 3405 3717 3418 3730; x_wconf 89' lang='grc'><strong>·</strong></span> <span class='ocrx_word' id='word_1_759' title='bbox 3447 3699 3581 3753; x_wconf 85' lang='grc' dir='ltr'>ἀλλὰ</span> <span class='ocrx_word' id='word_1_760' title='bbox 3610 3714 3789 3769; x_wconf 79' lang='grc' dir='ltr'>προσ-</span> 
     </span>
    </p>
   </div>
   <div class='ocr_carea' id='block_1_101' title="bbox 2210 3784 3786 3863">
    <p class='ocr_par' dir='ltr' id='par_1_101' title="bbox 2210 3784 3786 3863">
     <span class='ocr_line' id='line_1_101' title="bbox 2210 3784 3786 3863; baseline -0.001 -17"><span class='ocrx_word' id='word_1_761' title='bbox 2210 3794 2417 3847; x_wconf 80' lang='grc' dir='ltr'>κεῖσθαι</span> <span class='ocrx_word' id='word_1_762' title='bbox 2446 3792 2727 3863; x_wconf 78' lang='grc' dir='ltr'>νομιζέτω,</span> <span class='ocrx_word' id='word_1_763' title='bbox 2790 3794 2873 3846; x_wconf 85' lang='grc' dir='ltr'><strong>ὅτι</strong></span> <span class='ocrx_word' id='word_1_764' title='bbox 2923 3794 2951 3845; x_wconf 79' lang='lat'><strong>6</strong></span> <span class='ocrx_word' id='word_1_765' title='bbox 3004 3792 3275 3863; x_wconf 73' lang='grc' dir='ltr'>νομισθεὶς</span> <span class='ocrx_word' id='word_1_766' title='bbox 3322 3787 3457 3844; x_wconf 78' lang='grc' dir='ltr'>εἶναι</span> <span class='ocrx_word' id='word_1_767' title='bbox 3509 3784 3786 3859; x_wconf 68' lang='grc' dir='ltr'>Σαμουὴλ.</span> 
     </span>
    </p>
   </div>
   <div class='ocr_carea' id='block_1_102' title="bbox 2209 3880 3791 3954">
    <p class='ocr_par' dir='ltr' id='par_1_102' title="bbox 2209 3880 3791 3954">
     <span class='ocr_line' id='line_1_102' title="bbox 2209 3880 3791 3954; baseline -0.002 -18"><span class='ocrx_word' id='word_1_768' title='bbox 2209 3883 2546 3954; x_wconf 78' lang='grc' dir='ltr'>Εὑρίσκομεν</span> <span class='ocrx_word' id='word_1_769' title='bbox 2591 3883 2700 3951; x_wconf 85' lang='grc' dir='ltr'>γὰρ</span> <span class='ocrx_word' id='word_1_770' title='bbox 2751 3882 2850 3953; x_wconf 82' lang='grc' dir='ltr'><strong>τὴν</strong></span> <span class='ocrx_word' id='word_1_771' title='bbox 2894 3884 3174 3953; x_wconf 77' lang='grc' dir='ltr'>Γραφικὴν</span> <span class='ocrx_word' id='word_1_772' title='bbox 3210 3882 3491 3953; x_wconf 73' lang='grc' dir='ltr'>συνήθειαν</span> <span class='ocrx_word' id='word_1_773' title='bbox 3517 3880 3791 3949; x_wconf 75' lang='grc' dir='ltr'>πολλαχοῦ</span> 
     </span>
    </p>
   </div>
   <div class='ocr_carea' id='block_1_103' title="bbox 2206 3968 3789 4039">
    <p class='ocr_par' dir='ltr' id='par_1_103' title="bbox 2206 3968 3789 4039">
     <span class='ocr_line' id='line_1_103' title="bbox 2206 3968 3789 4039; baseline -0.003 -12"><span class='ocrx_word' id='word_1_774' title='bbox 2206 3974 2266 4027; x_wconf 80' lang='grc' dir='ltr'><strong>τὸ</strong></span> <span class='ocrx_word' id='word_1_775' title='bbox 2319 3974 2505 4028; x_wconf 77' lang='grc' dir='ltr'>δοκοῦν</span> <span class='ocrx_word' id='word_1_776' title='bbox 2553 3975 2673 4027; x_wconf 72' lang='grc' dir='ltr'>ἀντὶ</span> <span class='ocrx_word' id='word_1_777' title='bbox 2725 3973 2818 4026; x_wconf 88' lang='grc' dir='ltr'><strong>τοῦ</strong></span> <span class='ocrx_word' id='word_1_778' title='bbox 2866 3973 3017 4037; x_wconf 77' lang='grc' dir='ltr'>ὄντος</span> <span class='ocrx_word' id='word_1_779' title='bbox 3066 3971 3398 4039; x_wconf 80' lang='grc' dir='ltr'>διεξιοῦσαν.</span> <span class='ocrx_word' id='word_1_780' title='bbox 3449 3973 3525 4033; x_wconf 82' lang='grc' dir='ltr'><strong>ὡς</strong></span> <span class='ocrx_word' id='word_1_781' title='bbox 3556 3971 3649 4025; x_wconf 71' lang='grc' dir='ltr'><strong>ἐπὶ</strong></span> <span class='ocrx_word' id='word_1_782' title='bbox 3685 3968 3789 4023; x_wconf 83' lang='grc' dir='ltr'><strong>τοῦ</strong></span> 
     </span>
    </p>
   </div>
   <div class='ocr_carea' id='block_1_104' title="bbox 2209 4063 3793 4135">
    <p class='ocr_par' dir='ltr' id='par_1_104' title="bbox 2209 4063 3793 4135">
     <span class='ocr_line' id='line_1_104' title="bbox 2209 4063 3793 4135; baseline 0 -19"><span class='ocrx_word' id='word_1_783' title='bbox 2209 4065 2564 4134; x_wconf 86' lang='grc' dir='ltr'>Βαλαὰμ,νῦν</span> <span class='ocrx_word' id='word_1_784' title='bbox 2598 4066 2695 4135; x_wconf 78' lang='grc' dir='ltr'>μὲν</span> <span class='ocrx_word' id='word_1_785' title='bbox 2726 4066 2973 4133; x_wconf 88' lang='grc' dir='ltr'>λέγοντος</span> <span class='ocrx_word' id='word_1_786' title='bbox 3005 4065 3188 4129; x_wconf 79' lang='grc' dir='ltr'>αὐτοῦ,</span> <span class='ocrx_word' id='word_1_787' title='bbox 3221 4067 3302 4117; x_wconf 88' lang='grc' dir='ltr'>ὃτι</span> <span class='ocrx_word' id='word_1_788' title='bbox 3344 4065 3686 4133; x_wconf 78' lang='grc' dir='ltr'>Ἀκούσομαι</span> <span class='ocrx_word' id='word_1_789' title='bbox 3725 4063 3793 4116; x_wconf 83' lang='grc' dir='ltr'><strong>τί</strong></span> 
     </span>
    </p>
   </div>
   <div class='ocr_carea' id='block_1_105' title="bbox 2208 4154 3792 4226">
    <p class='ocr_par' dir='ltr' id='par_1_105' title="bbox 2208 4154 3792 4226">
     <span class='ocr_line' id='line_1_105' title="bbox 2208 4154 3792 4226; baseline -0.001 -17"><span class='ocrx_word' id='word_1_790' title='bbox 2208 4157 2465 4224; x_wconf 73' lang='grc' dir='ltr'>λαλήσει</span> <span class='ocrx_word' id='word_1_791' title='bbox 2493 4157 2563 4208; x_wconf 79' lang='grc' dir='ltr'><strong>ἐν</strong></span> <span class='ocrx_word' id='word_1_792' title='bbox 2602 4156 2731 4224; x_wconf 84' lang='grc' dir='ltr'>ἐμοὶ</span> <span class='ocrx_word' id='word_1_793' title='bbox 2757 4160 2789 4209; x_wconf 81' lang='grc' dir='ltr'><em>ὁ</em></span> <span class='ocrx_word' id='word_1_794' title='bbox 2812 4158 2987 4221; x_wconf 84' lang='grc' dir='ltr'>Θεός’</span> <span class='ocrx_word' id='word_1_795' title='bbox 3019 4156 3155 4226; x_wconf 80' lang='grc' dir='ltr'>μετὰ</span> <span class='ocrx_word' id='word_1_796' title='bbox 3184 4155 3354 4208; x_wconf 88' lang='grc' dir='ltr'>ταῦτα</span> <span class='ocrx_word' id='word_1_797' title='bbox 3382 4155 3437 4207; x_wconf 81' lang='grc' dir='ltr'>δὲ</span> <span class='ocrx_word' id='word_1_798' title='bbox 3456 4195 3470 4220; x_wconf 95' lang='grc'><strong>,</strong></span> <span class='ocrx_word' id='word_1_799' title='bbox 3497 4155 3577 4207; x_wconf 86' lang='grc' dir='ltr'>ὃτι</span> <span class='ocrx_word' id='word_1_800' title='bbox 3620 4154 3792 4221; x_wconf 76' lang='grc' dir='ltr'>γνοὺς</span> 
     </span>
    </p>
   </div>
   <div class='ocr_carea' id='block_1_106' title="bbox 2208 4242 3791 4323">
    <p class='ocr_par' dir='ltr' id='par_1_106' title="bbox 2208 4242 3791 4323">
     <span class='ocr_line' id='line_1_106' title="bbox 2208 4242 3791 4323; baseline -0.001 -23"><span class='ocrx_word' id='word_1_801' title='bbox 2208 4248 2261 4300; x_wconf 84' lang='grc' dir='ltr'>δὲ</span> <span class='ocrx_word' id='word_1_802' title='bbox 2295 4250 2322 4300; x_wconf 94' lang='lat'><strong>6</strong></span> <span class='ocrx_word' id='word_1_803' title='bbox 2353 4246 2601 4317; x_wconf 82' lang='grc' dir='ltr'>Βαλαὰμ,</span> <span class='ocrx_word' id='word_1_804' title='bbox 2647 4249 2727 4300; x_wconf 81' lang='grc' dir='ltr'>ὃτι</span> <span class='ocrx_word' id='word_1_805' title='bbox 2752 4247 2977 4316; x_wconf 81' lang='grc' dir='ltr'>ἀρεστὸν</span> <span class='ocrx_word' id='word_1_806' title='bbox 3001 4242 3068 4318; x_wconf 78' lang='grc' dir='ltr'>ἦν</span> <span class='ocrx_word' id='word_1_807' title='bbox 3093 4247 3170 4317; x_wconf 79' lang='grc' dir='ltr'>τῷ</span> <span class='ocrx_word' id='word_1_808' title='bbox 3199 4246 3315 4317; x_wconf 86' lang='grc' dir='ltr'><strong>Θεῴ</strong></span> <span class='ocrx_word' id='word_1_809' title='bbox 3346 4245 3419 4323; x_wconf 74' lang='grc' dir='ltr'><strong>μὴ</strong></span> <span class='ocrx_word' id='word_1_810' title='bbox 3442 4244 3791 4315; x_wconf 79' lang='grc' dir='ltr'>καταρᾶσθαι</span> 
     </span>
    </p>
   </div>
   <div class='ocr_carea' id='block_1_107' title="bbox 2210 4336 3793 4411">
    <p class='ocr_par' dir='ltr' id='par_1_107' title="bbox 2210 4336 3793 4411">
     <span class='ocr_line' id='line_1_107' title="bbox 2210 4336 3793 4411; baseline -0.001 -20"><span class='ocrx_word' id='word_1_811' title='bbox 2210 4341 2334 4403; x_wconf 80' lang='grc' dir='ltr'>τοὺς</span> <span class='ocrx_word' id='word_1_812' title='bbox 2378 4340 2742 4411; x_wconf 85' lang='grc' dir='ltr'>Ἰσραηλίτας,</span> <span class='ocrx_word' id='word_1_813' title='bbox 2796 4339 2978 4392; x_wconf 80' lang='grc' dir='ltr'>οὐκέτι</span> <span class='ocrx_word' id='word_1_814' title='bbox 3014 4340 3153 4392; x_wconf 85' lang='grc' dir='ltr'><strong>κατά</strong></span> <span class='ocrx_word' id='word_1_815' title='bbox 3196 4339 3256 4392; x_wconf 87' lang='grc' dir='ltr'><strong>τὸ</strong></span> <span class='ocrx_word' id='word_1_816' title='bbox 3303 4338 3489 4401; x_wconf 81' lang='grc' dir='ltr'>εἰωθὸς</span> <span class='ocrx_word' id='word_1_817' title='bbox 3543 4336 3793 4407; x_wconf 81' lang='grc' dir='ltr'>ἀπῆλθεν</span> 
     </span>
    </p>
   </div>
   <div class='ocr_carea' id='block_1_108' title="bbox 2211 4429 3786 4500">
    <p class='ocr_par' dir='ltr' id='par_1_108' title="bbox 2211 4429 3786 4500">
     <span class='ocr_line' id='line_1_108' title="bbox 2211 4429 3786 4500; baseline -0.001 -17"><span class='ocrx_word' id='word_1_818' title='bbox 2211 4432 2289 4493; x_wconf 87' lang='grc' dir='ltr'><strong>είς</strong></span> <span class='ocrx_word' id='word_1_819' title='bbox 2332 4432 2652 4500; x_wconf 83' lang='grc' dir='ltr'>συνάντησιν</span> <span class='ocrx_word' id='word_1_820' title='bbox 2708 4433 2817 4492; x_wconf 88' lang='grc' dir='ltr'>τοῖς</span> <span class='ocrx_word' id='word_1_821' title='bbox 2864 4433 3096 4493; x_wconf 78' lang='grc' dir='ltr'>οἰωνοῖς’</span> <span class='ocrx_word' id='word_1_822' title='bbox 3143 4433 3172 4483; x_wconf 91' lang='grc' dir='ltr'><strong>ὀ</strong></span> <span class='ocrx_word' id='word_1_823' title='bbox 3209 4430 3314 4500; x_wconf 73' lang='grc' dir='ltr'><strong>γὰρ</strong></span> <span class='ocrx_word' id='word_1_824' title='bbox 3389 4429 3786 4492; x_wconf 80' lang='grc' dir='ltr'>ἀνεπίσκεπτος</span> 
     </span>
    </p>
   </div>
   <div class='ocr_carea' id='block_1_109' title="bbox 2210 4518 3786 4594">
    <p class='ocr_par' dir='ltr' id='par_1_109' title="bbox 2210 4518 3786 4594">
     <span class='ocr_line' id='line_1_109' title="bbox 2210 4518 3786 4594; baseline -0.002 -17"><span class='ocrx_word' id='word_1_825' title='bbox 2210 4524 2369 4577; x_wconf 81' lang='grc' dir='ltr'>κάκεῖ</span> <span class='ocrx_word' id='word_1_826' title='bbox 2392 4522 2482 4577; x_wconf 84' lang='grc' dir='ltr'>τὸν</span> <span class='ocrx_word' id='word_1_827' title='bbox 2513 4522 2761 4592; x_wconf 82' lang='grc' dir='ltr'>ἀληθινὸν</span> <span class='ocrx_word' id='word_1_828' title='bbox 2796 4522 2925 4573; x_wconf 78' lang='grc' dir='ltr'>Θεὸν</span> <span class='ocrx_word' id='word_1_829' title='bbox 2954 4524 3160 4594; x_wconf 86' lang='grc' dir='ltr'>νομίσει</span> <span class='ocrx_word' id='word_1_830' title='bbox 3194 4521 3534 4590; x_wconf 83' lang='grc' dir='ltr'>διαλέγεσθαι</span> <span class='ocrx_word' id='word_1_831' title='bbox 3566 4518 3647 4590; x_wconf 82' lang='grc' dir='ltr'>τῷ</span> <span class='ocrx_word' id='word_1_832' title='bbox 3672 4520 3786 4574; x_wconf 82' lang='grc' dir='ltr'><strong>Βα-</strong></span> 
     </span>
    </p>
   </div>
   <div class='ocr_carea' id='block_1_110' title="bbox 2210 4612 3787 4685">
    <p class='ocr_par' dir='ltr' id='par_1_110' title="bbox 2210 4612 3787 4685">
     <span class='ocr_line' id='line_1_110' title="bbox 2210 4612 3787 4685; baseline -0.001 -19"><span class='ocrx_word' id='word_1_833' title='bbox 2210 4615 2377 4685; x_wconf 84' lang='grc' dir='ltr'>λαάμ.</span> <span class='ocrx_word' id='word_1_834' title='bbox 2427 4613 2491 4666; x_wconf 85' lang='grc' dir='ltr'><em>Ἥ</em></span> <span class='ocrx_word' id='word_1_835' title='bbox 2533 4614 2714 4683; x_wconf 84' lang='grc' dir='ltr'>μέντοι</span> <span class='ocrx_word' id='word_1_836' title='bbox 2758 4613 3019 4682; x_wconf 78' lang='grc' dir='ltr'>ἐπαγωγὴ</span> <span class='ocrx_word' id='word_1_837' title='bbox 3067 4612 3373 4677; x_wconf 88' lang='grc' dir='ltr'>δείκνυσιν,</span> <span class='ocrx_word' id='word_1_838' title='bbox 3422 4613 3503 4664; x_wconf 81' lang='grc' dir='ltr'>ὅτι</span> <span class='ocrx_word' id='word_1_839' title='bbox 3544 4612 3633 4664; x_wconf 82' lang='grc' dir='ltr'><strong>τὸν</strong></span> <span class='ocrx_word' id='word_1_840' title='bbox 3675 4612 3787 4665; x_wconf 79' lang='grc' dir='ltr'><strong>ὑπὸ</strong></span> 
     </span>
    </p>
   </div>
   <div class='ocr_carea' id='block_1_111' title="bbox 2208 4705 3782 4778">
    <p class='ocr_par' dir='ltr' id='par_1_111' title="bbox 2208 4705 3782 4778">
     <span class='ocr_line' id='line_1_111' title="bbox 2208 4705 3782 4778; baseline -0.003 -18"><span class='ocrx_word' id='word_1_841' title='bbox 2208 4708 2301 4761; x_wconf 82' lang='grc' dir='ltr'><strong>τοῦ</strong></span> <span class='ocrx_word' id='word_1_842' title='bbox 2346 4708 2573 4778; x_wconf 72' lang='grc' dir='ltr'>Βαλαὰμ</span> <span class='ocrx_word' id='word_1_843' title='bbox 2613 4710 2963 4778; x_wconf 75' lang='grc' dir='ltr'>νομιζόμενον</span> <span class='ocrx_word' id='word_1_844' title='bbox 3023 4706 3143 4759; x_wconf 78' lang='grc' dir='ltr'>θεὸν</span> <span class='ocrx_word' id='word_1_845' title='bbox 3188 4706 3360 4769; x_wconf 76' lang='grc' dir='ltr'>οὕτως</span> <span class='ocrx_word' id='word_1_846' title='bbox 3423 4705 3704 4776; x_wconf 83' lang='grc' dir='ltr'>ὠνόμασεν</span> <span class='ocrx_word' id='word_1_847' title='bbox 3744 4707 3782 4775; x_wconf 76' lang='grc' dir='ltr'><strong>ἡ</strong></span> 
     </span>
    </p>
   </div>
   <div class='ocr_carea' id='block_1_112' title="bbox 2210 4797 3782 4872">
    <p class='ocr_par' dir='ltr' id='par_1_112' title="bbox 2210 4797 3782 4872">
     <span class='ocr_line' id='line_1_112' title="bbox 2210 4797 3782 4872; baseline -0.004 -18"><span class='ocrx_word' id='word_1_848' title='bbox 2210 4803 2419 4872; x_wconf 86' lang='grc' dir='ltr'>Γραφὴ,</span> <span class='ocrx_word' id='word_1_849' title='bbox 2471 4802 2589 4871; x_wconf 69' lang='grc' dir='ltr'>οὐχὶ</span> <span class='ocrx_word' id='word_1_850' title='bbox 2622 4802 2711 4854; x_wconf 81' lang='grc' dir='ltr'><strong>τὸν</strong></span> <span class='ocrx_word' id='word_1_851' title='bbox 2758 4802 2922 4864; x_wconf 78' lang='grc' dir='ltr'>ὅντως</span> <span class='ocrx_word' id='word_1_852' title='bbox 2966 4801 3092 4853; x_wconf 73' lang='grc' dir='ltr'>ὄντα</span> <span class='ocrx_word' id='word_1_853' title='bbox 3136 4799 3287 4853; x_wconf 81' lang='grc' dir='ltr'>Θεόν.</span> <span class='ocrx_word' id='word_1_854' title='bbox 3322 4799 3527 4851; x_wconf 79' lang='grc' dir='ltr'>Οὐκοῦν</span> <span class='ocrx_word' id='word_1_855' title='bbox 3557 4798 3649 4851; x_wconf 78' lang='grc' dir='ltr'>καὶ</span> <span class='ocrx_word' id='word_1_856' title='bbox 3690 4797 3782 4872; x_wconf 52' lang='grc' dir='ltr'><strong>ἔντ-</strong></span> 
     </span>
    </p>
   </div>
   <div class='ocr_carea' id='block_1_113' title="bbox 2210 4868 3787 4959">
    <p class='ocr_par' dir='ltr' id='par_1_113' title="bbox 2210 4868 3787 4959">
     <span class='ocr_line' id='line_1_113' title="bbox 2210 4868 3787 4959; baseline -0.003 -16"><span class='ocrx_word' id='word_1_857' title='bbox 2210 4868 2435 4944; x_wconf 27' lang='grc' dir='ltr'>ταῦθανὸ</span> <span class='ocrx_word' id='word_1_858' title='bbox 2462 4868 2618 4955; x_wconf 71' lang='grc' dir='ltr'>δόξας</span> <span class='ocrx_word' id='word_1_859' title='bbox 2651 4886 2786 4943; x_wconf 80' lang='grc' dir='ltr'>εἶναι</span> <span class='ocrx_word' id='word_1_860' title='bbox 2813 4889 3064 4959; x_wconf 78' lang='grc' dir='ltr'>Σαμουὴλ</span> <span class='ocrx_word' id='word_1_861' title='bbox 3092 4890 3217 4952; x_wconf 77' lang='grc' dir='ltr'>τοὺς</span> <span class='ocrx_word' id='word_1_862' title='bbox 3254 4888 3346 4941; x_wconf 91' lang='grc' dir='ltr'><strong>τοῦ</strong></span> <span class='ocrx_word' id='word_1_863' title='bbox 3386 4885 3636 4957; x_wconf 80' lang='grc' dir='ltr'>ἀληθινοῦ</span> <span class='ocrx_word' id='word_1_864' title='bbox 3678 4868 3787 4938; x_wconf 52' lang='lat' dir='ltr'><strong>Xa.-</strong></span> 
     </span>
    </p>
   </div>
   <div class='ocr_carea' id='block_1_114' title="bbox 2214 4978 3783 5053">
    <p class='ocr_par' dir='ltr' id='par_1_114' title="bbox 2214 4978 3783 5053">
     <span class='ocr_line' id='line_1_114' title="bbox 2214 4978 3783 5053; baseline -0.004 -18"><span class='ocrx_word' id='word_1_865' title='bbox 2214 4982 2382 5053; x_wconf 88' lang='grc' dir='ltr'>μουὴλ</span> <span class='ocrx_word' id='word_1_866' title='bbox 2427 4982 2754 5052; x_wconf 82' lang='grc' dir='ltr'>ὑπεκρίνατο</span> <span class='ocrx_word' id='word_1_867' title='bbox 2793 4982 3016 5049; x_wconf 85' lang='grc' dir='ltr'>λόγους,</span> <span class='ocrx_word' id='word_1_868' title='bbox 3048 4978 3260 5048; x_wconf 78' lang='grc' dir='ltr'>εὐφυῶς</span> <span class='ocrx_word' id='word_1_869' title='bbox 3291 4978 3384 5031; x_wconf 87' lang='grc' dir='ltr'><strong>τοῦ</strong></span> <span class='ocrx_word' id='word_1_870' title='bbox 3422 4978 3672 5047; x_wconf 83' lang='grc' dir='ltr'>δαίμονος</span> <span class='ocrx_word' id='word_1_871' title='bbox 3713 4978 3783 5029; x_wconf 83' lang='grc' dir='ltr'>ὲκ</span> 
     </span>
    </p>
   </div>
   <div class='ocr_carea' id='block_1_115' title="bbox 2208 5070 3784 5144">
    <p class='ocr_par' dir='ltr' id='par_1_115' title="bbox 2208 5070 3784 5144">
     <span class='ocr_line' id='line_1_115' title="bbox 2208 5070 3784 5144; baseline -0.001 -19"><span class='ocrx_word' id='word_1_872' title='bbox 2208 5077 2317 5127; x_wconf 77' lang='grc' dir='ltr'><strong>των</strong></span> <span class='ocrx_word' id='word_1_873' title='bbox 2341 5073 2562 5126; x_wconf 84' lang='grc' dir='ltr'>εἰκότων</span> <span class='ocrx_word' id='word_1_874' title='bbox 2586 5073 2919 5144; x_wconf 89' lang='grc' dir='ltr'>μιμουμένου</span> <span class='ocrx_word' id='word_1_875' title='bbox 2947 5072 3045 5143; x_wconf 83' lang='grc' dir='ltr'><strong>τὴν</strong></span> <span class='ocrx_word' id='word_1_876' title='bbox 3076 5072 3430 5143; x_wconf 87' lang='grc' dir='ltr'>προφητείαν.</span> <span class='ocrx_word' id='word_1_877' title='bbox 3460 5070 3532 5123; x_wconf 80' lang='grc' dir='ltr'><strong>Τὸ</strong></span> <span class='ocrx_word' id='word_1_878' title='bbox 3558 5070 3614 5123; x_wconf 79' lang='grc' dir='ltr'><strong>δὲ</strong></span> <span class='ocrx_word' id='word_1_879' title='bbox 3636 5072 3784 5124; x_wconf 82' lang='grc' dir='ltr'>κατὰ</span> 
     </span>
    </p>
   </div>
   <div class='ocr_carea' id='block_1_116' title="bbox 2210 5161 3782 5235">
    <p class='ocr_par' dir='ltr' id='par_1_116' title="bbox 2210 5161 3782 5235">
     <span class='ocr_line' id='line_1_116' title="bbox 2210 5161 3782 5235; baseline -0.003 -17"><span class='ocrx_word' id='word_1_880' title='bbox 2210 5165 2299 5218; x_wconf 82' lang='grc' dir='ltr'><strong>τὸν</strong></span> <span class='ocrx_word' id='word_1_881' title='bbox 2339 5164 2522 5217; x_wconf 78' lang='grc' dir='ltr'>Ἠλίαν</span> <span class='ocrx_word' id='word_1_882' title='bbox 2552 5164 2792 5227; x_wconf 87' lang='grc' dir='ltr'>πλείονος</span> <span class='ocrx_word' id='word_1_883' title='bbox 2826 5164 2924 5233; x_wconf 85' lang='grc' dir='ltr'><strong>μὲν</strong></span> <span class='ocrx_word' id='word_1_884' title='bbox 2952 5163 3144 5235; x_wconf 75' lang='grc' dir='ltr'>χρῄζει</span> <span class='ocrx_word' id='word_1_885' title='bbox 3172 5164 3271 5232; x_wconf 87' lang='grc' dir='ltr'><strong>τῆς</strong></span> <span class='ocrx_word' id='word_1_886' title='bbox 3299 5162 3556 5232; x_wconf 86' lang='grc' dir='ltr'>θεωρίας·</span> <span class='ocrx_word' id='word_1_887' title='bbox 3587 5162 3646 5214; x_wconf 87' lang='grc' dir='ltr'><strong>ού</strong></span> <span class='ocrx_word' id='word_1_888' title='bbox 3673 5161 3782 5231; x_wconf 80' lang='grc' dir='ltr'><strong>μὴν</strong></span> 
     </span>
    </p>
   </div>
   <div class='ocr_carea' id='block_1_117' title="bbox 2210 5253 3780 5326">
    <p class='ocr_par' dir='ltr' id='par_1_117' title="bbox 2210 5253 3780 5326">
     <span class='ocr_line' id='line_1_117' title="bbox 2210 5253 3780 5326; baseline -0.003 -16"><span class='ocrx_word' id='word_1_889' title='bbox 2210 5258 2266 5308; x_wconf 82' lang='grc' dir='ltr'>ἐν</span> <span class='ocrx_word' id='word_1_890' title='bbox 2293 5255 2369 5325; x_wconf 86' lang='grc' dir='ltr'><strong>τῷ</strong></span> <span class='ocrx_word' id='word_1_891' title='bbox 2405 5255 2717 5326; x_wconf 84' lang='grc' dir='ltr'>προτεθέντι</span> <span class='ocrx_word' id='word_1_892' title='bbox 2746 5256 3038 5325; x_wconf 83' lang='grc' dir='ltr'>ζητήματι.</span> <span class='ocrx_word' id='word_1_893' title='bbox 3074 5255 3183 5307; x_wconf 74' lang='grc' dir='ltr'><strong>Καὶ</strong></span> <span class='ocrx_word' id='word_1_894' title='bbox 3204 5253 3312 5323; x_wconf 83' lang='grc' dir='ltr'>γὰρ</span> <span class='ocrx_word' id='word_1_895' title='bbox 3337 5256 3399 5307; x_wconf 84' lang='grc' dir='ltr'>ὲκ</span> <span class='ocrx_word' id='word_1_896' title='bbox 3423 5253 3515 5305; x_wconf 89' lang='grc' dir='ltr'><strong>τοῦ</strong></span> <span class='ocrx_word' id='word_1_897' title='bbox 3542 5254 3780 5323; x_wconf 77' lang='grc' dir='ltr'>χειμάρ-</span> 
     </span>
    </p>
   </div>
   <div class='ocr_carea' id='block_1_118' title="bbox 2212 5339 3779 5417">
    <p class='ocr_par' dir='ltr' id='par_1_118' title="bbox 2212 5339 3779 5417">
     <span class='ocr_line' id='line_1_118' title="bbox 2212 5339 3779 5417; baseline -0.003 -18"><span class='ocrx_word' id='word_1_898' title='bbox 2212 5350 2305 5417; x_wconf 80' lang='grc' dir='ltr'>ῥου</span> <span class='ocrx_word' id='word_1_899' title='bbox 2339 5346 2482 5416; x_wconf 79' lang='grc' dir='ltr'>ὕδωρ</span> <span class='ocrx_word' id='word_1_900' title='bbox 2515 5345 2687 5398; x_wconf 82' lang='grc' dir='ltr'>πίνειν</span> <span class='ocrx_word' id='word_1_901' title='bbox 2730 5346 3121 5416; x_wconf 67' lang='grc' dir='ltr'>προσταχθεὶς,</span> <span class='ocrx_word' id='word_1_902' title='bbox 3165 5346 3304 5397; x_wconf 88' lang='grc' dir='ltr'><strong>κατὰ</strong></span> <span class='ocrx_word' id='word_1_903' title='bbox 3338 5345 3398 5397; x_wconf 83' lang='grc' dir='ltr'><strong>τὸ</strong></span> <span class='ocrx_word' id='word_1_904' title='bbox 3434 5342 3653 5412; x_wconf 83' lang='grc' dir='ltr'>λεληθὸς</span> <span class='ocrx_word' id='word_1_905' title='bbox 3684 5339 3779 5396; x_wconf 84' lang='grc' dir='ltr'><strong>τοῦ</strong></span> 
     </span>
    </p>
   </div>
   <div class='ocr_carea' id='block_1_119' title="bbox 2209 5433 3777 5505">
    <p class='ocr_par' dir='ltr' id='par_1_119' title="bbox 2209 5433 3777 5505">
     <span class='ocr_line' id='line_1_119' title="bbox 2209 5433 3777 5505; baseline -0.004 -15"><span class='ocrx_word' id='word_1_906' title='bbox 2209 5437 2342 5490; x_wconf 84' lang='grc' dir='ltr'>Θεοῦ</span> <span class='ocrx_word' id='word_1_907' title='bbox 2378 5436 2819 5499; x_wconf 76' lang='grc' dir='ltr'>συνεϐουλεύετο,</span> <span class='ocrx_word' id='word_1_908' title='bbox 2866 5435 3004 5487; x_wconf 85' lang='grc' dir='ltr'>ὥστε</span> <span class='ocrx_word' id='word_1_909' title='bbox 3042 5437 3141 5505; x_wconf 85' lang='grc' dir='ltr'><strong>τὴν</strong></span> <span class='ocrx_word' id='word_1_910' title='bbox 3186 5435 3331 5505; x_wconf 73' lang='grc' dir='ltr'>παρὰ</span> <span class='ocrx_word' id='word_1_911' title='bbox 3372 5433 3465 5487; x_wconf 83' lang='grc' dir='ltr'><strong>τοῦ</strong></span> <span class='ocrx_word' id='word_1_912' title='bbox 3494 5435 3777 5503; x_wconf 84' lang='grc' dir='ltr'>προφήτου</span> 
     </span>
    </p>
   </div>
   <div class='ocr_carea' id='block_1_120' title="bbox 2210 5522 3775 5598">
    <p class='ocr_par' dir='ltr' id='par_1_120' title="bbox 2210 5522 3775 5598">
     <span class='ocr_line' id='line_1_120' title="bbox 2210 5522 3775 5598; baseline -0.005 -16"><span class='ocrx_word' id='word_1_913' title='bbox 2210 5528 2611 5598; x_wconf 81' lang='grc' dir='ltr'>ὲκφωνηθείσαν</span> <span class='ocrx_word' id='word_1_914' title='bbox 2674 5526 2817 5580; x_wconf 87' lang='grc' dir='ltr'><strong>κατά</strong></span> <span class='ocrx_word' id='word_1_915' title='bbox 2877 5525 2982 5578; x_wconf 84' lang='grc' dir='ltr'><strong>τῶν</strong></span> <span class='ocrx_word' id='word_1_916' title='bbox 3054 5524 3398 5596; x_wconf 85' lang='grc' dir='ltr'>Ἰσραηλιτῶν</span> <span class='ocrx_word' id='word_1_917' title='bbox 3469 5522 3775 5592; x_wconf 77' lang='grc' dir='ltr'>ἀνομϐρίας</span> 
     </span>
    </p>
   </div>
   <div class='ocr_carea' id='block_1_121' title="bbox 2208 5608 3776 5691">
    <p class='ocr_par' dir='ltr' id='par_1_121' title="bbox 2208 5608 3776 5691">
     <span class='ocr_line' id='line_1_121' title="bbox 2208 5608 3776 5691; baseline -0.008 -14"><span class='ocrx_word' id='word_1_918' title='bbox 2208 5624 2499 5691; x_wconf 83' lang='grc' dir='ltr'>ἀπόφασιν,</span> <span class='ocrx_word' id='word_1_919' title='bbox 2539 5620 2604 5673; x_wconf 82' lang='grc' dir='ltr'>δι’</span> <span class='ocrx_word' id='word_1_920' title='bbox 2628 5616 2791 5672; x_wconf 83' lang='grc' dir='ltr'>αὑτοῦ</span> <span class='ocrx_word' id='word_1_921' title='bbox 2818 5618 2978 5671; x_wconf 83' lang='grc' dir='ltr'>πάλιν</span> <span class='ocrx_word' id='word_1_922' title='bbox 3007 5616 3354 5686; x_wconf 86' lang='grc' dir='ltr'>ἁναλυθῆναι.</span> <span class='ocrx_word' id='word_1_923' title='bbox 3381 5608 3450 5684; x_wconf 80' lang='grc' dir='ltr'>ᾯ</span> <span class='ocrx_word' id='word_1_924' title='bbox 3477 5614 3583 5683; x_wconf 79' lang='grc' dir='ltr'>γὰρ</span> <span class='ocrx_word' id='word_1_925' title='bbox 3617 5612 3776 5681; x_wconf 77' lang='grc' dir='ltr'>ἐδόθη</span> 
     </span>
    </p>
   </div>
   <div class='ocr_carea' id='block_1_122' title="bbox 2216 5706 3778 5787">
    <p class='ocr_par' dir='ltr' id='par_1_122' title="bbox 2216 5706 3778 5787">
     <span class='ocr_line' id='line_1_122' title="bbox 2216 5706 3778 5787; baseline -0.008 -16"><span class='ocrx_word' id='word_1_926' title='bbox 2216 5720 2278 5771; x_wconf 86' lang='grc' dir='ltr'>ὲκ</span> <span class='ocrx_word' id='word_1_927' title='bbox 2303 5718 2462 5787; x_wconf 89' lang='grc' dir='ltr'>μόνου</span> <span class='ocrx_word' id='word_1_928' title='bbox 2489 5714 2581 5768; x_wconf 85' lang='grc' dir='ltr'><strong>τοῦ</strong></span> <span class='ocrx_word' id='word_1_929' title='bbox 2610 5713 2907 5785; x_wconf 76' lang='grc' dir='ltr'>χειμάρρου</span> <span class='ocrx_word' id='word_1_930' title='bbox 2938 5711 3133 5777; x_wconf 81' lang='grc' dir='ltr'>πίνειν,</span> <span class='ocrx_word' id='word_1_931' title='bbox 3170 5709 3260 5763; x_wconf 89' lang='grc' dir='ltr'><strong>τοῦ</strong></span> <span class='ocrx_word' id='word_1_932' title='bbox 3291 5709 3349 5762; x_wconf 80' lang='grc' dir='ltr'>δὲ</span> <span class='ocrx_word' id='word_1_933' title='bbox 3377 5707 3517 5762; x_wconf 79' lang='grc' dir='ltr'>κατὰ</span> <span class='ocrx_word' id='word_1_934' title='bbox 3543 5708 3605 5761; x_wconf 79' lang='grc' dir='ltr'>τὸ</span> <span class='ocrx_word' id='word_1_935' title='bbox 3630 5706 3778 5770; x_wconf 82' lang='grc' dir='ltr'>είκδς</span> 
     </span>
    </p>
   </div>
   <div class='ocr_carea' id='block_1_123' title="bbox 1185 5807 2538 5889">
    <p class='ocr_par' dir='ltr' id='par_1_123' title="bbox 1185 5807 2538 5889">
     <span class='ocr_line' id='line_1_123' title="bbox 1185 5807 2538 5889; baseline 0.014 -29"><span class='ocrx_word' id='word_1_936' title='bbox 1185 5808 1228 5842; x_wconf 64' lang='grc'>⁴⁷</span> <span class='ocrx_word' id='word_1_937' title='bbox 1269 5807 1289 5861; x_wconf 91' lang='grc' dir='ltr'><strong>ι</strong></span> <span class='ocrx_word' id='word_1_938' title='bbox 1321 5811 1449 5881; x_wconf 80' lang='lat' dir='ltr'><strong>Reg.</strong></span> <span class='ocrx_word' id='word_1_939' title='bbox 1500 5825 1686 5877; x_wconf 77' lang='lat' dir='ltr'><strong>xxvm,</strong></span> <span class='ocrx_word' id='word_1_940' title='bbox 1726 5812 1811 5869; x_wconf 79' lang='grc'><strong>19.</strong></span> <span class='ocrx_word' id='word_1_941' title='bbox 1886 5816 1931 5847; x_wconf 66' lang='grc'><strong>*⁸</strong></span> <span class='ocrx_word' id='word_1_942' title='bbox 1963 5814 2119 5887; x_wconf 85' lang='lat' dir='ltr'><strong>Num.</strong></span> <span class='ocrx_word' id='word_1_943' title='bbox 2154 5833 2288 5889; x_wconf 77' lang='lat' dir='ltr'><strong>xxn,</strong></span> <span class='ocrx_word' id='word_1_944' title='bbox 2326 5822 2389 5877; x_wconf 80' lang='lat' dir='ltr'><strong>l7</strong></span> <span class='ocrx_word' id='word_1_945' title='bbox 2421 5840 2538 5889; x_wconf 78' lang='lat' dir='ltr'><strong>suo.</strong></span> 
     </span>
    </p>
   </div>
  </div>
