3978 6486
200 460 296 516 Il}

1507 475 1595 530 DE
1630 478 2082 540 PYTHONISSA.

3341 518 3445 576 ΙΝ

188 572 243 623 ἐν
268 571 380 632 τοῖς
434 574 665 637 αὐχμοῖς
723 572 1257 648 ἀποξηραινομένου,
1298 580 1466 654 ἄλλης
1511 587 1589 657 τῷ
1630 608 1727 661 πρε

1826 601 1948 658 ,εει
1979 610 2173 665 aquam
2210 598 2394 657 bibere
2427 620 2491 658 ex
2525 614 2785 675 torrente,
2835 614 3063 672 latenter
3114 636 3140 674 ιι
3190 620 3299 678 Deo
3339 628 3438 679 ad-

186 661 324 730 ςήτῃ
356 658 436 730 μὴ
468 662 867 733 εὑρισκομένης
905 666 1039 735 πρὸς
1062 669 1161 739 τὴν
1191 671 1349 740 δίψαν
1375 658 1723 747 παραμυθίας
1743 722 1759 747 ,

1874 686 2201 741 monebatur
2224 689 2356 754 fore,
2393 703 2449 746 ut
2477 711 2506 750 a
2535 701 2795 769 propheta
2822 708 3028 774 prolata
3055 723 3241 767 contra
3269 715 3442 773 Israc-

179 749 340 803 διὰτὸ
362 750 700 821 ἀπειρῆσθαι
733 754 882 824 αὐτῷ
909 756 1199 828 ἀλλαχόθεν
1248 767 1420 829 πιεῖν,
1462 770 1727 839 ἐπάναγκε

179 838 237 879 ιι.
287 843 512 879 nia-«Enni
565 844 656 879 nr}...
704 844 909 879 KnRMu
973 851 1054 879 r..-
1107 853 1178 879 η).
1221 854 1464 879 2.__~._!_..
1527 862 1572 879 _\
1627 861 1685 879 us

2346 749 2354 754 _
2535 749 2580 765 εν
2608 749 2795 769 -.ρ---κ
2822 749 3028 774 1...η-..ιιι
3055 749 3241 767 νυιιιιιι
3269 749 3334 771 lat
3349 749 3439 773 al."

1871 772 1995 829 litas
2031 780 2297 835 sententia
2332 786 2588 842 siccitatis
2616 799 2670 844 et
2706 797 2942 861 penuriae
2986 799 3174 858 imbris
3226 809 3292 862 ab
3320 809 3439 879 ipso

176 838 237 912 ἤν
286 843 517 911 αὶτῆσαι
565 844 656 896 τὸν
704 844 943 916 ὄμϐρον,
973 851 1058 904 ἵνα
1105 853 1180 923 μὴ
1218 854 1469 931 ἐπιλείπῃ
1520 862 1580 913 τὸ

176 933 254 985 τὸν
296 932 640 1003 χείμαρρον·
686 936 895 1002 γίνεται
921 938 978 991 δὲ
1033 941 1111 1010 τῷ
1151 950 1403 1018 προφήτῃ
1457 951 1613 1021 παρὰ
1654 932 1763 1007 τῶν

177 1023 423 1093 κοράκων
484 1026 520 1094 ή
570 1024 679 1079 τῶν
732 1028 867 1099 πρὸς
917 1030 1017 1101 τὴν
1070 1032 1215 1105 ζωὴν
1288 1039 1595 1107 ἀναγκαίων
1646 1034 1801 1097 δια-ι’

176 1113 351 1177 κονίει,
408 1113 723 1179 δεικνύντος
771 1116 860 1171 διὰ
900 1120 1105 1176 τούτων
1151 1125 1245 1177 τοῦ
1297 1128 1432 1182 Θεοῦ
1497 1132 1575 1203 τῷ
1631 1150 1761 1205 προ-

174 1204 325 1274 ςήτῃ,
373 1204 461 1256 ὅτι
494 1204 679 1257 πολλοί
733 1207 869 1263 εἰσιν
901 1212 949 1263 οἱ
994 1219 1515 1288 παραμεμενηκὸτες
1556 1225 1621 1293 τῇ
1664 1204 1758 1278 τοῦ

172 1294 295 1347 Θεοῦ
348 1294 614 1365 ἀληθινοῦ
680 1296 920 1372 λατρεία,
971 1302 1092 1356 ὅθεν
1139 1306 1453 1378 ἐχορηγεῖτο
1510 1313 1599 1366 διὰ
1651 1316 1757 1370 τῶν

172 1385 416 1456 κοράκων
453 1389 487 1458 ἡ
531 1388 705 1459 τροφὴ
748 1390 827 1461 τῷ
859 1395 1144 1467 στροφὴ-ιη’
1173 1398 1233 1450 οὐ
1258 1400 1367 1471 γὰρ
1400 1402 1467 1455 ἂν
1511 1404 1618 1459 τῶν
1656 1423 1754 1476 με-

172 1481 487 1550 μιασμένων
534 1483 685 1552 αὐτῷ
735 1488 975 1556 προῆγον
1002 1489 1203 1559 ἀρτων,
1249 1494 1281 1562 ἢ
1318 1494 1379 1548 τὸ
1409 1496 1754 1557 εἰδωλόθυτον

169 1570 344 1640 κρέας.
373 1570 546 1622 Ὥστε
580 1570 676 1624 καὶ
703 1571 792 1626 διά
827 1572 1026 1629 τούτων
1076 1578 1369 1653 ὲναχθῆναι
1401 1585 1492 1639 τὸν
1542 1588 1746 1659 Ἠλίαν,

166 1660 482 1729 καθυφεῖναι
512 1678 570 1714 τι
588 1662 682 1716 τοῦ
717 1664 859 1718 κατά
887 1665 994 1721 τῶν
1025 1669 1372 1740 ἠσεϐηκότων
1402 1677 1598 1748 θυμοῦ,
1633 1698 1739 1751 μα-

166 1752 314 1807 θόντα
340 1753 431 1807 διὰ
475 1753 588 1807 τῶν
635 1757 953 1826 γινομένων,
984 1759 1064 1812 ὃτι
1113 1763 1296 1818 πολλοι
1338 1769 1476 1823 εἰσιν
1504 1773 1552 1823 οἱ
1602 1772 1738 1843 πρὸς

163 1845 243 1895 τὸν
260 1843 395 1897 Θεὸν
422 1844 688 1912 ὁρῶντες,
730 1846 822 1910 οὓς
851 1848 949 1902 οὐκ
975 1850 1089 1904 ἔστι
1115 1851 1322 1909 δίκαιον
1347 1861 1741 1927 συγκαταδικα-

163 1930 340 2000 σθῆναι
380 1935 496 1995 τοῖς
536 1934 827 1998 ὑπαιτίοις.
875 1938 968 1999 El;
988 1938 1044 1992 δὲ
1089 1942 1233 2012 πρωῒ
1264 1945 1363 2014 μὲν
1396 1949 1424 2001 ὁ
1456 1949 1651 2020 ἄρτος,
1679 1956 1737 2007 ὲν
1771 1930 1812 1984 Β

160 2021 209 2072 δὲ
232 2024 294 2092 τῇ
321 2023 541 2094 ἑσπέρᾳ
563 2024 623 2077 τὸ
650 2027 816 2095 κρέας
838 2028 983 2098 αὐτῷ
1014 2030 1355 2092 διακονεῖται.
1380 2039 1538 2105 Ἴσως
1564 2041 1630 2094 δι’
1654 2046 1737 2097 αἱ·

159 2110 408 2180 νίτματος
461 2114 603 2183 πρὸς
638 2115 894 2186 ἐνάρετον
929 2118 1041 2189 βίον
1086 2124 1321 2196 σπουδὴν
1347 2127 1409 2181 τὸ
1452 2131 1734 2201 γινόμενον

157 2202 277 2272 ἕχει,
306 2204 390 2257 ὅτι
422 2205 531 2275 χρὴ
564 2206 885 2277 ἀρχομένοις
911 2209 1019 2263 τῶν
1050 2213 1414 2286 τελειοτέρων,
1444 2223 1586 2276 κατά
1634 2225 1731 2297 τὴν

156 2293 237 2345 τοῦ
259 2294 479 2347 Παύλου
506 2294 709 2365 φωνὴν,
737 2298 797 2359 ὃς
826 2315 987 2369 φησιν
1010 2339 1025 2364 ,
1055 2302 1135 2354 ὃτι
1187 2308 1433 2361 Τελείων
1452 2310 1520 2363 δέ
1561 2293 1731 2367 ἐστιν·

154 2385 187 2450 ἡ
211 2385 420 2451 στερεὰ
458 2386 675 2455 τροφὴ,
706 2386 828 2441 τῶν
848 2388 946 2444 διὰ
972 2391 1088 2460 τὴν
1115 2393 1246 2459 ἕξιν
1274 2400 1347 2452 τὰ
1373 2403 1741 2474 αἰσθητήρια

153 2476 603 2551 γεγυμνασμένα
622 2478 908 2547 ἐχόντων.
940 2482 1011 2535 Τὸ
1048 2484 1103 2536 δὲ
1152 2487 1411 2561 κάλυμμα
1437 2492 1529 2546 τοῦ
1554 2496 1721 2549 Maii).

151 2546 393 2632 σέωςοὺκ
422 2574 714 2644 ἀγνοήσεις
743 2575 880 2647 πρὸς
912 2577 940 2629 ὅ
968 2593 1019 2629 τι
1052 2577 1257 2647 βλέπει,
1375 2585 1509 2654 πρὸς
1535 2587 1725 2658 Κοριν-

150 2661 279 2725 θίους
320 2664 611 2737 Ἐπιστολῇ
647 2667 860 2724 Παύλου
896 2669 1282 2742 καθομιλήσας.
1324 2675 1464 2728 Ὅσα
1506 2677 1561 2730 δὲ
1594 2681 1721 2752 περὶ

143 2757 241 2810 τῶν
287 2757 491 2814 θυσιῶν
528 2760 910 2834 ὲπεζήτησας,
949 2765 1127 2831 καλῶς
1183 2770 1429 2838 ποιήσεις
1488 2772 1605 2828 ὅλον
1658 2777 1719 2829 τὸ

141 2848 419 2901 Λευῖτικὸν
468 2850 902 2923 φιλοπονώτερον
932 2855 1210 2921 ἐξετάσας.
1239 2859 1333 2911 xatl.
1365 2862 1502 2930 μετὰ
1544 2864 1715 2917 πλείος

137 2955 218 2999 νος
242 2940 339 3008 τῆς
358 2940 693 3013 προσεδρίας
739 2943 1037 3009 καθολικῶς
1061 2946 1152 2999 τὸν
1177 2949 1234 2999 ἐν
1266 2949 1473 3015 τούτοις
1501 2952 1711 3024 θεωρήο

138 3043 231 3090 σας
272 3030 459 3100 νόμον.
480 3032 639 3086 Οὕτω
662 3034 771 3105 γὰρ
794 3040 1353 3109 συγκατανοηθήσεται
1376 3043 1454 3113 τῷ
1478 3044 1581 3116 ὅλῳ
1613 3046 1707 3116 μέν

136 3136 251 3188 ροςο
280 3121 366 3189 ἐφ’
394 3122 595 3176 ἑαυτοῦ
636 3124 744 3196 γὰρ
787 3126 944 3181 τοῦτο
977 3130 1134 3198 μόνον
1169 3133 1268 3184 οὑκ
1308 3133 1374 3187 ἂν
1406 3134 1709 3211 διευκρινη-

133 3209 241 3281 θεέη
274 3213 386 3283 πρὸ
428 3214 531 3283 τῆς
573 3214 667 3269 τοῦ
700 3218 900 3283 παντὸς
934 3219 1184 3291 θεωρίας.
1223 3224 1308 3276 Ἐν
1338 3224 1395 3277 δὲ
1442 3229 1553 3289 τοῖς
1578 3209 1705 3302 περὶ
1734 3260 1777 3316 C

131 3300 221 3370 τῆς
246 3303 642 3376 ἀντικειμένης
668 3305 948 3379 δυνάμεως
970 3312 1409 3383 ὲπηπορημένοις
1438 3300 1702 3390 πρόδηλος

128 3393 262 3447 ἐστιν
292 3396 327 3465 ἡ
354 3395 535 3461 λύσις,
583 3398 667 3452 ὅτι
692 3400 791 3470 οὺχ
810 3399 998 3466 ἁπλῶς
1034 3404 1293 3473 ἅγγελος,
1330 3407 1445 3461 ἀλλ’
1469 3411 1528 3462 ὲν
1561 3413 1688 3483 ἀρχ-

129 3485 369 3551 αγγέλοις
394 3481 467 3557 ἦν
500 3488 832 3558 τεταγμένος
855 3492 883 3543 ὁ
920 3491 1229 3565 ἀποστάτης
1257 3496 1563 3567 γενόμενος.
1594 3481 1697 3571 Ai]-

125 3572 201 3626 ὶον
219 3572 313 3628 οὖν
336 3576 426 3629 ὅτι
450 3580 519 3647 τῇ
560 3579 698 3649 ἀρχῇ
742 3580 1169 3636 συνενδείκνυται
1199 3587 1293 3639 καὶ
1321 3586 1381 3639 τὸ
1395 3586 1695 3658 ὑποχείριον

122 3664 316 3735 τάγμα,
352 3666 501 3720 ὥστε
532 3667 784 3722 λελύσθαι
813 3668 911 3741 τὴν
946 3671 1169 3741 ζήτησιν
1205 3676 1445 3747 περὶτοῦ
1478 3678 1592 3741 πῶς
1612 3674 1693 3744 εἷς

123 3749 177 3822 ἦν
196 3756 290 3808 καὶ
323 3757 470 3825 μετά
501 3756 738 3825 πλήθους
768 3759 884 3811 ἐστί
904 3776 917 3790 ·
938 3760 1038 3828 τῆς
1062 3762 1169 3833 γὰρ
1199 3764 1507 3836 ὑποχειρίου
1531 3785 1694 3839 στρα-

120 3847 225 3908 τιᾶς
256 3846 416 3917 αὑτῷ
448 3848 884 3918 συναποστάσης,
919 3854 1304 3923 σεσαφήνισται
1334 3856 1392 3907 τὸ
1427 3855 1693 3929 ζητούμε-

120 3950 209 3985 νον.
247 3934 325 3986 Τὸ
348 3934 411 3988 δὲ
446 3938 756 3990 τελευταῖον
782 3938 893 3991 τῶν
912 3938 1346 4012 ὲπιζητηθέντων
1375 3948 1686 4016 κεφάλαιον,

118 4023 247 4093 λέγω
268 4027 334 4097 δὴ
356 4028 445 4093 τὸ,
477 4028 597 4092 πῶς
623 4030 980 4099 παραγίνεται
1008 4033 1069 4087 τὸ
1095 4035 1315 4108 Πνεῦμα
1334 4040 1439 4109 πρὸ
1468 4041 1563 4094 τοῦ
1589 4043 1686 4113 βα-

119 4120 439 4189 πτίσματος,
488 4120 829 4195 πλατυτέρας
872 4123 1168 4191 ἐξετάσεως
1199 4147 1258 4182 τε
1312 4132 1403 4187 καὶ
1455 4132 1685 4207 θεωρίας

116 4209 379 4277 δεόμενον,
436 4211 556 4282 ἰδίῳ
594 4214 1030 4285 περιγράψαντες
1061 4218 1234 4290 λόγῳ,
1264 4221 1396 4276 Θεοῦ
1423 4223 1680 4290 διδόντος,

114 4300 515 4372 ἀποστελοῦμέν
548 4320 638 4356 σου
660 4306 725 4375 τῇ
759 4306 1048 4378 τιμιότητι.

1625 861 1767 934 ὕδωρ
1869 879 2062 923 rursus
2108 872 2533 933 rescinileretur.
2580 882 2679 936 Cui
2725 886 2865 940 enim
2901 888 3085 945 datum
3122 904 3225 959 est,
3276 909 3334 953 ut
3365 918 3435 959 ex

1867 960 1984 1013 solo
2008 971 2247 1020 torrente
2270 967 2495 1034 biberet,
2527 972 2617 1029 illo
2639 976 2877 1046 quidem,
2906 991 2965 1035 ut
2985 987 3275 1044 verisimile
3295 1004 3431 1057 erat,

1864 1050 2087 1107 testibus
2141 1054 2439 1123 exsiccato,
2489 1076 2612 1117 cum
2654 1066 2873 1124 aliunde
2930 1071 3064 1127 nihil
3120 1089 3432 1147 suppeteret

1864 1141 2161 1210 prophetae,
2190 1161 2297 1215 quo
2321 1149 2465 1204 sitim
2489 1152 2712 1220 levaret,
2738 1162 3172 1233 quandoquidem
3190 1141 3424 1230 vetitum

1863 1230 1939 1284 illi
1973 1231 2169 1299 fuerat,
2204 1254 2272 1293 ne
2318 1241 2538 1299 aliunde
2569 1255 2754 1315 potum
2803 1264 3074 1321 sumeret,
3130 1268 3426 1324 necessitas

1861 1324 2226 1393 incumbebat,
2261 1342 2319 1385 ut
2340 1334 2575 1402 pluviam
2603 1342 2918 1407 postularet,
2954 1363 3022 1402 ne
3051 1357 3262 1408 torrens
3284 1371 3422 1427 aqua

1858 1413 2263 1478 destitueretur.
2294 1424 2461 1478 Porro
2499 1444 2528 1479 a
2561 1434 2741 1485 corvis
2772 1437 3067 1504 propheta},
3098 1458 3217 1512 qua:
3245 1447 3313 1500 ad
3340 1451 3422 1503 vi-

1854 1510 2001 1558 ctum
2031 1519 2186 1563 erant
2231 1516 2561 1579 necessaria,
2598 1520 3082 1581 subministrantur
3189 1534 3296 1590 Deo
3322 1554 3421 1607 per

1851 1596 1969 1652 hac
1998 1602 2271 1671 propheta:
2315 1606 2645 1676 declarante,
2694 1615 2894 1670 multos
2923 1633 3046 1674 esse
3091 1622 3183 1691 qui
3230 1625 3285 1678 in
3320 1596 3412 1681 l)ei

1849 1691 1963 1744 veri
2007 1694 2155 1748 cultu
2205 1711 2634 1770 perseverarent,
2686 1720 2752 1760 ex
2802 1723 2910 1777 quo
2949 1712 3101 1767 cibus
3136 1718 3412 1785 preplietaa

1848 1783 2296 1850 suppeditabatur
2326 1807 2339 1843 :
2381 1806 2557 1861 neque
2587 1795 2729 1849 enim
2760 1799 2997 1866 pollutos
3023 1803 3072 1856 ei
3101 1783 3288 1873 panes,
3313 1818 3407 1863 aut

1848 1870 2010 1929 idolis
2042 1876 2349 1936 immolatas
2375 1897 2566 1941 carnes
2596 1888 2955 1961 porrigerent.
2992 1870 3168 1965 Atque
3196 1900 3273 1953 ita
3312 1917 3411 1971 per

1840 1959 1955 2014 hare
1980 1963 2310 2022 incitabatur
2336 1969 2504 2035 Elias,
2539 1981 2598 2028 ut
2620 1959 2827 2047 aliquid
2860 1982 2926 2036 de
2956 1998 3054 2037 sua
3080 1959 3140 2039 in
3169 2003 3284 2053 eos,
3312 1959 3406 2059 qui

1838 2048 1989 2119 impii
2026 2052 2079 2106 in
2124 2053 2293 2111 Deum
2341 2058 2575 2127 fuerant,
2606 2062 2687 2118 ira
2714 2068 3033 2135 remitteret,
3064 2089 3186 2129 cum
3231 2093 3297 2133 ex
3336 2081 3405 2137 iis

1836 2154 1956 2208 quae
1981 2140 2175 2198 fiebant
2205 2147 2547 2220 intelligeret,
2580 2155 2779 2213 multos
2817 2172 2941 2215 esse
2971 2166 3063 2233 qui
3107 2165 3275 2223 Deum
3309 2188 3404 2229 co-

1834 2232 2030 2300 lerent,
2062 2252 2198 2304 quos
2224 2238 2438 2309 aequum
2470 2260 2578 2298 non
2610 2247 2681 2300 sit
2709 2263 2831 2303 cum
2864 2253 2973 2309 reis
3006 2259 3206 2325 puniri.
3242 2261 3400 2328 Quod

1830 2338 1960 2377 vero
1991 2341 2148 2381 mane
2179 2333 2395 2397 quidem
2434 2338 2609 2403 panis,
2642 2354 2869 2410 vespere
2895 2355 3073 2402 autem
3104 2365 3299 2410 carnes
3320 2356 3398 2410 illi

1828 2414 2335 2487 subministrantur,
2384 2424 2616 2482 fortasse
2644 2445 2742 2499 per
2782 2436 3010 2506 aenigma
3057 2440 3210 2506 illud,
3251 2447 3397 2514 quod

1827 2503 1920 2569 sit,
1951 2507 2213 2575 studium,
2245 2526 2340 2564 seu
2369 2512 2699 2585 diligentiam
2750 2523 2816 2575 ad
2851 2503 3015 2580 vitam
3042 2543 3165 2583 eum
3198 2503 3396 2592 virtute

1827 2596 2232 2667 transigendam
2275 2617 2386 2671 prae
2418 2620 2479 2660 se
2510 2605 2634 2673 fert,
2678 2613 2827 2680 quod
2876 2616 2944 2670 iis
2993 2620 3083 2687 qui
3125 2623 3393 2692 incipiunt

1824 2700 1962 2756 opus
2000 2691 2071 2743 sit
2103 2691 2244 2755 cibo,
2278 2697 2369 2763 qui
2402 2705 2485 2750 est
2516 2700 2920 2771 perfectiorum,
2944 2707 3097 2776 juxta
3125 2691 3275 2768 Pauli
3305 2716 3393 2771 di-

1820 2783 1968 2829 ctum
1997 2795 2010 2831 :
2043 2776 2408 2847 Perfectorum
2448 2796 2622 2842 autem
2656 2800 2733 2845 est
2765 2795 2969 2851 solidus
3009 2799 3178 2862 cibus,
3206 2820 3388 2859 eorum

1818 2866 1909 2935 qui
1958 2883 2054 2936 pro
2104 2876 2478 2931 consuetudine
2521 2883 2836 2939 exercitatos
2881 2903 3063 2944 sensus
3107 2892 3295 2949 habent
3316 2896 3383 2950 ".

1820 2955 2022 3025 Moysis
2045 2968 2223 3014 autem
2255 2964 2520 3031 velamen,
2554 2985 2664 3039 quo
2691 2982 2918 3043 spectet,
2950 2994 3059 3033 non
3090 2982 3382 3052 ignorabis,

1815 3047 1861 3102 si
1895 3045 2190 3117 Epistolam
2218 3053 2282 3109 ad
2311 3055 2623 3117 Corinthios
2660 3064 2921 3123 lectitaris
2943 3072 3034 3125 ⁸³⁸.
3058 3045 3212 3138 Quod
3250 3045 3383 3132 vero

1813 3140 2004 3196 attinet
2031 3142 2100 3196 ad
2120 3159 2182 3199 ea
2211 3162 2334 3215 qua:
2366 3149 2433 3204 de
2473 3153 2760 3211 sacriﬁciis
2793 3169 3145 3228 percontatus
3179 3181 3262 3230 es,
3294 3184 3382 3224 re-

1811 3237 1895 3285 cte
1916 3230 2128 3301 feceris,
2162 3236 2207 3288 si
2240 3235 2542 3297 Leviticum
2558 3245 2860 3304 studiosius
2880 3262 3157 3312 scrutatus
3183 3256 3375 3325 fueris,

1810 3319 2113 3391 majorique
2156 3326 2479 3386 assiduitate
2517 3339 2816 3403 generatim
2847 3354 2943 3397 eas
2971 3357 3092 3411 qua:
3121 3346 3188 3402 ad
3241 3348 3377 3406 istas

1805 3411 2078 3478 pertinent
2131 3414 2276 3487 leges
2321 3421 2774 3482 consideraveris.
2828 3428 2923 3485 Sic
2974 3434 3119 3488 enim
3167 3436 3277 3503 ﬁet,
3315 3449 3376 3495 ut

1809 3514 1932 3553 cum
1962 3508 2078 3556 toto
2111 3512 2320 3573 partem
2351 3508 2663 3583 intelligas;
2692 3519 2981 3586 separatim
3008 3538 3246 3594 namque
3269 3527 3375 3585 hoc

1802 3588 1978 3644 solum
2011 3608 2120 3647 non
2144 3594 2302 3653 facile
2334 3597 2499 3655 fuerit
2530 3604 2844 3665 discernere
2866 3626 2930 3667 ac
2953 3613 3224 3674 discutere
3246 3631 3373 3676 ante

1800 3681 1969 3737 totius
1999 3688 2211 3754 generis
2240 3689 2701 3761 disquisitionem.
2748 3699 2807 3754 ln
2842 3702 2928 3757 bis
2958 3720 3086 3760 vero
3116 3714 3371 3778 quaestio-

1794 3771 1991 3839 nibus,
2037 3792 2159 3846 quae
2209 3782 2274 3835 ad
2320 3788 2651 3843 contrariam
2704 3794 2977 3863 pertinent
3022 3810 3364 3872 potestatem,

1792 3863 2078 3922 manifesta
2106 3879 2189 3926 est
2218 3874 2441 3939 solutio,
2467 3893 2576 3933 non
2607 3881 2926 3953 simpliciter
2954 3894 3202 3960 angelum
3232 3896 3361 3952 fuis-

1791 3969 1868 4020 se,
1886 3957 1981 4011 sed
1999 3960 2137 4016 inter
2153 3965 2504 4038 archangelos
2528 3976 2884 4031 constitutum
2912 3979 3081 4038 fuisse
3106 3967 3250 4053 eum,
3266 3990 3361 4058 qui

1788 4044 2034 4104 desertor
2069 4062 2152 4109 est
2185 4055 2383 4115 factus.
2433 4060 2625 4134 Liquet
2672 4083 2800 4141 ergo
2834 4087 2938 4126 una
2972 4090 3095 4130 cum
3129 4079 3356 4150 imperio

1786 4140 2054 4199 subditam
2104 4147 2183 4202 illi
2235 4158 2471 4209 turmam
2520 4157 2746 4215 indicari
2801 4164 2902 4228 sic,
2956 4176 3014 4220 ut
3062 4170 3236 4225 soluta
3286 4175 3358 4228 sit

1784 4236 2011 4301 quaestio
2049 4238 2160 4305 illa,
2191 4258 2300 4312 quo
2326 4255 2489 4312 pacto
2520 4264 2660 4306 unus
2701 4251 2886 4319 fuerit,
2927 4266 2981 4311 et
3016 4274 3141 4315 cum
3210 4265 3353 4318 mul-

1784 4323 2015 4383 titudine
2042 4332 2147 4386 sit:
2186 4352 2311 4395 cum
2342 4338 2487 4395 enim
2521 4341 2593 4408 id,
2628 4346 2772 4413 quod
2800 4348 3103 4418 subjectum
3134 4354 3209 4408 illi
3238 4366 3353 4411 erat

2580 4398 2591 4408 .
2645 4398 2663 4413 .
2716 4398 2771 4400 κγ
2801 4398 3103 4418 Nam“---
3239 4398 3349 4411 νη..

114 4408 321 4464 agmen,
352 4412 483 4451 cum
516 4412 581 4452 eo
609 4398 887 4466 defecerit,
912 4403 1215 4474 expositum
1248 4416 1329 4461 est
1359 4409 1505 4478 quod
1566 4415 1930 4483 qua-rebatur.
1978 4422 2322 4484 Postremum
2384 4448 2516 4490 vero
2560 4446 2725 4507 caput
2794 4442 3153 4511 quaestionum
3221 4465 3349 4517 pro-

114 4490 406 4517 Ma:Im--—
467 4493 736 4517 1....‘mAJA
789 4494 1009 4517 ε-----..
1063 4496 1292 4517 βμεμξιηΑ
1353 4516 1361 4517 κ
1419 4509 1431 4517 ι
1552 4503 1566 4517 1
1666 4507 1695 4517 ,ι
1981 4516 1987 4517 ,

2602 4490 2719 4507 τρκ
2796 4490 3153 4511 νι--ν--..ηη
3221 4490 3317 4517 ...ν

114 4490 432 4557 positarum,
464 4493 760 4563 quomodo,
789 4494 1036 4565 inquam,
1063 4496 1302 4568 Spiritus
1345 4509 1470 4557 ante
1552 4503 1881 4576 baptismum
1924 4516 2195 4583 adveniat,
2256 4524 2504 4593 ampliori
2528 4527 2731 4600 indiget
2752 4530 3133 4603 disquisitione
3187 4550 3349 4611 atque

115 4584 546 4611 M_-:AA_.42-_-
601 4589 739 4611 ---ΑΔ
782 4604 899 4611 -..μ
951 4593 1159 4611 --.μμ-,ξω
1213 4594 1266 4611 ιιι
1332 4610 1335 4611 ,
1558 4599 1570 4611 ι
1648 4601 1659 4611 .
1708 4601 1729 4611 -
1828 4606 1839 4611 ,

2347 4584 2363 4593 .
2644 4584 2674 4600 ν
2761 4584 2770 4586 ε
2812 4584 3133 4603 "I""""""
3187 4584 3344 4611 “"1"”

112 4584 570 4653 consideratione,
596 4589 739 4660 quod
777 4604 906 4645 cum
951 4593 1170 4663 proprio
1213 4594 1351 4652 libro
1396 4599 1661 4669 complexi
1701 4601 2002 4677 fuerimus,
2052 4612 2161 4669 Deo
2200 4616 2385 4686 dante,
2419 4622 2483 4677 ad
2550 4630 2707 4678 tuam
2738 4633 3094 4687 reverentiam
3162 4643 3344 4691 trans-

114 4676 403 4733 mittemus.

172 4814 212 4845 "
249 4815 415 4874 Hebr.
444 4839 500 4889 ν,
534 4824 624 4880 13.
702 4829 771 4863 ⁸³⁸
809 4831 854 4887 ll
883 4835 1008 4893 Cor.
1041 4855 1121 4908 ιιι,
1160 4844 1243 4900 13.
