3978 6524
565 492 671 551 115
1767 485 1826 541 S.
1880 482 2205 543 GREGORII
2245 482 2536 539 NYSSENI
3697 477 3795 534 H6

3572 634 3798 647 ...ο-.-

580 635 3567 670 W

3562 649 3797 663 al.—

1379 865 1607 953 ΤΟΥ
1686 868 1829 952 ΕΝ
1916 865 2280 953 ΑΓΙΟΙΣ
2377 863 2998 953 ΓΡΗΓΟΡΙΟΥ

1853 1114 2247 1172 ΕΠΙΣΚΟΙΙΟΥ
2277 1114 2552 1171 ΝΥΣΣΗΣ

725 1363 1115 1493 ΠΕΡΙ
1264 1357 1612 1492 ΤΟΥ
1683 1358 1943 1492 ΜΗ
2015 1352 2453 1488 ΕΙΝΑΙ
2525 1357 2999 1488 ΤΡΕΙΣ
3097 1356 3659 1490 ΘΕΟΥΣ

1881 1638 2080 1692 ΠΡΟΣ
2126 1637 2500 1694 ᾹΒΛΑΒΙΟΝ.
2592 1634 2607 1646 “

1658 2050 1751 2138 S.
1811 2049 1916 2136 P.
1991 2048 2109 2136 N.
2160 2043 2742 2139 GREGORII‘

1874 2307 2188 2365 EPISCOPI
2228 2306 2537 2365 NY-SSENI‘

1205 2543 1593 2680 QUOD
1676 2538 1973 2657 NON
2118 2539 2452 2653 SINT
2541 2536 2902 2654 TRES
2983 2541 3190 2655 Dll

1933 2788 2031 2842 AD
2061 2787 2464 2847 ABLABIUM.

1401 2973 1882 3040 (LaurentioSihno
1913 2960 2211 3025 interprete.
2234 3000 2298 3013 —
2323 2946 2649 3033 Εᾶ..1658,ι.
2670 2974 2759 3036 n1,
2782 2986 2831 3037 p.
2861 2971 2963 3035 is.)

572 3336 838 3404 Ostendit,
881 3347 989 3389 tres
1016 3334 1281 3390 Personas
1314 3332 1523 3389 diuinas
1577 3351 1681 3390 non
1722 3349 1885 3402 posse
1928 3336 2035 3389 dici
2067 3344 2173 3389 tres
2214 3336 2359 3399 deos,
2410 3335 2513 3388 sed‘
2529 3351 2618 3388 eos
2653 3351 2817 3387 unum
2869 3334 3035 3390 Deum
3063 3353 3193 3392 esse.
3248 3337 3698 3408 Opusculum‘hoc
3728 3344 3856 3400 mar

640 3432 852 3488 nomine
881 3450 899 3481 ι
944 3428 1205 3498 Epistolas
1238 3427 1307 3483 ad
1330 3428 1612 3483 Ablabiam
1647 3430 1719 3484 de
1741 3428 1799 3484 S.
1836 3431 2091 3484 Trinitate
2126 3450 2143 3482 ι
2166 3431 2283 3499 jam
2322 3430 2448 3482 olim
2481 3429 2733 3500 Gregorio
2766 3430 3007 3501 Ngsseno
3055 3432 3273 3500 tribuit,
3303 3435 3417 3490 loco
3452 3436 3572 3493 inde
3589 3439 3849 3506 prolator

641 3535 789 3578 conc.
820 3518 1076 3575 Lateran.
1130 3519 1259 3573 mini
1288 3515 1414 3584 649,
1440 3519 1583 3575 decr.
1612 3536 1663 3573 ι’.
1697 3519 1916 3587 (Mansi,
1954 3532 1993 3574 t.
2035 3521 2105 3585 Χ,
2138 3522 2212 3574 col

885 3529 1076 3574 tteran.
1130 3519 1259 3573 mini
1288 3515 1414 3584 649,
1440 3519 1583 3575 decr.
1612 3536 1663 3573 ι’.
1697 3519 1916 3587 (Mansi,
1954 3532 1993 3574 t.
2035 3521 2105 3585 Χ,
2138 3521 2240 3578 col.
2276 3520 2456 3590 1075.)

2152 3725 2221 3740 ὑ-

642 3896 754 3956 Vos
791 3894 1037 3971 quidem,
1068 3899 1162 3971 qui
1181 3898 1338 3969 juxta
1370 3899 1647 3956 internum
1683 3899 1961 3956 hominem
1990 3900 2141 3955 omni
2174 3898 2213 3953 Α

2328 3896 2505 3969 ’Υμάς
2537 3900 2634 3972 μὲν
2662 3900 2866 3955 δίκαιόν
2893 3900 3020 3953 ἐστι’
3042 3898 3168 3963 τοὺς
3210 3898 3565 3970 ἀκμάζοντας·
3590 3901 3648 3955 ἐν
3676 3904 3846 3977 πάσῃ

570 3990 772 4049 robore
792 3991 1012 4064 vigetis,
1048 4006 1264 4063 aequum
1317 4000 1437 4047 erat
1469 4008 1593 4049 cum
1645 3990 1976 4049 adversariis
2007 3991 2141 4047 veri-

2277 3988 2469 4059 υνάμει
2495 3990 2637 4045 κατά
2664 3989 2754 4044 τὸν
2781 3988 2888 4045 ἔσω
2913 3989 3198 4061 ἄνθρωπον
3231 3990 3367 4060 πρὸς
3397 3990 3524 4054 τοὺς
3549 3992 3844 4057 ἐναντίους

571 4082 706 4138 tatis
736 4082 1038 4147 decertare,
1078 4098 1314 4153 eumque
1365 4082 1519 4138 haud
1549 4085 1815 4156 gravatim
1866 4082 2142 4149 suscipere

2279 4080 2345 4151 ἧς
2389 4080 2644 4152 ἀληθείας
2674 4082 3110 4152 διαγωνίζεσθαι,
3152 4070 3247 4134 καὶ
3276 4080 3349 4153 μὴ
3384 4086 3663 4135 κατοκνεῖν
3687 4085 3850 4154 πρὸς

572 4174 842 4242 laborem,
874 4182 934 4229 ut
957 4188 1059 4231 nos
1088 4183 1275 4244 patres
1305 4175 1585 4245 praeclaris
1638 4175 1875 4231 ﬁliorum
1931 4177 2143 4232 sudori-

2273 4173 2375 4235 ςοὺς
2393 4172 2610 4236 πόνους,
2636 4173 2784 4237 ὅπως
2810 4173 2875 4227 ἂν
2896 4175 3055 4244 ἡμεῖς
3082 4174 3131 4226 οἱ
3166 4173 3398 4245 πατέρες
3428 4177 3538 4238 τοῖς
3556 4178 3844 4244 γενναίοις

572 4265 678 4322 bus
702 4266 1108 4322 oblectaremur
1136 4267 1264 4337 (hoc
1306 4267 1452 4323 enim
1487 4268 1730 4339 suggerit
1754 4267 1841 4322 lex
1872 4274 2143 4337 naturae);

2274 4263 2433 4335 δρῶσι
2456 4263 2794 4319 τῶν-τέκνων
2821 4264 3310 4337 ὲπευφραινώμεθα
3338 4265 3515 4335 (τοῦτο
3541 4266 3648 4339 γὰρ
3671 4270 3700 4321 ὁ
3728 4269 3845 4339 τῆς

573 4357 671 4414 sed
700 4358 960 4428 quoniam
1012 4357 1231 4415 inverso
1260 4359 1455 4415 ordine
1482 4360 1547 4414 ad
1578 4372 1681 4416 uos
1708 4360 1882 4415 mittis
1911 4360 2144 4431 impetus

2281 4357 2464 4421 uicem;
2489 4357 2802 4413 ὑποτίθεται
2827 4356 3033 4429 νόμος)⁵
3066 4357 3253 4430 ἐπειδὴ
3284 4358 3341 4412 δὲ
3369 4360 3711 4432 ἀναστρέψας
3732 4362 3852 4433 τὴν

573 4448 909 4520 cuspidum,
958 4448 1161 4519 quibus
1217 4450 1517 4507 adversarii
1572 4451 1856 4506 veritatem
1913 4458 2144 4521 petunt,

2269 4446 2401 4512 τάξιν
2431 4447 2515 4519 ἐφ’
2544 4450 2690 4521 ἡμᾶς
2742 4447 2982 4521 πέμπεις
3009 4451 3108 4515 τὰς
3136 4451 3439 4523 προσϐολὰς
3466 4452 3574 4507 τῶν
3598 4453 3840 4519 ἀκίδων,

575 4540 931 4613 pustulasque
959 4557 990 4596 a
1030 4541 1189 4598 nobis
1222 4543 1448 4599 senibus
1486 4543 1677 4614 clypeo
1712 4540 1836 4598 ﬁdei
1870 4543 2146 4615 exstingui

2279 4535 2339 4606 ιῖς
2359 4543 2406 4595 οἱ
2435 4542 2795 4612 ἀντικείμενοι
2816 4544 2881 4613 τῇ
2907 4542 3134 4613 ἀληθείᾳ
3162 4542 3435 4612 βάλλουσι,
3464 4545 3557 4598 καὶ⁵
3584 4544 3850 4611 κελεύεις

575 4632 847 4688 carbones
901 4633 1289 4701 desolatorios,
1320 4646 1374 4692 et
1418 4635 1639 4691 retundi
1687 4635 1791 4689 tela
1817 4651 1913 4706 per
1957 4635 2146 4691 falsam

2277 4633 2327 4702 ’ᾧ
2356 4631 2533 4702 θυρεῷ
2558 4633 2657 4703 τῆς
2681 4631 2913 4693 πίστεως
2952 4634 3082 4703 παρ’
3106 4634 3263 4704 ἡμῶν
3288 4634 3397 4687 τῶν
3425 4635 3695 4705 γερόντων
3732 4654 3848 4691 κα-

576 4722 865 4777 scientiam
915 4734 1101 4791 acuta,
1147 4726 1482 4797 suscipimus
1536 4741 1677 4782 onus
1722 4726 2050 4796 injunctum,
2085 4741 2147 4782 ac

2283 4724 2633 4778 ασὸέννυσθαι
2691 4725 2816 4788 τοὺς
2888 4726 3188 4795 ὲρημικοὺς
3249 4725 3522 4797 ἄνθρακας
3547 4766 3563 4789 ,
3613 4728 3714 4781 καὶ⁵
3764 4730 3854 4783 τὰ

574 4814 678 4872 tibi
722 4814 793 4871 ad
848 4830 1180 4888 propensam
1232 4818 1598 4875 obedientiam
1647 4819 1898 4889 exemplo
1933 4835 2145 4885 sumus,

2281 4814 2563 4886 ικονημένα
2593 4814 2681 4868 διὰ
2711 4818 2809 4886 τῆς
2832 4814 3181 4887 ψευδωνύμου
3210 4818 3463 4885 γνώσεως
3492 4817 3643 4889 βέλη,
3678 4818 3852 4888 δεχό-

575 4914 639 4964 ut
667 4908 832 4964 etiam
863 4908 983 4981 ipse
1030 4909 1193 4966 nobis
1223 4909 1458 4964 invicem
1491 4924 1677 4980 parem
1708 4911 1954 4977 praebeas
1982 4911 2036 4965 in
2070 4911 2146 4967 si-

2279 4907 2392 4959 ιεθα
2434 4907 2496 4959 τὸ
2538 4906 2846 4977 ἐπίταγμα,
2898 4907 2982 4960 σοὶ
3013 4908 3181 4972 τύπος
3210 4909 3307 4979 τῆς
3340 4910 3648 4976 εὐπειθείας
3679 4913 3850 4981 γινό-

576 4999 804 5055 milibus
826 4998 1003 5070 jussis
1026 4999 1467 5065 retributionem,
1513 5000 1561 5055 si
1598 5001 1821 5071 quando
1846 5011 1900 5056 te
1928 5002 1994 5056 ad
2017 5002 2147 5056 talia

2279 5017 2423 5063 ιενοι,
2462 4998 2535 5063 ὡς
2567 4999 2633 5054 ἂν
2666 5000 2758 5053 καὶ
2789 5000 2950 5063 αὐτὸς
2982 5002 3110 5072 ἡμῖν
3134 5003 3512 5075 ἀντιπαρὲχοις
3556 5003 3657 5076 τὴν
3705 5004 3850 5075 ἴσην

576 5091 881 5147 certamina
909 5090 1357 5154 excitaverimus,
1392 5105 1426 5145 ο
1460 5098 1683 5146 strenue
1733 5091 1942 5147 Christi
1991 5092 2147 5148 miles

2373 5090 2480 5143 τῶν
2522 5091 2722 5162 ὁμοίων
2771 5092 3160 5163 ἐπιταγμάτων
3200 5093 3487 5158 ἀντίδοσιν,
3534 5096 3727 5150 εἴποτέ
3777 5115 3853 5151 σε
3910 5144 3917 5173 ,

575 5182 822 5240 Ablabie.
852 5183 949 5239 Est
978 5190 1159 5237 autem
1186 5182 1333 5237 haud
1364 5198 1529 5253 parva
1558 5184 1790 5254 quaestio
1821 5185 1954 5249 haec,
1986 5198 2146 5255 quam

2346 5192 2387 5244 >ς
2412 5180 2540 5243 τοὺς
2568 5180 2841 5247 τοιούτους
2872 5182 3063 5247 ἄθλους
3099 5184 3572 5257 διαναστήσαιμεν,
3615 5182 3665 5241 ὦ
3700 5205 3851 5257 γεν-
3912 5194 3917 5217 ⁴

577 5272 918 5347 proposuisti
963 5273 1145 5340 nobis,
1198 5290 1377 5346 neque
1425 5276 1715 5346 ejusmodi,
1766 5292 1888 5348 qua:
1934 5254 2148 5333 siinon

2283 5275 2365 5325 αῖε
2412 5273 2504 5327 τοῦ
2536 5275 2771 5346 Χριστοῦ
2802 5276 3103 5347 στρατιῶτα
3146 5277 3410 5334 ’Λόλάὸιε.
3468 5282 3624 5335 Ἔστι
3673 5282 3738 5334 δὲ
3776 5285 3851 5336 ού

577 5367 973 5423 convenienter
1007 5381 1071 5422 ac
1100 5365 1262 5436 digne
1301 5374 1535 5423 tractata
1593 5377 1648 5424 et
1679 5371 1987 5425 examinata
2026 5369 2146 5426 fue-

2285 5366 2448 5436 ιικρὸς
2478 5358 2632 5430 οὗτος
2655 5370 2685 5420 ό
2711 5368 2863 5437 λόγος
2888 5367 2947 5421 ὃν
2973 5370 3286 5440 προέτεινας
3313 5373 3344 5443 ἡ
3353 5375 3464 5443 μίν,
3489 5373 3612 5427 οὐδὲ
3650 5373 3856 5428 τοιοῦ-

576 5459 672 5522 rit,
704 5474 814 5514 non
851 5470 1046 5529 parum
1078 5458 1389 5514 detrimenti
1413 5460 1643 5515 allatura
1678 5461 1773 5515 sit.
1796 5459 2032 5517 Necesse
2062 5463 2147 5517 est

2293 5474 2338 5521 )ς
2364 5456 2439 5521 ὡς
2461 5457 2645 5527 ὀλίγην
2672 5457 2855 5530 φέρειν
2889 5459 3110 5531 ζημίαν,
3133 5463 3179 5514 εί
3209 5463 3285 5533 μὴ
3312 5464 3410 5534 τῆς
3437 5463 3857 5537 προσηκούσης

575 5548 723 5603 enim
758 5564 823 5605 ex
854 5549 905 5604 vi
945 5549 1319 5616 theorematis,
1354 5550 1654 5606 secundum
1691 5567 1815 5606 eum
1844 5551 1937 5620 qui
1970 5551 2143 5621 prima

2285 5549 2546 5616 Ξετάσεως
2578 5550 2747 5621 τύχοι.
2796 5551 3028 5624 Ἀνάγκη
3070 5553 3177 5625 γὰρ
3208 5556 3273 5606 ἐκ
3294 5555 3390 5623 τῆς
3418 5554 3538 5625 βίας
3559 5556 3660 5610 τοῦ
3688 5556 3856 5610 θεω-

578 5635 763 5693 fronte
792 5652 851 5694 se
884 5636 1042 5694 oﬂ‘ert
1077 5638 1437 5703 intellectum,
1479 5639 1540 5697 iu
1570 5640 1890 5696 alterutrum
1920 5655 2147 5712 prorsus

2289 5639 2517 5711 ήματος,
2558 5639 2615 5693 ἓν
2641 5641 2857 5705 πάντως
2883 5641 2992 5697 τῶν
3018 5643 3468 5713 ἀπεμφαινόντων
3497 5647 3859 5718 συνενεχθῆ-

580 5727 932 5785 dissimilium
968 5729 1199 5787 duorum
1241 5730 1487 5788 incidere
1520 5747 1782 5801 errorem,
1825 5740 1881 5789 et
1922 5733 2003 5789 vel
2033 5740 2146 5789 tres

2287 5749 2339 5786 αι
2382 5731 2524 5785 κατά
2570 5732 2663 5785 τὸν
2703 5732 2990 5805 πρόχειρον
3036 5734 3181 5799 νοῦν,
3232 5738 3325 5791 καὶ
3372 5737 3405 5808 ἤ
3442 5741 3590 5809 τρεῖς
3646 5740 3858 5808 λέγειν

580 5819 766 5879 dicere
790 5820 924 5879 deos
953 5823 1123 5893 (quod
1149 5823 1306 5881 nefas
1331 5822 1459 5893 est).
1488 5825 1572 5882 vel
1601 5825 1917 5882 testimonio
1955 5832 2146 5879 nostro

2293 5823 2420 5887 eoi);
2452 5824 2609 5896 (ὅπερ
2640 5824 2935 5895 ἀθέμιτον),
2964 5826 2997 5897 ἢ
3034 5828 3107 5899 μὴ
3133 5833 3573 5901 προσμαρτυρεῖν
3601 5830 3690 5901 τῷ
3723 5832 3864 5902 Υἱῷ

581 5926 695 5973 non
745 5914 1127 5993 comprobare,
1183 5917 1328 5990 quod
1369 5916 1507 5974 Filio
1562 5917 1901 5989 Spirituique
1953 5923 2144 5973 sancto

2295 5918 2345 5971 αὶ
2370 5916 2446 5987 τῷ
2489 5918 2627 5989 ἁγίῳ
2652 5918 2925 5993 [Ινερματι
2964 5919 3059 5992 τὴν
3086 5920 3311 5993 θεότητα
3334 5939 3347 5954 ·
3376 5924 3521 5996 ὅπερ
3538 5924 3752 5988 ἀσεϐές
3789 5941 3866 5977 τε
