3978 6492
217 452 308 507 H7

1353 446 1539 514 QUOD
1578 444 1718 502 NON
1758 444 1912 502 SINT
1956 448 2136 503 TRES
2176 449 2287 504 Dll.

3373 455 3476 510 “8

210 575 297 631 καὶ
322 571 552 627 ἄτοπον.
594 571 670 625 Τὸ
698 571 755 626 δὲ
787 571 1073 643 λεγόμενον
1093 571 1243 646 παρά
1264 570 1359 626 σοῦ
1379 572 1615 626 τοιοῦτόν
1640 572 1785 624 ἐστι·

1895 572 2072 629 deitas
2124 574 2267 629 adsit
2304 594 2317 629 :
2356 576 2503 646 quod
2540 585 2595 632 et
2639 577 2865 649 impi‘um
2912 587 2996 634 est
3047 586 3104 636 et
3147 578 3475 637 absurdum.

206 666 433 737 Πέτρος,
458 666 558 719 καὶ
594 664 867 730 Ἰάκωὸος,
897 667 990 720 καὶ
1030 666 1301 738 Ἰωάννης,
1337 666 1395 719 ὲν
1426 667 1525 737 μιᾷ
1550 665 1700 729 ὄντες
1720 666 1792 737 τῇ

203 755 588 828 ἀνθρωπότητι
614 796 630 821 ,
679 758 830 827 τρεῖς
857 756 1131 828 ἄνθρωποι
1163 757 1431 827 λέγονται.
1486 758 1597 811 Καὶ
1635 756 1789 811 οὐδὲν

205 850 397 902 honor
424 848 559 912 τοὺς
588 849 966 921 συνημμένους
991 849 1132 904 κατὰ
1164 849 1262 922 τήν
1288 848 1469 919 φύσιν,
1500 853 1546 903 εί
1579 849 1795 914 πλείους

198 934 325 1007 εἶεν,
370 941 443 995 ἐκ
466 941 566 995 τοῦ
593 941 934 1013 τῆς;φύσεως
967 942 1232 1015 ὀνόματος
1263 942 1641 1013 πληθυντικῶς
1671 944 1794 1014 ἀριθ-

198 1035 478 1105 θμεῖσθαι.
516 1036 581 1088 El
613 1030 707 1089 οὖν
738 1036 858 1089 ἐκεῖ
884 1034 1044 1090 τοῦτο
1073 1036 1286 1090 δίδωσιν
1317 1038 1347 1108 ἡ
1384 1036 1659 1106 συνήθεια,
1699 1036 1795 1091 καὶ

196 1130 223 1181 ὁ
246 1128 626 1200 ἀπαγορεύων
651 1129 754 1182 ούκ
775 1128 891 1182 ἔστι
922 1127 1016 1182 δύο
1035 1128 1215 1198 λέγειν
1242 1128 1369 1192 τοὺς
1390 1128 1502 1191 δύο,
1530 1129 1625 1181 καὶ
1646 1130 1795 1200 τρεῖς

198 1219 320 1283 τοὺς
366 1219 517 1291 ὑπὲρ
562 1219 692 1273 δύο⁶
736 1219 853 1285 πῶς
901 1220 995 1273 ἐπὶ
1037 1219 1148 1273 τῶν
1190 1220 1469 1292 μυστικῶν
1505 1220 1793 1291 δογμάτων

197 1311 289 1375 τὰς
333 1313 494 1381 τρεῖς
549 1310 877 1375 ὑποστάσεις
926 1311 1347 1383 ὁμολογοῦντες,
1393 1311 1487 1365 καὶ
1537 1311 1793 1383 οὐδεμίαν

199 1404 279 1455 ἐπ’
303 1402 495 1456 αὐτῶν
523 1402 626 1474 τήν
658 1402 796 1457 κατά
826 1402 987 1472 φύσιν
1012 1403 1275 1477 διαφοράν
1311 1404 1637 1474 ἐννοοῦντες,
1684 1421 1792 1474 μα-

197 1494 405 1566 χόμεθα
435 1494 645 1567 τρόπον
674 1495 800 1549 τινὰ
829 1498 897 1568 τῇ
933 1496 1215 1570 ὁμολογίᾳ,
1260 1496 1390 1568 μίαν
1419 1498 1515 1569 μὲν
1540 1496 1640 1569 τὴν
1672 1496 1790 1550 θεό·

198 1602 331 1655 τητα
374 1582 476 1637 τοῦ
528 1585 748 1657 Πατρὸς
792 1586 888 1639 καὶ
912 1585 1008 1639 τοῦ
1037 1585 1168 1640 Υίοῦ
1194 1588 1289 1640 καὶ
1313 1586 1407 1640 τοῦ
1436 1588 1593 1657 ἁγίου
1621 1586 1793 1643 Πνεύ-

204 1695 367 1748 ματος
392 1676 672 1746 λέγοντες,
697 1680 845 1750 τρεῖς
863 1679 920 1733 δὲ
944 1679 1099 1742 θεοὺς
1118 1678 1300 1748 λέγειν
1322 1680 1755 1749 ἀπαγορεύοντες
1775 1696 1789 1744 ;

210 1769 266 1823 '0
294 1770 395 1838 μὲν
424 1763 521 1821 οὖν
548 1767 728 1837 λόγος,
760 1768 943 1833 καθὼς
966 1768 1236 1841 προὲφην,
1271 1770 1407 1823 πολὺ
1431 1770 1489 1823 τὸ
1514 1770 1788 1841 δυσμετα-

201 1862 469 1933 χείριστον
499 1878 513 1891 ·
565 1862 732 1932 ήμεῖς
775 1860 831 1913 δὲ
863 1863 912 1914 εί
963 1861 1062 1931 μέν
1090 1878 1142 1913 τι
1175 1860 1417 1914 τοιοῦτον
1442 1859 1697 1935 εὕροιμεν
1722 1862 1790 1914 δι’

201 1950 255 2008 οὗ
276 1954 335 2007 τὺ
354 1951 663 2023 ἀμφίδώον
690 1952 790 2024 τῆς
818 1953 1055 2017 διανοίας
1084 1951 1242 2023 ἡμῶν
1267 1951 1562 2023 ὲρεισθείη,
1592 1953 1790 2024 μηκέτι

200 2045 329 2114 πρὸς
354 2043 420 2097 τὸ
462 2043 756 2115 διάλημμα
800 2042 867 2097 τδ
907 2044 1008 2114 τῆς
1050 2042 1282 2107 ἀτοπίας
1317 2042 1661 2107 ἐπιδιστάζον
1694 2047 1796 2098 καὶ

200 2134 657 2207 κραδαινόμενον,
708 2129 769 2187 εὖ
824 2133 891 2187 ἂν
942 2132 1056 2203 ἔχοι
1080 2149 1094 2164 ⁸
1151 2133 1200 2185 εἰ
1243 2132 1300 2186 δὲ
1330 2133 1425 2187 καὶ
1457 2134 1789 2205 ἀτονώτερος

196 2226 474 2299 ἐλεγχθείη
522 2225 621 2280 τοῦ
668 2225 1054 2298 προϐλήματος
1101 2226 1130 2277 ὁ
1164 2224 1428 2296 ἡμέτερος
1450 2223 1646 2293 λόγος,
1688 2225 1788 2295 τὴν

199 2321 290 2391 μὲν
324 2319 633 2390 παράδοσιν
673 2319 741 2389 ἢν
788 2317 942 2389 παρά
972 2317 1081 2371 τῶν
1112 2316 1370 2387 πατέρων
1409 2315 1783 2387 διεδεξάμεθα,

197 2412 503 2484 φυλάξομεν
546 2412 628 2475 είς
658 2411 746 2465 ἀεὶ
773 2409 996 2482 βεϐαίαν
1037 2426 1098 2462 τε
1139 2410 1232 2463 καὶ
1263 2409 1519 2479 ἀκίνητον
1547 2424 1563 2440 ⁸
1612 2408 1704 2462 τὸν
1731 2408 1804 2462 δὲ’

196 2509 490 2579 συνήγορον
514 2505 638 2575 -τῆς
688 2505 927 2568 πίστεως
971 2503 1129 2572 λόγον
1155 2544 1171 2570 ,
1237 2502 1388 2575 ποιρά
1433 2499 1529 2556 τοῦ
1579 2500 1785 2572 Κυρίου

193 2602 519 2673 ζητήσωμεν
547 2616 564 2631 ο
615 2598 687 2661 ὃς
726 2598 777 2651 εί
833 2596 934 2668 μὲν
987 2595 1238 2668 εὑρεθείη
1283 2594 1437 2666 παρά
1486 2611 1632 2656 τινος
1675 2593 1786 2646 τῶν

193 2694 421 2765 ἑχόντων
452 2692 555 2764 τὴν
580 2691 763 2764 χάριν,
806 2688 1273 2761 εύχαριστήσομεν
1300 2687 1380 2758 τῷ
1410 2684 1667 2739 δεδωκόττ
1688 2683 1786 2755 τὴν

192 2786 345 2857 χάριν
368 2801 383 2816 ⁸
438 2785 511 2837 εί
536 2783 595 2836 δὲ
634 2780 733 2853 μὴ,
779 2780 931 2834 οὐδὲν
962 2775 1123 2852 ἦττον
1154 2777 1252 2831 ἐπὶ
1286 2776 1401 2830 τῶν
1426 2773 1795 2846 ἐγνωσμένων.

191 2881 290 2950 τὴν
324 2878 513 2932 πίστιν
542 2874 887 2948 ἀμετάθετον
916 2873 1130 2945 ἕξομεν.

1821 1922 1869 1978 Β

1900 664 2073 721 Porro
2107 666 2250 737 quod
2275 666 2373 723 abs
2399 676 2454 723 te
2480 668 2706 736 dicitur,
2750 676 2859 726 tale
2884 681 2972 726 est
3016 689 3030 724 :
3058 671 3277 738 Petrus,
3305 679 3361 728 et
3384 670 3479 727 Ja-
3503 662 3511 681 ⁷

1902 759 2077 813 cobus
2100 769 2154 814 et
2186 757 2454 826 Joannes,
2477 776 2603 816 cum
2634 763 2690 817 in
2722 778 2829 818 una
2853 764 2964 819 sint
2985 764 3224 820 humana
3247 773 3474 831 natura,

1895 854 2009 905 tres
2039 849 2291 907 homines
2344 852 2626 907 dicuntur.
2659 854 2739 909 Ac
2773 855 2925 909 nullo
2964 855 3128 911 modo
3174 858 3478 914 absurdum

1895 950 2000 1008 est,
2033 952 2228 997 natura
2276 944 2625 1015 conjunctos,
2662 945 2709 1002 si
2755 947 2943 1017 plures
2977 948 3111 1017 sint,
3158 963 3226 1005 ex
3254 951 3480 1007 nomine

1896 1041 2107 1090 naturae
2124 1036 2419 1107 pluraliter
2439 1039 2744 1094 numerari.
2782 1038 2841 1095 Si
2873 1040 3044 1112 igitur
3075 1041 3190 1098 illic
3217 1041 3321 1098 hoc
3345 1057 3479 1099 con-
3570 1058 3573 1065 '

1896 1127 2131 1182 suetudo
2156 1128 2437 1194 concedit,
2467 1145 2532 1184 ac
2585 1144 2748 1185 nemo
2781 1138 2928 1187 vetat
2960 1130 3101 1189 duos
3144 1131 3350 1198 dicere,
3380 1134 3474 1204 qui

1894 1216 2003 1272 duo
2042 1227 2195 1282 sunt,
2241 1228 2296 1274 et
2352 1230 2464 1276 tres
2502 1236 2599 1276 eos
2628 1222 2723 1292 qui
2760 1238 2929 1294 supra
2965 1223 3105 1280 duos
3155 1232 3327 1281 sunt:
3364 1240 3476 1296 quo

1895 1318 2059 1380 pacto
2088 1311 2145 1365 in
2194 1312 2446 1383 mysticis
2483 1312 2722 1368 decretis
2774 1321 2891 1370 tres
2945 1314 3271 1387 bypostases
3302 1317 3478 1373 conﬁ-

1894 1405 2095 1465 tentes,
2127 1407 2183 1455 et
2214 1401 2419 1455 nullam
2450 1402 2505 1455 in
2538 1401 2608 1457 iis
2633 1402 2782 1459 circa
2825 1411 3077 1486 naturam
3111 1405 3477 1463 diﬁ‘erentiam

1894 1499 2279 1561 amoscentes,
2300 1493 2659 1549 adversamur
2682 1496 3087 1565 quodammodo
3111 1498 3471 1565 confessioni,

1896 1596 2059 1635 unam
2094 1582 2315 1652 quidem
2351 1585 2609 1640 deitatem
2648 1585 2828 1643 Patris
2858 1594 2912 1642 et
2956 1586 3079 1643 Filii
3117 1598 3173 1645 et
3234 1589 3474 1661 Spiritus

1895 1674 2072 1727 sancti
2117 1674 2388 1738 dicentes,
2421 1684 2536 1731 tres
2588 1684 2767 1733 autem
2810 1678 2943 1735 deos
2980 1679 3163 1736 dicere
3187 1683 3476 1738 vetantes?

1894 1761 2064 1833 Igitur
2094 1764 2327 1833 quaestio
2352 1764 2595 1834 quidem,
2626 1767 3087 1836 quemadmodum
3129 1770 3294 1825 modo
3322 1771 3475 1826 dice-

1894 1855 2042 1920 bam,
2092 1862 2333 1909 tractatu
2392 1857 2625 1910 multum
2679 1856 2917 1912 diﬁicilis
2981 1865 3121 1913 est:
3182 1859 3474 1916 nobiscum

1896 1961 2047 2010 vero,
2081 1946 2129 2001 si
2187 1947 2408 2017 quidem
2447 1946 2657 2019 aliquid
2710 1950 2820 2004 tale
2868 1950 3147 2020 possimus
3204 1952 3473 2018 invenire,

1894 2054 1994 2109 per
2021 2039 2168 2110 quod
2198 2039 2396 2096 mentis
2436 2048 2641 2096 nostra:
2685 2042 3016 2114 ambiguitas
3057 2041 3387 2110 ﬁrmaretur,
3420 2053 3477 2099 et

1896 2146 2005 2187 non
2040 2132 2273 2203 amplius
2300 2131 2368 2187 ad
2398 2132 2697 2189 absurdum
2723 2133 2980 2189 dilemma
3003 2134 3167 2189 dubia
3190 2135 3474 2191 vacillaret

1894 2231 2059 2296 atque
2075 2225 2359 2295 penderet,
2375 2226 2638 2295 praeclare
2659 2236 2946 2299 ageretur:
2967 2229 3052 2282 sin
3075 2236 3258 2283 autem
3284 2238 3471 2283 nostra

1893 2317 2072 2372 oratio
2095 2318 2377 2388 proposita
2404 2319 2708 2389 quaestione
2736 2319 3009 2375 inﬁrmior
3039 2328 3326 2393 arguatur,
3358 2331 3473 2377 tra-

1895 2409 2157 2466 ditionem
2181 2410 2428 2480 quidem,
2451 2426 2613 2482 quam
2635 2427 2665 2466 a
2683 2412 2932 2483 patribus
2955 2430 3050 2484 per
3065 2416 3471 2471 successionem

1895 2503 2234 2573 accepimus,
2272 2503 2617 2559 servabimus
2679 2505 2737 2559 in
2770 2514 3095 2576 perpetuum
3161 2506 3373 2561 ﬁrmam
3418 2515 3474 2563 et

1894 2593 2174 2648 immotam
2203 2611 2216 2648 :
2253 2594 2559 2650 orationem
2584 2611 2737 2659 vero,
2771 2612 2893 2667 qua:
2923 2598 3047 2653 ﬁdei
3077 2600 3471 2669 patrocinetur,

1893 2700 1921 2736 τι
1954 2683 2188 2740 Domino
2245 2687 2593 2756 requiremus
2632 2705 2646 2742 :
2679 2702 2801 2757 qua:
2848 2689 2895 2743 si
2940 2690 3010 2744 ab
3041 2691 3227 2760 aliquo
3255 2706 3469 2758 eorum,

1890 2777 1984 2845 qui
2018 2779 2197 2847 gratia
2213 2778 2423 2849 praediti
2460 2786 2609 2843 sunt,
2642 2779 2864 2835 inventa
2891 2781 3076 2845 fuerit,
3110 2783 3315 2853 gratias
3340 2799 3470 2855 age-

1890 2870 2113 2933 musei,
2145 2871 2239 2940 qui
2278 2872 2510 2942 gratiam
2555 2870 2767 2927 dederit
2801 2892 2814 2927 :
2867 2873 2952 2928 sin
2992 2875 3176 2931 minus
3225 2875 3280 2929 id
3312 2874 3471 2932 nobis

191 2972 507 3045 contigerit,
548 2968 957 3025 nihilo-secius
990 2970 1048 3022 in
1100 2966 1172 3022 iis
1215 2981 1338 3037 qua:
1363 2966 1584 3021 decreta
1624 2970 1799 3034 atque
1861 2971 2067 3020 statuta
2143 2975 2296 3035 sunt,
2354 2956 2514 3023 ﬁdem
2558 2968 2810 3023 stabilem
2842 2977 2895 3024 et
2944 2969 3156 3025 ﬁrmam
3206 2972 3471 3028 retinebi-

189 3085 312 3125 ωυε

253 3167 322 3221 Τί
351 3166 561 3238 δήποτε
598 3160 783 3216 τοίνυν
827 3160 887 3215 ἓν
918 3161 985 3232 τῇ
1020 3157 1141 3213 καθ’
1166 3157 1314 3229 ἡμᾶς
1363 3152 1623 3226 συνηθείᾳ
1663 3151 1810 3207 καθἐ·

186 3262 277 3316 ἕνα
305 3262 438 3324 τοὺς
471 3261 530 3311 ὲν
573 3258 642 3328 τῇ
674 3254 838 3326 φύσει
885 3255 952 3325 τῇ
1000 3253 1137 3321 αὐτῇ
1176 3246 1557 3317 δεικνυμένους
1583 3247 1786 3318 ἀπαρι-

186 3355 499 3425 θμήσαντες
523 3345 907 3421 πληθυντικῶς
932 3343 1288 3416 ὀνομάζομεν,
1315 3341 1503 3405 τόσους
1531 3339 1787 3409 λέγοντες

184 3448 306 3511 τοὺς
331 3440 684 3516 ἀνθρώπους,
732 3440 828 3494 καὶ¹
874 3437 995 3508 οὐχὶ
1027 3436 1123 3490 ἕνα
1166 3436 1291 3499 τοὺς
1339 3434 1567 3496 πάντας,
1606 3432 1697 3485 ἐπὶ
1719 3431 1790 3484 δὲ’

184 3538 279 3608 τῆς
310 3535 470 3600 θείας
490 3532 710 3604 φύσεως
737 3528 991 3584 ἐκϐάλλει
1018 3528 1081 3581 τὸ
1106 3526 1311 3597 πλῆθος
1338 3524 1449 3578 τῶν
1478 3524 1617 3578 θεῶν
1635 3527 1663 3579 ὁ
1682 3522 1773 3577 τοῦ

181 3632 457 3702 δόγματος
495 3626 654 3694 λόγος
674 3665 689 3688 ,
736 3623 850 3676 καὶ·
882 3619 1130 3691 ἀριθμῶν
1157 3617 1258 3682 τὰς
1290 3617 1636 3679 ὑποστάσεις,
1681 3615 1777 3668 καὶ

181 3724 279 3792 τὴν
303 3715 688 3790 πληθυντικὴν
718 3711 996 3785 σημασίαν
1022 3711 1082 3764 οὐ
1116 3708 1542 3779 προσδεχόμενος
1570 3724 1586 3775 ;
1620 3706 1776 3760 Ἔστι

185 3813 283 3884 μὲν
314 3808 412 3865 οὗν
448 3808 595 3863 κατὰ
624 3806 685 3861 τὸ
710 3805 1021 3877 πρόχειρον,
1053 3801 1215 3855 τοῦτο
1244 3802 1359 3863 τοῖς
1386 3798 1776 3871 ἁπλουστέροις

182 3882 432 3964 είπόντα,
484 3897 636 3963 δόξαι
678 3913 732 3949 τι
767 3895 979 3964 λέγειν,
1025 3893 1107 3946 ὅτι
1140 3890 1357 3963 φεύγων
1403 3893 1433 3944 ὁ
1474 3889 1630 3959 λόγος
1678 3890 1778 3960 τῆς

192 3991 523 4063 Ἑλληνικῆς
546 3986 841 4050 πολυθεῖας
867 3985 965 4056 τὴν
983 3984 1297 4056 ὁμοιότητα,
1318 3981 1474 4046 θεοὺς
1499 3983 1559 4036 ὲν
1583 3981 1776 4053 πλήθει

186 4086 442 4157 ἀριθμεῖν
474 4081 858 4155 παρῃτήσατο,
890 4078 966 4142 ὡς
992 4077 1062 4131 ἂν
1091 4077 1167 4148 μή
1201 4091 1285 4138 τις
1312 4074 1408 4129 καὶ
1430 4075 1540 4127 τῶν
1570 4074 1776 4146 δογμά-

186 4197 288 4235 nov
314 4175 610 4251 νομισθείη
638 4175 906 4246 κοινότης,
933 4174 982 4227 εί
1017 4174 1093 4245 μὴ
1130 4172 1450 4243 μοναδικῶς,
1480 4172 1617 4226 ἀλλά
1643 4172 1779 4243 πλη-

188 4271 460 4333 θυντικῶς
493 4269 591 4323 καὶ
628 4269 756 4340 παρ’
793 4266 951 4338 ήμῶν
999 4264 1285 4337 ἀριθμοῖτο
1324 4264 1387 4318 τὸ
1431 4264 1604 4327 θεῖον,
1654 4265 1777 4318 καθ’

188 4364 487 4434 ὁμοιότητα
517 4360 623 4430 τῆς
658 4357 791 4429 παρ’
817 4356 995 4411 αὐτῶν
1026 4355 1316 4427 συνηθείας
1342 4371 1356 4387 ο
1374 4355 1558 4433 χτοῦτο
1579 4356 1637 4409 δὲ
1665 4358 1778 4420 τοῖς

191 4456 287 4525 μὲν
314 4451 736 4525 ἀκεραιοτέροις
764 4449 1079 4516 λεγόμενον,
1127 4446 1259 4510 ἴσως
1300 4446 1366 4500 ἄν
1394 4464 1446 4499 τι
1484 4446 1654 4514 δόξειε
1688 4447 1777 4500 λέ-

188 4523 401 4615 γεσθαι,
431 4523 537 4597 Verri.
591 4523 650 4595 δέ
689 4557 751 4611 γε
794 4539 902 4593 τῶν
944 4538 1120 4592 ἄλλων
1146 4539 1205 4592 τὸ
1242 4538 1430 4610 ἕτερον
1465 4539 1647 4603 αὐτοῖς
1675 4538 1776 4609 τῆς

1964 3148 2079 3204 Cur
2111 3149 2283 3219 igitur
2322 3150 2540 3205 tandem
2599 3151 2655 3205 in
2694 3160 2882 3209 nostra
2916 3154 3314 3211 consuetudine
3346 3170 3470 3211 cum

1896 3243 2173 3315 sigillatim
2204 3243 2679 3300 numeraverimus
2717 3259 2833 3309 eos,
2881 3246 2975 3316 qui
3036 3247 3090 3301 in
3136 3263 3244 3302 una
3275 3256 3472 3303 natura

1896 3294 2169 3315 --πμρψ
2722 3294 2833 3309 --η
2883 3294 2975 3316 ..--
3140 3294 3244 3302 _---
3275 3294 3472 3303 -.-ω-

1811 3294 1856 3356 c
1891 3335 2365 3397 demonstrantur,
2408 3335 2608 3403 plurali
2639 3336 2863 3391 nomine
2911 3338 3137 3402 utimur,
3168 3346 3251 3394 tot
3292 3339 3473 3394 homi-

1888 3442 2011 3490 nes,
2049 3432 2105 3481 et
2142 3438 2248 3479 non
2277 3440 2449 3479 unum
2499 3441 2692 3481 omnes
2736 3444 2860 3483 esse
2899 3427 3167 3494 dicentes,
3202 3431 3256 3485 in
3287 3431 3472 3487 divina

1888 3532 2021 3573 vero
2072 3524 2267 3570 natura
2325 3517 2471 3571 ratio
2521 3518 2726 3572 decreti
2779 3518 3008 3573 deorum
3066 3520 3471 3577 multitudinem

1880 3608 2124 3678 expellit,
2148 3616 2203 3663 et
2233 3608 2561 3679 hypostases
2582 3624 2903 3675 numerans,
2930 3617 2985 3665 et
3008 3610 3272 3681 pluralem
3302 3613 3473 3683 signi-

1879 3701 2190 3755 ﬁcationem
2252 3699 2822 3755 nonvadmittens?'Et
2884 3701 3107 3773 quidem
3149 3703 3353 3772 aliquid
3386 3703 3471 3757 di-

1878 3809 2003 3849 cere
2043 3793 2319 3855 videatur,
2354 3793 2401 3848 si
2455 3793 2579 3863 quis
2620 3793 3057 3863 simplicioribus
3115 3795 3171 3849 id
3229 3796 3377 3866 quod
3413 3796 3467 3850 in

1876 3887 2136 3951 promptu
2164 3887 2267 3945 est,
2289 3878 2458 3945 dicat,
2499 3881 2646 3950 quod
2685 3881 2831 3937 ratio
2876 3883 3084 3939 decreti
3119 3884 3347 3940 deorum
3374 3887 3468 3956 qui

1879 3971 2146 4028 aGmcis
2197 3972 2570 4039 celebrantur,
2614 3975 2986 4034 multitudinis
3046 3978 3462 4035 similitudinem

1878 4065 2083 4129 vitans,
2140 4064 2272 4121 deos
2327 4065 2514 4135 plures
2566 4083 2856 4125 numerare
2918 4070 3185 4135 noluerit,
3229 4088 3298 4128 ne
3351 4088 3460 4144 qua

1878 4159 2227 4213 decretorum
2262 4174 2479 4230 quoque
2511 4160 2857 4217 existimetur
2879 4178 3002 4220 esse
3046 4166 3382 4232 communio,
3414 4167 3463 4223 si

1880 4263 1990 4304 non
2019 4249 2390 4319 singulariter,
2422 4251 2519 4308 sed
2553 4253 2839 4324 pluraliter
2886 4257 3050 4311 etiam
3086 4271 3117 4311 a
3170 4258 3331 4315 nobis
3360 4276 3464 4316 nu-

1881 4356 2003 4397 men
2055 4353 2441 4399 numeraretur
2468 4344 2537 4399 ad
2570 4346 2994 4403 similitudinem
3045 4352 3464 4410 consuetudinis

1880 4428 2025 4501 apud
2054 4430 2178 4489 illos
2218 4433 2554 4503 obtinentis;
2592 4443 2759 4507 atque
2808 4432 2937 4504 hec,
2981 4440 3251 4511 siquidem
3318 4443 3461 4501 inte-

1878 4523 2157 4595 grior-ibus
2199 4540 2264 4579 ac
2296 4527 2700 4587 sincerioribus
2726 4530 2961 4599 dicatur,
2997 4533 3463 4609 forsitanaliquid

189 4637 514 4707 προτάσεως
555 4632 750 4703 στῆναι
801 4628 1129 4701 ζητούντων,
1176 4627 1210 4699 ἢ
1246 4628 1323 4700 μὴ
1365 4629 1647 4700 ὁμολογεῖν
1685 4630 1778 4683 ἐπὶ

1890 4617 1992 4673 dici
2037 4619 2309 4683 videatur,
2345 4622 2492 4691 apud
2541 4623 2680 4679 alios
2731 4633 2934 4692 autem,
2988 4627 3092 4699 qui
3130 4630 3361 4686 alterum
3394 4648 3461 4688 ex

190 4728 293 4781 «uin
322 4724 497 4797 τριῶν
534 4723 637 4794 τὴν
668 4720 917 4793 θεότητα,
964 4719 998 4791 ἢ
1040 4722 1186 4791 τρεῖς
1232 4720 1451 4785 πάντως
1494 4720 1780 4792 ὀνομάζειν

191 4814 310 4877 τὼς
348 4812 452 4882 τῆς
492 4810 667 4880 αὐτῆς
696 4807 1085 4872 κοινωνοῦντας
1108 4808 1380 4881 θεότητος,
1414 4808 1569 4864 οὔπω
1602 4811 1778 4865 τοιοῦ-

190 4904 279 4958 τόν
300 4906 419 4957 ἐστι
443 4903 507 4956 τὸ
535 4901 844 4974 εἰρημένον,
872 4894 981 4954 οἷον
1008 4902 1307 4977 ἐμποιῆσαί
1334 4920 1456 4956 τινα
1488 4902 1640 4956 λύσιν
1679 4904 1783 4957 τοῦ.

194 4996 528 5068 ζητήματος

258 5266 474 5323 οὐκοῦν
510 5264 824 5333 ἐπάναγκες
870 5263 958 5317 διὰ
1004 5264 1267 5318 πλειόνων
1324 5265 1651 5336 ποιήσασθαι
1680 5264 1779 5337 τὴν

194 5362 510 5433 ἀπόκρισιν,
533 5359 684 5421 ὅπως
699 5357 767 5411 ἂν
788 5351 900 5410 οἶόν
914 5374 974 5410 τε
999 5353 1057 5431 ᾖ,
1081 5357 1140 5411 τὸ
1162 5356 1359 5428 ἀληθὲς
1377 5356 1777 5429 άνιχνεύοντας.

195 5456 263 5507 Οὐ
295 5454 405 5524 γάρ
435 5452 569 5524 περὶ
602 5451 711 5505 τῶν
752 5450 1024 5521 τυχόντων
1071 5450 1103 5503 ό
1144 5449 1320 5518 λόγος.
1369 5450 1553 5521 Φαμὲν
1601 5452 1780 5505 τοίνυν

195 5545 409 5615 πρῶτον
440 5540 788 5614 κατάχρησίν
810 5558 933 5594 τινα
966 5539 1253 5611 συνηθείας
1283 5534 1419 5593 εἶναι
1454 5539 1668 5605 τὸ-τοὺς
1703 5542 1778 5611 μὴ

196 5636 557 5708 διῃρημένους
581 5636 648 5705 τῇ
674 5632 832 5703 φύσει
859 5633 978 5687 κατ’
1009 5631 1140 5686 αὐτὸ
1161 5631 1349 5701 τὸτῆς
1368 5630 1581 5701 φύσεως
1610 5633 1781 5703 ὄνομα

202 5725 574 5797 πληθυντικῶς
609 5722 903 5794 ὀνομάζειν
930 5723 1023 5776 καὶ
1064 5723 1262 5792 λέγειν,
1318 5724 1399 5777 ὅτι
1448 5722 1661 5777 Πολλοὶ
1685 5724 1780 5779 άν-

201 5816 439 5886 θρνιιιττοι⁵
491 5810 647 5890 ᾧπερ
692 5815 879 5886 ὅμοιόν
922 5815 1037 5869 ἐστι
1085 5816 1147 5868 τὸ
1196 5815 1408 5885 λέγειν,
1459 5816 1541 5870 ὅτι
1590 5816 1779 5870 πολλαὶ

205 5908 379 5976 ’θύσεις
406 5910 769 5983 ἀνθρώπιναι.
798 5907 909 5963 Καὶ
939 5908 1021 5963 ὅτι
1064 5905 1231 5963 ταῦτα
1256 5908 1426 5972 οὕτως
1453 5907 1583 5979 ἔχει,
1625 5908 1778 5980 δῆλον

1882 4711 2261 4781 propositione
2294 4712 2400 4768 sibi
2460 4714 2676 4769 ﬁrmum
2731 4732 2796 4771 ac
2830 4719 3028 4776 stabile
3062 4736 3286 4779 manere
3313 4725 3460 4781 desi-

1882 4800 2102 4867 derant,
2136 4811 2231 4857 aut
2251 4819 2361 4860 non
2408 4804 2660 4862 conﬁteri
2694 4809 2950 4865 videlicet
2981 4812 3237 4870 deitatem
3273 4814 3327 4870 in
3361 4816 3459 4870 tri-

1887 4893 2013 4959 bus,
2041 4903 2135 4949 aut
2171 4904 2282 4951 tres
2330 4913 2558 4967 prorsus
2598 4902 2885 4959 nominare
2936 4919 3052 4969 eos,
3089 4907 3181 4977 qui
3215 4908 3458 4977 ejusdem

1882 4986 2181 5057 participes
2227 4996 2283 5042 et
2334 4989 2469 5043 socii
2504 4991 2616 5044 sint
2644 4991 2886 5055 deitatis,
2942 4996 3184 5051 nondum
3234 4998 3342 5053 tale
3374 5008 3460 5055 est

1882 5079 1960 5139 id.
1993 5078 2139 5149 quod
2170 5079 2439 5148 diximus,
2465 5091 2523 5136 ut
2557 5098 2819 5153 generare
2877 5095 2930 5142 et
2975 5088 3233 5143 inducere
3286 5090 3460 5159 possit

1881 5172 2121 5244 aliquam
2153 5173 2477 5242 quaestionis
2507 5177 2859 5232 solutionem.

1952 5266 2225 5333 Quocirca
2256 5283 2483 5324 necesse
2507 5280 2599 5325 est
2641 5271 2893 5340 pluribus
2938 5274 3293 5344 respondere,
3320 5293 3459 5347 quo-

1880 5358 2267 5430 modocunque
2298 5360 2600 5430 poterimus
2622 5364 3005 5434 investigando
3034 5366 3110 5420 rei
3148 5370 3454 5429 veritatem.

1879 5450 1996 5505 Non
2034 5452 2181 5507 enim
2213 5452 2281 5507 de
2314 5453 2480 5510 rebus
2524 5456 2734 5512 frivolis
2770 5472 2835 5511 ac
2883 5458 3194 5529 vulgaribus
3227 5468 3458 5534 quaestio

1889 5553 1994 5599 est.
2020 5542 2263 5600 Dicimus
2293 5546 2457 5619 igitur
2482 5550 2719 5618 primum
2750 5550 2978 5605 abusum
3012 5555 3302 5623 quemdam
3333 5575 3459 5619 esse

1881 5639 2318 5706 consuetudinis,
2338 5648 2504 5697 uteos
2532 5644 2623 5711 qui
2644 5653 2837 5698 natura
2860 5660 2966 5699 non
2998 5646 3158 5703 divisi
3192 5658 3340 5717 sunt,
3358 5668 3458 5724 per

1881 5730 2063 5801 ipsum
2112 5739 2327 5788 natura:
2384 5748 2582 5789 nomen
2638 5735 2927 5805 pluraliter
2989 5742 3336 5801 nominemus
3394 5760 3458 5801 ac

1880 5822 2149 5890 dicamus,
2202 5825 2356 5880 Multi
2415 5800 2717 5883 homines‘é
2754 5830 2843 5886 cui
2885 5831 3066 5890 simile
3101 5844 3205 5900 est,
3241 5836 3289 5892 si
3330 5837 3454 5906 quis

1882 5912 2047 5982 dicat,
2072 5916 2285 6000 multa:
2334 5927 2544 5976 naturae
2596 5920 2869 5978 humanae.
2923 5922 3077 5992 Quod
3116 5935 3297 5983 autem
3340 5926 3456 5983 haec
