3978 6494
523 420 626 477 H9

1765 417 1820 477 S.
1867 421 2190 479 C-REGORII
2244 422 2536 481 NYSSENI

3662 428 3759 485 120

521 541 600 596 ita
636 556 696 597 se
715 540 971 606 habeant,
996 541 1128 596 hinc
1171 543 1329 599 nobis
1356 545 1576 615 planum
1605 543 1718 598 fieri
1747 546 1936 614 possit.
1962 544 2096 600 Cum

2202 546 2268 600 ἂν
2295 549 2424 618 ἡμῖν
2451 546 2694 602 ἐντεῦθεν
2722 548 2947 618 γένοιτο.
2983 545 3454 621 Προσκαλούμενοι
3483 545 3592 617 γάρ
3623 562 3755 611 τινα,

521 632 668 694 enim
699 631 1036 701 appellamus
1062 631 1322 702 aliquem,
1354 649 1462 688 non
1489 650 1555 690 ex
1587 642 1785 688 natura
1808 650 1934 690 eum
1993 651 2096 690 no-

523 723 820 787 minamus,
869 738 939 778 ne
996 722 1138 780 forte
1190 740 1435 780 errorem
1485 727 1805 782 communio
1859 728 2101 783 nominis

522 812 766 876 inducat,
803 830 1134 886 unoquoque
1161 816 1256 886 qui
1293 817 1479 872 audiat
1501 818 1740 890 seipsum
1767 819 2098 888 appellatum

520 921 642 961 esse
693 907 1069 974 existimante,
1112 909 1256 979 quod
1288 925 1397 964 non
1430 912 1648 980 propria
1711 911 2096 980 appellatione,

521 1000 618 1057 sed
645 1017 711 1056 ex
764 1003 1042 1058 communi
1094 1003 1315 1058 nomine
1366 1013 1576 1058 natura:
1618 1005 1833 1057 vocatio
1857 1003 1970 1068 ﬁat,
2002 1003 2097 1057 sed

519 1093 799 1164 propriam
829 1094 878 1149 ei
896 1094 1199 1163 impositam
1225 1093 1680 1164 (signiﬁcatricem
1705 1094 1826 1149 dico
1842 1093 2099 1163 subjecti)

521 1197 712 1241 vocem
740 1186 1104 1257 proferentes,
1125 1187 1202 1240 ita
1244 1201 1366 1240 cum
1397 1202 1426 1238 a
1459 1187 1619 1256 vulgo
1648 1202 1712 1241 ac
1746 1188 2098 1242 multitudine

521 1291 865 1347 separamus.
900 1275 970 1332 Ut
1027 1277 1183 1331 multi
1223 1277 1443 1347 quidem
1498 1277 1608 1332 sint
1637 1279 1884 1334 eamdem
1916 1280 2098 1333 sortiti

519 1379 800 1433 naturam,
846 1371 998 1425 verbi
1058 1369 1254 1441 gratia,
1282 1368 1560 1440 discipuli,
1607 1371 1690 1426 vel
1721 1372 1975 1440 apostoli,
2014 1373 2096 1424 vel

517 1471 810 1533 martyres,
847 1479 990 1518 unus
1028 1479 1158 1518 vero
1211 1464 1266 1518 in
1290 1463 1548 1520 omnibus
1611 1465 1682 1519 sit
1731 1465 1917 1517 homo.
1949 1463 2094 1528 Quo-

515 1553 686 1619 niam,
719 1562 778 1607 ut
817 1553 1023 1608 dictum
1063 1563 1167 1614 est.
1195 1571 1303 1610 non
1338 1555 1634 1625 singularis
1666 1553 1970 1623 (alicujus),
2001 1556 2094 1607 suul

517 1646 930 1702 communitatis
947 1655 1158 1702 natura:
1191 1656 1277 1703 est
1305 1648 1486 1702 homo.
1523 1646 1698 1702 Homo
1728 1649 1876 1702 enim
1900 1657 1986 1702 est
2013 1649 2097 1702 vel

514 1737 720 1804 Lucas,
744 1740 830 1793 vel
866 1740 1178 1810 Stephanus
1230 1756 1388 1795 :non
1443 1750 1624 1796 tamen
1676 1743 1724 1796 si
1760 1742 1885 1811 quis
1933 1742 2097 1796 homo

516 1837 634 1889 est.
700 1843 929 1898 prorsus
999 1832 1163 1885 etiam
1225 1829 1402 1885 Lucas
1467 1831 1552 1884 vel
1607 1829 1920 1900 Stephanus
1987 1838 2093 1884 est.

518 1918 626 1975 Sed
693 1921 1055 1992 byposta-seon
1118 1922 1337 1992 quidem
1397 1924 1538 1977 ratio
1617 1940 1714 1993 per
1775 1939 1909 1988 eas,
1975 1939 2097 1994 qua:

515 2014 574 2067 iu
606 2029 938 2085 unoquoque
965 2015 1412 2080 considerantur,
1449 2016 1835 2086 proprietates,
1881 2016 2095 2087 disper-

514 2107 768 2164 titionem
809 2107 1072 2174 admittit,
1105 2117 1160 2164 et
1201 2108 1358 2176 juxta
1403 2109 1857 2178 compositionem
1884 2108 1939 2164 in
1988 2124 2097 2164 nu-

518 2211 673 2252 mero
711 2198 1116 2253 consideratur.
1164 2196 1372 2251 Natura
1401 2213 1532 2252 vero
1566 2214 1674 2253 una
1703 2209 1806 2263 est,
1841 2199 1960 2268 ipsa
2009 2215 2098 2255 se-

518 2305 646 2343 cum
685 2289 861 2350 unita,
893 2288 1224 2359 penitusque
1255 2304 1318 2344 ac
1351 2305 1578 2361 prorsus
1606 2291 1792 2345 unitas
1816 2291 2097 2352 individua

518 2386 770 2448 cst.qua=.
825 2394 1004 2450 neque
1053 2379 1359 2449 adjectione
1413 2390 1644 2450 augetur
1675 2396 1852 2451 neque
1882 2382 2096 2437 subtra-

519 2471 703 2527 ctioue
757 2471 1100 2537 diminuitur,
1163 2473 1262 2528 scd
1310 2473 1456 2542 quod
1503 2481 1609 2539 est,
1671 2489 1839 2527 unum
1887 2489 1989 2529 ens
2042 2482 2095 2528 et

519 2577 691 2616 unum
721 2576 1074 2633 permanens,
1118 2562 1333 2618 etiamsi
1386 2561 1442 2616 in
1479 2561 1830 2617 multitudine
1859 2578 1982 2618 esse
2019 2566 2098 2618 vi-

517 2654 732 2718 deatur,
771 2654 1034 2710 sectionis
1081 2669 1302 2724 expers,
1335 2655 1622 2718 continua,
1684 2654 1898 2724 integra
1933 2664 2096 2722 atque

517 2743 759 2815 perfecta
784 2755 890 2809 est,
924 2761 1046 2816 quas
1088 2762 1197 2801 non
1257 2762 1365 2800 una
1419 2761 1543 2800 cum
1581 2746 1955 2817 singularibus
2001 2747 2094 2816 qui

516 2838 638 2908 ejus
659 2839 957 2909 participes
1007 2846 1138 2893 sunt
1189 2838 1472 2893 dividitur.
1500 2838 1579 2892 Ac
1627 2838 2094 2908 quemadmodum

516 2929 691 3001 plebs,
728 2930 984 3000 pOpulus,
1009 2929 1304 2991 exercitus,
1339 2929 1554 2994 concio,
1589 2929 1942 3000 singulariter
1977 2949 2095 2984 om-

515 3020 606 3074 nia
632 3020 917 3084 dicuntur,
955 3019 1385 3089 unumquodque
1417 3029 1598 3074 autem
1628 3020 1826 3073 horum
1860 3021 1911 3073 in
1954 3023 2096 3074 mul-

515 3111 749 3168 titudine
777 3127 902 3168 esse
921 3111 1299 3181 intelligitur:
1341 3111 1535 3167 eodem
1588 3111 1749 3165 modo
1791 3112 2093 3166 secundum

515 3206 848 3260 exactiorem
881 3212 936 3258 et
966 3204 1381 3273 exquisitiorem
1437 3203 1704 3256 rationem
1764 3202 1926 3256 homo
1955 3218 2094 3272 quo-

516 3311 623 3366 que
672 3310 816 3350 unus
850 3296 1069 3366 proprie
1099 3295 1208 3348 dici
1257 3304 1465 3364 posset,
1497 3292 1714 3348 etiamsi
1775 3293 1850 3359 bi,
1902 3296 1994 3363 qui
2041 3295 2093 3348 in

517 3387 708 3445 eadem
762 3397 962 3441 natura
1011 3387 1483 3448 demonstrantur,
1518 3385 1811 3441 multitudo
1876 3386 2004 3450 sint,
2044 3395 2100 3440 ut

517 3481 692 3536 multo
721 3477 926 3535 rectius
982 3479 1176 3543 fuerit,
1226 3479 1432 3549 lapsam
1489 3479 1544 3540 in
1601 3478 1762 3534 nobis
1817 3478 2100 3550 corrigere

518 3572 1000 3635 consuetudinem,
1040 3583 1094 3626 et
1142 3587 1250 3624 non
1281 3571 1518 3642 amplius
1550 3581 1762 3625 naturae
1799 3587 1998 3625 nomen
2026 3571 2093 3636 ad

517 3661 929 3717 multitudinem
959 3661 1274 3724 extendere,
1331 3676 1501 3731 quam
1549 3660 1936 3717 consuetudini
1982 3677 2098 3716 ser-

515 3754 750 3818 vientes,
786 3766 1028 3807 errorem
1076 3753 1167 3820 qui
1199 3751 1286 3806 hic
1326 3752 1479 3817 latet,
1523 3751 1686 3807 etiam
1739 3751 1805 3806 ad
1849 3752 2095 3806 divinum

517 3846 712 3916 dogma
737 3843 1056 3900 transferre.
1094 3843 1200 3900 Sed
1221 3845 1480 3915 quoniam
1515 3844 1932 3900 consuetudinis
1971 3860 2097 3900 cor-

515 3939 687 3994 rectio
713 3937 950 3994 dilIicilis
973 3945 1057 3994 est
1079 3939 1194 4008 (qui
1237 3940 1383 3993 enim
1416 3939 1579 3992 alicui
1618 3938 1937 4007 persuaderi
1969 3953 2095 4009 pos-

517 4032 609 4098 sit,
636 4039 696 4086 ut
729 4047 837 4086 nou
874 4032 1075 4086 multos
1103 4032 1253 4086 dicat
1295 4031 1545 4098 homines,
1563 4031 1657 4102 qui
1692 4032 1747 4085 in
1784 4032 1972 4087 eadem
1998 4048 2096 4090 na-

517 4133 642 4179 tura
674 4124 1167 4180 demonstrantur?
1195 4123 1399 4178 etenim
1450 4123 1506 4177 in
1535 4123 1685 4178 omni
1735 4139 1801 4180 re.
1859 4139 2094 4180 consue-

517 4217 651 4272 tudo
686 4225 897 4272 mutatu
921 4216 1162 4271 difﬁcilis
1189 4216 1317 4286 est),
1347 4225 1614 4286 quantum
1649 4217 1840 4272 attinet
1872 4217 1940 4272 ad
1960 4219 2101 4277 hanc

522 4317 790 4367 internam
828 4310 1048 4380 quidem
1082 4318 1360 4374 naturain,
1397 4309 1444 4364 si
1471 4309 1743 4364 obtinenti
1805 4321 2102 4366 consuetu-

520 4403 636 4456 dini
658 4417 766 4455 non
798 4401 1170 4462 adversemnr,
1191 4414 1532 4470 nequaquam
1558 4407 1767 4466 tantum
1797 4403 2104 4471 peccaveri-

2200 640 2300 692 ούκ
2329 640 2394 694 ἐκ
2417 640 2514 711 τῆς
2534 639 2745 710 φύσεως
2776 641 2936 696 αὐτὸν
2962 639 3319 712 ὀνομάζομεν,
3355 640 3430 702 ὡς
3459 639 3524 692 ἂν
3557 639 3627 708 μή
3645 655 3758 692 τινα

2203 730 2411 801 πλάνην
2442 732 2474 800 ἡ
2508 731 2753 803 κοινότης
2792 731 2886 786 τοῦ
2918 733 3179 804 ὀνόματος
3222 732 3604 802 ἐμποιήσειεν,
3641 731 3760 784 ἐκά-

2205 841 2329 877 στου
2358 823 2465 878 τῶν
2504 825 2807 880 ἀκουόντων
2849 825 3038 879 ἐαυτὸν
3076 821 3215 878 εἶναι
3245 825 3335 877 τὸν
3362 822 3760 894 προσκληθέντα

2203 915 2532 984 νομίζοντος,
2559 917 2639 970 ὅτι
2675 915 2749 988 μὴ
2775 919 2840 986 τῇ
2875 915 3147 988 ίδιαζούσῃ
3175 914 3533 985 προσηγορίᾳ,
3560 913 3669 966 ἀλλ’
3702 913 3760 964 ἐκ

2200 1006 2294 1059 τοῦ
2324 1007 2503 1060 κοινοῦ
2549 1011 2646 1079 τῆς
2696 1007 2908 1076 φύσεως
2946 1009 3207 1078 ὀνόματος
3249 1009 3281 1078 ἡ
3324 1006 3512 1075 κλῆσις
3543 1005 3759 1072 γίνεται,

2201 1095 2338 1148 ἀλλὰ
2364 1095 2462 1168 τὴν
2493 1097 2627 1151 ἰδίαν
2676 1097 3032 1169 ἐπικειμένην
3073 1095 3222 1166 αύτῷ
3277 1096 3408 1165 (τὴν
3436 1093 3761 1165 σημαντικὴν

2201 1186 2346 1255 λέγω
2375 1186 2467 1240 τοῦ
2499 1188 2880 1260 ὑποκειμένου)
2916 1187 3096 1259 φωνὴν
3130 1188 3392 1250 εἰπόντες,
3420 1185 3587 1247 οὕτως
3611 1182 3761 1237 αὐτὸν

2199 1278 2307 1331 τῶν
2348 1278 2556 1331 πολλῶν
2603 1279 2987 1351 ἀποκρίνομεν.
3022 1281 3183 1332 Ὥστε
3218 1278 3443 1338 πολλοὺς
3495 1278 3590 1346 μὲν
3631 1273 3762 1328 εἶναι

2199 1370 2325 1434 τοὺς
2360 1374 2760 1442 μετεσχηκότας
2794 1372 2893 1443 τῆς
2917 1372 3167 1440 οφύσεως,
3216 1371 3347 1442 φέρε
3391 1372 3562 1422 εἰπεῖν
3595 1367 3765 1438 μαθη-

2201 1461 2317 1527 τὰς,
2353 1463 2385 1533 ἢ
2418 1463 2769 1525 ἀποστόλους,
2811 1461 2844 1534 ἦ
2879 1463 3184 1534 μάρτυρας,
3221 1463 3318 1516 ἕνα
3343 1461 3401 1514 δέ
3433 1462 3489 1513 ἐν
3517 1461 3650 1513 πᾶσι
3680 1457 3764 1509 τὸν

2199 1557 2499 1628 ἄνθρωπον.
2566 1555 2857 1627 Ἐπείπερ,
2906 1555 3088 1614 καθὼς
3113 1555 3348 1626 εἴρηται,
3379 1552 3499 1623 οὐχὶ
3525 1551 3620 1604 τοῦ
3652 1549 3764 1604 καθ’

2199 1649 2426 1701 ἕκαστον
2454 1689 2469 1714 ,
2522 1649 2658 1702 ἀλλὰ
2705 1648 2797 1701 τοῦ
2829 1647 3008 1702 κοινοῦ
3052 1647 3153 1718 τῆς
3199 1645 3413 1716 φύσεώς
3440 1646 3584 1695 ἐστιν
3615 1644 3644 1694 ὀ
3677 1642 3764 1695 ἄν·

2200 1739 2434 1811 θρωπος.
2469 1739 2785 1810 Ἀνθρωπος
2824 1740 2930 1810 γὰρ
2976 1740 3005 1790 ὀ
3035 1740 3281 1801 Λουκᾶς,
3338 1736 3371 1807 ἢ
3402 1739 3428 1788 ὁ
3464 1735 3728 1801 Στέφανος
3750 1748 3765 1763 ·

2199 1833 2257 1884 οὺ
2295 1831 2400 1903 μὴν
2431 1829 2483 1883 εἷ
2505 1849 2587 1894 τις
2615 1831 2920 1900 ἄνθρωπος,
2951 1832 3166 1893 πάντως
3207 1830 3302 1881 καὶ
3329 1829 3535 1887 Λουκᾶς
3566 1822 3766 1892 ἐστινῆ

2131 1908 2172 1962 Β
2200 1923 2486 1990 Στέρανος.
2545 1921 2680 1975 Ἀλλ’
2727 1925 2754 1975 ὀ
2809 1922 2905 1992 μὲν
2937 1921 3044 1974 τῶν
3075 1919 3424 1972 ὑποστάσεων
3476 1916 3632 1982 λόγος
3687 1911 3768 1966 διὰ

2196 2018 2293 2079 τὰς
2317 2015 2754 2087 ἐνθεωρουμένας
2780 2014 3047 2085 ἰδιότητας
3072 2013 3286 2081 ἑκάστῳ
3306 2010 3393 2062 τὸν
3418 2005 3768 2076 διαμερισμὸν

2197 2107 2522 2177 ἐπιδέχεται,
2555 2108 2647 2160 καὶ
2675 2107 2816 2160 κατά
2848 2105 3095 2159 σύνθεσιν
3139 2106 3196 2157 ἐν
3221 2099 3436 2172 ἀριθμῷ
3468 2098 3766 2168 θεωρεῖται.

2209 2200 2272 2254 'Il
2300 2200 2356 2253 δὲ
2382 2201 2542 2268 φύσις
2575 2199 2672 2270 μία
2701 2198 2848 2251 ἐστὶν
2871 2237 2886 2260 ,
2931 2197 3066 2268 αὑτὴ
3101 2195 3234 2266 πρὸς
3266 2190 3462 2262 ἑαυτὴν
3493 2188 3766 2258 ἡνωμένην

2195 2293 2290 2346 καὶ
2317 2291 2643 2361 ἀδιάτμητος
2681 2289 2924 2362 ἀκριϐῶς
2953 2288 3142 2360 μονάς,
3187 2286 3286 2338 οὐκ
3313 2282 3652 2351 αὐξανομένη
3686 2278 3768 2332 διὰ

2199 2383 2535 2454 προσθήκης,
2580 2384 2639 2436 ού
2675 2383 2969 2454 μειουμένη
3001 2381 3066 2436 δι’
3101 2378 3461 2449 ὑφαιρέσεως,
3493 2374 3604 2426 ἀλλ’
3635 2375 3770 2440 ὅπερ

2195 2478 2343 2530 ἐστὶν
2371 2475 2428 2529 ἓν
2450 2473 2606 2542 οὖσα,
2652 2475 2755 2530 κᾶν
2780 2477 2838 2528 ἐν
2865 2473 3059 2545 πλήθει
3089 2472 3346 2541 φαίνηται
3377 2467 3655 2540 ἄσχιστος,
3683 2465 3771 2518 καὶ

2198 2571 2447 2640 συνεχὴς,
2479 2569 2574 2622 καὶ
2617 2569 2930 2639 ὁλόκληρος,
2973 2568 3066 2620 καὶ
3106 2568 3218 2627 τοῖς
3264 2563 3574 2634 μετέχουσιν
3601 2559 3772 2626 αὐτῆς

2195 2665 2306 2724 τοῖς
2333 2661 2454 2715 καθ’
2482 2663 2709 2715 ἕκαστον
2739 2661 2799 2713 ού
2831 2657 3300 2729 συνδιαιρουμένη.
3338 2654 3445 2708 Καὶ
3472 2652 3624 2706 ὥσπε
3633 2669 3667 2722 ρ
3694 2650 3781 2707 λέο.

2195 2768 2366 2820 γεται,
2397 2750 2544 2814 λαὸς,
2595 2749 2690 2803 καὶ
2716 2749 2906 2820 δῆμος,
2935 2749 3028 2800 καὶ
3061 2747 3396 2818 στράτευμα,
3445 2744 3540 2798 καὶ
3573 2742 3772 2810 ἐκκλη-

2198 2844 2305 2904 σία,
2365 2841 2612 2912 μοναχῶς
2657 2841 2854 2902 πάντα.
2905 2840 3135 2894 ἕκαστον
3166 2838 3223 2893 δὲ
3255 2837 3456 2894 τούτων
3493 2839 3550 2888 ἐν
3582 2834 3772 2904 πλήθει

2195 2939 2427 2990 νοεῖται·
2472 2933 2615 2987 οὕτω
2651 2934 2791 2988 κατὰ
2819 2934 2906 2987 τὸν
2945 2931 3334 3003 ἀκριϐέστερον
3366 2930 3520 2998 λόγον
3553 2928 3650 2981 καὶ
3685 2928 3782 2982 ἄνα.

2197 3028 2411 3098 θρωπος
2447 3023 2526 3091 εἷς
2557 3028 2759 3098 κυρίως
2788 3026 2853 3080 ἂν
2885 3026 3076 3098 ῥηθείη
3105 3065 3120 3089 ,
3175 3025 3281 3078 κᾶν
3317 3025 3363 3076 οἱ
3415 3026 3471 3076 ἐν
3513 3024 3580 3092 τῇ
3614 3021 3775 3091 φύσει

2195 3124 2261 3190 τῇ
2289 3121 2424 3192 αὐτῇ
2458 3121 2794 3192 δεικνύμενοι
2836 3121 3038 3191 πλῆθος
3078 3114 3210 3174 ὦσιν
3235 3160 3250 3184 ,
3301 3119 3377 3181 ὡς
3410 3117 3538 3170 πολὺ
3575 3116 3776 3186 μᾶλλον

2199 3213 2379 3277 καλῶς
2426 3214 2569 3284 ἔχειν
2603 3216 2701 3286 τὴν
2748 3213 3095 3285 ἐσφαλμένην
3143 3212 3226 3281 ἐφ’
3255 3211 3410 3282 ἡμῶν
3447 3205 3778 3277 ἐπανορθοῦ-

2201 3306 2323 3358 σθαι
2355 3305 2639 3377 συνήθειαν
2673 3309 2751 3369 είς
2782 3307 2842 3360 τὸ
2880 3305 3076 3376 μηκέτι
3111 3304 3173 3358 τὸ
3214 3307 3312 3372 τῆς
3356 3302 3568 3372 φύσεως
3603 3300 3782 3370 ὄνομα

2199 3399 2332 3468 πρὸς
2359 3397 2560 3468 πλῆθος
2585 3399 2865 3461 ἐκτείνειν,
2908 3398 2940 3470 ἦ
2968 3397 3138 3469 ταύτῃ
3168 3395 3514 3457 δουλεύοντας
3542 3393 3642 3463 τὴν
3677 3386 3777 3445 ὦδε

2197 3488 2407 3558 πλάνην
2454 3491 2548 3541 καὶ
2599 3490 2693 3543 ἐπὶ
2745 3489 2804 3542 τὸ
2856 3489 2996 3543 θεῖον
3041 3488 3217 3559 δόγμα
3253 3487 3328 3558 μὴ
3369 3483 3775 3556 μεταϐιϐάζειν.

2207 3581 2344 3634 Ἀλλ’
2377 3582 2562 3653 ἐπειδὴ
2597 3583 2874 3654 ἀμήχανος
2901 3583 3000 3652 τῆς
3028 3580 3315 3651 συνηθείας
3344 3581 3376 3650 ἡ
3405 3575 3780 3648 ἐπανόρθωσις

2194 3672 2332 3741 (πῶς
2364 3674 2472 3746 γὰρ
2511 3675 2576 3730 ἄν
2599 3693 2684 3739 τις
2725 3675 3003 3745 πεισθείη,
3047 3676 3096 3727 εί
3141 3673 3215 3745 μὴ
3247 3672 3471 3733 πολλοὺς
3502 3671 3654 3738 λέγει
3685 3671 3780 3722 ἀν-

2195 3763 2442 3836 θρώπους
2507 3767 2631 3830 τοὺς
2695 3768 2753 3819 ὲν
2823 3767 2982 3835 φύσει
3039 3768 3107 3836 τῇ
3168 3766 3303 3834 αὐτῇ
3358 3761 3776 3830 δεικνυμένουςς

2193 3856 2585 3927 δυσμετάθετον
2616 3857 2723 3930 γὰρ
2757 3860 2849 3912 ἐπὶ
2878 3857 3078 3920 παντὸς
3109 3859 3143 3928 ἡ
3194 3855 3508 3926 συνήθεια),
3533 3854 3628 3904 ἐπὶ
3681 3852 3779 3922 μὲν

2199 3951 2295 4019 τῆς
2341 3950 2490 4006 κάτω
2524 3951 2736 4021 φύσεως
2778 3955 2844 4023 τῇ
2881 3949 3156 4023 κρατούσῃ
3213 3947 3471 4018 συνηθείᾳ
3521 3945 3595 4016 μὴ
3630 3945 3784 4001 ἀντι-ς

2201 4037 2497 4103 ϐαίνοντες,
2534 4042 2655 4094 οὐδὲ
2708 4042 2774 4095 ἂν
2805 4041 3057 4095 τοσοῦτον
3099 4039 3464 4111 ἁμάρτοιμεν,
3505 4035 3780 4106 μηδεμιᾶς

2199 4130 2364 4204 οὔσης
2411 4131 2612 4204 ζημίας
2659 4136 2724 4188 ἐκ
2768 4133 2865 4203 τῆς
2909 4131 3304 4204 ἠμαρτημένης
3347 4129 3455 4181 τῶν
3496 4127 3787 4197 ὀνομάτων

2201 4223 2468 4294 χρήσεως.
2510 4223 2634 4279 Ἐπὶ
2659 4225 2715 4277 δὲ
2743 4224 2836 4277 τοῦ
2865 4224 3008 4277 θείου
3039 4223 3321 4294 δόγματος,
3352 4219 3535 4273 οὐκέτι
3574 4217 3781 4288 ὁμοίως

2203 4314 2482 4378 ἀκίνδυνος
2512 4318 2544 4386 ἡ
2573 4317 2826 4388 διάφορος
2855 4318 3048 4387 χρῆσις
3072 4314 3179 4368 τῶν
3211 4313 3510 4384 ὀνομάτων.
3563 4308 3638 4361 Ού
3670 4309 3786 4379 γὰρ

2206 4407 2398 4478 μικρὸν
2429 4407 2659 4462 ἐνταῦθα
2681 4409 2742 4462 τὸ
2776 4408 2925 4478 παρὰ
2955 4408 3167 4480 μικρόν.

520 4515 664 4564 mus,
693 4513 817 4551 cum
843 4497 1050 4551 nullum
1072 4495 1300 4550 exsistat
1337 4495 1718 4550 detrimentum
1752 4512 1820 4552 ex
1852 4513 2020 4567 pravo
2059 4502 2341 4556 nominum
2369 4521 2490 4559 usu.
2522 4503 2579 4558 lu
2602 4505 2786 4560 divino
2819 4519 2948 4562 vero
2968 4504 3188 4562 decreto
3209 4518 3315 4557 non
3347 4502 3581 4572 amplius
3619 4516 3782 4572 atque

520 4603 674 4651 tutus
703 4602 757 4647 et
772 4609 799 4646 a
821 4592 1061 4663 periculo
1082 4607 1308 4656 vacuus,
1329 4595 1674 4662 promiscuus
1695 4602 1749 4648 et
1773 4593 2088 4652 indifferens
2111 4599 2388 4654 nominum
2410 4617 2541 4657 usus
2557 4610 2660 4656 est.
2680 4600 2798 4657 Non
2821 4601 2964 4654 enim
2989 4614 3209 4669 parvum
3245 4598 3334 4652 hic
3363 4596 3508 4668 quod
3553 4611 3779 4666 perpur-

521 4704 647 4744 vum
687 4696 793 4742 est.

591 4782 763 4852 Igitur
788 4795 928 4834 unus
949 4779 1108 4836 nobis
1132 4779 1478 4840 conﬁtendus
1500 4787 1585 4834 est
1607 4778 1746 4833 Deus
1764 4780 1918 4848 juxta
1953 4779 2096 4834 Scri-

2273 4778 2479 4833 Ούκοῦν
2507 4771 2587 4840 εἷς
2616 4777 2745 4847 ἡμῖν
2776 4773 3133 4846 ὀμολογητέος
3163 4771 3290 4834 Θεὸς
3337 4770 3476 4824 κατὰ
3504 4768 3603 4840 τὴν
3635 4785 3782 4840 γράσ-

519 4883 694 4945 ptnra:
725 4871 1100 4927 testimonium
1131 4889 1148 4928 :
1184 4890 1203 4926 ι
1227 4873 1388 4937 Audi,
1427 4871 1612 4936 Israel,
1643 4871 1906 4926 Dominus
1957 4871 2098 4928 Deus

521 4975 650 5022 tuus
705 4965 966 5020 Dominus
997 4979 1139 5018 unus
1181 4973 1264 5019 est
1301 4965 1316 4995 ¹
1359 4984 1372 5018 :
1418 4983 1436 5017 ι
1467 4965 1682 5019 etiamsi
1723 4980 1829 5017 vox
1878 4965 2097 5020 deitatis

521 5065 764 5130 permeat
786 5065 1032 5111 sanctam
1075 5055 1419 5111 Trinitatem.
1480 5055 1603 5111 Haec
1638 5067 1818 5112 autem
1854 5057 1976 5112 dico
2005 5074 2094 5114 se-

522 5151 760 5207 cundum
793 5150 1059 5203 rationem
1114 5148 1382 5203 redditam
1443 5148 1496 5201 in
1549 5149 1788 5202 humana
1850 5158 2047 5203 natura
2081 5168 2100 5222 ε.

522 5257 629 5312 qua
685 5240 980 5296 didicimus
1033 5256 1139 5294 nou
1198 5248 1449 5310 oportere
1481 5239 1676 5310 plurali
1708 5240 2090 5311 designatione

523 5336 753 5391 dilatare
782 5333 1201 5404 appellationem
1230 5345 1458 5388 naturaa.
1513 5331 1620 5388 Sed
1651 5338 1902 5388 exactius
1936 5335 2095 5390 nobis

523 5426 904 5483 excutiendum
959 5433 1045 5482 est
1108 5425 1286 5495 ipsum
1334 5441 1535 5481 nomen
1591 5425 1834 5490 deitatis,
1885 5435 1944 5485 ut
1999 5442 2097 5497 per

523 5532 664 5577 eam,
701 5533 821 5586 qua:
869 5518 1011 5573 inest
1039 5518 1184 5582 voci,
1221 5516 1678 5588 signiﬁcationem
1741 5517 1960 5588 aliquod
1995 5533 2094 5573 no-

523 5610 612 5665 bis
640 5610 1015 5679 adjumentum
1050 5611 1276 5668 accedat
1299 5610 1369 5666 ad
1415 5610 1842 5666 declarationem
1895 5627 2096 5681 propo-

527 5700 648 5758 sita
673 5701 1012 5771 quaestionis.
1046 5701 1168 5758 Vox
1225 5704 1390 5776 igitur
1422 5701 1645 5770 deitatis
1698 5702 1844 5774 vulgi
1873 5701 2092 5774 quidem

597 5883 614 5916 ⁸
656 5881 812 5938 Deut.
845 5897 918 5949 VI,
939 5881 990 5940 ι.

2202 4871 2367 4943 φικὴν
2401 4869 2705 4941 μαρτυρίαν
2731 4884 2744 4897 ·
2802 4867 3054 4927 (Ἄκουε,
3094 4862 3329 4946 Ἰσραὴλ,
3365 4859 3568 4931 Κύριος
3589 4861 3617 4912 ὀ
3642 4860 3783 4923 Θεός

2203 4983 2297 5019 σου
2347 4964 2546 5035 Κύριος
2596 4955 2676 5024 εἷς
2720 4962 2868 5020 ἐστι·
2915 4977 2933 5009 ι
2991 4956 3092 5010 κᾶν
3140 4953 3352 5026 ἠφωνὴ
3385 4954 3485 5023 τῆς
3523 4951 3781 5024 θεότητος

2200 5059 2374 5129 διήκει
2402 5056 2489 5110 διὰ
2513 5054 2612 5121 τῆς
2648 5053 2806 5121 ἁγίας
2849 5049 3094 5121 Τριάδος.
3143 5047 3326 5100 Ταῦτα
3356 5045 3412 5098 δὲ
3445 5045 3586 5113 λέγω
3631 5042 3783 5096 κατὰ

2199 5150 2288 5203 τὸν
2312 5147 2639 5203 ἁποδοθέντα
2671 5146 2800 5216 ἡμῖν
2830 5143 2920 5194 ἐπὶ
2941 5141 3038 5210 τῆς
3072 5138 3413 5210 ἀνθρωπίνης
3441 5137 3655 5204 φύσεως
3685 5136 3780 5188 λό-

2200 5260 2294 5311 γον
2320 5258 2334 5272 °
2383 5242 2441 5292 ἐν
2472 5233 2516 5307 ᾧ
2550 5236 2948 5308 μεμαθήκαμεν
2982 5232 3056 5303 μὴ
3085 5232 3193 5284 δεῖν
3226 5229 3569 5300 πληθυντικῷ
3595 5245 3778 5298 χαρα-

2199 5333 2360 5403 κτῆρι
2381 5329 2477 5402 τὴν
2498 5327 2866 5402 προσηγορίαν
2892 5323 3178 5377 πλατύνειν
3206 5323 3304 5409 τῆς
3331 5321 3562 5391 φύσεως.
3597 5323 3786 5391 Ἀκρι-

2200 5423 2452 5493 6έστερον
2485 5420 2541 5474 δὲ
2566 5423 2698 5492 ἡμῖν
2729 5418 2862 5471 αὐτὸ
2895 5416 2954 5468 τὸ
2989 5415 3159 5484 ὄνομα
3188 5413 3288 5484 τῆς
3313 5412 3560 5483 θεότητος
3586 5410 3782 5474 ἐξετα-

2203 5514 2378 5577 στέον,
2412 5515 2560 5574 ὅπως
2591 5513 2658 5565 ἂν
2686 5511 2775 5564 διὰ
2803 5509 2899 5577 τῆς
2938 5506 3260 5575 ἐγκειμένης
3307 5507 3370 5573 τῇ
3402 5504 3549 5572 φωνῇ
3591 5518 3781 5570 σημαο

2201 5608 2341 5670 σίας,
2366 5603 2573 5674 γένοιτό
2601 5619 2684 5666 τις
2715 5600 2972 5672 συνεργία
2996 5599 3130 5670 πρὸς
3165 5597 3262 5667 τὴν
3286 5594 3379 5649 τοῦ
3411 5593 3782 5669 προκειμένου

2202 5701 2518 5772 σαφήνειαν.
2570 5697 2727 5750 Δοκεῖ
2761 5695 2855 5765 μέν
2901 5688 2994 5746 οὖν
3046 5693 3157 5754 τοῖς
3207 5688 3415 5752 πολλοῖς
3463 5683 3780 5750 ἰδιαζόντως
