3978 6486
269 389 342 443 ιιι
1388 390 1579 458 QUOD
1613 393 1753 451 NON
1788 392 1943 450 SINT
1992 386 2311 449 TBESDII.

3371 391 3475 447 ηε

263 498 379 553 κατὰ
401 499 495 567 τῆς
526 496 742 566 φύσεως
784 501 818 570 ἡ
849 502 999 574 φωνὴ
1045 502 1143 574 τῆς
1169 503 1420 575 θεότητος
1446 502 1676 572 κετσθαι,
1712 508 1795 561 καὶ

1912 506 2171 577 opinione
2199 516 2409 560 natura:
2434 504 2792 576 peculiariter
2846 505 3021 561 indita
3070 519 3195 562 esse
3236 505 3472 563 videtur.

260 591 470 660 ὥσπε.ρῆ
504 591 865 665 όούρανὸς,ἢ
908 596 937 647 ὁ
981 595 1152 666 ἥλιος,
1200 596 1233 667 ἢ
1284 596 1412 650 ἄλλο
1460 614 1514 650 τ..
1556 599 1664 652 τῶν
1707 597 1800 651 τοῦ

259 684 432 752 κόσμου
462 682 739 751 στοιχείων
788 684 946 748 ίδίαις
992 688 1196 755 φωναῖς
1234 688 1646 758 διασημαίνεται
1675 692 1796 753 ταῖς

258 774 343 826 τῶν
371 773 735 843 ὑποκειμένων
766 779 1126 846 σημαντικοῖς
1152 794 1166 807 ’
1203 778 1345 831 οὕτω
1388 780 1522 848 φασὶ
1566 781 1662 833 καὶ
1703 780 1797 832 ἐπὶ

255 866 330 934 τῆς
367 864 622 917 ἀνωτάτω
667 868 761 920 καὶ
808 868 957 931 Θείας
992 869 1228 937 φύσεως,
1279 870 1467 942 ὥσπερ
1506 888 1561 924 τι
1614 871 1800 944 κύριον

253 960 391 1026 ὄνομα
406 958 699 1026 προσφυῶς
722 959 825 1028 ἐφη
835 975 862 1030 ρ
868 960 1063 1030 μόσθαι
1084 959 1160 1030 τῷ
1174 961 1485 1034 δηλουμένῳ
1502 963 1600 1034 τὴν
1618 963 1801 1032 φωνὴν

252 1049 326 1117 τῆς
357 1047 626 1118 θεότητος.
675 1048 864 1119 Ἡμεῖς
894 1052 951 1105 δὲ
978 1055 1099 1117 ταῖς
1126 1054 1224 1125 τῆς
1250 1054 1472 1125 Γραφῆς
1496 1054 1800 1126 ὑποθήκαις

250 1141 490 1207 ἑπόμενοι,
520 1141 978 1213 ἁκατωνόμαστόν
1008 1161 1067 1197 τε
1092 1145 1183 1198 καὶ
1205 1145 1479 1217 ἄφραστον
1509 1146 1677 1217 αὐτὴν
1706 1163 1801 1217 με·

251 1229 544 1299 μαϐήκαμεν
570 1247 584 1261 ⁸
640 1234 737 1285 καὶ
783 1235 892 1287 πᾶν
940 1234 1109 1306 ὄνομα
1137 1236 1247 1289 εἴτε
1281 1238 1431 1309 παρὰ
1462 1237 1560 1308 τῆς
1586 1236 1799 1309 ἀνθρω-

247 1322 383 1389 πίνης
430 1321 618 1387 οὐσίας
681 1323 1012 1396 ἐξεύρηται,
1065 1326 1175 1379 εἴτε
1224 1329 1375 1399 παρὰ
1418 1328 1527 1381 τῶν
1568 1330 1799 1400 Γραφῶν

246 1412 573 1482 παραδέδοται
594 1455 611 1478 ,
656 1415 767 1468 τῶν
795 1433 849 1469 τι
881 1419 1008 1489 περὶ
1036 1418 1135 1489 τὴν
1161 1419 1309 1472 θείαν
1337 1419 1499 1488 φύσιν
1522 1422 1799 1493 νοουμένῳ

246 1506 604 1574 ἑρμηνευτικὸν
625 1502 767 1563 εἶναι
794 1509 1040 1580 λέγομεν,
1072 1511 1170 1565 οὐκ
1200 1513 1369 1583 αὐτῆς
1390 1512 1445 1565 δὲ
1466 1514 1563 1582 τῆς
1584 1514 1798 1584 φύσεως

244 1599 487 1665 περιέχειν
506 1600 607 1668 τὴν
635 1616 701 1669 ση
712 1601 927 1669 μασίαν.
957 1602 1067 1655 Καὶ
1087 1604 1145 1655 οὐ
1174 1603 1371 1672 πολλῆς
1394 1605 1458 1658 ἄν
1477 1622 1561 1667 τις
1580 1605 1794 1677 δεηθείη

246 1688 596 1756 πραγματείας
630 1691 768 1759 πρὸς
798 1690 896 1759 τὴν
924 1692 1192 1756 ἀπόδειξιν
1221 1694 1313 1747 τοῦ
1338 1695 1406 1747 τὰ
1435 1694 1609 1759 οὕτως
1632 1696 1794 1765 ἔχειν.

244 1775 307 1826 Τὰ
326 1777 414 1843 μὲν
440 1777 545 1847 γὰρ
565 1778 736 1831 λοιπὰ
763 1781 868 1833 τῶν
889 1780 1188 1851 ὀνομάτων,
1211 1784 1309 1835 ὅσα
1332 1784 1424 1836 ἐπὶ
1449 1787 1547 1855 τῆς
1568 1786 1797 1848 κτίσεως

1903 612 1967 652 ac
2005 596 2462 668 quemadmodum
2501 597 2583 653 vel
2631 598 2855 663 ctelum,
2908 598 2992 653 vel
3047 599 3151 663 sol,
3192 599 3277 654 vel
3326 600 3475 655 aliud

1902 688 2178 759 quidpiam
2204 705 2271 743 ex
2304 690 2493 744 mundi
2525 691 2812 746 elementis
2840 692 3215 761 peculiaribus
3247 693 3475 749 vocibus

1912 780 2284 849 subjectorum
2316 780 2799 848 signiﬁcatricibus
2830 780 3121 835 denotatur
3155 802 3167 835 :
3199 781 3272 834 ita
3315 781 3473 835 aiunt

1901 872 1957 926 in
1988 887 2241 941 suprema
2277 887 2495 941 quoque
2545 882 2709 942 atque
2738 872 2926 927 divina
2970 880 3171 927 natura
3210 881 3472 943 tanquam

1899 966 2180 1036 prOprium
2218 966 2494 1035 quoddam
2547 980 2745 1020 nomen
2778 981 2965 1021 vocem
3000 964 3188 1019 deitati
3230 974 3353 1035 apte
3381 980 3474 1020 ac-

1900 1056 2301 1111 commodatam
2356 1071 2479 1112 esse
2512 1056 2584 1121 ei,
2621 1055 2765 1126 quod
2806 1058 2925 1127 (per
2967 1059 3110 1125 eam)
3140 1056 3473 1110 declaratur.

1898 1146 2010 1203 Nos
2039 1162 2169 1203 vero
2202 1148 2501 1217 Scriptura:
2533 1148 2859 1204 documenta
2898 1156 3191 1218 sequentes
3232 1148 3475 1202 innomi-

1898 1237 2136 1292 nabilem
2165 1244 2220 1292 et
2264 1236 2699 1306 inexplicabilem
2739 1251 2858 1292 eam
2897 1251 3022 1291 esse
3045 1234 3337 1289 didicimus
3373 1253 3386 1288 :
3422 1239 3477 1288 et

1899 1342 2059 1383 omne
2094 1344 2290 1383 nomen
2322 1330 2437 1383 sive
2465 1329 2533 1383 ab
2575 1329 2812 1383 humana
2868 1327 3267 1382 consuetudine
3315 1326 3475 1379 adin-

1898 1428 2146 1483 ventum,
2209 1420 2323 1474 sive
2368 1434 2398 1472 a
2436 1418 2740 1489 Scripturis
2764 1420 3026 1473 traditum
3055 1418 3245 1479 fuerit,
3268 1417 3475 1487 aliquid

1899 1510 2195 1565 denotandi
2231 1511 2341 1563 vim
2388 1511 2591 1566 habere
2625 1511 2859 1566 dicimus
2896 1526 3113 1575 eorum,
3171 1525 3292 1579 quae
3324 1511 3476 1563 circa

1899 1599 2138 1654 divinam
2172 1608 2424 1653 naturam
2489 1615 2615 1655 esse
2666 1601 3072 1668 intelliguntur,
3126 1600 3301 1669 ipsius
3340 1613 3472 1653 vero

1899 1699 2110 1745 naturae
2147 1705 2258 1745 non
2291 1691 2576 1747 continere
2622 1692 3105 1762 signiﬁcationem.
3152 1690 3329 1759 Atque
3357 1689 3473 1743 haec

1898 1783 1971 1837 ita
2002 1798 2145 1847 esse,
2187 1783 2333 1837 haud
2361 1798 2557 1851 magno
2597 1784 2817 1853 negotio
2862 1783 3227 1838 demonstrari
3270 1786 3468 1851 potest.

243 1872 410 1929 κεῖται,
435 1870 527 1921 καὶ
555 1870 686 1939 δίχα
714 1872 857 1935 τινὸς
889 1874 1240 1942 ἐτυμολογίας
1269 1875 1417 1946 εὖροι
1444 1852 1526 1940 τις
1560 1876 1627 1930 ἂν
1655 1878 1795 1932 κατὰ

1898 1874 2030 1928 Nam
2063 1882 2259 1930 caetera
2297 1875 2515 1945 quidem
2575 1876 2799 1929 nomina
2831 1890 2952 1946 qua:
2998 1874 3268 1929 creaturis
3296 1874 3474 1942 impo-

242 1958 289 2008 τὸ
314 1959 511 2027 συμϐὰν
553 1963 951 2032 ἐφηρμοσμένα
978 1968 1089 2027 τοῖς
1115 1966 1511 2036 ὑποκειμένοις,
1540 1969 1798 2037 ἀγαπών-

240 2068 327 2103 των
349 2054 377 2121 ὴ
387 2050 499 2121 μῶν
527 2054 786 2106 ὁπωσοῦν
815 2056 882 2107 τὰ
930 2056 1233 2126 πράγματα
1258 2059 1345 2112 διὰ
1374 2060 1471 2128 τῆς
1506 2062 1593 2112 ἐπ’
1616 2062 1796 2116 αὐτῶν

240 2144 395 2211 φωνῆς
432 2144 885 2213 σημειώσασθαι,
931 2147 1067 2217 πρὸς
1098 2148 1159 2199 τὸ
1190 2149 1493 2218 ἁσύγχυτον
1535 2154 1666 2221 ἡμῖν
1712 2153 1796 2221 γί-

238 2232 395 2286 νεσθαι
418 2236 525 2288 τῶν
558 2238 1024 2308 σεσημειωμένων
1050 2240 1147 2309 τὴν
1172 2238 1388 2307 γνῶσιν.
1425 2240 1561 2295 Ὅσα
1583 2244 1640 2295 δὲ
1661 2246 1798 2314 πρὸς

237 2327 427 2395 ὣηγίαν
454 2329 553 2398 τῆς
583 2328 740 2392 Θείας
773 2330 1150 2401 κατανοήσεώς
1197 2334 1342 2384 ἐστιν
1371 2334 1626 2405 ὀνόματα,
1663 2337 1795 2391 ἰδίαν

237 2418 328 2488 ἔχει
358 2420 583 2473 ἕκαστον
618 2422 1158 2492 ἑμπεριειλημμένην
1191 2422 1449 2491 διάνοιαν,
1485 2426 1578 2478 καὶ
1601 2427 1700 2480 οὐκ
1730 2427 1797 2483 ἂν

235 2512 380 2579 χωρὶς
408 2513 683 2582 νοήματός
717 2529 862 2577 τινος
893 2513 1145 2584 οὐδεμίαν
1178 2514 1360 2586 εὕροις
1392 2517 1574 2588 φωνὴν
1597 2521 1653 2571 ἑν
1685 2522 1796 2583 τοῖς

237 2601 700 2675 θεοπρετιεστέροις
750 2606 860 2657 τῶν
892 2604 1185 2675 ὀνομάτων.
1240 2609 1326 2672 Ὠς
1360 2610 1424 2661 ἑκ
1456 2609 1645 2664 τούτου
1685 2612 1794 2665 δεί-

237 2694 430 2747 κνυσθαι
483 2697 559 2765 μὴ
624 2698 793 2768 αὐτὴν
836 2698 932 2770 τὴν
979 2699 1129 2753 θείαν
1179 2700 1339 2768 φύσιν
1368 2701 1472 2754 ὑπό
1513 2719 1656 2765 τινος
1688 2703 1795 2758 τῶν

235 2784 479 2853 ὀνομάτων
514 2788 948 2858 σεπμειώσθαι,
986 2787 1121 2845 ἀλλά
1147 2806 1200 2842 τι
1233 2790 1341 2843 τῶν
1366 2792 1494 2861 περὶ
1516 2792 1683 2863 αὐτὴν
1709 2792 1797 2848 διὰ

235 2876 323 2927 τῶν
346 2876 653 2947 λεγομένων
679 2879 1060 2949 γνωρίζεσθαι.
1108 2881 1354 2951 Δὲγομεν
1403 2882 1513 2953 γὰρ
1555 2879 1692 2936 εἶναι
1735 2882 1796 2936 τὸ

236 2964 352 3019 θεῖον
377 2969 676 3041 ἄφθαρτον,
713 2972 762 3024 εἰ
792 2971 932 3025 οὕτω
949 2972 1122 3044 τύχοι,
1148 2973 1439 3045 ἢδυνατδν,
1470 2975 1503 3045 ἢ
1531 2976 1631 3029 ὅσα
1662 2975 1795 3029 ἄλλα

236 3059 433 3129 σύνηθές
460 3064 580 3115 ἑστι
627 3063 827 3133 λέγειν.
872 3064 1009 3117 Ἀλλ’
1040 3066 1369 3135 εὑρίσκομεν
1408 3066 1639 3119 ἑκάστου
1683 3066 1793 3120 τῶν

232 3152 483 3221 ὀνομάτων
517 3155 835 3219 ἰδιάζουσαν
883 3155 1140 3226 ἔμφασιν,
1171 3157 1486 3228 πρέπουσαν
1532 3160 1659 3229 περὶ
1691 3158 1793 3229 τῆς

233 3244 359 3308 θείας
396 3248 613 3313 φύσεως
642 3246 879 3301 νοεῖσθαι
917 3248 1010 3301 καὶ
1043 3247 1333 3316 λέγεσθαι·
1388 3251 1448 3301 ού
1483 3250 1590 3320 μὴν
1617 3253 1791 3303 ἐκεῖνο

232 3339 605 3407 σημαίνουσαν,
637 3341 665 3393 ὂ
696 3344 809 3395 ἑστι
840 3344 958 3395 κατ’
990 3341 1177 3395 οὐσίαν
1211 3343 1243 3412 ή
1283 3341 1463 3409 φύσις.
1516 3343 1656 3395 Αὐτὸ
1682 3343 1791 3414 γὰρ

228 3429 315 3480 ὅτι
346 3431 467 3483 ποτέ
496 3433 683 3494 ἐστιν,
716 3432 991 3504 ἄφθαρτὸν
1032 3434 1200 3486 ἑστιν·
1243 3434 1275 3503 ἠ
1307 3433 1364 3485 δὲ
1391 3434 1485 3486 τοῦ
1514 3434 1791 3505 ἀφθάρτου

228 3522 380 3574 ἔννοια
421 3523 564 3595 αὕτη
599 3565 613 3586 ,
662 3526 723 3577 τὸ
775 3526 848 3595 μὴ
892 3527 972 3587 είς
1020 3523 1224 3594 φθορὰν
1265 3524 1324 3577 τὸ
1368 3522 1427 3577 δν
1458 3523 1787 3579 διαλύεσθαι.

228 3614 409 3667 Οὐκοῦν
451 3616 737 3685 ἄφθαρτον
786 3616 1063 3679 εἰπόντες,
1108 3615 1137 3668 ὃ
1189 3616 1264 3687 μὴ
1313 3616 1509 3685 πάσχει
1553 3618 1586 3686 ἡ
1633 3615 1792 3684 φύσις

226 3703 445 3773 εἴπομεν.
500 3705 571 3758 Τί
620 3706 679 3759 δέ
726 3708 841 3761 ἑστι
888 3707 950 3760 τὸ
991 3706 1092 3778 τὴν
1131 3704 1334 3777 φθορὰν
1366 3705 1443 3777 μὴ
1472 3705 1697 3777 πάσχον,
1730 3706 1790 3760 ού

227 3800 658 3869 παρεστήσαμεν.

1895 1968 2000 2023 sita
2049 1976 2198 2034 sunt,
2244 1969 2330 2024 vel
2386 1969 2593 2040 absque
2650 1969 2833 2039 aliqua
2884 1965 3138 2037 originali
3166 1967 3470 2030 notatione,

1894 2074 2057 2128 quam
2108 2061 2489 2131 etymologiam
2531 2060 2789 2122 dicimus,
2832 2059 3072 2129 reperiat
3108 2057 3309 2123 aliquis
3362 2056 3475 2109 for-

1895 2153 2033 2205 tuito
2063 2152 2470 2206 accommodata
2493 2168 2615 2207 esse
2649 2152 2933 2221 subjectis,
2964 2166 3088 2203 cum
3114 2148 3357 2204 contenti
3382 2163 3473 2203 es.

1895 2256 2080 2296 scmus
2105 2256 2431 2311 quocunque
2462 2242 2623 2295 modo
2650 2257 2748 2311 per
2781 2242 2849 2296 iis
2874 2241 3159 2310 impositas
3187 2253 3352 2293 voces
3380 2251 3470 2292 res

1895 2334 2220 2405 signiﬁcare,
2275 2349 2344 2389 ne
2382 2334 2609 2387 confusa
2666 2333 2824 2387 nobis
2863 2340 3008 2386 esset
3036 2345 3217 2385 rerum
3255 2328 3469 2400 signiﬁ-

1895 2434 2139 2478 catarum
2173 2426 2430 2495 cognitio.
2464 2423 2666 2477 Eorum
2726 2431 2907 2478 autem
2944 2438 3064 2491 quae
3100 2420 3304 2475 idcirco
3347 2434 3474 2490 pro.-

1895 2516 2008 2571 dita
2042 2525 2171 2571 sunt
2196 2528 2254 2571 ut
2291 2532 2392 2572 nos
2444 2516 2779 2571 deducerent
2827 2514 2895 2567 ad
2940 2512 3045 2568 Dei
3082 2514 3473 2584 cognitionem,

1896 2609 2223 2678 peculiarem
2253 2607 2679 2677 unumquodque
2708 2607 2953 2660 continet
2978 2605 3031 2658 in
3059 2619 3117 2659 se
3145 2604 3474 2659 sententiam

1896 2702 2385 2770 comprehensam;
2424 2715 2525 2754 nec
2580 2700 2746 2753 ullam
2803 2698 2860 2752 in
2917 2698 3120 2753 divinis
3154 2696 3473 2752 nominibus

1894 2806 2084 2845 vocem
2110 2792 2351 2860 reperias
2384 2790 2569 2859 aliquo
2599 2797 2874 2842 carentem
2918 2787 3221 2841 intellectu.
3252 2784 3331 2839 Ex
3369 2785 3474 2840 hoc

1896 2883 2079 2952 itaque
2107 2882 2533 2944 demonstratur,
2588 2880 2731 2949 quod
2759 2895 2867 2933 non
2897 2881 3013 2949 ipsa
3043 2878 3225 2932 divina
3276 2883 3472 2930 natura

1895 2991 1992 3047 per
2020 2973 2239 3043 aliquod
2291 2989 2480 3027 eorum
2524 2974 2806 3026 nominum
2856 2973 3171 3033 denotetur,
3234 2969 3330 3025 sed
3368 2968 3471 3023 ali-

1894 3066 2024 3135 quid
2064 3080 2276 3127 corum,
2319 3081 2440 3133 quae
2493 3065 2541 3118 ci
2598 3064 2853 3133 adjuncta
2902 3071 3053 3128 sunt,
3110 3077 3206 3132 per
3254 3076 3319 3116 ea
3348 3075 3472 3130 qua:

1850 3203 1864 3224 ,
1898 3158 2175 3220 dicuntur,
2211 3157 2500 3210 indicetur.
2562 3154 2805 3211 Dicimus
2862 3156 3030 3221 enim,
3080 3155 3231 3210 verbi
3271 3155 3470 3225 gratia,

1898 3250 1945 3301 si
1977 3263 2066 3302 res
2090 3250 2161 3301 ita
2198 3246 2353 3308 ferat,
2387 3261 2587 3300 numen
2617 3260 2740 3301 esse
2782 3246 3222 3316 incorruptibile,
3250 3246 3334 3301 vel
3369 3259 3471 3315 po-

1898 3347 2039 3403 tens,
2065 3338 2148 3392 vel
2173 3352 2509 3408 quaacunque
2532 3338 2637 3390 alia
2661 3337 2844 3391 dicere
2874 3352 2992 3391 mos
3027 3345 3131 3392 est.
3181 3336 3285 3392 Sed
3314 3352 3472 3407 repe-

1899 3427 2072 3482 rimus
2110 3427 2379 3497 cujusque
2408 3428 2646 3485 nominis
2678 3427 3009 3496 peculiarem
3036 3443 3159 3484 esse
3192 3427 3471 3499 signiﬁca-

1899 3518 2125 3581 tionem,
2155 3534 2317 3589 quam
2364 3519 2555 3574 deceat
2623 3520 2851 3590 intelligi
2908 3534 2971 3573 ac
3007 3519 3117 3573 dici
3159 3518 3227 3575 de
3285 3519 3472 3574 divina

1898 3622 2115 3676 natura,
2149 3627 2270 3682 qua:
2303 3612 2629 3681 signiﬁcatio
2655 3619 2836 3667 tamen
2869 3628 2979 3669 non
3024 3611 3158 3665 illud
3181 3611 3470 3682 signiﬁcet,

1898 3703 2041 3774 quod
2062 3710 2259 3757 natura
2286 3702 2437 3772 juxta
2461 3703 2754 3758 essentiam
2785 3710 2889 3758 est.
2910 3701 3045 3757 Nam
3073 3702 3274 3773 ipsum,
3297 3702 3473 3772 quod-

1900 3810 2117 3865 cunque
2153 3793 2373 3850 tandem
2425 3802 2531 3859 est,
2588 3795 3004 3866 incorruptibile
3051 3803 3138 3851 est
3168 3812 3183 3850 :
3211 3795 3472 3851 dictionis

227 3900 386 3944 autem
410 3889 875 3970 “incorruptibilis
926 3891 1080 3946 notio
1126 3899 1291 3961 atque
1365 3890 1675 3947 intellectus
1698 3890 1789 3946 hic
1812 3899 1915 3956 est,
1957 3888 2103 3958 quod
2144 3888 2196 3942 id
2220 3888 2363 3958 quod
2393 3898 2473 3955 est
2502 3886 2568 3940 ad
2592 3888 2999 3958 corruptionem
3028 3901 3136 3941 non
3166 3886 3468 3969 redigatur.

225 3978 444 4037 Proinde
476 3998 611 4036 cum
648 3982 1060 4051 incorruptibile
1114 3982 1377 4046 diximus,
1432 3982 1486 4045 id
1534 3983 1681 4054 quod
1730 3983 1783 4036 in
1819 3989 2073 4036 naturam
2109 3997 2218 4036 non
2246 3980 2415 4045 cadit,
2456 3982 2696 4036 diximus
2733 3998 2746 4034 :
2782 3980 2914 4051 quid
2947 3989 3125 4035 autem
3165 3981 3239 4034 sit
3296 3978 3453 4045 illud,

226 4075 351 4143 quod
382 4075 739 4145 corruptioni
788 4076 1087 4130 obnoxium
1128 4092 1237 4131 non
1271 4079 1363 4143 sit,
1397 4091 1506 4131 non
1564 4075 1961 4147 expressimus.

301 4258 450 4311 Οὕτω
494 4258 607 4311 κᾶν
657 4256 915 4321 ζωοποιὸν
967 4255 1243 4325 εἴπωμεν,
1290 4256 1318 4308 ὂ
1372 4258 1515 4309 ποιεῖ
1557 4254 1646 4308 διὰ
1692 4257 1792 4325 τῆς

224 4353 586 4424 προσηγορίας
635 4352 975 4423 σημάναντες
1002 4389 1017 4413 ,
1066 4350 1125 4403 τὸ
1162 4349 1345 4404 ποιοῦν
1395 4350 1471 4420 τῷ
1518 4350 1660 4419 λόγῳ
1691 4350 1790 4403 οὐκ

224 4444 611 4514 ἑγκωρίσαμεν.
664 4444 772 4495 Καὶ
808 4442 875 4495 τὰ
920 4442 1052 4496 ἄλλα
1089 4440 1265 4495 πάντα
1310 4442 1450 4495 κατὰ
1498 4443 1587 4494 τὸν
1629 4441 1788 4495 αὑτὸν

222 4533 361 4603 λόγον
383 4538 445 4588 ἐκ
469 4536 575 4606 τῆς
598 4534 920 4603 ἐγκειμένης
941 4536 1059 4596 ταῖς
1080 4532 1565 4602 θεοπρεπεστέραις
1586 4535 1789 4601 φωναῖς
1824 4562 1869 4620 D

226 4626 486 4693 σημασίας
540 4623 895 4693 εὑρίσκομεν,
942 4622 975 4691 ἢ
1020 4622 1080 4674 τὸ
1117 4621 1189 4692 μὴ
1221 4621 1337 4673 δέον
1370 4622 1461 4674 ἐπὶ
1502 4623 1599 4691 τῆς
1644 4622 1791 4684 θείας

222 4713 419 4784 φύσεως
460 4714 754 4785 γινώσκειν
803 4714 1246 4785 ἀπαγορεύοντα,
1298 4713 1329 4783 ἢ
1381 4715 1441 4766 τὸ
1487 4714 1602 4767 δέον
1652 4714 1793 4767 διδά-

226 4824 442 4875 σκοντα,
487 4809 661 4878 αὐτῆς
708 4807 765 4861 δὲ
812 4808 911 4875 τῆς
958 4806 1168 4875 φύσεως
1213 4805 1508 4877 ἑρμηνείαν
1547 4805 1606 4857 ού
1638 4822 1792 4875 περι-

226 4900 419 4971 έχοντα.
472 4901 628 4953 Ἐπεὶ⁴
651 4899 827 4952 τοίνυν
862 4900 957 4961 τὰς
982 4898 1229 4960 ποικίλας
1260 4899 1359 4967 τῆς
1390 4898 1790 4968 ὑπερκειμένης

222 4990 491 5061 δυνάμεως
526 4988 806 5061 ἐνεργείας
834 4987 1219 5051 κατανοοῦντες
1262 4989 1353 5056 ἀφ’
1404 4990 1638 5058 ἑκάστης
1682 4990 1791 5042 τῶν

223 5082 340 5151 ἡμῖν
371 5082 668 5152 γνωρίμων
698 5080 986 5152 ἐνεργειῶν
1028 5082 1125 5145 τὰς
1156 5080 1523 5153 προσηγορίας
1553 5079 1789 5151 ἁρμόζο-

226 5190 351 5242 μεν·
410 5175 543 5244 μίαν
585 5173 641 5225 δὲ
687 5174 781 5226 καὶ
828 5173 1031 5243 ταύτην
1066 5168 1200 5226 εἶναι
1248 5173 1348 5244 τὴν
1381 5172 1660 5242 ἐνέργειαν
1692 5172 1791 5242 τὴν

222 5266 512 5336 ὲποπτικὴν
546 5267 641 5317 καὶ
665 5264 926 5335 ὁρατικὴν
947 5304 961 5328 ,
1008 5264 1102 5318 καὶ
1131 5264 1207 5327 ὡς
1237 5265 1302 5318 ἄν
1328 5281 1411 5326 τις
1438 5263 1581 5322 εἴποι
1616 5264 1791 5317 θεατιο

224 5360 333 5429 χὴν,
369 5359 493 5412 καθ’
529 5360 595 5430 ἢν
628 5359 696 5411 τὰ
726 5358 901 5412 πάντα
940 5360 1111 5429 ἐφορᾷ
1141 5360 1236 5411 καὶ
1266 5358 1444 5411 πάντα
1481 5359 1786 5421 ἐπισκοπεῖ,

222 5452 308 5513 τὰς
339 5450 665 5520 ἐνθυμήσεις
715 5449 926 5519 βλέπων
968 5450 1061 5503 καὶ
1103 5450 1194 5501 ἐπὶ
1220 5448 1289 5501 τὰ
1332 5449 1535 5503 ἀθέατα
1562 5452 1628 5520 τῇ
1658 5448 1791 5502 θεω-

225 5544 410 5611 ρητικῇ
440 5541 668 5611 δυνάμει
712 5541 1092 5612 διαδυόμενος,
1125 5540 1534 5611 ὑπειλήφαμεν,
1582 5542 1647 5594 ἑκ
1693 5540 1791 5610 τῆς

224 5630 339 5694 θέας
364 5676 379 5697 ,
434 5634 531 5703 τὴν
582 5634 814 5705 Θεότητα
847 5632 1303 5704 παρωνομάσθαι,
1354 5635 1446 5687 καὶ
1474 5633 1564 5688 τὸν
1594 5634 1790 5705 θεατὴν

224 5722 370 5791 ἡμῶν
398 5723 548 5787 Θεὸν,
584 5724 691 5777 ὑπό
717 5741 777 5777 τε
814 5726 912 5794 τῆς
947 5724 1231 5795 συνηθείας
1265 5725 1360 5779 καὶ
1385 5726 1483 5795 τῆς
1510 5724 1617 5778 τῶν
1647 5725 1788 5796 Γρα-

226 5812 333 5883 φῶν
371 5814 717 5880 διδασκαλίας
748 5816 1262 5889 προσαγορεύεσθαι.
1308 5817 1369 5870 Εί
1418 5815 1474 5869 δὲ
1520 5819 1793 5887 συγχωρεῖ

1969 4252 2170 4308 Eodem
2212 4250 2375 4307 modo
2408 4253 2453 4307 si
2482 4252 2567 4308 vel
2598 4251 2871 4307 viviﬁcum
2908 4252 3231 4318 dixerimus,
3258 4268 3383 4308 cum
3413 4252 3466 4308 id

1896 4345 2040 4414 quod
2070 4345 2233 4399 eﬁicit
2261 4361 2359 4415 per
2387 4345 2804 4415 appellationem
2839 4344 3355 4416 signiﬁcaverimus,
3388 4345 3470 4414 ip-

1896 4454 2017 4492 sum
2050 4436 2311 4503 eﬁiciens,
2367 4454 2429 4492 ac
2478 4444 2729 4491 naturam
2763 4436 3092 4491 eﬁectricem
3137 4437 3245 4506 (eo)
3303 4436 3469 4491 verbo

1897 4544 2004 4581 non
2048 4526 2433 4581 indicavimus.
2467 4525 2598 4581 ltem
2637 4527 2690 4579 in
2733 4528 2944 4581 caeteris
2974 4526 3230 4580 omnibus
3277 4526 3467 4581 eadem

1896 4621 2109 4675 ratione
2132 4636 2199 4674 ex
2228 4635 2315 4684 ea,
2346 4634 2467 4689 qua:
2494 4620 2659 4673 insita
2680 4628 2765 4674 est
2788 4620 3199 4690 augustioribus
3214 4620 3465 4685 vocibus,

1894 4710 2313 4782 signiﬁcatione,
2344 4710 2644 4780 reperimus
2670 4719 2765 4764 aut
2792 4726 2878 4773 ea,
2919 4726 3039 4780 qua:
3067 4710 3143 4776 id,
3178 4711 3325 4780 quod
3354 4726 3466 4765 non

1892 4812 2123 4871 oportet,
2150 4801 2219 4857 de
2266 4802 2450 4856 divina
2483 4810 2677 4855 natura
2719 4801 2922 4856 sentire
2969 4801 3319 4867 interdicant,
3372 4808 3466 4855 aut

1893 4910 2014 4965 quas
2067 4895 2272 4951 sentire
2311 4895 2521 4959 deceat,
2581 4910 2682 4950 nos
2711 4894 2965 4960 doceant,
3016 4910 3127 4949 non
3155 4902 3338 4949 autem
3372 4909 3459 4959 ea,

1891 5002 2012 5057 qua:
2059 4987 2377 5041 contineant
2441 4986 2614 5056 ipsius
2695 4992 2907 5039 natura:
2982 4984 3460 5054 signiﬁcationem.

1892 5079 2161 5145 Quoniam
2192 5080 2358 5150 igitur
2384 5081 2568 5134 varias
2628 5092 2879 5147 supernae
2907 5077 3162 5149 potentia:
3190 5074 3463 5131 eﬁicacias

1891 5173 2390 5228 animadvertentes
2426 5188 2457 5226 a
2482 5173 2726 5243 qualibet
2754 5172 2914 5227 nobis
2941 5179 3068 5225 nota
3102 5167 3339 5223 cﬁicacia
3368 5183 3463 5238 ap-

1891 5266 2210 5336 pellationes
2244 5265 2585 5335 adaptamus,
2619 5274 2783 5335 atque
2811 5278 2974 5318 unam
3005 5261 3261 5315 nimirum
3297 5261 3463 5315 etiam

1890 5362 2035 5415 hanc
2062 5361 2364 5416 efﬁcaciam
2424 5360 2808 5431 inspectricem
2839 5366 2894 5413 et
2942 5356 3297 5411 visitatricem
3324 5362 3377 5409 et
3403 5364 3463 5407 ut

1891 5454 2088 5523 aliquis
2119 5452 2304 5507 dicere
2326 5453 2519 5522 possit,
2565 5451 2843 5519 θεατικήν,
2886 5448 2938 5504 id
2969 5457 3075 5512 est,
3096 5447 3459 5516 spectatricem

1889 5559 2012 5600 esse
2029 5544 2411 5615 cognoscimus
2433 5562 2445 5595 :
2462 5559 2566 5613 qua
2579 5542 2761 5597 omnia
2777 5539 3203 5610 inspicit,omnia
3222 5540 3462 5593 intuetur

1891 5636 2254 5708 cogitationes
2276 5636 2492 5699 videns,
2523 5642 2575 5689 et
2609 5648 2784 5703 usque
2817 5632 2885 5687 ad
2925 5647 3013 5695 ea,
3040 5646 3164 5702 qua:
3220 5631 3457 5702 spectari

1891 5741 2000 5781 non
2030 5732 2284 5793 possunt,
2311 5723 2759 5793 contemplatrice
2805 5721 3005 5777 virtute
3026 5732 3317 5792 penetrans
3346 5736 3360 5773 :
3393 5721 3461 5771 ἐκ

1886 5816 2148 5887 τῆςθέας,
2184 5816 2237 5871 id
2261 5822 2345 5871 est
2375 5815 2571 5870 visione
2593 5824 2642 5869 et
2662 5813 3001 5885 inspectione,
3032 5811 3277 5881 θεότητα,
3297 5810 3348 5864 id
3376 5818 3458 5863 est
