  <div class='ocr_page' id='page_1' title='image "/cluster/home/n/w/nwhite01/storage/ocr_20150623/45/hvd.32044019826437/069.png"; bbox 0 0 3978 6540; ppageno 0'>
   <div class='ocr_carea' id='block_1_1' title="bbox 484 397 586 455">
    <p class='ocr_par' dir='ltr' id='par_1_1' title="bbox 484 397 586 455">
     <span class='ocr_line' id='line_1_1' title="bbox 484 397 586 455; baseline 0.01 -2"><span class='ocrx_word' id='word_1_1' title='bbox 484 397 586 455; x_wconf 71' lang='lat'><strong>123</strong></span> 
     </span>
    </p>
   </div>
   <div class='ocr_carea' id='block_1_2' title="bbox 1728 395 2517 457">
    <p class='ocr_par' dir='ltr' id='par_1_2' title="bbox 1728 395 2517 457">
     <span class='ocr_line' id='line_1_2' title="bbox 1728 395 2517 457; baseline -0.004 -2"><span class='ocrx_word' id='word_1_2' title='bbox 1728 397 1796 457; x_wconf 91' lang='lat' dir='ltr'><strong>S.</strong></span> <span class='ocrx_word' id='word_1_3' title='bbox 1835 396 2163 456; x_wconf 77' lang='lat' dir='ltr'><strong>GREGORII</strong></span> <span class='ocrx_word' id='word_1_4' title='bbox 2198 395 2517 456; x_wconf 50' lang='lat' dir='ltr'><strong>NYSSENi‘</strong></span> 
     </span>
    </p>
   </div>
   <div class='ocr_carea' id='block_1_3' title="bbox 3622 399 3753 454">
    <p class='ocr_par' dir='ltr' id='par_1_3' title="bbox 3622 399 3753 454">
     <span class='ocr_line' id='line_1_3' title="bbox 3622 399 3753 454; baseline 0 0"><span class='ocrx_word' id='word_1_5' title='bbox 3622 399 3753 454; x_wconf 65' lang='lat' dir='ltr'><strong>H4</strong></span> 
     </span>
    </p>
   </div>
   <div class='ocr_carea' id='block_1_4' title="bbox 477 513 2063 589">
    <p class='ocr_par' dir='ltr' id='par_1_4' title="bbox 477 513 2045 584">
     <span class='ocr_line' id='line_1_4' title="bbox 477 513 2045 584; baseline -0.001 -14"><span class='ocrx_word' id='word_1_6' title='bbox 477 518 725 572; x_wconf 74' lang='lat' dir='ltr'><strong>deitatem</strong></span> <span class='ocrx_word' id='word_1_7' title='bbox 757 513 1162 571; x_wconf 85' lang='lat' dir='ltr'><strong>denominatam</strong></span> <span class='ocrx_word' id='word_1_8' title='bbox 1200 528 1325 571; x_wconf 86' lang='lat' dir='ltr'><strong>esse</strong></span> <span class='ocrx_word' id='word_1_9' title='bbox 1371 513 1773 584; x_wconf 79' lang='lat' dir='ltr'><strong>existimamus,</strong></span> <span class='ocrx_word' id='word_1_10' title='bbox 1799 519 1897 574; x_wconf 81' lang='grc' dir='ltr'><strong>τὸν</strong></span> <span class='ocrx_word' id='word_1_11' title='bbox 1917 519 2045 574; x_wconf 57' lang='lat' dir='ltr'><strong>eam.</strong></span> 
     </span>
    </p>
   </div>
   <div class='ocr_carea' id='block_1_5' title="bbox 2163 513 3752 589">
    <p class='ocr_par' dir='ltr' id='par_1_5' title="bbox 2163 515 3752 589">
     <span class='ocr_line' id='line_1_5' title="bbox 2163 515 3752 589; baseline -0.002 -16"><span class='ocrx_word' id='word_1_12' title='bbox 2163 538 2231 584; x_wconf 75' lang='grc' dir='ltr'>τις</span> <span class='ocrx_word' id='word_1_13' title='bbox 2264 520 2457 573; x_wconf 69' lang='grc' dir='ltr'>ταύτὸν</span> <span class='ocrx_word' id='word_1_14' title='bbox 2480 515 2645 585; x_wconf 78' lang='grc' dir='ltr'>εἶναι,</span> <span class='ocrx_word' id='word_1_15' title='bbox 2677 517 2739 572; x_wconf 86' lang='lat'><strong>16</strong></span> <span class='ocrx_word' id='word_1_16' title='bbox 2777 517 3089 584; x_wconf 76' lang='grc' dir='ltr'>θεάσασθαις</span> <span class='ocrx_word' id='word_1_17' title='bbox 3123 518 3217 573; x_wconf 75' lang='grc' dir='ltr'>καὶ</span> <span class='ocrx_word' id='word_1_18' title='bbox 3258 516 3317 573; x_wconf 81' lang='grc' dir='ltr'>τὺ</span> <span class='ocrx_word' id='word_1_19' title='bbox 3347 517 3580 589; x_wconf 76' lang='grc' dir='ltr'><strong>βλέπειν,</strong></span> <span class='ocrx_word' id='word_1_20' title='bbox 3634 518 3752 572; x_wconf 81' lang='grc' dir='ltr'><strong>καὶ</strong></span> 
     </span>
    </p>
   </div>
   <div class='ocr_carea' id='block_1_6' title="bbox 475 606 2048 679">
    <p class='ocr_par' dir='ltr' id='par_1_6' title="bbox 475 606 2048 679">
     <span class='ocr_line' id='line_1_6' title="bbox 475 606 2048 679; baseline 0.002 -18"><span class='ocrx_word' id='word_1_21' title='bbox 475 609 575 679; x_wconf 82' lang='grc' dir='ltr'>τὴν</span> <span class='ocrx_word' id='word_1_22' title='bbox 597 611 629 679; x_wconf 81' lang='grc' dir='ltr'>ἡ</span> <span class='ocrx_word' id='word_1_23' title='bbox 638 607 753 678; x_wconf 83' lang='grc' dir='ltr'>μῶν</span> <span class='ocrx_word' id='word_1_24' title='bbox 782 606 834 661; x_wconf 88' lang='lat' dir='ltr'><strong>id</strong></span> <span class='ocrx_word' id='word_1_25' title='bbox 862 614 945 663; x_wconf 89' lang='lat' dir='ltr'><strong>est</strong></span> <span class='ocrx_word' id='word_1_26' title='bbox 966 608 1311 676; x_wconf 64' lang='lat' dir='ltr'><strong>inspectore»:</strong></span> <span class='ocrx_word' id='word_1_27' title='bbox 1330 607 1791 676; x_wconf 70' lang='lat' dir='ltr'><strong>contemplatorem</strong></span> <span class='ocrx_word' id='word_1_28' title='bbox 1806 620 2048 664; x_wconf 75' lang='lat' dir='ltr'><strong>nostrum</strong></span> 
     </span>
    </p>
   </div>
   <div class='ocr_carea' id='block_1_7' title="bbox 477 697 2052 764">
    <p class='ocr_par' dir='ltr' id='par_1_7' title="bbox 477 697 2052 764">
     <span class='ocr_line' id='line_1_7' title="bbox 477 697 2052 764; baseline 0.001 -11"><span class='ocrx_word' id='word_1_29' title='bbox 477 709 527 753; x_wconf 81' lang='lat' dir='ltr'><strong>et</strong></span> <span class='ocrx_word' id='word_1_30' title='bbox 565 708 881 761; x_wconf 75' lang='lat' dir='ltr'><strong><em>curatorem,</em></strong></span> <span class='ocrx_word' id='word_1_31' title='bbox 910 697 1063 764; x_wconf 87' lang='grc' dir='ltr'>Θεόν,</span> <span class='ocrx_word' id='word_1_32' title='bbox 1095 698 1161 752; x_wconf 75' lang='lat' dir='ltr'><strong>id</strong></span> <span class='ocrx_word' id='word_1_33' title='bbox 1176 705 1261 754; x_wconf 85' lang='lat' dir='ltr'><strong>est</strong></span> <span class='ocrx_word' id='word_1_34' title='bbox 1291 697 1480 763; x_wconf 84' lang='lat' dir='ltr'><strong>Deum,</strong></span> <span class='ocrx_word' id='word_1_35' title='bbox 1506 706 1561 753; x_wconf 90' lang='lat' dir='ltr'><strong>et</strong></span> <span class='ocrx_word' id='word_1_36' title='bbox 1596 701 2052 756; x_wconf 80' lang='lat' dir='ltr'><strong>aconsuetudine</strong></span> 
     </span>
    </p>
   </div>
   <div class='ocr_carea' id='block_1_8' title="bbox 478 790 2046 862">
    <p class='ocr_par' dir='ltr' id='par_1_8' title="bbox 478 790 2046 862">
     <span class='ocr_line' id='line_1_8' title="bbox 478 790 2046 862; baseline 0.001 -18"><span class='ocrx_word' id='word_1_37' title='bbox 478 801 532 852; x_wconf 71' lang='lat' dir='ltr'><strong>et</strong></span> <span class='ocrx_word' id='word_1_38' title='bbox 564 805 593 844; x_wconf 86' lang='lat' dir='ltr'><strong>a</strong></span> <span class='ocrx_word' id='word_1_39' title='bbox 624 790 1033 862; x_wconf 85' lang='lat' dir='ltr'><strong>Scripturarum</strong></span> <span class='ocrx_word' id='word_1_40' title='bbox 1081 790 1332 845; x_wconf 80' lang='lat' dir='ltr'><strong>doctrina</strong></span> <span class='ocrx_word' id='word_1_41' title='bbox 1380 791 1641 861; x_wconf 86' lang='lat' dir='ltr'><strong>appellari</strong></span> <span class='ocrx_word' id='word_1_42' title='bbox 1690 792 2046 847; x_wconf 89' lang='lat' dir='ltr'><strong>arbitramur.</strong></span> 
     </span>
    </p>
   </div>
   <div class='ocr_carea' id='block_1_9' title="bbox 476 880 2050 952">
    <p class='ocr_par' dir='ltr' id='par_1_9' title="bbox 476 880 2050 952">
     <span class='ocr_line' id='line_1_9' title="bbox 476 880 2050 952; baseline 0.001 -17"><span class='ocrx_word' id='word_1_43' title='bbox 476 880 634 948; x_wconf 84' lang='lat' dir='ltr'><strong>Quod</strong></span> <span class='ocrx_word' id='word_1_44' title='bbox 684 882 732 938; x_wconf 89' lang='lat' dir='ltr'><strong>si</strong></span> <span class='ocrx_word' id='word_1_45' title='bbox 792 882 936 952; x_wconf 53' lang='lat' dir='ltr'><strong>quis»</strong></span> <span class='ocrx_word' id='word_1_46' title='bbox 960 882 1250 946; x_wconf 83' lang='lat' dir='ltr'><strong>concedit,</strong></span> <span class='ocrx_word' id='word_1_47' title='bbox 1312 883 1455 938; x_wconf 89' lang='lat' dir='ltr'><strong>idem</strong></span> <span class='ocrx_word' id='word_1_48' title='bbox 1512 898 1665 949; x_wconf 89' lang='lat' dir='ltr'><strong>esse,</strong></span> <span class='ocrx_word' id='word_1_49' title='bbox 1729 882 1792 937; x_wconf 81' lang='grc' dir='ltr'>τὺ</span> <span class='ocrx_word' id='word_1_50' title='bbox 1851 883 2050 937; x_wconf 84' lang='grc' dir='ltr'>θεάσα-</span> 
     </span>
    </p>
   </div>
   <div class='ocr_carea' id='block_1_10' title="bbox 476 972 2054 1044">
    <p class='ocr_par' dir='ltr' id='par_1_10' title="bbox 476 972 2054 1044">
     <span class='ocr_line' id='line_1_10' title="bbox 476 972 2054 1044; baseline 0.001 -18"><span class='ocrx_word' id='word_1_51' title='bbox 476 973 621 1037; x_wconf 88' lang='grc' dir='ltr'>σθαι,</span> <span class='ocrx_word' id='word_1_52' title='bbox 656 973 711 1027; x_wconf 91' lang='lat' dir='ltr'><strong>id</strong></span> <span class='ocrx_word' id='word_1_53' title='bbox 772 982 858 1028; x_wconf 86' lang='lat' dir='ltr'><strong>est</strong></span> <span class='ocrx_word' id='word_1_54' title='bbox 913 982 1166 1041; x_wconf 75' lang='lat' dir='ltr'><strong>spectare,</strong></span> <span class='ocrx_word' id='word_1_55' title='bbox 1198 980 1256 1028; x_wconf 86' lang='lat' dir='ltr'><strong>et</strong></span> <span class='ocrx_word' id='word_1_56' title='bbox 1318 972 1379 1026; x_wconf 80' lang='grc' dir='ltr'><strong>τὸ</strong></span> <span class='ocrx_word' id='word_1_57' title='bbox 1414 973 1651 1044; x_wconf 82' lang='grc' dir='ltr'><strong>βλέπειν,</strong></span> <span class='ocrx_word' id='word_1_58' title='bbox 1706 974 1811 1029; x_wconf 88' lang='lat' dir='ltr'><strong>hoc</strong></span> <span class='ocrx_word' id='word_1_59' title='bbox 1839 984 1918 1030; x_wconf 81' lang='lat' dir='ltr'><strong>est</strong></span> <span class='ocrx_word' id='word_1_60' title='bbox 1974 975 2054 1029; x_wconf 80' lang='lat' dir='ltr'><strong>vi-</strong></span> 
     </span>
    </p>
   </div>
   <div class='ocr_carea' id='block_1_11' title="bbox 474 1061 2054 1134">
    <p class='ocr_par' dir='ltr' id='par_1_11' title="bbox 474 1061 2054 1134">
     <span class='ocr_line' id='line_1_11' title="bbox 474 1061 2054 1134; baseline 0.001 -18"><span class='ocrx_word' id='word_1_61' title='bbox 474 1062 597 1117; x_wconf 83' lang='lat' dir='ltr'><strong>dere</strong></span> <span class='ocrx_word' id='word_1_62' title='bbox 629 1077 648 1116; x_wconf 90' lang='lat'><strong><em>:</em></strong></span> <span class='ocrx_word' id='word_1_63' title='bbox 684 1071 855 1133; x_wconf 78' lang='lat' dir='ltr'><strong>atque</strong></span> <span class='ocrx_word' id='word_1_64' title='bbox 873 1062 1054 1118; x_wconf 89' lang='lat' dir='ltr'><strong>omnia</strong></span> <span class='ocrx_word' id='word_1_65' title='bbox 1087 1061 1388 1134; x_wconf 72' lang='grc' dir='ltr'><strong>ἐφορῶντα,</strong></span> <span class='ocrx_word' id='word_1_66' title='bbox 1418 1063 1522 1118; x_wconf 87' lang='lat' dir='ltr'><strong>hoc</strong></span> <span class='ocrx_word' id='word_1_67' title='bbox 1567 1074 1651 1119; x_wconf 89' lang='lat' dir='ltr'><strong>est</strong></span> <span class='ocrx_word' id='word_1_68' title='bbox 1690 1064 2054 1132; x_wconf 77' lang='lat' dir='ltr'><strong>iuspicientem</strong></span> 
     </span>
    </p>
   </div>
   <div class='ocr_carea' id='block_1_12' title="bbox 474 1151 2053 1224">
    <p class='ocr_par' dir='ltr' id='par_1_12' title="bbox 474 1151 2053 1224">
     <span class='ocr_line' id='line_1_12' title="bbox 474 1151 2053 1224; baseline 0.001 -19"><span class='ocrx_word' id='word_1_69' title='bbox 474 1151 628 1218; x_wconf 88' lang='grc' dir='ltr'>Θεόν,</span> <span class='ocrx_word' id='word_1_70' title='bbox 662 1153 717 1208; x_wconf 88' lang='lat' dir='ltr'><strong>id</strong></span> <span class='ocrx_word' id='word_1_71' title='bbox 766 1161 853 1208; x_wconf 88' lang='lat' dir='ltr'><strong>est</strong></span> <span class='ocrx_word' id='word_1_72' title='bbox 886 1152 1070 1216; x_wconf 80' lang='lat' dir='ltr'><strong>Deum,</strong></span> <span class='ocrx_word' id='word_1_73' title='bbox 1124 1152 1318 1224; x_wconf 77' lang='grc' dir='ltr'>ἔφορον</span> <span class='ocrx_word' id='word_1_74' title='bbox 1342 1153 1447 1209; x_wconf 90' lang='lat' dir='ltr'><strong>hoc</strong></span> <span class='ocrx_word' id='word_1_75' title='bbox 1492 1161 1579 1210; x_wconf 85' lang='lat' dir='ltr'><strong>est</strong></span> <span class='ocrx_word' id='word_1_76' title='bbox 1634 1156 1977 1223; x_wconf 81' lang='lat' dir='ltr'><strong>inspectorem</strong></span> <span class='ocrx_word' id='word_1_77' title='bbox 2003 1163 2053 1209; x_wconf 86' lang='lat' dir='ltr'><strong>et</strong></span> 
     </span>
    </p>
   </div>
   <div class='ocr_carea' id='block_1_13' title="bbox 473 1245 2056 1315">
    <p class='ocr_par' dir='ltr' id='par_1_13' title="bbox 473 1245 2056 1315">
     <span class='ocr_line' id='line_1_13' title="bbox 473 1245 2056 1315; baseline 0.003 -17"><span class='ocrx_word' id='word_1_78' title='bbox 473 1245 785 1315; x_wconf 72' lang='lat' dir='ltr'><strong>praefectum</strong></span> <span class='ocrx_word' id='word_1_79' title='bbox 806 1261 1029 1300; x_wconf 74' lang='lat' dir='ltr'><strong>summa:</strong></span> <span class='ocrx_word' id='word_1_80' title='bbox 1050 1262 1227 1300; x_wconf 81' lang='lat' dir='ltr'><strong>rerum</strong></span> <span class='ocrx_word' id='word_1_81' title='bbox 1284 1253 1339 1301; x_wconf 88' lang='lat' dir='ltr'><strong>et</strong></span> <span class='ocrx_word' id='word_1_82' title='bbox 1367 1260 1491 1303; x_wconf 86' lang='lat' dir='ltr'><strong>esse</strong></span> <span class='ocrx_word' id='word_1_83' title='bbox 1530 1256 1585 1302; x_wconf 88' lang='lat' dir='ltr'><strong>et</strong></span> <span class='ocrx_word' id='word_1_84' title='bbox 1613 1246 1723 1303; x_wconf 91' lang='lat' dir='ltr'><strong>dici</strong></span> <span class='ocrx_word' id='word_1_85' title='bbox 1755 1270 1770 1303; x_wconf 72' lang='grc' dir='ltr'><strong>ι</strong></span> <span class='ocrx_word' id='word_1_86' title='bbox 1803 1247 2056 1304; x_wconf 90' lang='lat' dir='ltr'><strong>conside-</strong></span> 
     </span>
    </p>
   </div>
   <div class='ocr_carea' id='block_1_14' title="bbox 432 1336 2053 1409">
    <p class='ocr_par' dir='ltr' id='par_1_14' title="bbox 432 1336 2053 1409">
     <span class='ocr_line' id='line_1_14' title="bbox 432 1336 2053 1409; baseline 0.001 -18"><span class='ocrx_word' id='word_1_87' title='bbox 432 1390 439 1409; x_wconf 50' lang='lat'><strong>,</strong></span> <span class='ocrx_word' id='word_1_88' title='bbox 472 1346 560 1393; x_wconf 85' lang='lat' dir='ltr'><strong>ret</strong></span> <span class='ocrx_word' id='word_1_89' title='bbox 587 1338 729 1392; x_wconf 88' lang='lat' dir='ltr'><strong>hanc</strong></span> <span class='ocrx_word' id='word_1_90' title='bbox 756 1336 1078 1401; x_wconf 85' lang='lat' dir='ltr'><strong>efﬁcaciam,</strong></span> <span class='ocrx_word' id='word_1_91' title='bbox 1099 1346 1286 1392; x_wconf 89' lang='lat' dir='ltr'><strong>utrum</strong></span> <span class='ocrx_word' id='word_1_92' title='bbox 1318 1338 1411 1392; x_wconf 91' lang='lat' dir='ltr'><strong>uni</strong></span> <span class='ocrx_word' id='word_1_93' title='bbox 1448 1337 1593 1395; x_wconf 93' lang='lat' dir='ltr'><strong>adsit</strong></span> <span class='ocrx_word' id='word_1_94' title='bbox 1620 1353 1687 1393; x_wconf 82' lang='lat' dir='ltr'><strong>ex</strong></span> <span class='ocrx_word' id='word_1_95' title='bbox 1715 1338 1809 1402; x_wconf 91' lang='lat' dir='ltr'><strong>iis,</strong></span> <span class='ocrx_word' id='word_1_96' title='bbox 1839 1354 1960 1409; x_wconf 84' lang='lat' dir='ltr'><strong>quae</strong></span> <span class='ocrx_word' id='word_1_97' title='bbox 1998 1338 2053 1394; x_wconf 91' lang='lat' dir='ltr'><strong>in</strong></span> 
     </span>
    </p>
   </div>
   <div class='ocr_carea' id='block_1_15' title="bbox 433 1418 2056 1499">
    <p class='ocr_par' dir='ltr' id='par_1_15' title="bbox 433 1418 2056 1499">
     <span class='ocr_line' id='line_1_15' title="bbox 433 1418 2056 1499; baseline 0.005 -22"><span class='ocrx_word' id='word_1_98' title='bbox 433 1418 670 1483; x_wconf 68' lang='lat' dir='ltr'><strong>isancta</strong></span> <span class='ocrx_word' id='word_1_99' title='bbox 720 1427 993 1484; x_wconf 89' lang='lat' dir='ltr'><strong>Trinitate</strong></span> <span class='ocrx_word' id='word_1_100' title='bbox 1043 1428 1263 1484; x_wconf 66' lang='lat' dir='ltr'><strong>creditae</strong></span> <span class='ocrx_word' id='word_1_101' title='bbox 1328 1437 1477 1495; x_wconf 86' lang='lat' dir='ltr'><strong>sunt,</strong></span> <span class='ocrx_word' id='word_1_102' title='bbox 1531 1430 1803 1499; x_wconf 89' lang='lat' dir='ltr'><strong>personis,</strong></span> <span class='ocrx_word' id='word_1_103' title='bbox 1863 1445 1931 1484; x_wconf 91' lang='lat' dir='ltr'><strong>an</strong></span> <span class='ocrx_word' id='word_1_104' title='bbox 1986 1430 2056 1485; x_wconf 85' lang='lat' dir='ltr'><strong>ad</strong></span> 
     </span>
    </p>
   </div>
   <div class='ocr_carea' id='block_1_16' title="bbox 430 1502 2057 1591">
    <p class='ocr_par' dir='ltr' id='par_1_16' title="bbox 430 1502 2057 1591">
     <span class='ocr_line' id='line_1_16' title="bbox 430 1502 2057 1591; baseline -0.001 -16"><span class='ocrx_word' id='word_1_105' title='bbox 473 1534 664 1575; x_wconf 84' lang='lat' dir='ltr'><strong>omnes</strong></span> <span class='ocrx_word' id='word_1_106' title='bbox 715 1535 781 1576; x_wconf 84' lang='lat' dir='ltr'><strong>ea</strong></span> <span class='ocrx_word' id='word_1_107' title='bbox 818 1520 1319 1590; x_wconf 32' lang='lat' dir='ltr'><strong>virtusapertineat.</strong></span> <span class='ocrx_word' id='word_1_108' title='bbox 1381 1519 1516 1574; x_wconf 91' lang='lat' dir='ltr'><strong>Nam</strong></span> <span class='ocrx_word' id='word_1_109' title='bbox 1559 1521 1605 1575; x_wconf 87' lang='lat' dir='ltr'><strong>si</strong></span> <span class='ocrx_word' id='word_1_110' title='bbox 1635 1535 1785 1575; x_wconf 89' lang='lat' dir='ltr'><strong>vera-</strong></span> <span class='ocrx_word' id='word_1_111' title='bbox 1822 1528 1930 1585; x_wconf 87' lang='lat' dir='ltr'><strong>est,</strong></span> <span class='ocrx_word' id='word_1_112' title='bbox 1956 1521 2057 1591; x_wconf 83' lang='grc' dir='ltr'>τῆς</span> 
     </span>
    </p>
   </div>
   <div class='ocr_carea' id='block_1_17' title="bbox 475 1611 2056 1683">
    <p class='ocr_par' dir='ltr' id='par_1_17' title="bbox 475 1611 2056 1683">
     <span class='ocr_line' id='line_1_17' title="bbox 475 1611 2056 1683; baseline 0 -18"><span class='ocrx_word' id='word_1_113' title='bbox 475 1611 755 1683; x_wconf 84' lang='grc' dir='ltr'>Θεότητος,</span> <span class='ocrx_word' id='word_1_114' title='bbox 797 1611 852 1666; x_wconf 89' lang='lat' dir='ltr'><strong>id</strong></span> <span class='ocrx_word' id='word_1_115' title='bbox 883 1622 967 1668; x_wconf 88' lang='lat' dir='ltr'><strong>est</strong></span> <span class='ocrx_word' id='word_1_116' title='bbox 1003 1611 1217 1666; x_wconf 82' lang='lat' dir='ltr'><strong>deitatis</strong></span> <span class='ocrx_word' id='word_1_117' title='bbox 1252 1611 1544 1681; x_wconf 76' lang='lat' dir='ltr'><strong>explicatio</strong></span> <span class='ocrx_word' id='word_1_118' title='bbox 1566 1652 1582 1676; x_wconf 89' lang='lat'><strong>,</strong></span> <span class='ocrx_word' id='word_1_119' title='bbox 1610 1621 1665 1667; x_wconf 91' lang='lat' dir='ltr'><strong>et</strong></span> <span class='ocrx_word' id='word_1_120' title='bbox 1693 1628 1780 1677; x_wconf 89' lang='lat' dir='ltr'><strong>ea,</strong></span> <span class='ocrx_word' id='word_1_121' title='bbox 1808 1628 1930 1682; x_wconf 61' lang='lat' dir='ltr'><strong>qua</strong></span> <span class='ocrx_word' id='word_1_122' title='bbox 1972 1613 2056 1667; x_wconf 51' lang='lat' dir='ltr'><strong>vi.</strong></span> 
     </span>
    </p>
   </div>
   <div class='ocr_carea' id='block_1_18' title="bbox 473 1702 2071 1772">
    <p class='ocr_par' dir='ltr' id='par_1_18' title="bbox 473 1702 2071 1772">
     <span class='ocr_line' id='line_1_18' title="bbox 473 1702 2071 1772; baseline 0.001 -15"><span class='ocrx_word' id='word_1_123' title='bbox 473 1703 675 1757; x_wconf 87' lang='lat' dir='ltr'><strong>dentur</strong></span> <span class='ocrx_word' id='word_1_124' title='bbox 730 1702 914 1769; x_wconf 87' lang='grc' dir='ltr'>θεατά,</span> <span class='ocrx_word' id='word_1_125' title='bbox 965 1703 1019 1758; x_wconf 92' lang='lat' dir='ltr'><strong>id</strong></span> <span class='ocrx_word' id='word_1_126' title='bbox 1075 1713 1159 1759; x_wconf 86' lang='lat' dir='ltr'><strong>est</strong></span> <span class='ocrx_word' id='word_1_127' title='bbox 1214 1704 1445 1759; x_wconf 78' lang='lat' dir='ltr'><strong>visibitia</strong></span> <span class='ocrx_word' id='word_1_128' title='bbox 1473 1719 1570 1760; x_wconf 82' lang='lat' dir='ltr'><strong>seu</strong></span> <span class='ocrx_word' id='word_1_129' title='bbox 1622 1705 1955 1772; x_wconf 78' lang='lat' dir='ltr'><strong>spectabilia,</strong></span> <span class='ocrx_word' id='word_1_130' title='bbox 2005 1714 2071 1759; x_wconf 76' lang='lat' dir='ltr'><strong>et-</strong></span> 
     </span>
    </p>
   </div>
   <div class='ocr_carea' id='block_1_19' title="bbox 471 1779 2053 1865">
    <p class='ocr_par' dir='ltr' id='par_1_19' title="bbox 471 1779 2053 1865">
     <span class='ocr_line' id='line_1_19' title="bbox 471 1779 2053 1865; baseline 0.002 -20"><span class='ocrx_word' id='word_1_131' title='bbox 471 1792 537 1846; x_wconf 90' lang='lat'><strong>16</strong></span> <span class='ocrx_word' id='word_1_132' title='bbox 593 1792 915 1864; x_wconf 75' lang='grc' dir='ltr'>θεώμενον,</span> <span class='ocrx_word' id='word_1_133' title='bbox 955 1793 1061 1849; x_wconf 88' lang='lat' dir='ltr'><strong>hoc</strong></span> <span class='ocrx_word' id='word_1_134' title='bbox 1111 1779 1295 1849; x_wconf 40' lang='lat' dir='ltr'><strong>est~id</strong></span> <span class='ocrx_word' id='word_1_135' title='bbox 1340 1794 1479 1865; x_wconf 87' lang='lat' dir='ltr'><strong>quod</strong></span> <span class='ocrx_word' id='word_1_136' title='bbox 1527 1794 1667 1849; x_wconf 72' lang='lat' dir='ltr'><strong>videt</strong></span> <span class='ocrx_word' id='word_1_137' title='bbox 1716 1804 1766 1849; x_wconf 75' lang='lat' dir='ltr'><strong>et</strong></span> <span class='ocrx_word' id='word_1_138' title='bbox 1820 1804 2053 1865; x_wconf 62' lang='lat' dir='ltr'><strong>spectat.</strong></span> 
     </span>
    </p>
   </div>
   <div class='ocr_carea' id='block_1_20' title="bbox 2151 608 3753 683">
    <p class='ocr_par' dir='ltr' id='par_1_20' title="bbox 2151 608 3753 683">
     <span class='ocr_line' id='line_1_20' title="bbox 2151 608 3753 683; baseline -0.002 -17"><span class='ocrx_word' id='word_1_139' title='bbox 2151 613 2241 666; x_wconf 89' lang='lat' dir='ltr'>16v</span> <span class='ocrx_word' id='word_1_140' title='bbox 2288 611 2570 683; x_wconf 79' lang='grc' dir='ltr'>ἐφορῶντα</span> <span class='ocrx_word' id='word_1_141' title='bbox 2616 610 2790 664; x_wconf 85' lang='grc' dir='ltr'>πάντα</span> <span class='ocrx_word' id='word_1_142' title='bbox 2841 610 2992 676; x_wconf 78' lang='grc' dir='ltr'>Θεὸν,</span> <span class='ocrx_word' id='word_1_143' title='bbox 3040 610 3232 682; x_wconf 78' lang='grc' dir='ltr'>ἔφορον</span> <span class='ocrx_word' id='word_1_144' title='bbox 3271 609 3366 663; x_wconf 90' lang='grc' dir='ltr'><strong>τοῦ</strong></span> <span class='ocrx_word' id='word_1_145' title='bbox 3396 608 3599 674; x_wconf 76' lang='grc' dir='ltr'>παντὸς</span> <span class='ocrx_word' id='word_1_146' title='bbox 3634 610 3753 663; x_wconf 71' lang='grc' dir='ltr'>καὶ</span> 
     </span>
    </p>
   </div>
   <div class='ocr_carea' id='block_1_21' title="bbox 2152 700 3750 773">
    <p class='ocr_par' dir='ltr' id='par_1_21' title="bbox 2152 700 3750 773">
     <span class='ocr_line' id='line_1_21' title="bbox 2152 700 3750 773; baseline -0.003 -17"><span class='ocrx_word' id='word_1_147' title='bbox 2152 700 2293 757; x_wconf 76' lang='grc' dir='ltr'>εἶναι</span> <span class='ocrx_word' id='word_1_148' title='bbox 2319 703 2414 757; x_wconf 76' lang='grc' dir='ltr'><strong>καὶ</strong></span> <span class='ocrx_word' id='word_1_149' title='bbox 2438 702 2713 772; x_wconf 80' lang='grc' dir='ltr'>λέγεσθαι,</span> <span class='ocrx_word' id='word_1_150' title='bbox 2738 701 3045 772; x_wconf 81' lang='grc' dir='ltr'><strong>λογισάσθω</strong></span> <span class='ocrx_word' id='word_1_151' title='bbox 3066 703 3163 773; x_wconf 85' lang='grc' dir='ltr'>τὴν</span> <span class='ocrx_word' id='word_1_152' title='bbox 3188 701 3471 773; x_wconf 50' lang='grc' dir='ltr'>ἐνέργειαν»</span> <span class='ocrx_word' id='word_1_153' title='bbox 3492 703 3750 771; x_wconf 80' lang='grc' dir='ltr'>ταύτην,</span> 
     </span>
    </p>
   </div>
   <div class='ocr_carea' id='block_1_22' title="bbox 2152 791 3754 864">
    <p class='ocr_par' dir='ltr' id='par_1_22' title="bbox 2152 791 3754 864">
     <span class='ocr_line' id='line_1_22' title="bbox 2152 791 3754 864; baseline 0 -19"><span class='ocrx_word' id='word_1_154' title='bbox 2152 793 2381 864; x_wconf 86' lang='grc' dir='ltr'>πότερον</span> <span class='ocrx_word' id='word_1_155' title='bbox 2428 793 2508 845; x_wconf 77' lang='grc' dir='ltr'><strong>ἑνὶ</strong></span> <span class='ocrx_word' id='word_1_156' title='bbox 2554 792 2812 863; x_wconf 78' lang='grc' dir='ltr'><strong>πρόσεστι</strong></span> <span class='ocrx_word' id='word_1_157' title='bbox 2837 791 2946 845; x_wconf 85' lang='grc' dir='ltr'>τῶν</span> <span class='ocrx_word' id='word_1_158' title='bbox 2975 794 3052 845; x_wconf 84' lang='grc' dir='ltr'>ὲν.</span> <span class='ocrx_word' id='word_1_159' title='bbox 3074 794 3139 862; x_wconf 78' lang='grc' dir='ltr'>τῇ</span> <span class='ocrx_word' id='word_1_160' title='bbox 3177 791 3309 861; x_wconf 79' lang='grc' dir='ltr'>ἁγίᾳ</span> <span class='ocrx_word' id='word_1_161' title='bbox 3339 791 3529 862; x_wconf 85' lang='grc' dir='ltr'>Τρίαδι</span> <span class='ocrx_word' id='word_1_162' title='bbox 3556 808 3754 845; x_wconf 82' lang='grc' dir='ltr'>πεπι-</span> 
     </span>
    </p>
   </div>
   <div class='ocr_carea' id='block_1_23' title="bbox 2155 880 3748 954">
    <p class='ocr_par' dir='ltr' id='par_1_23' title="bbox 2155 880 3748 954">
     <span class='ocr_line' id='line_1_23' title="bbox 2155 880 3748 954; baseline 0.001 -20"><span class='ocrx_word' id='word_1_163' title='bbox 2155 882 2463 952; x_wconf 78' lang='grc' dir='ltr'>στευμένων</span> <span class='ocrx_word' id='word_1_164' title='bbox 2494 880 2819 954; x_wconf 85' lang='grc' dir='ltr'>προσώπων,</span> <span class='ocrx_word' id='word_1_165' title='bbox 2852 881 2901 952; x_wconf 66' lang='lat' dir='ltr'><strong>il‘</strong></span> <span class='ocrx_word' id='word_1_166' title='bbox 2929 881 3017 936; x_wconf 87' lang='grc' dir='ltr'>διὰ</span> <span class='ocrx_word' id='word_1_167' title='bbox 3044 882 3153 934; x_wconf 87' lang='grc' dir='ltr'>τῶν</span> <span class='ocrx_word' id='word_1_168' title='bbox 3181 880 3347 953; x_wconf 81' lang='grc' dir='ltr'>τριῶν</span> <span class='ocrx_word' id='word_1_169' title='bbox 3390 882 3674 953; x_wconf 80' lang='grc' dir='ltr'>προσήκει</span> <span class='ocrx_word' id='word_1_170' title='bbox 3704 882 3748 951; x_wconf 78' lang='grc' dir='ltr'>ἠ</span> 
     </span>
    </p>
   </div>
   <div class='ocr_carea' id='block_1_24' title="bbox 2153 972 3748 1046">
    <p class='ocr_par' dir='ltr' id='par_1_24' title="bbox 2153 972 3748 1046">
     <span class='ocr_line' id='line_1_24' title="bbox 2153 972 3748 1046; baseline 0 -20"><span class='ocrx_word' id='word_1_171' title='bbox 2153 972 2398 1044; x_wconf 82' lang='grc' dir='ltr'>δύναμις.</span> <span class='ocrx_word' id='word_1_172' title='bbox 2444 974 2509 1027; x_wconf 82' lang='lat' dir='ltr'><strong>Ei</strong></span> <span class='ocrx_word' id='word_1_173' title='bbox 2549 974 2657 1045; x_wconf 84' lang='grc' dir='ltr'>γὰρ</span> <span class='ocrx_word' id='word_1_174' title='bbox 2684 972 2886 1046; x_wconf 79' lang='grc' dir='ltr'>ἀληθὴς</span> <span class='ocrx_word' id='word_1_175' title='bbox 2931 975 2966 1045; x_wconf 85' lang='grc' dir='ltr'><strong>ή</strong></span> <span class='ocrx_word' id='word_1_176' title='bbox 3009 974 3108 1045; x_wconf 85' lang='grc' dir='ltr'>τῆς</span> <span class='ocrx_word' id='word_1_177' title='bbox 3140 973 3391 1045; x_wconf 78' lang='grc' dir='ltr'><strong>θεότητος</strong></span> <span class='ocrx_word' id='word_1_178' title='bbox 3430 972 3748 1045; x_wconf 72' lang='grc' dir='ltr'>ἑρμηνεία,</span> 
     </span>
    </p>
   </div>
   <div class='ocr_carea' id='block_1_25' title="bbox 2153 1062 3752 1136">
    <p class='ocr_par' dir='ltr' id='par_1_25' title="bbox 2153 1062 3752 1136">
     <span class='ocr_line' id='line_1_25' title="bbox 2153 1062 3752 1136; baseline -0.001 -20"><span class='ocrx_word' id='word_1_179' title='bbox 2153 1064 2246 1117; x_wconf 80' lang='grc' dir='ltr'>καὶ</span> <span class='ocrx_word' id='word_1_180' title='bbox 2278 1065 2345 1119; x_wconf 84' lang='grc' dir='ltr'>τὰ</span> <span class='ocrx_word' id='word_1_181' title='bbox 2374 1062 2628 1136; x_wconf 82' lang='grc' dir='ltr'><strong>ὁρώμενα</strong></span> <span class='ocrx_word' id='word_1_182' title='bbox 2670 1063 2858 1130; x_wconf 81' lang='grc' dir='ltr'>θεατὰ,</span> <span class='ocrx_word' id='word_1_183' title='bbox 2886 1064 2980 1118; x_wconf 78' lang='grc' dir='ltr'><strong>καὶ</strong></span> <span class='ocrx_word' id='word_1_184' title='bbox 3006 1064 3067 1117; x_wconf 90' lang='lat'><strong>16</strong></span> <span class='ocrx_word' id='word_1_185' title='bbox 3098 1063 3371 1135; x_wconf 80' lang='grc' dir='ltr'>θεώμενον</span> <span class='ocrx_word' id='word_1_186' title='bbox 3402 1064 3534 1127; x_wconf 84' lang='grc' dir='ltr'>Θεὸς</span> <span class='ocrx_word' id='word_1_187' title='bbox 3564 1062 3752 1131; x_wconf 81' lang='grc' dir='ltr'>λέγε-</span> 
     </span>
    </p>
   </div>
   <div class='ocr_carea' id='block_1_26' title="bbox 2153 1154 3751 1227">
    <p class='ocr_par' dir='ltr' id='par_1_26' title="bbox 2153 1154 3751 1227">
     <span class='ocr_line' id='line_1_26' title="bbox 2153 1154 3751 1227; baseline 0 -20"><span class='ocrx_word' id='word_1_188' title='bbox 2153 1171 2274 1219; x_wconf 89' lang='grc' dir='ltr'>ται,</span> <span class='ocrx_word' id='word_1_189' title='bbox 2322 1154 2504 1208; x_wconf 83' lang='grc' dir='ltr'>οὐκέτι</span> <span class='ocrx_word' id='word_1_190' title='bbox 2555 1154 2622 1209; x_wconf 87' lang='grc' dir='ltr'><strong>ἂν</strong></span> <span class='ocrx_word' id='word_1_191' title='bbox 2668 1154 3275 1227; x_wconf 29' lang='grc' dir='ltr'>εὐλόγωςνάποκριθείη</span> <span class='ocrx_word' id='word_1_192' title='bbox 3312 1172 3365 1209; x_wconf 88' lang='grc' dir='ltr'><strong>τι</strong></span> <span class='ocrx_word' id='word_1_193' title='bbox 3410 1154 3520 1208; x_wconf 85' lang='grc' dir='ltr'><strong>τῶν</strong></span> <span class='ocrx_word' id='word_1_194' title='bbox 3567 1155 3633 1208; x_wconf 80' lang='grc' dir='ltr'>ὲν</span> <span class='ocrx_word' id='word_1_195' title='bbox 3671 1156 3751 1226; x_wconf 80' lang='grc' dir='ltr'>τῇ</span> 
     </span>
    </p>
   </div>
   <div class='ocr_carea' id='block_1_27' title="bbox 2156 1243 3755 1317">
    <p class='ocr_par' dir='ltr' id='par_1_27' title="bbox 2156 1243 3755 1317">
     <span class='ocr_line' id='line_1_27' title="bbox 2156 1243 3755 1317; baseline -0.002 -20"><span class='ocrx_word' id='word_1_196' title='bbox 2156 1243 2344 1316; x_wconf 86' lang='grc' dir='ltr'>Τριάδι</span> <span class='ocrx_word' id='word_1_197' title='bbox 2373 1244 2676 1316; x_wconf 85' lang='grc' dir='ltr'>προσώπων</span> <span class='ocrx_word' id='word_1_198' title='bbox 2699 1244 2800 1315; x_wconf 82' lang='grc' dir='ltr'><strong>τῆς</strong></span> <span class='ocrx_word' id='word_1_199' title='bbox 2825 1244 3082 1316; x_wconf 81' lang='grc' dir='ltr'><strong>τοιαύτης</strong></span> <span class='ocrx_word' id='word_1_200' title='bbox 3111 1244 3484 1317; x_wconf 77' lang='grc' dir='ltr'>προσηγορίας</span> <span class='ocrx_word' id='word_1_201' title='bbox 3513 1243 3605 1299; x_wconf 79' lang='grc' dir='ltr'>διὰ</span> <span class='ocrx_word' id='word_1_202' title='bbox 3635 1244 3755 1314; x_wconf 81' lang='grc' dir='ltr'><strong>τὴν</strong></span> 
     </span>
    </p>
   </div>
   <div class='ocr_carea' id='block_1_28' title="bbox 2155 1335 3754 1407">
    <p class='ocr_par' dir='ltr' id='par_1_28' title="bbox 2155 1335 3754 1407">
     <span class='ocr_line' id='line_1_28' title="bbox 2155 1335 3754 1407; baseline -0.001 -19"><span class='ocrx_word' id='word_1_203' title='bbox 2155 1336 2477 1407; x_wconf 83' lang='grc' dir='ltr'>ὲγκειμένην</span> <span class='ocrx_word' id='word_1_204' title='bbox 2502 1338 2570 1407; x_wconf 79' lang='grc' dir='ltr'>τῇ</span> <span class='ocrx_word' id='word_1_205' title='bbox 2600 1336 3077 1407; x_wconf 23' lang='grc' dir='ltr'>φωνῇνίσημασίαν.</span> <span class='ocrx_word' id='word_1_206' title='bbox 3124 1336 3197 1389; x_wconf 83' lang='grc' dir='ltr'>Τὸ</span> <span class='ocrx_word' id='word_1_207' title='bbox 3228 1336 3334 1406; x_wconf 83' lang='grc' dir='ltr'>γὰρ</span> <span class='ocrx_word' id='word_1_208' title='bbox 3360 1336 3579 1406; x_wconf 83' lang='grc' dir='ltr'><strong>βλέπειν</strong></span> <span class='ocrx_word' id='word_1_209' title='bbox 3607 1335 3754 1389; x_wconf 71' lang='grc' dir='ltr'>ἐπί-</span> 
     </span>
    </p>
   </div>
   <div class='ocr_carea' id='block_1_29' title="bbox 2158 1427 3757 1500">
    <p class='ocr_par' dir='ltr' id='par_1_29' title="bbox 2158 1427 3757 1500">
     <span class='ocr_line' id='line_1_29' title="bbox 2158 1427 3757 1500; baseline -0.001 -18"><span class='ocrx_word' id='word_1_210' title='bbox 2158 1445 2257 1498; x_wconf 85' lang='grc' dir='ltr'><strong>σης</strong></span> <span class='ocrx_word' id='word_1_211' title='bbox 2286 1431 2553 1499; x_wconf 84' lang='grc' dir='ltr'>μαρτυρεῖ</span> <span class='ocrx_word' id='word_1_212' title='bbox 2581 1430 2615 1500; x_wconf 79' lang='grc' dir='ltr'><strong>η</strong></span> <span class='ocrx_word' id='word_1_213' title='bbox 2648 1430 2837 1500; x_wconf 84' lang='grc' dir='ltr'>Γραφὴ</span> <span class='ocrx_word' id='word_1_214' title='bbox 2861 1429 2957 1483; x_wconf 81' lang='grc' dir='ltr'>καὶ</span> <span class='ocrx_word' id='word_1_215' title='bbox 2989 1428 3164 1500; x_wconf 73' lang='grc' dir='ltr'>Πατρὶ</span> <span class='ocrx_word' id='word_1_216' title='bbox 3190 1428 3282 1482; x_wconf 77' lang='grc' dir='ltr'><strong>καὶ</strong></span> <span class='ocrx_word' id='word_1_217' title='bbox 3310 1427 3425 1499; x_wconf 86' lang='grc' dir='ltr'><strong>Υίῷ</strong></span> <span class='ocrx_word' id='word_1_218' title='bbox 3468 1429 3563 1481; x_wconf 71' lang='grc' dir='ltr'>καὶ</span> <span class='ocrx_word' id='word_1_219' title='bbox 3587 1427 3757 1497; x_wconf 80' lang='grc' dir='ltr'>ἁγίῳ</span> 
     </span>
    </p>
   </div>
   <div class='ocr_carea' id='block_1_30' title="bbox 2156 1519 3755 1592">
    <p class='ocr_par' dir='ltr' id='par_1_30' title="bbox 2156 1519 3755 1592">
     <span class='ocr_line' id='line_1_30' title="bbox 2156 1519 3755 1592; baseline -0.002 -18"><span class='ocrx_word' id='word_1_220' title='bbox 2156 1521 2450 1592; x_wconf 84' lang='grc' dir='ltr'>Πνεύματι.</span> <span class='ocrx_word' id='word_1_221' title='bbox 2492 1539 2512 1573; x_wconf 78' lang='grc' dir='ltr'>ι</span> <span class='ocrx_word' id='word_1_222' title='bbox 2534 1520 2944 1592; x_wconf 84' lang='grc' dir='ltr'>’Υπερασπιστὰ</span> <span class='ocrx_word' id='word_1_223' title='bbox 2970 1521 3148 1592; x_wconf 80' lang='grc' dir='ltr'>ἡμῶν,</span> <span class='ocrx_word' id='word_1_224' title='bbox 3178 1519 3276 1583; x_wconf 85' lang='grc' dir='ltr'>ῐδε,</span> <span class='ocrx_word' id='word_1_225' title='bbox 3298 1522 3327 1575; x_wconf 97' lang='lat'><strong>6</strong></span> <span class='ocrx_word' id='word_1_226' title='bbox 3354 1521 3538 1584; x_wconf 76' lang='grc' dir='ltr'>Θεὸς,ι</span> <span class='ocrx_word' id='word_1_227' title='bbox 3566 1520 3755 1591; x_wconf 79' lang='grc' dir='ltr'>φησὶν</span> 
     </span>
    </p>
   </div>
   <div class='ocr_carea' id='block_1_31' title="bbox 2158 1611 3757 1684">
    <p class='ocr_par' dir='ltr' id='par_1_31' title="bbox 2158 1611 3757 1684">
     <span class='ocr_line' id='line_1_31' title="bbox 2158 1611 3757 1684; baseline -0.001 -17"><span class='ocrx_word' id='word_1_228' title='bbox 2158 1616 2188 1667; x_wconf 98' lang='lat'><strong>6</strong></span> <span class='ocrx_word' id='word_1_229' title='bbox 2211 1612 2391 1668; x_wconf 77' lang='grc' dir='ltr'>Δαδίδ.</span> <span class='ocrx_word' id='word_1_230' title='bbox 2430 1613 2523 1666; x_wconf 85' lang='grc' dir='ltr'>Ἐκ</span> <span class='ocrx_word' id='word_1_231' title='bbox 2547 1613 2603 1667; x_wconf 81' lang='grc' dir='ltr'>δὲ</span> <span class='ocrx_word' id='word_1_232' title='bbox 2629 1611 2819 1667; x_wconf 79' lang='grc' dir='ltr'>τούτου</span> <span class='ocrx_word' id='word_1_233' title='bbox 2854 1614 3217 1684; x_wconf 88' lang='grc' dir='ltr'>μανθάνομεν,</span> <span class='ocrx_word' id='word_1_234' title='bbox 3244 1613 3385 1667; x_wconf 82' lang='grc' dir='ltr'>ἰδέαν</span> <span class='ocrx_word' id='word_1_235' title='bbox 3413 1613 3570 1675; x_wconf 85' lang='grc' dir='ltr'>Θεοῦ,</span> <span class='ocrx_word' id='word_1_236' title='bbox 3595 1613 3757 1667; x_wconf 80' lang='grc' dir='ltr'>καθὸ</span> 
     </span>
    </p>
   </div>
   <div class='ocr_carea' id='block_1_32' title="bbox 2159 1701 3753 1775">
    <p class='ocr_par' dir='ltr' id='par_1_32' title="bbox 2159 1701 3753 1775">
     <span class='ocr_line' id='line_1_32' title="bbox 2159 1701 3753 1775; baseline -0.001 -19"><span class='ocrx_word' id='word_1_237' title='bbox 2159 1702 2289 1767; x_wconf 79' lang='grc' dir='ltr'>Θεὸς</span> <span class='ocrx_word' id='word_1_238' title='bbox 2313 1704 2534 1767; x_wconf 81' lang='grc' dir='ltr'>νοεῖται,</span> <span class='ocrx_word' id='word_1_239' title='bbox 2568 1702 2700 1755; x_wconf 80' lang='grc' dir='ltr'>ἰδίαν</span> <span class='ocrx_word' id='word_1_240' title='bbox 2730 1703 3007 1774; x_wconf 69' lang='grc' dir='ltr'>ἐνέργειαν</span> <span class='ocrx_word' id='word_1_241' title='bbox 3035 1701 3129 1756; x_wconf 85' lang='grc' dir='ltr'><strong>τοῦ</strong></span> <span class='ocrx_word' id='word_1_242' title='bbox 3150 1705 3301 1775; x_wconf 77' lang='grc' dir='ltr'>όρᾷν,</span> <span class='ocrx_word' id='word_1_243' title='bbox 3330 1704 3395 1756; x_wconf 81' lang='grc' dir='ltr'>ὲκ</span> <span class='ocrx_word' id='word_1_244' title='bbox 3417 1703 3512 1756; x_wconf 92' lang='grc' dir='ltr'><strong>τοῦ</strong></span> <span class='ocrx_word' id='word_1_245' title='bbox 3534 1704 3753 1769; x_wconf 73' lang='grc' dir='ltr'>εἰπεῖν,</span> 
     </span>
    </p>
   </div>
   <div class='ocr_carea' id='block_1_33' title="bbox 2167 1790 3757 1865">
    <p class='ocr_par' dir='ltr' id='par_1_33' title="bbox 2167 1790 3757 1865">
     <span class='ocr_line' id='line_1_33' title="bbox 2167 1790 3757 1865; baseline -0.004 -15"><span class='ocrx_word' id='word_1_246' title='bbox 2167 1796 2325 1861; x_wconf 61' lang='grc' dir='ltr'>ιῗιδε,</span> <span class='ocrx_word' id='word_1_247' title='bbox 2355 1798 2384 1850; x_wconf 94' lang='lat'><strong>6</strong></span> <span class='ocrx_word' id='word_1_248' title='bbox 2411 1793 2792 1865; x_wconf 64' lang='grc' dir='ltr'><strong>ΘεὸςδζᾺλλὰ</strong></span> <span class='ocrx_word' id='word_1_249' title='bbox 2826 1795 2919 1847; x_wconf 76' lang='grc' dir='ltr'><strong>καὶ</strong></span> <span class='ocrx_word' id='word_1_250' title='bbox 2946 1796 2974 1847; x_wconf 89' lang='lat'><strong>6</strong></span> <span class='ocrx_word' id='word_1_251' title='bbox 3013 1793 3218 1864; x_wconf 85' lang='grc' dir='ltr'>Ἰησοῦς</span> <span class='ocrx_word' id='word_1_252' title='bbox 3244 1795 3345 1864; x_wconf 77' lang='grc' dir='ltr'><strong>ὁρᾷ</strong></span> <span class='ocrx_word' id='word_1_253' title='bbox 3373 1792 3472 1856; x_wconf 78' lang='grc' dir='ltr'><strong>τὰς</strong></span> <span class='ocrx_word' id='word_1_254' title='bbox 3498 1790 3757 1863; x_wconf 74' lang='grc' dir='ltr'>ἐνθυμή-</span> 
     </span>
    </p>
   </div>
   <div class='ocr_carea' id='block_1_34' title="bbox 473 1877 2063 1956">
    <p class='ocr_par' dir='ltr' id='par_1_34' title="bbox 473 1882 2056 1956">
     <span class='ocr_line' id='line_1_34' title="bbox 473 1882 2056 1956; baseline 0.003 -20"><span class='ocrx_word' id='word_1_255' title='bbox 473 1882 709 1948; x_wconf 79' lang='grc' dir='ltr'>Θεός,.ἰ(1</span> <span class='ocrx_word' id='word_1_256' title='bbox 736 1893 821 1939; x_wconf 81' lang='grc' dir='ltr'><strong>εει</strong></span> <span class='ocrx_word' id='word_1_257' title='bbox 846 1882 987 1939; x_wconf 79' lang='lat' dir='ltr'><strong>Deus</strong></span> <span class='ocrx_word' id='word_1_258' title='bbox 1022 1884 1247 1949; x_wconf 89' lang='lat' dir='ltr'><strong>dicitur,</strong></span> <span class='ocrx_word' id='word_1_259' title='bbox 1272 1886 1420 1941; x_wconf 82' lang='lat' dir='ltr'><strong>nulla</strong></span> <span class='ocrx_word' id='word_1_260' title='bbox 1451 1885 1563 1954; x_wconf 87' lang='lat' dir='ltr'><strong>jam</strong></span> <span class='ocrx_word' id='word_1_261' title='bbox 1593 1886 1859 1956; x_wconf 83' lang='lat' dir='ltr'><strong>probabili</strong></span> <span class='ocrx_word' id='word_1_262' title='bbox 1890 1886 2056 1941; x_wconf 78' lang='lat' dir='ltr'><strong>ratio-</strong></span> 
     </span>
    </p>
   </div>
   <div class='ocr_carea' id='block_1_35' title="bbox 2163 1877 3755 1956">
    <p class='ocr_par' dir='ltr' id='par_1_35' title="bbox 2163 1883 3755 1956">
     <span class='ocr_line' id='line_1_35' title="bbox 2163 1883 3755 1956; baseline -0.003 -14"><span class='ocrx_word' id='word_1_263' title='bbox 2163 1905 2275 1951; x_wconf 89' lang='grc' dir='ltr'>σεις</span> <span class='ocrx_word' id='word_1_264' title='bbox 2300 1886 2407 1940; x_wconf 83' lang='grc' dir='ltr'><strong>τῶν</strong></span> <span class='ocrx_word' id='word_1_265' title='bbox 2440 1886 2959 1955; x_wconf 87' lang='grc' dir='ltr'>καταγινωσκόντων</span> <span class='ocrx_word' id='word_1_266' title='bbox 2987 1885 3121 1938; x_wconf 86' lang='grc' dir='ltr'>διότι</span> <span class='ocrx_word' id='word_1_267' title='bbox 3149 1886 3417 1956; x_wconf 88' lang='grc' dir='ltr'>σνγχωρεῖ</span> <span class='ocrx_word' id='word_1_268' title='bbox 3440 1883 3539 1947; x_wconf 82' lang='grc' dir='ltr'>τὰς</span> <span class='ocrx_word' id='word_1_269' title='bbox 3557 1884 3755 1954; x_wconf 83' lang='grc' dir='ltr'>ἁμαρ-</span> 
     </span>
    </p>
   </div>
   <div class='ocr_carea' id='block_1_36' title="bbox 473 1972 2055 2047">
    <p class='ocr_par' dir='ltr' id='par_1_36' title="bbox 473 1972 2055 2047">
     <span class='ocr_line' id='line_1_36' title="bbox 473 1972 2055 2047; baseline 0.001 -18"><span class='ocrx_word' id='word_1_270' title='bbox 473 1988 545 2029; x_wconf 89' lang='lat' dir='ltr'><strong>ne</strong></span> <span class='ocrx_word' id='word_1_271' title='bbox 567 1972 749 2045; x_wconf 89' lang='lat' dir='ltr'><strong>aliqua</strong></span> <span class='ocrx_word' id='word_1_272' title='bbox 769 1988 1147 2044; x_wconf 82' lang='lat' dir='ltr'><strong>personarum,</strong></span> <span class='ocrx_word' id='word_1_273' title='bbox 1181 1990 1301 2047; x_wconf 66' lang='lat' dir='ltr'><strong>quae</strong></span> <span class='ocrx_word' id='word_1_274' title='bbox 1325 1976 1379 2029; x_wconf 87' lang='lat' dir='ltr'><strong>in</strong></span> <span class='ocrx_word' id='word_1_275' title='bbox 1418 1974 1690 2031; x_wconf 83' lang='lat' dir='ltr'><strong>Trinitate</strong></span> <span class='ocrx_word' id='word_1_276' title='bbox 1719 1984 1867 2043; x_wconf 89' lang='lat' dir='ltr'><strong>sunt,</strong></span> <span class='ocrx_word' id='word_1_277' title='bbox 1908 1990 1939 2030; x_wconf 89' lang='lat' dir='ltr'><strong>a</strong></span> <span class='ocrx_word' id='word_1_278' title='bbox 1959 1976 2055 2030; x_wconf 82' lang='lat' dir='ltr'><strong>tali</strong></span> 
     </span>
    </p>
   </div>
   <div class='ocr_carea' id='block_1_37' title="bbox 474 2064 2060 2137">
    <p class='ocr_par' dir='ltr' id='par_1_37' title="bbox 474 2064 2060 2137">
     <span class='ocr_line' id='line_1_37' title="bbox 474 2064 2060 2137; baseline 0.003 -18"><span class='ocrx_word' id='word_1_279' title='bbox 474 2064 838 2136; x_wconf 80' lang='lat' dir='ltr'><strong>appellatione</strong></span> <span class='ocrx_word' id='word_1_280' title='bbox 866 2066 1233 2137; x_wconf 83' lang='lat' dir='ltr'><strong>separabitur,</strong></span> <span class='ocrx_word' id='word_1_281' title='bbox 1296 2074 1518 2137; x_wconf 85' lang='lat' dir='ltr'><strong>propter</strong></span> <span class='ocrx_word' id='word_1_282' title='bbox 1566 2069 1787 2125; x_wconf 86' lang='lat' dir='ltr'><strong>insitam</strong></span> <span class='ocrx_word' id='word_1_283' title='bbox 1822 2069 1945 2123; x_wconf 84' lang='lat' dir='ltr'><strong>voci</strong></span> <span class='ocrx_word' id='word_1_284' title='bbox 1991 2069 2060 2124; x_wconf 79' lang='lat' dir='ltr'><strong>si-</strong></span> 
     </span>
    </p>
   </div>
   <div class='ocr_carea' id='block_1_38' title="bbox 473 2155 2054 2229">
    <p class='ocr_par' dir='ltr' id='par_1_38' title="bbox 473 2155 2054 2229">
     <span class='ocr_line' id='line_1_38' title="bbox 473 2155 2054 2229; baseline 0.001 -17"><span class='ocrx_word' id='word_1_285' title='bbox 473 2155 924 2229; x_wconf 65' lang='lat' dir='ltr'><strong>gniﬁcationem.</strong></span> <span class='ocrx_word' id='word_1_286' title='bbox 962 2155 1096 2212; x_wconf 80' lang='lat' dir='ltr'><strong>Nam</strong></span> <span class='ocrx_word' id='word_1_287' title='bbox 1146 2157 1295 2228; x_wconf 83' lang='lat' dir='ltr'><strong>quod</strong></span> <span class='ocrx_word' id='word_1_288' title='bbox 1326 2157 1547 2214; x_wconf 84' lang='lat' dir='ltr'><strong>videant</strong></span> <span class='ocrx_word' id='word_1_289' title='bbox 1601 2169 1672 2215; x_wconf 65' lang='grc' dir='ltr'>ειη</span> <span class='ocrx_word' id='word_1_290' title='bbox 1708 2160 2054 2224; x_wconf 78' lang='lat' dir='ltr'><strong>intueantur,</strong></span> 
     </span>
    </p>
   </div>
   <div class='ocr_carea' id='block_1_39' title="bbox 478 2249 2054 2321">
    <p class='ocr_par' dir='ltr' id='par_1_39' title="bbox 478 2249 2054 2321">
     <span class='ocr_line' id='line_1_39' title="bbox 478 2249 2054 2321; baseline -0.001 -15"><span class='ocrx_word' id='word_1_291' title='bbox 478 2249 765 2321; x_wconf 87' lang='lat' dir='ltr'><strong>Scriptura</strong></span> <span class='ocrx_word' id='word_1_292' title='bbox 793 2263 895 2306; x_wconf 91' lang='lat' dir='ltr'><strong>suo</strong></span> <span class='ocrx_word' id='word_1_293' title='bbox 925 2251 1245 2306; x_wconf 86' lang='lat' dir='ltr'><strong>testimonio</strong></span> <span class='ocrx_word' id='word_1_294' title='bbox 1272 2266 1337 2305; x_wconf 82' lang='lat' dir='ltr'><strong>ex</strong></span> <span class='ocrx_word' id='word_1_295' title='bbox 1370 2267 1540 2321; x_wconf 81' lang='lat' dir='ltr'><strong>aequo</strong></span> <span class='ocrx_word' id='word_1_296' title='bbox 1564 2252 1816 2306; x_wconf 87' lang='lat' dir='ltr'><strong>attribuit</strong></span> <span class='ocrx_word' id='word_1_297' title='bbox 1852 2259 1907 2307; x_wconf 90' lang='lat' dir='ltr'><strong>et</strong></span> <span class='ocrx_word' id='word_1_298' title='bbox 1954 2250 2054 2305; x_wconf 74' lang='lat' dir='ltr'><strong>Pa—</strong></span> 
     </span>
    </p>
   </div>
   <div class='ocr_carea' id='block_1_40' title="bbox 472 2340 2055 2411">
    <p class='ocr_par' dir='ltr' id='par_1_40' title="bbox 472 2340 2055 2411">
     <span class='ocr_line' id='line_1_40' title="bbox 472 2340 2055 2411; baseline 0.001 -16"><span class='ocrx_word' id='word_1_299' title='bbox 472 2340 546 2396; x_wconf 87' lang='lat' dir='ltr'><strong>tri</strong></span> <span class='ocrx_word' id='word_1_300' title='bbox 565 2348 624 2398; x_wconf 86' lang='lat' dir='ltr'><strong>et</strong></span> <span class='ocrx_word' id='word_1_301' title='bbox 647 2340 786 2396; x_wconf 80' lang='lat' dir='ltr'><strong>Filio</strong></span> <span class='ocrx_word' id='word_1_302' title='bbox 815 2348 871 2396; x_wconf 89' lang='lat' dir='ltr'><strong>et</strong></span> <span class='ocrx_word' id='word_1_303' title='bbox 904 2340 1134 2411; x_wconf 76' lang='lat' dir='ltr'><strong>Spiritui</strong></span> <span class='ocrx_word' id='word_1_304' title='bbox 1184 2350 1399 2397; x_wconf 85' lang='lat' dir='ltr'><strong>sancto.</strong></span> <span class='ocrx_word' id='word_1_305' title='bbox 1454 2361 1475 2395; x_wconf 74' lang='grc' dir='ltr'><strong>ι</strong></span> <span class='ocrx_word' id='word_1_306' title='bbox 1516 2343 1801 2398; x_wconf 82' lang='lat' dir='ltr'><strong>Protector</strong></span> <span class='ocrx_word' id='word_1_307' title='bbox 1850 2352 2055 2409; x_wconf 84' lang='lat' dir='ltr'><strong>noster,</strong></span> 
     </span>
    </p>
   </div>
   <div class='ocr_carea' id='block_1_41' title="bbox 475 2430 2057 2505">
    <p class='ocr_par' dir='ltr' id='par_1_41' title="bbox 475 2430 2057 2505">
     <span class='ocr_line' id='line_1_41' title="bbox 475 2430 2057 2505; baseline -0.001 -17"><span class='ocrx_word' id='word_1_308' title='bbox 475 2433 686 2505; x_wconf 86' lang='lat' dir='ltr'><strong>aspice,</strong></span> <span class='ocrx_word' id='word_1_309' title='bbox 720 2430 886 2498; x_wconf 83' lang='lat' dir='ltr'><strong>Deus,</strong></span> <span class='ocrx_word' id='word_1_310' title='bbox 928 2433 1153 2504; x_wconf 49' lang='lat' dir='ltr'><strong>linquit</strong></span> <span class='ocrx_word' id='word_1_311' title='bbox 1181 2433 1352 2489; x_wconf 83' lang='lat' dir='ltr'><strong>David</strong></span> <span class='ocrx_word' id='word_1_312' title='bbox 1384 2437 1427 2487; x_wconf 77' lang='grc'><strong>⁸.</strong></span> <span class='ocrx_word' id='word_1_313' title='bbox 1468 2433 1606 2488; x_wconf 88' lang='lat' dir='ltr'><strong>Nam</strong></span> <span class='ocrx_word' id='word_1_314' title='bbox 1652 2449 1720 2489; x_wconf 80' lang='lat' dir='ltr'><strong>ex</strong></span> <span class='ocrx_word' id='word_1_315' title='bbox 1756 2434 1861 2490; x_wconf 86' lang='lat' dir='ltr'><strong>hoc</strong></span> <span class='ocrx_word' id='word_1_316' title='bbox 1885 2433 2057 2489; x_wconf 87' lang='lat' dir='ltr'><strong>disci-</strong></span> 
     </span>
    </p>
   </div>
   <div class='ocr_carea' id='block_1_42' title="bbox 474 2524 2059 2597">
    <p class='ocr_par' dir='ltr' id='par_1_42' title="bbox 474 2524 2059 2597">
     <span class='ocr_line' id='line_1_42' title="bbox 474 2524 2059 2597; baseline 0 -16"><span class='ocrx_word' id='word_1_317' title='bbox 474 2541 600 2583; x_wconf 89' lang='lat' dir='ltr'><strong>mus</strong></span> <span class='ocrx_word' id='word_1_318' title='bbox 617 2527 854 2597; x_wconf 77' lang='lat' dir='ltr'><strong>speciem</strong></span> <span class='ocrx_word' id='word_1_319' title='bbox 879 2525 996 2590; x_wconf 86' lang='lat' dir='ltr'><strong>Dei,</strong></span> <span class='ocrx_word' id='word_1_320' title='bbox 1016 2536 1287 2596; x_wconf 80' lang='lat' dir='ltr'><strong>quatenus</strong></span> <span class='ocrx_word' id='word_1_321' title='bbox 1310 2525 1458 2581; x_wconf 86' lang='lat' dir='ltr'><strong>Deus</strong></span> <span class='ocrx_word' id='word_1_322' title='bbox 1484 2526 1828 2597; x_wconf 86' lang='lat' dir='ltr'><strong>intelligitur,</strong></span> <span class='ocrx_word' id='word_1_323' title='bbox 1855 2524 2059 2581; x_wconf 88' lang='lat' dir='ltr'><strong>habere</strong></span> 
     </span>
    </p>
   </div>
   <div class='ocr_carea' id='block_1_43' title="bbox 475 2616 2057 2689">
    <p class='ocr_par' dir='ltr' id='par_1_43' title="bbox 475 2616 2057 2689">
     <span class='ocr_line' id='line_1_43' title="bbox 475 2616 2057 2689; baseline -0.003 -16"><span class='ocrx_word' id='word_1_324' title='bbox 475 2617 807 2689; x_wconf 83' lang='lat' dir='ltr'><strong>peculiarem</strong></span> <span class='ocrx_word' id='word_1_325' title='bbox 855 2616 1160 2673; x_wconf 87' lang='lat' dir='ltr'><strong>efﬁcaciam</strong></span> <span class='ocrx_word' id='word_1_326' title='bbox 1189 2617 1429 2683; x_wconf 86' lang='lat' dir='ltr'><strong>videndi,</strong></span> <span class='ocrx_word' id='word_1_327' title='bbox 1464 2633 1529 2672; x_wconf 81' lang='lat' dir='ltr'><strong>ex</strong></span> <span class='ocrx_word' id='word_1_328' title='bbox 1586 2631 1652 2672; x_wconf 93' lang='lat' dir='ltr'><strong>eo</strong></span> <span class='ocrx_word' id='word_1_329' title='bbox 1685 2616 1833 2687; x_wconf 86' lang='lat' dir='ltr'><strong>quod</strong></span> <span class='ocrx_word' id='word_1_330' title='bbox 1885 2617 2057 2681; x_wconf 82' lang='lat' dir='ltr'><strong>dixit,</strong></span> 
     </span>
    </p>
   </div>
   <div class='ocr_carea' id='block_1_44' title="bbox 481 2708 2058 2781">
    <p class='ocr_par' dir='ltr' id='par_1_44' title="bbox 481 2708 2058 2781">
     <span class='ocr_line' id='line_1_44' title="bbox 481 2708 2058 2781; baseline 0 -18"><span class='ocrx_word' id='word_1_331' title='bbox 481 2730 503 2763; x_wconf 69' lang='grc' dir='ltr'><strong>ς</strong></span> <span class='ocrx_word' id='word_1_332' title='bbox 551 2711 772 2781; x_wconf 72' lang='lat' dir='ltr'><strong>Aspice,</strong></span> <span class='ocrx_word' id='word_1_333' title='bbox 798 2708 961 2766; x_wconf 85' lang='lat' dir='ltr'><strong>Deus.</strong></span> <span class='ocrx_word' id='word_1_334' title='bbox 1006 2729 1025 2764; x_wconf 74' lang='grc' dir='ltr'><strong>ι</strong></span> <span class='ocrx_word' id='word_1_335' title='bbox 1072 2709 1221 2776; x_wconf 81' lang='lat' dir='ltr'><strong>Quin</strong></span> <span class='ocrx_word' id='word_1_336' title='bbox 1244 2711 1408 2765; x_wconf 86' lang='lat' dir='ltr'><strong>etiam</strong></span> <span class='ocrx_word' id='word_1_337' title='bbox 1466 2708 1632 2766; x_wconf 66' lang='lat' dir='ltr'><strong>Iesus</strong></span> <span class='ocrx_word' id='word_1_338' title='bbox 1665 2710 1821 2764; x_wconf 80' lang='lat' dir='ltr'><strong>videt</strong></span> <span class='ocrx_word' id='word_1_339' title='bbox 1845 2709 2058 2780; x_wconf 62' lang='lat' dir='ltr'><strong>cogita»</strong></span> 
     </span>
    </p>
   </div>
   <div class='ocr_carea' id='block_1_45' title="bbox 475 2803 2059 2874">
    <p class='ocr_par' dir='ltr' id='par_1_45' title="bbox 475 2803 2059 2874">
     <span class='ocr_line' id='line_1_45' title="bbox 475 2803 2059 2874; baseline -0.003 -13"><span class='ocrx_word' id='word_1_340' title='bbox 475 2805 655 2862; x_wconf 78' lang='lat' dir='ltr'><strong>tiones</strong></span> <span class='ocrx_word' id='word_1_341' title='bbox 680 2803 1058 2860; x_wconf 86' lang='lat' dir='ltr'><strong>damnantium</strong></span> <span class='ocrx_word' id='word_1_342' title='bbox 1086 2843 1101 2867; x_wconf 91' lang='lat'><strong>,</strong></span> <span class='ocrx_word' id='word_1_343' title='bbox 1133 2803 1295 2874; x_wconf 82' lang='lat' dir='ltr'><strong>quod</strong></span> <span class='ocrx_word' id='word_1_344' title='bbox 1342 2817 1443 2874; x_wconf 88' lang='lat' dir='ltr'><strong>pro</strong></span> <span class='ocrx_word' id='word_1_345' title='bbox 1512 2809 1779 2873; x_wconf 87' lang='lat' dir='ltr'><strong>potestate</strong></span> <span class='ocrx_word' id='word_1_346' title='bbox 1833 2809 2059 2873; x_wconf 87' lang='lat' dir='ltr'><strong>peccata</strong></span> 
     </span>
    </p>
   </div>
   <div class='ocr_carea' id='block_1_46' title="bbox 476 2891 2059 2962">
    <p class='ocr_par' dir='ltr' id='par_1_46' title="bbox 476 2891 2059 2962">
     <span class='ocr_line' id='line_1_46' title="bbox 476 2891 2059 2962; baseline -0.002 -11"><span class='ocrx_word' id='word_1_347' title='bbox 476 2894 760 2951; x_wconf 77' lang='lat' dir='ltr'><strong>hominum</strong></span> <span class='ocrx_word' id='word_1_348' title='bbox 797 2894 1155 2950; x_wconf 89' lang='lat' dir='ltr'><strong>condonaret.</strong></span> <span class='ocrx_word' id='word_1_349' title='bbox 1195 2912 1213 2945; x_wconf 78' lang='grc' dir='ltr'>ι</span> <span class='ocrx_word' id='word_1_350' title='bbox 1241 2892 1445 2949; x_wconf 77' lang='lat' dir='ltr'><strong>Videns</strong></span> <span class='ocrx_word' id='word_1_351' title='bbox 1471 2893 1640 2955; x_wconf 91' lang='lat' dir='ltr'><strong>enim,</strong></span> <span class='ocrx_word' id='word_1_352' title='bbox 1664 2891 1863 2962; x_wconf 88' lang='lat' dir='ltr'><strong>inquit,</strong></span> <span class='ocrx_word' id='word_1_353' title='bbox 1898 2891 2059 2948; x_wconf 78' lang='lat' dir='ltr'><strong>Jesus</strong></span> 
     </span>
    </p>
   </div>
   <div class='ocr_carea' id='block_1_47' title="bbox 476 2982 2060 3057">
    <p class='ocr_par' dir='ltr' id='par_1_47' title="bbox 476 2982 2060 3057">
     <span class='ocr_line' id='line_1_47' title="bbox 476 2982 2060 3057; baseline -0.002 -16"><span class='ocrx_word' id='word_1_354' title='bbox 476 2986 835 3057; x_wconf 78' lang='lat' dir='ltr'><strong>cogitationes</strong></span> <span class='ocrx_word' id='word_1_355' title='bbox 857 3000 1047 3041; x_wconf 89' lang='lat' dir='ltr'><strong>eorum</strong></span> <span class='ocrx_word' id='word_1_356' title='bbox 1081 2985 1123 3039; x_wconf 87' lang='grc'><strong>³.</strong></span> <span class='ocrx_word' id='word_1_357' title='bbox 1164 3004 1183 3036; x_wconf 70' lang='grc' dir='ltr'><strong>ι</strong></span> <span class='ocrx_word' id='word_1_358' title='bbox 1219 2982 1352 3039; x_wconf 83' lang='lat' dir='ltr'><strong>Item</strong></span> <span class='ocrx_word' id='word_1_359' title='bbox 1390 2984 1457 3039; x_wconf 91' lang='lat' dir='ltr'><strong>de</strong></span> <span class='ocrx_word' id='word_1_360' title='bbox 1507 2983 1715 3053; x_wconf 90' lang='lat' dir='ltr'><strong>Spiritu</strong></span> <span class='ocrx_word' id='word_1_361' title='bbox 1743 2982 1939 3039; x_wconf 83' lang='lat' dir='ltr'><strong>Petrus</strong></span> <span class='ocrx_word' id='word_1_362' title='bbox 1990 2984 2060 3038; x_wconf 87' lang='lat' dir='ltr'><strong>ad</strong></span> 
     </span>
    </p>
   </div>
   <div class='ocr_carea' id='block_1_48' title="bbox 475 3075 2057 3146">
    <p class='ocr_par' dir='ltr' id='par_1_48' title="bbox 475 3075 2057 3146">
     <span class='ocr_line' id='line_1_48' title="bbox 475 3075 2057 3146; baseline -0.004 -13"><span class='ocrx_word' id='word_1_363' title='bbox 475 3078 744 3133; x_wconf 75' lang='lat' dir='ltr'><strong>Ananiani</strong></span> <span class='ocrx_word' id='word_1_364' title='bbox 772 3078 906 3133; x_wconf 88' lang='lat' dir='ltr'><strong>dicit</strong></span> <span class='ocrx_word' id='word_1_365' title='bbox 939 3096 954 3133; x_wconf 93' lang='lat'><strong>:</strong></span> <span class='ocrx_word' id='word_1_366' title='bbox 986 3095 1005 3127; x_wconf 75' lang='grc' dir='ltr'><strong>ι</strong></span> <span class='ocrx_word' id='word_1_367' title='bbox 1042 3075 1155 3131; x_wconf 87' lang='lat' dir='ltr'><strong>Cur</strong></span> <span class='ocrx_word' id='word_1_368' title='bbox 1205 3076 1450 3146; x_wconf 89' lang='lat' dir='ltr'><strong>implevit</strong></span> <span class='ocrx_word' id='word_1_369' title='bbox 1465 3076 1707 3130; x_wconf 82' lang='lat' dir='ltr'><strong>Satanas</strong></span> <span class='ocrx_word' id='word_1_370' title='bbox 1746 3089 1843 3129; x_wconf 85' lang='lat' dir='ltr'><strong>cor</strong></span> <span class='ocrx_word' id='word_1_371' title='bbox 1873 3083 2057 3137; x_wconf 88' lang='lat' dir='ltr'><strong>tuum,</strong></span> 
     </span>
    </p>
   </div>
   <div class='ocr_carea' id='block_1_49' title="bbox 478 3164 2056 3239">
    <p class='ocr_par' dir='ltr' id='par_1_49' title="bbox 478 3164 2056 3239">
     <span class='ocr_line' id='line_1_49' title="bbox 478 3164 2056 3239; baseline -0.004 -14"><span class='ocrx_word' id='word_1_372' title='bbox 478 3178 541 3225; x_wconf 90' lang='lat' dir='ltr'><strong>ut</strong></span> <span class='ocrx_word' id='word_1_373' title='bbox 571 3169 885 3226; x_wconf 87' lang='lat' dir='ltr'><strong>mentireris</strong></span> <span class='ocrx_word' id='word_1_374' title='bbox 918 3166 1147 3239; x_wconf 89' lang='lat' dir='ltr'><strong>Spiritui</strong></span> <span class='ocrx_word' id='word_1_375' title='bbox 1171 3178 1364 3222; x_wconf 86' lang='lat' dir='ltr'><strong>sancto</strong></span> <span class='ocrx_word' id='word_1_376' title='bbox 1393 3167 1415 3198; x_wconf 70' lang='grc'>⁸</span> <span class='ocrx_word' id='word_1_377' title='bbox 1451 3167 1474 3219; x_wconf 86' lang='lat'><strong>?</strong></span> <span class='ocrx_word' id='word_1_378' title='bbox 1507 3185 1524 3216; x_wconf 77' lang='grc' dir='ltr'><strong>ι</strong></span> <span class='ocrx_word' id='word_1_379' title='bbox 1561 3166 1879 3233; x_wconf 88' lang='lat' dir='ltr'><strong>ostendens,</strong></span> <span class='ocrx_word' id='word_1_380' title='bbox 1910 3164 2056 3234; x_wconf 89' lang='lat' dir='ltr'><strong>quod</strong></span> 
     </span>
    </p>
   </div>
   <div class='ocr_carea' id='block_1_50' title="bbox 477 3257 2063 3331">
    <p class='ocr_par' dir='ltr' id='par_1_50' title="bbox 477 3257 2063 3331">
     <span class='ocr_line' id='line_1_50' title="bbox 477 3257 2063 3331; baseline -0.003 -16"><span class='ocrx_word' id='word_1_381' title='bbox 477 3274 691 3326; x_wconf 89' lang='lat' dir='ltr'><strong>eorum,</strong></span> <span class='ocrx_word' id='word_1_382' title='bbox 739 3275 861 3331; x_wconf 70' lang='lat' dir='ltr'><strong>qua:</strong></span> <span class='ocrx_word' id='word_1_383' title='bbox 906 3260 962 3313; x_wconf 90' lang='lat' dir='ltr'><strong>in</strong></span> <span class='ocrx_word' id='word_1_384' title='bbox 990 3259 1399 3315; x_wconf 81' lang='lat' dir='ltr'><strong>occultoausus</strong></span> <span class='ocrx_word' id='word_1_385' title='bbox 1442 3264 1561 3313; x_wconf 90' lang='lat' dir='ltr'><strong>erat</strong></span> <span class='ocrx_word' id='word_1_386' title='bbox 1590 3257 1855 3324; x_wconf 83' lang='lat' dir='ltr'><strong>Ananias,</strong></span> <span class='ocrx_word' id='word_1_387' title='bbox 1903 3258 2063 3312; x_wconf 90' lang='lat' dir='ltr'><strong>testis</strong></span> 
     </span>
    </p>
   </div>
   <div class='ocr_carea' id='block_1_51' title="bbox 2160 1975 3752 2049">
    <p class='ocr_par' dir='ltr' id='par_1_51' title="bbox 2160 1975 3752 2049">
     <span class='ocr_line' id='line_1_51' title="bbox 2160 1975 3752 2049; baseline -0.001 -18"><span class='ocrx_word' id='word_1_388' title='bbox 2160 1978 2281 2042; x_wconf 78' lang='grc' dir='ltr'>τίας</span> <span class='ocrx_word' id='word_1_389' title='bbox 2303 1978 2362 2045; x_wconf 76' lang='grc' dir='ltr'>ἐξ</span> <span class='ocrx_word' id='word_1_390' title='bbox 2389 1977 2675 2041; x_wconf 80' lang='grc' dir='ltr'>αὐθεντίας</span> <span class='ocrx_word' id='word_1_391' title='bbox 2699 1977 2806 2032; x_wconf 86' lang='grc' dir='ltr'><strong>τῶν</strong></span> <span class='ocrx_word' id='word_1_392' title='bbox 2828 1976 3150 2049; x_wconf 80' lang='grc' dir='ltr'>ἀνθρώπων.</span> <span class='ocrx_word' id='word_1_393' title='bbox 3175 1995 3193 2029; x_wconf 77' lang='grc' dir='ltr'>ι</span> <span class='ocrx_word' id='word_1_394' title='bbox 3223 1975 3368 2030; x_wconf 75' lang='grc' dir='ltr'>Ἰδὼν</span> <span class='ocrx_word' id='word_1_395' title='bbox 3391 1976 3518 2046; x_wconf 70' lang='grc' dir='ltr'>γὰρ,</span> <span class='ocrx_word' id='word_1_396' title='bbox 3542 1976 3752 2045; x_wconf 76' lang='grc' dir='ltr'>φησὶν,</span> 
     </span>
    </p>
   </div>
   <div class='ocr_carea' id='block_1_52' title="bbox 2157 2066 3755 2142">
    <p class='ocr_par' dir='ltr' id='par_1_52' title="bbox 2157 2066 3755 2142">
     <span class='ocr_line' id='line_1_52' title="bbox 2157 2066 3755 2142; baseline -0.003 -17"><span class='ocrx_word' id='word_1_397' title='bbox 2157 2072 2187 2125; x_wconf 83' lang='lat'><strong>6</strong></span> <span class='ocrx_word' id='word_1_398' title='bbox 2225 2069 2430 2142; x_wconf 86' lang='grc' dir='ltr'>Ἰησοῦς</span> <span class='ocrx_word' id='word_1_399' title='bbox 2448 2070 2545 2133; x_wconf 75' lang='grc' dir='ltr'>τὰς</span> <span class='ocrx_word' id='word_1_400' title='bbox 2571 2069 2895 2140; x_wconf 79' lang='grc' dir='ltr'>ἐνθυμήσεις</span> <span class='ocrx_word' id='word_1_401' title='bbox 2924 2068 3121 2123; x_wconf 73' lang='grc' dir='ltr'>αὐτῶν.</span> <span class='ocrx_word' id='word_1_402' title='bbox 3138 2088 3156 2121; x_wconf 71' lang='grc' dir='ltr'>ι</span> <span class='ocrx_word' id='word_1_403' title='bbox 3178 2068 3292 2123; x_wconf 78' lang='grc' dir='ltr'><strong>Καὶ</strong></span> <span class='ocrx_word' id='word_1_404' title='bbox 3308 2068 3436 2139; x_wconf 79' lang='grc' dir='ltr'>περὶ</span> <span class='ocrx_word' id='word_1_405' title='bbox 3447 2066 3542 2121; x_wconf 86' lang='grc' dir='ltr'><strong>τοῦ</strong></span> <span class='ocrx_word' id='word_1_406' title='bbox 3563 2066 3755 2121; x_wconf 67' lang='lat' dir='ltr'><strong>Ilvati-</strong></span> 
     </span>
    </p>
   </div>
   <div class='ocr_carea' id='block_1_53' title="bbox 2162 2157 3753 2230">
    <p class='ocr_par' dir='ltr' id='par_1_53' title="bbox 2162 2157 3753 2230">
     <span class='ocr_line' id='line_1_53' title="bbox 2162 2157 3753 2230; baseline -0.001 -18"><span class='ocrx_word' id='word_1_407' title='bbox 2162 2175 2330 2229; x_wconf 85' lang='grc' dir='ltr'>ματος</span> <span class='ocrx_word' id='word_1_408' title='bbox 2376 2158 2522 2227; x_wconf 85' lang='grc' dir='ltr'>λέγει</span> <span class='ocrx_word' id='word_1_409' title='bbox 2571 2158 2704 2230; x_wconf 79' lang='grc' dir='ltr'>πρὸς</span> <span class='ocrx_word' id='word_1_410' title='bbox 2749 2159 2844 2212; x_wconf 84' lang='lat' dir='ltr'>16v</span> <span class='ocrx_word' id='word_1_411' title='bbox 2901 2159 3149 2213; x_wconf 77' lang='grc' dir='ltr'>Ἀνανίαν</span> <span class='ocrx_word' id='word_1_412' title='bbox 3190 2160 3219 2211; x_wconf 94' lang='lat'><strong>6</strong></span> <span class='ocrx_word' id='word_1_413' title='bbox 3259 2158 3464 2229; x_wconf 85' lang='grc' dir='ltr'>Πέτρος</span> <span class='ocrx_word' id='word_1_414' title='bbox 3486 2174 3502 2188; x_wconf 76' lang='grc' dir='ltr'><strong>ο</strong></span> <span class='ocrx_word' id='word_1_415' title='bbox 3549 2158 3645 2211; x_wconf 80' lang='grc' dir='ltr'>ἵνα</span> <span class='ocrx_word' id='word_1_416' title='bbox 3693 2157 3753 2210; x_wconf 83' lang='grc' dir='ltr'><strong>τί</strong></span> 
     </span>
    </p>
   </div>
   <div class='ocr_carea' id='block_1_54' title="bbox 2159 2250 3751 2324">
    <p class='ocr_par' dir='ltr' id='par_1_54' title="bbox 2159 2250 3751 2324">
     <span class='ocr_line' id='line_1_54' title="bbox 2159 2250 3751 2324; baseline -0.003 -18"><span class='ocrx_word' id='word_1_417' title='bbox 2159 2252 2477 2324; x_wconf 74' lang='grc' dir='ltr'>ἐπλήρωσεν</span> <span class='ocrx_word' id='word_1_418' title='bbox 2500 2253 2528 2305; x_wconf 90' lang='lat'><strong>6</strong></span> <span class='ocrx_word' id='word_1_419' title='bbox 2562 2253 2805 2316; x_wconf 83' lang='grc' dir='ltr'>Σατανᾶς</span> <span class='ocrx_word' id='word_1_420' title='bbox 2826 2254 2939 2323; x_wconf 72' lang='grc' dir='ltr'><strong>τὴνΔ</strong></span> <span class='ocrx_word' id='word_1_421' title='bbox 2970 2251 3195 2323; x_wconf 82' lang='grc' dir='ltr'>καρδίαν</span> <span class='ocrx_word' id='word_1_422' title='bbox 3223 2267 3316 2303; x_wconf 91' lang='grc' dir='ltr'><strong>σου</strong></span> <span class='ocrx_word' id='word_1_423' title='bbox 3345 2250 3655 2320; x_wconf 77' lang='grc' dir='ltr'>ψεύσασθαί</span> <span class='ocrx_word' id='word_1_424' title='bbox 3685 2266 3751 2302; x_wconf 85' lang='grc' dir='ltr'><strong>σε</strong></span> 
     </span>
    </p>
   </div>
   <div class='ocr_carea' id='block_1_55' title="bbox 2158 2339 3752 2415">
    <p class='ocr_par' dir='ltr' id='par_1_55' title="bbox 2158 2339 3752 2415">
     <span class='ocr_line' id='line_1_55' title="bbox 2158 2339 3752 2415; baseline -0.003 -18"><span class='ocrx_word' id='word_1_425' title='bbox 2158 2344 2222 2398; x_wconf 90' lang='lat'><strong>16</strong></span> <span class='ocrx_word' id='word_1_426' title='bbox 2252 2344 2478 2415; x_wconf 82' lang='grc' dir='ltr'>Πνεῦμα</span> <span class='ocrx_word' id='word_1_427' title='bbox 2506 2343 2566 2397; x_wconf 98' lang='lat'><strong>16</strong></span> <span class='ocrx_word' id='word_1_428' title='bbox 2595 2344 2789 2411; x_wconf 74' lang='grc' dir='ltr'>ἆγιονς</span> <span class='ocrx_word' id='word_1_429' title='bbox 2839 2344 3105 2407; x_wconf 78' lang='grc' dir='ltr'>Δεικνὺς,’</span> <span class='ocrx_word' id='word_1_430' title='bbox 3131 2343 3215 2397; x_wconf 80' lang='grc' dir='ltr'>ὅτι</span> <span class='ocrx_word' id='word_1_431' title='bbox 3254 2341 3364 2395; x_wconf 88' lang='grc' dir='ltr'>τῶν</span> <span class='ocrx_word' id='word_1_432' title='bbox 3406 2342 3465 2395; x_wconf 85' lang='grc' dir='ltr'>ὲν</span> <span class='ocrx_word' id='word_1_433' title='bbox 3508 2339 3752 2413; x_wconf 73' lang='grc' dir='ltr'>κρυπτῷ</span> 
     </span>
    </p>
   </div>
   <div class='ocr_carea' id='block_1_56' title="bbox 2158 2429 3754 2508">
    <p class='ocr_par' dir='ltr' id='par_1_56' title="bbox 2158 2429 3754 2508">
     <span class='ocr_line' id='line_1_56' title="bbox 2158 2429 3754 2508; baseline -0.003 -19"><span class='ocrx_word' id='word_1_434' title='bbox 2158 2436 2578 2508; x_wconf 83' lang='grc' dir='ltr'>τετολμημένων</span> <span class='ocrx_word' id='word_1_435' title='bbox 2608 2434 2760 2507; x_wconf 77' lang='grc' dir='ltr'>παρὰ</span> <span class='ocrx_word' id='word_1_436' title='bbox 2791 2434 3190 2499; x_wconf 85' lang='grc' dir='ltr'>τοῦ.Ἀνανίου,</span> <span class='ocrx_word' id='word_1_437' title='bbox 3230 2434 3438 2505; x_wconf 83' lang='grc' dir='ltr'>μάρτυς</span> <span class='ocrx_word' id='word_1_438' title='bbox 3469 2429 3538 2505; x_wconf 79' lang='grc' dir='ltr'>ἦν</span> <span class='ocrx_word' id='word_1_439' title='bbox 3565 2433 3754 2503; x_wconf 80' lang='grc' dir='ltr'>ἀψευ-</span> 
     </span>
    </p>
   </div>
   <div class='ocr_carea' id='block_1_57' title="bbox 2159 2518 3748 2599">
    <p class='ocr_par' dir='ltr' id='par_1_57' title="bbox 2159 2518 3748 2599">
     <span class='ocr_line' id='line_1_57' title="bbox 2159 2518 3748 2599; baseline -0.002 -18"><span class='ocrx_word' id='word_1_440' title='bbox 2159 2528 2254 2599; x_wconf 77' lang='grc' dir='ltr'>δὴς</span> <span class='ocrx_word' id='word_1_441' title='bbox 2288 2529 2547 2599; x_wconf 81' lang='grc' dir='ltr'>ὲπιίστωρ</span> <span class='ocrx_word' id='word_1_442' title='bbox 2576 2527 2637 2581; x_wconf 83' lang='lat'><strong>16</strong></span> <span class='ocrx_word' id='word_1_443' title='bbox 2661 2526 2885 2597; x_wconf 81' lang='grc' dir='ltr'>Πνεῦμα</span> <span class='ocrx_word' id='word_1_444' title='bbox 2911 2526 2972 2579; x_wconf 90' lang='lat'><strong>16</strong></span> <span class='ocrx_word' id='word_1_445' title='bbox 3000 2525 3176 2595; x_wconf 78' lang='grc' dir='ltr'>ἅγιον,</span> <span class='ocrx_word' id='word_1_446' title='bbox 3206 2525 3274 2579; x_wconf 64' lang='grc' dir='ltr'>διῗ</span> <span class='ocrx_word' id='word_1_447' title='bbox 3298 2518 3360 2579; x_wconf 78' lang='grc' dir='ltr'><strong>οῦ</strong></span> <span class='ocrx_word' id='word_1_448' title='bbox 3389 2525 3483 2579; x_wconf 78' lang='grc' dir='ltr'><strong>καὶ</strong></span> <span class='ocrx_word' id='word_1_449' title='bbox 3510 2523 3590 2596; x_wconf 82' lang='grc' dir='ltr'><strong>τῷ</strong></span> <span class='ocrx_word' id='word_1_450' title='bbox 3634 2525 3748 2578; x_wconf 75' lang='grc' dir='ltr'>Πέ-</span> 
     </span>
    </p>
   </div>
   <div class='ocr_carea' id='block_1_58' title="bbox 2157 2614 3752 2693">
    <p class='ocr_par' dir='ltr' id='par_1_58' title="bbox 2157 2614 3752 2693">
     <span class='ocr_line' id='line_1_58' title="bbox 2157 2614 3752 2693; baseline -0.001 -20"><span class='ocrx_word' id='word_1_451' title='bbox 2157 2638 2273 2693; x_wconf 86' lang='grc' dir='ltr'>τρῳ</span> <span class='ocrx_word' id='word_1_452' title='bbox 2302 2621 2410 2675; x_wconf 81' lang='grc' dir='ltr'>τῶν</span> <span class='ocrx_word' id='word_1_453' title='bbox 2443 2620 2811 2675; x_wconf 78' lang='grc' dir='ltr'>λανθανόντων</span> <span class='ocrx_word' id='word_1_454' title='bbox 2836 2620 2870 2690; x_wconf 81' lang='grc' dir='ltr'>ἡ</span> <span class='ocrx_word' id='word_1_455' title='bbox 2913 2618 3215 2690; x_wconf 71' lang='grc' dir='ltr'>φανέρωσις</span> <span class='ocrx_word' id='word_1_456' title='bbox 3255 2614 3344 2689; x_wconf 79' lang='grc' dir='ltr'><strong>ἦν.</strong></span> <span class='ocrx_word' id='word_1_457' title='bbox 3390 2619 3446 2671; x_wconf 91' lang='grc' dir='ltr'>Ὁ</span> <span class='ocrx_word' id='word_1_458' title='bbox 3480 2618 3577 2689; x_wconf 79' lang='grc' dir='ltr'>μὲν</span> <span class='ocrx_word' id='word_1_459' title='bbox 3630 2618 3752 2689; x_wconf 83' lang='grc' dir='ltr'>γὰρ</span> 
     </span>
    </p>
   </div>
   <div class='ocr_carea' id='block_1_59' title="bbox 2159 2709 3749 2781">
    <p class='ocr_par' dir='ltr' id='par_1_59' title="bbox 2159 2709 3749 2781">
     <span class='ocr_line' id='line_1_59' title="bbox 2159 2709 3749 2781; baseline -0.001 -16"><span class='ocrx_word' id='word_1_460' title='bbox 2159 2712 2377 2781; x_wconf 80' lang='grc' dir='ltr'>ἐγένετο</span> <span class='ocrx_word' id='word_1_461' title='bbox 2417 2712 2656 2781; x_wconf 83' lang='grc' dir='ltr'>κλέπτης</span> <span class='ocrx_word' id='word_1_462' title='bbox 2687 2712 2850 2775; x_wconf 82' lang='grc' dir='ltr'>αὐτὸς</span> <span class='ocrx_word' id='word_1_463' title='bbox 2895 2710 3085 2764; x_wconf 78' lang='grc' dir='ltr'>ἑαυτοῦ</span> <span class='ocrx_word' id='word_1_464' title='bbox 3118 2710 3415 2774; x_wconf 81' lang='grc' dir='ltr'>λανθάνων,</span> <span class='ocrx_word' id='word_1_465' title='bbox 3461 2710 3536 2773; x_wconf 83' lang='grc' dir='ltr'>ὡς</span> <span class='ocrx_word' id='word_1_466' title='bbox 3573 2709 3749 2780; x_wconf 74' lang='grc' dir='ltr'>ᾤετο,</span> 
     </span>
    </p>
   </div>
   <div class='ocr_carea' id='block_1_60' title="bbox 2161 2801 3750 2875">
    <p class='ocr_par' dir='ltr' id='par_1_60' title="bbox 2161 2801 3750 2875">
     <span class='ocr_line' id='line_1_60' title="bbox 2161 2801 3750 2875; baseline -0.001 -17"><span class='ocrx_word' id='word_1_467' title='bbox 2161 2806 2396 2869; x_wconf 83' lang='grc' dir='ltr'>πάντας,</span> <span class='ocrx_word' id='word_1_468' title='bbox 2444 2806 2539 2859; x_wconf 74' lang='grc' dir='ltr'><strong>καὶ</strong></span> <span class='ocrx_word' id='word_1_469' title='bbox 2571 2806 2671 2875; x_wconf 84' lang='grc' dir='ltr'>τὴν</span> <span class='ocrx_word' id='word_1_470' title='bbox 2711 2802 2987 2874; x_wconf 86' lang='grc' dir='ltr'>ἁμαρτίαν</span> <span class='ocrx_word' id='word_1_471' title='bbox 3029 2801 3515 2874; x_wconf 75' lang='grc' dir='ltr'>ἐπικρυπτόμενος.</span> <span class='ocrx_word' id='word_1_472' title='bbox 3566 2803 3646 2856; x_wconf 84' lang='grc' dir='ltr'><strong>Τὸ</strong></span> <span class='ocrx_word' id='word_1_473' title='bbox 3688 2802 3750 2856; x_wconf 66' lang='grc' dir='ltr'>δὲ</span> 
     </span>
    </p>
   </div>
   <div class='ocr_carea' id='block_1_61' title="bbox 2162 2889 3750 2966">
    <p class='ocr_par' dir='ltr' id='par_1_61' title="bbox 2162 2889 3750 2966">
     <span class='ocr_line' id='line_1_61' title="bbox 2162 2889 3750 2966; baseline -0.003 -16"><span class='ocrx_word' id='word_1_474' title='bbox 2162 2896 2387 2966; x_wconf 87' lang='grc' dir='ltr'>Πνεῦμα</span> <span class='ocrx_word' id='word_1_475' title='bbox 2418 2896 2478 2949; x_wconf 88' lang='lat'><strong>16</strong></span> <span class='ocrx_word' id='word_1_476' title='bbox 2506 2897 2680 2965; x_wconf 76' lang='grc' dir='ltr'>ἅγιον,</span> <span class='ocrx_word' id='word_1_477' title='bbox 2711 2894 2846 2966; x_wconf 86' lang='grc' dir='ltr'>ὁμοῦ</span> <span class='ocrx_word' id='word_1_478' title='bbox 2877 2912 2939 2947; x_wconf 92' lang='grc' dir='ltr'><strong>τε</strong></span> <span class='ocrx_word' id='word_1_479' title='bbox 2955 2896 3012 2949; x_wconf 81' lang='grc' dir='ltr'>ὲν</span> <span class='ocrx_word' id='word_1_480' title='bbox 3040 2894 3232 2965; x_wconf 82' lang='grc' dir='ltr'>Πέτρῳ</span> <span class='ocrx_word' id='word_1_481' title='bbox 3253 2889 3455 2964; x_wconf 79' lang='grc' dir='ltr'>ἧν,καὶ</span> <span class='ocrx_word' id='word_1_482' title='bbox 3469 2894 3565 2965; x_wconf 81' lang='grc' dir='ltr'><strong>τὴν</strong></span> <span class='ocrx_word' id='word_1_483' title='bbox 3596 2894 3750 2948; x_wconf 79' lang='grc' dir='ltr'>ἐκεί-</span> 
     </span>
    </p>
   </div>
   <div class='ocr_carea' id='block_1_62' title="bbox 2162 2983 3751 3057">
    <p class='ocr_par' dir='ltr' id='par_1_62' title="bbox 2162 2983 3751 3057">
     <span class='ocr_line' id='line_1_62' title="bbox 2162 2983 3751 3057; baseline -0.003 -16"><span class='ocrx_word' id='word_1_484' title='bbox 2162 3004 2253 3041; x_wconf 90' lang='grc' dir='ltr'><strong>νου</strong></span> <span class='ocrx_word' id='word_1_485' title='bbox 2292 2986 2533 3040; x_wconf 86' lang='grc' dir='ltr'>διάνοιαν-</span> <span class='ocrx_word' id='word_1_486' title='bbox 2559 2987 2693 3057; x_wconf 86' lang='grc' dir='ltr'>πρὸς</span> <span class='ocrx_word' id='word_1_487' title='bbox 2729 2986 2828 3056; x_wconf 84' lang='grc' dir='ltr'>τὴν</span> <span class='ocrx_word' id='word_1_488' title='bbox 2873 2983 3305 3055; x_wconf 78' lang='grc' dir='ltr'>φιλοχρηματίαν</span> <span class='ocrx_word' id='word_1_489' title='bbox 3340 2987 3751 3054; x_wconf 79' lang='grc' dir='ltr'>κατασυρεῖσαν</span> 
     </span>
    </p>
   </div>
   <div class='ocr_carea' id='block_1_63' title="bbox 2164 3074 3749 3148">
    <p class='ocr_par' dir='ltr' id='par_1_63' title="bbox 2164 3074 3749 3148">
     <span class='ocr_line' id='line_1_63' title="bbox 2164 3074 3749 3148; baseline 0 -18"><span class='ocrx_word' id='word_1_490' title='bbox 2164 3075 2439 3148; x_wconf 75' lang='grc' dir='ltr'>ἐφώρασε,</span> <span class='ocrx_word' id='word_1_491' title='bbox 2486 3079 2581 3131; x_wconf 81' lang='grc' dir='ltr'>καὶ</span> <span class='ocrx_word' id='word_1_492' title='bbox 2621 3077 2689 3130; x_wconf 89' lang='grc' dir='ltr'>δι’</span> <span class='ocrx_word' id='word_1_493' title='bbox 2714 3074 2909 3130; x_wconf 80' lang='grc' dir='ltr'>ἑαυτοῦ</span> <span class='ocrx_word' id='word_1_494' title='bbox 2940 3075 3129 3131; x_wconf 17' lang='grc' dir='ltr'>δίδωσι,</span> <span class='ocrx_word' id='word_1_495' title='bbox 3172 3074 3250 3146; x_wconf 83' lang='grc' dir='ltr'><strong>τῷ</strong></span> <span class='ocrx_word' id='word_1_496' title='bbox 3298 3075 3488 3147; x_wconf 84' lang='grc' dir='ltr'>Πέτρῳ</span> <span class='ocrx_word' id='word_1_497' title='bbox 3520 3076 3653 3130; x_wconf 79' lang='grc' dir='ltr'>ἰδεῖν</span> <span class='ocrx_word' id='word_1_498' title='bbox 3675 3076 3749 3130; x_wconf 86' lang='grc' dir='ltr'>τὰ</span> 
     </span>
    </p>
   </div>
   <div class='ocr_carea' id='block_1_64' title="bbox 2164 3163 3751 3239">
    <p class='ocr_par' dir='ltr' id='par_1_64' title="bbox 2164 3163 3751 3239">
     <span class='ocr_line' id='line_1_64' title="bbox 2164 3163 3751 3239; baseline 0.001 -19"><span class='ocrx_word' id='word_1_499' title='bbox 2164 3167 2495 3221; x_wconf 84' lang='grc' dir='ltr'>λανθάνοντα</span> <span class='ocrx_word' id='word_1_500' title='bbox 2519 3184 2535 3200; x_wconf 79' lang='grc' dir='ltr'><strong>ο</strong></span> <span class='ocrx_word' id='word_1_501' title='bbox 2586 3167 2687 3221; x_wconf 87' lang='grc' dir='ltr'><strong>οὐκ</strong></span> <span class='ocrx_word' id='word_1_502' title='bbox 2710 3166 2778 3221; x_wconf 80' lang='grc' dir='ltr'>ἂν</span> <span class='ocrx_word' id='word_1_503' title='bbox 2806 3165 3049 3237; x_wconf 86' lang='grc' dir='ltr'>δηλονότι</span> <span class='ocrx_word' id='word_1_504' title='bbox 3073 3164 3230 3220; x_wconf 86' lang='grc' dir='ltr'>τοῦτο</span> <span class='ocrx_word' id='word_1_505' title='bbox 3257 3166 3463 3234; x_wconf 79' lang='grc' dir='ltr'>ποιοῦν,</span> <span class='ocrx_word' id='word_1_506' title='bbox 3494 3166 3656 3239; x_wconf 74' lang='grc' dir='ltr'>εἴπερ</span> <span class='ocrx_word' id='word_1_507' title='bbox 3677 3163 3751 3238; x_wconf 81' lang='grc' dir='ltr'>ἦν</span> 
     </span>
    </p>
   </div>
   <div class='ocr_carea' id='block_1_65' title="bbox 2167 3256 2824 3327">
    <p class='ocr_par' dir='ltr' id='par_1_65' title="bbox 2167 3256 2824 3327">
     <span class='ocr_line' id='line_1_65' title="bbox 2167 3256 2824 3327; baseline 0.002 -18"><span class='ocrx_word' id='word_1_508' title='bbox 2167 3257 2276 3309; x_wconf 88' lang='grc' dir='ltr'><strong>τῶν</strong></span> <span class='ocrx_word' id='word_1_509' title='bbox 2300 3257 2553 3327; x_wconf 81' lang='grc' dir='ltr'>κρυφίων</span> <span class='ocrx_word' id='word_1_510' title='bbox 2578 3256 2824 3310; x_wconf 79' lang='grc' dir='ltr'>ἀθέατον.</span> 
     </span>
    </p>
   </div>
   <div class='ocr_carea' id='block_1_66' title="bbox 478 3349 3743 3423">
    <p class='ocr_par' dir='ltr' id='par_1_66' title="bbox 478 3349 3743 3423">
     <span class='ocr_line' id='line_1_66' title="bbox 478 3349 3743 3423; baseline 0 -17"><span class='ocrx_word' id='word_1_511' title='bbox 478 3368 648 3409; x_wconf 82' lang='lat' dir='ltr'><strong>verax</strong></span> <span class='ocrx_word' id='word_1_512' title='bbox 680 3361 736 3409; x_wconf 90' lang='lat' dir='ltr'><strong>et</strong></span> <span class='ocrx_word' id='word_1_513' title='bbox 791 3353 1001 3408; x_wconf 81' lang='lat' dir='ltr'><strong>arbiter</strong></span> <span class='ocrx_word' id='word_1_514' title='bbox 1029 3362 1175 3408; x_wconf 85' lang='lat' dir='ltr'><strong>esset</strong></span> <span class='ocrx_word' id='word_1_515' title='bbox 1208 3352 1446 3423; x_wconf 90' lang='lat' dir='ltr'><strong>Spiritus</strong></span> <span class='ocrx_word' id='word_1_516' title='bbox 1486 3359 1733 3416; x_wconf 87' lang='lat' dir='ltr'><strong>sanctus,</strong></span> <span class='ocrx_word' id='word_1_517' title='bbox 1756 3367 1855 3423; x_wconf 89' lang='lat' dir='ltr'><strong>per</strong></span> <span class='ocrx_word' id='word_1_518' title='bbox 1878 3366 2045 3423; x_wconf 88' lang='lat' dir='ltr'><strong>quem</strong></span> <span class='ocrx_word' id='word_1_519' title='bbox 2098 3352 2261 3409; x_wconf 88' lang='lat' dir='ltr'><strong>etiam</strong></span> <span class='ocrx_word' id='word_1_520' title='bbox 2292 3349 2455 3407; x_wconf 88' lang='lat' dir='ltr'><strong>Petro</strong></span> <span class='ocrx_word' id='word_1_521' title='bbox 2484 3352 2855 3422; x_wconf 87' lang='lat' dir='ltr'><strong>prodebantur</strong></span> <span class='ocrx_word' id='word_1_522' title='bbox 2880 3352 3118 3409; x_wconf 87' lang='lat' dir='ltr'><strong>occulta.</strong></span> <span class='ocrx_word' id='word_1_523' title='bbox 3164 3352 3344 3423; x_wconf 76' lang='lat' dir='ltr'><strong>Atque</strong></span> <span class='ocrx_word' id='word_1_524' title='bbox 3380 3350 3473 3407; x_wconf 88' lang='lat' dir='ltr'><strong>ille</strong></span> <span class='ocrx_word' id='word_1_525' title='bbox 3509 3352 3743 3423; x_wconf 87' lang='lat' dir='ltr'><strong>quidem</strong></span> 
     </span>
    </p>
   </div>
   <div class='ocr_carea' id='block_1_67' title="bbox 478 3444 3748 3517">
    <p class='ocr_par' dir='ltr' id='par_1_67' title="bbox 478 3444 3748 3517">
     <span class='ocr_line' id='line_1_67' title="bbox 478 3444 3748 3517; baseline -0 -15"><span class='ocrx_word' id='word_1_526' title='bbox 478 3445 567 3502; x_wconf 74' lang='lat' dir='ltr'><strong>sui</strong></span> <span class='ocrx_word' id='word_1_527' title='bbox 595 3446 768 3515; x_wconf 89' lang='lat' dir='ltr'><strong>ipsius</strong></span> <span class='ocrx_word' id='word_1_528' title='bbox 818 3444 908 3499; x_wconf 88' lang='lat' dir='ltr'><strong>fur</strong></span> <span class='ocrx_word' id='word_1_529' title='bbox 939 3452 1076 3510; x_wconf 89' lang='lat' dir='ltr'><strong>erat,</strong></span> <span class='ocrx_word' id='word_1_530' title='bbox 1124 3445 1318 3501; x_wconf 88' lang='lat' dir='ltr'><strong>fallens</strong></span> <span class='ocrx_word' id='word_1_531' title='bbox 1366 3461 1577 3507; x_wconf 89' lang='lat' dir='ltr'><strong>omnes.</strong></span> <span class='ocrx_word' id='word_1_532' title='bbox 1620 3455 1681 3500; x_wconf 88' lang='lat' dir='ltr'><strong>ut</strong></span> <span class='ocrx_word' id='word_1_533' title='bbox 1743 3447 1991 3516; x_wconf 91' lang='lat' dir='ltr'><strong>putabat,</strong></span> <span class='ocrx_word' id='word_1_534' title='bbox 2041 3453 2096 3502; x_wconf 89' lang='lat' dir='ltr'><strong>et</strong></span> <span class='ocrx_word' id='word_1_535' title='bbox 2131 3452 2416 3517; x_wconf 90' lang='lat' dir='ltr'><strong>peccatum</strong></span> <span class='ocrx_word' id='word_1_536' title='bbox 2443 3446 2719 3500; x_wconf 82' lang='lat' dir='ltr'><strong>occultum</strong></span> <span class='ocrx_word' id='word_1_537' title='bbox 2760 3446 2988 3503; x_wconf 85' lang='lat' dir='ltr'><strong>habens.</strong></span> <span class='ocrx_word' id='word_1_538' title='bbox 3013 3445 3253 3517; x_wconf 90' lang='lat' dir='ltr'><strong>Spiritus</strong></span> <span class='ocrx_word' id='word_1_539' title='bbox 3293 3453 3473 3502; x_wconf 90' lang='lat' dir='ltr'><strong>autem</strong></span> <span class='ocrx_word' id='word_1_540' title='bbox 3510 3456 3748 3502; x_wconf 76' lang='lat' dir='ltr'><strong>sanctus</strong></span> 
     </span>
    </p>
   </div>
   <div class='ocr_carea' id='block_1_68' title="bbox 480 3536 3750 3610">
    <p class='ocr_par' dir='ltr' id='par_1_68' title="bbox 480 3536 3750 3610">
     <span class='ocr_line' id='line_1_68' title="bbox 480 3536 3750 3610; baseline -0.001 -16"><span class='ocrx_word' id='word_1_541' title='bbox 480 3537 737 3594; x_wconf 77' lang='lat' dir='ltr'><strong>simulet</strong></span> <span class='ocrx_word' id='word_1_542' title='bbox 767 3538 819 3591; x_wconf 91' lang='lat' dir='ltr'><strong>in</strong></span> <span class='ocrx_word' id='word_1_543' title='bbox 850 3536 1013 3593; x_wconf 89' lang='lat' dir='ltr'><strong>Petro</strong></span> <span class='ocrx_word' id='word_1_544' title='bbox 1040 3549 1179 3602; x_wconf 87' lang='lat' dir='ltr'><strong>erat,</strong></span> <span class='ocrx_word' id='word_1_545' title='bbox 1225 3548 1280 3594; x_wconf 89' lang='lat' dir='ltr'><strong>et</strong></span> <span class='ocrx_word' id='word_1_546' title='bbox 1324 3539 1470 3593; x_wconf 91' lang='lat' dir='ltr'><strong>illius</strong></span> <span class='ocrx_word' id='word_1_547' title='bbox 1504 3547 1740 3594; x_wconf 86' lang='lat' dir='ltr'><strong>mentem</strong></span> <span class='ocrx_word' id='word_1_548' title='bbox 1771 3540 1838 3594; x_wconf 92' lang='lat' dir='ltr'><strong>ad</strong></span> <span class='ocrx_word' id='word_1_549' title='bbox 1894 3540 2177 3594; x_wconf 84' lang='lat' dir='ltr'><strong>avaritiam</strong></span> <span class='ocrx_word' id='word_1_550' title='bbox 2242 3539 2539 3608; x_wconf 71' lang='lat' dir='ltr'><strong>projectum</strong></span> <span class='ocrx_word' id='word_1_551' title='bbox 2593 3538 2973 3609; x_wconf 87' lang='lat' dir='ltr'><strong>deprehendit,</strong></span> <span class='ocrx_word' id='word_1_552' title='bbox 3024 3548 3079 3595; x_wconf 91' lang='lat' dir='ltr'><strong>et</strong></span> <span class='ocrx_word' id='word_1_553' title='bbox 3125 3555 3221 3610; x_wconf 89' lang='lat' dir='ltr'><strong>per</strong></span> <span class='ocrx_word' id='word_1_554' title='bbox 3290 3554 3411 3595; x_wconf 87' lang='lat' dir='ltr'><strong>sese</strong></span> <span class='ocrx_word' id='word_1_555' title='bbox 3460 3537 3620 3594; x_wconf 89' lang='lat' dir='ltr'><strong>Petro</strong></span> <span class='ocrx_word' id='word_1_556' title='bbox 3662 3539 3750 3592; x_wconf 81' lang='lat' dir='ltr'><strong>la-</strong></span> 
     </span>
    </p>
   </div>
   <div class='ocr_carea' id='block_1_69' title="bbox 480 3628 3485 3702">
    <p class='ocr_par' dir='ltr' id='par_1_69' title="bbox 480 3628 3485 3702">
     <span class='ocr_line' id='line_1_69' title="bbox 480 3628 3485 3702; baseline -0 -17"><span class='ocrx_word' id='word_1_557' title='bbox 480 3630 653 3687; x_wconf 89' lang='lat' dir='ltr'><strong>tentia</strong></span> <span class='ocrx_word' id='word_1_558' title='bbox 682 3628 900 3684; x_wconf 89' lang='lat' dir='ltr'><strong>videndi</strong></span> <span class='ocrx_word' id='word_1_559' title='bbox 940 3629 1255 3687; x_wconf 82' lang='lat' dir='ltr'><strong>facultatem</strong></span> <span class='ocrx_word' id='word_1_560' title='bbox 1284 3630 1378 3685; x_wconf 90' lang='lat' dir='ltr'><strong>dat</strong></span> <span class='ocrx_word' id='word_1_561' title='bbox 1405 3650 1418 3685; x_wconf 90' lang='lat'>:</span> <span class='ocrx_word' id='word_1_562' title='bbox 1441 3631 1544 3684; x_wconf 89' lang='lat' dir='ltr'><strong>hoc</strong></span> <span class='ocrx_word' id='word_1_563' title='bbox 1569 3629 1950 3685; x_wconf 79' lang='lat' dir='ltr'><strong>videlicetnun</strong></span> <span class='ocrx_word' id='word_1_564' title='bbox 1977 3629 2243 3694; x_wconf 88' lang='lat' dir='ltr'><strong>facturus,</strong></span> <span class='ocrx_word' id='word_1_565' title='bbox 2282 3631 2327 3686; x_wconf 89' lang='lat' dir='ltr'><strong>si</strong></span> <span class='ocrx_word' id='word_1_566' title='bbox 2354 3631 2572 3685; x_wconf 90' lang='lat' dir='ltr'><strong>occulta</strong></span> <span class='ocrx_word' id='word_1_567' title='bbox 2603 3631 2827 3687; x_wconf 82' lang='lat' dir='ltr'><strong>videndi</strong></span> <span class='ocrx_word' id='word_1_568' title='bbox 2849 3633 3289 3702; x_wconf 79' lang='lat' dir='ltr'><strong>virtutisexpers</strong></span> <span class='ocrx_word' id='word_1_569' title='bbox 3318 3640 3485 3687; x_wconf 88' lang='lat' dir='ltr'><strong>esset.</strong></span> 
     </span>
    </p>
   </div>
   <div class='ocr_carea' id='block_1_70' title="bbox 552 3816 2063 3887">
    <p class='ocr_par' dir='ltr' id='par_1_70' title="bbox 552 3816 2063 3887">
     <span class='ocr_line' id='line_1_70' title="bbox 552 3816 2063 3887; baseline -0.002 -13"><span class='ocrx_word' id='word_1_570' title='bbox 552 3820 624 3874; x_wconf 77' lang='lat' dir='ltr'><strong>At</strong></span> <span class='ocrx_word' id='word_1_571' title='bbox 663 3816 907 3874; x_wconf 88' lang='lat' dir='ltr'><strong>nondum</strong></span> <span class='ocrx_word' id='word_1_572' title='bbox 948 3816 1160 3887; x_wconf 87' lang='lat' dir='ltr'><strong>inquiet</strong></span> <span class='ocrx_word' id='word_1_573' title='bbox 1198 3816 1399 3886; x_wconf 88' lang='lat' dir='ltr'><strong>aliquis</strong></span> <span class='ocrx_word' id='word_1_574' title='bbox 1441 3816 1512 3871; x_wconf 87' lang='lat' dir='ltr'><strong>ad</strong></span> <span class='ocrx_word' id='word_1_575' title='bbox 1539 3816 1590 3870; x_wconf 92' lang='lat' dir='ltr'><strong>id</strong></span> <span class='ocrx_word' id='word_1_576' title='bbox 1609 3818 1752 3886; x_wconf 89' lang='lat' dir='ltr'><strong>quod</strong></span> <span class='ocrx_word' id='word_1_577' title='bbox 1780 3816 2063 3887; x_wconf 60' lang='lat' dir='ltr'><strong>queritur,</strong></span> 
     </span>
    </p>
   </div>
   <div class='ocr_carea' id='block_1_71' title="bbox 483 3906 2063 3980">
    <p class='ocr_par' dir='ltr' id='par_1_71' title="bbox 483 3906 2063 3980">
     <span class='ocr_line' id='line_1_71' title="bbox 483 3906 2063 3980; baseline -0.003 -13"><span class='ocrx_word' id='word_1_578' title='bbox 483 3909 752 3968; x_wconf 84' lang='lat' dir='ltr'><strong>orationis</strong></span> <span class='ocrx_word' id='word_1_579' title='bbox 779 3917 1027 3980; x_wconf 84' lang='lat' dir='ltr'><strong>spectare</strong></span> <span class='ocrx_word' id='word_1_580' title='bbox 1044 3916 1407 3964; x_wconf 82' lang='lat' dir='ltr'><strong>structuram.</strong></span> <span class='ocrx_word' id='word_1_581' title='bbox 1424 3906 1610 3978; x_wconf 85' lang='lat' dir='ltr'><strong>Neque</strong></span> <span class='ocrx_word' id='word_1_582' title='bbox 1629 3909 1773 3964; x_wconf 91' lang='lat' dir='ltr'><strong>enim</strong></span> <span class='ocrx_word' id='word_1_583' title='bbox 1798 3909 1845 3965; x_wconf 90' lang='lat' dir='ltr'><strong>si</strong></span> <span class='ocrx_word' id='word_1_584' title='bbox 1878 3909 2063 3963; x_wconf 88' lang='lat' dir='ltr'><strong>datum</strong></span> 
     </span>
    </p>
   </div>
   <div class='ocr_carea' id='block_1_72' title="bbox 485 3999 2058 4065">
    <p class='ocr_par' dir='ltr' id='par_1_72' title="bbox 485 3999 2058 4065">
     <span class='ocr_line' id='line_1_72' title="bbox 485 3999 2058 4065; baseline -0.001 -6"><span class='ocrx_word' id='word_1_585' title='bbox 485 4002 651 4059; x_wconf 84' lang='lat' dir='ltr'><strong>fuerit</strong></span> <span class='ocrx_word' id='word_1_586' title='bbox 695 4015 985 4057; x_wconf 71' lang='lat' dir='ltr'><strong>commune</strong></span> <span class='ocrx_word' id='word_1_587' title='bbox 1027 4006 1240 4055; x_wconf 73' lang='lat' dir='ltr'><strong>natura:</strong></span> <span class='ocrx_word' id='word_1_588' title='bbox 1287 3999 1615 4054; x_wconf 88' lang='lat' dir='ltr'><strong>vocabulum</strong></span> <span class='ocrx_word' id='word_1_589' title='bbox 1647 4013 1771 4055; x_wconf 91' lang='lat' dir='ltr'><strong>esse</strong></span> <span class='ocrx_word' id='word_1_590' title='bbox 1812 3999 2058 4065; x_wconf 80' lang='lat' dir='ltr'><strong>deitatis,</strong></span> 
     </span>
    </p>
   </div>
   <div class='ocr_carea' id='block_1_73' title="bbox 482 4089 2062 4167">
    <p class='ocr_par' dir='ltr' id='par_1_73' title="bbox 482 4089 2062 4167">
     <span class='ocr_line' id='line_1_73' title="bbox 482 4089 2062 4167; baseline -0.005 -15"><span class='ocrx_word' id='word_1_591' title='bbox 482 4096 597 4167; x_wconf 80' lang='lat' dir='ltr'><strong>iam</strong></span> <span class='ocrx_word' id='word_1_592' title='bbox 630 4093 928 4167; x_wconf 87' lang='lat' dir='ltr'><strong>(protinus)</strong></span> <span class='ocrx_word' id='word_1_593' title='bbox 968 4108 1065 4164; x_wconf 89' lang='lat' dir='ltr'><strong>per</strong></span> <span class='ocrx_word' id='word_1_594' title='bbox 1102 4092 1208 4147; x_wconf 89' lang='lat' dir='ltr'><strong>hoc</strong></span> <span class='ocrx_word' id='word_1_595' title='bbox 1235 4090 1523 4163; x_wconf 88' lang='lat' dir='ltr'><strong>probatum</strong></span> <span class='ocrx_word' id='word_1_596' title='bbox 1546 4090 1734 4155; x_wconf 90' lang='lat' dir='ltr'><strong>fuerit,</strong></span> <span class='ocrx_word' id='word_1_597' title='bbox 1771 4089 1919 4161; x_wconf 91' lang='lat' dir='ltr'><strong>quod</strong></span> <span class='ocrx_word' id='word_1_598' title='bbox 1950 4105 2062 4145; x_wconf 91' lang='lat' dir='ltr'><strong>non</strong></span> 
     </span>
    </p>
   </div>
   <div class='ocr_carea' id='block_1_74' title="bbox 484 4185 2066 4261">
    <p class='ocr_par' dir='ltr' id='par_1_74' title="bbox 484 4185 2066 4261">
     <span class='ocr_line' id='line_1_74' title="bbox 484 4185 2066 4261; baseline -0.003 -15"><span class='ocrx_word' id='word_1_599' title='bbox 484 4195 733 4261; x_wconf 85' lang='lat' dir='ltr'><strong>oporteat</strong></span> <span class='ocrx_word' id='word_1_600' title='bbox 759 4188 943 4244; x_wconf 90' lang='lat' dir='ltr'><strong>dicere</strong></span> <span class='ocrx_word' id='word_1_601' title='bbox 967 4187 1099 4243; x_wconf 91' lang='lat' dir='ltr'><strong>deos</strong></span> <span class='ocrx_word' id='word_1_602' title='bbox 1131 4205 1144 4241; x_wconf 90' lang='lat'><strong>:</strong></span> <span class='ocrx_word' id='word_1_603' title='bbox 1171 4185 1419 4256; x_wconf 92' lang='lat' dir='ltr'><strong>quinimo</strong></span> <span class='ocrx_word' id='word_1_604' title='bbox 1452 4194 1646 4240; x_wconf 83' lang='lat' dir='ltr'><strong>contra</strong></span> <span class='ocrx_word' id='word_1_605' title='bbox 1679 4201 1745 4241; x_wconf 80' lang='lat' dir='ltr'><strong>ex</strong></span> <span class='ocrx_word' id='word_1_606' title='bbox 1780 4185 1867 4242; x_wconf 87' lang='lat' dir='ltr'><strong>his</strong></span> <span class='ocrx_word' id='word_1_607' title='bbox 1892 4186 2066 4255; x_wconf 88' lang='lat' dir='ltr'><strong>magis</strong></span> 
     </span>
    </p>
   </div>
   <div class='ocr_carea' id='block_1_75' title="bbox 485 4276 2069 4353">
    <p class='ocr_par' dir='ltr' id='par_1_75' title="bbox 485 4276 2069 4353">
     <span class='ocr_line' id='line_1_75' title="bbox 485 4276 2069 4353; baseline -0.004 -15"><span class='ocrx_word' id='word_1_608' title='bbox 485 4282 736 4353; x_wconf 84' lang='lat' dir='ltr'><strong>cogimur</strong></span> <span class='ocrx_word' id='word_1_609' title='bbox 766 4280 947 4337; x_wconf 91' lang='lat' dir='ltr'><strong>dicere</strong></span> <span class='ocrx_word' id='word_1_610' title='bbox 979 4280 1135 4335; x_wconf 89' lang='lat' dir='ltr'><strong>deos.</strong></span> <span class='ocrx_word' id='word_1_611' title='bbox 1174 4278 1531 4348; x_wconf 80' lang='lat' dir='ltr'><strong>Reperiemus</strong></span> <span class='ocrx_word' id='word_1_612' title='bbox 1561 4278 1707 4333; x_wconf 89' lang='lat' dir='ltr'><strong>enim</strong></span> <span class='ocrx_word' id='word_1_613' title='bbox 1748 4276 1803 4331; x_wconf 85' lang='lat' dir='ltr'><strong>in</strong></span> <span class='ocrx_word' id='word_1_614' title='bbox 1834 4291 2069 4334; x_wconf 89' lang='lat' dir='ltr'><strong>consue-</strong></span> 
     </span>
    </p>
   </div>
   <div class='ocr_carea' id='block_1_76' title="bbox 487 4361 2070 4439">
    <p class='ocr_par' dir='ltr' id='par_1_76' title="bbox 487 4361 2070 4439">
     <span class='ocr_line' id='line_1_76' title="bbox 487 4361 2070 4439; baseline -0.006 -9"><span class='ocrx_word' id='word_1_615' title='bbox 487 4375 679 4432; x_wconf 82' lang='lat' dir='ltr'><strong>tudine.</strong></span> <span class='ocrx_word' id='word_1_616' title='bbox 700 4361 1005 4430; x_wconf 71' lang='lat' dir='ltr'><strong>Hominum.</strong></span> <span class='ocrx_word' id='word_1_617' title='bbox 1033 4386 1141 4425; x_wconf 90' lang='lat' dir='ltr'><strong>non</strong></span> <span class='ocrx_word' id='word_1_618' title='bbox 1168 4371 1342 4426; x_wconf 90' lang='lat' dir='ltr'><strong>solum</strong></span> <span class='ocrx_word' id='word_1_619' title='bbox 1371 4384 1487 4433; x_wconf 84' lang='lat' dir='ltr'><strong>eos,</strong></span> <span class='ocrx_word' id='word_1_620' title='bbox 1521 4371 1611 4439; x_wconf 92' lang='lat' dir='ltr'><strong>qui</strong></span> <span class='ocrx_word' id='word_1_621' title='bbox 1645 4369 1890 4423; x_wconf 90' lang='lat' dir='ltr'><strong>eamdem</strong></span> <span class='ocrx_word' id='word_1_622' title='bbox 1919 4374 2070 4422; x_wconf 90' lang='lat' dir='ltr'><strong>natu-</strong></span> 
     </span>
    </p>
   </div>
   <div class='ocr_carea' id='block_1_77' title="bbox 488 4458 2067 4529">
    <p class='ocr_par' dir='ltr' id='par_1_77' title="bbox 488 4458 2067 4529">
     <span class='ocr_line' id='line_1_77' title="bbox 488 4458 2067 4529; baseline -0.005 -8"><span class='ocrx_word' id='word_1_623' title='bbox 488 4479 607 4521; x_wconf 86' lang='lat' dir='ltr'><strong>ram</strong></span> <span class='ocrx_word' id='word_1_624' title='bbox 632 4476 976 4518; x_wconf 89' lang='lat' dir='ltr'><strong>communem</strong></span> <span class='ocrx_word' id='word_1_625' title='bbox 993 4460 1216 4526; x_wconf 84' lang='lat' dir='ltr'><strong>habent,</strong></span> <span class='ocrx_word' id='word_1_626' title='bbox 1231 4474 1418 4515; x_wconf 91' lang='lat' dir='ltr'><strong>verum</strong></span> <span class='ocrx_word' id='word_1_627' title='bbox 1436 4459 1598 4514; x_wconf 87' lang='lat' dir='ltr'><strong>etiam</strong></span> <span class='ocrx_word' id='word_1_628' title='bbox 1615 4458 1660 4514; x_wconf 92' lang='lat' dir='ltr'><strong>si</strong></span> <span class='ocrx_word' id='word_1_629' title='bbox 1679 4460 1772 4529; x_wconf 91' lang='lat' dir='ltr'><strong>qui</strong></span> <span class='ocrx_word' id='word_1_630' title='bbox 1792 4459 1901 4514; x_wconf 90' lang='lat' dir='ltr'><strong>sint</strong></span> <span class='ocrx_word' id='word_1_631' title='bbox 1916 4459 2067 4529; x_wconf 88' lang='lat' dir='ltr'><strong>ejus-</strong></span> 
     </span>
    </p>
   </div>
   <div class='ocr_carea' id='block_1_78' title="bbox 490 4551 2065 4622">
    <p class='ocr_par' dir='ltr' id='par_1_78' title="bbox 490 4551 2065 4622">
     <span class='ocr_line' id='line_1_78' title="bbox 490 4551 2065 4622; baseline -0.003 -11"><span class='ocrx_word' id='word_1_632' title='bbox 490 4557 616 4611; x_wconf 85' lang='lat' dir='ltr'><strong>dem</strong></span> <span class='ocrx_word' id='word_1_633' title='bbox 653 4553 843 4619; x_wconf 89' lang='lat' dir='ltr'><strong>studii,</strong></span> <span class='ocrx_word' id='word_1_634' title='bbox 874 4560 930 4609; x_wconf 90' lang='lat' dir='ltr'><strong>et</strong></span> <span class='ocrx_word' id='word_1_635' title='bbox 959 4551 1150 4617; x_wconf 91' lang='lat' dir='ltr'><strong>ofﬁcii,</strong></span> <span class='ocrx_word' id='word_1_636' title='bbox 1173 4552 1525 4622; x_wconf 75' lang='lat' dir='ltr'><strong>singulariter</strong></span> <span class='ocrx_word' id='word_1_637' title='bbox 1546 4551 1751 4607; x_wconf 86' lang='lat' dir='ltr'><strong>multos</strong></span> <span class='ocrx_word' id='word_1_638' title='bbox 1771 4552 2065 4607; x_wconf 87' lang='lat' dir='ltr'><strong>nominari.</strong></span> 
     </span>
    </p>
   </div>
   <div class='ocr_carea' id='block_1_79' title="bbox 2260 3813 3750 3888">
    <p class='ocr_par' dir='ltr' id='par_1_79' title="bbox 2260 3813 3750 3888">
     <span class='ocr_line' id='line_1_79' title="bbox 2260 3813 3750 3888; baseline -0.001 -19"><span class='ocrx_word' id='word_1_639' title='bbox 2260 3814 2399 3869; x_wconf 82' lang='grc' dir='ltr'>Ἀλλ’</span> <span class='ocrx_word' id='word_1_640' title='bbox 2443 3814 2595 3869; x_wconf 73' lang='grc' dir='ltr'>οὔπω</span> <span class='ocrx_word' id='word_1_641' title='bbox 2641 3831 2724 3878; x_wconf 88' lang='grc' dir='ltr'><strong>τις</strong></span> <span class='ocrx_word' id='word_1_642' title='bbox 2753 3815 2870 3888; x_wconf 80' lang='grc' dir='ltr'>ἐρεῖ</span> <span class='ocrx_word' id='word_1_643' title='bbox 2914 3814 3051 3885; x_wconf 84' lang='grc' dir='ltr'>πρὸς</span> <span class='ocrx_word' id='word_1_644' title='bbox 3077 3814 3139 3868; x_wconf 87' lang='lat'><strong>16</strong></span> <span class='ocrx_word' id='word_1_645' title='bbox 3166 3813 3750 3886; x_wconf 61' lang='lat' dir='ltr'><strong>{ntotipsvovﬁlénetv</strong></span> 
     </span>
    </p>
   </div>
   <div class='ocr_carea' id='block_1_80' title="bbox 2167 3904 3749 3982">
    <p class='ocr_par' dir='ltr' id='par_1_80' title="bbox 2167 3904 3749 3982">
     <span class='ocr_line' id='line_1_80' title="bbox 2167 3904 3749 3982; baseline -0.005 -16"><span class='ocrx_word' id='word_1_646' title='bbox 2167 3910 2267 3982; x_wconf 81' lang='grc' dir='ltr'><strong>τὴν</strong></span> <span class='ocrx_word' id='word_1_647' title='bbox 2294 3907 2639 3977; x_wconf 81' lang='grc' dir='ltr'>κατασκευὴν</span> <span class='ocrx_word' id='word_1_648' title='bbox 2667 3906 2762 3960; x_wconf 90' lang='grc' dir='ltr'><strong>τοῦ</strong></span> <span class='ocrx_word' id='word_1_649' title='bbox 2788 3906 2967 3977; x_wconf 87' lang='grc' dir='ltr'>λόγου.</span> <span class='ocrx_word' id='word_1_650' title='bbox 3010 3905 3145 3960; x_wconf 73' lang='grc' dir='ltr'><strong>Οὐδὲ</strong></span> <span class='ocrx_word' id='word_1_651' title='bbox 3173 3905 3282 3977; x_wconf 87' lang='grc' dir='ltr'>γὰρ</span> <span class='ocrx_word' id='word_1_652' title='bbox 3306 3906 3355 3959; x_wconf 83' lang='grc' dir='ltr'>εἰ</span> <span class='ocrx_word' id='word_1_653' title='bbox 3381 3904 3559 3977; x_wconf 88' lang='grc' dir='ltr'>δοθείη</span> <span class='ocrx_word' id='word_1_654' title='bbox 3586 3905 3749 3976; x_wconf 74' lang='grc' dir='ltr'>κοινὴ</span> 
     </span>
    </p>
   </div>
   <div class='ocr_carea' id='block_1_81' title="bbox 2165 3995 3748 4071">
    <p class='ocr_par' dir='ltr' id='par_1_81' title="bbox 2165 3995 3748 4071">
     <span class='ocr_line' id='line_1_81' title="bbox 2165 3995 3748 4071; baseline 0.001 -19"><span class='ocrx_word' id='word_1_655' title='bbox 2165 4000 2266 4071; x_wconf 82' lang='grc' dir='ltr'>τῆς</span> <span class='ocrx_word' id='word_1_656' title='bbox 2296 3999 2565 4070; x_wconf 80' lang='grc' dir='ltr'>φύσεωςή</span> <span class='ocrx_word' id='word_1_657' title='bbox 2597 3996 2787 4068; x_wconf 81' lang='grc' dir='ltr'>κλῆσις</span> <span class='ocrx_word' id='word_1_658' title='bbox 2812 3998 2911 4069; x_wconf 82' lang='grc' dir='ltr'>τῆς</span> <span class='ocrx_word' id='word_1_659' title='bbox 2938 3997 3189 4069; x_wconf 87' lang='grc' dir='ltr'>θεότητος</span> <span class='ocrx_word' id='word_1_660' title='bbox 3218 3995 3375 4063; x_wconf 85' lang='grc' dir='ltr'>εἶναι,</span> <span class='ocrx_word' id='word_1_661' title='bbox 3422 3998 3525 4071; x_wconf 71' lang='grc' dir='ltr'>ἤδη</span> <span class='ocrx_word' id='word_1_662' title='bbox 3563 3999 3626 4053; x_wconf 90' lang='lat'><strong>16</strong></span> <span class='ocrx_word' id='word_1_663' title='bbox 3668 3999 3748 4071; x_wconf 75' lang='grc' dir='ltr'>μὴ</span> 
     </span>
    </p>
   </div>
   <div class='ocr_carea' id='block_1_82' title="bbox 2163 4088 3749 4160">
    <p class='ocr_par' dir='ltr' id='par_1_82' title="bbox 2163 4088 3749 4160">
     <span class='ocr_line' id='line_1_82' title="bbox 2163 4088 3749 4160; baseline -0.002 -15"><span class='ocrx_word' id='word_1_664' title='bbox 2163 4092 2277 4145; x_wconf 89' lang='grc' dir='ltr'>δεῖν</span> <span class='ocrx_word' id='word_1_665' title='bbox 2302 4090 2480 4160; x_wconf 84' lang='grc' dir='ltr'>λέγειν</span> <span class='ocrx_word' id='word_1_666' title='bbox 2507 4088 2662 4152; x_wconf 82' lang='grc' dir='ltr'>θεοὺς</span> <span class='ocrx_word' id='word_1_667' title='bbox 2693 4088 2781 4143; x_wconf 86' lang='grc' dir='ltr'><strong>διὰ</strong></span> <span class='ocrx_word' id='word_1_668' title='bbox 2803 4088 2990 4142; x_wconf 86' lang='grc' dir='ltr'>τούτου</span> <span class='ocrx_word' id='word_1_669' title='bbox 3029 4089 3436 4160; x_wconf 85' lang='grc' dir='ltr'>κατεσκευάσθη</span> <span class='ocrx_word' id='word_1_670' title='bbox 3457 4104 3472 4119; x_wconf 83' lang='lat'><strong><em>°</em></strong></span> <span class='ocrx_word' id='word_1_671' title='bbox 3519 4088 3749 4143; x_wconf 62' lang='grc' dir='ltr'>τούναντ-</span> 
     </span>
    </p>
   </div>
   <div class='ocr_carea' id='block_1_83' title="bbox 2165 4178 3748 4254">
    <p class='ocr_par' dir='ltr' id='par_1_83' title="bbox 2165 4178 3748 4254">
     <span class='ocr_line' id='line_1_83' title="bbox 2165 4178 3748 4254; baseline -0.002 -17"><span class='ocrx_word' id='word_1_672' title='bbox 2165 4183 2278 4237; x_wconf 81' lang='grc' dir='ltr'>τίυν</span> <span class='ocrx_word' id='word_1_673' title='bbox 2309 4184 2406 4254; x_wconf 81' lang='grc' dir='ltr'>μὲν</span> <span class='ocrx_word' id='word_1_674' title='bbox 2432 4178 2525 4236; x_wconf 86' lang='grc' dir='ltr'><strong>οῦν</strong></span> <span class='ocrx_word' id='word_1_675' title='bbox 2553 4182 2618 4235; x_wconf 85' lang='grc' dir='ltr'>ὲκ</span> <span class='ocrx_word' id='word_1_676' title='bbox 2641 4180 2846 4235; x_wconf 79' lang='grc' dir='ltr'>τούτων</span> <span class='ocrx_word' id='word_1_677' title='bbox 2871 4179 3291 4251; x_wconf 80' lang='grc' dir='ltr'>ἀναγκαζόμεθα</span> <span class='ocrx_word' id='word_1_678' title='bbox 3323 4181 3522 4253; x_wconf 80' lang='grc' dir='ltr'>μᾶλλον</span> <span class='ocrx_word' id='word_1_679' title='bbox 3563 4181 3748 4250; x_wconf 89' lang='grc' dir='ltr'>λέγειν</span> 
     </span>
    </p>
   </div>
   <div class='ocr_carea' id='block_1_84' title="bbox 2170 4271 3745 4344">
    <p class='ocr_par' dir='ltr' id='par_1_84' title="bbox 2170 4271 3745 4344">
     <span class='ocr_line' id='line_1_84' title="bbox 2170 4271 3745 4344; baseline -0.003 -16"><span class='ocrx_word' id='word_1_680' title='bbox 2170 4274 2342 4338; x_wconf 85' lang='grc' dir='ltr'>θεούς.</span> <span class='ocrx_word' id='word_1_681' title='bbox 2358 4275 2431 4328; x_wconf 85' lang='lat' dir='ltr'>E6</span> <span class='ocrx_word' id='word_1_682' title='bbox 2440 4274 2693 4344; x_wconf 83' lang='grc' dir='ltr'>ρίσκομεν</span> <span class='ocrx_word' id='word_1_683' title='bbox 2716 4272 2825 4343; x_wconf 83' lang='grc' dir='ltr'>γὰρ</span> <span class='ocrx_word' id='word_1_684' title='bbox 2844 4272 2934 4326; x_wconf 76' lang='grc' dir='ltr'><strong>ἐπὶ</strong></span> <span class='ocrx_word' id='word_1_685' title='bbox 2952 4272 3051 4341; x_wconf 82' lang='grc' dir='ltr'><strong>τῆς</strong></span> <span class='ocrx_word' id='word_1_686' title='bbox 3070 4271 3415 4344; x_wconf 84' lang='grc' dir='ltr'>ἀνθρωπίνης</span> <span class='ocrx_word' id='word_1_687' title='bbox 3434 4271 3745 4344; x_wconf 87' lang='grc' dir='ltr'>συνηθείας,</span> 
     </span>
    </p>
   </div>
   <div class='ocr_carea' id='block_1_85' title="bbox 2168 4363 3773 4438">
    <p class='ocr_par' dir='ltr' id='par_1_85' title="bbox 2168 4363 3773 4438">
     <span class='ocr_line' id='line_1_85' title="bbox 2168 4363 3773 4438; baseline -0.002 -17"><span class='ocrx_word' id='word_1_688' title='bbox 2168 4369 2229 4421; x_wconf 78' lang='grc' dir='ltr'><strong>οὐ</strong></span> <span class='ocrx_word' id='word_1_689' title='bbox 2278 4367 2434 4438; x_wconf 92' lang='grc' dir='ltr'>μόνον</span> <span class='ocrx_word' id='word_1_690' title='bbox 2480 4366 2605 4428; x_wconf 85' lang='grc' dir='ltr'>τοὺς</span> <span class='ocrx_word' id='word_1_691' title='bbox 2645 4364 2747 4436; x_wconf 82' lang='grc' dir='ltr'>τῆς</span> <span class='ocrx_word' id='word_1_692' title='bbox 2789 4365 2957 4436; x_wconf 85' lang='grc' dir='ltr'>αὐτῆς</span> <span class='ocrx_word' id='word_1_693' title='bbox 2987 4364 3201 4434; x_wconf 87' lang='grc' dir='ltr'>φύσεως</span> <span class='ocrx_word' id='word_1_694' title='bbox 3236 4364 3518 4428; x_wconf 86' lang='grc' dir='ltr'>κοινωνίας</span> <span class='ocrx_word' id='word_1_695' title='bbox 3538 4404 3554 4430; x_wconf 91' lang='grc'><strong>,</strong></span> <span class='ocrx_word' id='word_1_696' title='bbox 3605 4363 3773 4437; x_wconf 30' lang='lat' dir='ltr'><strong>exta,</strong></span> 
     </span>
    </p>
   </div>
   <div class='ocr_carea' id='block_1_86' title="bbox 2171 4450 3747 4528">
    <p class='ocr_par' dir='ltr' id='par_1_86' title="bbox 2171 4450 3747 4528">
     <span class='ocr_line' id='line_1_86' title="bbox 2171 4450 3747 4528; baseline -0.003 -14"><span class='ocrx_word' id='word_1_697' title='bbox 2171 4460 2272 4514; x_wconf 77' lang='grc' dir='ltr'>κᾶν</span> <span class='ocrx_word' id='word_1_698' title='bbox 2298 4475 2442 4517; x_wconf 86' lang='grc' dir='ltr'>τινες</span> <span class='ocrx_word' id='word_1_699' title='bbox 2466 4456 2560 4510; x_wconf 89' lang='grc' dir='ltr'><strong>τοῦ</strong></span> <span class='ocrx_word' id='word_1_700' title='bbox 2591 4457 2753 4511; x_wconf 80' lang='grc' dir='ltr'>αὑτοῦ</span> <span class='ocrx_word' id='word_1_701' title='bbox 2780 4450 2911 4511; x_wconf 84' lang='grc' dir='ltr'>ὧσιν</span> <span class='ocrx_word' id='word_1_702' title='bbox 2936 4456 3399 4528; x_wconf 80' lang='grc' dir='ltr'>ιὲπιτηδεύματος,</span> <span class='ocrx_word' id='word_1_703' title='bbox 3423 4457 3521 4527; x_wconf 83' lang='grc' dir='ltr'>οὐχ</span> <span class='ocrx_word' id='word_1_704' title='bbox 3547 4457 3747 4521; x_wconf 77' lang='grc' dir='ltr'>ἑνικῶς</span> 
     </span>
    </p>
   </div>
   <div class='ocr_carea' id='block_1_87' title="bbox 2170 4540 3747 4621">
    <p class='ocr_par' dir='ltr' id='par_1_87' title="bbox 2170 4540 3747 4621">
     <span class='ocr_line' id='line_1_87' title="bbox 2170 4540 3747 4621; baseline -0.003 -14"><span class='ocrx_word' id='word_1_705' title='bbox 2170 4552 2296 4615; x_wconf 83' lang='grc' dir='ltr'>τοὺς</span> <span class='ocrx_word' id='word_1_706' title='bbox 2323 4551 2549 4614; x_wconf 82' lang='grc' dir='ltr'>πολλοὺς</span> <span class='ocrx_word' id='word_1_707' title='bbox 2583 4549 3102 4621; x_wconf 84' lang='grc' dir='ltr'>μνημονευομένους.</span> <span class='ocrx_word' id='word_1_708' title='bbox 3134 4548 3284 4603; x_wconf 84' lang='grc' dir='ltr'>Καθό</span> <span class='ocrx_word' id='word_1_709' title='bbox 3309 4566 3488 4621; x_wconf 91' lang='grc' dir='ltr'>φαμεν</span> <span class='ocrx_word' id='word_1_710' title='bbox 3508 4540 3747 4620; x_wconf 79' lang='grc' dir='ltr'>ῥήτοράς</span> 
     </span>
    </p>
   </div>
   <div class='ocr_carea' id='block_1_88' title="bbox 491 4629 2063 4714">
    <p class='ocr_par' dir='ltr' id='par_1_88' title="bbox 491 4643 2063 4714">
     <span class='ocr_line' id='line_1_88' title="bbox 491 4643 2063 4714; baseline -0.001 -12"><span class='ocrx_word' id='word_1_711' title='bbox 491 4646 612 4714; x_wconf 82' lang='lat' dir='ltr'><strong>Qua</strong></span> <span class='ocrx_word' id='word_1_712' title='bbox 636 4644 849 4701; x_wconf 90' lang='lat' dir='ltr'><strong>ratione</strong></span> <span class='ocrx_word' id='word_1_713' title='bbox 889 4652 1138 4699; x_wconf 89' lang='lat' dir='ltr'><strong>oratores</strong></span> <span class='ocrx_word' id='word_1_714' title='bbox 1163 4643 1364 4699; x_wconf 91' lang='lat' dir='ltr'><strong>multos</strong></span> <span class='ocrx_word' id='word_1_715' title='bbox 1414 4651 1469 4699; x_wconf 88' lang='lat' dir='ltr'><strong>et</strong></span> <span class='ocrx_word' id='word_1_716' title='bbox 1497 4650 1801 4713; x_wconf 80' lang='lat' dir='ltr'><strong>geometras</strong></span> <span class='ocrx_word' id='word_1_717' title='bbox 1835 4644 2063 4700; x_wconf 85' lang='lat' dir='ltr'><strong>dicimus</strong></span> 
     </span>
    </p>
   </div>
   <div class='ocr_carea' id='block_1_89' title="bbox 2163 4629 3746 4714">
    <p class='ocr_par' dir='ltr' id='par_1_89' title="bbox 2171 4639 3746 4711">
     <span class='ocr_line' id='line_1_89' title="bbox 2171 4639 3746 4711; baseline -0.002 -14"><span class='ocrx_word' id='word_1_718' title='bbox 2171 4661 2229 4697; x_wconf 87' lang='grc' dir='ltr'><strong>τε</strong></span> <span class='ocrx_word' id='word_1_719' title='bbox 2262 4642 2485 4706; x_wconf 76' lang='grc' dir='ltr'>πολλοὺς</span> <span class='ocrx_word' id='word_1_720' title='bbox 2510 4641 2602 4695; x_wconf 74' lang='grc' dir='ltr'>καὶ</span> <span class='ocrx_word' id='word_1_721' title='bbox 2632 4639 2964 4711; x_wconf 85' lang='grc' dir='ltr'>γεωμέτρας,</span> <span class='ocrx_word' id='word_1_722' title='bbox 2990 4640 3267 4711; x_wconf 84' lang='grc' dir='ltr'>γεωργούς</span> <span class='ocrx_word' id='word_1_723' title='bbox 3291 4658 3351 4692; x_wconf 91' lang='grc' dir='ltr'><strong>τε</strong></span> <span class='ocrx_word' id='word_1_724' title='bbox 3373 4641 3467 4694; x_wconf 77' lang='grc' dir='ltr'><strong>καὶ</strong></span> <span class='ocrx_word' id='word_1_725' title='bbox 3493 4641 3746 4694; x_wconf 86' lang='grc' dir='ltr'>σκυτοτό-</span> 
     </span>
    </p>
   </div>
   <div class='ocr_carea' id='block_1_90' title="bbox 492 4734 2067 4811">
    <p class='ocr_par' dir='ltr' id='par_1_90' title="bbox 492 4734 2067 4811">
     <span class='ocr_line' id='line_1_90' title="bbox 492 4734 2067 4811; baseline -0.003 -17"><span class='ocrx_word' id='word_1_726' title='bbox 492 4738 872 4811; x_wconf 88' lang='lat' dir='ltr'><strong>agricolasque</strong></span> <span class='ocrx_word' id='word_1_727' title='bbox 919 4742 974 4791; x_wconf 91' lang='lat' dir='ltr'><strong>et</strong></span> <span class='ocrx_word' id='word_1_728' title='bbox 1020 4743 1237 4791; x_wconf 89' lang='lat' dir='ltr'><strong>sutores</strong></span> <span class='ocrx_word' id='word_1_729' title='bbox 1291 4742 1394 4792; x_wconf 88' lang='lat' dir='ltr'><strong>:ct</strong></span> <span class='ocrx_word' id='word_1_730' title='bbox 1442 4735 1499 4789; x_wconf 89' lang='lat' dir='ltr'><strong>in</strong></span> <span class='ocrx_word' id='word_1_731' title='bbox 1549 4734 1763 4790; x_wconf 78' lang='lat' dir='ltr'><strong>caeteris</strong></span> <span class='ocrx_word' id='word_1_732' title='bbox 1811 4734 2067 4790; x_wconf 88' lang='lat' dir='ltr'><strong>omnibus</strong></span> 
     </span>
    </p>
   </div>
   <div class='ocr_carea' id='block_1_91' title="bbox 493 4824 2068 4895">
    <p class='ocr_par' dir='ltr' id='par_1_91' title="bbox 493 4824 2068 4895">
     <span class='ocr_line' id='line_1_91' title="bbox 493 4824 2068 4895; baseline -0.004 -8"><span class='ocrx_word' id='word_1_733' title='bbox 493 4830 687 4887; x_wconf 80' lang='lat' dir='ltr'><strong>eodem</strong></span> <span class='ocrx_word' id='word_1_734' title='bbox 708 4828 893 4886; x_wconf 86' lang='lat' dir='ltr'><strong>modo.</strong></span> <span class='ocrx_word' id='word_1_735' title='bbox 924 4828 999 4881; x_wconf 85' lang='lat' dir='ltr'><strong>Ac</strong></span> <span class='ocrx_word' id='word_1_736' title='bbox 1018 4827 1065 4880; x_wconf 90' lang='lat' dir='ltr'><strong>si</strong></span> <span class='ocrx_word' id='word_1_737' title='bbox 1085 4824 1305 4895; x_wconf 90' lang='lat' dir='ltr'><strong>quidem</strong></span> <span class='ocrx_word' id='word_1_738' title='bbox 1329 4833 1539 4880; x_wconf 67' lang='lat' dir='ltr'><strong>natura:</strong></span> <span class='ocrx_word' id='word_1_739' title='bbox 1553 4824 1876 4880; x_wconf 89' lang='lat' dir='ltr'><strong>vocabulum</strong></span> <span class='ocrx_word' id='word_1_740' title='bbox 1894 4824 2068 4881; x_wconf 90' lang='lat' dir='ltr'><strong>deitas</strong></span> 
     </span>
    </p>
   </div>
   <div class='ocr_carea' id='block_1_92' title="bbox 495 4917 2076 4992">
    <p class='ocr_par' dir='ltr' id='par_1_92' title="bbox 495 4917 2076 4992">
     <span class='ocr_line' id='line_1_92' title="bbox 495 4917 2076 4992; baseline -0.006 -12"><span class='ocrx_word' id='word_1_741' title='bbox 495 4929 665 4989; x_wconf 88' lang='lat' dir='ltr'><strong>esset,</strong></span> <span class='ocrx_word' id='word_1_742' title='bbox 710 4920 888 4992; x_wconf 83' lang='lat' dir='ltr'><strong>magis</strong></span> <span class='ocrx_word' id='word_1_743' title='bbox 948 4924 1276 4989; x_wconf 77' lang='lat' dir='ltr'><strong>congrueret</strong></span> <span class='ocrx_word' id='word_1_744' title='bbox 1323 4924 1486 4985; x_wconf 90' lang='lat' dir='ltr'><strong>atque</strong></span> <span class='ocrx_word' id='word_1_745' title='bbox 1536 4917 1857 4973; x_wconf 89' lang='lat' dir='ltr'><strong>conveniret</strong></span> <span class='ocrx_word' id='word_1_746' title='bbox 1918 4917 2076 4988; x_wconf 15' lang='lat' dir='ltr'><strong>juxta.</strong></span> 
     </span>
    </p>
   </div>
   <div class='ocr_carea' id='block_1_93' title="bbox 497 5009 2073 5080">
    <p class='ocr_par' dir='ltr' id='par_1_93' title="bbox 497 5009 2073 5080">
     <span class='ocr_line' id='line_1_93' title="bbox 497 5009 2073 5080; baseline -0.004 -10"><span class='ocrx_word' id='word_1_747' title='bbox 497 5021 625 5070; x_wconf 86' lang='lat' dir='ltr'><strong>ante</strong></span> <span class='ocrx_word' id='word_1_748' title='bbox 647 5012 913 5070; x_wconf 86' lang='lat' dir='ltr'><strong>redditam</strong></span> <span class='ocrx_word' id='word_1_749' title='bbox 937 5010 1199 5066; x_wconf 89' lang='lat' dir='ltr'><strong>rationem</strong></span> <span class='ocrx_word' id='word_1_750' title='bbox 1228 5009 1461 5078; x_wconf 87' lang='lat' dir='ltr'><strong>(omnes)</strong></span> <span class='ocrx_word' id='word_1_751' title='bbox 1480 5018 1588 5065; x_wconf 88' lang='lat' dir='ltr'><strong>tres</strong></span> <span class='ocrx_word' id='word_1_752' title='bbox 1611 5010 1931 5080; x_wconf 73' lang='lat' dir='ltr'><strong>liypostases</strong></span> <span class='ocrx_word' id='word_1_753' title='bbox 1960 5010 2073 5064; x_wconf 90' lang='lat' dir='ltr'><strong>sin-</strong></span> 
     </span>
    </p>
   </div>
   <div class='ocr_carea' id='block_1_94' title="bbox 498 5100 2067 5177">
    <p class='ocr_par' dir='ltr' id='par_1_94' title="bbox 498 5100 2067 5177">
     <span class='ocr_line' id='line_1_94' title="bbox 498 5100 2067 5177; baseline -0.004 -15"><span class='ocrx_word' id='word_1_754' title='bbox 498 5106 762 5177; x_wconf 88' lang='lat' dir='ltr'><strong>gulariter</strong></span> <span class='ocrx_word' id='word_1_755' title='bbox 797 5100 1281 5175; x_wconf 87' lang='lat' dir='ltr'><strong>comprehendere,</strong></span> <span class='ocrx_word' id='word_1_756' title='bbox 1322 5108 1377 5157; x_wconf 88' lang='lat' dir='ltr'><strong>et</strong></span> <span class='ocrx_word' id='word_1_757' title='bbox 1416 5116 1584 5155; x_wconf 90' lang='lat' dir='ltr'><strong>unum</strong></span> <span class='ocrx_word' id='word_1_758' title='bbox 1641 5100 1810 5156; x_wconf 89' lang='lat' dir='ltr'><strong>Deum</strong></span> <span class='ocrx_word' id='word_1_759' title='bbox 1863 5102 2067 5167; x_wconf 86' lang='lat' dir='ltr'><strong>dicere,</strong></span> 
     </span>
    </p>
   </div>
   <div class='ocr_carea' id='block_1_95' title="bbox 499 5192 2071 5268">
    <p class='ocr_par' dir='ltr' id='par_1_95' title="bbox 499 5192 2071 5268">
     <span class='ocr_line' id='line_1_95' title="bbox 499 5192 2071 5268; baseline -0.003 -16"><span class='ocrx_word' id='word_1_760' title='bbox 499 5197 701 5268; x_wconf 87' lang='lat' dir='ltr'><strong>quippe</strong></span> <span class='ocrx_word' id='word_1_761' title='bbox 732 5211 856 5253; x_wconf 90' lang='lat' dir='ltr'><strong>cum</strong></span> <span class='ocrx_word' id='word_1_762' title='bbox 878 5204 1070 5251; x_wconf 85' lang='lat' dir='ltr'><strong>natura</strong></span> <span class='ocrx_word' id='word_1_763' title='bbox 1096 5193 1223 5250; x_wconf 90' lang='lat' dir='ltr'><strong>talis</strong></span> <span class='ocrx_word' id='word_1_764' title='bbox 1253 5192 1347 5257; x_wconf 88' lang='lat' dir='ltr'><strong>sit,</strong></span> <span class='ocrx_word' id='word_1_765' title='bbox 1405 5201 1465 5247; x_wconf 91' lang='lat' dir='ltr'><strong>ut</strong></span> <span class='ocrx_word' id='word_1_766' title='bbox 1500 5192 1554 5247; x_wconf 90' lang='lat' dir='ltr'><strong>in</strong></span> <span class='ocrx_word' id='word_1_767' title='bbox 1588 5200 1772 5262; x_wconf 90' lang='lat' dir='ltr'><strong>partes</strong></span> <span class='ocrx_word' id='word_1_768' title='bbox 1802 5193 1976 5247; x_wconf 89' lang='lat' dir='ltr'><strong>secari</strong></span> <span class='ocrx_word' id='word_1_769' title='bbox 2006 5207 2071 5247; x_wconf 91' lang='lat' dir='ltr'><strong>ac</strong></span> 
     </span>
    </p>
   </div>
   <div class='ocr_carea' id='block_1_96' title="bbox 501 5284 2070 5360">
    <p class='ocr_par' dir='ltr' id='par_1_96' title="bbox 501 5284 2070 5360">
     <span class='ocr_line' id='line_1_96' title="bbox 501 5284 2070 5360; baseline -0.004 -16"><span class='ocrx_word' id='word_1_770' title='bbox 501 5288 669 5345; x_wconf 88' lang='lat' dir='ltr'><strong>dividi</strong></span> <span class='ocrx_word' id='word_1_771' title='bbox 694 5304 803 5344; x_wconf 89' lang='lat' dir='ltr'><strong>non</strong></span> <span class='ocrx_word' id='word_1_772' title='bbox 826 5287 1044 5360; x_wconf 70' lang='lat' dir='ltr'><strong>&#39;possit.</strong></span> <span class='ocrx_word' id='word_1_773' title='bbox 1074 5285 1183 5342; x_wconf 90' lang='lat' dir='ltr'><strong>Sed</strong></span> <span class='ocrx_word' id='word_1_774' title='bbox 1218 5285 1475 5356; x_wconf 90' lang='lat' dir='ltr'><strong>quoniam</strong></span> <span class='ocrx_word' id='word_1_775' title='bbox 1527 5299 1624 5354; x_wconf 90' lang='lat' dir='ltr'><strong>per</strong></span> <span class='ocrx_word' id='word_1_776' title='bbox 1658 5299 1742 5346; x_wconf 88' lang='lat' dir='ltr'><strong>ea,</strong></span> <span class='ocrx_word' id='word_1_777' title='bbox 1768 5301 1889 5355; x_wconf 68' lang='lat' dir='ltr'><strong>qua:</strong></span> <span class='ocrx_word' id='word_1_778' title='bbox 1924 5284 2070 5339; x_wconf 88' lang='lat' dir='ltr'><strong>dicta</strong></span> 
     </span>
    </p>
   </div>
   <div class='ocr_carea' id='block_1_97' title="bbox 504 5371 2072 5445">
    <p class='ocr_par' dir='ltr' id='par_1_97' title="bbox 504 5371 2072 5445">
     <span class='ocr_line' id='line_1_97' title="bbox 504 5371 2072 5445; baseline -0.004 -10"><span class='ocrx_word' id='word_1_779' title='bbox 504 5385 654 5441; x_wconf 88' lang='lat' dir='ltr'><strong>sunt,</strong></span> <span class='ocrx_word' id='word_1_780' title='bbox 688 5378 1015 5432; x_wconf 86' lang='lat' dir='ltr'><strong>afﬁrmatum</strong></span> <span class='ocrx_word' id='word_1_781' title='bbox 1042 5383 1149 5439; x_wconf 89' lang='lat' dir='ltr'><strong>est,</strong></span> <span class='ocrx_word' id='word_1_782' title='bbox 1200 5373 1347 5445; x_wconf 92' lang='lat' dir='ltr'><strong>quod</strong></span> <span class='ocrx_word' id='word_1_783' title='bbox 1387 5371 1633 5427; x_wconf 85' lang='lat' dir='ltr'><strong>ofﬁcium</strong></span> <span class='ocrx_word' id='word_1_784' title='bbox 1659 5371 2072 5443; x_wconf 86' lang='lat' dir='ltr'><strong>efﬁcaciamque</strong></span> 
     </span>
    </p>
   </div>
   <div class='ocr_carea' id='block_1_98' title="bbox 503 5464 2074 5539">
    <p class='ocr_par' dir='ltr' id='par_1_98' title="bbox 503 5464 2074 5539">
     <span class='ocr_line' id='line_1_98' title="bbox 503 5464 2074 5539; baseline -0.003 -15"><span class='ocrx_word' id='word_1_785' title='bbox 503 5477 561 5525; x_wconf 90' lang='lat' dir='ltr'><strong>et</strong></span> <span class='ocrx_word' id='word_1_786' title='bbox 582 5483 689 5523; x_wconf 90' lang='lat' dir='ltr'><strong>non</strong></span> <span class='ocrx_word' id='word_1_787' title='bbox 718 5476 968 5524; x_wconf 90' lang='lat' dir='ltr'><strong>naturam</strong></span> <span class='ocrx_word' id='word_1_788' title='bbox 1002 5466 1273 5539; x_wconf 88' lang='lat' dir='ltr'><strong>signiﬁcet</strong></span> <span class='ocrx_word' id='word_1_789' title='bbox 1308 5478 1503 5520; x_wconf 89' lang='lat' dir='ltr'><strong>nomen</strong></span> <span class='ocrx_word' id='word_1_790' title='bbox 1537 5464 1775 5529; x_wconf 88' lang='lat' dir='ltr'><strong>deitatis,</strong></span> <span class='ocrx_word' id='word_1_791' title='bbox 1837 5465 1902 5518; x_wconf 82' lang='lat' dir='ltr'><strong>ad</strong></span> <span class='ocrx_word' id='word_1_792' title='bbox 1939 5480 2074 5519; x_wconf 88' lang='lat' dir='ltr'><strong>con-</strong></span> 
     </span>
    </p>
   </div>
   <div class='ocr_carea' id='block_1_99' title="bbox 505 5556 2070 5632">
    <p class='ocr_par' dir='ltr' id='par_1_99' title="bbox 505 5556 2070 5632">
     <span class='ocr_line' id='line_1_99' title="bbox 505 5556 2070 5632; baseline -0.003 -16"><span class='ocrx_word' id='word_1_793' title='bbox 505 5560 734 5616; x_wconf 90' lang='lat' dir='ltr'><strong>trarium</strong></span> <span class='ocrx_word' id='word_1_794' title='bbox 761 5559 1164 5632; x_wconf 88' lang='lat' dir='ltr'><strong>quodammodo</strong></span> <span class='ocrx_word' id='word_1_795' title='bbox 1189 5572 1411 5615; x_wconf 85' lang='lat' dir='ltr'><strong>sensum</strong></span> <span class='ocrx_word' id='word_1_796' title='bbox 1441 5572 1505 5611; x_wconf 83' lang='lat' dir='ltr'><strong>ex</strong></span> <span class='ocrx_word' id='word_1_797' title='bbox 1528 5556 1595 5619; x_wconf 81' lang='lat' dir='ltr'><strong>iis</strong></span> <span class='ocrx_word' id='word_1_798' title='bbox 1628 5572 1751 5626; x_wconf 81' lang='lat' dir='ltr'><strong>quae</strong></span> <span class='ocrx_word' id='word_1_799' title='bbox 1777 5556 2070 5623; x_wconf 87' lang='lat' dir='ltr'><strong>afﬁrmant,</strong></span> 
     </span>
    </p>
   </div>
   <div class='ocr_carea' id='block_1_100' title="bbox 506 5647 2075 5725">
    <p class='ocr_par' dir='ltr' id='par_1_100' title="bbox 506 5647 2075 5725">
     <span class='ocr_line' id='line_1_100' title="bbox 506 5647 2075 5725; baseline -0.003 -17"><span class='ocrx_word' id='word_1_800' title='bbox 506 5651 686 5709; x_wconf 87' lang='lat' dir='ltr'><strong>oratio</strong></span> <span class='ocrx_word' id='word_1_801' title='bbox 706 5652 987 5725; x_wconf 87' lang='lat' dir='ltr'><strong>redigitur,</strong></span> <span class='ocrx_word' id='word_1_802' title='bbox 1034 5658 1096 5707; x_wconf 89' lang='lat' dir='ltr'><strong>ut</strong></span> <span class='ocrx_word' id='word_1_803' title='bbox 1138 5650 1346 5708; x_wconf 90' lang='lat' dir='ltr'><strong>idcirco</strong></span> <span class='ocrx_word' id='word_1_804' title='bbox 1396 5647 1573 5721; x_wconf 86' lang='lat' dir='ltr'><strong>magis</strong></span> <span class='ocrx_word' id='word_1_805' title='bbox 1612 5655 1859 5719; x_wconf 82' lang='lat' dir='ltr'><strong>Oporteat</strong></span> <span class='ocrx_word' id='word_1_806' title='bbox 1892 5648 2075 5705; x_wconf 89' lang='lat' dir='ltr'><strong>dicere</strong></span> 
     </span>
    </p>
   </div>
   <div class='ocr_carea' id='block_1_101' title="bbox 2176 4730 3746 4804">
    <p class='ocr_par' dir='ltr' id='par_1_101' title="bbox 2176 4730 3746 4804">
     <span class='ocr_line' id='line_1_101' title="bbox 2176 4730 3746 4804; baseline -0.004 -18"><span class='ocrx_word' id='word_1_807' title='bbox 2176 4750 2329 4804; x_wconf 84' lang='grc' dir='ltr'>μους,</span> <span class='ocrx_word' id='word_1_808' title='bbox 2373 4732 2465 4786; x_wconf 73' lang='grc' dir='ltr'><strong>καὶ</strong></span> <span class='ocrx_word' id='word_1_809' title='bbox 2491 4731 2561 4784; x_wconf 87' lang='grc' dir='ltr'>τὰ</span> <span class='ocrx_word' id='word_1_810' title='bbox 2588 4730 2720 4785; x_wconf 83' lang='grc' dir='ltr'>ἄλλα</span> <span class='ocrx_word' id='word_1_811' title='bbox 2744 4730 2920 4783; x_wconf 88' lang='grc' dir='ltr'>πάντα</span> <span class='ocrx_word' id='word_1_812' title='bbox 2947 4730 3225 4793; x_wconf 81' lang='grc' dir='ltr'>ὡσαύτως.</span> <span class='ocrx_word' id='word_1_813' title='bbox 3268 4731 3376 4785; x_wconf 75' lang='grc' dir='ltr'>Καὶ</span> <span class='ocrx_word' id='word_1_814' title='bbox 3417 4733 3464 4783; x_wconf 79' lang='grc' dir='ltr'><strong>εί</strong></span> <span class='ocrx_word' id='word_1_815' title='bbox 3503 4731 3601 4801; x_wconf 82' lang='grc' dir='ltr'><strong>μὲν</strong></span> <span class='ocrx_word' id='word_1_816' title='bbox 3644 4731 3746 4801; x_wconf 79' lang='grc' dir='ltr'><strong>φύ-</strong></span> 
     </span>
    </p>
   </div>
   <div class='ocr_carea' id='block_1_102' title="bbox 2175 4815 3746 4896">
    <p class='ocr_par' dir='ltr' id='par_1_102' title="bbox 2175 4815 3746 4896">
     <span class='ocr_line' id='line_1_102' title="bbox 2175 4815 3746 4896; baseline -0.003 -17"><span class='ocrx_word' id='word_1_817' title='bbox 2175 4843 2310 4888; x_wconf 89' lang='grc' dir='ltr'>σεως</span> <span class='ocrx_word' id='word_1_818' title='bbox 2337 4821 2457 4896; x_wconf 82' lang='grc' dir='ltr'><strong>ἦνή</strong></span> <span class='ocrx_word' id='word_1_819' title='bbox 2491 4823 2679 4895; x_wconf 89' lang='grc' dir='ltr'>θεότης</span> <span class='ocrx_word' id='word_1_820' title='bbox 2709 4824 3069 4896; x_wconf 87' lang='grc' dir='ltr'>προσηγορία,</span> <span class='ocrx_word' id='word_1_821' title='bbox 3101 4821 3299 4893; x_wconf 83' lang='grc' dir='ltr'>μᾶλλον</span> <span class='ocrx_word' id='word_1_822' title='bbox 3330 4821 3397 4875; x_wconf 87' lang='grc' dir='ltr'><strong>ἂν</strong></span> <span class='ocrx_word' id='word_1_823' title='bbox 3420 4815 3533 4892; x_wconf 77' lang='grc' dir='ltr'>εἶχε</span> <span class='ocrx_word' id='word_1_824' title='bbox 3554 4822 3746 4893; x_wconf 82' lang='grc' dir='ltr'>καιρὸν</span> 
     </span>
    </p>
   </div>
   <div class='ocr_carea' id='block_1_103' title="bbox 2178 4914 3745 4986">
    <p class='ocr_par' dir='ltr' id='par_1_103' title="bbox 2178 4914 3745 4986">
     <span class='ocr_line' id='line_1_103' title="bbox 2178 4914 3745 4986; baseline -0.001 -15"><span class='ocrx_word' id='word_1_825' title='bbox 2178 4916 2317 4972; x_wconf 87' lang='grc' dir='ltr'>κατὰ</span> <span class='ocrx_word' id='word_1_826' title='bbox 2351 4916 2439 4969; x_wconf 84' lang='grc' dir='ltr'><strong>τὸν</strong></span> <span class='ocrx_word' id='word_1_827' title='bbox 2473 4916 2843 4986; x_wconf 85' lang='grc' dir='ltr'>προαποδέντα</span> <span class='ocrx_word' id='word_1_828' title='bbox 2882 4915 3037 4985; x_wconf 90' lang='grc' dir='ltr'>λόγον</span> <span class='ocrx_word' id='word_1_829' title='bbox 3078 4915 3272 4979; x_wconf 79' lang='grc' dir='ltr'>ἑνικῶς</span> <span class='ocrx_word' id='word_1_830' title='bbox 3302 4914 3402 4978; x_wconf 85' lang='grc' dir='ltr'>τὰς</span> <span class='ocrx_word' id='word_1_831' title='bbox 3434 4918 3581 4986; x_wconf 82' lang='grc' dir='ltr'>τρεῖς</span> <span class='ocrx_word' id='word_1_832' title='bbox 3612 4915 3745 4969; x_wconf 81' lang='grc' dir='ltr'>ὑπο-</span> 
     </span>
    </p>
   </div>
   <div class='ocr_carea' id='block_1_104' title="bbox 2180 5006 3743 5081">
    <p class='ocr_par' dir='ltr' id='par_1_104' title="bbox 2180 5006 3743 5081">
     <span class='ocr_line' id='line_1_104' title="bbox 2180 5006 3743 5081; baseline -0.002 -18"><span class='ocrx_word' id='word_1_833' title='bbox 2180 5010 2395 5071; x_wconf 88' lang='grc' dir='ltr'>στάσεις</span> <span class='ocrx_word' id='word_1_834' title='bbox 2420 5009 2865 5081; x_wconf 82' lang='grc' dir='ltr'>περιλαμϐάνειν,</span> <span class='ocrx_word' id='word_1_835' title='bbox 2898 5008 2994 5063; x_wconf 76' lang='grc' dir='ltr'><strong>καὶ</strong></span> <span class='ocrx_word' id='word_1_836' title='bbox 3032 5008 3130 5062; x_wconf 71' lang='grc' dir='ltr'>ἕνα</span> <span class='ocrx_word' id='word_1_837' title='bbox 3157 5007 3289 5061; x_wconf 83' lang='grc' dir='ltr'>Θεὸν</span> <span class='ocrx_word' id='word_1_838' title='bbox 3326 5008 3525 5076; x_wconf 88' lang='grc' dir='ltr'>λέγειν,</span> <span class='ocrx_word' id='word_1_839' title='bbox 3567 5008 3657 5061; x_wconf 83' lang='grc' dir='ltr'>διὰ</span> <span class='ocrx_word' id='word_1_840' title='bbox 3683 5006 3743 5061; x_wconf 88' lang='lat'><strong>16</strong></span> 
     </span>
    </p>
   </div>
   <div class='ocr_carea' id='block_1_105' title="bbox 2177 5098 3742 5171">
    <p class='ocr_par' dir='ltr' id='par_1_105' title="bbox 2177 5098 3742 5171">
     <span class='ocr_line' id='line_1_105' title="bbox 2177 5098 3742 5171; baseline -0.001 -18"><span class='ocrx_word' id='word_1_841' title='bbox 2177 5101 2274 5171; x_wconf 81' lang='grc' dir='ltr'><strong>τῆς</strong></span> <span class='ocrx_word' id='word_1_842' title='bbox 2304 5100 2514 5169; x_wconf 82' lang='grc' dir='ltr'>φύσεως</span> <span class='ocrx_word' id='word_1_843' title='bbox 2545 5101 2781 5171; x_wconf 81' lang='grc' dir='ltr'>άτμητόν</span> <span class='ocrx_word' id='word_1_844' title='bbox 2812 5117 2872 5153; x_wconf 87' lang='grc' dir='ltr'><strong>τε</strong></span> <span class='ocrx_word' id='word_1_845' title='bbox 2904 5100 2996 5154; x_wconf 73' lang='grc' dir='ltr'><strong>καὶ</strong></span> <span class='ocrx_word' id='word_1_846' title='bbox 3039 5100 3360 5171; x_wconf 86' lang='grc' dir='ltr'>ἀδιαίρετον.</span> <span class='ocrx_word' id='word_1_847' title='bbox 3422 5098 3639 5170; x_wconf 79' lang='grc' dir='ltr'>Ἐπειδὴ</span> <span class='ocrx_word' id='word_1_848' title='bbox 3684 5099 3742 5151; x_wconf 82' lang='grc' dir='ltr'>δὲ</span> 
     </span>
    </p>
   </div>
   <div class='ocr_carea' id='block_1_106' title="bbox 2174 5189 3744 5265">
    <p class='ocr_par' dir='ltr' id='par_1_106' title="bbox 2174 5189 3744 5265">
     <span class='ocr_line' id='line_1_106' title="bbox 2174 5189 3744 5265; baseline -0.002 -19"><span class='ocrx_word' id='word_1_849' title='bbox 2174 5192 2579 5264; x_wconf 85' lang='grc' dir='ltr'>κατεσκευάσθη</span> <span class='ocrx_word' id='word_1_850' title='bbox 2611 5192 2698 5246; x_wconf 83' lang='grc' dir='ltr'>διὰ</span> <span class='ocrx_word' id='word_1_851' title='bbox 2740 5192 2846 5247; x_wconf 86' lang='grc' dir='ltr'><strong>τῶν</strong></span> <span class='ocrx_word' id='word_1_852' title='bbox 2891 5192 3198 5265; x_wconf 77' lang='grc' dir='ltr'>εἰρημένων</span> <span class='ocrx_word' id='word_1_853' title='bbox 3238 5191 3515 5263; x_wconf 82' lang='grc' dir='ltr'>ἐνέργειαν</span> <span class='ocrx_word' id='word_1_854' title='bbox 3548 5189 3744 5262; x_wconf 85' lang='grc' dir='ltr'>σημαί-</span> 
     </span>
    </p>
   </div>
   <div class='ocr_carea' id='block_1_107' title="bbox 2175 5283 3743 5357">
    <p class='ocr_par' dir='ltr' id='par_1_107' title="bbox 2175 5283 3743 5357">
     <span class='ocr_line' id='line_1_107' title="bbox 2175 5283 3743 5357; baseline 0.001 -22"><span class='ocrx_word' id='word_1_855' title='bbox 2175 5300 2304 5348; x_wconf 90' lang='grc' dir='ltr'>νειν,</span> <span class='ocrx_word' id='word_1_856' title='bbox 2330 5285 2423 5339; x_wconf 76' lang='grc' dir='ltr'><strong>καὶ</strong></span> <span class='ocrx_word' id='word_1_857' title='bbox 2443 5284 2563 5356; x_wconf 78' lang='grc' dir='ltr'>οὐχὶ</span> <span class='ocrx_word' id='word_1_858' title='bbox 2586 5284 2746 5355; x_wconf 84' lang='grc' dir='ltr'>φύσιν</span> <span class='ocrx_word' id='word_1_859' title='bbox 2774 5285 2834 5339; x_wconf 86' lang='grc' dir='ltr'><strong>τὸ</strong></span> <span class='ocrx_word' id='word_1_860' title='bbox 2861 5286 2961 5357; x_wconf 83' lang='grc' dir='ltr'>τῆς</span> <span class='ocrx_word' id='word_1_861' title='bbox 2986 5285 3238 5356; x_wconf 88' lang='grc' dir='ltr'>θεότητος</span> <span class='ocrx_word' id='word_1_862' title='bbox 3268 5284 3458 5355; x_wconf 77' lang='grc' dir='ltr'>ὅνομα,</span> <span class='ocrx_word' id='word_1_863' title='bbox 3491 5283 3743 5355; x_wconf 87' lang='grc' dir='ltr'>περιτρέ-</span> 
     </span>
    </p>
   </div>
   <div class='ocr_carea' id='block_1_108' title="bbox 2177 5375 3740 5448">
    <p class='ocr_par' dir='ltr' id='par_1_108' title="bbox 2177 5375 3740 5448">
     <span class='ocr_line' id='line_1_108' title="bbox 2177 5375 3740 5448; baseline -0.001 -18"><span class='ocrx_word' id='word_1_864' title='bbox 2177 5376 2335 5430; x_wconf 80' lang='grc' dir='ltr'>πεται</span> <span class='ocrx_word' id='word_1_865' title='bbox 2366 5394 2483 5440; x_wconf 90' lang='grc' dir='ltr'><strong>πως</strong></span> <span class='ocrx_word' id='word_1_866' title='bbox 2517 5378 2652 5448; x_wconf 85' lang='grc' dir='ltr'>πρὸς</span> <span class='ocrx_word' id='word_1_867' title='bbox 2696 5378 2999 5432; x_wconf 83' lang='grc' dir='ltr'>τούναντίον</span> <span class='ocrx_word' id='word_1_868' title='bbox 3027 5380 3090 5431; x_wconf 77' lang='grc' dir='ltr'>ἐκ</span> <span class='ocrx_word' id='word_1_869' title='bbox 3115 5377 3224 5430; x_wconf 86' lang='grc' dir='ltr'>τῶν</span> <span class='ocrx_word' id='word_1_870' title='bbox 3266 5375 3740 5445; x_wconf 76' lang='grc' dir='ltr'>κατασκευαζομέ-</span> 
     </span>
    </p>
   </div>
   <div class='ocr_carea' id='block_1_109' title="bbox 2176 5468 3740 5542">
    <p class='ocr_par' dir='ltr' id='par_1_109' title="bbox 2176 5468 3740 5542">
     <span class='ocr_line' id='line_1_109' title="bbox 2176 5468 3740 5542; baseline -0.001 -22"><span class='ocrx_word' id='word_1_871' title='bbox 2176 5485 2281 5521; x_wconf 93' lang='grc' dir='ltr'><strong>νων</strong></span> <span class='ocrx_word' id='word_1_872' title='bbox 2311 5469 2340 5521; x_wconf 95' lang='lat'><strong>6</strong></span> <span class='ocrx_word' id='word_1_873' title='bbox 2371 5468 2562 5536; x_wconf 91' lang='grc' dir='ltr'>λόγος,</span> <span class='ocrx_word' id='word_1_874' title='bbox 2615 5471 2691 5534; x_wconf 85' lang='grc' dir='ltr'><strong>ώς</strong></span> <span class='ocrx_word' id='word_1_875' title='bbox 2732 5471 2840 5524; x_wconf 88' lang='grc' dir='ltr'>δεῖν</span> <span class='ocrx_word' id='word_1_876' title='bbox 2903 5470 3073 5542; x_wconf 77' lang='grc' dir='ltr'>ταύτῃ</span> <span class='ocrx_word' id='word_1_877' title='bbox 3128 5469 3327 5540; x_wconf 81' lang='grc' dir='ltr'>μᾶλλον</span> <span class='ocrx_word' id='word_1_878' title='bbox 3372 5469 3547 5537; x_wconf 87' lang='grc' dir='ltr'>λέγειν</span> <span class='ocrx_word' id='word_1_879' title='bbox 3590 5468 3740 5538; x_wconf 89' lang='grc' dir='ltr'>τρεῖς</span> 
     </span>
    </p>
   </div>
   <div class='ocr_carea' id='block_1_110' title="bbox 2178 5558 3742 5635">
    <p class='ocr_par' dir='ltr' id='par_1_110' title="bbox 2178 5558 3742 5635">
     <span class='ocr_line' id='line_1_110' title="bbox 2178 5558 3742 5635; baseline 0.001 -23"><span class='ocrx_word' id='word_1_880' title='bbox 2178 5559 2350 5624; x_wconf 79' lang='grc' dir='ltr'>θεοὺς,</span> <span class='ocrx_word' id='word_1_881' title='bbox 2376 5561 2503 5626; x_wconf 81' lang='grc' dir='ltr'>τοὺς</span> <span class='ocrx_word' id='word_1_882' title='bbox 2534 5563 2591 5616; x_wconf 83' lang='grc' dir='ltr'><strong>έν</strong></span> <span class='ocrx_word' id='word_1_883' title='bbox 2619 5565 2685 5633; x_wconf 79' lang='grc' dir='ltr'>τῇ</span> <span class='ocrx_word' id='word_1_884' title='bbox 2723 5564 2858 5635; x_wconf 78' lang='grc' dir='ltr'>αὐτῇ</span> <span class='ocrx_word' id='word_1_885' title='bbox 2890 5563 3140 5634; x_wconf 80' lang='grc' dir='ltr'>ἐνεργείᾳ</span> <span class='ocrx_word' id='word_1_886' title='bbox 3179 5562 3583 5633; x_wconf 85' lang='grc' dir='ltr'>θεωρουμένους</span> <span class='ocrx_word' id='word_1_887' title='bbox 3603 5578 3618 5592; x_wconf 79' lang='grc' dir='ltr'><strong><em>ο</em></strong></span> <span class='ocrx_word' id='word_1_888' title='bbox 3664 5558 3742 5621; x_wconf 80' lang='grc' dir='ltr'>ὥς</span> 
     </span>
    </p>
   </div>
   <div class='ocr_carea' id='block_1_111' title="bbox 2178 5648 3763 5728">
    <p class='ocr_par' dir='ltr' id='par_1_111' title="bbox 2178 5648 3763 5728">
     <span class='ocr_line' id='line_1_111' title="bbox 2178 5648 3763 5728; baseline -0.003 -21"><span class='ocrx_word' id='word_1_889' title='bbox 2178 5668 2308 5720; x_wconf 82' lang='grc' dir='ltr'>φασι</span> <span class='ocrx_word' id='word_1_890' title='bbox 2348 5653 2599 5724; x_wconf 85' lang='grc' dir='ltr'>λέγεσθαι</span> <span class='ocrx_word' id='word_1_891' title='bbox 2635 5658 2779 5728; x_wconf 85' lang='grc' dir='ltr'>τρεῖς</span> <span class='ocrx_word' id='word_1_892' title='bbox 2824 5656 3158 5726; x_wconf 81' lang='grc' dir='ltr'>φιλοσόφους,</span> <span class='ocrx_word' id='word_1_893' title='bbox 3192 5654 3224 5727; x_wconf 77' lang='grc' dir='ltr'>ἢ</span> <span class='ocrx_word' id='word_1_894' title='bbox 3266 5655 3518 5728; x_wconf 82' lang='grc' dir='ltr'>ῥήτορας,</span> <span class='ocrx_word' id='word_1_895' title='bbox 3550 5652 3584 5724; x_wconf 78' lang='grc' dir='ltr'>ἢ</span> <span class='ocrx_word' id='word_1_896' title='bbox 3613 5652 3667 5707; x_wconf 74' lang='grc' dir='ltr'>ετ</span> <span class='ocrx_word' id='word_1_897' title='bbox 3686 5648 3763 5703; x_wconf 84' lang='grc' dir='ltr'>τί.</span> 
     </span>
    </p>
   </div>
   <div class='ocr_carea' id='block_1_112' title="bbox 615 5826 2170 5898">
    <p class='ocr_par' dir='ltr' id='par_1_112' title="bbox 615 5826 2170 5898">
     <span class='ocr_line' id='line_1_112' title="bbox 615 5826 2170 5898; baseline 0 -15"><span class='ocrx_word' id='word_1_898' title='bbox 615 5828 636 5860; x_wconf 83' lang='grc'><strong><em>⁸</em></strong></span> <span class='ocrx_word' id='word_1_899' title='bbox 674 5826 815 5884; x_wconf 80' lang='lat' dir='ltr'><strong>Psal.</strong></span> <span class='ocrx_word' id='word_1_900' title='bbox 880 5842 1109 5894; x_wconf 73' lang='lat' dir='ltr'><strong>nunt,</strong></span> <span class='ocrx_word' id='word_1_901' title='bbox 1137 5830 1219 5886; x_wconf 79' lang='grc'><strong>10.</strong></span> <span class='ocrx_word' id='word_1_902' title='bbox 1308 5830 1329 5861; x_wconf 80' lang='grc'>³</span> <span class='ocrx_word' id='word_1_903' title='bbox 1370 5827 1504 5884; x_wconf 86' lang='lat' dir='ltr'><strong>Luc.</strong></span> <span class='ocrx_word' id='word_1_904' title='bbox 1546 5845 1619 5898; x_wconf 71' lang='grc' dir='ltr'><strong>ιτ,</strong></span> <span class='ocrx_word' id='word_1_905' title='bbox 1656 5829 1744 5884; x_wconf 73' lang='grc' dir='ltr'>Π.</span> <span class='ocrx_word' id='word_1_906' title='bbox 1824 5828 1841 5859; x_wconf 66' lang='grc'><strong>⁵</strong></span> <span class='ocrx_word' id='word_1_907' title='bbox 1879 5827 1998 5884; x_wconf 84' lang='lat' dir='ltr'><strong>Act.</strong></span> <span class='ocrx_word' id='word_1_908' title='bbox 2038 5842 2092 5895; x_wconf 85' lang='lat' dir='ltr'><strong>v,</strong></span> <span class='ocrx_word' id='word_1_909' title='bbox 2119 5828 2170 5884; x_wconf 83' lang='grc'><strong>’5.</strong></span> 
     </span>
    </p>
   </div>
  </div>
