3978 6482
247 406 333 463 ηε
1370 407 1560 476 Quen
1596 406 1736 467 NON
1775 406 1931 469 SINT
1970 410 2152 470 mss
2189 394 2302 471 nn.
2597 444 2607 453 -
3357 408 3460 466 iss

246 524 367 577 ἐστιν
396 519 576 591 ἕτερον
618 519 675 585 ἐξ
716 519 1145 593 ἐπιτηδεύματος
1174 520 1367 593 ὄνομα,
1402 525 1530 578 ὅταν
1573 527 1792 592 πλείους

1896 534 2010 584 tres
2036 528 2188 593 deos,
2234 541 2333 583 eos
2372 525 2474 597 qui
2511 524 2567 580 in
2604 523 2795 582 eadem
2857 522 3103 580 efﬁcacia
3143 522 3351 579 versari
3382 525 3462 578 vi;

245 607 357 669 ὦσιν
386 610 432 664 οἰ
460 611 553 664 τοῦ
584 610 751 665 αὑτοῦ
781 613 1123 683 μετέχοντες.
1170 613 1359 669 Ταῦτα
1402 615 1458 668 δὲ
1495 617 1792 686 φιλοπονώ-

1894 621 2131 676 dentur:
2155 617 2613 691 quemadmodum
2644 616 2798 671 aiunt
2818 614 2926 671 dici
2947 623 3060 671 tres
3086 612 3459 685 philosOphos,

244 721 376 777 τερον
406 703 840 774 ἐξειργασάμην,
889 704 980 757 τὸν
1021 705 1131 757 τῶν
1175 705 1511 760 ὑπεναντίων
1552 708 1789 763 ἀνθυπο-

1895 720 1988 766 aut
2014 718 2287 776 oratores,
2323 716 2417 764 aut
2433 708 2481 765 si
2505 710 2653 779 quod
2680 714 2767 764 est
2815 705 2963 761 aliud
2983 721 3051 763 ex
3083 705 3265 762 studio
3300 713 3464 777 atque

243 797 400 867 φέρων
447 795 607 863 λόγον
630 835 646 858 ,
690 795 767 858 ὡς
811 795 879 850 ἂν
927 795 1269 867 βεϐαιότερον
1312 798 1444 869 ἡμῖν
1497 800 1699 872 παγείη
1734 802 1794 854 τὸ

1894 803 2081 860 ofﬁcio
2112 818 2335 868 nomen,
2366 816 2492 858 cum
2535 800 2724 870 plures
2776 797 2982 855 fuerint
3034 798 3169 855 socii
3217 799 3464 870 ejusdem

242 886 395 956 δόγμα
433 885 555 948 ταῖς
601 885 995 956 εὐπονωτέραις
1025 887 1135 941 τῶν
1178 888 1503 943 ἀντιθέσεων
1532 892 1795 961 κρατυνό-

1896 900 2020 954 vitae
2043 897 2300 954 instituti.
2349 897 2526 966 Atque
2551 894 2666 950 baac
2722 892 3036 965 diligentius
3078 908 3143 950 ac
3181 895 3352 966 magis
3381 895 3465 950 in-

244 995 399 1048 μενον.
429 977 637 1032 Οὐκοῦν
670 978 1078 1048 ἐπαναληπτέος
1102 979 1263 1033 πάλιν
1289 980 1318 1032 6
1349 981 1524 1050 λόγος.
1577 983 1795 1054 Ἐπειδὴ

1898 988 2109 1044 dustrie
2132 987 2476 1059 ampliﬁcavi,
2504 985 2946 1042 adversariorum
2992 999 3061 1041 ex
3107 987 3359 1055 opposito
3382 987 3467 1042 in-

244 1069 453 1141 μετρίως
493 1070 626 1140 ἡμῖν
654 1071 721 1123 ἐκ
744 1070 846 1141 τῆς
885 1072 1231 1141 κατασκευῆς
1257 1072 1572 1145 ἀπεδείχθη,
1612 1074 1673 1126 οὐ
1700 1072 1800 1144 φύ-

1903 1082 2087 1139 ferens
2112 1082 2439 1145 orationem,
2488 1088 2548 1136 ut
2581 1079 2793 1135 ﬁrmius
2842 1093 2907 1135 ac
2948 1080 3154 1136 certius
3193 1078 3351 1134 nobis
3382 1079 3470 1134 de-

244 1177 381 1225 σεως,
408 1160 522 1213 ἂν
553 1160 836 1232 ἐνεργείας
873 1155 1021 1214 εῖναι
1053 1160 1153 1233 τὴν
1200 1162 1383 1233 φωνὴν
1422 1163 1521 1234 τῆς
1552 1162 1802 1233 θεότητος

1902 1181 2115 1229 cretum
2171 1172 2587 1229 constabiliatur
2622 1169 2980 1227 validioribus
3033 1168 3470 1241 Oppositionibus

242 1250 410 1320 λέγων,
445 1250 585 1321 τάχα
615 1251 820 1321 ταύτην
848 1251 914 1306 ἄν
933 1270 1019 1315 τις
1049 1252 1228 1307 αἰτίαν
1252 1253 1487 1322 εὐλόγως
1522 1254 1683 1317 εῐποι,
1708 1254 1802 1307 τοῦ

1903 1268 2196 1322 munitum.
2259 1265 2498 1322 Proinde
2553 1281 2620 1321 ex
2654 1266 2872 1334 integro
2913 1263 3072 1318 nobis
3108 1262 3284 1317 oratio
3315 1277 3471 1333 repe-

243 1341 601 1412 πληθυντικῶς
627 1344 727 1413 μὲν
754 1343 843 1396 ἐπ’
872 1342 1175 1413 ἀνθρώπων
1194 1343 1321 1408 τοὺς
1344 1344 1452 1397 τῶν
1483 1344 1660 1399 αὐτῶν
1687 1346 1806 1398 ἐπι·

1904 1360 2065 1414 tenda
2091 1365 2195 1414 est.
2223 1357 2490 1424 Quoniam
2516 1355 2676 1413 nobis
2721 1371 2818 1427 per
2838 1356 3102 1413 orationis
3139 1362 3471 1410 structuram

244 1432 575 1503 τηδευμάτων
614 1433 1010 1498 κοινωνοῦντας
1043 1434 1291 1505 ἀλλήλοις
1324 1435 1674 1506 ἀριθμεῖσθαι
1713 1437 1809 1489 καὶ

1906 1450 2256 1505 mediocriter
2276 1449 2704 1505 demonstratum
2751 1456 2856 1516 est,
2905 1447 3050 1519 quod
3079 1462 3191 1502 non
3237 1454 3470 1508 naturae,

244 1522 585 1595 ὀνομάζεσθαι
609 1541 623 1554 ·
669 1524 982 1595 μοναδικῶς
1002 1524 1060 1577 δέ
1085 1524 1144 1577 τὸ
1168 1525 1310 1579 θεῖον
1341 1526 1416 1589 ὡς
1441 1525 1539 1580 Eva.
1564 1525 1694 1579 Θεὸν
1713 1525 1809 1580 καὶ⁸

1906 1534 2003 1592 sed
2021 1535 2325 1592 efﬁcientiae
2350 1535 2676 1591 vocabulum
2702 1536 2920 1593 deitatis
2968 1537 3061 1601 sit,
3094 1538 3142 1592 si
3172 1536 3298 1607 quis
3334 1534 3477 1592 forte

251 1618 361 1687 μίαν
385 1616 618 1687 θεότητα
642 1616 918 1685 λέγεσθαι,
949 1617 1053 1671 κᾶν
1084 1619 1140 1671 αἱ
1164 1619 1311 1688 τρεῖς
1349 1618 1676 1682 ὑποστάσεις
1708 1619 1809 1689 τῆς

1908 1626 2053 1681 banc
2072 1625 2189 1695 ejus
2211 1626 2292 1683 rei
2320 1639 2545 1682 causam
2578 1624 2789 1689 afferat,
2823 1634 2918 1679 aut
2964 1623 3203 1679 absurde
3252 1622 3474 1689 dixerit,

247 1707 633 1779 ἐμφαινομένης
662 1710 731 1778 τῇ
768 1708 980 1777 θεότητι
1002 1709 1278 1780 σημασίας
1303 1708 1378 1781 μὴ
1411 1709 1808 1781 ἀποκρίνοιντο.

1908 1718 2129 1790 quodin
2164 1718 2475 1775 hominibus
2507 1718 2724 1788 quidem
2774 1716 3056 1787 pluraliter
3084 1731 3201 1778 eos,
3237 1716 3331 1786 qui
3383 1728 3477 1770 eo-

249 1798 353 1852 Ὀτι
386 1794 667 1869 ἄνθρωποι
714 1798 853 1869 μὲν,
910 1798 1011 1851 κᾶν
1064 1800 1194 1869 μιᾶς
1245 1792 1380 1853 ὦσιν
1434 1799 1711 1871 ἐνεργείας
1758 1800 1809 1853 οἱ

1910 1810 2160 1867 rumdem
2193 1810 2497 1867 studiorum
2520 1816 2573 1865 et
2604 1808 2913 1864 ofﬁciorum
2936 1809 3077 1863 inter
3104 1821 3163 1863 se
3187 1805 3479 1876 participes

248 1890 497 1956 πλείονες,
518 1890 649 1945 καθ’
667 1890 861 1945 ἑαυτὸν
884 1890 1114 1955 ἕκαστος
1139 1891 1577 1963 ἀποτεταγμένος
1597 1894 1819 1965 ἐνεργεῖ

1912 1919 1978 1959 ac
2000 1902 2133 1961 socii
2158 1903 2289 1967 sint,
2311 1908 2663 1957 numerentur
2687 1908 2741 1957 et
2764 1900 3114 1956 nominentur
3146 1916 3161 1954 :
3195 1896 3482 1968 singulari-

250 1982 300 2035 τὸ
325 1982 703 2053 προκείμενον,
736 1983 890 2037 οὐδὲν
938 1983 1306 2039 ἐπικοινωνῶν
1335 1984 1394 2037 ἐν
1424 1985 1491 2053 τῇ
1532 1983 1652 2037 καθ’
1682 1984 1809 2038 ἐαυ-

1913 2002 1998 2050 ter
2046 2008 2175 2049 vero
2213 2008 2415 2048 numen
2451 1991 2694 2047 divinum
2744 1999 3002 2062 tanquam
3056 2004 3201 2045 unus
3242 1987 3387 2045 Deus
3420 1998 3476 2043 et

250 2072 325 2127 τὸν
352 2074 604 2146 ἐνεργείᾳ
654 2074 793 2147 πρὸς
841 2074 968 2139 τοὺς
1011 2075 1072 2128 τὸ
1103 2069 1220 2128 ἴσον
1261 2074 1695 2146 ἐπιτηδεύοντας.
1745 2076 1808 2129 Εἰ

1916 2099 2025 2140 una
2058 2084 2233 2140 deitas
2266 2083 2505 2151 dicatur,
2558 2083 2773 2139 etiamsi
2804 2088 2915 2139 tres
2958 2082 3279 2154 bypostases
3305 2080 3376 2135 ab
3394 2093 3479 2145 ea,

251 2166 343 2237 γὰρ
360 2167 449 2220 καὶ
477 2166 728 2232 πλείονες
751 2162 863 2222 εἷεν
890 2169 940 2222 οἰ
974 2169 1232 2240 ῥήτορες,
1257 2166 1318 2220 τὸ
1350 2168 1448 2239 μὲν
1475 2167 1809 2241 ἐπιτήδευμα

1915 2191 2038 2249 quae
2064 2176 2119 2230 in
2142 2175 2347 2231 deitate
2373 2182 2615 2246 apparet,
2640 2174 3037 2246 significatione
3055 2187 3165 2229 non
3189 2185 3452 2229 secernan
3468 2199 3482 2210 -

252 2258 300 2312 ἐν
338 2258 412 2323 δν,
456 2259 516 2314 τὸ
562 2261 702 2316 αὐτὸ
748 2261 807 2315 ἐν
839 2263 952 2325 τοῖς
984 2261 1223 2315 πλείοσιν
1253 2262 1423 2333 ὄνομα
1472 2261 1624 2333 ἐχειο
1671 2262 1722 2315 οί
1752 2261 1811 2316 δὲ

1916 2269 2026 2317 tur.
2053 2260 2264 2330 Quippe
2309 2272 2442 2313 cum.
2486 2258 2738 2315 homines
2771 2258 3012 2330 quidem,
3062 2256 3275 2314 etiamsi
3301 2256 3485 2327 plures

255 2351 503 2419 μετιόντες
531 2352 661 2407 καθ’
688 2353 880 2407 ἐαυτὸν
898 2352 1127 2417 ἕκαστος
1153 2350 1467 2424 ἐνεργοῦσιν
1492 2368 1507 2386 ·
1542 2352 1685 2416 ἰδίως
1716 2356 1811 2424 ρη-

1917 2352 2162 2424 ejusdem
2184 2352 2295 2408 sint
2319 2349 2510 2415 ofﬁcii,
2538 2350 2818 2422 sigillatim
2849 2351 3085 2422 quisque
3135 2349 3358 2419 (tamen)
3396 2361 3485 2403 se-

252 2442 463 2515 τορεύων
492 2444 522 2497 6
552 2445 730 2511 δεῖνα,
758 2444 854 2500 καὶ
885 2444 1029 2509 ἰδίως
1060 2446 1089 2499 6
1120 2444 1324 2516 ἕτερος.

1918 2441 2145 2512 junctus
2196 2438 2307 2510 agit
2356 2447 2411 2495 et
2464 2446 2723 2509 operatur
2757 2440 2813 2495 id
2858 2440 3005 2511 quod
3042 2438 3146 2497 sibi
3196 2437 3488 2509 sumpserit

254 2524 1211 2608 efficiendum,nibilcemmunicans
1242 2543 1300 2597 in
1332 2556 1431 2598 sua
1455 2540 1669 2597 actione
1691 2555 1814 2598 cum
1854 2537 1945 2601 iis,
2000 2534 2095 2607 qui
2148 2533 2397 2604 ejusdem
2435 2540 2567 2588 sunt
2618 2533 2786 2589 ofﬁcii
2823 2542 2985 2605 atque
3016 2532 3295 2590 .instituti.
3352 2528 3491 2585 Nam

253 2636 340 2692 etsi
367 2636 545 2707 plures
618 2638 822 2694 fuerint
881 2646 1150 2703 oratores,
1208 2638 1448 2695 studium
1494 2636 1714 2710 quidem
1772 2645 1826 2692 et
1861 2632 2101 2690 ofﬁcium
2157 2646 2281 2686 cum
2332 2630 2404 2684 sit
2428 2644 2618 2695 unum,
2651 2629 2791 2684 idem
2820 2630 2872 2685 in
2908 2628 3153 2700 pluribus
3170 2642 3367 2683 nomen
3394 2624 3493 2679 ba-

258 2729 367 2796 bet;
396 2732 487 2802 qui
510 2740 708 2789 autem
739 2735 794 2790 id
817 2743 1073 2799 tractant,
1103 2733 1380 2805 sigillatim
1411 2733 1643 2804 quisque
1665 2732 1816 2787 solus
1855 2743 2015 2786 suum
2036 2726 2313 2798 negotium
2343 2730 2510 2796 agunt
2538 2742 2552 2779 :
2576 2737 2827 2779 seorsum
2895 2721 3008 2787 ille,
3052 2721 3289 2791 itemque
3353 2716 3493 2772 alter

260 2826 524 2895 separatim
562 2829 868 2884 oratoriam
897 2810 1241 2885 exercentes.

320 2958 516 3012 Οὐκοῦν
549 2959 617 3013 ἐν
664 2958 769 3030 μὲν
803 2961 919 3023 τοῖς
949 2957 1287 3029 ἀνθρώποις,
1318 2956 1506 3028 ἐπειδὴ
1542 2954 1814 3027 διακεκρι-

1994 2945 2161 3020 lgitur
2184 2945 2241 3002 in
2289 2945 2603 3003 hominibus
2631 2947 2873 3017 quiaem,
2917 2944 3357 3018 quandoquidem
3391 2946 3496 3002 dis-

265 3049 378 3121 μένη
412 3050 560 3105 ἐστὶν
602 3052 637 3121 ἡ
672 3052 731 3103 ἐν
756 3052 868 3112 τοῖς
908 3049 1090 3114 αὐτοῖς
1127 3048 1554 3120 ἐπιτηδεύμασιν
1584 3047 1813 3102 ἑκάστου

1925 3050 2070 3098 creta
2127 3041 2397 3112 cujusque
2435 3051 2521 3096 est
2552 3041 2607 3095 in
2650 3041 2844 3097 iisdem
2895 3040 3086 3098 oﬁiciis
3128 3048 3182 3097 et
3231 3040 3496 3097 institutis

262 3142 503 3211 ἐνέργεια,
532 3142 746 3214 κυρίως
771 3142 953 3197 πολλοὶ
978 3140 1352 3213 ὀνομάζονται,
1374 3139 1604 3194 ἑκάστου
1634 3138 1813 3193 αὐτῶν

1924 3135 2064 3190 actio
2113 3141 2277 3205 atque
2314 3134 2599 3205 operatio,
2647 3134 2867 3205 proprie
2918 3133 3077 3189 multi
3120 3133 3495 3200 nominantur,

264 3234 329 3298 εἰς
359 3233 485 3288 ἰδίαν
513 3234 869 3305 περιγραφὴν
910 3233 1051 3288 κατὰ
1091 3233 1153 3287 τὸ
1185 3233 1479 3304 ἰδιότροπον
1520 3232 1619 3302 τῆς
1666 3234 1814 3302 ἐνερ-

1929 3241 2044 3281 cum
2068 3225 2294 3297 quilibet
2313 3239 2504 3281 eorum
2535 3225 2681 3280 intra
2710 3240 2841 3281 suos
2869 3225 3135 3295 terminos
3157 3240 3256 3297 pro
3286 3224 3500 3281 ratione

263 3326 396 3393 τείας
421 3326 870 3397 άποτεμνομένου
905 3326 1015 3380 τῶν
1046 3325 1242 3381 ἄλλων.
1285 3327 1409 3380 Ἐπὶ
1443 3325 1500 3378 δὲ
1537 3325 1634 3397 τῆς
1666 3323 1816 3388 θείας

1932 3316 2009 3372 sui
2035 3315 2331 3387 peculiaris
2361 3315 2570 3388 negotii
2598 3315 2666 3371 ab
2718 3316 2842 3371 aliis
2870 3324 3176 3388 separetur.
3208 3316 3280 3371 At
3332 3316 3390 3371 in
3413 3314 3503 3371 di-

266 3417 458 3487 φύσεως
477 3458 493 3484 ,
524 3419 631 3489 οὐχ
657 3417 831 3483 οὕτως
860 3417 1157 3489 ἐμάθομεν,
1195 3419 1277 3473 ὅτι
1306 3420 1335 3473 6
1382 3417 1570 3490 Πατὴρ
1600 3418 1743 3471 ποιεῖ
1770 3433 1822 3470 τι

1933 3406 2052 3461 vina
2104 3413 2302 3461 natura
2344 3420 2455 3461 non
2503 3406 2581 3460 ita
2626 3403 2916 3460 didicimus
2966 3405 3112 3476 quod
3142 3404 3302 3461 Pater
3340 3404 3504 3461 faciat

266 3510 372 3564 καθ’
395 3511 612 3576 ἑαυτὸν,
635 3504 699 3565 οὗ
728 3511 804 3582 μὴ
830 3511 1232 3581 συνεφάπτεται
1265 3513 1294 3566 6
1327 3511 1473 3575 Υἱός.
1506 3512 1578 3564 Ἦ
1615 3509 1774 3564 πάλιν
1796 3511 1824 3563 6

1933 3496 2124 3567 aliquid
2154 3512 2247 3568 per
2284 3513 2344 3552 se
2375 3497 2548 3563 solus,
2580 3496 2725 3567 quod
2755 3496 2925 3553 Filius
2976 3512 3086 3552 non
3132 3512 3239 3551 una
3272 3512 3395 3552 cum
3437 3511 3504 3553 eo

266 3600 379 3667 Υἰδς
416 3602 733 3667 ἰδιαζόντως
769 3603 980 3674 ἐνεργεῖ
1024 3621 1080 3657 τι
1122 3603 1291 3675 χωρὶς
1340 3603 1435 3657 τοῦ
1487 3602 1821 3674 Πνεύματος.

1933 3594 2193 3659 capessat.
2207 3588 2312 3641 Aut
2326 3585 2496 3643 Filius
2515 3601 2705 3641 rursus
2724 3586 3075 3657 peculiariter
3098 3586 3300 3656 aliquid
3318 3590 3504 3659 opere-

278 3692 423 3746 Ἀλλά
461 3695 618 3747 πᾶσα
655 3692 913 3765 ἐνέργεια
950 3695 985 3764 ἠ
1018 3674 1219 3747 θεόθεν
1251 3695 1344 3748 ἐπὶ
1380 3694 1477 3765 τὴν
1509 3693 1686 3747 κτίσιν
1716 3693 1826 3764 διή-

1936 3687 2014 3734 tur
2040 3679 2246 3749 absque
2274 3677 2500 3749 Spiritu.
2539 3674 2647 3731 Sed
2670 3676 2848 3731 omnis
2883 3675 3025 3730 actio
3040 3674 3111 3730 ad
3134 3683 3440 3732 creaturam
3474 3691 3507 3730 a

269 3799 441 3849 κουσα,
481 3785 581 3839 καὶ
610 3784 751 3837 κατά
781 3782 883 3847 τὰς
915 3783 1284 3854 πολυτρόπους
1322 3783 1529 3846 ἐννοίας
1564 3783 1828 3855 ὀνομαζο-

1937 3770 2038 3826 Deo
2059 3770 2398 3841 perveniens,
2431 3785 2553 3840 quae
2570 3767 2867 3824 secundum
2891 3767 3064 3823 varias
3081 3766 3330 3822 notiones
3347 3774 3508 3837 atque

272 3876 410 3948 μένη,
435 3877 499 3931 ἐκ
523 3876 742 3946 Πατρὸς
759 3876 1070 3948 ἀφορμᾶται
1096 3877 1190 3930 καὶ
1214 3875 1301 3930 διὰ
1322 3874 1414 3929 τοῦ
1438 3875 1567 3930 Υἱοῦ
1588 3876 1823 3946 πρόεισι,

1934 3863 2393 3921 considerationes
2418 3877 2619 3927 nomen
2639 3861 2854 3931 accipit,
2879 3875 2909 3914 a
2938 3858 3099 3914 Patre
3118 3856 3505 3929 proﬁciscitur,

269 3969 351 4023 καὶ
380 3971 437 4025 ἐν
471 3969 551 4041 τῷ
599 3968 878 4040 Πνεύματι
915 3967 992 4039 τῷ
1028 3968 1166 4040 ἁγίῳ
1196 3967 1511 4022 τελειοῦται.
1552 3966 1650 4021 Διὰ
1675 3967 1829 4021 τοῦτο

1938 3950 1982 4011 't
2003 3972 2097 4027 per
2122 3954 2315 4010 Filium
2351 3953 2775 4026 progreditur,et
2792 3952 2843 4006 in
2863 3950 3066 4022 Spiritu
3090 3958 3280 4005 sancto
3295 3948 3509 4020 perﬁci-

269 4064 339 4125 είς
368 4040 578 4133 πλῆθος
611 4060 722 4115 τῶν
747 4060 1113 4131 ἐνεργούντων
1139 4059 1200 4113 τὸ
1230 4060 1401 4132 ὄνομα
1430 4060 1529 4131 τῆς
1556 4058 1831 4131 ἐνεργείας

1937 4056 2042 4103 tur.
2092 4046 2304 4102 Idcirco
2352 4046 2409 4101 in
2467 4043 2866 4099 multitudinem
2912 4040 3254 4113 Operantium
3306 4054 3508 4095 nomen

271 4154 324 4206 ού
353 4154 687 4226 διασχίζεται
708 4196 724 4221 ,
751 4155 840 4210 ὅτι
861 4154 961 4209 οὐκ
1009 4152 1423 4224 ἀποτεταγμένη
1457 4152 1687 4206 ἑκάστου
1735 4152 1832 4206 καὶ

1941 4140 2192 4198 efﬁcacia:
2228 4155 2343 4196 non
2394 4137 2684 4203 scinditur,
2715 4135 2974 4205 quoniam
3024 4149 3132 4188 non
3194 4138 3512 4203 separatum

275 4223 536 4313 ιδιάξουᾶά
562 4250 714 4303 ἐστιν
745 4250 780 4320 ἡ
818 4247 944 4321 περί
977 4266 1029 4302 τι
1057 4223 1300 4318 σπουδήέ
1327 4246 1443 4300 ἀλλ’
1481 4247 1617 4318 ὅπερ
1646 4245 1710 4300 ἂν
1740 4244 1831 4314 τι-

1940 4234 2199 4305 cujusque
2226 4239 2388 4304 atque
2409 4230 2685 4301 peculiare
2706 4230 2855 4284 circa
2870 4228 3112 4298 aliquam
3132 4241 3249 4281 rem
3270 4223 3511 4281 studium

273 4359 405 4396 νεται
435 4343 547 4396 τῶν
590 4342 700 4396 εῐτε
745 4317 823 4406 εἰς
877 4317 974 4411 τὴν
1012 4317 1286 4411 ἡμετέραν
1319 4317 1833 4409 πρόνοιανίιρθανόν-

1944 4334 2019 4385 est
2047 4345 2061 4381 :
2095 4326 2190 4384 sed
2220 4324 2484 4397 quidquid
2513 4323 2594 4388 ﬁt,
2635 4321 2780 4393 quod
2802 4320 2889 4377 vel
2917 4319 2985 4375 ad
3011 4318 3189 4375 nostri
3224 4317 3515 4390 providen-

273 4451 385 4501 των,
411 4436 521 4489 εἴτε
546 4433 687 4506 πρὸς
715 4433 814 4505 τὴν
844 4431 938 4487 τοῦ
967 4431 1165 4495 παντὸς
1187 4431 1494 4501 οἰκονομίαν
1523 4431 1617 4485 καὶ
1643 4427 1838 4483 σύστα-

1943 4420 2090 4484 tiam,
2140 4417 2224 4473 vel
2252 4415 2321 4471 ad
2369 4428 2594 4471 summa:
2648 4427 2832 4470 rerum
2879 4408 3414 4468 administrationem
3460 4415 3514 4464 et

276 4500 481 4591 σιν,διά
508 4500 622 4579 τῶν
651 4500 819 4595 τριῶν
847 4523 943 4595 μέν
980 4522 1207 4591 γίνεται,
1242 4523 1301 4576 οὐ
1333 4500 1438 4591 μὴν
1470 4522 1596 4592 τρία
1626 4522 1742 4575 ἐστί
1767 4519 1838 4589 τὰ

1943 4510 2385 4566 constitutionem
2428 4506 2718 4579 pertineat,
2760 4519 2857 4575 per
2894 4513 3005 4558 tres
3050 4501 3268 4574 quidem
3297 4500 3378 4565 ﬁt,
3406 4515 3514 4555 non

274 4571 539 4686 γινόμενα.
579 4571 886 4686 Νοήὲωμεῖ
920 4571 1679 4683 δι’μὲξιξέὶεᾎένὲᾴζ’έζέῖέζρέξ
1692 4571 1836 4678 si;

1943 4612 2119 4658 tamen
2145 4601 2249 4655 tria
2288 4571 2582 4670 sum-qua:
2632 4571 2792 4655 ﬁunt.
2835 4571 3203 4665 Intelligemus
3252 4599 3432 4646 autem
3461 4589 3514 4645 id

276 4706 589 4770 πράγματος
608 4721 621 4734 ’
660 4703 753 4757 ἀπ’
787 4700 952 4757 αὑτοῦ
976 4701 1121 4770 λέγω
1146 4699 1244 4754 τοῦ
1270 4698 1564 4769 κεφαλαίου
1597 4697 1706 4751 τῶν
1735 4715 1837 4770 χα-

1946 4692 2083 4766 quod
2110 4692 2312 4749 dicitur
2344 4708 2440 4764 per
2472 4706 2637 4746 unam
2669 4689 2907 4759 aliquam
2934 4702 3048 4742 rem
3074 4704 3088 4740 :
3130 4684 3198 4739 ab
3233 4683 3374 4754 ipso,
3430 4681 3517 4737 in-

282 4797 549 4866 ρισμάτων
584 4795 729 4865 ζωῆς
764 4791 1085 4863 τετύχηκεν,
1114 4792 1213 4845 ὅσα
1243 4789 1534 4862 μετείληφε
1561 4792 1660 4861 τῆς
1695 4789 1842 4861 χάρι-

1950 4799 2137 4855 quam,
2172 4784 2349 4854 capite
2393 4781 2803 4848 beneﬁciorum,
2833 4780 3003 4835 vitam
3034 4784 3331 4833 consecuta
3366 4781 3516 4838 sunt,

280 4904 361 4951 τος
395 4887 625 4959 ταύτης.
676 4883 1050 4950 Ἐξετάζοντες
1083 4878 1173 4936 οὖν
1208 4881 1371 4934 πόθεν
1408 4881 1538 4951 ἡμῖν
1572 4879 1760 4949 γέγονε
1783 4878 1844 4933 τὸ

1945 4892 2282 4949 quacunque
2310 4877 2364 4931 in
2390 4875 2553 4947 hujus
2583 4872 2833 4931 beneﬁcii
2873 4871 3189 4927 societatem
3231 4874 3516 4924 venerunt.

281 4978 505 5034 τοιοῦτον
557 4956 785 5047 ἀγαθὸν,
828 4975 1152 5046 εὕρισκομεν
1193 4971 1281 5026 διὰ
1319 4971 1419 5041 τῆς
1456 4969 1564 5023 τῶν
1616 4967 1845 5041 Γραφῶν

1951 4968 2006 5023 Si
2038 4976 2348 5024 scrutemur
2400 4967 2582 5036 igitur,
2609 4964 2755 5020 unde
2780 4962 2938 5019 nobis
2966 4960 3072 5016 tale
3100 4960 3301 5015 bonum
3347 4956 3522 5011 conti-

284 5071 512 5142 ὁδηγίας,
530 5072 612 5123 ὅτι
631 5071 696 5123 ἐκ
715 5068 930 5140 Πατρὺς
949 5066 1041 5120 καὶ
1062 5064 1192 5119 Υἱοῦ
1211 5064 1307 5118 καὶ
1328 5061 1639 5132 Πνεύμανος
1666 5062 1735 5130 ἀγ
1744 5062 1843 5115 ίου.

1947 5062 2106 5133 gerit,
2132 5077 2198 5117 ex
2218 5060 2738 5116 commonstratione
2760 5055 3166 5125 Scripturarum
3196 5048 3518 5119 reperimus,

295 5140 423 5214 Ἀλλ’
451 5162 554 5215 οὐκ
585 5159 773 5229 ἐπειδὴ
804 5156 933 5229 τρία
962 5153 1330 5224 ὑποτιθέμεθα
1361 5150 1629 5224 πρόσωπά
1655 5168 1714 5203 τε
1754 5149 1849 5203 καὶ

1950 5154 2005 5209 id
2037 5152 2198 5210 nobis
2232 5153 2528 5224 contigisse
2556 5167 2587 5206 a
2636 5149 2797 5204 Patre
2824 5154 2878 5203 et
2905 5144 3042 5200 Filio
3066 5151 3121 5199 et
3154 5140 3358 5212 Spiritu
3390 5154 3517 5195 san-

287 5252 548 5322 ὀνόματα,
585 5251 735 5321 τρεῖς
765 5248 860 5303 καὶ
906 5246 1051 5312 ζωὰς
1096 5246 1241 5308 ἰδίως
1274 5243 1401 5313 μίαν
1446 5243 1574 5315 παρ’
1620 5241 1849 5295 ἑκάστου

1950 5253 2059 5303 cto.
2092 5245 2161 5299 At
2191 5259 2299 5299 non
2322 5244 2578 5315 quoniam
2619 5250 2732 5298 tres
2770 5251 3033 5311 personas
3054 5250 3118 5289 ac
3146 5234 3253 5289 tria
3298 5232 3521 5287 nomina

290 5344 453 5397 αὐτῶν
502 5341 844 5414 δεδωρῆσθαι
886 5340 1019 5411 ἡμῖν
1067 5335 1392 5407 λογιζόμεθα
1417 5352 1430 5365 ’
1462 5333 1575 5388 ἀλλ’
1625 5335 1659 5405 ή
1700 5333 1836 5404 αὑτὴ

1955 5337 2329 5409 proponimus,
2357 5345 2469 5392 tres
2524 5336 2688 5390 etiam
2730 5334 2892 5395 vitas,
2929 5328 3219 5401 separatim
3270 5339 3431 5380 unam
3456 5324 3526 5380 ab

293 5439 394 5509 ζωὴ
435 5441 531 5495 καὶ
564 5438 715 5512 παρὰ
743 5436 837 5493 τοῦ
862 5434 1077 5507 Πατρδς
1102 5434 1422 5505 ἐνεργεῖται,
1458 5431 1553 5486 καὶ
1581 5430 1731 5503 παρὰ
1760 5429 1852 5484 τοῦ

1954 5444 2286 5501 unoquoque
2313 5443 2503 5484 eorum
2533 5426 2784 5499 largitam
2809 5423 2963 5479 nobis
2993 5435 3119 5477 esse
3151 5418 3479 5475 arbitramur
3506 5433 3524 5484 ;

295 5506 415 5583 Υἱοῦ
450 5506 799 5600 ἐτοιμάξεται
821 5567 839 5594 ,
886 5506 1115 5596 καὶτῆς
1143 5522 1238 5577 τοῦ
1276 5520 1592 5592 Πνεύματος
1620 5520 1851 5593 ἐξῆπται

1963 5521 2058 5577 sed
2093 5520 2285 5576 eadem
2325 5519 2436 5574 vita
2465 5526 2520 5575 et
2583 5533 2613 5572 a
2682 5517 2840 5572 Patre
2880 5519 3190 5585 praestatur,
3241 5518 3298 5568 et
3329 5525 3359 5565 a
3388 5506 3527 5565 Filio

301 5618 610 5694 βουλήσεως.

1958 5613 2263 5687 expeditur,
2286 5619 2341 5670 et
2364 5629 2395 5668 a
2416 5609 2655 5682 Spiritus
2684 5606 2882 5679 pendet
2910 5604 3209 5661 voluntate.

374 5767 585 5840 Ἐπειδὴ
627 5766 810 5822 τοίνυν
841 5764 962 5821 καθ’
990 5761 1286 5837 ὁμοιότητα
1310 5756 1403 5814 τοῦ
1432 5758 1719 5831 εἰρημένου
1755 5760 1862 5813 πᾶ-

2035 5758 2305 5825 Quoniam
2360 5756 2527 5829 igitur
2580 5754 2647 5809 ad
2716 5751 3130 5809 similitudinem
3181 5747 3324 5819 ejus.
3380 5740 3530 5816 quod

307 5876 395 5912 σαν
430 5859 708 5931 ἐνέργειαν
738 5858 799 5912 οὐ
830 5854 1169 5929 διῃρημένως
1206 5853 1419 5925 ἐνεργεῖ
1456 5851 1596 5907 κατὰ
1633 5852 1722 5907 τὸν
1757 5851 1864 5910 τῶν

1966 5851 2130 5907 modo
2154 5850 2362 5906 dictum
2388 5854 2493 5915 est.
2516 5862 2625 5904 non
2647 5845 2864 5905 divisim
2883 5860 2982 5919 pro
3014 5855 3242 5902 numero
3273 5840 3530 5908 hyposta-
