3978 6536
406 1601 417 1631 Ι

455 428 558 483 127

1630 423 1707 480 λδ.
1742 418 2068 480 GREGORII
2100 419 2398 477 NYSSENI

3632 426 3746 481 £28

454 553 587 593 scon
639 539 828 592 sancta
900 533 1143 591 Trinitas
1178 549 1393 590 omnem
1420 537 1694 592 actionem
1739 545 2020 608 operatur,

2142 536 2474 591 Βποστάσεων
2525 539 2753 610 ἀριθμὸν
2802 544 2835 611 ἡ
2877 540 3006 609 ἁγία
3046 538 3243 609 Τριάς,
3298 540 3433 594 ἀλλὰ
3482 538 3600 610 μία
3653 556 3748 599 τις

455 632 550 686 Sed
579 644 718 684 unus
750 628 965 698 quidem
1001 628 1157 683 bonae
1185 628 1481 684 voluntatis
1516 641 1720 694 motus,
1780 646 1887 684 una
1918 631 2032 685 dis-

454 723 656 793 positio
717 729 823 785 est,
889 736 1010 791 quae
1037 735 1069 775 a
1102 719 1261 775 Patre
1308 735 1405 790 per
1441 718 1640 775 Filium
1673 720 1739 775 ad
1767 720 2031 790 Spiritum

457 830 629 883 usque
688 812 976 868 deducitur
1017 821 1179 882 atque
1222 812 1519 883 dirigitur:
1571 813 2029 883 quemadmodum

459 922 565 961 non
594 906 828 960 dicimus
856 913 969 960 tres
997 906 1339 961 viviﬁcantes
1365 922 1483 972 eos,
1542 907 1637 977 qui
1671 921 1834 960 unam
1860 906 2032 960 vitam

458 1005 735 1069 praestant,
761 1014 935 1068 neque
959 1008 1069 1054 tres
1113 999 1306 1066 bonos,
1338 999 1431 1069 qui
1481 999 1535 1053 in
1575 998 1760 1053 eadem
1792 996 2033 1051 bonitate

459 1087 898 1150 considerantur,
928 1102 1029 1141 nec
1053 1087 1261 1156 reliqua
1315 1089 1499 1141 omnia
1532 1088 1818 1157 pluraliter
1858 1103 2033 1143 enun-

458 1184 702 1239 tiamus:
759 1182 948 1238 eodem
996 1181 1159 1237 modo
1187 1198 1365 1252 neque
1394 1190 1507 1238 tres
1558 1183 1691 1239 deos
1745 1183 2035 1237 nominare

458 1291 751 1347 possumus
772 1290 889 1339 eos,
914 1274 1005 1345 qui
1041 1275 1180 1329 hanc
1202 1274 1407 1345 θεικήν,
1443 1275 1497 1329 id
1527 1285 1630 1339 est,
1655 1274 1888 1328 divinam
1923 1278 2037 1330 sive

457 1367 815 1435 inspectricem
862 1367 1118 1420 virtutem
1166 1373 1220 1420 et
1255 1367 1529 1420 actionem
1586 1374 1701 1420 tum
1763 1367 1818 1421 in
1853 1367 2035 1431 nobis,

457 1466 572 1512 tum
604 1458 679 1527 in,
710 1458 859 1513 omni
888 1465 1161 1525 creatura,
1190 1458 1528 1527 conjunctim
1568 1467 1623 1512 et
1660 1473 1770 1513 non
1814 1472 2038 1527 separa-

455 1551 557 1604 tim
616 1565 711 1621 per
752 1565 873 1605 sese
924 1550 1157 1604 invicem
1210 1560 1487 1606 exercent.
1530 1548 1600 1604 Ut
1628 1551 1772 1605 enim
1808 1550 1877 1605 de
1928 1549 2039 1604 Deo

458 1655 683 1696 summae
714 1655 894 1695 rerum
934 1638 1081 1694 docti
1116 1636 1401 1710 Scriptura
1447 1639 1680 1704 dicente,
1715 1639 1863 1710 quod
1890 1639 2040 1707 judi-

457 1739 543 1784 cet
560 1744 772 1784 onmem
804 1738 1027 1793 terram,
1047 1729 1289 1799 iudicem
1308 1746 1431 1786 eum
1456 1731 1835 1786 universarum
1856 1744 2040 1785 rerum

459 1835 557 1889 per
592 1819 791 1875 Filium
824 1836 945 1876 esse
992 1820 1226 1877 dicimus
1269 1840 1281 1875 :
1317 1836 1381 1876 ac
1416 1837 1608 1877 rursus
1641 1823 1732 1877 ubi
1763 1821 2039 1877 audiveri-

459 1928 603 1978 mus,
631 1912 776 1982 quod
799 1910 961 1967 Pater
982 1914 1254 1969 neminem
1273 1912 1503 1983 judicet,
1522 1931 1629 1968 non
1658 1916 2036 1970 existimamus

462 2019 701 2074 pugnare
733 2020 916 2059 secum
948 2004 1307 2074 Scripturam.
1341 2005 1475 2059 Nam
1493 2008 1585 2076 qui
1597 2007 1805 2075 judicat
1821 2022 2035 2062 omnem

461 2103 684 2163 terram,
718 2113 812 2167 per
842 2097 1063 2161 Filium,
1105 2098 1192 2152 cui
1222 2114 1383 2153 omne
1406 2100 1895 2170 deditjudicium',
1936 2103 2035 2157 hoc

461 2189 593 2243 facit
624 2208 636 2243 :
666 2204 731 2243 ac
772 2189 1035 2261 quidquid
1068 2206 1164 2261 per
1201 2189 1553 2262 Uuigenitum
1611 2193 1690 2257 ﬁt,
1719 2193 1786 2245 ad
1819 2192 2034 2247 Patrem

459 2281 784 2337 relationem
810 2282 993 2345 habet,
1029 2291 1087 2336 nt
1116 2290 1172 2338 et
1202 2283 1315 2352 ipse
1338 2283 1508 2351 iudex
1530 2284 1911 2339 universarum
1946 2299 2037 2338 re-

460 2388 582 2428 rum
608 2372 700 2439 sit,
735 2381 791 2429 et
839 2372 1107 2428 neminem
1131 2374 1364 2443 judicet,
1413 2376 1613 2444 quippe
1668 2390 1816 2439 cum,
1865 2383 1923 2429 ut
1956 2374 2039 2429 di-

461 2474 611 2519 ctum
650 2473 756 2530 est,
802 2464 1071 2533 judicium
1097 2480 1258 2520 omne
1314 2464 1457 2520 Filio
1495 2466 1726 2531 dederit,
1761 2476 1815 2521 et
1876 2482 2038 2521 omne

460 2558 725 2629 judicium
758 2556 883 2612 Filii
912 2574 941 2611 a
963 2556 1142 2613 Patris
1170 2561 1449 2616 voluntate
1474 2560 1752 2615 diversum
1783 2576 1890 2614 non
1921 2563 1992 2615 sit
2019 2578 2034 2615 :

463 2663 567 2704 nec
605 2656 749 2702 recte
778 2649 904 2718 quis
932 2648 1154 2709 dixerit,
1196 2651 1283 2704 vel
1310 2650 1451 2705 duos
1501 2650 1741 2719 judices,
1790 2652 1874 2704 vel
1903 2651 2037 2705 alte-

463 2754 584 2794 rum
610 2741 878 2811 privatum
907 2753 968 2793 ac
991 2740 1285 2810 spoliatum
1310 2758 1431 2797 eSse
1456 2743 1654 2797 virtute
1679 2758 1742 2797 ac
1768 2753 2037 2813 potestate

459 2830 741 2900 indicandi
775 2849 789 2885 :
823 2832 894 2885 ita
922 2831 1084 2885 etiam
1119 2831 1172 2885 in
1196 2831 1494 2888 divinitatis
1525 2836 1753 2897 ratione,
1784 2834 2036 2890 Christus

464 2922 558 2975 Dei
589 2923 784 2988 virtus,
814 2931 869 2977 et
896 2921 987 2976 Dei
1015 2923 1281 2993 sapientia
1306 2934 1391 2978 est
1427 2943 1440 2978 :
1472 2935 1632 2995 atque
1655 2927 2036 2995 iuspectricem

465 3028 529 3067 ac
562 3013 836 3085 Θεατικήν,
878 3014 930 3067 id
972 3024 1075 3076 est,
1143 3016 1506 3083 spectatricem
1573 3019 1837 3077 virtutem,
1876 3033 2036 3086 quam

466 3104 728 3159 nimirum
769 3104 998 3175 θεότητα
1040 3105 1091 3159 id
1121 3114 1206 3159 est
1260 3105 1512 3161 deitatem
1544 3108 1660 3162 sive
1709 3108 2036 3163 divinitatem

466 3201 720 3266 dicimus,
749 3217 845 3271 per
874 3201 1227 3269 Unigenitum
1261 3199 1425 3257 Pater
1458 3210 1734 3273 operatur,
1787 3201 1921 3256 Filio
1948 3219 2039 3257 au-

466 3303 575 3349 tem
600 3309 815 3348 omnem
843 3294 1095 3348 virtutem
1129 3294 1181 3347 in
1216 3292 1421 3363 Spiritu
1483 3303 1672 3351 sancto
1703 3296 2034 3366 perliciente,

468 3400 531 3439 ac
557 3384 843 3454 judicante
865 3386 1083 3453 quidem
1113 3426 1127 3449 ,
1159 3393 1219 3440 ut
1255 3385 1421 3442 Isaias
1447 3387 1600 3451 dicit,
1644 3388 1700 3442 in
1733 3388 2037 3458 spirituju-

468 3478 622 3543 dicii,
658 3487 711 3533 et
739 3480 939 3549 spiritu
972 3480 1360 3535 adustionis‘:
1400 3488 1659 3550 operante
1693 3487 1817 3535 item
1843 3496 2040 3535 secun-

471 3569 600 3624 dum
632 3568 907 3641 Evangelii
948 3586 1156 3634 vocem,
1187 3585 1346 3640 quam
1374 3572 1436 3624 ad
1469 3569 1684 3626 Judaeos
1728 3571 1914 3625 edidit.
1951 3571 2042 3623 Di-

472 3663 545 3715 cit
562 3660 709 3715 enim
734 3660 754 3690 '
779 3676 791 3712 :
819 3678 837 3710 ι
870 3657 924 3713 Si
959 3668 1137 3713 autem
1167 3675 1267 3731 ego
1296 3663 1348 3714 in
1384 3660 1587 3731 Spiritu
1613 3661 1703 3716 Dei
1736 3663 1893 3731 ejicio
1933 3662 2042 3715 dae-

470 3753 655 3806 monia
690 3769 703 3805 :
750 3768 769 3802 ι
802 3764 831 3803 a
856 3760 1007 3821 parte
1041 3756 1208 3804 totam
1237 3752 1472 3821 speciem
1505 3753 1753 3807 beneﬁcii
1787 3767 2040 3821 compre-

470 3841 717 3898 hendens
735 3858 830 3912 per
848 3857 965 3898 eam
981 3858 1101 3913 quae
1118 3843 1263 3897 circa
1280 3844 1628 3898 efﬁcientiam
1646 3854 1728 3898 est
1743 3845 2036 3898 unitatem:

471 3950 569 4005 per
603 3950 767 4005 quam
790 3935 1057 3990 unitatem
1088 3945 1277 3989 mutua
1307 3951 1473 4005 opera
1510 3935 1791 3990 cﬁicieutia
1826 3950 2044 3990 exerce-

472 4034 581 4087 tur,
613 4039 781 4080 unum
808 4040 1007 4080 nomen
1040 4025 1343 4080 eﬂicientiae
1367 4029 1419 4080 in
1454 4028 1625 4081 multo
1670 4027 1946 4095 dispertiri
1982 4042 2044 4082 ac

472 4115 641 4172 dividi
689 4132 800 4173 non
831 4125 1031 4187 potest.
1071 4118 1341 4182 Quoniam
1387 4118 1530 4173 enim
1568 4134 1672 4173 una
1703 4120 2044 4189 inspectriris

473 4217 526 4261 et
552 4207 898 4276 spectatricis
926 4209 1146 4264 virtutis
1204 4210 1343 4263 ratio
1388 4210 1512 4277 (est)
1546 4210 1599 4263 in
1631 4208 1791 4263 Patre
1829 4219 1881 4264 et
1908 4209 2046 4264 Filio

473 4305 528 4350 et
562 4295 771 4365 Spiritu
824 4307 1035 4364 sancto,
1072 4299 1529 4368 quemadmodum
1567 4301 1619 4352 in
1672 4300 2045 4369 superioribus

2069 1883 2114 1940 B

2130 630 2334 698 γίνεται
2371 630 2463 684 τοῦ
2510 630 2714 701 ἀγαθοῦ
2758 632 3059 702 θελήματος
3102 630 3311 703 κίνησίς
3344 649 3401 684 τε
3450 630 3567 685 καὶ
3615 629 3747 682 δια-

2131 722 2432 792 κόσμησις,
2477 726 2540 776 ὲκ
2580 724 2789 794 Πατρδς
2818 724 2906 775 διὰ
2928 722 3019 775 τοῦ
3050 722 3178 776 Υἱοῦ
3218 723 3353 793 πρὸς
3387 723 3449 776 τὸ
3482 718 3750 793 Πνεῦμα

2132 812 2486 883 διεξαγομένη
2510 828 2526 841 ο
2570 814 2645 878 ὡς
2683 813 2791 884 γάρ
2829 815 2891 867 οὐ
2927 814 3175 884 ιλέγομεν
3215 816 3367 885 τρεῖς
3404 813 3751 878 ζωοποιοὺς

2132 902 2256 965 τοὺς
2275 901 2372 974 τὴν
2399 903 2527 973 μίαν
2554 902 2908 975 ἐνεργοῦντας
2940 903 3105 975 ζωὴν,
3140 903 3258 956 οὐδὲ
3290 906 3439 975 τρεῖς
3466 901 3749 973 ἀγαθοὺς

2132 993 2259 1057 τοὺς
2304 995 2363 1046 ἐν
2411 995 2547 1067 αὐτῇ
2580 997 2646 1067 τῇ
2683 995 2977 1067 άγαθότητι
3012 995 3453 1066 θεωρουμένους,
3495 994 3641 1049 οὐδέ
3671 994 3748 1047 τά

2134 1084 2268 1142 ἄλλα
2302 1084 2479 1139 πάντα
2512 1086 2887 1156 πληθυντικῶς
2916 1086 3313 1157 ἐξαγγέλλομεν
3336 1104 3349 1117 ·
3380 1087 3579 1149 οὓτως
3613 1085 3748 1138 οὐδὲ

2134 1180 2282 1248 τρεῖς
2321 1176 2490 1240 Θεούς
2536 1178 2821 1249 ὀνομάζειν
2866 1178 3176 1248 δυνάμεθα,
3212 1179 3338 1241 τοὺς
3382 1180 3489 1247 τὴν
3536 1176 3750 1248 θεῖκὴν

2134 1268 2359 1339 ταύτην,
2408 1270 2527 1340 ἦτοι
2578 1271 2882 1342 ἐποπτικὴν
2927 1270 3155 1341 δύναμιν
3194 1287 3253 1323 τε
3298 1270 3394 1323 καὶ
3428 1270 3751 1342 ἐνέργειαν

2138 1362 2497 1433 συνημμένως
2523 1364 2617 1416 καὶ
2644 1363 2971 1434 ἀδιακρίτως
2996 1363 3062 1416 δι’
3087 1363 3327 1433 ἀλλήλων
3355 1362 3438 1432 ἐφ’
3462 1362 3651 1433 ἡμῶν
3682 1379 3751 1415 τε

2138 1454 2233 1507 καὶ
2276 1456 2457 1527 πάσης
2504 1458 2603 1526 τῆς
2637 1456 2870 1518 κτίσεως
2918 1454 3293 1526 ἐνεργοῦντας.
3348 1455 3578 1526 Ὠσπερ
3629 1454 3753 1527 γὰρ

2142 1546 2400 1616 μαθόντες
2431 1548 2559 1618 περὶ
2592 1546 2685 1599 τοῦ
2716 1546 2849 1600 Θεοῦ
2875 1546 2982 1599 τῶν
3003 1547 3138 1599 ὅλων
3159 1548 3255 1617 τῆς
3277 1542 3501 1618 Γραφῆς
3535 1546 3752 1615 λεγού-

2141 1655 2260 1708 σης,
2290 1638 2495 1709 κρίνειν
2530 1637 2693 1691 αὐτὸν
2723 1639 2900 1691 πᾶσαν
2934 1637 3032 1708 τὴν
3060 1639 3183 1707 γῆν,
3227 1639 3418 1709 κριτὴν
3446 1639 3554 1692 τοῦ
3593 1656 3752 1692 παν-

2138 1732 2228 1794 τὸς
2250 1731 2412 1785 αὐτὸν
2437 1726 2577 1784 εῖναι
2604 1732 2691 1785 διὰ
2714 1730 2806 1785 τοῦ
2833 1730 2964 1787 Υἱοῦ
2994 1731 3194 1801 φαμέν.
3218 1733 3329 1784 Καὶ
3352 1734 3523 1786 πάλιν
3559 1732 3749 1786 ἁκού-

2142 1839 2361 1889 σαντες,
2405 1824 2485 1877 ὅτι
2527 1826 2555 1877 6
2588 1823 2778 1895 Πατὴρ
2814 1825 2988 1895 κρίνει
3030 1824 3217 1877 οὐδένα
3243 1864 3257 1888 ,
3291 1825 3387 1893 οὐχ
3431 1826 3749 1896 ἡγούμεθα

2146 1914 2411 1984 μάχεσθαι
2445 1915 2581 1984 πρὸς
2616 1915 2812 1984 ἑαυτὴν
2851 1914 2947 1985 τὴν
2988 1915 3232 1986 Γραφήν.
3276 1918 3333 1969 Ὀ
3367 1919 3475 1988 γὰρ
3516 1919 3746 1989 κρίνων

2145 2008 2324 2060 πᾶσαν
2363 2006 2460 2078 τὴν
2502 2006 2605 2076 γῆν
2644 2007 2733 2059 διὰ
2768 2004 2863 2059 τοῦ
2900 2007 3027 2061 Υἱοῦ
3050 2050 3064 2075 ,
3107 2003 3150 2077 ᾧ
3178 2011 3356 2062 πᾶσαν
3387 2010 3604 2063 δέδωκε
3640 2011 3747 2083 τὴν

2144 2098 2345 2169 κρίσιν,
2380 2097 2537 2149 τοῦτο
2570 2100 2750 2151 ποιεῖ·
2781 2098 2877 2150 καὶ
2926 2099 3035 2151 πᾶν
3063 2099 3123 2151 τὸ
3154 2099 3307 2168 παρὰ
3341 2098 3435 2152 τοῦ
3481 2088 3747 2169 Μονογε-

2142 2190 2266 2255 νοῦς
2291 2191 2593 2262 γινόμενον,
2631 2192 2708 2254 εἰς
2740 2190 2831 2244 τὸν
2869 2190 3088 2260 Πατέρα
3114 2191 3214 2263 τὴν
3267 2192 3556 2262 ἀναφοράν
3593 2192 3741 2261 ἔχει,

2142 2280 2283 2333 ὥστε
2307 2282 2396 2333 καὶ
2420 2279 2614 2351 κριτὴν
2643 2280 2803 2333 αὐτὸν
2835 2280 2930 2333 τοῦ
2957 2282 3156 2344 παντὸς
3190 2276 3348 2347 εἶναι,
3388 2281 3481 2335 καὶ
3508 2283 3743 2353 κρίνειν

2147 2373 2346 2443 μηδένα
2370 2372 2457 2425 διά
2483 2372 2543 2424 τὸ
2566 2374 2765 2435 πᾶσαν,
2791 2373 2866 2437 ὡς
2897 2372 3135 2444 ετρηται,
3160 2372 3258 2444 τὴν
3288 2374 3468 2444 κρίσιν
3494 2373 3584 2445 τῷ
3618 2372 3742 2443 Υἱῷ

2142 2465 2462 2525 δεδωκέναι,
2492 2466 2584 2517 καὶ
2616 2465 2803 2519 πᾶσαν
2842 2464 2940 2534 τὴν
2971 2463 3066 2516 τοῦ
3099 2463 3230 2516 Υῐοῦ
3263 2464 3441 2534 κρίσιν
3483 2463 3591 2518 τοῦ
3630 2481 3740 2518 πα-

2141 2555 2329 2626 τρικοῦ
2368 2555 2443 2626 μὴ
2471 2552 2940 2624 ἀπηλλοτριῶσθαι
2983 2553 3319 2624 βουλήματος
3338 2570 3351 2583 ο
3383 2554 3477 2605 καὶ
3522 2554 3636 2607 οὐκ
3667 2553 3738 2607 ἄν

2140 2667 2224 2712 τις
2258 2650 2510 2716 εὐλόγως,
2537 2647 2569 2717 ἢ
2599 2646 2691 2700 δύο
2720 2646 2912 2716 κριτάς
2941 2646 3104 2710 είποι,
3144 2645 3177 2715 ἢ
3213 2646 3306 2698 τὸν
3339 2645 3528 2716 ἕτερον
3566 2646 3739 2715 ἠλλο-

2141 2739 2403 2811 τριῶσθαι
2432 2740 2530 2807 τῆς
2564 2740 2705 2792 κατὰ
2735 2739 3039 2810 τὴνοκρίσιν
3069 2738 3319 2801 ἐξουσίας
3350 2753 3408 2790 τε
3441 2738 3539 2790 καὶ
3568 2738 3737 2791 δυνά-

2147 2849 2289 2902 μεως
2309 2848 2321 2859 ⁸
2352 2829 2522 2894 οὕτως
2559 2831 2653 2883 καὶ
2680 2830 2775 2884 ἐπὶ
2807 2829 2902 2882 τοῦ
2936 2830 3034 2899 τῆς
3062 2828 3316 2899 θεότητος
3353 2830 3549 2897 λόγου,
3592 2831 3737 2900 Χριο

2144 2922 2266 2985 στὸς
2297 2922 2429 2975 Θεοῦ
2473 2921 2734 2992 δύναμις,
2784 2922 2876 2974 καλ⁸
2916 2920 3050 2973 Θεοῦ
3093 2920 3281 2989 σοφία’
3325 2921 3418 2973 καὶ
3457 2920 3560 2991 τὴν
3597 2923 3732 2974 ἑπο-

2143 3014 2339 3084 πτικήν
2374 3030 2433 3065 τε
2467 3014 2559 3067 καὶ
2602 3012 2855 3083 θεατικὴν
2901 3012 3151 3082 δύναμιν,
3176 3012 3350 3083 ἥνπερ
3382 3011 3446 3083 δὴ
3489 3011 3734 3081 θεότητα

2141 3106 2389 3175 λέγομεν,
2419 3105 2507 3156 διὰ
2536 3104 2629 3157 τοῦ
2653 3104 2990 3172 Μονογενοῦς
3013 3106 3040 3156 6
3064 3102 3252 3174 Πατὴρ
3282 3105 3513 3173 ἐνεργεῖ,
3545 3102 3646 3156 τοῦ
3671 3102 3732 3155 δὲ

2144 3194 2274 3249 Υίοῦ
2306 3195 2485 3247 πᾶσαν
2522 3192 2759 3262 δύναμιν
2793 3194 2851 3246 ἐν
2877 3192 2955 3263 τῷ
2986 3192 3123 3263 άγίῳ
3154 3191 3428 3262 Πνεύματι
3458 3191 3732 3246 τελειοῦν·

2138 3306 2262 3355 τος,
2311 3289 2405 3340 καὶ
2445 3287 2719 3355 κρίνοντος
2761 3284 2895 3355 μὲν,
2946 3283 3125 3347 καθὼς
3174 3282 3400 3348 Ἡσαΐας
3434 3285 3631 3354 φησιν,
3668 3284 3729 3335 ἐν

2141 3380 2408 3451 πνεύματι
2434 3378 2689 3449 κρίσεως,
2720 3378 2813 3429 καὶ
2838 3375 3105 3446 πνεύματι
3132 3374 3399 3439 καύσεωςο
3433 3376 3730 3445 ἐνεργοῦν-

2141 3490 2231 3534 τος
2259 3472 2316 3525 δὲ
2361 3470 2502 3523 κατὰ
2546 3468 2642 3540 τὴν
2674 3467 3003 3536 Εὐαγγελίου
3046 3466 3246 3538 φωνὴν,
3293 3468 3359 3538 ἣν
3402 3467 3537 3538 πρὸς
3594 3469 3726 3532 τοὺς

2155 3563 2438 3625 Ἰουδαίους
2470 3561 2779 3630 πεποίηται.
2812 3560 2974 3627 Λέγει
2994 3559 3121 3630 γὰρ’
3155 3558 3217 3612 Εἰ
3241 3559 3296 3611 δὲ
3322 3557 3431 3627 ἐγὼ
3456 3560 3513 3611 ἐν
3548 3557 3727 3611 Πνεῦ-

2145 3675 2275 3729 ματι
2314 3654 2448 3710 Θεοῦ
2484 3653 2728 3707 ἐκϐάλλω
2771 3651 2839 3705 τὰ
2886 3652 3139 3722 δαιμόνια
3163 3666 3178 3682 ο
3224 3650 3329 3703 ἀπὸ
3366 3650 3564 3721 μέρους
3607 3651 3723 3703 πᾶν

2143 3745 2279 3811 εἶδος
2318 3746 2633 3820 εὐεργεσίας
2680 3744 3122 3816 περιλαμϐάνων,
3177 3740 3264 3795 διὰ
3296 3742 3394 3811 τῆς
3436 3741 3581 3797 κατὰ
3623 3742 3725 3812 τὴν

2142 3840 2419 3912 ἐνέργειαν
2444 3838 2689 3907 ἐνότητος
2709 3855 2721 3867 ·
2748 3831 2827 3899 οἷς
2847 3835 2954 3906 γὰρ
2979 3834 3045 3887 δι’
3070 3833 3312 3905 ἀλλήλων
3340 3835 3643 3904 ἐνεργεῖται
3662 3832 3724 3885 τὸ

2144 3933 2221 3995 ἓν,
2257 3934 2335 3996 εἰς
2366 3930 2590 3994 πολλοὺς
2618 3926 3091 3999 καταμεμερίσθαι
3122 3926 3182 3979 τὸ
3209 3925 3380 3996 ὄνομα
3423 3926 3522 3997 τῆς
3558 3927 3721 3997 ἐνερ-

2143 4023 2294 4092 γείας
2330 4022 2390 4075 οὐ
2428 4020 2670 4074 δύναται.
2712 4017 2929 4089 Ἐπειδὴ
2964 4017 3074 4087 γὰρ
3107 4012 3187 4080 εἷς
3223 4018 3251 4069 6
3276 4016 3377 4087 τῆς
3410 4016 3722 4087 ἐποπτικῆς

2143 4131 2203 4168 τε
2233 4115 2326 4168 καὶ
2355 4113 2611 4183 θεατικῆς
2656 4111 2935 4181 δυνάμεως
2963 4109 3120 4178 λόγος
3162 4111 3219 4164 ἐν
3249 4108 3427 4180 Πατρὶ
3468 4110 3561 4161 καὶ
3600 4106 3718 4178 Υίῷ

2146 4208 2239 4261 καὶ
2276 4207 2550 4276 Πνεύματι
2585 4203 2744 4274 ἁγίῳ,
2780 4200 2961 4264 καθὼς
2994 4202 3051 4253 ἐν
3079 4203 3190 4263 τοῖς
3230 4198 3538 4271 ἔμπροσθεν
3571 4200 3722 4270 εἴρη-

2144 4320 2269 4366 ται,
2300 4302 2363 4353 ἐκ
2392 4300 2489 4371 μὲν
2523 4298 2615 4352 τοῦ
2647 4298 2889 4369 Πατρὸς,
2921 4290 3030 4350 οἷον
3058 4298 3122 4348 ἐκ
3147 4296 3327 4367 πηγῆς
3357 4311 3502 4357 τινος
3546 4293 3717 4363 ἀφορ-

476 4389 681 4443 dictum
712 4396 818 4454 est,
847 4405 968 4459 quae
999 4405 1066 4444 ex
1094 4389 1258 4444 Patre
1288 4391 1508 4460 quidem
1542 4399 1798 4461 tanquam
1842 4406 1873 4445 a
1899 4392 2039 4448 fonte

2150 4393 2419 4465 μώμενος,
2460 4391 2565 4444 ὑπὸ
2610 4391 2665 4443 δὲ
2705 4390 2799 4443 τοῦ
2843 4388 2975 4442 Υἱοῦ
3015 4388 3437 4460 ἐνεργούμενος,
3467 4388 3524 4439 ἐν
3556 4386 3613 4440 δέ
3651 4387 3717 4455 τῇ

475 4478 713 4548 quodam
761 4478 1147 4548 proﬁciscitur,
1183 4496 1214 4533 a
1239 4477 1376 4535 Filio
1401 4496 1527 4535 vero
1554 4480 1622 4534 ad
1648 4482 1920 4535 actionem
1955 4481 2047 4535 de-

2147 4482 2374 4553 δυνάμει
2411 4479 2506 4535 τοῦ
2548 4480 2865 4551 Πνεῦματος
2904 4479 3123 4532 τελειῶν
3156 4479 3254 4549 τὴν
3301 4479 3480 4549 χάριν,
3526 4477 3621 4530 καὶ
3657 4477 3717 4529 οὑ

476 4571 718 4637 ducitur,
745 4578 800 4627 et
842 4572 899 4627 in
932 4573 1131 4628 virtute
1182 4571 1420 4644 Spiritus
1450 4575 1679 4643 gratiam
1726 4573 1939 4643 perlicit
1993 4580 2039 4629 el

2148 4575 2484 4645 διακρίνεται
2523 4573 2657 4644 πρὸς
2686 4573 2785 4634 τὰς
2819 4572 3145 4633 ὑποστάσεις
3172 4570 3398 4641 οὐδεμία
3432 4569 3681 4641 ἐνέργεια
3700 4611 3716 4635 ,

479 4670 830 4719 consummat
873 4682 887 4719 :
956 4679 1018 4720 ac
1053 4679 1159 4719 non
1194 4677 1479 4733 separatur
1534 4665 1689 4733 juxta
1722 4665 2047 4736 hypostases

2152 4666 2459 4732 ἰδιαζόντως
2507 4666 2637 4737 παρ’
2674 4663 2911 4733 ἑκάστης
2964 4663 3058 4716 καὶ
3106 4662 3562 4733 άποτεταγμένως
3597 4661 3721 4731 δίχα

482 4755 590 4810 ulla
627 4754 942 4821 efﬁcientia,
978 4770 1099 4826 quae
1149 4756 1498 4827 peculiariter
1540 4770 1603 4812 ac
1639 4757 1955 4828 disjunctim
1983 4758 2039 4815 al

2144 4760 2243 4829 τῆς
2278 4756 2752 4829 συνθεωρουμένης
2778 4755 3167 4827 ἐπιτελουμένη
3192 4771 3206 4786 ·
3244 4752 3382 4809 ἀλλὰ
3419 4754 3568 4807 πᾶσα
3595 4753 3721 4824 πρό-

483 4861 809 4918 unaquaque
836 4847 1120 4919 hypostasi
1151 4849 1359 4919 absque
1392 4863 1475 4914 ea,
1515 4865 1636 4921 qua:
1669 4865 1777 4904 una
1809 4851 2053 4907 conside-

482 4948 658 5004 ratur,
684 4939 999 5011 perﬁciatur
1027 4959 1040 4995 :
1073 4942 1165 4996 sed
1196 4942 1376 4996 omnis
1402 4944 1554 5009 {cura
1584 4942 2048 5014 providentiaque,

484 5040 539 5087 et
568 5033 946 5088 universarum
977 5047 1158 5087 rerum
1188 5034 1512 5098 moderatio,
1540 5042 1650 5087 tam
1678 5050 1888 5101 earum,
1928 5050 2051 5104 quae

485 5125 634 5180 circa
661 5124 972 5181 sensibilcm
993 5134 1321 5191 creaturam,
1340 5142 1500 5196 quam
1530 5142 1650 5196 qua:
1679 5128 1826 5182 circa
1857 5142 2051 5197 supra-

488 5215 821 5269 mundanam
858 5222 1110 5269 naturam
1137 5224 1455 5284 spectantur
1483 5235 1496 5271 :
1530 5232 1704 5287 eaque
1738 5219 1910 5273 virtus
1931 5234 2051 5288 quae

487 5313 542 5360 et
567 5320 655 5361 res
681 5315 991 5373 conservat,
1014 5314 1067 5363 et
1099 5307 1298 5362 delicta
1349 5309 1594 5379 corrigit,
1647 5316 1701 5364 et
1737 5317 1882 5364 recte
1913 5310 2055 5364 facta

2146 4871 2264 4909 νοια
2289 4854 2382 4907 καὶ
2411 4850 2705 4922 κηδεμονία
2729 4890 2743 4913 ,
2780 4850 2873 4903 καὶ
2902 4849 2995 4903 τοῦ
3034 4850 3233 4912 παντὸς
3262 4848 3552 4901 ἐπιστασία
3572 4889 3587 4911 ,
3614 4847 3717 4900 τῶν

2147 4964 2207 5001 τε
2237 4944 2378 4999 κατὰ
2403 4943 2502 5015 τὴν
2521 4942 2784 5013 αἰσθητὴν
2806 4942 3003 5005 κτίσιν,
3029 4943 3119 4996 καὶ
3143 4940 3250 4994 τῶν
3269 4939 3408 4995 κατὰ
3434 4939 3531 5011 τὴν
3556 4940 3687 5007 ὑπερ

2149 5042 2373 5109 κόσμιον
2398 5036 2576 5106 φύσιν,
2598 5035 2695 5104 ἦτε
2725 5052 2885 5105 συντη
2896 5033 3090 5106 ρητικὴ
3115 5033 3224 5086 τῶν
3250 5032 3440 5095 ὄντων,
3458 5033 3553 5085 καὶ
3574 5031 3685 5101 διορ

2152 5131 2353 5203 θωτικὴ
2391 5129 2499 5183 τῶν
2563 5128 3105 5199 πλημμελουμένων,
3156 5126 3248 5180 καὶ
3289 5123 3565 5194 διδακτικὴ
3612 5121 3687 5175 τῶ

2156 5219 2626 5292 κατορθουμένων,
2662 5219 2761 5289 μία
2798 5218 2913 5270 ἐστί
2946 5218 3040 5271 καὶ
3077 5216 3197 5287 οὐχὶ
3224 5218 3393 5287 τρεῖς,
3426 5212 3579 5284 παρὰ
3619 5212 3701 5282 μὲ·

2151 5315 2250 5385 τῆς
2282 5314 2441 5382 ἁγίας
2478 5310 2707 5383 Τριάδος
2738 5310 3168 5382 κατορθουμὲνη,
3212 5309 3270 5362 οὐ
3305 5308 3411 5378 μὴν
3449 5304 3590 5360 κατὰ
3626 5303 3699 5357 τδπ

489 5394 669 5459 docet,
700 5411 808 5451 una
834 5404 920 5453 est
952 5406 1127 5452 etnon
1158 5408 1287 5465 tres,
1350 5414 1473 5468 quae
1531 5399 1749 5468 quidem
1778 5416 1806 5455 a
1865 5411 2039 5456 sanet:

2157 5404 2385 5476 ἀριθμὸν
2410 5404 2518 5456 τῶν
2564 5404 2623 5455 ἐν
2667 5403 2732 5473 τῇ
2779 5401 2958 5455 πίστει
2994 5400 3379 5471 θεωρουμένων
3413 5393 3712 5477 προσώπω,

491 5483 758 5543 Trinitate
787 5490 1083 5560 peragitur,
1114 5505 1222 5545 non
1265 5497 1445 5544 tamen
1484 5503 1581 5559 pro
1608 5505 1837 5545 nurnero
1871 5509 2039 5562 perso

2158 5499 2316 5568 τριχῇ
2349 5496 2652 5569 τεμνομένη
2674 5539 2691 5563 ,
2732 5497 2807 5559 ὡς
2833 5495 3060 5547 ἕκαστον
3087 5491 3194 5544 τῶν
3222 5487 3606 5561 ἐνεργημάτων
3628 5483 3712 5550 ἀφ’

491 5592 707 5646 narum,
749 5595 869 5651 quae
898 5582 951 5637 in
989 5582 1092 5641 ﬁde
1142 5582 1581 5647 considerantur,
1618 5581 1880 5637 trifariam
1914 5585 2039 5640 divi-

2159 5586 2349 5641 ἐαυτοῦ
2375 5587 2762 5659 θεωρούμενον,
2794 5588 2827 5656 ἢ
2853 5585 2945 5638 τοῦ
2967 5584 3177 5657 Πατρὸς
3203 5579 3339 5637 εἶναι
3367 5582 3548 5653 μόνου,
3570 5578 3605 5652 ἢ
3626 5570 3721 5633 τοῦ

564 5847 584 5879 ⁸
621 5844 777 5904 Joan.
813 5864 863 5914 ν,
898 5847 986 5902 2‘2.
1062 5849 1083 5881 ⁸
1117 5850 1218 5905 lsa.
1247 5866 1332 5916 tv,
1374 5851 1427 5905 4.
1504 5853 1523 5883 ⁷
1562 5850 1752 5905 Matth.
1785 5849 1987 5915 xu,25.
