3978 6488
242 314 325 369 ίὲθ
1360 310 1549 377 QUOD
1578 309 1716 366 NON
1751 308 1906 366 SINT
1932 309 2113 366 ΤΒΕὸ
2138 303 2246 365 Dll.

3340 324 3442 379 150

243 418 545 489 Μονογενοῦς
577 422 881 485 ἰδιαζόντως
901 464 914 484 ,
945 424 976 491 ἧ
1014 423 1100 475 διὰ
1126 422 1218 475 τοῦ
1266 423 1422 491 ἁγίου
1454 421 1764 492 Πνεύματος

1870 421 2037 485 ditur,
2067 430 2127 475 ut
2156 425 2534 494 unusquisque
2554 432 2730 491 actus,
2761 434 2813 480 et
2846 430 3273 501 unumquodque
3302 448 3441 505 Opus

238 512 639 583 κεχωρισμένως
653 513 783 566 ἀλλὰ
799 513 997 583 διαιρεῖ
1013 514 1111 582 μὲν
1129 513 1234 583 ἰδίᾳ
1246 514 1461 583 ἑκάστῳ
1475 513 1541 565 τὰ
1565 512 1765 580 ἀγαθὰ.

234 601 385 662 καθώς
400 618 467 669 φη
478 618 559 652 σιν
579 602 608 652 ό
640 602 975 665 Ἀπόστολος,
996 603 1056 655 τὸ
1079 602 1135 654 ἒν
1153 602 1247 654 καὶ
1266 602 1327 655 τὸ
1352 601 1483 657 αὐτὸ
1504 601 1730 673 Πνεῦμα
1751 621 1764 635 ’

231 694 312 746 οὐκ
345 692 570 761 ἄναρχος
595 691 651 743 δὲ
683 692 715 761 ἡ
748 691 842 744 τοῦ
873 692 1081 759 ἀγαθοῦ
1123 692 1336 761 κίνησις
1370 693 1434 745 ἐκ
1470 691 1563 745 τοῦ
1597 692 1767 746 Πνεύ-

231 797 389 853 ματος⁸
416 782 527 834 ἀλλ’
550 782 872 853 εὑρίσκομεν
901 784 984 838 ὅτι
1011 785 1043 853 ἡ
1072 783 1537 854 προεπινοουμένη
1566 783 1769 854 ταύτης

228 875 443 943 δύναμις,
472 874 507 943 ἦ
536 874 620 937 τίς
654 876 801 927 ἐστιν
828 876 857 928 ὁ
893 874 1185 945 μονογενὴς
1213 874 1364 940 Θεὸς,
1396 875 1572 928 πάντα
1600 877 1764 937 ποιεῖ,

226 961 273 1018 οὗ
300 967 452 1034 χωρὶς
486 965 641 1018 οὐδὲν
664 967 744 1030 είς
776 968 987 1034 γένεσιν
1011 967 1120 1020 τῶν
1156 967 1326 1019 ὄντων
1353 965 1570 1036 ἔρχεται
1594 983 1607 997 ·
1634 967 1769 1021 ἀλλά

227 1057 300 1110 καὶ
320 1057 446 1126 αὐτὴ
475 1056 638 1111 πάλιν
664 1058 771 1110 τῶν
791 1058 1010 1126 ἀγαθῶν
1030 1061 1063 1129 ή
1090 1057 1263 1129 πηγὴ,
1291 1059 1355 1110 ἐκ
1381 1058 1474 1110 τοῦ
1500 1058 1767 1130 πατρικοῦ

226 1150 525 1220 βουλήματος
556 1149 897 1221 ἀφορμᾶται.

272 1550 323 1601 Ei
353 1548 411 1616 δὴ
445 1548 550 1599 πᾶν
582 1545 790 1613 ἀγαθὸν
822 1545 1056 1613 πρᾶγμα
1095 1543 1191 1595 καὶ
1221 1543 1391 1613 ὄνομα
1415 1584 1430 1606 ,
1471 1543 1570 1613 τῆς
1602 1541 1769 1613 ἀνάρ-

220 1658 296 1709 χου
320 1636 593 1707 δυνάμεως
615 1654 674 1688 τε
701 1636 795 1688 καὶ
827 1634 1021 1705 βουλῆς
1050 1633 1359 1705 ἐξημμένον
1384 1637 1440 1687 ἐν
1460 1636 1525 1704 τῇ
1543 1634 1768 1703 δυνάμει

220 1732 293 1784 τοῦ
323 1729 632 1799 [Ινεύματος
661 1727 750 1780 διὰ
772 1727 864 1780 τοῦ
896 1726 1215 1797 μονογενοῦς
1243 1726 1379 1779 Θεοῦ
1410 1726 1653 1796 ἀχρόνως
1675 1726 1767 1778 καὶ

1872 513 1917 567 si
1941 528 2035 581 per
2062 514 2299 582 seipsum
2334 515 2728 581 consideretur,
2767 528 2861 573 aut
2886 517 3064 576 Patris
3109 524 3300 589 solius,
3348 534 3443 581 aut

1871 602 2145 674 Unigeniti
2172 603 2545 673 peculiariter,
2564 614 2658 659 aut
2689 604 2929 676 Spiritus
2950 610 3126 666 sancti
3150 616 3443 682 separatim

1871 696 1946 748 sit
1974 713 1987 749 :
2025 694 2120 751 sed
2144 694 2338 749 dividit
2365 697 2584 766 quidem
2617 699 2815 770 cuique
2845 701 3159 773 singulatim
3194 704 3358 769 bona,
3383 714 3445 761 ut

1870 782 2048 853 inquit
2104 784 2401 854 Apostolus
2426 786 2469 851 ⁸,
2521 803 2662 844 unus
2712 797 2767 844 et
2803 790 2948 847 idem
2994 792 3275 863 Spiritus:
3331 813 3443 855 non

1869 881 2049 931 autem
2073 873 2281 945 absque
2305 876 2577 948 principio
2611 878 2740 934 boni
2766 889 2949 937 motus
2977 891 3061 938 est
3088 900 3155 939 ex
3187 884 3391 956 Spiritu
3426 906 3443 943 :

1870 963 1967 1018 sed
1996 965 2294 1034 reperimus
2324 967 2471 1035 quod
2503 983 2587 1031 ea,
2621 984 2781 1039 quam
2810 978 2937 1027 ante
2967 971 3070 1027 hac
3113 986 3292 1031 mente
3314 940 3477 1052 per-,i

1868 1054 2102 1125 cipimus
2124 1062 2179 1108 et
2209 1057 2716 1123 animadvertimus,
2755 1060 2948 1126 virtus,
2993 1079 3112 1131 quae
3137 1074 3221 1120 est
3264 1062 3479 1139 unigeﬂ

1868 1145 2019 1200 nitus
2049 1143 2226 1211 Deus,
2263 1147 2446 1203 omnia
2478 1147 2625 1213 facit,
2646 1152 2763 1205 sine
2802 1165 2909 1222 quo
2932 1152 3069 1208 nihil
3094 1171 3281 1213 eorum
3326 1138 3472 1229 quael

1869 1244 1998 1290 sunt
2035 1236 2104 1289 ad
2136 1238 2541 1307 generationem
2573 1242 2849 1311 provenit:
2870 1245 3003 1315 quin
3035 1258 3089 1301 et
3111 1248 3227 1319 ipse
3252 1241 3471 1307 rursus.

1866 1326 2135 1383 bonorum
2167 1325 2289 1382 fons
2334 1343 2399 1383 ex
2437 1328 2617 1385 Patris
2654 1332 3017 1393 destinatione
3060 1352 3125 1393 ac
3173 1341 3447 1397 voluntate

1874 1417 2109 1471 exsistit.

1941 1541 1997 1596 Si
2038 1544 2203 1614 igitur
2225 1544 2406 1599 omnis
2438 1561 2528 1601 res
2549 1548 2711 1613 bona,
2742 1558 2797 1603 et
2824 1566 2983 1607 omne
3020 1552 3222 1608 bonum
3243 1569 3445 1611 nomen

1868 1635 1937 1688 ab
1959 1651 2045 1699 ea,
2082 1651 2205 1705 qua:
2248 1638 2509 1708 principii
2543 1655 2738 1709 expers
2771 1651 2876 1707 est,
2925 1655 3194 1713 potestate
3218 1663 3282 1702 ac
3308 1663 3444 1703 con~

1870 1728 1994 1782 silio
2028 1729 2298 1798 pendens,
2342 1730 2398 1783 in
2451 1732 2652 1787 virtute
2684 1732 2911 1802 spiritus
2966 1752 3063 1805 per
3104 1739 3443 1810 unigenitum

218 1792 515 1885 ἀδιαστὶτως
551 1824 635 1885 είς
677 1792 955 1873 τελείωσιν
986 1792 1213 1886 ἄγεται,
1241 1819 1497 1888 οὐδεμιᾶς
1524 1818 1764 1887 παρατά-

1874 1820 2043 1875 Deum
2071 1822 2189 1876 sine
2218 1823 2573 1879 distinctione
2603 1840 2667 1879 ac
2703 1827 2880 1896 spatio
2908 1830 3173 1899 temporis
3198 1792 3266 1886 ad
3314 1848 3443 1902 per-

222 1934 329 1979 σεως
358 1918 409 1968 ἐν
454 1916 519 1984 τῇ
554 1913 655 1965 τοῦ
703 1911 844 1964 θείου
883 1910 1221 1980 βουλήματος
1271 1910 1484 1980 κινήσει
1528 1908 1636 1961 ἀπὸ
1673 1909 1767 1961 τοῦ

220 2006 395 2076 Πατρός
423 2003 512 2056 διὰ
559 2002 659 2056 τοῦ
696 1999 827 2055 Ῡίοῦ
853 2041 867 2062 ,
907 2000 999 2053 ἐπὶ
1041 2000 1103 2052 τὺ
1135 1998 1361 2070 Πνεῦμα
1406 1999 1695 2070 γινομένης
1732 1999 1765 2070 ἢ

218 2098 473 2169 νοουμένης
491 2114 505 2129 θ
544 2094 611 2148 ἓν
645 2096 702 2148 δέ
727 2093 836 2147 τῶν
872 2092 1092 2161 ἀγαθῶν
1132 2092 1409 2164 ὀνομάτων
1435 2109 1494 2145 τε
1522 2092 1617 2145 καὶ
1642 2109 1765 2161 νοη-

208 2192 370 2263 μάτων
397 2188 488 2241 καὶ
515 2188 550 2253 ἡ
606 2187 797 2256 θεότης
822 2198 837 2212 '
871 2185 971 2237 οὐκ
1016 2182 1080 2237 ἂν
1110 2183 1334 2248 εἰκότως
1363 2185 1443 2247 εἰς
1475 2183 1677 2255 πλῆθος
1706 2182 1766 2235 τὸ

210 2273 356 2351 ’όνομα
397 2279 696 2348 διαχέοιτο,
726 2279 826 2348 τῆς
865 2276 1007 2330 κατά
1051 2276 1152 2346 τὴν
1182 2276 1464 2346 ἐνέργειαν
1514 2274 1766 2344 ἐνότητος

218 2373 499 2442 κωλυούσης
531 2372 639 2441 τὴν
679 2370 1043 2441 πληθυντικὴν
1089 2367 1405 2439 ἀρίθμησιν.
1435 2368 1544 2420 Καὶ
1575 2366 1763 2439 ὥσπερ

217 2458 331 2526 εἶςό
374 2463 561 2536 Σωτὴρ
616 2462 834 2515 πάντων
885 2458 1207 2530 ἀνθρώπων,
1259 2458 1492 2529 μάλιστα
1535 2460 1761 2525 πιστῶν,

218 2554 299 2606 ὑπὸ
330 2553 415 2607 τοῦ
458 2551 792 2605 ΡΑποστόλου
825 2550 1181 2620 ὠνόμασται,
1216 2551 1311 2603 καὶ
1338 2550 1513 2613 οὐδεὶς
1558 2551 1623 2607 ἐκ
1665 2553 1763 2621 τῆς

217 2645 365 2715 φωνῆς
394 2643 602 2713 ταύτης
634 2644 667 2714 ἢ
697 2643 789 2696 τὸν
816 2642 945 2695 Υίὺν
977 2640 1125 2710 λέγει
1158 2641 1230 2714 μὴ
1266 2640 1458 2707 σώζειν
1480 2644 1604 2706 τοὺς
1632 2660 1761 2696 πισ·

216 2735 447 2800 τεύοντας,
486 2736 520 2807 ἦ
554 2735 687 2805 δίχα
727 2731 823 2786 τοῦ
862 2731 1182 2804 Πνεύματος
1209 2732 1307 2804 τὴν
1338 2734 1611 2804 σωτηρίαν
1649 2736 1761 2796 τοῖς

219 2825 461 2896 μετέχουσι
499 2824 794 2894 γίνεσθαισ
828 2823 965 2877 ἀλλὰ
998 2823 1205 2892 γίνεται
1242 2822 1460 2877 πάντων
1501 2824 1691 2896 Σωτὴρ
1731 2824 1761 2876 ό

216 2918 289 2971 ἐπὶ
328 2918 529 2971 πάντων
569 2916 743 2983 Θεὸς,
788 2915 1133 2985 ἐνεργοῦντος
1160 2914 1255 2969 τοῦ
1295 2914 1427 2969 Υίοῦ
1454 2915 1553 2987 τὴν
1583 2933 1759 2988 σωτη-

219 3008 315 3079 ρίαν
338 3011 386 3061 ἐν
411 3012 472 3081 τῇ
506 3008 613 3061 τοῦ
653 3006 972 3077 Πνεύματος
1012 3006 1217 3077 χάριτι,
1251 3006 1345 3061 καὶ
1374 3006 1526 3060 οὐδὲν
1560 3008 1759 3077 μᾶλλον

216 3101 285 3154 διὰ
314 3102 459 3155 τοῦτο
484 3103 643 3173 τρεῖς
673 3099 914 3169 σωτῆρες
940 3097 1045 3152 ὑπὸ
1074 3097 1175 3167 τῆς
1208 3098 1430 3168 Γραφῆς
1464 3099 1758 3169 ὀνομάζον-

215 3208 309 3254 ται,
336 3194 378 3243 εἰ
418 3192 509 3243 καὶ
551 3189 900 3259 ὁμολογεῖται
940 3187 1092 3259 παρὰ
1119 3187 1219 3257 τῆς
1253 3187 1417 3257 ἁγίας
1460 3188 1687 3259 Τριάδος
1724 3191 1759 3261 ἡ
1789 3187 1832 3210 “⁴

216 3284 447 3353 σωτηρία*
485 3280 669 3343 οὕτως
707 3279 829 3332 οὐδὲ
855 3281 1004 3350 τρεῖς
1044 3278 1157 3331 θεοὶ
1190 3280 1333 3334 κατά
1373 3281 1474 3349 τὴν
1504 3280 1760 3335 ἀποδεδο-

218 3376 352 3445 μένην
394 3374 491 3443 τῆς
548 3372 811 3443 θεότητος
868 3371 1167 3443 σημασίαν,
1223 3372 1331 3428 κᾶν
1380 3372 1681 3445 ἐφαρμόζει
1725 3375 1758 3445 ή

214 3466 400 3530 τοιαύτη
441 3465 643 3534 κλῆσις
680 3464 747 3534 τῇ
784 3462 917 3533 ἁγίᾳ
950 3463 1161 3534 Τριάδι.
1210 3462 1495 3534 Μάχεσθαι
1533 3464 1589 3517 δὲ
1624 3465 1761 3536 πρὸς

214 3556 313 3617 τοὺς
337 3554 716 3621 ἀντιλέγοντας
735 3592 750 3616 ,
782 3552 855 3623 μὴ
886 3552 997 3605 δεῖν
1025 3553 1305 3622 ἐνέργειαν
1345 3555 1486 3605 νοεῖν
1517 3553 1614 3624 τὴν
1645 3552 1760 3605 θεό-

214 3663 342 3715 τητα,
378 3647 436 3698 οὐ
467 3646 617 3698 πάνυ
648 3661 699 3697 τι
726 3643 835 3696 τῶν
856 3643 1167 3713 ἀναγκαίων
1199 3661 1286 3714 μοι
1314 3644 1480 3707 δοκεῖ,
1513 3643 1588 3708 ὼς
1625 3644 1761 3715 πρὸς

214 3735 291 3805 τὴν
318 3736 591 3807 παροῦσαν
613 3734 711 3787 τοῦ
739 3735 899 3803 λόγου
928 3737 1292 3806 κατασκευήν.
1311 3737 1499 3806 Ἡμεῖς
1529 3737 1626 3805 μὲν
1650 3738 1759 3810 γὰρ

213 3826 550 3897 ἀόριστονκαὶ
585 3824 959 3895 ἀπερίληπτον
984 3825 1082 3895 τὴν
1109 3824 1259 3879 θείαν
1298 3826 1459 3896 φύσιν
1498 3824 1636 3881 εῖναι
1667 3846 1759 3881 πι-

215 3916 613 3983 στεύοντες,οῦδε
622 3917 750 3986 μίαν
772 3915 939 3987 αὐτῆς
954 3916 1272 3987 ἐπινοοῦμεν
1294 3918 1603 3989 περίληψιν,
1627 3918 1761 3972 ἀλλὰ

215 4009 325 4061 κατά
370 4010 545 4062 πάντα
576 4007 782 4079 τρόπον
814 4009 873 4060 ἐν
918 4008 1145 4079 ἀπειρίᾳ
1190 4008 1425 4062 νοεῖσθαι
1463 4009 1561 4081 τὴν
1598 4010 1759 4080 φύσιν

213 4098 544 4170 διοριζόμεθα.
575 4098 649 4150 Τὸ
676 4098 735 4151 δὲ
761 4097 987 4151 καθόλου
1015 4098 1263 4169 ἄπειρον,
1290 4099 1351 4153 οὐ
1379 4100 1486 4153 τινὶ
1521 4100 1621 4170 μὲν
1652 4101 1761 4173 ὀρί-

213 4189 352 4255 ζεται,
380 4192 488 4245 τινὶ
517 4190 580 4243 δέ
615 4188 735 4259 οὐχί
758 4203 773 4218 ο
808 4188 943 4243 ἀλλά
982 4190 1123 4243 κατά
1161 4191 1336 4245 πάντα
1369 4191 1527 4260 λόγον
1553 4192 1755 4261 ἐκφεύ-

213 4298 277 4347 γει
299 4283 381 4336 τὸν
413 4284 537 4353 ὅρον
572 4283 607 4352 ή
637 4280 882 4351 ἀπειρία.
910 4281 1118 4335 Οὐκοῦν
1163 4281 1225 4335 τὸ
1265 4284 1421 4347 ἐκτὸς
1451 4285 1601 4356 ὅρου,
1635 4287 1757 4340 οὐδὲ

212 4372 399 4443 ὀνόματι
441 4376 665 4438 πάντως
692 4373 955 4444 ὁρίζεται.
1000 4374 1087 4438 Ὠς
1118 4374 1185 4428 ἂν
1228 4369 1321 4429 οὖν
1350 4376 1593 4441 διαμένοι
1621 4418 1637 4443 ,
1666 4380 1758 4433 ἐπὶ

1873 1911 2162 1967 rectionem
2195 1923 2246 1969 et
2277 1918 2808 1972 consummationem
2842 1918 3155 1988 deducitur,
3200 1942 3301 1981 nec
3332 1929 3443 1982 ulla

1872 2018 2027 2057 mora
2053 2004 2105 2058 in
2167 2005 2336 2059 divini
2378 2008 2644 2077 propositi
2694 2009 3190 2083 destinationisque
3232 2025 3380 2072 motu
3414 2034 3445 2073 a

1871 2094 2031 2151 Patre
2065 2112 2162 2166 per
2197 2096 2395 2152 Filium
2428 2100 2493 2153 ad
2542 2098 2806 2170 Spiritum
2838 2103 3126 2162 intercedit
3163 2116 3257 2164 aut
3282 2110 3446 2165 intel-
3546 2094 3547 2097 η

1871 2188 2103 2258 ligitur:
2144 2198 2305 2259 atque
2342 2206 2510 2245 unum
2543 2193 2808 2247 bonorum
2862 2204 2974 2250 tum
3020 2201 3299 2256 nominum
3327 2210 3446 2258 tum

1870 2278 2247 2334 intellectuum
2278 2283 2441 2335 etiam
2473 2282 2646 2339 deitas
2674 2294 2759 2340 est
2792 2287 2969 2351 ;haud
2994 2301 3143 2346 recte
3176 2293 3232 2347 in
3261 2294 3449 2348 multi-

1869 2370 2116 2424 tudinem
2170 2371 2224 2425 id
2259 2388 2457 2428 nomen
2489 2374 2859 2431 diﬁunditur:
2918 2379 3118 2451 quippe
3175 2398 3260 2447 ea,
3326 2400 3450 2455 quas

1872 2463 2019 2518 circa
2044 2463 2396 2519 efﬁcientiam
2422 2474 2526 2531 est,
2551 2469 2759 2525 unitate
2794 2470 3055 2540 pluralem
3108 2476 3449 2531 numeratio-

1868 2573 1990 2613 nem
2019 2559 2364 2627 prohibente.
2397 2561 2475 2614 Ac
2528 2562 2989 2631 quemadmodum
3032 2582 3175 2623 unus
3203 2577 3451 2625 servator

1866 2652 2111 2704 omnium
2138 2651 2419 2705 hominum
2441 2654 2680 2708 maxime
2704 2654 2939 2710 ﬁdelium
2963 2657 3032 2711 ab
3058 2658 3318 2727 Apostolo
3348 2677 3450 2716 no-

1866 2741 2106 2796 minatus
2132 2749 2215 2797 est
2243 2743 2288 2807 ⁹,
2314 2749 2367 2797 et
2398 2744 2580 2798 nullus
2606 2759 2673 2799 ex
2703 2745 2804 2801 hac
2837 2761 2970 2802 voce
3008 2750 3094 2804 vel
3126 2749 3325 2806 Filium
3363 2753 3452 2807 di-

1866 2834 1942 2888 cit
1970 2849 2077 2889 non
2110 2849 2331 2889 servare
2361 2833 2646 2891 credentes
2675 2877 2688 2903 ,
2736 2838 2819 2893 vel
2860 2840 3067 2910 absque
3123 2842 3321 2911 Spiritu
3357 2859 3450 2899 sa-

1865 2928 2033 2982 lutem
2070 2927 2536 2998 consequentibus
2574 2929 2845 2987 exsistere
2875 2951 2888 2986 :
2955 2933 3052 2989 sed
3084 2942 3169 2991 est
3200 2947 3453 2995 servator

1866 3019 2131 3087 omnium,
2160 3020 2253 3090 qui
2292 3036 2460 3090 super
2485 3037 2677 3077 omnes
2709 3031 2794 3078 est
2820 3023 2985 3092 Deus,
3008 3037 3275 3097 operante
3310 3028 3452 3086 Filio

1865 3112 2095 3166 salutem
2144 3127 2243 3182 per
2273 3114 2505 3183 gratiam
2540 3115 2717 3168 sancti
2768 3114 3006 3185 Spiritus
3050 3136 3063 3173 :
3110 3126 3277 3190 atque
3328 3121 3453 3176 ideo

1864 3205 2035 3259 nihilo
2076 3205 2248 3275 magis
2311 3214 2422 3261 tres
2485 3214 2855 3262 servatoresa
2922 3206 3212 3280 Scriptura
3268 3211 3453 3280 nomi-

1861 3307 2096 3365 nantur,
2150 3298 2365 3352 etiamsi
2420 3298 2627 3368 absque
2678 3302 3052 3356 controversia
3101 3303 3252 3358 salus
3306 3303 3452 3360 exsi-

1862 3396 1971 3447 stat
2034 3406 2065 3444 a
2128 3400 2317 3445 sancta
2388 3389 2655 3448 Triuitate
2712 3411 2727 3447 :
2797 3394 2987 3450 eodem
3054 3396 3215 3451 modo
3273 3406 3453 3467 neque

1861 3492 1975 3538 tres
2019 3482 2093 3536 dii
2128 3483 2301 3554 (sunt)
2345 3484 2649 3539 secundum
2695 3485 2966 3541 redditam
3012 3487 3233 3544 deitatis
3280 3488 3455 3560 signi-

1864 3573 2174 3628 ﬁcationem
2226 3592 2239 3628 :
2287 3590 2601 3645 quanquam
2659 3578 2917 3632 convenit
2978 3579 3102 3634 talis
3159 3580 3453 3651 appellatio

1861 3672 2067 3719 sancta;
2121 3663 2396 3719 Trinitati.
2458 3664 2713 3737 Pugnare
2746 3677 2926 3723 autem
2955 3684 3079 3724 cum
3117 3670 3451 3727 adversariis

1860 3755 2173 3810 dicentibus
2199 3772 2308 3809 non
2347 3765 2601 3826 oportere
2652 3756 2957 3813 efﬁcaciam
3011 3761 3315 3833 intelligere
3355 3778 3453 3833 per

1861 3846 2144 3910 deitatem,
2169 3862 2277 3900 non
2313 3848 2605 3903 admodum
2631 3850 2766 3903 mihi
2802 3854 3178 3907 necessarium
3211 3870 3335 3910 esse
3370 3855 3454 3910 vin

1861 3936 2045 4001 detur,
2098 3946 2362 4007 quantum
2404 3939 2469 3993 ad
2529 3948 2851 4009 praesentem
2908 3945 3180 3998 sermonis
3257 3946 3452 4003 attinet

1862 4024 2268 4096 probationem.
2322 4024 2454 4081 Nam
2484 4044 2586 4083 nos
2637 4029 2859 4099 quidem
2903 4032 3245 4088 indeﬁnitam
3279 4043 3334 4089 et
3364 4036 3452 4090 in-

1861 4117 2412 4187 comprehensibilem
2433 4119 2675 4176 divinam
2706 4133 2959 4178 naturam
2991 4140 3115 4181 esse
3135 4125 3448 4193 credentes,

1860 4209 2065 4266 nullam
2118 4210 2238 4279 ejus
2285 4211 2773 4270 animadvertimus
2832 4216 3375 4287 comprehensionem
3430 4241 3447 4278 ι

1861 4299 1957 4354 sed
1987 4301 2303 4355 omnimodo
2331 4301 2387 4355 in
2410 4301 2681 4359 inﬁnitate
2725 4304 2956 4377 intelligi
2999 4306 3167 4377 (eam)
3197 4317 3452 4366 naturam

1862 4406 2152 4449 censemus
2184 4403 2238 4449 et
2272 4394 2634 4452 afﬁrmamus.
2678 4396 2833 4464 Quod
2869 4410 3050 4456 autem
3092 4418 3320 4472 prorsus
3368 4415 3454 4460 est

212 4466 288 4534 τῆς
315 4466 459 4531 θείας
498 4466 717 4537 φύσεως
754 4465 848 4519 τοῦ
873 4466 1126 4537 ἀορίστου
1153 4469 1187 4539 ή
1215 4466 1415 4532 ἔννοια,
1455 4470 1595 4542 ὑπὲρ
1644 4474 1756 4526 πᾶν

1869 4484 2165 4550 inﬁnitum,
2220 4502 2330 4541 non
2366 4488 2547 4557 aliqua
2578 4490 2797 4559 quidem
2852 4506 2913 4545 re
2961 4490 3241 4560 delinitur,
3268 4495 3454 4566 aliqua

213 4554 355 4626 όνομά
378 4575 560 4628 φαμεν
588 4554 727 4611 εἶναι
757 4557 820 4610 τὸ
848 4557 1009 4621 θεῖον,
1040 4559 1073 4629 ἡ
1101 4558 1157 4611 δὲ
1191 4557 1381 4631 θεότης
1414 4560 1471 4614 ἒν
1495 4562 1603 4616 τῶν
1640 4563 1759 4618 ὀνο-

216 4650 369 4715 μάτων
407 4652 579 4706 ἐστίν.
612 4649 822 4703 Οὐκοῦν
850 4650 911 4702 ού
951 4648 1170 4703 δύναται
1200 4651 1262 4703 τὸ
1296 4651 1425 4705 αὐτὸ
1455 4655 1548 4707 καὶ
1588 4654 1759 4726 ὄνομα

214 4736 345 4804 εἶναι,
367 4744 459 4796 καὶ
489 4743 632 4813 ὑπὲρ
656 4744 765 4795 πᾶν
790 4742 960 4809 ὄνομα
985 4742 1318 4812 νομίζεσθαι.

1864 4590 1996 4629 vero
2026 4591 2133 4630 non
2160 4593 2175 4641 ;
2207 4577 2299 4630 sed
2329 4580 2479 4633 omni
2516 4580 2729 4635 ratione
2764 4579 3008 4639 inﬁnitas
3042 4582 3233 4655 eﬁ'ugit
3258 4584 3453 4641 delini-

1867 4666 2093 4723 tionem.
2121 4667 2275 4733 Quod
2315 4670 2479 4739 igitur
2528 4686 2722 4741 expers
2753 4680 2837 4728 est
2866 4674 3223 4737 deﬁnitionis,
3255 4693 3326 4733 ne
3351 4692 3452 4733 no-

1865 4758 2012 4813 mine
2043 4759 2259 4829 quidem
2289 4777 2518 4831 prorsus
2540 4763 2820 4819 deﬁnitur.
2851 4764 2921 4821 Ut
2957 4782 3089 4837 ergo
3109 4776 3448 4838 permaneat.

212 4847 257 4897 in
280 4831 452 4886 divina
494 4840 695 4886 natura
742 4832 1006 4886 indeﬁniti
1046 4832 1382 4899 intellectus,
1430 4850 1598 4905 super
1630 4853 1789 4899 omne
1826 4862 2025 4903 nomen
2091 4850 2325 4908 dicimus
2376 4870 2501 4910 esse
2555 4856 2800 4912 divinum
2847 4831 3049 4915 nomen
3084 4831 3129 4915 ε·
3163 4870 3217 4915 at
3270 4862 3449 4918 deitas

216 4937 353 4976 unum
390 4925 457 4979 de
493 4924 814 4979 nominibus
844 4931 949 4979 est.
981 4923 1103 4980 Non
1136 4934 1313 4995 potest
1344 4929 1509 5000 igitur
1533 4930 1675 4988 idem
1712 4951 1909 4995 nomen
1945 4949 2000 4997 et
2021 4957 2166 5007 esse,
2188 4952 2244 5000 et
2267 4962 2433 5018 super
2458 4963 2620 5004 omne
2642 4964 2841 5007 nomen
2873 4967 2996 5010 esse
3020 4955 3341 5012 existimari.

271 5078 401 5150 Πλὴν
432 5082 479 5133 εἰ
498 5078 663 5134 τοῦτο
686 5082 800 5144 τοῖς
820 5080 1084 5145 ἐναντίοις
1103 5082 1352 5155 ἀρέσκοι,
1376 5086 1451 5157 μὴ
1473 5087 1758 5160 ἐνεργείας

216 5168 328 5223 ἀλλά
360 5170 572 5239 φύσεως
602 5167 743 5225 εἶναι
773 5172 871 5241 τὴν
905 5173 1200 5245 σημασίαν,
1232 5175 1763 5250 ἐπαναδραμούμεθα

218 5260 331 5329 1:92;;
363 5262 451 5314 τὸν
490 5260 554 5327 ἐξ
585 5262 764 5333 ἀρχῆς
796 5262 974 5331 λόγον,
1001 5264 1083 5318 ὅτι
1114 5265 1175 5319 τὸ
1205 5266 1305 5337 τῆς
1348 5266 1563 5337 φύσεως
1597 5270 1767 5342 ὄνομα

219 5351 593 5423 ἡμαρτημένως
614 5355 649 5425 ὴ
672 5354 936 5425 συνήθεια
962 5357 1041 5421 είς
1066 5355 1305 5429 πλήθους
1335 5360 1604 5431 σημασίαν
1624 5363 1767 5430 ἄγει,

220 5442 322 5496 οὔτε
354 5445 651 5514 μειώσεως,
677 5446 802 5501 οὔτε
824 5448 1106 5521 αὐξήσεως
1136 5450 1279 5504 κατά
1299 5452 1389 5506 τὸν
1413 5454 1584 5526 ἀληθῆ
1613 5456 1770 5525 λόγον

220 5540 624 5612 προσγινομένης
647 5544 715 5613 τῇ
745 5541 927 5612 φύσει,
953 5544 1080 5597 ὅταν
1106 5545 1163 5597 ἐν
1196 5543 1429 5600 πλείοσιν
1461 5548 1494 5619 ἢ
1526 5548 1771 5606 ἐλάττοσι

278 5713 297 5743 ⁸
324 5713 342 5768 1
370 5714 495 5773 Cor.
525 5734 623 5791 xu,
654 5720 744 5775 Η.
819 5723 841 5753 ⁹
872 5720 890 5774 ι
926 5720 1064 5778 Tim.
1091 5737 1164 5787 ιν,
1204 5720 1291 5780 lo.

1936 5090 2332 5152 Verumtamen
2389 5098 2439 5154 si
2490 5100 2823 5160 adversariis
2886 5102 2993 5157 hoc
3052 5102 3250 5173 placet,
3302 5102 3449 5173 quod

1870 5200 1981 5239 non
2003 5184 2327 5252 eﬁicientize,
2361 5190 2456 5245 sed
2487 5199 2698 5249 naturae
2727 5194 3059 5265 signiﬁcatio
3081 5192 3173 5256 sit,
3201 5208 3450 5250 recurre-

1870 5294 1995 5333 mus
2026 5278 2093 5332 ad
2131 5294 2275 5342 eam,
2316 5297 2479 5351 quam
2513 5283 2566 5338 in
2595 5284 2752 5340 initio
2784 5284 3074 5361 posuimus
3121 5283 3445 5350 orationem,

1872 5369 2020 5438 quod
2047 5372 2395 5427 consuetudo
2416 5389 2704 5445 perperam
2736 5386 2946 5431 naturae
2977 5390 3176 5432 nomen
3210 5376 3279 5432 ad
3307 5377 3449 5431 mul-

1872 5461 2131 5519 titudinis
2153 5464 2614 5535 signiﬁcationem
2656 5466 2859 5535 trahat,
2893 5482 3071 5538 neque
3107 5469 3447 5544 incremento

1871 5551 2007 5621 ullo,
2040 5570 2221 5625 neque
2270 5557 2657 5628 diminutione,
2695 5558 2994 5616 secundum
3038 5575 3223 5619 veram
3283 5561 3449 5645 ratio-
