3978 6490
469 310 568 369 131
1693 303 1750 358 S.
1799 300 2125 358 GREGURII
2178 300 2472 357 NYSSENI
3597 312 3705 365 132

467 444 616 495 nem,
644 426 935 483 accedente
983 425 1049 480 ad
1084 432 1363 488 naturam,
1393 439 1518 478 cum
1568 424 1653 479 vel
1697 425 1753 478 in
1783 423 2036 493 pluribus

2139 421 2426 495 θεωρῆται.
2461 427 2612 478 Μόνα
2652 426 2759 498 γὰρ
2794 427 2935 482 κατὰ
2964 427 3211 483 σύνθεσιν
3239 427 3572 500 ἀριθμεῖται,
3600 430 3705 483 ὅσα

465 522 552 578 vel
576 518 926 591 paucioribus
954 524 1249 585 spectetur.
1295 514 1368 570 Ea
1402 530 1641 586 namque
1684 515 1800 570 sola
1836 528 2034 570 secun-

2135 516 2253 569 κατ’
2293 516 2427 571 ἰδίαν
2460 520 2805 591 περιγραφὴν
2828 521 3150 591 θεωρεῖται*
3187 522 3221 591 ἡ
3263 520 3318 573 δὲ
3348 522 3702 593 περιγραφὴ,

466 611 597 669 dum
635 608 1093 681 compositionem
1136 616 1519 671 numerantur,
1568 620 1692 675 qua
1732 602 2034 660 secundum

2137 604 2191 657 ὲν
2209 605 2496 677 ἐπιφανείᾳ
2517 606 2763 678 σώματος
2780 610 2870 661 καὶ⁸
2890 609 3106 679 μεγέθει
3122 610 3215 661 καὶ
3232 610 3382 678 τόπῳ
3402 610 3493 663 καὶ
3508 612 3575 681 τῇ
3589 610 3708 664 δια-

466 701 742 774 propriam
796 697 1364 768 circumscriptionem
1417 694 1863 751 considerantur.
1908 693 2033 749 Cir-

2135 698 2276 766 φορᾷ
2291 698 2354 767 τῇ
2374 696 2580 751 κατὰτὸ
2596 701 2782 770 σχῆμα
2803 702 2895 752 καὶ
2915 700 3109 771 χρῶμα
3126 700 3704 771 καταλαμϐάνεται.Τὸ

467 790 828 862 cumscriptio
862 796 1044 843 autem
1078 787 1136 841 in
1183 785 1472 856 superﬁcie
1520 785 1787 855 corporis,
1818 784 1874 838 in
1915 798 2033 837 ma-

2133 786 2191 839 δὲ
2224 786 2327 851 ἔξω
2360 787 2562 843 τούτων
2583 790 2974 861 θεωρούμενον,
3023 791 3280 859 ἐκφεύγει
3322 791 3419 863 τὴν
3459 793 3547 846 διὰ
3591 793 3703 847 τῶν

467 881 772 955 gnitudine,
808 879 866 933 in
899 879 1043 941 loco,
1079 878 1135 930 in
1177 875 1485 931 differentia
1529 874 1714 946 ﬁgura
1745 882 1800 930 et
1832 873 2033 929 coloris

2134 879 2386 932 τοιούτων
2397 882 2763 953 περιγραφήν.
2775 883 2840 935 '0
2854 883 2911 935 δὲ
2935 883 3007 953 μὴ
3026 885 3423 954 περιγράφεται
3440 885 3539 938 ούκ
3555 885 3705 956 ἀριθ-

467 971 971 1044 comprehenditur.
994 970 1065 1023 At
1095 969 1239 1039 quod
1272 976 1428 1024 extra
1474 968 1588 1023 hac
1625 968 2032 1032 consideratur,

2138 972 2336 1039 μεῖται,
2354 969 2414 1023 τὸ
2439 970 2495 1023 δὲ
2520 970 2594 1042 μὴ
2617 972 3035 1043 ἀριθμούμενον,
3066 974 3122 1025 ὲν
3145 973 3334 1043 πλήθει
3363 974 3701 1045 θεωρηθῆναι

467 1064 655 1135 eﬁ'ugit
675 1080 819 1130 eam,
861 1077 984 1133 qua
1019 1076 1112 1131 per
1143 1060 1274 1114 talia
1320 1060 1401 1125 ﬁt,
1433 1058 2029 1129 circumscriptionem.

2134 1064 2193 1114 οὺ
2215 1060 2458 1116 δύναται.
2493 1063 2644 1116 Ἐπεὶ
2674 1064 2766 1117 καὶ
2790 1064 2881 1117 τὸν
2900 1064 3096 1135 χρυσόν
3121 1082 3318 1134 φαμεν,
3346 1064 3445 1117 κᾶν
3472 1066 3551 1129 είς
3571 1066 3703 1118 πολ-

467 1154 623 1222 Quod
655 1162 836 1209 autem
872 1167 980 1206 non
1014 1149 1507 1215 circumscribitur,
1531 1163 1644 1203 non
1680 1158 2034 1214 numeratur;

2134 1150 2258 1213 λοὺς
2286 1152 2770 1225 διακερματίζηται
2802 1155 3003 1218 τύπους
3025 1194 3040 1219 ,
3076 1155 3170 1208 ἕνα
3202 1156 3294 1208 καὶ
3328 1152 3464 1209 εἶναι
3497 1156 3590 1209 καὶ
3622 1156 3705 1209 λέ-

464 1254 522 1304 et
547 1247 694 1318 quod
727 1261 836 1300 non
867 1250 1208 1307 numeratur,
1234 1242 1290 1296 in
1314 1240 1663 1296 multitudine
1696 1241 2033 1296 considerari

2134 1246 2326 1313 γεσθαι
2349 1263 2363 1277 ι
2402 1247 2570 1301 πολλὰ
2602 1249 2659 1301 δὲ
2698 1250 3009 1321 νομίσματα
3046 1251 3140 1305 καὶ
3177 1251 3401 1313 πολλοὺς
3428 1252 3704 1322 στατῆρας

464 1354 576 1394 non
606 1346 804 1409 potest.
829 1334 965 1390 Nam
999 1341 1054 1389 et
1083 1347 1299 1397 aurum,
1329 1332 1546 1387 etiamsi
1592 1332 1649 1386 in
1689 1332 1891 1387 multas
1920 1331 2033 1386 for-

2134 1335 2489 1410 ὁνομάζομεν,
2529 1340 2718 1394 οὐδένα
2749 1342 2847 1411 τῆς
2877 1342 3091 1411 φύσεως
3120 1342 3215 1396 τοῦ
3244 1341 3443 1413 χρυσοῦ
3477 1344 3703 1397 πλεονα-

465 1446 583 1489 mas
612 1439 666 1485 et
711 1430 917 1500 ﬁguras
966 1426 1273 1489 scindatur,
1309 1438 1479 1477 unum
1508 1430 1563 1478 et
1590 1438 1714 1478 esse
1736 1430 1791 1477 et
1816 1423 1922 1477 dici
1954 1423 2034 1475 ar-

2135 1424 2271 1495 σμὸν
2303 1427 2362 1481 ὲν
2391 1428 2468 1499 τῷ
2498 1430 2691 1501 πλήθει
2729 1431 2838 1484 τῶν
2883 1434 3167 1503 στατήρων
3204 1433 3569 1503 εὑρίσκοντες.
3611 1437 3704 1489 Διὸ

466 1522 780 1579 ﬁrmamus:
806 1533 1062 1574 nummos
1086 1530 1215 1571 vero
1236 1514 1437 1570 multos
1471 1528 1536 1569 ac
1565 1514 1767 1568 multos
1802 1520 2033 1568 stateres

2135 1517 2228 1571 καὶ
2257 1519 2426 1581 πολὺς
2452 1519 2481 1570 ό
2524 1520 2725 1590 χρυσὸς
2753 1520 3003 1590 λέγεται,
3046 1523 3174 1576 ὅταν
3212 1521 3366 1593 ὄγκῳ
3409 1524 3632 1588 πλείονι,
3664 1526 3700 1597 ἦ

465 1614 840 1677 nominamus,
872 1609 1079 1664 nullam
1116 1606 1235 1660 auri
1271 1614 1484 1659 natura
1514 1603 1931 1660 redundantiam
1976 1602 2033 1655 in

2138 1608 2414 1673 σκεύεσιν,
2443 1610 2477 1681 ἢ
2507 1611 2805 1682 νομίσμασι
2836 1612 3129 1682 θεωρῆται,
3158 1613 3341 1667 πολλοὶ
3360 1614 3415 1669 δὲ
3441 1617 3488 1668 οἱ
3513 1618 3705 1686 χρυσοὶ

464 1703 818 1762 multitudine
870 1708 1138 1757 stateram
1190 1696 1550 1767 reperientes.
1593 1693 1750 1751 Unde
1798 1694 2031 1746 multum

2135 1699 2225 1753 διά
2254 1700 2316 1753 τὸ
2350 1701 2552 1771 πλῆθος
2580 1703 2680 1772 τῆς
2710 1702 2842 1774 ὕλης
2874 1705 2974 1756 οὐκ
3002 1704 3393 1771 ὀνομάζονται·
3426 1708 3474 1760 εί
3512 1709 3586 1779 μή
3620 1728 3706 1774 τις

462 1812 684 1869 quoque
721 1810 915 1849 aurum
943 1792 1168 1852 dicitur.
1201 1804 1324 1843 cum
1362 1787 1557 1859 majori
1586 1785 1828 1859 pondere
1857 1785 1946 1840 vel
1973 1784 2029 1839 in

2133 1785 2279 1840 οὕτω
2308 1787 2487 1857 λέγοι,
2519 1755 2753 1860 χρυσοῦς
2790 1755 3046 1855 πολλοὺς,
3082 1755 3157 1855 (ὸς
3182 1755 3315 1855 ἶτοὺς
3342 1755 3631 1865 Δαρεικούς
3670 1755 3704 1868 is

463 1890 610 1945 vasis
632 1888 715 1943 vel
754 1885 996 1941 nummis
1028 1889 1326 1953 spectatur,
1352 1880 1521 1935 multa
1545 1890 1724 1933 autem
1741 1892 1875 1932 aura
1900 1891 2029 1947 pro-

2135 1881 2262 1944 τοὺς
2296 1880 2592 1951 στατῆρας,
2619 1881 2703 1949 ἐφ’
2742 1875 2815 1935 ὧν
2848 1883 2946 1952 οὐχ
2975 1884 3007 1953 ἡ
3038 1882 3171 1953 ὕλη,
3203 1883 3338 1937 ἀλλά
3361 1885 3429 1939 τὰ
3453 1886 3706 1957 κέρματα

462 1989 583 2052 pter
608 1977 1016 2034 multitudinem
1054 1973 1296 2030 materia
1342 1986 1453 2027 non
1490 1970 1849 2025 nominantur
1881 1987 1894 2022 :
1921 1968 2030 2024 nisi

2135 1971 2235 2043 τὴν
2278 1971 2371 2025 τοῦ
2421 1973 2661 2045 πλήθους
2705 1974 2976 2045 σημασίαν
3019 1976 3287 2042 ἐδέξαντο.
3334 1979 3553 2048 Κυρίως
3595 1982 3706 2053 γάρ

461 2073 590 2146 quis
624 2073 700 2127 ita
728 2070 895 2135 dicat,
928 2083 1129 2124 aureos
1175 2065 1404 2129 multos,
1454 2063 1625 2119 veluti
1655 2063 1904 2124 Daricos,
1937 2071 2032 2115 aut

2137 2065 2283 2117 ἐστιν
2331 2065 2451 2135 οὐχ).
2480 2068 2742 2136 χρυσοὺς,
2777 2067 2910 2121 ἀλλά
2949 2070 3214 2140 χρυσέους
3246 2071 3468 2135 τούτους
3509 2075 3704 2128 εἰπεῖν.

462 2174 697 2222 Stateres
738 2183 752 2220 :
780 2162 837 2217 in
868 2161 1069 2232 quibus
1090 2174 1198 2214 non
1219 2157 1467 2220 materia,
1501 2156 1593 2212 sed
1618 2161 1833 2209 moneta
1869 2169 2028 2207 num-

2139 2156 2349 2229 Ὥσπερ
2372 2158 2551 2211 τοίνυν
2580 2158 2766 2212 πολλοὶ
2798 2160 2895 2230 μὲν
2922 2163 2968 2213 οἱ
2998 2162 3218 2231 χρύσεοι
3251 2165 3538 2235 στατῆρες,
3573 2182 3710 2237 χρυ-

462 2257 652 2328 mique
725 2251 1096 2309 multitudinis
1174 2247 1630 2321 signiﬁcationem
1709 2244 2028 2299 admittunt.

2141 2248 2232 2312 σὸς
2256 2250 2314 2303 δὲ
2338 2245 2437 2314 εἷς,
2469 2250 2611 2304 οὕτω
2637 2253 2731 2305 καὶ
2757 2253 2940 2306 πολλοὶ
2959 2254 3056 2325 μὲν
3081 2257 3128 2308 οἱ
3155 2256 3277 2310 καθ’
3303 2256 3530 2312 ἕκαστον
3559 2260 3616 2313 ὲν
3638 2262 3706 2332 τῇ

461 2347 597 2403 Nam
628 2346 850 2417 proprie
893 2344 993 2400 hos
1046 2357 1157 2397 non
1208 2339 1461 2412 χρυσούς,
1516 2338 1570 2392 id
1624 2348 1708 2392 est
1734 2352 1887 2400 aura,
1937 2333 2032 2390 sed

2140 2340 2298 2409 φύσει
2342 2340 2437 2394 τοῦ
2480 2342 2769 2414 ἀνθρώπου
2807 2344 3173 2415 δεικνύμενοι,
3220 2342 3330 2401 οἷον
3372 2349 3576 2422 Πέτρος
3614 2353 3711 2406 καὶ

462 2440 774 2513 χρυσείους,
807 2436 861 2493 id
900 2446 984 2491 est
1028 2450 1238 2501 aureos,
1268 2433 1454 2487 dicere
1494 2431 1637 2486 licet.
1669 2426 2033 2495 Quemadmo-

2151 2432 2405 2499 Ἰάκωϐος
2437 2435 2532 2487 καὶ⁹
2567 2435 2817 2505 Ἰωάννης
2836 2478 2849 2498 ,
2886 2431 2966 2499 εἷς
2993 2437 3050 2490 δὲ
3085 2439 3142 2491 ἐν
3171 2441 3379 2504 τούτοις
3402 2441 3705 2512 ἄνθρωπος.

463 2532 593 2588 dum
623 2529 789 2601 igitur
822 2527 981 2582 multi
1011 2525 1232 2595 quidem
1290 2524 1443 2578 aurei
1498 2531 1625 2578 sunt
1653 2530 1908 2584 stateres,
1938 2534 2033 2573 au-

2141 2525 2260 2578 Κᾶν
2290 2527 2323 2597 ὴ
2357 2525 2547 2598 Γραφὴ
2575 2526 2817 2599 πλατύνῃ
2844 2528 2904 2580 τὸ
2929 2528 3098 2599 ὄνομα
3127 2531 3269 2585 κατὰ
3294 2533 3391 2602 τὴν
3419 2534 3712 2605 πληθυντι-

463 2624 589 2676 rum’
615 2634 744 2676 vero
790 2632 958 2671 unum
990 2624 1074 2671 est
1106 2632 1120 2669 :
1153 2614 1342 2670 eodem
1392 2612 1553 2667 modo
1605 2612 1762 2666 multi
1809 2610 2028 2680 quidem

2140 2618 2242 2689 κὴν
2274 2619 2548 2689 σημασίαν
2576 2621 2633 2673 ὲν
2662 2618 2738 2690 τῷ
2771 2619 2971 2689 λέγειν,
3014 2640 3034 2673 ι
3074 2622 3385 2694 Ἄνθρωποι
3427 2625 3568 2679 κατά
3610 2627 3706 2681 τοῦ

463 2712 776 2783 singulares
805 2710 862 2764 in
910 2716 1107 2763 natura
1146 2707 1386 2762 hominis
1414 2705 1801 2769 ostenduntur,
1837 2713 1896 2757 ut
1928 2702 2031 2757 Pe-

2143 2710 2385 2780 μείζονος
2432 2710 2739 2781 ὀμνύουσιν,
2776 2726 2797 2762 )
2834 2711 2948 2779 καὶ,
2989 2730 3008 2764 ι
3046 2713 3164 2767 Υἱοὶ
3186 2714 3510 2786 ἀνθρώπων,
3558 2737 3578 2772 ι
3613 2721 3707 2774 καὶ

462 2812 603 2871 trus,
653 2803 916 2867 Iacobus,
968 2801 1207 2856 Joannes
1241 2816 1253 2850 :
1283 2814 1429 2853 unus
1458 2814 1588 2852 vero
1637 2798 1690 2851 in
1746 2795 1835 2851 his
1870 2796 2032 2849 homo

2140 2801 2239 2854 ὅσα
2267 2800 2520 2865 τοιαῦτα,
2555 2801 2824 2871 γνωστέον
2855 2804 3025 2875 ὅτιτῇ
3061 2804 3318 2877 συνηθείᾳ
3344 2808 3439 2878 τῆς
3478 2809 3711 2880 ἐπικρα-

462 2904 568 2953 est.
610 2895 765 2962 Quod
797 2896 843 2951 si
875 2892 1160 2964 Scriptura
1215 2907 1411 2947 nomen
1441 2889 1636 2944 dilatat
1683 2896 1737 2943 et
1789 2887 2033 2943 extendit

2140 2890 2338 2961 τούσης
2366 2891 2640 2946 διαλέκτου
2664 2893 2998 2963 κεχρημένη,
3028 2892 3150 2964 οὐχὶ
3193 2896 3470 2965 νομοθετεῖ
3502 2896 3562 2952 τὸ
3600 2900 3709 2954 δεῖν

463 2985 532 3042 ad
574 2985 839 3057 pluralem
874 2980 1352 3054 signiﬁcationem,
1394 2978 1525 3032 dum
1595 2976 1750 3038 dicit,
1787 2992 1805 3025 ι
1840 2973 2031 3028 Homi-

2142 2982 2377 3054 οὔτωςῆ
2417 2984 2489 3047 ὡς
2527 2984 2724 3054 ἑτέρως
2771 2983 3067 3055 κεχρῆσθαι
3109 2987 3220 3049 τοῖς
3268 2988 3505 3058 ῥήμασιν
3530 3006 3544 3020 ο
3590 2990 3712 3043 οὐδέ

465 3091 562 3132 nes
585 3091 681 3146 per
710 3075 974 3146 majorem
992 3071 1264 3143 jurant‘“,
1290 3090 1309 3121 ι
1331 3078 1387 3125 et
1413 3086 1431 3119 ι
1461 3066 1583 3121 Filii
1622 3066 1903 3119 hominum
1922 3066 1986 3130 ιι,
2010 3084 2028 3115 ›

2140 3092 2262 3173 τινα
2286 3076 2538 3145 τεχνικὴν
2572 3074 2701 3145 περὶ
2733 3076 2992 3146 ῥημάτων
3029 3077 3376 3132 διδασκαλίαν
3413 3081 3709 3153 ποιουμένη

462 3175 519 3225 et
547 3177 747 3224 catera
779 3166 1002 3231 similia,
1045 3161 1403 3235 Judicandum
1456 3166 1563 3224 est,
1614 3158 1762 3228 quod
1802 3171 2033 3212 consue-

2144 3165 2314 3220 ταῦτα
2344 3164 2616 3230 διέξεισιν,
2644 3164 2781 3220 ἀλλά
2812 3167 2953 3222 κατά
2997 3167 3095 3239 τὴν
3128 3170 3531 3239 ἐπικρατοῦσαν
3588 3189 3715 3226 συν-

462 3258 655 3315 tudine
700 3257 999 3315 obtinentis
1033 3255 1235 3325 lingua
1290 3250 1665 3323 pr0prietatis,
1703 3264 1867 3320 quam
1914 3246 2033 3301 διὰ-

2142 3256 2332 3328 ήθειαν
2366 3257 2559 3328 χρῆται
2591 3256 2668 3327 τῷ
2696 3256 2857 3327 λόγῳ,
2883 3258 3018 3328 πρὸς
3041 3260 3197 3313 τοῦτο
3224 3259 3493 3329 βλέπουσα
3526 3264 3705 3333 μόνον,

463 3347 652 3401 λεκτον
704 3359 987 3412 vocamus,
1040 3352 1247 3408 utatur,
1306 3356 1416 3395 non
1464 3342 1637 3411 legem
1692 3338 2033 3409 prascribat,

2141 3350 2287 3412 ὃπως
2312 3347 2377 3403 ἂν
2406 3349 2690 3421 ὲπωφελὴς
2717 3349 2926 3418 γένοιτο
2968 3352 3079 3414 τοῖς
3124 3351 3433 3422 δεχομένοις
3464 3356 3491 3408 ό
3521 3355 3706 3423 λόγος,

462 3455 572 3511 qua
602 3439 685 3494 sic
712 3445 961 3508 oporteat
992 3436 1177 3506 potius
1202 3449 1363 3506 quam
1395 3432 1555 3487 aliter
1584 3430 1766 3487 verbis
1798 3430 1875 3485 uti
1900 3448 1913 3484 :
1934 3446 2033 3486 nec

2140 3436 2293 3490 οὐδὲν
2325 3437 2821 3509 ἀκριϐολογουμένη
2861 3438 3002 3492 κατὰ
3028 3439 3126 3511 τὴν
3154 3440 3319 3508 λέξιν,
3358 3443 3414 3496 ὲν
3454 3436 3534 3508 οἷς
3557 3445 3707 3499 οὐδε-

463 3531 819 3587 artiﬁciosam
836 3529 1075 3600 aliquam
1102 3528 1170 3583 de
1194 3527 1376 3583 verbis
1405 3524 1710 3580 doctrinam
1742 3522 2034 3579 instituens

2145 3528 2242 3599 μία
2295 3528 2466 3600 βλάϐη
2514 3530 2655 3584 κατά
2697 3530 2932 3585 διάνοιαν
2981 3532 3044 3584 ἐκ
3107 3532 3212 3586 τῶν
3264 3536 3525 3605 ῥημάτων
3585 3554 3680 3591 συν

463 3624 580 3680 hac
600 3624 767 3692 dicat,
798 3623 895 3681 sed
950 3623 1251 3681 secundum
1301 3621 1639 3676 obtinentem
1683 3620 2034 3675 consuetudi-
2144 3621 2377 3674 ίσταται.

462 3737 588 3778 nem
635 3722 802 3778 verbo
851 3730 1059 3787 utatur,
1092 3718 1147 3775 id
1193 3719 1372 3775 solum
1419 3726 1700 3787 spectans,
1735 3725 1796 3772 ut
1834 3716 2237 3787 accipientibus
2277 3718 2427 3774 utilis
2478 3718 2552 3775 sit
2604 3720 2801 3787 oratio,
2858 3720 2994 3776 nihil
3057 3722 3348 3778 aamodum
3393 3723 3709 3795 disquirens

462 3816 612 3872 circa
633 3814 957 3880 dictionem,
991 3813 1050 3868 in
1078 3810 1283 3884 quibus
1324 3809 1461 3867 locis
1510 3808 1721 3863 nullum
1775 3808 2036 3863 damnum
2075 3810 2224 3865 circa
2256 3812 2580 3867 sententiam
2612 3827 2676 3867 ex
2704 3812 2885 3868 verbis
2917 3815 3204 3868 contlatu-r.

530 4005 609 4059 Ac
661 4003 883 4074 longum
930 4000 1096 4057 fuerit
1143 3998 1211 4055 ad
1263 3998 1533 4054 dictorum
1567 3997 1939 4067 probationem
1970 4012 2037 4052 ex

2212 3999 2321 4052 Kal.
2362 3999 2570 4070 μακρὸν
2610 3997 2675 4053 ἂν
2711 3997 2797 4069 εἴη
2827 3998 2925 4063 τὰς
2969 3999 3373 4069 σολοικοφανεῖς
3413 3999 3507 4054 τοῦ
3546 4001 3704 4070 λόγου

461 4095 751 4168 Scriptura
786 4094 1044 4167 colligere
1090 4092 1533 4149 constructiones
1575 4089 1875 4146 soloecismi
1909 4104 2032 4161 spe-

2140 4088 2416 4155 συντάξεις
2452 4092 2515 4143 ἐκ
2553 4090 2654 4161 τῆς
2703 4091 2929 4161 Γραφῆς
2970 4092 3289 4161 καταλέγειν
3341 4093 3421 4157 εἰς
3457 4094 3552 4165 τὴν
3595 4095 3704 4150 τῶν

459 4194 597 4245 ciem
628 4187 888 4243 habentes
929 4203 944 4238 :
992 4187 1049 4241 in
1100 4185 1301 4257 quibus
1359 4193 1539 4238 autem
1574 4182 1875 4253 periculum
1925 4187 2030 4246 est,

2135 4183 2439 4254 εἰρημένων
2483 4182 2784 4248 ἀπόδειξιν·
2830 4186 2886 4236 ὲν
2933 4178 3014 4248 οἷς
3044 4184 3100 4237 δὲ
3131 4184 3373 4249 κίνδυνός
3408 4186 3523 4240 ἐστι
3570 4188 3698 4258 βλα-

458 4295 531 4336 ne
560 4279 947 4334 detrimentum
978 4277 1223 4346 patiatur
1246 4275 1493 4331 veritatis
1525 4273 1708 4342 aliqua
1744 4287 1891 4343 pars,
1920 4286 2029 4325 non

2136 4274 2295 4345 ϐῆναί
2329 4293 2378 4328 τι
2403 4276 2499 4346 τῆς
2524 4275 2799 4344 ἀληθείας,
2827 4275 3009 4328 οὐκέτι
3043 4275 3102 4328 τὸ
3134 4275 3493 4332 ἀϐασάνιστον
3520 4295 3577 4331 τε
3606 4279 3698 4332 καὶ

459 4372 586 4427 item
617 4370 969 4440 promiscuus
1026 4377 1079 4424 et
1126 4368 1440 4423 indifferens
1484 4380 1640 4429 usus,
1692 4378 1793 4418 nec
1849 4362 2030 4417 indili-

2134 4368 2422 4439 ἀδιάφορον
2453 4369 2510 4420 ἐν
2539 4371 2651 4431 τοῖς
2681 4371 2969 4438 γραφικοῖς
2997 4368 3309 4439 εὑρίσκεται
3345 4370 3571 4441 ῥήμασι.
3604 4371 3702 4424 Διά

459 4462 647 4532 gentia
684 4458 1019 4515 discutiendi
1073 4467 1128 4514 et
1174 4455 1528 4514 examinandi
1579 4456 1632 4508 in
1670 4455 1850 4510 verbis
1882 4453 2023 4507 50τὶ-

2134 4459 2293 4514 τοῦτο
2324 4457 2641 4531 ἀνθρώπους
2684 4461 2955 4529 συγχωρεῖ
2982 4459 3353 4529 πληθυντικῶς
3392 4461 3698 4532 ὀνομάζειν,

459 4564 636 4625 ptura
676 4553 972 4622 reperitur.
1005 4549 1220 4605 Idcirco
1264 4551 1513 4605 homines
1546 4549 1765 4618 quidem
1798 4547 2027 4618 plurali-

2133 4549 2219 4602 διὰ
2251 4549 2311 4602 τὸ
2360 4550 2559 4620 μηδένα
2596 4548 2673 4620 τῷ
2700 4549 2923 4620 τοιούτῳ
2972 4550 3210 4620 σχήματι
3254 4549 3355 4620 τῆς
3398 4550 3581 4620 φωνῆς
3624 4552 3704 4615 εἰς

458 4653 543 4700 ter
573 4643 860 4699 nominare
897 4644 1172 4710 concedit,
1215 4643 1415 4714 quippe
1452 4657 1576 4698 cum
1612 4656 1773 4697 nemo
1807 4649 2029 4711 propter

2133 4642 2334 4713 πλῆθος
2385 4642 2814 4713 ἀνθρωποτήτων
2883 4641 3003 4704 ταῖς
3061 4640 3339 4705 ὑπονοίαις
3392 4641 3697 4707 ἐκπίπτειν,

458 4732 775 4804 huiusmodi
796 4733 1021 4805 ﬁguram
1050 4734 1202 4788 vocis
1232 4733 1297 4787 ad
1334 4731 1737 4787 multitudinem
1775 4731 2027 4785 humani-

2135 4731 2269 4804 μηδὲ
2315 4730 2552 4802 νομίζειν
2596 4728 2794 4792 πολλὰς
2827 4728 3173 4800 ἀνθρωπίνας
3213 4729 3403 4798 φύσεις
3447 4731 3701 4801 σημαίνει

458 4833 628 4881 latum
660 4826 974 4897 suspicione
999 4824 1336 4895 prolabatur,
1373 4840 1476 4880 nec
1504 4825 1705 4880 multas
1755 4824 2025 4880 humanas

2134 4824 2276 4887 σθαι,
2303 4823 2388 4879 διὰ
2408 4824 2467 4877 τὸ
2495 4822 2865 4886 πληθυντικῶς
2888 4821 3274 4893 ὲξαγγελθῆναι
3293 4821 3354 4875 τὸ
3378 4822 3479 4892 τῆς
3490 4823 3701 4893 φύσεως

458 4926 682 4974 naturas
709 4916 1007 4988 signiﬁcari
1029 4918 1322 4983 existimet,
1346 4925 1628 4987 propterea
1662 4917 1808 4988 quod
1831 4932 2027 4972 nomen

2185 4936 2317 4988 ιομα.
2375 4917 2446 4970 Τὸ
2485 4916 2543 4970 δὲ
2585 4914 2716 4979 Θεὸς
2762 4916 2942 4986 φωνὴν
2992 4916 3524 4987 παρατετηρημένως
3558 4916 3699 4969 κατά
3752 4960 3756 4967 λ

456 5018 666 5104 natura
702 5007 987 5080 pluraliter
1029 5008 1372 5062 enuntiatum
1402 5010 1494 5062 sit.
1524 5007 1593 5061 At
1652 5023 1838 5062 vocem
1886 5007 2027 5063 Deus

2186 5026 2218 5063 ιν
2245 5010 2420 5062 ἑνικὸν
2442 5007 2753 5077 ἐξαγγέλλει
2774 5009 2956 5074 τόπον,
2979 5006 3136 5061 τοῦτο
3161 5007 3611 5079 προμηθουμένη,
3639 5007 3699 5059 τὸ
3749 5060 3757 5104 l.

456 5084 872 5156 cum'cautione
902 5107 958 5156 et
1017 5099 1401 5156 observatione
1462 5115 1557 5170 per
1598 5099 1931 5171 singularem
1967 5099 2027 5153 ﬁ-

2133 5102 2206 5173 μὴ
2254 5101 2539 5172 διαφόρους
2584 5099 2773 5169 φύσεις
2819 5100 2910 5152 ἐπὶ
2958 5104 3058 5169 τῆς
3110 5099 3258 5162 θείας
3304 5099 3490 5159 οὐσίας
3530 5100 3587 5151 ὲν
3630 5101 3696 5171 τῇ

456 5207 644 5263 gnram
665 5193 932 5257 enuntiat,
956 5192 1060 5246 hoc
1096 5191 1436 5262 prospiciens
1484 5201 1536 5247 et
1567 5208 1786 5259 cavens,
1823 5207 1891 5247 ne
1939 5192 2026 5247 di-

2129 5195 2461 5265 πληθυντικῇ
2509 5193 2751 5265 σημασίᾳ
2779 5192 2885 5246 τῶν
2922 5191 3056 5245 θεῶν
3090 5188 3537 5259 παρεισάγεσθαι.
3571 5189 3662 5241 Διὸ
3684 5229 3698 5251 ,

454 5298 625 5340 versa
652 5294 859 5341 natura
890 5285 1084 5357 plurali
1108 5283 1504 5355 signiﬁcatione
1536 5284 1759 5341 deorum
1798 5286 1851 5339 in
1887 5284 2025 5340 divi-

2134 5286 2286 5356 φησὶ,
2311 5303 2329 5336 ‹
2358 5284 2558 5355 Κύριος
2573 5287 2601 5338 ὁ
2617 5284 2766 5347 Θεὸς,
2784 5283 2985 5356 Κύριος
3009 5278 3088 5346 εἷς
3111 5285 3276 5335 ἐστιν·
3311 5300 3330 5333 ι
3347 5279 3480 5334 ἀλλὰ
3497 5279 3588 5334 καὶ
3608 5279 3700 5332 τὸν

455 5390 525 5430 na
551 5376 787 5433 essentia
816 5374 1340 5432 subintroducantur
1377 5394 1389 5429 :
1427 5376 1802 5445 quamobrem,
1844 5392 1864 5426 ι
1920 5373 2026 5430 Do-

2136 5376 2393 5448 μονογενῆ
2425 5376 2556 5429 Θεὸν
2603 5378 2667 5447 τῇ
2694 5375 2795 5446 τῆς
2829 5373 3079 5445 θεότητος
3121 5372 3490 5444 ἀνακηρύσσει
3525 5373 3697 5441 φωνῇ,

456 5466 639 5522 minus
687 5466 854 5534 Deus,
892 5487 911 5519 ›
949 5468 1146 5537 inquit,
1193 5484 1212 5517 ι
1248 5464 1512 5521 Dominus
1545 5483 1688 5522 unus
1737 5475 1822 5521 est
1848 5467 1889 5497 “
1940 5486 1953 5521 :
2002 5485 2020 5518 ι

2132 5468 2226 5520 καὶ
2259 5467 2319 5519 οὐ
2354 5466 2559 5520 διαλύει
2600 5467 2660 5520 τὸ
2690 5466 2749 5520 ἓν
2771 5467 2851 5528 εἰς
2879 5464 3066 5537 δυῖκὴν
3100 5463 3400 5536 σημασίαν,
3433 5463 3573 5516 ὥστε
3607 5460 3700 5514 δύο

453 5557 585 5629 quin
613 5557 776 5613 etiam
810 5558 1150 5633 unigenitum
1178 5556 1346 5615 Deum
1375 5573 1512 5614 voce
1533 5556 1751 5614 deitatis
1780 5572 2024 5628 pronun-

2133 5558 2287 5623 θεοὺς
2317 5558 2407 5614 τὸν
2445 5559 2666 5630 Πατέρα
2692 5558 2787 5613 καὶ
2815 5557 2905 5613 τὸν
2936 5556 3064 5613 Υίὸν
3092 5558 3355 5629 ὀνομάσαι
3380 5571 3394 5587 ο
3437 5553 3542 5608 κᾶν
3573 5551 3702 5607 ἐκά-

527 5738 571 5771 ¹⁶
606 5737 769 5795 Hebr.
800 5755 873 5807 γι,
912 5740 975 5795 l2
1068 5742 1109 5774 η
1154 5738 1300 5800 Psal.
1336 5756 1412 5810 iv,
1438 5742 1491 5799 5.
1570 5741 1613 5773 ¹²
1650 5739 1803 5797 Deut.
1848 5754 1925 5803 VI.
1956 5739 2009 5793 4·
