3978 6546
239 357 310 413 135
756 344 765 349 ’
1313 344 1501 413 QUOD
1537 345 1678 402 NON
1713 346 1869 403 SINT
1895 347 2074 406 TRES
2092 348 2201 407 Dll.
3265 356 3370 411 154

229 491 343 546 τερος
363 470 469 534 Θεὸς
500 467 636 539 παρὰ
666 466 772 519 τῶν
791 465 961 534 ἁγίων
992 462 1353 534 κηρύσσηται.
1396 462 1554 516 Ἀλλὰ
1580 462 1713 527 Θεὸς
1737 469 1764 526 Α

1868 475 1917 519 at
1946 480 1962 520 :
1994 481 2058 521 ac
2093 483 2201 522 non
2231 467 2481 524 dissolvit
2502 467 2556 523 id
2586 467 2731 538 quod
2758 484 2924 524 unum
2957 478 3041 525 est
3069 470 3124 524 in
3157 468 3373 529 dualem

232 565 347 639 μὲνὸ
389 561 583 631 Πατήρο
622 557 754 621 Θεὸς
778 557 835 610 δὲ
876 559 907 610 6
954 555 1111 621 Υἰόςῖ·
1148 548 1231 617 εἷς
1265 553 1324 606 δὲ
1352 554 1409 607 ὲν
1446 553 1525 623 τῷ
1565 554 1711 625 αὐτῷ

1871 557 2295 628 gniﬁcationem,
2333 566 2390 611 ut
2413 558 2552 613 duos
2582 558 2716 613 deos
2744 557 2957 613 Patrem
2977 566 3030 614 et
3057 558 3251 614 Filium
3272 575 3375 615 no-

227 656 472 728 κηρύγματι
496 652 522 703 6
551 649 709 712 Θεός·
751 646 838 701 διὰ
860 645 921 698 τὸ
948 646 1085 716 μήτε
1115 644 1351 714 φύσεως,
1386 645 1525 715 μήτε
1556 646 1707 716 ὲνερι

1868 648 2027 704 ιίῐιοιε
2063 648 2278 703 tametsi
2304 656 2532 717 uterque
2559 647 2703 704 Deus
2735 663 2767 702 a
2804 649 3008 704 sanctis
3035 649 3374 719 praedicetur.

226 745 337 815 γείας
355 737 699 810 ἐνθεωρεῖσθαί
725 754 847 790 τινα
869 735 1129 806 διαφορὰν
1154 736 1219 805 τῇ
1254 733 1489 804 θεότητι.
1514 735 1578 788 Εἰ
1606 734 1715 806 γὰρ

1868 739 1929 794 ed
1953 739 2096 795 Deus
2121 740 2339 809 quidem
2384 739 2577 800 Pater;
2604 739 2749 797 Deus
2790 742 2917 797 item
2969 741 3187 799 Filius:
3234 759 3378 800 unus

223 835 506 907 παρήλλακτο
531 829 663 884 κατὰ
681 828 780 899 τὴν
811 827 918 881 τῶν
940 827 1307 897 ἠπατημένων
1338 826 1593 881 ὑπόνοιαν
1622 828 1717 880 ἐπὶ

1868 844 1948 883 πο
1980 829 2035 883 in
2060 828 2245 885 eadem
2270 828 2656 899 praedicatione
2678 827 2819 884 Deus
2847 836 2931 885 est
2960 848 2974 884 :
3026 832 3225 903 quippe
3253 847 3377 887 cum

224 929 293 997 τῆς
325 924 462 993 ἁγίας
486 921 703 993 Τριάδος
732 921 766 990 ὴ
809 918 969 988 φύσις
990 957 1004 982 ,
1034 916 1344 980 ἀκολούθως
1380 918 1460 980 εἰς
1519 916 1721 987 πλῆθος

1868 935 1999 990 eque
2026 931 2252 985 naturae,
2286 936 2463 991 neque
2498 920 2758 975 efﬁcaciae
2780 921 2961 990 aliqua
3004 921 3303 978 differentia
3321 925 3381 979 in

220 1018 326 1072 Θεῶν
345 1014 591 1085 ὁάριθμὸς
610 1010 956 1073 ἐπλατύνετο,
989 1010 1055 1079 τῇ
1089 1008 1365 1079 ἑτερότητι
1389 1008 1490 1076 τῆς
1532 1008 1719 1071 οὐσίας

1868 1010 2024 1067 citate
2072 1012 2472 1067 consideretur.
2522 1010 2657 1066 Nam
2709 1012 2757 1066 si
2790 1012 3026 1068 variaret
3075 1021 3131 1068 et
3165 1013 3379 1070 diversa

222 1109 297 1161 τῶν
329 1105 666 1175 ὑποκειμένων
699 1100 1190 1172 συνδιαιρούμενος.
1253 1101 1406 1154 Ἐπεὶ
1442 1100 1498 1153 δὲ
1539 1100 1720 1152 πᾶσαν

1868 1110 1965 1158 sset
1998 1102 2056 1157 in
2084 1112 2275 1159 sancta
2296 1101 2566 1159 Trinitate
2610 1111 2827 1168 natura,
2852 1111 3014 1173 prout
3036 1104 3384 1174 suspicantur

220 1199 453 1253 ἀπωθεῖται
483 1195 576 1266 τὴν
612 1193 730 1247 κατ’
759 1192 944 1247 οὐσίαν
982 1192 1271 1263 ἑτερότητα
1305 1193 1340 1261 ἡ
1368 1189 1487 1243 θεία
1527 1208 1586 1243 τε
1628 1188 1723 1244 καὶ

1868 1194 2071 1249 onnulli
2099 1208 2288 1250 errore
2325 1194 2557 1264 decepti,
2580 1206 2977 1266 consequenter
2994 1196 3050 1252 in
3081 1196 3387 1251 multitudi-

221 1289 325 1357 ἀπλῆ
345 1287 426 1341 καὶ
449 1284 795 1346 ἀναλλοίωτος
826 1282 1007 1353 φύσις,
1058 1282 1135 1345 ὡς
1167 1281 1232 1336 ἂν
1265 1282 1361 1353 μία
1386 1277 1443 1355 ᾗ,
1486 1280 1723 1352 πλήθους

1868 1298 1947 1338 em
1977 1281 2203 1338 deorum
2242 1298 2504 1339 numerus
2536 1284 2878 1351 dilataretur,
2929 1293 3093 1354 atque
3120 1298 3228 1339 una
3261 1297 3387 1340 cum

221 1377 435 1450 σημασίαν
457 1376 536 1453 ἐφ’
565 1374 763 1445 ἑαυτῆς
792 1373 853 1426 οὐ
889 1372 1193 1443 προσίεται.
1236 1371 1374 1426 Ἀλλ’
1403 1371 1588 1443 ὥσπερ
1626 1371 1723 1441 μία

1868 1372 2140 1428 iversitate
2180 1373 2433 1429 essentiae
2460 1374 2831 1443 subjectorum
2862 1374 3217 1429 divideretur.
3280 1372 3389 1430 Sed

219 1471 383 1538 λέγεται
410 1466 579 1536 φύσις,
618 1465 763 1518 οὕτω
794 1464 888 1518 καὶ⁵
916 1465 983 1519 τὰ
1009 1463 1142 1516 ἄλλα
1178 1464 1357 1517 πάντα
1390 1463 1584 1525 ἑνικῶς
1608 1463 1727 1515 ὀνο-

1868 1465 2083 1519 uoniam
2113 1480 2328 1520 omnem
2371 1467 2515 1521 circa
2547 1466 2843 1522 essentiam
2882 1466 3252 1523 diversitatem
3302 1482 3389 1523 re-

221 1558 418 1630 μάζεται,
448 1556 570 1620 Θεὸς
590 1597 605 1621 ,
638 1554 865 1623 ἀγαθός,
890 1552 1043 1620 ἅγιος
1064 1592 1080 1618 ,
1105 1552 1308 1623 σωτὴρ,
1338 1552 1567 1615 δίκαιος,
1601 1569 1723 1622 κρι-

1869 1558 1944 1610 cit
1966 1555 2169 1622 divina,
2226 1557 2477 1628 simplex,
2513 1567 2567 1615 et
2610 1558 2821 1614 variare
2864 1559 3154 1616 alterarive
3204 1560 3389 1615 nescia

218 1650 305 1721 τὴς,
322 1648 402 1701 καὶ
421 1646 471 1701 εἰ
491 1665 541 1701 τι
568 1646 698 1701 ἄλλο
725 1646 836 1699 τῶν
861 1642 1176 1716 θεοπρεπῶν
1199 1643 1478 1714 ὀνομάτων
1502 1644 1723 1709 νοεῖται,

1868 1656 2045 1716 atura,
2076 1657 2135 1703 ut
2164 1664 2269 1703 una
2300 1651 2392 1714 sit,
2423 1650 2788 1706 multitudinis
2828 1650 3282 1722 significationem
3330 1650 3390 1707 in

218 1744 298 1796 εῑτε
316 1740 430 1813 πρὸς
446 1740 621 1810 φύσιν,
644 1740 756 1794 εἴτε
776 1736 912 1810 πρὸς
926 1736 1203 1807 ἐνέργειαν
1226 1734 1443 1805 βλέπειν
1462 1751 1547 1798 τις
1569 1733 1721 1806 λέγῃ,

1868 1754 1951 1794 ese
1982 1754 2092 1794 non
2119 1727 2376 1797 admittit.
2426 1741 2532 1798 Sed
2568 1749 2627 1796 ut
2655 1756 2763 1796 una
2810 1741 3013 1798 dicitur
3065 1750 3284 1808 natura,
3312 1742 3390 1798 ita

217 1834 260 1886 οὗ
284 1831 576 1902 διοισόμεθα.
1756 1827 1764 1882 l

1868 1839 2027 1885 aetera
2074 1848 2292 1903 quoque
2337 1833 2522 1888 omnia
2565 1834 2918 1906 singulariter
2969 1834 3325 1890 nominantur
3372 1853 3388 1889 :

220 1924 343 1992 Deus,
367 1926 550 1987 bonus,
582 1931 832 1986 sanctus,
864 1927 1131 1983 servator,
1157 1918 1361 1988 justus,
1418 1918 1605 1989 judex,
1638 1919 1754 1976 etsi
1794 1924 1938 1991 quod
1971 1924 2116 1980 aliud
2138 1939 2425 1998 augustum
2461 1943 2525 1983 ac
2550 1928 2658 1983 Deo
2689 1928 3021 1985 conveniens
3049 1942 3247 1984 nomen
3310 1928 3394 1983 in-

217 2017 442 2089 telligitur,
474 2013 621 2087 quod
647 2012 765 2069 sive
795 2011 864 2067 ad
909 2021 1161 2066 naturam
1187 2011 1301 2067 sive
1324 2008 1392 2064 ad
1434 2008 1735 2065 efficaciam
1773 2022 2023 2083 spectare
2051 2016 2172 2086 quis
2200 2017 2371 2085 dicat,
2399 2033 2506 2072 non
2543 2016 2957 2073 contendemus.

266 2208 316 2260 Εἰ
343 2206 391 2259 δέ
412 2222 488 2268 τις
513 2199 875 2272 συκοφαντοίη
902 2199 993 2253 τὸν
1015 2198 1193 2267 λόγον,
1227 2197 1306 2261 ὡς
1333 2199 1398 2250 ὲκ
1423 2197 1518 2251 τοῦ
1547 2199 1620 2269 μὴ
1648 2199 1730 2251 δέ-

1911 2190 2064 2265 Quod
2107 2199 2153 2253 si
2185 2199 2308 2269 quis
2347 2201 2708 2255 calumnietur
2748 2200 3077 2265 orationem,
3130 2202 3286 2271 quasi
3326 2215 3396 2255 ex

178 2269 363 2370 ⁸χεσθιιι
400 2296 491 2366 τὴν
540 2269 686 2348 κατᾶ
730 2269 891 2361 φύσιν
940 2289 1225 2360 διαφορὰν,
1276 2288 1420 2359 μίξιν
1467 2288 1588 2342 τινὰ
1622 2288 1732 2342 τῶν

1868 2308 1903 2347 o
1924 2291 2067 2363 quod
2097 2307 2206 2347 non
2242 2291 2492 2347 admittat
2529 2291 2889 2348 differentiam
2921 2293 3068 2347 circa
3120 2269 3396 2356 naturam,

217 2386 509 2441 ὑποστάσεων
535 2383 635 2437 atat
654 2380 934 2449 ἀνακύκλη
943 2396 1024 2432 σιν
1043 2377 1523 2441 κατασκευάζοντα
1539 2396 1552 2409 ·
1576 2378 1733 2432 τοῦτο

1868 2384 2147 2439 aistionem
2178 2385 2469 2454 quamdam
2512 2394 2564 2439 et
2605 2383 2987 2440 confusionem
3034 2381 3400 2453 bypostaseon

218 2479 313 2549 περὶ
351 2477 437 2547 τῆς
470 2474 730 2545 τοιαύτης
761 2468 1210 2541 ἀπολογησόμεθα
1239 2468 1499 2541 μέμψεως
1522 2508 1537 2533 ,
1570 2469 1650 2522 ὅτι
1675 2468 1736 2523 τό

1868 2478 2159 2533 scientem:
2221 2477 2325 2531 hoc
2347 2477 2414 2530 ad
2441 2476 2602 2530 talem
2637 2475 3047 2531 accusationem
3096 2472 3401 2544 responde-

1841 2570 2046 2632 bimus,
2080 2567 2225 2639 quod
2254 2582 2354 2623 nos
2383 2568 2476 2639 qui
2504 2566 2742 2622 divinam
2784 2575 3036 2621 naturam
3083 2563 3403 2621 differentia:

1843 2660 2231 2715 variationisve
2253 2666 2529 2730 expertem
2574 2672 2699 2715 esse
2747 2657 3092 2717 conﬁtemur,
3118 2671 3236 2712 eam
3281 2670 3404 2727 qua:

1844 2750 1994 2803 circa
2027 2762 2251 2803 causam
2285 2753 2340 2801 et
2378 2752 2667 2801 causatum
2721 2744 3103 2801 consideratur
3146 2743 3405 2800 differen-

1845 2840 1996 2904 tiam,
2028 2854 2138 2893 non
2172 2852 2455 2908 negamus,
2479 2851 2576 2907 per
2596 2836 2742 2907 quod
2772 2837 2953 2892 solum
3000 2836 3239 2893 discerni
3269 2836 3407 2893 alte-

212 2933 379 2986 αίτίου·
407 2931 496 2987 καὶ⁸
532 2928 628 2984 τοῦ
671 2929 734 2994 ὲξ
758 2928 937 2990 αἰτίας
962 2928 1132 2991 ὄντος,
1160 2927 1322 2981 πάλιν
1357 2926 1522 2997 ἄλλην
1560 2927 1740 2996 διαφο-

1868 2946 1965 2985 ⁵1111]
2012 2930 2080 2985 ab
2123 2930 2296 2984 altero
2326 2928 2807 2999 deprehendimus,
2856 2928 3114 2983 nimirum
3139 2942 3206 2984 eo
3259 2927 3409 2999 quod

217 3022 294 3093 ρὰν
313 3022 597 3092 ἐννοοῦμεν.
622 3019 700 3072 Τὸ
729 3018 828 3090 μὲν
849 3019 956 3089 γὰρ
985 3018 1265 3089 προσεχῶς
1296 3018 1360 3071 ὲκ
1381 3018 1475 3071 τοῦ
1500 3018 1739 3091 πρώτου,

1868 3022 2121 3080 :redimus
2149 3021 2293 3075 aliud
2322 3019 2540 3091 quidem
2567 3034 2789 3074 causam
2823 3034 2965 3085 esse,
3013 3018 3159 3073 aliud
3190 3033 3322 3074 vero
3341 3033 3412 3074 ex

212 3114 261 3168 τὸ
283 3115 331 3169 ἃ
356 3114 435 3169 διὰ
452 3114 542 3168 τοῦ
575 3112 862 3184 προσεχιῖπς
895 3113 960 3167 ὲκ
995 3110 1357 3183 τοῦμπρώτου,
1394 3110 1533 3164 ὥστε
1566 3111 1660 3165 καὶ
1683 3111 1743 3164 τὸ

1868 3129 2051 3169 :ausa:
2091 3121 2145 3168 et
2177 3112 2297 3181 ejus
2325 3112 2470 3181 quod
2504 3127 2570 3166 ex
2612 3125 2778 3165 causa
2840 3118 2947 3176 est,
3004 3125 3201 3166 rursus
3247 3109 3412 3163 aliam

212 3208 471 3274 Μονογενὲς
490 3202 867 3276 ἀναμφίὸολον
890 3204 983 3257 ἐπὶ
997 3203 1089 3257 τοῦ
1111 3203 1240 3257 Υἱοῦ
1266 3204 1466 3275 μένειν,
1489 3204 1582 3257 καὶ
1603 3203 1659 3256 τὸ
1680 3205 1745 3257 ἐκ

1868 3206 2213 3262 liﬁ‘erentiam
2280 3204 2713 3261 consideramus.
2783 3201 2919 3257 Nam
2980 3203 3129 3259 aliud
3191 3201 3413 3274 quidem

211 3297 284 3352 τοῦ
308 3264 503 3370 Πατρὸς
520 3264 675 3351 εἷναί
688 3296 750 3349 τὸ
770 3294 994 3366 Πνεῦμα
1027 3295 1100 3367 μὴ
1130 3264 1508 3366 ἁμφίδάλλειν,
1536 3296 1635 3366 τῆς
1657 3295 1750 3348 τοῦ

1868 3297 2198 3352 :ontinenter
2248 3296 2324 3363 (et
2370 3292 2488 3349 sine
2540 3292 2740 3365 medio)
2762 3308 2829 3347 ex
2876 3291 3057 3364 primo
3107 3264 3226 3356 est:
3266 3288 3415 3345 aliud

212 3390 315 3443 Υἰοῦ
349 3388 621 3460 μεσιτείας
645 3388 741 3441 καὶ
763 3386 913 3457 αὐτῷ
936 3386 998 3441 τὸ
1033 3386 1327 3455 Μονογενὲς
1361 3386 1751 3458 φυλαττούσης,

1868 3402 1986 3442 vero
2017 3400 2115 3457 per
2145 3384 2195 3439 id
2228 3383 2374 3455 quod
2410 3381 2722 3438 immediate
2759 3393 2806 3438 et
2832 3398 2900 3438 ex
2941 3382 3249 3438 continenti
3307 3388 3416 3447 est,

212 3484 286 3537 καὶ
305 3480 595 3543 τὸΠνεῦμα
616 3480 717 3552 τῆς
735 3478 969 3550 φυσικῆς
988 3478 1125 3551 πρὸς
1152 3478 1243 3531 τὸν
1270 3478 1489 3550 Πατέρα
1519 3478 1754 3550 σχέσεως

1868 3485 1919 3532 ut
1947 3484 2001 3532 et
2037 3475 2310 3548 Unigeuiti
2356 3476 2666 3546 proprietas
2711 3476 2917 3545 absque
2948 3473 3307 3545 ambiguitate
3361 3471 3416 3526 in

216 2568 574 2639 ἀπαράλλακτον
606 2566 711 2637 τῆς
753 2562 968 2633 φύσεως
1003 2560 1407 2633 ὁμολογοῦντες,
1454 2563 1553 2632 τὴν
1598 2561 1738 2615 κατὰ

214 2661 259 2713 τὸ
280 2662 421 2714 αἴτιον
452 2660 543 2713 καὶ
566 2656 814 2710 αἰτιατὸν
834 2654 1097 2725 διαφορὰν
1117 2655 1215 2708 οὐκ
1237 2653 1567 2725 ἀρνούμεθα,
1603 2655 1660 2707 ἐν

216 2751 329 2821 μόνῳ
352 2748 715 2821 διακρίνεσθαι
746 2747 807 2799 τὸ
826 2746 1009 2817 ἕτερον
1036 2745 1129 2798 τοῦ
1152 2745 1347 2816 ἐτέρου
1381 2743 1739 2814 καταλαμϐά-

215 2858 359 2912 νομεν,
377 2840 447 2911 τῷ
474 2840 536 2894 τὸ
567 2838 671 2911 μὲν
691 2837 863 2891 αἴτιον
899 2835 1174 2889 πιστεύειν
1207 2832 1363 2902 εἶναι,
1396 2838 1457 2889 τὸ
1479 2836 1536 2889 δὲ
1561 2838 1625 2889 ὲκ
1643 2833 1737 2888 τοῦ

213 3572 273 3642 μὴ
291 3572 673 3643 ἀπειργούσης.
703 3572 884 3625 Αίτιον
912 3570 968 3624 δὲ
999 3570 1173 3623 καὶτὸ
1198 3568 1257 3634 ἐξ
1279 3570 1460 3624 αἰτίου
1487 3569 1753 3638 λέγοντες,

208 3662 307 3731 οὐχὶ
326 3661 473 3731 φύσιν
494 3662 585 3715 διὰ
603 3659 814 3714 τούτων
834 3661 941 3714 τῶν
964 3660 1243 3730 ὀνομάτων
1269 3659 1757 3731 σημαίνομεν.οὐδὲ

211 3755 298 3825 γὰρ
321 3756 405 3809 τὸν
435 3756 601 3810 αὐτὸν
637 3754 703 3808 ἄν
728 3770 813 3818 τις
851 3753 1027 3817 αἰτίας
1052 3754 1147 3806 καὶ
1180 3752 1393 3821 φύσεως
1418 3752 1644 3822 ἀποδοίη
1669 3750 1759 3804 λό-

212 3860 306 3912 γον,
334 3846 462 3900 ἀλλὰ
489 3847 595 3918 τὴν
623 3844 768 3899 κατὰ
794 3844 854 3898 τὸ
881 3845 998 3907 πῶς
1024 3840 1162 3898 εἰναι
1204 3842 1464 3915 διαφορὰν
1496 3842 1761 3897 ἐνδεικνύτ

214 3936 345 4005 μεθα.
376 3938 645 3999 Εἰπόντες
663 3935 772 4007 γὰρ
803 3934 894 3989 τὸν
926 3935 1023 4006 μὲν
1049 3934 1306 4001 αἰτιατὸν,
1333 3934 1423 3987 τὸν
1445 3932 1501 3987 δὲ
1522 3932 1647 3987 ἄνευ
1677 3935 1762 3987 αἰ-

213 4028 324 4092 τίας,
349 4028 465 4099 οὐχὶ
494 4028 599 4101 τὴν
635 4027 795 4097 φύσιν
822 4026 900 4098 τῷ
924 4028 1064 4081 κατὰ
1082 4027 1144 4081 τὸ
1166 4025 1308 4097 λόγῳ
1332 4026 1725 4097 διεχωρίσαμεν
1743 4041 1759 4058 ·

212 4119 323 4174 ἀλλὰ
353 4121 511 4191 μόνον
538 4120 606 4174 τὸ
641 4120 779 4190 μήτε
809 4118 901 4173 τὸν
931 4119 1060 4173 Υίὸν
1086 4119 1394 4189 ἀγεννήτως
1425 4115 1585 4185 εἶναι,
1625 4121 1763 4190 μήτε

1855 3565 1995 3621 Filio
2028 3572 2264 3629 maneat,
2297 3573 2351 3621 et
2376 3581 2444 3621 ex
2473 3565 2633 3619 Patre
2666 3562 2932 3634 Spiritum
2960 3579 3084 3620 esse
3114 3578 3229 3618 non
3258 3561 3417 3619 dubi-

1861 3667 2037 3714 tetur:
2072 3657 2231 3723 Filio,
2263 3657 2355 3729 qui
2386 3657 2602 3713 medius
2636 3654 2949 3725 intercedit,
2978 3662 3033 3710 et
3085 3654 3190 3711 sibi
3230 3655 3418 3726 unige-

1857 3751 1958 3807 niti
1987 3752 2373 3822 proprietatem
2407 3756 2678 3815 servante,
2730 3756 2784 3803 et
2812 3745 3079 3818 Spiritum
3118 3759 3149 3799 a
3182 3744 3420 3801 naturali

1860 3845 1925 3899 ad
1952 3844 2165 3898 Patrem
2203 3842 2388 3896 habitu
2422 3856 2530 3896 non
2565 3847 2810 3895 arcente.
2848 3838 3082 3894 Causam
3131 3845 3334 3903 autem,
3369 3842 3420 3891 et

1864 3937 1918 3993 id
1946 3935 2091 4007 quod
2134 3949 2391 3989 excausa
2426 3941 2511 3988 est
2559 3932 2824 3997 dicentes,
2872 3945 2982 3985 non
3026 3936 3279 3983 naturain
3328 3942 3421 3998 per

1863 4030 1977 4084 lucc
1996 4024 2213 4081 nomina
2242 4023 2634 4095 significamus.
2662 4021 2846 4092 Neque
2875 4020 3020 4076 enim
3052 4018 3250 4088 aliquis
3278 4032 3423 4072 eam-

1864 4122 1985 4178 dem
2012 4133 2193 4174 causae
2223 4126 2275 4173 et
2301 4124 2510 4171 natura:
2535 4115 2799 4170 rationem
2821 4110 3138 4189 reddiderit,
3170 4110 3264 4166 sed
3282 4125 3423 4176 eam,

1866 4228 1986 4285 quae
2016 4224 2098 4269 est
2128 4208 2425 4266 secundum
2457 4206 2768 4278 aliqualiter
2795 4221 2917 4262 esse
2945 4203 3309 4260 diﬂ'erentiam
3346 4202 3423 4257 in-

1866 4306 2131 4360 dicamus.
2184 4300 2434 4356 Dicentes
2482 4301 2629 4355 enim
2685 4299 2853 4354 alium
2881 4297 3097 4369 quidem
3138 4301 3425 4352 causatum

215 4211 287 4264 τὸν
312 4214 529 4285 Πατέρα
560 4212 657 4267 διὰ
697 4212 1004 4282 γεννήσεως
1049 4211 1451 4280 ἐνεδειξάμεθα.
1492 4212 1763 4283 Πρότερον

211 4305 257 4359 δὲ
279 4308 411 4377 ἡμᾶς
434 4302 581 4359 εἶναι
613 4303 894 4358 πιστεύειν
918 4321 973 4357 τι
1004 4303 1344 4371 ἐπάναγκες·
1374 4304 1468 4357 καὶ
1492 4304 1611 4357 τότε
1650 4304 1768 4368 πῶς

212 4397 305 4449 ἐστι
328 4398 384 4450 τὸ
407 4394 854 4465 πεπιστευμένον
881 4394 1363 4466 περιεργάσασθαι.
1400 4393 1591 4457 Ἄλλος
1623 4389 1714 4448 οὖν
1740 4397 1764 4448 6

1872 4404 1927 4453 et
1958 4412 2025 4452 ex
2052 4408 2218 4450 causa
2256 4400 2459 4459 ortum,
2504 4393 2672 4448 alium
2719 4407 2850 4450 vero
2899 4393 3019 4450 siue
3072 4407 3240 4448 causa
3288 4406 3427 4458 esse,

208 4487 286 4542 τοῦ
310 4490 357 4542 τί
383 4491 537 4553 ἐστι,
569 4487 673 4542 καὶ
711 4485 867 4549 ἄλλος
899 4487 927 4539 6
962 4484 1054 4539 τοῦ
1078 4485 1193 4548 πῶς
1221 4486 1336 4537 ἐστι
1356 4483 1512 4552 λόγος
1532 4500 1545 4512 ·
1580 4484 1641 4537 τὸ
1673 4479 1764 4537 οὖν

1875 4504 1981 4543 non
2018 4497 2265 4541 naturam
2299 4484 2466 4541 verbo
2496 4500 2677 4541 causa:
2697 4499 3052 4556 separamus:
3086 4484 3182 4542 sed
3224 4484 3427 4540 solum-

211 4581 492 4651 ἁτεννήτως
522 4575 675 4633 εῖναι
699 4594 753 4630 τι
774 4576 970 4645 λέγειν,
995 4576 1113 4639 πῶς
1140 4576 1239 4645 μέν
1260 4577 1404 4629 ὲστιν
1421 4574 1731 4628 ὑποτίθεται
1750 4591 1764 4605 ·

1876 4580 2238 4651 modoneque
2270 4580 2468 4636 Filium
2502 4582 2578 4636 ita
2610 4597 2668 4638 se
2717 4582 2941 4646 habere,
3008 4582 3170 4654 quasi
3219 4582 3429 4652 genitus

211 4670 262 4724 Τί
278 4672 328 4725 δέ
340 4672 455 4725 ἐστι
470 4674 544 4744 τῇ
570 4672 729 4741 φωνῇ
746 4668 918 4740 ταύτῃ
933 4667 992 4721 οὐ
1012 4666 1457 4721 συνενδείκνυται.
1470 4666 1631 4721 Καὶεί
1647 4667 1773 4738 περὶ

213 4761 402 4833 δένδρου
430 4762 587 4826 τινὸς
611 4760 908 4834 ἠρώτησας
938 4759 1029 4813 τὸν
1058 4760 1322 4835 γεωργὸν,
1346 4760 1456 4814 εἴτε
1489 4761 1769 4831 φυτευτὸν,

213 4853 300 4907 εἴτε
325 4855 661 4926 αὐτομάτως
687 4852 865 4907 ἐστίν’
887 4853 915 4905 ὁ
947 4852 1005 4905 δὲ
1031 4852 1383 4923 ἀπεκρίνατο,
1409 4853 1442 4924 ἢ
1473 4853 1772 4923 ἀφύτευτον

213 4938 329 4999 εἶναι
361 4946 423 4999 τὸ
454 4945 685 5017 δένδρον
704 4984 719 5009 ,
751 4943 784 5014 ἢ
818 4944 883 4996 ὲκ
914 4942 1137 5012 φυτείας
1157 4961 1170 4974 ⁸
1207 4939 1316 5015 ἆρα
1348 4947 1447 5017 τὴν
1494 4947 1656 5015 φύσιν
1687 4947 1773 5000 διὰ

211 5032 291 5103 τῆς
334 5036 695 5107 ἀποκρίσεως
722 5033 1055 5101 ὲνεδείξατο;
1089 5034 1151 5086 οὐ
1184 5035 1279 5105 μὲν
1308 5030 1421 5089 οὖν.
1463 5036 1622 5090 Ἀλλὰ
1659 5037 1775 5101 πῶς

214 5125 336 5180 ἐστιν
353 5128 553 5194 εἰπὼν,
571 5126 771 5196 ἄδηλον
797 5128 890 5180 καὶ
910 5129 1312 5198 ἀνερμήνευτον
1326 5128 1417 5182 τὸν
1435 5129 1533 5198 τῆς
1562 5128 1776 5197 φύσεως

211 5218 421 5275 ἀπέλιπε
446 5221 643 5289 λόγον.
675 5217 860 5281 Οὕτως
887 5219 982 5274 καί
1006 5217 1239 5273 ἐνταῦθα
1268 5219 1556 5290 ἀγέννητον
1588 5218 1778 5290 μαθόν-

212 5326 307 5375 τες,
334 5314 483 5377 ὅπως
518 5312 631 5384 μὲν
655 5312 816 5366 αὑτὸν
846 5307 980 5366 εἶναι
1022 5314 1117 5365 καὶ
1149 5313 1413 5385 προσήκει
1436 5313 1574 5365 νοεῖν
1606 5311 1777 5365 ἐδιδά-

212 5402 398 5476 χθημεν
426 5424 441 5437 ·
471 5406 539 5460 τὸ
576 5405 642 5459 δὲ
664 5404 827 5459 τίδιὰ
857 5406 955 5476 τῆς
980 5404 1163 5477 φωνῆς
1187 5405 1286 5459 οὐκ
1308 5404 1637 5475 ἠκούσαμεν.
1666 5404 1777 5475 Τὴν

212 5492 288 5550 οὖν
307 5498 573 5570 τοιαύτην
602 5497 868 5570 διαφορὰν
896 5499 989 5551 ἐπὶ
1019 5501 1118 5568 τῆς
1155 5498 1317 5566 ἁγίας
1337 5497 1565 5568 Τριάδος
1592 5496 1780 5565 λέγον-

212 5601 303 5654 τες,
332 5588 488 5654 ὠςτὸ
511 5592 625 5660 μὲν
654 5590 846 5657 αἴτιον,
872 5589 934 5642 τὸ
961 5590 1019 5643 δὲ
1038 5589 1097 5655 ἐξ
1125 5590 1299 5643 αἰτίου
1321 5585 1458 5643 εἶναι
1483 5588 1776 5650 πιστεύειν,

210 5679 369 5735 οὐκέτ’
402 5685 473 5739 ἂν
509 5686 575 5739 ὲν
595 5681 681 5753 τῷ
713 5682 874 5753 κοινῷ
903 5684 1001 5753 τῆς
1033 5682 1248 5752 φύσεως
1273 5683 1364 5737 τὸν
1394 5683 1502 5736 τῶν
1540 5683 1779 5737 ὑποστά-

1874 4687 1987 4727 non
2011 4673 2102 4737 sit,
2140 4687 2316 4742 neque
2346 4680 2553 4742 partem
2593 4689 2690 4744 per
2722 4674 3067 4731 nativitatem
3110 4681 3163 4731 et
3208 4689 3432 4746 genera-

1875 4765 2076 4820 tionem
2113 4780 2237 4820 esse
2265 4764 2591 4821 indicamus.
2642 4764 2805 4823 Prius
2843 4777 3026 4822 autem
3082 4782 3311 4822 necesse
3356 4774 3434 4821 εει

1880 4872 1980 4913 nos
2011 4856 2234 4912 credere
2254 4856 2399 4926 quod
2434 4857 2637 4928 aliquid
2666 4858 2776 4913 sit:
2810 4866 2864 4914 et
2892 4867 3025 4914 tunc
3072 4857 3345 4929 quomodo
3383 4857 3435 4912 id

1880 4948 2025 5019 quod
2057 4947 2325 5003 creditum
2357 4956 2464 5016 est,
2497 4950 2589 5017 sit,
2618 4951 2876 5006 scrutari.
2909 4951 3033 5006 Alia
3081 4951 3246 5023 igitur
3300 4949 3436 5004 ratio

1879 5050 1965 5098 est
1988 5041 2127 5111 ejus,
2152 5041 2296 5111 quod
2326 5042 2455 5110 quid
2486 5052 2607 5109 est;
2644 5043 2748 5097 alia
2783 5043 2911 5097 item
2937 5041 3080 5113 ejus,
3119 5041 3264 5113 quod
3307 5055 3436 5111 quo.

1880 5134 2041 5189 modo
2068 5142 2171 5189 est.
2211 5133 2482 5199 Quocirca
2507 5135 2552 5190 si
2580 5136 2704 5205 quis
2735 5134 2882 5189 dicat
2928 5135 3137 5205 aliquid
3180 5133 3254 5188 ita
3297 5147 3438 5198 esse,

1881 5226 2038 5296 quasi
2065 5241 2175 5279 non
2207 5226 2473 5296 genitum,
2498 5224 2772 5296 quomodo
2803 5227 2895 5290 sit,
2930 5224 3122 5296 ponit:
3179 5223 3310 5295 quid
3348 5237 3438 5277 au-

1884 5325 1989 5371 tem
2023 5318 2113 5383 sit,
2146 5317 2248 5370 hac
2278 5331 2411 5372 voce
2438 5317 2601 5373 simul
2629 5332 2737 5373 non
2767 5317 2990 5372 indicat.
3052 5314 3264 5370 Etenim
3304 5313 3351 5369 si
3380 5314 3439 5370 de

1885 5410 2078 5464 arbore
2112 5408 2291 5479 aliqua
2316 5408 2745 5479 interrogaveris
2779 5407 3096 5479 agricolam,
3127 5413 3314 5461 utrum
3356 5420 3439 5461 sa-

1885 5500 1995 5554 tiva
2022 5499 2115 5562 sit,
2160 5515 2227 5553 an
2273 5511 2467 5570 sponte
2520 5500 2869 5571 provenerit;
2917 5498 3006 5552 ille
3044 5511 3175 5553 vero
3226 5510 3441 5567 respon-

1885 5590 2047 5655 derit,
2081 5591 2165 5646 vel
2190 5606 2297 5646 non
2331 5591 2561 5648 sativam
2596 5605 2742 5655 esse,
2767 5589 2851 5644 vel
2881 5589 3181 5659 plantatam
3221 5601 3442 5643 succre-
3474 5649 3481 5671 ἢ

1884 5684 2063 5740 visse:
2093 5682 2343 5754 nunquid
2368 5692 2618 5738 naturam
2642 5696 2739 5752 per
2761 5694 2881 5736 eam
2909 5679 3324 5750 responsionem
3364 5678 3443 5732 ins
3480 5676 3502 5731 ‘.

214 5786 333 5827 πων
370 5775 538 5847 λόγον
572 5775 879 5829 συντίκτειν
921 5775 1318 5845 αἰτιαθείημεν.
1356 5774 1570 5846 Ἐπειδὴ
1601 5775 1764 5827 τοίνυι

1887 5772 2127 5829 dicavit?
2160 5771 2399 5829 Minime.
2431 5771 2537 5829 Sed
2567 5772 2659 5827 ubi
2690 5769 2911 5837 dixerit,
2943 5769 3220 5842 quomodo
3250 5770 3341 5828 sit.
3365 5769 3443 5822 in-

210 5865 294 5929 τὰς
321 5869 419 5936 μὲν
462 5867 809 5931 ὑποστάσεις
833 5867 939 5940 ,τῆς
980 5868 1141 5937 ἁγίας
1169 5867 1395 5938 Τριάδος
1431 5871 1460 5922 6
1487 5865 1583 5924 τοῦ
1610 5866 1779 5928 αἰτίου

1888 5874 2091 5923 certam
2124 5872 2177 5921 et
2204 5865 2588 5937 inexplicatam
2632 5870 2841 5919 naturae
2886 5862 3157 5919 rationem
3203 5860 3440 5931 reliquit.
