3978 6496
515 293 620 350 155
1220 278 1229 287 ’
1359 329 1373 337 .
1729 285 1785 340 8.
1819 280 2144 343 GREGORII
2177 334 2179 340 .

2230 272 2469 341 YSSENI

514 408 591 465 Ita
620 410 783 464 etiam
811 407 919 471 hic,
953 417 1077 460 cum
1107 400 1464 459 didicerimus
1495 417 1615 458 non,
1637 404 1904 474 genitum,
1951 420 2091 475 quo-

517 500 677 555 modo
722 497 942 568 quidem
974 496 1152 566 ipsum
1184 510 1310 550 esse
1346 503 1512 564 atque
1559 495 1862 565 intelligere
1892 509 2091 550 conve-

517 592 650 657 niat,
687 590 867 647 edocti
912 604 1139 645 sumus:
1179 587 1233 642 id
1280 594 1464 642 autem
1501 585 1629 656 quid
1674 595 1781 650 est,
1836 601 1933 656 per
1968 601 2090 640 eam

516 691 705 733 vocem
728 692 835 731 non
866 675 1194 730 audivimus.
1234 673 1516 744 Ejusmodi
1542 674 1709 744 igitur
1731 672 2093 730 dill‘erentiam

3656 287 3764 342 156

2190 402 2457 473 διακρίνει
2483 402 2661 470 λόγος.
2693 397 2756 455 τὸ
2791 403 2890 473 μὲν
2918 403 3174 468 ἀναιτίως
3202 395 3364 469 εἶναι,
3392 399 3452 455 τὸ
3476 399 3533 455 δὲ
3566 399 3631 455 ἐκ
3667 401 3768 453 τοῦ

2192 494 2365 549 αἰτίου
2398 491 2715 564 πρεσϐεύων
2736 510 2751 523 ·
2784 496 2819 565 ἡ
2837 494 2893 545 δὲ
2918 495 3038 549 θεία
3070 494 3230 564 φύσις
3256 493 3679 563 ἀπαράλλακτός
3707 508 3769 545 τε

2193 590 2289 643 καὶ
2336 588 2637 658 ἀδιαίρετος
2673 588 2761 642 διὰ
2801 589 2979 661 πάσης
3008 590 3215 654 ἐννοίας
3242 588 3726 661 καταλαμϐάνεται
3750 602 3767 615 '

2194 681 2283 734 διὰ
2307 680 2465 733 τοῦτο
2505 679 2708 750 κυρίως
2769 682 2869 751 μία
2895 682 3105 754 θεότης,
3144 688 3239 736 καὶ
3263 679 3342 747 εἷς
3366 682 3499 744 Θεὸς
3521 721 3537 745 ,
3572 680 3667 734 καὶ
3696 679 3774 733 τά

516 769 574 827 in
601 776 786 825 sancta
815 766 1082 822 Trinitate
1120 764 1367 829 edentes,
1414 773 1473 820 ut
1503 766 1650 820 aliud
1685 766 1906 837 quidem
1952 780 2090 820 cau-

2230 773 2330 827 .λλα
2371 774 2548 827 πάντα
2594 773 2702 826 τῶν
2742 774 3066 844 θεοπρεπῶν
3122 774 3403 846 ὀνομάτων
3467 771 3778 845 μοναδικῶς

519 877 658 926 sam,
691 860 837 914 aliud
867 876 933 915 ex
965 873 1128 914 causa
1158 875 1278 914 esse
1310 859 1625 926 credamus,
1654 877 1761 916 non
1814 862 1927 931 jam
1966 878 2087 917 am-

2230 864 2592 933 ξαγγέλλεται.

518 952 663 1023 plius
696 950 941 1005 accusari
1005 950 1303 1019 possimus,
1351 950 1499 1021 quod
1547 967 1646 1021 per
1688 954 2131 1009 communionem
2169 965 2383 1009 naturae
2413 957 2681 1010 rationem
2719 954 3089 1025 bypostaseon
3148 955 3574 1010 confundamus.
3625 952 3781 1019 Quo-

521 1048 666 1105 niam
697 1047 861 1117 igitur
915 1044 1237 1118 hypostases
1280 1047 1502 1117 quidem
1546 1055 1753 1104 sanctae
1797 1047 2083 1105 Trinitatis
2122 1066 2305 1106 causa:
2340 1052 2478 1105 ratio
2513 1050 2796 1113 discernit,
2852 1050 2999 1105 aliud
3042 1051 3259 1121 quidem
3318 1051 3524 1120 absque
3581 1061 3779 1109 causa,

524 1138 668 1192 aliud
716 1152 845 1192 vero
886 1153 955 1193 ex
1012 1153 1178 1193 causa
1223 1155 1346 1195 esse
1388 1140 1672 1209 postulans
1715 1157 1727 1193 :
1772 1139 1956 1195 divina
2024 1149 2204 1197 autem
2263 1151 2457 1197 natura
2499 1153 2552 1197 et
2600 1141 2925 1196 variationis
2967 1148 3021 1196 et
3066 1141 3353 1197 divisionis
3415 1154 3510 1212 per
3554 1155 3781 1196 omnem

524 1228 1011 1285 considerationem
1064 1243 1262 1298 expers
1313 1245 1437 1285 esse
1484 1229 1905 1299 deprehenditur
1948 1249 1961 1284 :
2005 1231 2211 1286 idcirco
2240 1233 2459 1304 proprie
2524 1248 2634 1287 una
2695 1232 2892 1297 deitas,
2938 1240 2993 1288 et
3053 1248 3196 1289 unus
3241 1231 3382 1288 Deus
3426 1242 3531 1299 est,
3558 1240 3613 1288 et
3670 1232 3784 1286 alia

527 1324 707 1377 omnia
732 1321 841 1377 Deo
865 1323 1244 1379 convenientia
1283 1322 1504 1380 nomina
1539 1324 1894 1396 singulariter
1927 1325 2249 1383 eﬂeruntur.

538 1555 3758 1608 gmw

1364 1805 1592 1902 ΤΟΥ
1661 1813 1810 1901 ΕΝ
1878 1808 2240 1904 ΑΓΙΟΙΣ
2312 1816 2932 1908 ΓΡΗΓΟΡΙΟΥ

1590 2062 1949 2178 ΠΕΡΙ
2094 2062 2740 2185 ΠΙΣΤΕΩΣ

1794 2310 1993 2379 ΠΡοέ
2044 2324 2536 2379 ΣΥΜΠΛΙΚΙΟΝ.

2113 2529 2185 2547 ﬂ

1542 2696 1638 2788 S.
1761 2700 1868 2786 P.
1975 2699 2095 2786 N.
2225 2696 2803 2792 GREGORII

1824 2931 2025 3046 DE
2119 2932 2518 3045 FIDE

1880 3176 1976 3232 AD
2008 3174 2466 3234 SIMPLICIUM

2117 3377 2217 3417 εει]

812 3565 961 3654 DE
1060 3560 1440 3654 PATRE
1512 3562 1663 3652 ET
1728 3557 2058 3650 FILIO
2156 3557 2307 3647 ET
2426 3556 2916 3649 SPlRITU

3024 3554 3515 3649 SANCTO.

1777 3929 2042 3981 Laurentio
2084 3927 2249 3979 Silano
2286 3925 2577 3992 interprete.

644 4256 786 4311 Deus
812 4268 907 4323 per
933 4251 1256 4322 Prophetam
1282 4250 1525 4321 praecipit
1552 4264 1621 4305 ne
1650 4250 1817 4303 ullum
1842 4250 2006 4304 deum
2034 4267 2133 4305 no-
2164 4272 2179 4314 λ

2308 4246 2532 4302 Κελεὺει
2556 4249 2583 4301 ὁ
2607 4246 2738 4310 Θεὸς
2766 4245 2856 4300 διὰ
2885 4243 2979 4299 τοῦ
3008 4244 3294 4318 Προφήτου
3335 4244 3535 4316 μηδένα
3557 4246 3810 4317 πρόσφα-

571 4362 697 4402 vum
734 4344 902 4399 Deum
950 4357 1074 4397 esse
1106 4341 1502 4404 existimemus,
1548 4355 1723 4409 neque
1751 4340 1910 4394 deum
1945 4340 2139 4396 adore-

2239 4356 2329 4394 τον
2359 4340 2479 4393 Θεὸν
2507 4339 2636 4393 Θεὸν
2666 4333 2804 4391 εἶναι
2851 4336 3121 4407 νομιζειν,
3180 4336 3315 4407 μηδὲ
3350 4341 3670 4405 προσκυνεῖν
3708 4341 3808 4393 ἀλ-

570 4452 695 4492 mus
722 4435 955 4489 alienum
985 4435 1025 4488 ¹.
1066 4431 1414 4487 Manifestum
1442 4438 1523 4487 est
1552 4441 1731 4486 autem
1761 4431 1906 4501 quod
1929 4446 2134 4487 novum

2239 4432 2435 4504 λοτρίῳ
2467 4430 2593 4501 θεῷ.
2644 4429 2852 4485 Οὐκοῦν
2888 4428 3043 4499 δῆλόν
3076 4430 3243 4493 ἐστιν,
3282 4428 3364 4481 ὅτι
3388 4430 3698 4500 πρόσφατον
3718 4432 3809 4485 λέ-

574 4529 772 4582 dicitur
805 4526 859 4582 id
892 4527 1034 4595 quod
1068 4540 1098 4579 a
1132 4528 1462 4595 sempiterno
1490 4538 1598 4577 non
1621 4532 1740 4590 est;
1766 4538 1829 4578 ac
1856 4540 2049 4579 rursus
2070 4539 2140 4579 ex

574 4616 871 4679 contrario,
915 4616 1305 4685 sempiternum
1337 4612 1536 4668 dicitur
1582 4612 1729 4682 quod
1776 4628 1976 4667 novum
2028 4628 2139 4668 non

574 4716 678 4765 est.
733 4707 898 4778 Igitur
951 4706 1045 4777 qui
1098 4721 1205 4759 non
1265 4720 1328 4763 ex
1394 4705 1724 4775 sempiterno
1788 4704 2140 4775 Unigenitum

576 4800 745 4856 Deum
779 4815 844 4855 ex
874 4798 1037 4852 Patre
1071 4813 1195 4853 esse
1231 4797 1426 4862 credit,
1472 4813 1670 4853 novum
1710 4813 1834 4853 eum
1871 4813 1993 4853 esse
2028 4812 2139 4852 non

577 4901 772 4962 negat;
804 4890 944 4961 quod
975 4889 1119 4944 enim
1152 4903 1262 4943 non
1296 4888 1706 4959 sempiternum,
1750 4904 1948 4946 novum
1988 4904 2141 4958 pror-

580 5000 675 5040 sus
707 4991 829 5049 est;
864 4982 1227 5052 quodcunque
1260 4992 1439 5036 autem
1472 4996 1673 5036 novum
1706 4990 1812 5046 est,
1860 4979 2004 5037 Deus
2036 4995 2143 5035 non

580 5080 685 5138 est,
718 5071 1175 5144 quemadmodum
1221 5071 1351 5126 dicit
1392 5070 1668 5141 Scriptura
1704 5090 1715 5127 :
1753 5091 1771 5123 ι
1797 5070 1915 5127 Non
1953 5072 2056 5127 erit
2090 5072 2145 5124 in

584 5170 636 5220 te
662 5162 807 5220 Deus
843 5179 1038 5219 novus.
1074 5163 1094 5193 ³
1134 5180 1152 5214 ι
1194 5161 1337 5232 Ergo
1361 5162 1452 5232 qui
1484 5162 1636 5227 dicit,
1678 5163 1824 5232 quod
1855 5163 2146 5233 aliquando

585 5253 754 5311 Filius
785 5270 894 5309 non
945 5263 1083 5321 erat,
1136 5253 1184 5310 is
1229 5264 1391 5325 negat
1430 5254 1548 5326 ejus
1594 5253 1870 5311 deitatem.
1933 5254 2146 5311 Rursus

586 5345 822 5400 alienum
852 5344 1022 5400 Deum
1050 5352 1196 5401 vetat
1222 5346 1467 5411 adorare,
1490 5348 1585 5417 qui
1615 5347 1747 5402 dicit
1775 5367 1788 5403 :
1818 5367 1837 5401 ι
1860 5346 2148 5419 Nunquam

587 5434 839 5493 adorabis
865 5437 1025 5495 deum
1054 5439 1292 5495 alienum
1323 5438 1344 5470 ³
1374 5457 1388 5493 :
1425 5457 1444 5491 ι
1481 5439 1706 5495 Alienus
1732 5449 1914 5496 autem
1951 5441 2148 5497 collata

2239 4540 2390 4591 γεται
2409 4520 2437 4573 ὃ
2461 4522 2536 4592 μὴ
2557 4518 2617 4584 ἐξ
2646 4519 2815 4572 ἀϊδίου
2838 4518 2951 4571 ἐστι
2977 4531 2991 4546 ⁶
3036 4517 3131 4570 καὶ
3158 4519 3224 4571 ὲκ
3255 4517 3352 4571 τοῦ
3375 4520 3615 4573 ἐναντίου
3642 4523 3808 4576 πάλιν

2241 4615 2406 4671 ἀΐδιον
2434 4614 2647 4683 λέγεται
2688 4612 2716 4664 ὃ
2758 4612 2833 4683 μὴ
2864 4610 3174 4683 πρόσφατόν
3214 4611 3382 4667 ἐστιν.
3427 4611 3486 4665 '0
3521 4614 3812 4688 τοίνυν-μὴ

2242 4707 2300 4775 ἐξ
2322 4706 2488 4760 ἀϊδίου
2516 4706 2605 4758 τὸν
2626 4704 2901 4775 Μονογενῆ
2928 4702 3060 4756 Θεὸν
3090 4704 3155 4756 ὲκ
3186 4701 3281 4756 τοῦ
3308 4705 3521 4775 Πατρὸς
3552 4701 3685 4759 εἶναι
3712 4724 3811 4761 πι-

2244 4801 2467 4865 στεύων,
2490 4800 2797 4871 πρὸσφατον
2826 4797 2985 4851 αὐτὸν
3012 4794 3151 4850 εἶναι
3173 4797 3273 4850 οὐκ
3304 4798 3545 4868 ἀρνεῖται
3568 4814 3583 4830 ο
3613 4798 3670 4851 τὸ
3693 4800 3804 4870 γὰρ

2247 4896 2320 4966 μὴ
2344 4893 2528 4954 ἀΐδιον,
2562 4892 2867 4961 πρόσφατον
2890 4889 3106 4952 πάντως
3130 4905 3144 4919 ·
3175 4889 3281 4942 πᾶν
3301 4888 3357 4941 δὲ
3382 4888 3443 4940 τὸ
3475 4888 3804 4959 πρόσφατον,

2243 4986 2375 5049 θεὸς
2422 4984 2519 5038 οὐκ
2562 4983 2742 5048 ἔστιν,
2787 4981 2966 5046 καθὼς
3000 4977 3152 5035 εἶπεν
3181 4980 3214 5052 ἡ
3239 4979 3470 5051 Γραφὴ,
3520 4982 3599 5033 ὅτι
3647 4999 3666 5031 ι
3694 4983 3811 5036 Οὔκ

2247 5077 2396 5131 ἔσται
2426 5078 2483 5131 ὲν
2528 5076 2610 5130 σοὶ
2642 5076 2772 5139 Θεὸς
2816 5076 3139 5146 πρόσφατος.
3169 5092 3187 5126 ι
3247 5075 3387 5144 Ἀρα
3413 5076 3442 5126 ὁ
3470 5073 3671 5140 λέγων,
3727 5074 3813 5127 ὅτι

2247 5169 2377 5223 ποτὲ
2405 5169 2504 5222 οὐκ
2534 5164 2621 5239 ἦν,
2656 5162 2807 5230 οὗτος
2830 5168 3068 5237 ἀρνεῖται
3094 5162 3257 5218 αὑτοῦ
3282 5164 3379 5233 τὴν
3406 5162 3649 5232 θεότητα.
3700 5163 3821 5217 Πά-

2246 5262 2328 5315 λιν
2352 5261 2627 5333 ἀλλότριον
2651 5260 2783 5313 Θεὸν
2809 5260 3129 5331 προσκυνεῖν
3156 5256 3351 5311 κωλύει
3374 5259 3400 5310 ὁ
3434 5257 3633 5324 λέγων,
3672 5274 3689 5307 ι
3715 5257 3818 5309 Οὐ-

2246 5356 2434 5409 δέποτε
2458 5354 2856 5425 προσκυνήσεις
2877 5350 2983 5422 θεῷ
3003 5350 3268 5422 ἀλλοτρίῳ
3283 5365 3296 5379 ·
3329 5369 3349 5401 ι
3381 5349 3440 5402 Ὀ
3456 5347 3511 5400 δὲ
3535 5346 3819 5419 ἀλλότριος

2248 5450 2314 5517 τῇ
2349 5445 2483 5518 πρὸς
2510 5447 2600 5503 τὸν
2629 5446 2760 5500 [διον
2783 5448 2816 5517 ἠ
2825 5444 2939 5516 μῶν
2963 5444 3094 5498 Θεὸν
3114 5440 3479 5511 ἀντιδιαστολῇ
3503 5439 3817 5510 θεωρεῖται.

694 5702 873 5763 ‘Psal.
925 5720 1087 5778 ωτι,
1117 5708 1201 5766 l0.
1278 5708 1300 5743 ³
1336 5705 1507 5764 Exod.
1535 5721 1696 5762 xxxrv
1721 5744 1737 5762 .
1766 5706 1853 5761 14.
1932 5707 1952 5738 ³
1992 5704 2162 5761 Exod.
2196 5720 2262 5759 xx
2287 5744 2301 5771 ,
2335 5704 2386 5760 ὅ.
