3978 6484
549 295 648 350 I39

1787 293 1844 348 S.
1882 288 2208 347 CREGORII
2248 289 2289 343 Ν
2303 291 2538 347 YSSENI

3710 297 3813 351 NO

547 422 650 472 est,
682 411 773 466 sed
801 410 966 466 homo
998 432 1009 467 :
1047 412 1099 466 in
1123 427 1228 482 quo
1256 413 1413 467 nobis
1444 413 1582 467 Deus
1614 415 1995 468 mauil'estatus
2016 421 2120 475 est,

2252 413 2318 466 ξύο
2355 418 2480 485 περὶ
2517 415 2609 469 τοῦ
2653 417 2887 488 Χριστοῦ
2921 418 3284 490 γινώσκομεν,
3313 419 3374 471 τὸ
3425 419 3524 490 μὲν
3557 417 3725 478 θεῖον,
3753 418 3814 470 τὸ

552 514 608 558 ιιι
647 511 902 572 corrupta
934 518 997 556 ac
1040 504 1362 558 labefactata
1399 505 1481 557 via
1514 505 1708 559 salutis
1751 505 2002 558 humanae
2030 505 2125 557 ilc-

550 610 672 648 rum
738 602 1111 648 renovaretur.
1168 595 1350 664 Itaque
1401 594 1662 664 quoniam
1726 609 1814 648 res
1876 593 2014 646 duas
2061 593 2128 645 de

551 687 772 742 Christo
804 687 1100 740 statuimus
1130 696 1184 739 et
1216 688 1503 751 sentimus,
1545 702 1712 740 unmn
1749 686 1968 755 quidem
1989 686 2130 738 divi-

554 794 707 841 num,
763 779 990 832 alterum
1031 795 1159 831 vero
1203 779 1525 844 humanum,
1567 779 1622 832 in
1664 787 1857 832 natura
1911 776 2127 847 quidem

555 873 826 935 divinum,
878 873 932 926 in
977 872 1458 926 administratione
1512 887 1574 926 ac
1623 872 2034 943 dispensatione
2075 872 2128 926 id

557 965 700 1034 quod
735 963 1033 1018 secundum
1072 965 1342 1018 hominem
1377 972 1460 1019 est
1495 981 1509 1020 :
1549 972 1950 1034 consequenter
1983 979 2129 1019 sem-

559 1059 828 1127 piternum
863 1056 1049 1109 deitati
1076 1065 1420 1118 attestamur,
1459 1063 1700 1109 creatum
1724 1070 1854 1110 vero
1885 1056 2134 1110 humanae

559 1158 767 1201 natura:
814 1149 1175 1215 assignamus.
1225 1145 1692 1212 Quemadmodum
1742 1147 1888 1202 enim
1941 1163 2138 1201 secun-

559 1239 687 1292 dum
722 1239 1040 1308 prophetam
1081 1239 1134 1291 in
1185 1247 1374 1293 ventre
1407 1237 1674 1292 formatus
1695 1247 1781 1292 cst
1815 1254 2029 1299 servus,
2063 1240 2136 1292 ita

561 1331 722 1385 etiam
763 1328 1064 1383 secundum
1111 1328 1484 1392 Salomonem,
1535 1345 1630 1398 per
1680 1331 1821 1385 hanc
1885 1331 2136 1384 servilem

568 1429 878 1476 creaturam
920 1421 974 1474 in
1021 1437 1188 1476 carne
1236 1421 1620 1477 manilestatus
1663 1434 1764 1477 est.
1803 1421 1974 1476 Porro
2015 1439 2138 1476 cum

563 1513 750 1566 dicunt
783 1531 794 1565 :
825 1511 881 1565 Si
911 1525 1047 1572 erat,
1083 1529 1192 1566 non
1223 1522 1308 1567 est
1353 1513 1610 1582 genitus;
1635 1521 1709 1578 et,
1752 1512 1807 1568 Si
1841 1523 2003 1568 natus
2037 1523 2138 1577 est,

565 1618 674 1657 non
710 1613 827 1656 erat
874 1623 886 1658 :
933 1606 1238 1657 doceantur
1273 1604 1418 1674 quod
1459 1620 1569 1658 non
1612 1615 1859 1674 oporteat
1905 1607 2142 1659 carnalis

567 1695 875 1748 nativitatis
926 1695 1290 1764 proprietates
1341 1697 1760 1752 accommodare
1803 1698 2003 1752 divina:
2041 1712 2142 1750 na-

567 1792 724 1837 turae.
780 1783 914 1838 Nam
971 1801 1203 1855 corpora
1252 1785 1472 1856 quidem
1525 1803 1650 1857 qum
1683 1803 1790 1841 non
1824 1796 2001 1850 erant,
2055 1787 2140 1856 gi-

569 1884 815 1944 gnuntur
854 1895 866 1930 :
903 1877 1048 1933 Deus
1082 1886 1264 1932 autem
1299 1877 1462 1933 ellicit
1496 1888 1554 1932 ut
1596 1894 1658 1932 ea
1697 1894 1819 1950 qua
1859 1895 1966 1932 non
2017 1889 2146 1932 sunt

570 1969 845 2023 exsistant
881 1987 892 2022 :
923 1985 1032 2023 non
1069 1971 1187 2040 ipse
1231 1985 1295 2025 ex
1319 1985 1386 2025 eo
1418 1971 1565 2041 quod
1611 1986 1721 2025 non
1767 1978 1852 2025 est
1906 1971 2142 2026 exsistit.

573 2059 780 2114 Idcirco
838 2060 1041 2116 Paulus
1097 2077 1314 2132 quoque
1370 2077 1494 2118 eum
1553 2063 1902 2132 splendorem
1959 2064 2148 2134 gloria:

572 2156 878 2216 nominat’.
931 2164 989 2208 ut
1047 2155 1363 2219 doceamur,
1395 2154 1540 2224 quod
1580 2156 1722 2210 sicut
1747 2156 1927 2209 lmnen
1963 2155 2031 2210 de
2067 2156 2150 2208 lu-

573 2260 737 2300 cerna
769 2253 824 2301 et
855 2261 920 2300 ex
955 2255 1151 2300 natura
1189 2248 1369 2301 lumen
1407 2246 1625 2302 edentis
1665 2256 1768 2312 est,
1801 2255 1853 2300 et
1886 2263 1992 2300 una
2024 2262 2147 2301 cum
2189 2257 2194 2262 ‘

576 2335 668 2388 illa
708 2343 791 2389 est
825 2335 1010 2405 (simul
1042 2336 1187 2390 enim
1228 2343 1393 2405 atque
1420 2337 1648 2390 emicuit
1683 2338 1930 2400 lucerna,
1966 2337 2151 2392 lumen

577 2443 796 2498 quoque
844 2429 990 2498 quod
1024 2429 1092 2481 ab
1123 2443 1186 2481 ea
1227 2429 1445 2482 exsistit
1499 2427 1705 2498 pariter
1754 2425 2022 2497 ell‘ulget),
2080 2427 2151 2480 ita

578 2521 669 2576 hic
697 2537 916 2592 quoque
945 2521 1100 2590 jubet
1134 2521 1431 2590 Apostolus
1472 2520 1779 2590 intelligere
1811 2525 1956 2591 quod
2004 2529 2059 2576 et
2087 2535 2152 2574 ex

580 2612 739 2667 Patre
767 2617 840 2668 sit
867 2612 1056 2676 Filius,
1081 2621 1134 2667 et
1157 2613 1366 2682 absque
1389 2610 1528 2666 Filio
1551 2627 1830 2682 nunquam
1863 2614 1935 2666 sit
1957 2610 2152 2666 Pater:

581 2722 704 2760 nam
727 2706 842 2761 ﬁeri
871 2721 976 2760 non
1005 2711 1204 2775 potest,
1231 2712 1288 2758 ut
1312 2704 1482 2773 gloria
1511 2705 1584 2758 sit
1606 2704 1814 2774 absque
1835 2704 2154 2773 splendore,

582 2798 1040 2870 quemadmodum
1092 2797 1206 2850 ﬁeri
1254 2812 1364 2850 non
1398 2807 1596 2866 potest,
1637 2805 1696 2852 ut
1730 2798 1938 2868 absque
1973 2798 2158 2866 splen-

584 2893 716 2946 dore
746 2890 968 2944 lucerna
998 2889 1088 2943 sit.
1125 2886 1470 2942 Manifestum
1493 2896 1579 2942 est
1608 2895 1788 2943 autem
1815 2888 1960 2958 quod
1994 2889 2160 2943 sicuti

587 2981 934 3052 splendorem
991 2994 1137 3040 esse,
1190 2979 1565 3032 testimonium
1613 2987 1701 3032 est
1734 2979 1856 3048 ejus
1905 2981 2050 3048 quod
2107 2981 2160 3034 in

2226 507 2282 560 δέ
2316 509 2688 579 ἀνθρώπινον,
2740 513 2797 562 ἐν
2832 510 2930 580 μὲν
2959 513 3025 581 τῇ
3068 510 3226 580 φύσει
3254 511 3315 564 τὸ
3347 511 3509 570 θεῖον,
3546 513 3603 563 ἐν
3649 510 3707 562 δέ
3742 513 3812 579 τῇ

2227 600 2505 670 οἰκονομίᾳ
2521 600 2581 653 τὸ
2601 601 2740 654 κατά
2778 601 3080 672 ἄνθρωπον,
3102 602 3407 666 ἀκολούθως
3437 603 3498 655 τὸ
3525 602 3622 671 μὲν
3642 602 3816 654 mm

2229 692 2296 760 τῇ
2328 689 2541 761 θεότητι
2575 691 3128 763 προσμαρτυροῦμεν,
3162 692 3222 744 τὸ
3261 693 3317 745 δέ
3368 691 3585 744 κτιστὸν
3624 695 3690 760 τῇ
3719 693 3815 743 ἀν-

2233 779 2478 852 θρωπὶνῃ
2509 780 2840 851 λογιζόμεθα
2878 781 3055 849 φύσει.
3113 782 3200 844 Ὠς
3231 779 3339 852 γὰρ
3369 781 3510 833 κατὰ
3536 779 3628 832 τὸν
3676 796 3816 849 προ-

2235 873 2411 941 φήτην
2443 873 2501 923 ἐν
2528 875 2593 942 τῇ
2628 872 2804 944 κοιλίᾳ
2834 873 3074 943 ἐπλάσθη
3105 871 3308 937 δοῦλος,
3349 870 3521 934 οὕτως
3551 871 3646 924 καὶ
3669 868 3818 922 κατά

2235 964 2326 1016 τὸν
2352 962 2691 1032 Σολομῶντα,
2725 965 2812 1016 διὰ
2838 966 2935 1034 τῆς
2977 965 3228 1034 δουλικῆς
3266 964 3470 1032 ταύτης
3497 963 3726 1026 κτίσεως
3755 965 3815 1015 ἐν

2239 1055 2400 1125 σαρκὶ
2429 1053 2764 1125 ἐφανερώθη.
2800 1055 2966 1107 Ὀταν
2989 1055 3043 1107 δέ
3070 1054 3298 1123 λέγωσιν
3325 1072 3336 1086 ·
3365 1055 3424 1106 Εἰ
3447 1048 3515 1123 ἦν
3544 1054 3644 1105 οὐκ
3672 1055 3818 1119 ἐγεν-

2237 1146 2372 1216 νήθη
2400 1161 2414 1175 ⁶
2453 1145 2583 1208 Καὶ,
2633 1145 2695 1197 Εἰ
2723 1145 3006 1216 ἐγεννήθη,
3039 1145 3137 1196 οὐκ
3177 1139 3264 1213 ἦν,
3297 1142 3701 1213 διδαχθήτωσαν
3735 1143 3818 1194 ὅτι

2238 1238 2299 1292 οὐ
2325 1237 2430 1308 χρὴ
2457 1236 2526 1289 τά
2552 1237 2653 1307 τῆς
2678 1237 2942 1308 σαρκικῆς
2959 1238 3266 1305 γεννήσεως
3291 1234 3554 1305 ἰδιώματα
3572 1234 3821 1305 ἐφαρμό-

2242 1331 2354 1395 ζειν
2387 1332 2452 1400 τῇ
2491 1329 2610 1398 θεία
2646 1328 2824 1398 φύσει.
2890 1328 3124 1397 Σώματα
3160 1329 3257 1397 μὲν
3297 1327 3406 1398 γὰρ
3439 1328 3512 1397 μὴ
3542 1327 3673 1379 ὄντα
3698 1344 3824 1394 γεν-

2243 1425 2400 1477 νᾶται
2429 1438 2443 1452 ·
2482 1423 2510 1474 6
2534 1423 2589 1475 δέ
2615 1421 2749 1485 Θεὸς
2778 1422 2845 1475 τά
2874 1423 2947 1493 μὴ
2978 1423 3106 1475 ὄντα
3136 1417 3276 1474 εἶναι
3307 1423 3450 1474 ποιεῖ
3475 1438 3488 1452 ·
3529 1421 3629 1472 οὐκ
3658 1418 3827 1482 αὐτὸς

2244 1517 2307 1568 ὲκ
2341 1515 2435 1568 τοῦ
2473 1514 2547 1586 μὴ
2571 1515 2722 1579 ὄντος
2747 1515 2977 1584 γίνεται.
3027 1515 3119 1567 At?)
3141 1513 3235 1567 καὶ
3266 1515 3292 1566 6
3324 1512 3537 1576 Παῦλος
3567 1512 3826 1580 ἀπαύγα-

2246 1623 2356 1676 σμα
2377 1606 2532 1676 δόξης
2557 1607 2719 1659 αὑτὸν
2740 1606 3013 1676 ὀνομάζει,
3040 1606 3124 1657 ἵνα
3145 1605 3500 1676 διδαχθῶμεν,
3525 1606 3610 1658 ὅτι
3631 1605 3827 1675 ὥσπερ

2245 1699 2305 1751 τὸ
2345 1700 2407 1750 ἐκ
2436 1697 2527 1750 τοῦ
2554 1697 2748 1767 λύχνου
2779 1697 2894 1767 φῶς
2923 1699 3016 1750 καὶ
3073 1698 3136 1750 ἐκ
3166 1699 3264 1767 τῆς
3297 1695 3510 1766 φύσεώς
3554 1697 3674 1749 ἐστι
3726 1695 3828 1748 τοῦ

2245 1788 2670 1856 ἀπανγάζοντος,
2702 1790 2796 1842 καὶ
2829 1789 2944 1859 μετ’
2981 1788 3186 1840 ἐκείνου
3215 1789 3362 1840 ἐστίν
3405 1787 3560 1858 (ὁμοῦ
3614 1805 3674 1840 τε
3715 1787 3828 1856 γὰρ

2247 1881 2476 1951 ἐξεφάνη
2509 1882 2538 1933 6
2562 1880 2768 1951 λύχνος,
2798 1881 2892 1933 καὶ
2921 1879 2980 1932 τὸ
3003 1879 3118 1949 φῶς
3147 1879 3206 1931 τὸ
3230 1879 3288 1946 ἐξ
3312 1879 3476 1932 αύτοῦ
3497 1879 3831 1949 συνεξέλαμ-

2247 1971 2389 2042 ψεν),
2421 1972 2563 2026 οὕτω
2591 1971 2800 2025 κελεύει
2835 1972 2929 2026 καὶ
2975 1971 3208 2024 ἐνταῦθα
3237 1973 3377 2024 νοεῖν
3416 1971 3445 2022 6
3479 1971 3828 2032 ’Λπόστολος,

2248 2066 2326 2118 ὅτι
2350 2067 2443 2119 καὶ
2463 2068 2526 2118 ἐκ
2553 2065 2646 2119 τοῦ
2663 2064 2873 2135 [ἰατρὸς
2900 2066 2928 2116 ὁ
2953 2063 3098 2128 Υἱὸς,
3129 2064 3220 2116 καὶ
3247 2063 3501 2116 οὐδέποτε
3531 2063 3702 2132 χωρὶς
3729 2060 3830 2114 τοῦ

2252 2158 2382 2212 Υἱοῦ
2433 2160 2461 2210 6
2501 2158 2725 2228 Πατήρ·
2781 2157 2881 2208 οὐκ
2931 2157 3163 2226 ἐγχωρεῖ
3215 2155 3321 2226 γὰρ
3387 2154 3613 2224 ἀλαμπῆ
3661 2148 3828 2214 εἶναι,

2251 2251 2350 2320 τὴν
2399 2248 2594 2312 δόξαν,
2666 2247 2741 2310 ὡς
2794 2247 2894 2298 ούκ
2933 2247 3167 2316 ἐγχωρεῖ
3219 2245 3346 2299 ἄνευ
3402 2244 3832 2312 ἀπαυγάσματος

2254 2339 2390 2394 εἶναι
2414 2341 2505 2393 τὸν
2527 2339 2736 2410 λύχνον.
2769 2339 2939 2408 Δῆλον
2974 2338 3030 2390 δέ
3063 2339 3143 2390 ὅτι
3166 2337 3354 2407 ὥσπερ
3387 2336 3448 2388 τὸ
3473 2331 3610 2388 εἶναι
3640 2335 3830 2388 ἀπαύ-

2253 2451 2442 2504 γασμα
2479 2431 2753 2504 μαρτυρία
2782 2431 2898 2484 ἐστὶ
2934 2429 3029 2483 τοῦ
3068 2429 3208 2482 κατά
3246 2430 3346 2499 τὴν
3373 2426 3527 2493 δόξαν
3553 2423 3690 2480 εἶναι
3717 2428 3734 2478 (
3752 2427 3832 2497 μὴ

2257 2523 2367 2594 γὰρ
2394 2521 2561 2592 οὕσης
2588 2521 2684 2590 τῆς
2716 2519 2873 2589 δόξης
2901 2520 3000 2572 οὐκ
3029 2518 3093 2571 ἂν
3127 2517 3212 2588 εἴη
3241 2517 3302 2570 τὸ
3329 2521 3392 2570 ἐκ
3419 2517 3622 2585 ταύτης
3648 2517 3832 2568 ἀπαυ-

2257 2613 2599 2684 γαζόμενον),
2628 2611 2796 2676 οὕτως
2826 2613 2886 2664 τὸ
2911 2611 3092 2680 λέγειν
3121 2611 3196 2681 μὴ
3220 2606 3356 2663 εἷναί
3388 2627 3445 2663 τε
3469 2609 3833 2679 ἀπαύγασμα,

2260 2706 2532 2773 ἀπόδειξίς
2559 2709 2675 2758 ἐστι
2713 2703 2806 2758 τοῦ
2845 2703 2980 2774 μηδέ
3008 2703 3103 2774 τὴν
3132 2703 3289 2770 δόξαν
3326 2698 3483 2767 εἶναι,
3515 2703 3601 2755 ὅτε
3635 2702 3735 2754 οὐκ
3764 2696 3836 2771 ἦν

2259 2801 2320 2854 τὸ
2350 2799 2690 2869 ἀπαύγασμα
2715 2814 2728 2827 ο
2779 2797 2876 2868 τὴν
2903 2797 3011 2867 γὰρ
3037 2797 3191 2863 δόξαν
3234 2796 3361 2850 ἄνευ
3405 2796 3839 2865 ἀπαυγάσματος

2263 2887 2401 2946 εἶναι
2430 2892 2731 2962 ἀμήχανον.
2760 2891 2969 2960 Ὥσπερ
3006 2884 3097 2942 οὖν
3125 2889 3224 2942 ούκ
3249 2889 3394 2942 ἐστιν
3421 2887 3512 2941 ἐπὶ
3537 2886 3630 2940 τοῦ
3661 2889 3842 2939 ἀπαυο

2265 2987 2544 3057 γάσματος
2574 2985 2751 3054 λέγειν
2777 2986 2879 3049 ὅτι,
2901 2985 2961 3038 Εἰ
2985 2979 3053 3055 ἦν
3078 2986 3176 3037 οὐκ
3205 2984 3439 3052 ἐγένετο,
3475 2985 3587 3045 καὶ,
3619 2984 3681 3035 Εἰ
3721 2983 3844 3048 ἐγέ-

587 3075 759 3144 gloria
796 3081 882 3127 est
909 3072 977 3140 (si
1003 3071 1148 3125 enim
1185 3085 1291 3124 non
1324 3070 1397 3125 sit
1421 3071 1618 3141 gloria,
1650 3087 1759 3125 non
1791 3070 1955 3126 fuerit
1996 3073 2042 3126 is
2069 3073 2151 3142 qui

2266 3097 2386 3133 νετο
2404 3081 2502 3133 ούκ
2530 3075 2617 3150 ἦν,
2647 3079 2819 3141 οὕτως
2847 3078 3074 3148 μάταιόν
3099 3081 3213 3132 ἐστι
3241 3077 3481 3151 περὶτοῦ
3511 3078 3642 3131 Υἱοῦ
3667 3076 3848 3130 ταῦτα

587 3168 657 3221 ab
692 3167 796 3220 hac
829 3165 1010 3220 editur
1066 3165 1366 3236 splendor),
1418 3165 1493 3220 ita
1544 3165 1590 3220 si
1643 3165 1768 3234 quis
1813 3166 1958 3220 dicat
2012 3167 2151 3235 quod

2267 3173 2466 3240 λέγειν,
2495 3171 2630 3224 διότι
2658 3172 2686 3223 6
2717 3171 2844 3236 Υἱός
2877 3173 2992 3224 ἐστι
3025 3171 3086 3224 τὸ
3107 3170 3464 3241 ἀπαύγασμα.

589 3273 869 3329 nunquam
917 3264 1036 3312 erat
1086 3256 1364 3327 splendor,
1401 3256 1744 3312 demonstrat
1791 3257 1937 3326 quod
2020 3275 2200 3328 neque
2236 3263 2407 3332 gloria
2481 3273 2645 3324 esset,
2699 3276 2824 3316 cum
2879 3277 2988 3315 non
3030 3270 3176 3316 esset
3211 3261 3500 3331 splendor;
3541 3259 3654 3314 fieri
3700 3257 3851 3313 enim

590 3371 700 3410 non
740 3363 940 3424 potest,
994 3364 1050 3406 ut
1110 3352 1282 3423 gloria
1340 3353 1412 3406 sit
1471 3351 1680 3421 absque
1721 3350 2032 3422 splendore.
2099 3353 2168 3409 Ut
2208 3357 2377 3426 igitur
2443 3358 2510 3413 de
2575 3357 2868 3427 splendore
2899 3357 3007 3411 dici
3053 3373 3159 3410 non
3212 3365 3394 3427 potest
3429 3375 3441 3410 :
3475 3357 3532 3410 Si
3563 3363 3702 3419 erat,
3739 3370 3855 3408 non

591 3451 774 3506 editus
805 3457 910 3514 est,
944 3457 1018 3515 et,
1043 3448 1098 3503 Si
1145 3449 1330 3504 editus
1365 3458 1469 3513 est,
1500 3463 1609 3502 non
1641 3456 1795 3515 erat;
1835 3448 1910 3503 ita
1943 3463 2144 3506 vanum
2172 3461 2227 3508 et
2266 3455 2565 3510 absurdum
2615 3463 2699 3508 est
2747 3453 2860 3507 haec
2905 3451 2973 3506 de
3034 3449 3173 3506 Filio
3219 3452 3422 3515 dicere,
3475 3451 3679 3519 quippe
3725 3462 3856 3502 cum

593 3540 764 3597 Filius
788 3541 858 3596 sit
891 3541 1166 3612 splendor.

671 3701 942 3756 Caeterum
984 3703 1076 3772 qui
1106 3701 1290 3756 minus
1323 3709 1378 3756 et
1415 3701 1593 3771 majus
1632 3701 1698 3757 de
1746 3700 1886 3756 Filio
1919 3710 1974 3758 et
2020 3701 2151 3757 Patri

2349 3703 2410 3756 Οἱ
2432 3701 2486 3753 δέ
2519 3700 2579 3753 τὸ
2603 3701 2920 3771 μικρότερον
2953 3699 3048 3752 καὶ
3079 3699 3138 3752 τὸ
3167 3699 3348 3770 μεῖζον
3373 3698 3464 3751 ἐπὶ
3494 3696 3587 3750 τοῦ
3612 3697 3741 3750 Υἱοῦ
3764 3699 3861 3750 καὶ

601 3791 812 3856 dicunt,
844 3792 1063 3847 discant
1085 3807 1115 3846 a
1157 3790 1324 3845 Paulo
1354 3808 1422 3847 ne
1453 3792 1751 3847 metiantur
1783 3807 1846 3847 ea
1873 3809 1994 3863 quae
2020 3809 2151 3848 nem«

2279 3792 2374 3847 τοῦ
2403 3792 2613 3863 Πατρὸς
2639 3791 2909 3860 λέγοντες,
2943 3791 3350 3862 διδαχθήτωσαν
3394 3789 3546 3859 παρά
3591 3789 3683 3842 τοῦ
3714 3789 3864 3842 ﬂaui-

598 3891 777 3955 potest
817 3885 996 3940 metiri
1040 3886 1115 3950 ";
1150 3899 1273 3938 nam
1315 3884 1613 3954 Apostolus
1649 3883 1845 3940 Filium
1896 3885 2031 3940 dicit
2069 3884 2151 3940 είῐὶ

2279 3886 2371 3939 λου
2405 3885 2478 3957 μὴ
2507 3888 2726 3956 μετρεῖν
2755 3886 2822 3939 τὰ
2848 3885 3133 3956 ἀμέτρητα
3153 3900 3166 3914 ⁸
3213 3885 3240 3936 6
3269 3883 3378 3954 γὰρ
3418 3882 3741 3946 ’Λπόστολος
3768 3883 3864 3935 τὸν

599 3977 738 4048 giem
770 3992 893 4034 esse
924 3977 1100 4031 Patris
1125 3977 1464 4032 substantiae.
1486 3976 1713 4031 Planum
1743 3977 2010 4049 estigitur
2037 3995 2151 4049 quo

2283 3981 2410 4034 Υἱὸν
2440 3979 2766 4050 χαρακτῆρα
2791 3977 2941 4046 λέγει
2987 3975 3085 4048 τῆς
3112 3973 3206 4028 τοῦ
3237 3974 3448 4046 [ἰατρὸς
3488 3975 3863 4038 ὑποστάσεως.

602 4074 809 4138 quanta
862 4066 1026 4121 fuerit
1067 4067 1379 4122 substantia
1421 4065 1620 4130 Patris,
1683 4074 1836 4121 tanta
1891 4074 1978 4123 est
2016 4069 2151 4123 e‘tiar

2283 4073 2450 4143 Δῆλον
2477 4067 2570 4125 οὖν
2597 4073 2678 4125 ὅτι
2703 4069 2776 4141 (2)
2806 4071 2906 4141 ὅση
2934 4069 3000 4124 ἂν
3028 4070 3061 4140 ἡ
3094 4067 3387 4132 ὑπόστασις
3497 4065 3588 4120 τοῦ
3627 4067 3866 4139 Πατρός,

601 4158 814 4230 efﬁgies
855 4159 1222 4214 substantiae:
1262 4157 1376 4212 ﬁeri
1411 4159 1556 4212 enim
1601 4172 1710 4212 non
1746 4166 1948 4229 potest,
1989 4168 2048 4212 ut
2077 4159 2150 4214 mi

2287 4161 2540 4224 τοσοῦτος
2567 4163 2658 4215 καὶ
2681 4161 2709 4213 6
2734 4163 3019 4232 χαρακτήρ
3035 4162 3148 4213 ἐστι
3167 4161 3264 4230 τῆς
3283 4159 3650 4222 ὑποστάσεως·
3672 4158 3734 4210 οὐ
3757 4158 3870 4230 γὰρ

603 4267 705 4306 nor
731 4253 802 4306 sit
839 4252 1048 4323 efﬁgies
1092 4269 1256 4323 quam
1293 4253 1602 4308 substantia
1633 4268 1755 4323 quae.
1784 4269 1879 4322 per
1905 4268 2025 4308 eam
2051 4268 2151 4308 con

2290 4254 2561 4324 ἐνδέχεται
2594 4248 2732 4306 εἶναι
2767 4251 3088 4324 μικρότερον
3131 4252 3220 4305 τὸν
3261 4253 3581 4323 χαρακτῆρα
3613 4252 3712 4320 τῆς
3735 4248 3871 4302 θεω-

605 4342 896 4398 sideratur.
921 4341 1064 4407 Quin
1087 4343 1249 4397 etiam
1280 4357 1514 4414 magnus
1532 4340 1773 4398 Joannes
1803 4343 1992 4400 eadem
2023 4344 2151 4399 doce

2293 4345 2559 4417 ρουμένης
2591 4345 2648 4397 ὲν
2675 4343 2824 4415 αὐτῷ
2854 4342 3220 4406 ὑποστάσεως.
3285 4341 3444 4394 Ἀλλά
3489 4341 3580 4393 καὶ
3625 4341 3652 4392 6
3693 4339 3872 4410 μέγας

603 4450 729 4490 cum
760 4433 916 4499 dicit,
955 4453 973 4486 ι
1012 4435 1070 4488 1η
1108 4435 1382 4505 principio
1411 4442 1529 4490 erat
1561 4433 1822 4502 Verbum,
1851 4443 1907 4491 et
1938 4433 2151 4491 Verbur

2252 4482 2261 4525 γ
2303 4435 2553 4507 Ἰωάννης
2601 4434 2775 4489 ταῦτα
2827 4433 3065 4487 διδάσκει
3120 4433 3314 4501 λέγων,
3385 4449 3402 4482 ι
3439 4429 3528 4482 Ἐν
3554 4430 3694 4501 ἀρχῇ
3724 4423 3794 4498 ἦν
3841 4429 3874 4480 ὁ

602 4538 722 4582 erat
775 4525 920 4596 apud
971 4527 1139 4581 Deum
1175 4526 1238 4581 “.
1281 4544 1299 4577 ι
1351 4527 1428 4580 Ex
1461 4541 1529 4582 eo
1561 4542 1798 4599 namque
1834 4528 1980 4598 quod
2022 4528 2151 4583 dixit

2252 4518 2258 4525 ’
2291 4530 2483 4596 Λόγος,
2517 4527 2612 4581 κοιλ⁹
2642 4530 2671 4581 ό
2700 4526 2870 4594 Λόγος
2893 4518 2962 4596 ἦν
2997 4524 3132 4596 πρὸς
3164 4524 3254 4577 τὸν
3279 4522 3430 4576 Θεόν.
3463 4541 3482 4572 ι
3521 4521 3613 4574 Ἐκ
3637 4521 3747 4591 γὰρ
3771 4519 3872 4572 τοῦ

603 4617 750 4689 quod
799 4617 854 4672 in
901 4616 1174 4687 principio
1211 4623 1351 4682 erat,
1400 4628 1456 4672 et
1497 4633 1605 4673 non
1659 4627 1783 4690 post
1826 4618 2151 4690 principium

2292 4621 2486 4682 εἰπεῖν,
2517 4620 2600 4672 ὃτι
2635 4637 2653 4669 ι
2682 4620 2739 4671 ἐν
2779 4620 2918 4690 ἀρχῇ
2947 4613 3075 4688 ἦν,›
3124 4617 3216 4670 καλ¹
3247 4617 3306 4668 οὐ
3361 4615 3499 4686 μετὰ
3536 4615 3632 4684 τὴν
3667 4613 3874 4682 ἀρχὴν,

604 4713 843 4768 ostendit
893 4710 1039 4782 quod
1069 4726 1346 4780 nunquam
1377 4711 1584 4782 absque
1630 4711 1808 4768 Verbo
1854 4712 2151 4783 principiur

2292 4711 2490 4777 ἔδειξεν
2529 4713 2610 4765 ὅτι
2651 4712 2907 4764 οὐδέποτε
2955 4710 3145 4778 ἄλογος
3185 4703 3317 4780 ἦνῆ
3363 4709 3524 4780 ἀρχή.
3569 4708 3663 4760 Ἐκ
3689 4706 3746 4759 δὲ
3772 4706 3877 4759 τοῦ

605 4814 743 4860 erat.
809 4803 887 4857 Ex
931 4819 998 4859 eo
1053 4819 1184 4858 vero
1221 4805 1367 4874 quod
1433 4807 1702 4872 ostendit,
1755 4807 1900 4878 quod
1950 4805 2146 4861 Verbut

2293 4803 2568 4868 ἀποδεῖξαι
2589 4803 2671 4856 ὅτι
2701 4805 2794 4856 καὶ
2820 4806 2847 4856 6
2873 4803 3041 4871 Λόγος
3066 4798 3134 4872 ἦν
3159 4801 3294 4873 πρὸς
3328 4802 3418 4853 τὸν
3443 4801 3596 4860 Θεδν,
3623 4799 3682 4851 τὸ
3715 4797 3879 4851 ἀνελ-

679 5053 756 5121 (2)
789 5051 1001 5124 ,Δῆλρν
1029 5047 1142 5124 οὖν
1175 5052 1284 5108 ὅτι.
1319 5052 1468 5108 lianc
1502 5053 1784 5124 periodum
1818 5067 1922 5105 non
1952 5050 2178 5124 exhibe-

609 5124 701 5194 bat
738 5123 903 5176 editio
925 5121 1302 5194 Raphelengii,
1339 5121 1517 5193 neque
1562 5125 1698 5180 liber
1737 5139 1847 5192 quo
1899 5138 2033 5177 usus
2081 5121 2182 5174 fuit

610 5193 954 5263 Euthymius,
983 5195 1075 5248 sed
1099 5211 1164 5249 ex
1199 5193 1300 5250 ms.
1329 5196 1547 5250 (lanteri
1576 5210 1833 5263 expressa
1859 5202 1940 5247 est
1967 5209 1980 5245 :
2010 5207 2183 5262 neque

609 5265 752 5318 snim
808 5265 1013 5333 abSque
1067 5267 1346 5320 sententia:
1403 5267 1569 5320 totius
1622 5266 1950 5318 detrimento
1991 5265 2184 5319 abesse

613 5343 841 5403 poterat.
869 5334 1046 5388 Locus
1101 5344 1184 5389 est
1217 5337 1355 5404 apud
1384 5335 1610 5388 Paulum
1648 5336 1714 5389 ad
1748 5334 2001 5388 Hebraeos
2027 5350 2062 5399 ι,
2101 5337 2134 5390 ’5
2168 5354 2181 5389 :

615 5405 719 5470 Qui
735 5423 850 5476 cum
866 5406 933 5458 sit
950 5405 1196 5474 splendor
1218 5407 1400 5475 gloria:
1426 5414 1474 5458 et
1508 5406 1680 5474 ﬁgura
1712 5405 2026 5460 substantia:
2046 5409 2180 5476 ejus.

613 5477 733 5540 Quo
759 5475 921 5529 etiam
947 5476 1118 5529 utitur
1157 5476 1484 5531 Athanasius
1539 5477 1799 5532 adversus
1832 5475 2073 5534 Arianos
2116 5479 2184 5533 ad

2284 5050 2546 5104 tuendum
2577 5049 2638 5103 τὸ
2663 5050 2948 5113 ὁμοούσιον
2972 5051 3091 5105 Filii
3127 5051 3242 5108 Dei.
3269 5056 3409 5103 orat.
3443 5049 3498 5110 4,
3551 5047 3660 5100 Καὶ
3708 5045 3819 5113 γὰρ
3849 5045 3883 5096 6

2284 5069 2546 5104 tuenuum
2577 5069 2638 5103 το
2663 5069 2690 5103 ο
2736 5069 2948 5106 οουσιον
2973 5069 3091 5105 run
3129 5069 3242 5108 uel.
3269 5069 3409 5103 orat.
3443 5069 3498 5110 4,
3551 5069 3660 5100 mu.
3708 5069 3819 5113 γαρ
3849 5069 3882 5096 υ

2284 5120 2668 5200 ἁπόστολοςῌού
2694 5069 3001 5200 ἕουλήσεως
3027 5139 3042 5155 ·
3077 5121 3192 5200 ἀλλ’
3225 5121 3394 5190 αὐτῆς
3425 5119 3522 5200 τῆς
3559 5116 3748 5200 opai};
3777 5115 3882 5182 τῆς

2286 5195 2560 5264 πατρικῆς
2585 5187 2712 5247 ἴδιον
2732 5187 3072 5264 ἀπαύγασμα
3095 5195 3188 5246 καὶ
3215 5187 3536 5264 χαρακτῆρα
3557 5187 3646 5241 τὸν
3665 5187 3882 5264 βύριον

2289 5253 2568 5336 κηρύττει.
2629 5253 2907 5335 δίῳιίάεηί
2939 5253 3244 5331 Apostolus"
3275 5253 3391 5336 non
3416 5253 3724 5336 voluntatis,
3747 5253 3881 5336 ;sed

2289 5327 2720 5408 ipsiuspalerna}
2746 5327 3284 5408 essentivaropriuut
3313 5330 3637 5408 spleiLdorem
3667 5337 3714 5380 et
3734 5327 3881 5408 figu-

2291 5401 2406 5463 ram
2439 5403 2652 5478 Filium
2697 5408 2984 5478 prwdicat,
3008 5401 3063 5460 et
3107 5401 3307 5478 ltom_il.
3338 5405 3405 5459 de
3440 5401 3668 5477 Deipara
3703 5413 3716 5450 :
3753 5401 3884 5458 υέος

2293 5483 2402 5552 γὰρ
2429 5474 2714 5536 δακτυλὶού
2749 5477 3057 5551 χαρακτήρ,
3091 5485 3198 5534 etc.
3232 5474 3306 5531 lo.
3493 5475 3496 5477 ’

677 5720 708 5752 ⁹
747 5719 909 5776 Hebr.
946 5725 1063 5778 1.3.
1143 5724 1186 5755 '°
1219 5723 1375 5778 ﬂatu.
1416 5740 1490 5789 χι,
1527 5725 1616 5782 ⁸54.
1695 5727 1738 5758 ¹¹
1769 5725 1925 5784 Joan.
1952 5745 1992 5796 ι,
2030 5732 2082 5787 l.
2137 5803 2140 5808 η
