3978 6494
529 298 629 355 H3

1766 297 1821 351 S'.
1865 298 2189 356 GBEGORII
2223 297 2517 355 NYSSENI

3674 298 3783 354 ιιι

523 420 726 476 ctionis
769 420 1033 487 largitur;
1076 427 1327 473 creatura
1374 419 1589 475 subdita
1614 420 1689 491 (6)
1712 428 1817 484 est,
1864 422 2100 492 Spiritus

2207 420 2461 493 μονεύειο
2529 423 2563 492 ἡ
2614 421 2789 484 κτίσις
2826 419 3257 490 παρακαλεῖται,
3320 419 3381 473 τὸ
3445 418 3502 471 δὲ
3545 418 3784 489 Πνεῦμα

526 526 653 566 vero
675 517 1107 581 praeest..natura
1129 509 1561 563 consolationem
1587 518 1641 564 et
1660 510 2097 566 exhortationem

525 602 746 672 accipit,
776 601 1015 669 Spiritus
1034 616 1164 656 vero
1188 602 1505 656 consolatur
1534 610 1589 656 et
1612 602 1933 657 exhortatur
1956 622 1970 671 ;
1997 619 2097 658 na-

526 701 649 747 tura
683 692 872 757 servit,
904 689 1142 761 Spiritus
1186 706 1316 747 vero
1350 691 1575 760 liberat;
1624 700 1821 747 natura
1880 694 2099 763 sapien-

526 786 657 839 tiam
692 783 942 847 docetur,
998 781 1238 853 Spiritus
1276 798 1406 838 vero
1440 783 1723 853 sapientiae
1771 784 2098 840 beneﬁcium

524 876 762 947 largitur
796 894 809 931 :
843 886 1042 930 natura
1074 876 1465 931 beneﬁciorum
1496 892 1560 932 ac
1587 877 1857 932 donorum
1888 889 2095 948 partem

525 968 695 1038 capit,
745 965 985 1037 Spiritus
1015 982 1145 1022 vero
1197 969 1264 1022 ad
1313 969 1597 1023 arbitrium
1649 986 1808 1026 suum
1849 971 2095 1041 largitur.

527 1062 719 1116 Omnia
766 1077 1003 1132 namque
1051 1060 1168 1117 haec
1216 1072 1473 1130 operatur
1511 1078 1653 1117 unus
1695 1074 1747 1118 et
1796 1062 1938 1118 idem
1976 1060 2099 1132 Spi-

525 1153 689 1215 ritus,
720 1152 1053 1208 distribuens
1074 1152 1271 1223 cuique
1294 1152 1608 1223 singulatim
1636 1153 2097 1224 quemadmodum

525 1246 643 1300 vult
670 1247 736 1298 ι’.
776 1245 857 1299 Ac
911 1253 1167 1299 sexcenta
1210 1244 1317 1298 alia
1348 1243 1757 1315 Scripturarum
1810 1246 1928 1301 loca
1975 1245 2099 1301 licet

526 1336 792 1398 invenire,
835 1335 1038 1405 quibus
1072 1335 1485 1390 demonstratur
1517 1335 1667 1405 quod
1709 1334 1895 1389 omnia
1926 1334 2099 1389 subli-

524 1415 635 1479 mia
668 1425 948 1495 Deumque
980 1424 1229 1481 decentia
1272 1426 1515 1489 nomina,
1558 1440 1898 1496 quaecunque
1950 1423 2097 1479 Patri

524 1526 578 1573 et
614 1518 752 1573 Filio
780 1533 810 1571 a
847 1518 1136 1587 Scriptura
1172 1512 1678 1583 accommodantur,
1712 1532 1779 1572 ea
1806 1518 1952 1573 circa
1984 1516 2102 1585 Spi-

526 1608 689 1661 ritum
727 1623 946 1678 quoque
973 1617 1226 1662 sanctum
1258 1608 1683 1673 considerantur
1721 1627 1735 1662 :
1770 1609 2098 1678 incorrupti-

527 1699 712 1755 bilitas
764 1708 818 1755 et
869 1699 1182 1770 integritas,
1228 1699 1531 1765 beatitudo,
1590 1702 1817 1765 bonum,
1854 1702 2096 1771 sapiens,

2200 511 2541 582 παρακαλεϊ⁶
2582 513 2615 581 ὴ
2645 512 2820 574 κτίσις
2855 510 3116 574 δουλεύει,
3138 510 3199 564 τὸ
3224 510 3281 563 δὲ
3308 510 3532 582 Πνεῦμα
3563 510 3784 563 ὲλευθε-
3823 561 3827 563 _

2204 608 2287 676 ροῖ
2308 622 2319 635 ·
2346 606 2378 676 ἡ
2408 605 2583 666 κτίσις
2611 604 2906 673 σοφίζεται,
2937 603 2998 656 τὸ
3025 602 3082 656 δὲ
3107 602 3322 674 πνεῦμα
3340 603 3437 674 τὴν
3459 604 3560 673 τῆς
3582 604 3784 671 σοφίας

2199 698 2380 750 δίδωσι
2414 697 2571 767 χάριν
2597 714 2611 727 ο
2651 699 2685 769 ή
2718 697 2896 759 κτίσις
2931 695 3336 767 μεταλαμϐάνει
3373 696 3483 749 τῶν
3504 696 3783 767 χαρισμά-

2198 789 2390 852 των,τὸ
2406 788 2463 843 δὲ
2485 787 2709 859 Πνεῦμα
2731 788 3083 852 κατεξουσίαν
3102 789 3407 859 χαρίζεται.
3435 808 3453 841 ι
3466 790 3648 843 Πάντα
3665 788 3784 859 γὰρ

2199 880 2371 935 ταῦτα
2395 882 2607 952 ἐνεργεῖ
2632 881 2691 933 τὸ
2707 881 2764 933 ἓν
2786 883 2880 934 καὶ
2906 882 2965 934 τὸ
2985 881 3115 934 αὐτὸ
3142 882 3386 951 Πνεῦμα,
3403 882 3643 955 διαιροῦν
3670 882 3784 952 ίδίᾳ

2200 973 2415 1044 ἑκάστῳ
2440 972 2621 1036 καθὼς
2653 972 2898 1043 βούλεται
2920 989 2933 1002 ’
2968 992 2986 1024 ι
3016 973 3107 1027 καὶ
3162 974 3356 1045 μυρίας
3388 973 3549 1036 ἄλλας
3579 974 3644 1025 ὲκ
3664 973 3782 1026 τῶν

2199 1066 2429 1138 Γραφῶν
2464 1065 2610 1119 ἒστιν
2645 1065 2944 1131 ἀποδείξεις
2964 1068 3165 1138 εὑρεῖν,
3188 1068 3269 1121 ὄτι
3297 1067 3472 1121 πάντα
3500 1066 3569 1119 τὰ
3595 1065 3784 1136 ὑψηλὰ

2200 1159 2291 1211 καὶ
2335 1157 2611 1229 θεοπρεπῆ
2642 1158 2903 1228 ὀνόματα,
2951 1159 3051 1210 ὅσα
3094 1158 3170 1228 τῷ
3200 1158 3373 1230 Πατρὶ
3412 1159 3505 1211 καὶ
3548 1158 3625 1228 τῷ
3660 1158 3783 1228 Υἱῷ

2200 1250 2351 1321 παρὰ
2373 1250 2475 1319 τῆς
2511 1250 2730 1321 Γραφῆς
2764 1250 3153 1320 ὲφαρμόζεται,
3197 1249 3371 1303 ταῦτα
3405 1250 3498 1303 καὶ
3537 1251 3665 1320 περὶ
3712 1250 3785 1302 τὸ

2201 1344 2354 1412 ἅγιον
2379 1342 2661 1415 θεωρεῖται
2691 1342 2915 1413 Πνεῦμα
2940 1360 2953 1373 ’
2989 1344 3021 1412 ἡ
3057 1342 3311 1415 ἁφθορία,
3347 1344 3380 1413 ἠ
3416 1343 3778 1414 μακαριότης,

2199 1434 2260 1489 τὸ
2279 1433 2503 1502 ἀγαθὸν,
2540 1432 2602 1487 τὸ
2630 1432 2811 1502 σοφὸν,
2849 1433 2909 1485 τὸ
2938 1433 3179 1497 δυνατὸν,
3212 1433 3273 1485 τὸ
3304 1432 3525 1499 δίκαιον,
3562 1434 3592 1503 ἡ
3618 1432 3783 1498 ἁγιό-

2199 1544 2297 1595 της
2322 1544 2337 1558 ·
2384 1527 2491 1579 πᾶν
2522 1525 2702 1595 τίμιον
2730 1524 2902 1594 ὄνομα
2932 1523 3105 1587 οὕτως
3134 1504 3348 1591 λέγεται
3382 1524 3475 1577 ἐπὶ
3495 1522 3589 1577 τοῦ
3617 1523 3781 1589 ἁγίου

2202 1612 2538 1686 Πνεύματος,
2570 1615 2645 1680 ὡς
2675 1615 2769 1669 καὶ
2800 1614 2891 1667 ἐπὶ
2924 1614 3019 1668 τοῦ
3046 1614 3257 1685 Πατρὸς
3296 1616 3391 1667 καὶ
3416 1615 3508 1667 ἐπὶ
3530 1613 3623 1667 τοῦ
3644 1613 3783 1666 Υἱοῦ

2200 1709 2435 1777 λέγεται,
2473 1708 2611 1778 πλὴν
2640 1706 2844 1760 τούτων
2883 1707 2949 1760 δι’
2976 1699 3051 1759 ὧν
3107 1709 3162 1759 αί
3201 1705 3526 1770 ὑποστάσεις
3561 1706 3783 1777 τρανῶς

525 1800 742 1860 potens,
778 1790 1011 1859 justum,
1043 1791 1325 1856 sanctitas,
1357 1806 1517 1847 omne
1540 1792 1774 1861 denique
1800 1794 2098 1862 pretiosum

2205 1816 2261 1853 τε
2293 1799 2387 1852 καὶ
2416 1796 2737 1867 άσυγχύτως
2768 1796 2865 1850 ἀπ’
2886 1796 3129 1866 ἀλλήλων
3154 1796 3584 1868 διαχωρίζονται.
3618 1797 3786 1865 Λέγω

527 1891 584 1937 et
619 1883 940 1939 honorabile
971 1899 1169 1939 nomen
1201 1894 1307 1938 tam
1346 1884 1414 1939 de
1453 1884 1656 1955 Spiritu
1686 1895 1902 1949 sancto,
1932 1901 2096 1955 quam

527 1975 595 2031 de
644 1975 803 2031 Patre
854 1984 908 2032 et
954 1975 1092 2030 Filio
1129 1978 1347 2042 dicitur,
1410 1980 1650 2046 exceptis
1693 1977 1780 2042 iis,
1834 1992 1930 2047 pcr
1979 1992 2099 2047 quae

528 2074 848 2145 hypostases
888 2075 1194 2143 perspicue,
1243 2073 1388 2128 clare
1423 2081 1478 2126 et
1526 2074 1733 2143 absque
1778 2071 2099 2128 confusione

528 2171 599 2227 ah
643 2170 876 2225 invicem
922 2179 1270 2238 separantur.
1312 2169 1442 2225 Dico
1489 2179 1670 2224 autem
1724 2170 1868 2240 quod
1922 2184 2100 2238 neque

2203 1891 2259 1944 δὲ
2283 1891 2364 1943 ὅτι
2390 1889 2524 1943 οὔτε.
2541 1888 2730 1960 Πατὴρ
2766 1888 2982 1957 λέγεται
3017 1889 3077 1941 τὸ
3102 1887 3324 1958 Πνεῦμα
3349 1887 3412 1941 τὸ
3450 1887 3622 1955 ἅγιον,
3650 1886 3783 1940 οῦτε

2206 1984 2333 2045 Υίός
2359 2001 2371 2015 ·
2400 1983 2468 2036 τὰ
2492 1982 2547 2035 δὲ
2575 1981 2707 2037 ἄλλα
2721 1982 2820 2035 ὅσα
2845 1983 2873 2034 ὁ
2897 1980 3086 2052 Πατὴρ
3111 1982 3206 2034 καὶ
3230 1982 3259 2033 ὁ
3282 1980 3407 2044 Υἱὸς
3427 1978 3781 2049 ὀνομάζεται,

2204 2077 2376 2131 ταῦτα
2399 2077 2492 2130 καὶ
2520 2076 2598 2147 τῷ
2627 2076 2767 2146 ἁγίῳ
2794 2074 3073 2145 Πνεύματι
3114 2075 3264 2147 παρὰ
3291 2074 3390 2144 τῆς
3419 2074 3638 2146 Γραφῆς
3688 2073 3786 2141 ὲιρο

2206 2168 2521 2240 αρμόζεται.

528 2261 717 2328 Pater,
755 2276 933 2331 neque
964 2259 1136 2314 Filius
1174 2259 1377 2313 dicitur
1423 2259 1661 2330 Spiritus
1707 2268 1970 2325 sanctus;
2007 2266 2201 2313 caetera
2255 2272 2384 2312 vero
2417 2257 2838 2326 quibuseunqne
2905 2254 3223 2310 nominibus
3286 2252 3450 2308 Pater
3485 2263 3541 2308 et
3600 2250 3783 2307 Filius

531 2356 899 2426 appellantur,
930 2369 992 2409 ea
1028 2352 1253 2424 Spiritui
1285 2370 1503 2424 quoque
1534 2362 1727 2410 sancto
1757 2370 1786 2407 a
1817 2354 2100 2424 Scriptura
2140 2352 2488 2422 adaptantur.

600 2511 704 2568 Per
749 2512 853 2566 hoc
910 2511 1074 2581 igitur
1122 2509 1612 2580 deprehendimus,
1666 2510 1809 2579 quod
1863 2508 2099 2578 Spiritus

530 2617 754 2665 sanctus
784 2614 865 2661 est
897 2621 1063 2674 super
1106 2612 1355 2657 naturam
1388 2623 1400 2658 :
1437 2604 1695 2673 quocirca
1737 2602 1826 2655 ubi
1860 2601 2020 2655 Pater
2048 2606 2104 2659 et

2271 2506 2368 2559 and:
2417 2505 2576 2559 τοῦτο
2612 2499 2705 2559 οῦν
2739 2503 3228 2574 καταλαμϐάνομεν
3249 2506 3330 2558 ὄτι
3369 2503 3481 2558 άνω
3520 2504 3620 2572 τῆς
3656 2504 3783 2557 κτί-

2203 2598 2340 2663 σεώς
2378 2602 2494 2653 ἐστι
2526 2598 2588 2652 τὸ
2620 2597 2845 2669 Πνεῦμα
2874 2597 2935 2651 τὸ
2974 2597 3148 2666 ἆγιοψ
3189 2598 3384 2652 οὐκοῦν
3428 2600 3557 2651 ὅπου
3591 2584 3785 2669 Πατὴρ

532 2699 623 2754 ubi
652 2696 825 2753 Filius
863 2694 1199 2765 intelligitur,
1239 2694 1311 2747 ibi
1348 2692 1585 2763 Spiritus
1626 2706 1843 2761 quoque
1876 2697 2100 2746 sanctus

2205 2690 2297 2743 καὶ
2335 2689 2467 2742 ὅπου
2492 2689 2619 2752 Υἱὸς
2656 2690 3018 2755 νοεῖται,.ὲκεῖ
3039 2691 3239 2743 νοεῖται
3262 2690 3354 2742 καὶ
3379 2688 3439 2741 τὸ
3472 2689 3692 2758 Πνεῦμα
3718 2690 3783 2742 τὸ

531 2788 854 2858 intelligitur
904 2804 918 2839 :
969 2798 1094 2839 nam
1136 2799 1303 2853 super
1351 2790 1603 2838 naturam
1640 2780 1799 2836 Pater
1838 2787 1893 2834 et
1928 2778 2100 2834 Filius

2205 2784 2356 2849 ἁγιον
2372 2799 2385 2811 ·
2409 2781 2518 2835 ἄνω
2538 2780 2647 2849 γὰρ
2663 2781 2758 2851 τῆς
2775 2780 3004 2846 κτίσεως
3020 2783 3047 2834 ὁ
3068 2782 3255 2852 Πατὴρ
3268 2782 3509 2847 καὶΥἱὸς,
3525 2782 3660 2853 ὅπερ
3685 2782 3785 2835 καί

530 2890 638 2941 est,
669 2878 817 2949 quod
863 2876 1095 2947 Spiritui
1136 2891 1354 2945 quoque
1386 2874 1779 2943 consequentia
1828 2871 2100 2927 sermonis

2205 2872 2280 2943 τῷ
2309 2872 2445 2942 ἁγίῳ
2470 2871 2746 2942 Πνεύματι
2776 2874 2808 2943 ἡ
2839 2872 3128 2926 ἀκολουθία
3157 2872 3250 2925 τοῦ
3280 2872 3436 2941 λόγου
3469 2884 3785 2943 προσεμαρ-

531 2979 840 3026 attestatur.
873 2968 975 3035 Qui
1004 2968 1170 3036 igitur
1192 2982 1356 3036 supra
1386 2976 1637 3019 naturam
1673 2962 1934 3034 Spiritum
1965 2978 2095 3017 san-

2205 2964 2460 3034 τύρησεν.
2491 2965 2549 3016 '0
2576 2964 2753 3017 τοίνυν
2775 2964 3084 3035 ὑπερτιθεὶς
3106 2966 3203 3035 τῆς
3230 2966 3456 3028 κτίσεως
3480 2964 3538 3017 τὸ
3560 2965 3786 3033 Πνεῦμα

532 3071 678 3117 ctum
714 3060 888 3131 ponit,
916 3065 1320 3131 consequenter
1350 3066 1402 3111 et
1431 3063 1640 3111 rectum
1676 3065 1729 3109 et
1771 3070 1967 3109 sanum
2007 3068 2097 3107 ac-

2206 3057 2265 3109 τὸ
2296 3056 2471 3125 ἆγιον,
2493 3057 2798 3121 ἀκολούθως
2820 3059 2909 3112 τὸν
2935 3059 3091 3129 ὀρθόν
3111 3076 3170 3112 τε
3191 3060 3283 3113 καὶ
3310 3059 3436 3130 ὑγιῆ
3452 3058 3787 3130 παρεδέξατο

530 3155 674 3223 cepit
696 3167 1007 3208 sermonem
1036 3160 1091 3205 et
1119 3151 1454 3221 opinionem.
1488 3149 1663 3203 Unam
1694 3149 1838 3202 enim
1871 3148 2101 3202 conﬁte-

531 3246 681 3300 bitur
713 3251 965 3299 naturam
1005 3257 1115 3297 non
1167 3249 1435 3303 creatam,
1492 3254 1612 3309 quae
1655 3247 1708 3294 et
1749 3239 1803 3292 in
1837 3238 1996 3292 Patre
2047 3246 2101 3293 et

530 3337 671 3393 Filio
694 3346 748 3393 et
775 3337 985 3407 Spiritu
1024 3341 1217 3389 sancto
1251 3334 1656 3389 consideratur.
1698 3331 1966 3398 Quoniam
2012 3346 2104 3384 au-

530 3440 639 3487 tem
670 3432 737 3486 ad
766 3428 1277 3492 demonstrandum,
1316 3435 1376 3480 ut
1420 3434 1636 3496 putant,
1681 3424 1826 3495 quod
1865 3423 2101 3494 Spiritus

532 3531 759 3579 sanctus
791 3530 1009 3576 creatus
1044 3520 1137 3583 sit,
1174 3518 1453 3589 praphette
1485 3532 1674 3571 vocem
1721 3516 1879 3570 nobis
1930 3514 2104 3585 profe-

533 3622 683 3680 runt,
733 3626 855 3682 qua:
906 3612 981 3664 ita
1018 3610 1182 3665 habet
1215 3628 1283 3663 ιι
1317 3608 1421 3674 Qui
1463 3608 1645 3662 ﬁrmat
1686 3608 2014 3670 tonitruum,
2049 3615 2104 3662 et

533 3715 682 3762 creat
735 3704 1013 3773 spiritum,
1062 3711 1117 3756 et
1158 3700 1449 3755 annuntiat
1498 3701 1553 3754 in
1602 3699 1916 3754 hominibus
1954 3697 2106 3751 Chri-

532 3805 675 3857 stum
699 3809 858 3849 suum
889 3793 932 3824 ¹³
958 3810 971 3845 :
999 3811 1018 3845 ι
1040 3792 1142 3847 hoc
1168 3792 1421 3846 convenit
1446 3788 1912 3862 intelligerequod
1935 3790 2101 3844 alium

534 3889 787 3959 spiritum
835 3886 889 3941 in
948 3884 1285 3940 ﬁrmitudine
1332 3884 1561 3939 tonitrui
1616 3883 1881 3954 propheta
1927 3881 2104 3936 creari

531 3980 687 4045 dicit,
728 3991 781 4034 et
818 3994 928 4033 non
963 3977 1226 4048 Spiritum
1265 3982 1514 4031 sanctum
1552 3994 1565 4029 :
1610 3974 1912 4029 tonitruum
1958 3973 2101 4029 enim

530 4072 797 4143 mysticus
840 4085 1022 4128 sermo
1057 4068 1409 4140 Evangelium
1443 4068 1712 4122 nominat.
1749 4066 1962 4133 Quibus
2002 4066 2105 4138 igi-

531 4174 619 4219 tur
652 4163 806 4219 ﬁrma
837 4179 902 4218 ac
932 4164 1149 4219 stabilis
1184 4162 1252 4217 de
1298 4161 1591 4232 Evangelio
1624 4160 1684 4215 ﬁt
1712 4160 1869 4225 ﬁdes,
1913 4160 1969 4214 hi
2009 4175 2107 4230 per

532 4254 698 4310 ﬁdem
732 4261 1019 4308 transeunt
1040 4252 1109 4307 ab
1138 4267 1202 4307 eo
1231 4251 1378 4322 quod
1408 4266 1604 4307 carnes
1628 4257 1778 4314 sunt,
1810 4249 1878 4325 ad
1918 4249 2022 4319 hoc
2048 4258 2107 4303 ut

532 4348 757 4418 spiritus
838 4345 992 4410 ﬂant,
1061 4345 1518 4416 quemadmodum
1591 4343 1725 4397 dicit
1803 4340 2102 4397 Dominus:

2204 3148 2380 3215 λόγον.
2410 3148 2555 3202 Μίαν
2582 3149 2689 3221 γάρ
2717 3150 3038 3222 ὁμολογήσει
3068 3152 3166 3222 τὴν
3188 3152 3439 3206 ἄκτιστον
3472 3151 3653 3219 φύσιν,
3678 3151 3781 3220 τὴν

2202 3238 2261 3289 ἐν
2291 3239 2467 3308 Πατρὶ
2506 3239 2599 3293 καὶ
2626 3239 2740 3309 Υίῷ
2776 3242 2867 3294 καὶ
2892 3240 3171 3311 Πνεύματι
3201 3242 3340 3311 ἁγίῳ
3377 3242 3779 3312 θεωρουμένην.

2215 3328 2368 3382 Ἐπεὶ
2400 3329 2456 3382 δὲ
2484 3332 2562 3394 είς
2590 3331 2978 3395 ἀπόδειξιν,ὡς
3002 3332 3223 3395 οἴονται,
3255 3334 3350 3387 τοῦ
3386 3334 3600 3387 κτιστὸν
3640 3329 3782 3387 εἶναι

2202 3418 2264 3472 τὸ
2286 3412 2519 3490 ’Πνεῦμα
2554 3420 2614 3474 τὸ
2642 3421 2816 3489 ἆγιον,
2845 3421 2942 3493 τὴν
2983 3422 3077 3475 τοῦ
3108 3424 3384 3494 προφήτου
3437 3423 3619 3495 φωνὴν
3643 3424 3781 3493 ἡμῖν

2204 3512 2535 3585 προφέρουσι
2566 3513 2662 3581 τὴν
2691 3513 2981 3581 λέγουσαν·
3022 3534 3039 3565 ι
3063 3513 3127 3569 '0
3158 3514 3392 3586 στερεῶν
3428 3514 3653 3587 βροντὴν
3679 3516 3778 3569 καὶ

2205 3600 2402 3665 κτίζων
2432 3602 2669 3672 πνεῦμα,
2704 3603 2797 3655 κο.)⁵
2836 3604 3192 3671 ἀπαγγέλλων
3221 3604 3301 3667 είς
3339 3603 3659 3674 ἀνθρώπους
3684 3604 3779 3657 τὸν

2205 3693 2437 3763 Χριστὸν
2479 3694 2665 3758 αὐτοῦ,
2700 3714 2718 3745 ι
2771 3694 2932 3748 τοῦτο
2984 3696 3249 3767 προσήκει
3281 3695 3489 3766 νοῆσαι,
3526 3698 3607 3749 ὅτι
3651 3695 3781 3749 ἄλλο

2205 3788 2482 3852 κτίζεσθαι
2504 3787 2717 3858 πνεῦμα
2736 3789 2794 3840 ἐν
2813 3790 2878 3859 τῇ
2901 3787 3322 3859 στερεότητιτῆς
3343 3788 3591 3858 βροντῆς,
3607 3789 3635 3840 ὁ
3655 3804 3783 3858 προ-

2208 3882 2383 3951 φήτης
2430 3880 2596 3949 λέγει,
2640 3880 2733 3933 καὶ
2775 3880 2894 3950 οὐχὶ
2934 3880 2993 3933 τὸ
3033 3879 3187 3947 ἅγιον
3228 3878 3490 3950 Πνεῦμα·
3542 3880 3782 3951 Βροντὴν

2207 3974 2318 4045 γὰρ
2352 3974 2675 4044 ὁμυστικὸς
2704 3972 2861 4041 λόγος
2904 3972 2963 4025 τὸ
2994 3971 3321 4039 Εὑαγγέλιον
3351 3970 3625 4041 ὀνομάζει.
3687 3971 3779 4026 Ἐν

2207 4061 2289 4130 οἷς
2316 4062 2407 4120 οὖν
2435 4066 2642 4134 γίνεται
2666 4064 2858 4135 βεϐαία
2885 4065 2979 4117 καὶ
3007 4064 3337 4135 ἁμετάθετος
3362 4065 3396 4134 ἠ
3417 4064 3496 4126 είς
3514 4063 3575 4115 τὸ
3600 4062 3781 4130 Εὐαγ-

2208 4159 2385 4228 γέλιον
2417 4158 2624 4223 πίστις,
2664 4152 2927 4212 οῦτοιλδιὰ
2954 4157 3051 4224 τῆς
3085 4157 3321 4219 πίστεως
3368 4155 3783 4226 μεταϐαίνουσιν

2210 4250 2318 4304 ἀπὸ
2350 4248 2444 4302 τοῦ
2489 4246 2622 4302 εἶναι
2667 4250 2888 4320 σάρκες,
2919 4250 2999 4311 είς
3042 4248 3103 4300 τὸ
3135 4247 3379 4316 γίνεσθαι
3411 4246 3650 4317 πνεῦμα,
3680 4264 3785 4299 κα-

2213 4340 2320 4407 θὼς
2366 4343 2513 4411 λέγει
2550 4344 2578 4395 ὁ
2620 4341 2851 4413 Κύριος,
2898 4362 2916 4393 ι
2950 4340 3111 4395 ὅτιτὸ
3152 4339 3545 4411 γεγεννημένον
3582 4340 3646 4391 ἐκ
3680 4339 3786 4407 τῆς

536 4457 555 4491 ι
583 4440 737 4506 Quod
756 4446 943 4493 natum
962 4447 1129 4494 estex
1154 4452 1339 4499 carne,
1364 4451 1494 4490 caro
1521 4443 1626 4499 est,
1658 4443 1712 4490 et
1741 4426 1886 4505 quod
1916 4443 2100 4491 natum

2213 4435 2414 4506 σαρκὸς
2438 4408 2579 4506 σάρξ
2597 4408 2746 4488 ἐστι,⁹
2777 4434 2869 4487 καὶ
2890 4433 2948 4486 τὸ
2976 4408 3461 4502 γεγεννημένον-ὲκ
3488 4427 3580 4481 τοῦ
3614 4428 3786 4482 Πνεῦ-

530 4539 616 4585 est
646 4546 715 4585 ex
752 4528 982 4602 Spiritu,
1003 4530 1231 4600 spiritus
1258 4537 1342 4585 est
1371 4529 1439 4583 ".
1464 4548 1483 4582 ι
1525 4528 1669 4584 Deus
1696 4530 1863 4600 igitur
1894 4534 1980 4582 est
2009 4529 2105 4597 qui

600 4796 676 4865 (6)
703 4795 913 4850 Natura
966 4796 1195 4850 subdita.
1252 4794 1443 4859 Κτίσις
1477 4795 1674 4865 legitur
1726 4796 1780 4848 in
1815 4795 1901 4851 his
1964 4796 2099 4851 locis

528 4865 732 4931 Graece,
768 4877 821 4922 et
848 4867 901 4920 in
936 4882 1139 4921 excuso
1162 4875 1214 4921 et
1244 4867 1296 4918 in
1331 4882 1432 4921 ms.
1463 4868 1646 4931 Cant.,
1676 4883 1783 4921 non
1814 4865 2100 4933 quctg,ubi

528 4948 581 4995 et
633 4939 902 5007 interpres
940 4936 1249 5008 Euthymii,
1291 4935 1385 4990 Res
1448 4947 1750 5005 procreatas
1811 4938 1955 5002 duci,
2021 4953 2101 4989 res

529 5019 733 5064 creatas
766 5007 1178 5062 consolationem
1207 5012 1459 5074 accipere,
1492 5025 1570 5061 res
1617 5021 1822 5061 creatas
1860 5024 1970 5060 esse
1993 5023 2103 5060 ser-

529 5097 651 5145 vas;
695 5080 995 5147 eodemque
1055 5080 1217 5132 modo
1272 5087 1430 5146 paulo
1459 5088 1581 5146 post
1614 5097 1625 5131 :
1658 5080 1803 5130 Ι’Λνω
1843 5078 1942 5147 τῆς
1986 5076 2101 5129 κτί-

529 5168 686 5215 σεως,
719 5166 879 5217 supra
910 5158 1179 5213 naturam,
1206 5148 1479 5219 Euthymii
1513 5152 1805 5218 interpres,
1838 5148 2096 5219 Spiritum

526 5230 767 5274 sanctum
838 5219 989 5273 rebus
1054 5220 1243 5274 creatis
1301 5216 1411 5273 esse
1464 5216 1905 5288 pra'stantiorem.
1977 5216 2100 5271 Mox

525 5293 689 5345 etiam
746 5292 949 5345 citatur
995 5293 1146 5344 locus
1190 5291 1357 5343 Amos
1430 5290 1704 5358 prophetae
1758 5305 1831 5350 tv,
1894 5288 1982 5351 15,
2044 5290 2099 5339 Ὀ

529 5360 762 5430 mapsth
799 5360 1049 5433 βροντήν.
1086 5361 1369 5433 Quiftrmo
1404 5357 1725 5433 tonitruum,
1754 5369 1804 5433 et
1830 5375 1947 5433 creo
1980 5357 2101 5426 Spi-

528 5429 710 5497 ritum,
742 5429 997 5501 quodque
1041 5433 1143 5487 sub
1186 5430 1352 5501 linem
1403 5431 1525 5484 libri
1566 5429 1922 5500 ὲυαγγελικὴν
1990 5448 2100 5501 φωτ

526 5502 645 5573 νήν,
677 5500 837 5556 vertit
891 5501 1132 5567 Silanus,
1170 5500 1545 5569 Evangelicum
1592 5502 1901 5564 tonitruum,
1958 5500 2100 5570 apud

601 5774 645 5805 ¹²
685 5770 705 5825 l
743 5774 866 5827 Cor.
905 5790 1001 5842 xtt,
1038 5777 1121 5830 Η.

2217 4544 2383 4598 ματος
2404 4525 2618 4597 πνεῦμά
2639 4527 2771 4578 ἐστι.
2796 4543 2813 4576 ι
2848 4523 2979 4587 Θεὸς
3011 4520 3106 4576 οὖν
3131 4525 3160 4575 ὁ
3184 4521 3271 4575 διὰ
3296 4520 3388 4574 τοῦ
3417 4522 3786 4590 στερεοποιείν

2210 4792 2558 4863 Enthymium
2618 4790 2699 4863 sic
2729 4788 2960 4863 effertur
2982 4789 3187 4863 aptius,
3225 4802 3400 4863 vocem
3422 4785 3787 4863 euangelicum

2207 4856 2531 4918 credentibus
2555 4862 2894 4930 conﬁrmans.
2929 4856 3102 4911 Solvit
3148 4859 3391 4912 eamdem
3418 4856 3786 4930 objectionem

2202 4952 2268 4988 ex
2293 4934 2572 5001 Propheta).
2608 4925 2725 4985 loco
2756 4932 3097 5001 desutnptatn
3141 4929 3404 5001 adversus
3436 4926 3675 5001 Spiritus
3697 4925 3788 4979 di-

2204 4998 2482 5057 vinitatem
2534 5002 2869 5055 Athanasius
2914 4999 2975 5069 in
3009 5000 3171 5069 epist.
3210 4998 3277 5069 ad
3313 4998 3670 5067 Serapionem
3707 5004 3785 5069 pet

2198 5074 2523 5128 Ambrosius
2579 5073 2671 5126 lib.
2717 5087 2787 5134 It,
2840 5071 2906 5124 de
2956 5066 3164 5138 Spiritu
3238 5066 3472 5138 Sancto,
3511 5082 3655 5138 _cap.
3706 5066 3784 5129 7,

2200 5149 2289 5214 qui
2335 5145 2461 5213 legit
2498 5151 2589 5214 au_t
2620 5135 3288 5214 elfert_hunc__v_e_tfsumut
3313 5136 3490 5214 est_in_
3511 5135 3786 5214 Vaticana

2198 5206 2327 5269 edit.
2357 5206 2411 5267 εἴ
2442 5214 2496 5283 in
2540 5211 2882 5283 Germanicis
2936 5210 3152 5283 liibliis.
3219 5209 3347 5261 Ἰδοὺ
3399 5206 3513 5283 εγὼ
3544 5207 3788 5283 στερεῷν

2203 5279 2455 5356 βροντὴν,
2477 5284 2570 5337 καὶ
2605 5282 2801 5346 κτίζων
2827 5280 3065 5356 πνεῦμα.
3098 5279 3230 5333 Ecce
3257 5295 3348 5356 ego
3381 5280 3605 5356 ﬁrmans
3642 5279 3788 5330 toni-

2204 5348 2399 5419 iruum,
2431 5365 2481 5407 et
2534 5370 2719 5407 creans
2756 5348 3164 5420 spiritum,_non
3195 5358 3253 5404 ut
3284 5348 3337 5403 in
3379 5348 3784 5420 Complutens.,

2199 5437 2251 5481 et
2271 5416 2623 5489 Plantinian.,
2638 5416 2991 5493 διότιΚύριος
3010 5416 3060 5474 εἶ
3084 5420 3339 5493 στερεῶν.
3358 5419 3500 5487 Quia
3523 5417 3783 5472 Dominus

2198 5515 2251 5551 es
2275 5496 2496 5565 ﬁrmans
2524 5498 2836 5551 tonitruum.
2869 5496 2943 5548 lo.

1210 5776 1253 5808 ¹⁸
1282 5775 1447 5831 Amos
1485 5791 1557 5844 tv,
1598 5775 1683 5831 i3.
1760 5775 1805 5807 “
1842 5773 2000 5831 Joan.
2039 5789 2120 5842 tn,
2162 5774 2215 5831 6.
