3978 6504
561 396 660 451 NI

1772 398 1826 454 S.
1871 403 2197 460 GREGORII
2256 405 2545 460 NYSSENI

3720 405 3817 462 HS

562 523 715 568 rtute
741 512 1001 581 suscepit,
1039 511 1085 565 si
1108 518 1289 567 tamen
1309 510 1360 567 id
1389 510 1628 567 hominis
1660 512 1830 570 fuisse
1847 518 2125 573 consilium

2239 538 2337 589 την
2385 521 2738 589 λογίσασθαι,
2773 524 2867 575 καὶ
2900 522 2976 593 μὴ
3026 523 3175 577 Θείαν
3208 522 3328 579 τινά
3358 525 3674 597 συμμαχίαν
3720 523 3823 576 τοῦ

562 606 896 662 censendum
931 616 1037 669 est,
1064 620 1127 659 ac
1152 619 1259 659 non
1291 604 1532 659 divinum
1563 606 1839 675 quoddam
1870 609 2134 665 auxilium

560 703 705 771 ejus,
743 702 836 769 qui
878 699 1177 754 humanum
1222 712 1395 767 genus
1433 706 1633 753 nostra:
1680 700 1930 755 utilitatis
1965 716 2135 757 causa

560 794 849 862 gubernat.
889 790 1025 845 Cum
1049 806 1180 860 ergo
1233 788 1609 860 magnitudine
1666 790 1743 845 rei
1794 801 1907 845 tum
1945 793 2135 847 obstu-

560 883 825 953 puissem,
851 882 945 951 qui
999 890 1183 937 tantus
1212 881 1301 935 ille
1331 882 1432 945 vir,
1475 896 1666 952 magna
1705 882 1858 953 prius
1888 882 2132 939 imbutus

558 974 817 1044 perﬁdia,
851 973 1173 1031 evcellentia
1225 972 1350 1027 lidci
1415 973 1635 1028 modum
1678 974 1917 1043 perﬁdiae
1970 992 2131 1045 supe-

560 1075 758 1130 rasset,
802 1076 966 1137 atque
995 1067 1047 1121 in
1082 1080 1375 1136 progressu
1402 1068 1657 1135 colloquii
1694 1068 1864 1124 nostri
1898 1069 1966 1127 de
2018 1070 2131 1126 fato

560 1161 847 1216 incidisset
886 1174 1101 1214 sermo:
1160 1159 1467 1227 praecepisti
1511 1160 1677 1222 mihi,
1717 1162 2024 1217 venerabile
2074 1171 2130 1217 et

559 1266 776 1307 sacrum
817 1259 1004 1320 caput,
1046 1249 1553 1320 utdisputationem
1578 1252 1646 1306 de
1684 1253 1787 1306 hoc
1807 1264 2129 1323 argumento

558 1348 612 1397 in
644 1358 838 1413 magna
883 1342 1231 1398 Constantini
1269 1345 1401 1397 urbe
1439 1357 1562 1396 cum
1608 1344 1843 1412 quodam
1883 1344 2128 1414 philoso-

558 1436 665 1506 pho
684 1434 924 1489 habitam
961 1436 1057 1490 tibi
1089 1434 1410 1505 perlitteras
1427 1434 1781 1503 explicarem.
1821 1434 1976 1499 Quod
2005 1450 2129 1505 pau-

558 1530 667 1587 lum
704 1528 799 1585 otii
839 1535 1055 1592 nactus,
1080 1526 1287 1597 paucis,
1318 1525 1566 1580 oratione
1598 1534 1863 1595 quantum
1897 1526 2011 1583 ﬁeri
2040 1542 2128 1597 po-

558 1628 666 1673 test
703 1627 1009 1677 contracta.
1038 1618 1272 1688 simplici
1311 1616 1642 1687 minimeque
1671 1617 1947 1672 elaborata
1994 1634 2125 1672 nar-

556 1711 771 1765 ratione
797 1708 1018 1775 faciam,
1053 1710 1215 1779 idque
1251 1710 1330 1764 vel
1358 1710 1591 1765 maxime
1616 1710 1854 1776 cavebo,
1890 1726 1957 1765 ne
2005 1712 2125 1781 epi-

554 1802 704 1857 stulte
731 1801 950 1855 modum
993 1801 1243 1865 excedat,
1277 1811 1438 1870 atque
1476 1801 1541 1855 ad
1568 1800 2123 1873 historiazlongitudi-

554 1909 677 1948 Item
717 1892 1097 1962 protendatur.

627 1984 798 2039 Verba
833 1984 932 2039 feci
968 1984 1222 2038 nonnulla
1260 1984 1327 2039 de
1357 1991 1541 2038 nostra
1575 1984 1834 2055 religione
1863 1986 1980 2040 viro
2009 1986 2127 2040 cui-

550 2078 675 2131 dam
716 2084 953 2130 externas
989 2074 1339 2145 philosophia:
1360 2115 1375 2139 ,
1420 2084 1478 2129 ιιι
1511 2091 1577 2130 ex
1605 2076 1765 2131 dictis
1795 2077 1914 2147 ejus
1952 2079 2128 2147 conji-

550 2180 675 2220 cere
705 2165 917 2229 licebat,
960 2164 1105 2218 haud
1141 2164 1380 2228 indocto,
1413 2164 1570 2235 eique
1602 2165 1929 2236 persuadere
1954 2183 2125 2226 cona-

550 2258 670 2321 bar,
702 2264 761 2310 ut
791 2272 820 2309 a
864 2256 1051 2311 Graeca
1087 2256 1477 2326 superstitione
1502 2260 1553 2311 in
1584 2265 1823 2312 nostram
1854 2259 2123 2314 concede-

550 2357 634 2403 ret
676 2348 1020 2402 sententiam.
1071 2346 1253 2403 Multis
1291 2350 1436 2403 enim
1492 2349 1846 2405 conﬁrmabat
1901 2367 2008 2406 non
2069 2353 2123 2407 in

550 2447 739 2496 nostra
768 2446 1033 2509 potestate
1058 2454 1179 2493 esse
1204 2441 1595 2495 sententiarum
1633 2442 1799 2495 animi
1832 2442 2121 2508 delectum,

551 2529 646 2585 sed
672 2529 908 2601 pendere
930 2530 1206 2585 hominum
1233 2534 1395 2586 vitam
1420 2548 1486 2587 ex
1515 2536 1841 2591 necessitate
1863 2538 2121 2607 quadam,

550 2622 669 2677 sine
695 2638 801 2692 qua
832 2623 965 2676 nihil
998 2624 1111 2677 tieri
1142 2633 1325 2694 posset
1353 2641 1539 2679 eormn
1570 2643 1691 2695 qua:
1725 2627 1916 2684 ﬁerent
1941 2632 1992 2685 in
2023 2647 2121 2685 no-

550 2714 657 2768 bis.
695 2715 874 2782 Atque
911 2714 964 2767 in
1002 2714 1149 2768 hunc
1180 2716 1400 2770 modum
1432 2718 1734 2773 orationem
1772 2736 1947 2774 meam
2003 2722 2123 2776 elu-

551 2802 736 2869 debat,
773 2806 817 2858 si
845 2805 1063 2875 quidem
1093 2806 1198 2875 ipsi
1235 2805 1398 2863 fatale
1418 2818 1565 2865 esset
1587 2810 1699 2865 licri
1722 2810 2117 2878 Christianum,

549 2894 793 2952 futurum
831 2911 890 2951 se
919 2896 1142 2951 omnino
1183 2899 1267 2952 vel
1296 2899 1606 2956 nolentibus
1640 2904 1844 2969 nobis;
1903 2907 1987 2959 sin
2025 2908 2119 2960 I'ati

546 2992 877 3046 necessitate
902 2991 1302 3060 prohiberetur,
1328 2991 1437 3047 lato
1466 3009 1526 3048 se
1549 2995 1655 3050 vim
1680 2995 1940 3052 adhibere
1968 3000 2119 3053 nulla

548 3081 758 3135 ratione
794 3096 973 3151 posse.
1009 3080 1133 3139 Haec
1163 3082 1252 3137 ille
1285 3098 1406 3139 cum
1432 3083 1656 3148 diceret,
1694 3086 1745 3138 id
1774 3101 1896 3140 eum
1932 3104 2115 3159 agere,

546 3173 627 3225 uti
660 3174 954 3229 verisimile
1000 3183 1153 3239 erat,
1188 3174 1488 3230 arbitratus
1529 3191 1674 3239 sum,
1709 3184 1766 3229 ut
1796 3178 2000 3233 Graeca:
2025 3196 2118 3233 su-
2149 3214 2190 3269 ο

546 3266 811 3337 perstioui
846 3266 1062 3335 penitus
1088 3265 1364 3328 addictus,
1408 3269 1541 3321 nihil
1576 3269 1642 3323 de
1666 3270 1978 3325 Christiana
2011 3273 2115 3327 title

549 3354 878 3419 admitteret,
914 3364 1075 3425 atque
1110 3356 1183 3408 ita
1218 3371 1442 3411 cursum
1484 3367 1686 3413 nostra:
1715 3362 1980 3417 orationis
2006 3362 2115 3415 im-

547 3450 775 3527 pediret.
806 3449 1003 3507 Eadem
1028 3451 1173 3504 enim
1200 3466 1414 3521 semper
1435 3451 1716 3507 inculcare
1742 3469 1850 3508 non
1883 3454 2111 3519 destitit,

549 3648 696 3696 rum,
729 3633 887 3703 cujus
935 3635 1091 3688 nutui
1133 3634 1417 3689 obedirent
1458 3637 1738 3699 universa,
1767 3638 1888 3691 vita:
1922 3640 2117 3694 modus

552 3741 616 3783 ac
648 3724 770 3785 linis
795 3764 810 3789 ,
843 3724 1235 3781 dissimilitudo
1270 3744 1453 3783 rerum
1486 3769 1501 3795 ,
1534 3730 1751 3785 diversa
1792 3746 1991 3800 genera
2040 3734 2121 3785 vi~

551 3817 733 3882 vendi,
766 3833 1058 3890 corporum
1107 3822 1451 3885 constitutio,
1496 3823 1894 3893 inaequalitates
1944 3826 2118 3880 hono-

549 3924 709 3977 rum,
744 3923 802 3967 ut
842 3912 1069 3982 imperio
1109 3914 1342 3988 quisque
1390 3916 1595 3985 potitus
1627 3918 1678 3970 in
1716 3926 1986 3988 potestate
2027 3921 2121 3973 ha-

549 4003 675 4061 beat
705 4006 909 4069 omnia,
935 4022 1056 4075 qua:
1073 4008 1123 4062 ei
1155 4009 1264 4062 sint
1286 4007 1496 4073 fatalia,
1524 4019 1618 4064 aut
1646 4012 1850 4066 serviat
1870 4014 2119 4067 eamdem

554 4094 626 4148 ob
660 4111 905 4159 causam,
938 4097 1091 4153 dives
1122 4098 1250 4152 item
1288 4101 1359 4153 sit
1389 4108 1483 4153 aut
1520 4118 1747 4172 pauper,
1791 4103 1964 4157 valeat
1996 4119 2122 4157 cor-

550 4200 684 4259 pore
721 4187 805 4240 vel
832 4196 1089 4257 aagrotet;
1114 4189 1405 4259 brevisque
1439 4199 1492 4245 et
1519 4192 1690 4261 longa:
1723 4195 1843 4247 vita:
1868 4194 2115 4249 eamdem

552 4294 678 4334 esse
705 4293 950 4334 causam.
987 4279 1123 4335 Nam
1169 4283 1283 4337 sive
1312 4283 1436 4353 quis
1466 4285 1662 4354 exiguo
1694 4294 1937 4355 tempore
1973 4288 2123 4342 vive-

549 4376 657 4432 ret,
696 4370 811 4424 sive
842 4371 1007 4424 vitam
1044 4371 1261 4442 longius
1307 4374 1656 4452 produceret,
1687 4392 1796 4430 non
1825 4393 1887 4432 ex
1919 4378 2121 4449 impetu

552 4469 651 4520 aut
679 4459 964 4518 aﬂ‘ectione
992 4463 1225 4531 quadam
1259 4465 1499 4534 propria,
1538 4467 1632 4525 sed
1664 4483 1729 4522 ex
1759 4468 1850 4521 illa
1884 4470 2124 4526 necessi-

2239 609 2569 672 διοικοῦντος
2610 611 2697 662 ἐπ’
2729 611 2919 681 ἀγαθῷ
2955 610 3017 663 τὸ
3042 612 3399 684 ἀνθρώπινον.
3450 612 3581 666 Τότε
3624 613 3688 683 δη
3724 630 3818 683 μοι

2236 701 2373 770 πρὸς
2416 702 2475 755 τὸ
2510 702 2809 771 παράδοξον
2864 704 3302 775 ἐκπεπληγμένῳ
3348 703 3441 757 τοῦ
3493 704 3773 773 θαύματος
3799 720 3813 734 ⁸

2236 790 2352 854 πῶς
2392 792 2420 843 ὁ
2452 792 2691 855 τοιοῦτος
2726 796 2783 847 ἐν
2818 794 3045 865 ἀπιστίᾳ
3079 796 3139 846 τὸ
3169 795 3453 865 πρότερον,
3507 793 3816 849 πολλαπλάο

2237 898 2348 935 σιον
2377 881 2452 953 τῷ
2486 882 2701 955 μεγέθει
2727 884 2825 954 τῆς
2852 884 3083 946 πίστεως
3106 885 3405 954 ὑπερέϐαλε
3428 885 3524 954 τῆς
3557 886 3816 948 ἀπιστίας

2233 974 2293 1025 τὸ
2322 973 2517 1045 μέτρον
2539 1014 2554 1039 ,
2591 976 2776 1051 ἐπειδή
2808 993 2891 1043 τις
2917 975 3213 1047 προϊούσης
3242 978 3371 1046 ἡμῖν
3401 976 3498 1043 τῆς
3529 977 3816 1039 συνουσίας

2232 1064 2342 1116 τῶν
2370 1066 2510 1118 κατὰ
2538 1067 2637 1136 τὴν
2665 1068 3004 1137 εἱμαρμένην
3033 1067 3377 1137 ζητουμένων
3426 1067 3579 1134 λόγος
3620 1068 3814 1120 ἐνέπε-

2234 1174 2347 1219 σεν,
2372 1156 2661 1223 ἐπέταξας,
2692 1152 2736 1210 ὦ
2767 1158 2921 1228 τιμία
2959 1176 3047 1229 μοι
3077 1159 3171 1211 καὶ
3193 1158 3313 1228 ἱερά
3344 1158 3572 1229 κεφαλὴ,
3598 1158 3696 1228 τὴν
3720 1175 3817 1226 γεο

2231 1248 2460 1319 νομένην
2504 1250 2639 1319 πρός
2682 1267 2803 1303 τινα
2854 1250 2961 1302 τῶν
3014 1250 3319 1320 φιλοσόφων
3364 1249 3596 1314 διάλεξιν
3635 1252 3693 1303 ἐν
3746 1252 3815 1320 τῇ

2233 1338 2440 1410 μεγάλῃ
2472 1339 2565 1392 τοῦ
2604 1341 3010 1393 Κωνσταντίνου
3044 1340 3194 1394 πόλει
3228 1342 3354 1411 περὶ
3376 1341 3476 1410 τῆς
3498 1342 3817 1403 ὑποθέσεως

2228 1430 2430 1502 ταύτης
2482 1432 2775 1505 ἐγγράφως
2819 1449 2900 1485 σοι
2952 1432 3019 1485 δι’
3081 1433 3366 1503 ἐπιστολῆς
3424 1431 3812 1503 διηγήσασθαι.

2230 1524 2446 1594 Μικρᾶς
2479 1523 2653 1577 τοίνυν
2696 1522 2965 1595 ἐπιτυχὼν
3002 1525 3217 1597 σχολῆς,
3238 1524 3301 1577 δι’
3341 1526 3556 1598 ὀλίγων,
3596 1525 3671 1588 ώς
3703 1518 3816 1576 οἷόν

2227 1630 2285 1664 τε
2307 1655 2320 1675 ,
2352 1612 2632 1684 συντεμὼν
2664 1613 2755 1665 τὸν
2789 1613 2965 1682 λόγον,
3011 1615 3293 1686 ἐκτίθεμαί
3332 1634 3412 1669 σοι
3437 1619 3493 1669 ἐν
3524 1614 3682 1684 ἀπλῷ
3722 1615 3817 1667 καὶ

2226 1704 2689 1774 ἀκατασκευάστῳ
2707 1704 2865 1775 διηγή
2875 1722 3021 1775 ματι’
3040 1706 3439 1778 φυλασσόμενος
3456 1708 3536 1759 ὅτι
3557 1707 3815 1777 μάλιστα,

2227 1795 2288 1848 τὸ
2313 1796 2386 1867 μὴ
2406 1798 2593 1866 πόρρω
2614 1796 2721 1850 τῶν
2750 1796 3173 1867 ἐπιστολιμαίων
3199 1798 3414 1869 μέτρων
3442 1799 3697 1852 ἐκπεσεῖν
3721 1801 3815 1853 τὸν

2154 1872 2196 1927 Β
2226 1886 2382 1955 λόγον
2416 1888 2494 1950 είς
2524 1887 2917 1959 λογογραφικὸν
2953 1888 3127 1959 μῆκος
3155 1891 3593 1960 ἀποτεινόμενον.

2300 1978 2581 2047 Προσῆγον
2622 1977 2732 2046 ἐγώ
2762 1996 2913 2042 τινας
2948 1978 3047 2049 τῆς
3083 1979 3205 2034 καθ’
3232 1982 3379 2050 ἡμᾶς
3411 1981 3693 2045 εὐσεϐείας
3720 1982 3813 2035 λό-

2227 2084 2354 2135 γους
2406 2067 2559 2138 ἀνδρί
2601 2085 2705 2121 τινι
2738 2069 3154 2141 πεπαιδευμένῳ
3192 2071 3289 2142 τὴν
3324 2071 3428 2137 ἐξω
3476 2072 3688 2141 σοφίαν.
3733 2072 3814 2136 ὡς

2226 2161 2352 2230 ἐνῆν
2398 2162 2461 2215 ἐκ
2506 2160 2613 2214 τῶν
2658 2162 2967 2232 λεγομένων
3020 2163 3425 2234 στοχάσασθαι,
3465 2165 3559 2217 καὶ
3602 2154 3811 2217 πείθειν

2226 2254 2540 2324 ἐπεχείρουν
2564 2256 2629 2308 ἐκ
2659 2254 2750 2307 τοῦ
2795 2253 3149 2325 Ἑλληνισμοῦ
3180 2256 3315 2323 πρὸς
3343 2256 3439 2325 τὴν
3473 2256 3811 2323 συγκατάθε-

2228 2361 2309 2399 σιν
2336 2344 2428 2397 τοῦ
2462 2345 2581 2399 καθ’
2616 2347 2761 2418 ἡμᾶς
2804 2346 3069 2415 δόγματος
3108 2346 3527 2416 μετατάξασθαι.
3570 2348 3721 2399 Ἐπεὶ
3750 2347 3809 2400 δὲ

2227 2437 2391 2500 πολὺς
2420 2432 2487 2510 ἦν
2514 2438 2939 2501 κατασκευάζων
2967 2438 3040 2508 μὴ
3063 2440 3179 2493 κατ’
3207 2438 3453 2501 ἐξουσίαν
3484 2439 3807 2510 προκεῖσθαι

2222 2532 2333 2592 τοῖς
2382 2530 2723 2600 βουλομένοις
2764 2530 2871 2583 τῶν
2920 2532 3063 2583 κατά
3110 2530 3335 2601 γνώμην
3395 2532 3490 2601 τὴν
3555 2532 3807 2601 αἵρεσινδ

2223 2620 2359 2674 ἀλλὰ
2386 2622 2473 2675 διά
2500 2638 2642 2684 τινος
2678 2620 2925 2686 ἐξάπτων
2967 2622 3211 2693 ἀνάγκης
3244 2624 3343 2693 τὴν
3372 2624 3477 2675 τῶν
3502 2622 3807 2693 ἀνθρώπων

2224 2711 2388 2783 ζωὴν,
2407 2709 2473 2783 ἦς
2496 2712 2623 2767 ἄνευ
2658 2712 2732 2785 μὴ
2762 2713 2826 2765 ἄν
2849 2731 2901 2767 τι
2925 2714 3176 2782 γενέσθαι
3205 2715 3312 2767 τῶν
3341 2716 3399 2766 ἐν
3430 2716 3558 2785 ἡμῖν
3585 2714 3811 2783 γινομέ-

2223 2823 2347 2858 νων.
2386 2806 2495 2858 Κα“ι
2522 2806 2696 2876 τούτῳ
2727 2805 2804 2876 τῷ
2837 2806 2979 2877 λόγῳ
3014 2806 3105 2859 τὸν
3133 2806 3261 2877 ἐμὸν
3302 2808 3674 2878 παρεκρούετο
3715 2808 3808 2858 M-

2221 2916 2315 2968 γον
2336 2916 2348 2928 ’
2388 2899 2463 2961 ώς
2494 2901 2541 2952 εἱ
2582 2899 2679 2969 μὲν
2712 2899 2966 2970 εἵμαρται
3009 2900 3157 2971 αὐτῷ
3188 2900 3441 2969 γενέσθαι
3475 2899 3809 2970 Χριστιανῷ,

2221 2992 2507 3062 γενήσεται
2548 2991 2762 3057 πάντως
2800 2991 2900 3044 κᾶν
2947 2993 3108 3062 ἡμεῖς
3150 2991 3224 3063 μὴ
3269 2990 3587 3061 βουλώμεθα
3616 3007 3627 3019 ·
3658 2993 3707 3043 εἱ
3744 2992 3807 3043 δέ

2222 3082 2480 3135 κωλύοιτο
2501 3083 2566 3153 τῇ
2593 3082 2692 3150 τῆς
2716 3083 3057 3154 εἱμαρμένης
3089 3083 3323 3154 ἀνάγκῃ,
3359 3081 3433 3155 μὴ
3460 3080 3523 3134 ἂν
3548 3080 3807 3149 γενέσθαι

2222 3173 2445 3226 δυνατὸν
2492 3175 2731 3242 ἐξευρεῖν
2771 3192 2893 3227 τινα
2949 3177 3194 3245 μηχανὴν
3240 3175 3273 3247 ἢ
3315 3174 3414 3245 τὴν
3467 3172 3808 3244 εἱμαρμένην

2226 3265 2495 3334 βιάσεται.
2537 3264 2719 3318 Ταῦτα
2761 3266 3029 3334 λέγοντος,
3061 3266 3170 3335 ἐγὼ
3214 3267 3334 3338 μὲν,
3377 3268 3512 3336 ὅπερ
3542 3266 3686 3329 εἰκὸς
3713 3261 3805 3336 ἦν,

2226 3356 2445 3425 φεύγειν
2472 3357 2627 3427 ᾤμην
2665 3358 2825 3411 αὐτὸν
2857 3360 2916 3410 τὸ
2954 3359 3141 3429 μαθεῖν
3168 3376 3222 3410 τι
3261 3360 3389 3429 περὶ
3429 3358 3528 3427 τῆς
3567 3358 3808 3421 πίστεως

2170 3489 2182 3503 .
2223 3447 2301 3513 τῷ
2354 3445 2687 3517 Ἑλληνισμῷ
2736 3447 2825 3509 διὰ
2866 3448 3062 3517 βάθους
3108 3449 3443 3517 ἐγκείμενον,
3488 3448 3582 3502 καὶ
3627 3445 3808 3518 τούτῳ

549 3543 730 3595 omnia
769 3541 915 3595 latali
952 3543 1196 3612 subjecta
1225 3558 1346 3598 esse
1376 3544 1725 3608 necessitati,
1758 3545 1991 3603 domina:
2030 3563 2117 3601 re.
2163 3580 2181 3622 νς

2223 3541 2302 3613 τῷ
2331 3543 2518 3614 τρόπῳ
2541 3544 2638 3614 τὴν
2678 3541 2996 3602 ἀκολουθίαν
3037 3540 3130 3594 τοῦ
3161 3540 3430 3612 ἡμετέρου
3470 3541 3807 3611 παρακρούε-

2228 3633 2349 3686 σθαι
2374 3634 2553 3701 λόγου.
2592 3634 2744 3686 Ἑπεὶ
2780 3633 2833 3686 δὲ
2860 3633 2959 3685 ούκ
2996 3632 3135 3685 ἀνίει
3167 3634 3279 3694 τοῖς
3300 3632 3481 3693 αὐτοῖς
3508 3630 3804 3700 ἐπιμένων,

2227 3726 2401 3785 πάντα
2426 3726 2598 3794 λέγων
2622 3725 2949 3795 ύπεζεῦχθαι
2971 3727 3035 3795 τῇ
3062 3724 3162 3794 τῆς
3192 3724 3530 3795 εἱμαρμένης
3559 3723 3802 3795 ἀνάγκη,

2226 3819 2483 3887 κάκείνην
2510 3820 2816 3871 ἐπιστατεῖν
2844 3817 2949 3869 τῶν
2978 3817 3165 3879 ὄντων,
3192 3817 3285 3870 καὶ
3306 3819 3372 3887 τῇ
3404 3819 3575 3887 τροπῇ
3602 3816 3807 3886 ταύτης

2229 3914 2403 3966 πάντα
2441 3911 2770 3965 ὑποκύπτειν
2821 3909 2889 3963 τὰ
2930 3909 3092 3972 ὄντα,
3148 3908 3292 3979 ζωῆς
3338 3925 3397 3963 τε
3453 3909 3667 3978 μέτρα,
3709 3909 3809 3961 xa't

2227 4002 2372 4071 ἠθῶν
2401 4002 2681 4073 διαφοράς,
2710 4002 2801 4054 καὶ
2832 4000 2960 4069 βίων
2992 4000 3249 4071 αἱρέσεις,
3280 4001 3375 4052 καὶ
3402 3999 3668 4068 σωμάτων
3710 4015 3804 4051 κα·

2227 4095 2493 4157 τασκευάς
2517 4135 2530 4157 ,
2572 4097 2662 4148 καὶ
2712 4094 2810 4157 τὰς
2841 4092 2948 4145 τῶν
2980 4091 3308 4162 ἀξιωμάτων
3347 4089 3690 4160 ἀνωμαλίας·
3727 4089 3804 4152 ὡς

2228 4190 2413 4260 ἄρχειν
2441 4206 2499 4240 τε
2525 4188 2739 4250 πάντως
2768 4187 2855 4239 τὸν
2884 4184 3003 4240 καθ’
3028 4182 3364 4255 εἱμαρμένην
3386 4182 3477 4234 ἐπὶ
3503 4183 3600 4251 τὴν
3628 4179 3804 4251 ἀρχὴν

2230 4282 2522 4352 παριόντα,
2563 4279 2833 4333 δουλεύειν
2862 4294 2921 4329 τε
2959 4276 3100 4330 κατὰ
3140 4278 3239 4344 τὴν
3266 4272 3432 4344 αὐτὴν
3473 4273 3669 4334 αἰτίαν,
3708 4272 3803 4324 καὶ

2231 4371 2474 4424 πλουτεῖν
2504 4368 2761 4431 ὡσαύτως
2788 4367 2879 4420 καὶ
2914 4364 3170 4418 πένεσθαι
3196 4381 3209 4394 ⁸
3245 4361 3519 4435 ἐῤῥῶσθαί
3547 4378 3605 4412 τε
3640 4359 3804 4412 πάλιν

2230 4463 2306 4534 τῷ
2337 4462 2575 4532 σώματι,
2611 4461 2704 4514 καὶ
2736 4458 2974 4522 ἀσθενῶς
2996 4458 3137 4528 ἔχειν
3157 4474 3170 4490 ο
3214 4456 3274 4508 τό
3306 4471 3365 4507 τε
3392 4453 3678 4523 ὠκύμορον
3709 4454 3803 4506 καὶ

554 4562 663 4611 tate
720 4570 839 4608 eam
904 4555 1080 4609 anatis
1106 4555 1475 4611 diversitatem
1526 4560 1811 4615 exsistere.
1855 4559 1986 4614 Tam
2027 4576 2120 4616 vo-

2229 4556 2285 4608 τὸ
2317 4553 2630 4625 μακρόϐιον,
2652 4552 2747 4622 τὴν
2770 4551 2937 4621 αὐτὴν
2968 4550 3080 4619 ἔχει
3106 4547 3180 4622 [ν]
3205 4548 3482 4602 alsia.va
3507 4565 3566 4600 τε
3604 4546 3711 4617 γάρ
3744 4548 3805 4599 ἐν

552 4644 846 4701 luutariam
897 4662 1060 4715 quam
1106 4658 1351 4707 coactam
1398 4659 1626 4704 mortem
1675 4653 1742 4707 ab
1779 4652 1968 4707 eadem
2023 4670 2119 4709 ne-

554 4740 809 4792 cessitate
857 4738 1053 4793 sortito
1098 4739 1345 4794 decerni.
1387 4740 1543 4798 \‘aria
1608 4759 1805 4812 genera
1865 4746 2116 4798 violenta:

555 4826 702 4882 uecis
753 4835 973 4895 propter
1011 4827 1249 4883 incertos
1294 4844 1478 4898 casus,
1517 4832 1631 4886 sive
1665 4833 2079 4889 sull‘oeationem
2105 4871 2121 4898 ,

554 4918 670 4972 sive
704 4918 1030 4975 sententiam
1065 4918 1314 4989 judicum
1344 4962 1358 4985 ,
1396 4922 1510 4978 sive
1562 4924 1793 4981 insidias
1845 4926 2123 4980 imminen-

552 5018 667 5073 tes;
699 5009 884 5064 clades
922 5022 1181 5079 praeterea
1226 5012 1312 5067 his
1336 5014 1507 5084 magis
1535 5029 1856 5070 conununcs
1881 5054 1896 5080 ,
1930 5027 1982 5070 et
2011 5018 2126 5071 uni-

560 5101 811 5166 v‘ersales,
838 5109 994 5155 terra:
1019 5111 1220 5172 motus,
1242 5104 1934 5174 naufragia,inundationes
1960 5120 2125 5176 aqua-

552 5210 710 5258 rum,
760 5194 1009 5252 incendia
1036 5232 1050 5255 ,
1100 5204 1154 5249 et
1199 5196 1382 5251 omnia
1415 5196 1468 5254 id
1503 5211 1674 5265 genus
1710 5197 1815 5250 alia
1869 5198 2011 5251 mala
2060 5214 2125 5252 ex

555 5283 646 5339 illa
681 5298 846 5337 causa
889 5283 1122 5352 pendere
1152 5282 1401 5347 dicebat,
1439 5285 1782 5356 addebatque
1815 5286 1936 5340 vita:
1959 5287 2123 5341 etiam

555 5373 803 5431 instituta
831 5390 1172 5445 nequaquam
1204 5390 1326 5430 esse
1358 5376 1411 5429 in
1436 5379 1702 5446 capientis
1731 5377 1957 5431 arbitrio
1984 5416 1999 5442 ,
2030 5377 2124 5432 sed

555 5479 745 5519 ontmes
776 5468 976 5543 potenti
1009 5466 1119 5522 fato
1168 5468 1390 5529 servire,
1436 5468 1551 5527 sive
1582 5470 1638 5522 in
1681 5470 2123 5539 philosophiam,

557 5556 669 5609 sive
700 5557 753 5609 in
791 5558 1153 5626 eloquentiam
1204 5558 1557 5622 incumbant,
1588 5560 1703 5614 sive
1732 5575 1893 5628 agros
1921 5561 2123 5622 colant,

557 5648 673 5705 sive
704 5649 973 5703 nauticam
1007 5649 1209 5704 faciant
1237 5692 1252 5714 ,
1291 5651 1405 5705 sive
1441 5652 1804 5721 coniugalem,
1828 5653 1942 5706 sive
1970 5652 2126 5707 coeli-

560 5739 677 5799 bem
738 5741 897 5792 vitam
934 5744 1238 5796 instituant.
1291 5742 1353 5794 Et
1387 5743 1605 5797 virtutis
1653 5753 1705 5795 et
1736 5742 1850 5795 vitii
1878 5743 2123 5797 eamdem

559 5849 678 5897 esse
711 5848 962 5904 causam,
998 5843 1051 5886 ut
1080 5849 1176 5909 pro
1206 5835 1530 5890 immutabili
1560 5835 1647 5887 illa
1677 5835 1957 5890 sortitione
1988 5835 2126 5893 alius

2229 4648 2392 4716 ὀλίγῳ
2426 4644 2711 4716 μετασχὼν
2739 4644 2839 4713 τῆς
2878 4643 3044 4713 ζωῆς,
3074 4642 3167 4694 καὶ
3206 4644 3262 4695 ἐν
3293 4639 3488 4711 μακρῷ
3524 4638 3602 4708 τῷ
3628 4638 3805 4709 χρόνῳ

2230 4738 2567 4810 παρατείνας
2595 4737 2687 4791 τὸν
2721 4735 2855 4805 βίον,
2885 4736 2946 4787 οὐ
2972 4734 3113 4788 κατά
3137 4733 3340 4786 οἱκείαν
3372 4732 3567 4803 ὁρμὴν,
3604 4729 3720 4783 ἀλλ’
3740 4731 3809 4783 ἐκ

2228 4832 2327 4903 τῆς
2357 4830 2600 4899 ἀνάγκης
2641 4827 2855 4897 ἐκείνης
2889 4828 2944 4879 ἐν
2987 4824 3229 4896 ἐκατέρῳ
3269 4824 3527 4892 ἑκάτερος
3554 4822 3806 4891 γίνεται·

2228 4923 2319 4974 τόν
2350 4938 2408 4973 τε
2432 4920 2735 4989 αὐτόματον
2771 4918 2864 4971 καὶ
2893 4916 2982 4969 τὸν
3019 4914 3430 4986 ἠναγκασμένον
3460 4914 3688 4967 θάνατον
3729 4913 3809 4982 μὴ

2230 5012 2402 5074 ἄλλως
2433 5011 2465 5082 ἢ
2516 5012 2642 5080 παρ’
2676 5010 2887 5079 ἐκείνης
2916 5006 3353 5076 ἀποκληροῦσθαι
3377 5049 3391 5071 ,
3421 5005 3514 5057 τοῦ
3544 5021 3600 5056 τε
3630 5004 3808 5075 βιαίου

2232 5104 2461 5157 θανάτου
2493 5104 2589 5165 τας
2613 5103 2982 5173 πολυτρόπους
3009 5098 3289 5171 διαφοράς,
3321 5100 3377 5150 ἐν
3408 5096 3809 5167 συμπτώμασιν

2232 5198 2265 5268 ἢ
2296 5196 2568 5265 ἀγχόναις,
2597 5195 2629 5265 ἣ
2660 5194 2823 5264 ψήφῳ
2846 5194 3150 5263 δικαστικῇ,
3183 5192 3215 5260 ἦ
3243 5192 3333 5243 καὶ
3362 5190 3478 5243 κατ’
3514 5188 3810 5261 ἐπιϐουλὴν

2233 5287 2599 5358 ἐπαγομένας.
2635 5286 2742 5339 Καὶ
2776 5286 2843 5338 τά
2884 5283 2963 5336 ἐτι
3007 5281 3212 5337 τούτων
3261 5279 3667 5351 καθολικώτερα
3712 5282 3810 5332 καὶ

2233 5377 2741 5449 περιληπτικώτερα
2779 5374 2923 5443 πάθη
2949 5415 2963 5437 ,
2995 5374 3249 5443 σεισμοὺς
3286 5372 3380 5425 καὶ
3404 5371 3636 5439 ναυάγια
3656 5411 3671 5435 ,
3713 5371 3811 5423 καὶ

2233 5469 2542 5531 ἐπικλύσεις
2563 5469 2789 5531 ὑδάτων,
2823 5472 2913 5520 καὶ
2944 5465 3043 5529 τὰς
3067 5469 3129 5519 ἐκ
3157 5465 3324 5534 πυρὸς
3360 5463 3643 5533 συμφορὰς
3669 5501 3684 5526 ,
3710 5463 3809 5515 καὶ

2233 5564 2331 5616 ὅσα
2369 5562 2593 5615 τοιαῦτα
2624 5561 2739 5630 εἴδη
2790 5558 2977 5614 κακῶν
3018 5558 3195 5611 πάντα
3240 5558 3340 5625 τῆς
3381 5556 3558 5617 αἰτίας
3592 5553 3808 5624 ἐκείνης

2235 5650 2501 5714 ἐξάπτων,
2538 5648 2843 5720 προσετίθει
2883 5649 2973 5699 καὶ
3016 5648 3124 5700 τῶν
3171 5646 3309 5699 κατὰ
3348 5647 3440 5697 τὸν
3471 5644 3583 5714 βίον
3611 5648 3806 5715 ἐπιτη-

2234 5742 2515 5812 δευμάτων
2544 5740 2791 5811 μηδαμοῦ
2824 5740 2913 5794 τὸν
2944 5740 3198 5809 λογισμὸν
3237 5741 3327 5792 τοῦ
3352 5740 3674 5809 αἱρουμένου
3708 5740 3805 5793 κύρ

2238 5851 2350 5910 ριον
2399 5830 2553 5889 εἶναι’
2608 5833 2811 5898 πάντας
2858 5832 2913 5885 δὲ
2963 5832 3037 5902 τῷ
3085 5833 3273 5905 κράτει
3328 5832 3418 5902 τῆς
3470 5832 3806 5904 εἱμαρμένης
