3978 6504
215 357 292 415 H9

1523 369 1802 426 CONTRA
1839 373 2095 432 FATUM.

3297 382 3396 440 150

207 471 582 544 ὑπηρετοῦντας,
615 474 649 544 ἦ
681 474 1005 543 φιλοσοφεῖν,
1041 475 1073 546 ῆ
1117 477 1449 550 ῥητορεύειν,
1479 480 1511 550 ἦ
1546 497 1724 551 γεωρ-

1848 485 2046 540 vivendi
2079 502 2251 557 genus
2291 488 2434 541 colat
2462 488 2752 542 sublimius
2774 530 2786 551 ,
2820 489 2998 558 inops,
3037 500 3088 545 et
3114 489 3339 547 liberum
3377 512 3394 548 :

213 564 360 632 τεῖν,ἥ
391 565 757 618 ναυτίλλεσθαι
777 605 792 627 ,
829 566 862 636 ἢ
891 568 947 618 ὲν
974 567 1135 638 γάμῳ
1167 568 1286 637 ζῇν,
1321 569 1352 638 ἢ
1389 569 1479 622 τὸν
1513 569 1729 640 ἄγαμον

204 655 426 725 αίρείσθαι
453 655 590 724 βίον,
627 657 828 727 ἀρετῆς
851 674 910 710 τε
943 659 1036 710 καὶ
1067 658 1263 722 κακίας
1286 659 1384 728 τὴν
1408 659 1576 730 αὐτὴν
1602 662 1726 714 ἀνά-

204 764 313 814 γκην
346 741 474 796 εἶναι
499 744 880 815 διισχυρίζετο.
910 748 1067 800 Ὥστε
1094 750 1233 801 κατά
1260 750 1356 821 τὴν
1378 751 1732 822 ἀπαράϐατον

203 836 365 905 ταύτην
394 836 800 907 ἀποκλήρωσιν,
841 839 932 892 τὸν
983 836 1084 907 μὲν
1130 843 1198 911 τῇ
1230 841 1536 913 ὑψηλοτέρα
1567 860 1734 912 προσ-

205 930 374 996 ανέχειν
404 927 514 997 ζωῇ
548 929 608 980 ὲν
639 929 906 999 άκτήμονι
939 933 1030 982 καὶ
1065 930 1353 1002 ἐλευθερίῳ
1393 932 1571 996 ζῶντα
1595 932 1694 1003 βίῳ
1717 948 1732 962 ο

207 1020 349 1086 ἕτερον
380 1016 434 1068 δὲ
459 1059 474 1079 ,
507 1016 972 1088 τυμῦωρυχεῖν,ἢ
1007 1019 1367 1090 πειρατεύειν,
1399 1019 1434 1091 ἢ
1469 1018 1736 1072 ἀσωτεύε-

209 1109 317 1170 σθαι,
342 1106 372 1176 ἢ
398 1106 474 1177 τῷ
501 1107 767 1178 ἑταιρικῷ
801 1108 902 1179 βίῳ
930 1107 1387 1178 ἀποθηλύνεσθαι.
1418 1112 1528 1163 Καὶ
1559 1112 1736 1165 πάντα

206 1201 253 1250 τά
272 1197 476 1250 τοιαῦτα
506 1197 742 1265 διεξιὼν,
773 1199 999 1270 ἰσχυρὰν
1025 1198 1161 1269 ᾤετο
1201 1200 1293 1253 τοῦ
1332 1199 1408 1271 μὴ
1437 1201 1738 1272 παραδέξα-

207 1289 301 1343 σθαι
325 1291 406 1343 τὸν
439 1289 601 1357 λόγον
639 1291 797 1360 ἡμῶν
823 1291 1001 1344 αίτίαν
1033 1292 1388 1364 ἐπιδεδεῖχθαι
1412 1335 1426 1356 ,
1461 1293 1523 1346 τὸ
1551 1294 1624 1366 μὴ
1653 1296 1737 1364 ἐφ’

204 1382 304 1448 ἡμῖν
327 1375 453 1432 εἶναι
479 1381 622 1450 ὅπερ
646 1380 713 1434 ἂν
742 1381 988 1452 θέλωμεν
1014 1382 1134 1435 κατ’
1168 1383 1416 1447 ἐξουσίαν
1445 1385 1736 1456 αἱρεῖσθαι,

203 1471 310 1526 ἀλλά
325 1472 426 1525 δεῖν
453 1472 750 1542 ἀναμεῖναι
783 1475 882 1544 τὴν
909 1473 1151 1543 ἀνάγκην
1175 1476 1391 1547 ἐκείνην
1414 1517 1428 1540 ,
1461 1472 1528 1550 ἦς
1561 1477 1620 1530 τὸ
1655 1479 1740 1530 ὲν-

201 1568 382 1635 δόσιμον
418 1566 555 1636 πρὸς
592 1568 694 1637 τὴν
721 1567 980 1637 τοιαύτην
1020 1568 1194 1641 ὁρμὴν
1240 1570 1626 1640 παρασχούσης
1653 1572 1740 1623 ἐπ’

202 1659 407 1728 ἀνάγκης
427 1656 565 1711 εἶναι
603 1658 939 1728 προσθέσθαι
962 1659 1038 1729 τῷ
1067 1659 1227 1730 λόγῳ,
1253 1661 1348 1714 καὶ
1380 1661 1452 1732 μὴ
1486 1660 1740 1732 βουλόμε-

203 1767 299 1802 νον·
338 1750 455 1802 ἀνευ
495 1749 554 1801 δὲ
605 1750 853 1822 ἐκείνης,
900 1752 992 1804 καὶ
1034 1752 1240 1822 σφόδρα
1287 1753 1740 1824 προαιρουμένου,

207 1842 264 1911 μὴ
282 1839 484 1893 δυνατὸν
513 1836 659 1893 εἶναι
695 1841 968 1909 γενέσθαι.
1011 1843 1152 1911 Ἐγὼ
1180 1843 1236 1897 δὲ
1261 1843 1431 1896 ταῦτα
1456 1844 1618 1898 αὐτοῦ
1650 1847 1742 1898 κα)⁸

204 1937 256 1987 τὰ
291 1935 498 1989 τοιαῦτα
534 1935 830 2001 διεξιόντος
851 1979 866 2002 ,
896 1939 1110 2010 ἠρόμην
1146 1939 1329 2004 αὑτὸν,
1373 1942 1421 1992 εἱ
1459 1939 1590 1993 Θεόν
1622 1957 1744 1994 τινα

202 2027 442 2079 οἷεταιτδν
468 2027 616 2080 κατὰ
654 2029 871 2082 πάντων
919 2031 1110 2100 ἔχοντα
1149 2031 1368 2100 κράτος,
1407 2032 1496 2084 τὸν
1525 2031 1602 2103 τῷ
1631 2031 1744 2085 ὀνό-

207 2135 309 2186 ματι
335 2119 422 2187 τῆς
453 2120 804 2191 εἱμαρμένης
849 2122 1292 2192 ἀποκαλούμενον
1313 2164 1327 2185 ,
1369 2118 1429 2179 οὒ
1453 2124 1530 2194 τῷ
1556 2125 1746 2196 βουλή-

209 2227 310 2279 ματι
340 2211 399 2261 τὰ
433 2210 557 2263 καθ’
585 2211 820 2264 ἕκαστον
842 2213 1241 2283 οἰκονομεῖσθαι
1266 2215 1646 2268 πεπίστευκεν.
1686 2216 1744 2268 Ὀ

205 2300 248 2354 δὲ
277 2302 454 2372 πολλήν
480 2320 583 2373 μου
623 2305 933 2372 καταγνοὺς
969 2306 1297 2378 ἀϐελτηρίαν
1340 2310 1396 2360 ὲν
1438 2306 1513 2378 τῷ
1542 2308 1746 2378 ἐρωτή-

212 2411 333 2461 ματι,
377 2393 448 2445 Οὖ
477 2411 570 2463 μοι
600 2395 783 2459 δοκεῖς
811 2398 1289 2468 κατανενοηκέναι,
1329 2399 1483 2468 φησι,
1514 2398 1622 2452 τῶν
1658 2399 1747 2450 οὐ-

210 2486 374 2555 ρανίων
406 2485 577 2538 οὐδέν.
617 2481 702 2539 Ἦ
733 2487 842 2558 γάρ
870 2488 934 2541 ἂν
963 2488 1134 2556 ἔγνως
1166 2489 1266 2558 τῆς
1295 2491 1630 2562 εἱμαρμένης
1649 2492 1746 2562 τὴν

206 2576 427 2646 δύναμιν,
483 2579 580 2630 καὶ
636 2578 788 2642 ὅπως
847 2580 1160 2651 κατελήφθη
1214 2580 1322 2634 τῶν
1383 2581 1504 2636 καθ’
1559 2583 1747 2654 εἱρμὸν

209 2667 537 2736 ἀπαρασάτως
588 2669 895 2739 γινομένων
944 2672 976 2737 ἠ
1025 2671 1270 2742 δύναμις.
1345 2671 1508 2742 Ἑμοῦ
1564 2673 1620 2726 δὲ
1656 2674 1748 2726 καὶ

210 2759 317 2826 πρὸς
346 2759 523 2812 τοῦτον
557 2761 1035 2832 ξενοφωνουμένου
1063 2764 1152 2816 τὸν
1178 2765 1355 2832 λόγον,
1379 2767 1472 2818 καί
1503 2783 1554 2818 τι
1589 2767 1748 2834 σαφέ-

209 2867 364 2919 στερον
390 2851 675 2918 ἀξιοῦντος
713 2853 922 2923 μαθεῖν,
956 2855 1182 2922 πότερον
1213 2856 1439 2926 δύναμίν
1470 2874 1590 2909 τινα
1625 2874 1752 2928 προι-

208 2944 449 3013 αιρετικὴν
476 2945 800 3015 αὐτοκρατῆ
843 2961 902 2997 τε
939 2947 1029 2998 καὶ
1060 2947 1369 3012 ἀδέσποτον,
1406 2949 1462 3000 ὲν
1491 2948 1748 3019 ὑπερκεισ

209 3034 319 3103 μένῃ
346 3035 443 3087 τινὶ
468 3035 699 3106 ἐξουσίᾳ
722 3035 1099 3106 θεωρουμένην
1126 3036 1222 3108 τὴν
1251 3039 1586 3109 εἱμαρμένην
1616 3034 1751 3092 εἶναι

207 3125 523 3191 φαντάζεται,
556 3127 599 3197 ἢ
629 3126 754 3180 ἄλλο
792 3144 844 3179 τι
873 3127 1021 3197 παρά
1054 3128 1209 3181 τοῦτο
1254 3129 1518 3200 ὑπείληφε
1539 3171 1554 3194 ,
1592 3131 1751 3184 πάλιν

204 3218 277 3269 τὸν
307 3219 454 3271 αὑτὸν
493 3218 862 3273 ὲπαναλαδὼν
893 3219 1068 3288 λόγον,
1107 3221 1165 3273 'O
1187 3221 1294 3274 τῶν
1329 3221 1610 3293 οὐρανίων,
1645 3238 1749 3292 φη-

207 3309 293 3371 σὶν,
329 3311 570 3381 ἐπεσκεμ
583 3310 742 3381 μένος
780 3311 881 3381 τὴν
925 3311 1156 3383 κίνησιν,
1204 3312 1294 3365 τόν
1329 3329 1388 3365 τε
1430 3311 1750 3382 ζωδιοφὸρον

208 3399 392 3463 κύκλον,
435 3403 531 3455 καὶ
591 3403 659 3455 τά
692 3405 750 3454 ὲν
794 3401 941 3473 αὖτῷ
973 3403 1292 3456 δυοκαίδεκα
1337 3405 1635 3473 τμήματα,
1683 3404 1748 3472 τῇ

209 3495 489 3562 περιγραῳῇ
524 3492 642 3544 τῶν
676 3491 1121 3561 ἐνθεωρουμένων
1153 3491 1356 3555 ζωδίων
1402 3492 1468 3544 δι’
1506 3491 1618 3544 ἴσου
1658 3493 1750 3544 ἀπ’

208 3582 419 3653 ἀλλήλων
467 3585 818 3655 διεστηκότα,
865 3585 1094 3638 ἑκάστου
1143 3602 1202 3637 τε
1249 3585 1356 3638 τῶν
1395 3586 1607 3655 ἄστρων
1655 3585 1752 3655 τὴν

203 3672 402 3742 ῖίναμιν
435 3677 790 3747 κατανοήσας
815 3715 831 3739 ,
881 3677 994 3730 τίνα
1038 3677 1136 3746 μὲν
1180 3677 1264 3746 ἐφ’
1299 3677 1491 3730 ἑαυτοῦ
1523 3677 1752 3735 ἕκαστον

205 3766 257 3817 ἐκ
288 3765 490 3834 φύσεως
523 3766 685 3835 ἰσχὺν
714 3765 824 3836 ἔχει
845 3782 860 3797 ο
893 3766 943 3819 τί
974 3767 1029 3820 δὲ
1056 3769 1088 3837 ἡ
1119 3765 1330 3830 σύνοδος
1359 3768 1535 3820 αὐτῶν
1573 3771 1636 3820 ἐκ
1656 3769 1753 3839 τῆς

206 3858 339 3918 ποιάς
371 3856 506 3928 πρὸς
539 3855 753 3926 ἄλληλα
782 3856 1026 3926 κράσεως
1058 3858 1448 3931 ἀπεργάζεται,
1483 3858 1581 3928 τῆς
1613 3860 1752 3912 κατὰ

207 3945 404 4017 δύναμιν
442 3949 683 4002 ἑκάστου
728 3947 903 4000 αὐτῶν
948 3947 1206 4018 ἰδιότητος
1259 3947 1541 4020 μιχθείσης
1581 3967 1638 4002 τε
1678 3949 1755 4019 τῷ

209 4039 580 4111 προσεγγισμῷ
605 4040 738 4111 πρὸς
772 4039 866 4110 τὴν
895 4041 1107 4108 ἑτέραν,
1141 4041 1234 4093 καὶ
1259 4041 1649 4112 ἀποκριθείσης
1669 4041 1755 4094 διὰ

204 4129 284 4198 τῆς
310 4133 664 4194 ἀποστάσεως
684 4149 698 4163 ’
726 4132 778 4184 τί
811 4148 868 4184 τε
903 4131 1060 4191 πάλιν
1093 4134 1125 4202 ἡ
1155 4132 1245 4184 τοῦ
1279 4132 1586 4204 κατωτέρου
1625 4133 1756 4186 ὑπό-

205 4218 336 4281 σασις
377 4223 707 4293 ἐργάζεται·
755 4224 848 4278 καὶ
890 4223 942 4274 τί
975 4225 1008 4298 ἡ
1044 4224 1138 4278 τοῦ
1178 4225 1568 4295 ὑπερκειμένου
1617 4225 1756 4278 κατά

204 4311 282 4380 τὴν
310 4312 538 4382 πάροδον
567 4312 826 4380 ἔκλειψις,
845 4313 939 4365 καὶ
969 4313 1128 4367 πάλιν
1156 4315 1616 4379 ἀποκατάστασις,
1647 4317 1675 4369 ὃ
1696 4333 1755 4370 τε

204 4405 418 4470 ποικίλος
446 4405 566 4458 τῶν
597 4405 882 4457 συνιόντων
910 4422 967 4456 τε
1001 4407 1094 4459 καὶ
1123 4407 1506 4478 ἀφισταμένων
1540 4425 1754 4479 σχημα-

202 4496 390 4564 τισμὸς,
432 4498 492 4548 ὲν
526 4496 858 4566 τριγωνίοις,
893 4495 926 4566 ἦ
963 4497 1247 4568 σκαληνοῖς
1273 4499 1755 4569 καταγραφόμενος

206 4587 451 4657 σχήμασιν
472 4627 486 4650 ,
517 4587 558 4658 ἢ
591 4588 684 4640 καὶ
713 4586 842 4645 ἄλλο
872 4604 924 4640 τι
957 4587 1063 4641 τῶν
1087 4587 1227 4642 κατὰ
1259 4590 1595 4659 γεωμετρίαν
1626 4589 1748 4641 θεωο

208 4679 456 4744 ρουμένων
528 4678 826 4750 σχημάτων
884 4678 1193 4732 ἀποτελῶνο
1245 4683 1274 4733 ὁ
1321 4682 1493 4734 ταῦτα
1551 4681 1644 4734 καὶ
1689 4681 1758 4734 τα

204 4769 400 4823 τοιαῦτα
436 4775 805 4843 κατανοήσας,
833 4771 1036 4826 εἴσεται
1065 4771 1165 4844 τῆς
1199 4773 1532 4844 εἱμαρμένης
1564 4772 1625 4825 τὸ
1659 4789 1757 4843 ση-

208 4863 529 4931 μαινόμενον,
557 4863 641 4915 ὅτι
675 4861 737 4914 τὸ
777 4862 950 4932 εἱρμῷ
978 4879 1084 4915 τινι
1127 4861 1464 4932 άπαραδάτῳ
1497 4861 1636 4914 κατὰ
1661 4859 1758 4936 τὴν

207 4951 344 5002 ποιὰν
374 4969 435 5004 συ
444 4953 699 5026 μπλοκήν
727 4953 833 5006 τῶν
867 4953 1110 5024 ἀστέρων
1139 4952 1449 5022 ἀναγκαίως
1470 4952 1759 5005 ἀποτελού-

208 5060 346 5112 μενον
393 5045 472 5115 τῴ
529 5045 754 5113 ὀνόματι
813 5044 910 5115 τῆς
965 5045 1302 5116 εἱμαρμένης
1346 5045 1755 5117 διηρμήνευται.

216 5133 348 5188 Ἐπεὶ
371 5136 428 5188 δέ
457 5153 527 5204 με
554 5136 828 5188 καὶτοῦτο
853 5136 1013 5189 πάλιν
1031 5137 1264 5202 ἐξένιζεν
1284 5154 1297 5167 ⁸
1321 5138 1381 5190 οὐ
1417 5137 1525 5207 γάρ
1575 5135 1760 5206 συνίην

208 5226 298 5278 τῶν
326 5228 636 5298 λεγομένων
664 5229 834 5293 οὐδὲν,
870 5229 962 5282 ἆτε
999 5231 1072 5300 μὴ
1108 5230 1534 5300 πεπαιδευμένος
1560 5228 1762 5298 ταύτην

208 5315 299 5388 τὴν
314 5320 592 5374 παίδευσιν
613 5338 626 5352 ·
653 5320 856 5391 ἠξίουν,
883 5320 950 5373 δι’
979 5314 1054 5376 ὧν
1077 5317 1144 5391 ἦν
1183 5339 1272 5391 μοι
1305 5320 1528 5374 δυνατὸν
1559 5319 1761 5388 γνῶναι

209 5414 292 5480 τὴν
319 5415 415 5483 τῆς
449 5416 793 5485 εἱμαρμένης
823 5413 1080 5477 διάνοιαν,
1115 5413 1201 5466 διὰ
1230 5413 1432 5466 τούτων
1464 5430 1552 5483 μοι
1597 5428 1762 5480 φανε-

214 5501 290 5570 ρὸν
336 5507 507 5556 ποιεῖν
541 5505 600 5556 τὸ
641 5504 948 5574 λεγόμενον.
1001 5504 1138 5565 Τοὺς
1191 5504 1299 5574 γὰρ
1343 5502 1620 5573 ἀστρῲους
1665 5502 1763 5556 κύρ

213 5591 351 5652 κλους
374 5595 530 5648 ἀλλον
550 5595 696 5666 ἄλλῳ
717 5595 1012 5664 ἐγκεῖσθαι,
1039 5595 1133 5647 καὶ
1157 5594 1256 5663 τὴν
1278 5594 1522 5646 ἐναντίαν
1552 5593 1762 5664 κίνησιν

212 5682 271 5748 τῇ
311 5683 541 5737 ἀπλανεῖ
576 5687 851 5757 περιφορᾷ
891 5684 1033 5738 κατά
1068 5685 1129 5736 τὸ
1163 5685 1312 5747 ἐντὸς
1359 5684 1760 5749 ἀνελίσσεσθαι,

216 5772 298 5826 καὶ
321 5775 522 5839 πάντας
546 5775 764 5840 τούτους
795 5775 870 5848 τῷ
904 5774 1154 5846 meum;
1197 5774 1512 5830 ἐνδινεῖσθαι
1542 5775 1722 5848 κύκλῳ
1747 5792 1760 5805 ο

1836 574 1979 628 alius
2005 577 2255 646 sepulcra
2287 577 2488 640 violet,
2535 588 2627 630 aut
2662 579 2946 646 piraticam
2986 592 3274 648 exerceat,
3305 594 3397 638 aut

1836 666 2060 734 prodige
2091 671 2252 732 vivat,
2287 675 2380 720 aut
2411 668 2717 722 meretricio
2742 669 2864 723 vitae
2896 685 3093 739 genere
3116 673 3394 730 eﬁ‘emlne-

1837 764 1944 808 tur.
1983 754 2194 821 Quibus
2229 758 2484 812 omnibus
2507 759 2831 828 percensitis
2853 803 2868 825 ,
2905 764 3110 816 lirmam
3138 780 3195 819 se
3234 775 3397 836 puta-

1837 846 1927 901 bat
1976 865 2080 902 non
2131 850 2481 905 admittenda:
2535 859 2734 905 nostra:
2783 854 3046 906 orationis
3096 855 3410 912 reddidisse-

1837 939 2136 1000 rationem,
2170 957 2294 994 cum
2341 958 2447 994 non
2486 952 2634 996 esset
2679 944 2732 997 in
2777 958 2939 996 manu
2999 955 3222 1008 nostra,
3254 947 3400 1016 quod

1836 1029 2159 1100 liberet,pro
2189 1032 2453 1086 arbitratu
2477 1033 2882 1102 susciper.e,sed
2912 1034 3002 1088 illa
3031 1035 3168 1088 foret
3206 1051 3402 1106 exspe-

1837 1121 2031 1176 ctanda
2075 1124 2376 1178 necessitas
2412 1139 2426 1174 :
2461 1139 2580 1194 qua:
2627 1125 2672 1180 si
2700 1140 2861 1194 quem
2906 1126 2961 1179 in
2999 1143 3116 1181 eam
3162 1136 3396 1183 mentem

1839 1221 2097 1283 tanquam
2136 1215 2292 1284 signo
2320 1215 2448 1270 dato
2493 1215 2834 1286 impulisset,
2892 1219 3126 1272 orationi
3181 1234 3405 1275 necesse

1839 1322 1960 1362 esse
1983 1314 2041 1360 ut
2063 1307 2148 1362 vel
2173 1308 2366 1364 nolens
2386 1309 2719 1364 assentiatur
2741 1327 2754 1362 :
2780 1308 2924 1378 quod
2943 1308 3063 1364 sine
3087 1308 3197 1371 illa,
3223 1324 3406 1379 quam-

1839 1397 1923 1452 vis
1971 1413 2301 1469 magnopere
2331 1401 2524 1464 vellet,
2557 1399 2674 1454 ﬁeri
2707 1415 2814 1456 non
2859 1409 3066 1471 posset.
3110 1401 3400 1470 Postquam

1841 1486 1954 1541 haec
1979 1486 2067 1542 ille
2091 1495 2146 1542 et
2169 1487 2290 1557 ejus
2314 1489 2531 1558 generis
2558 1490 2662 1544 alia
2688 1490 3057 1551 disseruisset.
3093 1491 3404 1545 sciscitatus

1839 1593 1906 1632 ex
1935 1593 2000 1632 eo
2032 1592 2175 1641 sum,
2212 1578 2450 1634 Deumne
2477 1579 2784 1650 quempiam
2844 1596 2966 1636 esse
3001 1592 3213 1650 putaret
3243 1621 3258 1643 ,
3307 1582 3403 1636 fati

1842 1669 2064 1723 nomine
2098 1670 2455 1740 appellatum,
2492 1671 2584 1740 qui
2617 1672 2862 1726 omnium
2905 1687 3086 1726 rerum
3119 1673 3404 1742 potiretur,

1841 1767 1895 1812 et
1922 1759 2082 1827 cujus
2112 1760 2396 1814 voluntate
2431 1760 2687 1816 universa
2714 1761 2962 1816 crederet
3011 1759 3405 1816 administrari.

1777 1832 1816 1886 Β
1844 1850 1914 1903 At
1949 1849 2037 1904 ille
2068 1866 2152 1905 me
2177 1851 2246 1904 ob
2293 1865 2412 1905 eam
2445 1851 2929 1921 interrogationem
2963 1851 3283 1922 ignorantize
3312 1866 3409 1906 no-

1844 1939 1990 1993 mine
2021 1954 2128 1993 nou
2184 1939 2376 1994 leviter
2405 1941 2718 1995 accusabat.
2764 1939 2879 1993 Non
2914 1940 3116 1995 videris
3143 1981 3158 2006 ,
3201 1940 3404 2010 inquit,

1846 2029 1977 2082 mihi
2012 2027 2309 2099 quidquam
2346 2030 2652 2084 cmlcstium
2692 2046 2871 2085 rerum
2903 2031 3234 2100 percepisse.
3269 2030 3409 2084 Alio-

1844 2119 1978 2189 quin
2030 2120 2174 2174 cnim
2226 2119 2578 2189 coguovisses
2637 2120 2880 2190 profecto
2919 2121 3024 2174 vim
3062 2119 3206 2184 fati,
3267 2119 3410 2175 unde

1847 2211 2058 2266 scilicet
2105 2219 2159 2264 et
2187 2212 2462 2281 quomodo
2498 2212 2837 2282 deprehensa
2883 2213 2954 2265 sit
2986 2213 3070 2266 vis
3101 2227 3284 2267 rerum
3317 2213 3410 2264 im-

1847 2303 2094 2357 mutabili
2132 2304 2364 2372 quadam
2398 2305 2539 2360 serie
2589 2319 2837 2374 nexuque
2879 2304 3263 2359 eveni‘entium.
3301 2302 3412 2374 Ego

1848 2395 2118 2450 sermonis
2152 2397 2389 2450 novitate
2414 2393 2845 2465 obstupefactus,
2891 2409 3014 2448 cum
3046 2409 3319 2464 rogassem
3355 2405 3412 2449 ut

1847 2501 1933 2538 me
1953 2486 2115 2554 paulo
2135 2485 2340 2540 clarius
2359 2485 2631 2551 edoceret,
2661 2494 2841 2538 utrum
2869 2483 3035 2537 fatum
3066 2484 3208 2554 quod
3231 2484 3412 2542 animo

1851 2575 2108 2644 ﬁngeret,
2137 2577 2246 2632 vim
2273 2577 2564 2647 quamdam
2600 2577 2963 2631 voluntariam
2990 2614 3004 2639 ,
3043 2577 3292 2640 liberam,
3327 2577 3410 2630 sui

1843 2668 2008 2740 juris,
2042 2683 2373 2740 summaeque
2396 2669 2670 2738 potentiae,
2702 2683 2770 2721 an
2801 2683 2930 2722 vero
2964 2669 3108 2721 aliud
3133 2669 3410 2738 quidpiam

1849 2761 1917 2812 ab
1951 2760 2043 2813 illa
2097 2760 2373 2816 diversum
2414 2776 2536 2816 esse
2580 2767 2846 2815 statueret
2892 2780 2904 2814 :
2939 2759 3133 2814 eadem
3183 2759 3412 2828 repelita

1848 2852 2132 2907 oratione:
2174 2851 2298 2918 Qui,
2329 2852 2505 2923 inquit
2527 2852 2966 2921 .contemplatus
2995 2861 3078 2906 cst
3111 2851 3411 2904 cmlestium

1850 2957 2138 3012 corporum
2193 2954 2397 2996 motum
2424 2981 2460 3006 ,_
2496 2943 2776 2998 zodiacum
2828 2943 3134 3005 circulum,
3187 2941 3415 3010 ejusque

1851 3034 2175 3096 duodecim,
2227 3050 2346 3103 quae
2401 3035 2454 3087 in
2500 3048 2565 3088 eo
2612 3032 3065 3103 conspiciuntur,
3129 3039 3408 3102 segmenta

1783 3159 1823 3216 ο
1857 3127 2196 3198 aequabiliter
2231 3129 2371 3183 inter
2405 3144 2464 3184 se
2497 3128 2689 3184 dissita
2731 3147 2742 3182 :
2779 3143 2879 3183 nec
2918 3144 3026 3182 non
3070 3125 3412 3198 singulorum

1861 3229 2134 3275 astrorum
2174 3219 2486 3274 facultatem
2522 3235 2585 3272 ac
2620 3220 2766 3275 vires
2789 3237 2926 3291 quas
2955 3236 3048 3290 per
3077 3235 3135 3276 se
3160 3218 3417 3289 quodque

1855 3311 1908 3366 in
1939 3321 2059 3365 ortu
2097 3327 2196 3366 suo
2226 3311 2387 3366 habet
2420 3330 2432 3365 :
2467 3311 2597 3380 quid
2625 3328 2812 3367 eorum
2837 3311 3029 3365 elﬁciat
3061 3325 3414 3381 congressus,

1857 3403 2091 3473 propriis
2121 3403 2463 3472 singulorum
2501 3403 2796 3458 virtutibus
2825 3403 2968 3457 inter
2992 3420 3050 3458 se
3078 3402 3416 3472 temperatis.

1855 3500 1970 3549 sive
2014 3511 2092 3550 ea:
2133 3496 2611 3558 commisceantur,
2663 3503 2722 3548 ut
2764 3512 2887 3549 cum
2932 3503 3141 3550 astrum
3189 3495 3418 3550 alterum

1856 3585 2252 3656 appropinquat
2277 3585 2453 3650 alteri,
2485 3587 2599 3640 sive
2627 3593 3008 3648 secernantur,
3047 3595 3104 3638 ut
3143 3585 3418 3641 cumalte-

1855 3691 1976 3729 rum
1993 3677 2063 3739 ab
2078 3676 2248 3730 altero
2274 3676 2515 3734 recedit:
2541 3676 2670 3746 quid
2695 3678 2821 3730 item
2846 3677 3123 3734 inferioris
3146 3691 3419 3734 recessus.

1856 3767 1982 3837 quid
2015 3768 2313 3837 superioris
2347 3767 2400 3822 in
2437 3769 2669 3823 transitu
2704 3767 2939 3822 defeetio
2963 3811 2977 3831 ,
3011 3767 3140 3837 quid
3164 3764 3420 3835 ejusdem

1856 3859 2133 3912 restitutio
2166 3877 2178 3912 :
2212 3857 2342 3933 quid
2370 3858 2524 3912 varia
2556 3859 3023 3928 congredientium
3043 3867 3096 3913 et
3116 3857 3424 3927 digredien-

1859 3950 1991 4002 lium
2011 3947 2204 4010 forma,
2238 3949 2355 4002 sive
2373 3949 2654 4020 trianguli,
2676 3950 2789 4005 sive
2813 3949 3042 4015 scaleni,
3071 3957 3164 4002 aut
3184 3949 3228 4003 si
3257 3963 3421 4018 quant

1859 4044 2018 4095 aliam
2044 4043 2424 4112 geometricam
2468 4041 2696 4109 figuram
2725 4042 2967 4096 referunt
2999 4057 3013 4093 :
3051 4040 3143 4110 qui
3169 4039 3302 4097 haec.
3333 4039 3416 4092 in-

1858 4135 1997 4204 quit,
2028 4143 2082 4188 et
2115 4133 2429 4204 bujusmodi
2455 4135 2559 4187 alia
2583 4131 3425 4203 perspexerit,scietl‘atinomine

1859 4223 1911 4278 id
1943 4223 2277 4294 signiﬁcari,
2333 4220 2479 4291 quod
2528 4221 2668 4276 serie
2699 4219 2933 4290 quadam
2971 4219 3294 4274 immutabili
3328 4235 3425 4288 pro

1859 4315 2136 4370 stellarum
2196 4313 2583 4382 conjunctione
2639 4309 2950 4366 necessario
2993 4310 3242 4365 ellieitur.
3273 4309 3412 4364 Cum

1861 4405 1912 4459 id
1955 4420 2171 4474 quoque
2226 4404 2357 4457 mihi
2420 4401 2720 4456 inauditum
2774 4408 2825 4454 et
2877 4416 3074 4453 novum
3134 4399 3434 4457 accidisset.

1788 4491 1832 4546 ί)
1862 4501 1993 4563 (non
2035 4498 2178 4553 enim
2214 4495 2510 4566 quidquam
2561 4510 2751 4548 eorum
2785 4511 2906 4564 qua:
2953 4494 3179 4557 diceret,
3227 4493 3428 4548 intelli-

1860 4592 2070 4660 gebam,
2105 4589 2304 4659 quippe
2332 4603 2394 4642 ea
2437 4585 2722 4656 disciplina
2754 4602 2858 4639 non
2903 4584 3201 4652 eruditus),
3239 4584 3429 4654 rogavi

1861 4689 1916 4734 ut
1961 4697 2029 4734 eo
2076 4682 2236 4735 modo
2296 4679 2426 4734 mihi
2481 4679 2587 4731 vim
2640 4677 2789 4731 verbi
2819 4675 3142 4740 declararet,
3179 4689 3290 4745 quo
3332 4673 3426 4728 fati

1861 4771 2134 4829 notionem
2175 4768 2390 4838 assequi
2443 4782 2679 4842 possem.
2721 4764 2854 4818 Nam
2899 4766 3148 4820 caelestes
3188 4765 3428 4819 circulos

1859 4864 2026 4917 alium
2090 4863 2145 4920 in
2193 4863 2300 4915 alio
2343 4877 2484 4924 esse,
2540 4869 2592 4914 et
2652 4867 2800 4912 motu
2857 4859 3137 4913 contrario
3191 4872 3428 4911 conver-

1861 4955 2002 5011 sioni
2042 4953 2363 5006 firmamenti
2399 4968 2494 5006 seu
2526 4951 2736 5020 aplauis
2769 4951 3000 5004 interius
3033 4949 3187 5013 cieri,
3229 4962 3431 5017 eosque

1861 5046 2124 5100 omnesin
2156 5045 2380 5099 zodiaco
2401 5043 2754 5098 circumvolvi
2787 5061 2799 5095 :
2834 5042 2973 5105 haec,
3003 5042 3243 5109 inquam,
3267 5040 3428 5094 etiam

1861 5139 1930 5193 ab
1981 5137 2103 5191 aliis
2148 5136 2351 5199 audivi,
2396 5151 2458 5189 ac
2501 5134 2729 5204 proinde
2779 5133 3129 5187 luminarium
3186 5133 3433 5199 splendo-

1863 5248 1975 5286 rem
2035 5246 2132 5301 pro
2191 5230 2544 5284 conversione
2586 5228 2784 5296 cuique
2841 5227 2983 5280 coelo
3045 5225 3260 5293 propria
3318 5233 3432 5278 tum

1863 5322 2122 5377 accedere
2147 5329 2261 5375 tum
2297 5320 2573 5382 recedere,
2615 5328 2772 5388 atque
2821 5315 3078 5371 inferiore
3107 5324 3258 5368 astro
3299 5316 3433 5370 sub-

1863 5425 2028 5468 eunte
2075 5414 2189 5466 tolli
2222 5428 2252 5467 e
2281 5420 2576 5482 conspectu
2603 5419 2794 5466 nostro
2840 5409 3114 5480 superius.
3143 5409 3188 5461 si
3213 5407 3434 5476 quidem

1866 5505 2111 5560 inferiori
2159 5503 2366 5560 directe
2407 5512 2715 5574 opponatur
2759 5521 2771 5556 :
2820 5511 2873 5556 et
2925 5516 3261 5570 quacunque
3310 5500 3436 5554 hinc

1867 5605 1989 5667 apte
2011 5597 2422 5666 colligerentur,
2452 5597 2568 5650 sive
2595 5593 2824 5649 iormam
2860 5595 3100 5662 aliquam
3128 5593 3433 5659 efﬁcerent,

1869 5696 1929 5742 ut
1975 5704 2098 5742 cum
2160 5688 2399 5741 circulus
2459 5686 2693 5757 spatium
2743 5685 2892 5756 quod
2942 5687 2996 5739 in
3059 5700 3119 5742 se
3166 5685 3434 5750 continet,

1874 5778 1947 5834 ita
1983 5786 2130 5834 motu
2164 5793 2264 5834 suo
2294 5775 2480 5842 ambit,
2521 5781 2580 5830 ut
2615 5773 2773 5832 sidus
2802 5774 2856 5834 in
2901 5778 3138 5831 transitu
3166 5781 3438 5830 autvrecta
