3978 6532
501 333 593 393 151
1744 338 1798 392 S.
1848 335 2169 392 GREGORII
2227 333 2516 389 NYSSENI

3651 335 3755 392 152

499 457 790 520 uidit-Eatur
841 456 1135 523 superiori,
1163 466 1256 511 aut
1281 455 1554 521 declinet;
1596 456 1709 509 sive
1759 454 1906 508 brevi
1931 461 2064 508 tem-

2181 450 2337 503 ταῦτα
2371 450 2465 504 καὶ
2499 451 2627 520 παρ’
2663 451 2862 522 ἑτέρων
2895 447 3047 505 εἷπον
3081 449 3411 523 ἀκηκοέναι,
3443 455 3537 506 καὶ
3557 454 3621 506 ἐκ
3658 454 3751 506 τοῦ

500 547 649 616 poris
702 547 1012 608 intervallo,
1064 547 1180 600 sive
1229 547 1458 617 longiori
1501 546 1766 615 cujusque
1806 544 2069 599 circuitus

501 636 895 694 absolveretur,
951 637 1392 705 quandoquidem
1442 651 1538 704 pro
1584 635 1926 706 singulorum
1951 647 2068 686 ma-

499 729 778 797 gnitudine
812 731 1129 784 necessario
1177 729 1260 783 vel
1291 729 1523 784 celerior
1563 728 1644 783 vel
1677 725 1888 780 tardior
1915 733 2064 780 esset

497 834 803 873 (‘l'lll\'Cl'Sl0.

2176 540 2468 595 ἀκολούθου
2503 542 2580 613 μὴ
2601 541 2980 612 ἀμφιὸάλλειν,
3004 544 3102 607 τάς
3126 543 3232 596 τῶν
3254 545 3552 615 φωστήρων
3579 545 3755 613 αὑγάς

2179 634 2317 687 κατά
2348 631 2446 703 τὴν
2488 632 2790 696 ἰδιάζουσαν
2816 633 3030 704 ἑκάστῳ
3056 634 3162 687 τῶν
3193 635 3369 688 πόλων
3391 635 3756 706 κυκλοφορίαν

2181 727 2560 800 προσεγγίζειν
2596 745 2656 780 τε
2691 728 2784 780 καὶ
2818 727 3166 794 ἀφίστασθαι.
3203 728 3296 780 καὶ
3325 726 3636 781 ὑποϐαίνειν
3664 727 3756 780 τὸν

2182 819 2517 890 κατώτερον,
2569 819 2663 871 καὶ
2714 819 3051 888 κρύπτεσθαι
3091 819 3179 870 τὸν
3225 820 3618 889 ὑπερκείμενον
3649 816 3760 871 ἀπὸ

496 908 602 960 τῶν
649 909 930 981 ἡμετέρων
975 910 1168 980 ὄψεων,
1214 912 1262 962 εί
1312 909 1451 963 κατά
1500 907 1670 961 νώτου
1716 907 1926 975 γένοιτο
1975 908 2068 961 τοῦ
2110 909 2530 972 ὑποσαίνοντος’
2556 910 2649 962 καὶ
2683 909 2858 963 πάντα
2877 910 2978 962 ὅσα
3008 910 3153 972 εἰκὸς
3187 911 3249 962 ἐκ
3304 910 3398 962 τοῦ
3455 908 3756 964 ἀκολούθου

459 1030 461 1032 -
496 998 836 1066 λογίσασθαι,
884 1001 991 1053 εἴτε
1020 1019 1072 1052 τι
1108 1000 1295 1070 σχῆμα
1326 999 1415 1052 διά
1448 999 1651 1052 τούτων
1688 998 2030 1052 ἀποτελεῖται
2055 1038 2071 1062 ,
2111 1001 2240 1053 ὅταν
2271 1005 2298 1054 ὁ
2321 1002 2516 1065 κύκλος
2547 1005 2776 1073 περιστῇ
2806 1001 2892 1055 διά
2923 1003 3021 1072 τῆς
3047 1002 3180 1063 ἰδίας
3205 1002 3468 1072 κινήσεως
3541 1001 3604 1054 τὸ
3670 1003 3755 1070 ἐφ’

497 1088 688 1142 ἑαυτοῦ
723 1092 972 1160 κείμενον
1020 1090 1217 1158 ἄστρον
1242 1109 1254 1120 ·
1301 1089 1441 1143 ὣστε
1487 1091 1519 1160 ἢ
1570 1094 1688 1144 κατ’
1719 1089 1936 1144 εὐθεῖαν
1967 1089 2062 1143 τοῦ
2100 1092 2494 1163 ὑπερκειμένου
2529 1094 2801 1162 γενέσθαι,
2837 1095 2870 1166 ἢ
2925 1095 3218 1162 πλαγιάσαι
3259 1094 3394 1146 κατά
3442 1093 3540 1164 τὴν
3616 1094 3756 1162 πάρ·

495 1180 632 1238 οδον,
689 1180 797 1233 εἴτε
850 1182 913 1233 δι’
962 1181 1137 1250 ὀλίγου
1195 1181 1283 1235 τοῦ
1324 1182 1568 1253 χρονικοῦ
1619 1183 2015 1253 διαστήματος,
2057 1185 2164 1236 εἴτε
2194 1186 2280 1239 διὰ
2311 1186 2553 1246 πλείονος
2608 1188 2837 1240 ἑκάστου
2893 1187 3152 1257 τούτωνή
3222 1186 3467 1258 περίοδος
3522 1187 3755 1254 γίνεται,

500 1275 639 1328 κατά
667 1275 727 1327 τὸ
756 1273 981 1346 μέγεθος
1009 1278 1108 1346 τῆς
1138 1273 1260 1327 καθ’
1285 1274 1514 1328 ἕκαστον
1545 1274 1652 1328 τῶν
1681 1273 1897 1328 κύκλων
1936 1275 2257 1343 ἀναλογίας,
2287 1279 2601 1347 ἀναγκαίως
2631 1278 2664 1349 ἦ
2701 1279 2891 1332 θᾶττον
2957 1279 2986 1348 ἢ
3053 1279 3270 1350 βράδιον
3331 1281 3430 1350 τῆς
3491 1282 3756 1350 dvas-apo-

501 1367 605 1436 φῆς
637 1369 978 1439 κινουμένης.

572 1462 666 1515 llis
697 1462 952 1515 omnibus
982 1459 1200 1514 silentio
1241 1460 1530 1530 praeteritis
1564 1460 1814 1522 orabam,
1853 1469 1911 1514 ut
1944 1467 2068 1512 tan-

499 1561 612 1605 tum
669 1550 762 1603 fati
809 1550 918 1604 vim
972 1550 1259 1620 perspicue
1312 1550 1444 1603 mihi
1489 1550 1806 1618 explicaret,
1859 1548 2072 1603 Deusne

501 1644 702 1712 aliquis
747 1641 841 1695 fati
897 1641 1118 1696 nomine
1168 1643 1591 1712 intelligeretur,
1640 1642 1806 1711 lmjns
1831 1642 2072 1698 universi

500 1737 814 1805 imperator,
841 1747 1050 1788 summa
1085 1743 1351 1804 potestate
1369 1735 1648 1803 praditus,
1670 1736 1871 1805 quique
1892 1736 2072 1788 omnia

2249 1455 2434 1510 Ταῦτα
2465 1457 2642 1510 πάντα
2673 1457 2766 1510 καλ⁹
2802 1456 2871 1509 τὰ.
2899 1456 3124 1510 τοιαῦτα
3154 1460 3310 1529 σιγᾷν
3341 1458 3548 1529 ἠξίουν,
3590 1461 3758 1530 μόνον

2177 1549 2233 1603 δέ
2267 1567 2356 1620 μοι
2393 1549 2576 1618 σαφῶς
2602 1549 2960 1602 ἐκκαλύπτειν
2987 1552 3086 1620 τῆς
3109 1550 3447 1621 εἱμαρμένης
3477 1552 3573 1622 τὴν
3595 1553 3758 1608 δύνα-

2183 1657 2295 1710 μιν,
2343 1639 2471 1702 Θεός
2505 1639 2586 1701 τίς
2638 1641 2783 1692 ἑστιν
2821 1641 2849 1691 ὁ
2886 1639 2962 1709 τῷ
3009 1640 3228 1710 ὀνόματι
3267 1640 3364 1710 τῆς
3413 1642 3757 1714 εἱμαρμένης

2180 1730 2486 1800 νοούμενος,
2521 1733 2612 1784 καὶ
2643 1731 2736 1784 τοῦ
2763 1731 2962 1794 παντὸς
2989 1731 3292 1802 ἐξημμένος
3316 1734 3376 1786 τὸ
3402 1734 3600 1804 κράτος
3619 1776 3636 1800 ,
3661 1737 3760 1789 καὶ

503 1827 726 1881 haberet
759 1827 811 1879 in
839 1841 1000 1879 manu
1025 1841 1144 1890 sua,
1177 1833 1230 1879 et
1277 1841 1373 1893 pro
1399 1826 1665 1880 arbitratu
1711 1826 2071 1896 gubernaret:

2181 1821 2356 1873 πάντα
2401 1824 2521 1876 κατ’
2550 1820 2795 1886 ἐξουσίαν
2841 1823 2919 1894 τῷ
2953 1826 3270 1895 ὑπερέχοντι
3322 1825 3419 1895 τῆς
3465 1827 3754 1895 δυνάμεως

502 1935 569 1972 an
611 1932 738 1971 vero
786 1916 878 1970 fati
934 1917 1188 1971 virtutem
1229 1917 1456 1970 alterius
1503 1917 1737 1986 alicujus
1773 1917 2074 1986 superioris

502 2007 721 2060 virtutis
771 2007 1077 2061 ministram
1136 2015 1423 2067 statueret,
1476 2015 1536 2060 ut
1580 2016 1634 2060 et
1690 2007 1807 2078 ipsa
1839 2007 2074 2077 quodam

503 2098 663 2150 modo
709 2096 863 2150 alteri
921 2096 1031 2148 fato
1071 2095 1316 2163 subjecta
1345 2096 1438 2160 sit,
1467 2094 1912 2164 przeccllentioris
1945 2109 2078 2148 cau-

503 2201 578 2242 sa:
615 2188 668 2241 in
726 2187 1199 2240 administratione
1243 2187 1410 2241 socia.
1464 2185 1597 2239 Nam
1647 2187 1694 2239 si
1741 2202 1859 2242 eam
1899 2190 1954 2240 in
1989 2201 2077 2240 res

502 2298 694 2337 onmes
742 2281 1026 2350 imperium
1080 2282 1330 2336 obtinere
1379 2281 1711 2334 credendum
1764 2291 1931 2340 esset,
1985 2293 2078 2334 ra-

503 2375 648 2426 tione
697 2389 796 2427 nos
861 2372 1069 2434 induci,
1127 2383 1184 2426 ut
1245 2372 1379 2426 nihil
1429 2373 1576 2426 illam
1660 2371 2071 2440 supereminere

505 2480 848 2518 censeamus.
903 2461 998 2516 Sin
1033 2477 1152 2517 eam
1207 2472 1480 2518 astrorum
1526 2475 1726 2516 motum
1796 2462 1973 2531 sequi,
2014 2475 2078 2516 ac

506 2556 580 2608 ita
635 2554 850 2608 demum
911 2554 1151 2608 violenta
1201 2558 1436 2622 quadam
1489 2553 1819 2608 necessitate
1876 2552 1928 2605 iu
1988 2565 2078 2606 res

506 2662 699 2702 omnes
748 2645 1019 2700 dominari
1074 2654 1439 2706 asseveraret,
1501 2644 1673 2699 satius
1722 2641 1892 2698 luisse
1942 2657 2078 2712 pra:-

505 2736 721 2790 cedenti
772 2751 932 2805 quam
986 2737 1234 2804 sequenti
1303 2737 1727 2804 omnipotentem
1786 2733 1933 2786 illam
1967 2732 2076 2784 vim

506 2828 824 2891 attribuere,
887 2842 950 2880 ac
998 2827 1082 2879 vel
1127 2825 1306 2880 sidera
1369 2841 1549 2878 rerum
1606 2826 1834 2878 istarum
1876 2838 2078 2880 causas

505 2936 628 2974 esse
679 2919 879 2980 dicere,
949 2918 1031 2971 vel
1113 2917 1526 2971 conversionem
1579 2915 1929 2979 ﬁrmamenti,
1990 2917 2078 2970 vel

505 3012 743 3066 circulos
785 3011 878 3080 qui
915 3010 966 3062 in
1001 3025 1063 3064 ea
1111 3009 1550 3077 conspiciuntur,
1583 3009 1666 3060 vel
1707 3017 1854 3062 certe
1893 3008 2076 3062 circu-

507 3104 614 3156 lum
670 3102 758 3172 qui
817 3102 958 3156 coelo
995 3101 1214 3169 oblique
1264 3101 1602 3153 inscribitur.
1645 3099 1700 3153 Si
1755 3100 1878 3169 quis
1928 3099 2074 3152 enim

506 3195 831 3248 concederet
889 3204 1036 3248 astra
1101 3209 1276 3261 neque
1339 3207 1433 3260 per
1486 3207 1546 3245 se
1602 3192 1848 3254 moveri,
1903 3205 2077 3259 neque

508 3293 766 3355 perpetua
817 3285 1176 3338 conversione
1226 3284 1365 3335 inter
1421 3297 1480 3336 se
1530 3289 1623 3334 aut
1674 3281 1931 3350 conjungi
1985 3287 2078 3333 aut

507 3377 767 3446 disjungi,
814 3377 907 3431 sed
976 3376 1215 3428 eamdem
1285 3389 1498 3443 semper
1548 3373 1752 3427 referre
1801 3372 2027 3441 ﬁguram
2062 3411 2076 3437 ,

510 3467 679 3520 fatum
719 3481 824 3519 non
876 3463 1185 3518 exsisteret.
1247 3462 1424 3527 Quare
1473 3462 1517 3516 si
1556 3478 1621 3514 ex
1679 3463 1915 3516 siderum
1965 3475 2080 3513 mo-

509 3557 660 3608 tione
713 3553 881 3607 fatum
933 3554 1136 3615 oritur,
1179 3552 1385 3606 frustra
1426 3552 1672 3620 proferto
1705 3551 1755 3604 id
1808 3551 2077 3604 dominari

509 3649 567 3702 in
615 3658 809 3701 ca-tera
855 3654 1098 3715 putatur,
1158 3645 1302 3714 quod
1358 3644 1627 3713 superiori
1663 3659 1843 3697 causa:
1890 3643 2079 3708 servit,

510 3753 685 3808 neque
741 3736 959 3790 omnino
1023 3746 1170 3790 esset
1230 3736 1334 3788 nisi
1392 3746 1572 3788 motus
1623 3743 1789 3788 esset.
1850 3735 1915 3786 At
1970 3747 2078 3785 non

507 3847 595 3890 eo,
623 3831 797 3898 inquit
822 3829 1199 3898 philosophus,
1229 3837 1414 3880 nustra
1447 3835 1658 3894 spectat
1684 3825 1883 3887 oratio,
1919 3825 2076 3894 quasi

509 3921 687 3990 ipsum
715 3921 881 3971 fatum
924 3933 1018 3988 per
1043 3934 1099 3971 se
1140 3927 1285 3973 esset
1348 3918 1528 3986 aliqua
1583 3925 1799 3981 natura,
1833 3916 1924 3969 sed
1954 3930 2076 3968 cum

509 4016 584 4067 sit
629 4013 874 4080 qmedam
923 4026 1106 4064 rerum
1175 4018 1360 4064 mutua
1409 4011 1788 4063 convenientia
1843 4018 1897 4062 et
1945 4023 2078 4060 cou-

505 4101 741 4172 junctio,
775 4111 937 4172 atque
967 4103 1280 4156 universum
1327 4102 1472 4154 omni
1505 4117 1569 4155 ex
1606 4109 1759 4170 parte
1790 4101 2077 4159 cohaereat,

510 4192 971 4262 quemadmodum
1004 4192 1164 4244 etiam
1201 4191 1254 4243 in
1287 4206 1398 4243 uno
1446 4190 1630 4258 aliquo
1679 4205 1909 4258 corpore
1933 4204 2079 4258 qua:-

461 4287 472 4301 ’
509 4285 633 4335 dam
661 4281 903 4333 omnium
951 4281 1320 4333 membrorum
1349 4279 1492 4332 inter
1531 4295 1590 4333 se
1619 4280 2078 4333 consentientium

510 4374 754 4427 cernitur
787 4371 1102 4433 concordia,
1134 4386 1365 4440 cumque
1393 4371 1638 4439 superior
1686 4369 1870 4422 mundi
1903 4371 2080 4439 portio

511 4465 584 4516 sit
645 4461 1020 4530 praestantior:
1056 4460 1266 4514 idcirco
1300 4461 1556 4514 inferiora
1601 4460 1762 4514 simul
1811 4476 1933 4512 cum
1972 4460 2080 4528 pri-

497 4556 682 4605 maria
717 4552 960 4621 portione
990 4559 1272 4621 reguntur,
1328 4552 1392 4604 ad
1441 4553 1666 4621 ejusque
1703 4552 1853 4605 velut
1888 4562 2074 4604 nulum

510 4642 718 4696 caelesti
743 4642 909 4694 motui
930 4655 1051 4696 sese
1080 4643 1287 4709 lingunt
1321 4651 1376 4694 et
1409 4643 1847 4703 accommodant,
1899 4657 2076 4710 quan-

509 4731 802 4802 doquidem
854 4733 1164 4786 necessario
1210 4749 1272 4785 ac
1311 4734 1685 4797 multifariam,
1742 4735 1817 4788 uti
1871 4735 2076 4788 dirtum

510 4835 615 4886 est,
682 4825 733 4877 vi
789 4824 1057 4894 cujusque
1117 4825 1316 4879 sideris
1381 4842 1486 4878 una
1545 4836 1848 4880 moventur.
1903 4825 1972 4880 Ut
2024 4827 2076 4880 in

510 4916 910 4971 medicamento
937 4917 1241 4986 specierum
1273 4920 1563 4988 qualitates
1615 4920 1910 4972 artiﬁciosa
1943 4935 2078 4989 qua-

509 5010 632 5062 dam
657 5009 863 5062 ratione
882 5009 1200 5072 commistae,
1229 5013 1502 5064 communi
1543 5010 1635 5064 illo
1652 5018 2078 5079 temperamento

508 5101 784 5170 quippiam
817 5100 1062 5153 efticiunt
1095 5101 1260 5161 aliud,
1291 5117 1464 5170 neque
1492 5103 1598 5155 tale
1627 5101 1805 5169 qualis
1825 5115 2081 5170 unaquae-

507 5205 614 5256 que
636 5199 757 5240 ante
775 5187 1059 5241 misturam
1081 5189 1255 5242 fuerat
1270 5205 1282 5239 :
1300 5192 1381 5242 sic
1400 5191 1700 5244 caelestium
1720 5190 1978 5242 virtutum
1998 5191 2078 5243 di-

509 5296 679 5334 versae
713 5287 837 5333 sunt
869 5280 1249 5348 proprietates,
1275 5296 1505 5348 quarum
1547 5283 1692 5334 varia
1717 5298 1780 5335 ex
1807 5293 2076 5336 astrorum

508 5374 591 5424 vel
623 5387 844 5424 accessu
871 5371 950 5424 vel
981 5386 1199 5426 recessu
1222 5371 1462 5440 profecta
1487 5374 1802 5442 coniunctio
1817 5374 1992 5428 varias
2017 5390 2080 5428 ac

508 5465 752 5517 diversas
785 5462 905 5515 vita:
923 5463 1099 5516 reddit
1122 5465 1388 5531 actiones,
1415 5472 1671 5534 tanquam
1694 5467 1932 5522 inlluxus
1961 5467 2076 5535 qui-

507 5551 633 5604 dam
657 5551 778 5605 inde
801 5551 866 5603 ad
900 5566 1000 5605 nos
1018 5542 1136 5606 sine
1177 5553 1584 5622 interruptione’
1615 5553 1910 5612 derivetur.
1949 5558 2078 5621 Quae

505 5642 668 5693 etiam
703 5652 965 5698 causaest
1012 5645 1362 5712 quamobrem
1405 5644 1462 5707 ii,
1496 5645 1584 5712 qui
1619 5646 1730 5700 htec
1767 5647 2080 5715 diligentius

507 5731 852 5803 investigarit,
877 5734 1298 5804 futuraminime
1321 5736 1457 5793 falso
1475 5737 1783 5808 praedicant.
1807 5739 2076 5804 Quemad—

2177 1913 2310 1986 πρὸς
2339 1914 2398 1966 τὸ
2423 1914 2611 1968 δοκοῦν
2653 1916 3023 1987 διοικούμενος
3048 1935 3060 1947 ’
3108 1917 3140 1987 ἢ
3185 1916 3348 1987 ἄλλης
3393 1918 3536 1980 τινὸς
3574 1919 3753 1988 ὑπερο

2177 2007 2432 2077 κειμένης
2456 2008 2732 2079 ἐνεργείας
2758 2009 3028 2080 ὑπουργὸν
3059 2005 3194 2062 εἶναι
3234 2009 3330 2079 τὴν
3354 2010 3450 2079 τῆς
3485 2011 3756 2081 εἱμαρμέ-

2176 2115 2273 2167 νης
2293 2092 2600 2151 ὑποτίθεται
2624 2099 2850 2170 δύναμιν
2873 2142 2887 2164 ,
2919 2099 3057 2152 ὥστε
3091 2101 3184 2153 καὶ
3211 2101 3377 2169 αὐτὴν
3401 2100 3596 2171 τρόπον
3626 2101 3750 2153 τινα

2178 2185 2281 2242 ύπδ
2311 2189 2504 2260 ἑτέραν
2530 2190 2869 2261 εἱμαρμένην
2900 2191 3132 2254 κεῖσθαι,
3159 2193 3222 2260 τῇ
3254 2191 3590 2261 ὑπερεχούσῃ
3625 2208 3751 2242 συν-

2176 2279 2552 2350 διατιθεμένην
2582 2281 2748 2351 αἰτίᾳ.
2786 2282 2847 2334 Ei
2893 2282 2990 2351 μὲν
3033 2281 3137 2352 γάρ
3171 2281 3306 2352 αὕτη
3346 2283 3404 2333 το
3439 2283 3574 2335 κατὰ
3616 2283 3756 2336 πάν-

2177 2387 2283 2423 των
2321 2371 2463 2442 ἔχειν
2496 2372 2694 2442 κράτος
2731 2374 3108 2439 πεπίστευται,
3136 2375 3198 2427 τὸ
3235 2373 3399 2444 μηδὲν
3429 2374 3754 2428 ὑποκεῖσθαι

2177 2462 2378 2534 ταύτης
2415 2465 2448 2534 ἡ
2480 2464 2767 2518 ἀκολουθία
2793 2465 2885 2518 τοῦ
2913 2465 3069 2532 λόγου
3106 2465 3318 2518 δίδωσιν
3353 2464 3578 2518 οἴεσθαι.
3605 2466 3667 2518 Εἰ
3693 2465 3756 2518 δὲ

2178 2556 2242 2624 τῇ
2279 2555 2486 2624 κινήσει
2530 2555 2635 2608 τῶν
2667 2556 2881 2627 ἄστρων
2913 2554 3304 2608 ἀκολουθοῦσαν
3332 2555 3430 2624 τὴν
3477 2555 3750 2626 εἱμαρμέ-

2180 2662 2301 2714 νην,
2339 2648 2560 2715 κρατεῖν
2603 2646 2770 2717 αὑτὴν
2819 2646 2967 2717 βιαίᾳ
2997 2648 3104 2699 τινὶ
3141 2647 3351 2716 ἀνάγκη
3383 2647 3490 2699 τῶν
3526 2647 3752 2700 πάντων

2180 2735 2602 2808 διισχυρίζεται,
2647 2737 3050 2808 ἀσφαλέστερον
3105 2733 3173 2808 ἦν
3222 2737 3300 2806 τῷ
3353 2740 3755 2809 προηγουμένῳ

2183 2828 2380 2898 μᾶλλον
2428 2829 2460 2898 ἥ
2507 2828 2584 2900 τῷ
2640 2828 2888 2900 ἑπομένῳ
2931 2829 3028 2899 τὴν
3085 2829 3488 2899 παντοδύναμον
3547 2829 3754 2900 ταύτην

2181 2923 2621 2992 προσμαρτυρεῖν
2646 2919 2894 2984 ἐξουσίαν
2915 2938 2928 2950 ·
2954 2922 3047 2973 καὶ
3073 2921 3140 2973 τά
3170 2920 3343 2991 ἄστρα
3369 2920 3570 2973 τούτων
3602 2922 3753 2975 αἴτια

2178 3008 2376 3076 λέγειν,
2420 3009 2452 3079 ἢ
2485 3009 2581 3078 τὴν
2610 3008 2822 3078 ἀπλανῆ
2858 3009 3180 3078 περιφοράν,
3220 3009 3253 3078 ἢ
3290 3009 3412 3071 τοὺς
3440 3010 3589 3071 ὲντὸς
3615 3013 3752 3063 ταύ-

2179 3118 2277 3170 της
2336 3100 2800 3170 ἑνθεωρουμένους
2841 3099 3094 3162 κύκλους,
3129 3100 3161 3168 ἢ
3190 3100 3281 3152 τὸν
3316 3099 3484 3164 λοξῶς
3515 3103 3752 3171 ἐγκεχα-

2183 3192 2452 3264 ραγμένον
2485 3191 2563 3261 τῷ
2611 3191 2755 3260 πόλῳ
2812 3189 3027 3242 κύκλον.
3069 3190 3132 3241 Εἰ
3185 3190 3292 3261 γάρ
3333 3207 3415 3252 τις
3456 3191 3569 3260 δοίη
3625 3191 3752 3244 καθ’

2182 3280 2435 3334 ὑπόθεσιν
2471 3281 2542 3350 μὴ
2588 3279 2852 3333 κινεῖσθαι
2884 3277 3078 3341 ταῦτα,
3115 3277 3248 3347 μηδὲ
3290 3278 3377 3329 διὰ
3423 3278 3520 3346 τῆς
3573 3278 3750 3330 ἀϊδίου

2181 3372 2561 3445 κυκλοφορίας,
2651 3375 2706 3424 ἑν
2736 3371 2983 3441 ἀλλήλοις
3005 3373 3023 3391 ⁶
3052 3371 3144 3422 ἀπ’
3175 3370 3418 3440 ἀλλήλων
3456 3369 3702 3437 γίνεσθαι
3730 3408 3748 3434 ,

2181 3463 2296 3516 ἀλλ’
2331 3465 2423 3516 ἐπὶ
2469 3461 2562 3515 τοῦ
2598 3461 2761 3514 αὑτοῦ
2812 3463 3086 3532 σχήματος
3129 3460 3384 3523 ὡσαύτως
3428 3460 3569 3529 ἔχειν
3617 3460 3748 3512 ἀεί’

2181 3553 2279 3604 οὑκ
2312 3552 2375 3605 ἂν
2403 3555 2434 3622 ἡ
2487 3551 2792 3621 εἱμαρμένη
2832 3552 3079 3620 συσταίη.
3129 3551 3189 3602 Εἰ
3217 3545 3310 3602 οὖν
3341 3551 3374 3618 η
3401 3549 3614 3617 κίνησις
3637 3549 3748 3601 τῶν

2181 3644 2395 3712 ἄστρων
2427 3642 2598 3694 τίκτει
2641 3641 2735 3712 τὴν
2767 3642 3125 3711 εἱμαρμένην,
3161 3642 3268 3712 ἄρα
3307 3641 3481 3710 μάτην
3515 3642 3748 3710 ἐπικρα-

2179 3737 2290 3785 τεῖν
2315 3733 2454 3802 αὕτη
2481 3733 2588 3783 τῶν
2617 3731 2788 3785 ἄλλων
2825 3731 3101 3802 νομίζεται
3128 3770 3145 3795 ,
3194 3733 3226 3800 ἡ
3261 3734 3328 3802 τῇ
3376 3729 3746 3801 ὑπερκειμένῐι

2182 3827 2330 3897 αἰτίᾳ
2367 3824 2691 3878 δουλεύουσα
2719 3865 2733 3886 ,
2766 3825 2860 3877 καὶ
2901 3825 2973 3894 μὴ
3006 3823 3072 3877 ἂν
3099 3820 3255 3888 οὖσα,
3289 3826 3336 3875 εἰ
3367 3823 3441 3894 μὴ
3472 3825 3505 3894 ἡ
3537 3823 3752 3891 κίνησις

2181 3915 2268 3990 ἦν.
2314 3918 2452 3971 Ἀλλ’
2488 3917 2547 3969 οὑ
2577 3916 2752 3978 τοῦτο,
2800 3917 2966 3986 φησὶν
3005 3919 3033 3968 ὁ
3065 3915 3346 3984 φιλόσοφος
3388 3917 3610 3976 ἐκεῖνος,
3649 3915 3751 3984 οὐχ

2181 4013 2350 4074 οὕτως
2389 4013 2417 4063 ὁ
2460 4011 2720 4081 ἡμέτερος
2754 4009 2960 4078 νομίζει
2992 4009 3166 4076 λόγος,
3207 4007 3266 4060 τὸ
3297 4004 3433 4059 εἶναι
3465 4009 3630 4076 αὐτὴν
3662 4008 3750 4075 ἐφ’

2181 4103 2376 4174 ἑαυτὴν
2408 4102 2505 4172 τὴν
2539 4098 2874 4170 εἱμαρμένην
2903 4101 2960 4152 ἑν
2988 4100 3279 4152 ὑποστάσει
3308 4101 3412 4152 τινὶ
3444 4102 3751 4170 θεωρουμέ-

2186 4212 2302 4265 νην·
2343 4195 2454 4246 ἀλλ’
2485 4193 2669 4262 ἐπειδὴ
2701 4192 2796 4261 μία
2831 4193 2914 4254 τίς
2953 4193 3099 4244 ἐστιν
3143 4193 3200 4244 ὲν
3233 4193 3341 4254 τοῖς
3371 4188 3487 4242 οὖσι
3529 4190 3749 4258 συμπάέ

2181 4288 2332 4347 θεια,
2367 4286 2458 4338 καὶ
2491 4285 2709 4352 συνεχές
2751 4285 2867 4335 ἐστι
2901 4282 2962 4335 τὸ
3004 4284 3111 4335 πᾶν
3151 4281 3363 4350 ἑαυτῷ,
3407 4283 3500 4334 καὶ
3529 4283 3596 4334 τὰ
3623 4280 3750 4332 καθ’

2181 4379 2406 4430 ἕκαστον
2436 4376 2494 4426 ἐν
2533 4373 2610 4442 τῷ
2645 4375 2803 4426 παντὶ
2835 4372 3181 4443 θεωρούμενα
3217 4369 3328 4424 οἷον
3363 4373 3453 4424 ἐπὶ
3497 4369 3749 4440 σώματος

2183 4472 2299 4530 ἑνὸς
2331 4472 2388 4522 ἑν
2423 4471 2520 4540 μιᾷ
2549 4468 2821 4538 συμπνοίᾳ
2847 4466 3316 4536 καταλαμϐάνεται
3337 4505 3351 4530 ,
3377 4467 3589 4518 πάντων
3615 4465 3753 4534 πρὸς

2184 4561 2385 4629 ἄλληλα
2414 4561 2522 4612 τῶν
2558 4561 2737 4629 μερῶν
2761 4558 3132 4611 συννευόντων.
3163 4557 3361 4629 Τούτου
3387 4557 3543 4627 χάριν
3579 4558 3752 4626 ἀρχη-

2179 4654 2476 4722 γικωτέρας
2499 4651 2663 4721 οὔσης
2683 4651 2780 4719 τῆς
2812 4649 2922 4702 ἄνω
2955 4649 3178 4720 λήξεως,
3199 4650 3265 4702 τά
3298 4649 3549 4722 περίγεια
3573 4650 3750 4701 πάντα

2178 4743 2256 4812 τῷ
2305 4742 2700 4812 προηγουμένῳ
2754 4739 3147 4792 συνδιατίθεται
3180 4755 3193 4768 ⁶
3249 4739 3342 4792 καὶ
3390 4739 3525 4808 πρὸς
3573 4741 3750 4791 ἐκεῖνο

2181 4834 2322 4885 νεύει
2355 4832 2493 4885 κατά
2526 4836 2622 4901 τὴν
2655 4831 2764 4885 ἀνω
2795 4830 3005 4900 κίνησιν
3025 4873 3038 4895 ,
3070 4831 3162 4882 καὶ
3193 4829 3299 4882 τῶν
3328 4830 3451 4900 τῇδε
3501 4831 3753 4900 πραγμά-

2181 4949 2284 4984 των
2317 4932 2373 4995 ἐξ
2401 4931 2643 5002 ἀνάγκης
2691 4930 3121 4999 συγκινουμένων
3140 4943 3154 4957 ο
3180 4929 3235 4978 ἐν
3269 4925 3506 4994 διατόρῳ
3532 4923 3585 4974 δὲ
3613 4957 3630 4983 ,
3653 4940 3751 4974 κα-

2181 5024 2286 5086 θὼς
2320 5026 2531 5096 εἴρηται
2553 5066 2566 5086 .
2608 5025 2672 5094 τῇ
2711 5023 2934 5092 δυνάμει
2966 5022 3193 5074 ἑκάστου
3228 5017 3335 5070 τῶν
3367 5017 3577 5083 ἄστρων
3615 5015 3753 5066 θεω-

2185 5118 2465 5187 ρουμένου.
2497 5117 2705 5185 Ὥσπερ
2741 5115 2832 5166 ἐπὶ
2864 5115 2958 5184 τῆς
2999 5111 3247 5180 ἰατρικῆς
3277 5108 3620 5179 φαρμακείας
3642 5147 3656 5168 ,
3691 5107 3749 5158 αἱ

2179 5210 2286 5261 τῶν
2318 5209 2472 5261 εἰδῶν
2509 5209 2787 5276 ποιότητες
2825 5209 2966 5276 λόγῳ
2997 5206 3102 5258 τινὶ
3136 5203 3393 5273 τεχνικῶς
3427 5200 3751 5269 συμμιχθεῖ-

2185 5317 2292 5361 cat,
2335 5300 2461 5352 ἄλλο
2492 5317 2544 5352 τι
2583 5299 2642 5351 τὸ
2687 5302 2750 5351 ὲκ
2775 5299 2868 5352 τοῦ
2919 5296 3097 5350 κοινοῦ
3147 5294 3450 5365 συγκραθὲν
3482 5291 3750 5359 ἀπειργά-

2183 5404 2362 5450 σαντο,
2396 5389 2488 5440 καὶ
2518 5387 2616 5458 οὐχ
2633 5389 2769 5458 ὅπερ
2791 5388 3016 5440 ’ἑκαστον
3041 5381 3107 5456 ἦν
3135 5384 3240 5453 πρὸ
3262 5383 3362 5453 τῆς
3389 5381 3523 5452 πρὸς
3546 5377 3751 5450 ἄλληλα

2185 5477 2409 5548 μίξεωςθ
2438 5478 2579 5532 οὕτω
2611 5481 2705 5532 καὶ
2739 5479 2844 5530 τῶν
2878 5477 3136 5548 ἀστρῲων
3164 5475 3441 5545 δυνάμεων
3481 5475 3536 5524 ἐν
3565 5471 3753 5540 διαφὸο

2183 5587 2295 5639 ροις
2346 5570 2570 5642 ἰδιότησι
2619 5571 3042 5643 θεωρουμένων.
3085 5571 3118 5640 ἡ
3173 5567 3388 5636 ποικίλη
3435 5563 3576 5618 κατά
3622 5563 3751 5625 τοὺς

2184 5662 2621 5730 προσεγγισμοὺς
2650 5661 2828 5714 αὑτῶν
2880 5661 2972 5713 καὶ
3002 5660 3100 5722 τὰς
3129 5659 3451 5719 ἀποστάσεις
3485 5653 3740 5723 γινομένη

2182 5748 2291 5801 τῶν
2323 5748 2594 5816 διαφέρων
2647 5750 2948 5817 εδιωμάτων
2999 5747 3303 5817 συμπλοκὴ,
3356 5747 3449 5808 τις
