3978 6520
285 385 366 441 153

1565 367 1842 428 CONTRA
1876 367 2136 424 FATUM.

3360 361 3458 416 154

278 504 366 557 τῶν
398 497 524 552 κατᾶ
560 497 648 549 τὸν
676 495 791 564 βίον
821 494 1269 566 ἀποτελουμένων
1299 491 1558 564 διαφοράς
1583 475 1806 562 ἐξεργά-

1930 486 2129 540 nodum
2172 483 2316 538 enim
2360 483 2566 553 peritus
2609 480 2872 546 medicus,
2915 480 2960 533 si
3009 477 3463 532 medicamentum

277 596 428 658 ζεται·
451 583 553 641 οἷόν
588 604 726 650 τινος
760 588 1032 657 ἀπορροῆς
1069 584 1452 646 ἀδιασπάστως
1476 582 1684 634 ἐκεῖθεν
1714 581 1798 649 ἐφ’

275 687 395 756 ἡμᾶς
422 679 719 750 διηκούσης.
761 679 859 732 Διά
908 696 989 730 τοι
1036 677 1193 730 τοῦτο
1230 676 1326 728 καὶ
1358 673 1510 744 παρὰ
1549 672 1656 724 τῶν
1685 674 1806 724 ἐπι-

276 771 557 843 μελέστερον
585 767 652 819 τὰ
693 766 918 819 τοιαῦτα
959 765 1387 834 φιλοσοφούντων
1412 804 1427 824 ,
1460 763 1515 815 αἱ
1561 760 1804 833 προρρή-

274 880 363 924 σεις
383 861 481 912 τῶν
510 859 778 928 ἐσομένων
813 859 909 928 οὐχ
938 856 1360 926 ἁμαρτάνονται.
1397 854 1484 916 Ὠς
1516 853 1624 923 γὰρ
1654 854 1681 904 ὁ
1707 850 1804 919 τῆς

273 953 488 1024 ιατρικῆς
525 952 865 1021 ἐπιστήμων,
891 951 939 1001 εί
967 950 1028 1002 τὸ
1068 947 1268 1019 θερμὸν
1295 948 1327 1018 ἢ
1359 945 1635 1016 ναρκῶδες
1674 942 1806 1012 φάρ“

271 1060 416 1112 μακον
471 1042 800 1112 ἀνακραθείη
859 1040 936 1111 τῷ
986 1039 1229 1110 ἁλμῶντι
1277 1038 1309 1104 ἢ
1363 1035 1804 1106 παραστύφοντι,

268 1135 488 1205 πψλέγει
531 1132 628 1204 τὴν
672 1130 1080 1202 συστησομένην
1128 1132 1191 1182 ἐκ
1228 1129 1325 1200 τῆς
1361 1128 1468 1180 τῶν
1503 1123 1807 1197 ὲτεροφυῶν

268 1226 435 1295 μίξεως
460 1224 712 1291 ἰδιότητα,
746 1223 839 1274 καὶ
870 1222 918 1274 τί
953 1221 1346 1292 κατεργάζεται
1371 1260 1385 1283 ,
1417 1220 1509 1272 καὶ
1541 1219 1700 1288 μέχρι
1727 1216 1809 1268 τί-

268 1333 340 1380 νος
364 1315 451 1385 τὴν
481 1315 631 1383 ἰσχὺν
657 1314 790 1378 ἕξει,
817 1314 909 1365 καὶ
929 1314 1034 1366 τίνι
1061 1314 1156 1382 μὲν
1181 1312 1442 1382 ὀλέθριον,
1473 1310 1577 1362 τίνι
1604 1309 1658 1361 δὲ
1689 1307 1809 1361 ἀλε-

269 1410 474 1476 ξιτήριον
520 1407 764 1473 γίνεται·
806 1406 978 1468 οὕτως
1016 1405 1109 1456 καὶ
1141 1404 1168 1455 ὁ
1213 1406 1323 1466 τοῖς
1361 1403 1472 1456 ἄνω
1505 1401 1572 1454 δι’
1619 1402 1811 1469 ἐπιμε-

266 1498 389 1561 λείας
411 1497 819 1568 προπσχηκιῦς.
857 1498 950 1550 καὶ
977 1497 1075 1567 τὴν
1106 1497 1334 1549 ἑκάστου
1377 1492 1483 1547 τῶν
1511 1493 1680 1546 ὄντων
1705 1491 1810 1561 φύ-

268 1607 335 1642 σιν
371 1591 703 1657 κατανοήσας
729 1628 745 1651 ,
795 1587 998 1641 εἴσεται
1033 1587 1126 1657 τὴν
1172 1589 1236 1639 ἐκ
1273 1586 1374 1656 τῆς
1422 1587 1580 1646 ποιᾶς
1631 1583 1812 1637 αὐτῶν

269 1681 556 1750 συμπλοκῆς
584 1680 818 1750 δύναμιν
841 1681 892 1732 τί
923 1680 1238 1731 ἀποτελέσει
1259 1693 1273 1704 ’
1306 1676 1444 1747 αὕτη
1485 1677 1540 1730 δὲ
1569 1679 1601 1748 ή
1639 1677 1812 1746 ἀπορ-

269 1773 367 1841 ροὴ,
397 1771 510 1824 οὐδὲ
549 1773 609 1822 ἐν
647 1771 814 1840 ὀλίγῳ
846 1771 979 1841 πρὸς
1009 1769 1202 1839 ἑαυτὴν
1234 1765 1434 1839 ὁμοίως
1472 1767 1603 1836 ἔχει.
1655 1766 1814 1819 Ἀλλὰ

1904 579 2136 632 calidum
2196 582 2288 628 aut
2349 573 2623 644 ejusmodi
2673 571 2820 642 quod
2873 571 3312 631 dissolutionem,
3352 581 3466 625 stu-

1905 686 2111 740 porem,
2143 677 2486 737 torporcmve
2524 665 2797 726 conciliet,
2831 680 2952 716 cum
2984 665 3167 732 aliquo
3190 663 3296 716 alio
3319 676 3470 716 com-

1907 763 2222 823 misceatur,
2259 759 2644 829 proprietatem
2685 771 2749 810 ex
2786 756 2877 809 illa
2917 755 3256 810 diversarum
3286 767 3468 808 rerum

1906 854 2136 908 mistura
2177 851 2463 906 oriundum
2509 848 2754 918 praedicit
2790 865 2802 901 :
2839 847 2969 917 quid
3008 847 3134 901 item
3165 845 3382 909 eﬂiciat,
3415 851 3471 900 et

1905 943 2161 1016 quamdiu
2209 944 2315 996 vim
2359 943 2612 1004 retineat,
2663 939 2748 993 cui
2775 938 3167 1008 perniciosum,
3207 937 3293 990 cui
3322 935 3470 990 salu-

1907 1046 2023 1092 tare
2057 1038 2128 1092 sit
2158 1054 2170 1089 :
2209 1036 2282 1089 ita
2320 1035 2366 1088 is
2413 1034 2598 1096 etiam,
2626 1031 2716 1102 qui
2747 1031 2813 1084 ad
2839 1046 2926 1085 res
2951 1031 3200 1085 coelestes
3229 1030 3470 1083 animum

1908 1129 2097 1186 sedulo
2136 1127 2448 1200 applicat-it,
2491 1133 2544 1180 et
2571 1125 2838 1194 cujusque
2893 1132 3138 1177 naturam
3173 1123 3470 1193 perspexit,

1907 1224 2043 1280 sciet
2075 1221 2477 1289 conjunctionis
2521 1234 2706 1275 earum
2752 1234 2872 1288 quae
2910 1219 2980 1272 sit
3009 1218 3092 1272 vis
3145 1225 3198 1272 et
3236 1216 3475 1272 efficaci-

1908 1324 2011 1371 tas.
2048 1315 2218 1368 Porro
2251 1315 2351 1368 iste
2372 1311 2608 1366 inﬂuxus
2637 1327 2704 1364 ne
2732 1311 2798 1365 ad
2827 1311 2989 1365 breve
3014 1310 3232 1380 quidem
3263 1319 3471 1377 tempo-

1909 1411 1986 1465 ris
2004 1409 2234 1479 spatium
2264 1407 2364 1462 sibi
2391 1406 2586 1461 similis
2604 1413 2688 1460 est
2706 1424 2720 1460 :
2741 1404 2836 1459 sed
2857 1405 2984 1474 quia
3010 1404 3474 1473 congredientium

1910 1500 2154 1555 siderum
2184 1513 2464 1567 nunquam
2488 1497 2702 1552 stabilis
2724 1505 2808 1550 est
2834 1503 3038 1556 motus,
3077 1495 3314 1550 inﬂuxus
3341 1510 3479 1564 quo-

1910 1610 2016 1662 que
2040 1607 2147 1646 una
2174 1607 2298 1646 cum
2322 1592 2412 1644 illa
2435 1599 2616 1644 motus
2639 1589 2958 1645 diversitate
2979 1589 3221 1643 varietur
3241 1604 3478 1657 semper,

1913 1684 1982 1738 ad
2028 1697 2257 1752 eamque
2280 1682 2629 1737 efficientiam
2659 1696 2814 1738 suam
2850 1680 3221 1737 accommodet
3252 1694 3480 1734 necesse

1915 1782 2018 1830 est.
2072 1774 2241 1843 Cujus
2291 1774 2526 1830 inﬂuxus
2558 1773 2861 1843 portionem
2894 1787 3127 1827 nascens
3171 1772 3403 1841 quisque
3425 1771 3481 1824 in

264 1863 335 1914 διὰ
372 1863 427 1913 τὸ
472 1863 731 1914 άστατεῖν
779 1863 867 1914 ἀεὶ
923 1861 1030 1914 τῶν
1074 1862 1516 1930 ἐπιπλεκομένων
1575 1859 1816 1930 ἀλλήλως

1930 1877 1984 1917 eo
2037 1863 2295 1932 temporis
2324 1871 2599 1918 momento
2627 1864 2854 1917 sortitur
2897 1869 2952 1918 et
2985 1863 3140 1932 quasi
3177 1861 3370 1931 spiritu
3400 1869 3483 1914 at-

263 1954 448 2024 ἇστρων
473 1953 570 2024 τὴν
602 1954 841 2022 κίνησιν,
876 1954 1190 2020 ἀναγκαίως
1216 1954 1440 2024 κάκείνη
1470 1956 1536 2024 τῇ
1571 1952 1818 2024 συνεχείᾳ

266 2046 347 2114 τῆς
371 2044 504 2098 κατὰ
525 2045 628 2115 τὴν
661 2045 883 2113 κίνησιν
909 2045 1222 2115 ἑτερότητος
1259 2044 1659 2097 συναλλοιοῦται
1681 2061 1694 2074 ’
1732 2044 1819 2097 ἀεὶ

266 2135 798 2206 συμμετακιρναμένη
844 2137 908 2205 τῇ
958 2135 1199 2205 ποικιλίᾳ
1245 2136 1342 2204 τῆς
1390 2137 1690 2204 κινήσεως,
1728 2135 1819 2187 καὶ

264 2228 344 2289 τὰς
374 2227 650 2296 ἐνεργείας
701 2227 877 2295 αὐτῆς
920 2229 984 2297 τῇ
1037 2228 1248 2296 κινήσει
1289 2227 1399 2280 τῶν
1446 2229 1660 2297 ἄστρων
1694 2243 1818 2279 συν-

263 2315 662 2380 ρξαλλάσσουσξι.
701 2309 811 2378 Ἦς
837 2315 947 2367 τῶν
989 2316 1080 2368 ἐπὶ
1135 2315 1224 2368 τὸν
1265 2315 1378 2384 βίον
1423 2315 1822 2385 παραγομένων

264 2408 484 2468 ἕκαστος.
526 2405 674 2458 κατὰ
715 2405 812 2474 τὴν
848 2406 904 2456 ἐν
946 2405 1025 2475 τῷ
1067 2407 1262 2476 ἀκαρεῖ
1314 2405 1407 2458 τοῦ
1448 2406 1820 2476 διαστήματος

265 2495 604 2564 ἐπιτυχοῦσαν
662 2495 814 2565 αὐτῷ
846 2499 1044 2566 μοῖραν
1080 2498 1292 2559 σπάσας
1321 2536 1336 2560 ,
1371 2499 1545 2550 ἐκεῖνο
1573 2498 1780 2563 γίνεται
1805 2535 1820 2560 ,

264 2587 382 2655 ὅπερ
424 2589 455 2657 ή
501 2588 710 2657 ἰδιότης
748 2585 843 2639 τοῦ
894 2587 1091 2659 μέρους
1125 2587 1334 2640 ἐκείνου
1381 2588 1727 2659 προεμήνυσέ
1761 2605 1821 2639 τε

264 2677 340 2728 καὶ
362 2677 708 2730 ἀπετέλεσεν.
753 2677 988 2748 Ἀνάγκη
1026 2677 1134 2747 γὰρ
1166 2679 1315 2731 πᾶσα
1353 2679 1605 2749 καθάπερ
1635 2681 1692 2731 ἐν
1731 2679 1822 2732 ἐκ-

268 2771 451 2839 μαγείῳ
495 2769 800 2840 σφραγῖδος
842 2769 920 2838 τῷ
962 2768 1228 2822 ἐντεθέντι
1265 2769 1421 2841 κηρῷ
1459 2771 1520 2822 τὸ
1547 2769 1689 2823 κατά
1723 2769 1821 2841 τὴν

265 2859 450 2929 γλυφὴν
492 2856 639 2922 εἶδος
678 2859 1106 2929 περιτυποῦταιο
1157 2859 1330 2922 οὕτως
1360 2861 1454 2913 κα)⁸
1486 2859 1580 2912 τοῦ
1615 2858 1820 2931 ἀνθρώ-

262 2967 351 3002 που
378 2955 462 3006 τὸν
503 2953 642 3023 βίον,
753 2952 818 3005 ἂν
856 2951 1145 3023 συνενεχθῇ
1191 2952 1363 3022 μορίῳ
1388 2951 1486 3022 τῆς
1522 2949 1825 3023 ἀπορρεού-

265 3059 348 3111 σης
376 3042 659 3112 δυνάμεως
702 3045 765 3096 ἐκ
798 3044 897 3114 τῆς
939 3043 1047 3096 τῶν
1083 3045 1298 3114 ἄστρων
1347 3043 1648 3114 κινήσεως,
1684 3040 1827 3095 κατὰ

1922 1953 2110 2018 trahit,
2145 1969 2209 2007 ac
2239 1954 2364 2009 talis
2397 1954 2598 2018 evadit,
2631 1954 2845 2024 qualem
2879 1969 3001 2008 eum
3035 1953 3307 2024 portionis
3337 1952 3485 2007 illius

1922 2045 2224 2115 proprietas
2244 2054 2297 2098 et
2316 2044 2748 2115 prtesignificavit
2775 2053 2829 2099 et
2853 2043 3052 2099 eﬂ‘ecit.
3087 2043 3316 2098 Prorsus
3341 2045 3485 2098 enim

1925 2150 2149 2190 necesse
2189 2145 2295 2200 est,
2351 2143 2411 2188 ut
2463 2135 2733 2205 quomodo
2774 2133 2983 2204 effigies
3033 2135 3189 2205 signo
3220 2134 3488 2204 insculpta

1925 2242 2062 2281 cerae
2129 2227 2509 2296 imprimitur:
2559 2228 2638 2282 sic
2686 2227 2925 2281 hominis
2983 2241 3200 2296 quoque
3240 2225 3375 2289 vita,
3431 2225 3490 2280 in

1927 2331 2088 2386 quam
2139 2328 2343 2386 partem
2383 2315 2661 2371 inﬂuentis
2709 2331 2772 2370 ex
2806 2325 3078 2371 astrorum
3115 2323 3264 2370 motu
3315 2315 3490 2369 virtu-

1928 2407 2000 2462 tis
2041 2406 2248 2471 incidit,
2284 2406 2349 2460 ad
2382 2406 2530 2461 illius
2568 2406 2956 2477 proprietatem
2998 2405 3393 2466 conformetur,
3429 2420 3492 2460 ac

1927 2495 2050 2549 talis
2107 2494 2223 2556 fiat,
2263 2495 2476 2564 qualem
2533 2493 2587 2548 in
2640 2510 2700 2550 se
2762 2495 3074 2550 continebat
3125 2495 3216 2548 illa
3255 2493 3494 2550 influxus

1927 2589 2127 2658 portio.
2188 2601 2350 2656 quam
2405 2585 2638 2655 quisque
2691 2586 2847 2640 initio
2895 2589 3026 2664 .vita:
3072 2587 3240 2641 veluti
3299 2587 3495 2656 spiritu

1929 2677 2268 2744 attraxisset,
2323 2685 2376 2732 et
2419 2691 2526 2746 qua
2560 2676 2763 2730 virtute
2806 2677 2974 2732 semel
3010 2677 3154 2732 velut
3202 2678 3496 2747 insignitus

1927 2774 2092 2830 esset,
2136 2782 2261 2820 cum
2298 2780 2361 2821 ea
2411 2767 2730 2821 necessario
2763 2765 3023 2837 deinceps
3076 2767 3394 2835 convenire,
3427 2769 3496 2825 iis

1928 2861 2092 2915 rebus
2149 2867 2261 2913 tum
2308 2857 2561 2929 gerendis
2600 2867 2713 2912 tum
2768 2858 3026 2925 ferendis,
3067 2875 3297 2929 quarum
3344 2859 3496 2929 prin-

1930 2951 2072 3020 cipia
2122 2963 2388 3004 causasve
2431 2949 2677 3004 sidereus
2723 2949 2814 3005 ille
2855 2961 2911 3006 et
2967 2950 3226 3006 fortuitus
3263 2949 3498 3007 innuxus

1929 3042 2276 3096 contulisset.

260 3138 344 3207 τὴν
368 3139 570 3192 ἐκείνου
603 3139 704 3192 τοῦ
741 3138 937 3210 μέρους
983 3138 1218 3210 ἰδιότητα
1249 3137 1568 3191 τυποῦσθαι·
1603 3139 1821 3191 κάκεῖνο
1857 3137 2123 3205 γίνεσθαι,
2146 3138 2282 3206 ὅπερ
2305 3132 2448 3207 εἶχεν
2465 3138 2521 3190 ἐν
2543 3138 2706 3207 ἑαυτῇ
2736 3136 2834 3206 τῆς
2858 3137 3155 3208 ἀπορροίας
3213 3140 3247 3210 ή
3312 3141 3498 3209 μοῖρα,

261 3230 319 3300 ήν
356 3231 591 3286 ἔσπασεν
646 3233 809 3296 εὐθὺς
863 3233 957 3286 τοῦ
1020 3232 1135 3302 βίου
1186 3233 1529 3305 ἀρχόμενος·
1672 3233 1820 3299 ἅπαξ
1859 3231 2282 3303 ἐνσφραγισθεὶς
2318 3232 2459 3286 κατὰ
2496 3231 2592 3301 τὴν
2637 3233 2754 3286 ἐκεῖ
2819 3231 3184 3304 θεωρηθεῖσαν
3254 3235 3498 3306 δύναμιν,

259 3330 551 3397 ἀναγκαίως
576 3333 639 3383 ἐν
673 3333 740 3402 τῇ
775 3329 917 3383 κατὰ
943 3331 1034 3384 τὸν
1064 3331 1175 3402 βίον
1212 3331 1431 3402 ἰδιότητι
1465 3330 1878 3403 συμμορφοῦται
1901 3346 1915 3360 ⁸
1949 3328 2120 3384 ταῦτα
2195 3330 2364 3383 ποιῶν
2406 3329 2439 3400 ἢ
2489 3329 2731 3400 πάσχων,
2764 3322 2837 3383 ὧν
2877 3330 2975 3392 τὰς
3015 3330 3224 3402 ⁴ινάρχάς
3299 3331 3332 3401 ἢ
3407 3333 3506 3392 τὰς

260 3423 420 3483 αἰτίας
447 3425 479 3494 ὴ
512 3421 714 3493 πρώτη
741 3422 976 3490 ἔντευξις
1002 3425 1100 3494 τῆς
1128 3425 1226 3479 άστ
1238 3425 1382 3495 ρῲας
1415 3427 1631 3497 ἐκείνης
1655 3426 1932 3497 ἀπορροῆς
1959 3423 2302 3478 κατεϐάλετο.

330 3517 465 3586 Ἐγὼ
495 3521 555 3572 δὲ
595 3519 806 3572 τούτων
839 3520 1166 3590 λεγομένων,
1213 3522 1287 3575 Οὐ
1331 3520 1544 3593 παύσῃ,
1580 3521 1715 3592 πρὸς
1747 3523 1827 3574 αὺ-

2013 3519 2144 3586 Qu:e
2177 3534 2299 3574 cum
2339 3519 2428 3574 ille
2465 3519 2691 3586 diceret,
2730 3519 2845 3574 Non
2872 3521 3110 3586 desines,
3136 3521 3380 3590 inquam,
3407 3539 3507 3576 nu-

259 3609 337 3661 τὸν
366 3606 538 3674 εἷπον,
557 3610 878 3681 φληνάφους
900 3612 1022 3682 ἐμοὶ
1048 3611 1236 3679 λόγους
1275 3615 1366 3666 καὶ
1386 3614 1583 3684 λήρους
1602 3612 1833 3678 διεξιὼν,

257 3703 310 3752 τὸ
337 3704 537 3774 ἀμερὲς
568 3705 754 3754 ἐκεῖνο
788 3703 954 3772 μέρος
977 3705 1080 3773 τῆς
1105 3705 1162 3756 ἐν
1185 3705 1381 3774 ἀκαρεῖ
1408 3705 1693 3774 μετουσίας
1713 3747 1727 3770 ,
1759 3704 1838 3776 τῷ

261 3794 448 3847 ἄνωθεν
498 3797 666 3864 ἡμῖν,
706 3794 781 3857 ὡς
816 3795 951 3866 φῂς,
981 3797 1227 3868 ἐπιρρεῖν
1276 3796 1382 3850 τῶν
1423 3797 1637 3851 πάντων
1669 3800 1836 3852 αἴτιον

258 3885 354 3936 τῶν
386 3887 445 3937 ἐν
476 3888 622 3957 ἡμῖν
664 3887 1086 3950 κατασκευάζων
1106 3926 1120 3950 ,
1152 3886 1275 3940 οὔτε
1311 3889 1360 3941 εἰ
1407 3888 1648 3960 ἔμψυχον
1682 3889 1839 3942 τοῦτο

263 3977 345 4028 καὶ
371 3977 768 4048 προαιρετικόν
794 3979 909 4031 ἐστι
933 3977 1106 4046 λέγων
1129 4018 1145 4043 ,
1179 3979 1302 4032 οὔτε
1335 3981 1480 4044 ὅπως
1508 3983 1841 4052 κατακρατεῖ

259 4067 352 4119 τῶν
381 4071 658 4140 ἐμψύχων
696 4071 754 4122 τὸ
800 4070 1004 4140 ἄψυχόν
1048 4088 1107 4123 τε
1160 4073 1249 4124 καὶ
1299 4073 1666 4127 ἀνυπόστατον
1690 4113 1705 4138 ,
1747 4072 1842 4128 καὶ

265 4162 520 4232 μηδεμίαν
558 4165 630 4215 ἐκ
657 4161 872 4228 φύσεως
898 4163 1032 4216 ἰδίαν
1059 4163 1179 4234 ἕχον
1207 4165 1381 4236 ὁρμὴν
1411 4165 1579 4231 δεῖξαι
1604 4165 1838 4235 δυνάμε-

261 4270 372 4318 νος,
418 4253 564 4306 ἀλλὰ
625 4253 806 4322 πάσης
839 4252 1033 4323 βουλῆς
1067 4254 1160 4308 καὶ
1189 4257 1286 4326 τῆς
1326 4256 1390 4308 ἐκ
1433 4256 1539 4308 τῶν
1572 4256 1841 4327 λογισμῶν

263 4343 602 4412 προμηθείας
634 4381 648 4402 ,
691 4343 1020 4408 παιδεύσεως
1070 4361 1127 4396 τε
1190 4345 1280 4397 καὶ
1344 4346 1698 4415 ἐπιμελείας,
1746 4348 1843 4400 καὶ

257 4432 355 4485 τῶν
385 4437 508 4487 κατ’
537 4434 748 4504 ἀρετὴν
778 4435 1223 4505 ἐπιτηδευμάτων
1246 4477 1260 4497 ,
1304 4437 1551 4508 καθάπερ
1580 4439 1702 4492 τινὰ
1747 4440 1842 4492 τύ-

262 4540 440 4592 ραννον
475 4525 511 4595 ἢ
537 4524 815 4594 δεσπότην
841 4565 855 4587 ,
889 4526 950 4578 τὸ
979 4526 1181 4597 ἄψυχόν
1223 4546 1281 4581 τε
1327 4529 1422 4582 καὶ
1460 4530 1839 4600 ἀπροαίρετον,

259 4609 481 4664 ἄττατόν
512 4628 577 4662 τε
619 4613 715 4664 καὶ
761 4613 1047 4683 παροδικὸν
1075 4656 1088 4678 ,
1123 4616 1216 4669 καὶ
1258 4618 1490 4690 ἀμερὲς,
1523 4620 1615 4672 καὶ
1641 4621 1842 4674 ἀνυπό-

260 4716 442 4753 στατον
494 4703 811 4772 ἐπιστήσας
849 4702 924 4773 τῷ
955 4703 1127 4775 λόγῳ;
1157 4706 1268 4777 Τῆς
1317 4708 1519 4762 ἐκείνου
1565 4711 1845 4780 δυνάμεως

258 4789 507 4858 ὲξάπτεις
555 4795 666 4863 τὴν
699 4795 808 4846 τῶν
837 4796 1004 4850 ὄντων
1036 4797 1292 4852 σύστασίν
1331 4819 1389 4854 τε
1423 4803 1517 4855 καὶ
1558 4803 1841 4874 διοίκησιν,

1939 3627 2036 3682 gas
2061 3620 2115 3666 et
2152 3611 2386 3680 ineptias
2416 3611 2547 3665 mihi
2589 3625 3044 3677 commemorare,
3095 3620 3149 3665 et
3177 3612 3509 3667 confirmare

1940 3700 2274 3754 individuam
2308 3700 2455 3754 illam
2497 3701 2804 3769 portionem
2848 3701 3217 3756 momentanei
3243 3700 3506 3764 influxus,

1940 3807 2048 3861 quo
2078 3792 2132 3846 in
2169 3807 2290 3858 nos,
2333 3802 2392 3845 ut
2421 3793 2524 3854 ais,
2567 3807 2748 3848 causa:
2781 3807 2972 3847 omnes
3003 3808 3034 3848 e
3056 3793 3212 3849 caelis
3250 3793 3505 3860 inﬂuant,

1940 3899 2067 3939 cum
2103 3894 2281 3938 tamen
2312 3899 2489 3954 neque
2522 3884 2676 3940 dicas
2699 3885 3072 3939 animatumne
3093 3886 3188 3948 sit,
3216 3900 3280 3940 ac
3305 3887 3509 3941 volun-

1943 3975 2075 4030 tatis
2126 3975 2452 4044 arbitriique
2503 3975 2802 4045 particeps,
2846 3990 2949 4031 nec
3003 3991 3110 4046 qua
3155 3977 3369 4032 ratione
3420 3994 3512 4035 res

1941 4067 2212 4121 animatas
2241 4073 2394 4136 regat
2430 4065 2483 4119 id
2523 4064 2667 4134 quod
2697 4081 2873 4134 neque
2899 4080 2995 4136 per
3026 4081 3086 4121 se
3114 4067 3389 4132 subsistit,
3410 4084 3511 4125 ne-

1942 4175 2049 4229 que
2081 4160 2284 4223 anima,
2315 4174 2491 4230 neque
2518 4159 2630 4213 ullo
2651 4168 2859 4214 natura:
2910 4159 3174 4216 instinctu
3220 4162 3510 4233 praeditum

1942 4251 2123 4321 possis
2153 4249 2446 4306 ostendere
2466 4291 2481 4315 ,
2519 4251 2614 4306 sed
2653 4251 2909 4307 omnibus
2937 4253 3206 4318 consiliis,
3224 4254 3514 4324 cogitatio-

1943 4343 2125 4407 nibus,
2157 4344 2529 4413 providentiae,
2576 4343 2930 4410 institutioni,
2963 4359 3132 4409 curae,
3185 4347 3367 4404 studio
3398 4349 3514 4404 vir-

1944 4436 2075 4492 tutis
2097 4439 2254 4506 quasi
2282 4437 2572 4506 quemdam
2598 4446 2889 4508 tyranuum
2925 4445 3020 4491 aut
3063 4437 3347 4494 dominum
3385 4456 3512 4510 per-

1946 4523 2098 4579 ﬁcias
2135 4526 2436 4580 inanimum
2473 4527 2756 4596 quiddam,
2794 4529 3011 4582 arbitrii
3065 4546 3284 4600 expers,
3343 4532 3514 4588 insta-

1944 4615 2073 4680 bile,
2104 4615 2330 4683 iluxum,
2369 4618 2685 4684 insecabile,
2741 4635 2844 4676 nec
2899 4637 2996 4691 per
3043 4638 3105 4677 se
3157 4625 3511 4682 subsistens:

1948 4709 2013 4764 ad
2044 4709 2203 4777 cujus
2236 4712 2533 4780 potentiam
2581 4727 2763 4768 rerum
2805 4716 3260 4771 constitutionem
3312 4727 3366 4774 st
3411 4734 3515 4789 gu-

1949 4799 2323 4854 bernationem
2375 4801 2625 4856 oratione
2681 4812 2771 4856 tua
2814 4803 3034 4860 refers?
3067 4807 3150 4860 An
3204 4823 3312 4861 non
3363 4807 3515 4864 vides

259 4885 344 4935 καὶ
371 4887 472 4954 οὐχ
503 4887 652 4956 ὁρᾷς
705 4889 785 4949 εἰς
827 4889 944 4952 οἵας
991 4893 1018 4942 ό
1046 4891 1200 4959 λόγος
1248 4893 1475 4958 ἀτοπίας
1522 4869 1808 4965 ἐκφέρεται

1953 4906 2114 4958 quam
2142 4890 2243 4944 hoc
2273 4892 2502 4948 auribus
2529 4893 2836 4964 animisque
2858 4896 3142 4951 hominum
3185 4899 3256 4953 sit
3310 4899 3514 4954 absur-

260 4972 316 5023 Εἰ
345 4976 454 5046 γάρ
485 4975 771 5046 τοσαύτην
798 4976 910 5046 ἕχει
939 4977 1166 5048 δύναμιν
1197 4980 1413 5051 ἐκείνης
1441 4985 1538 5053 τῆς
1573 4983 1848 5054 ἀπορροῆς

258 5064 287 5132 ἡ
316 5069 506 5136 μοῖρα,
537 5067 623 5128 ὡς
651 5067 772 5119 κατ’
801 5068 968 5137 αὐτὴν
997 5069 1118 5132 τοὺς
1157 5070 1306 5142 παρὰ
1336 5072 1432 5142 τήν
1462 5071 1682 5143 πρώτην
1711 5073 1849 5142 πάρ·

259 5157 365 5209 οδον
395 5159 706 5227 γεγονότας
751 5160 1033 5213 ἀποτελεῖν
1057 5179 1070 5194 ·
1118 5163 1332 5226 πάντως
1371 5165 1451 5217 ὅτι
1499 5165 1600 5218 οὐκ
1643 5166 1846 5218 ἐπακο-

257 5249 603 5320 λουϐητικῶς
629 5291 643 5313 ,
677 5249 815 5302 ἀλλὰ
848 5253 1270 5322 προηγουμένως
1293 5255 1390 5324 τῇς
1424 5254 1531 5308 τῶν
1565 5255 1732 5309 ὄντων
1762 5273 1848 5309 συ-

260 5345 498 5407 στάσεως
564 5343 919 5414 ἐξηγήσετᾳι.
971 5343 1176 5398 Οὐκοῦν
1215 5345 1394 5416 ἐκείνη
1450 5347 1673 5418 προάξει
1707 5348 1846 5402 κατὰ

256 5434 349 5504 τὴν
381 5437 532 5489 ἰδίαν
587 5435 820 5505 δύναμιν
861 5436 951 5487 τὸν
998 5437 1344 5508 τικτόμενον,
1388 5439 1480 5491 καὶ
1507 5440 1627 5509 οὐχὶ
1655 5442 1720 5512 τῇ
1753 5438 1845 5494 τοῦ

260 5526 676 5599 ἀποκυηθέντος
747 5529 1005 5600 συντυχίᾳ
1056 5529 1406 5600 ὑπηρετήσει.
1465 5531 1686 5600 Ἄδηλον
1738 5532 1848 5601 γὰρ

258 5616 494 5672 ἐνταῦθα
550 5623 712 5673 ποῖον
749 5622 892 5684 τίνος
929 5621 1369 5692 ἀρχηγικώτερον
1394 5661 1408 5684 ,
1441 5623 1762 5694 ἀμφοτέρων
1791 5625 1849 5678 ἐν

260 5707 332 5779 τῷ
367 5712 586 5781 ἀκαρεῖ
641 5713 781 5764 κατὰ
836 5712 896 5764 τὸ
941 5708 1056 5765 ἴσον
1102 5712 1351 5783 ἀλλήλοις
1403 5715 1844 5785 συμφερομένων.

261 5798 326 5854 ὐ
352 5819 409 5855 τε
441 5804 562 5876 γὰρ
604 5802 889 5874 ἄνθρωπος
915 5803 1006 5857 καὶ
1039 5803 1142 5874 πρὸ
1163 5803 1262 5876 τῆς
1290 5802 1470 5869 ἐξόδου
1502 5804 1610 5861 τῶν
1642 5805 1847 5876 σπλάγ-

1951 4980 2124 5034 dum?
2153 4978 2209 5034 Si
2240 4980 2385 5034 enim
2421 4987 2629 5035 tantam
2662 4983 2768 5036 vim
2802 4983 2966 5038 habet
3007 4982 3271 5039 fortuitus
3301 4985 3392 5039 ille
3430 4985 3518 5038 in-

1950 5071 2147 5137 ﬂuxus,
2192 5084 2386 5128 utnon
2443 5075 2721 5143 sequendo
2773 5075 2868 5130 sed
2922 5076 3281 5146 praecedendo
3331 5091 3515 5130 rerum

1949 5167 2396 5220 constitutionem
2429 5167 2743 5223 moderetur
2769 5187 2783 5222 :
2814 5175 2965 5223 certe
2989 5168 3259 5238 praecedet
3282 5157 3518 5223 nascen-

1950 5263 2082 5320 tem,
2113 5271 2178 5310 ac
2211 5273 2320 5312 non
2344 5257 2458 5326 jam
2511 5257 2627 5311 nati
2672 5259 2896 5314 casibus
2953 5259 3176 5313 serviet.
3233 5259 3512 5313 Incertum

1949 5348 2092 5401 enim
2119 5348 2206 5402 hic
2244 5357 2328 5404 est
2359 5349 2495 5418 quid
2539 5366 2649 5418 quo
2705 5352 2778 5405 sit
2812 5351 2985 5422 prius,
3005 5365 3129 5404 cum
3161 5350 3226 5404 ad
3251 5359 3515 5420 punctum

1949 5441 2212 5508 temporis
2241 5451 2295 5495 et
2326 5441 2607 5511 aequaliter
2638 5442 2780 5497 inter
2810 5458 2869 5497 se
2886 5457 2950 5496 ac
2981 5441 3144 5496 simul
3173 5451 3516 5498 moveantur.

1949 5529 2084 5586 Nam
2115 5540 2168 5588 et
2206 5532 2369 5587 homo
2400 5534 2634 5588 necdum
2675 5535 2730 5588 in
2760 5535 2933 5588 lucem
2962 5534 3142 5590 editus
3190 5543 3341 5590 motu
3381 5550 3520 5606 quo-

1952 5620 2078 5676 dam
2131 5623 2328 5688 cietur,
2379 5625 2716 5680 decrementi
2775 5625 3027 5681 videlicet
3066 5635 3122 5681 et
3184 5629 3514 5685 incrementi

1953 5714 2240 5779 naturalis,
2267 5731 2387 5785 quae
2413 5716 2633 5786 quidem
2657 5717 2870 5787 species
2899 5728 3084 5774 motus
3104 5729 3232 5777 sunt
3253 5740 3268 5790 ;
3291 5731 3345 5777 et
3361 5723 3516 5778 stella

1959 5817 2222 5876 movetur,
2255 5825 2428 5882 neque
2443 5810 2674 5888 quiescit
2686 5811 2844 5887 prius
2864 5809 3027 5868 etiam
3041 5826 3205 5883 quant
3221 5817 3384 5873 homo
3407 5817 3514 5886 spi_
