3978 6484
476 390 581 446 155
1697 388 1753 445 8.

1812 388 1852 441 G
1862 383 2137 441 REGORll
2190 383 2232 438 Ν
2245 384 2277 437 Υ
2290 382 2487 438 SSENI

3612 388 3714 443 156

473 504 639 556 ritum
660 502 839 555 ducat.
863 500 923 555 Et
943 502 1196 571 quoniam
1220 503 1498 573 aequaliter
1527 517 1589 556 ac
1612 502 1770 556 simul
1795 515 2031 554 movean-

2149 516 2287 568 χνων
2311 499 2368 550 ὲν
2395 498 2601 567 κινήσει
2631 496 2746 558 πώς
2772 499 2910 559 ἐστι,
2942 496 3030 551 διὰ
3080 498 3356 569 μειώσεως
3393 517 3453 553 τε
3488 503 3581 555 καὶ
3618 506 3717 557 a6-

480 601 589 654 tur,
619 598 769 645 certo
813 591 1062 659 judicare
1096 607 1207 645 non
1252 608 1566 661 possumus,
1593 603 1711 645 uter
1748 589 2035 659 praecedat,

474 697 597 734 cum
626 689 678 733 et
709 681 798 734 ille
831 681 1167 735 circulorum
1205 683 1584 747 conversione,
1628 691 1680 736 et
1711 682 1799 734 hic
1831 689 2041 733 natura:

472 770 713 823 motione
760 769 986 824 feratur.
1040 770 1205 836 Quod
1246 772 1293 825 si
1321 773 1375 825 in
1429 786 1536 825 una
1584 780 1736 840 parte
1779 768 2040 839 temporis

474 861 808 913 conveniunt
856 862 1037 924 ambo,
1082 863 1228 932 quod
1279 862 1341 915 in‘
1365 864 1446 917 eis
1481 863 1778 917 discrimen
1811 870 1916 924 est,
1983 868 2042 913 ut

476 950 707 1004 alterum
761 952 830 1005 ab
886 952 1058 1006 altero
1111 952 1347 1021 pendere
1389 952 1717 1007 credamus?
1785 948 1843 1004 Si
1894 951 2038 1005 enim

473 1052 621 1097 astra
672 1044 944 1098 hominem
986 1044 1396 1113 progignereut,
1458 1052 1612 1097 ortus
1671 1057 1852 1097 rerum
1898 1051 2041 1096 esset

472 1135 790 1197 continuus,
850 1150 1023 1204 neque
1062 1136 1146 1189 vel
1178 1136 1242 1188 ad
1280 1142 1613 1189 momentum
1647 1133 1908 1202 temporis
1942 1132 2040 1186 ho-

473 1225 684 1277 minum
716 1224 1029 1294 procreatio
1079 1224 1559 1278 intermitteretur.
1599 1220 1719 1274 1am
1754 1235 1882 1274 vero
1913 1233 2037 1271 cum

476 1315 620 1369 inter
643 1324 934 1371 nascentes
973 1315 1166 1369 acerba
1200 1315 1457 1369 intersint
1488 1312 1794 1373 intervalla,
1823 1311 2038 1380 perspi-

474 1423 637 1461 cuum
682 1406 738 1460 lit
772 1406 1050 1461 hominum
1099 1414 1277 1459 ortum
1312 1421 1419 1458 non
1460 1405 1614 1474 sequi
1654 1412 1859 1457 motmn
1895 1402 2041 1458 side-

474 1513 614 1551 rum.
656 1495 753 1552 llic
789 1496 931 1551 enim
962 1504 1260 1565 perpetuus
1303 1502 1408 1558 e'st,
1449 1495 1538 1549 ille
1569 1494 1986 1563 interrumpitur
2022 1512 2035 1547 :

474 1605 535 1643 ac
566 1604 665 1644 suo
703 1587 939 1658 quodam
974 1588 1234 1657 peculiari
1283 1603 1429 1642 nexu
1486 1595 1649 1656 atque
1681 1586 1872 1640 ordine
1919 1594 2030 1639 tam

473 1677 721 1730 homines
758 1691 923 1744 quam
956 1686 1101 1731 astra
1141 1691 1235 1745 per
1265 1691 1324 1730 se
1358 1684 1664 1739 moventur,
1726 1692 1848 1729 cum
1892 1675 2038 1728 nulla

472 1767 773 1823 necessitas
805 1767 948 1820 inter
986 1783 1042 1821 se
1085 1768 1303 1837 c0pu|et
1338 1781 1401 1821 ea
1425 1782 1545 1837 qua:
1587 1777 1778 1820 natura
1823 1765 2036 1834 disjun-

2143 588 2349 658 ξήσεως
2398 588 2455 639 ὲν
2499 590 2562 656 τῇ
2599 587 2757 656 φύσει
2786 587 3099 657 κινούμενος
3133 589 3275 658 (ἐπεὶ
3308 591 3400 643 καὶ
3429 591 3587 645 τοῦτο
3629 614 3715 649 κι-

2141 681 2347 750 νήσεως
2373 676 2513 742 εἶδός
2536 678 2676 750 ἐστι)
2701 696 2714 708 ·
2751 679 2812 732 τό
2845 697 2900 732 τε
2931 681 3126 750 ἄστρον
3149 681 3242 734 καὶ
3273 682 3377 753 πρό
3400 684 3490 737 τοῦ
3514 685 3602 739 τὸν
3619 687 3715 739 ἀνα

2142 769 2356 839 θρωπον
2378 768 2471 820 τοῦ
2506 768 2664 839 ἀέρος
2690 770 2893 821 σπᾶσαι
2913 807 2927 832 ,
2959 769 3179 838 φέρεται
3212 771 3306 824 καὶ
3335 772 3432 841 οὐχ
3462 773 3702 826 ἵσταται·

2141 860 2175 929 ἥ
2208 877 2264 911 τε
2298 861 2553 929 συντυχία
2579 860 2718 913 κατά
2755 860 2817 912 τὸ
2849 856 2962 912 ἴσον
2991 861 3099 914 τῶν
3128 861 3215 915 διά
3248 864 3512 934 κινήσεως
3546 865 3700 934 ἀλλή-

2141 948 2251 1014 λοις
2283 950 2749 1020 συντυγχανόντων
2772 991 2787 1017 ,
2826 950 3028 1023 ἄπορον
3065 955 3208 1006 ποιεῖ
3238 954 3329 1006 τοῦ
3372 959 3715 1028 προηγουμέ-

2140 1060 2232 1095 νου
2263 1043 2360 1114 τὴν
2394 1044 2592 1113 κρίσιν.
2622 1044 2729 1097 Καὶ
2776 1045 2883 1115 γὰρ
2921 1047 3149 1099 κάκεῖνα
3194 1050 3420 1101 κινεῖται
3460 1049 3547 1103 διὰ
3602 1046 3713 1103 τῶν

2141 1134 2387 1197 κύκλων,
2419 1136 2512 1187 καὶ
2550 1133 2706 1189 τοῦτο
2743 1135 2829 1189 διὰ
2862 1137 2959 1207 τῆς
3002 1138 3215 1207 φύσεως
3254 1139 3435 1194 ὁδεῦον
3465 1142 3708 1212 φέρεται.

2142 1224 2203 1278 Εἰ
2226 1225 2281 1277 δὲ
2313 1226 2370 1277 ἐν
2399 1226 2478 1278 ἐνὶ
2507 1226 2661 1296 μέρει
2691 1226 2785 1280 τοῦ
2815 1229 3003 1298 χρόνου
3036 1229 3418 1301 ἀμφοτέροιςή
3448 1233 3583 1303 πρὸς
3613 1231 3709 1285 ἀλ-

2140 1316 2331 1387 λήλους
2366 1318 2578 1381 σύνοδος
2619 1319 2867 1386 γίνεται,
2916 1320 3000 1383 τίς
3032 1323 3065 1391 ή
3103 1321 3237 1392 πρὸς
3271 1321 3471 1392 ἄλληλα
3504 1324 3706 1377 τούτων

2139 1410 2370 1481 διαιρορά
2389 1451 2403 1472 ,
2430 1410 2567 1464 ὥστε
2593 1410 2685 1464 τοῦ
2733 1412 2916 1482 ἐτέρου
2943 1411 3003 1463 τὸ
3047 1411 3231 1482 ἕτερον
3260 1412 3569 1485 αἰτιώτερον
3603 1415 3705 1468 οἴε-

2143 1502 2300 1568 σθαι;
2332 1504 2393 1555 Εἰ
2422 1502 2529 1573 γάρ
2558 1502 2644 1555 διὰ
2672 1502 2739 1554 τά
2771 1503 2945 1574 ἄστρα
2978 1505 3005 1554 6
3031 1502 3342 1572 ἄνθρωπος,
3377 1504 3603 1558 πάντοτε
3634 1506 3702 1559 ἀν

2141 1592 2287 1663 ἔρρει
2314 1593 2346 1661 ἡ
2375 1592 2533 1661 φύσις
2561 1591 2646 1645 διὰ
2672 1592 2993 1662 γεννήσεως,
3028 1590 3144 1643 οὐδὲ
3183 1593 3239 1643 έν
3267 1592 3463 1661 ἀκαρεί
3506 1610 3557 1644 τι
3593 1593 3710 1647 διά·-

2139 1683 2344 1753 λειμμα
2378 1683 2478 1753 τῆς
2516 1683 2861 1755 ἀνθρωπίνης
2902 1682 3134 1753 παρόδου
3170 1682 3597 1739 ἐπιδεικνύουσα.
3640 1687 3705 1738 Εἰ

2137 1776 2195 1830 δὲ
2228 1775 2416 1829 πολλαὶ
2449 1775 2556 1828 τῶν
2587 1775 2878 1845 γινομένων
2907 1776 2961 1828 αἰ
2995 1773 3196 1844 μεταξὺ
3230 1775 3537 1839 διαστάσεις
3562 1818 3575 1838 ,
3610 1794 3707 1830 σα-

472 1860 569 1913 xit.
608 1859 676 1912 At
705 1858 751 1911 si
790 1856 842 1911 id
876 1866 1056 1912 vestra
1088 1858 1191 1912 sibi
1224 1859 1342 1910 vult
1371 1858 1568 1921 oratio,
1613 1867 1671 1910 ut
1699 1857 1753 1910 in
1780 1857 1869 1910 illa
1902 1866 2031 1910 tem-

2140 1866 2253 1934 φῶς
2290 1866 2665 1919 ἀποδείκνυται
2693 1865 2773 1927 τὸ,
2804 1864 2879 1936 μὴ
2905 1867 2969 1936 τῇ
2996 1866 3205 1935 κινήσει
3238 1865 3346 1919 τῶν
3374 1864 3585 1937 ἄστρων
3605 1869 3706 1938 τὴν

473 1950 623 2021 poris
639 1949 904 2019 particula
933 1949 1092 2003 sitam
1107 1964 1229 2003 esse
1249 1948 1537 2003 credamus
1552 1962 1773 2001 causam
1796 1947 2037 2001 omnium

470 2057 593 2112 quae
610 2041 663 2094 in
685 2039 961 2093 hominum
985 2039 1092 2094 vita
1106 2040 1538 2103 committuntur,
1562 2038 1682 2093 vide
1699 2044 1829 2108 quot
1847 2040 2042 2108 myria-

478 2142 579 2195 das
605 2140 945 2195 dominorum
968 2150 1395 2211 actvrannorum
1429 2138 1484 2191 in
1517 2138 1632 2192 dies
1667 2137 1930 2207 singulos,
1982 2136 2039 2190 in

474 2234 717 2304 singulas
748 2233 872 2287 item
910 2239 1100 2286 noctes
1130 2248 1226 2301 per
1254 2240 1491 2287 minutas
1509 2231 1630 2285 illas
1662 2238 1715 2285 et
1735 2230 2037 2284 individuas

472 2326 736 2396 temporis
762 2325 1034 2380 sectiones
1062 2324 1348 2388 exsistant,
1374 2322 1463 2377 die
1492 2332 1555 2377 ac
1580 2332 1738 2377 nocte
1759 2323 1812 2375 in
1849 2321 2035 2391 viginti

474 2424 731 2484 quatuor,
770 2423 831 2468 ut
874 2413 1079 2478 dicitis,
1129 2414 1294 2468 horas
1326 2413 1539 2477 divisis,
1578 2412 1774 2483 quavis
1820 2412 1953 2465 hora
1982 2413 2035 2465 in

472 2506 752 2577 sexaginta
795 2505 1025 2571 minuta,
1064 2504 1256 2574 quovis
1284 2505 1491 2558 minuto
1522 2504 1576 2558 in
1621 2506 1899 2574 sexaginta
1950 2518 2037 2557 se.

472 2596 671 2659 cunde,
699 2594 890 2665 quovis
929 2594 1190 2658 secundo,
1228 2602 1286 2647 ut
1315 2602 1568 2648 asserunt
1597 2608 1661 2647 ex
1688 2593 1841 2647 vobis
1881 2593 1916 2646 ii
1943 2595 2034 2662 qui

470 2688 589 2742 haec
636 2685 891 2741 subtilius
945 2682 1325 2754 pertractanda
1384 2694 1764 2753 susceperunt,
1823 2689 2034 2737 retento

470 2778 656 2833 eodem
689 2775 1040 2846 sexagenario
1064 2790 1314 2840 numero,
1346 2774 1400 2828 in
1431 2775 1708 2844 sexaginta
1735 2774 1915 2828 tertia.
1951 2772 2033 2827 Ex

470 2871 667 2943 quibus
707 2870 759 2925 in
788 2884 954 2923 unum
988 2868 1202 2924 collecti
1250 2867 1619 2922 momentanei
1668 2867 1746 2920 illi
1789 2868 1865 2920 dii
1920 2867 2033 2921 sive

471 2962 708 3034 tyranni,
728 2961 842 3015 sive
863 2960 1047 3014 nescio
1060 2958 1259 3027 quibus
1278 2958 1398 3013 aliis
1416 2958 1728 3012 nominibus
1745 2957 2029 3019 alliciendi,

472 3052 704 3123 amplius
741 3064 901 3104 unam
932 3060 984 3103 et
1002 3048 1189 3119 viginti
1210 3047 1483 3118 myriadas
1506 3046 1821 3100 coniiciunt.
1845 3043 1964 3097 Jam
1983 3045 2026 3098 si

470 3160 578 3198 una
600 3145 730 3198 hora
763 3149 840 3197 tot
868 3142 1022 3195 nobis
1037 3139 1270 3210 partium
1297 3137 1572 3209 myriadas
1592 3137 1925 3206 suppeditat,
1945 3139 2027 3189 vi-

2142 1956 2482 2027 ἀνορωπίνην
2514 1955 2737 2009 ἔπεσθαι
2770 1955 2999 2023 γένεσιν.
3036 1955 3101 2007 Ἦ
3134 1956 3231 2026 μὲν
3258 1955 3392 2026 γὰρ,
3422 1958 3509 2011 ἀεὶ
3535 1962 3700 2011 κινεῖ-

2138 2061 2256 2098 ταν
2291 2047 2324 2114 ἡ
2355 2044 2412 2097 δὲ
2432 2086 2445 2107 ,
2488 2045 2586 2098 οὑκ
2611 2044 2695 2099 ἀεὶ
2726 2047 2976 2113 γεννᾶται
2996 2061 3008 2074 ·
3040 2043 3152 2099 ἀλλ’
3183 2046 3292 2117 ἰδίῳ
3314 2047 3469 2099 τοῦτο
3500 2048 3698 2118 εἱρμῴ,

2138 2139 2357 2190 κάκεῖνο
2395 2136 2554 2191 πάλιν
2587 2136 2891 2201 ἰδιαζόντως
2934 2138 3017 2207 ἐφ’
3042 2136 3231 2189 ἑαυτοῦ
3263 2138 3483 2208 φέρεται
3509 2179 3523 2201 ,
3554 2140 3703 2193 οὐδε-

2142 2232 2268 2301 μιᾶς
2293 2230 2534 2299 ἀνάγκης
2564 2228 2937 2298 συναπτούσης
2961 2228 3094 2298 πρὸς
3120 2229 3319 2299 ἄλληλα
3350 2230 3414 2282 τά
3442 2230 3702 2285 διεστῶτα

2136 2325 2202 2393 τῇ
2237 2322 2424 2390 φύσει*
2460 2323 2507 2374 εἰ
2537 2322 2593 2374 δὲ
2621 2320 2778 2373 τοῦτο
2824 2323 2853 2373 6
2891 2320 3153 2391 ὑμέτερος
3194 2323 3587 2387 κατασκευάζει
3616 2325 3701 2377 λό-

2137 2430 2231 2481 γος
2254 2455 2269 2478 ,
2296 2414 2357 2466 τὸ
2394 2413 2478 2466 ἐπ’
2504 2412 2684 2484 ἐκείνη
2712 2415 2778 2483 τῇ
2828 2411 2991 2485 μοίρᾳ
3025 2412 3117 2465 τοῦ
3158 2415 3345 2483 χρόνου
3383 2414 3479 2485 τὴν
3521 2417 3698 2473 αἰτίαν

2134 2507 2242 2559 τῶν
2273 2506 2410 2559 κατά
2448 2504 2536 2558 τὸν
2568 2506 2679 2576 βίον
2708 2507 2960 2560 ἁπάντων
2991 2506 3234 2571 κεῖσθαι,
3275 2507 3543 2577 σκόπησον
3571 2511 3701 2574 ὅσας

2139 2597 2401 2667 μυριάδας
2428 2597 2697 2651 δεσποτῶν
2736 2597 2827 2651 καὶ
2853 2597 3128 2667 τυράννων
3149 2637 3166 2662 ,
3214 2600 3394 2669 ἡμέρα
3424 2602 3572 2654 πᾶσα
3604 2603 3703 2657 καὶ

2134 2688 2230 2752 νὺξ
2274 2688 2534 2752 ὡσαύτως
2563 2688 2703 2743 κατὰ
2725 2690 2823 2753 τὰς
2867 2688 3066 2753 λεπτὰς
3097 2690 3308 2754 ὲκείνας
3339 2692 3433 2744 καὶ
3475 2693 3699 2763 ἀωρείς

2133 2778 2223 2834 τοῦ
2261 2780 2450 2852 χῴνου
2495 2782 2668 2852 τομὰς
2715 2779 3114 2853 ἀπεργάζεται·
3159 2782 3236 2849 είς
3289 2782 3557 2856 τέσσαρας
3607 2787 3700 2839 καὶ

2133 2871 2334 2925 εἴκοσιν
2364 2872 2511 2944 ὧρας
2539 2874 2729 2936 νυκτὸς
2763 2875 2856 2926 καὶ
2898 2876 3105 2948 ἡμέρας
3131 2915 3145 2938 ,
3188 2876 3262 2941 ὥς
3308 2895 3441 2947 φατε
3462 2918 3476 2941 ,
3509 2878 3698 2950 διῃρη-

2136 2965 2311 3033 μένων
2336 2981 2349 2995 ·
2388 2964 2618 3034 ἑκάστης
2657 2965 2709 3017 δὲ
2744 2964 2920 3036 ὥρας,
2958 2968 3217 3036 ἐξήκοντα
3254 2971 3501 3041 τμήμασι
3538 2989 3698 3042 μερι-

2133 3053 2400 3125 ζομὲνης·
2449 3055 2610 3107 πάλιν
2639 3056 2694 3108 δὲ
2724 3056 2831 3108 τῶν
2878 3058 3179 3128 τμημάτων
3226 3060 3427 3112 τούτων
3467 3062 3694 3114 ἑκάστου

2134 3145 2273 3198 κατὰ
2319 3145 2380 3197 τὸ
2427 3146 2707 3216 ἰσάριθμον
2755 3146 3252 3218 κερματιζομένουο
3292 3150 3367 3213 ὠς
3417 3151 3473 3203 δέ
3534 3169 3698 3219 φασιν

469 3237 603 3307 ginti
622 3244 855 3305 quatuor
868 3232 1211 3303 proportione
1225 3230 1386 3284 unius
1399 3230 1622 3283 omnino
1640 3228 2027 3298 multiplicatae,

2134 3235 2286 3305 ὑμῶν
2309 3237 2357 3287 οἱ
2386 3238 2465 3298 εἰς
2486 3237 2583 3307 τὴν
2603 3236 2927 3308 λεπτοτέραν
2958 3238 3065 3290 τῶν
3096 3238 3349 3294 τοιούτων
3379 3246 3589 3311 παρατή
3601 3262 3699 3313 ρη-

471 3328 711 3381 inlinitas
726 3324 959 3379 fatorum
990 3322 1262 3394 myriadas
1286 3320 1583 3390 proferent.
1604 3318 1673 3373 At
1699 3322 1841 3374 enim
1862 3319 2034 3389 quod-

472 3420 557 3473 vis
597 3435 663 3472 ex
703 3417 810 3471 illis
831 3414 1124 3470 inevitabili
1159 3412 1402 3483 potentia
1442 3412 1723 3481 praaditum
1746 3426 1867 3465 esse
1899 3427 2032 3463 con-

471 3510 742 3575 firmatis;
776 3523 841 3561 ex
874 3521 982 3576 quo
1014 3504 1243 3560 efficitur
1275 3504 1485 3559 nullum
1515 3518 1700 3557 eorum
1732 3520 1853 3559 esse
1884 3504 2029 3573 quod

472 3618 580 3658 non
617 3608 759 3670 agat.
799 3597 983 3668 Neque
1026 3598 1172 3652 enim
1206 3596 1464 3666 potentiae
1496 3597 1771 3665 pr0prium
1800 3611 1923 3650 esse
1952 3598 2035 3649 di-

472 3695 618 3749 xeris
647 3701 705 3745 ut
736 3706 843 3745 non
876 3696 1033 3760 agat,
1066 3686 1508 3758 quandoquidem
1571 3688 1817 3756 potentia
1850 3689 2030 3742 omnis

470 3788 527 3841 in
559 3785 772 3840 aetione
799 3783 1145 3853 perspicitur.
1182 3779 1437 3850 Equalia
1482 3789 1609 3834 sunt
1656 3780 1822 3850 igitur
1866 3781 2028 3834 etiam

473 3874 726 3945 potentiae
757 3872 986 3928 ell‘ecta:
1031 3885 1199 3940 quare
1240 3877 1374 3937 quot
1408 3877 1536 3922 sunt
1574 3878 1850 3938 segmenta
1887 3877 2027 3922 tem-

469 3968 647 4036 poris,
679 3965 898 4019 totidem
929 3977 1144 4031 quoque
1177 3960 1425 4015 homines
1459 3960 1607 4015 horis
1650 3960 1877 4030 singulis
1929 3974 2028 4013 na-

468 4067 712 4121 scantur,
746 4071 969 4111 necesse
998 4064 1099 4109 est.
1134 4052 1305 4108 Porro
1348 4054 1393 4107 si
1437 4053 1611 4107 cuivis
1651 4052 1762 4105 fato
1805 4054 2028 4122 aequalis

469 4152 708 4220 potentia
740 4148 1069 4219 assignanda
1101 4156 1220 4209 est,
1253 4153 1415 4201 erunt
1444 4160 1633 4201 omnes
1662 4162 1728 4200 ex
1754 4161 1910 4215 aequo
1944 4162 2028 4200 re-

467 4257 595 4311 ges,
661 4241 920 4308 longaevi,
984 4246 1267 4308 potentes,
1331 4237 1634 4303 fortunati,
1691 4238 1909 4303 felices,
1975 4248 2027 4292 et

466 4330 732 4401 quidquid
762 4339 1018 4399 praeterea
1047 4331 1100 4383 in
1146 4330 1303 4384 bonis
1348 4338 1688 4393 numeratur,
1721 4330 2023 4399 acquirent.

468 4423 601 4477 Nam
632 4423 677 4476 si
711 4422 833 4490 quis
861 4437 1049 4475 eorum
1083 4421 1325 4475 defectus
1351 4428 1470 4485 est,
1507 4420 1726 4490 aliquod
1752 4427 1898 4475 certe
1924 4422 2027 4474 im-

2138 3343 2221 3378 σιν
2262 3325 2338 3397 τῷ
2378 3326 2518 3396 λόγῳ
2551 3327 2882 3398 διαδυόμενοι
2908 3370 2923 3395 ,
2970 3330 3050 3382 ὄτι
3096 3331 3187 3383 καὶ
3241 3331 3438 3386 τούτων
3470 3334 3699 3390 ἕκαστον

2136 3419 2295 3472 πάλιν
2326 3419 2433 3472 τῶν
2467 3420 2768 3490 λεγομένων
2798 3421 3101 3491 τμημάτων
3138 3423 3405 3495 ἰσαρίθμῳ
3436 3424 3699 3496 διαιρέσει

2134 3512 2566 3565 ὲπιλεπτύνεται.
2608 3512 2681 3565 Τὸ
2728 3512 2904 3567 τοίνυν
2965 3517 3025 3569 ἐκ
3068 3515 3272 3568 τούτων
3316 3516 3703 3588 ἀθροιζόμενον.

2134 3601 2333 3670 πλῆθος
2356 3601 2459 3653 τῶν
2486 3601 2785 3670 ἀκαριαίων
2811 3603 3030 3654 ἐκείνων
3085 3602 3241 3666 θεῶν,
3275 3603 3307 3673 ἢ
3335 3603 3627 3669 δεσποτῶν,
3662 3608 3701 3677 ἦ

2132 3693 2403 3763 τυράννων
2428 3733 2444 3756 ,
2477 3694 2510 3763 ἢ
2547 3693 2649 3744 οὐκ
2674 3689 2770 3744 οἷδ’
2795 3694 2941 3755 ὅπως
2978 3693 3081 3762 χρὴ
3113 3693 3289 3762 λέγειν
3311 3734 3327 3760 ,
3363 3697 3489 3763 μιᾶς
3532 3696 3695 3749 πλέον

2133 3786 2225 3837 καὶ
2256 3785 2425 3838 εἰκοσι
2462 3784 2732 3855 μυριάδων
2764 3784 2927 3837 ἐστίν.
2969 3786 3031 3836 Εἰ
3060 3785 3114 3837 δὲ
3146 3786 3243 3855 μία
3287 3786 3403 3857 ὥρα
3430 3788 3697 3851 τοσαύτας

2135 3877 2335 3947 μοιρῶν
2353 3879 2484 3948 ήμῖν
2518 3876 2780 3947 μυριάδας
2818 3879 2979 3940 ποιεῖ,
3014 3878 3068 3928 αἱ
3103 3876 3365 3948 τέσσαρες
3395 3881 3486 3931 καὶ
3521 3880 3697 3933 εἴκοσι

2131 3970 2271 4024 κατὰ
2298 3969 2453 4038 λόγον
2502 3968 2603 4036 τῆς
2657 3972 2786 4039 μιᾶς
2825 3970 3037 4029 πάντως
3087 3969 3693 4036 πολλαπλασιασθεῖσαι,

2127 4061 2227 4121 τὰς
2277 4060 2533 4131 ἀπείρους
2586 4061 2691 4113 τῶν
2758 4058 2959 4129 μοιρῶν
3001 4059 3265 4130 μυριάδας
3307 4060 3689 4128 ἀπογεννῶσιν.

2151 4153 2310 4204 Ἀλλά
2363 4153 2466 4222 μὴν
2518 4150 2719 4203 τούτων
2764 4150 2997 4219 ἑκάστην
3052 4148 3399 4218 ἀπαράϐατον
3464 4148 3694 4219 δύναμιν

2129 4242 2269 4312 ἔχειν
2298 4243 2325 4293 6
2375 4242 2634 4311 ὑμέτερος
2684 4240 3069 4310 διισχυρίζεται
3119 4239 3292 4307 λόγος.
3325 4238 3529 4292 Οὐκοῦν
3564 4241 3693 4292 ἀκό-

2127 4330 2312 4383 λουθον
2344 4329 2612 4399 μηδεμίαν
2642 4327 2817 4380 αὐτῶν
2851 4328 3128 4399 ἄπρακτον
3175 4323 3330 4380 εἶναι.
3371 4328 3444 4379 Ού
3493 4328 3598 4398 γὰρ
3623 4326 3691 4380 ἂν

2125 4416 2223 4486 τῆς
2249 4418 2530 4485 δυνάμεως
2569 4416 2697 4468 ῐδιον
2725 4416 2822 4484 τὴν
2850 4416 3118 4485 ἀπραξίαν
3144 4416 3315 4478 εἴποις
3341 4455 3355 4479 ,
3387 4415 3498 4468 ἀλλ’
3530 4417 3585 4467 ἐν
3622 4419 3689 4487 τῇ

469 4514 716 4570 hecillius
764 4523 817 4567 et
862 4511 1236 4597 imperfectius
1284 4511 1639 4579 judicandum
1687 4520 1789 4566 est.
1839 4512 2026 4582 Neque

2133 4508 2376 4579 ἐνεργείᾳ
2407 4508 2620 4571 πάντως
2660 4506 2954 4576 καθορᾶται
3001 4507 3033 4576 ή
3078 4506 3321 4576 δύναμις.
3351 4506 3557 4559 Οὐκοῦν
3599 4502 3691 4559 ἶσα

466 4608 611 4661 enim
640 4604 901 4673 aqualem
932 4603 1227 4673 potentiam
1257 4603 1514 4657 tribueris
1533 4644 1549 4669 ,
1578 4612 1683 4656 tam
1711 4605 1759 4658 ei
1790 4604 1879 4674 qui
1913 4621 2028 4658 ma-

465 4710 571 4766 gna
594 4734 609 4757 ,
639 4709 799 4763 quam
823 4692 914 4762 qui
960 4707 1127 4762 parva
1173 4691 1505 4760 praestiterit.
1555 4690 1792 4762 Exempli
1825 4708 1986 4749 causa
2009 4736 2024 4760 ,

466 4787 608 4840 alius
637 4784 992 4838 centesimum
1025 4782 1300 4852 superavit
1326 4798 1547 4846 annum,
1582 4798 1744 4838 senex
1765 4824 1780 4849 ,
1804 4786 2027 4854 opulen~

467 4887 592 4942 tus,
645 4874 771 4929 felix
795 4914 808 4938 ,
845 4872 1100 4927 omnibus
1135 4872 1187 4925 in
1240 4872 1402 4926 rebus
1442 4872 1735 4927 secundam
1771 4885 2025 4943 expertus

466 4970 770 5031 fortunam,
799 4964 1090 5035 nepotibus
1120 4963 1349 5032 stipatus
1373 5005 1387 5028 ,
1419 4972 1772 5035 pronepotum
1804 4974 2024 5035 aspectu

464 5060 653 5121 laetus,
701 5072 900 5121 sanus,
944 5055 1235 5109 incolumis
1261 5094 1276 5119 ,
1320 5056 1655 5119 honoratus,
1686 5056 1888 5111 doloris
1927 5073 2024 5112 ex-

463 5167 622 5222 pers,
658 5150 853 5219 opibus
884 5146 1143 5211 alIluens,
1174 5155 1227 5201 ct
1261 5147 1304 5201 si
1338 5147 1468 5217 quid
1501 5148 1648 5201 aliud
1685 5148 1737 5202 in
1772 5147 1872 5202 hac
1913 5149 2022 5201 vita

462 5244 761 5314 pretiosum
794 5248 911 5303 est,
962 5238 1124 5293 rebus
1157 5238 1411 5318 omnibus
1442 5239 1654 5295 beatus.
1683 5240 1837 5295 Alius
1862 5241 2027 5295 simul

463 5344 623 5404 atque
652 5349 720 5389 ex
764 5340 1012 5386 materno
1044 5340 1196 5385 utero
1242 5331 1477 5401 prodiit,
1516 5331 1834 5387 suﬂ'ocatur.
1871 5330 2020 5386 Multi

461 5426 661 5496 quippe
714 5440 778 5479 ex
833 5422 1208 5477 meretricibus
1264 5429 1357 5474 aut
1402 5422 1661 5477 adulteris
1720 5432 2027 5477 nascuntur-

462 5515 732 5575 infantes.
782 5528 920 5583 quos
968 5522 1153 5582 utpote
1197 5514 1391 5566 nothos
1438 5512 1552 5566 suis
1600 5511 1729 5580 ipsa:
1770 5511 2020 5565 manibus

464 5615 663 5662 matres
692 5606 1053 5670 obtruncant,
1079 5604 1334 5673 caedeque
1366 5602 1624 5672 flagitium
1654 5602 2016 5671 supprimunt.

463 5698 592 5765 Qua:
623 5696 720 5751 fati
763 5696 999 5764 potentia
1046 5696 1098 5749 in
1146 5696 1231 5751 his
1259 5694 1472 5750 enitet?
1507 5708 1573 5746 an
1625 5692 1746 5745 istis
1775 5708 1926 5761 aeque
1956 5710 2020 5746 ac

460 5790 571 5849 illis
600 5791 910 5847 diuturnam
938 5788 1101 5844 vitam
1132 5788 1262 5845 dare
1292 5802 1398 5843 non
1432 5784 1657 5858 potest?
1685 5784 1738 5839 Si
1772 5782 2018 5841 assei'itis

2128 4600 2220 4651 xui
2254 4598 2322 4650 τὰ
2343 4598 2441 4667 τῆς
2473 4596 2749 4667 δυνάμεώς
2781 4600 2925 4650 ὲστιν
2959 4597 3368 4667 ἀποτελέσματα
3390 4614 3403 4627 ⁸
3427 4598 3563 4651 ὥστε
3588 4600 3690 4651 ὅσα

2126 4692 2386 4759 τμήματα
2411 4730 2426 4753 ,
2458 4689 2712 4742 τοσαῦται
2746 4690 2838 4741 καὶ
2879 4688 2986 4740 τῶν
3014 4686 3315 4765 ἀνθρώπων
3360 4689 3597 4757 γενέσεις
3630 4687 3699 4753 ἐξ

2126 4780 2367 4849 ἀνάγκης
2399 4780 2519 4832 καθ’
2546 4781 2780 4851 ἑκάστην
2808 4780 2956 4850 ὤραν
2988 4781 3361 4850 συστήσονται.
3390 4780 3497 4832 Καὶ
3532 4781 3688 4851 εἴπερ

2126 4870 2327 4940 ἑκάστῃ
2374 4871 2536 4941 μοίρᾳ
2570 4873 2627 4924 τὸ
2656 4871 2874 4925 δυνατὸν
2903 4871 3103 4941 ὁμοίως
3150 4869 3687 4942 προσμαρτυρεῖσθαι

2126 4962 2386 5031 προσήκει
2413 5000 2427 5023 ,
2478 4962 2684 5025 πάντας
2722 4962 2807 5013 ἐπ’
2844 4962 2963 5031 ἴσης
3012 4960 3299 5031 βασιλέας,
3335 4959 3683 5030 μακροϐίους,

2123 5052 2408 5116 δυνατοὺς,
2449 5042 2743 5125 εὐκλήρους
2769 5093 2784 5116 ,
2821 5054 3169 5124 εὐδαίμονας,
3204 5051 3297 5105 καὶ
3335 5052 3435 5105 ὅσα
3470 5052 3566 5121 τῆς
3615 5068 3689 5104 τι-

2127 5144 2396 5214 μιωτέρας
2427 5143 2629 5213 λήξεως
2662 5143 2798 5200 εἶναι
2837 5146 3144 5216 νομίζεται,
3179 5145 3241 5197 τὸ
3276 5145 3375 5215 τῆς
3407 5146 3686 5216 δυνάμεως

2122 5236 2379 5306 ὁμότιμον
2404 5236 2771 5306 ἀπεργάζεται
2792 5254 2805 5269 ο
2894 5237 3001 5307 γάρ
3033 5236 3264 5305 ἔλλειψις
3292 5236 3492 5289 τούτων
3520 5237 3683 5301 τινὸς,

2121 5328 2213 5381 τοῦ
2243 5330 2381 5381 κατά
2416 5328 2511 5399 τὴν
2531 5329 2756 5400 δύναμιν
2781 5329 3000 5392 ἀτελοῦς
3027 5329 3325 5400 κατηγορία
3353 5328 3574 5396 γίνεται.
3609 5330 3684 5381 Ού

2122 5422 2229 5491 γάρ
2280 5420 2344 5473 ἄν
2372 5438 2453 5483 τις
2488 5422 2608 5492 ἴσην
2658 5421 3167 5493 προσμαρτυρήσειε
3205 5420 3464 5489 δύναμιν,
3506 5417 3585 5489 τῷ
3624 5437 3684 5473 τε

2124 5511 2332 5581 μεγάλα
2360 5513 2447 5565 καὶ
2478 5511 2647 5583 μικρά
2679 5498 3049 5581 ἐνεργήσαντι.
3081 5506 3223 5575 Οἷον,
3254 5511 3282 5562 ὁ
3318 5510 3415 5579 μὲν
3453 5507 3685 5579 ὑπερϐέ-

2122 5602 2289 5671 ϐηκεν
2322 5602 2512 5655 ἑκατὸν
2568 5602 2660 5672 ἐτη
2718 5603 2775 5654 ὲν
2806 5603 2953 5672 γήρᾳ
2997 5600 3209 5671 λιπαρῷ
3260 5584 3352 5652 καί
3384 5598 3680 5669 εὐδαίμονι,

2120 5694 2304 5749 παισὶν
2356 5694 2771 5765 εύθηνούμενος.
2803 5694 3040 5762 ἐκγόνοις
3070 5691 3557 5762 δορυφορούμενος,
3589 5693 3683 5745 καὶ

2118 5785 2193 5857 τῷ
2232 5786 2366 5856 μετά
2393 5786 2609 5851 τούτους
2638 5786 3067 5856 ἱπσιγαλλόμενος
3098 5784 3265 5853 γένει,
3296 5785 3480 5847 ἄνοσος
3501 5822 3516 5849 ,
3542 5784 3675 5851 ἀπήι
