3978 6498
274 409 363 464 157
1579 406 1831 463 CONTRA

1933 404 2171 462 FATUH.

3393 406 3496 461 158

271 542 393 596 μων,
434 524 684 595 ἐπίτιμπ
706 565 720 587 ,
749 525 951 587 ἄλυπος
971 564 985 587 ,
1016 524 1244 579 πλούτου
1277 526 1511 597 δαψιλῶς
1535 528 1702 599 ἔχων,
1734 527 1827 581 καὶ

1933 541 2118 595 posse,
2145 522 2399 579 ontnibus
2430 522 2484 575 in
2517 518 2681 576 rebus
2708 534 2770 573 ex
2800 534 2953 590 aequo
2986 520 3067 575 vis
3091 518 3209 589 ejus
3235 520 3489 575 elucebit.

266 622 313 671 εἴ
334 636 382 670 τι
412 618 539 671 ἀλλο
564 617 670 670 τῶν
704 618 844 671 κατά
875 618 965 671 τὸν
997 616 1109 687 βίον
1137 619 1325 673 τοῦτον
1366 623 1424 673 ἐν
1449 622 1649 693 τιμίοις
1678 621 1825 673 νενό-

271 726 465 780 μισται.
496 708 586 762 διὰ
635 710 848 762 πάντων
891 711 1348 781 μακαριζόμενος.
1384 712 1646 782 Ἕτερος,
1689 707 1825 780 ὁμοῦ

263 798 329 868 τῷ
358 798 702 868 παραχθῆναι
732 802 811 861 εἱς
842 800 956 867 φῶς
981 839 996 863 ,
1038 802 1339 871 κατεπνίγη
1366 818 1379 831 ο
1410 796 1498 854 οἶα
1542 801 1605 869 δὴ
1657 799 1829 853 πολλά

262 890 353 943 τῶν
373 890 671 960 γινομένων
694 892 843 943 ἐστὶν
869 892 1119 963 ἑταιρικὰ
1140 893 1173 963 ἢ
1205 893 1437 963 μοιχίδια
1465 892 1661 963 βρέφη,
1685 892 1828 959 άπερ

260 982 355 1033 τῶν
385 981 637 1052 μητέρων
676 983 731 1034 αἱ
760 982 1090 1052 παρανόμως
1121 984 1393 1052 κυήσασαι
1419 1023 1433 1045 ,
1462 986 1581 1046 ταῖς
1620 981 1826 1035 ἑαυτῶν

260 1075 399 1144 χερσὶ
454 1073 917 1144 διαχειριζόμεναι
946 1115 960 1137 ,
1016 1074 1230 1143 Θανάτῳ
1274 1075 1363 1130 τὸν
1424 1074 1641 1144 ἔλεγχον
1699 1072 1825 1126 κλέ-

1931 613 2116 685 Neque
2145 616 2291 670 enim
2321 612 2465 666 aliud
2496 612 2733 681 poterit,
2763 610 2907 663 aliud
2937 626 3042 664 non
3080 613 3305 679 poterit,
3338 612 3383 665 si
3415 627 3497 666 re-

1932 720 2057 760 vera
2103 706 2343 775 potentia
2384 702 2525 758 valet
2556 720 2569 755 :
2602 711 2655 754 at
2683 702 2923 770 potentia
2955 718 3022 755 ex
3050 702 3261 756 eii‘cetis
3289 718 3496 773 cogno-

1934 797 2128 852 scitur.
2179 796 2335 850 Nulla
2367 810 2497 865 ergo
2528 794 2757 848 exsistet
2786 794 2907 847 vita:
2938 794 3329 848 dissimilitudo
3350 835 3364 858 ,
3399 793 3494 849 sed

1934 903 2199 941 summam
2235 888 2333 941 sibi
2371 885 2680 941 felicitatem
2713 888 2916 955 pariter
2944 901 3136 941 omnes
3167 888 3499 956 pollicebuu-

1932 986 2043 1039 tur,
2075 993 2141 1032 eo
2180 977 2322 1046 quod
2352 992 2415 1030 et
2461 986 2639 1030 vestra
2689 977 2958 1030 sententia
3003 992 3194 1031 omnes
3240 977 3348 1031 fato
3385 979 3497 1031 sint

1932 1070 2194 1138 subjecti,
2225 1070 2513 1138 ipsumque.
2542 1068 2709 1120 fatum
2747 1083 2962 1136 semper
2995 1069 3176 1121 omnia
3204 1069 3397 1137 possit.

260 1184 435 1219 πτουσι
460 1184 475 1197 ο
512 1167 618 1221 πού
656 1170 690 1237 ἡ
719 1168 944 1239 δύναμις
976 1169 1068 1222 ἐπὶ
1112 1169 1315 1222 τούτων
1343 1170 1442 1239 τῆς
1471 1170 1700 1239 μοίρας;
1732 1166 1855 1230 Πῶς
1888 1166 1966 1229 εἱς
1992 1164 2052 1216 τὸ
2078 1164 2203 1216 αὐτὸ
2232 1164 2331 1232 τῆς
2356 1162 2499 1232 ζωῆς
2532 1163 2723 1233 μέτρον
2750 1165 2782 1232 ἡ
2811 1163 2910 1231 τῆς
2971 1163 3305 1234 εἱμαρμένης
3346 1164 3495 1233 ἰσχὺς

260 1260 347 1310 οὐκ
374 1259 705 1329 ὲξήρκεσεν;
734 1260 795 1312 Εἱ
817 1260 925 1331 γὰρ
950 1260 1010 1313 τὸ
1045 1262 1265 1315 δυνατὸν
1302 1264 1438 1332 αὐτῇ
1472 1261 1912 1333 προσμαρτυρεῖν
1936 1261 1964 1311 ό
1998 1256 2258 1327 ὑμέτερος
2306 1256 2459 1323 λόγος
2530 1256 2695 1308 οἴεται
2741 1255 2881 1320 δεῖν,
2950 1257 3144 1326 ἐπίσης
3210 1258 3341 1311 πᾶσι
3384 1261 3497 1321 τοῖς

262 1344 394 1400 οὖσιν
432 1350 465 1417 ἠ
499 1348 658 1417 ἱσχὺς
688 1350 857 1419 αὐτῆς
917 1351 1238 1421 φανήσεται.
1311 1352 1386 1403 Οὐ
1452 1350 1561 1421 γὰρ
1584 1351 1644 1403 τὸ
1676 1350 1773 1419 μὲν
1800 1347 2003 1417 ἰσχύσει
2028 1387 2043 1411 ,
2077 1348 2137 1399 τὸ
2164 1348 2220 1400 δὲ
2244 1346 2304 1400 ού
2346 1347 2671 1417 δυνήσεται,
2722 1346 2881 1416 εἴπερ
2918 1346 3133 1416 ἀληθῶς
3186 1349 3243 1400 ἐν
3273 1348 3497 1419 δυνάμει

263 1440 729 1512 καταλαμϐάνεται
755 1460 769 1473 ’
822 1445 856 1514 ή
880 1444 937 1497 δέ
970 1445 1199 1516 δύναμις
1224 1484 1240 1509 ,

1286 1443 1375 1497 διά
1444 1444 1553 1496 τῶν
1624 1441 2075 1511 ἀποτελεσμάτων
2124 1442 2465 1511 γνωρίζεται.

2552 1440 2757 1493 Οὐκοῦν
2807 1438 3059 1509 οὐδεμίαν
3109 1441 3421 1511 ἀνωμαλίαν
3467 1444 3496 1495 ὁ

264 1530 364 1598 βίος
390 1530 522 1596 ἕξει,
559 1533 781 1585 πάντων
819 1533 1018 1603 ὁμοίως
1044 1534 1104 1586 τὸ
1135 1534 1431 1604 ἀκρότατον
1465 1533 1562 1602 τῆς
1591 1528 1933 1599 εὐδαιμονίας
1989 1528 2183 1600 μέτρον
2221 1529 2277 1580 ἐν
2333 1530 2543 1590 ἑαυτοῖς
2592 1528 2949 1593 δεικνύντων,
3016 1528 3102 1581 διά
3169 1531 3231 1583 τὸ
3292 1533 3497 1596 πάντας

264 1621 350 1692 μὲν
374 1626 513 1676 κατά
540 1627 638 1677 τὸν
671 1625 827 1693 λόγον
852 1626 1004 1695 ὑμῶν
1029 1667 1042 1688 ,
1071 1625 1178 1678 ὑπὸ
1213 1624 1309 1696 τὴν
1342 1624 1680 1696 εἱμαρμένην
1711 1619 1944 1687 κεῖσθαι,
1987 1621 2161 1673 πάντα
2192 1620 2247 1674 δέ
2278 1620 2478 1688 ταύτην
2509 1620 2594 1673 ἀεὶ
2622 1619 2879 1672 δύνασθαι
2908 1619 3084 1688 λέγειν
3105 1620 3267 1691 ὑμᾶς.

324 1722 381 1775 Ei
409 1717 501 1775 οὖν
551 1720 649 1773 καὶ
680 1722 856 1774 πάντα
891 1720 984 1772 καὶ
1035 1720 1123 1773 ἀεὶ
1168 1719 1388 1773 δύναται
1434 1720 1467 1789 ἡ
1519 1716 1821 1788 εἱμαρμένη

262 1814 413 1881 αὓτη,
452 1813 636 1865 πάντα
658 1811 752 1863 ἐπὶ
777 1812 994 1864 πάντων
1016 1810 1319 1881 δυνήσεται.
1363 1809 1520 1863 Ἀλλά
1568 1809 1672 1880 μὴν
1702 1807 1825 1860 πολ-

2002 1713 2058 1768 Si
2096 1728 2224 1784 ergo
2254 1723 2307 1767 et
2334 1714 2515 1767 omnia
2546 1722 2599 1767 et
2632 1728 2847 1783 semper
2888 1724 3065 1783 potest
3109 1714 3277 1769 fatum
3315 1716 3493 1784 istud,

1930 1806 2111 1859 omnia
2144 1807 2197 1859 in
2231 1805 2486 1860 omnibus
2533 1804 2752 1874 poterit.
2790 1804 2951 1873 Atqui
3001 1808 3168 1859 multa
3213 1807 3354 1863 inter
3400 1809 3495 1863 ho-

262 1905 340 1958 λαὶ
365 1875 455 1957 καὶ
476 1904 729 1956 ποικίλαι
758 1904 874 1964 τοῖς
911 1875 1217 1973 ἀνθρώποις
1248 1900 1342 1954 τοῦ
1394 1900 1511 1971 βίου
1553 1875 1825 1969 διαφοραὶ,

1933 1898 2103 1953 mines
2128 1905 2182 1952 et
2210 1898 2358 1951 varia
2388 1895 2605 1950 vivendi
2636 1903 2763 1949 sunt
2794 1911 2991 1966 genera
3014 1936 3028 1959 ,
3061 1913 3183 1951 cum
3210 1897 3491 1969 dignitate,

263 1996 388 2049 κατά
423 2013 482 2047 τε
506 1995 611 2057 τάς
643 1992 802 2057 ἀξίας
843 1993 937 2046 καὶ
973 1993 1073 2055 τάς
1102 1992 1448 2062 περιουσίας,
1477 1991 1572 2045 καὶ
1612 1990 1677 2043 τά
1720 1990 1828 2043 τῶν

264 2087 449 2156 χρόνων
484 2086 668 2155 μέτρα
697 2124 713 2145 ,
741 2084 835 2138 καὶ
868 2082 965 2148 τὰς
997 2083 1107 2135 τῶν
1156 2083 1422 2153 σωμάτων
1448 2083 1670 2152 κράσεις
1692 2120 1706 2145 ,
1737 2081 1830 2133 καὶ

264 2179 419 2231 πάντα
449 2178 551 2230 ὅσα
573 2176 644 2228 δι’
673 2168 749 2228 ὧν
778 2177 811 2245 ἢ
863 2175 1197 2246 μακαριστός
1228 2190 1312 2235 τις
1362 2172 1394 2242 ἦ
1428 2172 1609 2235 ἄθλιος
1636 2170 1831 2241 ὀνομά-

266 2270 417 2334 ζεται.
452 2270 601 2340 Ἀρα
634 2267 699 2320 τὸ
734 2266 808 2337 μὴ
839 2268 1014 2320 πάντα
1051 2265 1308 2319 δύνασθαι
1338 2266 1436 2334 τὴν
1474 2263 1831 2318 ἀναπλασθεῖ-

266 2379 351 2414 σαν
375 2361 590 2430 ἐκείνην
616 2358 699 2428 τῷ
727 2358 868 2428 λόγῳ
920 2360 1113 2429 μοῖραν
1161 2358 1195 2429 ἢ
1228 2356 1566 2428 εἱμαρμένην
1587 2395 1601 2421 ,
1640 2357 1674 2425 ἡ
1722 2354 1830 2407 τῶν

265 2450 706 2519 ἀποτελεσμάτων
733 2445 985 2515 ἀνισότης
1013 2445 1196 2514 σαφῶς
1227 2444 1604 2498 ἐπιδείκνυσιν.
1635 2443 1697 2495 El
1722 2442 1830 2512 γάρ

266 2541 318 2591 τὸ
348 2538 645 2609 μακρόϐιον
675 2537 955 2606 δυνάμεως
1003 2534 1161 2605 ἔργον
1195 2532 1485 2603 νομίζομεν
1506 2571 1521 2593 ,
1552 2529 1830 2593 ἀσθενείας

268 2633 463 2693 πάντως
489 2630 614 2682 ἐστὶ
639 2627 705 2681 τὸ
737 2626 1047 2697 ὠκύμορον.
1078 2623 1309 2687 Οὐκοῦν,
1338 2623 1435 2693 τὴν
1467 2624 1563 2692 μὲν
1588 2622 1831 2675 ἀσθενεῖν

266 2724 360 2775 τῶν
386 2722 737 2792 είμαρμένων
783 2719 879 2791 τὴν
909 2719 964 2771 δὲ
1012 2716 1267 2770 δύνασθαι
1296 2713 1638 2785 δογματίζειν
1660 2732 1829 2787 προσ-

268 2816 395 2885 ήκει.
437 2814 662 2880 Ἐπειδὴ
698 2813 806 2880 γὰρ
843 2810 1080 2863 ἐναντίον
1124 2808 1203 2878 τῷ
1248 2808 1581 2879 πολυχρονίῳ
1627 2808 1689 2860 τὸ
1727 2807 1833 2861 ὀλι-

268 2906 429 2973 γόϐιον
448 2945 461 2967 ,
491 2906 584 2959 διὰ
614 2903 727 2957 τῶν
778 2902 1031 2955 ἐναντίων
1070 2902 1357 2970 ὑφίσταται
1392 2902 1611 2965 πάντως
1632 2901 1832 2954 τούτων

269 2998 525 3068 ἑκάτερον.
562 2996 645 3049 Ού
690 2994 798 3065 γὰρ
827 2994 890 3048 ἄν
922 3010 1005 3056 τις
1035 2993 1137 3064 τῆς
1179 2992 1349 3061 αὐτῆς
1392 2993 1571 3057 αἰτίας
1616 2992 1831 3062 ἐξάψειε

270 3091 610 3161 μακαρισμόν
637 3108 697 3143 τε
731 3090 823 3141 καὶ
854 3088 1141 3159 ἀθλιότητα
1166 3128 1181 3153 ,
1206 3086 1690 3161 ἀλλἐἴπερτοῦττο
1703 3104 1833 3143 κατ-

1930 1997 1983 2043 et
2012 1988 2228 2059 opibus,
2262 1996 2375 2041 ttttn
2408 1998 2710 2055 temporum
2737 2002 3136 2057 corporumque
3165 1997 3495 2057 temperatu-

1931 2095 2012 2145 ra,
2045 2080 2407 2149 omnibusque
2430 2078 2551 2133 aliis
2572 2079 2756 2141 rebus,
2781 2079 2979 2147 quibus
3002 2079 3193 2133 beatus
3222 2081 3495 2149 quispiam

1931 2180 2026 2227 aut
2056 2173 2221 2228 miser
2255 2172 2502 2227 habetur.
2556 2171 2741 2241 Itaque
2774 2174 3204 2226 commentitintn
3238 2174 3368 2227 illud
3404 2191 3498 2228 ve-

1932 2274 2105 2320 strum
2142 2246 2452 2318 fatum'non
2496 2265 2679 2318 omnia
2728 2280 2919 2333 posse,
2965 2264 3279 2319 el'iectorum
3320 2265 3496 2321 diver-

1933 2357 2066 2411 sitas
2110 2356 2317 2425 liquido
2364 2356 2627 2409 declarat.
2681 2356 2890 2433 Etenim
2937 2358 2981 2410 si
3027 2356 3190 2409 vitam
3222 2358 3433 2426 longam
3464 2371 3495 2410 a

1933 2448 2173 2518 potentia
2225 2447 2499 2518 proﬁcisci
2546 2447 2926 2502 existimamus
2955 2488 2969 2513 ,
2998 2447 3212 2503 brevem
3255 2448 3497 2518 profecto

1932 2540 2001 2593 ab
2027 2540 2343 2608 impotentia
2373 2553 2696 2608 promanare
2734 2539 2915 2592 doceri
2955 2547 3187 2608 oportet.
3222 2539 3495 2613 llafatum

1932 2629 2077 2683 aliud
2104 2630 2377 2683 inﬁrmum
2400 2669 2414 2693 ,
2443 2629 2589 2681 aliud
2618 2637 2810 2697 potens
2837 2629 3180 2683 statuendum
3209 2632 3331 2684 erit.
3358 2632 3496 2695 Quia

1930 2724 2074 2778 enim
2121 2725 2242 2777 vita:
2292 2723 2576 2793 longitudo
2620 2722 2863 2791 ejusdem
2910 2723 3164 2777 brevitati
3216 2726 3495 2779 contraria

1930 2825 2050 2878 est,
2084 2814 2351 2885 principia
2385 2815 2571 2884 utique
2604 2814 2742 2867 inter
2774 2829 2833 2867 se
2865 2815 3139 2868 contraria
3171 2815 3273 2870 sibi
3318 2816 3496 2869 vindi-

1932 2905 2150 2960 cabunt.
2184 2903 2463 2973 Siquidem
2509 2919 2667 2958 nemo
2700 2902 2766 2956 ad
2795 2903 3039 2958 eamdem
3083 2920 3301 2960 causam
3344 2916 3494 2961 retu-

1932 2998 2055 3051 lerit
2086 3008 2138 3052 et
2164 2998 2548 3051 beatitudinem
2597 3006 2651 3051 et
2693 2999 2995 3063 miseriam;
3041 2997 3134 3053 sed
3178 3000 3223 3053 si
3267 3000 3357 3053 illa
3399 3015 3494 3068 per

1932 3090 2225 3158 potentiam
2261 3089 2557 3159 potiamur,
2586 3089 2698 3143 haec
2730 3090 2949 3145 omnino
2976 3099 3194 3160 propter
3222 3091 3492 3147 defectum

268 3177 515 3255 ορθωθείη
585 3181 676 3234 διὰ
712 3179 807 3233 τοῦ
840 3179 1139 3243 δύνασθαι,
1175 3176 1237 3231 τὸ
1284 3177 1471 3249 ἓτερον
1499 3178 1559 3231 οὐ
1601 3180 1827 3249 συνέστη

1933 3180 2192 3251 potentia:
2218 3196 2328 3236 non
2355 3182 2481 3236 erit.
2512 3182 2728 3237 Miseria
2755 3184 2954 3253 quippe
2980 3186 3033 3237 in
3063 3200 3126 3238 eo
3150 3185 3229 3238 vel
3258 3187 3492 3241 maxime

270 3274 467 3336 πάντως
493 3274 655 3343 παρὰ
680 3272 780 3343 τὴν
801 3269 902 3341 τῆς
926 3271 1207 3339 δυνάμεως
1229 3268 1478 3339 ἔλλειψιν.
1511 3270 1698 3324 Οὑδενὶ
1723 3271 1831 3341 γάρ

268 3363 397 3433 ἄλλῳ
425 3367 457 3435 η
491 3363 757 3432 ἀθλιότης
784 3360 1253 3431 καταλαμϐάνεται
1279 3400 1293 3427 ,
1324 3361 1357 3431 ἦ
1391 3363 1449 3414 ἐν
1472 3360 1548 3431 τῷ
1575 3360 1649 3431 μὴ
1677 3360 1834 3430 δυνη-

269 3452 412 3521 θῆναι
440 3452 707 3519 γενέσθαι
748 3452 1034 3520 μακάριον.
1085 3448 1243 3502 Ἀλλά
1280 3450 1385 3520 μὴν
1432 3448 1649 3511 πλείους
1683 3448 1833 3517 παρά

268 3544 346 3593 τὸν
383 3542 494 3611 βίον
527 3544 588 3595 οἱ
620 3541 816 3596 ἄθλιοι.
858 3539 1064 3593 Οὐκοῦν
1090 3578 1105 3602 ,
1141 3537 1341 3591 πλείων
1376 3540 1409 3608 ἡ
1457 3537 1705 3591 ἀσθένεια
1736 3538 1833 3606 τῆς

270 3635 601 3705 εἱμαρμένης
638 3635 790 3705 παρά
815 3634 913 3704 τὴν
936 3633 1162 3703 δύναμιν
1191 3630 1572 3685 ἐπιδείκνυται.
1604 3629 1713 3682 Ποῦ
1741 3625 1834 3683 οὖν

270 3728 300 3793 ἠ
322 3727 525 3795 ἄμαχος
552 3725 743 3795 ἐκείνη
794 3725 889 3778 καὶ
915 3723 1315 3793 παντοδύναμος
1364 3723 1457 3775 καὶ
1484 3720 1835 3792 ἀπαράϐατος

273 3820 467 3887 ἀνάγκη
492 3859 508 3882 ,
540 3816 689 3869 ὥστε
712 3818 797 3869 ἐπ’
827 3817 1008 3888 ἐκείνῃ
1035 3818 1273 3871 τίθεσθαι
1302 3816 1517 3869 πάντων
1558 3813 1665 3867 τῶν
1694 3814 1835 3867 κατά

270 3909 352 3961 τὸν
382 3910 490 3979 βίον
513 3909 985 3979 οἰκονομουμένων
1016 3909 1111 3980 τὴν
1150 3907 1413 3972 ἐξουσίαν.
1444 3906 1565 3976 ἥτις
1593 3905 1837 3976 ἀπηλέγο

273 3999 363 4070 χθη
410 4000 499 4054 διά
547 4000 657 4071 τῆς
685 4000 1001 4063 ἀκολουθίας
1033 4001 1125 4053 τοῦ
1162 3998 1318 4067 λόγου
1366 3997 1593 4067 ἀσθενὴς
1626 3999 1683 4049 ἐν
1726 3999 1835 4059 τοῖς

275 4092 533 4157 πλείοσινλ
588 4091 726 4144 Ἀλλ’
757 4094 932 4162 ἐρεῖς.
981 4093 1062 4143 ὅτι
1106 4089 1278 4159 τούτῳ
1316 4088 1414 4157 μὲν
1462 4086 1619 4138 τοῦτο
1652 4085 1836 4156 βούλε-

272 4203 349 4239 ται
369 4201 383 4213 ⁸
406 4184 484 4256 τῷ
513 4185 581 4238 δὲ
612 4184 784 4255 ἑτέρῳ
824 4183 888 4235 τὸ
931 4178 1047 4235 ἴσον
1095 4182 1154 4233 οὐ
1188 4180 1432 4251 βούλεται
1451 4195 1465 4209 ο
1493 4177 1716 4231 δύναται
1742 4177 1836 4229 καὶ

274 4277 349 4328 ἐπ’
376 4278 584 4347 ἀμφοῖν
612 4276 747 4346 ὅπερ
770 4274 1045 4345 βούλεται·
1078 4273 1291 4335 πάντως
1316 4266 1406 4324 οὖν
1430 4269 1522 4323 καί⁵
1541 4269 1638 4340 τὴν
1658 4269 1835 4322 αἱτίαν

275 4369 597 4440 προσθήσεις
632 4367 729 4436 τῆς
761 4366 867 4419 τῶν
900 4364 1267 4436 προαιρέσεων
1299 4362 1501 4415 τούτων
1550 4361 1829 4431 διαφορᾶς.

277 4459 591 4530 Ἀνθρωπος
627 4452 780 4520 οὗτος
819 4457 912 4509 καὶ
941 4449 1093 4518 οὗτος
1118 4496 1132 4518 ,
1164 4454 1417 4525 οὐδεμίαν
1449 4455 1589 4505 κατὰ
1614 4452 1712 4520 τὴν
1743 4450 1835 4519 φύ-

1935 3273 2224 3337 consistit,
2277 3272 2422 3342 quod
2471 3273 2863 3328 beatitudinem
2906 3276 3032 3344 quis
3079 3278 3340 3345 consequi
3390 3294 3495 3334 non

1935 3366 2128 3434 possit.
2176 3365 2467 3418 Enimvero
2512 3365 2696 3434 plures
2737 3367 2903 3419 vitam
2951 3368 3154 3435 degunt
3198 3370 3495 3439 miseram;

1936 3454 2029 3508 lati
2056 3470 2186 3524 ergo
2216 3454 2507 3510 inﬁrmitas
2538 3469 2699 3524 quam
2732 3456 2972 3523 potentia
3008 3468 3092 3513 est
3125 3460 3298 3527 major
3329 3468 3383 3515 et
3419 3461 3500 3516 ei-

1938 3546 2179 3600 ﬁcacior.
2213 3544 2310 3599 Ubi
2346 3560 2495 3599 nunc
2524 3554 2609 3600 est
2639 3545 2839 3599 invicta
2875 3546 2964 3600 illa
2992 3589 3005 3610 ,
3056 3555 3110 3601 et
3156 3550 3500 3618 omnipotens

1936 3645 2097 3705 atque
2160 3634 2527 3689 ineluctabilis
2569 3635 2903 3702 necessitas,
2957 3645 3015 3689 ttt
3054 3637 3106 3690 in
3147 3653 3212 3692 ea
3256 3640 3500 3695 omnium

1935 3741 2115 3779 rerum
2148 3725 2507 3778 humanarum
2546 3732 2867 3795 potestatem
2907 3739 3029 3780 esse
3071 3727 3301 3796 positam
3346 3736 3501 3799 pute-

1935 3834 2077 3883 mus,
2109 3832 2271 3886 quam
2301 3817 2495 3885 majori
2523 3832 2585 3871 ex
2616 3824 2770 3887 parte
2796 3816 3069 3871 infirmam
3102 3833 3222 3874 esse
3252 3834 3502 3889 compro-

1934 3911 2225 3965 bavimus?
2259 3910 2365 3964 Sed
2399 3910 2547 3965 dices
2582 3912 2687 3963 hoc
2720 3910 2883 3963 istttm
2907 3950 2922 3972 ,
2955 3909 3118 3963 alium
3149 3911 3294 3963 aliud
3332 3911 3499 3977 velle,

1935 4002 1987 4055 in
2027 4009 2256 4070 utroque
2287 4009 2466 4052 tamen
2502 3998 2552 4052 id
2586 3999 2767 4052 valere
2807 3999 2953 4069 quod
2995 4001 3142 4053 velit.
3189 3999 3319 4065 Quae
3371 4018 3500 4055 vero

1937 4093 2098 4161 hujus
2135 4093 2472 4145 voluntatum
2500 4090 2832 4143 diversitatis
2857 4102 2939 4144 est
2969 4090 3178 4144 causa?
3215 4089 3501 4147 Faciamus

1934 4200 2057 4240 esse
2105 4184 2241 4239 duos
2286 4183 2570 4245 homines,
2621 4182 2712 4251 qui
2758 4181 2891 4235 nihil
2939 4181 3081 4235 inter
3121 4197 3180 4237 se
3209 4182 3499 4249 diﬂerant,

1936 4286 2125 4332 neuter
2152 4278 2263 4333 sive
2288 4277 2489 4332 bonum
2528 4277 2642 4331 sive
2673 4276 2874 4330 malum
2907 4275 3049 4328 ultro
3078 4275 3149 4331 sit
3182 4277 3461 4346 amplexus
3483 4317 3498 4342 ,

1936 4370 2029 4424 sed
2060 4369 2149 4424 hic
2178 4370 2337 4440 paulo
2374 4375 2498 4423 ante
2534 4384 2599 4422 ex
2640 4376 2886 4423 materno
2933 4377 3087 4423 utero
3120 4368 3421 4437 prodierit,
3454 4370 3499 4423 si

1935 4477 2063 4517 casu
2097 4462 2177 4516 sic
2208 4478 2329 4516 eum
2365 4470 2556 4514 natura
2590 4459 2872 4523 effuderit,
2902 4460 2989 4515 ille
3015 4460 3103 4514 vel
3133 4462 3392 4515 continuo
3417 4462 3502 4515 vel

276 4568 349 4603 σιν
380 4550 739 4623 παραλλαγὴν
771 4548 857 4600 ἐπ’
882 4548 1202 4619 ἀμφοτέρων
1229 4546 1443 4617 βλέπεις
1467 4586 1481 4609 ,
1509 4542 1631 4597 οὕτε
1662 4542 1831 4613 τούτῳ

1936 4555 2096 4625 paulo
2128 4562 2267 4623 post.
2301 4551 2418 4607 Non
2454 4552 2643 4608 eadem
2695 4551 2963 4606 ambobus
2996 4551 3104 4604 vita
3137 4560 3287 4607 sorte
3320 4552 3503 4607 obtin-

274 4643 327 4695 τὸ
361 4643 520 4696 καλὸν
547 4684 566 4709 ,
600 4641 633 4712 ἢ
668 4638 865 4710 φαῦλον
885 4642 947 4693 ἐκ
975 4638 1343 4712 προαιρέσεως
1366 4677 1380 4701 ,
1420 4635 1541 4689 οὔτε
1563 4635 1641 4706 τῷ
1668 4634 1831 4704 ἄλλῳ,

272 4735 376 4787 ἀλλ’
396 4729 558 4799 οὗτος
583 4733 775 4804 μικρόν
804 4749 855 4785 τι
908 4730 998 4784 τοῦ
1028 4731 1219 4802 194W
1251 4728 1533 4799 προλαδὼν
1559 4770 1573 4791 ν
1604 4727 1703 4797 τῆς
1740 4742 1837 4795 μη’

271 4827 439 4897 τρῴας
466 4824 663 4897 νηδύος
694 4823 958 4893 ἐξέθορεν,
1000 4821 1141 4875 οὕτω
1169 4821 1308 4875 κατὰ
1337 4820 1397 4873 τὸ
1425 4819 1637 4890 συμϐὰν
1673 4818 1834 4871 αὑτὸν

273 4916 793 4986 ἀποσκευασαμένης
821 4915 917 4985 τῆς
945 4914 1156 4983 φύσεως
1180 4929 1193 4943 ·
1235 4914 1438 4975 ἐκεῖνος
1467 4912 1523 4964 δὲ
1552 4910 1685 4980 μετὰ
1715 4910 1835 4962 τοῦ-

273 5025 353 5061 τον
377 5052 391 5073 ,
442 5009 477 5080 ἢ
519 5008 683 5071 εὐθὺς
729 5007 763 5079 ἢ
794 5010 909 5077 μετ’
936 5007 1133 5074 ὀλίγον.
1164 5006 1271 5059 Καὶ
1316 5003 1453 5075 μετά
1487 5002 1642 5054 τοῦτο
1672 5002 1767 5071 οὐχ
1806 5001 1834 5052 ό

274 5100 423 5162 ater;
471 5100 805 5170 ἀμφοτέροις
842 5098 953 5167 βίος
1000 5098 1432 5169 ἀποκληροῦται,
1486 5095 1599 5149 ἀλλ’
1646 5097 1674 5147 ὁ
1715 5096 1832 5164 μὲν,

274 5190 568 5261 εὐδαίμων,
618 5190 652 5260 ἢ
687 5190 972 5260 βασιλεὺς,
1006 5189 1071 5243 ἂν
1109 5190 1250 5242 οὓτω
1282 5188 1453 5263 τύχη,
1506 5185 1690 5257 χρυσῷ
1740 5187 1833 5239 καὶ

274 5283 557 5353 πορφυρίδι
586 5282 739 5353 παρά
758 5283 854 5353 τὴν
885 5282 1105 5354 πρώτην
1136 5282 1345 5350 γένεσιν
1372 5280 1737 5349 ἐνειλούμενος
1765 5298 1777 5309 ·
1805 5280 1834 5332 ὀ

273 5365 344 5429 δὲ,
368 5369 505 5433 τινὸς
533 5369 642 5423 τῶν
668 5370 936 5440 πενιχρῶν
961 5372 993 5440 ἢ
1021 5370 1245 5433 δούλων,
1284 5371 1402 5424 ούδέ
1438 5370 1644 5442 ῥακίοις
1683 5372 1833 5438 παρά

275 5460 371 5512 τῶν
419 5462 837 5532 γεννησαμένων
886 5462 1045 5515 αὐτὸν
1094 5460 1589 5532 σπαργανούμενος.
1630 5461 1695 5513 Τί
1740 5456 1831 5513 οὖν

276 5548 517 5620 ἠδίκησεν
538 5552 612 5623 ,ἢ
644 5550 928 5622 προλαϐὼν
967 5552 1000 5622 ἢ
1043 5552 1399 5620 ἐφυστερίσας
1443 5549 1520 5619 τῷ
1546 5551 1719 5621 χρόνῳ
1755 5568 1832 5621 μι-

278 5642 413 5711 κρὸν,
444 5645 507 5695 οὐ
549 5644 665 5697 κατ’
698 5644 905 5698 οίκείαν
941 5644 1200 5717 πρόθεσιν
1220 5686 1234 5706 ,
1281 5642 1415 5695 ἀλλά
1440 5624 1704 5713 κατάτὴν
1733 5643 1831 5712 τῆς

279 5732 477 5798 φύσεως
503 5734 733 5804 κίνησιν,
767 5734 842 5797 ὡς
870 5734 1035 5788 αὐτοῦ
1077 5733 1265 5788 τούτου
1292 5734 1474 5786 ἕνεκεν
1519 5732 1835 5804 ἀποκληρω-

281 5823 421 5895 Sive:
477 5826 568 5880 τοῦ
610 5826 728 5895 βίον
778 5827 874 5897 την
919 5827 1172 5895 άτιρίαν;
1214 5826 1369 5879 ποίαν
1409 5825 1501 5891 τῆς
1542 5824 1827 5894 δεσποίνης

1937 4645 2012 4712 git
2035 4683 2050 4706 ,
2080 4642 2173 4698 sed
2208 4643 2344 4696 alter
2376 4642 2505 4697 felix
2539 4651 2634 4695 aut
2663 4642 2886 4697 omnino
2916 4657 3007 4695 rex
3041 4640 3329 4702 fortassis,
3366 4658 3502 4713 auro

1935 4741 1988 4787 et
2028 4746 2268 4801 purpura
2317 4739 2479 4784 natus
2522 4746 2644 4786 mox
2698 4731 3015 4795 involvitur,
3056 4730 3194 4786 alter
3246 4732 3500 4801 pauperis

1934 4821 2205 4891 alicujus,
2250 4831 2344 4876 aut
2385 4822 2548 4877 etiam
2596 4822 2736 4877 servi
2776 4823 2920 4877 ﬁlius
2955 4838 3023 4877 ne
3064 4823 3257 4878 laceris
3280 4822 3498 4891 quidem

1933 4914 2129 4984 pannis
2159 4928 2187 4965 a
2231 4913 2549 4983 parentibus
2595 4913 2873 4983 integitur.
2916 4912 3059 4980 Quid
3102 4928 3233 4984 ergo
3272 4914 3499 4984 deliquit

1932 5005 2077 5075 quod
2133 5006 2294 5074 paulo
2346 5006 2508 5060 citius
2562 5006 2642 5060 vel
2688 5006 2899 5061 tardius
2945 5010 3117 5061 altero
3148 5007 3219 5062 sit
3257 5008 3502 5078 progeni-

1935 5106 2023 5152 tus
2044 5139 2059 5162 ,
2093 5097 2253 5166 idque
2288 5112 2396 5150 non
2426 5112 2526 5151 suo
2554 5097 2821 5163 consilio,
2852 5098 2944 5152 sed
2981 5110 3190 5152 natura:
3221 5108 3406 5165 motu,
3441 5106 3503 5153 ut

1932 5187 2139 5243 idcirco
2184 5189 2349 5242 vitam
2400 5189 2691 5244 sortiretur
2743 5191 3164 5244 inhonoratam?
3192 5190 3367 5256 Quam
3401 5207 3498 5247 vos

1934 5264 2022 5334 hic
2049 5279 2420 5334 defensionem
2458 5296 2558 5350 pro
2588 5291 2768 5336 vestra
2817 5282 2905 5336 illa
2956 5282 3173 5336 domina
3218 5281 3499 5338 aﬂ‘eretis?

1938 5371 2035 5427 Ubi
2076 5371 2283 5440 juslitia
2309 5410 2325 5434 ,
2360 5372 2448 5426 ubi
2486 5373 2691 5443 pietas,
2726 5374 2816 5428 ubi
2868 5374 3115 5428 numen?
3164 5390 3293 5428 num
3348 5375 3499 5430 dices

1934 5462 2101 5516 fatum
2156 5463 2293 5516 nihil
2344 5463 2537 5517 horum
2582 5480 2817 5530 curare,
2850 5480 3030 5533 neque
3072 5467 3292 5521 virtutis
3330 5467 3498 5523 ratio-

1932 5567 2054 5607 nem
2101 5551 2337 5617 habere,
2378 5570 2554 5624 neque
2600 5555 2738 5609 bono
2780 5555 3037 5625 cuiquam
3090 5558 3496 5627 providere?si

1933 5655 2039 5695 non
2069 5639 2221 5704 istis,
2270 5642 2456 5711 utique
2498 5642 2790 5696 contrariis
2832 5644 3031 5699 studiis
3064 5646 3319 5711 vacabit,
3368 5648 3495 5717 quia

1930 5741 2145 5787 constat
2175 5732 2317 5802 quod
2355 5748 2382 5785 a
2414 5733 2555 5787 bono
2590 5734 2880 5798 abhorret,
2926 5736 2978 5790 id
3025 5754 3148 5791 cum
3198 5739 3338 5794 malo
3378 5754 3497 5793 esse

1932 5825 2306 5897 conjunctutn.
2372 5824 2554 5883 Neque
2613 5826 2754 5893 hoc,
2818 5829 3071 5901 inquies,
3127 5847 3300 5900 neque
3360 5831 3496 5888 illud
