3978 6502
458 394 560 451 159

1648 388 1705 444 S.
1739 382 2066 443 GREGORII
2098 380 2396 440 NYSSENI
2458 415 2462 419 ι

3586 380 3688 437 160

454 511 503 563 ei
544 522 691 562 cura;
738 513 840 561 est.
896 503 1202 560 Inanimum
1253 520 1425 577 ergo,
1490 520 1667 574 neque
1707 502 2015 558 voluntario

2120 499 2273 569 ὑμῶν
2298 498 2513 571 ἐκείνης
2536 498 2629 554 ἐπὶ
2649 499 2762 563 τοὶς
2787 514 3048 562 τοιουτοις
3071 494 3365 565 ἀπολογίαν
3392 493 3652 565 εὑρήσετε
3672 513 3687 557 ς

451 595 682 666 judicio,
731 609 907 662 neque
946 595 1070 647 boni
1120 595 1317 647 malive
1364 595 1675 664 cognitione
1730 593 2014 662 praeditum

453 702 575 740 esse
601 684 861 746 affirmas,
890 686 936 738 si
967 686 1169 748 anima,
1197 687 1429 747 ratione,
1456 692 1509 738 et
1547 685 1821 738 voluntate
1844 688 2014 746 caret,

452 791 631 844 neque
661 791 756 843 per
782 791 841 830 se
872 776 1141 831 subsistit.
1176 777 1240 828 Et
1286 774 1467 830 adhuc
1514 783 1719 828 tantam
1772 774 1819 829 ei
1854 774 2017 843 largi-

452 866 583 919 mini
634 873 991 935 potestatem,
1046 875 1106 919 ut
1162 866 1468 919 animantes
1530 865 1743 919 arbitrii
1787 878 2017 933 capaces

452 957 784 1020 moderetur,
825 966 879 1012 et
908 965 1057 1025 regat
1090 973 1151 1011 ea
1210 973 1328 1026 qua:
1379 957 1708 1021 subsistunt,
1765 955 1819 1009 id
1873 953 2018 1025 quod

453 1048 678 1103 minime
743 1048 1036 1113 subsistit,
1088 1064 1282 1117 expers
1338 1049 1461 1102 vitae
1516 1048 1811 1117 participes
1867 1048 2014 1111 vitaz,

452 1140 720 1195 animatas
775 1140 1097 1205 inanimum,
1157 1154 1346 1193 exsors
1402 1139 1615 1193 consilii
1670 1146 1724 1193 et
1777 1138 2014 1202 virtutis,

450 1239 736 1286 cnnsortes
760 1249 774 1295 ;
810 1232 1062 1301 denique,
1095 1231 1236 1285 entia
1272 1244 1377 1283 non
1400 1245 1517 1284 ens.
1544 1228 1678 1282 Nam
1700 1244 1810 1299 quo
1834 1244 2017 1283 rerum

452 1335 649 1391 genere
701 1321 1010 1375 continetur
1064 1320 1234 1380 istud,
1270 1319 1428 1386 cujus
1478 1333 1676 1373 nomen
1734 1326 2018 1388 tantopere

448 1409 694 1479 jactatis,
732 1410 947 1464 fatum?
997 1409 1215 1463 Animal
1249 1425 1356 1463 non
1392 1417 1496 1474 est,
1541 1410 1595 1464 in
1648 1410 1872 1465 zodiaco
1907 1424 2017 1464 non

453 1503 716 1566 cernitur,
747 1500 892 1557 Deus
922 1517 1030 1556 non
1067 1502 1320 1557 habetur.
1353 1503 1457 1569 Qui
1496 1502 1640 1557 enim
1674 1501 1817 1557 Deus
1847 1510 2014 1568 esset,

453 1593 544 1659 qui
569 1607 743 1661 neque
770 1593 1004 1656 virtutis,
1024 1607 1201 1663 neque
1225 1592 1498 1662 aequitatis
1525 1592 1689 1647 ducat
1711 1593 2018 1648 rationem?

453 1681 608 1748 Quod
642 1697 772 1738 vero
795 1683 935 1737 nihil
963 1699 1029 1738 ex
1057 1684 1141 1737 his
1172 1683 1337 1739 rebus
1359 1692 1464 1747 est,
1482 1684 1609 1753 quid
1645 1683 1859 1739 tandem
1888 1684 2015 1739 est?

455 1774 560 1830 Sed
603 1776 817 1830 videtur
870 1790 900 1829 a
939 1776 1094 1831 vobis
1134 1775 1304 1831 fatum
1338 1776 1445 1830 diei
1494 1776 1725 1845 quodvis
1756 1776 2015 1846 temporis

2118 592 2228 647 Ποῦ
2256 592 2316 645 τὸ
2352 592 2591 656 δίκαιον;
2619 591 2729 645 Ποῦ
2765 590 2826 645 τὸ
2855 590 3110 655 εὐσεϐές;
3144 588 3253 642 Ποῦ
3300 587 3359 641 τὸ
3396 589 3576 653 actos);
3619 588 3690 640 Ἦ

2117 683 2324 736 τούτων
2350 683 2561 746 οὐδενὸς
2596 681 2777 752 μέλειν
2806 680 2911 751 φῂς
2945 682 3010 750 τῇ
3040 677 3369 750 εἱμαρμένῃ.
3401 676 3520 729 οὐδέ
3552 674 3692 746 πρὸς

2119 774 2314 846 ἀρετήν
2350 773 2565 843 βλέπειν
2592 812 2607 835 ,
2654 772 2771 824 οὑδέ
2800 788 2943 834 τινος
2969 771 3077 823 τῶν
3122 769 3339 838 ἀγαθῶν
3371 765 3690 837 ἐπιμέλειαν

2119 862 2293 933 ἔχειν;
2324 861 2529 916 Οὐκοῦν
2571 864 2619 915 εί
2671 863 2744 932 μὴ
2785 861 2955 915 ταῦτα
2983 860 3069 914 διὰ
3098 859 3329 929 σπουδῆς
3359 858 3503 911 ἐστιν
3526 858 3687 927 αὐτῇ,

2120 953 2246 1024 περὶ
2270 953 2330 1006 τὸ
2360 953 2598 1006 ἐναντίον
2638 953 2853 1016 πάντως
2887 952 3311 1023 ἀσχοληθήσεται
3339 967 3353 981 ⁸
3398 953 3431 1022 ἠ
3460 952 3567 1021 γὰρ
3590 950 3686 1005 τοῦ

2118 1043 2322 1113 ἀγαθοῦ
2353 1044 2702 1116 ἀλλοτρίωσις
2725 1086 2741 1113 ,
2780 1029 3048 1116 τὴν⁶πρὸς
3080 1043 3140 1097 τὸ
3182 1044 3349 1097 κακὸν
3382 1031 3690 1113 οἰκειότητα

2121 1137 2307 1207 σαφῶς
2361 1138 2743 1191 ἐπιδείκνυσιν.
2797 1135 2933 1189 Ἀλλ’
2967 1133 3087 1189 οὔτε
3124 1135 3278 1189 τοῦτο
3328 1136 3487 1206 τυχὸν
3512 1176 3527 1199 ,
3566 1137 3690 1191 οὐδὲ

2098 1228 2294 1283 ἐκεῖνο
2324 1227 2410 1280 διά
2440 1227 2717 1297 φροντίδος
2744 1222 2879 1279 εἶναι
2909 1225 3087 1293 λέγεις
3117 1225 3287 1296 αὐτῇς
3323 1224 3529 1280 Οὐκοῦν
3550 1227 3691 1297 ἀψυ·

2118 1335 2212 1387 χον
2245 1318 2376 1371 αὐτὸ
2405 1319 2511 1389 φῂς
2540 1315 2675 1371 εἶναι
2700 1318 2794 1371 καὶ
2824 1318 3201 1388 ἀπροαίρετον,
3257 1318 3357 1389 καὶ,
3385 1318 3550 1372 καλοῦ
3590 1320 3689 1372 καὶ

2118 1408 2359 1480 χείρονος
2411 1408 2806 1478 ἀνεπαίσθητον
2845 1425 2859 1440 ·
2924 1410 2970 1461 εἰ
3022 1408 3077 1460 δὲ
3134 1410 3267 1479 μήτε
3318 1409 3493 1481 ψυχήν
3549 1412 3689 1481 μήτε

2118 1501 2434 1571 προαίρεσιν
2460 1499 2591 1571 ἔχει,
2624 1501 2760 1572 μήτε
2791 1502 2908 1554 κατ’
2954 1501 3087 1553 ἰδίαν
3122 1501 3404 1571 θεωρεῖται
3448 1502 3688 1556 ὑπόστα-

2119 1610 2231 1646 σιν’
2265 1592 2381 1657 πῶς
2407 1592 2674 1664 τοσαύτην
2714 1588 3071 1665 μαρτυρεῖται
3110 1594 3235 1664 παρ’
3264 1593 3390 1664 ὑμῖν
3416 1592 3557 1664 ἔχειν
3585 1594 3691 1665 τὴν

2117 1684 2379 1756 δύναμιν,
2418 1684 2557 1738 ὥστε
2601 1684 2709 1739 τῶν
2744 1685 3136 1756 προαιρετικῶν
3167 1683 3319 1748 ζώων
3356 1686 3689 1749 ἐπιστατεῖν,

2092 1777 2214 1830 καὶ
2246 1778 2466 1847 κρατεῖν
2511 1776 2619 1828 τῶν
2661 1777 2984 1845 ὑφεστώτων
3028 1778 3086 1830 τὸ
3135 1776 3500 1831 ἀνυπόστατον
3523 1818 3539 1843 ,
3579 1778 3691 1832 τῶν

453 1875 827 1923 momentum:
890 1866 1160 1937 siquidem
1210 1876 1426 1937 tempus
1482 1883 1604 1923 sese
1667 1868 1735 1922 ad
1797 1881 2015 1921 omnem

2123 1837 2456 1943 μετέχοντων
2496 1866 2642 1937 ζωῆς
2695 1837 2756 1919 τὸ
2803 1868 3066 1938 ἀμέτοχον
3096 1907 3111 1933 ,
3167 1867 3275 1920 τῶν
3321 1837 3579 1939 ἐμψύχων
3628 1868 3692 1923 τὸ

454 1970 661 2017 motum
684 1961 803 2016 sive
826 1959 1107 2014 ﬂuminum
1141 1960 1255 2015 sive
1277 1960 1557 2014 stellarum
1587 1959 1702 2014 sive
1733 1947 2017 2029 hominum

453 2051 716 2108 extendit.
750 2050 937 2122 Neque
986 2050 1155 2106 refert
1215 2051 1329 2104 sive
1380 2049 1526 2104 ﬂuvii
1564 2059 1715 2103 motu
1767 2048 2018 2120 designes

455 2142 768 2198 insecabilia
799 2142 1094 2211 cujuslibet
1125 2141 1383 2196 instantis
1417 2142 1679 2210 temporis
1718 2147 2018 2211 segmenta,

456 2235 570 2290 sive
597 2233 752 2288 navis
784 2234 835 2287 vi
871 2242 1156 2287 ventorum
1193 2232 1428 2301 agitata},
1461 2230 1576 2286 sive
1608 2231 1887 2285 hominum
1916 2230 2019 2284 iter

454 2325 793 2387 facientium,
847 2325 957 2379 sive
1013 2331 1287 2379 astrorum
1326 2337 1454 2393 quae
1489 2330 1829 2376 moveantur.
1872 2321 2020 2376 Unus

456 2419 599 2473 enim
630 2427 713 2472 est
745 2415 988 2470 omnium
1019 2430 1140 2485 qua:
1170 2414 1288 2469 loco
1315 2420 1602 2468 moventur
1639 2414 1927 2479 terminus,
1959 2418 2019 2466 ut

455 2510 688 2579 migrent
723 2523 790 2562 ex
816 2522 882 2561 eo
915 2509 969 2560 in
1003 2521 1111 2575 quo
1140 2513 1289 2569 sunt,
1327 2505 1413 2559 vel
1465 2505 1519 2559 in
1566 2503 1621 2559 id
1671 2505 1727 2558 in
1769 2519 1879 2575 quo
1911 2519 2017 2558 non

456 2609 603 2656 sunt.
641 2598 795 2665 Quod
835 2600 880 2654 si
909 2613 1084 2668 neque
1114 2597 1424 2660 ﬂuminum,
1471 2612 1649 2667 neque
1679 2597 2015 2667 navigiorum

455 2700 659 2757 motus,
688 2705 863 2760 neque
895 2690 1175 2744 hominum
1218 2689 1517 2744 ambulatio
1567 2689 1850 2749 intervalla
1882 2682 2017 2744 tem-

461 2782 612 2852 poris
642 2780 1041 2851 designantium
1074 2778 1315 2835 eﬂiciunt
1369 2780 1536 2834 fatum
1569 2797 1582 2833 :
1617 2795 1716 2833 cur
1761 2777 2018 2847 temporis

455 2873 675 2943 punctis
722 2888 789 2926 ex
841 2872 1083 2925 motione
1142 2870 1425 2925 stellarum
1479 2868 1616 2923 ortis
1676 2867 1848 2921 fatum
1902 2866 2018 2922 fieri

456 2964 695 3035 fingitis?
720 2978 818 3017 cur
844 2961 1026 3017 dicitis
1058 2970 1239 3015 motus
1265 2968 1489 3015 caeteros
1521 2974 1642 3014 esse
1661 2960 1746 3013 vel
1776 2969 2018 3028 tempora

456 3057 541 3109 vel
594 3054 795 3109 indicia
844 3053 1146 3123 temporis;
1205 3059 1259 3104 at
1305 3066 1527 3105 veroex
1569 3060 1712 3104 motu
1777 3048 2017 3104 siderum

456 3146 625 3200 fatum
660 3146 925 3200 exsistere
953 3143 1301 3198 observatum
1330 3155 1452 3195 esse
1474 3142 1497 3193 ’ί
1519 3139 1629 3193 Cur
1652 3155 1760 3194 non
1789 3139 2019 3209 singulis

456 3237 743 3291 momentis
808 3234 1008 3304 singuli
1068 3232 1318 3287 homines
1382 3232 1721 3286 nascuntur?
1774 3240 2012 3301 repetam

456 3327 599 3380 enim
628 3323 961 3394 superiorem
991 3322 1310 3376 orationem.
1339 3320 1606 3387 Quoniam
1635 3319 1823 3376 eadem
1850 3335 2019 3375 causa

455 3425 540 3470 est
571 3424 629 3468 ut
672 3415 835 3468 homo
885 3412 957 3466 sit
1012 3413 1203 3467 beatus
1261 3412 1346 3468 vel
1398 3412 1583 3478 miser,
1616 3419 1670 3466 et
1709 3420 1768 3465 ut
1798 3412 2018 3467 omnino

452 3507 562 3565 sit:
594 3506 641 3560 si
676 3513 825 3559 astra
872 3512 1001 3559 sunt
1062 3518 1241 3557 causa:
1275 3511 1589 3567 eventuum,
1642 3503 1736 3573 qui
1784 3502 2020 3571 hominis

455 3608 636 3655 ortum
676 3604 999 3667 sequuntur,
1052 3610 1278 3665 prorsus
1322 3601 1376 3649 et
1433 3594 1608 3665 ipsius
1660 3594 1825 3648 etiam
1864 3602 2019 3651 ortus

455 3706 632 3745 causae
670 3699 836 3745 sunt:
870 3689 957 3744 sin
989 3687 1151 3756 hujus
1187 3699 1365 3741 causa:
1403 3699 1512 3739 non
1572 3692 1720 3750 sunt,
1759 3700 1862 3741 nec
1895 3686 2018 3740 illo-

454 3797 575 3837 rum
603 3782 790 3850 utique
824 3788 973 3835 sunt.
1005 3779 1074 3831 At
1126 3791 1255 3833 vero
1300 3785 1449 3831 astra
1506 3790 1617 3831 non
1674 3792 1795 3832 esse
1822 3792 2019 3833 causas

453 3881 629 3935 ortus,
661 3872 742 3927 vel
773 3886 837 3926 ex
873 3885 940 3925 eo
973 3869 1162 3939 liquet,
1205 3867 1354 3937 quod
1402 3868 1633 3937 tempori
1675 3868 2019 3923 continenter

452 3961 640 4018 ﬂuenti
675 3974 1014 4030 nequaquam
1060 3956 1350 4012 continens
1398 3955 1675 4010 hominum
1731 3967 1884 4011 ortus
1930 3973 2017 4012 re-

454 4053 738 4124 spondeat,
777 4052 871 4107 sed
910 4053 1381 4119 interrumpatur:
1436 4048 1527 4101 illa
1576 4056 1757 4104 autem
1792 4049 1903 4104 fata
1951 4066 2017 4105 ex

453 4148 638 4201 ﬂuenti
690 4154 942 4214 tempore
970 4157 1035 4197 ac
1093 4142 1426 4211 sempiterna
1483 4140 1724 4195 siderum
1778 4143 2019 4198 motione

455 4237 574 4293 sine
600 4236 709 4290 ullo
739 4244 1039 4290 nascuntur
1079 4234 1392 4297 intervallo,
1428 4231 1573 4302 quod
1622 4234 1709 4287 vel
1735 4249 1899 4289 sensu
1934 4235 2019 4290 vel

454 4326 810 4394 intelligentia
861 4324 1066 4395 percipi
1120 4333 1304 4393 queat.
1367 4323 1655 4390 Quodnam
1710 4324 1877 4395 igitur
1937 4335 2020 4382 est

452 4412 601 4467 istud
633 4412 849 4466 fatum?
876 4413 1019 4482 quod
1048 4428 1290 4468 unumne
1324 4414 1395 4467 sit
1437 4415 1709 4483 generale,
1763 4432 1829 4469 an
1864 4416 2018 4485 plura

2118 1959 2355 2028 ἄψυχον,
2388 1956 2497 2010 τῶν
2528 1958 2587 2011 ἐν
2624 1957 2941 2028 προαιρέσει
2983 1957 3263 2021 συζώντων
3291 1958 3353 2011 τὸ
3396 1958 3691 2030 ἀπροαίρε-

2117 2068 2209 2105 τον
2229 2090 2244 2115 ,
2272 2048 2382 2104 τῶν
2413 2049 2614 2121 ἀρετὴν
2649 2049 2937 2120 μετιόντων
2968 2049 3027 2102 τὸ
3052 2050 3252 2121 ἀρετῆς
3280 2050 3651 2122 ἀπαράδεκτον
3671 2066 3690 2083 ⁸

2118 2138 2346 2195 καθόλου
2372 2134 2479 2191 τῶν
2508 2138 2675 2192 ὄντων
2706 2136 2765 2189 τὸ
2797 2136 2871 2208 μὴ
2900 2138 2985 2204 δν;
3031 2139 3118 2192 Ἐν
3142 2139 3247 2192 τίνι
3277 2139 3687 2211 γάρκαταλαμο

2120 2231 2339 2287 ϐἀνεται
2371 2230 2464 2284 τοῦ
2496 2231 2892 2303 θρυλλουμένου
2938 2230 3126 2285 τούτου
3161 2232 3421 2302 ὀνόματος
3470 2234 3506 2303 ἡ
3559 2234 3692 2287 ὑπό-

2122 2342 2341 2391 στασις;
2377 2323 2522 2379 Ζῶον
2559 2323 2659 2376 οὐκ
2696 2323 2875 2388 ἔστιν,
2920 2325 2977 2396 ἐν
3008 2327 3319 2395 περιγραφῇ
3354 2325 3451 2396 οὐχ
3475 2328 3688 2396 ὁρᾶται,

2118 2414 2251 2478 Θεὸς
2292 2414 2355 2467 οὐ
2387 2412 2683 2483 νομίζεται.
2717 2413 2841 2476 Πῶς
2870 2412 2978 2484 γὰρ
3007 2413 3139 2476 Θεὸς
3160 2454 3175 2476 ,
3210 2416 3238 2466 ὁ
3282 2414 3356 2485 μὴ
3394 2416 3528 2486 πρὸς
3562 2416 3694 2488 ἀρε..

2118 2505 2217 2577 τὴν
2249 2505 2342 2559 καὶ
2363 2504 2423 2557 τὸ
2445 2503 2648 2557 δίκαιον
2679 2503 2889 2574 βλέπων
2912 2522 2928 2569 ;
2961 2504 3026 2556 Ὃ
3051 2504 3105 2556 δὲ
3134 2503 3299 2575 μηδέν
3327 2506 3442 2559 ἐστι
3464 2506 3691 2570 τούτων,

2117 2596 2171 2649 τί
2204 2599 2378 2662 ἐστιν;
2420 2595 2565 2649 Ἀλλ’
2596 2594 2740 2648 ἔοικε
2775 2594 2904 2666 παρ’
2936 2594 3087 2664 ὑμῶν
3122 2595 3183 2648 τὸ
3214 2596 3301 2649 ἀεὶ
3324 2596 3566 2660 ἐνεστὼς
3595 2597 3689 2651 τοῦ

2119 2690 2332 2758 χρόνου,
2362 2688 2668 2757 εἱμαρμένη
2702 2686 2953 2755 λέγεσθαι
2979 2702 2992 2716 ⁸
3025 2686 3173 2757 πάσῃ
3206 2688 3316 2758 γάρ
3347 2690 3554 2760 κινήσει
3577 2690 3690 2742 εἴτε

2119 2778 2379 2849 ποταμῶν
2400 2819 2415 2845 ,
2450 2778 2557 2831 εἴτε
2593 2779 2869 2848 ἀστέρων,
2916 2777 3023 2830 εἴτε
3057 2777 3385 2847 ἀνθρώπων,
3432 2782 3460 2833 ὁ
3499 2781 3691 2853 χρόνος

2122 2870 2661 2942 συμπαρεκτείνεται.
2692 2869 2945 2941 Διαφέρει
2978 2869 3033 2922 δὲ
3056 2869 3204 2924 οὐδὲν
3228 2870 3299 2941 ,ἢ
3336 2871 3487 2925 ὕδατι
3518 2883 3691 2939 προσ-

2122 2962 2430 3033 καθήμενον
2491 2964 2558 3032 τῇ
2636 2961 2844 3031 κινήσει
2879 2958 2973 3014 τοῦ
3014 2960 3279 3030 ῥεύματος
3323 2961 3692 3034 ἀποσημειοῦ-

2123 3052 2244 3105 σθαι
2273 3052 2341 3106 τά
2371 3052 2553 3126 ἀκαρῆ
2591 3051 2677 3105 διὰ
2721 3050 2821 3105 τοῦ
2863 3052 2950 3105 ἀεὶ
2991 3052 3283 3117 ἐνεστῶτος
3332 3054 3521 3125 χρόνου
3554 3056 3693 3126 τμή-

2045 3168 2088 3226 C
2125 3157 2291 3211 ματα,
2322 3141 2355 3210 ἢ
2394 3138 2529 3202 νεὼς
2556 3139 2621 3192 δι’
2660 3140 2860 3209 ἀνέμου
2905 3140 3295 3211 κομιζομένης,
3324 3141 3357 3211 ἤ
3389 3141 3693 3213 ἀνθρώπων

2123 3230 2541 3301 ὁδοιπορούντων
2564 3271 2580 3295 ,
2622 3231 2655 3302 ἢ
2698 3231 3029 3302 κινουμένων
3059 3232 3291 3307 ἀστρων.
3323 3228 3418 3296 Εἷς
3456 3234 3562 3305 γὰρ
3593 3236 3691 3289 sui.

2120 3324 2339 3377 πάντων
2363 3322 2471 3375 τῶν
2499 3322 2875 3392 μεταϐατικῶς
2905 3322 3237 3391 κινουμένων
3256 3325 3378 3394 ὄρος
3399 3327 3689 3397 κινήσεως,

2123 3414 2157 3484 ἢ
2186 3414 2292 3467 ἀπὸ
2320 3412 2414 3466 τοῦ
2449 3415 2504 3468 ἐν
2536 3406 2580 3480 ᾧ
2610 3414 2773 3478 ἐστιν,
2806 3413 2837 3483 ἢ
2867 3412 2958 3465 ἐπὶ⁸
2981 3412 3043 3465 τὸ
3068 3414 3128 3466 ἐν
3228 3414 3326 3467 οὑκ
3356 3415 3490 3481 ἐστι,
3519 3418 3686 3485 μετά-

2126 3520 2332 3567 στασις.
2362 3505 2422 3556 Εἰ
2445 3504 2500 3556 δὲ
2530 3502 2652 3556 οὔτε
2693 3506 2725 3574 ἡ
2758 3506 2868 3557 τῶν
2906 3504 3135 3575 ῥείθρων
3162 3506 3302 3577 φορά
3321 3546 3334 3570 ,
3362 3506 3485 3560 οὔτε
3514 3510 3545 3579 ή
3576 3508 3697 3563 τῶν

2125 3596 2323 3648 πλοίων
2352 3596 2563 3666 κίνησις
2586 3634 2599 3658 ,
2633 3593 2753 3648 οὔτε
2784 3598 2816 3664 ἡ
2868 3595 2976 3648 τῶν
3016 3595 3315 3667 ἀνθρώπων
3358 3598 3551 3669 πορεία
3590 3617 3691 3669 ση-

2128 3686 2417 3759 μειουμένη
2470 3685 2562 3739 τοῦ
2595 3685 2801 3758 ’χρόνου
2846 3686 2913 3740 τά
2949 3670 3291 3761 διαστήματα
3351 3688 3692 3761 εἱμαρμένας

2124 3782 2285 3844 ποιεῖ,
2314 3779 2431 3841 πῶς
2461 3779 2528 3831 τά
2565 3778 2787 3849 χρονικὰ
2821 3782 3023 3849 σημεῖα
3060 3781 3155 3849 τῆς
3199 3781 3308 3834 τῶν
3336 3782 3577 3852 ἀστέρων
3605 3800 3692 3835 κι-

2124 3872 2329 3939 νήσεως
2368 3871 2447 3932 είς
2492 3870 2831 3941 εἱμαρμένης
2859 3872 3071 3939 γένεσιν
3103 3871 3389 3938 πλάσσετε,
3424 3874 3515 3927 καί
3549 3891 3691 3941 φατε

2123 3965 2276 4035 τήνδε
2301 3966 2399 4034 τὴν
2423 3962 2590 4034 ὥραν,
2620 3965 2652 4035 ἢ
2680 3967 2777 4035 τῆς
2809 3965 2956 4037 ὥρας
2986 3967 3047 4019 τὸ
3072 3966 3527 4038 πολλοστημόριον
3548 3969 3689 4039 ὅπερ

2124 4056 2258 4126 τῷδε
2314 4055 2389 4126 τῷ
2434 4055 2643 4126 σημείῳ
2688 4057 2785 4127 τῆς
2829 4058 2935 4110 τῶν
2985 4057 3197 4126 ἄστρων
3251 4060 3515 4128 κινήσεως
3558 4060 3690 4130 ἐση-

2127 4140 2329 4219 μειώθη
2354 4187 2369 4211 ,
2401 4146 2735 4217 εἱμαρμένην
2773 4147 3012 4215 γίνεσθαι
3038 4164 3053 4213 ;
3090 4147 3154 4200 Τί
3186 4143 3278 4202 οὖν
3309 4150 3427 4224 οὐχὶ
3470 4150 3689 4213 πάντως

2124 4240 2286 4293 παντὶ
2313 4237 2519 4308 σημείῳ
2570 4239 2662 4291 καὶ
2691 4238 2747 4289 αί
2778 4237 3019 4307 γενέσεις
3064 4235 3171 4292 τῶν
3212 4235 3511 4309 ἀνθρώπων
3550 4254 3691 4306 συμ-

2125 4331 2373 4401 φέρονται
2396 4344 2409 4393 ;
2438 4328 2605 4381 Πάλιν
2637 4328 2744 4399 γὰρ
2769 4328 2858 4381 τὸν
2886 4325 3044 4381 αὑτὸν
3070 4326 3485 4397 ἐπαναλήψομαι
3507 4325 3687 4392 λόγον.

2122 4420 2261 4490 Παρ’
2289 4414 2363 4474 ὧν
2394 4418 2501 4489 γὰρ
2532 4420 2564 4490 ή
2605 4419 2751 4472 αἰτία
2788 4417 2881 4471 τοῦ
2929 4412 2989 4470 εὖ
3028 4416 3060 4488 ἢ
3095 4416 3279 4481 κακῶς
3312 4412 3447 4471 εἶναι
3476 4416 3567 4472 τὸν
3595 4416 3689 4470 ἄν·

453 4504 789 4560 sectionibus
848 4504 1111 4574 temporis
1174 4506 1381 4558 minute
1442 4505 1708 4569 concisa,
1772 4508 2015 4563 nondum

2126 4512 2340 4583 θρωπον
2361 4552 2375 4574 ,
2404 4510 2553 4581 παρά
2600 4510 2706 4562 τῶν
2739 4509 2915 4562 αὐτῶν
2949 4508 3043 4562 καὶ
3086 4510 3119 4578 ή
3151 4507 3246 4561 τοῦ
3284 4503 3421 4561 εἶναι
3470 4507 3689 4573 πάντως

454 4594 665 4648 ratione
707 4593 962 4663 colligere
1003 4595 1174 4662 potui.
1226 4589 1427 4649 Moveri
1463 4605 1610 4649 astra
1660 4596 1862 4663 dicitis,
1918 4614 2017 4655 nos

454 4702 670 4757 quoque
700 4686 940 4741 vicissim
973 4685 1255 4741 ﬂuminum
1308 4698 1512 4742 motum
1554 4688 1921 4759 proferimus;
1962 4700 2018 4744 at

456 4778 548 4832 illa
566 4794 798 4848 semper,
825 4778 939 4833 haec
963 4778 1148 4833 itidem
1168 4789 1454 4849 perpetuo,
1478 4790 1531 4833 at
1554 4782 1645 4834 illa
1667 4782 1720 4835 in
1750 4790 2013 4852 tempore,

454 4882 630 4936 neque
666 4867 779 4921 haac
807 4875 960 4921 extra
990 4876 1240 4937 tempus;
1274 4877 1329 4945 at
1355 4868 1410 4922 in
1440 4868 1548 4924 illis
1594 4882 1774 4926 motus
1802 4873 2015 4926 initium

455 4958 699 5014 invenire
746 4975 855 5014 non
907 4975 1232 5031 possumus;
1260 4976 1436 5030 neque
1473 4961 1528 5016 in
1576 4961 1681 5017 his.
1709 4962 1813 5016 Par
1838 4964 2018 5034 itaque

454 5058 538 5104 est
567 5052 782 5107 illorum
831 5062 886 5108 et
933 5053 1128 5107 horum
1174 5053 1471 5124 eademque
1521 5056 1677 5112 ratio.
1739 5055 1851 5111 Nec
1890 5073 2018 5113 vero

455 5145 787 5198 contrarium
821 5152 1025 5198 motum
1056 5143 1325 5213 quispiam
1358 5144 1443 5200 his
1478 5147 1859 5219 assignaverit,
1890 5163 2014 5202 cum

452 5249 593 5304 aqua
623 5236 945 5290 naturaliter
982 5251 1197 5304 semper
1233 5250 1263 5290 ε
1294 5237 1574 5304 superiore
1612 5239 1731 5293 loco
1777 5239 1832 5293 in
1879 5239 2016 5295 infe-

452 5328 652 5380 riorem
702 5327 918 5383 deﬂuat.
953 5326 1082 5394 Qua:
1119 5343 1241 5381 cum
1297 5328 1373 5383 ita
1427 5330 1559 5393 sint,
1610 5339 1702 5384 aut
1729 5330 2013 5385 ﬂuminum

454 5433 669 5486 quoque
703 5428 902 5472 motum
937 5418 1045 5472 fata
1077 5417 1325 5489 quazdam
1364 5420 1527 5476 edere
1575 5421 1878 5485 concedite,
1920 5429 2013 5474 aut

453 5525 627 5576 neque
660 5524 758 5563 nos
788 5526 905 5563 eam
942 5512 1049 5563 vim
1083 5516 1357 5565 astrorum
1406 5510 1575 5565 motui
1625 5511 2009 5566 concedemus.

454 5603 521 5654 At
544 5614 605 5653 ea
636 5600 718 5653 vis
748 5608 853 5665 est,
879 5603 1055 5671 inquit
1088 5602 1199 5667 ille,
1232 5603 1455 5669 Arietis,
1479 5603 1645 5657 Tauri
1684 5612 1739 5657 et
1767 5603 2011 5672 cujusvis

453 5694 700 5762 planctzc,
739 5702 794 5745 ut
824 5693 871 5746 si
900 5694 1023 5763 quis
1050 5694 1153 5748 sub
1185 5695 1370 5765 aliquo
1404 5711 1473 5751 ex
1499 5694 1565 5750 iis
1595 5702 1871 5756 nascatur,
1897 5695 2012 5749 sive

453 5785 668 5859 aliquod
704 5789 993 5844 erraticum
1023 5787 1182 5847 sidus
1220 5791 1417 5861 solum,
1450 5793 1565 5848 sive
1612 5805 1735 5846 cum
1784 5790 1906 5846 aliis
1954 5790 2008 5845 in

2124 4603 2273 4657 αἰτία
2302 4603 2478 4655 ἐστίν’
2517 4604 2565 4654 εί
2594 4597 2685 4655 οὖν
2733 4602 2791 4653 τὸ
2824 4600 2959 4672 μετὰ
2997 4599 3093 4671 τὴν
3133 4600 3342 4668 γένεσιν
3387 4602 3515 4673 παρ’
3547 4599 3688 4653 ὲκεί-

2123 4713 2228 4750 νων
2254 4736 2268 4760 ,
2304 4696 2517 4757 πάντως
2551 4694 2701 4765 παρά
2722 4692 2832 4745 τῶν
2872 4693 3046 4746 αὐτῶν
3084 4693 3176 4746 καὶ
3208 4693 3241 4762 ἡ
3270 4690 3512 4760 γένεσις·
3555 4693 3601 4743 εί
3625 4689 3688 4745 δὲ·

2122 4789 2276 4843 τοῦτο
2305 4788 2402 4840 οὐκ
2435 4788 2493 4838 ἐν
2526 4785 2785 4849 ἐκείνοις,
2829 4785 3042 4847 πάντως
3085 4784 3203 4838 οὐδὲ
3241 4784 3302 4836 τὸ
3333 4783 3469 4854 μετά
3507 4783 3678 4837 τοῦτο.

2136 4880 2295 4934 Ἀλλά
2336 4877 2440 4948 μὴν
2472 4876 2533 4930 τὸ
2573 4878 2647 4948 μὴ
2686 4878 2744 4929 ἐν
2778 4877 3001 4939 ἐκείνοις
3044 4872 3180 4928 εἷναι
3214 4876 3312 4946 τὴν
3344 4875 3589 4944 γένεσιν,
3622 4874 3686 4928 ἐκ

2121 4971 2309 5025 τούτου
2335 4969 2491 5039 δῆλόν
2526 4970 2672 5022 ἐστιν
2693 4983 2707 4997 ⁸
2742 4969 2807 5021 ἐκ
2851 4967 2945 5021 τοῦ
2984 4967 3056 5038 μὴ
3085 4967 3444 5030 ἀδιαλείπτως
3467 5007 3485 5033 ,
3517 4983 3685 5019 ποταο

2125 5062 2226 5131 μοῦ
2259 5061 2413 5129 δίκην
2435 5100 2450 5124 ,
2478 5059 2556 5129 τῷ
2613 5061 2823 5128 συνεχεί
2873 5057 2973 5128 τῆς
3025 5057 3322 5128 παροδικῆς
3350 5057 3445 5111 τοῦ
3468 5096 3471 5097 ν
3495 5057 3691 5128 χρόνου

2123 5151 2253 5222 ροῆς
2276 5192 2289 5213 ,
2318 5152 2412 5203 καὶ
2446 5150 2545 5213 τάς
2576 5148 2920 5220 ἀνθρωπίνας
2948 5148 3193 5218 συρῤέειν
3216 5148 3325 5202 τῶν
3353 5149 3685 5217 τικτομένων

2088 5278 2091 5283 -
2120 5244 2359 5312 γενέσεις
2380 5283 2395 5307 ,
2426 5242 2539 5296 ἀλλ’
2569 5244 2626 5296 ἐν
2650 5241 2998 5311 διαλείμμασι
3034 5241 3130 5311 μὲν
3154 5237 3293 5294 εἶναι
3316 5242 3440 5304 τοὺς
3471 5241 3683 5304 τόκους·

2119 5337 2216 5406 τῆς
2250 5335 2306 5388 δὲ
2341 5334 2450 5389 τῶν
2486 5334 2686 5405 μοιρῶν
2715 5334 2938 5386 ἐκείνων
2978 5333 3241 5399 γενέσεως
3262 5374 3277 5399 ,
3309 5332 3375 5396 ἃς
3427 5332 3455 5384 ὁ
3497 5332 3686 5402 χρόνος

2121 5427 2257 5498 ῥέων
2284 5426 2362 5495 τῷ
2383 5427 2674 5497 ἀεικινήτῳ
2705 5427 2804 5495 τῆς
2833 5422 2940 5477 τῶν
2960 5425 3171 5493 ἄστρων
3207 5421 3687 5494 φορᾶςέξεργάζεο

2118 5534 2206 5569 ται
2233 5533 2247 5547 ⁶
2281 5517 2386 5569 οὐδ’
2414 5516 2589 5569 ὁτιοῦν
2626 5516 2741 5568 ἔστι
2773 5514 3067 5585 διάλειμμα
3093 5513 3217 5567 οὔτε
3262 5516 3380 5569 κατ’
3410 5504 3683 5585 αἴσθησιν.

2120 5608 2243 5661 οὔτε
2271 5609 2585 5679 τῇ’διανοίᾳ
2627 5608 2829 5663 λαϐεῖν.
2865 5607 2959 5670 Τίς
2988 5602 3079 5660 οὖν
3119 5608 3298 5677 ἐκείνη
3353 5606 3682 5677 εἱμαρμένη,

2117 5702 2211 5753 εἴτ’
2239 5695 2331 5753 οὖν
2368 5700 2464 5770 μία
2502 5700 2855 5771 γενικωτέρα,
2896 5697 2995 5751 εἴτ’
3029 5693 3122 5752 οὖν
3151 5699 3342 5753 πολλαὶ
3374 5700 3430 5753 αί
3456 5699 3548 5751 ἐπὶ
3572 5701 3685 5760 τοῖς

2116 5791 2208 5845 τοῦ
2253 5792 2442 5863 χρόνου
2470 5794 2717 5863 τμήμασι
2761 5791 3423 5863 συλλεπτυνόμεναι,οὔπω
3452 5788 3685 5845 καταλαρ
