3978 6490
269 332 347 389 161
1218 378 1221 379 ν
1558 325 1798 382 CONTR.

1900 323 2153 382 FATUM.

3361 330 3461 385 {62

262 449 361 503 δεῖν
386 448 449 501 δι’
476 444 763 500 ἀκολούθου
789 444 933 509 τινὸς
961 446 989 497 6
1023 444 1179 514 λόγος
1199 445 1798 516 δεδύνηται.’Κινεῖσθαι

1909 446 2040 499 orbe
2064 447 2499 508 eirenmferatur.
2533 446 2643 501 vita
2675 446 2820 502 illius
2845 445 2937 516 qui
2965 446 3018 499 in
3054 461 3170 500 eam
3212 446 3464 502 inciderit

261 542 319 595 τὰ
345 541 508 607 ἄστρα
540 537 705 607 φατές
735 539 846 591 Καὶ
885 537 995 609 γὰρ
1044 539 1136 591 καὶ¹
1178 539 1339 607 ἡμεῖς
1371 538 1470 607 τὴν
1501 538 1607 591 τῶν
1635 556 1801 591 ποτα*

262 628 363 698 μῶν
382 626 839 697 ἀντιπροφέρομεν
870 627 1101 697 κίνησιν.
1138 626 1300 679 Ἀ’λλά
1326 626 1412 680 διά
1444 628 1640 688 παντὸς
1664 629 1803 680 ἐκεῖ-

198 788 201 791 ν
259 737 343 777 να,
370 717 473 771 Καὶ
521 716 689 770 ταῦτα
736 718 1000 781 ὡσαύτως
1037 717 1103 770 δι’
1126 710 1289 772 ¹ὅλου.
1343 719 1478 770 Ἀλλ’
1512 720 1692 772 ἐκεῖνα
1744 722 1801 773 ἐν

258 811 439 879 χρόνῳ;
472 808 603 862 Οὐδὲ
628 808 801 862 ταῦτα
828 810 932 875 ἔξω
968 808 1059 862 τοῦ
1099 809 1311 880 χρόνου.
1353 808 1510 862 Ἀλλὰ
1544 812 1800 881 χρονικὴν

253 904 339 956 οὐκ
362 902 501 953 ἔστιν
528 903 615 954 ἐπ’
648 901 871 954 ἐκείνων
904 902 1077 971 ἀρχὴν
1106 902 1345 972 ἐξευρεῖν
1370 903 1466 971 τῆς
1498 904 1796 974 κινήσεωςς

255 996 399 1049 Ποίαν
425 995 481 1046 δὲ
508 994 716 1057 τούτοις
746 995 1052 1065 ἐπινοήσεις
1081 995 1179 1064 τὴν
1219 994 1325 1048 ἀπὸ
1356 994 1559 1065 χρόνων
1591 996 1796 1065 ἀρχὴν;

263 1087 381 1139 Ἀλλ’
412 1089 591 1138 ἐκεῖνα
616 1087 757 1139 κατὰ
780 1086 848 1139 τά
876 1086 1012 1139 αὐτὰ
1039 1087 1132 1139 καὶ
1153 1086 1412 1150 ὡσαύτως
1436 1088 1521 1139 ἀεὶ
1547 1092 1795 1154 κινεῖται;

252 1180 365 1232 υύδὲ
410 1179 616 1242 τούτοις
657 1179 722 1232 ἄν
751 1197 833 1242 τις
863 1182 960 1251 τὴν
998 1181 1242 1232 ἐναντίαν
1293 1181 1799 1250 προσμαρτυρήσειε

251 1271 459 1341 κίνησιν,
490 1271 737 1340 φυσικῶς
764 1272 850 1324 ἀεὶ
876 1270 965 1323 τοῦ
995 1270 1180 1332 ὓδατος
1212 1271 1319 1322 ἀπὸ
1345 1270 1436 1322 τοῦ
1465 1269 1798 1341 ὑπερκειμέ-

250 1379 325 1413 νου
370 1361 504 1432 πρὸς
537 1362 598 1414 τὸ
640 1362 845 1432 πρανὲς
872 1359 1282 1431 καταρρέοντος.
1319 1360 1481 1413 Ὥστε
1509 1361 1540 1429 ἢ
1572 1360 1665 1413 καὶ
1700 1359 1804 1430 τὴν,

252 1451 437 1521 κίνησιν
476 1451 586 1502 τῶν
638 1450 897 1518 ποταμῶν
936 1448 1273 1520 εῑμαρμένας
1316 1449 1465 1512 τινὰς
1500 1451 1799 1519 ἀπογεννᾷν

251 1542 618 1612 συγχωρήσατε
642 1582 656 1603 ,
688 1542 721 1611 ἢ
766 1541 887 1594 ούδέ
910 1544 1071 1612 ἡμεῖς
1109 1545 1171 1612 τῇ
1216 1541 1322 1594 τῶν
1350 1542 1561 1613 ἄστρων
1590 1543 1798 1612 κινήσει

250 1633 330 1701 τῆς
348 1633 627 1701 δυνάμεως
657 1632 859 1701 ταύτης
891 1636 1379 1703 παραχωρήσομεν.
1422 1632 1578 1686 Ἀλλά
1614 1634 1794 1703 τῆσδε,

248 1722 380 1791 φησὶ,
410 1721 507 1790 τῆς
527 1722 812 1791 δυνάμεως,
839 1760 853 1783 ,
883 1723 910 1774 6
936 1720 1102 1791 Κριὸς
1129 1721 1161 1792 ἢ
1189 1724 1216 1774 6
1245 1722 1288 1773 Τ
1292 1720 1477 1793 αὖρος,
1515 1722 1607 1776 καὶ
1635 1722 1796 1791 τῆσδε

247 1811 337 1864 τῶν
362 1811 650 1880 πλανητῶν
677 1811 931 1873 ἓκαστος.’
959 1810 1125 1863 Ὅταν
1154 1807 1245 1863 οὖν
1278 1811 1336 1862 ἐν
1361 1810 1442 1863 ἐνὶ
1468 1810 1669 1863 τούτων
1706 1809 1799 1878 γέ-

246 1918 408 1972 νηται,
446 1902 478 1973 ἢ
518 1903 667 1954 κατά
706 1902 871 1971 μόνας
902 1900 935 1971 ἦ
981 1900 1098 1971 μεθ’
1141 1901 1341 1972 ἐτέρων
1372 1899 1690 1972 περιοδικῶς
1716 1917 1800 1964 τις

245 1992 337 2045 τῶν
366 1992 657 2063 πλανητῶν
689 1992 794 2045 ὑπὸ
824 1991 919 2046 τοῦ
952 1992 1149 2047 κύκλου
1184 1994 1665 2064 περιαγόμενος,ή
1702 1993 1801 2062 τῆς

246 2083 496 2153 δυνάμεως
525 2082 749 2146 σύνοδος
770 2083 916 2137 τόνδε
947 2086 1036 2137 τὸν
1066 2084 1178 2153 βίον
1225 2082 1303 2153 τῷ
1330 2083 1698 2153 συνενεχθέντι
1730 2084 1799 2153 τῇ

247 2176 346 2245 ὥρᾳ
370 2175 538 2246 ταύτῃ
589 2175 730 2228 κατά
770 2175 867 2244 τὴν
917 2177 1132 2243 γένεσιν
1175 2174 1560 2245 άπειργάσατο.
1598 2176 1661 2226 Ὦ
1700 2175 1802 2245 τῆς

250 2266 649 2337 ματαιολογίαςί
697 2265 933 2319 δούλειον
980 2266 1045 2320 ἂν
1082 2266 1251 2329 οὕτως
1282 2269 1429 2336 τύχῃ
1463 2265 1553 2318 τὸν
1587 2265 1800 2335 Ταῦρον

246 2356 423 2422 λέγετε,
458 2356 551 2409 διὰ
578 2356 642 2408 τὸ
668 2356 773 2408 ὑπὸ
805 2356 952 2425 ζυγῷ
976 2356 1036 2409 τὸ
1074 2355 1210 2420 ζῶον
1249 2354 1405 2408 τοῦτο
1431 2352 1763 2424 δαμάζεσθαι
1782 2370 1797 2385 ·

248 2448 324 2500 καὶ
344 2447 691 2517 εὐεργετικὸν
713 2447 803 2499 τὸν
825 2447 1010 2518 Κριὸν,
1034 2447 1119 2500 διὰ
1142 2447 1241 2517 τὴν
1260 2446 1366 2499 τῶν
1382 2446 1584 2517 ἐρίφων
1608 2446 1797 2518 φοράν·

250 2541 295 2591 ἐν
335 2540 407 2591 ἐνὶ
438 2541 494 2592 δὲ
547 2538 760 2591 τούτων
804 2539 1123 2608 γενόμενον,
1176 2539 1209 2610 ἢ
1242 2539 1389 2591 τόνδε
1434 2538 1541 2590 τῶν
1572 2537 1713 2591 κατὰ
1739 2537 1801 2591 τὸ

247 2630 457 2682 ἐναντίον
487 2627 891 2697 ἀνειλουμένων
914 2665 928 2688 ,
959 2626 1101 2679 κατὰ
1147 2626 1246 2695 τὴν
1274 2624 1516 2694 φυσικῶς
1565 2623 1801 2694 ἐνυπάρ-

244 2735 421 2787 χουσαν
444 2716 604 2787 αὐτῷ
625 2716 854 2785 δύναμιν
887 2715 973 2769 διὰ
1008 2717 1106 2786 τῆς
1136 2715 1245 2769 τῶν
1276 2715 1577 2785 ἰδιωμάτων
1612 2716 1800 2785 ἐπιμι-

247 2807 363 2873 ξίας,
385 2808 596 2861 τοιάνδε
624 2807 733 2860 τῶν
755 2807 1085 2876 τικτομένων
1121 2809 1313 2877 μοῖραν
1347 2806 1796 2871 κατασκευάζειν.

245 2898 301 2951 Τί
341 2895 455 2962 ούνς
493 2899 623 2952 εἰπέ
659 2916 783 2968 μοι,
815 2897 956 2951 ἐκὼν
995 2901 1021 2951 ό
1056 2897 1255 2968 ταῦρός
1296 2900 1441 2949 ἐστιν
1475 2890 1797 2964 ύποζύγιος;

250 2997 329 3048 καὶ
365 2990 708 3059 καταθύμιον
735 2989 811 3060 τῷ
856 2990 994 3060 κριῷ
1024 2990 1081 3042 τὸ
1109 2988 1385 3061 κείρεσθαι
1426 2989 1599 3057 λέγεις
1624 3008 1638 3055 ;
1667 2990 1798 3043 Τότε

248 3079 537 3149 βλαπτικὸν⁸
575 3082 673 3134 καὶ
730 3081 1003 3152 ναρκῶδες
1052 3081 1130 3151 τῷ
1179 3082 1268 3135 τὸν
1318 3084 1574 3137 ἀνωτάτω
1645 3099 1798 3154 περι-

1906 538 2119 601 horam,
2176 540 2544 594 intercedente
2586 540 2845 593 virtutum
2906 540 3288 608 conjunctione
3337 556 3462 594 cum

1900 635 2023 682 ortu
2062 630 2392 683 consentiat.
2436 628 2480 683 Ο
2510 628 3012 696 vaniloquentiam!
3060 627 3278 695 inquam
3337 642 3460 696 ego.

1898 723 2139 777 Taurum
2156 718 2291 776 adeo
2308 719 2555 776 servilem
2592 719 2733 774 forte
2772 727 3053 788 propterea
3084 720 3295 782 dicitis,
3334 721 3461 789 quia

1901 811 1955 867 id
1994 815 2192 868 animal
2217 813 2346 883 jugo
2376 811 2647 876 dometur,
2673 811 2910 866 Arietem
2939 819 3128 864 contra
3160 811 3459 866 beneficum

1898 906 2043 973 quod
2068 908 2242 959 lanam
2292 904 2476 959 ferat:
2523 918 2587 957 ac
2627 902 2675 958 si
2724 903 2848 971 quis
2882 902 2984 956 sub
3021 902 3245 954 istorum
3290 902 3461 955 altero

1900 1006 2081 1062 natus,
2115 1006 2209 1052 aut
2240 998 2378 1052 alius
2405 996 2649 1051 vicissim
2691 1010 2722 1050 e
2752 995 2930 1049 medio
2983 994 3228 1047 sublatus
3274 992 3458 1053 fuerit,

1899 1089 2201 1143 connnistis
2235 1086 2661 1157 proprietatibus
2700 1094 2902 1152 certam
2933 1082 3223 1153 quamdam
3257 1090 3459 1136 sortem

1898 1180 2250 1234 nascentibus
2270 1179 2547 1253 obvenire.
2574 1177 2715 1243 Quid
2745 1177 2915 1246 ergo?
2936 1176 3024 1229 dic
3055 1175 3222 1238 mihi,
3252 1186 3463 1243 sponte-

1899 1287 1966 1326 ne
2001 1281 2091 1325 aut
2115 1280 2304 1326 taurus
2338 1272 2439 1325 sub
2465 1270 2609 1340 jugis
2640 1277 2749 1329 est.
2786 1278 2878 1323 aut
2906 1270 3049 1323 aries
3081 1268 3295 1337 gaudet,
3338 1284 3460 1323 cum

1898 1363 2196 1417 tondetur?
2227 1362 2419 1415 Damni
2456 1363 2581 1415 item
2622 1377 2683 1415 ac
2710 1360 2946 1430 torporis
2990 1355 3248 1411 aﬂerendi
3291 1357 3463 1411 facul-

1898 1460 1983 1506 tas
2012 1462 2095 1507 est
2131 1452 2180 1506 ei
2212 1452 2302 1521 qui
2336 1450 2449 1503 obit
2479 1466 2791 1519 supremum
2834 1449 3054 1510 cmlum,
3087 1448 3170 1501 vel
3206 1448 3461 1502 caliditas

1900 1544 2076 1605 Marti,
2112 1544 2190 1597 vel
2238 1543 2413 1597 cuivis
2452 1543 2540 1595 alii
2571 1543 2741 1596 stellae
2775 1541 2977 1595 volenti
3023 1554 3119 1593 sua
3168 1538 3249 1593 vis
3298 1540 3459 1603 inest,

1899 1648 1966 1686 an
1996 1632 2222 1686 invitm?
2255 1631 2311 1685 Si
2338 1632 2556 1700 quidem
2585 1633 2829 1686 volentes
2882 1632 2935 1684 in
2993 1630 3149 1684 malis
3193 1640 3340 1692 sunt,
3398 1646 3464 1686 ac

1897 1723 2203 1777 voluntaria
2240 1723 2468 1777 nocendi
2491 1724 2540 1775 vi
2572 1723 2828 1791 praeditae,
2866 1723 3112 1792 quisquis
3154 1724 3206 1778 id
3241 1725 3460 1786 fatetur,

1902 1816 2078 1886 palam
2116 1815 2358 1870 infelices
2390 1815 2727 1883 pronuntiat,
2772 1816 2913 1886 quod
2957 1814 3232 1869 meliorem
3261 1822 3463 1869 sortem

1901 1908 1956 1961 in
1990 1922 2086 1963 sua
2121 1915 2388 1977 potestate
2423 1922 2546 1960 cum
2581 1914 2820 1969 teneant,
2851 1906 3087 1961 deterior
3118 1907 3249 1974 ipsis
3278 1906 3467 1975 volup-

1901 1999 1997 2052 tati
2046 2000 2138 2054 sit.
2205 1998 2300 2051 Sin
2368 1998 2508 2051 haud
2553 2012 2649 2052 sua
2696 2004 2888 2067 sponte
2944 1997 3079 2051 tales
3119 2005 3246 2052 sunt
3277 1997 3463 2065 quales

1901 2090 2307 2150 existimantur,
2359 2089 2449 2144 sed
2478 2088 2817 2173 \necessario
2875 2089 3011 2143 tales
3059 2088 3245 2158 quales
3308 2087 3466 2142 facta:

1903 2190 2030 2237 sunt
2063 2200 2082 2237 ι
2114 2182 2331 2250 aliquod
2370 2195 2500 2250 ergo
2534 2181 2677 2234 aliud
2709 2180 2959 2249 superius
2983 2180 3148 2233 fatum
3194 2178 3280 2235 his
3324 2194 3463 2249 quo-

1902 2289 2007 2342 que
2038 2280 2289 2327 naturam
2325 2288 2389 2327 ac
2436 2274 2697 2326 virtutum
2752 2272 3108 2342 proprietates
3151 2271 3461 2326 destinavit.

1902 2363 2020 2429 Quo
2057 2364 2134 2427 fit,
2179 2377 2237 2417 nt
2276 2363 2381 2417 alia
2406 2350 2699 2417 sidera'bis
2732 2363 3013 2431 superiora
3039 2360 3326 2431 quarrenda
3357 2361 3466 2414 sint

1905 2471 2008 2508 una
2029 2470 2150 2508 cum
2185 2462 2331 2508 motu
2363 2469 2520 2522 quem
2551 2454 2655 2508 sibi
2694 2440 2995 2517 vindicent,
3035 2467 3266 2522 quorum
3317 2463 3465 2507 certa

1901 2546 2220 2615 conjunctio
2252 2545 2406 2599 fatali
2448 2546 2680 2614 quadam
2734 2544 3085 2608 necessitate,
3128 2551 3220 2595 aut
3253 2553 3464 2617 lanrum

1902 2636 2187 2699 servilem,
2230 2642 2322 2687 aut
2370 2635 2593 2689 arietem
2644 2633 3003 2695 damnosum,
3057 2640 3150 2686 aut
3207 2646 3462 2685 cancrum

1902 2729 2077 2797 capite
2103 2727 2349 2780 mutilum
2381 2725 2642 2791 effecerit,
2679 2734 2771 2778 aut
2812 2725 2857 2779 si
2889 2724 3016 2793 quid
3065 2724 3207 2777 aliud
3244 2725 3307 2776 de
3353 2723 3468 2775 sin-

1902 2820 2043 2889 gulis
2072 2818 2237 2872 astris
2266 2817 2525 2886 sophista:
2559 2824 2850 2886 uagantur.
2892 2817 2970 2870 Ac
3006 2815 3051 2870 si
3095 2830 3154 2870 ea
3200 2829 3318 2883 qua:
3366 2828 3466 2866 no-

1900 2906 1985 2961 bis
2008 2913 2296 2975 apparent,
2332 2905 2661 2961 necessitate
2688 2904 2974 2973 cujusdam
3003 2904 3098 2958 fati
3146 2914 3273 2957 sunt
3314 2903 3467 2971 ejus-

1902 2999 2068 3063 modi,
2103 3006 2250 3053 certe
2279 3000 2441 3053 etiam
2478 2997 2780 3067 superioris
2810 2996 2957 3051 illius
2988 2996 3333 3050 necessitatis
3382 2996 3466 3047 in-

1902 3104 2064 3159 super
2097 3089 2201 3142 alia
2236 3088 2334 3142 tibi
2386 3102 2553 3142 causa
2613 3085 2919 3140 necessaria
2960 3083 3315 3153 excogitanda
3364 3082 3467 3135 erit

244 3140 455 3223 οδεύοντι
486 3171 727 3240 πόλον,ἢ
754 3140 815 3224 τό
842 3140 1041 3243 θερμόν
1071 3140 1149 3242 τῶ
1176 3173 1497 3244 πυρόεντι,ἢ
1531 3174 1675 3245 ἄλλῳ
1694 3140 1798 3228 τίνὶ

1906 3178 2176 3247 ejusmodi
2210 3175 2642 3235 constitutionis,
2676 3184 2727 3227 et
2761 3173 2925 3241 hujus
2971 3172 3099 3235 alia,
3155 3172 3463 3238 iterumque

243 3260 335 3312 τῶν
364 3261 777 3332 θεωρουμένων,
804 3264 836 3332 ἡ
868 3264 1240 3333 ἐνυπάρχουσα
1267 3263 1490 3335 δύναμις
1518 3267 1797 3331 ἑκουσίως,

242 3352 269 3419 ἢ
300 3354 431 3406 κατά
464 3355 525 3407 τὸ
574 3357 831 3408 ἀκούσιον
861 3356 1146 3426 πρόσεστιν
1174 3374 1187 3421 ;
1225 3357 1286 3408 Εἰ
1342 3358 1438 3427 μὲν
1470 3358 1551 3410 ὅτι
1587 3358 1802 3422 ἑκόντες

1907 3271 2047 3323 alius
2086 3269 2212 3332 alia,
2238 3276 2399 3337 atque
2424 3267 2494 3320 ita
2540 3264 2748 3319 inﬁnite
2774 3262 2942 3316 fatum
2969 3262 3086 3324 fati,
3118 3261 3282 3315 sortis
3321 3275 3463 3324 sors,

1907 3360 2250 3415 necessitatis
2290 3358 2589 3413 necessitas
2632 3355 2737 3409 alia
2769 3368 2980 3422 semper
3007 3350 3389 3422 conﬁngenda.

242 3447 290 3500 ἐν
310 3452 489 3511 κακοῖς
516 3452 633 3502 είσι
659 3489 673 3512 ,
706 3434 799 3503 καί
823 3449 1103 3519 βλαπτικοὶ
1135 3452 1198 3503 ἐκ
1228 3452 1595 3522 προαιρέσεως
1631 3452 1882 3521 γίνονται,
1912 3454 2199 3525 δυστυχίαν
2230 3455 2486 3523 ἄντικρυς
2538 3449 2716 3504 αὐτῶν
2758 3450 2785 3501 6
2831 3447 3004 3501 ταῦτα
3066 3446 3238 3514 λέγων
3296 3460 3471 3497 κατα-

241 3536 543 3607 ψηφίζεται,
570 3540 652 3610 τῷ
682 3543 803 3594 κατ’
835 3540 1080 3604 ἐξουσίαν
1106 3542 1288 3604 αὐτοῖς
1311 3543 1672 3613 προκειμένης
1696 3544 1794 3614 τῆς
1830 3546 2135 3615 κρείττονος
2156 3542 2379 3614 λήξεως,
2417 3543 2473 3593 ἐν
2496 3541 2657 3611 ἡδονῇ
2722 3539 2781 3592 τὸ
2814 3539 3130 3607 ἀτιμότερον
3196 3533 3463 3589 τίθεσθαι·

242 3632 281 3683 εί
308 3632 360 3686 δὲ
382 3636 480 3687 οὐκ
509 3637 580 3688 ἐκ
610 3636 977 3710 προαιρέσεως
1004 3636 1206 3689 τούτων
1229 3635 1456 3689 ἕκαστόν
1526 3639 1671 3691 ἐστιν
1730 3637 1865 3710 ὅπερ
1904 3638 2171 3709 νομίζετε,
2195 3636 2311 3691 ἀλλ’
2332 3635 2395 3688 ἔκ
2421 3651 2563 3697 τινος
2592 3633 2835 3702 ἀνάγκης
2863 3630 3096 3699 ἐγένετο,
3124 3627 3231 3698 ἄρα
3258 3643 3342 3689 τις
3371 3626 3466 3678 καὶ

239 3729 426 3793 τούτοις
455 3731 836 3801 ὑπερκειμένη
870 3731 1027 3783 πάλιν
1069 3731 1242 3784 αὐτῶν
1280 3732 1583 3802 εἱμαρμένη
1652 3733 1832 3805 ἐτέρα,
1869 3734 1966 3796 τὰς
2000 3734 2107 3786 τῶν
2132 3731 2342 3801 φύσεών
2379 3749 2437 3784 τε
2472 3730 2566 3783 καὶ
2594 3728 2870 3798 δυνάμεων
2900 3723 3206 3777 ἐπέκλωσεν
3273 3721 3467 3788 ἰδιότη-

240 3835 343 3883 τας.
392 3822 561 3876 Ὥστε
606 3823 785 3892 ζητεῖν
838 3824 1143 3892 ἐπάναγκες
1195 3825 1326 3878 ἄλλα
1377 3826 1550 3897 ἄστρα
1602 3827 1802 3881 τούτων
1838 3828 2129 3897 ὑπέρτερα,
2167 3827 2258 3880 καὶ
2288 3808 2498 3895 κίνησιν
2523 3823 2607 3892 ἐφ’
2638 3821 2844 3876 ἑαυτῶν
2881 3818 3221 3882 ἰδιάζουσαν,
3289 3807 3363 3867 ὧν
3430 3814 3465 3884 ἡ

241 3912 352 3967 ποιά
386 3916 685 3985 συμπλοκὴ
722 3916 863 3969 κατά
900 3934 1020 3969 τινα
1088 3917 1424 3986 εἱμαρμένης
1470 3918 1746 3989 ἀνάγκην,
1792 3920 1825 3991 ἢ
1866 3918 2097 3972 δούλειον
2150 3913 2286 3970 εἶναι
2334 3916 2423 3968 τὸν
2466 3914 2698 3985 ταῦρον,
2747 3911 2780 3982 ἢ
2830 3908 3117 3979 ἐπιζήμιον
3160 3908 3251 3959 τὸν
3311 3904 3465 3975 κριὸν

241 4000 638 4074 ἀπειργάσατο,
668 4006 701 4075 ἢ
733 4005 823 4059 τὸν
864 4008 1121 4074 καρκῖνον
1158 4007 1444 4075 ἀκέφαλον,
1484 4008 1516 4078 ἢ
1557 4010 1609 4061 εἴ
1650 4026 1701 4062 τι
1743 4009 1868 4064 ἄλλο
1904 4009 2029 4081 περὶ
2062 4008 2289 4061 ἑκάστου
2320 4005 2522 4058 τούτων
2549 4005 2597 4056 οί
2620 4003 2776 4074 λῆροι
2801 4000 2910 4053 τῶν
2942 3998 3117 4065 σοφῶν
3140 3997 3462 4063 διέρχονται.

241 4093 334 4150 Καὶ
360 4100 407 4151 εί
444 4099 631 4153 ταῦτα
660 4098 730 4151 τά
770 4098 1066 4169 φαινόμενα
1095 4101 1224 4170 ἡμῖν
1254 4103 1372 4154 κατ’
1402 4102 1645 4171 ἀνάγκην
1672 4101 1816 4167 τινὸς
1854 4101 2188 4173 εἱμαρμένης
2224 4101 2338 4152 ἐστὶ
2402 4097 2644 4160 τοιαῦτα,
2689 4094 2903 4155 πάντως
2933 4092 3027 4145 καὶ
3087 4090 3184 4159 τῆς
3213 4089 3464 4158 ὑπερκει-

246 4193 391 4263 μένης
419 4193 646 4261 ἐκείνης
689 4192 930 4263 ἀνάγκης
968 4194 1157 4263 ἑτέραν
1191 4194 1367 4247 αἰτίαν
1432 4197 1830 4266 ἀναγκαστικὴν
1868 4197 1968 4267 τῆς
1996 4196 2249 4265 τοιαύτης
2293 4193 2674 4253 καταστάσεως
2718 4187 3135 4259 προσεπινοήσει
3188 4185 3217 4237 6
3282 4183 3460 4250 λόγος,

242 4284 477 4354 κάκείνης
512 4284 709 4353 ἄλλην.
737 4283 830 4335 καὶ
857 4283 1015 4338 πάλιν
1042 4284 1207 4355 ἄλλην
1235 4286 1333 4355 τῆς
1359 4286 1556 4357 ἄλλης,
1607 4288 1699 4340 καὶ
1734 4287 1904 4350 οὕτως
1943 4289 2021 4349 εἰς
2051 4287 2273 4359 ἄπειρον
2309 4281 2508 4355 προῖὼν
2568 4283 2595 4333 6
2654 4280 2807 4347 λόγος
2833 4318 2847 4340 ,
2914 4273 3145 4345 ούδαμοῦ
3212 4275 3463 4344 στήσεται

239 4380 565 4451 εἱμαρμένην
619 4379 955 4449 εἱμαρμένης
980 4419 994 4441 ,
1051 4380 1143 4432 καὶ
1184 4384 1373 4452 μοῖραν
1423 4382 1615 4455 μοίρας
1641 4423 1655 4447 ,
1707 4384 1799 4437 καὶ
1830 4384 2070 4453 ἀνάγκης
2092 4384 2332 4452 ἀνάγκην
2364 4376 2883 4449 προσαναπλάσσων.

297 4472 477 4525 Ταῦτα
529 4470 595 4522 δέ
639 4485 739 4536 μου
786 4466 1089 4532 διεξιόντος,
1126 4471 1220 4522 καὶ
1256 4470 1341 4523 διὰ
1384 4472 1491 4523 τῶν
1543 4472 1796 4525 τοιούτων

1972 4470 2067 4526 His
2106 4487 2135 4524 a
2202 4485 2285 4524 me
2329 4470 2399 4521 ita
2452 4465 2778 4536 disputatis,
2845 4460 3202 4531 philosOpbus
3240 4460 3461 4527 quicum

239 4563 509 4632 νοημάτων
563 4559 705 4630 πρὸς
749 4558 809 4610 τὸ
856 4554 1052 4611 ἄτοπον
1097 4560 1187 4612 τὸν
1231 4560 1387 4628 λόγον
1431 4562 1797 4628 ἐκδάλλοντος,

218 4652 488 4725 ⁴ἐπικόιζμακς
524 4650 736 4722 μεταξὺ
764 4650 849 4703 διὰ
890 4653 1203 4721 καταφορᾶς
1235 4646 1490 4723 προῖόντα
1532 4654 1622 4708 τὸν
1646 4656 1800 4723 λόγον

240 4741 809 4813 όπροσδιαλεγόμενός
860 4759 947 4811 μοι
983 4742 1284 4811 φιλόσοφος,
1320 4744 1383 4795 Τί
1430 4745 1599 4816 μάχῃ,
1645 4747 1798 4816 φησὶ,

239 4836 293 4903 τῇ
318 4833 571 4904 ἐνεργείᾳ
596 4848 611 4895 ;
639 4832 692 4883 τί
719 4830 775 4883 δέ
798 4830 893 4899 οὐχ
918 4830 1025 4902 ἕπῃ
1053 4832 1165 4892 τοῖς
1189 4831 1273 4883 διὰ
1298 4832 1401 4885 τῶν
1425 4832 1672 4903 ἀριθμῶν
1700 4850 1801 4885 πα-

243 4930 633 4999 ρατετηρηκόσι
694 4928 790 4997 τὴν
833 4926 939 4978 τῶν
981 4925 1116 4979 ὅλων
1148 4924 1417 4993 ἀλήθειαν,
1447 4920 1527 4988 οἷς
1565 4928 1618 4979 εί
1666 4927 1801 4997 πρὸς

238 5019 508 5090 ἀκρίϐειαν
536 5023 570 5090 ἡ
606 5019 725 5087 ὥρα
743 5016 970 5088 ληφθείη
1003 5016 1104 5086 τῆς
1129 5016 1221 5069 τοῦ
1255 5017 1653 5087 ἀποκυηθέντος
1679 5034 1799 5085 γεν-

239 5113 448 5181 νήσεως,
479 5112 664 5162 πᾶσαν
689 5110 755 5162 δι’
787 5107 1074 5162 ἀκολούθου
1107 5106 1203 5178 τὴν
1230 5105 1373 5178 ζωὴν
1401 5107 1491 5161 τοῦ
1520 5108 1801 5177 τεχθέντος

238 5202 659 5273 προαγορεύουσι
680 5219 693 5232 ’
718 5200 809 5253 τὸν
841 5200 1050 5271 χρόνον,
1075 5199 1164 5251 τὸν
1191 5199 1408 5270 τρόπον,
1436 5198 1501 5251 τά
1524 5199 1630 5251 τῶν
1650 5197 1797 5268 ἠθῶν

240 5294 510 5364 ἰδιώματα.
547 5293 646 5355 τάς
688 5291 1022 5355 κινδυνώδεις
1069 5293 1429 5360 περιστάσεις,
1461 5292 1671 5360 γάμους
1704 5291 1798 5342 καὶ

235 5386 568 5448 παιδοποιίας
600 5386 693 5437 καὶ
735 5383 1059 5453 ἀξιωμάτων
1091 5383 1447 5453 ἐπιτυχίας,ῆ
1483 5383 1575 5435 καὶ
1605 5382 1664 5434 τὸ
1697 5382 1795 5451 ἐμ-

236 5476 399 5539 παλιν,
440 5477 704 5539 ἀπαιδίας
746 5476 842 5528 καὶ
876 5474 1081 5537 νόσους,
1121 5474 1215 5526 καὶ
1253 5473 1493 5543 ἀτιμίας,
1528 5474 1622 5525 καὶ
1665 5472 1796 5542 βρα-

236 5568 427 5637 χύτητα
462 5568 580 5638 βίου
598 5610 613 5633 ,
646 5568 740 5622 καὶ
764 5566 832 5618 τὰ
857 5567 919 5619 ἐκ
947 5565 1135 5627 πενίας
1166 5564 1343 5628 κακὰς
1372 5564 1587 5616 Τούτων
1616 5560 1706 5617 οὖν
1730 5565 1796 5616 δι’

236 5658 511 5727 ἀκριϐείας
540 5656 1053 5731 προσημανθέντων,
1082 5655 1175 5709 καὶ
1203 5658 1268 5726 τῇ
1300 5654 1521 5707 ἐκϐάσει
1541 5654 1640 5723 τῆς
1665 5654 1796 5726 ἀληο

241 5746 375 5813 θείας
418 5750 891 5823 μαρτυρηθείσης·
942 5747 1027 5811 τίς
1062 5746 1138 5800 ἔτι
1186 5763 1264 5800 σοι
1298 5746 1451 5815 λόγος
1492 5746 1635 5801 ἐστὶν
1667 5748 1795 5800 ἀπι-

1900 4561 2242 4630 disputabam
2278 4557 2590 4626 hnjusmodi
2632 4554 2939 4607 rationibus
2973 4552 3024 4605 in
3057 4566 3152 4606 eas
3185 4550 3462 4620 angustias

1900 4656 2173 4714 redactus,
2200 4651 2462 4705 orationis
2490 4648 2706 4717 longius
2729 4655 2998 4713 provectm
3032 4644 3177 4697 filum
3204 4643 3256 4695 in
3281 4642 3461 4696 medio

1899 4745 2109 4808 incidit,
2143 4751 2196 4796 et
2222 4741 2399 4807 'Quid,
2439 4741 2635 4809 inquit,
2668 4752 2876 4808 pugnas
2924 4750 3046 4790 cum
3085 4735 3176 4788 vi?
3224 4750 3321 4787 cur
3352 4748 3456 4786 non

1899 4835 2143 4905 sequeris
2189 4848 2302 4896 eos,
2361 4831 2452 4901 qui
2493 4844 2673 4885 rerum
2728 4830 3009 4882 veritatem
3068 4840 3164 4894 per
3203 4836 3457 4877 numeros

1899 4927 2308 4995 indagaverunt,
2351 4937 2415 4976 ac
2463 4929 2705 4990 tempore
2734 4928 2988 4972 accurate
3034 4915 3249 4985 cognito
3289 4920 3456 4965 totam

1898 5020 2153 5087 deinceps
2204 5016 2479 5071 nascentis
2532 5015 2695 5067 vitam
2748 5011 3333 5081 priedicunt,:etatem,
3374 5005 3459 5057 in.

1898 5109 2134 5180 genium,
2170 5104 2641 5175 mores,pericula,
2677 5117 2858 5164 casus,
2893 5099 3164 5168 conjugia,
3202 5109 3455 5164 procreao

1901 5202 2074 5255 tiones
2125 5201 2438 5265 liberorum,
2482 5198 2739 5257 honores,
2794 5200 2887 5246 aut
2935 5199 3123 5245 contra
3164 5188 3455 5241 liberorum

1898 5292 2207 5352 orbitatem,
2256 5293 2495 5353 morbos,
2541 5286 2890 5358 ignominias,
2943 5283 3068 5337 vita:
3114 5279 3457 5337 brevitatem,

1898 5384 2240 5439 incommoda
2276 5381 2656 5455 paupertatis?
2690 5380 2823 5445 Quae
2864 5391 2985 5431 cum
3029 5381 3279 5428 accurate
3324 5384 3460 5440 pra:-

1899 5473 2292 5541 signiﬁccntur,
2340 5480 2675 5540 eventusque
2725 5469 2793 5522 sit
2820 5465 2977 5521 testis
3018 5463 3305 5518 veritatis:
3337 5474 3459 5530 quae

1900 5565 1993 5619 tibi
2027 5564 2235 5633 reliqua
2269 5569 2352 5616 est
2382 5563 2543 5625 ratio,
2577 5558 2927 5631 quamobrem
2956 5554 3049 5609 fati
3079 5552 3456 5609 necessitatem

1898 5673 2018 5714 esse
2045 5671 2153 5710 non
2189 5653 2421 5709 credas?
2444 5654 2580 5705 Tum
2615 5665 2716 5720 ego
2747 5648 3014 5719 ejusmodi
3046 5645 3457 5717 praedictionum

1899 5762 2091 5805 causas
2119 5761 2205 5802 me
2230 5745 2393 5817 paulo
2430 5749 2548 5814 post
2590 5742 2879 5799 allaturum
2913 5740 3222 5811 pollicitus;
3246 5736 3454 5808 rogavi,
