3978 6500
484 318 586 373 165

1686 313 1739 367 S.
1776 312 2099 368 GREGORH
2135 312 2426 370 NYSSENI

3613 316 3718 371 ίϐι

485 448 612 488 num
654 430 1024 500 hujuscemodi
1064 440 1356 485 eventuum
1408 444 1574 483 causa
1624 428 1845 483 fortuita
1880 436 2044 493 esset,

2153 429 2363 483 στοῦντι
2404 433 2470 501 τῇ
2515 430 2615 498 τῆς
2664 426 3001 501 εἱμαρμένης
3049 429 3298 503 ἀνάγκης
3343 429 3483 499 Ἐγὼ
3522 430 3580 484 δὲ
3608 432 3720 484 τῶν

483 538 659 593 neque
691 537 812 575 cum
844 530 991 575 certa
1035 521 1243 575 ratione
1266 521 1585 589 conjuncta,
1637 535 1703 572 au
1734 535 1863 574 vero
1893 520 2051 573 simul

483 614 645 667 etiam
678 612 941 666 rationem
995 612 1232 680 aliquam
1282 610 1638 673 invenissent,
1671 619 1726 663 ut
1766 620 2054 664 consenta-

485 719 642 759 neum
674 711 816 758 esset
848 704 962 757 ﬁeri
995 718 1114 772 quae
1148 702 1355 758 ﬁerent.
1401 701 1513 755 lmo
1545 717 1695 766 vero,
1731 702 1927 771 inquit,
1966 717 2055 755 ra~

485 798 628 850 tione
664 796 909 848 nituntur
956 810 1074 863 quae
1107 794 1260 859 ﬁunt,
1306 794 1432 863 quia
1462 808 1585 848 cum
1621 810 1687 848 ex
1725 802 1875 848 certo
1906 793 2052 848 side-

484 903 698 942 rearnm
730 887 1051 957 qualitatum
1078 902 1349 941 concursu
1372 894 1576 939 certam
1609 886 2049 939 constitutionem

486 979 761 1035 nascentis
824 994 1024 1047 corpus
1088 977 1192 1032 sibi
1241 977 1512 1040 vindicet,
1570 978 1661 1046 qui
1740 986 2047 1031 accuratam

487 1070 791 1124 caelestium
846 1084 1028 1123 rerum
1094 1068 1458 1138 cognitionem
1522 1067 1702 1132 habet,
1774 1066 2049 1122 nascentis

487 1161 929 1215 constitutionem
966 1162 1276 1227 prtenoscft,
1331 1172 1541 1211 necnon
1583 1156 1820 1227 quandiu
1873 1158 2051 1211 vivere

486 1253 678 1321 possit,
720 1251 924 1304 diutius
958 1249 1175 1318 quidem
1210 1248 1254 1303 si
1287 1249 1492 1302 ﬁrmior
1527 1249 1597 1302 sit
1641 1248 1885 1317 corporis
1914 1262 2046 1302 con—

486 1342 716 1403 stitutio,
754 1357 858 1393 non
900 1340 1052 1402 item,
1100 1341 1145 1393 si
1185 1340 1469 1393 inlirmior.
1524 1338 1616 1393 His
1661 1339 1821 1394 dictis
1865 1339 2046 1402 arrisi,

483 1442 556 1497 et,
606 1434 942 1495 Nesciebam,
992 1433 1238 1502 inquam,
1277 1432 1383 1485 fata
1416 1433 1512 1485 tibi
1544 1432 1730 1487 Galeni
1761 1442 1814 1486 et
1849 1432 2048 1502 Hippo-

484 1525 649 1580 cratis
679 1540 742 1578 ac
781 1524 1038 1577 similium
1086 1533 1365 1592 parentum
1395 1523 1621 1593 pignora
1657 1523 1863 1587 videri;
1911 1540 2047 1592 quo-

483 1616 628 1669 niam
666 1615 740 1669 illi
767 1630 1004 1683 quoque,
1026 1615 1189 1667 missa
1222 1614 1458 1667 siderum
1496 1614 1751 1677 motione,
1782 1623 2043 1683 quantum

483 1705 625 1761 facta
675 1722 738 1761 ex
797 1707 1076 1774 proposito
1132 1720 1362 1773 corpore
1421 1704 1734 1772 conjectura
1783 1707 2042 1776 consequi

484 1804 752 1867 poterant,
814 1794 992 1848 futura
1054 1795 1492 1863 praenuntiabant
1542 1815 1554 1849 :
1617 1804 1676 1848 ut
1736 1812 1858 1850 cum
1916 1807 2045 1851 sunt

482 1888 621 1941 oculi
679 1887 815 1947 cavi,
865 1894 1106 1954 tempora
1140 1893 1439 1951 contracta,
1496 1884 1644 1940 frons
1696 1887 1948 1941 indurata
1993 1896 2045 1942 et

482 1982 566 2033 vix
596 1979 718 2049 pelli
749 1978 1144 2039 adhaerescens,
1167 1986 1394 2030 mortem
1420 1977 1738 2045 praedicunt.
1773 1982 1837 2032 At
1861 1978 2045 2032 multis

483 2080 660 2124 tamen
690 2070 848 2139 aegris
897 2084 959 2122 ac
992 2076 1218 2122 mortem
1246 2068 1468 2137 jamjam
1507 2069 1874 2125 imminentem
1908 2087 2045 2140 pra:-

482 2159 830 2223 stolantibns,
873 2173 960 2213 ars
1016 2158 1221 2213 medica
1292 2159 1518 2227 hujusce
1586 2160 1678 2214 fati
1749 2162 1833 2214 ﬁla
1890 2163 2044 2230 quasi

487 2250 719 2304 retexuit
766 2264 827 2301 ac
873 2250 1188 2302 retractavit
1223 2266 1235 2301 :
1270 2250 1726 2318 quemadmodum
1782 2251 1934 2306 Plato
1980 2254 2047 2308 de

483 2340 776 2409 paadotriba
830 2338 1095 2394 Herodico
1161 2341 1420 2409 scriptum
1470 2342 1720 2410 reliquit,
1772 2360 2044 2413 nunquam

485 2432 634 2485 illum
666 2429 881 2499 quidem
927 2431 1263 2500 gymnastico
1301 2432 1564 2487 exercitio
1602 2436 1864 2504 integram
1900 2436 2045 2490 sani-

483 2533 648 2575 tatem
715 2536 1033 2590 recuperare
1092 2523 1364 2589 potuisse,
1418 2525 1561 2592 quod
1624 2526 1846 2579 morbus
1901 2534 2046 2581 esset

484 2614 681 2676 letalis,
719 2628 931 2681 semper
975 2622 1155 2666 tamen
1197 2624 1517 2682 pnesentem
1553 2626 1779 2672 mortem
1826 2618 2045 2672 solertia

483 2722 582 2761 sua
616 2704 968 2775 protraxisse,
1004 2719 1179 2773 neque
1232 2705 1521 2773 perfecisse
1563 2716 1621 2760 ut
1665 2723 1856 2762 secure
1901 2710 2048 2764 vive-

482 2806 586 2861 ret,
645 2796 737 2851 sed
794 2803 849 2847 ut
903 2795 1111 2849 tardius
1170 2807 1493 2861 moreretur,
1554 2785 1618 2851 ac
1674 2799 1814 2852 lenta
1874 2806 2046 2853 morte

481 2904 655 2957 neque
692 2887 758 2941 ad
792 2895 1124 2941 senectutem
1170 2887 1507 2954 perduraret,
1557 2889 1648 2942 illo
1684 2891 1923 2944 remedio
1954 2905 2043 2944 sa-

484 2981 697 3053 pienter
726 2981 965 3034 invento.
1001 2979 1153 3045 Quod
1191 2989 1511 3050 argumento
1553 2991 1635 3036 est
1668 2999 1771 3036 non
1814 2984 2045 3037 indisso-

2152 522 2404 575 τοιούτων
2429 521 2782 590 προρρήσεων
2812 518 2909 582 τὰς
2941 520 3118 580 αἰτίας
3148 517 3341 589 μικρὸν
3370 518 3594 589 ὕστερον
3634 520 3717 571 εί-

2151 613 2268 666 πὼν
2314 614 2585 684 ζητήσειν,
2641 613 2892 682 ἠρόμην·
2944 612 3168 679 πότερον
3218 612 3409 679 ἄλογός
3456 613 3573 665 ἐστι
3624 612 3720 664 καὶ

2153 703 2443 774 συντυχικὴ
2472 702 2578 755 τῶν
2624 702 2879 755 τοιούτων
2928 702 3207 755 ὲκὸάσεων
3248 704 3280 773 ὴ
3321 703 3500 766 αἰτία,
3534 703 3569 774 ἥ
3598 720 3719 757 τινα

2152 797 2245 851 καὶ
2281 796 2435 864 λόγον
2463 797 2528 865 τῇ
2574 796 2948 864 παρατηρήσει
2985 792 3154 864 ταύτῃ
3185 793 3717 865 συνεφευρίσκουσιν,

2150 885 2224 948 ὼς
2257 886 2329 956 μὴ
2372 885 2475 948 ἔξω
2513 882 2605 936 τοῦ
2649 883 2853 946 εἰκότος
2892 882 3140 950 γενέσθαι
3185 880 3246 934 τὸ
3276 881 3573 950 γινόμενον.
3608 882 3719 935 Καὶ

2154 978 2296 1047 μάλα
2327 978 2423 1048 μέν
2450 994 2552 1037 τοι,
2577 976 2727 1044 φησὶ,
2751 976 2844 1028 καὶ
2872 974 3026 1041 λόγος
3046 974 3232 1027 ἔπεστι
3257 977 3367 1037 τοῖς
3389 974 3711 1043 γινομένοις.

2152 1067 2316 1119 Ὅταν
2344 1067 2450 1138 γὰρ
2481 1069 2543 1118 ἐκ
2572 1067 2668 1134 τῆς
2700 1065 2858 1126 ποιᾶς
2894 1063 3001 1116 τῶν
3031 1064 3170 1117 κατά
3197 1063 3265 1116 τά
3296 1065 3468 1133 ἄστρα
3495 1065 3715 1133 ποιοτή-

2148 1174 2255 1210 των
2288 1155 2661 1227 συμπτώσεως
2693 1155 2869 1208 τοιάδε
2919 1157 3112 1226 κρᾶσις
3142 1153 3389 1224 σώματος
3421 1155 3499 1224 τῷ
3538 1170 3717 1208 τικτοο

2153 1248 2297 1319 μένῳ
2329 1250 2517 1317 συστῇ,
2549 1248 2577 1298 ὁ
2622 1244 2959 1315 κατειληφὼς
3000 1246 3068 1299 δι’
3095 1244 3377 1314 ἀκριϐείας
3406 1244 3514 1298 τῶν
3555 1246 3718 1317 οὐρα-

2148 1338 2274 1390 νίων
2318 1337 2415 1409 τὴν
2475 1337 2726 1407 θεωρίαν,
2773 1338 2865 1390 καὶ
2912 1337 2971 1390 τὸ
3018 1336 3373 1407 συστήσεσθαι
3419 1338 3577 1407 τήνδε
3615 1337 3716 1408 τὴν

2148 1430 2341 1499 κρᾶσιν
2374 1430 2499 1497 περὶ
2537 1429 2628 1481 τὸν
2667 1428 2924 1498 τεχθέντα
2956 1428 3376 1498 προκατεγόησε,
3407 1428 3500 1481 καὶ
3533 1429 3595 1481 τὸ
3619 1428 3712 1481 δύ-

2147 1522 2337 1574 νασθαι
2370 1521 2528 1591 μέχρι
2552 1520 2705 1573 τοῦδε
2732 1520 2825 1572 τοῦ
2859 1520 3059 1589 μέτρου
3090 1520 3188 1589 τὴν
3218 1518 3360 1590 ζωὴν
3384 1520 3676 1592 ἐξαρκέσαι
3697 1538 3711 1551 ·

2148 1610 2390 1673 πλείονος
2419 1610 2537 1679 μὲν,
2573 1610 2662 1663 ἐπὶ
2695 1610 2793 1679 τῆς
2828 1609 3324 1680 ἐρρωμενεστέρας,
3355 1609 3631 1673 ἐλάττονος
3655 1609 3716 1662 δὲ

2146 1703 2328 1761 πάλιν,
2364 1703 2453 1754 ἐπὶ
2480 1703 2577 1770 τῆς
2617 1701 3012 1770 νοσωδεστέρας
3047 1701 3139 1753 τοῦ
3171 1700 3416 1770 σώματος
3442 1701 3711 1772 κράσεως.

2075 1766 2118 1823 Β
2158 1793 2296 1862 Ἐγὼ
2328 1794 2381 1846 δὲ
2410 1766 2794 1863 τοῖς-ῥηθεῖσιν
2828 1766 3175 1859 ἐπιγελάσας,
3211 1766 3513 1864 Ἑλελήθεις
3544 1796 3713 1864 ἡμᾶς,

2148 1886 2281 1956 πρὸς
2309 1885 2466 1938 αὑτὸν
2490 1880 2658 1947 εἷπον,
2688 1882 2924 1950 Γαληνοῦ
2953 1883 3048 1937 καὶ
3079 1883 3464 1954 Ἱπποκράτους
3487 1886 3579 1938 καὶ
3602 1883 3714 1938 τῶν

2145 1977 2400 2028 τοιούτων
2448 1976 2699 2042 ἐγγόνους
2731 1969 2869 2027 εἶναι
2921 1973 3018 2036 τὰς
3066 1974 3405 2045 είμαρμένας
3451 1974 3711 2039 δοξάζων.

2160 2068 2311 2121 Ἐπεὶ
2344 2067 2582 2119 κάκεῖνοι
2612 2065 2822 2135 χαίρειν
2862 2063 3088 2132 ἀφέντες
3119 2063 3216 2134 τὴν
3243 2063 3349 2117 τῶν
3386 2064 3598 2135 ἄστρων
3625 2066 3713 2117 κί-

2146 2172 2319 2223 νησιν,
2369 2157 2431 2207 ἐκ
2475 2153 2569 2208 τοῦ
2619 2155 2978 2224 ὑποκειμένου
3019 2156 3384 2223 στοχαστικῶς
3428 2154 3488 2207 τὸ
3523 2155 3714 2225 μέλλον

2146 2246 2618 2317 προαγορεύουσιν.
2655 2247 2821 2299 Ὅταν
2853 2246 3118 2315 ὀφθαλμοὶ
3143 2246 3310 2299 κοῖλοι
3329 2247 3421 2299 καὶ
3450 2248 3712 2318 κρόταφοι

2147 2337 2624 2408 συμπεπτωκότες,
2660 2338 2751 2391 καὶ
2793 2336 2860 2390 τά
2906 2336 3128 2406 μέτωπα
3168 2337 3597 2408 περιεσκληκότα
3634 2339 3714 2409 τῷ

2145 2430 2389 2500 δέρματι,
2423 2429 2512 2483 τὸν
2534 2429 2758 2482 θάνατον
2789 2427 3160 2500 προμηνύωσι.
3191 2428 3407 2492 Πολλοῖς
3432 2430 3509 2492 δὲ,
3540 2426 3714 2495 εἶπον,

2144 2522 2532 2591 νοσωδέστερον
2574 2521 2929 2591 διακειμένοις
2958 2520 3025 2574 τὰ
3072 2519 3313 2590 σώματα,
3340 2522 3434 2576 καὶ
3463 2524 3587 2576 ὅσον
3620 2525 3713 2576 ού·-

2144 2613 2289 2666 δέπω
2320 2612 2784 2684 προσδοκωμένοις
2824 2612 3192 2682 τεθνήξεσθαι,
3220 2613 3355 2683 πρὸς
3379 2613 3438 2666 τὸ
3479 2614 3713 2683 ἔμπαλιν

2145 2705 2203 2770 ἐξ
2240 2704 2828 2774 ἰατρικῆςάνεκλώσθη
2859 2708 2955 2776 τῆς
2982 2704 3235 2775 τοιαύτης
3277 2705 3611 2776 εἱμαρμένης
3639 2706 3710 2759 τά

2145 2797 2360 2867 νήματα
2387 2811 2399 2825 ⁸
2438 2792 2548 2851 οἷον
2587 2796 2650 2868 δὴ
2695 2797 2788 2850 καὶ
2826 2797 2913 2849 τὸν
2961 2797 3308 2869 παιδοτρίϐην
3350 2797 3639 2868 Ἡρώδικον
3683 2799 3713 2851 ὁ

2145 2888 2430 2952 Πλάτωνος
2459 2888 2708 2959 ἱστόρησε
2757 2888 2932 2957 λόγος,
2972 2890 3052 2942 ὅτι
3077 2889 3164 2942 διὰ
3195 2890 3569 2959 γυμναστικῆς
3610 2892 3712 2960 ἐμ-

2146 2977 2381 3047 πειρίας,
2435 2979 2514 3040 είς
2560 2977 2793 3047 παντελῆ
2831 2978 2927 3047 μὲν
2968 2977 3171 3046 ὑγείαν,
3219 2980 3559 3033 ἐπιθανατίου
3615 2980 3713 3034 τοῦ

481 3074 647 3128 lubile
678 3088 799 3127 esse
840 3072 932 3125 l'ati
980 3072 1279 3134 vinculum,
1315 3072 1360 3126 si
1401 3072 1616 3141 quidem
1664 3085 1778 3129 arte
1809 3076 2038 3144 quadam

2148 3071 2448 3139 νοσήματος
2484 3068 2650 3133 ὄντος,
2686 3071 3047 3138 ἐπαναγαγεῖν
3078 3074 3137 3122 τὸ
3180 3070 3337 3141 σῶμα
3368 3072 3463 3141 ούχ
3513 3067 3621 3134 οἷός
3651 3087 3714 3125 τε

481 3166 820 3221 dissolvitur.
873 3165 942 3217 At
974 3165 1077 3217 hoe
1113 3172 1515 3233 argumentum,
1551 3166 1725 3235 inquit
1773 3167 1879 3231 ille,
1909 3183 2047 3237 prir-

481 3258 747 3312 dictiones
780 3255 969 3310 fatales
998 3271 1105 3309 non
1148 3255 1414 3320 confutat,
1456 3257 1581 3326 quia
1625 3258 1737 3311 ﬁeri
1785 3266 1961 3328 potest
1992 3268 2047 3311 ut

482 3346 534 3399 id
587 3361 800 3415 quoque
859 3344 1224 3414 prasnuntient
1274 3344 1332 3406 ii,
1372 3345 1462 3413 qui
1520 3347 1794 3401 caelestem
1843 3358 2044 3401 motqu

482 3442 737 3488 accurate
779 3434 1126 3502 contemplati
1166 3442 1315 3496 sunt,
1350 3444 1512 3504 atque
1551 3437 1639 3489 alii
1679 3444 1906 3501 certam,
1953 3437 2043 3490 alii

481 3526 698 3580 dubiant
749 3533 974 3578 mortem
1022 3524 1339 3593 praedicant.
1395 3525 1493 3579 llic
1523 3542 1650 3595 ego,
1680 3527 1795 3581 Non
1823 3533 1930 3589 est,
1961 3528 2045 3580 in-

480 3629 664 3685 quam,
721 3615 814 3677 ita,
865 3614 918 3667 id
968 3614 1111 3683 quod
1170 3632 1234 3670 ex
1270 3615 1385 3684 ipsa
1439 3617 1648 3670 ratione
1701 3618 2045 3671 necessitatis

481 3714 736 3769 constat,
793 3706 897 3759 alia
983 3706 1181 3775 quippe
1251 3714 1333 3761 est
1390 3707 1815 3776 contingentium
1889 3708 2043 3773 ratio,

480 3798 584 3850 alia
670 3796 1124 3862 immutabilium,
1186 3812 1305 3865 qua:
1371 3797 1595 3850 minime
1677 3797 1929 3852 convenit
1989 3796 2044 3849 in

479 3890 882 3959 contingentia,
946 3904 1179 3959 quorum
1249 3889 1566 3941 alterutrum
1636 3890 1859 3942 omnino
1929 3887 2043 3941 ﬁeri

477 3995 701 4035 necesse
766 3990 870 4045 est,
915 3982 989 4033 ita
1039 3991 1216 4034 tamen
1272 3989 1328 4032 ut
1380 3980 1431 4031 in
1483 3987 1771 4047 utramque
1818 3988 2044 4033 eventus

477 4081 684 4141 partem
717 4072 974 4141 opinione
1007 4070 1375 4125 claudicemus
1407 4087 1420 4123 :
1453 4070 1597 4139 quod
1633 4084 1661 4121 a
1701 4070 2044 4124 necessitatis

480 4163 688 4215 ratione
726 4164 1036 4232 longissime
1082 4162 1254 4217 abest.
1293 4160 1675 4217 Verumtamen
1726 4163 1947 4232 quaesivi
1977 4179 2040 4218 ex

476 4269 562 4316 eo,
597 4268 704 4323 quo
732 4254 1079 4307 fundamento
1113 4254 1376 4308 niteretur
1410 4253 1713 4307 futurorum
1752 4263 2039 4309 eventuum

476 4344 792 4414 praedictio?
849 4343 1023 4409 Quod,
1076 4345 1247 4413 inquit
1300 4345 1408 4407 ille,
1463 4344 1660 4413 saepius
1701 4344 1812 4413 jam
1846 4360 1910 4399 ex
1957 4362 2043 4402 me

2147 3156 2214 3230 ἦν
2233 3175 2244 3187 ·
2276 3160 2361 3211 ἀεὶ
2386 3159 2441 3211 δὲ
2476 3160 2565 3213 τὸν
2604 3160 2830 3213 θάνατον
2861 3162 3101 3232 παρόντα
3137 3162 3201 3215 δι’
3228 3163 3465 3225 ἐπινοίας
3491 3164 3716 3234 ὑπερτι-

2148 3253 2388 3324 θέμενος,
2420 3254 2539 3322 οὐχὶ
2571 3253 2715 3321 ζωῆς
2747 3253 3065 3321 ἀσφάλειαν,
3098 3254 3231 3308 άλλά
3264 3254 3489 3309 θανάτου
3528 3256 3711 3327 παρά-

2146 3361 2297 3397 τασιν
2316 3343 2491 3414 ἐαυτῷ
2514 3345 2943 3413 παρεσκεύαζεν.
2972 3346 3131 3397 Ὅθεν
3156 3344 3248 3397 καὶ
3271 3348 3349 3408 είς
3368 3346 3541 3416 γῆρας
3559 3346 3714 3416 διήρ-

2148 3451 2293 3495 κεσε,
2331 3433 2525 3503 μακρῷ
2559 3432 2771 3503 Θανάτῳ
2812 3433 2873 3485 τὸ
2906 3434 2978 3503 μὴ
3010 3434 3296 3486 ἀποθανεῖν
3332 3435 3708 3505 σοφισάμενος.

2147 3526 2350 3579 Οὐκοῦν
2378 3526 2496 3579 οὐδὲ
2543 3526 2681 3579 κατὰ
2715 3525 2900 3579 τοῦτον
2931 3525 3023 3577 τὸν
3053 3524 3208 3593 λόγον
3236 3526 3480 3598 ἀρραγὴς
3519 3527 3644 3597 ὑμῖν
3674 3529 3711 3598 ἡ

2146 3618 2450 3689 εἱμαρμένη
2507 3617 3016 3687 καταλαμϐάνεται,
3072 3619 3228 3687 εἴπερ
3276 3617 3582 3687 εὑρίσκεταί
3625 3635 3714 3681 τις

2144 3710 2303 3780 τέχνη
2342 3708 2437 3779 τὴν
2480 3709 2723 3779 ἀνάγκην
2762 3708 3044 3763 ἐκλύουσα.
3090 3710 3228 3761 Ἀλλ’
3266 3710 3437 3772 οὐδὲν,
3463 3711 3646 3779 φησιν,
3681 3712 3712 3763 ὁ

2143 3801 2378 3863 τοιοῦτος
2404 3801 2559 3868 λόγος
2587 3800 2682 3871 τὴν
2723 3802 2787 3853 ἐκ
2818 3799 2923 3852 τῶν
2967 3802 3320 3872 προρρήσεων
3351 3801 3476 3871 περὶ
3501 3801 3599 3869 τῆς
3631 3802 3712 3853 ει-

2149 3894 2427 3964 μαρμένης
2450 3891 2718 3957 ἀπόδειξιν
2746 3893 2978 3946 ἀναλύει.
3006 3892 3236 3945 Δυνατὺν
3267 3892 3372 3964 γὰρ
3402 3892 3469 3945 ἂν
3500 3892 3711 3958 γένοιτο

2144 3984 2237 4035 καὶ
2265 3982 2421 4035 τοῦτο
2450 3982 2860 4053 προμηνυθῆναι
2887 3983 3037 4052 παρά
3076 3981 3170 4033 τοῦ
3197 3980 3262 4033 δι’
3290 3978 3570 4051 ἀκριϐείας
3604 3981 3708 4032 ἐπ-

2144 4072 2481 4142 εσκεμμένου
2508 4071 2613 4126 τῶν
2633 4072 2896 4143 οὐρανίων
2929 4071 3024 4143 τὴν
3048 4072 3258 4142 κίνησιν
3284 4087 3297 4098 ·
3333 4069 3472 4123 ὥστε
3504 4068 3579 4140 τῷ
3609 4070 3710 4141 μὲν

2143 4163 2443 4232 ἀραρότως,
2472 4161 2550 4232 τῷ
2579 4162 2635 4215 δὲ
2672 4161 2969 4232 ἀμφίϐολον
2997 4159 3403 4232 προμηνυθῆναι
3432 4160 3519 4212 τὸν
3542 4159 3707 4214 θάνα-

2142 4272 2251 4307 τον.
2285 4250 2426 4320 Ἐγὼ
2440 4250 2516 4317 δὲ,
2539 4251 2649 4322 Οὐχ
2674 4252 2835 4319 ὖτως,
2862 4249 3035 4319 εἶπον,
3069 4256 3097 4306 ό
3119 4254 3214 4323 τῆς
3235 4253 3478 4323 ἀνάγκης
3504 4250 3707 4321 διισχυ-

2145 4346 2351 4416 ρίζεται
2381 4345 2536 4413 λόγος
2556 4362 2567 4373 ·
2599 4346 2755 4409 ἄλλος
2792 4346 2901 4415 γὰρ
2929 4345 3020 4399 τοῦ
3059 4346 3401 4415 ἐνδεχομένου
3448 4345 3704 4413 ὁπότερον

477 4436 697 4498 audisti,
729 4436 795 4490 de
826 4451 889 4489 eo
913 4436 1205 4491 etiamnum
1239 4436 1614 4504 percontaris?
1644 4435 1783 4489 Sunt
1811 4436 2036 4491 virtutes

2144 4436 2204 4489 ἂν
2237 4436 2373 4509 τύχῃ
2396 4435 2663 4504 γενέσθαι,
2692 4438 2784 4489 καὶ
2810 4437 2967 4500 ἀλλος
2997 4436 3090 4489 τοῦ
3114 4436 3444 4507 ἀμεταθέτου
3467 4438 3495 4488 ὁ
3524 4435 3701 4502 λόγος,

476 4532 720 4601 quaedam
748 4528 985 4583 siderum
1017 4528 1270 4597 pr0priae,
1290 4542 1409 4596 quae
1434 4543 1532 4597 pro
1567 4527 1789 4582 inﬁnitis
1813 4527 2041 4583 diversis

479 4620 953 4689 conjunctionibus
978 4632 1007 4671 a
1044 4628 1297 4689 perpetua
1331 4621 1567 4673 motione
1596 4619 2042 4688 provenientibus

478 4712 716 4766 inﬁnitas
787 4726 988 4780 easque
1060 4709 1303 4764 diversas
1361 4711 1665 4779 producunt
1734 4709 2038 4763 facultates.

478 4805 665 4872 Qualis
699 4804 862 4873 igitur
911 4810 995 4859 est
1025 4818 1122 4871 per
1159 4802 1211 4857 id
1258 4811 1468 4871 tempus
1507 4812 1774 4858 astrorum
1824 4801 2043 4856 eonlor-

479 4897 666 4962 matio,
719 4911 782 4949 ac
810 4894 892 4950 vis
940 4897 1105 4957 horae,
1141 4895 1196 4948 in
1231 4910 1391 4964 quam
1426 4895 1688 4964 cujusque
1734 4902 1886 4947 ortus
1932 4893 2041 4947 for-

474 4988 611 5042 tuito
655 4987 923 5050 inciderit,
955 4986 1115 5041 talem
1149 4985 1268 5054 ejus
1291 4986 1455 5039 vitam
1510 4985 1625 5041 fore
1678 5000 1901 5041 necesse
1935 4994 2037 5046 est,

474 5095 650 5148 neque
679 5079 835 5133 aliter
872 5093 929 5133 se
956 5093 1046 5133 res
1085 5078 1265 5133 habet.
1296 5076 1458 5144 Quid,
1495 5078 1733 5147 inquam,
1765 5076 2040 5131 calamita-

475 5180 558 5227 tes
591 5172 815 5233 bellicae,
851 5179 1009 5224 terras
1041 5177 1243 5231 motus,
1292 5169 1507 5223 urbium
1543 5169 1734 5229 ruinae,
1778 5167 2041 5220 maxima-

474 5277 594 5318 rum
630 5261 914 5331 naufragia
968 5263 1365 5321 onerariarum,
1422 5260 1826 5317 inundationes,
1875 5256 2037 5311 delia.

476 5354 775 5425 grationes,
808 5354 987 5407 hiatus
1024 5362 1198 5412 teme.
1231 5352 1442 5419 aliaque
1487 5349 1858 5419 hujuscemodi
1889 5350 2036 5401 exitii

475 5445 715 5515 genera?
765 5445 857 5513 qui
914 5443 1016 5498 ista
1071 5457 1193 5496 cum
1258 5440 1606 5509 prmdictione
1664 5440 2041 5495 consentient?

474 5548 636 5602 quam
682 5533 847 5585 multa
873 5540 1084 5596 nostra,
1111 5544 1272 5599 quam
1305 5528 1472 5582 multa
1511 5537 1724 5597 patrum
1779 5530 2038 5581 memoria

475 5624 841 5690 contigerunt,
879 5632 934 5675 ut
964 5622 1225 5674 diluvium
1256 5627 1414 5673 aetate
1447 5617 1581 5682 Noe,
1618 5619 1831 5673 exnstio
1863 5618 2036 5671 Sodo-

476 5730 710 5778 morum,
730 5711 1010 5769 snﬁ‘ocatio
1033 5710 1271 5782 Egyptii
1303 5712 1576 5765 exercitus
1604 5711 1656 5765 in
1675 5709 1811 5765 mari
1826 5706 2032 5776 Rubro,

2140 4527 2198 4579 ὃν
2228 4528 2325 4580 οὐκ
2373 4528 2514 4580 ἔστιν
2567 4527 2658 4580 ἐπὶ
2710 4527 2817 4581 τῶν
2869 4528 3228 4598 ἐνδεχομένων
3265 4528 3475 4581 λαϐεῖν·
3526 4528 3637 4582 ἀλλ’
3664 4528 3700 4597 ἦ

2139 4618 2295 4672 τοῦτο
2347 4620 2579 4681 πάντως,
2617 4618 2649 4689 ἢ
2689 4620 2748 4672 τὺ
2786 4619 3000 4689 ἕτερον’
3030 4620 3089 4672 τὸ
3115 4620 3171 4673 δὲ
3207 4619 3339 4689 πρὸς
3389 4619 3703 4690 ἀμφοτέρας

2138 4712 2236 4773 τὰς
2282 4710 2535 4773 ἐκϐάσεις
2579 4715 2697 4773 ταῖς
2740 4712 2949 4764 ἐλπίσιν
2982 4711 3477 4783 ἐπικραδαίνεσθαι,
3511 4712 3702 4783 πόρῤω

2138 4800 2245 4853 τῶν
2268 4802 2366 4872 τῆς
2397 4802 2639 4872 ἀνάγκης
2664 4802 2836 4870 λόγων
2870 4803 2983 4855 ἐστί
3007 4819 3021 4833 ·
3048 4804 3188 4874 πλὴν
3217 4802 3371 4857 τοῦτό
3403 4820 3541 4873 φημι
3564 4802 3702 4871 πρὸς

2139 4894 2319 4958 αὑτὸν,
2355 4893 2519 4947 Πόθεν
2564 4895 2733 4948 οἴεται
2779 4895 2837 4948 τὸ
2876 4896 3061 4949 πιστὴν
3097 4896 3239 4967 ἔχειν
3282 4895 3391 4948 τῶν
3425 4895 3699 4965 ἀποϐησο-

2143 4987 2317 5057 μένων
2363 4986 2459 5055 τὴν
2504 4987 2836 5058 πρόῤῥησιν;
2884 4988 2942 5040 '0
2988 4987 3081 5050 δὲ,
3118 4988 3400 5054 Πολλάκις,
3435 4987 3586 5057 φησι,
3619 4987 3702 5039 δι-

2138 5078 2366 5142 εξιόντος
2383 5078 2638 5142 ἀκούσας,
2660 5078 2740 5131 ἔτι
2761 5078 2855 5131 καὶ
2877 5079 2971 5132 νῦν
2992 5080 3116 5149 περὶ
3139 5078 3247 5131 τῶν
3274 5080 3451 5132 αὐτῶν
3470 5080 3695 5149 ἐρωτᾷς,

2137 5170 2219 5221 ὅτι
2245 5169 2387 5231 τινές
2418 5171 2553 5221 εἰσιν
2589 5168 2881 5234 ἰδιάζουσαι
2918 5168 3169 5238 δυνάμεις
3209 5168 3315 5220 τῶν
3354 5169 3566 5239 ἄστρων
3593 5185 3607 5199 ο
3633 5169 3699 5220 τὸ

2138 5261 2194 5313 δὲ
2226 5260 2527 5330 ἀεικίνητον
2548 5264 2647 5333 τῆς
2669 5263 2859 5331 φορᾶς,
2899 5261 3095 5332 μυρίας
3123 5261 3185 5312 ἐκ
3213 5261 3309 5329 τῆς
3337 5262 3492 5322 ποιᾶς
3520 5259 3697 5313 αὐτῶν

2140 5350 2473 5421 συμπλοκῆς,
2508 5352 2606 5415 τὰς
2630 5351 2736 5405 τῶν
2767 5352 3044 5419 δυνάμεων
3072 5350 3329 5420 διαφορὰς
3374 5349 3697 5421 ὲργάζεταις

2150 5441 2206 5493 '0
2228 5442 2402 5493 τοίνυν
2427 5441 2724 5512 παραχθεὶς
2754 5441 2844 5493 ἐπὶ
2872 5441 2962 5492 τὸν
2986 5440 3097 5509 βίον
3119 5439 3203 5492 διὰ
3228 5439 3488 5506 γενέσεως
3511 5479 3526 5498 ,
3559 5438 3699 5491 κατά

2135 5532 2235 5602 τὴν
2264 5531 2646 5602 συμπεσοῦσαν
2685 5529 2831 5600 αὐτῷ
2867 5530 2959 5582 τοῦ
2998 5531 3189 5601 χρόνου
3220 5532 3430 5601 μοῖραν.
3460 5528 3556 5599 τὴν
3595 5529 3704 5583 ὑπὸ

2138 5622 2247 5676 τῶν
2296 5624 2512 5693 ἄστρων
2562 5622 2781 5675 τοιῶσδε
2836 5621 3290 5691 σχηματισθεῖσαν
3342 5619 3699 5683 ἐντυπωθεὶς,

2140 5713 2282 5783 ἅπερ
2330 5712 2393 5766 ἂν
2422 5714 2455 5783 ὴ
2487 5712 2711 5783 δύναμις
2740 5712 2835 5784 τῆς
2861 5711 3008 5783 ὧρας
3055 5712 3267 5784 ἐκείνης
3309 5712 3503 5782 ἔχουσα
3533 5728 3705 5766 κατι-
