3978 6512
284 330 364 384 165

1570 327 1839 382 CONTRA
1890 330 2143 386 FATUM.

3368 335 3470 388 166

278 442 445 511 ληφθῇ,
475 439 632 492 ταῦτα
680 440 771 492 καὶ
809 441 934 511 περὶ
968 440 1057 492 τὸν
1098 439 1211 510 βίον
1244 441 1361 493 κατ’
1396 440 1637 511 ἀνάγκην
1668 442 1798 506 ἕξει,
1834 484 1839 506 γ

1942 455 2192 498 onsecuta
2246 444 2667 514 alienigenarum
2704 443 2972 513 jugulatio
3000 450 3053 498 et
3082 442 3277 505 caules,
3316 456 3473 497 nasu-

279 536 353 586 καὶ
381 533 538 593 ἄλλως
581 532 676 584 οὐκ
708 532 842 601 ἔχει.
874 530 939 583 Τί
974 526 1086 593 οὖν,
1119 526 1292 593 εἷπον,
1317 532 1373 584 αἱ
1402 532 1540 585 κατὰ
1576 533 1805 603 πόλεμον

277 626 537 693 συμφοραὶ,
563 623 653 675 καὶ
677 622 727 675 οί
784 625 1019 692 σεισμοὶ,
1060 623 1152 676 καὶ
1180 621 1288 675 τῶν
1318 623 1523 675 πόλεων
1552 625 1607 675 αἱ
1637 641 1805 675 κατα-

276 714 495 777 πτὼσεις,
524 714 613 767 καὶ
638 714 706 766 τὰ
751 712 1022 783 αὕτανδρα
1058 714 1164 766 τῶν
1199 713 1543 784 μυριοιρόρων
1571 713 1807 767 ὁλκάδων

274 804 494 871 ναυάγια,
524 803 849 865 ἐπικλύσεις,
886 804 980 856 καὶ
1009 802 1371 874 ἐκπυρώσεις,
1406 803 1497 855 καὶ
1535 804 1807 873 χάσματα,

273 896 349 948 καὶ
372 898 464 947 ὅσα
490 894 709 947 τοιαῦτα
737 893 1112 963 πανωλεθρίας
1142 892 1256 961 είδη
1280 910 1294 958 ;
1323 892 1445 955 Πῶς
1486 892 1654 944 ταῦτα
1694 893 1808 946 δια-

272 986 410 1039 σώσει
439 986 523 1037 τὸν
554 984 652 1054 τῆς
677 985 1034 1055 προρρήσεως
1063 982 1253 1051 λόγον;
1286 983 1435 1036 Πόσα
1456 984 1513 1035 ἐν
1539 985 1652 1046 τοῖς
1680 1001 1812 1052 προ-

269 1077 439 1145 τέροις,
480 1075 617 1126 πόσα
652 1073 708 1126 δὲ
736 1075 830 1126 καὶ
867 1074 924 1125 ἐν
950 1075 1062 1135 τοῖς
1092 1071 1213 1125 καθ’
1240 1073 1387 1142 ἡμᾶς
1420 1071 1629 1142 χρόνοις
1650 1074 1678 1125 6
1701 1072 1814 1142 βίος

269 1164 409 1230 ἔδειξε
462 1164 636 1233 πάθης
680 1165 771 1217 τὸν
813 1164 906 1217 ἐπὶ
953 1163 1075 1216 Νῶε
1114 1162 1495 1234 κατακλυσμὸν
1522 1203 1536 1225 ,
1571 1165 1663 1216 καὶ
1718 1164 1814 1234 τὴν

270 1256 491 1323 Σοδόμων
522 1255 867 1323 ἐκπύρωσινς
904 1254 937 1325 ἢ
966 1255 1057 1307 τὸν
1093 1253 1386 1322 Αίγύπτιον
1427 1254 1649 1325 στρατὸν
1681 1254 1815 1307 ὐπο-

270 1346 463 1415 δρύχιον
507 1347 566 1396 ἐν
597 1348 662 1415 τῇ
704 1344 942 1417 Ἐρυθρᾷ
989 1345 1233 1417 θαλάσσῃ
1279 1345 1671 1416 γενόμενονςῆ
1717 1346 1816 1410 τὰς

272 1436 389 1504 μετὰ
416 1435 581 1488 ταῦτα
602 1435 712 1488 τῶν
738 1435 1047 1505 ἀλλοφύλων
1075 1437 1309 1506 σφαγὰς,
1334 1437 1433 1499 τὰς
1457 1438 1649 1508 μυρίας
1679 1436 1819 1490 ὲκεί-

271 1540 351 1586 νας
389 1524 821 1594 άνδροκτασίας;
872 1525 905 1593 ἢ
959 1525 1050 1578 τὸν
1096 1525 1397 1592 αὐτόματον
1426 1526 1483 1578 ἐν
1533 1525 1698 1597 ὀλίγῳ
1741 1525 1818 1597 τῷ

270 1614 422 1683 χρόνῳ
466 1612 695 1667 θάνατον
721 1614 814 1667 τοῦ
855 1615 1180 1686 Ἰσραηλίτου
1215 1615 1343 1668 λαοῦ
1371 1617 1428 1669 ἐν
1464 1616 1681 1679 πολλαῖς
1714 1635 1815 1687 μυ-

273 1704 397 1773 ριάσι
439 1704 841 1773 θραυσθέντος;
876 1704 909 1775 ἢ
939 1705 1038 1769 τὰς
1079 1704 1270 1758 ἑκατὸν
1299 1706 1625 1776 ὀγδοήκοντα
1655 1707 1816 1759 πέντε

275 1794 484 1866 χιλιάδας
512 1796 624 1847 τῶν
675 1796 993 1866 Ἀσσυρίων,
1020 1798 1118 1867 μιᾷ
1148 1797 1339 1867 χρόνου
1365 1800 1504 1869 ῥοπῇ
1540 1797 1817 1869 νεκρωθεί.
1850 1779 1889 1834 Β

275 1900 371 1947 σας,
396 1885 499 1936 τῶν
524 1902 583 1936 τε
608 1885 809 1956 ἐφεξῆς
841 1886 1024 1939 κακῶν
1044 1887 1142 1950 τὰς
1177 1888 1437 1958 ἱστορίας,
1462 1890 1519 1941 ἐν
1549 1888 1818 1959 Μηδικαῖς

273 1992 320 2028 τε
356 1976 443 2028 καὶ
480 1975 825 2046 Ἑλληνικαῖς
852 1980 1152 2048 συμφοραῖς
1178 1977 1580 2048 συμπεσούσας,
1610 1981 1667 2034 ἐν
1695 1996 1819 2031 ναυ-

274 2066 469 2135 μαχίαις
499 2084 559 2119 τε
620 2069 717 2120 καὶ
769 2068 1129 2139 πεζομαχίαις
1171 2069 1462 2139 μεγάλαις,
1514 2071 1608 2123 καὶ
1644 2070 1819 2124 πάντα

270 2155 353 2207 ὅσα
377 2155 616 2221 τοιαῦτα,
655 2152 731 2210 ὧν
758 2159 791 2227 ἡ
825 2159 1009 2227 μνήμη
1037 2161 1148 2221 τοῖς
1179 2159 1374 2228 ἐφεξῆς
1402 2158 1715 2222 διδάσκαλος
1738 2160 1822 2227 γί-

271 2262 419 2310 mat;
451 2246 570 2299 Κᾶν
600 2247 778 2301 ταῦτα
812 2248 1170 2318 παρέλθωμεν
1204 2250 1398 2313 πάντα,
1433 2248 1590 2301 ἱκανά
1615 2248 1821 2316 γένοιτο

271 2336 388 2408 πρὸς
410 2338 508 2407 τὴν
534 2337 645 2390 τῶν
700 2337 1003 2409 λεγομένων
1037 2338 1356 2409 μαρτυρίαν,
1388 2339 1482 2391 καὶ
1519 2340 1617 2391 ὅσα
1645 2340 1673 2391 6
1700 2339 1820 2392 καθ’

272 2431 397 2497 ἡμᾶς
428 2429 686 2498 ἱστόρησε
718 2428 851 2499 βίος.
886 2430 980 2492 Τίς
1018 2430 1127 2500 γάρ
1168 2431 1265 2482 οὐκ
1294 2427 1399 2482 οἶδε
1443 2430 1540 2501 τὴν
1584 2430 1823 2501 μεγάλην

270 2521 354 2589 τῆς
382 2522 638 2585 Βιθυνίας
668 2523 998 2593 μητρόπολιν
1018 2526 1136 2585 ταῖς
1162 2522 1468 2591 ἐξεχούσαις
1488 2522 1593 2575 τῶν
1619 2523 1823 2575 πόλεων

272 2610 590 2682 ὲναρίθμιονς
621 2612 709 2674 τίς
757 2613 939 2680 ἀγνοεῖ
968 2613 1065 2682 τὴν
1092 2612 1350 2666 πλατεῖαν
1382 2612 1473 2665 καὶ
1518 2613 1824 2684 εὐρύχωρον

270 2697 488 2771 Θρᾴκην,
512 2701 635 2764 πῶς
657 2700 758 2771 τὴν
784 2702 883 2772 μὲν
906 2704 935 2755 6
956 2703 1208 2773 πόλεμος,
1232 2702 1330 2774 τὴν
1360 2702 1417 2755 δέ
1445 2703 1663 2772 σεισμὸς
1690 2701 1829 2772 μετὰ

273 2792 352 2844 τοῦ
399 2794 566 2864 πυρὸς
606 2798 669 2847 ἐν
709 2797 905 2866 ἀκαρεῖ
950 2795 1043 2848 τοῦ
1090 2796 1280 2866 χρόνου
1335 2795 1501 2867 ἄρδην
1547 2793 1825 2865 ἐξέτριψε;

275 2883 417 2937 Πόσοι
449 2886 644 2949 παῖδες
695 2887 829 2949 ἐκεῖ,
866 2885 1008 2940 πόσα
1050 2888 1248 2957 νήπια;
1284 2888 1333 2939 οἱ
1383 2888 1559 2956 μέσως
1594 2886 1827 2955 ἔχοντες,

275 2976 318 3025 οἱ
336 2976 655 3047 παρήλικες,
684 2977 954 3048 ἐλεύθεροί
980 2995 1034 3030 τε
1057 2979 1149 3031 καὶ
1175 2977 1367 3041 δοῦλοι,
1394 2977 1711 3048 κρατοῦντες
1733 2980 1828 3033 καὶ

1908 534 2036 588 ralis
2078 548 2223 587 mors
2263 533 2538 587 lsraelitici
2576 534 2758 604 populi
2794 535 2847 588 in
2899 534 3109 587 inﬁnita
3155 533 3244 588 illa
3286 536 3473 589 multi-

1909 624 2093 678 tudine
2159 623 2428 690 confecti,
2502 624 2684 679 clades
2743 640 2849 695 qua
2911 635 3128 680 centum
3200 625 3475 695 octoginta

1908 717 2147 786 quinque
2208 716 2375 769 millia
2460 716 2805 787 Assyriorum
2882 725 3152 771 momento
3213 717 3475 786 temporis

1911 806 2207 876 perierunt,
2243 808 2579 861 calamitates
2626 815 2679 862 et
2722 807 2862 860 mala
2902 824 3021 877 quae
3054 808 3244 875 Medis,
3274 807 3475 864 Judazis

1909 906 1963 952 et
2017 897 2222 953 Graecis
2287 898 2620 964 acciderunt,
2686 899 2965 953 atrocibus
3029 909 3170 954 terra
3227 899 3476 969 marique

1913 989 2221 1044 commissis
2273 989 2513 1056 prasliis:
2546 996 2600 1043 et
2647 1003 2983 1058 quacunque
3038 989 3090 1043 id
3151 1004 3321 1059 genus
3374 989 3478 1042 alia

1915 1081 2185 1133 memoria:
2227 1081 2435 1149 prodita
2482 1089 2630 1136 sunt.
2689 1081 2831 1148 Quin
2882 1080 3099 1137 etiamsi
3144 1081 3258 1135 haec
3297 1080 3479 1133 omnia
3557 1088 3569 1097 '

1916 1175 2323 1236 przetereantur,
2358 1170 2492 1225 satis
2525 1171 2691 1225 multa
2735 1171 2898 1239 hujus
2932 1170 3007 1225 rei
3042 1170 3350 1224 testimonia
3386 1183 3482 1223 no-

1916 1255 2001 1310 bis
2048 1257 2418 1327 suppeditant,
2468 1274 2589 1327 quae
2642 1269 2833 1314 nostro
2874 1259 3074 1313 sacculo
3116 1259 3478 1326 contigerunt.

1916 1346 2049 1413 Quis
2077 1350 2219 1402 enim
2276 1350 2449 1403 nescit
2499 1365 2747 1420 magnam
2803 1350 3065 1420 Bithyniae
3116 1349 3483 1417 metropolit‘n,

1917 1453 2080 1492 unam
2110 1454 2177 1493 ex
2211 1441 2783 1508 praestantissimarum
2821 1441 3034 1495 urbium
3067 1454 3294 1493 numero
3316 1481 3330 1505 ,
3362 1438 3487 1507 quis

1918 1531 2081 1584 latam
2113 1545 2176 1583 ac
2210 1530 2502 1597 spatiosam
2549 1533 2760 1601 ignorat
2788 1530 3096 1591 Thraciam,
3127 1530 3270 1583 illam
3302 1532 3488 1584 "terra:—

1919 1632 2068 1675 motu
2122 1636 2184 1675 ac
2239 1621 2380 1691 igne.
2434 1622 2572 1677 hanc
2620 1623 2760 1677 bello
2807 1630 3028 1691 repente
3079 1620 3321 1675 funditus
3365 1635 3488 1674 esse

1921 1710 2212 1766 eversam?
2244 1711 2387 1777 Quot
2421 1712 2493 1765 ibi
2548 1712 2723 1781 pueri,
2771 1719 2902 1781 quot
2950 1709 3207 1773 infantes,
3237 1710 3484 1778 juvenes,

1921 1817 2099 1863 senes.
2162 1803 2317 1856 liberi
2372 1812 2426 1857 et
2474 1804 2635 1865 servi,
2688 1802 2925 1857 victores
2979 1808 3033 1854 et
3087 1801 3235 1862 victi,
3272 1799 3486 1862 divites,

1923 1905 2208 1960 pauperes,
2246 1891 2509 1957 valentes,
2555 1892 2744 1962 aagroti
2779 1891 3013 1960 denique
3058 1906 3247 1945 omnes
3290 1896 3490 1957 puncto

1923 1983 2181 2049 temporis
2235 1983 2589 2039 interierunt?
2624 1982 2825 2038 Omnes
2875 1999 2942 2037 ex
2990 1997 3145 2051 atquo
3195 1983 3493 2048 assumpsit

1924 2074 2083 2144 ignis,
2115 2072 2310 2127 domus
2343 2074 2461 2128 loco
2500 2074 2873 2142 sepulcrorum
2906 2073 3056 2129 fuere
3084 2073 3356 2128 omnibus.
3388 2072 3491 2127 Ubi

1926 2172 2054 2217 sunt
2103 2164 2338 2218 siderum
2404 2163 2842 2232 coniunctiones,
2899 2178 3019 2233 quae
3078 2162 3321 2216 diversas
3369 2161 3493 2215 vita:

1926 2254 2129 2310 formas
2160 2255 2467 2309 hominibus
2508 2254 2856 2325 praefiniunt?
2890 2269 3021 2309 num
3054 2267 3243 2307 omnes
3292 2252 3365 2304 illi
3398 2266 3493 2306 ea-

1928 2347 2047 2402 dem
2104 2355 2373 2400 astrorum
2430 2346 2822 2401 constitutione
2876 2345 2988 2400 nati
3054 2344 3313 2399 fuerunt?
3363 2359 3493 2397 num

1929 2436 2171 2493 omnium
2204 2436 2508 2491 natalitium
2544 2436 2698 2492 sidus
2731 2436 2833 2490 fuit
2869 2436 3101 2498 Cancer,
3134 2436 3496 2503 omnibusque

1930 2542 2048 2582 eam
2083 2536 2284 2582 sortem
2326 2527 2660 2581 destinavit?
2700 2528 2863 2597 Atqui
2899 2527 3211 2593 diversitas,
3246 2542 3379 2594 pene
3412 2524 3497 2578 di-

1931 2635 2051 2675 cam
2102 2620 2333 2681 infinita,
2383 2626 2601 2672 aetatum
2652 2628 2704 2672 et
2739 2618 3008 2671 honorum
3050 2618 3205 2672 testis
3248 2624 3355 2681 est,
3386 2630 3496 2669 non

1932 2725 2125 2766 omnes
2153 2725 2263 2763 uno
2295 2719 2534 2778 tempore
2567 2707 2737 2763 fuisse
2779 2708 3109 2778 progenitos.
3153 2707 3419 2773 Quocirca
3449 2705 3497 2759 si

1933 2803 2147 2857 diverso
2180 2801 2411 2870 quisque
2459 2808 2702 2868 tempore
2737 2810 2917 2865 natus,
2973 2799 3027 2852 in
3075 2814 3257 2868 parem
3294 2797 3497 2851 nihilo-

1935 2890 2117 2946 minus
2146 2890 2507 2944 calamitatem
2544 2890 2806 2944 incurrit:
2839 2904 3020 2943 nonne
3048 2889 3130 2943 vel
3168 2888 3282 2941 haec
3306 2893 3498 2941 eventa

1932 2978 2338 3049 praedictionem
2375 2979 2609 3034 levitatis
2642 2987 2695 3034 et
2730 2979 3108 3033 inconstantiae
3138 2976 3501 3033 convincunt?

275 3065 579 3139 ὑποχείριοι,
621 3068 887 3133 πλούσιοι,
914 3070 1165 3141 πένητες,
1236 3070 1556 3142 ἐρρωμένοι,
1615 3069 2047 3141 νοσηλευόμενοι,
2118 3070 2317 3134 πάντες
2365 3071 2421 3121 ἐν
2467 3071 2565 3141 μιᾷ
2615 3069 2801 3140 καιροῦ
2875 3071 3012 3139 ῥοπῇ
3062 3066 3497 3136 κατεφθάρησαν.

273 3160 468 3222 Πάντας
504 3160 712 3230 ἐπίσης
750 3160 813 3213 τὸ
844 3160 954 3232 πῦρ
981 3160 1217 3232 ἐνεμήθη
1242 3177 1257 3192 ’
1291 3163 1455 3214 πᾶσιν
1486 3164 1533 3214 oi
1563 3158 1698 3216 οἶκοι
1731 3161 1890 3230 τάφοι
1915 3159 2182 3229 ἐγένοντο.
2239 3160 2347 3214 Ποῦ
2373 3162 2427 3214 αἱ
2458 3162 2565 3214 τῶν
2631 3162 2845 3233 ἄστρων
2906 3161 3127 3212 ἐκείνων
3193 3156 3500 3217 διαπλοκαὶ,

270 3254 318 3303 αἱ
351 3253 448 3315 τὰς
472 3254 746 3324 διαφορὰς
772 3252 882 3306 τῶν
909 3253 1036 3322 βίων
1071 3256 1184 3316 τοῖς
1211 3251 1516 3323 ἀνθρώποις
1581 3248 1856 3323 ὁρίζουσαι
1887 3268 1902 3318 ;

1940 3246 2087 3321 τΑρα
2119 3253 2283 3304 πᾶσιν
2328 3250 2554 3313 ἐκείνοις
2596 3249 2692 3321 μία
2731 3249 2836 3302 τῶν
2891 3249 3103 3320 ἄστρων
3143 3246 3355 3309 σύνοδος
3407 3244 3507 3309 τὰς

269 3342 448 3404 ὠδῖνας
495 3343 615 3395 τῶν
642 3343 910 3411 γενέσεων
955 3340 1129 3408 ἔλυσε,
1175 3343 1267 3396 καί
1301 3343 1465 3395 πᾶσιν
1496 3343 1525 3394 6
1562 3342 1832 3410 Καρκῖνος
1871 3340 2202 3411 ὡροσκοπῶν
2225 3341 2323 3411 τὴν
2357 3343 2549 3411 μοῖραν
2583 3339 2846 3401 ἐπέϐαλες
2877 3340 2981 3393 Καὶ
3050 3338 3154 3410 μὴν
3222 3338 3277 3391 αἱ
3317 3336 3508 3407 μυρίαι

271 3435 366 3488 τῶν
394 3437 627 3508 ἡλικιῶν
648 3453 709 3489 τε
738 3437 831 3489 καὶ
858 3437 1180 3507 ἀξιωμάτων
1209 3437 1476 3508 διαφοραὶ,
1509 3434 1572 3488 τὸ
1604 3435 1678 3505 μὴ
1715 3434 1920 3498 πάντας
1951 3434 2198 3504 ἀλλήλοις
2267 3435 2406 3488 κατὰ
2482 3433 2674 3487 ταυτὸν
2743 3435 2809 3503 τῇ
2851 3432 3061 3500 γενέσει
3130 3428 3505 3499 συνενεχθῆναι

269 3532 749 3603 διαμαρτύρονται.
793 3534 856 3585 El
884 3529 975 3586 οῦν
1006 3534 1034 3584 6
1065 3533 1161 3603 μὲν
1201 3534 1297 3602 τῆς
1342 3531 1607 3601 γενέσεως
1647 3532 1835 3603 χρόνος
1873 3531 2086 3602 ἑκάστῳ
2149 3531 2397 3602 διάφορος
2417 3569 2431 3593 ,
2495 3531 2529 3601 ἡ
2554 3529 2610 3582 δὲ
2637 3528 2742 3581 τῶν
2766 3527 3058 3598 συμφορῶν
3088 3524 3348 3595 ταυτότης
3370 3522 3513 3575 οὐδε-

273 3629 391 3697 μίαν
425 3607 790 3700 παραλλαγὴν
831 3629 895 3680 ἐκ
943 3627 1042 3697 τῆς
1091 3626 1232 3681 κατά
1279 3628 1377 3698 τὴν
1426 3625 1638 3695 γένεσιν
1685 3627 1861 3690 αίτίας
1913 3626 2156 3692 ἐδέξατο·
2226 3626 2334 3697 ἄρα
2365 3626 2459 3702 καὶ
2484 3624 2569 3678 διὰ
2602 3623 2802 3678 τούτων
2829 3622 2888 3676 τὸ
2918 3623 3043 3695 περὶ
3087 3621 3184 3693 τὴν
3210 3620 3513 3691 πρόρρησιν

270 3723 466 3787 ἀπαγὲς
496 3722 603 3773 καὶ
630 3720 929 3773 ἀσύστατον
956 3720 1286 3791 διελέγχεται
1308 3765 1324 3776 .

346 3817 482 3871 Ἀλλ’
520 3817 669 3879 ἔστι,
705 3816 857 3886 φησὶ,
888 3816 982 3869 καὶ
1003 3816 1159 3880 νεὼς,
1184 3818 1280 3869 καὶ
1302 3817 1528 3881 πόλεως,
1550 3816 1641 3871 καὶ
1664 3815 1839 3878 ἔθνους

2022 3809 2129 3864 Sed
2177 3818 2281 3872 est,
2328 3808 2524 3877 inquit,
2575 3814 2629 3860 et
2667 3806 2821 3859 navis
2860 3810 2912 3859 et
2959 3802 3129 3861 urbis.
3167 3810 3221 3857 et
3254 3803 3430 3872 gentis
3460 3810 3516 3856 et

272 3910 464 3971 παντὸς
491 3906 836 3978 εἱμαρμένη,
890 3906 1031 3959 κατὰ
1074 3909 1172 3977 τὴν
1201 3907 1423 3978 πρώτην
1456 3907 1604 3960 θέσιν
1649 3906 1706 3961 τὸ
1753 3907 1849 3975 ἐφ-

272 4002 389 4071 εξῆς
409 3999 818 4064 ἐπικλώθουσα,
842 3999 1032 4069 καὶτῷ
1058 4000 1357 4070 περιέχοντι
1383 4000 1450 4052 τά
1469 3998 1783 4071 ἐμπεριειλη
1792 4017 1852 4068 μ-

277 4095 401 4163 μένα
439 4096 571 4146 κατ’
624 4092 869 4161 ἀνάγκην
926 4091 1334 4144 συνδιατίθεται.
1377 4092 1473 4154 Τίς
1524 4087 1615 4144 οὖν
1665 4093 1699 4162 ὴ
1753 4090 1851 4160 τῆς

273 4182 583 4253 ναυπηγίας
636 4180 923 4250 Είλήθυια;
956 4181 1050 4243 Τίς
1093 4180 1150 4232 δὲ
1182 4180 1211 4230 6
1253 4179 1352 4248 τῆς
1403 4179 1609 4242 πόλεως
1657 4179 1851 4246 τόκος;

284 4276 371 4327 Ἐκ
401 4276 571 4337 ποίας
602 4272 659 4325 δὲ
688 4273 862 4343 ἀρχῆς
889 4272 979 4325 τοῦ
1011 4272 1194 4335 ἔθνους
1220 4270 1539 4342 καθορῶμεν
1564 4271 1661 4342 τὴν
1701 4270 1853 4339 γένε-

278 4380 385 4429 σιν;
416 4364 636 4434 Τέμνει
660 4364 689 4415 6
710 4361 999 4434 δρυοτόμος
1027 4364 1123 4433 τὴν
1154 4360 1307 4433 ὓλην,
1342 4361 1704 4432 ἐμπορεύεται
1727 4359 1856 4413 ταύ-

272 4473 365 4525 την
392 4458 422 4509 6
452 4456 521 4509 τὸ
574 4454 735 4520 ξύλον
776 4454 1231 4525 ἐμπορευόμενος,
1268 4453 1563 4523 χρημάτων
1592 4455 1620 4505 6
1652 4470 1859 4523 ναυπη-

275 4550 363 4616 γὸς
390 4550 532 4621 ὓλην
555 4551 801 4613 ὠνεῖται,
838 4546 1047 4619 μερίζει
1078 4549 1144 4617 τῇ
1175 4546 1405 4617 ἐργασία
1430 4546 1527 4616 τὴν
1550 4546 1764 4617 τέχνην.
1802 4545 1858 4598 ’0

278 4646 371 4713 μὲν
398 4643 516 4713 γάρ
555 4657 648 4703 τις
688 4640 883 4710 διαιρεῖ
908 4638 969 4691 τὸ
1002 4637 1155 4702 ξύλον
1181 4638 1261 4700 εἱς
1288 4636 1501 4699 σανίδας
1538 4635 1615 4706 τῷ
1649 4636 1857 4707 πρίονι’

277 4737 301 4784 ὁ
324 4734 402 4797 δὲ,
452 4732 563 4803 τὴν
596 4730 791 4800 τρόπιν
821 4728 1159 4781 τεκταίνεται
1179 4744 1191 4757 ο
1222 4727 1429 4798 ἕτερος,
1471 4726 1688 4797 περὶτὰ
1727 4726 1860 4778 ὑπο-

275 4824 510 4896 ζώματα
536 4824 646 4893 τὴν
676 4820 909 4893 σπουδὴν
932 4820 1032 4889 τῆς
1061 4818 1400 4888 κατασκευῆς
1421 4818 1553 4888 ἔχει.
1587 4818 1742 4881 ἄλλος
1766 4817 1863 4887 τὴν

278 4912 511 4985 πρῶραν
532 4951 551 4977 ,
579 4911 679 4964 καὶ
703 4910 859 4972 ἄλλος
886 4907 983 4979 τὴν
1022 4905 1272 4978 πρύμναν
1296 4904 1698 4977 ὲκορυφώσατο.
1732 4904 1865 4957 Τού-

276 5024 350 5078 τῳ
393 5006 496 5060 τοῦ
536 5003 693 5057 ἱστοῦ
737 5002 906 5074 μέλει,
942 5001 1034 5054 καὶ
1064 5001 1161 5070 τῆς
1207 5000 1432 5071 κεραίας
1461 4998 1537 5069 τῷ
1576 4998 1745 5070 ἑτέρῳ
1770 5016 1783 5029 ·
1814 4999 1863 5051 οἱ

277 5099 351 5160 δέ,
379 5099 445 5151 τὸ
477 5098 636 5149 λίνον
679 5096 758 5157 εἰς
796 5093 975 5155 κάλως
1006 5091 1294 5143 πλέκουσιν
1317 5106 1330 5119 ⁸
1364 5091 1411 5142 oi
1442 5088 1497 5143 δὲ
1532 5089 1754 5159 αὐχένες
1789 5088 1866 5160 τῷ

1957 3900 2200 3970 cujusvis
2241 3897 2316 3954 rei
2356 3899 2547 3962 fatum,
2594 3895 2736 3966 quod
2769 3911 2836 3950 ex
2869 3895 3044 3965 primo
3088 3901 3356 3950 astrorum
3404 3895 3515 3948 situ

1957 4004 2129 4050 totum
2173 3992 2367 4049 deinde
2409 3999 2608 4047 statum
2654 3998 3075 4058 consequentem
3124 3987 3427 4049 constituit,
3461 3994 3517 4041 et

1959 4101 2179 4140 causam
2212 4084 2576 4139 continentem
2600 4096 2662 4135 ac
2699 4079 3030 4150 superiorem
3062 4077 3116 4132 in
3146 4075 3515 4148 gubernandis

1961 4178 2125 4232 rebus
2170 4175 2440 4231 contentis
2493 4188 2555 4228 ac
2590 4172 2938 4227 inferioribus
2988 4170 3301 4225 necessario
3343 4169 3516 4238 juvat.

1961 4266 2095 4334 Quis
2122 4282 2271 4337 ergo,
2308 4266 2549 4335 inquam,
2580 4274 2664 4319 est
2698 4262 2914 4317 navium
2954 4261 3149 4317 ortus?
3172 4261 3297 4331 quis
3327 4260 3520 4315 civita-

1966 4358 2074 4413 tis?
2096 4360 2236 4413 unde
2256 4357 2522 4427 originem
2553 4354 2719 4408 trahit
2742 4353 2994 4425 quaslibet
3012 4353 3181 4423 gens?
3209 4352 3379 4408 Caedit
3399 4366 3519 4406 ma-

1964 4450 2220 4507 teriarius
2255 4448 2556 4511 materiam,
2584 4461 2704 4502 eam
2738 4445 2981 4500 venalem
3023 4445 3185 4499 habet
3216 4444 3522 4515 negotiator

1965 4543 2258 4613 lignorum,
2285 4541 2501 4593 navium
2538 4537 2718 4608 opifex
2746 4537 2974 4607 pecunia
3010 4536 3248 4600 redimit,
3288 4537 3522 4606 partitur

1968 4632 2239 4703 opificium
2258 4632 2311 4685 in
2333 4630 2629 4699 operarios.
2644 4628 2796 4683 Alius
2814 4629 2958 4683 enim
2982 4641 3132 4683 serra
3154 4625 3355 4697 lignum
3373 4634 3526 4682 secat

1968 4724 2022 4778 in
2057 4736 2291 4783 asseres,
2316 4721 2455 4774 alius
2484 4719 2721 4774 carinam
2756 4717 3070 4779 fabricatur,
3094 4716 3233 4769 alius
3251 4714 3525 4784 erigendis

1969 4811 2226 4866 tabulatis
2274 4809 2367 4863 dat
2417 4822 2676 4877 operam;
2731 4807 2816 4861 hic
2870 4820 3106 4876 proram,
3163 4804 3254 4858 ille
3305 4803 3525 4873 puppim

1971 4902 2235 4967 exstruit;
2266 4899 2391 4954 huic
2418 4899 2613 4966 malus,
2639 4899 2716 4953 illi
2751 4906 2983 4951 antenna
3001 4910 3146 4951 cura:
3167 4905 3250 4950 est
3270 4913 3285 4962 ;
3307 4895 3527 4964 quidam

1973 5013 2041 5052 ex
2070 4996 2183 5050 lino
2210 4994 2469 5049 rudentes
2502 4999 2715 5057 texunt,
2738 4992 2946 5046 clavum
2980 4990 3308 5061 gubernator
3336 4994 3526 5050 curat;

1976 5088 2196 5159 quidam
2235 5086 2381 5142 foros
2421 5096 2476 5141 et
2520 5085 2694 5140 velum
2728 5082 3046 5144 conficiunt,
3081 5078 3299 5149 quidam
3336 5091 3529 5131 navem

282 5190 612 5260 κυϐερνήτῃ
659 5184 747 5237 διὰ
779 5183 1051 5254 φροντίδος
1095 5180 1332 5249 γίνονται
1358 5197 1371 5211 ’
1419 5179 1565 5233 ἄλλοι
1607 5181 1675 5233 τὰ
1701 5197 1837 5233 κατα

1942 5181 2137 5236 ’etiam
2174 5178 2398 5248 picturis
2452 5183 2753 5241 exornant;
2805 5171 3051 5228 nonnulli
3089 5171 3209 5240 pice
3243 5168 3533 5237 juncturas

285 5281 603 5350 στρώματα
624 5278 717 5329 καὶ
744 5276 842 5345 τὴν
866 5274 1054 5343 ὀθόνην
1082 5270 1395 5342 ἐνεργοῦσιν
1417 5286 1431 5300 '
1460 5270 1629 5336 ἄλλοι,
1665 5270 1757 5323 καὶ
1781 5267 1870 5324 τὸν

282 5374 344 5426 ἐκ
381 5374 487 5441 τῆς
531 5367 857 5437 ζωγραφίας
901 5364 1282 5433 καλλωπισμὸν
1312 5364 1622 5431 ἐπάγουσιν.
1658 5360 1873 5433 ’Έτεροί

281 5478 340 5516 τε
367 5459 437 5517 αῦ
484 5459 837 5528 διαχρίοντες
868 5459 933 5527 τῇ
979 5455 1147 5525 πίσσῃ
1195 5454 1294 5518 τὰς
1346 5452 1624 5526 ἁρμονίας,
1652 5453 1745 5505 καὶ
1782 5453 1883 5507 τὸν

284 5554 478 5608 ἄντλον
506 5554 573 5603 ὲν
598 5549 673 5620 τῷ
696 5548 847 5619 μέσῳ
869 5545 1385 5609 κατασκευάζοντες.
1410 5544 1628 5607 Πάντως
1652 5544 1712 5597 ait
1734 5547 1875 5598 κατὰ

282 5648 488 5700 ταύτὸν
536 5644 776 5705 ἕκαστος
822 5641 885 5693 τὸ
929 5639 1050 5694 καθ’
1099 5639 1287 5692 ἐαυτὸν
1321 5636 1650 5707 ἐνεργοῦσιν,
1704 5637 1815 5690 ἁλλ’
1845 5638 1874 5690 6

289 5742 411 5814 μὲν,
442 5739 547 5794 νῦν
572 5756 589 5770 ο
631 5740 679 5791 οί
710 5738 788 5801 δὲ,
827 5736 940 5807 μετ’
973 5733 1149 5803 ὀλίγον
1170 5749 1182 5763 ’
1212 5733 1306 5787 καὶ
1342 5731 1416 5802 τῷ
1461 5731 1557 5802 μὲν
1585 5730 1686 5801 ἤδη
1708 5731 1880 5802 πέρας

1980 5277 2305 5343 perungunt.
2340 5276 2394 5322 et
2423 5269 2477 5321 in
2511 5267 2688 5322 medio
2721 5265 2990 5321 sentinam
3033 5267 3374 5316 construunt.
3421 5258 3532 5313 Ne-

1980 5382 2086 5437 que
2109 5379 2298 5419 omnes
2320 5362 2479 5417 simul
2515 5377 2672 5415 suum
2707 5359 2916 5414 faciunt
2934 5372 3092 5427 opus,
3113 5355 3207 5410 sed
3237 5355 3377 5409 alius
3397 5354 3533 5422 jam,

1983 5458 2122 5511 alius
2142 5455 2303 5525 paulo
2321 5462 2470 5523 post;
2492 5453 2579 5507 ille
2596 5461 2831 5520 cmptum
2857 5450 2966 5519 jam
2994 5450 3059 5501 ad
3078 5448 3236 5502 ﬁnem
3264 5444 3535 5515 perduxit,

1984 5549 2086 5603 iste
2104 5548 2399 5601 etiamnum
2433 5545 2662 5599 laborat.
2695 5542 2750 5596 ln
2779 5557 2887 5611 quo
2918 5540 3082 5610 igitur
3113 5546 3352 5607 tempore
3370 5535 3539 5589 fatum

1986 5640 2141 5694 navis
2167 5639 2435 5707 sapientes
2463 5632 2843 5691 collocabunt?
2868 5645 2996 5685 num
3027 5630 3081 5685 in
3109 5644 3175 5685 eo
3202 5644 3310 5700 quo
3333 5628 3536 5697 lignum

1987 5731 2207 5794 emitur,
2240 5730 2482 5792 caeditur,
2523 5734 2614 5780 aut
2644 5730 2929 5789 tractatur,
2968 5736 3039 5776 an
3070 5735 3179 5792 quo
3213 5718 3413 5775 ferrum
3447 5713 3541 5768 ad-
