3978 6502
420 320 526 383 167

1653 322 1710 377 8.
1750 319 2072 378 GBEGORH
2112 320 2404 376 NYSSENI

3545 314 3648 370 163

419 438 657 503 vehitur,
688 452 756 492 an
786 451 895 508 quo
917 438 1087 493 clavis
1116 451 1330 491 asseres
1356 436 1815 506 compinguntur?
1847 433 1979 487 Nam

2093 434 2144 488 τὸ
2186 434 2613 505 σπουδαζόμενον
2652 434 2838 505 ἔσχεν·
2923 433 3003 497 δὲ,
3035 434 3092 485 ὲν
3126 432 3201 503 τῷ
3237 433 3481 503 ἐνεργεῖν
3518 430 3652 483 καθ-

419 544 545 583 cum
566 517 743 582 inulta
776 540 830 583 et
854 531 1066 584 diversa
1092 529 1306 582 diverso
1340 538 1579 595 tempore
1603 526 1779 579 studia
1814 539 1981 579 cona-

420 630 618 691 tusque
647 622 911 677 adversus
933 620 1274 690 naufragium
1300 619 1688 681 adhibeantur,
1707 616 1979 687 quodnam

423 718 637 780 tempus
663 712 786 764 navi
816 711 978 764 fatale
1006 710 1334 778 assignabis,
1370 719 1428 762 ut
1460 709 1699 763 instante
1728 707 1981 761 interitus

420 804 751 856 necessitate
783 810 1030 856 vectores
1061 813 1167 854 una
1195 814 1378 854 secum
1412 798 1639 868 perdat?
1681 796 1819 863 Quid
1868 796 1979 865 jam

420 890 572 946 dices
596 891 663 944 de
689 889 1036 944 civitatibus?
1059 906 1127 943 an
1162 900 1273 943 tum
1303 889 1357 942 in
1390 903 1485 942 eas
1513 887 1780 942 dominari
1811 885 1979 940 fatum

422 987 633 1051 putant,
665 994 788 1033 cum
816 978 849 1032 ii
882 979 972 1048 qui
1006 994 1126 1032 eam
1162 978 1213 1031 in
1242 992 1352 1032 rem
1389 977 1732 1041 incumbunt,
1760 976 1826 1029 de
1851 992 1984 1029 con-

336 1074 345 1079 “
421 1072 613 1126 dendis
663 1066 952 1125 consilium
1004 1069 1249 1138 capiunt,
1300 1083 1368 1122 an
1418 1083 1539 1122 cum
1584 1080 1830 1122 naturam
1878 1067 1980 1121 ioci

421 1160 791 1223 considerant,
822 1176 893 1214 an
926 1175 1050 1213 cum
1081 1160 1357 1228 exemplar
1379 1157 1663 1213 effortnant
1691 1167 1782 1212 aut
1813 1157 1982 1213 fabris

423 1252 624 1308 ferrum
656 1251 953 1314 advehunt,
982 1255 1076 1302 aut
1103 1249 1310 1318 lapides
1368 1256 1637 1317 reponunt
1672 1255 1765 1301 aut
1810 1257 1980 1303 mate-

422 1345 559 1398 riam
602 1342 981 1412 comportant?
1026 1339 1294 1406 Quidnam
1333 1355 1395 1394 ex
1425 1341 1509 1394 his
1534 1346 1617 1395 est
1653 1339 1980 1410 principium

421 1433 814 1489 constituendae
843 1430 1119 1485 civitatis?
1165 1429 1306 1494 Quid
1352 1443 1515 1498 porro
1541 1428 1693 1482 dices
1722 1427 1790 1483 de
1822 1436 1981 1498 gente

423 1523 633 1578 bellicis
693 1520 1095 1576 calamitatibus
1152 1518 1378 1572 attrita?
1429 1516 1559 1583 Quae
1613 1515 1830 1570 tandem
1890 1521 1985 1567 aut

422 1614 567 1669 unde
591 1622 710 1668 orta
741 1613 967 1667 adversa
1005 1625 1128 1667 sors
1162 1610 1296 1665 alios
1332 1609 1613 1673 interimit,
1646 1608 1781 1662 alios
1813 1605 1985 1677 capti-

421 1721 519 1761 vos
546 1706 601 1759 iu
641 1705 958 1759 servitutem
988 1702 1218 1772 redigit?
1246 1700 1349 1767 Qui
1378 1705 1578 1755 factum
1619 1707 1702 1754 est
1731 1706 1788 1753 ut
1813 1697 1986 1752 Anni-

2080 525 2291 593 ορᾶται.
2325 525 2461 575 Πότε
2492 523 2669 575 τοίνυν
2696 526 2760 593 τῇ
2786 521 2873 593 νηῒ
2895 522 2993 592 τὴν
3026 518 3363 590 εἱμαρμένην
3407 519 3456 570 οἰ
3494 516 3651 584 σοφοὶ

2080 615 2491 685 ὲπιστήσουσιν;
2530 615 2656 667 Ὅτε
2699 614 2913 666 ὠνεῖται
2945 610 3003 665 τὸ
3049 611 3225 678 ξύλον,
3267 610 3299 681 ἢ
3335 610 3422 662 ὅτε
3455 608 3650 678 τέμνε-

2080 723 2191 771 ται,
2227 707 2260 776 ἦ
2291 708 2377 759 ὅτε
2403 704 2851 776 μεταχειρίζεται,
2889 705 3031 776 ἥὸτε
3064 703 3258 768 ἐπάγει
3290 702 3380 754 τὸν
3410 699 3648 770 σίδηρον,

2080 797 2235 869 ἢότε
2285 797 2608 869 συναρμόζει
2653 799 2765 861 τοῖς
2812 797 3075 867 γόμφοις;
3130 793 3345 848 Πολλῶν
3398 792 3504 862 γὰρ
3558 790 3654 844 καὶ

2081 889 2351 961 διαφόρων
2376 889 2542 942 ὄντων
2585 888 2692 941 τῶν
2717 888 2857 941 κατὰ
2894 888 2991 958 τὴν
3021 884 3329 956 ναυπηγίαν
3359 883 3656 946 σπουδαζο-

2086 982 2283 1052 μένων,
2310 983 2405 1035 καὶ
2430 981 2489 1034 ού
2518 981 2658 1034 κατὰ
2683 980 2773 1033 τὸν
2810 980 2972 1034 αὐτὸν
3010 978 3260 1049 ἀλλήλοις
3303 978 3493 1049 χρόνον
3524 992 3654 1028 συν-

2084 1073 2403 1142 ισταμένων,
2441 1073 2590 1125 ποῖον
2611 1069 2866 1140 ἀναθήσει
2888 1070 3075 1140 χρόνον
3104 1071 3170 1139 τῇ
3202 1068 3533 1139 εἱμαρμένῃ,
3564 1064 3654 1117 ἵνα

2081 1164 2179 1236 τὴν
2207 1164 2448 1233 ἀνάγκην
2469 1166 2564 1236 τῆς
2588 1161 2930 1227 καταδύσεως
2950 1161 3238 1232 δεξαμένη,
3266 1158 3654 1229 συνδιαφθείρῃ

2087 1255 2205 1326 μεθ’
2234 1257 2432 1325 ἑαυτῆς
2463 1256 2589 1319 τοὺς
2624 1254 2954 1325 ἐμπλέοντας
2980 1269 2996 1318 ς
3031 1253 3095 1306 Τί
3122 1252 3166 1305 δ’
3219 1252 3285 1305 ἂν
3312 1252 3483 1314 εἰποις
3525 1250 3657 1321 περὶ

2082 1342 2191 1397 τῶν
2231 1343 2472 1410 πόλεων;
2520 1344 2657 1397 Πότε
2702 1343 2870 1414 αὐτῆς
2901 1344 3123 1413 κρατεῖν
3162 1339 3262 1411 τὴν
3314 1340 3657 1410 εἱμαρμένην

2083 1433 2281 1490 οἴονται
2304 1452 2320 1501 ;
2347 1436 2475 1490 Ὅτε
2533 1434 2695 1507 βουλή
2736 1453 2818 1499 τις
2845 1434 2939 1488 τοῦ
2969 1432 3221 1504 οἰκισμοῦ
3267 1435 3377 1495 τοῖς
3427 1431 3658 1485 σπουδά-

2085 1528 2236 1592 ζουσι
2282 1528 2520 1597 γίνεται;
2573 1527 2764 1582 ὐπότε
2813 1526 2908 1580 τοῦ
2950 1526 3115 1580 τόπου
3148 1515 3245 1596 τὴν
3284 1524 3508 1593 εὐφυΐαν
3537 1524 3659 1575 ἑπι-

2083 1618 2401 1688 λογίξονται,
2425 1619 2458 1690 ἢ
2487 1619 2576 1673 ὅτε
2602 1618 2665 1672 τὸ
2691 1619 2874 1689 σχῆμα
2906 1619 3438 1688 καταχαράσσουσιν,
3473 1614 3659 1683 ἧὸταν

2084 1710 2359 1778 ἐπάγωσιν
2395 1710 2497 1781 ήδη
2519 1712 2583 1780 τῇ
2619 1709 2852 1780 ἐργασία
2874 1709 2965 1761 τὸν
2994 1708 3237 1779 σίδηρον,
3269 1705 3302 1777 ἢ
3330 1707 3455 1769 τοὺς
3477 1704 3661 1768 λίθους

421 1798 532 1863 bal,
560 1804 654 1851 aut
675 1795 878 1856 Caesar,
895 1804 988 1848 aut
1004 1793 1304 1849 Alexander
1327 1790 1548 1846 Macedo
1578 1790 1685 1845 fata
1706 1796 1984 1861 aquarent

2093 1800 2569 1873 ὲναποτίθεπαιμή
2622 1798 2959 1871 συμφορῶσι
3012 1799 3113 1861 τὰς
3146 1798 3311 1861 ὔλας;
3355 1796 3420 1850 Τί
3456 1795 3661 1848 τούτων

420 1889 663 1942 omnium
709 1888 1035 1957 quibuscum
1089 1885 1289 1939 bellum
1347 1882 1626 1954 gerebant,
1688 1897 1862 1952 usque
1917 1895 1985 1936 eo

423 1981 748 2037 necessitate
772 1979 863 2033 illa
887 1978 1234 2040 valentiores,
1253 1984 1313 2029 ut
1334 1975 1523 2030 iisdem
1548 1974 1705 2044 plane
1730 1981 1785 2028 et
1806 1988 1987 2043 mqua-

423 2070 564 2125 Iibus
645 2059 890 2124 hostium.
957 2067 1115 2123 malis
1190 2067 1372 2121 omnia
1448 2065 1801 2136 diriperent?
1879 2062 1986 2121 Sed

422 2162 568 2217 enim
625 2162 847 2216 minime
902 2160 1197 2215 verisimile
1248 2174 1401 2222 esse,
1460 2160 1649 2214 eadem
1703 2158 1986 2213 civitatum

423 2250 554 2316 fata,
593 2251 923 2320 eosdemque
964 2251 1249 2304 stellarum
1307 2249 1444 2303 situs
1489 2248 1720 2310 elllcere,
1772 2255 1830 2302 ut
1876 2257 1988 2302 ter-

424 2344 739 2400 mmotibus
798 2354 1070 2414 quassata!
1133 2343 1290 2395 ruina
1345 2341 1766 2411 opprimantur,
1821 2355 1888 2394 ex
1922 2354 1987 2395 eo

426 2435 741 2508 perspicere
785 2433 967 2504 quivis
1011 2434 1233 2503 poterit,
1267 2433 1412 2505 quod
1454 2447 1614 2487 nemo
1642 2432 1852 2486 neseiat
1880 2429 1987 2484 hu-

420 2524 728 2597 juscemodi
758 2534 914 2578 terra:
936 2522 1246 2578 all'ectiones
1268 2538 1374 2576 non
1399 2523 1573 2578 solum
1601 2520 1654 2575 in
1680 2521 1811 2575 locis
1833 2519 1987 2574 habi-

424 2619 576 2682 tatis,
599 2617 692 2672 sed
720 2617 881 2671 etiam
901 2616 955 2669 in
990 2614 1435 2670 inhabitabilibus
1465 2615 1746 2669 exsistere.
1782 2612 1839 2666 Si
1865 2612 1987 2684 quis

429 2708 777 2779 Sanga-orum
809 2714 1045 2761 montem
1085 2706 1139 2760 in
1182 2705 1446 2777 Bithynia:
1486 2705 1681 2759 iinibus
1705 2705 1868 2758 situm
1902 2702 1986 2757 vel

427 2801 545 2871 ipse
564 2798 700 2853 vidit
717 2798 801 2853 vel
835 2797 957 2853 aliis
984 2798 1343 2854 referentibus
1373 2797 1598 2862 audivit,
1628 2794 1772 2866 quod
1811 2796 1986 2848 dicam

426 2904 613 2944 verum
647 2903 770 2944 esse
812 2890 1131 2958 comperiet,
1180 2897 1352 2943 totum
1380 2887 1569 2958 jugum
1603 2889 1656 2940 in
1686 2887 1825 2939 viam
1861 2885 1989 2942 sub-

426 2980 656 3046 sedisse,
692 2995 756 3034 ac
784 2982 1027 3036 terribile
1061 2981 1511 3051 praetereuntibus
1551 2979 1792 3049 przebere
1831 2992 1989 3049 spec-

2084 1891 2229 1944 ὲστίν
2257 1889 2399 1961 ἀρχὴ
2421 1890 2520 1962 τῆς
2549 1891 2891 1956 συστάσεως;
2935 1888 3000 1943 Τί
3028 1888 3086 1942 δὲ
3115 1889 3180 1943 ἂν
3207 1888 3379 1952 εῐποις
3410 1888 3537 1957 περί
3562 1886 3659 1940 τοῦ

2084 1979 2291 2043 ἔθνους,
2321 1979 2350 2033 ὃ
2398 1981 2516 2042 ταῖς
2564 1978 2705 2032 κατά
2750 1978 2984 2049 πόλεμον
3028 1980 3337 2049 συμφοραῖς
3375 1976 3660 2047 ἑξετρίϐης

2087 2068 2180 2135 Τίς
2217 2069 2249 2141 ἢ
2280 2070 2441 2124 πόθεν
2460 2070 2579 2124 κατ’
2608 2068 2785 2123 αὐτῶν
2810 2069 2905 2140 τήν
2934 2069 3113 2140 ἀρχὴν
3134 2068 3373 2123 λαϐοῦσα
3402 2071 3435 2138 ἡ
3473 2070 3657 2139 μοῖρα,

2085 2164 2209 2226 τοὺς
2248 2163 2347 2232 μὲν
2386 2162 2765 2232 κατεφόνευσε,
2790 2164 2915 2225 τοὺς
2935 2161 2991 2215 δὲ
3022 2161 3095 2215 δι’
3126 2161 3502 2234 αἰχμαλωσίας
3530 2179 3664 2215 κατε

2084 2252 2440 2317 εδουλώσατο;
2495 2252 2621 2316 Πῶς
2671 2253 2915 2315 Ἀννίϐας
2961 2253 2995 2323 ἢ
3030 2254 3267 2327 Καῖσαρ,
3310 2252 3344 2322 ἢ
3388 2253 3481 2305 καὶ
3523 2254 3552 2305 ὁ
3596 2253 3663 2305 ἐκ

2085 2343 2418 2407 Μακεδονίας
2458 2343 2800 2414 Ἀλέξανδρος
2840 2344 2967 2415 παρ’
2995 2337 3075 2404 οἷς
3114 2343 3182 2397 ἂν
3226 2344 3472 2412 ἐγένοντο
3499 2361 3655 2414 στρα·

2084 2435 2379 2506 τευόμενοι,
2411 2437 2573 2488 πᾶσιν
2610 2434 2896 2505 όμοτιμίαν
2926 2433 3274 2505 εἱμαρμένης
3319 2432 3661 2503 εἰργάσαντο,

2085 2526 2333 2580 τοσοῦτον
2354 2527 2450 2598 τῆς
2471 2525 2714 2596 ἀνάγκης
2734 2525 2948 2595 ἐκείνης
2977 2523 3427 2596 ὑπερισχύοντες,
3454 2525 3527 2587 ὡς
3549 2527 3664 2587 τοῖς

2086 2616 2265 2678 αὐτοῖς
2296 2615 2389 2669 τοῦ
2419 2614 2588 2668 κακοῦ
2629 2618 2845 2687 μέτροις
2874 2615 3049 2669 πάντα
3080 2614 3416 2682 συνάγεσθαι
3441 2633 3454 2679 ;
3502 2615 3665 2669 Ἀλλὰ

2090 2706 2194 2776 μὴν
2224 2706 2284 2758 τὸ
2310 2704 2515 2759 οἴεσθαι
2542 2703 2639 2768 τάς
2671 2705 2778 2758 τῶν
2806 2705 3010 2758 πόλεων
3047 2706 3383 2777 εἰμαρμένας
3406 2746 3420 2767 .
3463 2707 3524 2759 ὲν
3549 2709 3666 2770 τοίς

2086 2797 2193 2850 τῶν
2241 2796 2478 2866 σεισμῶν
2518 2794 2915 2866 καταπτώμασι
2960 2795 3059 2860 τὰς
3096 2803 3428 2867 συναστρίας
3464 2801 3662 2861 ποιεῖν,

2086 2887 2161 2952 ὡς
2186 2887 2289 2952 ἔξω
2333 2889 2429 2942 τοῦ
2476 2887 2684 2951 εἰκότος
2711 2890 2740 2940 ό
2775 2887 2930 2956 λόγος
2974 2888 3146 2951 ἐστὶν,
3200 2887 3446 2941 ἐντεῦθεν
3484 2888 3548 2942 ἄν
3579 2904 3668 2951 τις

2089 2979 2322 3032 κατίδοι·
2354 2980 2450 3043 Τίς
2476 2979 2577 3032 οὐκ
2602 2974 2738 3032 οἶδεν
2766 2979 2847 3033 ὃτι
2878 2979 2946 3033 τά
2983 2978 3205 3034 τοιαῦτα
3239 2979 3384 3050 πάθη
3411 2981 3509 3050 τῆς
3536 2979 3663 3050 γῆς,

429 3072 689 3126 taculum.
743 3071 1023 3140 Ejusmodi
1067 3087 1285 3143 quoque
1323 3078 1451 3126 Sunt
1490 3070 1866 3142 Paphlagonia:
1908 3068 1990 3123 εί·-

2093 3067 2149 3119 ob
2182 3067 2338 3138 μόνον
2365 3069 2421 3121 ὲν
2446 3071 2555 3133 τοῖς
2585 3068 2919 3139 οἰκουμένοις
2938 3069 3141 3133 τόποις,
3177 3068 3322 3123 ἀλλά
3353 3074 3446 3123 καί
3469 3073 3526 3123 ὲν
3550 3075 3668 3134 τοῖς

430 3163 735 3219 fectiones:
786 3162 874 3218 ubi
930 3164 1092 3217 etiam
1150 3163 1515 3219 habitationes
1571 3163 1851 3217 hominum
1900 3161 1988 3217 his

2093 3134 2364 3229 ἀοικήτοις
2389 3134 2831 3227 devictarum-Ei
2853 3177 2936 3225 τις
2972 3161 3033 3215 τὸ
3071 3160 3184 3214 τῶν
3213 3162 3511 3231 Σαγγαγῶν
3540 3163 3670 3233 ὅρος

430 3256 608 3309 modis
647 3269 753 3308 una
785 3270 928 3324 saepe
976 3254 1254 3309 convulsae
1290 3264 1454 3310 sunt:
1509 3263 1669 3324 atque
1707 3253 1829 3309 ideo
1864 3268 1987 3307 cum

430 3346 571 3401 tales
601 3353 780 3400 motus
800 3346 1071 3407 oriuntur,
1102 3346 1257 3400 locus
1278 3344 1369 3400 ille
1393 3344 1460 3398 ab
1483 3345 1674 3400 incolis
1696 3342 1986 3399 deseritur.

432 3436 880 3506 Quid'sigillatim
910 3437 1092 3490 dicere
1123 3450 1261 3506 opus
1300 3447 1385 3491 est
1419 3435 1668 3506 Cyprios,
1696 3433 1908 3489 Pisidas
1937 3442 1992 3488 et

431 3527 705 3592 Achivos,
748 3527 890 3597 apud
924 3543 1061 3596 quos
1094 3527 1285 3581 harum
1322 3543 1503 3582 rerum
1540 3527 1707 3607 multa
1745 3535 1871 3581 sunt
1904 3525 1991 3580 in-

432 3621 618 3677 dicia?
647 3618 847 3676 Verum
876 3620 1034 3690 cujus
1070 3621 1242 3690 gratia
1287 3620 1618 3676 mentionem
1640 3633 1827 3673 earum
1858 3616 1992 3672 feci-

434 3727 575 3773 mus,
609 3710 663 3766 id
689 3711 886 3774 dicam,
929 3726 1120 3767 omnes
1154 3710 1422 3779 ejusmodi
1468 3718 1648 3765 motus
1682 3718 1841 3764 terra:
1870 3723 1993 3764 esse

434 3803 768 3858 ail‘ectiones.
800 3802 856 3857 Si
894 3818 1023 3872 ergo
1057 3803 1129 3855 ita
1158 3802 1369 3856 accidat
1413 3811 1471 3856 ut
1512 3801 1674 3855 etiam
1710 3800 1991 3854 hominum

435 3894 698 3948 habitatio
729 3908 793 3948 eo
825 3894 879 3946 in
916 3893 1033 3946 loco
1065 3892 1389 3957 inveniatur,
1426 3892 1529 3962 ipsi
1561 3906 1778 3963 quoque
1817 3890 1988 3947 infor-

434 3984 649 4038 tunium
704 3983 834 4037 illud
876 3983 976 4037 loci
1022 3982 1331 4037 necessario
1381 3983 1746 4052 participant:
1802 3984 1887 4038 sin
1944 3982 1993 4038 is

436 4074 505 4129 ab
545 4073 739 4129 incolis
773 4075 844 4129 sit
865 4086 1091 4135 vacuus,
1133 4072 1489 4128 infortunium
1531 4074 1635 4129 loci
1683 4074 1995 4130 hominibus

436 4166 621 4219 damni
665 4166 759 4220 dat
790 4165 947 4219 nihil.
1003 4165 1133 4231 Quae
1180 4166 1347 4235 igitur
1391 4174 1475 4222 est
1523 4165 1615 4220 fati
1666 4170 1992 4232 necessitas,

435 4273 562 4313 cum
595 4273 662 4313 ex
699 4272 857 4327 aquo
896 4257 1013 4312 loca
1046 4256 1284 4312 habitata
1306 4265 1359 4310 et
1389 4257 1763 4312 inhabitabilia
1802 4257 1994 4327 hujus-

440 4346 588 4401 modi
623 4345 1001 4402 aﬂ‘ectionibus
1055 4348 1167 4402 sint
1203 4347 1473 4402 obnoxia?
1515 4345 1646 4400 Nam
1692 4348 1738 4402 si
1776 4355 1995 4418 possent

2093 3252 2152 3304 τὸ
2180 3252 2314 3320 πρὸς
2334 3255 2442 3315 τοῖς
2474 3252 2642 3322 ὁρίοις
2667 3251 2773 3307 τῶν
2804 3252 3038 3306 Βιθυνῶν
3083 3255 3358 3324 κείμενον,
3390 3256 3422 3324 ἢ
3452 3258 3517 3325 τῇ
3543 3256 3670 3309 καθ’

2095 3342 2283 3395 ἑαυτὸν
2312 3342 2450 3411 ἔγνω
2487 3344 2650 3415 πείρᾳ
2750 3347 2813 3397 ὲκ
2849 3343 3184 3415 διηγήματος
3228 3346 3481 3415 ἤκουσεν,
3508 3347 3670 3418 εὑρή-

2097 3451 2178 3486 σει
2200 3435 2297 3503 τὴν
2325 3434 2418 3486 τοῦ
2448 3434 2605 3504 λόγου
2645 3435 2918 3506 ἀλήθειαν.
2951 3437 3032 3489 ὅτι
3063 3436 3183 3489 κατ’
3215 3438 3385 3500 αὐτὰς
3410 3438 3508 3507 τῆς
3544 3440 3668 3494 ὁδοῦ

2095 3524 2192 3588 τὰς
2248 3526 2569 3596 ὑπερϐολάς,
2618 3527 2764 3580 πάσα
2821 3528 2853 3597 ὴ
2905 3525 3184 3598 ἀκρώρεια
3233 3529 3664 3601 ὑπονοστήσασα,

2096 3616 2323 3688 φοϐερὸν
2360 3618 2536 3687 θέαμα
2564 3620 2675 3679 τοῖς
2706 3616 2995 3670 διοδεύουσι
3040 3618 3270 3686 γίνεται.
3308 3620 3540 3674 Τοιαῦτα
3570 3623 3669 3675 καὶ

2098 3709 2226 3780 περί
2250 3710 2348 3773 τὰς
2374 3709 2555 3781 χώρας
2586 3706 2693 3764 τῶν
2734 3710 3099 3778 Παφλαγόνων
3130 3711 3199 3768 τὰ
3244 3713 3389 3783 πάθη
3410 3731 3423 3743 ·
3457 3714 3572 3767 ἔστι
3607 3715 3666 3768 δὲ

2098 3803 2229 3855 ὅπου
2267 3803 2360 3855 καὶ
2399 3802 2639 3871 οἰκήσεις
2681 3800 2981 3872 ἀνθρώπων
3031 3804 3142 3866 τοῖς
3174 3806 3415 3874 χάσμασι
3458 3806 3669 3869 τούτοις

2103 3882 2688 3962 συγκατεσπάσθησαν·
2734 3892 2975 3964 πολλαχῆ
3000 3894 3057 3947 δὲ
3102 3894 3210 3948 τῶν
3247 3897 3543 3967 οἰκητόρων
3570 3914 3668 3965 γυ·-

2105 3983 2232 4054 μνὸς
2274 3983 2302 4035 ό
2335 3982 2508 4054 χῶρος
2556 3984 2614 4036 ὲν
2645 3981 2721 4053 τῷ
2756 3983 2978 4054 τοιούτῳ
3030 3983 3301 4037 δείκνυται
3343 3985 3523 4038 πάθει.
3555 3986 3667 4039 Καὶ

2100 4075 2151 4128 τί
2195 4074 2299 4146 χρὴ
2346 4074 2467 4127 καθ’
2524 4074 2751 4128 ἕκαστον
2795 4075 3103 4146 Κυπρίους.
3161 4077 3253 4129 καὶ
3308 4077 3530 4139 Πισίδας
3571 4078 3666 4130 καὶ

2115 4166 2393 4236 Ἀχαιούςσ
2439 4166 2495 4217 ὲν
2546 4159 2626 4226 οἷς
2679 4164 2845 4217 πολλά
2894 4165 3001 4217 τῶν
3049 4164 3350 4234 λεγομένων
3395 4167 3513 4218 ἐστὶ
3579 4181 3669 4218 τε-

2101 4258 2341 4327 κμήρια;
2387 4254 2526 4308 Ἀλλ’
2557 4246 2617 4307 οὗ
2654 4255 2810 4326 χάριν
2840 4253 2945 4309 τῶν
2972 4255 3270 4325 εἰρημένων
3299 4255 3663 4326 ἐμνήσθημεν,

2100 4348 2181 4400 ὃτι
2206 4347 2378 4400 πάντα
2401 4346 2469 4398 τὰ
2493 4345 2736 4407 τοιαῦτα,
2759 4346 2859 4416 γῆς
2885 4347 2999 4397 ἐστι
3027 4346 3190 4415 πάθη.
3207 4345 3269 4396 Εἰ
3298 4345 3397 4417 μὲν
3428 4341 3519 4398 οὖν
3541 4362 3667 4398 συν-

438 4437 816 4492 demonstrare
866 4446 1065 4492 terram
1111 4439 1475 4507 particulatim
1522 4454 1586 4492 ac
1626 4457 1732 4494 non
1777 4441 1990 4494 univer-

2103 4439 2343 4510 ενεχθειη
2383 4438 2476 4491 καὶ
2506 4437 2715 4508 οἴκησιν
2757 4436 3055 4507 ἀνθρώπων
3084 4437 3367 4506 εὑρεθῆναι
3394 4436 3471 4507 τῷ
3492 4437 3663 4507 τόπῳ,

439 4543 556 4585 sam
600 4530 763 4583 simul
797 4528 1070 4584 conditam
1103 4543 1261 4584 esse:
1292 4531 1695 4600 vaniloquentia
1740 4534 1840 4585 ista
1872 4546 1998 4600 spe-

439 4623 581 4677 ciem
616 4619 868 4676 fortassis
889 4621 1123 4690 aliquam
1155 4637 1262 4691 prae
1285 4637 1342 4676 se
1370 4622 1552 4687 ferret,
1588 4631 1733 4677 certa
1760 4622 1999 4678 siderum

435 4710 830 4780 conjunctione
875 4718 1039 4764 certae
1077 4709 1217 4779 parti
1263 4719 1419 4765 terra:
1466 4726 1727 4773 connexa,
1762 4712 1865 4764 hoc
1909 4719 2002 4763 aut

440 4802 577 4858 illud
630 4803 945 4858 necessario
1002 4801 1137 4856 fieri.
1202 4802 1468 4867 Quoniam
1526 4818 1654 4858 vero
1705 4801 1884 4857 omnia
1942 4815 2001 4856 se

442 4900 634 4949 mutuo
672 4893 1126 4962 complectuntur,
1160 4895 1378 4957 cmlutn,
1420 4903 1583 4958 terra,
1619 4910 1785 4955 mare,
1818 4903 2000 4962 atque,

442 4993 504 5039 ut
535 4983 747 5057 Moyses
777 4986 873 5049 ait,
916 4993 1060 5039 terra
1090 4985 1251 5039 etiam
1281 4987 1434 5055 prius
1464 4987 1681 5040 condita
1724 4994 1808 5041 est
1838 5001 1998 5054 quam

445 5084 591 5133 astra
644 5091 768 5132 cum
814 5083 966 5131 motu
1011 5091 1155 5131 suo:
1204 5092 1303 5131 cur
1340 5091 1526 5131 eorum
1577 5091 1698 5145 quae
1744 5076 1796 5129 in
1840 5075 2004 5129 certis

445 5175 605 5223 terrae
634 5169 879 5237 partibus
911 5169 1187 5231 eveniunt,
1229 5183 1449 5223 causam
1482 5168 1546 5222 ad
1591 5167 1830 5221 siderum
1862 5166 2003 5221 refc-

445 5265 573 5313 runt
605 5258 947 5313 motionem?
984 5258 1325 5329 Quapropter
1371 5274 1493 5313 eum
1539 5265 1685 5311 terra
1731 5257 1800 5312 sit
1844 5256 2004 5310 astris

445 5364 701 5419 aequaeva,
737 5364 911 5420 neque
941 5348 1105 5404 ullam
1139 5351 1263 5404 inde
1288 5349 1369 5403 vel
1404 5346 1725 5403 concidendi
1757 5347 1839 5400 vel
1875 5360 2001 5415 per—

447 5440 680 5494 durandi
714 5455 936 5496 causam
972 5441 1170 5512 capiat,
1203 5455 1437 5511 cumque
1471 5439 1523 5492 iu
1562 5439 1727 5493 certis
1761 5437 2005 5507 partibus

446 5530 711 5598 ejusmodi
741 5531 1010 5587 exsistant
1041 5530 1384 5587 all’ectiones:
1428 5544 1535 5583 non
1563 5528 1751 5597 utique
1781 5526 1876 5580 fati
1907 5543 2004 5582 ne-

448 5620 700 5688 cessitas,
754 5623 847 5677 sed
900 5623 1009 5678 alia
1053 5624 1298 5693 quaedam
1348 5622 1402 5677 in
1461 5622 1528 5676 iis
1583 5622 1717 5677 locis
1769 5620 2003 5674 istorum

451 5725 678 5767 casuum
734 5713 948 5784 propria
1001 5730 1168 5771 causa
1214 5723 1315 5771 est.
1382 5711 1611 5779 Quando
1679 5712 1841 5781 igitur
1901 5712 2006 5768 tale

2100 4531 2241 4584 κατά
2265 4531 2443 4583 πᾶσαν
2458 4529 2700 4599 ἀνάγκην
2716 4529 2955 4581 κάκεῖνοι
2971 4527 3063 4580 τοῦ
3085 4529 3224 4581 κατὰ
3247 4529 3337 4582 τὸν
3355 4530 3516 4583 τόπον
3543 4528 3669 4582 δυσ-

2100 4622 2408 4691 τυχήματος
2456 4620 2918 4690 παραπήλαυσαν·
2955 4619 3003 4670 εἰ
3043 4617 3099 4671 δὲ
3135 4618 3529 4689 ἐλεύθεροςείἠ
3558 4618 3669 4672 τῶν

2102 4712 2420 4782 οἰκητόρων,
2471 4709 2724 4780 οὐδεμίαν
2769 4708 3073 4781 ἀνθρώποις
3113 4710 3310 4779 ἤνεγκε
3356 4708 3560 4780 βλάϐην
3606 4709 3669 4762 τὸ

2105 4801 2230 4873 περί
2252 4801 2342 4853 τὸν
2370 4800 2531 4852 τόπον
2555 4798 2899 4870 δυστύχημα.’
2921 4799 3014 4862 Τίς
3045 4794 3138 4851 οὖν
3159 4800 3191 4869 ἡ
3214 4799 3311 4869 τῆς
3331 4799 3671 4871 εἱμαρμένης

2106 4892 2342 4960 ἀνάγκη,
2375 4892 2569 4961 ἐπίσης
2592 4891 2699 4943 τῶν
2724 4907 2782 4943 τε
2803 4889 3132 4960 οἰκουμένων
3154 4890 3246 4942 καὶ
3270 4889 3377 4946 τῶν
3402 4892 3671 4962 ἀοικήτων

2102 4988 2162 5040 τὸ
2187 4984 2424 5039 τοιοῦτον
2460 4983 2628 5048 πάθος
2666 4984 3076 5055 ὐπομενόντων;
3118 4983 3179 5035 Εἰ
3230 4983 3326 5053 μὲν
3373 4983 3480 5055 γὰρ
3524 4979 3671 5054 εἶχον

2104 5074 2495 5137 ἀποδεικνύειν,
2527 5074 2668 5127 κατά
2703 5075 2840 5146 μέρη
2874 5074 2995 5127 τινὰ
3023 5075 3113 5128 καὶ
3135 5075 3209 5145 μὴ
3238 5074 3377 5127 κατὰ
3398 5074 3458 5128 τὸ
3479 5074 3672 5147 ἀθρόον

2104 5169 2284 5220 πᾶσαν
2314 5164 2743 5219 κατεσκευάσθαι
2773 5165 2870 5235 τὴν
2904 5165 3025 5235 γῆν,
3054 5159 3198 5236 εἶχεν
3232 5165 3297 5218 ἂν
3329 5165 3507 5227 αὐτοῖς
3540 5165 3669 5239 ἴσως

2105 5257 2294 5329 καιρὸν
2326 5259 2359 5329 ἡ
2408 5257 2781 5328 ματαιολογία·
2817 5256 2951 5327 τῷδε
2990 5255 3067 5326 τῷ
3107 5258 3259 5327 μέρει
3294 5257 3393 5326 τῆς
3424 5257 3524 5328 γῆς
3549 5274 3668 5310 κτιο

2106 5348 2356 5419 ζομὲνης,
2387 5348 2547 5417 τῆσδε
2579 5347 2687 5401 τῶν
2718 5348 2931 5419 ἄστρων
2965 5349 3280 5418 συμπλοκῆς
3314 5348 3671 5420 ἐφαρμοσθεί-

2108 5457 2227 5508 σης,
2264 5439 2294 5509 ἢ
2340 5440 2495 5493 τοῦτο
2522 5439 2554 5511 ἦ
2585 5440 2760 5493 ἐκεῖνο
2785 5440 3035 5508 γενέσθαι
3075 5441 3197 5494 κατ’
3222 5440 3483 5510 ἀνάγκην.
3521 5439 3676 5494 Ἐπεὶ

2105 5530 2160 5583 δὲ
2182 5530 2355 5583 πάντα
2378 5531 2493 5601 μετ’
2518 5529 2759 5601 ἀλλήλων
2784 5529 3281 5601 καταλαμϐάνεται,
3305 5530 3550 5603 οὐρανὸς,
3575 5532 3671 5599 γῆ,

2109 5621 2365 5688 θάλαττα,
2390 5621 2527 5675 κατὰ
2553 5621 2609 5674 δὲ
2635 5620 2724 5674 τὸν
2752 5618 2994 5685 Μωσέως
3025 5620 3200 5689 λόγον,
3231 5622 3325 5675 καὶ
3356 5620 3674 5692 προτερεύει

2109 5713 2143 5783 ή
2167 5714 2236 5782 γῆ
2263 5712 2357 5782 τῆς
2381 5711 2487 5767 τῶν
2510 5713 2721 5784 ἄστρων
2750 5711 3095 5784 κατασκευῆς
3118 5714 3211 5767 καί
3236 5713 3496 5782 κινήσεως
3514 5726 3526 5740 °
3558 5712 3676 5776 πῶς
