3978 6510
265 392 343 447 169

1540 393 1817 452 CONTRA
1856 392 2114 452 FATUM.

3351 395 3454 449 170

265 509 350 561 τῶν
365 506 585 577 μερικῶν
609 507 744 560 κατά
770 509 866 580 τήν
894 510 999 579 γῆν
1027 515 1446 584 συμπτωμάτων
1475 513 1572 586 τὴν
1597 514 1776 567 αἰτίαν

1891 513 2155 582 ιυίάρίοῐη
2187 522 2347 568 terra:
2377 513 2596 578 accidit,
2638 525 2800 582 atque
2828 511 3100 581 ejusmodi
3136 512 3332 582 aliqua:
3363 530 3453 569 ca-

257 604 318 664 είς
339 601 422 670 τὴν
451 600 552 652 τῶν
580 600 790 672 ἄστρων
820 605 1178 675 ἀναϐήσονται
1224 607 1469 676 κίνησιν;
1502 607 1564 659 El
1601 606 1779 658 τοίνυν

256 692 504 761 ὁμόχρονος
547 694 652 754 τοῖς
681 693 900 763 ἄστροις
1017 697 1110 767 γῆ.
1151 697 1244 748 καὶ
1272 696 1526 766 οὐδεμίαν
1573 694 1782 747 ἐκεῖθεν

254 783 347 834 σξρδέ
375 781 727 850 συμπτώσεως
749 783 872 837 οὔτε
899 787 1158 856 διαμονῆς
1187 787 1365 840 αἰτίαν
1405 787 1667 853 ἐπάγεται
1685 804 1698 815 ·
1731 786 1780 836 εἰ

256 874 468 942 μερικαῖς
493 873 547 924 δέ
579 891 682 925 τισι
728 877 908 928 τόπων
937 885 1304 948 περιγραφαῖς
1341 879 1406 930 τὰ
1431 878 1653 930 τοιαῦτα
1681 879 1782 946 ὑφ-

254 966 429 1017 ίσταται
460 965 600 1033 πάθη
621 982 633 994 ·
671 967 778 1036 ἄρα
822 969 919 1037 οὐχ
947 971 1285 1040 εἱμαρμένης
1340 969 1606 1040 ἀνάγκην,
1641 969 1778 1022 ἀλλά

253 1075 344 1108 τινα
374 1057 550 1128 ἑτέραν
577 1059 880 1123 ἰδιάζουσαν
918 1062 1095 1114 αἰτίαν
1129 1066 1185 1114 ἐν
1211 1067 1323 1127 τοῖς
1351 1064 1612 1127 τοιούτοις
1643 1080 1782 1134 συμ-

253 1147 462 1216 πτώμασι
493 1149 754 1215 γίνεσθαι.
775 1152 945 1204 ’Ὅταν
975 1152 1066 1206 οὖν
1102 1153 1246 1225 πάθῃ
1269 1172 1322 1207 τι
1353 1155 1588 1208 τοιοῦτον
1621 1157 1652 1224 ή
1687 1155 1780 1224 γῆ,

253 1245 322 1291 καί
351 1257 488 1302 τινας
515 1241 768 1304 τοιαύτας
798 1245 1080 1316 συμφορὰς
1117 1246 1534 1316 κατεργάζεται,
1570 1246 1676 1298 τῶν
1705 1247 1784 1298 οἰ-

252 1331 457 1400 κητόρων
490 1335 1059 1399 συγκατασεισθέντων
1110 1336 1187 1406 τῷ
1216 1336 1466 1406 πτώματι
1494 1352 1507 1365 ⁸
1549 1337 1599 1389 τί
1633 1336 1786 1408 ἐροῦ-

251 1436 316 1471 σιν
336 1422 378 1471 οἱ
421 1421 844 1490 προσκυνοῦντες
881 1424 976 1493 τὴν
1018 1426 1378 1496 εἱμαρμένην,
1421 1425 1516 1479 καὶ
1548 1426 1645 1496 τὴν
1677 1427 1786 1479 τῶν

249 1510 426 1580 ἄστρων
465 1510 676 1580 κίνησιν
709 1515 1017 1567 ἐπιστατεῖν
1047 1515 1154 1570 τῶν
1196 1514 1362 1569 ὄντων
1391 1516 1781 1587 διοριζόμενοι;

249 1602 346 1663 Πῶς
370 1604 476 1654 ἐκεῖ
496 1603 556 1654 τὸ
586 1605 800 1673 νήπιον,
831 1607 892 1658 τὸ
919 1607 1134 1676 βρέφος,
1158 1607 1218 1659 τὸ
1246 1603 1549 1678 μειράκιον,
1573 1610 1600 1660 ό
1625 1607 1784 1678 ἀνὴρ,

247 1693 462 1760 όπατὴρ,
496 1696 522 1745 6
570 1695 905 1764 πρεσϐύτης,
950 1698 978 1748 ό
1015 1696 1259 1767 εὐγενὴς,
1307 1699 1334 1748 ό
1381 1696 1727 1766 εὐπατρίδης,
1759 1699 1787 1749 ὁ

249 1782 496 1850 μισθωτκ,
521 1784 549 1834 6
575 1785 893 1855 δεσμώτης;
923 1785 1060 1840 Οὔτε
1082 1787 1158 1858 τῷ
1182 1787 1356 1858 χρόνῳ
1380 1791 1478 1856 τῆς
1502 1788 1784 1854 γενέσεως,

1884 605 2155 659 lamitates
2184 606 2309 660 inde
2352 605 2626 668 oriuntur,
2651 606 2814 658 etiam
2858 605 3051 659 incolis
3088 605 3245 658 ruina
3280 605 3452 660 obru-

1884 697 1985 750 tis:
2033 696 2164 765 quid
2197 697 2399 761 dicent,
2432 697 2525 766 qui
2575 696 2747 750 fatum
2794 696 3044 758 adorant,
3077 704 3130 750 et
3179 705 3452 750 astrorum

1884 796 2089 840 motum
2142 788 2306 843 rebus
2350 803 2584 856 przeesse
2625 788 2961 857 opinamur?
3004 789 3095 856 qui
3139 787 3197 841 fit
3247 797 3306 841 ut
3361 803 3454 842 oc-

1885 878 2034 931 cidat
2059 879 2262 941 infans,
2289 879 2629 941 adolescens,
2663 879 2766 942 vir,
2799 888 2971 948 pater,
3017 894 3199 941 senex,
3234 879 3452 942 nobilis,

1886 969 2169 1037 patricius,
2195 971 2589 1033 mercenarius,
2622 970 2878 1025 vinctus?
2905 985 3005 1023 cur
3035 987 3212 1040 neque
3242 979 3454 1041 tempus

1885 1063 2144 1116 nascendi
2169 1109 2183 1125 ,
2235 1078 2411 1131 neque
2455 1060 2757 1117 discrimen
2791 1063 3072 1132 dignitatis
3112 1063 3281 1115 ullum
3333 1079 3456 1132 pro-

1886 1147 2061 1212 hibet,
2125 1165 2234 1219 quo
2286 1151 2468 1205 minus
2525 1152 2641 1220 pari
2700 1151 3008 1204 calamitate
3068 1151 3458 1205 involvantur?

1885 1240 2084 1294 Adliaec
2112 1243 2238 1311 quis
2270 1243 2483 1312 ignorat
2512 1251 2814 1296 extremum
2847 1242 3046 1295 malum
3079 1258 3222 1305 esse,
3256 1258 3454 1311 corpus

1885 1345 2008 1384 cum
2054 1332 2163 1385 lilia
2207 1334 2585 1395 commiscere,
2633 1333 2839 1387 violare
2898 1333 3168 1387 matrem?
3209 1334 3354 1402 quod
3410 1335 3456 1389 si

1887 1422 2114 1490 quadam
2149 1425 2315 1478 sortis
2353 1425 2676 1478 necessitate
2711 1425 2862 1478 fleret
2887 1463 2902 1484 ,
2944 1428 3130 1492 utique
3175 1425 3315 1494 apud
3358 1441 3458 1480 nos

1885 1529 2100 1582 quoque
2133 1513 2319 1569 ﬁeret:
2365 1531 2510 1569 nunc
2544 1523 2724 1570 autem
2757 1516 2899 1586 apud
2946 1519 3092 1572 solos
3140 1516 3358 1581 Persas,
3405 1527 3460 1573 et

1887 1603 1979 1672 qui
2032 1603 2250 1656 illorum
2301 1604 2480 1660 edocti
2535 1614 2665 1659 sunt
2716 1607 2991 1672 inSIituta,
3046 1607 3308 1678 ﬂagitium
3356 1608 3460 1662 hoc

1889 1701 2251 1762 perpetratur.
2300 1693 2374 1747 Ex
2415 1710 2525 1764 quo
2565 1696 2786 1766 planum
2832 1695 2910 1759 fit,
2945 1706 3145 1751 sortem
3188 1711 3250 1750 ac
3287 1695 3456 1749 fatum

1889 1797 2010 1836 esse
2059 1783 2326 1852 cujusque
2375 1786 2705 1840 voluntatem
2759 1801 2858 1854 pro
2913 1787 3141 1840 arbitrio
3181 1786 3459 1856 quodlibet

246 1872 342 1924 οὔτε
371 1873 590 1946 διαφορᾷ
626 1893 736 1930 τινι
763 1877 860 1946 τῆς
887 1877 1040 1943 ἀξίας
1073 1879 1153 1940 είς
1180 1877 1278 1947 τὴν
1307 1876 1415 1930 τῶν
1451 1875 1634 1928 κακῶν
1661 1877 1787 1945 ὁμο-

1894 1873 2328 1940 amplectentem.

246 1968 396 2035 τιμίαν
426 1965 744 2022 κωλύονται.
777 1969 898 2020 Ἔτι
938 1967 1073 2038 πρὸς
1146 1970 1353 2031 τούτοις
1374 1985 1388 1998 ο
1433 1968 1515 2031 τίς
1555 1967 1654 2019 οὐκ
1719 1962 1857 2018 οἶδεν
1895 1964 1976 2016 ὅτι
2010 1963 2208 2026 παντὸς
2240 1964 2406 2031 ἄγους
2436 1965 2659 2035 ἔσχατόν
2691 1965 2837 2018 ἐστιν
2866 1967 2899 2035 ή
2927 1965 3336 2038 θυγατρομιξία,
3367 1972 3459 2025 καὶ

246 2061 597 2131 ἀδελφογαμία,
653 2065 750 2116 καὶ
799 2065 879 2126 εἰς
923 2063 1161 2135 μητέρας
1213 2063 1564 2135 παρανομίας
1616 2061 1785 2114 Τοῦτο
1820 2059 1998 2112 τοίνυν
2032 2061 2079 2110 εί
2110 2061 2251 2112 κατά
2277 2077 2398 2113 τινα
2422 2060 2614 2130 μοίρας
2641 2059 2888 2130 ἀνάγκην
2953 2059 3178 2128 ἐγίνετο,
3242 2063 3460 2126 πάντως

248 2153 296 2203 ἂν
322 2154 402 2204 καὶ
424 2154 479 2203 ἐν
506 2155 621 2214 τοῖς
661 2153 783 2205 καθ’
813 2154 961 2222 ἡμᾶς
1001 2154 1272 2224 ἐτολμήθη
1309 2154 1523 2217 τόποιςο
1565 2154 1686 2204 ἐπεὶ
1737 2151 1794 2203 δὲ
1831 2151 1974 2220 μόνῳ
1998 2148 2076 2218 τῷ
2107 2148 2245 2202 ἔθνει
2295 2150 2538 2220 Περσῶν,
2573 2153 2668 2203 καὶ
2707 2154 2820 2215 τοῖς
2860 2151 2926 2203 τά
2969 2150 3188 2204 ἐκείνων
3255 2151 3460 2223 νόμιμα

244 2243 621 2314 δεδιδαγμένοις,
664 2246 726 2297 τὸ
792 2245 1027 2298 τοιοῦτον
1094 2247 1224 2313 ἄγος
1264 2245 1554 2315 τολμᾶταιο
1601 2245 1756 2315 δῆλον
1791 2246 1854 2296 ἐκ
1890 2242 1982 2294 τοῦ
2026 2241 2336 2306 ἀκολούθου,
2368 2245 2448 2295 ὅτι
2493 2246 2660 2314 μοῖρα
2689 2245 2783 2296 καί¹
2813 2244 3120 2316 εἱμαρμένη
3155 2245 3188 2314 ή
3229 2246 3458 2300 ἑκάστου

246 2336 522 2406 προαίρεσις
558 2338 794 2405 γίνεται,
833 2338 895 2390 τὸ
921 2338 1108 2390 δοκοῦν
1153 2341 1273 2391 κατ’
1315 2339 1560 2402 ἐξουσίαν
1593 2335 2022 2408 προαιρουμένη.

301 2433 403 2483 Ἔτι
428 2433 562 2501 πρὸς
607 2433 842 2499 τούτοις,
870 2433 947 2497 ὡς
977 2434 1043 2487 ἂν
1076 2434 1210 2502 μηδὲ
1237 2435 1296 2487 τὸ
1327 2434 1566 2488 τοιοῦτον
1607 2434 1782 2504 ἔχοιεν

244 2522 406 2588 λέγειν,
449 2524 530 2575 ὃτι
583 2525 726 2577 κατά
760 2525 859 2586 τὰς
897 2525 1054 2588 ποιάς
1102 2526 1436 2594 περικλίσεις
1476 2526 1584 2579 τῶν
1610 2526 1787 2578 τόπων

245 2614 505 2677 ίδιάζουσαί
542 2632 696 2678 τινες
730 2617 946 2686 ἄστρων
979 2619 1220 2686 κινήσεις
1263 2618 1785 2686 καταλαμϐάνονται,

241 2707 314 2757 καὶ
337 2707 415 2758 διὰ
443 2707 621 2771 τοῦτο,
654 2710 705 2760 οἱ
737 2708 834 2777 μέν
865 2709 1330 2779 μητρογαμοῦσιν,
1361 2711 1408 2762 οἱ
1442 2709 1497 2762 δὲ
1545 2709 1788 2772 ξενοκτο-

241 2795 364 2848 velat
394 2801 479 2850 καί
527 2798 1013 2868 ἀνθρωποὸοροῦσι
1039 2816 1048 2828 ·
1074 2802 1171 2870 τῆς
1218 2801 1274 2852 δὲ
1300 2800 1408 2852 τῶν
1439 2800 1652 2871 ἄστρων
1692 2800 1790 2868 τῆς

243 2887 412 2950 Θέσεως
430 2889 664 2952 ἐκείνοις
690 2889 996 2952 ἰδιαζόντως
1025 2891 1446 2960 ἐπιπιπτούσης,
1477 2892 1524 2942 εί
1547 2891 1641 2942 καὶ
1666 2908 1790 2943 παν-

238 2980 409 3032 τάπασι
451 2981 560 3034 τῶν
593 2982 939 3035 ἀπαιδεύτων
967 2984 1182 3054 καὶτῆς
1227 2983 1332 3036 τῶν
1361 2984 1527 3035 ὄντων
1559 2982 1789 3052 θεωρίας

237 3074 616 3126 ανεπισκὲπτων
663 3075 694 3126 6
723 3074 960 3137 τοιοῦτος
997 3074 1153 3142 λόγος
1204 3076 1338 3136 ἐστὶ,
1372 3075 1480 3127 τῶν
1527 3075 1786 3144 οἰομένων

236 3163 302 3214 ὅτι
326 3165 454 3216 κατά
482 3165 582 3227 τὰς
615 3164 780 3227 ποιὰς
818 3167 913 3234 τῆς
939 3165 1043 3234 γῆς
1083 3166 1425 3236 περιγράψας
1456 3167 1548 3218 καὶ
1580 3168 1611 3236 ἡ
1643 3166 1784 3219 ἄνωη

238 3256 310 3305 θεν
333 3256 504 3318 αὐτοῖς
527 3257 688 3326 λῆξις
719 3257 1102 3309 ἐπιτυποῦται·
1131 3257 1272 3309 οὕτω
1300 3258 1408 3326 γὰρ
1434 3257 1499 3309 ἀν
1533 3257 1782 3326 εὑρεθείη
1812 3301 1854 3357 C

234 3348 289 3399 τὰ
311 3351 459 3416 γήϊνα
480 3349 590 3400 τῶν
615 3350 886 3418 οὐρανίων
905 3349 1341 3421 ἄρχηγικώτερα,
1376 3351 1422 3400 εί
1456 3349 1596 3402 κατά
1616 3347 1784 3400 ταῦτα

235 3438 474 3501 νομίζοιτο
503 3441 741 3493 κάκεῖνα
775 3440 916 3509 ἔχειν
941 3457 953 3469 ⁸
985 3442 1134 3509 ὅμως
1163 3441 1257 3492 καὶ
1295 3439 1451 3492 τοῦτο
1481 3439 1756 3509 προσθήσο

236 3545 317 3593 μεν
337 3529 462 3598 πρὸς
486 3531 714 3600 ἔλεγχον
735 3530 835 3600 τῆς
863 3530 1218 3599 ὴπατημὲνης
1241 3531 1419 3583 αὐτῶν
1445 3531 1788 3600 ὑπολήψεως

234 3621 392 3672 Πάντα
432 3623 621 3690 σχεδὸν
677 3621 745 3676 τὰ
795 3622 935 3692 μέρη
972 3622 1072 3690 τῆς
1120 3623 1222 3691 γῆς
1273 3623 1334 3674 τὸ
1373 3622 1480 3674 τῶν
1529 3623 1787 3675 Ἰουδαίων

234 3712 512 3782 ἐπενεμήθη
539 3714 722 3780 γένος,
749 3713 1074 3778 ἀνατολικοὶ,
1097 3713 1283 3775 νότιοι,
1314 3714 1667 3782 μεσογεῶται,
1698 3713 1786 3765 δυ-

233 3804 370 3865 rimi,
404 3805 827 3874 προσαρκτικοὶ,
859 3804 1034 3858 πάντα
1069 3804 1251 3874 σχεδὸν
1282 3805 1348 3857 τὰ
1375 3805 1500 3876 ἔθνη
1530 3806 1787 3876 μέμικται

234 3894 344 3961 πρὸς
369 3896 465 3962 τὴν
504 3894 619 3946 τῶν
674 3894 940 3946 Ἰουδαίων
980 3896 1304 3963 συνοίκησιν.
1339 3894 1462 3957 Πῶς
1493 3895 1669 3946 τοίνυν
1695 3896 1786 3947 ού-

233 3983 366 4052 ὁεμία
390 3986 498 4036 τῶν
529 3986 752 4054 ἄστρων
789 3985 998 4055 ἀνάγκη
1031 3987 1116 4037 ἐπ’
1147 3985 1357 4049 οὐδενὸς
1399 3984 1575 4037 αὐτῶν
1605 3985 1788 4054 ἴσχυσέ

233 4092 318 4127 τινι
341 4077 444 4128 τῶν
472 4079 540 4130 ἐκ
565 4076 664 4128 τοῦ
695 4076 881 4138 ἔθνους
902 4077 1226 4146 χαρίσασθαι
1255 4077 1314 4128 τὸ
1348 4076 1647 4146 ἀλώὸητον,
1673 4077 1786 4129 ἀλλ’

235 4169 280 4216 ἐν
299 4171 404 4230 ταῖς
429 4169 826 4238 μυριοτρόποις
856 4168 963 4219 τῶν
993 4168 1204 4236 ἄστρων
1230 4168 1570 4231 ἐπιπλοκαῖς,
1601 4167 1788 4236 ὥσπερ

232 4260 286 4311 ἀν
318 4262 614 4331 συνενεχθῇ
658 4259 719 4312 τὸ
768 4260 1103 4329 τικτόμενον,
1150 4262 1206 4312 ἐν
1243 4259 1320 4330 τῷ
1352 4261 1522 4330 ὁμοίῳ
1574 4261 1788 4323 πάντως

231 4350 345 4414 ἐστὶ,
398 4353 542 4404 κατά
597 4349 696 4420 τὴν
749 4351 1084 4419 τεταγμένην
1126 4350 1232 4402 τῶν
1278 4351 1500 4420 ἡμερῶν
1547 4351 1788 4420 περίοδον

229 4443 595 4514 ὑπομενούσης
638 4445 734 4511 τὴν
780 4442 958 4510 λώϐην
991 4443 1089 4509 τῆς
1117 4443 1372 4512 φύσεως;
1408 4445 1464 4495 'U
1498 4439 1576 4506 δὲ,
1604 4442 1788 4496 Ταῦτα

230 4535 310 4598 μὲν
351 4533 526 4598 οὔπω,
572 4535 763 4603 ιρησὶν,
796 4533 1084 4603 ἐξήτασται
1133 4536 1437 4604 παρ’ήμῖν,
1488 4535 1592 4586 τίνι
1645 4535 1788 4605 λόγῳ

1956 2428 2220 2484 Praeterea
2262 2447 2329 2484 ne
2387 2430 2514 2500 quid
2559 2433 2667 2487 tale
2700 2433 2911 2501 possint
2950 2432 3152 2500 dicere,
3194 2433 3247 2487 in
3294 2435 3460 2490 certis

1890 2523 2024 2576 locis
2049 2523 2294 2591 proprias
2322 2525 2583 2590 quasdam
2615 2532 2886 2578 astrorum
2915 2526 3185 2580 motiones
3211 2527 3459 2595 reperiri,

1891 2620 2055 2682 atque
2098 2613 2219 2668 ideo
2257 2615 2394 2668 alios
2443 2623 2646 2668 matres
2685 2616 2888 2669 ducere
2930 2616 2986 2669 in
3028 2618 3455 2683 matrimonium,

1890 2704 2024 2757 alios
2053 2704 2304 2758 occidere
2331 2705 2591 2773 hospites.
2629 2715 2682 2758 et
2711 2705 2983 2760 humanas
3015 2721 3208 2763 vorare
3243 2723 3458 2772 carnes,

1889 2793 2031 2857 quod
2070 2801 2252 2846 certus
2291 2793 2512 2862 quidam
2549 2803 2822 2848 astrorum
2870 2796 3008 2850 situs
3043 2799 3148 2850 vim
3196 2813 3352 2852 suam
3403 2800 3459 2853 in

1893 2881 2014 2935 illos
2047 2882 2300 2950 privatim
2343 2893 2635 2937 exerceat:
2689 2887 2903 2940 tametsi
2956 2886 3070 2940 hzec
3104 2902 3330 2958 prorsus
3370 2888 3459 2943 in-

1894 2972 2180 3025 doctorum
2235 2973 2515 3025 hominum
2548 2973 2619 3027 sit
2646 2975 2845 3038 oratio,
2896 2990 3072 3044 neque
3114 2991 3297 3029 rerum
3335 2990 3461 3030 con-

1894 3063 2228 3130 templationi
2293 3061 2623 3124 deditorum,
2683 3063 2779 3117 sed
2829 3065 3254 3118 existiu'iantium
3311 3076 3459 3120 certa

1892 3163 2048 3206 terrae
2076 3155 2247 3224 spatia
2277 3155 2443 3208 certis
2473 3155 2816 3223 portionibus
2845 3157 3058 3224 superis
3082 3157 3460 3212 circumscribi

1890 3246 1991 3315 (sic
2020 3253 2198 3300 autem
2231 3247 2514 3299 terrestria
2562 3246 2739 3300 forent
2771 3247 2979 3316 potiora
3023 3248 3354 3311 caelestibus,
3385 3249 3460 3302 si-

1886 3337 2100 3405 quidem
2155 3336 2350 3390 horum
2401 3322 2724 3390 constitutio
2781 3352 2847 3392 ex
2892 3337 3106 3391 illorum
3148 3339 3460 3393 conditione

1888 3428 2192 3497 penderet),
2217 3437 2396 3482 tamen
2424 3430 2526 3482 hoc
2549 3446 2767 3499 quoque
2787 3438 3160 3500 argumentum
3186 3430 3460 3500 adjiciam,

1887 3535 1996 3586 quo
2033 3519 2208 3588 magis
2252 3520 2470 3573 illorum
2526 3522 2661 3574 falsa
2713 3521 2981 3576 refutetur
3020 3522 3224 3591 opinio,
3268 3537 3460 3577 omnes

1889 3611 2280 3680 propemodum
2309 3620 2466 3666 terrae
2495 3621 2678 3681 partes
2715 3628 2745 3666 a
2779 3613 3262 3683 genteJuda'orum
3293 3613 3463 3669 fuisse

1889 3699 2181 3764 habitatas,
2216 3699 2528 3766 orientales,
2557 3703 2846 3768 australes,
2871 3702 3324 3769 mediterraneas,
3357 3717 3457 3756 oc-

1887 3789 2202 3852 cidentales,
2236 3792 2712 3859 septentrionales,
2771 3802 2959 3862 gentes
3013 3794 3248 3864 denique
3289 3793 3461 3849 ferme

1887 3898 2076 3936 omnes
2111 3883 2417 3951 promiscue
2449 3897 2572 3936 cum
2593 3883 2797 3939 Judaeis
2828 3885 3125 3941 habitasse.
3161 3885 3301 3952 Quid
3329 3900 3460 3953 ergo

1887 3989 2065 4026 causa:
2080 3981 2217 4035 erat,
2239 3987 2336 4025 cur
2357 3974 2505 4026 nulla
2531 3975 2768 4028 siderum
2795 3977 3096 4030 necessitas
3123 3976 3179 4030 in
3219 3976 3329 4029 ullo
3365 3990 3461 4030 eoo

1888 4083 2009 4119 rum
2052 4067 2305 4124 valuerit.
2332 4072 2391 4119 ut
2421 4067 2731 4135 quempiam
2765 4067 3021 4135 gentilem
3061 4075 3346 4136 prwstaret
3373 4067 3460 4120 in-

1888 4157 2159 4218 demnem,
2181 4158 2272 4210 sed
2296 4157 2544 4224 quamvis
2562 4157 2911 4211 sintinlinitae
2934 4157 3348 4226 conjunctiones
3365 4143 3458 4213 as-

1889 4257 2094 4302 trorum
2108 4248 2534 4318 diversa},qualis
2547 4248 2776 4317 quisque
2792 4248 2928 4304 forte
2943 4249 3162 4303 fortuna
3177 4257 3335 4304 natus
3351 4260 3456 4316 est,

1889 4344 2013 4396 talis
2056 4356 2270 4411 semper
2287 4351 2453 4407 esset,
2477 4357 2538 4394 ac
2556 4341 2834 4412 praefinitis
2859 4341 3050 4397 diebus
3073 4343 3330 4396 damnum
3357 4358 3458 4396 na-

1890 4441 2011 4487 tura
2034 4435 2154 4504 ejus
2176 4435 2412 4490 faceret?
2432 4433 2543 4488 Hoc
2558 4435 2678 4487 loco
2697 4433 2806 4497 ille,
2827 4432 3076 4489 Nondqu
3098 4434 3199 4489 ista
3217 4434 3458 4504 quidem,

1893 4527 2088 4595 inquit,
2107 4506 2248 4596 apud
2269 4542 2369 4582 nos
2385 4528 2664 4595 erplorata
2688 4535 2836 4591 sunt,
2854 4541 2960 4595 qua
2984 4527 3194 4580 ratione
3211 4541 3299 4581 res
3315 4525 3463 4595 apud

225 4624 482 4695 διαφεύγει
535 4630 643 4695 τὴν
684 4627 748 4678 ἐκ
792 4625 900 4678 τῶν
952 4625 1167 4695 ἄστρων
1204 4625 1448 4692 ἀνάγκην
1488 4626 1554 4678 τὰ
1606 4625 1787 4694 νόμοις

1897 4618 2096 4672 multas
2129 4629 2317 4687 gentes
2361 4617 2573 4685 legibus
2611 4619 2923 4672 constitutae
2947 4617 3236 4672 imminens
3266 4632 3332 4672 ex
3370 4631 3460 4671 as-

229 4718 602 4788 κεκρατημένα.
635 4717 788 4787 παρὰ
836 4717 1048 4780 πολλοῖς
1092 4717 1201 4769 τῶν
1258 4717 1422 4770 ἐθνῶν
1459 4731 1473 4746 ·
1524 4717 1556 4786 ἡ
1611 4718 1787 4786 μέντοι

227 4811 510 4881 ⁸πῴρῤησις
558 4808 672 4862 τῶν
710 4809 1154 4879 ἀποϐησομένων,
1200 4809 1298 4861 ούκ
1345 4808 1410 4861 ἂν
1461 4808 1653 4878 μικρὸν
1711 4809 1789 4871 είς

226 4902 481 4965 ἀπόδειξιν
517 4900 829 4971 νομισθείη,
875 4899 967 4952 τοῦ
1002 4901 1370 4968 ἀπαραδάτως
1423 4899 1565 4969 ἔχειν
1596 4902 1663 4952 τά
1697 4917 1790 4968 μευ

227 4994 518 5060 μοιραμένα
582 4991 816 5057 ἑκάστῳ.
889 4987 1010 5050 Πῶς
1063 4988 1171 5059 γὰρ
1219 4990 1248 5040 6
1294 4989 1459 5047 δεῖνα.
1508 4989 1656 5041 τόνδε
1701 4990 1790 5042 τὸν

224 5083 431 5152 ἀριθμὸν
475 5081 594 5134 τῶν
640 5079 776 5133 ἐτῶν
823 5079 1138 5149 βιοτεύσειν,
1189 5081 1281 5133 καὶ
1328 5080 1559 5133 τοιαῖσδε
1599 5097 1789 5133 συντυ-

224 5174 348 5235 χίαις
399 5171 546 5224 κατά
603 5171 696 5224 τὸν
749 5169 862 5239 βίον
915 5171 1392 5239 συνενεχυήσεσθαι
1453 5171 1786 5244 προμαθὼν,

223 5261 272 5311 ού
299 5260 615 5329 διεψεύσθη,
643 5260 690 5310 εἰ
722 5262 794 5329 μή
825 5275 908 5320 τις
936 5259 1146 5328 ἀνάγκη
1184 5260 1324 5312 κατά
1353 5260 1412 5314 τὸ
1438 5261 1790 5333 ἀπαράϐατον

225 5352 394 5421 ἐκείνῳ
433 5369 494 5404 τε
535 5350 713 5403 ταῦτα
747 5350 996 5417 γενέσθαι
1039 5351 1256 5412 πάντως
1290 5353 1586 5418 ἐπέκλωσε,
1625 5353 1702 5423 τῷ
1731 5371 1790 5406 τε

223 5444 637 5515 προαγορεύοντι
671 5441 758 5494 διὰ
799 5443 898 5511 τῆς
939 5445 1098 5505 ποιᾶς
1136 5442 1242 5495 τῶν
1273 5445 1413 5496 κατά
1448 5443 1537 5496 τὸν
1565 5443 1796 5514 ἀριθμὸν

226 5536 673 5606 σεσημειωμένων
707 5540 1142 5609 παρατηρήσεως
1165 5536 1321 5606 δῆλον
1359 5537 1640 5606 ἐποίησεν;
1671 5537 1794 5606 Εγὼ

297 5633 545 5696 κρεῖττον
574 5629 674 5698 μὲν
701 5629 835 5699 ἔφην
864 5630 920 5681 ἐν
945 5633 1056 5692 τοῖς
1087 5629 1346 5693 τοιούτοις
1369 5629 1541 5682 δοκεῖν
1563 5631 1794 5698 ἀγνοεῖν,

225 5714 253 5784 ἦ
293 5718 526 5786 γέλωτος
589 5718 840 5790 ἀφορμὴν
895 5723 1194 5790 παρασχεῖν
1251 5721 1362 5783 τοῖς
1410 5719 1798 5794 ἄμαθεστὲροις

223 5809 317 5860 τῶν
346 5812 640 5882 ἡμετέρων
672 5811 953 5881 δογμάτων
977 5829 991 5841 ·
1036 5812 1174 5880 πλὴν
1204 5811 1336 5866 ἀλλά
1379 5812 1546 5884 μικρά
1579 5815 1793 5884 φροντί-

537 5907 810 5968 Parnm.
859 5907 904 5965 fi
918 5925 974 5967 ιι.
1023 5908 1213 5970 XLV.

1899 4717 2000 4771 tris
2040 4717 2208 4770 fatum
2239 4716 2473 4770 evitent:
2515 4717 2822 4768 futurorum
2846 4722 3026 4768 tamen
3054 4713 3330 4783 prmdictio
3351 4727 3463 4766 ma-

1895 4823 2000 4876 gno
2021 4813 2340 4875 argumento
2366 4806 2548 4868 fuerit,
2586 4807 2752 4859 fatum
2784 4805 3051 4874 cujusque
3079 4821 3200 4859 esse
3230 4805 3461 4857 inevita—

1895 4900 2020 4954 bile.
2045 4897 2326 4964 Quomodo
2351 4898 2494 4952 enim
2521 4897 2791 4967 quispiam
2824 4913 2930 4951 non
2950 4895 3088 4951 falso
3121 4896 3459 4964 praevideret,

1893 5001 2025 5062 quot
2049 5005 2220 5044 annos
2251 4990 2339 5044 hic
2372 4997 2465 5042 aut
2493 4990 2584 5045 ille
2611 4991 2682 5044 sit
2711 4989 2980 5052 victurus,
3015 5003 3244 5058 quaeque
3271 4987 3318 5041 ci
3341 4987 3454 5042 sint

1897 5091 2181 5146 eventura,
2214 5081 2321 5134 nisi
2351 5082 2530 5149 aliqua
2577 5080 2880 5136 necessitas
2908 5090 2964 5135 et
3006 5081 3083 5133 illi
3112 5081 3225 5133 haec
3269 5079 3343 5132 ita
3376 5078 3460 5132 fu-

1897 5185 2019 5228 tura
2050 5173 2402 5238 decrevisset,
2447 5181 2505 5227 ut
2536 5189 2644 5226 non
2681 5174 2893 5243 possint
2928 5189 3033 5227 non
3068 5173 3201 5233 fieri,
3230 5178 3285 5225 et.
3316 5185 3456 5242 pre-

1898 5265 2171 5319 nuntianti
2222 5281 2318 5334 per
2364 5274 2572 5319 certam
2619 5280 2970 5319 numerorqu
3023 5263 3460 5317 observationem

1897 5357 2074 5427 palam
2102 5356 2352 5411 fecisset?
2383 5356 2492 5426 Ego
2517 5371 2648 5410 vero
2674 5358 2844 5411 satius
2869 5370 2988 5410 esse
3017 5355 3246 5421 aiebam,
3270 5370 3357 5410 me
3383 5370 3464 5411 re-

1899 5465 2018 5503 rum
2052 5448 2426 5515 hujuscemodi
2453 5450 2698 5519 ignarum
2733 5448 2926 5510 videri,
2955 5463 3117 5516 quam
3149 5456 3462 5502 nostrorum

1899 5542 2210 5610 dogmatum
2267 5538 2579 5593 rudioribus
2628 5553 2817 5593 ansam
2872 5540 3110 5606 prmbere
3146 5538 3322 5606 risus;
3370 5554 3437 5594 ve

1898 5639 2206 5686 rumtamcn
2234 5631 2495 5699 neglectis
2533 5646 2655 5700 qua:
2696 5630 2924 5684 ridicule
2955 5630 3114 5684 nobis
3155 5630 3463 5700 obiiceren-

1898 5735 2010 5788 tur,
2053 5739 2216 5794 quam
2248 5739 2464 5793 possem
2505 5724 2849 5793 paucissimis
2882 5739 3098 5779 omnem
3139 5740 3329 5780 earum
3378 5739 3466 5780 re-

1903 5831 2024 5871 rum
2058 5831 2279 5872 causam
2305 5816 2734 5885 complexurum.
2762 5815 2880 5882 Est,
2909 5816 3152 5886 inquam,
3185 5816 3463 5872 hominum

3017 5909 3054 5970 6
