3978 6502
538 367 633 418 171

1773 377 1830 432 S.
1868 376 2189 432 GREGORII
2230 377 2518 434 NYSSENI

3674 379 3780 432 ΗΞ

535 485 720 558 generi
770 496 960 541 natura
1016 489 1209 552 hostis,
1273 492 1353 545 vis
1394 493 1638 561 quaalam
1695 495 1846 548 home
1889 507 2100 550 natura:

2218 515 2300 559 τας
2331 498 2438 549 τῶν
2462 500 2518 550 ἐν
2543 498 2732 566 γέλωτι
2765 497 2831 551 τὰ
2863 497 2978 551 καθ’
3013 498 3158 568 ἡμᾶς
3199 496 3492 565 τιθεμένων
3517 535 3532 559 ,
3567 495 3633 550 δι’
3663 498 3782 550 ὀλί-

538 581 868 634 adversaria.
924 581 1094 649 Cujus
1148 584 1224 635 rei
1282 594 1535 638 Sexccnta
1593 601 1764 652 caque
1825 589 2093 641 evidentia

538 673 716 723 allerri
757 683 982 739 possunt
1012 684 1348 744 argumenta.
1379 677 1470 730 sed
1503 693 1608 729 non
1643 679 1878 730 arbitror
1904 695 2092 732 ncces-

539 761 742 812 sarium
795 778 917 815 esse
969 763 1020 816 in
1070 766 1316 831 prmseuti
1373 767 1622 834 perscqui
1671 769 1862 820 ordine
1917 771 2095 820 omnia

499 863 503 868 '
539 853 738 918 quibus
772 854 928 906 ﬁdem
971 854 1146 908 facere
1187 873 1401 925 queam.
1437 857 1570 910 Cum
1611 873 1740 927 ergo
1768 859 1962 911 divinm
1999 875 2097 910 na-

539 952 675 996 tura:
709 947 940 1012 quodvis
975 947 1172 998 bonum
1217 949 1330 1000 sive
1365 949 1654 1015 cogitatum
1706 951 1820 1002 sive
1849 950 2100 1002 nomina-

541 1045 654 1088 tum
689 1041 998 1102 conveniat,
1029 1055 1056 1091 a
1087 1057 1191 1108 qua
1229 1042 1593 1110 proﬁciscitur
1624 1042 1752 1104 vita,
1798 1043 1910 1100 lux.
1960 1044 2101 1095 veri-

543 1137 647 1193 tas,
695 1129 928 1197 justitia,
965 1133 1248 1198 sapientia,
1304 1133 1704 1195 immortalitas,
1755 1144 1806 1186 et
1838 1135 2098 1204 quidquid

541 1219 668 1272 boni
701 1220 992 1274 benevolus
1017 1223 1232 1276 animus
1261 1231 1439 1292 potest
1468 1225 1790 1293 concipere:
1837 1242 1983 1289 cum,
2015 1228 2099 1279 in-

541 1326 728 1378 quam,
783 1313 906 1366 talis
953 1315 1023 1365 sit
1056 1314 1236 1366 divina
1283 1324 1497 1376 natura,
1541 1331 1604 1367 ac
1644 1317 1769 1368 talia
1814 1317 2098 1385 largiatur,

541 1402 907 1455 adversariam
934 1404 1225 1472 quamdam
1273 1407 1379 1457 vim
1410 1406 1586 1460 cuivis
1623 1407 1764 1458 bono
1797 1409 2100 1476 oppositam

541 1504 684 1549 esse,
719 1492 863 1544 omni
903 1508 962 1544 ex
995 1509 1192 1561 genere
1220 1495 1547 1562 colligimus.
1580 1496 1709 1561 Quze
1737 1499 1963 1565 proinde
1986 1500 2102 1549 loco

543 1583 663 1632 vita:
698 1593 947 1645 mortem,
983 1585 1098 1634 IttCt)
1125 1585 1371 1637 veritatis
1422 1586 1685 1646 fraudein,
1726 1589 1845 1640 loco
1879 1590 2102 1657 cujusli-

543 1676 631 1729 bet
695 1675 819 1729 boni
876 1677 1188 1744 oppositum
1246 1679 1445 1730 malum
1510 1680 1820 1734 hominibus
1867 1683 2100 1750 irrogat:

543 1769 746 1836 quippe
776 1767 864 1820 cui
920 1768 969 1820 id
1007 1778 1218 1836 gratum
1271 1771 1360 1832 sit,
1414 1771 1554 1839 quod
1607 1782 1812 1825 natura:
1855 1774 2103 1826 humana:

2207 606 2336 655 γων,
2369 589 2443 650 ὡς
2481 589 2545 641 ἂν
2572 583 2683 650 οἷός
2705 605 2762 640 τε
2797 583 2862 652 ὦ,
2891 590 3069 641 πᾶσαν
3097 587 3194 658 τὴν
3222 588 3348 658 περὶ
3389 586 3574 639 τούτου
3604 588 3791 642 αἰτίαν

2207 682 2528 750 ἐκθήσομαι.
2563 681 2716 732 Ἔστι
2739 680 2816 749 τῷ
2846 681 2989 748 γένει
3039 680 3144 731 τῶν
3174 677 3472 749 ἀνθρώπων
3508 679 3648 731 κατὰ
3684 679 3791 747 φύ-

2208 788 2288 821 σιν
2323 771 2575 838 πολέμιος
2599 770 2824 840 δύναμίς
2868 788 2951 833 τις
2989 775 3051 822 ἐκ
3081 770 3188 822 τῶν
3222 769 3475 822 ἐναντίων
3507 770 3570 838 τῇ
3606 768 3786 839 ἀγαθῇ

2207 862 2362 926 φύσει
2401 861 2792 930 γινωσκομένη.
2837 861 3034 914 Τούτου
3073 861 3130 913 δὲ
3162 859 3357 930 μυρίας
3405 859 3502 929 μὲν
3534 861 3650 911 ἐστι
3685 861 3790 924 τας

2207 951 2504 1017 ἀποδείξεις
2549 950 2609 1015 ἐξ
2653 953 2896 1020 ἐναργῶν
2939 952 3286 1021 παραστῆσαι
3320 951 3676 1022 πραγμάτων.
3709 951 3789 1002 Ού

2211 1041 2314 1110 μὴν
2365 1043 2658 1109 ἀναγκαῖον
2703 1043 2942 1113 ἡγοῦμαι
2980 1043 3057 1112 τῷ
3108 1043 3332 1112 παρόντι
3385 1041 3558 1113 καιρῷ
3610 1043 3792 1095 πάντα

2209 1136 2346 1187 κατά
2395 1137 2453 1188 τὸ
2499 1135 2787 1188 ἀκόλουθον
2837 1135 3107 1202 διεξιέναι.
3159 1134 3226 1185 δι’
3275 1127 3349 1186 ὧν
3399 1133 3572 1186 ταῦτα
3611 1133 3792 1194 οὕτως

2207 1227 2348 1295 ἔχειν
2375 1228 2746 1280 πεπίστευται.
2775 1228 2884 1296 Τῆς
2910 1226 3084 1279 τοίνυν
3108 1224 3258 1286 Θείας
3282 1223 3496 1292 φύσεως
3531 1225 3588 1276 ἐν
3622 1223 3791 1275 παντὶ

2208 1318 2394 1387 ἀγαθῴ
2425 1319 2650 1387 νοήματί
2697 1336 2755 1371 τε
2797 1319 2892 1372 καὶ
2941 1317 3161 1387 ὀνόματι
3210 1316 3607 1387 θεωρουμένης,
3655 1315 3790 1386 παρ’

2206 1404 2272 1478 ἧς
2307 1411 2338 1477 ἡ
2381 1408 2512 1478 ζωὴ,
2537 1409 2596 1460 τὸ
2623 1409 2759 1476 φῶς,
2801 1395 3105 1478 η’ἀλήθεια,
3138 1408 3196 1460 τὸ
3222 1407 3426 1460 δίκαιόν
3468 1423 3526 1458 τε
3573 1406 3665 1458 καὶ
3697 1422 3793 1458 σο-

2209 1499 2326 1568 φὸν,
2344 1501 2437 1551 καὶ
2457 1499 2744 1571 ἄφθαρτον,
2772 1501 2866 1552 καὶ
2893 1502 2999 1552 πᾶν
3030 1501 3057 1552 ὃ
3079 1498 3130 1551 τί
3157 1515 3262 1570 περ
3294 1497 3405 1551 ἑστι
3436 1497 3554 1550 κατ’
3580 1497 3792 1549 ἔννοιαν

2208 1587 2388 1640 λαϐεῖν
2419 1589 2638 1655 ἀγαθον,
2674 1590 2830 1642 τοῦτο
2866 1589 3030 1659 οὔσης
3076 1590 3168 1642 καὶ
3204 1589 3360 1641 τοῦτο
3392 1588 3785 1660 χαριζομένης,

2210 1681 2240 1748 ἡ
2276 1682 2336 1731 ἐκ
2382 1681 2486 1732 τῶν
2521 1681 2770 1733 ἐναντίων
2799 1681 3172 1753 γνωριζομένη
3204 1679 3429 1750 δύναμις
3467 1682 3528 1732 ἐκ
3568 1679 3794 1732 πάντων

2209 1769 2348 1822 κατὰ
2375 1771 2433 1822 τὸ
2460 1771 2823 1841 ἀντικείμενον
2853 1772 3062 1840 ἑκάστῳ
3094 1771 3200 1823 τῶν
3223 1770 3438 1837 ἀγαθῶν
3472 1769 3791 1838 θεωρουμέ-

543 1859 854 1912 exitiosum.
902 1857 1004 1911 Sed
1041 1860 1492 1928 quemadmodum
1536 1863 1627 1931 qui
1660 1865 1914 1916 veneficia
1950 1881 2106 1919 exer-

2218 1877 2309 1913 θων
2343 1860 2833 1930 καταλαμὸάνεται.
2864 1861 3025 1912 Ὥστε
3067 1863 3186 1914 ἀντὶ
3219 1860 3316 1929 μὲν
3344 1858 3507 1929 ζωῆς,
3536 1859 3792 1918 θάνατον,

543 1959 692 2009 cent,
742 1949 900 2002 letale
931 1951 1281 2019 pharmacqu
1319 1954 1476 2006 melle
1526 1953 1758 2008 reddunt
1785 1955 1961 2015 dulce,
1998 1972 2104 2008 non

542 2056 612 2094 co
663 2041 845 2095 animo
880 2051 937 2094 ut
982 2043 1316 2096 conuedcutis
1362 2052 1635 2113 gustatum
1684 2047 1972 2106 oblectent,
2013 2046 2108 2099 sed

547 2147 615 2186 ne
642 2132 802 2185 letale
830 2149 952 2185 esse
979 2135 1249 2187 sentiatur
1277 2153 1290 2189 :
1341 2137 1417 2188 sic
1451 2137 1725 2190 mortifera
1767 2139 1852 2189 illa
1893 2149 2104 2196 natura,

547 2241 670 2277 cum
695 2224 746 2277 in
775 2225 958 2278 animo
982 2225 1196 2288 habeat,
1228 2228 1496 2282 hominem
1520 2229 1797 2294 inducere,
1828 2239 1937 2282 uta
1970 2230 2108 2282 bona

548 2323 746 2367 natura
777 2315 1070 2378 desciscat,
1121 2317 1384 2370 bonarum
1430 2335 1609 2372 rerum
1661 2319 1863 2374 formas
1911 2320 2107 2382 induit,

549 2422 614 2460 ac
646 2408 862 2461 fraudes
901 2410 1063 2478 tegit:
1101 2417 1158 2461 ut
1193 2411 1373 2465 miseri
1415 2414 1670 2466 mortales
1704 2413 1768 2465 ad
1810 2413 1860 2465 id
1896 2415 2107 2476 intenti,

551 2498 713 2565 idque
744 2499 942 2551 bomuu
989 2515 1108 2553 esse
1151 2502 1278 2564 rati,
1314 2503 1458 2556 illius
1486 2505 1629 2572 quod
1678 2513 1867 2557 natura
1911 2506 2110 2558 bonum

549 2601 655 2651 est.
689 2592 959 2648 desiderio
992 2611 1058 2648 ne
1089 2603 1396 2650 teneantur.
1439 2597 1723 2664 Quomodo
1755 2613 1932 2655 autem
1968 2602 2112 2655 acci-

550 2684 648 2748 dit,
685 2692 743 2738 ut
772 2687 896 2752 quis
934 2703 1028 2756 per
1060 2688 1302 2742 fraudein
1358 2691 1592 2760 aliquam
1643 2707 1701 2745 se
1739 2691 1909 2746 futuri
1957 2694 2114 2762 quid-

551 2775 694 2843 piam
741 2777 1059 2844 proﬁteatur
1098 2777 1518 2846 przedicturum:
1575 2781 1653 2834 sic
1697 2789 1749 2834 et
1779 2780 2111 2834 frauduleuti

551 2867 823 2920 dzemones
856 2868 1053 2920 faciunt
1086 2870 1138 2922 in
1176 2869 1380 2937 jecoris
1415 2871 1892 2940 contemplatione,
1929 2873 1981 2925 in
2018 2888 2114 2924 au-

551 2958 745 3026 guriis,
769 2961 822 3011 in
846 2960 1139 3027 ominibus,
1170 2960 1221 3014 in
1255 2962 1494 3013 manium
1522 2963 1860 3017 evocatione.
1897 2964 1949 3017 in
1984 2965 2114 3017 vati-

552 3048 715 3102 ciniis
753 3063 816 3101 ex
847 3049 1010 3100 natali
1048 3050 1253 3116 petitis,
1296 3065 1417 3110 cum
1446 3052 1722 3118 quodlibet
1768 3052 1962 3105 horum
2008 3069 2113 3106 non

552 3135 742 3190 eodem
800 3137 894 3189 sed
941 3137 1157 3191 diverso
1205 3139 1367 3191 modo
1423 3141 1661 3194 futurum
1714 3143 2114 3211 pra-signiticet.

552 3224 740 3295 Itaque
768 3237 826 3279 ut
853 3227 944 3294 qui
980 3241 1042 3280 ex
1079 3228 1322 3296 inSpecIo
1346 3227 1548 3295 jecore.
1579 3238 1672 3282 aut
1692 3246 1755 3282 ex
1781 3231 1962 3284 omine
1990 3247 2116 3299 quo-

553 3315 699 3384 piam
737 3313 1029 3382 conjcctat,
1065 3324 1158 3367 aut
1199 3331 1263 3369 ex
1295 3325 1516 3385 aspectu
1545 3320 1779 3373 volantis
1811 3321 1948 3383 avis,
2007 3339 2115 3376 non

557 3421 652 3476 per
704 3404 800 3458 fati
856 3407 1236 3461 necessitatem
1297 3423 1358 3462 ea
1415 3425 1474 3463 se
1547 3409 1837 3478 pr:cdiccre
1897 3413 2118 3480 pollice-

555 3506 676 3549 tur:
710 3496 783 3549 ita
805 3511 928 3550 cum
954 3497 1181 3565 hujusce
1213 3499 1617 3554 vaticinationis
1647 3503 1716 3554 sit
1745 3505 1902 3556 unica
1929 3519 2114 3566 causa,

557 3587 707 3642 fraus
729 3587 977 3642 videlicet
1003 3597 1057 3643 et
1089 3606 1250 3660 opera
1277 3592 1603 3655 dminonuui,
1638 3596 1890 3664 quoniam
1918 3599 2118 3666 aliquid

556 3679 978 3750 praenuntiatum
1016 3681 1309 3750 aliquando
1360 3683 1658 3752 perfectum
1709 3699 1790 3740 est
1825 3688 1898 3752 (si
1942 3698 2118 3741 tamen

555 3771 781 3826 omnino
814 3772 1112 3842 perfectum
1146 3775 1282 3840 est),
1322 3792 1430 3828 non
1481 3778 1742 3830 continuo
1782 3777 1874 3832 fati
1912 3781 1991 3833 vis
2023 3780 2119 3832 de.-

557 3871 914 3927 monstratur,
946 3866 1070 3934 quia
1099 3881 1260 3919 omne
1289 3867 1691 3922 vaticinationis
1721 3886 1890 3938 genus
1927 3870 2122 3925 habere

555 3955 665 4008 vim
699 3970 852 4010 suam
890 3971 954 4009 ex
1001 3955 1112 4010 fato
1143 3957 1263 4023 jure
1296 3959 1587 4011 diceretur.
1633 3958 1724 4011 Sic
1757 3975 1919 4012 unum
1954 3961 2119 4012 fatum

557 4055 702 4100 esset
729 4047 1021 4109 somnium,
1059 4048 1204 4100 aliud
1237 4065 1300 4102 ex
1344 4049 1716 4118 palpitatione,
1753 4049 1896 4103 aliud
1927 4068 1989 4104 ex
2025 4067 2122 4104 au-

556 4139 749 4208 guriis,
787 4139 870 4192 vel
901 4139 1194 4204 ominibus,
1224 4141 1308 4194 Vel
1343 4141 1668 4210 quibusdam
1697 4144 1958 4213 symbolis
1995 4160 2124 4198 con-

557 4235 748 4282 staret.
806 4228 960 4294 Quod
1018 4231 1062 4285 si
1123 4231 1176 4283 in
1228 4232 1312 4285 his
1345 4233 1478 4285 nihil
1511 4233 1760 4302 prohibet
1803 4249 1912 4302 quo
1946 4235 2124 4288 minus

561 4321 874 4374 vaticinatio
897 4321 966 4375 sit
998 4323 1117 4377 sine
1142 4323 1286 4389 fato;
1322 4340 1497 4394 neque
1527 4327 1571 4379 si
1600 4327 1689 4396 qui
1726 4326 1935 4379 fortuiti
1963 4344 2126 4381 even-

559 4421 649 4466 tus
681 4427 804 4466 cum
837 4412 1189 4481 prmdictione
1226 4418 1590 4476 consentiant.
1625 4419 1760 4472 satis
1790 4419 1844 4472 id
1875 4418 2038 4472 fuerit
2069 4427 2126 4472 ut

2209 1953 2325 2004 ἀντὶ
2346 1952 2398 2004 δὲ
2423 1953 2694 2022 ἀληθείας,
2719 1953 2949 2022 ἀπάτην,
2972 1952 3064 2005 καὶ
3088 1952 3202 2005 ἀνθ’
3219 1951 3445 2004 ἑκάστου
3469 1949 3574 2002 τῶν
3598 1949 3799 2018 βελτιό-

2209 2065 2332 2106 νων,
2359 2047 2454 2116 τὴν
2498 2047 3058 2118 ἀντιδιαστελλομένην
3083 2045 3278 2099 κακίαν
3306 2035 3432 2115 παρ⁶
3459 2046 3642 2107 αὐτοῖς
3681 2047 3796 2106 τοῖς

2210 2137 2510 2206 ἀνθρώποις
2547 2136 2880 2205 ἐπάγεσθαι·
2923 2132 3059 2188 εἶναι
3102 2137 3206 2206 γὰρ
3249 2136 3385 2204 αὐτῇ
3419 2134 3576 2186 τοῦτο
3615 2132 3792 2201 φίλον,

2209 2229 2343 2298 ὅπερ
2372 2227 2436 2280 ἂν
2462 2231 2526 2298 τῇ
2558 2229 2714 2296 φύσει
2745 2230 2856 2290 τοῖς
2893 2226 3197 2298 ἀνθρώποις
3227 2228 3313 2278 ἐπ’
3335 2224 3539 2295 ὀλέθρῳ
3561 2224 3794 2292 γίνεται.

2211 2320 2420 2390 Ὥσπερ
2471 2319 2526 2371 δὲ
2575 2321 2623 2371 οἱ
2675 2319 2762 2372 διὰ
2805 2319 2915 2371 τῶν
2966 2317 3302 2390 δηλητηρίων
3351 2315 3796 2377 κακοποιοῦντες,

2210 2408 2465 2472 πολλάκις
2488 2411 2579 2462 καὶ
2609 2409 2782 2477 μέλιτι
2811 2409 2872 2461 τὸ
2892 2409 3107 2479 φθεῖρον
3137 2406 3453 2475 ἐφηδύνουσι
3476 2405 3794 2474 φάρμακον,

2209 2501 2308 2552 ούκ
2355 2502 2614 2570 εὐφρᾶναι
2661 2503 2725 2571 τῇ
2767 2499 2949 2568 γεύσει
3006 2499 3096 2552 τὸν
3137 2498 3500 2568 βλαπτόμενον
3553 2495 3798 2564 σπουδὴν

2212 2591 2540 2661 ποιούμενοι,
2579 2591 2692 2644 ἀλλ’
2723 2591 2980 2660 ἐκκλέψαι
3010 2590 3105 2661 τὴν
3141 2589 3233 2644 τοῦ
3265 2589 3568 2660 φθείροντος
3600 2586 3799 2657 αἰσθη-

2216 2700 2333 2736 σιν·
2385 2683 2524 2735 οὕτω
2578 2684 2670 2736 καὶ
2713 2685 2746 2751 ὴ
2803 2681 3122 2752 φθοροποιὸς
3181 2680 3316 2749 αὕτη
3367 2681 3546 2748 φύσις.
3594 2677 3801 2730 σκοπὸν

2215 2773 2409 2842 ἔχουσα
2455 2772 2555 2840 τῆς
2605 2771 2811 2841 ἀγαθῆς
2855 2771 3066 2840 φύσεως
3111 2770 3414 2839 ἀποστῆσαι
3454 2768 3544 2820 τὸν
3590 2767 3804 2838 ἀνθρω-

2216 2881 2336 2922 πον,
2370 2862 2588 2930 ἀγαθῶν
2633 2880 2792 2914 τινων
2844 2863 3181 2932 πραγμάτων
3230 2860 3441 2933 μορφὰς
3483 2858 3802 2919 ὑποδύεται,

2218 2954 2549 3026 προρρήσεσι
2599 2972 2707 3006 τισι
2758 2954 2851 3008 καὶ
2902 2955 3162 3024 ίατρείαις
3213 2953 3303 3006 τὸν
3347 2951 3802 3022 ἐγκεκρυμμένον

2216 3048 2314 3113 τῆς
2342 3048 2553 3117 ἀπάτης
2580 3047 2734 3114 λόγον
2767 3045 3223 3100 ἑπικαλύπτουσα·
3253 3045 3326 3110 ὡς
3353 3044 3417 3098 ἃν
3439 3043 3608 3112 τούτῳ
3631 3058 3807 3112 προσ-

2219 3136 2431 3205 έχοντες
2465 3136 2524 3188 τὸ
2561 3135 2786 3188 δείλαιον
2834 3135 2943 3188 τῶν
2987 3134 3286 3207 ἀνθρώπων
3317 3135 3492 3202 γένος,
3537 3131 3698 3185 τοῦτό
3740 3147 3806 3183 τε

2221 3226 2527 3296 νομίζοντες
2552 3227 2752 3295 ἀγαθὸν
2779 3222 2936 3288 εἶναι,
2959 3225 3052 3280 τοῦ
3096 3226 3264 3289 ὅντως
3301 3225 3438 3279 κατὰ
3465 3225 3621 3293 φύσιν
3659 3225 3808 3292 ἁγα-

2219 3318 2311 3370 θού
2343 3319 2610 3389 μηδεμίαν
2649 3319 2818 3389 ἔχοιεν
2849 3319 3159 3387 ἐπιθυμίαν.
3205 3318 3302 3372 Διά
3343 3335 3424 3370 τοι
3455 3316 3609 3369 τοῦτο
3635 3315 3809 3370 καθά-

2220 3424 2321 3476 περ
2346 3408 2409 3459 ἄν
2437 3424 2521 3469 τις
2554 3407 2909 3475 προγνώσεως
2935 3403 3071 3470 εἶδος
3112 3406 3201 3460 διά
3234 3422 3376 3469 τινος
3415 3407 3625 3474 ἀπάτης
3665 3419 3809 3473 προ-

2221 3499 2541 3570 ειλημμένος
2574 3498 2730 3568 τύχη,
2753 3499 2869 3552 κατ’
2890 3501 3061 3553 ἐκεῖνο
3085 3501 3177 3552 καὶ
3201 3501 3233 3570 ἡ
3268 3497 3514 3567 ἀπατηλὴ
3539 3496 3644 3549 τῶν
3688 3496 3810 3548 δαι-

2225 3592 2396 3658 μόνων
2423 3592 2692 3658 ὑπήκουσε
2714 3589 2954 3658 δύναμις,
2977 3592 3034 3642 ἐν
3063 3589 3490 3660 ήπατοσκοπίαις
3521 3588 3612 3640 καὶ
3633 3589 3810 3638 οἰωνιο

2224 3685 2394 3750 σμοῖς,
2429 3684 2486 3733 ἐν
2518 3681 2783 3750 κληδόσιν,
2829 3682 2886 3732 ἐν
2923 3681 3163 3742 νεκυίαις
3204 3682 3260 3732 ἐν
3314 3677 3803 3747 γενεθλιαλογίαις·

2223 3772 2446 3824 ἑκάστου
2479 3772 2701 3835 τούτων,
2735 3771 2894 3843 [ἀλλἸ
2943 3773 3004 3825 ού
3041 3771 3181 3826 κατὰ
3229 3756 3320 3824 τόν
3369 3769 3527 3823 αὐτὸν
3579 3768 3846 3839 τρόπον..

2222 3865 2357 3918 ἀλλὰ
2377 3864 2644 3936 διαφόρως
2660 3865 2722 3917 τὸ
2748 3864 2938 3934 ἐφεξῆς
2965 3862 3598 3936 προμηνύοντος.Ὦσπερ
3619 3860 3805 3912 τοίνυν

2223 3960 2250 4009 ὁ
2278 3957 2354 4026 τῷ
2379 3957 2548 4026 ἥπατι
2588 3957 2648 4009 τὸ
2688 3957 2878 4026 μέλλον
2911 3956 3300 4026 διασημαίνων,
3333 3957 3360 4006 ό
3386 3953 3475 4006 διά
3502 3967 3641 4013 τινος
3673 3951 3810 4019 κληο

2223 4049 2369 4108 δόνος
2405 4049 2732 4118 προεικάσας
2770 4049 2830 4101 τὸ
2876 4049 3151 4118 ἐσόμενον,
3183 4047 3216 4118 ἢ
3251 4049 3280 4100 ό
3318 4046 3449 4117 πρὸς
3475 4046 3573 4114 τὴν
3604 4043 3810 4112 πτῆσιν

2223 4143 2314 4194 τοῦ
2350 4142 2536 4194 οἰωνοῦ
2576 4142 2806 4211 βλέπων,
2828 4143 2890 4195 ού
2915 4144 2980 4212 τῇ
3011 4142 3106 4212 τῆς
3132 4139 3467 4211 εἱμαρμένης
3497 4139 3708 4206 ἀνάγκη
3733 4139 3808 4190 τὰ

2225 4235 2444 4288 τοιαῦτα
2492 4234 2883 4306 προαγορεύειν
2933 4231 3462 4301 κατεπαγγέλλεται·
3509 4229 3598 4281 τὸν
3639 4228 3809 4281 αὐτὸν

2225 4325 2422 4393 τρόπον
2459 4325 2586 4394 μιᾶς
2639 4323 2804 4393 ούσης
2854 4323 3050 4385 αἰτίας,
3093 4321 3276 4384 καθὼς
3322 4321 3554 4391 εἴρηται,
3593 4319 3694 4388 τῆς
3741 4317 3810 4370 τὸ

2225 4415 2432 4467 τοιοῦτο
2479 4416 2578 4485 τῆς
2627 4417 2979 4486 προρρήσεως
3024 4407 3159 4475 εἶδος
3215 4411 3520 4484 μετιούσης,
3565 4409 3708 4476 λέγω
3743 4410 3808 4462 δὲ

559 4502 839 4572 probetur,
895 4520 1000 4558 non
1046 4505 1204 4560 facile
1261 4509 1384 4560 talia
1427 4511 1758 4578 contingere.
1802 4511 2114 4581 Quanquam

2228 4506 2325 4576 τῆς
2372 4505 2513 4559 κατά
2555 4507 2652 4578 τὴν
2696 4505 2977 4574 ἀπατηλὴν
3020 4503 3127 4557 τῶν
3167 4503 3432 4574 δαιμόνων
3489 4503 3805 4572 ἐνέργειαν·

560 4610 736 4664 neque
754 4604 916 4650 certa:
939 4605 991 4651 ct
1027 4597 1343 4651 indubitata:
1366 4599 1723 4656 divinationes
1745 4609 1872 4656 sunt
1909 4614 2122 4666 eorum,

559 4686 652 4755 qui
671 4701 789 4740 eam
811 4695 980 4740 artem
1001 4689 1341 4756 proﬁtentur,
1361 4691 1453 4744 sed
1474 4693 1639 4744 multa
1665 4693 1764 4746 sibi
1785 4693 1980 4763 cﬂugia
2002 4709 2124 4764 pro-

561 4776 763 4842 vident,
797 4787 856 4831 ut
877 4779 922 4832 si
962 4781 1272 4836 contrarius
1310 4793 1537 4836 eventus
1569 4785 1820 4838 vanitatis
1847 4799 1941 4839 eos
1971 4799 2127 4840 coar-

559 4877 709 4939 guat,
769 4869 980 4938 possint
1031 4872 1284 4934 evadere,
1346 4873 1569 4942 prolatis
1629 4875 1930 4931 rationibus
1991 4893 2128 4945 quas

559 4963 1026 5030 praemeditantur.
1078 4963 1153 5017 Ex
1185 4980 1295 5033 quo
1335 4965 1575 5019 efﬁcitur
1621 4983 1798 5036 neque
1844 4969 2126 5022 scientiam

557 5071 751 5109 eorum
783 5056 945 5108 ullam
979 5072 1120 5119 esse,
1155 5059 1260 5113 nisi
1291 5067 1350 5112 ut
1379 5060 1431 5112 in
1460 5075 1582 5112 eum
1612 5062 1702 5130 qui
1734 5062 1788 5114 in
1821 5061 1952 5115 hora
1985 5062 2127 5114 indi-

559 5147 732 5198 canda
761 5149 1050 5208 erraverit,
1085 5149 1300 5217 culpam
1335 5150 1620 5204 conferant
1656 5152 1882 5214 erroris,
1941 5151 2130 5221 sicque

564 5240 943 5306 praedictiones
995 5242 1247 5310 ambigue
1278 5251 1330 5295 et
1373 5244 1426 5296 in
1465 5252 1752 5310 utramque
1785 5252 1990 5314 partem
2034 5259 2130 5312 pa-

562 5339 708 5382 ratas
741 5332 1048 5392 instituant,
1083 5341 1140 5385 ut
1168 5333 1432 5402 quidquid
1455 5335 1710 5394 evenerit,
1739 5336 1788 5386 id
1815 5335 2127 5402 praedictum

561 5433 683 5471 esse
712 5421 975 5476 videatur.
1030 5423 1182 5492 S;epc
1225 5425 1368 5477 enim
1405 5423 1665 5476 exiiuium
1701 5425 1828 5491 quid
1873 5435 1926 5478 et
1964 5441 2129 5494 supra

563 5510 700 5563 alios
727 5523 1046 5566 eventurum
1089 5515 1250 5567 alicui
1284 5515 1534 5583 pranlixit
1570 5516 1615 5566 is
1650 5518 1737 5582 qui
1770 5515 1957 5567 horam
1991 5518 2130 5569 nati-

563 5599 749 5651 vitatis
781 5603 1143 5656 consideravit
1171 5623 1182 5656 :
1229 5605 1423 5658 deinde
1453 5616 1628 5656 autem
1664 5621 1787 5656 cum
1833 5605 1920 5656 ille
1957 5605 2008 5656 in
2038 5621 2132 5658 ex-

564 5695 736 5741 trema
764 5694 900 5744 mala
947 5709 1008 5745 ac
1055 5696 1391 5748 calamitates
1437 5712 1544 5748 nou
1575 5696 1823 5761 vulgares
1857 5696 2126 5760 inciderit,

565 5795 674 5832 non
711 5796 767 5833 se
814 5782 1094 5837 aberrasse
1137 5800 1166 5836 a
1210 5785 1560 5853 praedictione
1611 5785 1890 5840 allirmavit
1941 5795 2126 5853 vates;

2227 4600 2325 4651 ούκ
2371 4597 2554 4668 ἐπειδή
2600 4597 2727 4650 ποτέ
2764 4614 2814 4648 τι
2855 4595 2994 4649 κατὰ
3036 4597 3098 4648 τὸ
3143 4595 3352 4666 συμϐὰν
3393 4592 3654 4664 ἐπετέχθη
3692 4592 3809 4646 τῶν

2227 4687 2528 4757 εἰρημένων
2553 4686 2701 4759 (εἶπε
2712 4703 2742 4755 ρ
2767 4685 2829 4757 δὴ
2862 4685 2996 4748 ὅλως
3032 4685 3129 4756 μὲν
3157 4683 3476 4760 ἐπετέχθη),
3499 4683 3585 4735 διὰ
3615 4683 3809 4735 τούτου

2227 4779 2259 4847 ἡ
2301 4779 2396 4846 τῆς
2449 4777 2784 4848 εἱμαρμένης
2829 4777 3205 4830 ἀποδείκνυται
3249 4777 3494 4846 δύναμις,
3541 4776 3658 4828 ἐπεὶ
3695 4777 3811 4827 πᾶν

2230 4869 2581 4939 προρρήσεως
2630 4864 2789 4931 εἶδος,
2842 4869 3062 4932 εἰκότως
3117 4869 3179 4922 ἂν
3227 4868 3284 4934 ἐξ
3333 4868 3664 4938 εἱμαρμένης
3703 4867 3809 4937 τὴν

2233 4962 2380 5028 ἰσχὺν
2432 4960 2574 5030 ἔχειν
2621 4960 3090 5024 κατασκευάζοιτο.
3127 4962 3289 5014 Ὥστε
3333 4963 3464 5031 ἡμῖν
3517 4962 3642 5030 μίαν
3702 4963 3812 5032 μὲν

2231 5051 2565 5122 εἱμαρμένην
2597 5047 2733 5104 εἶναι
2762 5053 2850 5104 τὸν
2876 5051 3080 5122 ὄνειρον
3101 5068 3114 5080 ·
3141 5052 3330 5122 ἑτέραν
3356 5051 3412 5104 δὲ
3440 5052 3536 5123 τὴν
3567 5055 3630 5106 ἐκ
3668 5055 3814 5107 παλ-

2231 5143 2344 5212 μῶν
2377 5145 2784 5215 παρατήρησιν·
2817 5144 2980 5215 ἆλλην
3012 5143 3086 5208 δὲ,
3123 5143 3180 5208 ἐξ
3226 5144 3544 5213 οἰωνισμῶν,
3591 5144 3622 5213 ἢ
3671 5145 3812 5214 κληο

2229 5236 2412 5298 δόνων,
2443 5236 2476 5306 ἧ
2510 5253 2666 5289 τινων
2705 5237 2983 5307 συμϐόλων
3018 5235 3428 5306 συνισταμένην.
3464 5237 3525 5288 Εἰ
3570 5236 3625 5289 δὲ
3652 5237 3810 5289 οὐδὲν

2231 5331 2315 5380 ἐπ⁶
2347 5329 2566 5382 ἐκείνων
2605 5328 2799 5380 κωλύει
2847 5330 2938 5381 καὶ
2977 5329 3277 5398 πρόρρησιν
3306 5323 3442 5382 εἶναι
3482 5331 3571 5380 καὶ
3605 5331 3808 5400 εἱμαρ-

2235 5419 2399 5488 μένην
2433 5421 2505 5490 μη
2533 5416 2669 5472 εἷναι
2694 5438 2706 5450 ·
2737 5421 2854 5472 ούδὲ
2882 5421 3036 5481 εἴτις
3059 5419 3118 5483 ἐξ
3146 5419 3375 5490 ἀριθμοῦ
3401 5422 3512 5481 τοῖς
3537 5418 3812 5486 γενεθλια‹

2231 5511 2476 5579 λογοῦσιν
2516 5512 2807 5581 ἑπετεύχθη
2844 5513 3161 5582 πρόρρησις,
3212 5511 3452 5583 ἀρκοῦσα
3497 5511 3703 5576 γένοιτο
3742 5511 3811 5564 ἂν

2234 5607 2412 5666 πίστις
2449 5605 2525 5666 είς
2551 5604 2610 5656 τὸ
2652 5603 2724 5672 μὴ
2759 5603 2951 5673 ῥαδίως
2983 5605 3048 5656 τὰ
3075 5604 3299 5656 τοιαῦτα
3331 5601 3805 5670 ἐπιτυγχάνεσθαι.

2235 5696 2424 5747 Καίτοι
2462 5711 2522 5762 γε
2568 5693 2689 5746 οὔτε
2723 5696 2964 5766 ἀκριϐεῖς
3014 5714 3068 5748 τε
3117 5697 3209 5748 καὶ
3254 5695 3604 5765 ἀναμφίῦολοι
3653 5693 3810 5762 παρὰ

2231 5787 2339 5839 τῶν
2370 5786 2434 5838 τὰ
2470 5785 2687 5839 τοιαῦτα
2721 5787 3196 5858 ἐπαγγελλομένων
3229 5791 3281 5841 αί
3316 5785 3678 5859 προμηνύσεις
3715 5782 3809 5852 γί-
