3978 6494
273 350 359 404 173

1565 361 1841 416 CONTRA
1885 359 2144 419 FATUM.

3373 377 3474 434 174

265 482 456 530 νῡνται,
514 466 647 520 ἀλλά
699 466 898 531 πολλὰς
946 467 1156 533 ἑαυτοῖς
1211 471 1581 542 ἀναχωρήσεις
1636 491 1797 543 παρα-

1913 493 2036 532 nam
2070 481 2121 534 id
2151 482 2301 552 quod
2343 482 2552 565 insigne
2585 481 2826 538 futurum
2872 494 2988 542 erat
3029 496 3083 543 et
3116 505 3280 562 supra
3313 461 3469 560 alios,

266 557 596 618 σκευάζουσιν
641 558 733 609 ἐπὶ
770 561 834 628 τῇ
882 559 1123 623 ἐκϐάσει,
1171 564 1219 614 εί
1266 564 1403 632 πρὸς
1449 564 1752 616 τούναντίον
1789 567 1817 618 ὀ

260 649 396 713 λόγος
430 647 718 717 ἐλέγχοιτο.
754 650 846 701 καί
897 667 1017 704 τινα
1059 655 1567 722 προ-«τεχνολογοῦσιν
1606 657 1816 718 ἑαυτοῖς

257 733 325 798 οἷς
349 735 548 788 τούτων
571 737 753 804 μέλει·
782 737 920 791 ὥστε
951 740 1026 808 μὴ
1053 740 1153 809 τῆς
1176 743 1479 811 ἐπιστήμης
1519 742 1596 812 τῷ
1617 742 1813 811 ἐσφαλ-

258 825 402 893 μένῳ,
461 824 597 876 ἀλλὰ
651 828 748 895 τῆς
799 826 940 878 κατὰ
985 827 1081 896 τὴν
1129 827 1276 899 ὥραν
1325 831 1673 898 σημειώσεως
1720 829 1815 900 τὴν

254 915 534 984 ἀποτυχίαν
562 916 889 982 λογίζεσθαι,
923 919 1014 970 καὶ
1053 918 1203 984 λοξαὶ
1230 919 1305 982 ὡς
1330 921 1530 974 ἐπίπαν
1561 922 1654 975 καὶ
1683 923 1816 992 πρὸς

252 1007 300 1057 τὸ
321 1006 534 1058 διπλοῦν
571 1008 676 1059 τῶν
718 1009 993 1062 ἐκδάσεων
1033 1009 1559 1081 ἐπαμφοτερίζουσαι
1580 1011 1814 1080 γίνονται

253 1097 365 1166 παρ’
393 1098 575 1150 αὐτῶν
612 1101 667 1150 αί
709 1101 1058 1170 προρρήσεις,
1088 1101 1153 1152 ἵν’
1179 1101 1314 1171 ὅπερ
1355 1101 1422 1154 ἂν
1468 1103 1624 1174 ἐκϐῇ,
1657 1103 1815 1156 τοῦτο

254 1189 688 1257 προμεμηνύσθαι
720 1190 863 1261 δόξῃ.
900 1191 1161 1252 Πολλάκις
1188 1191 1296 1260 γάρ
1329 1193 1388 1244 τὸ
1428 1195 1719 1263 περιφανές
1752 1212 1813 1248 τε

251 1281 329 1330 καὶ
356 1280 412 1330 τι
439 1279 584 1349 ὑπὲρ
625 1280 751 1342 τοὺς
791 1281 983 1343 ἄλλους
1027 1284 1054 1334 6
1093 1283 1188 1352 τὴν
1229 1282 1376 1353 ὥραν
1418 1286 1515 1355 τῆς
1551 1289 1814 1354 γενέσεως

251 1372 569 1438 κατανοήσας
601 1373 890 1441 ἐμήνυσεν.
930 1370 1057 1426 Εἶτα
1095 1375 1150 1425 ἐν
1176 1374 1432 1440 ἐξαισίοις
1472 1378 1580 1430 τισὶ
1608 1395 1815 1448 συμφο-

253 1465 354 1530 ραῖς
384 1462 573 1514 τούτου
604 1465 910 1530 γεγονότος,
942 1465 1091 1518 οὐδὲν
1120 1466 1434 1535 διεσφάλθαι
1483 1469 1814 1541 προαγορεύ-

251 1569 334 1614 σας
371 1553 762 1623 διισχυρίσατο.
817 1551 944 1624 Εἶχε
991 1557 1097 1626 γὰρ
1149 1559 1290 1629 ὑπὲρ
1342 1563 1466 1622 τοὺς
1513 1562 1702 1628 ἄλλους
1751 1563 1813 1617 τὸ

248 1644 386 1694 πλέον
419 1646 497 1705 εἰς
536 1647 639 1714 τὴν
679 1645 785 1697 τῶν
830 1646 1011 1700 κακῶν
1065 1649 1348 1718 μετουσίαν
1368 1670 1382 1683 ο
1415 1653 1507 1705 καὶ
1539 1654 1740 1708 τούτων
1775 1657 1810 1728 ἡ

247 1735 350 1786 καθ’
377 1737 523 1804 ἡμᾶς
559 1737 773 1806 ἱστορία
804 1738 1010 1808 μάρτυς
1044 1741 1209 1796 ἐστίν.
1245 1742 1538 1808 Οὐάλεντος
1573 1747 1679 1818 γὰρ
1709 1747 1803 1801 τοῦ

247 1826 482 1893 βασιλέως
514 1829 610 1880 ἐπὶ
643 1828 744 1897 τῆς
771 1830 880 1882 τῶν
911 1831 1193 1901 Ῥωμαίων
1223 1833 1372 1896 ὄντος
1394 1837 1587 1907 ἀρχῆς,
1619 1839 1801 1910 ἀπάτη

244 1935 311 1980 τις
338 1917 554 1988 τοιαύτη
602 1919 742 1988 πρὸς
787 1921 882 1991 τὴν
925 1922 1178 1992 ἄνταρσιν
1214 1925 1314 1995 τῆς
1364 1927 1535 1997 ἀρχῆς
1580 1932 1805 2000 παρεκί-

245 2025 372 2076 νησε.
415 2010 525 2060 Καὶ
560 2011 589 2060 6
631 2011 731 2079 μὲν
760 2012 1015 2085 ὥρμησεν
1039 2015 1251 2084 ,ἐφόδιον
1300 2017 1436 2088 πρὸς
1471 2017 1568 2089 τὴν
1603 2021 1804 2092 τόλμαν

244 2099 331 2151 τῶν
374 2099 926 2169 γενεθλιαλογούντων
981 2107 1372 2176 προαγόρευσιν
1419 2107 1590 2180 ἐχωνο
1638 2111 1698 2164 τὸ
1749 2113 1803 2165 δὲ

245 2191 391 2257 πέρας
421 2194 518 2261 τῆς
549 2195 920 2264 ἐγχειρήσεως
961 2196 1198 2249 τοιοῦτον
1231 2188 1464 2265 ἐγένετο,
1491 2199 1630 2256 ὥστε
1646 2203 1806 2256 αὐτὸν

242 2283 315 2333 τόν
347 2283 434 2334 ἐπὶ
452 2281 593 2345 ’ταῖς
641 2286 927 2354 μεγίσταις
959 2286 1150 2357 ἀρχαῖς
1198 2273 1593 2361 γνωρισθέντα,
1639 2295 1696 2346 ἐν
1728 2295 1806 2366 τῷ

245 2373 435 2440 μεγέθει
477 2375 578 2443 τῆς
609 2377 898 2444 συμφορᾶς
950 2378 1201 2444 γενέσθαι
1254 2378 1666 2455 διασημότερον·
1706 2387 1806 2440 καὶ

241 2463 373 2517 τοῦτο
424 2466 685 2533 συνεργία
756 2467 854 2536 τῆς
919 2469 1350 2538 γενεθλιαλογίας
1418 2477 1525 2536 τοῖς
1592 2477 1805 2542 πολλοῖς

240 2553 490 2624 ἐνομίσθη,
541 2556 625 2606 ὅτι
665 2555 728 2607 τὸ
779 2555 919 2609 κατὰ
954 2558 1235 2628 συμφορὰν
1287 2560 1512 2628 μέγεθος
1559 2565 1679 2618 ἀντὶ
1708 2568 1801 2621 τοῦ

242 2642 475 2710 μεγέθους
499 2643 612 2695 τῶν
642 2645 864 2709 ἀγαθῶν
904 2645 979 2715 τῷ
1005 2647 1154 2716 ἀνδρὶ
1191 2651 1504 2724 συνηνέχθη.
1567 2657 1708 2725 Ἐγὼ
1747 2665 1804 2718 δὲ

1833 1798 1880 1859 Β

1920 571 1974 625 in
2010 572 2291 628 adversam
2327 589 2390 628 ac
2420 574 2614 626 malam
2644 584 2848 643 partem
2877 587 3127 634 eventum
3157 581 3323 638 fuisse
3353 600 3474 641 sor-

1921 665 2075 715 titum
2103 683 2115 717 :
2171 665 2330 734 idque
2368 681 2455 719 res
2481 675 2664 721 nostra
2698 671 2958 723 memoria
2991 680 3151 740 gesta:
3179 681 3469 734 testantur.

1920 751 2142 807 Valente
2195 756 2335 809 enim
2383 754 2750 810 Romanorum
2799 759 3123 828 imperatore
3154 765 3278 821 talis
3319 766 3473 823 fraus

1916 850 1970 896 et
2012 844 2311 913 impostura
2346 846 2633 914 quemdam
2694 851 2759 902 ad
2790 850 3074 919 imperium
3113 854 3470 913 aﬂectandum

1917 937 2200 1003 permovit.
2229 937 2452 992 Animos
2483 938 2559 991 illi
2587 939 2802 1008 quidem
2832 940 3065 997 faciebat
3099 947 3470 1005 audaciorem-

1915 1040 2020 1093 que
2054 1026 2313 1080 reddebat
2344 1027 2807 1096 genethliacorum
2839 1032 3136 1100 praedictio,
3174 1037 3267 1092 sed
3291 1040 3471 1095 exitus

1916 1126 2210 1172 conatuum
2243 1119 2510 1189 ejusmodi
2543 1119 2666 1184 fuit,
2705 1129 2764 1174 ut
2789 1122 2903 1190 ipse
2930 1128 3158 1182 summis
3184 1130 3470 1200 magistra-

1917 1210 2062 1265 tibus
2092 1212 2256 1279 gestis
2285 1212 2485 1274 clarus,
2544 1210 2694 1266 ﬁeret
2743 1215 3114 1285 magnitudine
3146 1221 3469 1282 calamitatis

1916 1298 2212 1367 insignior:
2247 1300 2409 1368 idque
2439 1301 2796 1369 patrocinium
2824 1308 3250 1380 genethlialogiae
3277 1313 3471 1382 pleris-

1912 1405 2018 1457 que
2065 1389 2238 1443 visum
2278 1398 2383 1455 est,
2438 1393 2583 1462 quod
2630 1411 2718 1450 res
2759 1410 3031 1468 prospera:
3067 1402 3167 1454 viri
3213 1402 3469 1462 adversas

1912 1491 2305 1548 exrequassent.
2342 1481 2544 1538 Verum
2581 1501 2680 1554 ego
2715 1486 2868 1542 falsis
2899 1489 3127 1545 istorum
3161 1495 3468 1562 praedictio-

1912 1571 2074 1648 nibus
2104 1571 2169 1624 ad
2198 1570 2365 1625 fatum
2393 1573 2745 1630 refellendum
2766 1593 2874 1631 non
2904 1580 3088 1648 nitor;
3120 1584 3214 1638 sed
3247 1585 3337 1639 illa
3368 1602 3467 1657 po-

1914 1662 2021 1716 tius
2074 1664 2300 1728 ratione,
2353 1667 2498 1734 quod
2549 1668 2767 1726 fallaces
2814 1685 2878 1726 ac
2933 1673 3146 1729 subdoli
3194 1677 3467 1736 daemones

1913 1753 2096 1807 multis
2123 1755 2285 1808 etiam
2311 1756 2432 1812 aliis
2460 1759 2633 1815 modis
2659 1761 3070 1820 vaticinationes
3102 1765 3469 1826 fraudulenter

1911 1846 2418 1901 comminiscuntur.
2478 1847 2613 1902 Nam
2661 1851 2985 1907 divinatoria
3033 1857 3274 1924 quaedam
3328 1874 3468 1931 aqua

1910 1947 2064 2004 epota
2105 1937 2155 1989 in
2208 1938 2404 1992 mentis
2432 1954 2670 1994 errorem
2703 1952 2758 1995 et
2799 1941 3065 1999 insaniam
3118 1947 3363 2018 inducit;
3414 1963 3468 2008 et

1913 2028 2135 2097 spiritus
2170 2045 2402 2100 superne
2431 2047 2526 2100 per
2552 2032 2822 2102 quoddam
2858 2035 3124 2092 oriﬁcium
3158 2055 3462 2110 permeans,

1911 2119 2162 2189 intraque
2193 2119 2420 2175 feminea
2448 2122 2657 2178 viscera
2703 2137 2973 2194 receptus,
3021 2135 3074 2182 et
3101 2139 3255 2185 utero
3288 2141 3467 2193 tumo-

1907 2228 2020 2266 rem
2067 2220 2120 2266 et
2171 2215 2335 2267 menti
2371 2212 2605 2269 furorem
2655 2231 2718 2269 ac
2747 2215 2995 2271 delirium
3033 2223 3306 2279 conciliat.
3336 2225 3466 2291 Qua:

1907 2304 2109 2366 omnia,
2146 2305 2326 2358 divina
2351 2314 2402 2359 et
2429 2307 2684 2360 vaticinia
2715 2309 2969 2364 videntur
2996 2326 3179 2368 errore
3204 2314 3464 2387 deceptis.

1905 2394 2241 2461 Quinetiam
2275 2413 2462 2451 omnes
2504 2397 2601 2464 illi,
2665 2399 2757 2468 qui
2805 2416 2871 2455 ex
2917 2401 3102 2471 jecore
3151 2414 3246 2460 aut
3293 2408 3486 2480 signis,

1904 2487 2226 2558 quibusdam
2256 2488 2418 2557 ignis,
2465 2497 2560 2543 aut
2587 2505 2651 2544 ex
2687 2492 2866 2546 avium
2917 2494 3098 2550 volatu
3129 2495 3310 2552 futura
3338 2515 3467 2556 con-

1904 2578 2130 2647 jectant,
2157 2578 2263 2630 vim
2292 2578 2530 2631 vaticinii
2558 2594 2666 2634 non
2690 2581 2757 2634 ad
2788 2581 2978 2650 fatum,
3007 2585 3101 2640 sed
3132 2587 3198 2642 ad
3226 2587 3465 2646 afﬂatum

1908 2667 2194 2740 quemdam
2223 2669 2526 2722 daemonum
2557 2669 2818 2727 referunt.

239 2733 287 2783 τὸ
327 2735 416 2802 μὲν
463 2735 893 2806 πεπλανημένας
936 2737 1035 2802 τὰς
1081 2741 1208 2811 περὶ
1250 2743 1450 2800 τούτων
1498 2751 1739 2818 γίνεσθαι
1785 2760 2222 2835 προαγορεύσεις,
2263 2758 2412 2812 οὔπω
2458 2761 2596 2830 μέγα
2637 2763 2891 2834 ποιοῦμαι
2930 2770 3222 2840 τεκμήριον
3252 2771 3347 2825 τοῦ
3387 2774 3464 2847 μὴ

242 2825 423 2847 1__!_,___
456 2828 549 2847 _-A
595 2831 746 2847 _',,,_-,
814 2830 826 2847 1
993 2831 1007 2847 \
1076 2831 1132 2847 \l
1312 2837 1415 2847 ιιι-
1457 2841 1470 2847 -
1583 2845 1618 2847 ,ν

239 2825 551 2934 framea;
583 2830 928 2934 εἱμίξίίιξένης
959 2831 1415 2934 caveam-ear
1453 2841 1636 2917 ἐπειδὴ
1683 2825 1902 2920 πολλαῖς
1940 2825 2064 2907 ’καὶ
2098 2853 2279 2913 ἄλλαις
2318 2825 2579 2916 ἐπινοίαις
2639 2856 2670 2925 ἡ
2716 2825 2965 2929 ἀπατηλὴ
3021 2825 3129 2913 ἐεΣᾷ
3197 2825 3464 2934 δαιμόνέρξ

237 2915 438 3023 δύναμις
453 2918 554 2980 τὰς
581 2919 916 2988 προρρήσεις
940 2922 1233 2989 σοφίζεται·
1262 2927 1370 2981 Καὶ
1399 2931 1508 3002 γὰρ
1529 2915 1784 3012 καὶῖῦδωρ
1821 2915 2178 3014 τι-μαντικὸν,
2208 2942 2530 3012 παραφορὰς
2559 2915 2896 3014 καίμανίας.
2937 2915 3048 3012 τοῖς
3111 2915 3463 3023 γευσαξιέηλᾶς

235 3010 662 3081 ἐνεργαζόμενον,
715 3013 806 3064 καὶ
855 3014 1066 3084 πνεῦμα.
1104 3018 1343 3074 κάτωθεν
1370 3023 1456 3078 διά
1497 3045 1639 3094 τινος
1668 3010 1884 3105 στομίου
1907 3010 2356 3106 ’διεξερχόμενον-
2426 3010 2560 3103 δπερ
2640 3010 2690 3088 εί
2763 3039 2820 3091 ἐν
2862 3010 3188 3106 γυναικείοις
3257 3010 3462 3112 γένοιτο

237 3105 532 3174 σπλάγχνοις
561 3105 898 3176 ἑξῳδηκέναι
930 3109 1026 3178 τὴν
1061 3112 1297 3184 γαστέρα
1337 3117 1528 3186 ἐποίει,
1570 3126 1662 3178 καὶ
1693 3128 1789 3198 τῆς
1858 3129 2093 3193 διανοίας
2122 3130 2395 3191 ἔκστασιν,
2431 3131 2524 3181 καὶ
2563 3131 2882 3202 παραφορὰν
2914 3133 3006 3186 τοῦ
3070 3133 3462 3209 καθεστηκότος

234 3201 509 3269 εξργάξετο·
591 3203 770 3273 Ἀπερ
818 3203 1011 3269 πάντα,
1078 3205 1196 3259 θεῖά
1240 3227 1300 3261 τε
1348 3215 1440 3266 καὶ
1475 3221 1709 3285 μαντικὰ
1745 3226 1857 3287 τοῖς
1893 3223 2268 3295 ἀπατωμένοις
2299 3225 2490 3289 ἐδόκει,
2518 3223 2625 3276 τῶν
2655 3242 2714 3277 τε
2755 3226 2814 3290 ἐξ
2856 3228 3063 3296 ἥπατος
3094 3230 3128 3301 ἢ
3162 3231 3329 3303 πυρὸς
3366 3248 3464 3305 ση-

237 3294 384 3362 μείοις
411 3295 519 3347 τισὶ
547 3294 616 3346 τὸ
649 3293 840 3357 μέλλον
875 3295 1316 3363 προεικαζόντων,
1346 3302 1378 3373 ἢ
1407 3305 1514 3359 τῶν
1540 3310 1672 3379 πρὸς
1691 3312 1788 3374 τὰς
1825 3315 2049 3384 πτήσεις
2081 3293 2188 3365 τῶν
2255 3312 2475 3383 ὀρνέων,
2548 3312 2718 3376 οὐδεὶς
2769 3293 2996 3386 ἀνέθηκε
3044 3293 3128 3388 τῇ⁷
3157 3293 3461 3393 εἱμαρμένῇ

234 3387 312 3457 τὴν
341 3388 435 3457 τῆς
473 3390 842 3458 προρρήσεως
889 3388 1141 3458 δύναμινο
1200 3393 1336 3447 ἀλλά
1383 3415 1486 3452 τινι
1540 3401 1788 3474 δαιμονίᾳ
1825 3408 2117 3476 κατακωχῇ
2148 3405 2206 3456 τὸ
2236 3404 2473 3457 τοιοῦτον
2504 3403 2820 3473 λογίζονται.

291 3479 432 3532 Οῦτω
458 3482 628 3550 φημὶ,
668 3480 701 3550 ἢ
741 3480 814 3550 μὴ
848 3476 984 3533 εἶναι
1025 3481 1250 3536 καθόλου
1287 3490 1679 3560 προαγόρευσιν
1705 3495 1790 3548 διὰ

1965 3495 2144 3560 Quare
2171 3495 2421 3549 existimo
2452 3506 2543 3548 aut
2571 3509 2678 3548 non
2709 3511 2830 3550 esse
2879 3497 3098 3552 omnino
3137 3514 3262 3555 vera
3311 3501 3456 3556 vati-

234 3572 282 3624 τὸ
313 3574 517 3636 πολλοῖς
555 3575 922 3642 ἐναντιώμασι
960 3577 1058 3640 τὰς
1095 3580 1423 3649 προρρήσεις
1460 3583 1792 3654 ἐλέγχεσθαι,

233 3664 260 3733 ἦ
299 3665 444 3734 εἴπερ
491 3665 844 3717 ἀποδείκνυσί
890 3684 972 3728 τις
1019 3668 1185 3739 αὐτὴν
1227 3669 1301 3733 ὡς
1346 3673 1710 3743 προλέγουσαν
1744 3695 1796 3730 τι

233 3754 322 3806 τῶν
349 3757 752 3826 ἐκϐησομένων,
785 3757 918 3827 ὅπερ
961 3759 1052 3810 ἐπὶ
1085 3759 1193 3812 τῶν
1234 3761 1405 3815 ἄλλων
1430 3765 1655 3819 ἑκάστου
1684 3768 1792 3821 τῶν

234 3845 353 3897 κατὰ
395 3847 702 3918 πρόρρησιν
757 3847 1258 3919 ἐπιτυγχανομένων
1289 3853 1793 3925 καταλαμϐάνομεν,

231 3935 364 3988 τοῦτο
391 3938 481 3989 καὶ
519 3939 618 3990 ἐπὶ
666 3936 758 3990 τοῦ
802 3939 1038 3991 τοιουτου
1085 3941 1180 4010 τῆς
1232 3945 1586 4016 προρρήσεως
1618 3949 1788 4013 εἴδους

232 4026 426 4094 οἰόμεθα
455 4027 659 4098 χρῆναι
693 4026 947 4096 νομίζειν.
981 4024 1126 4081 Ἶσον
1162 4030 1270 4101 γάρ
1302 4033 1392 4084 ἐπὶ
1429 4035 1642 4087 πάντων
1671 4037 1792 4090 τού-

233 4130 321 4167 των
364 4117 498 4178 ἐστὶ,
539 4117 610 4168 τὸ
655 4118 712 4169 ἐν
751 4121 861 4181 τοῖς
891 4118 1092 4172 πλείοσι
1116 4119 1518 4191 διαμαρτάνειν,
1551 4127 1611 4177 τό
1647 4144 1704 4179 τε
1737 4127 1794 4182 ἓν

233 4223 350 4259 τισιν
376 4207 556 4260 δοκεῖν
596 4209 670 4277 μὴ
699 4208 803 4273 ἔξω
844 4210 939 4279 τῆς
983 4209 1087 4261 τῶν
1133 4210 1511 4280 ἐκϐησομένων
1540 4213 1793 4284 ἀληθείας

230 4296 362 4363 ἄγειν
387 4301 487 4370 τὴν
524 4300 832 4370 πρόρρησιν
852 4317 864 4330 ·
897 4301 988 4352 καλ⁸
1017 4302 1081 4370 τῇ
1110 4302 1357 4372 ἀπατηλῇ
1389 4303 1496 4355 τῶν
1523 4304 1791 4376 δαιμόνων

228 4389 365 4456 φύσει
405 4391 635 4461 ὁμοίως,
675 4391 767 4442 καὶ
807 4391 892 4443 διὰ
934 4392 1135 4463 ταύτης
1162 4394 1255 4446 καὶ
1288 4395 1466 4465 πάσης
1494 4397 1735 4460 ἐπινοίας
1763 4403 1790 4453 6

229 4485 405 4546 σκοπὸς
437 4482 832 4554 κατορθοῦται·
871 4487 931 4535 τὸ
963 4483 1068 4555 γάρ
1109 4486 1408 4556 ἀποστῆσαι
1453 4488 1542 4540 τὸν
1585 4489 1792 4560 ἄνθρω-

229 4591 314 4626 πον
338 4576 428 4627 τοῦ
463 4575 606 4645 πρὸς
639 4576 729 4626 τὸν
775 4575 903 4628 Θεὸν
935 4575 1168 4644 βλέπειν,
1203 4579 1452 4630 κάκεῖθεν
1496 4581 1668 4651 ἐαυτῴ
1695 4583 1788 4653 τὴν

226 4666 315 4717 τῶν
337 4667 561 4734 ἀγαθῶν
590 4669 781 4736 μοῖραν
819 4669 1270 4738 παρασκευάζειν,
1301 4669 1418 4722 ἀντὶ
1448 4672 1649 4734 παντὸς
1677 4677 1788 4735 τοῖς

225 4755 418 4827 δαίμοσι
453 4759 836 4822 σπουδάζεται.
873 4760 945 4810 Τὸ
979 4760 1155 4812 τοίνυν
1196 4760 1483 4813 πεπεῖσθαι
1528 4764 1653 4825 τοὺς
1698 4765 1786 4816 εὑ-

1896 3585 2059 3650 cinia,
2092 3585 2235 3656 quod
2269 3585 2452 3640 multis
2497 3586 2776 3640 eventibus
2809 3589 3099 3644 contrariis
3129 3592 3446 3648 convellun—

1897 3680 2020 3736 tur;
2053 3683 2145 3728 aut
2186 3676 2231 3730 si
2262 3676 2385 3744 quis
2419 3675 2670 3730 ostendat
2703 3675 2871 3730 fatum
2909 3680 3324 3750 praesigniﬁcare
3353 3683 3456 3740 ali-

1895 3785 2053 3838 quem
2087 3769 2322 3822 futurum
2347 3777 2618 3830 eventum.
2652 3769 2795 3840 quod
2825 3769 2878 3822 in
2913 3770 3035 3826 aliis
3067 3773 3340 3838 omnibus,
3374 3775 3451 3831 ita

1897 3860 1970 3912 uti
2007 3860 2364 3928 praenuntiata
2411 3857 2644 3924 fuerant,
2699 3858 3074 3914 evenientibus
3123 3863 3450 3930 reperimus,

1894 3949 1948 4004 id
1981 3952 2035 4003 in
2068 3949 2372 4018 hujusmodi
2419 3964 2636 4018 quoque
2683 3949 3081 4004 vaticinationis
3118 3966 3314 4022 genere
3353 3969 3447 4007 ne-

1894 4040 2137 4093 cessario
2177 4039 2398 4107 reperiri
2426 4053 2732 4094 censemus.
2762 4037 2866 4092 Par
2893 4040 3036 4094 enim
3080 4041 3132 4093 in
3167 4041 3252 4097 his
3278 4043 3455 4096 omni-

1895 4131 1996 4184 bus
2027 4139 2109 4184 cst
2141 4133 2300 4195 ratio,
2355 4139 2411 4184 ut
2442 4129 2648 4184 fatidici
2699 4129 2790 4183 ubi
2825 4130 2881 4184 in
2931 4131 3204 4203 plerisque
3233 4149 3452 4190 errave-

1894 4222 2021 4282 rint,
2052 4223 2104 4274 in
2129 4220 2456 4290 quibusdam
2485 4227 2632 4276 certe
2665 4220 2970 4275 futurorum
2993 4231 3285 4278 eventuum
3315 4227 3454 4281 veri-

1893 4319 2056 4365 tatem
2095 4310 2478 4365 vaticinatione
2527 4311 2813 4366 videantur
2847 4314 3108 4370 assecuti.
3146 4315 3322 4384 Atque
3367 4314 3454 4371 in-

1893 4413 2006 4453 star
2037 4400 2503 4454 fraudulentorum
2533 4400 2836 4454 daemonum
2864 4400 2920 4454 in
2965 4416 3083 4457 eam
3113 4417 3226 4458 rem
3259 4418 3449 4460 omnes

1892 4490 2249 4559 cogitationes
2305 4490 2593 4544 conferunt
2645 4497 2697 4545 et
2742 4506 2921 4553 curas,
2981 4502 3039 4544 ut
3083 4493 3352 4548 hominem
3383 4511 3450 4551 eo

1892 4584 2136 4652 redigant
2176 4599 2243 4638 ne
2291 4585 2479 4639 oculos
2521 4583 2589 4638 ad
2621 4583 2786 4638 Deum
2831 4593 3127 4648 convertat,
3181 4586 3248 4640 ab
3275 4602 3450 4657 eoque

1889 4675 2071 4726 omnia
2108 4674 2247 4728 bona
2297 4675 2572 4738 obtineat;
2626 4682 2786 4744 atque
2817 4676 2952 4730 adeo
2995 4677 3304 4741 consilium,
3338 4694 3448 4746 quo

1890 4767 2137 4821 homines
2168 4767 2440 4837 simplices
2469 4777 2522 4822 et
2547 4766 2774 4822 fallaciis
2803 4768 3020 4823 obnoxii
3059 4784 3089 4822 a
3135 4769 3314 4824 divina
3348 4786 3445 4824 vo-

227 4847 590 4921 εξαπατήτθυς,
646 4851 719 4920 μὴ
749 4853 842 4904 ἐπὶ
887 4852 963 4921 τῷ
1019 4853 1144 4922 θείῳ
1185 4853 1478 4923 βουλήματι
1527 4855 1594 4907 τὰ
1643 4857 1782 4910 κατὰ

1908 4865 2091 4911 untate
2108 4859 2479 4930 amplectenda
2508 4868 2835 4914 revocantur
2880 4861 2946 4913 ad
2977 4859 3243 4928 ejusmodi
3269 4871 3447 4916 astro-

226 4938 300 4989 τδν
344 4940 450 5008 βίον
503 4941 746 4992 κεῖσθαιο
791 4940 901 4992 ἀλλ’
953 4943 1044 4993 ἐπὶ
1090 4945 1154 5010 τῇ
1203 4941 1375 5012 τοιᾷδε
1425 4943 1530 4994 τῶν
1566 4944 1778 5015 ἄστρων

223 5027 485 5102 διαπλοκῇ,
521 5033 615 5083 καὶ
659 5034 722 5102 τῇ
771 5031 975 5084 ἐκεῖθεν
1009 5034 1346 5106 ἀπορρεούσης]
1376 5036 1620 5106 δυνάμει,
1648 5035 1779 5088 πάν-

225 5135 312 5172 των
338 5123 571 5191 μάλιστα
598 5125 734 5192 πρὸς
761 5125 850 5176 τὸν
879 5125 1074 5176 σκοπὸν
1098 5126 1193 5195 τῆς
1217 5127 1512 5196 βλαπτικῆς
1533 5128 1640 5180 τῶν
1667 5127 1779 5179 δαι-

227 5211 379 5276 μόνων
411 5212 624 5281 φύσεως
657 5211 860 5281 βλέπει.
889 5215 951 5267 Εἰ
979 5210 1069 5266 οὖν
1107 5218 1492 5287 κεχαρισμένον
1527 5219 1640 5269 ἐστὶ
1664 5221 1776 5280 τοῖς

223 5299 436 5370 δαίμοσι,
466 5303 564 5355 τοῦ
590 5303 723 5356 Θεοῦ
757 5305 1055 5374 ἀποστῆσαι
1078 5305 1166 5356 τὸν
1195 5307 1492 5377 ἄνθρωπον,
1520 5309 1775 5377 ἀφίστησι

223 5392 268 5442 δὲ
353 5397 478 5466 περὶ
506 5396 681 5448 ταῦτα
725 5396 918 5466 πλάνη,
963 5397 1336 5450 ἀποδείκνυται
1377 5400 1558 5467 σαφῶς
1589 5399 1774 5468 δαιμοο

222 5483 294 5533 νεα
327 5487 402 5547 τίς
453 5483 587 5539 οὖσα
637 5486 903 5556 ἐνέργεια,
954 5489 1018 5539 δι’
1067 5489 1278 5558 ἀπάτης
1323 5491 1771 5560 παρακρουομένη

223 5577 324 5636 τοὺς
351 5580 530 5629 πᾶσαν
561 5579 660 5644 μὲν
704 5579 762 5628 ἐν
805 5578 1010 5640 τούτοις
1052 5581 1148 5649 τὴν
1194 5578 1416 5647 δύναμιν
1459 5575 1594 5631 εἶναι
1625 5581 1772 5650 νομί-

222 5664 415 5731 ζονταςο
453 5670 588 5740 πρὸς
616 5670 673 5722 δέ
702 5671 1102 5742 παντοδύνσμον
1135 5671 1226 5724 τοῦ
1259 5672 1390 5725 Θεοῦ
1423 5674 1665 5739 ἐξουσίαν
1695 5676 1766 5745 μὴ

223 5754 616 5822 ἀποϐλέποντας.

1885 4966 2003 5003 rum
2025 4952 2458 5020 coniunctionem
2483 4968 2545 5006 ac
2566 4953 2671 5006 vim
2699 4954 2818 5008 inde
2841 4953 3180 5018 defluentem,
3212 4955 3444 5009 maxime

1883 5042 1948 5095 ad
1990 5044 2346 5112 malignorum
2382 5043 2683 5097 daemonum
2727 5049 2937 5114 spectat
2977 5061 3223 5115 scopum.
3254 5044 3443 5116 Itaque

1882 5133 1927 5186 si
1970 5133 2270 5203 jucundum
2305 5147 2387 5189 est
2437 5136 2770 5191 daemonibus
2802 5138 3011 5191 animos
3057 5137 3335 5191 hominum
3373 5140 3441 5192 ab

1883 5224 2119 5275 amicitia
2149 5222 2238 5277 Dei
2270 5236 2534 5289 avertere,
2563 5227 2751 5295 sicque
2775 5227 2968 5280 avertit
2998 5227 3223 5280 istarum
3257 5243 3438 5282 rerum

1885 5315 2132 5369 fallacia:
2191 5318 2535 5385 perspicuum
2591 5317 2649 5370 fit
2700 5317 2753 5370 id
2806 5319 3108 5371 daemonum
3164 5319 3437 5388 quoddam

1879 5422 1999 5459 esse
2049 5422 2202 5475 opus,
2256 5418 2624 5477 comparatum
2688 5408 2753 5461 ad
2807 5409 3150 5477 decipiendos
3191 5424 3305 5472 eos,
3343 5411 3436 5481 qui

1877 5513 2089 5552 onmem
2119 5499 2264 5552 illam
2310 5502 2414 5552 vim
2443 5501 2592 5554 hisce
2621 5501 2782 5553 rebus
2826 5501 3086 5554 contineri
3122 5502 3432 5570 opinantur,

1874 5606 2050 5659 neque
2101 5592 2286 5649 oculos
2331 5592 2397 5646 ad
2444 5591 2536 5646 Dei
2591 5607 2854 5647 summam
2913 5603 3235 5648 convertunt
3286 5603 3434 5662 pote-

1875 5691 2065 5738 statem
