3920 6482
478 327 580 385 ίτό

683 473 2563 502 W

1710 343 1768 401 S.
1791 343 2113 400 GREGOItlI
2146 343 2443 400 NYSSENI

2131 478 2565 487 ——_————_

3431 474 3710 484 m.

1393 637 1617 723 ΤΟΥ
1712 636 2086 724 ΑΥΤΟΥ
2201 635 2817 720 ΓΡΗΓΟΡΙΟΥ

1810 820 1999 871 ΠΡΟΣ
2025 820 2362 872 ΕΛΛΗΝΑΣ

1035 985 1246 1100 ΕΚ
1335 989 1634 1103 ΤΩΝ
1730 985 2331 1102 ΚΟΙΝΩΝ
2414 985 3140 1102 ΕΝΝΟΙΩΝ.

1463 1388 1999 1480 EJUSDEM
2071 1392 2162 1480 S.
2221 1389 2789 1482 GREGORII

1525 1581 1944 1639 TRACTATUS
1975 1583 2362 1641 ADVERSUS
2404 1586 2714 1644 GR/ECOS

879 1755 1080 1868 EX
1156 1755 2219 1879 COMMUNIBUS
2279 1762 3307 1881 NOTIONIBUS.

1462 1976 1729 2027 Federicus
1753 1978 2151 2028 Morellusinter.
2173 1979 2297 2042 Reg.
2342 1980 2516 2030 Latine
2566 1982 2725 2032 vertit.

549 2272 610 2328 Si
639 2287 835 2333 nomen
876 2273 976 2329 hoc
1023 2273 1166 2331 Deus
1213 2291 1567 2346 personarum
1622 2279 2039 2348 signiticativum

2213 2279 2274 2330 Εἰ
2323 2276 2383 2329 τὸ
2417 2277 2547 2340 Θεὸς
2585 2278 2755 2346 ὄνομα
2793 2275 3094 2346 προσώπων
3129 2276 3420 2346 δηλωτικὸν
3460 2277 3672 2348 ὑπῆρχε
3700 2318 3723 2344 ,

479 2374 648 2430 esset,
683 2381 805 2422 cum
857 2376 970 2424 tres
1014 2384 1273 2438 personas
1319 2369 1570 2431 dicimus,
1616 2386 1683 2424 ex
1717 2373 2039 2427 necessitate

481 2465 594 2511 tres
621 2457 924 2514 diceremus
945 2459 1096 2525 deos;
1131 2458 1274 2529 quod
1302 2460 1346 2514 si
1368 2459 1508 2515 Deus
1537 2461 1786 2516 essentia:
1815 2462 2039 2516 denota-

478 2549 648 2602 tivum
677 2565 872 2606 nomen
897 2560 1000 2617 est,
1041 2551 1168 2606 dum
1200 2566 1362 2604 unam
1393 2553 1683 2606 essentiam
1718 2552 2040 2606 confitemur

482 2648 685 2694 sancta:
705 2637 1006 2704 Trinitatis,
1036 2656 1202 2695 unum
1226 2639 1392 2695 Deum
1425 2641 1617 2694 merito
1649 2642 2037 2711 glorilicamus,

481 2732 610 2802 quia
646 2731 806 2787 unius
835 2732 1154 2788 substantia:
1185 2749 1350 2787 unum
1389 2748 1608 2794 nomen,
1644 2732 1786 2788 Dens
1811 2741 1916 2786 est.
1958 2732 2041 2785 Id-

481 2819 631 2874 circo
667 2829 1027 2890 eongrnenter
1062 2829 1116 2875 et
1159 2821 1475 2876 substantiae
1520 2831 1572 2874 et
1624 2821 1853 2886 nomini,
1899 2838 2041 2876 unus

481 2917 567 2966 est
594 2908 757 2974 Deus,
791 2920 846 2965 et
877 2927 982 2965 non
1027 2919 1158 2967 tres.
1191 2910 1375 2981 Neque
1419 2914 1560 2966 enim
1593 2911 1758 2966 Deum
1788 2927 1840 2966 et
1875 2913 2037 2968 l)enm

481 3010 537 3058 et
561 3000 730 3056 Deum
757 3001 1009 3066 dicimus,
1041 3003 1188 3058 velut
1232 3003 1467 3057 dicimus
1499 3001 1708 3058 Patrem
1759 3012 1812 3058 et
1842 3003 2039 3057 Filium

483 3099 540 3146 et
597 3089 854 3159 Spiritum
907 3099 1178 3156 sanctum,
1247 3092 1558 3145 nominibus
1607 3108 1725 3160 qua:
1782 3108 2042 3162 personas

485 3177 816 3250 signiﬁcant,
871 3187 1259 3235 connectentes
1301 3181 1416 3250 (et)
1466 3181 1927 3249 conjunctionem.
1967 3183 2041 3237 Eo

484 3269 629 3341 quod
656 3285 768 3329 non
794 3272 992 3326 eadem
1018 3271 1130 3326 sint
1162 3286 1426 3342 personae,
1452 3273 1545 3327 sed
1574 3272 1803 3328 diversae
1835 3273 2038 3342 potius,

484 3370 540 3416 et
570 3375 600 3414 a
628 3377 686 3416 se
718 3361 948 3416 invicem
986 3377 1084 3432 pro
1118 3363 1422 3433 significatu
1475 3365 1756 3417 nominum
1789 3363 2044 3420 differen-

488 3457 590 3506 tes.
620 3447 820 3505 Verum
855 3451 1058 3506 nomini
1095 3450 1300 3523 (Deus)
1331 3452 1472 3522 quod
1506 3453 1921 3523 signiﬁcativum
1959 3463 2041 3511 est

491 3539 744 3596 essentia:
771 3555 834 3594 ex
863 3540 1040 3608 aliqua
1067 3542 1413 3611 proprietate,
1448 3558 1567 3613 quae
1595 3545 1706 3613 ipse
1735 3546 1895 3607 inest,
1927 3561 2034 3599 non

2140 2371 2266 2441 τρία
2291 2371 2552 2440 πρόσωπα
2592 2369 2857 2437 λέγοντες,
2894 2367 2952 2431 ἐξ
2979 2369 3221 2438 ἀνάγκης
3254 2368 3318 2420 ἂν
3357 2371 3503 2438 τρεῖς
3534 2369 3725 2438 ἐλέγο-

2146 2477 2242 2530 μεν
2264 2458 2445 2520 θεούς·
2471 2461 2516 2511 εἰ
2550 2457 2604 2511 δὲ
2639 2457 2768 2520 Θεὸς
2805 2458 2974 2528 δνομα
3006 2458 3189 2520 οὐσίας
3221 2461 3546 2528 σημαντικόν
3572 2463 3719 2522 ἐστι,

2145 2551 2270 2620 μίαν
2323 2549 2506 2602 οὐσίαν
2555 2549 2934 2619 ὁμολογοῦντες
2984 2552 3080 2617 τῆς
3134 2549 3290 2616 ἁγίας
3335 2551 3574 2621 Τριάδτῶ
3617 2553 3724 2603 ἕνα

2141 2637 2270 2689 Θεὸν
2301 2637 2524 2700 εἰκότως
2565 2635 2882 2705 δοξάζομενο
2920 2637 3038 2687 ἐπεὶ
3077 2639 3203 2705 μιᾶς
3242 2638 3426 2702 οὐσίας
3455 2638 3510 2690 ἓν
3541 2639 3721 2706 ὄνομα

2138 2726 2199 2779 τὸ
2230 2727 2359 2790 Θεός
2388 2728 2520 2780 ἐστι.
2559 2726 2648 2779 Διὸ
2685 2725 2778 2779 καὶ
2807 2724 3109 2789 ἀκολούθως
3153 2732 3216 2798 τῇ
3247 2746 3305 2781 τε
3337 2730 3490 2799 οὐσία
3517 2730 3608 2782 καὶ
3635 2729 3721 2796 τῷ

2137 2813 2380 2882 ὀνόματι,
2408 2808 2488 2876 εἷς
2535 2815 2648 2866 ἐστι
2689 2813 2841 2877 Θεὸς,
2880 2813 2940 2864 οὐ
2973 2819 3140 2884 τρεῖς.
3173 2816 3309 2870 Οὔτε
3339 2818 3444 2889 γὰρ
3467 2819 3594 2870 Θεὸν
3619 2820 3722 2872 καὶ

2140 2904 2270 2956 Θεὸν
2313 2904 2406 2958 καὶ
2453 2903 2583 2957 Θεὸν
2629 2921 2824 2973 φαμεν,
2869 2902 3055 2974 ὥσπερ
3099 2907 3323 2976 λέγομεν
3371 2910 3580 2980 Πατέρα
3619 2913 3722 2964 καὶ

2141 2995 2265 3047 Υἱὸν
2296 2996 2388 3048 καὶ
2437 2996 2591 3063 ἅγιον
2633 2995 2875 3064 Πνεῦμα,
2923 2995 3014 3048 ἐπὶ
3060 3001 3169 3060 τοῖς
3206 2999 3427 3068 ὀνόμασι
3472 3005 3577 3063 τοῖς
3606 3003 3722 3055 τῶν

2144 3083 2446 3154 προσώπων
2483 3090 2834 3154 σημαντικοῖς
2884 3087 3279 3155 συμπλέκοντες
3311 3091 3400 3143 τὸν
3452 3095 3542 3145 καὶ
3589 3094 3724 3146 σύν-

2140 3175 2353 3245 δεσμον.
2385 3176 2483 3229 Διὰ
2525 3176 2586 3228 τὸ
2615 3178 2686 3246 μὴ
2732 3179 2898 3230 ταύτὰ
2932 3176 3065 3232 εἶναι
3096 3180 3163 3232 τὰ
3194 3183 3474 3252 πρόσωπα,
3503 3187 3724 3256 ἑτεροῖα.

2139 3264 2197 3318 δὲ
2229 3264 2446 3334 μᾶλλον,
2491 3266 2585 3318 καὶ
2633 3267 2951 3338 διαφέροντα
2999 3270 3238 3340 ἀλλήλων
3286 3273 3427 3326 κατὰ
3472 3276 3568 3344 τὴν
3606 3277 3722 3328 τῶν

2139 3356 2414 3426 ὀνομάτων
2443 3358 2734 3427 σημασίαν.
2787 3360 2875 3429 Τῷ
2919 3360 2975 3412 δὲ
3015 3361 3144 3423 Θεὸς
3187 3363 3408 3432 ὀνόματι
3437 3365 3723 3439 δηλωτικῷ

2140 3447 2238 3517 τῆς
2267 3448 2452 3511 οὐσίας
2480 3448 2592 3501 ὄντι
2622 3449 2684 3500 ἔκ
2721 3467 2861 3513 τινος
2900 3451 3182 3522 ἰδιώματος
3211 3455 3498 3525 προσόντος
3524 3458 3720 3529 αὐτῆς,

2143 3535 2203 3587 οὐ
2236 3536 2574 3606 συνάπτομεν
2598 3538 2686 3588 τὸν
2719 3539 2812 3590 xa‘t
2841 3538 3152 3612 σύνδεσμον,
3174 3542 3312 3596 ὥστε
3343 3543 3516 3612 λέγειν
3545 3550 3717 3617 ἡμᾶς,

488 3629 870 3700 conjungimus
914 3630 1158 3698 copulam
1196 3631 1312 3702 (et)
1348 3638 1404 3684 nt
1457 3632 1721 3697 dicamus,
1783 3632 1947 3688 Deum
1989 3642 2042 3688 et

2145 3629 2273 3682 Θεὸν
2304 3630 2397 3682 καὶ
2442 3630 2572 3681 Θεὸν
2624 3630 2717 3681 καὶ
2756 3630 2885 3682 Θεόν
2905 3647 2920 3663 ο
2954 3632 3181 3704 ἐπείπερ
3202 3633 3236 3702 ἡ
3255 3635 3390 3706 αὐτὴ
3414 3635 3496 3688 ἐπ’
3515 3642 3533 3658 ’
3558 3639 3722 3692 οὐσία

491 3719 659 3774 Deum
693 3729 748 3774 et
778 3719 943 3774 Deum
969 3739 980 3773 :
1014 3721 1136 3790 quia
1166 3720 1349 3774 eadem
1389 3732 1470 3776 est
1497 3724 1756 3789 essentia,
1783 3741 1901 3794 qua:
1925 3741 2043 3794 per-

492 3824 639 3866 sona
661 3816 808 3874 sunt,
852 3817 910 3863 et
941 3825 1102 3880 quam
1152 3825 1349 3865 nomen
1385 3812 1487 3865 hoc
1518 3811 1720 3882 (Deus)
1751 3814 2039 3887 signiﬁcat,

489 3911 776 3972 propterea
803 3898 949 3970 quod
991 3899 1152 3955 etiam
1183 3900 1322 3955 idem
1366 3900 1478 3970 ipse
1514 3901 1693 3957 Deus:
1743 3903 1882 3957 idem
1917 3920 2045 3958 vero

489 3990 700 4060 adjecta
720 3990 1086 4046 declaratione
1107 3992 1278 4061 ipsius
1295 4008 1403 4046 non
1423 3995 1766 4048 connectitur
1784 4010 2041 4064 unquam.

491 4083 646 4151 Quod
690 4083 736 4139 si
765 4083 1000 4139 dicimus
1033 4081 1247 4140 Patrem
1300 4083 1492 4148 Deum,
1544 4093 1596 4138 et
1631 4083 1824 4140 Filium
1856 4086 2043 4149 Deum,

489 4183 545 4229 et
572 4171 838 4244 Spiritum
877 4180 1124 4229 sanctum
1157 4173 1346 4234 Deum,
1395 4175 1476 4229 vel
1506 4172 1672 4229 Deum
1709 4174 1945 4238 Patrem.
1993 4183 2046 4231 ct

492 4262 660 4318 Deum
690 4262 906 4330 Filium,
947 4271 1000 4320 et
1030 4263 1196 4320 Deum
1235 4262 1498 4333 Spiritum
1553 4273 1823 4332 sanctum,
1870 4267 2048 4322 notio~

491 4369 616 4410 nem
671 4368 1023 4424 personarum
1081 4354 1394 4410 nominibus
1450 4358 1792 4425 copulamns,
1852 4373 2048 4428 nempe

489 4441 662 4509 Patri,
702 4441 860 4511 Filio,
909 4451 1103 4500 sancto
1143 4444 1392 4515 Spiritui,
1441 4455 1500 4502 ut
1549 4449 1619 4504 sit
1663 4447 1840 4513 Pater,
1878 4448 2047 4504 Filius

487 4542 546 4588 et
561 4532 795 4603 Spiritus
811 4542 1052 4596 sanctus,
1072 4534 1173 4590 hoc
1191 4544 1274 4590 est
1289 4551 1517 4606 persona
1534 4546 1586 4592 et
1602 4553 1830 4607 persona
1847 4547 1900 4594 et
1920 4554 2048 4608 per-

489 4625 870 4682 sonaJdcirco
889 4636 941 4682 et
959 4635 1068 4684 tres
1088 4638 1214 4684 sunt
1240 4645 1499 4700 personae.
1520 4629 1723 4684 Nomen
1744 4640 1921 4686 autem
1945 4633 2046 4686 hoc

489 4717 698 4792 (Deus)
730 4718 974 4776 absolute
997 4731 1050 4776 et
1075 4721 1262 4776 eodem
1287 4723 1445 4777 modo
1474 4723 1796 4792 praedicatur
1821 4724 1886 4778 de
1913 4740 2048 4778 una-

489 4825 705 4882 quaque
725 4826 1100 4882 personarum.
1125 4813 1328 4882 absque
1349 4813 1734 4879 conjunctione
1756 4812 1873 4883 (et),
1899 4815 1968 4868 ita
1989 4821 2047 4867 ut

490 4918 599 4958 non
628 4903 901 4972 possimus
925 4904 1104 4959 dicere
1135 4904 1298 4960 Deum
1332 4913 1386 4960 et
1425 4904 1589 4961 Deum
1618 4916 1671 4960 et
1704 4904 1870 4960 Deum
1898 4923 1912 4972 ;
1951 4907 2044 4960 sed

489 4968 788 5064 intelligere
858 5009 1051 5051 nomen
1117 4997 1278 5051 tertio
1331 4997 1547 5066 quidem
1611 4997 1816 5052 dictum
1891 4968 2116 5064 voce,c

492 5092 713 5153 prOpter
759 5099 1020 5152 personas
1061 5084 1365 5154 subjectus,
1411 5087 1747 5156 propositum
1801 5101 1929 5141 vero
1958 5101 2047 5140 se-

491 5173 668 5229 cunda
712 5184 765 5229 et
813 5176 971 5230 tertia
1025 5177 1346 5244 repetitione
1391 5177 1598 5246 absque
1659 5176 2048 5246 conjunctione

492 5264 775 5334 (et),quia
822 5280 931 5318 non
986 5265 1125 5319 alius
1177 5273 1347 5336 atque
1393 5267 1531 5321 alius
1577 5266 1719 5322 Deus
1771 5276 1874 5321 est.
1925 5266 2042 5322 Non

491 5355 634 5410 enim
683 5362 951 5425 quatenus
984 5353 1144 5410 Pater
1172 5355 1442 5412 diversam
1473 5359 1852 5428 proprietatem
1888 5374 2040 5413 suam

493 5455 676 5502 servat
726 5447 868 5518 apud
902 5447 1122 5512 Filium,
1170 5448 1324 5520 juxta
1381 5451 1482 5505 hoc
1535 5450 1675 5505 Deus
1721 5460 1805 5506 est
1842 5450 2042 5504 Pater:

493 5535 727 5608 namque
775 5540 849 5594 ita
897 5555 1002 5595 non
1057 5541 1200 5597 Deus
1241 5549 1387 5598 esset
1415 5540 1627 5609 Filius;
1674 5542 1766 5597 sed
1819 5543 1962 5596 enim
2001 5541 2046 5596 si

491 5631 620 5700 quia
674 5629 832 5687 Pater
880 5640 963 5689 est
1009 5631 1187 5697 Pater,
1243 5645 1525 5705 propterea
1580 5643 1633 5688 et
1683 5633 1826 5689 Deus
1861 5631 2044 5696 Pater,

495 5721 750 5792 quoniam
803 5736 909 5777 non
963 5721 1123 5779 Pater
1160 5722 1350 5781 Filius.
1396 5740 1500 5780 n0n
1535 5722 1678 5780 Deus
1723 5721 1895 5778 Filius
1936 5740 1951 5778 :
2001 5723 2047 5778 si

2143 3721 2176 3791 ἥ
2208 3721 2320 3772 ἐστι
2353 3719 2419 3772 τὰ
2443 3719 2722 3790 πρόσωπα.
2759 3722 2851 3773 καὶ
2877 3722 2942 3790 ἢν
2982 3724 3228 3793 σημαίνει
3261 3724 3319 3776 τὸ
3344 3724 3472 3786 Θεὸς
3513 3726 3680 3797 ὄνομα
3701 3748 3716 3760 ο

2144 3812 2223 3866 διὸ
2249 3811 2341 3864 καὶ
2376 3811 2403 3862 6
2432 3810 2592 3874 αὐτὸς
2626 3813 2653 3863 6
2685 3812 2835 3875 Θεός.
2879 3813 2934 3866 Ὀ
2965 3812 3019 3865 δὲ
3053 3813 3213 3872 αὐτὸς
3261 3817 3354 3870 καὶ
3396 3815 3728 3886 ἐπιδηλώσει

2145 3900 2236 3954 τοῦ
2271 3902 2433 3955 αὐτοῦ
2465 3902 2526 3955 οὐ
2555 3901 2921 3971 συμπλέκεται
2957 3921 3106 3959 ποτε.
3155 3905 3218 3956 Εἰ
3255 3904 3311 3958 δὲ
3346 3905 3568 3975 λέγομεν
3603 3908 3722 3961 Πα-

2144 3992 2276 4063 τέρα
2299 3992 2448 4054 Θεὸν,
2487 3993 2578 4044 καὶ
2610 3992 2735 4045 Υἰὸν
2772 3994 2920 4058 Θεὸν,
2966 3995 3057 4048 καὶ
3091 3994 3313 4065 Πνεῦμα
3359 3995 3510 4063 ἅγιον
3559 3997 3717 4061 Θεὸν,

2146 4083 2178 4152 ἢ
2228 4084 2356 4136 Θεὸν
2407 4084 2641 4153 Πατέρα,
2694 4085 2786 4137 καὶ
2831 4084 2960 4137 Θεὸν
2999 4085 3145 4148 Υἱὸν,
3189 4087 3282 4138 καὶ⁵
3319 4087 3449 4140 Θεὸν
3492 4087 3720 4159 Πνεῦμα.

2147 4174 2316 4242 ἅγιον,
2342 4175 2430 4227 τὸν
2459 4175 2553 4228 καὶ
2581 4175 2872 4245 σύνδεσμον
2902 4178 3019 4230 κατ’
3045 4177 3250 4231 ἔννοιαν
3281 4182 3391 4242 τοῖς
3419 4180 3525 4232 τῶν
3547 4198 3724 4250 προσ-

2145 4263 2307 4316 ώπων
2344 4266 2563 4336 ὀνόμασι
2595 4266 2950 4334 συνάπτομεν.
2983 4264 3126 4332 Οἶον,
3168 4269 3390 4340 Πατέρι,
3421 4270 3551 4340 Υῐῷ.
3574 4273 3724 4342 ἁγίῳ

2147 4354 2441 4425 Πνεύματι,
2482 4356 2568 4409 ἵνα
2696 4357 2904 4428 Πατὴρ,
2943 4358 3086 4421 Υἱὸς,
3126 4361 3218 4412 κού¹
3269 4361 3420 4429 ἅγιον
3466 4361 3718 4430 Πνεῦμα,

2145 4448 2386 4500 τουτέστι
2425 4449 2730 4518 πρόσωπον,
2771 4448 2882 4502 καὶ·
2907 4451 3214 4522 πρόσωπον,
3258 4452 3351 4504 καὶ
3400 4452 3715 4522 πρόσωπον.

2146 4539 2234 4590 Διὸ
2263 4539 2355 4592 καὶ⁵
2384 4539 2505 4608 τρία
2539 4538 2819 4609 πρόσωπα.
2861 4541 2932 4592 Τὸ
2974 4540 3030 4592 δὲ
3067 4541 3197 4604 Θεὸς
3221 4541 3405 4610 δνομα,
3435 4542 3721 4606 ἀπολύτως

2147 4632 2239 4683 καὶ
2269 4631 2524 4694 ὡσαύτως
2575 4632 2953 4700 κατηγορεῖται
3003 4633 3230 4685 ἑκάστου
3267 4632 3374 4684 τῶν
3411 4631 3723 4702 προσώπων

2146 4722 2272 4775 ἄνευ
2300 4721 2390 4773 τοῦ
2423 4722 2516 4773 καὶ
2553 4721 2866 4790 συνδέσμου,
2893 4721 3030 4775 ὥστε
3069 4723 3141 4792 μὴ
3171 4722 3422 4775 δύνασθαι
3452 4725 3594 4792 ἡμᾶς
3628 4723 3722 4776 λέο

2146 4829 2261 4881 γειν
2289 4811 2437 4873 Θεὸν,
2473 4813 2564 4864 καὶ
2604 4811 2752 4875 Θεὸν,
2793 4814 2885 4865 καὶ
2921 4812 3079 4865 Θεόν·
3111 4812 3244 4866 ἀλλὰ
3272 4815 3406 4866 νοεῖν
3450 4815 3509 4866 τὸ
3545 4814 3719 4883 ὄνομα

2148 4904 2326 4975 τρίτον
2373 4904 2468 4972 μὲν
2517 4904 2800 4974 λεγόμενον
2838 4908 2901 4975 τῇ
2950 4908 3118 4977 φωνῇ,
3149 4906 3236 4959 διὰ
3281 4909 3349 4959 τὰ
3384 4905 3720 4974 ὑποκείμενα

2152 4994 2433 5066 πρόσωπα,
2467 4996 2894 5067 προϐαλλόμενον
2945 4996 3001 5049 δὲ
3046 5000 3110 5067 τῇ
3149 4996 3464 5068 δευτερώσει
3514 4998 3602 5049 καὶ
3647 4999 3714 5067 τῇ

2150 5085 2418 5155 τριτώσει,
2454 5086 2579 5139 ἄνευ
2608 5086 2699 5139 τοῦ
2732 5088 2824 5140 καὶ
2863 5087 3173 5158 συνδέσμου,
3205 5087 3293 5142 διὰ
3329 5087 3388 5140 τὸ
3422 5087 3494 5158 μὴ
3529 5088 3716 5158 ἕτερον

2151 5178 2241 5230 καὶ
2285 5177 2468 5247 ἓτερον
2500 5174 2634 5231 εἶναι
2666 5179 2816 5232 Θεὸν.
2856 5180 2928 5233 Οὐ
2962 5179 3068 5250 γὰρ
3104 5178 3236 5232 καθὸ
3277 5180 3373 5250 τὴν
3423 5179 3716 5249 ἑτερότητα

2151 5268 2310 5332 σώζει
2345 5269 2531 5340 Πατὴρ
2563 5271 2696 5338 πρὸς
2731 5271 2875 5335 Υἱὸν,
2912 5272 3048 5324 κατὰ
3095 5270 3250 5324 τοῦτο
3281 5271 3410 5334 Θεὸς
3442 5272 3470 5323 6
3503 5273 3712 5342 Πατήρ.

2151 5360 2304 5414 Οὕτω
2331 5361 2438 5431 γὰρ
2464 5364 2561 5414 οὐκ
2589 5362 2654 5415 ἂν
2687 5362 2814 5426 Θεὸς
2840 5365 2868 5415 6
2897 5362 3047 5426 Υἱός·
3078 5365 3126 5416 εἰ
3167 5365 3274 5436 γὰρ
3312 5364 3432 5417 ἐπεὶ
3472 5363 3659 5432 Πατὴρ
3686 5366 3716 5416 6

2155 5453 2361 5522 Πατὴρ,
2391 5452 2476 5506 διὰ
2504 5453 2654 5505 τοῦτο
2678 5455 2769 5507 καὶ
2793 5455 2922 5516 Θεὸς
2951 5457 2978 5506 6
3006 5455 3218 5526 Πατήρ·
3259 5455 3380 5508 ἐπεὶ
3420 5456 3492 5525 μὴ
3525 5455 3716 5524 Πατὴρ

2152 5546 2180 5597 6
2211 5544 2354 5608 Υἱὸς,
2379 5546 2440 5597 οὐ
2480 5545 2607 5608 Θεὸς
2639 5547 2666 5596 ὁ
2703 5545 2856 5607 Υἱός*
2892 5547 3020 5598 εἰδὲ
3059 5547 3187 5611 Θεὸς
3222 5549 3250 5601 6
3287 5546 3430 5611 Υἱὸς,
3462 5546 3560 5598 οὐκ
3591 5545 3718 5596 ἐπεὶ

2154 5637 2296 5700 Υἱός.
2339 5637 2563 5706 Ὁμοίως
2594 5637 2686 5690 καὶ
2723 5639 2750 5690 6
2779 5638 2982 5707 Πατὴρ,
3011 5640 3109 5692 οὐκ
3141 5641 3260 5692 ἐπεῖ
3307 5639 3514 5708 Πατὴρ,
3547 5637 3682 5700 Θεός
3704 5653 3719 5666 ο

2154 5730 2267 5784 ἀλλ’
2305 5731 2424 5782 ἐπεὶ
2466 5730 2620 5783 οὐσία
2651 5731 2845 5796 τοιάδε,
2886 5727 2965 5793 εἷς
2995 5733 3109 5784 ἐστι
3143 5733 3350 5802 Πατὴρ,
3395 5731 3489 5783 καὶ
3527 5723 3723 5794 δΥἱὺς
