3920 6508
238 413 288 467 77
1287 412 1369 467 DE
1408 411 1861 469 COMMUNIBUS
1901 408 2338 465 NOTIONIBUS.

3280 406 3387 460 1⁸18

209 532 324 592 Θεὸς.
348 529 438 579 Καὶ
457 528 517 580 δι’
540 528 601 597 ἦν
626 530 801 581 αἰτίαν
829 529 1016 598 Πατὴρ
1032 529 1181 592 Θεὸς,
1208 530 1299 581 καὶ
1321 530 1448 592 Υἱὸς
1462 530 1720 593 Θεὸς,καὶ

1845 542 1949 583 'ero
1980 526 2124 581 Deus
2156 524 2349 584 Filius,
2378 538 2487 578 non
2528 524 2657 592 quia
2689 523 2893 579 Filius:
2935 520 3189 578 similiter
3220 519 3385 576 etiam

208 616 386 684 Πνεῦμα
419 615 561 681 ἅγιον
587 613 716 676 Θεὸς
736 629 749 641 ⁸
788 614 861 683 μὴ
900 614 1278 685 διαιρουμένης
1323 616 1378 667 δὲ
1410 618 1508 684 τῆς
1539 616 1722 678 οὐσίας

208 710 250 759 ἐν
263 707 445 772 ἑκάστῳ
461 706 559 757 τῶν
581 704 905 775 προσώπων,
928 705 1067 757 ὥστε
1091 705 1185 758 καὶ
1209 708 1354 776 τρεῖς
1377 700 1515 758 εἶναι
1540 704 1723 767 οὐσίας

204 797 312 849 κατὰ
333 796 391 846 τὰ
430 796 704 863 πρόσωπα,
735 794 888 863 δῆλον
911 794 991 845 ὅτι
1017 791 1139 844 οὐτε
1167 792 1228 844 τὸ
1256 791 1422 861 ὸνομα
1448 790 1723 861 διαιρεθή-

206 905 320 940 σεται
348 888 470 955 ὅπερ
506 887 753 955 σημαίνει
776 887 873 955 τὴν
903 886 1109 949 οὐσίαν,
1135 883 1255 937 οὐτε
1297 883 1358 936 τὸ
1393 884 1522 947 Θεὸς
1561 887 1638 947 είς
1665 883 1725 936 τὸ

201 973 307 1030 εἶναι
332 980 435 1045 τρεῖ
448 996 462 1037 ;
503 977 685 1040 θεούςο
723 977 837 1029 ἀλλ’
876 977 1063 1048 ὥσπερ
1098 978 1251 1029 οὐσία
1278 979 1305 1029 6
1333 978 1541 1047 Πατὴρ,
1571 976 1725 1028 οὐσία

200 1068 355 1127 ὀΥΞὸς,
383 1067 527 1117 οὐσία
556 1067 616 1118 τὸ
651 1067 801 1133 ἅγιον
842 1068 1091 1136 Πνεῦμα⁹
1126 1066 1216 1118 καὶ
1251 1068 1311 1118 οὐ
1343 1070 1489 1137 τρεῖς
1515 1066 1688 1118 οὐσίαι
1709 1081 1721 1095 ⁸

200 1158 308 1209 οὕτω
336 1158 418 1208 καὶ
446 1157 572 1219 Θεὸς
598 1160 627 1209 6
648 1158 856 1227 Πατὴρ,
884 1158 1013 1221 Θεὸς
1044 1161 1071 1209 6
1100 1158 1246 1221 Υἱὸς,
1274 1158 1403 1220 Θεὸς
1425 1158 1484 1209 τὸ
1508 1158 1727 1226 Πνεῦμα

198 1251 241 1300 τὸ
266 1252 415 1314 ἅγιον,
444 1252 533 1300 καὶ
567 1250 627 1300 οὐ
666 1252 813 1319 τρεῖς
839 1249 967 1302 θεοί.
1008 1245 1099 1311 Εἷς
1126 1250 1233 1319 γὰρ
1259 1250 1389 1311 Θεὸς
1429 1250 1519 1302 καὶ
1561 1252 1589 1302 ὁ
1633 1250 1728 1302 αὐ-

199 1342 287 1402 τὸς·
315 1343 424 1392 ἐπεὶ
450 1342 540 1393 καὶ
577 1343 673 1408 μία
696 1341 850 1393 οὐσία
891 1343 923 1410 ἢ
967 1342 1099 1411 αὐτή
1120 1359 1133 1371 ·
1166 1344 1213 1393 εί
1244 1342 1335 1392 καὶ
1365 1341 1589 1393 ἕκαστον
1621 1340 1728 1391 τῶν

199 1434 460 1500 προσώπων
495 1432 733 1498 λέγεται,
767 1432 859 1485 καὶ
891 1434 1127 1484 ὲνούσιον
1169 1434 1261 1484 καὶ
1298 1433 1457 1494 Θεός·
1492 1433 1582 1484 καὶ
1621 1432 1729 1501 γὰρ

198 1523 367 1590 ἀνάγκη
412 1526 556 1590 τρεῖς
605 1523 783 1590 λέγειν
826 1525 1011 1587 οὐσίας
1056 1524 1293 1594 Πατέρος
1341 1525 1432 1575 καὶ
1468 1523 1592 1575 Υίοῦ
1638 1524 1731 1575 καὶ

196 1616 316 1679 ἁγίου
336 1615 461 1665 Πνεὺ
471 1632 644 1682 ματος
660 1630 673 1644 ’
699 1616 820 1667 ἐπεὶ
846 1615 999 1667 οὐσία
1022 1615 1128 1667 τῶν
1158 1614 1460 1683 προσώπων
1482 1615 1727 1666 ἕκαστονο

193 1706 299 1774 δερ
323 1706 453 1756 ἐστὶν
489 1703 977 1771 ἀλόγιστον-ὀὐδὲ
997 1705 1102 1775 γὰρ
1150 1705 1351 1775 Πέτρον
1394 1706 1486 1757 καὶ
1525 1703 1731 1756 Παῦλον

196 1796 265 1847 καὶ
299 1796 591 1864 Βαρνάϐαν,
628 1800 778 1866 τρεῖς
822 1796 1007 1859 οὐσίας
1048 1796 1255 1865 φαμένο
1308 1796 1441 1848 ἀλλὰ
1481 1794 1604 1863 μίαν
1640 1796 1731 1846 καὶ

197 1887 297 1954 μίαν
321 1888 557 1953 λέγοντες
585 1888 797 1952 οὐσίαν,
830 1883 894 1958 ἧς
940 1890 1053 1939 ἐστι
1106 1889 1293 1959 Πατὴρ
1341 1889 1434 1940 καὶ
1479 1887 1602 1948 Υἱὸς
1642 1887 1733 1939 καὶ
1769 1864 1809 1917 Β

193 1978 314 2044 ἅγιον
346 1980 589 2049 Πνεῦμα,
637 1982 731 2033 ἕνα
786 1981 1087 2044 ἀκολούθως
1137 1982 1313 2051 φαμὲν
1358 1981 1516 2032 Θεὸν·
1549 1982 1597 2031 εί
1643 1981 1735 2032 καὶ

195 2069 278 2119 τῶν
306 2070 602 2139 πφσώπων
630 2072 722 2122 καὶ
754 2071 987 2122 ἐνούσιον
1021 2072 1113 2123 καὶ
1151 2070 1282 2122 Θεὸν
1311 2065 1447 2122 εἶναι
1485 2070 1733 2123 πιστεύο-

200 2180 289 2228 μεν.
310 2164 507 2232 Ὠσπερ
533 2164 645 2233 γὰρ
664 2162 739 2231 τῷ
762 2162 1031 2231 διαφέρειν
1058 2162 1147 2214 τὸν
1172 2162 1386 2231 Πατέρα
1406 2160 1496 2213 τοῦ
1519 2178 1575 2212 τε
1604 2159 1732 2211 Υίοῦ

194 2253 265 2303 καὶ
302 2252 384 2304 τοῦ
434 2254 591 2319 ἁγίου
657 2251 988 2321 Πνεύματος,
1037 2253 1163 2323 τρία
1215 2252 1391 2321 φαμὲν
1436 2252 1730 2321 πρόσωπα·

193 2344 328 2406 οὕτως
353 2347 469 2397 ἐπεὶ
503 2344 578 2415 μὴ
606 2344 919 2412 διαφέρουσι
949 2344 1088 2396 κατὰ
1113 2344 1211 2413 τὴν
1240 2344 1445 2406 οὐσίαν,
1477 2343 1587 2395 ἀλλ’
1620 2344 1733 2395 ἔστι

193 2438 282 2486 κατ’
312 2437 469 2506 αὐτὴν
502 2437 612 2489 τῶν
675 2434 980 2504 προσώπων
1007 2435 1287 2504 ταυτότης,
1336 2435 1483 2487 ἔσται
1522 2435 1734 2497 πάντως

192 2528 415 2581 καὶκατὰ
453 2527 514 2579 τὸ
549 2526 685 2588 Θεὸς
716 2526 905 2595 ὄνομα.
953 2526 1252 2595 Δηλωτικὸν
1284 2525 1387 2595 γὰρ
1440 2524 1595 2577 τοῦτο
1638 2526 1736 2594 τῆς

191 2620 357 2679 οὐσίας,
384 2620 442 2670 οὐ
482 2619 545 2671 τὸ
572 2618 625 2670 τί
659 2619 828 2686 αὐτῆς
859 2618 1154 2686 παριστῶν,
1182 2617 1303 2669 ἐπεὶ
1336 2616 1733 2683 ἀκατάληπτον,

190 2710 279 2760 ἀλλ’
303 2710 401 2760 ἀπό
424 2726 571 2769 τινος
615 2707 921 2776 ἰδιωμάτων
976 2707 1259 2777 προσόντος
1296 2708 1429 2777 αὐτῇ
1471 2708 1738 2776 λαμϐανό-

192 2814 355 2862 μενον,
405 2797 756 2866 παραδηλοῦν
808 2798 990 2867 αὐτὴν.
1028 2796 1180 2849 Ἔστι
1237 2798 1342 2867 γὰρ
1406 2797 1597 2866 ἰδίωμα
1640 2798 1737 2865 τῆς

187 2888 327 2941 67.6563
362 2890 569 2951 οὐσίας,
601 2884 673 2960 ἧς
714 2890 921 2959 Πατὴρ,
972 2888 1095 2950 Υἱὸς
1154 2890 1243 2941 καὶ
1288 2888 1439 2954 ἅγιον
1491 2886 1734 2955 Πνεῦμα,

186 2980 235 3030 τὸ
260 2980 419 3030 πάντα
449 2979 779 3031 ἐποπτεύειν
825 2980 917 3030 καὶ
961 2976 1181 3047 θεωρεῖν
1211 2978 1301 3029 καὶ
1332 2976 1616 3044 γινώσκειν
1647 2976 1738 3027 καὶ

182 3070 298 3123 αὐτὰ
342 3072 404 3124 τὰ
459 3071 695 3143 κρύφια.
761 3069 1034 3122 Ἐντεῦθεν
1100 3069 1422 3139 εἰλημμένον
1489 3069 1547 3120 τὸ
1609 3067 1738 3131 Θεὸς

1825 616 2003 675 Pater,
2073 630 2181 667 non
2236 614 2493 682 quoniam
2559 611 2741 675 Pater,
2794 612 2967 677 Deus;
3021 625 3211 667 verum
3257 610 3385 680 quia

1823 705 2061 761 essentia
2120 705 2245 759 talis
2286 720 2430 758 unus
2472 711 2555 758 est
2601 703 2781 766 Pater,
2812 712 2867 758 et
2908 701 3079 756 Filius
3110 700 3253 755 Deus
3288 716 3303 753 :
3334 706 3389 752 et

1825 812 1990 870 quam
2037 801 2106 853 ob
2151 813 2373 851 causam
2421 797 2578 851 Pater
2615 796 2781 859 Deus,
2818 804 2872 850 et
2916 793 3087 849 Filius
3135 792 3299 854 Deus,
3334 798 3388 844 et

1828 892 2066 960 Spiritus
2112 898 2336 945 sanctus
2373 887 2537 942 Deus.
2578 886 2712 943 Cum
2750 898 2930 941 autem
2969 901 3076 939 non
3117 882 3390 937 dividatur

1825 984 2066 1040 essentia
2120 984 2173 1036 in
2216 994 2545 1051 unaquaque
2607 994 2983 1050 personarum,
3049 977 3123 1030 ita
3171 982 3234 1029 ut
3276 980 3392 1028 tres

1827 1078 1937 1131 sint
1970 1076 2222 1131 essentia:
2257 1074 2557 1129 secundum
2601 1086 2887 1141 personas,
2933 1068 3189 1123 videlicet
3220 1080 3395 1135 neque
3461 1133 3467 1140 _

1828 1182 2026 1221 nomen
2071 1164 2363 1227 dividetur,
2415 1162 2563 1232 quod
2611 1161 2883 1231 signiﬁcat
2925 1158 3260 1222 essentiam;
3297 1170 3397 1209 ne-

1828 1274 1933 1325 que
1988 1256 2153 1320 Deus,
2216 1266 2273 1308 ut
2313 1254 2424 1308 sint
2459 1260 2573 1307 tres
2604 1251 2681 1306 dii
2715 1270 2727 1303 :
2762 1251 2858 1305 sed
2904 1250 3049 1305 sicut
3091 1247 3398 1304 substantia

1828 1349 2007 1411 Pater,
2060 1347 2367 1402 substantia
2410 1342 2605 1407 Filius,
2637 1342 2948 1398 substantia
3007 1340 3244 1411 Spiritus
3270 1354 3401 1392 san-

1830 1451 1971 1504 ctus,
2002 1449 2055 1494 et
2101 1456 2206 1492 non
2244 1449 2352 1492 tres
2393 1437 2715 1492 substantiae
2762 1453 2774 1488 :
2808 1435 2887 1488 sic
2916 1434 3079 1488 etiam
3122 1431 3265 1487 Deus
3292 1429 3399 1484 Pa-

1832 1541 1932 1595 ter,
1968 1530 2109 1586 Deus
2132 1529 2325 1593 Filius,
2363 1528 2504 1582 Deus
2546 1528 2785 1596 Spiritus
2822 1532 3088 1590 sanctus;
3133 1537 3239 1577 non
3290 1528 3404 1576 tres

1833 1623 1926 1676 dii.
1975 1622 2110 1678 Nam
2160 1638 2304 1675 unus
2360 1619 2503 1674 Deus
2565 1627 2620 1673 et
2668 1619 2832 1684 idem,
2880 1616 3011 1685 quia
3059 1630 3168 1667 una
3234 1612 3400 1666 etiam

1834 1713 2145 1768 substantia
2195 1711 2421 1775 eadem;
2487 1710 2589 1763 etsi
2639 1722 2867 1777 quaeque
2901 1719 3131 1775 persona
3165 1700 3399 1760 dicatur,

1834 1812 1887 1858 et
1903 1802 2141 1858 essentia
2165 1802 2472 1856 subsistens
2494 1809 2547 1853 ct
2572 1798 2752 1864 Deus;
2781 1798 2982 1853 etenim
3015 1809 3240 1849 necesse
3257 1801 3404 1847 esset

1835 1903 1946 1948 tres
1999 1894 2183 1947 dicere
2236 1892 2574 1947 substantias
2601 1889 2780 1943 Patris
2809 1896 2863 1944 et
2898 1886 3021 1941 Filii
3071 1894 3126 1941 et
3164 1883 3405 1954 Spiritus

1834 1987 2027 2049 sancti,
2071 1984 2334 2054 quoniam
2371 1984 2677 2039 substantia
2725 1994 2810 2036 est
2847 1992 3184 2047 unaquaeque
3214 1990 3405 2045 perso-

1835 2094 2053 2139 narum,
2086 2076 2232 2147 quod
2269 2092 2297 2130 a
2330 2077 2542 2130 ratione
2596 2074 2833 2129 alienum
2881 2079 2987 2127 est.
3044 2069 3229 2138 Neque
3258 2067 3402 2123 enim

1837 2170 2055 2224 Petrum
2097 2180 2149 2223 et
2190 2167 2416 2221 Paulum
2462 2177 2516 2220 et
2566 2166 2869 2219 Barnaham
2921 2172 3033 2217 tres
3070 2159 3407 2217 substantias

1837 2262 2108 2324 dicimus;
2146 2259 2239 2314 sed
2268 2274 2431 2312 unam
2468 2268 2522 2312 et
2548 2272 2713 2310 unam
2740 2254 2993 2309 dicentes
3016 2250 3402 2313 substantiam,

1837 2368 1957 2422 qua:
1980 2362 2061 2406 est
2106 2350 2264 2404 Pater
2295 2356 2348 2403 et
2382 2346 2555 2401 Filius
2588 2357 2638 2400 et
2681 2343 2919 2415 Spiritus
2967 2350 3210 2402 sanctus,
3241 2355 3406 2394 unum

1836 2448 2233 2511 consequenter
2263 2441 2501 2494 dicimus
2543 2437 2709 2492 Deum
2751 2433 3006 2490 :tametsi
3050 2445 3409 2501 unamquam-

1836 2552 1940 2604 que.
1968 2548 2253 2604 personam
2277 2529 2800 2584 consubstantialem
2837 2538 2891 2580 et
2914 2524 3085 2580 Deum
3139 2537 3262 2579 esse
3288 2536 3409 2576 cre-

1837 2629 2038 2681 dimus.
2073 2624 2205 2678 Nam
2239 2621 2721 2692 quemadmodum,
2743 2634 2810 2673 eo
2826 2620 2972 2688 quod
3006 2615 3219 2671 diﬂ‘erat
3247 2613 3411 2667 Pater

1838 2734 1866 2770 a
1904 2715 2038 2769 Filio
2063 2723 2116 2768 et
2142 2713 2349 2782 Spiritu
2385 2718 2579 2766 sancto
2609 2718 2723 2764 tres
2761 2708 3062 2763 asserimus
3098 2719 3405 2775 personas:

1840 2808 2023 2862 itidem
2070 2805 2197 2875 quia
2237 2821 2346 2858 non
2389 2802 2647 2857 differunt
2677 2799 2979 2857 secundum
3025 2796 3408 2855 substantiam.

1839 2899 1931 2953 sed
1983 2906 2067 2952 est
2110 2898 2260 2966 juxta
2321 2894 2494 2964 ipsam
2546 2906 2900 2963 personarum
2964 2888 3256 2943 identitas:
3305 2885 3411 2940 erit

1842 2992 2002 3044 etiam
2036 2990 2257 3045 omnino
2296 2985 2593 3042 secundum
2630 2999 2823 3039 nomen
2856 2978 3282 3053 [Deus],quippe
3304 2980 3410 3033 hoc

1840 3082 2200 3137 substantiam
2225 3078 2537 3134 declarandi
2573 3078 2680 3131 vim
2711 3075 2873 3128 habet
2908 3086 3056 3126 :non
3094 3070 3240 3139 quod
3276 3070 3413 3140 quid

181 3159 323 3229 ὄνομα
346 3164 551 3232 κυρίως
588 3161 874 3229 λεγόμενον
903 3160 1149 3229 σημαίνει
1170 3159 1266 3230 τὴν
1294 3161 1479 3212 οὐσίαν
1504 3160 1734 3229 ἐκείνην.

1846 3173 1962 3241 ipsa
2021 3171 2092 3226 sit
2135 3176 2518 3240 repraesentet,
2573 3166 2841 3235 siquidem
2881 3160 3411 3226 incomtirehensibi-

183 3253 307 3315 Mai;
332 3253 625 3323 τοιγαροῦν
650 3251 992 3322 ὑπαρχούσης
1024 3254 1120 3320 τῆς
1142 3252 1394 3320 τοιαύτης
1421 3251 1625 3312 οὐσίας,
1652 3251 1744 3303 καὶ

183 3345 279 3405 ἑνὸς
318 3346 406 3397 τοῦ
448 3345 895 3416 παραδηλοῦντος
924 3345 1092 3416 αὐτὴν
1139 3345 1400 3413 ὀνόματος
1450 3344 1639 3413 (φημὶ
1681 3343 1745 3414 δὴ

182 3436 260 3487 τοῦ
289 3438 455 3508 Θεός)’
490 3433 574 3501 εἷς
609 3438 816 3508 κυρίως
844 3436 992 3490 ἔσται
1017 3438 1145 3499 Θεὸς
1177 3436 1412 3505 τῷλόγῳ
1435 3435 1531 3503 τῆς
1559 3434 1746 3497 οὐσίας

183 3528 461 3590 ἀκολούθως
484 3546 496 3556 ·
542 3529 673 3580 ἐπεὶ
709 3528 782 3597 μὴ
826 3529 1114 3597 πρόσωπον
1150 3527 1299 3597 δηλοῖ
1329 3528 1390 3577 τὸ
1423 3526 1573 3588 Θεὸς,
1612 3524 1758 3582 ἀλλὰ,

182 3619 261 3686 τὴν
284 3622 479 3671 οὐσίαν.
525 3622 596 3672 ΕΞ
639 3621 744 3690 γὰρ
772 3622 1055 3691 πρόσωπον
1086 3622 1270 3691 ἐδήλου
1306 3621 1363 3672 τὸ
1390 3619 1538 3681 Θεὸς,
1567 3618 1623 3669 ἓν
1653 3620 1747 3671 καὶ

184 3712 315 3776 μένον
340 3714 443 3763 τῶν
471 3711 790 3783 προσώπων
816 3713 1024 3782 ἐλέγετο
1071 3714 1221 3777 Θεὸς,
1250 3716 1383 3783 ὅπερ
1428 3717 1745 3786 ἐσημαίνετο

182 3802 243 3869 τῷ
270 3804 445 3873 τοιῷδε
481 3806 741 3874 ὀνόματι·
776 3804 962 3874 ὥσπερ
995 3801 1086 3857 οῦν
1131 3806 1224 3857 καὶ
1266 3807 1475 3876 Πατὴρ,
1527 3806 1681 3875 μόνος
1719 3810 1745 3859 6

181 3893 344 3965 Πατὴρ
395 3897 650 3965 λέγεται,
693 3897 779 3950 διὰ
826 3898 885 3949 τὸ
940 3897 1228 3967 προσώπου
1279 3897 1569 3966 δηλωτικὸν
1610 3896 1744 3952 εἶναι

180 3985 310 4039 τοῦτο
332 3990 389 4040 τὸ
423 3991 619 4059 ὄνομα.

178 4096 523 4150 coiigrnenter
568 4085 770 4137 rationi
825 4084 1073 4138 essentia:
1128 4103 1141 4136 :

1847 3264 1913 3317 lis
1944 3273 2048 3325 est,
2074 3262 2170 3317 sed
2194 3262 2262 3316 ab
2292 3261 2475 3329 aliqua
2506 3255 2924 3328 proprietatum,
2957 3269 3078 3325 qua;
3109 3252 3211 3323 ipsi
3247 3252 3414 3318 inest,

1848 3362 2121 3421 sumptum
2165 3368 2282 3405 eam
2328 3350 2596 3419 designat.
2630 3346 2724 3402 Est
2747 3346 2892 3400 enim
2928 3343 3237 3414 proprietas
3266 3355 3409 3396 sem-

1848 3446 2077 3518 piternae
2105 3444 2445 3505 substantias,
2480 3441 2639 3510 cujus
2672 3438 2853 3501 Pater,
2890 3436 3062 3491 Filius
3089 3443 3143 3491 et
3186 3441 3415 3489 sanctus

1848 3536 2110 3607 Spiritus,
2161 3536 2343 3590 omnia
2402 3536 2622 3593 intueri,
2654 3539 2707 3586 et
2729 3529 3089 3599 contemplari
3126 3535 3181 3581 et
3208 3541 3412 3596 cogno-

1850 3644 2027 3693 scere,
2056 3628 2218 3682 etiam
2249 3644 2311 3683 ea
2342 3642 2463 3696 qua:
2490 3625 2705 3679 occulta
2757 3630 2909 3677 sunt.
2964 3621 3094 3674 inde
3133 3626 3414 3687 acceptum

1849 3734 2044 3774 nomen
2108 3719 2249 3774 Deus
2301 3718 2521 3788 proprie
2567 3716 2799 3779 dictum,
2851 3713 3212 3769 substantiam
3266 3709 3411 3762 illam

1851 3812 2142 3881 significat.
2169 3810 2532 3878 Quamobrem
2562 3824 2689 3862 cum
2724 3821 2833 3860 una
2852 3802 3125 3875 ejusmodi
3159 3801 3414 3856 substan-

1850 3908 1923 3959 tia
1965 3906 2230 3973 exsistat;
2274 3906 2513 3974 itemque
2550 3919 2748 3958 nomen
2798 3917 2963 3956 unum
3004 3914 3113 3970 quo
3156 3899 3272 3969 ipsa
3329 3897 3419 3950 de-

1855 3995 2114 4060 claratur,
2176 4011 2366 4066 nempe
2398 3992 2613 4067 [Deus],
2659 4008 2799 4047 unus
2871 3991 3088 4062 proprie
3128 3988 3269 4043 Deus
3312 3987 3419 4042 erit

1206 4084 1473 4153 siquidem
1517 4083 1656 4139 Deus
1694 4101 1979 4155 personam
2038 4106 2147 4144 non
2188 4091 2449 4156 declarat,
2503 4090 2600 4145 sed
2660 4088 3043 4143 substantiam.
3092 4083 3313 4138 Etenim
3369 4083 3416 4137 si

182 4179 301 4236 Deus
359 4196 667 4251 personam
738 4180 1021 4240 indit-aret,
1062 4195 1167 4233 uua
1235 4188 1288 4233 et
1332 4182 1445 4234 sola
1494 4195 1559 4234 ex
1615 4184 1860 4250 personis
1893 4185 2167 4239 diceretur
2204 4185 2363 4251 Deus,
2408 4200 2528 4255 quae
2574 4184 2668 4237 tali
2706 4182 2923 4236 nomine
2988 4178 3416 4250 significaretur;

178 4275 298 4330 sicut
347 4277 622 4328 nimirum
694 4271 853 4326 Pater
894 4274 1042 4326 solus
1073 4273 1274 4326 dicitur
1295 4271 1473 4337 Pater,
1513 4275 1639 4342 quia
1662 4288 1858 4330 nomen
1886 4277 2027 4331 istud
2062 4293 2349 4348 personam
2381 4276 2626 4346 Signandi
2667 4276 2774 4327 vim
2827 4273 3008 4327 habet.

237 4368 291 4417 Εξ
328 4366 382 4417 δὲ
416 4366 561 4436 φαίη
609 4381 691 4425 τις
728 4364 809 4416 ὅτι
850 4362 1054 4432 Πέτρον
1091 4364 1182 4415 καὶ
1223 4361 1433 4416 Παῦλον
1474 4364 1565 4415 καὶ
1610 4363 1751 4433 Βαρ-

177 4460 322 4513 νάὅαν
368 4460 559 4528 φαμὲν
613 4457 758 4526 τρεῖς
792 4454 994 4518 οὐσίας,
1036 4453 1264 4525 μερικὰς
1304 4453 1564 4520 δηλονότι,
1601 4469 1752 4505 τουτ-

1932 4366 2085 4430 Quod
2128 4368 2173 4423 si
2222 4370 2344 4437 quis
2392 4367 2610 4430 dixerit,
2653 4364 2799 4433 quod
2833 4363 3048 4417 Petrum
3081 4367 3134 4415 et
3185 4358 3409 4413 Paulum
3445 4389 3452 4395 ~

1858 4466 1912 4512 et
1942 4459 2241 4513 Barnabam
2272 4458 2508 4512 dicimus
2531 4465 2642 4510 tres
2672 4452 3006 4509 substantias
3034 4450 3411 4521 particu‘lares,

180 4553 303 4602 ἐστιν
336 4551 517 4610 ίδικὰς
548 4547 732 4617 (τοῦτο
751 4547 858 4615 γὰρ
890 4546 1218 4616 κυριώτατον
1247 4548 1460 4610 εἰπεῖν),
1490 4548 1569 4599 ὅτι
1601 4564 1742 4618 μερι-

1858 4550 2109 4603 videlicet
2152 4548 2401 4619 proprias
2434 4548 2562 4616 (hoc
2601 4547 2745 4601 enim
2796 4552 2882 4599 est
2922 4542 3156 4596 maxime
3202 4539 3422 4609 proprie

178 4642 261 4712 κήν
294 4643 510 4702 οὐσίαν,
546 4637 828 4690 τουτέστιν
872 4637 1040 4707 ίδικὴν
1081 4637 1343 4704 λέγοντες,
1390 4638 1537 4690 οὐδὲν
1571 4637 1754 4708 ἕτερον

182 4734 398 4798 σημᾶναι
428 4726 767 4799 βουλόμεθα,
796 4727 827 4797 ἣ
863 4726 1080 4795 ἄτομον,
1124 4728 1260 4796 ὅπερ
1294 4728 1408 4778 ἐστὶ
1446 4728 1751 4798 πρόσωπον.

180 4822 479 4891 Προσώποις
508 4821 573 4874 δὲ
599 4821 695 4889 οὐχ
720 4820 908 4872 ἕπεται
934 4818 992 4871 τὸ
1016 4819 1163 4883 Θεὸς,
1190 4815 1370 4881 καθὼς
1392 4820 1672 4874 δέδεικται.
1691 4821 1756 4873 Τί

179 4912 252 4966 οὖν
270 4916 492 4967 λεκτέον
542 4912 687 4980 πρὸς
723 4912 925 4972 ἐκεῖνο,
958 4911 1039 4962 ὅτι
1071 4910 1270 4979 Πέτρον
1304 4911 1397 4963 καὶ
1426 4909 1635 4963 Παῦλον
1664 4909 1756 4963 καὶ

180 5007 467 5077 Βαρνάϐαν,
518 5007 677 5074 τρεῖς
719 5020 895 5072 φαμεν
943 5002 1293 5072 ἀνθρώπους;
1340 5005 1449 5072 υύχ
1483 5003 1557 5066 ὼς
1588 5005 1756 5057 ταῦτα

179 5103 464 5170 πρόσωπα,
507 5097 788 5167 πρόσωπα
826 5094 883 5147 δὲ
923 5094 999 5164 τῷ
1044 5094 1358 5165 σημαντικῷ
1398 5096 1619 5165 ὀνόματι
1658 5095 1758 5165 τῆς

180 5193 343 5259 κοινῆς
371 5192 579 5251 οὐσίας
608 5189 667 5241 οὐ
698 5187 1035 5257 σημαίνεται.
1065 5186 1248 5256 Οὐδὲή
1282 5188 1476 5257 μερικὴ
1494 5186 1757 5256 λεγομένη

177 5282 275 5347 ἦτοι
331 5278 708 5351 ξδικὴνούσία,
740 5277 934 5329 ταύτὸν
978 5277 1114 5346 αὐτὴ
1164 5277 1241 5346 τῷ
1289 5278 1580 5347 προσώπῳ,
1615 5279 1759 5341 τίνος

177 5374 313 5444 χάριν
356 5376 519 5444 τρεῖς
565 5368 887 5439 ἀνθρώπους
936 5369 1131 5438 φαμὲν,
1176 5369 1372 5431 αὐτοὺς
1417 5372 1542 5439 μιᾶς
1574 5371 1759 5433 οὐσίας

178 5467 532 5537 ὑπάρχοντας,
594 5460 661 5535 ἧς
706 5465 823 5515 ἐστι
866 5462 927 5514 τὸ
996 5463 1310 5531 ἅνθρωπος
1345 5463 1669 5530 δηλωτικόν;
1695 5467 1757 5519 Ei

180 5562 297 5629 μήτε
331 5559 421 5612 διὰ
460 5556 539 5609 τὰ
594 5556 877 5626 πρόσωπα,
912 5555 1046 5625 μήτε
1084 5556 1172 5608 διὰ
1206 5554 1264 5607 τὸ
1306 5554 1554 5621 λέγεσθαι
1607 5574 1758 5627 μεριο

178 5650 263 5718 κην
292 5650 511 5711 οὐσίαν,
548 5647 671 5716 ἦτοι
724 5645 915 5713 ίδικὴν,
964 5644 1346 5715 ἐκφωνοῦμεν,
1388 5644 1543 5697 τοῦτό
1581 5663 1759 5717 φαμεν

176 5739 244 5793 ὅτι
293 5737 771 5810 καταχρηστικῶς
822 5737 913 5789 καὶ⁵
960 5738 1020 5789 οὐ
1067 5737 1268 5807 κυρίως
1312 5736 1467 5789 τοῦτο
1504 5737 1759 5808 λέγομεν,

174 5832 249 5887 διά
291 5852 412 5886 τινα
464 5830 763 5899 συνήθειαν
811 5828 868 5892 ἐξ
911 5829 1219 5897 ἀναγκαίων
1258 5828 1443 5883 αἰτιῶν
1492 5831 1759 5902 κρατήσας

1858 4642 2047 4711 loqui),
2106 4643 2232 4710 quia
2293 4640 2675 4710 particularem
2746 4635 3134 4694 substantiam,
3185 4632 3287 4685 hoc
3337 4638 3429 4684 ein

1856 4733 2127 4800 propriam
2152 4732 2416 4792 dicentes,
2455 4728 2590 4783 nihil
2621 4726 2771 4781 aliud
2805 4725 3115 4795 signiﬁcare
3146 4723 3425 4783 volumus,

1856 4840 2015 4894 quam
2059 4825 2416 4886 individuam,
2452 4821 2596 4891 quod
2625 4828 2711 4875 est
2752 4833 3024 4889 persona;
3070 4826 3231 4885 atque
3270 4812 3415 4867 Deus

1856 4932 1965 4969 non
2004 4915 2252 4985 designat
2282 4928 2566 4983 personas,
2601 4923 2660 4965 ut
2687 4910 2977 4981 probatum
3008 4915 3125 4963 est:
3147 4905 3283 4978 quid
3313 4903 3423 4973 ἰεί-

1856 5018 1944 5061 tur
1980 5007 2265 5062 dicendum
2293 5014 2377 5061 est
2407 5006 2473 5059 ad
2502 5004 2654 5061 illud.
2684 5003 2831 5073 quod
2859 4999 3079 5055 Petrum
3109 5006 3170 5053 et
3190 4996 3425 5052 Paulum

1857 5105 1909 5151 et
1926 5097 2225 5150 Barnabam
2247 5106 2358 5150 tres
2378 5094 2611 5149 dicimus
2630 5093 2912 5149 homines?
2928 5105 3034 5145 non
3056 5088 3216 5142 athe
3232 5100 3419 5158 perso-

1858 5207 1940 5244 na:
1957 5198 2102 5254 sunt;
2126 5204 2368 5258 personae
2388 5195 2564 5242 autem
2584 5185 2939 5255 signiticativo
2957 5182 3423 5236 nomineeommu-

1861 5285 1944 5337 nis
1972 5282 2290 5339 substantiae
2320 5294 2427 5334 non
2451 5280 2756 5346 signantur.
2790 5275 2971 5344 Neque
2995 5287 3058 5326 ea
3095 5284 3216 5339 qua
3251 5270 3423 5339 parti-

1858 5376 2063 5430 cularis
2080 5375 2300 5438 dicitur,
2326 5374 2445 5427 sive
2462 5370 2754 5440 peculiaris
2774 5377 2827 5421 et
2853 5358 3422 5436 propriafsubstamia;

1860 5469 1984 5539 quia
2004 5469 2140 5522 idem
2160 5468 2275 5537 ipsa
2293 5474 2375 5521 est
2390 5480 2511 5519 cum
2529 5476 2756 5532 persona
2776 5478 2788 5512 :
2804 5473 2909 5528 qua
2938 5456 3005 5511 de
3022 5467 3182 5510 causa
3204 5460 3314 5507 tres
3332 5451 3425 5505 ho-

1859 5562 2037 5614 mines
2054 5558 2307 5620 dicimus,
2331 5570 2459 5611 cum
2490 5555 2592 5625 ipsi
2612 5553 2775 5607 unius
2797 5548 3114 5604 substantiae
3131 5545 3418 5607 exsistant,

1860 5665 2020 5721 quam
2049 5664 2245 5704 nomen
2270 5648 2372 5702 hoc
2422 5646 2573 5700 homo
2598 5642 2846 5710 designat
2890 5657 2902 5693 :
2955 5636 3225 5708 siquidem
3247 5648 3422 5703 neque

1861 5752 2080 5814 propter
2100 5755 2380 5813 personas,
2405 5752 2581 5807 neque
2599 5749 2665 5790 eo
2683 5732 2825 5802 quod
2844 5732 3058 5786 dicatur
3077 5725 3420 5799 particularis

1862 5830 2189 5893 substantia,
2250 5826 2504 5884 nimirum
2560 5823 2801 5894 propria,
2850 5821 3260 5877 enuntiemus;
3313 5816 3416 5870 hoc
