3920 6472
458 397 560 454 179

1676 398 1733 454 S.
1769 393 2092 452 GREGORII
2131 391 2421 447 NYSSENI

3495 391 3498 394 ’
3586 388 3691 445 180

457 519 756 575 asserimus
797 517 944 588 quod
989 517 1214 573 abusive
1259 527 1313 571 et
1370 531 1480 571 non
1531 517 1750 586 proprie
1801 518 1903 570 hoc
1945 515 2020 568 di-

2131 530 2218 565 σαν
2263 511 2369 564 τῶν
2409 510 2482 580 μὴ
2526 511 2616 562 ἐπὶ
2661 501 2757 579 τῆς
2817 509 2974 576 άγίας
3024 501 3249 578 Τριάδος
3287 507 3698 581 θεωρουμένων.

457 613 671 677 cimus;
720 618 942 680 propter
962 609 1424 677 consuetudinem
1455 608 1748 679 quamdam
1781 625 1900 678 qua:
1928 625 2022 662 ne-

456 700 714 756 cessariis
751 701 819 755 de
864 701 1048 757 causis
1079 701 1313 756 obtinuit
1343 703 1606 754 adversus
1642 716 1704 753 ea
1759 716 1879 769 quae
1913 716 2020 753 non

456 792 511 846 in
549 802 740 847 sancta
787 791 1052 848 Trinitate
1101 793 1522 847 considerantur
1580 809 1592 843 :
1646 799 1775 846 sunt
1845 799 2020 844 autem

456 882 770 949 ejusmodi:
831 882 1079 938 deﬁnitio
1130 883 1367 938 hominis
1413 899 1533 952 quae.
1576 898 1682 936 non
1725 898 1939 951 semper
1971 881 2022 934 in

456 976 592 1045 ipsis
636 975 952 1039 individuis,
1003 977 1116 1030 sive
1153 975 1403 1045 personis
1463 982 1761 1044 spectatur.
1815 973 2024 1042 Etenim

458 1065 733 1134 prioribus
755 1066 1132 1129 morientibus,
1161 1065 1267 1118 alia
1302 1065 1581 1118 individua
1633 1065 1873 1134 ipsorum
1908 1063 2028 1116 loco

456 1165 848 1224 construuntur
873 1176 886 1211 :
907 1172 968 1210 ac
989 1172 1180 1212 rursus
1203 1156 1391 1210 iisdem
1409 1169 1779 1224 saepenumero
1807 1171 2028 1210 manen-

457 1247 625 1310 tibus,
656 1247 763 1299 alia
781 1246 1024 1315 quaedam
1049 1245 1439 1315 superveniunt
1462 1263 1475 1298 :
1498 1246 1568 1297 ita
1591 1252 1651 1297 ut
1668 1235 1957 1312 aliquando
1973 1241 2027 1294 in

457 1337 563 1404 his,
585 1337 877 1407 aliquando
913 1335 1118 1403 inillis,
1155 1335 1425 1390 interdum
1467 1335 1519 1388 in
1562 1333 1828 1404 pluribus,
1861 1333 2030 1386 inter-

458 1430 588 1485 dum
611 1431 664 1485 in
687 1429 1037 1500 paucioribus
1053 1428 1500 1483 considerentur:
1527 1428 1763 1495 itemque
1788 1427 1840 1479 in
1858 1427 2032 1479 detra-

455 1521 658 1585 ctione,
688 1521 836 1575 exitu
861 1520 980 1574 vitae
1006 1529 1059 1574 et
1099 1520 1474 1590 procreatione
1512 1519 1937 1580 individuorum,
1975 1518 2028 1570 in

460 1610 658 1680 quibus
687 1609 926 1663 hominis
959 1608 1202 1663 deﬁnitio
1245 1617 1542 1677 spectatur,
1580 1610 1827 1678 cogimur
1866 1608 2027 1660 etiam

461 1701 662 1756 multos
693 1701 874 1755 dicere
897 1701 1165 1763 homines,
1216 1710 1269 1754 et
1290 1715 1515 1769 paucos,
1541 1701 1843 1752 mutatione
1861 1707 1916 1752 et
1935 1713 2030 1749 va-

462 1793 692 1847 riatione
705 1807 799 1848 seu
823 1791 1141 1846 alteratione
1163 1807 1542 1861 personarum,
1557 1793 1778 1860 expulsa
1794 1806 2033 1844 commu-

462 1885 516 1940 ni
537 1875 960 1950 consuetudine,
975 1879 1034 1938 et
1059 1894 1251 1953 praeter
1273 1884 1446 1953 ipsam
1475 1884 1736 1937 rationem
1755 1883 2023 1943 essentne,
2056 1869 2098 1924 Β

461 1985 524 2052 ut
551 1993 672 2034 cum
696 1976 946 2047 personis
978 1986 1441 2030 connumerentur
1465 1975 1862 2046 quodammodo
1895 1975 2027 2028 sub—

461 2070 693 2124 stantiae.
758 2070 818 2122 ln
874 2076 1065 2121 sancta
1105 2082 1234 2120 vero
1274 2065 1545 2121 Trinitate
1597 2067 1734 2120 nihil
1785 2081 2025 2136 unquam

461 2159 730 2230 ejusmodi
783 2158 1056 2216 usuvenit.
1127 2171 1193 2210 eo
1230 2157 1374 2226 quod
1420 2157 1622 2211 eaedem
1673 2172 1933 2226 personae,
1975 2164 2030 2209 et

462 2264 573 2304 non
617 2248 736 2302 alia:
783 2255 948 2316 atque
1001 2245 1120 2300 alia:
1171 2245 1442 2312 dicantur,
1490 2247 1584 2302 sed
1636 2246 1702 2300 ad
1753 2247 1891 2301 idem
1932 2263 2029 2300 eo-

378 2343 384 2349 ’
463 2342 695 2410 demque
744 2338 907 2393 modo
977 2355 1035 2394 se
1093 2338 1363 2403 habeant,
1416 2356 1592 2409 neque
1639 2341 2027 2395 incrementum

467 2434 633 2488 ullum
684 2431 801 2502 ipsa
851 2430 1093 2485 Trinitas
1124 2430 1394 2493 admittat,
1442 2445 1500 2484 ut
1539 2431 1605 2485 ad
1641 2432 1900 2486 tetradem
1937 2447 2030 2485 ac-

466 2522 644 2586 cedat,
670 2535 844 2590 neque
865 2519 1306 2584 diminutionem,
1337 2529 1395 2572 ut
1431 2521 1495 2573 ad
1520 2521 1694 2591 dyada
1722 2521 2024 2591 redigatur:

466 2625 643 2680 neque
684 2610 828 2665 enim
873 2617 1164 2679 generatur
1193 2618 1286 2663 aut
1317 2610 1563 2677 procedit
1591 2625 1620 2663 a
1661 2609 1821 2665 Patre
1858 2612 1938 2664 vel
1965 2627 2029 2664 ex

467 2713 577 2754 una
620 2713 651 2753 e
697 2697 978 2768 personis,
1031 2696 1168 2751 adeo
1199 2707 1257 2750 ut
1292 2697 1533 2754 Trinitas
1563 2701 1725 2754 etiam
1761 2708 1926 2754 tetras
1961 2702 2032 2756 sit

467 2787 792 2858 aliquando;
839 2801 1013 2856 neque
1067 2785 1254 2840 interit
1301 2803 1540 2857 unquam
1582 2805 1686 2842 una
1734 2804 1796 2843 ex
1858 2791 2032 2845 tribus

468 2879 554 2934 his
588 2877 857 2949 personis,
892 2885 950 2930 ut
981 2875 1220 2932 Trinitas
1260 2878 1348 2932 ﬁat
1393 2879 1547 2950 dyas.
1591 2879 1710 2933 Jam
1751 2897 1877 2936 vero
1907 2898 2031 2936 cum

471 2971 613 3024 nulla
644 2969 878 3024 accretio
928 2982 1029 3022 nec
1072 2968 1381 3033 diminutio,
1413 2987 1510 3024 nec
1546 2973 1828 3027 conversio
1875 2983 2034 3044 atque

471 3059 719 3114 alteratio
772 3072 1011 3128 unquam
1071 3057 1162 3113 ﬁat
1213 3060 1388 3115 tribus
1432 3063 1694 3130 personis,
1737 3063 2029 3118 absurdum

468 3159 612 3206 esset
657 3165 820 3220 super
857 3151 1031 3205 tribus
1054 3151 1300 3220 personis
1323 3154 1482 3205 etiam
1531 3160 1642 3207 tres
1674 3154 1852 3209 dicere
1880 3156 2029 3209 deos.

470 3239 680 3296 Rursus
716 3240 948 3295 hominis
978 3255 1224 3309 persona:
1246 3255 1436 3297 omnes
1465 3258 1571 3295 non
1607 3244 1674 3296 ab
1704 3247 1892 3299 eadem
1919 3263 2033 3315 per-

472 3347 604 3388 sona
627 3331 924 3388 secundum
946 3334 1265 3387 continuum
1301 3335 1496 3389 habent
1527 3353 1647 3392 esse
1678 3355 1893 3393 :verum
1923 3341 2033 3394 lucc

471 3424 687 3495 quidem
737 3440 803 3478 ex
853 3425 965 3490 illa,
1014 3426 1128 3479 hac
1176 3434 1354 3481 autem
1388 3443 1450 3480 ex
1505 3429 1591 3482 illa
1632 3431 1684 3484 in
1747 3433 1916 3484 multa
1979 3443 2034 3486 et

470 3517 685 3572 diversa
733 3531 855 3572 esse
906 3532 1070 3586 super
1129 3520 1366 3573 causalis
1423 3521 1583 3574 etiam
1637 3537 1830 3579 causas
1874 3544 1886 3578 :
1941 3541 2033 3580 ve-

473 3622 594 3661 rum
639 3607 696 3660 in
734 3614 924 3661 sancta
975 3606 1245 3662 Trinitate
1293 3624 1398 3663 non
1441 3611 1514 3663 ita
1573 3627 1632 3666 se
1680 3628 1767 3667 res
1829 3615 2030 3680 habet;

478 3713 602 3753 nam
648 3713 756 3752 una
807 3699 1079 3754 eteadem
1113 3715 1343 3768 persona
1389 3701 1586 3768 Patris,
1621 3721 1684 3758 ex
1730 3721 1837 3774 quo
1866 3705 2033 3760 Filius

475 3799 765 3864 generatur
807 3801 862 3845 et
917 3789 1154 3860 Spiritus
1195 3802 1417 3848 sanctus
1469 3797 1731 3864 procedit.
1768 3798 2032 3863 Quocirca

473 3882 636 3938 etiam
675 3881 894 3952 proprie
936 3896 1104 3936 unum
1152 3891 1429 3938 auctorem
1491 3900 1680 3940 eorum
1732 3903 1852 3956 quae
1894 3905 1922 3942 a
1976 3905 2034 3945 se

476 3981 535 4029 ut
552 3987 718 4028 causa
747 3972 1074 4044 dependent,
1104 3991 1270 4028 unum
1305 3974 1472 4030 Deum
1501 3979 1798 4032 asserimus
1825 3997 1836 4032 :
1864 3996 2034 4049 quan-

477 4065 763 4137 doquidem
786 4081 892 4120 una
915 4065 1076 4120 etiam
1108 4080 1231 4120 cum
1261 4067 1394 4136 ipsis
1415 4068 1649 4122 exsistit.
1686 4067 1870 4138 Neque
1890 4072 2031 4124 enim

477 4163 717 4226 tempore
744 4156 1060 4210 dividuntur
1097 4172 1126 4209 a
1169 4173 1228 4212 se
1266 4157 1496 4212 invicem
1524 4175 1769 4228 persona:
1795 4162 2030 4228 deitatis,

479 4261 654 4316 neque
672 4246 812 4311 loco,
842 4261 1016 4315 neque
1042 4247 1318 4301 voluntate
1338 4249 1653 4314 consiliove,
1676 4267 1847 4320 neque
1875 4253 2033 4308 insti-

481 4345 617 4403 tuto,
629 4353 802 4406 neque
812 4339 1143 4407 operatione,
1162 4354 1336 4408 neque
1349 4339 1632 4396 atfectione
1647 4343 1751 4396 ulla
1765 4344 2032 4412 ejusmodi

478 4443 598 4497 quae
630 4428 1005 4483 consideratur
1045 4431 1097 4482 in
1124 4430 1458 4494 hominibus,
1485 4434 1577 4488 sed
1608 4435 1874 4490 duntaxat
1902 4438 2028 4506 quia

2125 605 2244 656 Εἰσὶ
2270 603 2327 655 δὲ
2370 599 2559 656 αὗταιο
2602 599 2865 670 ὄρος-τοῦ
2904 599 3186 669 ἀνθρώπου
3228 601 3328 652 οὐκ
3371 600 3456 652 ἀεὶ
3501 599 3556 651 ὲν
3589 602 3701 660 τοῖς

2127 697 2305 758 αὐτοῖς
2337 696 2558 764 ἀτόμοις
2595 694 2712 763 ἦτοι
2748 691 3054 762 προσώποις
3095 691 3392 761 θεωρεῖται.
3443 690 3564 742 Τῶν
3600 690 3701 759 μὲν

2126 787 2234 858 γάρ
2266 787 2545 858 προτέρων
2577 783 2962 849 τελευτώντων,
3009 785 3170 854 ’ἐτερα
3211 783 3322 835 ἀντ’
3364 782 3540 834 αὐτῶν
3573 798 3701 833 συν-

2129 879 2369 930 ίσταταιο
2399 877 2492 930 καὶ
2538 877 2697 930 πάλιν
2745 877 2850 928 τῶν
2899 875 3074 927 αὐτῶν
3130 874 3382 936 πολλάκις
3433 873 3702 942 μενόντων

2125 970 2258 1023 ἄλλα
2294 969 2413 1021 τινὰ
2440 969 2770 1037 ἐπιγίνεται·
2805 967 2879 1030 ὡς
2908 968 3036 1019 ποτε
3068 967 3164 1035 μὲν
3205 967 3262 1017 ὲν
3294 965 3518 1027 τούτοις,
3568 961 3700 1016 ποτε

2124 1060 2180 1113 δὲ
2218 1063 2275 1113 ὲν
2329 1061 2574 1122 ἐκείνοις,
2626 1061 2718 1114 καὶ
2765 1059 2892 1112 ποτὲ
2949 1059 3044 1129 μὲν
3097 1060 3153 1110 ἐν
3202 1058 3426 1121 πλείοσι,
3467 1056 3596 1108 ποτὲ
3644 1055 3700 1108 δὲ

2126 1153 2183 1204 ὲν
2231 1152 2472 1205 ἐλάττοσι
2517 1151 2853 1224 θεωρεῖσθαι⁸
2904 1151 2997 1203 καὶ
3049 1151 3140 1202 ἐπὶ
3193 1150 3294 1218 τῆς
3338 1149 3702 1218 ἀφαιρέσεως,

2125 1245 2224 1314 τῆς
2261 1262 2320 1296 τε
2357 1243 2704 1307 ἀποϐιώσεως
2749 1244 2841 1296 καὶ
2882 1243 3184 1312 γεννήσεως
3227 1241 3334 1294 τῶν
3375 1241 3606 1310 ἀτόμων,
3647 1240 3705 1290 ἐν

2127 1331 2207 1399 οἷς
2257 1336 2532 1407 θεωρεῖται
2576 1337 2603 1388 ὁ
2646 1334 2738 1388 τοῦ
2782 1332 3067 1405 ἀνθρώπου
3105 1335 3247 1403 ὅρος.
3283 1329 3703 1400 ἀναγκαζόμεθα

2130 1428 2221 1479 καὶ
2270 1427 2494 1489 πολλοὺς
2556 1425 2732 1493 λέγειν
2800 1423 3114 1496 ἀνθρώπους
3187 1425 3280 1476 καὶ
3334 1423 3582 1489 ὀλίγους.
3634 1425 3702 1492 τῇ

2128 1522 2301 1588 τροπῇ
2337 1519 2429 1570 καὶ
2471 1516 2748 1570 ἀλλοιώσει
2785 1516 2893 1567 τῶν
2925 1513 3226 1584 προσώπων
3280 1512 3705 1584 ἐκκρουσθείσης

2127 1610 2225 1678 τῆς
2262 1610 2446 1676 κοινῆς
2494 1608 2790 1676 συνηθείας,
2834 1607 2927 1658 καὶ
2974 1604 3122 1676 παρά
3162 1605 3322 1656 αὐτὸν
3355 1604 3443 1656 τὸν
3490 1603 3590 1673 τῆς
3622 1603 3706 1654 ού-

2133 1703 2253 1763 σίας
2297 1700 2482 1762 λόγον·
2514 1699 2652 1752 ὥστε
2703 1698 3046 1768 συναριθμεῖν
3087 1699 3194 1759 τοῖς
3248 1695 3552 1767 προσώποις
3580 1696 3705 1747 τινὰ

2130 1793 2329 1862 τρόπον
2395 1792 2487 1844 καὶ
2543 1790 2746 1853 οὐσίας.
2815 1790 2936 1842 Ἐπὶ
2996 1789 3050 1841 δὲ
3103 1789 3200 1859 τῆς
3265 1788 3419 1856 ἁγίας
3475 1787 3705 1856 Τριάδος

2126 1884 2275 1936 οὐδὲν
2323 1883 2558 1935 τοιοῦτον
2625 1881 2907 1951 συμϐαίνει
2965 1882 3133 1944 ποτὲ,
3191 1880 3279 1932 διὰ
3331 1879 3390 1932 rb
3440 1877 3507 1930 τὰ
3567 1879 3706 1930 αύτά

2127 1975 2429 2045 πρόσωπα,
2481 1971 2573 2024 καὶ
2637 1972 2731 2039 οὐχ
2795 1971 2954 2040 ’ἐτερα
3024 1971 3115 2023 καὶ
3173 1970 3335 2038 ἕτερα
3407 1966 3702 2036 λέγεσθαι,

2127 2065 2266 2117 κατά
2291 2064 2350 2116 τι
2371 2063 2498 2116 αὐτὸ
2529 2063 2619 2114 καὶ
2648 2061 2904 2124 ὡσαύτως
2951 2061 3166 2131 ἔχοντα·
3208 2063 3343 2132 μήτε
3379 2060 3696 2131 προσθήκην

2126 2157 2246 2209 τινὰ
2284 2155 2527 2223 δέχεσθαι
2558 2153 2723 2223 αὐτὴν
2758 2155 2835 2216 εἰς
2876 2153 3132 2223 τετράδα’
3175 2153 3309 2221 μήτε
3341 2152 3578 2221 μείωσιν,
3601 2152 3702 2218 τὴν

2129 2251 2208 2308 εἰς
2239 2248 2432 2300 δυάδα·
2469 2245 2593 2298 οὒτε
2641 2245 2748 2314 γὰρ
2773 2246 3020 2313 γεννᾶται
3066 2245 3098 2315 ἢ
3133 2244 3484 2316 ἐκπορεύεται
3519 2245 3579 2295 ἐκ
3606 2243 3703 2295 τοῦ

2129 2340 2415 2411 Πατέροςῆ
2440 2337 2498 2401 ἐξ
2526 2339 2640 2401 ἐνὸς
2670 2337 2777 2389 τῶν
2808 2335 3148 2407 προσώπων,
3181 2335 3319 2389 ὥστε
3349 2336 3439 2388 καὶ
3470 2334 3703 2405 τετράδα

2130 2428 2267 2484 εἶναί
2298 2447 2426 2484 ποτε
2472 2429 2567 2498 τὴν
2617 2428 2818 2499 Τριάδα
2845 2445 2856 2456 '
2893 2428 3013 2480 οὕτε
3053 2428 3274 2497 τελευτᾷ
3323 2445 3450 2479 ποτε
3500 2426 3556 2478 ἓν
3589 2425 3701 2478 τῶν

2129 2522 2293 2594 τριῶν
2351 2522 2552 2574 τούτων
2606 2521 2931 2590 προσώπων,
2973 2519 3109 2572 ὥστε
3156 2520 3319 2573 δυάδα
3364 2519 3459 2589 τὴν
3498 2518 3704 2588 Τριάδα

2130 2613 2391 2681 γίνεσθαι.
2454 2613 2774 2681 Προσθήκης
2819 2610 2875 2662 δὲ
2925 2612 3017 2662 καὶ
3063 2609 3357 2680 μειώσεως,
3397 2610 3602 2678 τροπῆς
3642 2625 3700 2660 τε

2132 2707 2224 2758 καὶ
2260 2702 2592 2764 ἀλλοιώσεως
2646 2701 2910 2773 μηδεμιᾶς
2953 2719 3081 2753 ποτε
3111 2700 3396 2770 γινομένης
3421 2702 3529 2760 τοῖς
3554 2700 3701 2769 τρισὶ

2131 2791 2458 2862 προσώποις,
2499 2791 2694 2844 ἄτοπον
2743 2789 2875 2859 πρὸς
2927 2792 3039 2852 τοῖς
3088 2790 3231 2858 τρισὶ
3276 2787 3581 2857 προσώποις
3606 2788 3704 2838 καὶ

2129 2888 2277 2956 τρεῖς
2309 2885 2484 2952 λέγειν
2513 2883 2686 2946 θεούς.
2718 2883 2882 2936 Πάλιν
2906 2882 2972 2937 τὰ
3008 2881 3099 2935 τοῦ
3131 2883 3414 2954 ἀνθρώπου
3438 2883 3702 2952 πρόσωπα

2133 2979 2328 3041 πάντα,
2357 2978 2454 3029 οὐκ
2484 2976 2589 3029 ἀπὸ
2618 2975 2710 3028 τοῦ
2759 2974 2922 3028 αὐτοῦ
2954 2975 3242 3046 προσώπου
3273 2974 3411 3027 κατὰ
3443 2973 3501 3026 rb
3543 2989 3706 3040 προσ·

2132 3072 2249 3140 εχὲς
2280 3069 2390 3140 ἔχει
2420 3069 2480 3120 τὸ
2509 3062 2646 3121 εἶναι
2672 3084 2684 3096 ·
2706 3066 2848 3120 ’ἀλλὰ
2893 3066 2961 3119 τὰ
2993 3068 3088 3136 μὲν
3114 3068 3175 3120 ἐκ
3201 3066 3388 3118 τούτου
3422 3081 3434 3092 ·
3464 3064 3530 3116 τὰ
3555 3063 3607 3115 δὲ
3645 3063 3706 3126 ἐξ

2134 3163 2338 3215 ἐκείνου
2375 3163 2452 3223 εἰς
2476 3160 2641 3213 πολλὰ
2675 3160 2766 3211 καὶ
2788 3159 3013 3231 διάφορα
3049 3153 3183 3211 εἶναι
3220 3158 3354 3228 πρὸς
3385 3160 3495 3218 τοῖς
3527 3157 3704 3210 αἰτια-

2133 3258 2244 3318 τοῖς
2298 3255 2390 3307 καὶ
2445 3254 2509 3307 τὰ
2552 3253 2735 3305 αἴτιαο
2779 3253 2870 3304 ἐπὶ
2911 3252 2966 3304 δὲ
3010 3252 3105 3319 τῆς
3140 3251 3299 3318 ἁγίας
3331 3249 3574 3320 Τριάόος,
3605 3248 3707 3318 οὐχ

2133 3347 2321 3410 οὕτως.
2355 3348 2447 3398 ’Ἑν
2482 3345 2585 3416 γάρ
2612 3347 2703 3398 καὶ
2739 3346 2798 3398 τὸ
2830 3345 2959 3398 αὐτὸ
2986 3345 3272 3414 πρόσωπον
3299 3342 3393 3395 τοῦ
3439 3343 3703 3412 Ιῖατέρος,

2133 3437 2190 3503 ἐξ
2216 3430 2274 3490 οὗ
2301 3439 2328 3490 ὀ
2358 3437 2480 3498 Υἱὸς
2513 3439 2784 3504 γεννᾶται,
2828 3436 2919 3489 καὶ
2949 3436 3008 3487 τὸ
3040 3434 3258 3504 Πνεῦμα
3290 3435 3348 3487 τὸ
3375 3435 3522 3501 ἅγιον
3539 3435 3707 3486 ἐκπο-

2137 3529 2368 3599 ρεύεται.
2402 3527 2491 3580 Διὸ
2519 3529 2611 3580 καὶ
2636 3529 2836 3596 κυρίως
2879 3527 2968 3578 τὸν
2992 3526 3086 3578 ἕνα
3125 3527 3291 3579 αἴτιον
3320 3526 3445 3578 ὂντα
3475 3525 3577 3577 τῶν
3602 3526 3705 3577 αύ-

2131 3623 2222 3674 τοῦ
2255 3621 2529 3684 αἰτιατῶν,
2557 3621 2653 3673 ’ἐνα
2683 3620 2812 3672 Θεόν
2863 3636 3037 3688 φαμεν
3058 3637 3072 3650 ο
3103 3619 3224 3670 ἐπεὶ
3256 3618 3345 3670 καὶ
3377 3617 3704 3686 συνυπάρχει

2131 3714 2328 3775 αὐτοῖς.
2356 3711 2490 3764 Οὔτε
2521 3710 2628 3782 γὰρ
2653 3711 2826 3782 χρόνῳ
2848 3711 3129 3778 διαιρεῖται
3161 3709 3402 3778 ἀλλήλων
3438 3709 3503 3762 τά
3535 3710 3705 3778 πρόσ-

2131 3823 2254 3858 ωπα
2291 3805 2389 3874 τῆς
2418 3804 2684 3871 θεότητος,
2709 3801 2828 3856 οὔτε
2864 3802 3029 3870 τόπῳ,
3077 3804 3135 3854 ού
3170 3803 3351 3872 βουλῇ,
3385 3803 3482 3854 οὐκ
3515 3804 3704 3874 ἐπιτη-

2131 3895 2376 3966 δεύματι,
2412 3896 2508 3948 ούκ
2539 3892 2805 3964 ἐνεργείᾳ,
2828 3893 2886 3946 οὐ
2917 3893 3074 3946 πάθει
3095 3893 3269 3944 οὐδενὶ
3297 3893 3401 3945 τῶν
3425 3892 3698 3959 τοιούτων,

2131 3982 2326 4058 οἷάπερ
2373 3987 2653 4056 θεωρεῖται
2693 3986 2784 4038 ἐπὶ
2817 3984 2924 4038 τῶν
2952 3984 3250 4055 ἀνθρώπων
3270 3984 3340 4052 ’ἧ
3377 3985 3529 4054 μόνον
3558 3986 3641 4038 ὃτι
3674 3987 3704 4040 ὁ

2132 4079 2340 4149 Πατὴρ,
2368 4079 2555 4148 Πατήρ
2603 4079 2740 4139 ἐστι,
2772 4078 2865 4129 καὶ
2913 4077 3010 4146 οὐχ
3045 4075 3171 4137 Υἱὸς
3195 4091 3209 4105 ·
3249 4075 3395 4138 Υἱὸς,
3435 4076 3559 4138 Υἱός
3583 4078 3704 4129 ἐστι

2133 4170 2224 4222 καὶ
2286 4170 2344 4221 οὐ
2399 4170 2626 4238 Πατήρ’
2666 4167 2864 4235 ὁμοίως
2904 4167 2997 4218 καὶ
3043 4166 3102 4218 τὸ
3152 4165 3374 4235 Πνεῦμα
3424 4165 3483 4218 τὺ
3515 4166 3693 4232 ἅγιον,

2131 4258 2246 4312 οὐδὲ
2279 4259 2485 4327 Πατὴρ,
2513 4255 2628 4308 οὐδὲ
2659 4256 2801 4318 Υἱός.
2820 4255 3016 4323 Διόπερ
3041 4254 3261 4324 οὐδεμία
3284 4254 3494 4324 ἀνάγκη
3516 4270 3705 4325 παρα-

2134 4347 2387 4412 σκευάζει
2421 4349 2565 4417 ήμᾶς
2591 4349 2736 4417 τρεῖς
2774 4345 2926 4406 θεοὺς
2967 4347 3138 4398 εἰπεῖν
3167 4345 3233 4397 τά
3258 4344 3382 4414 τρία
3414 4344 3701 4414 πρόσωπα,

2131 4440 2315 4511 ὥσπερ
2344 4429 2426 4508 ἐφ’
2458 4439 2612 4508 ἡμῶν
2630 4437 2851 4500 πολλοὺς
2880 4435 3196 4506 ἀνθρώπους
3228 4437 3404 4506 φαμὲν
3433 4435 3498 4488 τὰ
3531 4436 3701 4490 πολλά

477 4516 657 4579 Pater,
675 4515 834 4571 Pater
849 4525 951 4580 est,
973 4526 1024 4572 et
1047 4535 1153 4572 non
1171 4517 1363 4587 Filius;
1377 4519 2029 4589 Filius,Filiusest,etnon

2137 4529 2401 4600 πρόσωπα
2428 4527 2516 4579 διὰ
2553 4526 2651 4588 τάς
2681 4526 2972 4596 εἰρημένας
3020 4525 3215 4587 αἰτίας,
3247 4525 3338 4578 καὶ
3365 4527 3424 4578 οὐ
3456 4526 3592 4578 κατὰ
3621 4526 3706 4579 λό-

477 4601 662 4679 Pater:
686 4603 936 4658 similiter
955 4604 1116 4658 etiam
1142 4606 1375 4675 Spiritus
1397 4619 1635 4675 sanctus,
1663 4629 1833 4683 neque
1854 4614 2030 4680 Pater,

478 4712 657 4766 neque
683 4693 855 4752 Filius
876 4704 979 4752 est.
1008 4697 1347 4770 Quapropter
1375 4704 1523 4756 nulla
1549 4710 1849 4763 necessitas
1882 4721 2034 4780 urget

478 4802 578 4842 nos
600 4787 668 4841 ad
691 4787 976 4842 dicendum
995 4796 1107 4844 tres
1131 4789 1262 4845 deos
1280 4807 1400 4848 esse
1419 4811 1677 4863 personas
1705 4810 1832 4855 tres:
1847 4817 2037 4870 quem-

477 4877 764 4934 admodum
796 4878 850 4932 in
878 4879 1032 4936 nobis
1065 4882 1266 4937 multos
1307 4884 1553 4940 homines
1575 4887 1805 4944 dicimus
1839 4893 2035 4948 multas

478 4985 760 5040 personas,
790 4980 1011 5040 propter
1049 4987 1143 5028 eas
1166 4989 1301 5044 quas
1332 4974 1566 5032 diximus
1603 4995 1818 5046 causas,
1853 4991 2034 5037 etnon

477 5061 628 5131 juxta
647 5061 909 5116 rationem
932 5065 1316 5128 necessariam,
1356 5067 1501 5136 quod
1543 5068 1681 5123 idem
1719 5082 1802 5126 est
1837 5087 1932 5140 per
1955 5089 2034 5137 se,

480 5169 646 5208 unum
665 5163 720 5208 et
756 5154 923 5208 multa
956 5169 1061 5208 non
1085 5163 1263 5225 potest
1289 5171 1428 5212 esse.
1457 5155 1554 5212 Est
1582 5159 1741 5213 etiam
1768 5158 1962 5215 Petrus
1985 5170 2038 5215 et

480 5243 680 5300 Paulus
694 5251 748 5300 et
768 5244 1044 5303 Barnabas
1060 5248 1358 5302 secundum
1379 5249 1672 5312 hominem,
1697 5265 1837 5305 unus
1854 5251 2055 5333 homo;

2138 4635 2231 4686 γον
2269 4618 2562 4684 ἀναγκαῖον
2589 4615 2648 4667 τὸ
2671 4614 2828 4667 αὐτὸν
2861 4614 2998 4666 κατά
3031 4615 3212 4680 αὑτὸν,
3241 4615 3295 4667 ἒν
3322 4616 3413 4667 καὶ
3444 4614 3610 4667 πολλὰ
3637 4619 3702 4669 ού

2137 4706 2358 4761 δυνατὸν
2395 4703 2550 4759 εἶναι.
2583 4705 2737 4758 Ἐστι
2771 4705 2825 4757 δὲ
2850 4707 2942 4758 καὶ
2967 4705 3186 4774 Πέτρος,
3229 4708 3320 4758 καὶ
3349 4707 3576 4771 Παῦλος,
3603 4710 3704 4762 καὶ

2140 4798 2452 4866 Βαρνάϐας,
2495 4796 2634 4849 κατὰ
2687 4796 2768 4860 rb,
2805 4796 3112 4866 ἄνθρωπος,
3147 4791 3226 4860 εἷς
3268 4797 3564 4869 ἄνθρωπος,
3605 4801 3702 4852 καὶ

2140 4891 2279 4944 κατά
2311 4889 2369 4942 rb
2400 4890 2528 4943 αὐτὸ
2581 4888 2754 4952 τοῦτο,
2791 4889 2930 4942 κατὰ
2962 4888 3044 4951 τὸ,
3082 4889 3384 4958 ἄνθρωπος,
3427 4889 3604 4942 πολλοὶ
3637 4893 3702 4944 ού

2141 4983 2388 5035 δύνανται
2417 4976 2574 5035 εἶναι.
2621 4981 2880 5048 Λὲγονται
2919 4980 2976 5032 δὲ
3009 4979 3191 5033 πολλοὶ
3221 4980 3492 5051 ἄνθρωποι
3527 4999 3702 5034 κατα-

2143 5071 2466 5141 χρηστικῶς,
2497 5071 2590 5123 καὶ
2616 5071 2676 5122 οὑ
2716 5070 2915 5139 κυρίως
2937 5086 2950 5099 ⁶
2979 5069 3036 5122 rb
3050 5070 3104 5122 δὲ
3135 5070 3581 5141 καταχρηστικῶς
3612 5071 3704 5124 λε-

2143 5163 2386 5232 γόμενον,
2416 5165 2515 5215 οὐκ
2548 5163 2613 5215 ἂν
2652 5164 2759 5224 τοῖς
2786 5157 2842 5215 εὖ
2883 5160 3136 5232 φρονοῦσι
3160 5161 3252 5214 τοῦ
3281 5164 3480 5231 κυρίως
3509 5179 3700 5232 προτι-

2147 5253 2361 5323 μηθείη.
2390 5253 2478 5305 Διὸ
2501 5253 2558 5304 οὐ
2586 5252 2802 5305 λεκτέον
2836 5253 2927 5304 ἐπὶ
2952 5253 3057 5304 τῶν
3079 5253 3240 5321 τριῶν
3271 5251 3566 5323 προσώπων
3594 5254 3702 5322 τῆς

481 5345 534 5393 et
556 5339 853 5394 secundum
875 5338 980 5394 hoc
1003 5340 1200 5409 ipsum,
1225 5349 1498 5410 quatenus
1524 5341 1710 5404 homo,
1744 5343 1895 5397 multi
1927 5358 2030 5397 non

2145 5343 2290 5404 θείας
2319 5343 2499 5404 οὐσίας
2527 5345 2672 5413 τρεῖς
2717 5342 2870 5404 θεοὺς
2905 5339 3068 5406 εἶναι,
3100 5342 3238 5394 κατὰ
3265 5343 3323 5394 τὸ
3339 5342 3465 5403 Θεός
3488 5359 3500 5371 ο
3531 5337 3610 5405 εἷς
3642 5344 3700 5395 δὲ

481 5441 706 5499 possunt
737 5447 859 5487 esse
901 5432 1192 5488 :dicuntur
1228 5443 1401 5488 autem
1437 5433 1590 5485 multi
1637 5433 1879 5488 homines
1910 5435 2038 5489 abu-

483 5521 597 5575 sive
649 5536 712 5576 ac
749 5538 854 5576 non
893 5524 1158 5593 proprie:
1206 5524 1348 5593 quod
1396 5538 1526 5575 vero
1573 5538 1668 5592 per
1719 5524 2034 5580 abusionem

481 5608 701 5674 dicitur,
730 5611 1143 5682 haudquaquam
1173 5614 1316 5682 apud
1366 5628 1459 5668 eos
1487 5613 1578 5682 qui
1659 5614 1875 5683 sapiunt
1939 5616 2270 5685 praeponitur
2330 5615 2379 5669 ei
2433 5616 2575 5684 quod
2625 5616 2862 5684 proprie.
2920 5614 3184 5679 Quocirca

2140 5432 2270 5494 Θεὸς
2295 5432 2384 5484 καὶ
2401 5434 2428 5484 ό
2452 5432 2610 5494 αὐτὸς
2635 5431 2724 5484 διὰ
2739 5433 2834 5501 τὴν
2850 5431 3148 5501 ταυτότητά
3162 5431 3258 5500 τῆς
3276 5432 3332 5483 ού
3343 5431 3456 5493 σίας
3487 5425 3552 5501 ἧς
3581 5433 3702 5485 ἐστι

2141 5524 2269 5587 Θεὸς
2302 5525 2649 5594 σημαντικὸν,
2685 5523 2866 5587 καθὼς
2897 5523 3137 5593 εἴπομεν.

3276 5612 3492 5666 minime
3575 5628 3700 5680 pro-

481 5698 738 5754 ﬁtendum
791 5713 874 5758 est
913 5705 969 5758 in
1018 5706 1194 5760 tribus
1228 5706 1476 5775 personis
1530 5705 1725 5762 divinae
1762 5709 2032 5775 essentize,
2073 5717 2185 5764 tres
2232 5709 2364 5763 deos
2391 5723 2534 5771 esse,
2570 5719 2837 5777 quatenus
2867 5706 3006 5762 Deus
3037 5727 3050 5761 :
3081 5723 3224 5762 unus
3254 5720 3382 5758 vero
3439 5712 3493 5758 et
3555 5705 3699 5763 idem

483 5789 624 5848 Deus
677 5801 895 5868 propter
917 5796 1252 5853 identitatem
1283 5799 1621 5867 substantiae,
1650 5800 1808 5872 cujus
1838 5800 1899 5856 rb
1920 5801 2061 5861 Deus
2097 5810 2182 5860 est
2228 5801 2665 5874 signiﬁcativum,
2717 5812 2778 5857 ut
2819 5803 3022 5858 dictum
3069 5812 3153 5856 est
3207 5815 3237 5853 τι
3305 5796 3483 5852 nobis.
