  <div class='ocr_page' id='page_1' title='image "/cluster/home/n/w/nwhite01/storage/ocr_20150623/45/hvd.32044019826437/098.png"; bbox 0 0 3920 6474; ppageno 0'>
   <div class='ocr_carea' id='block_1_1' title="bbox 207 354 279 410">
    <p class='ocr_par' dir='ltr' id='par_1_1' title="bbox 207 354 279 410">
     <span class='ocr_line' id='line_1_1' title="bbox 207 354 279 410; baseline -0.042 -1"><span class='ocrx_word' id='word_1_1' title='bbox 207 354 279 410; x_wconf 78' lang='grc'><strong>181</strong></span> 
     </span>
    </p>
   </div>
   <div class='ocr_carea' id='block_1_2' title="bbox 1231 325 2275 385">
    <p class='ocr_par' dir='ltr' id='par_1_2' title="bbox 1231 325 2275 385">
     <span class='ocr_line' id='line_1_2' title="bbox 1231 325 2275 385; baseline -0.004 -1"><span class='ocrx_word' id='word_1_2' title='bbox 1231 332 1316 384; x_wconf 88' lang='lat' dir='ltr'><strong>DE</strong></span> <span class='ocrx_word' id='word_1_3' title='bbox 1357 325 1810 385; x_wconf 75' lang='lat' dir='ltr'><strong>COMMUNIBUS</strong></span> <span class='ocrx_word' id='word_1_4' title='bbox 1848 325 2275 380; x_wconf 73' lang='lat' dir='ltr'><strong>NJTIONIBUS.</strong></span> 
     </span>
    </p>
   </div>
   <div class='ocr_carea' id='block_1_3' title="bbox 3268 326 3374 379">
    <p class='ocr_par' dir='ltr' id='par_1_3' title="bbox 3268 326 3374 379">
     <span class='ocr_line' id='line_1_3' title="bbox 3268 326 3374 379; baseline -0.009 0"><span class='ocrx_word' id='word_1_5' title='bbox 3268 326 3291 379; x_wconf 73' lang='grc'><strong>1</strong></span> <span class='ocrx_word' id='word_1_6' title='bbox 3301 326 3374 379; x_wconf 68' lang='lat'><strong>3?;</strong></span> 
     </span>
    </p>
   </div>
   <div class='ocr_carea' id='block_1_4' title="bbox 256 448 1742 526">
    <p class='ocr_par' dir='ltr' id='par_1_4' title="bbox 256 449 1716 526">
     <span class='ocr_line' id='line_1_4' title="bbox 256 449 1716 526; baseline -0.014 -7"><span class='ocrx_word' id='word_1_7' title='bbox 256 468 305 520; x_wconf 82' lang='lat' dir='ltr'><strong>Ei</strong></span> <span class='ocrx_word' id='word_1_8' title='bbox 341 464 390 517; x_wconf 75' lang='grc' dir='ltr'><strong>δὲ</strong></span> <span class='ocrx_word' id='word_1_9' title='bbox 435 460 573 526; x_wconf 80' lang='grc' dir='ltr'>λέγοι</span> <span class='ocrx_word' id='word_1_10' title='bbox 625 474 738 518; x_wconf 86' lang='grc' dir='ltr'>τις·</span> <span class='ocrx_word' id='word_1_11' title='bbox 783 457 893 509; x_wconf 79' lang='grc' dir='ltr'>Καὶ</span> <span class='ocrx_word' id='word_1_12' title='bbox 925 453 1039 516; x_wconf 77' lang='grc' dir='ltr'><strong>πῶς</strong></span> <span class='ocrx_word' id='word_1_13' title='bbox 1169 452 1358 522; x_wconf 72' lang='grc' dir='ltr'>Γραφὴ</span> <span class='ocrx_word' id='word_1_14' title='bbox 1401 449 1716 520; x_wconf 85' lang='grc' dir='ltr'>συναριθμεῖ</span> 
     </span>
    </p>
   </div>
   <div class='ocr_carea' id='block_1_5' title="bbox 1844 448 3370 526">
    <p class='ocr_par' dir='ltr' id='par_1_5' title="bbox 1886 448 3370 518">
     <span class='ocr_line' id='line_1_5' title="bbox 1886 448 3370 518; baseline 0.002 -17"><span class='ocrx_word' id='word_1_15' title='bbox 1886 451 2036 514; x_wconf 82' lang='lat' dir='ltr'><strong>Quod</strong></span> <span class='ocrx_word' id='word_1_16' title='bbox 2078 450 2124 503; x_wconf 89' lang='lat' dir='ltr'><strong>si</strong></span> <span class='ocrx_word' id='word_1_17' title='bbox 2158 451 2282 518; x_wconf 87' lang='lat' dir='ltr'><strong>quis</strong></span> <span class='ocrx_word' id='word_1_18' title='bbox 2326 448 2498 511; x_wconf 89' lang='lat' dir='ltr'><strong>dicat,</strong></span> <span class='ocrx_word' id='word_1_19' title='bbox 2542 449 2606 501; x_wconf 88' lang='lat' dir='ltr'><strong>Et</strong></span> <span class='ocrx_word' id='word_1_20' title='bbox 2639 449 2908 518; x_wconf 85' lang='lat' dir='ltr'><strong>quomodo</strong></span> <span class='ocrx_word' id='word_1_21' title='bbox 2945 448 3221 518; x_wconf 73' lang='lat' dir='ltr'><strong>Scriptura</strong></span> <span class='ocrx_word' id='word_1_22' title='bbox 3259 459 3370 504; x_wconf 86' lang='lat' dir='ltr'><strong>tres</strong></span> 
     </span>
    </p>
   </div>
   <div class='ocr_carea' id='block_1_6' title="bbox 203 540 1714 627">
    <p class='ocr_par' dir='ltr' id='par_1_6' title="bbox 203 540 1714 627">
     <span class='ocr_line' id='line_1_6' title="bbox 203 540 1714 627; baseline -0.013 -17"><span class='ocrx_word' id='word_1_23' title='bbox 203 560 315 627; x_wconf 78' lang='grc' dir='ltr'>τρεῖς</span> <span class='ocrx_word' id='word_1_24' title='bbox 361 553 541 622; x_wconf 81' lang='grc' dir='ltr'>ἄνδρας</span> <span class='ocrx_word' id='word_1_25' title='bbox 574 549 710 602; x_wconf 84' lang='grc' dir='ltr'>κατὰ</span> <span class='ocrx_word' id='word_1_26' title='bbox 757 546 1068 618; x_wconf 78' lang='grc' dir='ltr'>περιουσίαν</span> <span class='ocrx_word' id='word_1_27' title='bbox 1098 562 1111 610; x_wconf 90' lang='grc'>;</span> <span class='ocrx_word' id='word_1_28' title='bbox 1144 547 1322 615; x_wconf 75' lang='grc' dir='ltr'>ὁράτω</span> <span class='ocrx_word' id='word_1_29' title='bbox 1351 544 1430 596; x_wconf 82' lang='grc' dir='ltr'><strong>ὅτι</strong></span> <span class='ocrx_word' id='word_1_30' title='bbox 1467 542 1591 592; x_wconf 78' lang='grc' dir='ltr'>Υἱὸν</span> <span class='ocrx_word' id='word_1_31' title='bbox 1623 540 1714 592; x_wconf 79' lang='grc' dir='ltr'><strong>καὶ</strong></span> 
     </span>
    </p>
   </div>
   <div class='ocr_carea' id='block_1_7' title="bbox 203 632 1715 715">
    <p class='ocr_par' dir='ltr' id='par_1_7' title="bbox 203 632 1715 715">
     <span class='ocr_line' id='line_1_7' title="bbox 203 632 1715 715; baseline -0.012 -14"><span class='ocrx_word' id='word_1_32' title='bbox 203 652 320 715; x_wconf 82' lang='grc' dir='ltr'>ᾰγιον</span> <span class='ocrx_word' id='word_1_33' title='bbox 345 644 551 712; x_wconf 78' lang='grc' dir='ltr'><strong>Πνεῦμα</strong></span> <span class='ocrx_word' id='word_1_34' title='bbox 581 639 792 693; x_wconf 81' lang='grc' dir='ltr'>διδοῦσα</span> <span class='ocrx_word' id='word_1_35' title='bbox 819 641 852 708; x_wconf 76' lang='grc' dir='ltr'><strong>ἡ</strong></span> <span class='ocrx_word' id='word_1_36' title='bbox 879 638 1068 708; x_wconf 74' lang='grc' dir='ltr'>ι’ραφὴ</span> <span class='ocrx_word' id='word_1_37' title='bbox 1085 638 1178 690; x_wconf 80' lang='grc' dir='ltr'><strong>καὶ</strong></span> <span class='ocrx_word' id='word_1_38' title='bbox 1204 636 1335 688; x_wconf 83' lang='grc' dir='ltr'>Θεὸν</span> <span class='ocrx_word' id='word_1_39' title='bbox 1361 635 1550 701; x_wconf 80' lang='grc' dir='ltr'><strong>Λόγον,</strong></span> <span class='ocrx_word' id='word_1_40' title='bbox 1583 632 1715 684; x_wconf 92' lang='grc' dir='ltr'>Θεὸν</span> 
     </span>
    </p>
   </div>
   <div class='ocr_carea' id='block_1_8' title="bbox 203 723 1712 810">
    <p class='ocr_par' dir='ltr' id='par_1_8' title="bbox 203 723 1712 810">
     <span class='ocr_line' id='line_1_8' title="bbox 203 723 1712 810; baseline -0.011 -20"><span class='ocrx_word' id='word_1_41' title='bbox 203 743 259 810; x_wconf 72' lang='grc' dir='ltr'>μὴ</span> <span class='ocrx_word' id='word_1_42' title='bbox 276 738 441 804; x_wconf 81' lang='grc' dir='ltr'><strong>Λόγον,</strong></span> <span class='ocrx_word' id='word_1_43' title='bbox 461 733 724 797; x_wconf 80' lang='grc' dir='ltr'><strong>τουτέστι,</strong></span> <span class='ocrx_word' id='word_1_44' title='bbox 741 732 872 783; x_wconf 87' lang='grc' dir='ltr'>Θεὸν</span> <span class='ocrx_word' id='word_1_45' title='bbox 895 729 1134 798; x_wconf 88' lang='grc' dir='ltr'>Πατέρα,</span> <span class='ocrx_word' id='word_1_46' title='bbox 1155 726 1286 779; x_wconf 87' lang='grc' dir='ltr'>Θεὸν</span> <span class='ocrx_word' id='word_1_47' title='bbox 1309 725 1530 793; x_wconf 88' lang='grc' dir='ltr'>Πνεῦμα</span> <span class='ocrx_word' id='word_1_48' title='bbox 1545 723 1712 790; x_wconf 71' lang='grc' dir='ltr'>ἅγιονι</span> 
     </span>
    </p>
   </div>
   <div class='ocr_carea' id='block_1_9' title="bbox 201 813 1718 896">
    <p class='ocr_par' dir='ltr' id='par_1_9' title="bbox 201 813 1718 896">
     <span class='ocr_line' id='line_1_9' title="bbox 201 813 1718 896; baseline -0.012 -14"><span class='ocrx_word' id='word_1_49' title='bbox 201 833 301 883; x_wconf 86' lang='grc' dir='ltr'>Θεὸν</span> <span class='ocrx_word' id='word_1_50' title='bbox 321 823 667 896; x_wconf 84' lang='grc' dir='ltr'>παραδιδοῦσα</span> <span class='ocrx_word' id='word_1_51' title='bbox 691 861 706 884; x_wconf 90' lang='grc'><strong>,</strong></span> <span class='ocrx_word' id='word_1_52' title='bbox 741 820 967 874; x_wconf 75' lang='grc' dir='ltr'><strong>καθόλου</strong></span> <span class='ocrx_word' id='word_1_53' title='bbox 1001 820 1345 888; x_wconf 84' lang='grc' dir='ltr'>παραιτεῖται</span> <span class='ocrx_word' id='word_1_54' title='bbox 1387 817 1534 886; x_wconf 85' lang='grc' dir='ltr'>τρεῖς</span> <span class='ocrx_word' id='word_1_55' title='bbox 1567 813 1718 874; x_wconf 73' lang='grc' dir='ltr'>θεοὺς</span> 
     </span>
    </p>
   </div>
   <div class='ocr_carea' id='block_1_10' title="bbox 200 903 1718 982">
    <p class='ocr_par' dir='ltr' id='par_1_10' title="bbox 200 903 1718 982">
     <span class='ocr_line' id='line_1_10' title="bbox 200 903 1718 982; baseline -0.011 -11"><span class='ocrx_word' id='word_1_56' title='bbox 200 921 351 980; x_wconf 57' lang='grc' dir='ltr'>εἰπῖν,</span> <span class='ocrx_word' id='word_1_57' title='bbox 385 914 628 969; x_wconf 77' lang='grc' dir='ltr'>ἀσέϐειαν</span> <span class='ocrx_word' id='word_1_58' title='bbox 678 911 954 982; x_wconf 79' lang='grc' dir='ltr'><strong>ἡγουμένη</strong></span> <span class='ocrx_word' id='word_1_59' title='bbox 989 910 1087 979; x_wconf 82' lang='grc' dir='ltr'>τὴν</span> <span class='ocrx_word' id='word_1_60' title='bbox 1138 907 1446 971; x_wconf 78' lang='grc' dir='ltr'>πολυθεῖαν,</span> <span class='ocrx_word' id='word_1_61' title='bbox 1492 905 1587 957; x_wconf 73' lang='grc' dir='ltr'><strong>καὶ</strong></span> <span class='ocrx_word' id='word_1_62' title='bbox 1623 903 1718 955; x_wconf 74' lang='grc' dir='ltr'><strong>ἕνα</strong></span> 
     </span>
    </p>
   </div>
   <div class='ocr_carea' id='block_1_11' title="bbox 200 994 1720 1076">
    <p class='ocr_par' dir='ltr' id='par_1_11' title="bbox 200 994 1720 1076">
     <span class='ocr_line' id='line_1_11' title="bbox 200 994 1720 1076; baseline -0.012 -13"><span class='ocrx_word' id='word_1_63' title='bbox 200 1012 301 1063; x_wconf 84' lang='grc' dir='ltr'>Θεὸν</span> <span class='ocrx_word' id='word_1_64' title='bbox 327 1008 481 1060; x_wconf 86' lang='grc' dir='ltr'>διόλου</span> <span class='ocrx_word' id='word_1_65' title='bbox 529 1004 891 1076; x_wconf 77' lang='grc' dir='ltr'>κηρύττουσα,</span> <span class='ocrx_word' id='word_1_66' title='bbox 931 1003 1068 1073; x_wconf 84' lang='grc' dir='ltr'>μήτε</span> <span class='ocrx_word' id='word_1_67' title='bbox 1100 999 1168 1052; x_wconf 77' lang='grc' dir='ltr'>τὰ</span> <span class='ocrx_word' id='word_1_68' title='bbox 1212 998 1474 1069; x_wconf 63' lang='grc' dir='ltr'>τῳόσωπα</span> <span class='ocrx_word' id='word_1_69' title='bbox 1512 994 1720 1062; x_wconf 79' lang='grc' dir='ltr'>συμφῦ-</span> 
     </span>
    </p>
   </div>
   <div class='ocr_carea' id='block_1_12' title="bbox 203 1091 1722 1172">
    <p class='ocr_par' dir='ltr' id='par_1_12' title="bbox 203 1091 1722 1172">
     <span class='ocr_line' id='line_1_12' title="bbox 203 1091 1722 1172; baseline -0.009 -18"><span class='ocrx_word' id='word_1_70' title='bbox 203 1118 350 1172; x_wconf 79' lang='grc' dir='ltr'>ρουσα,</span> <span class='ocrx_word' id='word_1_71' title='bbox 403 1100 534 1169; x_wconf 81' lang='grc' dir='ltr'>μήτε</span> <span class='ocrx_word' id='word_1_72' title='bbox 594 1097 692 1166; x_wconf 78' lang='grc' dir='ltr'>τὴν</span> <span class='ocrx_word' id='word_1_73' title='bbox 756 1096 985 1164; x_wconf 87' lang='grc' dir='ltr'>θεότητα</span> <span class='ocrx_word' id='word_1_74' title='bbox 1022 1093 1338 1164; x_wconf 76' lang='grc' dir='ltr'><strong>διαιροῦσα·</strong></span> <span class='ocrx_word' id='word_1_75' title='bbox 1387 1091 1722 1158; x_wconf 83' lang='grc' dir='ltr'><strong>φυλάττουσα</strong></span> 
     </span>
    </p>
   </div>
   <div class='ocr_carea' id='block_1_13' title="bbox 200 1179 1722 1258">
    <p class='ocr_par' dir='ltr' id='par_1_13' title="bbox 200 1179 1722 1258">
     <span class='ocr_line' id='line_1_13' title="bbox 200 1179 1722 1258; baseline -0.007 -16"><span class='ocrx_word' id='word_1_76' title='bbox 268 1189 440 1258; x_wconf 78' lang='grc' dir='ltr'>μᾶλλον</span> <span class='ocrx_word' id='word_1_77' title='bbox 488 1185 791 1252; x_wconf 82' lang='grc' dir='ltr'>ταυτότητα</span> <span class='ocrx_word' id='word_1_78' title='bbox 831 1183 1080 1253; x_wconf 88' lang='grc' dir='ltr'>θεότητος</span> <span class='ocrx_word' id='word_1_79' title='bbox 1117 1183 1174 1235; x_wconf 83' lang='grc' dir='ltr'><strong>ἐν</strong></span> <span class='ocrx_word' id='word_1_80' title='bbox 1207 1182 1459 1249; x_wconf 81' lang='grc' dir='ltr'>ἰδιότησιν</span> <span class='ocrx_word' id='word_1_81' title='bbox 1488 1179 1722 1232; x_wconf 82' lang='grc' dir='ltr'>ὑποστά-</span> 
     </span>
    </p>
   </div>
   <div class='ocr_carea' id='block_1_14' title="bbox 203 1268 1724 1349">
    <p class='ocr_par' dir='ltr' id='par_1_14' title="bbox 203 1268 1724 1349">
     <span class='ocr_line' id='line_1_14' title="bbox 203 1268 1724 1349; baseline -0.006 -18"><span class='ocrx_word' id='word_1_82' title='bbox 203 1298 326 1339; x_wconf 77' lang='grc' dir='ltr'>σεων,</span> <span class='ocrx_word' id='word_1_83' title='bbox 345 1279 374 1349; x_wconf 80' lang='grc' dir='ltr'>ἢ</span> <span class='ocrx_word' id='word_1_84' title='bbox 396 1279 463 1339; x_wconf 81' lang='grc' dir='ltr'>ὡς</span> <span class='ocrx_word' id='word_1_85' title='bbox 483 1279 649 1346; x_wconf 82' lang='grc' dir='ltr'>τριῶν</span> <span class='ocrx_word' id='word_1_86' title='bbox 679 1274 1005 1346; x_wconf 81' lang='grc' dir='ltr'>προσώπων.</span> <span class='ocrx_word' id='word_1_87' title='bbox 1034 1275 1097 1326; x_wconf 86' lang='grc' dir='ltr'>Εἰ</span> <span class='ocrx_word' id='word_1_88' title='bbox 1113 1273 1167 1325; x_wconf 84' lang='grc' dir='ltr'>δὲ</span> <span class='ocrx_word' id='word_1_89' title='bbox 1184 1272 1430 1342; x_wconf 77' lang='grc' dir='ltr'>βούλεται</span> <span class='ocrx_word' id='word_1_90' title='bbox 1457 1271 1485 1320; x_wconf 83' lang='grc' dir='ltr'>ὁ</span> <span class='ocrx_word' id='word_1_91' title='bbox 1505 1268 1724 1322; x_wconf 89' lang='grc' dir='ltr'>τοιαῦτα</span> 
     </span>
    </p>
   </div>
   <div class='ocr_carea' id='block_1_15' title="bbox 201 1361 1725 1440">
    <p class='ocr_par' dir='ltr' id='par_1_15' title="bbox 201 1361 1725 1440">
     <span class='ocr_line' id='line_1_15' title="bbox 201 1361 1725 1440; baseline -0.004 -19"><span class='ocrx_word' id='word_1_92' title='bbox 201 1375 334 1439; x_wconf 68' lang='grc' dir='ltr'>λέγων</span> <span class='ocrx_word' id='word_1_93' title='bbox 363 1369 542 1440; x_wconf 80' lang='grc' dir='ltr'>μαθεῖν</span> <span class='ocrx_word' id='word_1_94' title='bbox 592 1370 654 1421; x_wconf 87' lang='grc' dir='ltr'><strong>τὸ</strong></span> <span class='ocrx_word' id='word_1_95' title='bbox 694 1366 910 1436; x_wconf 79' lang='grc' dir='ltr'>ἀληθὲς,</span> <span class='ocrx_word' id='word_1_96' title='bbox 949 1365 1264 1431; x_wconf 78' lang='grc' dir='ltr'>γινωσκέτω</span> <span class='ocrx_word' id='word_1_97' title='bbox 1301 1363 1372 1426; x_wconf 78' lang='grc' dir='ltr'>ὡς</span> <span class='ocrx_word' id='word_1_98' title='bbox 1408 1363 1553 1428; x_wconf 81' lang='grc' dir='ltr'>τρεῖς</span> <span class='ocrx_word' id='word_1_99' title='bbox 1580 1361 1725 1428; x_wconf 91' lang='grc' dir='ltr'>λέγει</span> 
     </span>
    </p>
   </div>
   <div class='ocr_carea' id='block_1_16' title="bbox 201 1453 1726 1533">
    <p class='ocr_par' dir='ltr' id='par_1_16' title="bbox 201 1453 1726 1533">
     <span class='ocr_line' id='line_1_16' title="bbox 201 1453 1726 1533; baseline -0.008 -19"><span class='ocrx_word' id='word_1_100' title='bbox 201 1466 224 1532; x_wconf 77' lang='grc' dir='ltr'><strong>ἠ</strong></span> <span class='ocrx_word' id='word_1_101' title='bbox 248 1461 406 1533; x_wconf 60' lang='grc' dir='ltr'>Γραφή</span> <span class='ocrx_word' id='word_1_102' title='bbox 431 1477 443 1488; x_wconf 69' lang='grc' dir='ltr'><strong>ο</strong></span> <span class='ocrx_word' id='word_1_103' title='bbox 477 1459 681 1528; x_wconf 84' lang='grc' dir='ltr'>καίπερ</span> <span class='ocrx_word' id='word_1_104' title='bbox 702 1459 797 1509; x_wconf 71' lang='grc' dir='ltr'><strong>ἕνα</strong></span> <span class='ocrx_word' id='word_1_105' title='bbox 825 1455 1105 1526; x_wconf 80' lang='grc' dir='ltr'>ἄνθρωπον</span> <span class='ocrx_word' id='word_1_106' title='bbox 1131 1456 1256 1516; x_wconf 78' lang='grc' dir='ltr'>τοὺς</span> <span class='ocrx_word' id='word_1_107' title='bbox 1283 1453 1604 1520; x_wconf 78' lang='grc' dir='ltr'>σύμπαντας</span> <span class='ocrx_word' id='word_1_108' title='bbox 1646 1468 1726 1518; x_wconf 88' lang='grc' dir='ltr'>γι-</span> 
     </span>
    </p>
   </div>
   <div class='ocr_carea' id='block_1_17' title="bbox 200 1543 1727 1613">
    <p class='ocr_par' dir='ltr' id='par_1_17' title="bbox 200 1543 1727 1613">
     <span class='ocr_line' id='line_1_17' title="bbox 200 1543 1727 1613; baseline -0.008 -9"><span class='ocrx_word' id='word_1_109' title='bbox 200 1553 454 1611; x_wconf 75' lang='grc' dir='ltr'>νώσκουσα,</span> <span class='ocrx_word' id='word_1_110' title='bbox 505 1549 656 1602; x_wconf 82' lang='grc' dir='ltr'>κατὰ</span> <span class='ocrx_word' id='word_1_111' title='bbox 701 1548 781 1606; x_wconf 86' lang='grc' dir='ltr'><strong>τὸ,</strong></span> <span class='ocrx_word' id='word_1_112' title='bbox 839 1550 1178 1613; x_wconf 78' lang='grc' dir='ltr'><strong>Ἀνθρωπος</strong></span> <span class='ocrx_word' id='word_1_113' title='bbox 1229 1543 1369 1598; x_wconf 79' lang='grc' dir='ltr'>ὡσεὶ</span> <span class='ocrx_word' id='word_1_114' title='bbox 1416 1543 1626 1611; x_wconf 78' lang='grc' dir='ltr'>χόρτος</span> <span class='ocrx_word' id='word_1_115' title='bbox 1669 1543 1727 1592; x_wconf 80' lang='grc' dir='ltr'>αἱ</span> 
     </span>
    </p>
   </div>
   <div class='ocr_carea' id='block_1_18' title="bbox 201 1631 1726 1713">
    <p class='ocr_par' dir='ltr' id='par_1_18' title="bbox 201 1631 1726 1713">
     <span class='ocr_line' id='line_1_18' title="bbox 201 1631 1726 1713; baseline -0.01 -16"><span class='ocrx_word' id='word_1_116' title='bbox 201 1644 376 1713; x_wconf 76' lang='grc' dir='ltr'>ἡμέραι</span> <span class='ocrx_word' id='word_1_117' title='bbox 417 1639 599 1694; x_wconf 83' lang='grc' dir='ltr'>αὐτοῦ</span> <span class='ocrx_word' id='word_1_118' title='bbox 628 1657 642 1669; x_wconf 88' lang='grc'>·</span> <span class='ocrx_word' id='word_1_119' title='bbox 682 1634 769 1691; x_wconf 72' lang='grc' dir='ltr'>οἷα</span> <span class='ocrx_word' id='word_1_120' title='bbox 816 1637 1012 1709; x_wconf 80' lang='grc' dir='ltr'>τροφὸς</span> <span class='ocrx_word' id='word_1_121' title='bbox 1047 1636 1244 1704; x_wconf 86' lang='grc' dir='ltr'>ἀγαθὴ,</span> <span class='ocrx_word' id='word_1_122' title='bbox 1289 1634 1382 1687; x_wconf 73' lang='grc' dir='ltr'>καὶ</span> <span class='ocrx_word' id='word_1_123' title='bbox 1420 1633 1522 1685; x_wconf 78' lang='grc' dir='ltr'>ἴδια</span> <span class='ocrx_word' id='word_1_124' title='bbox 1556 1631 1726 1702; x_wconf 83' lang='grc' dir='ltr'>βρέφη</span> 
     </span>
    </p>
   </div>
   <div class='ocr_carea' id='block_1_19' title="bbox 202 1727 1724 1802">
    <p class='ocr_par' dir='ltr' id='par_1_19' title="bbox 202 1727 1724 1802">
     <span class='ocr_line' id='line_1_19' title="bbox 202 1727 1724 1802; baseline -0.01 -14"><span class='ocrx_word' id='word_1_125' title='bbox 202 1739 296 1798; x_wconf 70' lang='grc' dir='ltr'>τοὺς</span> <span class='ocrx_word' id='word_1_126' title='bbox 325 1731 633 1802; x_wconf 70' lang='grc' dir='ltr'>ἀνθρώπους</span> <span class='ocrx_word' id='word_1_127' title='bbox 665 1729 988 1799; x_wconf 79' lang='grc' dir='ltr'>λογιζομένη</span> <span class='ocrx_word' id='word_1_128' title='bbox 1013 1744 1024 1758; x_wconf 83' lang='grc'><em>’</em></span> <span class='ocrx_word' id='word_1_129' title='bbox 1059 1729 1153 1780; x_wconf 74' lang='grc' dir='ltr'>καὶ</span> <span class='ocrx_word' id='word_1_130' title='bbox 1183 1728 1348 1780; x_wconf 79' lang='grc' dir='ltr'>ἐνίοτε</span> <span class='ocrx_word' id='word_1_131' title='bbox 1383 1727 1563 1786; x_wconf 80' lang='grc' dir='ltr'>αὐτοῖς</span> <span class='ocrx_word' id='word_1_132' title='bbox 1587 1741 1724 1791; x_wconf 83' lang='grc' dir='ltr'>συμ-</span> 
     </span>
    </p>
   </div>
   <div class='ocr_carea' id='block_1_20' title="bbox 201 1797 1742 1894">
    <p class='ocr_par' dir='ltr' id='par_1_20' title="bbox 201 1815 1730 1894">
     <span class='ocr_line' id='line_1_20' title="bbox 201 1815 1730 1894; baseline -0.009 -16"><span class='ocrx_word' id='word_1_133' title='bbox 201 1825 492 1894; x_wconf 64' lang='grc' dir='ltr'>ψελλίζουσα,</span> <span class='ocrx_word' id='word_1_134' title='bbox 533 1823 630 1874; x_wconf 68' lang='grc' dir='ltr'><strong>καὶ</strong></span> <span class='ocrx_word' id='word_1_135' title='bbox 686 1820 944 1892; x_wconf 78' lang='grc' dir='ltr'>χρωμένη</span> <span class='ocrx_word' id='word_1_136' title='bbox 996 1820 1192 1889; x_wconf 86' lang='grc' dir='ltr'>ὁμοίως</span> <span class='ocrx_word' id='word_1_137' title='bbox 1235 1818 1458 1878; x_wconf 78' lang='grc' dir='ltr'>ἐκείνοις</span> <span class='ocrx_word' id='word_1_138' title='bbox 1483 1815 1590 1868; x_wconf 82' lang='grc' dir='ltr'><strong>τῶν</strong></span> <span class='ocrx_word' id='word_1_139' title='bbox 1618 1815 1730 1866; x_wconf 85' lang='grc' dir='ltr'>ὀνο-</span> 
     </span>
    </p>
   </div>
   <div class='ocr_carea' id='block_1_21' title="bbox 1844 1797 3036 1894">
    <p class='ocr_par' dir='ltr' id='par_1_21' title="bbox 1844 1797 3036 1890">
     <span class='ocr_line' id='line_1_21' title="bbox 1844 1797 3036 1890; baseline 0.002 -20"><span class='ocrx_word' id='word_1_140' title='bbox 1844 1819 1980 1887; x_wconf 75' lang='lat' dir='ltr'><strong>prios</strong></span> <span class='ocrx_word' id='word_1_141' title='bbox 2015 1797 2156 1874; x_wconf 72' lang='lat' dir='ltr'><strong>fetus</strong></span> <span class='ocrx_word' id='word_1_142' title='bbox 2216 1821 2460 1874; x_wconf 93' lang='lat' dir='ltr'><strong>homines</strong></span> <span class='ocrx_word' id='word_1_143' title='bbox 2535 1821 2776 1890; x_wconf 81' lang='lat' dir='ltr'><strong>singulos</strong></span> <span class='ocrx_word' id='word_1_144' title='bbox 2823 1828 3036 1890; x_wconf 95' lang='lat' dir='ltr'><strong>reputat</strong></span> 
     </span>
    </p>
   </div>
   <div class='ocr_carea' id='block_1_22' title="bbox 206 1903 1731 1986">
    <p class='ocr_par' dir='ltr' id='par_1_22' title="bbox 206 1903 1731 1986">
     <span class='ocr_line' id='line_1_22' title="bbox 206 1903 1731 1986; baseline -0.007 -18"><span class='ocrx_word' id='word_1_145' title='bbox 206 1918 350 1986; x_wconf 65' lang='grc' dir='ltr'>μάτων</span> <span class='ocrx_word' id='word_1_146' title='bbox 392 1916 548 1977; x_wconf 79' lang='grc' dir='ltr'>τισὶν,</span> <span class='ocrx_word' id='word_1_147' title='bbox 607 1913 670 1964; x_wconf 76' lang='grc' dir='ltr'><strong>οὑ</strong></span> <span class='ocrx_word' id='word_1_148' title='bbox 725 1915 1217 1981; x_wconf 77' lang='grc' dir='ltr'>παραγινώσκουσα</span> <span class='ocrx_word' id='word_1_149' title='bbox 1281 1909 1342 1961; x_wconf 87' lang='grc' dir='ltr'><strong>τὸ</strong></span> <span class='ocrx_word' id='word_1_150' title='bbox 1387 1903 1606 1960; x_wconf 86' lang='grc' dir='ltr'>τέλειον.</span> <span class='ocrx_word' id='word_1_151' title='bbox 1666 1905 1731 1957; x_wconf 84' lang='grc' dir='ltr'><strong>Ἦ</strong></span> 
     </span>
    </p>
   </div>
   <div class='ocr_carea' id='block_1_23' title="bbox 204 1996 1734 2076">
    <p class='ocr_par' dir='ltr' id='par_1_23' title="bbox 204 1996 1734 2076">
     <span class='ocr_line' id='line_1_23' title="bbox 204 1996 1734 2076; baseline -0.007 -17"><span class='ocrx_word' id='word_1_152' title='bbox 204 2008 310 2076; x_wconf 74' lang='grc' dir='ltr'>αὑτὴ</span> <span class='ocrx_word' id='word_1_153' title='bbox 359 2006 460 2076; x_wconf 75' lang='grc' dir='ltr'><strong>γὰρ</strong></span> <span class='ocrx_word' id='word_1_154' title='bbox 511 2006 608 2057; x_wconf 73' lang='grc' dir='ltr'><strong>καὶ</strong></span> <span class='ocrx_word' id='word_1_155' title='bbox 667 1997 804 2066; x_wconf 82' lang='grc' dir='ltr'>ὦτα,</span> <span class='ocrx_word' id='word_1_156' title='bbox 858 2003 950 2056; x_wconf 73' lang='grc' dir='ltr'><strong>καὶ</strong></span> <span class='ocrx_word' id='word_1_157' title='bbox 995 2001 1321 2071; x_wconf 79' lang='grc' dir='ltr'>ὀφθαλμοὺς,</span> <span class='ocrx_word' id='word_1_158' title='bbox 1357 1999 1448 2052; x_wconf 76' lang='grc' dir='ltr'>καὶ</span> <span class='ocrx_word' id='word_1_159' title='bbox 1478 1997 1639 2050; x_wconf 82' lang='grc' dir='ltr'>λοιπὰ</span> <span class='ocrx_word' id='word_1_160' title='bbox 1668 1996 1734 2069; x_wconf 81' lang='grc' dir='ltr'>δὴ</span> 
     </span>
    </p>
   </div>
   <div class='ocr_carea' id='block_1_24' title="bbox 207 2089 1735 2170">
    <p class='ocr_par' dir='ltr' id='par_1_24' title="bbox 207 2089 1735 2170">
     <span class='ocr_line' id='line_1_24' title="bbox 207 2089 1735 2170; baseline -0.007 -19"><span class='ocrx_word' id='word_1_161' title='bbox 207 2101 334 2170; x_wconf 75' lang='grc' dir='ltr'>μόρια</span> <span class='ocrx_word' id='word_1_162' title='bbox 361 2098 607 2168; x_wconf 79' lang='grc' dir='ltr'>σώματος</span> <span class='ocrx_word' id='word_1_163' title='bbox 637 2096 778 2165; x_wconf 73' lang='grc' dir='ltr'>ἔχειν</span> <span class='ocrx_word' id='word_1_164' title='bbox 810 2094 1038 2161; x_wconf 79' lang='grc' dir='ltr'>λέγουσα</span> <span class='ocrx_word' id='word_1_165' title='bbox 1070 2093 1160 2147; x_wconf 90' lang='grc' dir='ltr'><strong>τὸν</strong></span> <span class='ocrx_word' id='word_1_166' title='bbox 1198 2092 1350 2154; x_wconf 85' lang='grc' dir='ltr'>Θεὸν,</span> <span class='ocrx_word' id='word_1_167' title='bbox 1370 2093 1428 2144; x_wconf 88' lang='grc' dir='ltr'><strong>οὑ</strong></span> <span class='ocrx_word' id='word_1_168' title='bbox 1463 2091 1637 2159; x_wconf 85' lang='grc' dir='ltr'>δόγμα</span> <span class='ocrx_word' id='word_1_169' title='bbox 1674 2089 1735 2141; x_wconf 87' lang='grc' dir='ltr'><strong>τὸ</strong></span> 
     </span>
    </p>
   </div>
   <div class='ocr_carea' id='block_1_25' title="bbox 204 2182 1731 2260">
    <p class='ocr_par' dir='ltr' id='par_1_25' title="bbox 204 2182 1731 2260">
     <span class='ocr_line' id='line_1_25' title="bbox 204 2182 1731 2260; baseline -0.008 -15"><span class='ocrx_word' id='word_1_170' title='bbox 204 2192 368 2245; x_wconf 77' lang='grc' dir='ltr'>τοιοῦτο</span> <span class='ocrx_word' id='word_1_171' title='bbox 399 2190 768 2260; x_wconf 79' lang='grc' dir='ltr'>παραδίδωσι,</span> <span class='ocrx_word' id='word_1_172' title='bbox 826 2187 1075 2241; x_wconf 82' lang='grc' dir='ltr'>σύνθετον</span> <span class='ocrx_word' id='word_1_173' title='bbox 1113 2185 1406 2256; x_wconf 79' lang='grc' dir='ltr'>,ὁριζομένη</span> <span class='ocrx_word' id='word_1_174' title='bbox 1457 2183 1517 2236; x_wconf 88' lang='grc' dir='ltr'><strong>τὸ</strong></span> <span class='ocrx_word' id='word_1_175' title='bbox 1546 2182 1698 2234; x_wconf 86' lang='grc' dir='ltr'>Θεῖον</span> <span class='ocrx_word' id='word_1_176' title='bbox 1718 2200 1731 2213; x_wconf 77' lang='grc' dir='ltr'><strong><em>ο</em></strong></span> 
     </span>
    </p>
   </div>
   <div class='ocr_carea' id='block_1_26' title="bbox 205 2274 1736 2352">
    <p class='ocr_par' dir='ltr' id='par_1_26' title="bbox 205 2274 1736 2352">
     <span class='ocr_line' id='line_1_26' title="bbox 205 2274 1736 2352; baseline -0.008 -14"><span class='ocrx_word' id='word_1_177' title='bbox 329 2282 460 2337; x_wconf 77' lang='grc' dir='ltr'>κατὰ</span> <span class='ocrx_word' id='word_1_178' title='bbox 512 2282 608 2335; x_wconf 88' lang='grc' dir='ltr'><strong>τὸν</strong></span> <span class='ocrx_word' id='word_1_179' title='bbox 636 2281 923 2352; x_wconf 74' lang='grc' dir='ltr'>εἰρημένον</span> <span class='ocrx_word' id='word_1_180' title='bbox 969 2280 1168 2352; x_wconf 85' lang='grc' dir='ltr'>τρόπον</span> <span class='ocrx_word' id='word_1_181' title='bbox 1199 2280 1263 2330; x_wconf 85' lang='grc' dir='ltr'>ἐκ</span> <span class='ocrx_word' id='word_1_182' title='bbox 1299 2277 1606 2348; x_wconf 79' lang='grc' dir='ltr'>μεταφορᾶς</span> <span class='ocrx_word' id='word_1_183' title='bbox 1630 2274 1736 2327; x_wconf 84' lang='grc' dir='ltr'><strong>τῶν</strong></span> 
     </span>
    </p>
   </div>
   <div class='ocr_carea' id='block_1_27' title="bbox 203 2366 1738 2445">
    <p class='ocr_par' dir='ltr' id='par_1_27' title="bbox 203 2366 1738 2445">
     <span class='ocr_line' id='line_1_27' title="bbox 203 2366 1738 2445; baseline -0.007 -17"><span class='ocrx_word' id='word_1_184' title='bbox 203 2376 458 2445; x_wconf 63' lang='grc' dir='ltr'>ἡμετέρων,</span> <span class='ocrx_word' id='word_1_185' title='bbox 507 2374 650 2444; x_wconf 83' lang='grc' dir='ltr'>πρὸς</span> <span class='ocrx_word' id='word_1_186' title='bbox 710 2371 998 2442; x_wconf 78' lang='grc' dir='ltr'>ἀναγωγὴν</span> <span class='ocrx_word' id='word_1_187' title='bbox 1019 2370 1128 2424; x_wconf 86' lang='grc' dir='ltr'>τῶν</span> <span class='ocrx_word' id='word_1_188' title='bbox 1179 2369 1252 2440; x_wconf 82' lang='grc' dir='ltr'>μὴ</span> <span class='ocrx_word' id='word_1_189' title='bbox 1290 2369 1512 2439; x_wconf 85' lang='grc' dir='ltr'>ὰμέσως</span> <span class='ocrx_word' id='word_1_190' title='bbox 1555 2367 1647 2420; x_wconf 54' lang='grc' dir='ltr'><strong>ἐπὶ⁵</strong></span> <span class='ocrx_word' id='word_1_191' title='bbox 1669 2366 1738 2419; x_wconf 86' lang='grc' dir='ltr'>τὰ</span> 
     </span>
    </p>
   </div>
   <div class='ocr_carea' id='block_1_28' title="bbox 205 2456 1734 2533">
    <p class='ocr_par' dir='ltr' id='par_1_28' title="bbox 205 2456 1734 2533">
     <span class='ocr_line' id='line_1_28' title="bbox 205 2456 1734 2533; baseline -0.007 -16"><span class='ocrx_word' id='word_1_192' title='bbox 205 2463 426 2533; x_wconf 77' lang='grc' dir='ltr'>ἀσώματα</span> <span class='ocrx_word' id='word_1_193' title='bbox 459 2465 661 2532; x_wconf 86' lang='grc' dir='ltr'>χωρεῖν</span> <span class='ocrx_word' id='word_1_194' title='bbox 693 2460 1024 2531; x_wconf 82' lang='grc' dir='ltr'>δυναμένων,</span> <span class='ocrx_word' id='word_1_195' title='bbox 1059 2459 1127 2512; x_wconf 80' lang='grc' dir='ltr'>τὰ</span> <span class='ocrx_word' id='word_1_196' title='bbox 1163 2459 1403 2528; x_wconf 76' lang='grc' dir='ltr'>δόγματα</span> <span class='ocrx_word' id='word_1_197' title='bbox 1433 2456 1734 2510; x_wconf 76' lang='grc' dir='ltr'>ἐκτίθεται·</span> 
     </span>
    </p>
   </div>
   <div class='ocr_carea' id='block_1_29' title="bbox 206 2545 1738 2622">
    <p class='ocr_par' dir='ltr' id='par_1_29' title="bbox 206 2545 1738 2622">
     <span class='ocr_line' id='line_1_29' title="bbox 206 2545 1738 2622; baseline -0.004 -17"><span class='ocrx_word' id='word_1_198' title='bbox 206 2553 388 2622; x_wconf 78' lang='grc' dir='ltr'>Πνεῦμα</span> <span class='ocrx_word' id='word_1_199' title='bbox 435 2553 673 2620; x_wconf 83' lang='grc' dir='ltr'>λέγουσα</span> <span class='ocrx_word' id='word_1_200' title='bbox 705 2550 796 2604; x_wconf 90' lang='grc' dir='ltr'><strong>τὸν</strong></span> <span class='ocrx_word' id='word_1_201' title='bbox 825 2551 956 2603; x_wconf 90' lang='grc' dir='ltr'>Θεὸν</span> <span class='ocrx_word' id='word_1_202' title='bbox 988 2547 1147 2611; x_wconf 74' lang='grc' dir='ltr'>εἰναι,</span> <span class='ocrx_word' id='word_1_203' title='bbox 1183 2550 1275 2602; x_wconf 76' lang='grc' dir='ltr'>καὶ</span> <span class='ocrx_word' id='word_1_204' title='bbox 1311 2547 1584 2618; x_wconf 80' lang='grc' dir='ltr'>πανταχοῦ</span> <span class='ocrx_word' id='word_1_205' title='bbox 1614 2545 1738 2600; x_wconf 74' lang='grc' dir='ltr'>ἔνθα</span> 
     </span>
    </p>
   </div>
   <div class='ocr_carea' id='block_1_30' title="bbox 205 2639 1739 2716">
    <p class='ocr_par' dir='ltr' id='par_1_30' title="bbox 205 2639 1739 2716">
     <span class='ocr_line' id='line_1_30' title="bbox 205 2639 1739 2716; baseline -0.005 -18"><span class='ocrx_word' id='word_1_206' title='bbox 205 2661 268 2708; x_wconf 86' lang='grc' dir='ltr'><strong>τις</strong></span> <span class='ocrx_word' id='word_1_207' title='bbox 293 2645 571 2716; x_wconf 80' lang='grc' dir='ltr'>πορευθείη</span> <span class='ocrx_word' id='word_1_208' title='bbox 605 2647 863 2714; x_wconf 89' lang='grc' dir='ltr'>παρεῖναι</span> <span class='ocrx_word' id='word_1_209' title='bbox 895 2643 954 2696; x_wconf 87' lang='grc' dir='ltr'><strong>τὸ</strong></span> <span class='ocrx_word' id='word_1_210' title='bbox 985 2642 1189 2696; x_wconf 85' lang='grc' dir='ltr'>ἁπλοῦν</span> <span class='ocrx_word' id='word_1_211' title='bbox 1222 2640 1386 2695; x_wconf 88' lang='grc' dir='ltr'>αὐτοῦ</span> <span class='ocrx_word' id='word_1_212' title='bbox 1425 2642 1518 2696; x_wconf 73' lang='grc' dir='ltr'><strong>καὶ</strong></span> <span class='ocrx_word' id='word_1_213' title='bbox 1547 2639 1739 2710; x_wconf 83' lang='grc' dir='ltr'>ἀπερί-</span> 
     </span>
    </p>
   </div>
   <div class='ocr_carea' id='block_1_31' title="bbox 205 2731 1741 2806">
    <p class='ocr_par' dir='ltr' id='par_1_31' title="bbox 205 2731 1741 2806">
     <span class='ocr_line' id='line_1_31' title="bbox 205 2731 1741 2806; baseline -0.003 -18"><span class='ocrx_word' id='word_1_214' title='bbox 205 2751 397 2806; x_wconf 69' lang='grc' dir='ltr'>γραφον,</span> <span class='ocrx_word' id='word_1_215' title='bbox 427 2737 574 2806; x_wconf 80' lang='grc' dir='ltr'>ἡμᾶς</span> <span class='ocrx_word' id='word_1_216' title='bbox 620 2731 1025 2788; x_wconf 78' lang='grc' dir='ltr'>ὲκδιδᾶισκουσα.</span> <span class='ocrx_word' id='word_1_217' title='bbox 1054 2733 1210 2788; x_wconf 77' lang='grc' dir='ltr'>Οὕτω</span> <span class='ocrx_word' id='word_1_218' title='bbox 1248 2734 1340 2788; x_wconf 75' lang='grc' dir='ltr'>καὶ</span> <span class='ocrx_word' id='word_1_219' title='bbox 1370 2737 1518 2805; x_wconf 85' lang='grc' dir='ltr'>τρεῖς</span> <span class='ocrx_word' id='word_1_220' title='bbox 1545 2733 1741 2803; x_wconf 80' lang='grc' dir='ltr'>ἄνδρας</span> 
     </span>
    </p>
   </div>
   <div class='ocr_carea' id='block_1_32' title="bbox 205 2823 1744 2897">
    <p class='ocr_par' dir='ltr' id='par_1_32' title="bbox 205 2823 1744 2897">
     <span class='ocr_line' id='line_1_32' title="bbox 205 2823 1744 2897; baseline -0.005 -15"><span class='ocrx_word' id='word_1_221' title='bbox 205 2828 395 2896; x_wconf 80' lang='grc' dir='ltr'>λέγουσα</span> <span class='ocrx_word' id='word_1_222' title='bbox 429 2828 518 2881; x_wconf 85' lang='grc' dir='ltr'><strong>διὰ</strong></span> <span class='ocrx_word' id='word_1_223' title='bbox 551 2826 879 2897; x_wconf 80' lang='grc' dir='ltr'>συνήθειαν,</span> <span class='ocrx_word' id='word_1_224' title='bbox 916 2825 1000 2878; x_wconf 78' lang='grc' dir='ltr'><strong>ἵνα</strong></span> <span class='ocrx_word' id='word_1_225' title='bbox 1040 2827 1113 2897; x_wconf 84' lang='grc' dir='ltr'>μὴ</span> <span class='ocrx_word' id='word_1_226' title='bbox 1148 2825 1328 2896; x_wconf 77' lang='grc' dir='ltr'>ξενίζῃ</span> <span class='ocrx_word' id='word_1_227' title='bbox 1355 2825 1416 2877; x_wconf 90' lang='grc' dir='ltr'><strong>τὸ</strong></span> <span class='ocrx_word' id='word_1_228' title='bbox 1447 2824 1623 2877; x_wconf 86' lang='grc' dir='ltr'>κοινὸν</span> <span class='ocrx_word' id='word_1_229' title='bbox 1649 2823 1744 2876; x_wconf 74' lang='grc' dir='ltr'>καὶ</span> 
     </span>
    </p>
   </div>
   <div class='ocr_carea' id='block_1_33' title="bbox 205 2916 1741 2991">
    <p class='ocr_par' dir='ltr' id='par_1_33' title="bbox 205 2916 1741 2991">
     <span class='ocr_line' id='line_1_33' title="bbox 205 2916 1741 2991; baseline -0.003 -19"><span class='ocrx_word' id='word_1_230' title='bbox 205 2923 251 2973; x_wconf 81' lang='grc' dir='ltr'>ὲν</span> <span class='ocrx_word' id='word_1_231' title='bbox 270 2925 439 2991; x_wconf 80' lang='grc' dir='ltr'>χρήσει</span> <span class='ocrx_word' id='word_1_232' title='bbox 484 2920 597 2974; x_wconf 86' lang='grc' dir='ltr'><strong>τῶν</strong></span> <span class='ocrx_word' id='word_1_233' title='bbox 637 2918 847 2972; x_wconf 84' lang='grc' dir='ltr'>πολλῶν</span> <span class='ocrx_word' id='word_1_234' title='bbox 887 2919 1146 2989; x_wconf 86' lang='grc' dir='ltr'>ὑπάρχον.</span> <span class='ocrx_word' id='word_1_235' title='bbox 1195 2919 1304 2971; x_wconf 73' lang='grc' dir='ltr'><strong>Καὶ</strong></span> <span class='ocrx_word' id='word_1_236' title='bbox 1359 2917 1454 2970; x_wconf 75' lang='grc' dir='ltr'><strong>ἕνα</strong></span> <span class='ocrx_word' id='word_1_237' title='bbox 1509 2917 1641 2986; x_wconf 69' lang='grc' dir='ltr'>φησι</span> <span class='ocrx_word' id='word_1_238' title='bbox 1676 2916 1741 2968; x_wconf 83' lang='grc' dir='ltr'>δι’</span> 
     </span>
    </p>
   </div>
   <div class='ocr_carea' id='block_1_34' title="bbox 205 3009 1742 3082">
    <p class='ocr_par' dir='ltr' id='par_1_34' title="bbox 205 3009 1742 3082">
     <span class='ocr_line' id='line_1_34' title="bbox 205 3009 1742 3082; baseline -0.003 -19"><span class='ocrx_word' id='word_1_239' title='bbox 205 3013 466 3082; x_wconf 80' lang='grc' dir='ltr'>ἀκρίϐειαν,</span> <span class='ocrx_word' id='word_1_240' title='bbox 512 3013 603 3065; x_wconf 84' lang='grc' dir='ltr'>ἶνα</span> <span class='ocrx_word' id='word_1_241' title='bbox 662 3011 738 3081; x_wconf 82' lang='grc' dir='ltr'>μὴ</span> <span class='ocrx_word' id='word_1_242' title='bbox 773 3009 1123 3080; x_wconf 80' lang='grc' dir='ltr'>παρασαλεύῃ</span> <span class='ocrx_word' id='word_1_243' title='bbox 1168 3009 1229 3062; x_wconf 89' lang='grc' dir='ltr'><strong>τὸ</strong></span> <span class='ocrx_word' id='word_1_244' title='bbox 1267 3009 1438 3072; x_wconf 85' lang='grc' dir='ltr'>τέλος,</span> <span class='ocrx_word' id='word_1_245' title='bbox 1468 3010 1561 3069; x_wconf 72' lang='grc' dir='ltr'>καὶ</span> <span class='ocrx_word' id='word_1_246' title='bbox 1589 3011 1645 3061; x_wconf 80' lang='grc' dir='ltr'><strong>ἐν</strong></span> <span class='ocrx_word' id='word_1_247' title='bbox 1676 3010 1742 3077; x_wconf 76' lang='grc' dir='ltr'><strong>τῇ</strong></span> 
     </span>
    </p>
   </div>
   <div class='ocr_carea' id='block_1_35' title="bbox 207 3098 1745 3176">
    <p class='ocr_par' dir='ltr' id='par_1_35' title="bbox 207 3098 1745 3176">
     <span class='ocr_line' id='line_1_35' title="bbox 207 3098 1745 3176; baseline -0.004 -19"><span class='ocrx_word' id='word_1_248' title='bbox 207 3104 335 3171; x_wconf 69' lang='grc' dir='ltr'>φύσει</span> <span class='ocrx_word' id='word_1_249' title='bbox 356 3105 457 3157; x_wconf 82' lang='grc' dir='ltr'><strong>τῶν</strong></span> <span class='ocrx_word' id='word_1_250' title='bbox 486 3103 836 3176; x_wconf 79' lang='grc' dir='ltr'>πραγμάτων</span> <span class='ocrx_word' id='word_1_251' title='bbox 855 3101 1220 3172; x_wconf 84' lang='grc' dir='ltr'>θεωρουμένη.</span> <span class='ocrx_word' id='word_1_252' title='bbox 1255 3101 1361 3153; x_wconf 72' lang='grc' dir='ltr'>Καὶ</span> <span class='ocrx_word' id='word_1_253' title='bbox 1385 3101 1446 3153; x_wconf 90' lang='grc' dir='ltr'><strong>τὸ</strong></span> <span class='ocrx_word' id='word_1_254' title='bbox 1466 3102 1560 3168; x_wconf 84' lang='grc' dir='ltr'><strong>μὲν</strong></span> <span class='ocrx_word' id='word_1_255' title='bbox 1585 3098 1745 3169; x_wconf 81' lang='grc' dir='ltr'>ἡγού-</span> 
     </span>
    </p>
   </div>
   <div class='ocr_carea' id='block_1_36' title="bbox 207 3187 1746 3264">
    <p class='ocr_par' dir='ltr' id='par_1_36' title="bbox 207 3187 1746 3264">
     <span class='ocr_line' id='line_1_36' title="bbox 207 3187 1746 3264; baseline -0.004 -18"><span class='ocrx_word' id='word_1_256' title='bbox 207 3193 320 3264; x_wconf 85' lang='grc' dir='ltr'>μεθα</span> <span class='ocrx_word' id='word_1_257' title='bbox 341 3194 740 3264; x_wconf 77' lang='grc' dir='ltr'>συγκαταϐασιν</span> <span class='ocrx_word' id='word_1_258' title='bbox 768 3194 860 3245; x_wconf 75' lang='grc' dir='ltr'><strong>ἐπὶ</strong></span> <span class='ocrx_word' id='word_1_259' title='bbox 894 3193 1145 3262; x_wconf 79' lang='grc' dir='ltr'>χρησίμῳ</span> <span class='ocrx_word' id='word_1_260' title='bbox 1171 3191 1264 3243; x_wconf 73' lang='grc' dir='ltr'>καὶ</span> <span class='ocrx_word' id='word_1_261' title='bbox 1290 3190 1616 3260; x_wconf 80' lang='grc' dir='ltr'>συμφέροντι</span> <span class='ocrx_word' id='word_1_262' title='bbox 1639 3187 1746 3240; x_wconf 83' lang='grc' dir='ltr'><strong>τῶν</strong></span> 
     </span>
    </p>
   </div>
   <div class='ocr_carea' id='block_1_37' title="bbox 203 3279 1748 3356">
    <p class='ocr_par' dir='ltr' id='par_1_37' title="bbox 203 3279 1748 3356">
     <span class='ocr_line' id='line_1_37' title="bbox 203 3279 1748 3356; baseline -0.005 -18"><span class='ocrx_word' id='word_1_263' title='bbox 203 3286 616 3356; x_wconf 84' lang='grc' dir='ltr'>νηπιωδεστέρων</span> <span class='ocrx_word' id='word_1_264' title='bbox 651 3282 1013 3352; x_wconf 85' lang='grc' dir='ltr'>γεγενημένον</span> <span class='ocrx_word' id='word_1_265' title='bbox 1033 3299 1046 3313; x_wconf 88' lang='grc'><strong>·</strong></span> <span class='ocrx_word' id='word_1_266' title='bbox 1084 3282 1145 3333; x_wconf 88' lang='grc' dir='ltr'><strong>τὸ</strong></span> <span class='ocrx_word' id='word_1_267' title='bbox 1175 3281 1231 3333; x_wconf 82' lang='grc' dir='ltr'><strong>δὲ</strong></span> <span class='ocrx_word' id='word_1_268' title='bbox 1259 3279 1546 3350; x_wconf 77' lang='grc' dir='ltr'>όριζόμεθα</span> <span class='ocrx_word' id='word_1_269' title='bbox 1575 3281 1748 3348; x_wconf 83' lang='grc' dir='ltr'>δόγμα</span> 
     </span>
    </p>
   </div>
   <div class='ocr_carea' id='block_1_38' title="bbox 205 3369 1751 3444">
    <p class='ocr_par' dir='ltr' id='par_1_38' title="bbox 205 3369 1751 3444">
     <span class='ocr_line' id='line_1_38' title="bbox 205 3369 1751 3444; baseline -0.003 -20"><span class='ocrx_word' id='word_1_270' title='bbox 205 3374 280 3427; x_wconf 81' lang='grc' dir='ltr'>ὲπί</span> <span class='ocrx_word' id='word_1_271' title='bbox 301 3375 577 3444; x_wconf 77' lang='grc' dir='ltr'>βεϐαιώσει</span> <span class='ocrx_word' id='word_1_272' title='bbox 624 3373 720 3428; x_wconf 70' lang='grc' dir='ltr'><strong>καὶ</strong></span> <span class='ocrx_word' id='word_1_273' title='bbox 749 3372 1042 3441; x_wconf 88' lang='grc' dir='ltr'>παραδόσει</span> <span class='ocrx_word' id='word_1_274' title='bbox 1074 3372 1173 3441; x_wconf 82' lang='grc' dir='ltr'>τῆς</span> <span class='ocrx_word' id='word_1_275' title='bbox 1193 3370 1522 3440; x_wconf 81' lang='grc' dir='ltr'>τελειότητος</span> <span class='ocrx_word' id='word_1_276' title='bbox 1545 3369 1751 3422; x_wconf 76' lang='grc' dir='ltr'>ἐκτιθέο</span> 
     </span>
    </p>
   </div>
   <div class='ocr_carea' id='block_1_39' title="bbox 207 3461 1755 3534">
    <p class='ocr_par' dir='ltr' id='par_1_39' title="bbox 207 3461 1755 3534">
     <span class='ocr_line' id='line_1_39' title="bbox 207 3461 1755 3534; baseline -0.002 -16"><span class='ocrx_word' id='word_1_277' title='bbox 207 3484 356 3534; x_wconf 80' lang='grc' dir='ltr'>μενον.</span> <span class='ocrx_word' id='word_1_278' title='bbox 399 3466 554 3519; x_wconf 76' lang='grc' dir='ltr'>Ἀλλὰ</span> <span class='ocrx_word' id='word_1_279' title='bbox 609 3465 770 3519; x_wconf 83' lang='grc' dir='ltr'>πάλιν</span> <span class='ocrx_word' id='word_1_280' title='bbox 804 3465 930 3533; x_wconf 80' lang='grc' dir='ltr'>φασί</span> <span class='ocrx_word' id='word_1_281' title='bbox 979 3479 1119 3524; x_wconf 84' lang='grc' dir='ltr'>τινες</span> <span class='ocrx_word' id='word_1_282' title='bbox 1148 3464 1249 3527; x_wconf 85' lang='grc' dir='ltr'>δτι,</span> <span class='ocrx_word' id='word_1_283' title='bbox 1291 3461 1479 3533; x_wconf 77' lang='grc' dir='ltr'>ὥσπερ</span> <span class='ocrx_word' id='word_1_284' title='bbox 1498 3463 1755 3532; x_wconf 86' lang='grc' dir='ltr'>λέγομεν·</span> 
     </span>
    </p>
   </div>
   <div class='ocr_carea' id='block_1_40' title="bbox 217 3553 1749 3626">
    <p class='ocr_par' dir='ltr' id='par_1_40' title="bbox 217 3553 1749 3626">
     <span class='ocr_line' id='line_1_40' title="bbox 217 3553 1749 3626; baseline 0.002 -23"><span class='ocrx_word' id='word_1_285' title='bbox 217 3553 949 3626; x_wconf 78' lang='grc' dir='ltr'>’Υπόστασιςὺποστάσεως,ἡ</span> <span class='ocrx_word' id='word_1_286' title='bbox 968 3558 1279 3618; x_wconf 78' lang='grc' dir='ltr'>ὑπόστασις.</span> <span class='ocrx_word' id='word_1_287' title='bbox 1307 3555 1456 3608; x_wconf 79' lang='grc' dir='ltr'>οὐδὲν</span> <span class='ocrx_word' id='word_1_288' title='bbox 1489 3554 1749 3624; x_wconf 77' lang='grc' dir='ltr'>διαφέρειο</span> 
     </span>
    </p>
   </div>
   <div class='ocr_carea' id='block_1_41' title="bbox 207 3643 1757 3716">
    <p class='ocr_par' dir='ltr' id='par_1_41' title="bbox 207 3643 1757 3716">
     <span class='ocr_line' id='line_1_41' title="bbox 207 3643 1757 3716; baseline 0.001 -20"><span class='ocrx_word' id='word_1_289' title='bbox 207 3645 281 3696; x_wconf 77' lang='grc' dir='ltr'><strong>καί</strong></span> <span class='ocrx_word' id='word_1_290' title='bbox 297 3647 352 3697; x_wconf 78' lang='grc' dir='ltr'><strong>οὑ</strong></span> <span class='ocrx_word' id='word_1_291' title='bbox 382 3647 528 3716; x_wconf 75' lang='grc' dir='ltr'>παρὰ</span> <span class='ocrx_word' id='word_1_292' title='bbox 564 3646 732 3699; x_wconf 85' lang='grc' dir='ltr'>τοῦτο</span> <span class='ocrx_word' id='word_1_293' title='bbox 773 3647 869 3715; x_wconf 86' lang='grc' dir='ltr'><strong>μία</strong></span> <span class='ocrx_word' id='word_1_294' title='bbox 897 3648 1189 3710; x_wconf 81' lang='grc' dir='ltr'>ὑπόστασις</span> <span class='ocrx_word' id='word_1_295' title='bbox 1231 3649 1285 3700; x_wconf 79' lang='grc' dir='ltr'>αἱ</span> <span class='ocrx_word' id='word_1_296' title='bbox 1317 3648 1486 3699; x_wconf 83' lang='grc' dir='ltr'>πᾶσαι</span> <span class='ocrx_word' id='word_1_297' title='bbox 1515 3643 1757 3698; x_wconf 85' lang='grc' dir='ltr'>ὑποστά-</span> 
     </span>
    </p>
   </div>
   <div class='ocr_carea' id='block_1_42' title="bbox 210 3737 1756 3808">
    <p class='ocr_par' dir='ltr' id='par_1_42' title="bbox 210 3737 1756 3808">
     <span class='ocr_line' id='line_1_42' title="bbox 210 3737 1756 3808; baseline 0.002 -22"><span class='ocrx_word' id='word_1_298' title='bbox 210 3752 302 3800; x_wconf 73' lang='lat' dir='ltr'><strong>est;</strong></span> <span class='ocrx_word' id='word_1_299' title='bbox 323 3755 337 3770; x_wconf 79' lang='grc' dir='ltr'><strong><em>ο</em></strong></span> <span class='ocrx_word' id='word_1_300' title='bbox 361 3738 451 3791; x_wconf 76' lang='grc' dir='ltr'>καὶ</span> <span class='ocrx_word' id='word_1_301' title='bbox 483 3737 678 3808; x_wconf 82' lang='grc' dir='ltr'>ὥσπερ</span> <span class='ocrx_word' id='word_1_302' title='bbox 730 3739 906 3799; x_wconf 86' lang='grc' dir='ltr'>οὑσία.</span> <span class='ocrx_word' id='word_1_303' title='bbox 941 3739 1126 3801; x_wconf 82' lang='grc' dir='ltr'>οὐσίας</span> <span class='ocrx_word' id='word_1_304' title='bbox 1169 3737 1318 3791; x_wconf 83' lang='grc' dir='ltr'>οὐδὲν</span> <span class='ocrx_word' id='word_1_305' title='bbox 1348 3737 1590 3807; x_wconf 79' lang='grc' dir='ltr'>διαφέρει</span> <span class='ocrx_word' id='word_1_306' title='bbox 1615 3752 1627 3766; x_wconf 76' lang='grc' dir='ltr'><strong><em>ο</em></strong></span> <span class='ocrx_word' id='word_1_307' title='bbox 1661 3737 1756 3790; x_wconf 73' lang='grc' dir='ltr'>καὶ</span> 
     </span>
    </p>
   </div>
   <div class='ocr_carea' id='block_1_43' title="bbox 207 3827 1754 3901">
    <p class='ocr_par' dir='ltr' id='par_1_43' title="bbox 207 3827 1754 3901">
     <span class='ocr_line' id='line_1_43' title="bbox 207 3827 1754 3901; baseline 0 -21"><span class='ocrx_word' id='word_1_308' title='bbox 207 3829 253 3880; x_wconf 72' lang='grc' dir='ltr'>οὐ</span> <span class='ocrx_word' id='word_1_309' title='bbox 281 3830 422 3901; x_wconf 76' lang='grc' dir='ltr'>παρὰ</span> <span class='ocrx_word' id='word_1_310' title='bbox 445 3831 608 3883; x_wconf 88' lang='grc' dir='ltr'>τοῦτο</span> <span class='ocrx_word' id='word_1_311' title='bbox 641 3829 738 3900; x_wconf 86' lang='grc' dir='ltr'><strong>μία</strong></span> <span class='ocrx_word' id='word_1_312' title='bbox 769 3830 924 3883; x_wconf 87' lang='grc' dir='ltr'>οὑσία</span> <span class='ocrx_word' id='word_1_313' title='bbox 954 3831 1008 3883; x_wconf 80' lang='grc' dir='ltr'>αἱ</span> <span class='ocrx_word' id='word_1_314' title='bbox 1039 3831 1207 3883; x_wconf 80' lang='grc' dir='ltr'>πᾶσαι</span> <span class='ocrx_word' id='word_1_315' title='bbox 1243 3830 1418 3882; x_wconf 80' lang='grc' dir='ltr'>οὑσίαι</span> <span class='ocrx_word' id='word_1_316' title='bbox 1444 3847 1456 3860; x_wconf 76' lang='grc' dir='ltr'><strong>ο</strong></span> <span class='ocrx_word' id='word_1_317' title='bbox 1487 3827 1658 3890; x_wconf 79' lang='grc' dir='ltr'>οὑτως</span> <span class='ocrx_word' id='word_1_318' title='bbox 1687 3827 1754 3881; x_wconf 81' lang='grc' dir='ltr'>ἂν</span> 
     </span>
    </p>
   </div>
   <div class='ocr_carea' id='block_1_44' title="bbox 208 3920 1754 3993">
    <p class='ocr_par' dir='ltr' id='par_1_44' title="bbox 208 3920 1754 3993">
     <span class='ocr_line' id='line_1_44' title="bbox 208 3920 1754 3993; baseline 0.002 -23"><span class='ocrx_word' id='word_1_319' title='bbox 208 3920 445 3992; x_wconf 79' lang='grc' dir='ltr'>εἴποιμεν,</span> <span class='ocrx_word' id='word_1_320' title='bbox 478 3923 615 3986; x_wconf 88' lang='grc' dir='ltr'>Θεὸς</span> <span class='ocrx_word' id='word_1_321' title='bbox 643 3921 777 3975; x_wconf 84' lang='grc' dir='ltr'>Θεοῦ</span> <span class='ocrx_word' id='word_1_322' title='bbox 809 3923 959 3975; x_wconf 70' lang='grc' dir='ltr'>οὐδὲν</span> <span class='ocrx_word' id='word_1_323' title='bbox 978 3923 1255 3993; x_wconf 68' lang='grc' dir='ltr'>διαφέρει·</span> <span class='ocrx_word' id='word_1_324' title='bbox 1283 3923 1374 3974; x_wconf 72' lang='grc' dir='ltr'><strong>καὶ</strong></span> <span class='ocrx_word' id='word_1_325' title='bbox 1397 3921 1458 3974; x_wconf 91' lang='grc' dir='ltr'><strong>οὑ</strong></span> <span class='ocrx_word' id='word_1_326' title='bbox 1490 3922 1575 3974; x_wconf 76' lang='grc' dir='ltr'>διὰ</span> <span class='ocrx_word' id='word_1_327' title='bbox 1600 3920 1754 3974; x_wconf 87' lang='grc' dir='ltr'>τοῦτο</span> 
     </span>
    </p>
   </div>
   <div class='ocr_carea' id='block_1_45' title="bbox 209 4007 1753 4084">
    <p class='ocr_par' dir='ltr' id='par_1_45' title="bbox 209 4007 1753 4084">
     <span class='ocr_line' id='line_1_45' title="bbox 209 4007 1753 4084; baseline -0.002 -18"><span class='ocrx_word' id='word_1_328' title='bbox 209 4009 272 4075; x_wconf 82' lang='grc' dir='ltr'>εἷς</span> <span class='ocrx_word' id='word_1_329' title='bbox 297 4015 444 4080; x_wconf 88' lang='grc' dir='ltr'>Θεὸς,</span> <span class='ocrx_word' id='word_1_330' title='bbox 505 4015 562 4067; x_wconf 89' lang='grc' dir='ltr'>αἱ</span> <span class='ocrx_word' id='word_1_331' title='bbox 616 4016 766 4084; x_wconf 88' lang='grc' dir='ltr'>τρεῖς</span> <span class='ocrx_word' id='word_1_332' title='bbox 816 4015 1159 4078; x_wconf 76' lang='grc' dir='ltr'>ὑποστάσεις,</span> <span class='ocrx_word' id='word_1_333' title='bbox 1218 4011 1338 4066; x_wconf 83' lang='grc' dir='ltr'>καθ’</span> <span class='ocrx_word' id='word_1_334' title='bbox 1393 4007 1467 4066; x_wconf 82' lang='grc' dir='ltr'>ὧν</span> <span class='ocrx_word' id='word_1_335' title='bbox 1526 4011 1586 4064; x_wconf 89' lang='grc' dir='ltr'><strong>τὸ</strong></span> <span class='ocrx_word' id='word_1_336' title='bbox 1623 4011 1753 4073; x_wconf 86' lang='grc' dir='ltr'>Θεὸς</span> 
     </span>
    </p>
   </div>
   <div class='ocr_carea' id='block_1_46' title="bbox 209 4102 1754 4175">
    <p class='ocr_par' dir='ltr' id='par_1_46' title="bbox 209 4102 1754 4175">
     <span class='ocr_line' id='line_1_46' title="bbox 209 4102 1754 4175; baseline 0 -20"><span class='ocrx_word' id='word_1_337' title='bbox 209 4108 585 4175; x_wconf 76' lang='grc' dir='ltr'>κατηγορεῖται.</span> <span class='ocrx_word' id='word_1_338' title='bbox 611 4105 719 4157; x_wconf 74' lang='grc' dir='ltr'>Καὶ</span> <span class='ocrx_word' id='word_1_339' title='bbox 746 4103 930 4168; x_wconf 85' lang='grc' dir='ltr'>πάλιν,</span> <span class='ocrx_word' id='word_1_340' title='bbox 956 4104 1272 4174; x_wconf 73' lang='grc' dir='ltr'>’Ἄνθρωπος</span> <span class='ocrx_word' id='word_1_341' title='bbox 1291 4102 1578 4174; x_wconf 83' lang='grc' dir='ltr'>ἀνθρώπου</span> <span class='ocrx_word' id='word_1_342' title='bbox 1602 4103 1754 4156; x_wconf 80' lang='grc' dir='ltr'>οὐδὲν</span> 
     </span>
    </p>
   </div>
   <div class='ocr_carea' id='block_1_47' title="bbox 205 4190 1755 4265">
    <p class='ocr_par' dir='ltr' id='par_1_47' title="bbox 205 4190 1755 4265">
     <span class='ocr_line' id='line_1_47' title="bbox 205 4190 1755 4265; baseline -0.002 -19"><span class='ocrx_word' id='word_1_343' title='bbox 205 4194 445 4265; x_wconf 68' lang='grc' dir='ltr'>διαφέρει,</span> <span class='ocrx_word' id='word_1_344' title='bbox 473 4195 748 4262; x_wconf 84' lang='grc' dir='ltr'>λέγοντες,</span> <span class='ocrx_word' id='word_1_345' title='bbox 791 4193 891 4245; x_wconf 82' lang='grc' dir='ltr'>οὐκ</span> <span class='ocrx_word' id='word_1_346' title='bbox 915 4193 1243 4264; x_wconf 86' lang='grc' dir='ltr'>ἀναιροῦμεν</span> <span class='ocrx_word' id='word_1_347' title='bbox 1282 4193 1342 4246; x_wconf 90' lang='grc' dir='ltr'><strong>τὸ</strong></span> <span class='ocrx_word' id='word_1_348' title='bbox 1374 4197 1518 4264; x_wconf 86' lang='grc' dir='ltr'>τρεῖς</span> <span class='ocrx_word' id='word_1_349' title='bbox 1547 4190 1755 4262; x_wconf 83' lang='grc' dir='ltr'>ἀνθρώ-</span> 
     </span>
    </p>
   </div>
   <div class='ocr_carea' id='block_1_48' title="bbox 208 4285 1756 4358">
    <p class='ocr_par' dir='ltr' id='par_1_48' title="bbox 208 4285 1756 4358">
     <span class='ocr_line' id='line_1_48' title="bbox 208 4285 1756 4358; baseline -0.001 -20"><span class='ocrx_word' id='word_1_350' title='bbox 208 4303 318 4349; x_wconf 80' lang='grc' dir='ltr'>πους</span> <span class='ocrx_word' id='word_1_351' title='bbox 347 4285 483 4341; x_wconf 72' lang='grc' dir='ltr'>εἶναι</span> <span class='ocrx_word' id='word_1_352' title='bbox 523 4287 731 4358; x_wconf 88' lang='grc' dir='ltr'>Πέτρον</span> <span class='ocrx_word' id='word_1_353' title='bbox 779 4287 874 4340; x_wconf 65' lang='grc' dir='ltr'><strong>καί⁵</strong></span> <span class='ocrx_word' id='word_1_354' title='bbox 916 4286 1124 4340; x_wconf 91' lang='grc' dir='ltr'>Παῦλον</span> <span class='ocrx_word' id='word_1_355' title='bbox 1153 4289 1249 4339; x_wconf 65' lang='grc' dir='ltr'><strong>καὶ</strong></span> <span class='ocrx_word' id='word_1_356' title='bbox 1296 4287 1598 4356; x_wconf 76' lang='grc' dir='ltr'>Βαρνάϐαν.</span> <span class='ocrx_word' id='word_1_357' title='bbox 1627 4288 1756 4338; x_wconf 89' lang='grc' dir='ltr'>Δια-</span> 
     </span>
    </p>
   </div>
   <div class='ocr_carea' id='block_1_49' title="bbox 208 4375 1755 4448">
    <p class='ocr_par' dir='ltr' id='par_1_49' title="bbox 208 4375 1755 4448">
     <span class='ocr_line' id='line_1_49' title="bbox 208 4375 1755 4448; baseline 0.001 -22"><span class='ocrx_word' id='word_1_358' title='bbox 208 4375 338 4446; x_wconf 68' lang='grc' dir='ltr'>φέρει</span> <span class='ocrx_word' id='word_1_359' title='bbox 363 4378 469 4448; x_wconf 80' lang='grc' dir='ltr'>γὰρ</span> <span class='ocrx_word' id='word_1_360' title='bbox 503 4377 665 4429; x_wconf 85' lang='grc' dir='ltr'>οὑσία</span> <span class='ocrx_word' id='word_1_361' title='bbox 722 4375 908 4439; x_wconf 83' lang='grc' dir='ltr'>οὑσίας</span> <span class='ocrx_word' id='word_1_362' title='bbox 934 4392 947 4406; x_wconf 81' lang='lat'><strong><em>°</em></strong></span> <span class='ocrx_word' id='word_1_363' title='bbox 984 4377 1078 4429; x_wconf 88' lang='grc' dir='ltr'><strong>καί</strong></span> <span class='ocrx_word' id='word_1_364' title='bbox 1135 4377 1194 4428; x_wconf 87' lang='grc' dir='ltr'><strong>οὐ</strong></span> <span class='ocrx_word' id='word_1_365' title='bbox 1251 4375 1382 4429; x_wconf 85' lang='grc' dir='ltr'>καθὸ</span> <span class='ocrx_word' id='word_1_366' title='bbox 1409 4377 1584 4438; x_wconf 78' lang='grc' dir='ltr'>οὐσία,</span> <span class='ocrx_word' id='word_1_367' title='bbox 1621 4375 1755 4429; x_wconf 78' lang='grc' dir='ltr'>ἀλλὰ</span> 
     </span>
    </p>
   </div>
   <div class='ocr_carea' id='block_1_50' title="bbox 1813 540 3371 608">
    <p class='ocr_par' dir='ltr' id='par_1_50' title="bbox 1813 540 3371 608">
     <span class='ocr_line' id='line_1_50' title="bbox 1813 540 3371 608; baseline 0.001 -15"><span class='ocrx_word' id='word_1_368' title='bbox 1813 541 1958 594; x_wconf 86' lang='lat' dir='ltr'><strong>viros</strong></span> <span class='ocrx_word' id='word_1_369' title='bbox 2026 550 2384 594; x_wconf 87' lang='lat' dir='ltr'><strong>connumerat</strong></span> <span class='ocrx_word' id='word_1_370' title='bbox 2450 557 2515 594; x_wconf 79' lang='lat' dir='ltr'><strong>ex</strong></span> <span class='ocrx_word' id='word_1_371' title='bbox 2574 541 2946 594; x_wconf 79' lang='lat' dir='ltr'><strong>abundantia?</strong></span> <span class='ocrx_word' id='word_1_372' title='bbox 2993 540 3164 594; x_wconf 83' lang='lat' dir='ltr'><strong>videat</strong></span> <span class='ocrx_word' id='word_1_373' title='bbox 3227 541 3371 608; x_wconf 89' lang='lat' dir='ltr'><strong>quod</strong></span> 
     </span>
    </p>
   </div>
   <div class='ocr_carea' id='block_1_51' title="bbox 1814 632 3372 702">
    <p class='ocr_par' dir='ltr' id='par_1_51' title="bbox 1814 632 3372 702">
     <span class='ocr_line' id='line_1_51' title="bbox 1814 632 3372 702; baseline 0.001 -16"><span class='ocrx_word' id='word_1_374' title='bbox 1814 633 2009 686; x_wconf 88' lang='lat' dir='ltr'><strong>Filium</strong></span> <span class='ocrx_word' id='word_1_375' title='bbox 2046 643 2102 686; x_wconf 88' lang='lat' dir='ltr'><strong>et</strong></span> <span class='ocrx_word' id='word_1_376' title='bbox 2142 645 2387 688; x_wconf 88' lang='lat' dir='ltr'><strong>sanctum</strong></span> <span class='ocrx_word' id='word_1_377' title='bbox 2425 632 2686 702; x_wconf 91' lang='lat' dir='ltr'><strong>Spiritum</strong></span> <span class='ocrx_word' id='word_1_378' title='bbox 2731 633 2950 686; x_wconf 85' lang='lat' dir='ltr'><strong>tradens</strong></span> <span class='ocrx_word' id='word_1_379' title='bbox 2983 633 3287 702; x_wconf 75' lang='lat' dir='ltr'><strong>Scriptura,</strong></span> <span class='ocrx_word' id='word_1_380' title='bbox 3320 643 3372 687; x_wconf 90' lang='lat' dir='ltr'><strong>et</strong></span> 
     </span>
    </p>
   </div>
   <div class='ocr_carea' id='block_1_52' title="bbox 1817 723 3376 787">
    <p class='ocr_par' dir='ltr' id='par_1_52' title="bbox 1817 723 3376 787">
     <span class='ocr_line' id='line_1_52' title="bbox 1817 723 3376 787; baseline -0.001 -9"><span class='ocrx_word' id='word_1_381' title='bbox 1817 727 1981 780; x_wconf 86' lang='lat' dir='ltr'><strong>Deum</strong></span> <span class='ocrx_word' id='word_1_382' title='bbox 2039 725 2272 779; x_wconf 79' lang='lat' dir='ltr'><strong>Verbum</strong></span> <span class='ocrx_word' id='word_1_383' title='bbox 2337 734 2390 777; x_wconf 89' lang='lat' dir='ltr'><strong>et</strong></span> <span class='ocrx_word' id='word_1_384' title='bbox 2435 724 2600 779; x_wconf 89' lang='lat' dir='ltr'><strong>Deum</strong></span> <span class='ocrx_word' id='word_1_385' title='bbox 2654 740 2759 777; x_wconf 92' lang='lat' dir='ltr'><strong>non</strong></span> <span class='ocrx_word' id='word_1_386' title='bbox 2817 723 3072 787; x_wconf 83' lang='lat' dir='ltr'><strong>Verbum,</strong></span> <span class='ocrx_word' id='word_1_387' title='bbox 3135 726 3235 778; x_wconf 81' lang='lat' dir='ltr'><strong>huc</strong></span> <span class='ocrx_word' id='word_1_388' title='bbox 3291 734 3376 779; x_wconf 83' lang='lat' dir='ltr'><strong>est</strong></span> 
     </span>
    </p>
   </div>
   <div class='ocr_carea' id='block_1_53' title="bbox 1819 813 3374 882">
    <p class='ocr_par' dir='ltr' id='par_1_53' title="bbox 1819 813 3374 882">
     <span class='ocr_line' id='line_1_53' title="bbox 1819 813 3374 882; baseline -0.001 -15"><span class='ocrx_word' id='word_1_389' title='bbox 1819 815 1984 870; x_wconf 88' lang='lat' dir='ltr'><strong>Deum</strong></span> <span class='ocrx_word' id='word_1_390' title='bbox 2031 814 2266 878; x_wconf 85' lang='lat' dir='ltr'><strong>Patrem,</strong></span> <span class='ocrx_word' id='word_1_391' title='bbox 2322 814 2486 868; x_wconf 88' lang='lat' dir='ltr'><strong>Deum</strong></span> <span class='ocrx_word' id='word_1_392' title='bbox 2535 813 2794 882; x_wconf 89' lang='lat' dir='ltr'><strong>Spiritum</strong></span> <span class='ocrx_word' id='word_1_393' title='bbox 2854 822 3142 867; x_wconf 85' lang='lat' dir='ltr'><strong>sanctum:</strong></span> <span class='ocrx_word' id='word_1_394' title='bbox 3207 815 3374 866; x_wconf 76' lang='lat' dir='ltr'><strong>Deum</strong></span> 
     </span>
    </p>
   </div>
   <div class='ocr_carea' id='block_1_54' title="bbox 1819 904 3378 974">
    <p class='ocr_par' dir='ltr' id='par_1_54' title="bbox 1819 904 3378 974">
     <span class='ocr_line' id='line_1_54' title="bbox 1819 904 3378 974; baseline 0 -16"><span class='ocrx_word' id='word_1_395' title='bbox 1819 907 2038 961; x_wconf 87' lang='lat' dir='ltr'><strong>tradens</strong></span> <span class='ocrx_word' id='word_1_396' title='bbox 2082 907 2447 974; x_wconf 81' lang='lat' dir='ltr'><strong>prolitcnsquc</strong></span> <span class='ocrx_word' id='word_1_397' title='bbox 2491 906 2713 958; x_wconf 89' lang='lat' dir='ltr'><strong>omnino</strong></span> <span class='ocrx_word' id='word_1_398' title='bbox 2746 914 2957 958; x_wconf 79' lang='lat' dir='ltr'><strong>recusat</strong></span> <span class='ocrx_word' id='word_1_399' title='bbox 2988 913 3098 959; x_wconf 91' lang='lat' dir='ltr'><strong>tres</strong></span> <span class='ocrx_word' id='word_1_400' title='bbox 3130 904 3260 958; x_wconf 82' lang='lat' dir='ltr'><strong>deos</strong></span> <span class='ocrx_word' id='word_1_401' title='bbox 3297 907 3378 958; x_wconf 90' lang='lat' dir='ltr'><strong>di-</strong></span> 
     </span>
    </p>
   </div>
   <div class='ocr_carea' id='block_1_55' title="bbox 1819 994 3375 1065">
    <p class='ocr_par' dir='ltr' id='par_1_55' title="bbox 1819 994 3375 1065">
     <span class='ocr_line' id='line_1_55' title="bbox 1819 994 3375 1065; baseline -0.003 -15"><span class='ocrx_word' id='word_1_402' title='bbox 1819 1012 1971 1059; x_wconf 85' lang='lat' dir='ltr'><strong>cere,</strong></span> <span class='ocrx_word' id='word_1_403' title='bbox 2022 997 2351 1065; x_wconf 74' lang='lat' dir='ltr'><strong>impietatem</strong></span> <span class='ocrx_word' id='word_1_404' title='bbox 2405 1011 2632 1049; x_wconf 86' lang='lat' dir='ltr'><strong>censens</strong></span> <span class='ocrx_word' id='word_1_405' title='bbox 2679 995 2903 1047; x_wconf 82' lang='lat' dir='ltr'><strong>deorum</strong></span> <span class='ocrx_word' id='word_1_406' title='bbox 2955 994 3375 1058; x_wconf 88' lang='lat' dir='ltr'><strong>multitudinem,</strong></span> 
     </span>
    </p>
   </div>
   <div class='ocr_carea' id='block_1_56' title="bbox 1820 1086 3383 1156">
    <p class='ocr_par' dir='ltr' id='par_1_56' title="bbox 1820 1086 3383 1156">
     <span class='ocr_line' id='line_1_56' title="bbox 1820 1086 3383 1156; baseline -0.001 -15"><span class='ocrx_word' id='word_1_407' title='bbox 1820 1093 1874 1142; x_wconf 83' lang='lat' dir='ltr'><strong>et</strong></span> <span class='ocrx_word' id='word_1_408' title='bbox 1923 1102 2088 1139; x_wconf 92' lang='lat' dir='ltr'><strong>unum</strong></span> <span class='ocrx_word' id='word_1_409' title='bbox 2143 1087 2307 1139; x_wconf 88' lang='lat' dir='ltr'><strong>Deum</strong></span> <span class='ocrx_word' id='word_1_410' title='bbox 2361 1086 2563 1155; x_wconf 83' lang='lat' dir='ltr'><strong>ubique</strong></span> <span class='ocrx_word' id='word_1_411' title='bbox 2616 1088 2992 1155; x_wconf 80' lang='lat' dir='ltr'><strong>promulgatis,</strong></span> <span class='ocrx_word' id='word_1_412' title='bbox 3047 1102 3221 1155; x_wconf 82' lang='lat' dir='ltr'><strong>nequc.</strong></span> <span class='ocrx_word' id='word_1_413' title='bbox 3260 1103 3383 1156; x_wconf 87' lang='lat' dir='ltr'><strong>pcr-</strong></span> 
     </span>
    </p>
   </div>
   <div class='ocr_carea' id='block_1_57' title="bbox 1822 1179 3382 1247">
    <p class='ocr_par' dir='ltr' id='par_1_57' title="bbox 1822 1179 3382 1247">
     <span class='ocr_line' id='line_1_57' title="bbox 1822 1179 3382 1247; baseline 0.001 -16"><span class='ocrx_word' id='word_1_414' title='bbox 1822 1193 1988 1231; x_wconf 85' lang='lat' dir='ltr'><strong>sonas</strong></span> <span class='ocrx_word' id='word_1_415' title='bbox 2051 1179 2418 1242; x_wconf 81' lang='lat' dir='ltr'><strong>conl‘undcns,</strong></span> <span class='ocrx_word' id='word_1_416' title='bbox 2477 1195 2650 1247; x_wconf 80' lang='lat' dir='ltr'><strong>neque</strong></span> <span class='ocrx_word' id='word_1_417' title='bbox 2711 1180 3050 1234; x_wconf 81' lang='lat' dir='ltr'><strong>divinitatem</strong></span> <span class='ocrx_word' id='word_1_418' title='bbox 3109 1179 3382 1245; x_wconf 76' lang='lat' dir='ltr'><strong>dividens,</strong></span> 
     </span>
    </p>
   </div>
   <div class='ocr_carea' id='block_1_58' title="bbox 1824 1269 3387 1341">
    <p class='ocr_par' dir='ltr' id='par_1_58' title="bbox 1824 1269 3387 1341">
     <span class='ocr_line' id='line_1_58' title="bbox 1824 1269 3387 1341; baseline 0.004 -21"><span class='ocrx_word' id='word_1_419' title='bbox 1824 1270 1933 1322; x_wconf 90' lang='lat' dir='ltr'><strong>imo</strong></span> <span class='ocrx_word' id='word_1_420' title='bbox 1969 1269 2272 1323; x_wconf 81' lang='lat' dir='ltr'><strong>divinitatis</strong></span> <span class='ocrx_word' id='word_1_421' title='bbox 2310 1271 2646 1324; x_wconf 80' lang='lat' dir='ltr'><strong>identitatem</strong></span> <span class='ocrx_word' id='word_1_422' title='bbox 2684 1287 3022 1326; x_wconf 76' lang='lat' dir='ltr'><strong>conservans</strong></span> <span class='ocrx_word' id='word_1_423' title='bbox 3062 1271 3116 1326; x_wconf 90' lang='lat' dir='ltr'><strong>in</strong></span> <span class='ocrx_word' id='word_1_424' title='bbox 3147 1273 3387 1341; x_wconf 85' lang='lat' dir='ltr'><strong>pr0prie-</strong></span> 
     </span>
    </p>
   </div>
   <div class='ocr_carea' id='block_1_59' title="bbox 1824 1364 3385 1434">
    <p class='ocr_par' dir='ltr' id='par_1_59' title="bbox 1824 1364 3385 1434">
     <span class='ocr_line' id='line_1_59' title="bbox 1824 1364 3385 1434; baseline 0.002 -21"><span class='ocrx_word' id='word_1_425' title='bbox 1824 1364 2028 1418; x_wconf 91' lang='lat' dir='ltr'><strong>tatibus</strong></span> <span class='ocrx_word' id='word_1_426' title='bbox 2094 1364 2446 1433; x_wconf 77' lang='lat' dir='ltr'><strong>hypostaticis</strong></span> <span class='ocrx_word' id='word_1_427' title='bbox 2502 1366 2665 1417; x_wconf 92' lang='lat' dir='ltr'><strong>trium</strong></span> <span class='ocrx_word' id='word_1_428' title='bbox 2712 1379 3086 1434; x_wconf 84' lang='lat' dir='ltr'><strong>personarum.</strong></span> <span class='ocrx_word' id='word_1_429' title='bbox 3131 1364 3286 1429; x_wconf 88' lang='lat' dir='ltr'><strong>Quod</strong></span> <span class='ocrx_word' id='word_1_430' title='bbox 3337 1365 3385 1418; x_wconf 90' lang='lat' dir='ltr'><strong>si</strong></span> 
     </span>
    </p>
   </div>
   <div class='ocr_carea' id='block_1_60' title="bbox 1827 1451 3388 1523">
    <p class='ocr_par' dir='ltr' id='par_1_60' title="bbox 1827 1451 3388 1523">
     <span class='ocr_line' id='line_1_60' title="bbox 1827 1451 3388 1523; baseline 0 -18"><span class='ocrx_word' id='word_1_431' title='bbox 1827 1454 1917 1520; x_wconf 89' lang='lat' dir='ltr'><strong>qui</strong></span> <span class='ocrx_word' id='word_1_432' title='bbox 1944 1454 2057 1507; x_wconf 67' lang='lat' dir='ltr'><strong>haec</strong></span> <span class='ocrx_word' id='word_1_433' title='bbox 2088 1455 2222 1507; x_wconf 87' lang='lat' dir='ltr'><strong>dicit</strong></span> <span class='ocrx_word' id='word_1_434' title='bbox 2252 1470 2434 1509; x_wconf 86' lang='lat' dir='ltr'><strong>verum</strong></span> <span class='ocrx_word' id='word_1_435' title='bbox 2483 1455 2692 1509; x_wconf 87' lang='lat' dir='ltr'><strong>discere</strong></span> <span class='ocrx_word' id='word_1_436' title='bbox 2741 1455 2878 1516; x_wconf 85' lang='lat' dir='ltr'><strong>vult,</strong></span> <span class='ocrx_word' id='word_1_437' title='bbox 2919 1461 3209 1523; x_wconf 76' lang='lat' dir='ltr'><strong>cognoscat</strong></span> <span class='ocrx_word' id='word_1_438' title='bbox 3241 1451 3388 1506; x_wconf 86' lang='lat' dir='ltr'><strong>Scri-</strong></span> 
     </span>
    </p>
   </div>
   <div class='ocr_carea' id='block_1_61' title="bbox 1829 1544 3385 1614">
    <p class='ocr_par' dir='ltr' id='par_1_61' title="bbox 1829 1544 3385 1614">
     <span class='ocr_line' id='line_1_61' title="bbox 1829 1544 3385 1614; baseline -0.001 -18"><span class='ocrx_word' id='word_1_439' title='bbox 1829 1552 2040 1614; x_wconf 89' lang='lat' dir='ltr'><strong>pturam</strong></span> <span class='ocrx_word' id='word_1_440' title='bbox 2079 1554 2188 1598; x_wconf 87' lang='lat' dir='ltr'><strong>tres</strong></span> <span class='ocrx_word' id='word_1_441' title='bbox 2225 1545 2425 1608; x_wconf 90' lang='lat' dir='ltr'><strong>dicere,</strong></span> <span class='ocrx_word' id='word_1_442' title='bbox 2456 1544 2668 1598; x_wconf 89' lang='lat' dir='ltr'><strong>tametsi</strong></span> <span class='ocrx_word' id='word_1_443' title='bbox 2711 1559 2877 1597; x_wconf 91' lang='lat' dir='ltr'><strong>unum</strong></span> <span class='ocrx_word' id='word_1_444' title='bbox 2921 1544 3193 1597; x_wconf 87' lang='lat' dir='ltr'><strong>hominem</strong></span> <span class='ocrx_word' id='word_1_445' title='bbox 3224 1557 3385 1596; x_wconf 84' lang='lat' dir='ltr'><strong>omne</strong></span> 
     </span>
    </p>
   </div>
   <div class='ocr_carea' id='block_1_62' title="bbox 1827 1637 3387 1707">
    <p class='ocr_par' dir='ltr' id='par_1_62' title="bbox 1827 1637 3387 1707">
     <span class='ocr_line' id='line_1_62' title="bbox 1827 1637 3387 1707; baseline 0 -17"><span class='ocrx_word' id='word_1_446' title='bbox 1827 1653 1998 1706; x_wconf 79' lang='lat' dir='ltr'><strong>genus</strong></span> <span class='ocrx_word' id='word_1_447' title='bbox 2033 1637 2328 1690; x_wconf 89' lang='lat' dir='ltr'><strong>humanum</strong></span> <span class='ocrx_word' id='word_1_448' title='bbox 2357 1646 2671 1707; x_wconf 86' lang='lat' dir='ltr'><strong>cognoscat,</strong></span> <span class='ocrx_word' id='word_1_449' title='bbox 2703 1637 2857 1706; x_wconf 82' lang='lat' dir='ltr'><strong>juxta</strong></span> <span class='ocrx_word' id='word_1_450' title='bbox 2885 1637 3037 1698; x_wconf 89' lang='lat' dir='ltr'><strong>illud,</strong></span> <span class='ocrx_word' id='word_1_451' title='bbox 3073 1637 3243 1691; x_wconf 71' lang='lat' dir='ltr'><strong>lloino</strong></span> <span class='ocrx_word' id='word_1_452' title='bbox 3272 1646 3387 1690; x_wconf 82' lang='lat' dir='ltr'><strong>tau-</strong></span> 
     </span>
    </p>
   </div>
   <div class='ocr_carea' id='block_1_63' title="bbox 1829 1729 3388 1799">
    <p class='ocr_par' dir='ltr' id='par_1_63' title="bbox 1829 1729 3388 1799">
     <span class='ocr_line' id='line_1_63' title="bbox 1829 1729 3388 1799; baseline 0.001 -19"><span class='ocrx_word' id='word_1_453' title='bbox 1829 1745 1986 1797; x_wconf 81' lang='lat' dir='ltr'><strong>quam</strong></span> <span class='ocrx_word' id='word_1_454' title='bbox 2031 1729 2204 1798; x_wconf 67' lang='lat' dir='ltr'><strong>[ianum</strong></span> <span class='ocrx_word' id='word_1_455' title='bbox 2239 1729 2348 1782; x_wconf 81' lang='lat' dir='ltr'><strong>dies</strong></span> <span class='ocrx_word' id='word_1_456' title='bbox 2393 1730 2526 1797; x_wconf 78' lang='lat' dir='ltr'><strong>ejus,</strong></span> <span class='ocrx_word' id='word_1_457' title='bbox 2558 1730 2721 1783; x_wconf 84' lang='lat' dir='ltr'><strong>veluti</strong></span> <span class='ocrx_word' id='word_1_458' title='bbox 2760 1729 2942 1782; x_wconf 79' lang='lat' dir='ltr'><strong>nutrix</strong></span> <span class='ocrx_word' id='word_1_459' title='bbox 2976 1730 3136 1791; x_wconf 89' lang='lat' dir='ltr'><strong>bona,</strong></span> <span class='ocrx_word' id='word_1_460' title='bbox 3190 1738 3240 1783; x_wconf 90' lang='lat' dir='ltr'><strong>ct</strong></span> <span class='ocrx_word' id='word_1_461' title='bbox 3269 1746 3388 1799; x_wconf 86' lang='lat' dir='ltr'><strong>pro-</strong></span> 
     </span>
    </p>
   </div>
   <div class='ocr_carea' id='block_1_64' title="bbox 3095 1829 3392 1874">
    <p class='ocr_par' dir='ltr' id='par_1_64' title="bbox 3095 1829 3392 1874">
     <span class='ocr_line' id='line_1_64' title="bbox 3095 1829 3392 1874; baseline -0.003 -1"><span class='ocrx_word' id='word_1_462' title='bbox 3095 1838 3108 1873; x_wconf 87' lang='lat'><strong>:</strong></span> <span class='ocrx_word' id='word_1_463' title='bbox 3164 1829 3217 1873; x_wconf 87' lang='lat' dir='ltr'><strong>ct</strong></span> <span class='ocrx_word' id='word_1_464' title='bbox 3266 1837 3392 1874; x_wconf 65' lang='lat' dir='ltr'><strong>cum.</strong></span> 
     </span>
    </p>
   </div>
   <div class='ocr_carea' id='block_1_65' title="bbox 1833 1910 3388 1979">
    <p class='ocr_par' dir='ltr' id='par_1_65' title="bbox 1833 1910 3388 1979">
     <span class='ocr_line' id='line_1_65' title="bbox 1833 1910 3388 1979; baseline 0.001 -16"><span class='ocrx_word' id='word_1_465' title='bbox 1833 1910 1965 1978; x_wconf 91' lang='lat' dir='ltr'><strong>ipsis</strong></span> <span class='ocrx_word' id='word_1_466' title='bbox 1996 1913 2263 1964; x_wconf 86' lang='lat' dir='ltr'><strong>interdum</strong></span> <span class='ocrx_word' id='word_1_467' title='bbox 2298 1911 2623 1975; x_wconf 83' lang='lat' dir='ltr'><strong>balbutiens,</strong></span> <span class='ocrx_word' id='word_1_468' title='bbox 2654 1919 2709 1965; x_wconf 91' lang='lat' dir='ltr'><strong>ct</strong></span> <span class='ocrx_word' id='word_1_469' title='bbox 2739 1915 2769 1948; x_wconf 61' lang='lat'><strong>¥</strong></span> <span class='ocrx_word' id='word_1_470' title='bbox 2792 1913 2992 1979; x_wconf 87' lang='lat' dir='ltr'><strong>pariter</strong></span> <span class='ocrx_word' id='word_1_471' title='bbox 3024 1913 3282 1965; x_wconf 88' lang='lat' dir='ltr'><strong>nonnulla</strong></span> <span class='ocrx_word' id='word_1_472' title='bbox 3323 1929 3388 1965; x_wconf 78' lang='lat' dir='ltr'><strong>ex</strong></span> 
     </span>
    </p>
   </div>
   <div class='ocr_carea' id='block_1_66' title="bbox 1835 2001 3388 2074">
    <p class='ocr_par' dir='ltr' id='par_1_66' title="bbox 1835 2001 3388 2074">
     <span class='ocr_line' id='line_1_66' title="bbox 1835 2001 3388 2074; baseline 0.003 -20"><span class='ocrx_word' id='word_1_473' title='bbox 1835 2001 1941 2058; x_wconf 92' lang='lat' dir='ltr'><strong>illis</strong></span> <span class='ocrx_word' id='word_1_474' title='bbox 1963 2002 2222 2057; x_wconf 90' lang='lat' dir='ltr'><strong>vocabula</strong></span> <span class='ocrx_word' id='word_1_475' title='bbox 2257 2004 2321 2056; x_wconf 91' lang='lat' dir='ltr'><strong>ad</strong></span> <span class='ocrx_word' id='word_1_476' title='bbox 2348 2021 2510 2057; x_wconf 91' lang='lat' dir='ltr'><strong>unum</strong></span> <span class='ocrx_word' id='word_1_477' title='bbox 2542 2005 2824 2068; x_wconf 77' lang='lat' dir='ltr'><strong>exhibens,</strong></span> <span class='ocrx_word' id='word_1_478' title='bbox 2848 2019 2955 2057; x_wconf 90' lang='lat' dir='ltr'><strong>non</strong></span> <span class='ocrx_word' id='word_1_479' title='bbox 2981 2020 3167 2074; x_wconf 86' lang='lat' dir='ltr'><strong>parum</strong></span> <span class='ocrx_word' id='word_1_480' title='bbox 3202 2002 3388 2059; x_wconf 83' lang='lat' dir='ltr'><strong>videns</strong></span> 
     </span>
    </p>
   </div>
   <div class='ocr_carea' id='block_1_67' title="bbox 1837 2094 3390 2165">
    <p class='ocr_par' dir='ltr' id='par_1_67' title="bbox 1837 2094 3390 2165">
     <span class='ocr_line' id='line_1_67' title="bbox 1837 2094 3390 2165; baseline 0 -17"><span class='ocrx_word' id='word_1_481' title='bbox 1837 2096 2160 2164; x_wconf 74' lang='lat' dir='ltr'><strong>ignoransve</strong></span> <span class='ocrx_word' id='word_1_482' title='bbox 2195 2096 2334 2165; x_wconf 90' lang='lat' dir='ltr'><strong>quod</strong></span> <span class='ocrx_word' id='word_1_483' title='bbox 2360 2096 2654 2165; x_wconf 78' lang='lat' dir='ltr'><strong>perfectum</strong></span> <span class='ocrx_word' id='word_1_484' title='bbox 2685 2104 2791 2150; x_wconf 90' lang='lat' dir='ltr'><strong>est.</strong></span> <span class='ocrx_word' id='word_1_485' title='bbox 2840 2094 2972 2149; x_wconf 81' lang='lat' dir='ltr'><strong>Nam</strong></span> <span class='ocrx_word' id='word_1_486' title='bbox 3018 2097 3205 2151; x_wconf 88' lang='lat' dir='ltr'><strong>eadem</strong></span> <span class='ocrx_word' id='word_1_487' title='bbox 3235 2112 3390 2152; x_wconf 88' lang='lat' dir='ltr'><strong>sacra</strong></span> 
     </span>
    </p>
   </div>
   <div class='ocr_carea' id='block_1_68' title="bbox 1838 2187 3394 2258">
    <p class='ocr_par' dir='ltr' id='par_1_68' title="bbox 1838 2187 3394 2258">
     <span class='ocr_line' id='line_1_68' title="bbox 1838 2187 3394 2258; baseline 0.001 -15"><span class='ocrx_word' id='word_1_488' title='bbox 1838 2187 2140 2258; x_wconf 86' lang='lat' dir='ltr'><strong>Scriptura,</strong></span> <span class='ocrx_word' id='word_1_489' title='bbox 2189 2197 2242 2244; x_wconf 90' lang='lat' dir='ltr'><strong>ct</strong></span> <span class='ocrx_word' id='word_1_490' title='bbox 2287 2205 2468 2250; x_wconf 89' lang='lat' dir='ltr'><strong>aures,</strong></span> <span class='ocrx_word' id='word_1_491' title='bbox 2507 2198 2562 2244; x_wconf 87' lang='lat' dir='ltr'><strong>et</strong></span> <span class='ocrx_word' id='word_1_492' title='bbox 2585 2190 2773 2244; x_wconf 91' lang='lat' dir='ltr'><strong>oculos</strong></span> <span class='ocrx_word' id='word_1_493' title='bbox 2825 2204 2887 2242; x_wconf 87' lang='lat' dir='ltr'><strong>ac</strong></span> <span class='ocrx_word' id='word_1_494' title='bbox 2931 2189 3168 2258; x_wconf 87' lang='lat' dir='ltr'><strong>reliquos</strong></span> <span class='ocrx_word' id='word_1_495' title='bbox 3208 2190 3394 2258; x_wconf 85' lang='lat' dir='ltr'><strong>utique</strong></span> 
     </span>
    </p>
   </div>
   <div class='ocr_carea' id='block_1_69' title="bbox 1840 2280 3392 2350">
    <p class='ocr_par' dir='ltr' id='par_1_69' title="bbox 1840 2280 3392 2350">
     <span class='ocr_line' id='line_1_69' title="bbox 1840 2280 3392 2350; baseline 0.002 -18"><span class='ocrx_word' id='word_1_496' title='bbox 1840 2288 2015 2343; x_wconf 88' lang='lat' dir='ltr'><strong>artus,</strong></span> <span class='ocrx_word' id='word_1_497' title='bbox 2060 2291 2107 2334; x_wconf 90' lang='lat' dir='ltr'><strong>et</strong></span> <span class='ocrx_word' id='word_1_498' title='bbox 2144 2281 2438 2350; x_wconf 72' lang='lat' dir='ltr'><strong>particulas</strong></span> <span class='ocrx_word' id='word_1_499' title='bbox 2481 2281 2726 2349; x_wconf 80' lang='lat' dir='ltr'><strong>corporis</strong></span> <span class='ocrx_word' id='word_1_500' title='bbox 2758 2280 2921 2336; x_wconf 87' lang='lat' dir='ltr'><strong>Deum</strong></span> <span class='ocrx_word' id='word_1_501' title='bbox 2949 2281 3145 2334; x_wconf 83' lang='lat' dir='ltr'><strong>habere</strong></span> <span class='ocrx_word' id='word_1_502' title='bbox 3184 2281 3392 2344; x_wconf 88' lang='lat' dir='ltr'><strong>dicens,</strong></span> 
     </span>
    </p>
   </div>
   <div class='ocr_carea' id='block_1_70' title="bbox 1839 2371 3396 2443">
    <p class='ocr_par' dir='ltr' id='par_1_70' title="bbox 1839 2371 3396 2443">
     <span class='ocr_line' id='line_1_70' title="bbox 1839 2371 3396 2443; baseline 0 -17"><span class='ocrx_word' id='word_1_503' title='bbox 1839 2388 1944 2426; x_wconf 90' lang='lat' dir='ltr'><strong>non</strong></span> <span class='ocrx_word' id='word_1_504' title='bbox 2016 2373 2319 2427; x_wconf 87' lang='lat' dir='ltr'><strong>doctrinam</strong></span> <span class='ocrx_word' id='word_1_505' title='bbox 2378 2371 2646 2442; x_wconf 87' lang='lat' dir='ltr'><strong>ejusmodi</strong></span> <span class='ocrx_word' id='word_1_506' title='bbox 2707 2373 2888 2438; x_wconf 88' lang='lat' dir='ltr'><strong>tradit,</strong></span> <span class='ocrx_word' id='word_1_507' title='bbox 2927 2385 2986 2427; x_wconf 90' lang='lat' dir='ltr'><strong>ut</strong></span> <span class='ocrx_word' id='word_1_508' title='bbox 3041 2374 3396 2443; x_wconf 87' lang='lat' dir='ltr'><strong>compositam</strong></span> 
     </span>
    </p>
   </div>
   <div class='ocr_carea' id='block_1_71' title="bbox 1840 2463 3402 2534">
    <p class='ocr_par' dir='ltr' id='par_1_71' title="bbox 1840 2463 3402 2534">
     <span class='ocr_line' id='line_1_71' title="bbox 1840 2463 3402 2534; baseline 0.002 -18"><span class='ocrx_word' id='word_1_509' title='bbox 1840 2463 2066 2517; x_wconf 87' lang='lat' dir='ltr'><strong>deliniat</strong></span> <span class='ocrx_word' id='word_1_510' title='bbox 2114 2464 2472 2527; x_wconf 87' lang='lat' dir='ltr'><strong>divinitatem,</strong></span> <span class='ocrx_word' id='word_1_511' title='bbox 2525 2464 2619 2519; x_wconf 91' lang='lat' dir='ltr'><strong>sed</strong></span> <span class='ocrx_word' id='word_1_512' title='bbox 2671 2467 2834 2520; x_wconf 89' lang='lat' dir='ltr'><strong>modo</strong></span> <span class='ocrx_word' id='word_1_513' title='bbox 2883 2466 3139 2534; x_wconf 64' lang='lat' dir='ltr'><strong>pradicto</strong></span> <span class='ocrx_word' id='word_1_514' title='bbox 3169 2467 3402 2521; x_wconf 88' lang='lat' dir='ltr'><strong>transla-</strong></span> 
     </span>
    </p>
   </div>
   <div class='ocr_carea' id='block_1_72' title="bbox 1840 2554 3396 2622">
    <p class='ocr_par' dir='ltr' id='par_1_72' title="bbox 1840 2554 3396 2622">
     <span class='ocr_line' id='line_1_72' title="bbox 1840 2554 3396 2622; baseline 0.002 -15"><span class='ocrx_word' id='word_1_515' title='bbox 1840 2555 1988 2608; x_wconf 92' lang='lat' dir='ltr'><strong>tione</strong></span> <span class='ocrx_word' id='word_1_516' title='bbox 2010 2554 2173 2609; x_wconf 89' lang='lat' dir='ltr'><strong>ducta</strong></span> <span class='ocrx_word' id='word_1_517' title='bbox 2204 2570 2233 2608; x_wconf 91' lang='lat' dir='ltr'><strong>a</strong></span> <span class='ocrx_word' id='word_1_518' title='bbox 2267 2555 2435 2610; x_wconf 83' lang='lat' dir='ltr'><strong>rebus</strong></span> <span class='ocrx_word' id='word_1_519' title='bbox 2463 2555 2673 2610; x_wconf 87' lang='lat' dir='ltr'><strong>nostris</strong></span> <span class='ocrx_word' id='word_1_520' title='bbox 2702 2556 2768 2609; x_wconf 90' lang='lat' dir='ltr'><strong>ad</strong></span> <span class='ocrx_word' id='word_1_521' title='bbox 2799 2556 3152 2610; x_wconf 88' lang='lat' dir='ltr'><strong>elevationem</strong></span> <span class='ocrx_word' id='word_1_522' title='bbox 3183 2572 3396 2622; x_wconf 90' lang='lat' dir='ltr'><strong>eorum,</strong></span> 
     </span>
    </p>
   </div>
   <div class='ocr_carea' id='block_1_73' title="bbox 1840 2643 3400 2716">
    <p class='ocr_par' dir='ltr' id='par_1_73' title="bbox 1840 2643 3400 2716">
     <span class='ocr_line' id='line_1_73' title="bbox 1840 2643 3400 2716; baseline 0.003 -20"><span class='ocrx_word' id='word_1_523' title='bbox 1840 2644 1932 2712; x_wconf 90' lang='lat' dir='ltr'><strong>qui</strong></span> <span class='ocrx_word' id='word_1_524' title='bbox 1988 2659 2095 2697; x_wconf 89' lang='lat' dir='ltr'><strong>non</strong></span> <span class='ocrx_word' id='word_1_525' title='bbox 2150 2643 2356 2711; x_wconf 87' lang='lat' dir='ltr'><strong>absque</strong></span> <span class='ocrx_word' id='word_1_526' title='bbox 2423 2643 2602 2698; x_wconf 86' lang='lat' dir='ltr'><strong>medio</strong></span> <span class='ocrx_word' id='word_1_527' title='bbox 2669 2645 2902 2713; x_wconf 89' lang='lat' dir='ltr'><strong>quodam</strong></span> <span class='ocrx_word' id='word_1_528' title='bbox 2957 2647 3024 2699; x_wconf 87' lang='lat' dir='ltr'><strong>ad</strong></span> <span class='ocrx_word' id='word_1_529' title='bbox 3079 2646 3400 2716; x_wconf 84' lang='lat' dir='ltr'><strong>incorporea</strong></span> 
     </span>
    </p>
   </div>
   <div class='ocr_carea' id='block_1_74' title="bbox 1843 2735 3400 2806">
    <p class='ocr_par' dir='ltr' id='par_1_74' title="bbox 1843 2735 3400 2806">
     <span class='ocr_line' id='line_1_74' title="bbox 1843 2735 3400 2806; baseline 0.001 -18"><span class='ocrx_word' id='word_1_530' title='bbox 1843 2735 2099 2790; x_wconf 86' lang='lat' dir='ltr'><strong>accedere</strong></span> <span class='ocrx_word' id='word_1_531' title='bbox 2150 2743 2400 2804; x_wconf 89' lang='lat' dir='ltr'><strong>possunt,</strong></span> <span class='ocrx_word' id='word_1_532' title='bbox 2448 2735 2671 2804; x_wconf 80' lang='lat' dir='ltr'><strong>exponit</strong></span> <span class='ocrx_word' id='word_1_533' title='bbox 2723 2735 2986 2790; x_wconf 88' lang='lat' dir='ltr'><strong>decreta:</strong></span> <span class='ocrx_word' id='word_1_534' title='bbox 3035 2736 3163 2791; x_wconf 92' lang='lat' dir='ltr'><strong>dum</strong></span> <span class='ocrx_word' id='word_1_535' title='bbox 3222 2737 3400 2806; x_wconf 79' lang='lat' dir='ltr'><strong>Spiri—</strong></span> 
     </span>
    </p>
   </div>
   <div class='ocr_carea' id='block_1_75' title="bbox 1846 2827 3405 2900">
    <p class='ocr_par' dir='ltr' id='par_1_75' title="bbox 1846 2827 3405 2900">
     <span class='ocr_line' id='line_1_75' title="bbox 1846 2827 3405 2900; baseline 0.001 -20"><span class='ocrx_word' id='word_1_536' title='bbox 1846 2836 1958 2882; x_wconf 89' lang='lat' dir='ltr'><strong>tum</strong></span> <span class='ocrx_word' id='word_1_537' title='bbox 2016 2828 2147 2883; x_wconf 90' lang='lat' dir='ltr'><strong>dicit</strong></span> <span class='ocrx_word' id='word_1_538' title='bbox 2177 2827 2344 2882; x_wconf 89' lang='lat' dir='ltr'><strong>Deum</strong></span> <span class='ocrx_word' id='word_1_539' title='bbox 2370 2843 2511 2891; x_wconf 87' lang='lat' dir='ltr'><strong>esse,</strong></span> <span class='ocrx_word' id='word_1_540' title='bbox 2544 2838 2595 2882; x_wconf 92' lang='lat' dir='ltr'><strong>et</strong></span> <span class='ocrx_word' id='word_1_541' title='bbox 2619 2840 2943 2899; x_wconf 87' lang='lat' dir='ltr'><strong>quocunque</strong></span> <span class='ocrx_word' id='word_1_542' title='bbox 2981 2830 3220 2882; x_wconf 87' lang='lat' dir='ltr'><strong>locorum</strong></span> <span class='ocrx_word' id='word_1_543' title='bbox 3247 2830 3405 2900; x_wconf 80' lang='lat' dir='ltr'><strong>quie-</strong></span> 
     </span>
    </p>
   </div>
   <div class='ocr_carea' id='block_1_76' title="bbox 1845 2921 3401 2992">
    <p class='ocr_par' dir='ltr' id='par_1_76' title="bbox 1845 2921 3401 2992">
     <span class='ocr_line' id='line_1_76' title="bbox 1845 2921 3401 2992; baseline 0.001 -18"><span class='ocrx_word' id='word_1_544' title='bbox 1845 2923 1966 2985; x_wconf 82' lang='lat' dir='ltr'><strong>scit,</strong></span> <span class='ocrx_word' id='word_1_545' title='bbox 2013 2921 2316 2990; x_wconf 89' lang='lat' dir='ltr'><strong>simplicem</strong></span> <span class='ocrx_word' id='word_1_546' title='bbox 2357 2930 2410 2975; x_wconf 90' lang='lat' dir='ltr'><strong>et</strong></span> <span class='ocrx_word' id='word_1_547' title='bbox 2445 2922 2610 2976; x_wconf 88' lang='lat' dir='ltr'><strong>nullis</strong></span> <span class='ocrx_word' id='word_1_548' title='bbox 2641 2922 2900 2976; x_wconf 88' lang='lat' dir='ltr'><strong>cancellis</strong></span> <span class='ocrx_word' id='word_1_549' title='bbox 2933 2921 3401 2992; x_wconf 79' lang='lat' dir='ltr'><strong>circumscriptam</strong></span> 
     </span>
    </p>
   </div>
   <div class='ocr_carea' id='block_1_77' title="bbox 1844 3012 3404 3080">
    <p class='ocr_par' dir='ltr' id='par_1_77' title="bbox 1844 3012 3404 3080">
     <span class='ocr_line' id='line_1_77' title="bbox 1844 3012 3404 3080; baseline 0.001 -16"><span class='ocrx_word' id='word_1_550' title='bbox 1844 3012 1964 3080; x_wconf 84' lang='lat' dir='ltr'><strong>ejus</strong></span> <span class='ocrx_word' id='word_1_551' title='bbox 2021 3021 2266 3065; x_wconf 85' lang='lat' dir='ltr'><strong>naturam</strong></span> <span class='ocrx_word' id='word_1_552' title='bbox 2303 3013 2493 3067; x_wconf 88' lang='lat' dir='ltr'><strong>adesse</strong></span> <span class='ocrx_word' id='word_1_553' title='bbox 2525 3027 2626 3066; x_wconf 90' lang='lat' dir='ltr'><strong>nos</strong></span> <span class='ocrx_word' id='word_1_554' title='bbox 2675 3013 2866 3066; x_wconf 87' lang='lat' dir='ltr'><strong>edocet</strong></span> <span class='ocrx_word' id='word_1_555' title='bbox 2896 3032 2908 3066; x_wconf 93' lang='lat'>:</span> <span class='ocrx_word' id='word_1_556' title='bbox 2964 3013 3215 3067; x_wconf 91' lang='lat' dir='ltr'><strong>similiter</strong></span> <span class='ocrx_word' id='word_1_557' title='bbox 3241 3015 3404 3066; x_wconf 86' lang='lat' dir='ltr'><strong>etiam</strong></span> 
     </span>
    </p>
   </div>
   <div class='ocr_carea' id='block_1_78' title="bbox 1848 3102 3408 3173">
    <p class='ocr_par' dir='ltr' id='par_1_78' title="bbox 1848 3102 3408 3173">
     <span class='ocr_line' id='line_1_78' title="bbox 1848 3102 3408 3173; baseline 0 -17"><span class='ocrx_word' id='word_1_558' title='bbox 1848 3113 1958 3157; x_wconf 86' lang='lat' dir='ltr'><strong>tres</strong></span> <span class='ocrx_word' id='word_1_559' title='bbox 2019 3120 2167 3158; x_wconf 82' lang='lat' dir='ltr'><strong>viros</strong></span> <span class='ocrx_word' id='word_1_560' title='bbox 2229 3105 2417 3158; x_wconf 86' lang='lat' dir='ltr'><strong>dicens</strong></span> <span class='ocrx_word' id='word_1_561' title='bbox 2471 3119 2537 3158; x_wconf 75' lang='lat' dir='ltr'><strong>ex</strong></span> <span class='ocrx_word' id='word_1_562' title='bbox 2581 3119 2752 3166; x_wconf 90' lang='lat' dir='ltr'><strong>more,</strong></span> <span class='ocrx_word' id='word_1_563' title='bbox 2811 3104 2888 3156; x_wconf 90' lang='lat' dir='ltr'><strong>uti</strong></span> <span class='ocrx_word' id='word_1_564' title='bbox 2943 3119 3012 3157; x_wconf 87' lang='lat' dir='ltr'><strong>ne</strong></span> <span class='ocrx_word' id='word_1_565' title='bbox 3061 3102 3408 3173; x_wconf 81' lang='lat' dir='ltr'><strong>peregrinum</strong></span> 
     </span>
    </p>
   </div>
   <div class='ocr_carea' id='block_1_79' title="bbox 1849 3194 3408 3264">
    <p class='ocr_par' dir='ltr' id='par_1_79' title="bbox 1849 3194 3408 3264">
     <span class='ocr_line' id='line_1_79' title="bbox 1849 3194 3408 3264; baseline 0.001 -18"><span class='ocrx_word' id='word_1_566' title='bbox 1849 3209 2156 3264; x_wconf 88' lang='lat' dir='ltr'><strong>novumque</strong></span> <span class='ocrx_word' id='word_1_567' title='bbox 2195 3203 2453 3264; x_wconf 88' lang='lat' dir='ltr'><strong>appareat</strong></span> <span class='ocrx_word' id='word_1_568' title='bbox 2488 3194 2633 3264; x_wconf 87' lang='lat' dir='ltr'><strong>quod</strong></span> <span class='ocrx_word' id='word_1_569' title='bbox 2661 3209 2949 3249; x_wconf 88' lang='lat' dir='ltr'><strong>commune</strong></span> <span class='ocrx_word' id='word_1_570' title='bbox 2993 3205 3043 3249; x_wconf 89' lang='lat' dir='ltr'><strong>et</strong></span> <span class='ocrx_word' id='word_1_571' title='bbox 3073 3194 3216 3264; x_wconf 90' lang='lat' dir='ltr'><strong>quod</strong></span> <span class='ocrx_word' id='word_1_572' title='bbox 3248 3195 3408 3264; x_wconf 83' lang='lat' dir='ltr'><strong>vulgo</strong></span> 
     </span>
    </p>
   </div>
   <div class='ocr_carea' id='block_1_80' title="bbox 1848 3284 3410 3340">
    <p class='ocr_par' dir='ltr' id='par_1_80' title="bbox 1848 3284 3410 3340">
     <span class='ocr_line' id='line_1_80' title="bbox 1848 3284 3410 3340; baseline 0 -2"><span class='ocrx_word' id='word_1_573' title='bbox 1848 3285 2108 3340; x_wconf 86' lang='lat' dir='ltr'><strong>usitatum</strong></span> <span class='ocrx_word' id='word_1_574' title='bbox 2145 3293 2247 3340; x_wconf 90' lang='lat' dir='ltr'><strong>est.</strong></span> <span class='ocrx_word' id='word_1_575' title='bbox 2304 3286 2483 3339; x_wconf 89' lang='lat' dir='ltr'><strong>Unum</strong></span> <span class='ocrx_word' id='word_1_576' title='bbox 2537 3295 2716 3339; x_wconf 88' lang='lat' dir='ltr'><strong>autem</strong></span> <span class='ocrx_word' id='word_1_577' title='bbox 2743 3285 2874 3340; x_wconf 89' lang='lat' dir='ltr'><strong>dicit</strong></span> <span class='ocrx_word' id='word_1_578' title='bbox 2907 3293 3162 3340; x_wconf 89' lang='lat' dir='ltr'><strong>accurato</strong></span> <span class='ocrx_word' id='word_1_579' title='bbox 3193 3284 3410 3338; x_wconf 84' lang='lat' dir='ltr'><strong>dicendi</strong></span> 
     </span>
    </p>
   </div>
   <div class='ocr_carea' id='block_1_81' title="bbox 1848 3375 3409 3446">
    <p class='ocr_par' dir='ltr' id='par_1_81' title="bbox 1848 3375 3409 3446">
     <span class='ocr_line' id='line_1_81' title="bbox 1848 3375 3409 3446; baseline -0.001 -17"><span class='ocrx_word' id='word_1_580' title='bbox 1848 3391 2047 3446; x_wconf 81' lang='lat' dir='ltr'><strong>genere</strong></span> <span class='ocrx_word' id='word_1_581' title='bbox 2095 3391 2162 3430; x_wconf 92' lang='lat' dir='ltr'><strong>ne</strong></span> <span class='ocrx_word' id='word_1_582' title='bbox 2213 3377 2487 3430; x_wconf 83' lang='lat' dir='ltr'><strong>transiliat</strong></span> <span class='ocrx_word' id='word_1_583' title='bbox 2528 3375 2686 3429; x_wconf 84' lang='lat' dir='ltr'><strong>ﬁnem</strong></span> <span class='ocrx_word' id='word_1_584' title='bbox 2721 3390 2784 3427; x_wconf 89' lang='lat' dir='ltr'><strong>ac</strong></span> <span class='ocrx_word' id='word_1_585' title='bbox 2843 3375 3088 3438; x_wconf 87' lang='lat' dir='ltr'><strong>limitem,</strong></span> <span class='ocrx_word' id='word_1_586' title='bbox 3136 3377 3296 3429; x_wconf 86' lang='lat' dir='ltr'><strong>etiam</strong></span> <span class='ocrx_word' id='word_1_587' title='bbox 3354 3376 3409 3428; x_wconf 91' lang='lat' dir='ltr'><strong>in</strong></span> 
     </span>
    </p>
   </div>
   <div class='ocr_carea' id='block_1_82' title="bbox 1849 3465 3408 3536">
    <p class='ocr_par' dir='ltr' id='par_1_82' title="bbox 1849 3465 3408 3536">
     <span class='ocr_line' id='line_1_82' title="bbox 1849 3465 3408 3536; baseline -0.001 -16"><span class='ocrx_word' id='word_1_588' title='bbox 1849 3481 2033 3520; x_wconf 88' lang='lat' dir='ltr'><strong>rerum</strong></span> <span class='ocrx_word' id='word_1_589' title='bbox 2077 3474 2273 3520; x_wconf 87' lang='lat' dir='ltr'><strong>natura</strong></span> <span class='ocrx_word' id='word_1_590' title='bbox 2320 3465 2684 3522; x_wconf 90' lang='lat' dir='ltr'><strong>considerata.</strong></span> <span class='ocrx_word' id='word_1_591' title='bbox 2729 3465 2968 3535; x_wconf 83' lang='lat' dir='ltr'><strong>Itemque</strong></span> <span class='ocrx_word' id='word_1_592' title='bbox 3012 3476 3071 3519; x_wconf 90' lang='lat' dir='ltr'><strong>nt</strong></span> <span class='ocrx_word' id='word_1_593' title='bbox 3125 3465 3256 3519; x_wconf 89' lang='lat' dir='ltr'><strong>illud</strong></span> <span class='ocrx_word' id='word_1_594' title='bbox 3285 3467 3408 3536; x_wconf 83' lang='lat' dir='ltr'><strong>qui-</strong></span> 
     </span>
    </p>
   </div>
   <div class='ocr_carea' id='block_1_83' title="bbox 1851 3558 3414 3628">
    <p class='ocr_par' dir='ltr' id='par_1_83' title="bbox 1851 3558 3414 3628">
     <span class='ocr_line' id='line_1_83' title="bbox 1851 3558 3414 3628; baseline 0 -15"><span class='ocrx_word' id='word_1_595' title='bbox 1851 3559 1970 3615; x_wconf 91' lang='lat' dir='ltr'><strong>dem</strong></span> <span class='ocrx_word' id='word_1_596' title='bbox 1994 3559 2372 3615; x_wconf 85' lang='lat' dir='ltr'><strong>existimemus</strong></span> <span class='ocrx_word' id='word_1_597' title='bbox 2391 3559 2842 3623; x_wconf 87' lang='lat' dir='ltr'><strong>eondescensum,</strong></span> <span class='ocrx_word' id='word_1_598' title='bbox 2867 3559 2931 3612; x_wconf 89' lang='lat' dir='ltr'><strong>ad</strong></span> <span class='ocrx_word' id='word_1_599' title='bbox 2959 3558 3010 3611; x_wconf 92' lang='lat' dir='ltr'><strong>id</strong></span> <span class='ocrx_word' id='word_1_600' title='bbox 3033 3558 3174 3627; x_wconf 88' lang='lat' dir='ltr'><strong>quod</strong></span> <span class='ocrx_word' id='word_1_601' title='bbox 3198 3559 3414 3628; x_wconf 75' lang='lat' dir='ltr'><strong>expedit</strong></span> 
     </span>
    </p>
   </div>
   <div class='ocr_carea' id='block_1_84' title="bbox 1851 3650 3416 3722">
    <p class='ocr_par' dir='ltr' id='par_1_84' title="bbox 1851 3650 3416 3722">
     <span class='ocr_line' id='line_1_84' title="bbox 1851 3650 3416 3722; baseline -0.002 -15"><span class='ocrx_word' id='word_1_602' title='bbox 1851 3659 1906 3707; x_wconf 88' lang='lat' dir='ltr'><strong>et</strong></span> <span class='ocrx_word' id='word_1_603' title='bbox 1956 3651 2175 3706; x_wconf 82' lang='lat' dir='ltr'><strong>confert</strong></span> <span class='ocrx_word' id='word_1_604' title='bbox 2226 3653 2293 3706; x_wconf 86' lang='lat' dir='ltr'><strong>iis</strong></span> <span class='ocrx_word' id='word_1_605' title='bbox 2343 3651 2437 3720; x_wconf 90' lang='lat' dir='ltr'><strong>qui</strong></span> <span class='ocrx_word' id='word_1_606' title='bbox 2483 3650 2825 3705; x_wconf 88' lang='lat' dir='ltr'><strong>imbecilliori</strong></span> <span class='ocrx_word' id='word_1_607' title='bbox 2869 3657 2994 3705; x_wconf 88' lang='lat' dir='ltr'><strong>sunt</strong></span> <span class='ocrx_word' id='word_1_608' title='bbox 3048 3650 3263 3722; x_wconf 73' lang='lat' dir='ltr'><strong>ingenio</strong></span> <span class='ocrx_word' id='word_1_609' title='bbox 3320 3665 3416 3704; x_wconf 89' lang='lat' dir='ltr'><strong>ac-</strong></span> 
     </span>
    </p>
   </div>
   <div class='ocr_carea' id='block_1_85' title="bbox 1852 3731 3416 3811">
    <p class='ocr_par' dir='ltr' id='par_1_85' title="bbox 1852 3731 3416 3811">
     <span class='ocr_line' id='line_1_85' title="bbox 1852 3731 3416 3811; baseline 0 -13"><span class='ocrx_word' id='word_1_610' title='bbox 1852 3743 2253 3798; x_wconf 89' lang='lat' dir='ltr'><strong>commodatum</strong></span> <span class='ocrx_word' id='word_1_611' title='bbox 2282 3761 2298 3811; x_wconf 89' lang='lat'><strong>;</strong></span> <span class='ocrx_word' id='word_1_612' title='bbox 2327 3744 2429 3798; x_wconf 89' lang='lat' dir='ltr'><strong>hoc</strong></span> <span class='ocrx_word' id='word_1_613' title='bbox 2473 3759 2604 3798; x_wconf 83' lang='lat' dir='ltr'><strong>vero</strong></span> <span class='ocrx_word' id='word_1_614' title='bbox 2651 3731 2950 3797; x_wconf 81' lang='lat' dir='ltr'><strong>statuamus</strong></span> <span class='ocrx_word' id='word_1_615' title='bbox 2977 3741 3254 3797; x_wconf 89' lang='lat' dir='ltr'><strong>decretum</strong></span> <span class='ocrx_word' id='word_1_616' title='bbox 3291 3758 3416 3798; x_wconf 79' lang='lat' dir='ltr'><strong>esse</strong></span> 
     </span>
    </p>
   </div>
   <div class='ocr_carea' id='block_1_86' title="bbox 1854 3831 3415 3902">
    <p class='ocr_par' dir='ltr' id='par_1_86' title="bbox 1854 3831 3415 3902">
     <span class='ocr_line' id='line_1_86' title="bbox 1854 3831 3415 3902; baseline 0.001 -16"><span class='ocrx_word' id='word_1_617' title='bbox 1854 3833 1920 3888; x_wconf 91' lang='lat' dir='ltr'><strong>ad</strong></span> <span class='ocrx_word' id='word_1_618' title='bbox 1951 3834 2422 3888; x_wconf 76' lang='lat' dir='ltr'><strong>confirmationem</strong></span> <span class='ocrx_word' id='word_1_619' title='bbox 2467 3842 2524 3888; x_wconf 91' lang='lat' dir='ltr'><strong>et</strong></span> <span class='ocrx_word' id='word_1_620' title='bbox 2555 3832 2906 3887; x_wconf 89' lang='lat' dir='ltr'><strong>traditionem</strong></span> <span class='ocrx_word' id='word_1_621' title='bbox 2942 3831 3292 3902; x_wconf 81' lang='lat' dir='ltr'><strong>perfectionis</strong></span> <span class='ocrx_word' id='word_1_622' title='bbox 3320 3848 3415 3887; x_wconf 80' lang='lat' dir='ltr'><strong>ex-</strong></span> 
     </span>
    </p>
   </div>
   <div class='ocr_carea' id='block_1_87' title="bbox 1855 3921 3411 3992">
    <p class='ocr_par' dir='ltr' id='par_1_87' title="bbox 1855 3921 3411 3992">
     <span class='ocr_line' id='line_1_87' title="bbox 1855 3921 3411 3992; baseline -0.001 -16"><span class='ocrx_word' id='word_1_623' title='bbox 1855 3923 2116 3990; x_wconf 89' lang='lat' dir='ltr'><strong>positum.</strong></span> <span class='ocrx_word' id='word_1_624' title='bbox 2153 3921 2260 3978; x_wconf 78' lang='lat' dir='ltr'><strong>Sed</strong></span> <span class='ocrx_word' id='word_1_625' title='bbox 2295 3937 2488 3977; x_wconf 87' lang='lat' dir='ltr'><strong>rursus</strong></span> <span class='ocrx_word' id='word_1_626' title='bbox 2519 3921 2668 3976; x_wconf 88' lang='lat' dir='ltr'><strong>aiunt</strong></span> <span class='ocrx_word' id='word_1_627' title='bbox 2704 3921 2923 3992; x_wconf 89' lang='lat' dir='ltr'><strong>quidem</strong></span> <span class='ocrx_word' id='word_1_628' title='bbox 2957 3921 3411 3989; x_wconf 89' lang='lat' dir='ltr'><strong>quemadmodum</strong></span> 
     </span>
    </p>
   </div>
   <div class='ocr_carea' id='block_1_88' title="bbox 1855 4010 3411 4083">
    <p class='ocr_par' dir='ltr' id='par_1_88' title="bbox 1855 4010 3411 4083">
     <span class='ocr_line' id='line_1_88' title="bbox 1855 4010 3411 4083; baseline -0.002 -17"><span class='ocrx_word' id='word_1_629' title='bbox 1855 4029 1976 4067; x_wconf 91' lang='lat' dir='ltr'><strong>cum</strong></span> <span class='ocrx_word' id='word_1_630' title='bbox 2018 4015 2254 4069; x_wconf 89' lang='lat' dir='ltr'><strong>dicimus</strong></span> <span class='ocrx_word' id='word_1_631' title='bbox 2290 4032 2303 4068; x_wconf 91' lang='lat'><strong>:</strong></span> <span class='ocrx_word' id='word_1_632' title='bbox 2332 4011 2570 4068; x_wconf 88' lang='lat' dir='ltr'><strong>Persona</strong></span> <span class='ocrx_word' id='word_1_633' title='bbox 2597 4029 2843 4083; x_wconf 67' lang='lat' dir='ltr'><strong>personae</strong></span> <span class='ocrx_word' id='word_1_634' title='bbox 2868 4025 3096 4079; x_wconf 87' lang='lat' dir='ltr'><strong>persona</strong></span> <span class='ocrx_word' id='word_1_635' title='bbox 3135 4018 3240 4073; x_wconf 89' lang='lat' dir='ltr'><strong>est,</strong></span> <span class='ocrx_word' id='word_1_636' title='bbox 3277 4010 3411 4065; x_wconf 86' lang='lat' dir='ltr'><strong>nihil</strong></span> 
     </span>
    </p>
   </div>
   <div class='ocr_carea' id='block_1_89' title="bbox 1856 4106 3412 4173">
    <p class='ocr_par' dir='ltr' id='par_1_89' title="bbox 1856 4106 3412 4173">
     <span class='ocr_line' id='line_1_89' title="bbox 1856 4106 3412 4173; baseline -0.003 -12"><span class='ocrx_word' id='word_1_637' title='bbox 1856 4106 2056 4172; x_wconf 82' lang='lat' dir='ltr'><strong>diﬂ‘ert,</strong></span> <span class='ocrx_word' id='word_1_638' title='bbox 2098 4115 2152 4162; x_wconf 89' lang='lat' dir='ltr'><strong>et</strong></span> <span class='ocrx_word' id='word_1_639' title='bbox 2191 4121 2295 4160; x_wconf 89' lang='lat' dir='ltr'><strong>non</strong></span> <span class='ocrx_word' id='word_1_640' title='bbox 2347 4113 2631 4173; x_wconf 87' lang='lat' dir='ltr'><strong>propterea</strong></span> <span class='ocrx_word' id='word_1_641' title='bbox 2677 4118 2781 4156; x_wconf 90' lang='lat' dir='ltr'><strong>una</strong></span> <span class='ocrx_word' id='word_1_642' title='bbox 2816 4118 3047 4172; x_wconf 82' lang='lat' dir='ltr'><strong>persona</strong></span> <span class='ocrx_word' id='word_1_643' title='bbox 3098 4110 3180 4156; x_wconf 86' lang='lat' dir='ltr'><strong>est</strong></span> <span class='ocrx_word' id='word_1_644' title='bbox 3223 4116 3412 4156; x_wconf 89' lang='lat' dir='ltr'><strong>omnes</strong></span> 
     </span>
    </p>
   </div>
   <div class='ocr_carea' id='block_1_90' title="bbox 1857 4191 3414 4268">
    <p class='ocr_par' dir='ltr' id='par_1_90' title="bbox 1857 4191 3414 4268">
     <span class='ocr_line' id='line_1_90' title="bbox 1857 4191 3414 4268; baseline -0.002 -17"><span class='ocrx_word' id='word_1_645' title='bbox 1857 4198 2177 4268; x_wconf 89' lang='lat' dir='ltr'><strong>hypostases</strong></span> <span class='ocrx_word' id='word_1_646' title='bbox 2208 4214 2222 4263; x_wconf 90' lang='lat'><strong>;</strong></span> <span class='ocrx_word' id='word_1_647' title='bbox 2257 4204 2311 4250; x_wconf 88' lang='lat' dir='ltr'><strong>et</strong></span> <span class='ocrx_word' id='word_1_648' title='bbox 2354 4195 2517 4249; x_wconf 84' lang='lat' dir='ltr'><strong>veluti</strong></span> <span class='ocrx_word' id='word_1_649' title='bbox 2559 4195 2794 4249; x_wconf 87' lang='lat' dir='ltr'><strong>essentia</strong></span> <span class='ocrx_word' id='word_1_650' title='bbox 2825 4193 2957 4247; x_wconf 90' lang='lat' dir='ltr'><strong>nihil</strong></span> <span class='ocrx_word' id='word_1_651' title='bbox 2989 4191 3166 4247; x_wconf 88' lang='lat' dir='ltr'><strong>dill‘ert</strong></span> <span class='ocrx_word' id='word_1_652' title='bbox 3207 4192 3277 4247; x_wconf 90' lang='lat' dir='ltr'><strong>ab</strong></span> <span class='ocrx_word' id='word_1_653' title='bbox 3324 4207 3414 4248; x_wconf 90' lang='lat' dir='ltr'><strong>es-</strong></span> 
     </span>
    </p>
   </div>
   <div class='ocr_carea' id='block_1_91' title="bbox 1857 4283 3416 4356">
    <p class='ocr_par' dir='ltr' id='par_1_91' title="bbox 1857 4283 3416 4356">
     <span class='ocr_line' id='line_1_91' title="bbox 1857 4283 3416 4356; baseline -0.005 -10"><span class='ocrx_word' id='word_1_654' title='bbox 1857 4291 2055 4356; x_wconf 88' lang='lat' dir='ltr'><strong>sentia,</strong></span> <span class='ocrx_word' id='word_1_655' title='bbox 2112 4297 2167 4345; x_wconf 88' lang='lat' dir='ltr'><strong>et</strong></span> <span class='ocrx_word' id='word_1_656' title='bbox 2217 4302 2324 4342; x_wconf 89' lang='lat' dir='ltr'><strong>non</strong></span> <span class='ocrx_word' id='word_1_657' title='bbox 2369 4287 2489 4341; x_wconf 89' lang='lat' dir='ltr'><strong>ideo</strong></span> <span class='ocrx_word' id='word_1_658' title='bbox 2539 4301 2645 4339; x_wconf 89' lang='lat' dir='ltr'><strong>una</strong></span> <span class='ocrx_word' id='word_1_659' title='bbox 2707 4285 3012 4340; x_wconf 88' lang='lat' dir='ltr'><strong>substantia</strong></span> <span class='ocrx_word' id='word_1_660' title='bbox 3055 4299 3244 4338; x_wconf 88' lang='lat' dir='ltr'><strong>omnes</strong></span> <span class='ocrx_word' id='word_1_661' title='bbox 3283 4283 3416 4339; x_wconf 90' lang='lat' dir='ltr'><strong>sub-</strong></span> 
     </span>
    </p>
   </div>
   <div class='ocr_carea' id='block_1_92' title="bbox 1857 4371 3415 4442">
    <p class='ocr_par' dir='ltr' id='par_1_92' title="bbox 1857 4371 3415 4442">
     <span class='ocr_line' id='line_1_92' title="bbox 1857 4371 3415 4442; baseline -0.004 -8"><span class='ocrx_word' id='word_1_662' title='bbox 1857 4378 2072 4434; x_wconf 70' lang='lat' dir='ltr'><strong>stantia:</strong></span> <span class='ocrx_word' id='word_1_663' title='bbox 2123 4388 2288 4434; x_wconf 87' lang='lat' dir='ltr'><strong>sunt:</strong></span> <span class='ocrx_word' id='word_1_664' title='bbox 2324 4377 2404 4432; x_wconf 92' lang='lat' dir='ltr'><strong>sic</strong></span> <span class='ocrx_word' id='word_1_665' title='bbox 2451 4375 2614 4430; x_wconf 88' lang='lat' dir='ltr'><strong>etiam</strong></span> <span class='ocrx_word' id='word_1_666' title='bbox 2661 4374 2844 4428; x_wconf 88' lang='lat' dir='ltr'><strong>dicere</strong></span> <span class='ocrx_word' id='word_1_667' title='bbox 2875 4387 3176 4442; x_wconf 89' lang='lat' dir='ltr'><strong>possemus,</strong></span> <span class='ocrx_word' id='word_1_668' title='bbox 3217 4371 3358 4428; x_wconf 90' lang='lat' dir='ltr'><strong>Deus</strong></span> <span class='ocrx_word' id='word_1_669' title='bbox 3383 4387 3415 4428; x_wconf 88' lang='lat' dir='ltr'><strong>a</strong></span> 
     </span>
    </p>
   </div>
   <div class='ocr_carea' id='block_1_93' title="bbox 206 4465 1742 4538">
    <p class='ocr_par' dir='ltr' id='par_1_93' title="bbox 206 4468 1742 4534">
     <span class='ocr_line' id='line_1_93' title="bbox 206 4468 1742 4534; baseline 0.001 -14"><span class='ocrx_word' id='word_1_670' title='bbox 206 4469 317 4520; x_wconf 74' lang='grc' dir='ltr'>καθὸ</span> <span class='ocrx_word' id='word_1_671' title='bbox 335 4470 507 4524; x_wconf 80' lang='grc' dir='ltr'>τοιάδε</span> <span class='ocrx_word' id='word_1_672' title='bbox 536 4469 697 4523; x_wconf 84' lang='grc' dir='ltr'>οὑσία</span> <span class='ocrx_word' id='word_1_673' title='bbox 717 4484 732 4500; x_wconf 79' lang='grc'><strong><em>⁸</em></strong></span> <span class='ocrx_word' id='word_1_674' title='bbox 763 4471 856 4522; x_wconf 76' lang='grc' dir='ltr'>καὶ</span> <span class='ocrx_word' id='word_1_675' title='bbox 889 4470 1181 4531; x_wconf 83' lang='grc' dir='ltr'>ὑπόστασις</span> <span class='ocrx_word' id='word_1_676' title='bbox 1227 4471 1592 4534; x_wconf 83' lang='grc' dir='ltr'>ὑποστάσεως,</span> <span class='ocrx_word' id='word_1_677' title='bbox 1621 4468 1742 4522; x_wconf 82' lang='grc' dir='ltr'><strong>καθί</strong></span> 
     </span>
    </p>
   </div>
   <div class='ocr_carea' id='block_1_94' title="bbox 1844 4465 3423 4538">
    <p class='ocr_par' dir='ltr' id='par_1_94' title="bbox 1865 4465 3423 4536">
     <span class='ocr_line' id='line_1_94' title="bbox 1865 4465 3423 4536; baseline -0.002 -12"><span class='ocrx_word' id='word_1_678' title='bbox 1865 4472 1971 4526; x_wconf 90' lang='lat' dir='ltr'><strong>Deo</strong></span> <span class='ocrx_word' id='word_1_679' title='bbox 2005 4471 2137 4526; x_wconf 89' lang='lat' dir='ltr'><strong>nihil</strong></span> <span class='ocrx_word' id='word_1_680' title='bbox 2161 4469 2360 4532; x_wconf 76' lang='lat' dir='ltr'><strong>diﬂ‘ert,</strong></span> <span class='ocrx_word' id='word_1_681' title='bbox 2391 4477 2575 4523; x_wconf 90' lang='lat' dir='ltr'><strong>etnon</strong></span> <span class='ocrx_word' id='word_1_682' title='bbox 2610 4474 2896 4536; x_wconf 77' lang='lat' dir='ltr'><strong>prapterea</strong></span> <span class='ocrx_word' id='word_1_683' title='bbox 2927 4482 3068 4521; x_wconf 89' lang='lat' dir='ltr'><strong>unus</strong></span> <span class='ocrx_word' id='word_1_684' title='bbox 3113 4465 3278 4531; x_wconf 89' lang='lat' dir='ltr'><strong>Deus,</strong></span> <span class='ocrx_word' id='word_1_685' title='bbox 3305 4476 3423 4521; x_wconf 84' lang='lat' dir='ltr'><strong>tres</strong></span> 
     </span>
    </p>
   </div>
   <div class='ocr_carea' id='block_1_95' title="bbox 207 4557 1755 4635">
    <p class='ocr_par' dir='ltr' id='par_1_95' title="bbox 207 4557 1755 4635">
     <span class='ocr_line' id='line_1_95' title="bbox 207 4557 1755 4635; baseline 0.003 -25"><span class='ocrx_word' id='word_1_686' title='bbox 207 4562 354 4615; x_wconf 72' lang='grc' dir='ltr'>τοιάδε</span> <span class='ocrx_word' id='word_1_687' title='bbox 385 4563 704 4627; x_wconf 82' lang='grc' dir='ltr'>ὑπόστασις,</span> <span class='ocrx_word' id='word_1_688' title='bbox 737 4564 828 4616; x_wconf 68' lang='grc' dir='ltr'><strong>καὶ</strong></span> <span class='ocrx_word' id='word_1_689' title='bbox 864 4563 1144 4632; x_wconf 78' lang='grc' dir='ltr'>ἄνθρωπος</span> <span class='ocrx_word' id='word_1_690' title='bbox 1174 4561 1456 4633; x_wconf 85' lang='grc' dir='ltr'>ἀνθρώπου</span> <span class='ocrx_word' id='word_1_691' title='bbox 1555 4562 1755 4614; x_wconf 88' lang='grc' dir='ltr'>τοιόσδε</span> 
     </span>
    </p>
   </div>
   <div class='ocr_carea' id='block_1_96' title="bbox 207 4646 1757 4725">
    <p class='ocr_par' dir='ltr' id='par_1_96' title="bbox 207 4646 1757 4725">
     <span class='ocr_line' id='line_1_96' title="bbox 207 4646 1757 4725; baseline 0.003 -24"><span class='ocrx_word' id='word_1_692' title='bbox 207 4651 483 4722; x_wconf 79' lang='grc' dir='ltr'>ἄνθρωπος.</span> <span class='ocrx_word' id='word_1_693' title='bbox 508 4655 620 4706; x_wconf 74' lang='grc' dir='ltr'>Καὶ</span> <span class='ocrx_word' id='word_1_694' title='bbox 646 4653 808 4706; x_wconf 83' lang='grc' dir='ltr'>πάλιν</span> <span class='ocrx_word' id='word_1_695' title='bbox 830 4652 960 4716; x_wconf 85' lang='grc' dir='ltr'>Θεὸς</span> <span class='ocrx_word' id='word_1_696' title='bbox 982 4646 1168 4725; x_wconf 88' lang='grc' dir='ltr'>Θεοῦ</span> <span class='ocrx_word' id='word_1_697' title='bbox 1189 4653 1388 4706; x_wconf 86' lang='grc' dir='ltr'>τοιόσδε</span> <span class='ocrx_word' id='word_1_698' title='bbox 1418 4652 1547 4715; x_wconf 87' lang='grc' dir='ltr'>Θεός</span> <span class='ocrx_word' id='word_1_699' title='bbox 1567 4670 1580 4683; x_wconf 74' lang='grc' dir='ltr'><strong>ο</strong></span> <span class='ocrx_word' id='word_1_700' title='bbox 1613 4653 1672 4704; x_wconf 89' lang='grc' dir='ltr'><strong>τὸ</strong></span> <span class='ocrx_word' id='word_1_701' title='bbox 1701 4653 1757 4706; x_wconf 85' lang='grc' dir='ltr'>δὲ</span> 
     </span>
    </p>
   </div>
   <div class='ocr_carea' id='block_1_97' title="bbox 207 4742 1759 4815">
    <p class='ocr_par' dir='ltr' id='par_1_97' title="bbox 207 4742 1759 4815">
     <span class='ocr_line' id='line_1_97' title="bbox 207 4742 1759 4815; baseline 0.002 -24"><span class='ocrx_word' id='word_1_702' title='bbox 207 4744 438 4815; x_wconf 83' lang='grc' dir='ltr'>τοιόσδεῆ</span> <span class='ocrx_word' id='word_1_703' title='bbox 472 4744 704 4806; x_wconf 84' lang='grc' dir='ltr'>τοιόσδε,</span> <span class='ocrx_word' id='word_1_704' title='bbox 735 4743 828 4796; x_wconf 72' lang='grc' dir='ltr'><strong>ἐπὶ</strong></span> <span class='ocrx_word' id='word_1_705' title='bbox 859 4743 950 4796; x_wconf 88' lang='grc' dir='ltr'><strong>δύο</strong></span> <span class='ocrx_word' id='word_1_706' title='bbox 984 4743 1016 4814; x_wconf 84' lang='grc' dir='ltr'>ἢ</span> <span class='ocrx_word' id='word_1_707' title='bbox 1050 4743 1142 4796; x_wconf 78' lang='grc' dir='ltr'><strong>καὶ</strong></span> <span class='ocrx_word' id='word_1_708' title='bbox 1173 4743 1430 4796; x_wconf 89' lang='grc' dir='ltr'>πλειόνων</span> <span class='ocrx_word' id='word_1_709' title='bbox 1456 4743 1640 4797; x_wconf 76' lang='grc' dir='ltr'>εἴωθεν</span> <span class='ocrx_word' id='word_1_710' title='bbox 1674 4742 1759 4794; x_wconf 87' lang='grc' dir='ltr'>λέ-</span> 
     </span>
    </p>
   </div>
   <div class='ocr_carea' id='block_1_98' title="bbox 207 4832 1758 4904">
    <p class='ocr_par' dir='ltr' id='par_1_98' title="bbox 207 4832 1758 4904">
     <span class='ocr_line' id='line_1_98' title="bbox 207 4832 1758 4904; baseline 0.002 -21"><span class='ocrx_word' id='word_1_711' title='bbox 207 4833 391 4898; x_wconf 85' lang='grc' dir='ltr'>γεσθαι.</span> <span class='ocrx_word' id='word_1_712' title='bbox 438 4835 601 4886; x_wconf 75' lang='grc' dir='ltr'>Ἀλλὰ</span> <span class='ocrx_word' id='word_1_713' title='bbox 635 4833 806 4885; x_wconf 88' lang='grc' dir='ltr'>ταῦτα</span> <span class='ocrx_word' id='word_1_714' title='bbox 835 4832 932 4902; x_wconf 85' lang='grc' dir='ltr'><strong>μὲν</strong></span> <span class='ocrx_word' id='word_1_715' title='bbox 976 4834 1171 4886; x_wconf 78' lang='grc' dir='ltr'>ἐκεῖνοι</span> <span class='ocrx_word' id='word_1_716' title='bbox 1197 4850 1210 4863; x_wconf 77' lang='grc'><strong>⁸</strong></span> <span class='ocrx_word' id='word_1_717' title='bbox 1243 4836 1403 4904; x_wconf 74' lang='grc' dir='ltr'>ἡμεῖς</span> <span class='ocrx_word' id='word_1_718' title='bbox 1429 4833 1486 4886; x_wconf 84' lang='grc' dir='ltr'><strong>δὲ</strong></span> <span class='ocrx_word' id='word_1_719' title='bbox 1516 4833 1758 4902; x_wconf 81' lang='grc' dir='ltr'>δείξομεν</span> 
     </span>
    </p>
   </div>
   <div class='ocr_carea' id='block_1_99' title="bbox 209 4921 1752 4995">
    <p class='ocr_par' dir='ltr' id='par_1_99' title="bbox 209 4921 1752 4995">
     <span class='ocr_line' id='line_1_99' title="bbox 209 4921 1752 4995; baseline 0.003 -23"><span class='ocrx_word' id='word_1_720' title='bbox 209 4923 421 4994; x_wconf 69' lang='grc' dir='ltr'>σόφισμα</span> <span class='ocrx_word' id='word_1_721' title='bbox 467 4927 530 4978; x_wconf 91' lang='grc' dir='ltr'><strong>τὸ</strong></span> <span class='ocrx_word' id='word_1_722' title='bbox 577 4926 688 4978; x_wconf 78' lang='grc' dir='ltr'><strong>πᾶν</strong></span> <span class='ocrx_word' id='word_1_723' title='bbox 744 4921 914 4984; x_wconf 83' lang='grc' dir='ltr'>εἶναι,</span> <span class='ocrx_word' id='word_1_724' title='bbox 960 4925 1142 4988; x_wconf 89' lang='grc' dir='ltr'>αὑτοῖς</span> <span class='ocrx_word' id='word_1_725' title='bbox 1169 4928 1281 4987; x_wconf 88' lang='grc' dir='ltr'>τοῖς</span> <span class='ocrx_word' id='word_1_726' title='bbox 1314 4925 1619 4995; x_wconf 81' lang='grc' dir='ltr'>εἰρημένοις</span> <span class='ocrx_word' id='word_1_727' title='bbox 1663 4942 1752 4977; x_wconf 88' lang='grc' dir='ltr'><strong>κε-</strong></span> 
     </span>
    </p>
   </div>
   <div class='ocr_carea' id='block_1_100' title="bbox 207 5013 1754 5084">
    <p class='ocr_par' dir='ltr' id='par_1_100' title="bbox 207 5013 1754 5084">
     <span class='ocr_line' id='line_1_100' title="bbox 207 5013 1754 5084; baseline 0.001 -19"><span class='ocrx_word' id='word_1_728' title='bbox 207 5017 474 5082; x_wconf 77' lang='grc' dir='ltr'>χρημένοι,</span> <span class='ocrx_word' id='word_1_729' title='bbox 522 5016 616 5068; x_wconf 71' lang='grc' dir='ltr'><strong>καὶ</strong></span> <span class='ocrx_word' id='word_1_730' title='bbox 661 5014 964 5077; x_wconf 87' lang='grc' dir='ltr'>δεικνύντες</span> <span class='ocrx_word' id='word_1_731' title='bbox 1004 5013 1078 5084; x_wconf 85' lang='grc' dir='ltr'>μὴ</span> <span class='ocrx_word' id='word_1_732' title='bbox 1113 5015 1242 5079; x_wconf 89' lang='grc' dir='ltr'>δεῖν,</span> <span class='ocrx_word' id='word_1_733' title='bbox 1273 5015 1468 5068; x_wconf 88' lang='grc' dir='ltr'>τοιόνδε</span> <span class='ocrx_word' id='word_1_734' title='bbox 1493 5015 1624 5068; x_wconf 86' lang='grc' dir='ltr'>Θεὸν</span> <span class='ocrx_word' id='word_1_735' title='bbox 1663 5016 1754 5067; x_wconf 76' lang='grc' dir='ltr'>καὶ</span> 
     </span>
    </p>
   </div>
   <div class='ocr_carea' id='block_1_101' title="bbox 207 5103 1753 5175">
    <p class='ocr_par' dir='ltr' id='par_1_101' title="bbox 207 5103 1753 5175">
     <span class='ocr_line' id='line_1_101' title="bbox 207 5103 1753 5175; baseline 0.003 -25"><span class='ocrx_word' id='word_1_736' title='bbox 207 5103 405 5165; x_wconf 79' lang='grc' dir='ltr'>τοιόνδε,</span> <span class='ocrx_word' id='word_1_737' title='bbox 433 5106 468 5175; x_wconf 83' lang='grc' dir='ltr'><strong>ἣ</strong></span> <span class='ocrx_word' id='word_1_738' title='bbox 502 5104 707 5157; x_wconf 86' lang='grc' dir='ltr'>τοιόνδε</span> <span class='ocrx_word' id='word_1_739' title='bbox 735 5104 1016 5174; x_wconf 83' lang='grc' dir='ltr'>ἄνθρωπον</span> <span class='ocrx_word' id='word_1_740' title='bbox 1045 5106 1135 5159; x_wconf 75' lang='grc' dir='ltr'>καὶ</span> <span class='ocrx_word' id='word_1_741' title='bbox 1165 5105 1363 5160; x_wconf 87' lang='grc' dir='ltr'>τοιόνδε</span> <span class='ocrx_word' id='word_1_742' title='bbox 1407 5105 1582 5174; x_wconf 87' lang='grc' dir='ltr'>λέγειν</span> <span class='ocrx_word' id='word_1_743' title='bbox 1601 5123 1616 5137; x_wconf 79' lang='grc' dir='ltr'><strong><em>ο</em></strong></span> <span class='ocrx_word' id='word_1_744' title='bbox 1641 5106 1753 5158; x_wconf 86' lang='grc' dir='ltr'>ἀλλ’</span> 
     </span>
    </p>
   </div>
   <div class='ocr_carea' id='block_1_102' title="bbox 208 5192 1754 5265">
    <p class='ocr_par' dir='ltr' id='par_1_102' title="bbox 208 5192 1754 5265">
     <span class='ocr_line' id='line_1_102' title="bbox 208 5192 1754 5265; baseline 0.001 -19"><span class='ocrx_word' id='word_1_745' title='bbox 208 5192 235 5260; x_wconf 75' lang='grc' dir='ltr'><strong>ἢ</strong></span> <span class='ocrx_word' id='word_1_746' title='bbox 266 5195 363 5265; x_wconf 76' lang='grc' dir='ltr'>ἄρα</span> <span class='ocrx_word' id='word_1_747' title='bbox 382 5195 592 5248; x_wconf 75' lang='grc' dir='ltr'>τοιάνδε</span> <span class='ocrx_word' id='word_1_748' title='bbox 624 5196 918 5248; x_wconf 85' lang='grc' dir='ltr'>ὑπόστασιν</span> <span class='ocrx_word' id='word_1_749' title='bbox 943 5196 1077 5249; x_wconf 84' lang='grc' dir='ltr'>Θεοῦ</span> <span class='ocrx_word' id='word_1_750' title='bbox 1111 5199 1203 5250; x_wconf 71' lang='grc' dir='ltr'><strong>καὶ</strong></span> <span class='ocrx_word' id='word_1_751' title='bbox 1227 5198 1431 5250; x_wconf 83' lang='grc' dir='ltr'>τοιάνδε</span> <span class='ocrx_word' id='word_1_752' title='bbox 1459 5199 1754 5251; x_wconf 81' lang='grc' dir='ltr'>ὑπόστασιν</span> 
     </span>
    </p>
   </div>
   <div class='ocr_carea' id='block_1_103' title="bbox 209 5281 1754 5359">
    <p class='ocr_par' dir='ltr' id='par_1_103' title="bbox 209 5281 1754 5359">
     <span class='ocr_line' id='line_1_103' title="bbox 209 5281 1754 5359; baseline 0.004 -25"><span class='ocrx_word' id='word_1_753' title='bbox 209 5281 488 5353; x_wconf 79' lang='grc' dir='ltr'>ἀνθρώπου.</span> <span class='ocrx_word' id='word_1_754' title='bbox 524 5285 733 5347; x_wconf 77' lang='grc' dir='ltr'>Πολλὰς</span> <span class='ocrx_word' id='word_1_755' title='bbox 765 5285 871 5356; x_wconf 75' lang='grc' dir='ltr'>γὰρ</span> <span class='ocrx_word' id='word_1_756' title='bbox 915 5287 1233 5352; x_wconf 75' lang='grc' dir='ltr'>ὑποστάσεις</span> <span class='ocrx_word' id='word_1_757' title='bbox 1281 5289 1372 5341; x_wconf 89' lang='grc' dir='ltr'><strong>τοῦ</strong></span> <span class='ocrx_word' id='word_1_758' title='bbox 1397 5291 1511 5352; x_wconf 78' lang='grc' dir='ltr'>ἑνὸς</span> <span class='ocrx_word' id='word_1_759' title='bbox 1546 5289 1754 5359; x_wconf 86' lang='grc' dir='ltr'>ἀνθρώ-</span> 
     </span>
    </p>
   </div>
   <div class='ocr_carea' id='block_1_104' title="bbox 211 5378 1762 5455">
    <p class='ocr_par' dir='ltr' id='par_1_104' title="bbox 211 5378 1762 5455">
     <span class='ocr_line' id='line_1_104' title="bbox 211 5378 1762 5455; baseline 0.006 -29"><span class='ocrx_word' id='word_1_760' title='bbox 211 5388 315 5436; x_wconf 59' lang='grc' dir='ltr'><strong>¹που,</strong></span> <span class='ocrx_word' id='word_1_761' title='bbox 344 5378 436 5430; x_wconf 77' lang='grc' dir='ltr'><strong>καὶ</strong></span> <span class='ocrx_word' id='word_1_762' title='bbox 464 5382 617 5449; x_wconf 87' lang='grc' dir='ltr'>τρεῖς</span> <span class='ocrx_word' id='word_1_763' title='bbox 669 5379 993 5442; x_wconf 82' lang='grc' dir='ltr'>ὑποστάσεις</span> <span class='ocrx_word' id='word_1_764' title='bbox 1033 5379 1125 5432; x_wconf 85' lang='grc' dir='ltr'><strong>τοῦ</strong></span> <span class='ocrx_word' id='word_1_765' title='bbox 1159 5383 1274 5443; x_wconf 83' lang='grc' dir='ltr'>ἐνὸς</span> <span class='ocrx_word' id='word_1_766' title='bbox 1314 5383 1446 5436; x_wconf 88' lang='grc' dir='ltr'>Θεοῦ</span> <span class='ocrx_word' id='word_1_767' title='bbox 1479 5401 1657 5455; x_wconf 80' lang='grc' dir='ltr'>φαμεν</span> <span class='ocrx_word' id='word_1_768' title='bbox 1686 5384 1762 5436; x_wconf 88' lang='grc' dir='ltr'>δι-</span> 
     </span>
    </p>
   </div>
   <div class='ocr_carea' id='block_1_105' title="bbox 211 5467 1760 5546">
    <p class='ocr_par' dir='ltr' id='par_1_105' title="bbox 211 5467 1760 5546">
     <span class='ocr_line' id='line_1_105' title="bbox 211 5467 1760 5546; baseline 0.008 -30"><span class='ocrx_word' id='word_1_769' title='bbox 211 5467 374 5530; x_wconf 75' lang='grc' dir='ltr'>καίως.</span> <span class='ocrx_word' id='word_1_770' title='bbox 408 5471 482 5522; x_wconf 88' lang='grc' dir='ltr'>Τὸ</span> <span class='ocrx_word' id='word_1_771' title='bbox 517 5472 617 5540; x_wconf 83' lang='grc' dir='ltr'><strong>μὲν</strong></span> <span class='ocrx_word' id='word_1_772' title='bbox 654 5469 746 5526; x_wconf 79' lang='grc' dir='ltr'><strong>οὖν</strong></span> <span class='ocrx_word' id='word_1_773' title='bbox 769 5473 966 5526; x_wconf 88' lang='grc' dir='ltr'>τοιόνδε</span> <span class='ocrx_word' id='word_1_774' title='bbox 999 5473 1306 5542; x_wconf 82' lang='grc' dir='ltr'>λεγόμενον,</span> <span class='ocrx_word' id='word_1_775' title='bbox 1337 5475 1605 5545; x_wconf 84' lang='grc' dir='ltr'>διακρῖναι</span> <span class='ocrx_word' id='word_1_776' title='bbox 1637 5477 1760 5546; x_wconf 73' lang='grc' dir='ltr'><strong>βού-</strong></span> 
     </span>
    </p>
   </div>
   <div class='ocr_carea' id='block_1_106' title="bbox 212 5551 1766 5636">
    <p class='ocr_par' dir='ltr' id='par_1_106' title="bbox 212 5551 1766 5636">
     <span class='ocr_line' id='line_1_106' title="bbox 212 5551 1766 5636; baseline 0.023 -34"><span class='ocrx_word' id='word_1_777' title='bbox 212 5551 340 5608; x_wconf 81' lang='grc' dir='ltr'>λεταί</span> <span class='ocrx_word' id='word_1_778' title='bbox 380 5559 431 5609; x_wconf 83' lang='grc' dir='ltr'><strong>τί</strong></span> <span class='ocrx_word' id='word_1_779' title='bbox 471 5577 619 5624; x_wconf 89' lang='grc' dir='ltr'>τινος</span> <span class='ocrx_word' id='word_1_780' title='bbox 658 5561 1038 5624; x_wconf 82' lang='grc' dir='ltr'>κοινωνοῦντος</span> <span class='ocrx_word' id='word_1_781' title='bbox 1073 5564 1191 5614; x_wconf 72' lang='grc' dir='ltr'>κατ’</span> <span class='ocrx_word' id='word_1_782' title='bbox 1229 5564 1401 5616; x_wconf 72' lang='grc' dir='ltr'>έκεῖνο</span> <span class='ocrx_word' id='word_1_783' title='bbox 1430 5565 1686 5634; x_wconf 61' lang='grc' dir='ltr'><strong>τοΰνομαν</strong></span> <span class='ocrx_word' id='word_1_784' title='bbox 1721 5563 1766 5636; x_wconf 71' lang='grc' dir='ltr'>ᾧ</span> 
     </span>
    </p>
   </div>
   <div class='ocr_carea' id='block_1_107' title="bbox 214 5645 1767 5727">
    <p class='ocr_par' dir='ltr' id='par_1_107' title="bbox 214 5645 1767 5727">
     <span class='ocr_line' id='line_1_107' title="bbox 214 5645 1767 5727; baseline 0.01 -32"><span class='ocrx_word' id='word_1_785' title='bbox 214 5645 263 5695; x_wconf 83' lang='grc' dir='ltr'><strong>τὸ</strong></span> <span class='ocrx_word' id='word_1_786' title='bbox 285 5650 476 5702; x_wconf 81' lang='grc' dir='ltr'>τοιόνδε</span> <span class='ocrx_word' id='word_1_787' title='bbox 530 5653 907 5722; x_wconf 74' lang='grc' dir='ltr'>προστίθεται·</span> <span class='ocrx_word' id='word_1_788' title='bbox 948 5648 1059 5705; x_wconf 74' lang='grc' dir='ltr'>οἷον</span> <span class='ocrx_word' id='word_1_789' title='bbox 1097 5653 1232 5716; x_wconf 77' lang='grc' dir='ltr'>ζῶον</span> <span class='ocrx_word' id='word_1_790' title='bbox 1258 5656 1454 5708; x_wconf 84' lang='grc' dir='ltr'>τοιόνδε</span> <span class='ocrx_word' id='word_1_791' title='bbox 1480 5659 1656 5727; x_wconf 80' lang='grc' dir='ltr'>φαμὲν</span> <span class='ocrx_word' id='word_1_792' title='bbox 1676 5660 1767 5711; x_wconf 90' lang='grc' dir='ltr'><strong>τὸν</strong></span> 
     </span>
    </p>
   </div>
   <div class='ocr_carea' id='block_1_108' title="bbox 215 5732 1766 5814">
    <p class='ocr_par' dir='ltr' id='par_1_108' title="bbox 215 5732 1766 5814">
     <span class='ocr_line' id='line_1_108' title="bbox 215 5732 1766 5814; baseline 0.006 -27"><span class='ocrx_word' id='word_1_793' title='bbox 215 5732 497 5806; x_wconf 65' lang='grc' dir='ltr'>ἄνθρωπον,</span> <span class='ocrx_word' id='word_1_794' title='bbox 552 5741 821 5814; x_wconf 84' lang='grc' dir='ltr'>διακρῖναι</span> <span class='ocrx_word' id='word_1_795' title='bbox 871 5742 1031 5795; x_wconf 83' lang='grc' dir='ltr'>αὑτὸν</span> <span class='ocrx_word' id='word_1_796' title='bbox 1085 5741 1394 5812; x_wconf 71' lang='grc' dir='ltr'>βουλόμενοι</span> <span class='ocrx_word' id='word_1_797' title='bbox 1439 5745 1532 5797; x_wconf 89' lang='grc' dir='ltr'><strong>τοῦ</strong></span> <span class='ocrx_word' id='word_1_798' title='bbox 1579 5745 1766 5811; x_wconf 78' lang='grc' dir='ltr'>ἵππου,</span> 
     </span>
    </p>
   </div>
   <div class='ocr_carea' id='block_1_109' title="bbox 1867 4557 3414 4632">
    <p class='ocr_par' dir='ltr' id='par_1_109' title="bbox 1867 4557 3414 4632">
     <span class='ocr_line' id='line_1_109' title="bbox 1867 4557 3414 4632; baseline -0.003 -15"><span class='ocrx_word' id='word_1_799' title='bbox 1867 4572 1994 4618; x_wconf 91' lang='lat' dir='ltr'><strong>sunt</strong></span> <span class='ocrx_word' id='word_1_800' title='bbox 2011 4577 2259 4632; x_wconf 84' lang='lat' dir='ltr'><strong>personae</strong></span> <span class='ocrx_word' id='word_1_801' title='bbox 2285 4561 2352 4614; x_wconf 88' lang='lat' dir='ltr'><strong>de</strong></span> <span class='ocrx_word' id='word_1_802' title='bbox 2369 4559 2566 4628; x_wconf 89' lang='lat' dir='ltr'><strong>quibus</strong></span> <span class='ocrx_word' id='word_1_803' title='bbox 2594 4557 2736 4614; x_wconf 91' lang='lat' dir='ltr'><strong>Deus</strong></span> <span class='ocrx_word' id='word_1_804' title='bbox 2754 4559 3076 4628; x_wconf 64' lang='lat' dir='ltr'><strong>prmdicatur</strong></span> <span class='ocrx_word' id='word_1_805' title='bbox 3099 4577 3111 4612; x_wconf 94' lang='lat'>:</span> <span class='ocrx_word' id='word_1_806' title='bbox 3131 4565 3184 4612; x_wconf 91' lang='lat' dir='ltr'><strong>et</strong></span> <span class='ocrx_word' id='word_1_807' title='bbox 3201 4573 3414 4623; x_wconf 89' lang='lat' dir='ltr'><strong>rursus,</strong></span> 
     </span>
    </p>
   </div>
   <div class='ocr_carea' id='block_1_110' title="bbox 1871 4649 3421 4714">
    <p class='ocr_par' dir='ltr' id='par_1_110' title="bbox 1871 4649 3421 4714">
     <span class='ocr_line' id='line_1_110' title="bbox 1871 4649 3421 4714; baseline -0.002 -8"><span class='ocrx_word' id='word_1_808' title='bbox 1871 4652 2263 4708; x_wconf 87' lang='lat' dir='ltr'><strong>Ilomohomini</strong></span> <span class='ocrx_word' id='word_1_809' title='bbox 2295 4650 2430 4704; x_wconf 86' lang='lat' dir='ltr'><strong>nihil</strong></span> <span class='ocrx_word' id='word_1_810' title='bbox 2459 4650 2706 4712; x_wconf 83' lang='lat' dir='ltr'><strong>interest,</strong></span> <span class='ocrx_word' id='word_1_811' title='bbox 2741 4649 3010 4714; x_wconf 86' lang='lat' dir='ltr'><strong>dicentes,</strong></span> <span class='ocrx_word' id='word_1_812' title='bbox 3045 4663 3153 4702; x_wconf 91' lang='lat' dir='ltr'><strong>non</strong></span> <span class='ocrx_word' id='word_1_813' title='bbox 3176 4649 3421 4703; x_wconf 87' lang='lat' dir='ltr'><strong>tollimus-</strong></span> 
     </span>
    </p>
   </div>
   <div class='ocr_carea' id='block_1_111' title="bbox 1858 4738 3412 4797">
    <p class='ocr_par' dir='ltr' id='par_1_111' title="bbox 1858 4738 3412 4797">
     <span class='ocr_line' id='line_1_111' title="bbox 1858 4738 3412 4797; baseline -0.002 -3"><span class='ocrx_word' id='word_1_814' title='bbox 1858 4753 1970 4797; x_wconf 81' lang='lat' dir='ltr'><strong>tres</strong></span> <span class='ocrx_word' id='word_1_815' title='bbox 1999 4741 2245 4796; x_wconf 85' lang='lat' dir='ltr'><strong>homines</strong></span> <span class='ocrx_word' id='word_1_816' title='bbox 2273 4756 2392 4796; x_wconf 89' lang='lat' dir='ltr'><strong>esse</strong></span> <span class='ocrx_word' id='word_1_817' title='bbox 2415 4739 2632 4794; x_wconf 83' lang='lat' dir='ltr'><strong>Petrum</strong></span> <span class='ocrx_word' id='word_1_818' title='bbox 2661 4749 2714 4793; x_wconf 87' lang='lat' dir='ltr'><strong>et</strong></span> <span class='ocrx_word' id='word_1_819' title='bbox 2759 4739 2986 4793; x_wconf 89' lang='lat' dir='ltr'><strong>Paulum</strong></span> <span class='ocrx_word' id='word_1_820' title='bbox 3017 4747 3069 4792; x_wconf 91' lang='lat' dir='ltr'><strong>et</strong></span> <span class='ocrx_word' id='word_1_821' title='bbox 3087 4738 3412 4792; x_wconf 86' lang='lat' dir='ltr'><strong>Barnabam.</strong></span> 
     </span>
    </p>
   </div>
   <div class='ocr_carea' id='block_1_112' title="bbox 1861 4833 3417 4891">
    <p class='ocr_par' dir='ltr' id='par_1_112' title="bbox 1861 4833 3417 4891">
     <span class='ocr_line' id='line_1_112' title="bbox 1861 4833 3417 4891; baseline -0.003 -2"><span class='ocrx_word' id='word_1_822' title='bbox 1861 4836 1967 4891; x_wconf 90' lang='lat' dir='ltr'><strong>Sed</strong></span> <span class='ocrx_word' id='word_1_823' title='bbox 2000 4835 2146 4890; x_wconf 90' lang='lat' dir='ltr'><strong>enim</strong></span> <span class='ocrx_word' id='word_1_824' title='bbox 2183 4835 2361 4888; x_wconf 78' lang='lat' dir='ltr'><strong>diﬂ‘ert</strong></span> <span class='ocrx_word' id='word_1_825' title='bbox 2398 4833 2704 4889; x_wconf 88' lang='lat' dir='ltr'><strong>substantia</strong></span> <span class='ocrx_word' id='word_1_826' title='bbox 2744 4849 2774 4888; x_wconf 90' lang='lat' dir='ltr'><strong>a</strong></span> <span class='ocrx_word' id='word_1_827' title='bbox 2821 4833 3125 4888; x_wconf 88' lang='lat' dir='ltr'><strong>substantia</strong></span> <span class='ocrx_word' id='word_1_828' title='bbox 3158 4849 3171 4885; x_wconf 92' lang='lat'><strong>:</strong></span> <span class='ocrx_word' id='word_1_829' title='bbox 3221 4843 3274 4887; x_wconf 90' lang='lat' dir='ltr'><strong>et</strong></span> <span class='ocrx_word' id='word_1_830' title='bbox 3308 4847 3417 4885; x_wconf 90' lang='lat' dir='ltr'><strong>non</strong></span> 
     </span>
    </p>
   </div>
   <div class='ocr_carea' id='block_1_113' title="bbox 1862 4911 3415 5007">
    <p class='ocr_par' dir='ltr' id='par_1_113' title="bbox 1862 4911 3415 5007">
     <span class='ocr_line' id='line_1_113' title="bbox 1862 4911 3415 5007; baseline -0.003 -29"><span class='ocrx_word' id='word_1_831' title='bbox 1862 4935 2129 4995; x_wconf 89' lang='lat' dir='ltr'><strong>quatenus</strong></span> <span class='ocrx_word' id='word_1_832' title='bbox 2177 4925 2506 4988; x_wconf 86' lang='lat' dir='ltr'><strong>substantia,</strong></span> <span class='ocrx_word' id='word_1_833' title='bbox 2561 4925 2653 4979; x_wconf 90' lang='lat' dir='ltr'><strong>sed</strong></span> <span class='ocrx_word' id='word_1_834' title='bbox 2692 4932 2964 4993; x_wconf 86' lang='lat' dir='ltr'><strong>quatenus</strong></span> <span class='ocrx_word' id='word_1_835' title='bbox 3004 4923 3129 4978; x_wconf 88' lang='lat' dir='ltr'><strong>talis</strong></span> <span class='ocrx_word' id='word_1_836' title='bbox 3147 4911 3415 5007; x_wconf 59' lang='lat' dir='ltr'><strong>.quatdam</strong></span> 
     </span>
    </p>
   </div>
   <div class='ocr_carea' id='block_1_114' title="bbox 1861 5008 3418 5085">
    <p class='ocr_par' dir='ltr' id='par_1_114' title="bbox 1861 5008 3418 5085">
     <span class='ocr_line' id='line_1_114' title="bbox 1861 5008 3418 5085; baseline -0.006 -14"><span class='ocrx_word' id='word_1_837' title='bbox 1861 5016 2169 5071; x_wconf 86' lang='lat' dir='ltr'><strong>substantia</strong></span> <span class='ocrx_word' id='word_1_838' title='bbox 2201 5023 2286 5070; x_wconf 90' lang='lat' dir='ltr'><strong>est</strong></span> <span class='ocrx_word' id='word_1_839' title='bbox 2315 5034 2328 5069; x_wconf 90' lang='lat'><strong>:</strong></span> <span class='ocrx_word' id='word_1_840' title='bbox 2361 5025 2414 5070; x_wconf 87' lang='lat' dir='ltr'><strong>et</strong></span> <span class='ocrx_word' id='word_1_841' title='bbox 2460 5015 2769 5085; x_wconf 87' lang='lat' dir='ltr'><strong>hypostasis</strong></span> <span class='ocrx_word' id='word_1_842' title='bbox 2801 5013 2868 5068; x_wconf 90' lang='lat' dir='ltr'><strong>ab</strong></span> <span class='ocrx_word' id='word_1_843' title='bbox 2907 5012 3183 5083; x_wconf 73' lang='lat' dir='ltr'><strong>hyposwsi</strong></span> <span class='ocrx_word' id='word_1_844' title='bbox 3217 5008 3418 5074; x_wconf 80' lang='lat' dir='ltr'><strong>diﬂ‘ert,</strong></span> 
     </span>
    </p>
   </div>
   <div class='ocr_carea' id='block_1_115' title="bbox 1859 5101 3422 5178">
    <p class='ocr_par' dir='ltr' id='par_1_115' title="bbox 1859 5101 3422 5178">
     <span class='ocr_line' id='line_1_115' title="bbox 1859 5101 3422 5178; baseline -0.006 -16"><span class='ocrx_word' id='word_1_845' title='bbox 1859 5119 2131 5178; x_wconf 85' lang='lat' dir='ltr'><strong>quatenus</strong></span> <span class='ocrx_word' id='word_1_846' title='bbox 2163 5108 2291 5161; x_wconf 88' lang='lat' dir='ltr'><strong>talis</strong></span> <span class='ocrx_word' id='word_1_847' title='bbox 2323 5107 2570 5177; x_wconf 72' lang='lat' dir='ltr'><strong>quaedam</strong></span> <span class='ocrx_word' id='word_1_848' title='bbox 2608 5105 2962 5160; x_wconf 79' lang='lat' dir='ltr'><strong>subsistentia</strong></span> <span class='ocrx_word' id='word_1_849' title='bbox 3003 5111 3108 5166; x_wconf 90' lang='lat' dir='ltr'><strong>est,</strong></span> <span class='ocrx_word' id='word_1_850' title='bbox 3155 5109 3208 5156; x_wconf 89' lang='lat' dir='ltr'><strong>et</strong></span> <span class='ocrx_word' id='word_1_851' title='bbox 3255 5101 3422 5154; x_wconf 91' lang='lat' dir='ltr'><strong>homo</strong></span> 
     </span>
    </p>
   </div>
   <div class='ocr_carea' id='block_1_116' title="bbox 1862 5191 3421 5266">
    <p class='ocr_par' dir='ltr' id='par_1_116' title="bbox 1862 5191 3421 5266">
     <span class='ocr_line' id='line_1_116' title="bbox 1862 5191 3421 5266; baseline -0.005 -16"><span class='ocrx_word' id='word_1_852' title='bbox 1862 5200 1930 5252; x_wconf 90' lang='lat' dir='ltr'><strong>ab</strong></span> <span class='ocrx_word' id='word_1_853' title='bbox 1988 5199 2208 5252; x_wconf 89' lang='lat' dir='ltr'><strong>homine</strong></span> <span class='ocrx_word' id='word_1_854' title='bbox 2237 5214 2341 5266; x_wconf 83' lang='lat' dir='ltr'><strong>qua</strong></span> <span class='ocrx_word' id='word_1_855' title='bbox 2377 5196 2504 5250; x_wconf 90' lang='lat' dir='ltr'><strong>talis</strong></span> <span class='ocrx_word' id='word_1_856' title='bbox 2563 5196 2781 5264; x_wconf 86' lang='lat' dir='ltr'><strong>quidam</strong></span> <span class='ocrx_word' id='word_1_857' title='bbox 2827 5195 2988 5246; x_wconf 90' lang='lat' dir='ltr'><strong>homo</strong></span> <span class='ocrx_word' id='word_1_858' title='bbox 3025 5202 3149 5246; x_wconf 90' lang='lat' dir='ltr'><strong>est:</strong></span> <span class='ocrx_word' id='word_1_859' title='bbox 3184 5191 3421 5258; x_wconf 88' lang='lat' dir='ltr'><strong>itemque</strong></span> 
     </span>
    </p>
   </div>
   <div class='ocr_carea' id='block_1_117' title="bbox 1864 5283 3426 5357">
    <p class='ocr_par' dir='ltr' id='par_1_117' title="bbox 1864 5283 3426 5357">
     <span class='ocr_line' id='line_1_117' title="bbox 1864 5283 3426 5357; baseline -0.005 -16"><span class='ocrx_word' id='word_1_860' title='bbox 1864 5290 2008 5344; x_wconf 89' lang='lat' dir='ltr'><strong>Deus</strong></span> <span class='ocrx_word' id='word_1_861' title='bbox 2041 5305 2068 5340; x_wconf 92' lang='lat' dir='ltr'><strong>a</strong></span> <span class='ocrx_word' id='word_1_862' title='bbox 2117 5289 2225 5342; x_wconf 89' lang='lat' dir='ltr'><strong>Deo</strong></span> <span class='ocrx_word' id='word_1_863' title='bbox 2255 5299 2525 5357; x_wconf 87' lang='lat' dir='ltr'><strong>quatenus</strong></span> <span class='ocrx_word' id='word_1_864' title='bbox 2561 5287 2684 5340; x_wconf 91' lang='lat' dir='ltr'><strong>talis</strong></span> <span class='ocrx_word' id='word_1_865' title='bbox 2716 5285 2854 5340; x_wconf 89' lang='lat' dir='ltr'><strong>Deus</strong></span> <span class='ocrx_word' id='word_1_866' title='bbox 2881 5303 2893 5338; x_wconf 92' lang='lat'>:</span> <span class='ocrx_word' id='word_1_867' title='bbox 2937 5293 2993 5337; x_wconf 89' lang='lat' dir='ltr'><strong>ut</strong></span> <span class='ocrx_word' id='word_1_868' title='bbox 3031 5297 3160 5336; x_wconf 76' lang='lat' dir='ltr'><strong>vero</strong></span> <span class='ocrx_word' id='word_1_869' title='bbox 3182 5283 3426 5346; x_wconf 70' lang='lat' dir='ltr'><strong>dicatur,</strong></span> 
     </span>
    </p>
   </div>
   <div class='ocr_carea' id='block_1_118' title="bbox 1858 5374 3420 5446">
    <p class='ocr_par' dir='ltr' id='par_1_118' title="bbox 1858 5374 3420 5446">
     <span class='ocr_line' id='line_1_118' title="bbox 1858 5374 3420 5446; baseline -0.004 -13"><span class='ocrx_word' id='word_1_870' title='bbox 1858 5381 1985 5435; x_wconf 90' lang='lat' dir='ltr'><strong>talis</strong></span> <span class='ocrx_word' id='word_1_871' title='bbox 2013 5387 2106 5433; x_wconf 91' lang='lat' dir='ltr'><strong>aut</strong></span> <span class='ocrx_word' id='word_1_872' title='bbox 2135 5381 2281 5439; x_wconf 89' lang='lat' dir='ltr'><strong>talis,</strong></span> <span class='ocrx_word' id='word_1_873' title='bbox 2339 5379 2406 5433; x_wconf 86' lang='lat' dir='ltr'><strong>de</strong></span> <span class='ocrx_word' id='word_1_874' title='bbox 2431 5380 2643 5432; x_wconf 89' lang='lat' dir='ltr'><strong>duobus</strong></span> <span class='ocrx_word' id='word_1_875' title='bbox 2668 5387 2829 5446; x_wconf 82' lang='lat' dir='ltr'><strong>atque</strong></span> <span class='ocrx_word' id='word_1_876' title='bbox 2867 5375 3116 5445; x_wconf 87' lang='lat' dir='ltr'><strong>pluribus</strong></span> <span class='ocrx_word' id='word_1_877' title='bbox 3141 5374 3249 5428; x_wconf 91' lang='lat' dir='ltr'><strong>dici</strong></span> <span class='ocrx_word' id='word_1_878' title='bbox 3283 5389 3420 5427; x_wconf 89' lang='lat' dir='ltr'><strong>con-</strong></span> 
     </span>
    </p>
   </div>
   <div class='ocr_carea' id='block_1_119' title="bbox 1861 5468 3425 5538">
    <p class='ocr_par' dir='ltr' id='par_1_119' title="bbox 1861 5468 3425 5538">
     <span class='ocr_line' id='line_1_119' title="bbox 1861 5468 3425 5538; baseline -0.005 -11"><span class='ocrx_word' id='word_1_879' title='bbox 1861 5475 2040 5527; x_wconf 85' lang='lat' dir='ltr'><strong>suevit</strong></span> <span class='ocrx_word' id='word_1_880' title='bbox 2067 5491 2080 5525; x_wconf 88' lang='lat'><strong>:</strong></span> <span class='ocrx_word' id='word_1_881' title='bbox 2105 5485 2290 5525; x_wconf 87' lang='lat' dir='ltr'><strong>verum</strong></span> <span class='ocrx_word' id='word_1_882' title='bbox 2317 5471 2504 5524; x_wconf 77' lang='lat' dir='ltr'><strong>isthaec</strong></span> <span class='ocrx_word' id='word_1_883' title='bbox 2526 5469 2738 5538; x_wconf 82' lang='lat' dir='ltr'><strong>quidem</strong></span> <span class='ocrx_word' id='word_1_884' title='bbox 2767 5468 2842 5522; x_wconf 91' lang='lat' dir='ltr'><strong>illi</strong></span> <span class='ocrx_word' id='word_1_885' title='bbox 2867 5487 2880 5520; x_wconf 89' lang='lat'><strong>:</strong></span> <span class='ocrx_word' id='word_1_886' title='bbox 2914 5483 3012 5522; x_wconf 88' lang='lat' dir='ltr'><strong>nos</strong></span> <span class='ocrx_word' id='word_1_887' title='bbox 3038 5474 3217 5520; x_wconf 88' lang='lat' dir='ltr'><strong>autem</strong></span> <span class='ocrx_word' id='word_1_888' title='bbox 3248 5474 3425 5520; x_wconf 90' lang='lat' dir='ltr'><strong>osten-</strong></span> 
     </span>
    </p>
   </div>
   <div class='ocr_carea' id='block_1_120' title="bbox 1863 5558 3421 5629">
    <p class='ocr_par' dir='ltr' id='par_1_120' title="bbox 1863 5558 3421 5629">
     <span class='ocr_line' id='line_1_120' title="bbox 1863 5558 3421 5629; baseline -0.006 -11"><span class='ocrx_word' id='word_1_889' title='bbox 1863 5565 2054 5618; x_wconf 89' lang='lat' dir='ltr'><strong>demus</strong></span> <span class='ocrx_word' id='word_1_890' title='bbox 2122 5571 2292 5615; x_wconf 92' lang='lat' dir='ltr'><strong>totum</strong></span> <span class='ocrx_word' id='word_1_891' title='bbox 2359 5561 2500 5615; x_wconf 88' lang='lat' dir='ltr'><strong>istud</strong></span> <span class='ocrx_word' id='word_1_892' title='bbox 2540 5561 2838 5629; x_wconf 83' lang='lat' dir='ltr'><strong>captiosum</strong></span> <span class='ocrx_word' id='word_1_893' title='bbox 2890 5566 2943 5613; x_wconf 90' lang='lat' dir='ltr'><strong>et</strong></span> <span class='ocrx_word' id='word_1_894' title='bbox 2992 5558 3421 5612; x_wconf 89' lang='lat' dir='ltr'><strong>commcntitium</strong></span> 
     </span>
    </p>
   </div>
   <div class='ocr_carea' id='block_1_121' title="bbox 1863 5649 3428 5722">
    <p class='ocr_par' dir='ltr' id='par_1_121' title="bbox 1863 5649 3428 5722">
     <span class='ocr_line' id='line_1_121' title="bbox 1863 5649 3428 5722; baseline -0.005 -14"><span class='ocrx_word' id='word_1_895' title='bbox 1863 5669 1986 5708; x_wconf 86' lang='lat' dir='ltr'><strong>esse</strong></span> <span class='ocrx_word' id='word_1_896' title='bbox 2023 5674 2037 5708; x_wconf 92' lang='lat'><strong>:</strong></span> <span class='ocrx_word' id='word_1_897' title='bbox 2069 5654 2136 5707; x_wconf 92' lang='lat' dir='ltr'><strong>iis</strong></span> <span class='ocrx_word' id='word_1_898' title='bbox 2172 5653 2304 5722; x_wconf 91' lang='lat' dir='ltr'><strong>ipsis</strong></span> <span class='ocrx_word' id='word_1_899' title='bbox 2331 5668 2450 5722; x_wconf 78' lang='lat' dir='ltr'><strong>quae</strong></span> <span class='ocrx_word' id='word_1_900' title='bbox 2490 5652 2633 5704; x_wconf 86' lang='lat' dir='ltr'><strong>dicta</strong></span> <span class='ocrx_word' id='word_1_901' title='bbox 2659 5659 2788 5704; x_wconf 91' lang='lat' dir='ltr'><strong>sunt</strong></span> <span class='ocrx_word' id='word_1_902' title='bbox 2823 5652 2890 5705; x_wconf 88' lang='lat' dir='ltr'><strong>ad</strong></span> <span class='ocrx_word' id='word_1_903' title='bbox 2939 5666 3100 5706; x_wconf 88' lang='lat' dir='ltr'><strong>usum</strong></span> <span class='ocrx_word' id='word_1_904' title='bbox 3140 5649 3428 5714; x_wconf 90' lang='lat' dir='ltr'><strong>adhibitis,</strong></span> 
     </span>
    </p>
   </div>
   <div class='ocr_carea' id='block_1_122' title="bbox 1872 5742 3428 5816">
    <p class='ocr_par' dir='ltr' id='par_1_122' title="bbox 1872 5742 3428 5816">
     <span class='ocr_line' id='line_1_122' title="bbox 1872 5742 3428 5816; baseline -0.005 -14"><span class='ocrx_word' id='word_1_905' title='bbox 1872 5755 1925 5802; x_wconf 89' lang='lat' dir='ltr'><strong>et</strong></span> <span class='ocrx_word' id='word_1_906' title='bbox 1971 5761 2076 5801; x_wconf 91' lang='lat' dir='ltr'><strong>non</strong></span> <span class='ocrx_word' id='word_1_907' title='bbox 2111 5756 2361 5816; x_wconf 89' lang='lat' dir='ltr'><strong>oportere</strong></span> <span class='ocrx_word' id='word_1_908' title='bbox 2409 5744 2568 5799; x_wconf 88' lang='lat' dir='ltr'><strong>talem</strong></span> <span class='ocrx_word' id='word_1_909' title='bbox 2604 5742 2770 5798; x_wconf 88' lang='lat' dir='ltr'><strong>Deum</strong></span> <span class='ocrx_word' id='word_1_910' title='bbox 2817 5754 2870 5798; x_wconf 83' lang='lat' dir='ltr'><strong>et</strong></span> <span class='ocrx_word' id='word_1_911' title='bbox 2909 5745 3088 5809; x_wconf 88' lang='lat' dir='ltr'><strong>talem,</strong></span> <span class='ocrx_word' id='word_1_912' title='bbox 3129 5753 3221 5798; x_wconf 89' lang='lat' dir='ltr'><strong>aut</strong></span> <span class='ocrx_word' id='word_1_913' title='bbox 3260 5744 3428 5797; x_wconf 85' lang='lat' dir='ltr'><strong>talem.</strong></span> 
     </span>
    </p>
   </div>
  </div>
