3920 6496
408 350 511 406 1825

1612 344 1669 399 S.
1709 342 2032 397 GliliGORll
2057 343 2338 398 NYSSENI

3532 337 3634 394 18(-

409 472 676 526 hominem
702 478 862 537 atque
888 468 1048 522 talem
1074 466 1255 522 dicere
1293 466 1616 537 probantes;
1652 480 1839 520 verum
1880 474 1963 517 ta-

2070 466 2199 537 φέρε
2242 469 2433 526 εἰπεῖν,
2483 464 2853 526 κοινωνοῦντος
2894 462 3041 531 αὑτῷ
3093 462 3230 513 κατά
3273 459 3506 527 τοὺνομα
3537 459 3632 512 τοῦ

408 571 510 625 lem
540 569 633 624 Dei
668 583 955 639 personam
987 576 1041 621 et
1075 569 1236 621 talem
1268 566 1676 620 subsistentiam
1707 564 1966 631 hominis;

408 684 531 721 nam
578 669 779 723 multas
827 668 989 720 unius
1048 666 1291 719 hominis
1352 665 1693 733 hypostases,
1752 671 1803 716 et
1862 671 1973 714 tres

408 765 568 819 unius
591 764 680 819 Dei
712 781 975 835 personas
998 766 1122 833 jure
1146 765 1403 818 dicimus.
1441 764 1801 828 Quamobrem
1828 763 1971 830 quod

406 867 513 921 tale
550 865 756 919 dicitur
781 866 1093 919 discernere
1126 866 1238 918 vult
1274 864 1481 933 aliquid
1520 879 1547 916 a
1582 863 1813 932 quodam
1851 880 1971 929 par-

406 960 664 1030 ticipante
682 977 877 1015 nomen
904 961 1033 1015 illud
1059 962 1147 1016 cui
1177 962 1283 1015 tale
1300 961 1430 1030 quid
1464 962 1743 1030 adjicitur.
1764 960 1970 1025 Quem-

408 1060 698 1114 admodum
715 1061 914 1114 animal
938 1061 1041 1115 tale
1063 1061 1297 1115 dicimus
1316 1061 1620 1125 hominem,
1644 1075 1768 1113 cum
1790 1061 1964 1128 ipsum

407 1160 741 1231 distinguere
779 1162 1032 1216 volumus
1092 1162 1159 1214 ab
1209 1176 1372 1229 equo,
1420 1161 1568 1215 verbi
1622 1161 1820 1230 gratia,
1878 1160 1967 1227 qui

407 1276 693 1316 commune
717 1263 931 1331 quidem
964 1276 1157 1315 nomen
1186 1260 1443 1314 animalis
1476 1260 1637 1314 habet
1673 1275 1795 1313 cum
1827 1259 1967 1327 ipso,

410 1361 505 1417 seti
540 1362 607 1415 ab
660 1376 725 1414 eo
772 1362 1127 1431 distinguitur
1172 1376 1267 1429 per
1295 1360 1561 1412 rationale
1617 1367 1670 1411 et
1727 1357 1966 1410 brutum.

411 1459 747 1514 Discernitur
779 1467 958 1513 autem
989 1458 1194 1527 aliquid
1233 1458 1301 1511 ab
1326 1458 1528 1526 aliquo,
1578 1464 1671 1508 aut
1714 1456 1971 1509 substan-

408 1560 505 1622 tia,
554 1570 648 1614 aut
682 1576 937 1629 persona,
976 1569 1069 1613 aut
1108 1561 1344 1613 essentia
1368 1601 1382 1623 ,
1431 1567 1592 1628 atque
1630 1572 1861 1627 persona
1906 1572 1968 1608 ac

409 1652 714 1708 substantia
770 1652 988 1720 quidem
1057 1652 1412 1722 distinguitur
1474 1651 1635 1703 homo
1688 1650 1754 1703 ab
1800 1664 1961 1718 equo,

409 1759 643 1814 persona
682 1760 810 1798 vero
857 1744 1057 1797 Paulus
1102 1759 1131 1796 a
1174 1742 1370 1810 Petro;
1422 1744 1658 1797 essentia
1694 1748 1872 1793 autem
1916 1749 1969 1794 et

408 1835 800 1901 subsistentia,
878 1836 992 1889 haec
1062 1836 1296 1890 hominis
1354 1833 1705 1889 subsistentia
1754 1831 1820 1885 ab
1868 1831 1966 1884 hac

407 1922 530 1993 equi
568 1923 939 1978 subsistentia.
988 1922 1187 1978 Verum
1216 1923 1485 1993 patefacta
1531 1923 1739 1977 ratione
1776 1938 1964 1975 eorum

409 2030 529 2085 qua:
579 2014 878 2068 secundum
935 2014 1365 2074 subsistentiam,
1418 2024 1471 2068 at
1514 2029 1621 2068 non
1664 2013 1963 2069 secundum

407 2107 698 2161 essentiam
756 2106 1053 2159 diﬂ‘erunt:
1098 2105 1384 2159 manifesta
1437 2121 1652 2174 quoque
1695 2104 1784 2158 fiet
1827 2105 1967 2157 ratio

405 2211 594 2251 eorum
620 2211 740 2265 quae
770 2195 1070 2250 secundum
1121 2196 1479 2251 substantiam
1521 2196 1780 2250 distincta
1818 2202 1963 2248 sunt.

405 2286 541 2341 Nam
576 2287 725 2358 quod
762 2296 876 2341 tum
910 2303 974 2341 ea
1017 2302 1135 2355 qua:
1187 2288 1484 2342 secundum
1518 2288 1809 2341 essentiam
1859 2283 1966 2338 dif-

407 2378 589 2435 ferunt
610 2379 730 2431 duae
766 2385 945 2431 tresve
977 2378 1226 2431 essentia:
1265 2376 1534 2441 dicantur,
1584 2386 1696 2430 tum
1743 2392 1804 2430 ea
1848 2389 1967 2443 qua!

407 2468 707 2524 secundum
749 2469 1162 2523 snbsistentiam
1227 2469 1513 2532 dissident,
1560 2470 1745 2525 eodem
1804 2469 1965 2523 modo

408 2561 528 2615 dua:
559 2562 641 2616 vel
669 2569 784 2615 tres
811 2562 1129 2629 hypostases
1159 2561 1533 2624 enuntientur,
1567 2570 1621 2615 et
1653 2561 1755 2630 ipsi
1790 2560 1965 2615 faten-

407 2664 497 2705 tur
533 2660 587 2706 et
622 2668 722 2706 nos
754 2670 768 2704 :
798 2650 1099 2705 diderimus
1140 2658 1318 2705 autem
1351 2651 1404 2704 in
1442 2666 1505 2705 eo
1539 2653 1682 2720 quod
1719 2654 1771 2705 in
1807 2650 1966 2705 Petro

405 2741 624 2811 quidem
654 2749 708 2795 et
749 2739 919 2794 Paulo
946 2740 1096 2793 aiunt
1146 2740 1328 2794 dicere
1372 2748 1625 2809 oportere
1671 2742 1962 2794 homines:

406 2849 505 2888 nos
532 2848 663 2887 vero
686 2848 792 2885 non
821 2833 1038 2902 proprie
1075 2841 1128 2885 et
1168 2829 1467 2885 secundum
1499 2832 1758 2886 rationem
1781 2833 1962 2886 scien-

404 2924 605 2979 tilicam
639 2942 653 2978 :
688 2940 797 2978 una
850 2923 1049 2993 quippe
1102 2923 1241 2975 ratio
1282 2938 1429 2975 nunc
1472 2930 1554 2976 est
1600 2939 1627 2975 a
1691 2928 1965 2981 communi

405 3023 567 3085 atque
607 3016 835 3070 abusivo
892 3032 1017 3069 usu.
1074 3014 1174 3067 Hic
1225 3016 1367 3067 enim
1425 3026 1597 3083 neque
1630 3016 1695 3069 ad
1740 3019 1963 3072 exitium

406 3107 669 3177 alicujus,
701 3123 877 3176 neque
902 3108 969 3161 ad
1000 3108 1441 3161 constitutionem
1473 3110 1630 3162 valet.
1682 3109 1965 3164 Enimvero

406 3198 563 3254 nobis
598 3200 747 3269 prius
790 3200 1074 3267 perspicue
1117 3198 1444 3265 declaretur,
1488 3201 1643 3268 cujus
1678 3202 1753 3253 rei
1801 3217 1964 3256 causa

405 3292 676 3345 hominem
706 3298 758 3344 et
781 3307 980 3360 equum
998 3299 1054 3345 et
1080 3306 1269 3346 canem
1299 3291 1515 3347 diderre
1541 3292 1815 3353 dicamus,
1835 3310 1968 3362 qua-

405 3392 563 3437 tenus
591 3382 713 3435 talis
744 3384 988 3451 quaedam
1027 3384 1354 3449 substantia,
1399 3384 1585 3452 utique
1613 3385 1768 3439 valde
1795 3386 1967 3438 mani-

410 3470 608 3527 festum
635 3481 738 3534 est,
786 3472 928 3541 quod
959 3488 989 3525 a
1031 3488 1092 3527 se
1130 3474 1353 3545 invicer.
1406 3474 1680 3538 ditferunt,
1728 3476 1879 3545 juxta
1904 3493 1966 3531 ea

404 3578 526 3633 qua:
550 3577 802 3631 separare
848 3564 1027 3619 solent
1062 3566 1358 3627 essentias,
1418 3580 1610 3635 nempe
1658 3568 1967 3622 rationabili

404 3660 459 3706 et
485 3653 870 3717 irrationabili,
905 3654 1159 3707 hinnibili
1196 3662 1249 3709 et
1292 3653 1525 3709 latrabili
1552 3699 1565 3722 ,
1622 3667 1675 3709 et
1711 3658 1756 3711 si
1784 3659 1964 3727 aliqua

405 3743 718 3813 hujusmodi
747 3745 815 3798 sit
850 3745 1177 3801 differentia.
1218 3744 1351 3798 Nam
1380 3746 1561 3800 dicere
1606 3749 1964 3803 substantiam

407 3838 596 3901 talem,
655 3837 790 3891 nihil
831 3838 976 3893 aliud
1012 3846 1095 3893 est
1147 3838 1329 3893 dicere
1372 3855 1533 3908 quam
1587 3842 1963 3896 exsistentiam

404 3927 532 3982 vitae
579 3916 900 3999 participem
938 3929 1003 3983 ad
1058 3929 1456 3984 distinctionem
1491 3931 1657 3995 illius,
1705 3948 1824 4000 qua:
1855 3948 1963 3985 non

402 4028 489 4075 est
519 4019 824 4089 ejusmodi;
858 4020 967 4083 vel,
999 4021 1375 4075 exsistentiam
1408 4036 1527 4091 quae
1566 4031 1695 4074 nata
1732 4030 1816 4076 est
1839 4030 1965 4092 apta

404 4110 473 4165 ad
502 4111 963 4173 ratiocinandum,
1011 4120 1071 4165 ut
1094 4112 1435 4165 discernatur
1461 4111 1529 4163 ab
1555 4127 1615 4164 ea
1656 4127 1776 4180 qua:
1808 4113 1966 4166 bruta

407 4212 597 4258 natura
630 4202 852 4273 praedita
873 4212 955 4257 est
982 4222 995 4257 :
1018 4215 1110 4257 aut
1136 4204 1513 4258 exsistentiam
1564 4219 1683 4273 quae
1706 4204 1966 4275 insignita

403 4302 488 4349 est
520 4302 647 4347 nota
680 4294 982 4348 babilitatis
1011 4294 1077 4346 ad
1116 4294 1504 4361 hinniendum;
1541 4304 1594 4349 et
1624 4296 1669 4349 si
1701 4297 1828 4364 quid
1860 4297 1968 4351 tale

404 4390 677 4439 occurrat.
725 4383 937 4439 Etenim
992 4386 1114 4440 loco
1168 4386 1478 4455 hujusmodi
1532 4386 1964 4441 diﬂ'erentiarum

2071 557 2209 621 ζώου
2237 575 2249 587 ·
2286 558 2630 628 διαφέροντος
2663 557 2718 609 δὲ
2742 556 2817 626 τῷ
2839 554 3038 624 λογικῷ
3065 554 3157 606 καὶ
3182 552 3259 621 τῷ
3292 554 3488 622 ἀλόγῳ.
3516 554 3638 607 Δια-

2070 648 2311 718 κρίνεται
2368 649 2425 700 δέ
2474 649 2524 700 τί
2557 665 2719 710 τινος,
2750 647 2782 717 ἢ
2819 646 2996 707 οὑσία,
3022 645 3054 715 ἢ
3084 642 3444 710 ὑπόστασις,ἦ
3478 641 3636 712 οὐσία

2070 738 2163 790 καὶ
2186 739 2493 791 ὑποστάσει·
2524 738 2615 790 καὶ
2632 737 2786 804 οὑσίᾳ
2818 736 2913 805 μὲν
2935 734 3284 803 διακρίνεται,
3303 734 3331 785 ὁ
3352 732 3445 784 ἄνθ
3457 748 3637 802 ρωπος

2069 830 2160 881 τοῦ
2196 830 2391 881 ἵππου·
2420 828 2711 880 ὑποστάσει
2748 827 2802 878 δὲ
2855 826 3082 887 Παῦλος,
3112 825 3338 895 Πέτρου.
3379 822 3547 892 Οὑσίᾳ
3578 821 3635 873 δὲ

2069 920 2163 972 καὶ
2215 918 2534 980 ὑποστάσει,
2584 917 2676 986 ἥδε
2717 916 2860 969 ἐστὶν
2893 917 2926 985 ἠ
2960 914 3251 975 ὑπόστασις
3298 912 3390 965 τοῦ
3428 910 3638 981 ἀνθρώ-

2070 1028 2193 1073 που,
2227 1008 2385 1077 τῆσδε
2412 1009 2757 1068 ὑποστάσεως
2794 1006 2885 1058 τοῦ
2925 1007 3111 1057 ἵππου.
3174 1004 3331 1056 Ἀλλὰ
3374 1019 3639 1074 φανερού-

2073 1100 2236 1168 μένου
2277 1100 2369 1151 τοῦ
2428 1099 2583 1163 λόγου
2639 1100 2744 1150 τῶν
2798 1100 2913 1150 κατ’
2957 1097 3137 1149 οὐσίαν
3169 1096 3371 1160 ἁπλῶς,
3408 1094 3644 1147 καὶτῶν

2071 1191 2187 1242 καθ’
2217 1192 2509 1244 ὑπόστασιν
2532 1190 2625 1243 καὶ
2646 1192 2705 1242 οὑ
2731 1191 2846 1241 κατ’
2874 1191 3061 1241 οὑσίαν
3094 1188 3472 1258 διαφερόντων,
3503 1186 3639 1257 πρό-

2068 1282 2223 1350 δηλος
2250 1282 2397 1335 ἔσται
2426 1285 2517 1335 καὶ
2544 1285 2572 1336 ὁ
2604 1283 2753 1352 παρὰ
2782 1282 2888 1333 τῶν
2924 1284 3042 1335 κατ’
3068 1281 3255 1334 οὑσίαν
3289 1281 3641 1351 διακεκριμέ-

2069 1390 2174 1424 νων
2205 1373 2375 1439 λόγος.
2416 1375 2535 1425 Ὂτι
2567 1373 2663 1442 μὲν
2698 1372 2805 1442 γὰρ
2828 1372 2919 1424 καὶ
2952 1372 3021 1424 τὰ
3060 1371 3378 1441 διαφέροντα
3404 1371 3520 1423 κατ’
3547 1370 3640 1422 οὑ-

2072 1466 2210 1525 σέαν,
2240 1465 2481 1531 λέγονται
2509 1464 2651 1536 δύοῆ
2691 1467 2839 1534 τρεῖς
2862 1464 3038 1517 οὐσίαι
3063 1481 3075 1495 ·
3103 1464 3196 1516 καὶ
3222 1463 3290 1515 τὰ
3312 1462 3639 1530 διαφέροντα

2070 1557 2189 1608 καθ’
2240 1558 2554 1619 ὑπόστασιν,
2616 1556 2875 1619 ὡσαύτως
2928 1556 3172 1623 λέγονται
3222 1555 3314 1607 δύο
3362 1556 3454 1607 καὶ
3486 1557 3640 1625 τρεῖς

2072 1648 2413 1711 ὑποστάσεις,
2442 1648 2755 1717 ὁμολογοῦσι
2789 1650 2879 1700 καὶ
2918 1648 3089 1709 αὑτοὶ,
3118 1647 3209 1699 καὶ
3233 1648 3409 1717 ἡμεῖς.
3436 1649 3636 1715 Διαφε-

2074 1738 2275 1808 ρόμεθα
2299 1741 2374 1801 δὲ,
2400 1741 2479 1792 ὅτι
2509 1742 2599 1791 ἐπὶ
2626 1740 2722 1810 μὲν
2754 1739 2959 1809 Πέτρου
2994 1739 3086 1791 καὶ
3126 1737 3335 1790 Παύλου
3368 1738 3497 1806 φασὶ
3525 1737 3642 1789 δεῖν

2004 1810 2041 1863 Β
2070 1832 2243 1899 λέγειν
2302 1831 2635 1901 ἀνθρώπους.
2686 1832 2876 1901 Ἡμεῖς
2930 1830 2985 1883 δὲ
3020 1830 3081 1882 οὑ
3126 1830 3325 1901 κυρίως
3365 1828 3637 1882 καὶκατὰ

2067 1922 2157 1975 τὸν
2178 1924 2589 1993 ἐπιστημονικὸν
2605 1923 2777 1990 λόγον.
2809 1923 2939 1976 Οὑδὲ
2960 1917 3038 1985 εἷς
3059 1921 3166 1992 γὰρ
3188 1921 3339 1990 λόγος
3367 1922 3459 1974 νῦν
3486 1921 3636 1989 παρὰ

2069 2014 2250 2081 κοινῆς
2296 2031 2353 2065 τε
2412 2013 2503 2065 καὶ
2559 2012 2995 2083 καταχρηστικῆς
3036 2014 3300 2083 χρήσεως.
3341 2011 3485 2080 Αὕτη
3524 2009 3634 2080 γὰρ

2066 2105 2185 2157 οὑδὲ
2218 2104 2351 2174 πρὸς
2382 2104 2657 2172 ἀναίρεσίν
2688 2121 2827 2167 τινος
2856 2102 2974 2155 οὔτε
3006 2103 3142 2172 πρὸς
3166 2103 3418 2155 σύστασιν
3441 2102 3632 2171 ἰσχύει.

2069 2196 2450 2266 Σαφηνιζέσθω
2486 2195 2768 2265 τοιγαροῦν
2793 2195 3055 2265 πρότερον
3078 2198 3210 2265 ἡμῖν
3231 2194 3320 2247 τὸν
3352 2195 3661 2265 ἄνθρωπον

2068 2290 2159 2342 καὶ
2190 2290 2279 2341 τὸν
2311 2290 2494 2349 ἵππον,
2524 2289 2555 2360 ἢ
2592 2288 2679 2340 τὸν
2708 2288 2871 2340 ἵππον
2904 2288 2998 2340 καὶ
3025 2286 3114 2339 τὸν
3143 2286 3277 2340 κύνα
3301 2288 3442 2349 τίνος
3476 2286 3638 2356 χάριν

2066 2381 2341 2451 διαφέρειν
2368 2380 2616 2449 λέγομεν,
2638 2379 2772 2431 καθὸ
2792 2379 2966 2432 τοιάδε
2992 2378 3167 2431 οὐσία*
3198 2378 3231 2448 ἦ
3256 2378 3636 2448 πρόδηλον,ὅτι

2067 2474 2186 2525 ἐπεὶ
2228 2471 2571 2541 διαφέρουσιν
2621 2470 2861 2542 ἀλλήλων
2899 2470 3036 2523 κατὰ
3066 2470 3132 2523 τά
3174 2470 3425 2540 χωρίζειν
3448 2471 3636 2534 οὑσίας

2068 2564 2321 2617 εἰωθόταο
2349 2559 2459 2616 οἷον
2488 2564 2688 2633 λογικῷ
2716 2564 2808 2617 καὶ
2836 2562 3034 2633 ἀλόγῳ,
3072 2562 3483 2632 χρεμετιστικῷ,
3512 2563 3637 2614 ὑλα·

2067 2656 2269 2725 κτικῷθ
2326 2657 2417 2708 καὶ
2466 2655 2519 2707 εἴ
2553 2673 2658 2708 τινι
2695 2654 2957 2725 τοιούτῳ(
2986 2654 3059 2706 Τὸ
3108 2653 3217 2725 γάρ
3242 2654 3419 2722 λέγειν
3446 2654 3635 2706 οὑσξαν

2065 2744 2293 2805 τοιάνδε,
2327 2743 2475 2796 οὐδὲν
2507 2743 2691 2812 ἕτερον
2730 2741 2981 2810 λέγομεν,
3008 2741 3040 2811 ἢ
3071 2740 3297 2812 ὓπαρξιν
3321 2741 3465 2809 ζωῆς
3500 2758 3635 2811 μετ-

2067 2834 2293 2904 έχουσαν
2321 2834 2455 2905 πρὸς
2472 2833 2874 2903 ἀντιδιαστολὴν
2893 2835 2991 2903 τῆς
3014 2832 3087 2902 μὴ
3107 2834 3380 2902 τοιαύτης,
3403 2832 3435 2901 ἢ
3464 2832 3637 2903 ῦπαρ-

2069 2928 2147 2991 ξιν
2180 2928 2484 2995 λογίζεσθαι
2516 2930 2836 2994 πεφυκυῖαν,
2895 2926 3030 2997 πρὸς
3060 2927 3328 2996 διάκρισιν
3366 2928 3462 2996 τῆς
3504 2927 3633 2979 ἁλο-

2067 3021 2160 3089 γίᾳ
2181 3017 2539 3090 διαφερούσης
2559 3034 2571 3047 ·
2605 3019 2636 3085 ἢ
2668 3016 2919 3086 ὓπαρξιν,
2950 3017 3007 3069 τὸ
3040 3017 3447 3087 χρεμετιστικὸν
3475 3018 3633 3086 ἔχου-

1993 3143 2035 3199 c
2071 3128 2168 3165 σαν
2220 3111 2728 3182 χαρακτηριστικὸν,
2765 3110 2858 3160 καὶ
2889 3109 2941 3160 εἴ
2967 3125 3017 3161 τι
3044 3107 3300 3161 τοιοῦτον.
3348 3109 3489 3161 Ἀντὶ
3521 3110 3635 3179 γὰρ

2066 3202 2316 3255 τοιούτων
2341 3200 2613 3272 διαφορῶν
2653 3202 2744 3253 καὶ
2770 3202 2935 3265 ἰδίων,
2965 3200 3277 3269 προτίθεται
3396 3200 3569 3271 οὑσίᾳ,
3595 3203 3630 3271 ἢ

2067 3293 2159 3345 καὶ
2192 3292 2350 3342 παντὶ
2381 3290 2546 3357 γένει,
2578 3289 2712 3359 πρὸς
2747 3290 3015 3359 διάκρισιν
3050 3289 3155 3340 τῶν
3195 3289 3287 3341 ὑπ’
3319 3288 3447 3341 αὑτὸ
3474 3290 3634 3341 εἰδῶν

2064 3381 2125 3433 τὸ
2145 3379 2412 3450 τοιόνδε,ῆ
2442 3378 2640 3431 τοιόνδε
2666 3378 2804 3441 ζῶον
2828 3379 2948 3432 ἀντὶ
2972 3378 3068 3431 τοῦ
3099 3378 3328 3447 λογικὸν.
3350 3379 3381 3449 ἦ
3416 3378 3630 3447 ἄλογον.

2066 3474 2174 3525 Καὶ
2204 3472 2363 3525 πάλιν
2414 3470 2641 3539 λέγομεν
2660 3512 2674 3530 ,
2702 3471 2956 3540 Διαφέρει
3002 3471 3203 3542 Πέτρος
3234 3470 3465 3534 Παύλου,
3495 3470 3637 3523 καθὸ

2064 3564 2239 3617 τοιάδε
2274 3563 2568 3624 ὑπόστασις
2620 3562 2832 3631 ἑκάστῳ
2864 3561 3074 3613 αὑτῶν·
3110 3562 3229 3613 ἐπεὶ
3283 3561 3634 3632 διαφέρουσιν

2065 3654 2302 3723 ἀλλήλων
2350 3654 2488 3705 κατά
2535 3669 2657 3704 τινα
2710 3651 2815 3704 τῶν
2858 3651 3154 3704 ὑπόστασιν
3185 3652 3279 3704 καὶ
3315 3654 3414 3705 οὑκ
3442 3652 3637 3705 οὐσίαν

2068 3746 2316 3814 συνιστᾷν
2346 3743 2663 3812 πεφυκότων
2684 3757 2697 3770 ’
2725 3738 2834 3795 οἷον
2860 3742 3261 3814 φαλακρότητα,
3292 3744 3631 3814 μακρότητα,

2066 3835 2398 3905 πατρότητα,
2452 3833 2703 3901 υἱότητα·
2743 3834 2838 3885 καὶ
2880 3832 2933 3884 εῐ
2956 3850 3007 3885 τι
3039 3832 3295 3886 τοιοῦτον.
3335 3833 3633 3905 Πρόδηλον,

2064 3927 2171 3997 γάρ
2199 3926 2273 3989 ὡς
2304 3926 2365 3979 οὑ
2402 3923 2595 3977 ταύτὸν
2618 3919 2757 3987 εἶδος
2785 3925 2876 3977 καὶ
2899 3924 3097 3994 ἄτομον
3118 3942 3131 3955 ’
3163 3925 3318 3979 τοῦτο
3347 3927 3502 3981 οὑσία
3533 3928 3634 3980 καὶ

2066 4019 2359 4080 ὑπόστασις
2383 4034 2396 4047 ·
2430 4018 2464 4088 ἡ
2498 4016 2603 4089 γάρ
2634 4016 2931 4077 ὑπόστασις
2957 4015 3117 4080 εὐθὺς
3150 4018 3248 4087 τὴν
3276 4019 3512 4072 διάνοιαν
3532 4019 3632 4073 τοῦ

2065 4110 2411 4180 ἀκροωμένου
2436 4110 2671 4177 παράγει
2690 4106 2826 4177 πρὸς
2840 4107 2901 4159 τὸ
2917 4106 3145 4177 ζητῆσαι
3167 4107 3347 4177 οὐλὴν,
3373 4108 3631 4175 γλαυκὸν,

2067 4199 2300 4270 πατέρα,
2328 4198 2442 4250 υἱὸν
2473 4238 2487 4260 ,
2523 4197 2617 4249 καὶ.
2641 4196 2759 4248 εἴτι
2783 4196 2985 4265 ὅμοιον.
3015 4196 3171 4265 Λέγω
3202 4197 3258 4250 δὲ
3292 4195 3446 4262 εἶδος,
3475 4216 3637 4251 τουτο

2067 4290 2212 4342 ἐστιν
2238 4291 2424 4343 οὑσίαν
2479 4289 2614 4359 πρὸς
2648 4289 2708 4340 τὸ
2733 4289 2932 4357 γνῶναι
2963 4290 3198 4359 δηλονότι
3232 4291 3366 4355 ζῶον
3390 4292 3633 4360 λογικὸν,

2068 4381 2277 4451 θνητὸν,
2297 4380 2386 4434 νοῦ
2416 4382 2507 4433 καὶ
2524 4382 2829 4451 ἐπιστήμης
2844 4381 3107 4441 δεκτικὸν,
3132 4382 3267 4446 ζῶον
3290 4383 3361 4453 μὴ
3392 4384 3633 4452 λογικὸν,

404 4484 458 4531 et
499 4476 844 4545 propriorum
902 4477 1046 4540 loco,
1107 4478 1437 4546 pracponitur
1487 4478 1826 4539 substantiae,
1873 4486 1965 4530 aut

2070 4473 2277 4543 θνητὸν,
2305 4473 2731 4543 χρεμετιστικὸν,
2763 4473 2854 4525 καὶ
2879 4473 2947 4525 τά
2967 4474 3188 4527 τοιαῦτα
3213 4492 3227 4507 ο
3253 4478 3301 4527 ει
3327 4476 3382 4529 δὲ
3406 4476 3477 4548 μὴ
3506 4478 3643 4530 ταὺα

402 4566 564 4619 etiam
607 4565 782 4619 cuivis
835 4566 1046 4635 generi,
1094 4566 1159 4619 ad
1212 4567 1619 4621 distinctionem
1658 4568 1963 4637 specierum

403 4658 506 4727 ipsi
551 4658 941 4727 subjectarum,
988 4674 1181 4728 nempe
1236 4660 1501 4726 ejusmodi
1526 4670 1618 4712 aut
1665 4661 1768 4713 tale
1820 4660 1964 4728 quod

404 4749 624 4812 animal,
675 4764 774 4818 pro
825 4750 1160 4814 rationabili,
1215 4751 1297 4802 vel
1335 4751 1561 4804 rationis
1594 4759 1839 4820 experte.
1889 4750 1965 4803 Ae

404 4856 596 4896 rursus
625 4841 877 4903 dicimus,
932 4840 1129 4896 Petrus
1162 4841 1341 4895 differt
1389 4857 1419 4895 a
1460 4842 1648 4904 Paulo,
1693 4851 1962 4911 quatenus

404 4933 529 4988 talis
548 4933 794 5003 quaedam
824 4932 1135 5003 hypostasis
1162 4948 1349 4987 eorum
1372 4935 1567 5001 cuique
1589 4942 1691 4995 est,
1719 4934 1963 5002 quando-

402 5023 621 5092 quidem
653 5022 910 5077 diﬂ‘erunt
934 5038 963 5075 a
997 5038 1056 5077 se
1082 5023 1336 5089 invicem,
1385 5025 1682 5077 secundum
1714 5024 1957 5091 quaedam

2070 4566 2160 4618 τὸν
2187 4566 2341 4619 οὑσία
2396 4567 2487 4618 καὶ
2545 4566 2763 4635 ἄτομον,
2804 4565 2941 4634 ὅπερ
2982 4566 3128 4618 ἐστὶν
3160 4567 3478 4631 ὑπόστασις’
3507 4570 3633 4622 οὐδὲ

2070 4656 2240 4708 ταὺτὰ
2263 4656 2331 4707 τά
2362 4655 2831 4725 χαρακτηρίζοντα
2862 4655 3065 4725 ταύτην
3087 4674 3144 4709 τε
3172 4659 3449 4729 κάκείνην.
3486 4660 3546 4712 ΕΞ
3567 4661 3634 4714 δὲ

2072 4744 2484 4814 κα¹ι⁶ταύτηνοὺ
2504 4747 2685 4807 ταύτὰ,
2713 4747 2829 4798 οὑδὲ
2858 4750 2968 4809 τοῖς
3003 4748 3183 4811 αὑτοῖς
3216 4749 3438 4819 ὀνόμασι
3466 4750 3630 4804 δυνα-

2071 4837 2162 4889 τὸν
2198 4836 2554 4889 συνάπτεσθαι
2576 4853 2589 4866 °
2628 4836 2760 4889 ἀλλὰ
2793 4838 2860 4890 τὰ
2891 4838 3009 4905 μὲν,
3047 4841 3156 4900 τοῖς
3198 4841 3317 4891 κατ’
3351 4841 3556 4902 οὑσῐαν,
3590 4845 3629 4913 ἢ

2067 4928 2254 4990 οὐσίας
2291 4928 2562 4997 κειμένοις
2588 4944 2600 4958 ·
2625 4927 2693 4980 τὰ
2718 4928 2810 4993 δὲ,
2846 4931 2955 4991 τοῖς
2992 4929 3130 4981 κατὰ
3157 4931 3356 4999 ἄτομον
3398 4930 3627 5002 λεγομέ-

2067 5039 2195 5083 νοις.

402 5131 591 5172 eorum
617 5132 739 5187 qua:
767 5117 1128 5186 hypostasim,
1158 5128 1211 5172 et
1238 5133 1345 5172 non
1377 5119 1807 5181 subsistentiam,
1846 5118 2180 5172 constituere
2215 5115 2427 5170 solent:
2494 5117 2801 5185 cujusmodi
2868 5128 2995 5173 sunt
3064 5121 3330 5186 calvities,
3396 5128 3630 5183 statura,

404 5213 720 5280 paternitas,
754 5212 969 5275 ﬁliatio.
1015 5221 1068 5266 et
1118 5214 1160 5267 si
1195 5213 1339 5282 quod
1389 5214 1493 5268 tale
1528 5221 1631 5268 est.
1663 5212 1796 5266 Nam
1837 5214 2184 5282 perspicuum
2209 5219 2311 5274 est,
2340 5226 2447 5265 non
2481 5211 2620 5265 idem
2653 5228 2775 5267 esse
2837 5214 3071 5283 speciem
3137 5222 3191 5269 et
3263 5214 3631 5274 individuum,

403 5302 652 5373 idemque
731 5304 1091 5359 substantiam
1165 5316 1215 5359 et
1233 5306 1613 5376 bypostasim:
1680 5305 2031 5359 subsistentia
2070 5305 2210 5357 enim
2262 5303 2447 5357 statim
2494 5304 2770 5359 audientis
2813 5314 3046 5359 mentem
3084 5305 3346 5361 transfert
3381 5306 3447 5359 ad
3478 5323 3631 5375 quae-

403 5398 627 5451 rendum
682 5399 943 5467 crispum,
996 5400 1238 5463 caasium,
1321 5409 1550 5468 patrem,
1610 5400 1799 5462 ﬁlium,
1840 5416 1905 5453 ac
1959 5401 2003 5453 si
2045 5400 2171 5468 quid
2209 5400 2403 5453 simile.
2471 5398 2599 5454 Dico
2632 5416 2761 5454 vero
2801 5402 3057 5469 speciem,
3112 5418 3305 5472 nempe
3376 5406 3633 5457 substan-

400 5492 528 5547 tiam
564 5494 629 5547 ad
658 5493 1096 5563 cognoscendum
1132 5494 1329 5547 animal
1354 5495 1695 5556 rationabile,
1725 5495 1982 5558 mortale,
2023 5494 2221 5548 mentis
2241 5501 2293 5546 et
2321 5494 2565 5548 scientia:
2597 5509 2790 5563 capax,
2823 5502 2876 5547 et
2905 5494 3105 5548 animal
3144 5497 3374 5551 rationis
3408 5513 3626 5561 expers,

399 5585 648 5649 mortale,
701 5586 982 5651 hinnibile,
1008 5597 1061 5643 et
1094 5596 1285 5643 caetera
1316 5586 1606 5656 ejusmodi.
1682 5587 1851 5643 Porro
1894 5604 2000 5641 non
2076 5587 2215 5640 idem
2242 5596 2366 5641 sunt
2416 5588 2751 5643 substantiae.
2778 5597 2832 5665 et
2862 5587 3219 5653 individuum,
3248 5589 3391 5660 quod
3416 5601 3501 5645 est
3528 5590 3631 5660 hy-

400 5680 678 5748 postasis;
724 5697 901 5753 neque
934 5684 1123 5739 eadem
1153 5700 1272 5755 quze
1301 5684 1610 5755 designant,
1662 5700 1724 5739 ac
1766 5692 1957 5740 notant
1996 5678 2217 5739 banc-et
2254 5684 2416 5737 illam.
2452 5684 2604 5748 Quod
2638 5684 2681 5738 si
2712 5684 2827 5738 haec
2856 5684 3039 5739 eadem
3076 5700 3183 5739 non
3251 5693 3397 5748 sunt,
3452 5699 3633 5754 neque
