3920 6468
467 315 570 374 187

1759 311 1816 366 S.
1859 309 2185 366 GREGORII
2221 310 2507 366 NYSSENI

1377 624 1604 711 ΤΟΥ
1674 618 2046 710 ΑΥΤΟΥ
2093 624 2731 709 ΡΡΗΡΘΡΙΟΥ

1575 815 1930 931 ΠΕΡΙ
1969 814 2081 926 Ψ
2088 815 2526 928 ΥΧΗΣ.

1235 1010 1510 1104 (Αἰακίς
1627 1010 1724 1118 of
1824 1010 2058 1092 NeM

2118 1025 2306 1096 τιςκο
2340 1020 2384 1094 S
2512 992 2630 1125 εξ
2684 982 2778 1082 ξ
2811 1037 3015 1101 me;
3056 1032 3106 1100 ει,

1234 1195 1874 1291 EJUSDEM
1986 1195 2080 1284 S.
2160 1189 2852 1284 GREGORII

1551 1535 1572 1554 .
1639 1413 1818 1525 DE
1906 1411 2402 1525 ANIMA.

1263 1636 1544 1705 Interprete
1576 1634 1695 1690 eod.
1725 1633 1910 1688 Feder.
1932 1631 2157 1685 Morello
2183 1634 2428 1702 I’rofess.
2461 1634 2584 1705 Reg.
2613 1635 2839 1690 Decano.

945 1947 1177 2008 SEN-10
1212 1945 1468 2002 PRIMUS
1491 1959 1538 1999 α.

524 2070 801 2127 Dissident
823 2067 936 2123 fere
967 2065 1180 2136 antiqui
1207 2078 1396 2118 omnes
1434 2061 1504 2115 de
1535 2059 1731 2112 anima:
1753 2059 1804 2111 vi
1826 2066 1879 2112 et
1914 2073 2012 2110 na-

455 2173 597 2220 tura.
633 2159 974 2216 Democritus
990 2158 1134 2212 enim
1168 2164 1219 2209 et
1256 2154 1543 2222 Epicurus,
1580 2157 1633 2203 et
1654 2149 1829 2203 omnis
1858 2148 2010 2200 Stoi-

453 2271 645 2312 corum
685 2251 1130 2323 philosophorum
1161 2255 1356 2306 coetus,
1398 2245 1632 2297 animam
1657 2257 1856 2310 corpus
1891 2255 2012 2294 esse

455 2352 792 2403 asseverant.
841 2352 896 2395 et
944 2341 1019 2392 illi
1073 2340 1175 2407 ipsi
1213 2339 1304 2405 qni
1340 2348 1540 2403 corpus
1592 2341 1848 2386 asserunt
1889 2344 2010 2383 esse

453 2437 716 2497 animam,
747 2433 814 2487 de
849 2429 1085 2484 essentia
1130 2427 1304 2495 ipsius
1337 2423 1622 2477 dissident.
1659 2419 1792 2473 Nam
1842 2418 2010 2472 Stoici

452 2541 572 2580 eam
606 2525 858 2594 spiritum
890 2535 1014 2576 esse
1065 2518 1204 2588 ignei
1234 2515 1438 2586 vigoris
1477 2521 1531 2567 et
1584 2511 1807 2565 numine
1860 2509 2013 2562 allla-

452 2624 564 2670 tum
599 2614 807 2668 dicunt.
833 2611 1034 2664 Critias
1070 2616 1246 2661 autem
1277 2607 1617 2674 sanguinem,
1652 2601 1864 2672 "ippon
1889 2603 2012 2671 phi-

452 2707 710 2775 losophus
750 2718 982 2772 aquam;
1017 2701 1354 2755 Democritus
1409 2698 1630 2766 ignem;
1687 2694 1882 2748 atenim
1948 2696 2011 2746 li-

452 2811 616 2865 guras
681 2794 1015 2848 orbiculatas
1076 2797 1417 2852 atomorum,
1480 2786 1655 2854 ignem
1702 2792 1755 2837 et
1811 2797 2011 2846 aerem,

451 2885 785 2951 compositas
816 2883 890 2935 ait
940 2881 1176 2934 animam
1217 2877 1492 2947 perlicere.
1532 2873 1843 2928 Heraclitus
1889 2874 2012 2926 uni-

455 2976 594 3030 versi
627 2975 844 3044 quidem
889 2973 1128 3026 animam
1173 2982 1428 3036 vaporem
1475 2982 1537 3020 ex
1592 2965 1834 3018 humidis
1876 2980 2000 3017 esse

452 3071 677 3130 censet;
708 3062 944 3116 animam
967 3073 1116 3120 vero,
1164 3073 1282 3126 quae
1337 3056 1390 3110 in
1433 3055 1803 3108 animantibus
1847 3054 2010 3116 inest,

453 3151 936 3226 evaporationibus
964 3148 1229 3209 externis.
1277 3155 1330 3202 et
1359 3162 1424 3202 ea
1456 3161 1576 3215 quae
1605 3145 1659 3198 in
1691 3145 1810 3214 ipsa
1847 3145 2014 3197 insita

2041 1925 2088 1981 Α

2731 1943 2948 1996 ΛυΓΟΣ
2983 1947 3059 2000 A'.

2183 2052 2536 2118 Διαφωνεῖται
2565 2051 2748 2121 σχεδὸν
2769 2053 2940 2108 ἆπασι
2966 2058 3076 2118 τοῖς
3104 2057 3346 2120 παλαιοῖς
3372 2061 3398 2110 ὁ
3428 2059 3554 2130 περὶ
3579 2061 3681 2131 τῆς

2111 2142 2285 2211 ψυχῆς
2309 2141 2482 2208 λόγος.
2536 2144 2870 2212 Δημόκριτος
2907 2145 3003 2210 μὲν
3045 2144 3150 2213 γὰρ
3202 2146 3295 2196 καὶ
3337 2145 3677 2216 Ἐπίκουρος,

2113 2234 2206 2285 καὶ
2240 2233 2346 2285 πᾶν
2374 2232 2434 2284 τὸ
2459 2230 2566 2284 τῶν
2600 2232 2841 2285 στωῖκῶν
2876 2233 3179 2302 φιλοσόφων
3216 2233 3484 2304 σύστημα,
3519 2236 3680 2305 σῶμα

2111 2323 2210 2392 τὴν
2239 2322 2411 2391 ψυχὴν
2441 2322 2826 2390 ἀποφαίνονται
2847 2339 2860 2351 ⁶
2897 2324 2991 2376 καὶ
3017 2324 3167 2376 αὐτοὶ
3187 2323 3241 2376 δὲ
3269 2316 3414 2376 οῦτοι
3434 2328 3481 2378 οἱ
3518 2326 3682 2395 σῶμα.

2110 2413 2208 2482 τὴν
2241 2412 2416 2482 ψυχὴν
2458 2413 2899 2484 ἀποφαινόμενοι,
2940 2414 3282 2485 διαφέρονται
3318 2420 3446 2487 περὶ
3473 2422 3570 2490 τῆς
3589 2421 3682 2472 οὖ·-

2113 2507 2233 2568 σὶας
2294 2507 2479 2576 αὐτῆς.
2532 2509 2594 2560 Οἱ
2636 2507 2731 2577 μὲν
2763 2508 2868 2578 γὰρ
2890 2507 3131 2570 Στωϊκοὶ,
3169 2509 3382 2580 πνεῦμα
3433 2511 3681 2579 λέγουσιν

2111 2600 2278 2670 αὐτὴν
2324 2600 2582 2672 ἔνθερμον
2633 2601 2724 2653 καὶ
2780 2601 3057 2671 διάπυρον·
3115 2603 3340 2673 Κριτίας
3391 2604 3446 2656 δὲ
3498 2601 3676 2675 αἷμαο

2113 2693 2320 2746 Ἵππων
2349 2695 2404 2747 δὲ
2441 2695 2468 2746 ό
2495 2693 2779 2764 φιλόσοφος
2836 2694 2975 2764 ὕδωρ
3003 2712 3016 2726 ·
3068 2695 3401 2765 Δημόκριτος
3433 2697 3487 2749 δὲ
3533 2698 3678 2769 πῦρ·

2111 2784 2178 2835 τὰ
2206 2783 2313 2854 γὰρ
2341 2783 2651 2854 σφαιροειδῆ
2698 2785 2952 2852 σχήματα
2992 2784 3098 2835 τῶν
3140 2785 3353 2854 ἀτόμων
3389 2787 3681 2856 συγκρινόο

2115 2891 2271 2943 μενα,
2298 2873 2406 2943 πῦρ
2438 2890 2497 2924 τε
2529 2873 2621 2925 καὶ
2657 2872 2782 2942 ἀὴρ,
2805 2872 2982 2943 ψυχὴν
3004 2874 3302 2927 ἀποτελεῖν.
3328 2875 3682 2944 Ἡράκλειτος

2111 2966 2168 3018 δὲ
2196 2965 2294 3036 τὴν
2328 2965 2423 3035 μὲν
2467 2963 2561 3016 τοῦ
2615 2964 2810 3026 παντὸς
2851 2964 3048 3034 ψυχὴν,
3077 2967 3436 3036 ἀναθυμίασιν
3469 2971 3531 3021 ἐκ
3568 2969 3682 3022 τῶν

2115 3057 2312 3127 ὑγρῶν·
2334 3056 2430 3126 τὴν
2446 3055 2499 3107 δὲ
2519 3057 2575 3108 ὲν
2599 3058 2708 3118 τοῖς
2737 3054 2913 3118 ζώοις,
2945 3057 3052 3109 ἀπό
3073 3075 3129 3109 τε
3157 3057 3263 3110 τῶν
3292 3059 3446 3120 ἐκτὸς
3475 3061 3566 3110 καὶ
3580 3062 3682 3128 τῆς

2115 3149 2172 3200 ἐν
2194 3149 2328 3218 αὐτῇ
2351 3146 2785 3216 ἀναθυμιάσεως,
2807 3148 3041 3218 ὁμογενῆ
3076 3150 3392 3217 πεφυκέναι.
3423 3151 3590 3203 Πάλιν
3623 3153 3681 3203 δὲ

453 3252 554 3307 est,
588 3243 751 3297 unius
774 3238 1125 3310 ejusdemque
1157 3235 1372 3306 generis
1405 3243 1674 3288 constare.
1712 3233 1921 3287 Rursus
1949 3249 2012 3285 ex
2045 3269 2058 3325 1

2118 3240 2208 3292 καλ⁸
2227 3239 2334 3293 τῶν
2356 3241 2618 3306 λεγόντων
2639 3239 2927 3308 ἀσώματον
2957 3237 3210 3312 εἶναιτὴν
3229 3241 3424 3312 ψυχὴν,
3457 3244 3684 3312 ἄπειρος

455 3337 523 3391 iis
549 3335 640 3404 qui
666 3333 858 3387 dicunt
907 3331 1141 3382 animam
1186 3328 1566 3395 incorpoream
1615 3341 1737 3380 esse
1803 3326 2015 3378 inlinita

454 3426 700 3481 exoritur
726 3420 1129 3489 discrepantia:
1162 3432 1282 3470 cum
1309 3416 1398 3468 alii
1458 3415 1818 3469 substantiam
1867 3431 2017 3468 cam-

453 3533 560 3588 que
590 3513 951 3571 immortalem
973 3525 1097 3566 esse
1116 3509 1335 3573 dicant;
1369 3508 1461 3560 alii
1496 3507 1874 3575 incorpoream
1902 3505 2020 3574 qui-

455 3609 601 3673 dem,
628 3620 738 3660 non
767 3614 946 3658 tamen
977 3600 1362 3662 substantiam,
1396 3613 1576 3668 neque
1613 3612 1743 3652 vero
1789 3597 2016 3650 immor-

456 3700 645 3754 talem.
679 3697 971 3752 Enimvero
1003 3692 1204 3747 Thales
1245 3691 1453 3760 primus
1495 3691 1730 3743 animam
1767 3689 2020 3744 immobi-

458 3791 562 3845 lem
590 3798 645 3844 et
663 3803 759 3859 per
786 3803 844 3842 se
866 3785 1120 3840 mobilem
1167 3797 1290 3837 esse
1339 3781 1642 3836 contendit.
1682 3778 2018 3850 Pythagoras

455 3893 742 3934 numerum
767 3893 826 3932 se
856 3877 1033 3945 ipsum
1065 3879 1386 3926 moventem.
1419 3870 1575 3926 Plato
1615 3871 1909 3925 essentiam
1936 3871 2020 3923 in-

456 3969 817 4027 tellectualem
843 3982 873 4020 a
902 3982 960 4021 se
992 3966 1110 4035 ipsa
1138 3971 1340 4017 motum
1367 3962 1656 4016 habentem
1691 3977 1785 4031 per
1817 3976 2012 4015 nume-

457 4077 578 4116 rum
605 4060 979 4116 harmonicum
1013 4067 1068 4113 et
1097 4055 1446 4110 concinnum.
1484 4054 1802 4108 Aristoteles
1834 4062 2016 4107 actum

457 4153 692 4222 primum
708 4151 954 4220 corporis
970 4146 1256 4213 naturalis,
1276 4151 1542 4214 potestate
1561 4145 1726 4198 vitam
1746 4143 2015 4198 habentis.

459 4243 766 4298 Dinarchus
802 4239 1144 4294 harmoniam
1174 4244 1411 4306 quatuor
1443 4235 1836 4290 elementorum
1865 4253 1879 4300 ;
1919 4250 2020 4288 nec

457 4349 588 4388 vero
609 4332 902 4403 phlhongis
920 4331 1138 4385 sonisve
1153 4335 1520 4392 constantem;
1537 4327 1630 4380 sed
1650 4327 2018 4380 harmonicani

459 4425 770 4494 temperiem
797 4432 851 4478 et
874 4429 1196 4478 concentum
1218 4417 1516 4473 calidorum
1532 4425 1585 4471 et
1604 4417 1947 4471 hnmidorum
1968 4426 2020 4471 et

460 4517 778 4588 frigidorum
831 4522 884 4568 et
938 4513 1210 4568 siccorum
1263 4511 1318 4565 in
1372 4523 1619 4578 corpore.
1667 4507 2018 4576 Perspicuum

2116 3331 2332 3398 γέγονεν
2365 3332 2397 3398 ἡ
2424 3329 2682 3397 διαφωνία
2705 3347 2719 3360 °
2752 3330 2858 3384 τῶν
2891 3329 2988 3400 μὲν
3015 3331 3197 3383 οὐσίαν
3235 3333 3402 3401 αὐτὴν
3426 3333 3519 3385 καὶ
3545 3333 3684 3385 ἀϐά-

2115 3434 2269 3469 νατον
2288 3417 2552 3483 λεγόντων
2572 3433 2584 3446 ·
2614 3417 2720 3469 τῶν
2740 3418 2795 3472 δὲ
2816 3420 3104 3488 ἀσώματον
3126 3421 3242 3491 μὲν,
3256 3423 3316 3474 οὐ
3346 3423 3450 3492 μὴν
3471 3423 3681 3486 οὐσίαν,

2115 3509 2234 3562 οὐδὲ
2287 3509 2573 3562 ἀθάνατον.
2628 3509 2809 3578 Θαλῆς
2862 3510 2961 3578 μὲν
3005 3512 3112 3582 γάρ
3144 3511 3354 3583 πρῶτος
3378 3514 3474 3584 τὴν
3504 3513 3686 3584 ψυχὴν

2117 3599 2314 3672 ἔφησεν
2369 3600 2624 3670 ἀκίνητον
2686 3601 2782 3653 καὶ¹
2849 3600 3216 3672 αὐτοκίνητον.
3263 3601 3578 3674 Πυθαγόρας
3627 3605 3686 3656 δὲ

2117 3690 2347 3760 ἀριθμὸν
2372 3687 2563 3742 ἑαυτὸν
2613 3690 2884 3744 κινοῦντα.
2924 3689 3146 3744 Πλάτων
3169 3691 3225 3744 δὲ
3253 3691 3435 3745 οὐσίαν
3461 3693 3683 3762 νοητὴν,

2117 3778 2176 3842 ἐξ
2204 3780 2370 3850 αὐτῆς
2399 3779 2739 3850 κινουμένην,
2765 3780 2906 3833 κατὰ
2937 3781 3167 3852 ἀριθμὸν
3195 3782 3525 3852 ἐναρμόνιον.
3547 3784 3687 3853 Ἀρι-

2119 3871 2367 3940 στοτέλης
2414 3872 2470 3924 δὲ
2521 3870 2853 3941 ἐντελέχειαν
2908 3871 3128 3942 πρώτην
3154 3873 3401 3942 σώματος
3429 3875 3681 3941 φυσικοῦ,

2117 3963 2425 4034 ὀργανικοῦ,
2453 3963 2676 4032 δυνάμει
2721 3961 2864 4035 ζωὴν
2911 3963 3141 4032 ἔχοντος.
3172 3965 3456 4034 Δείναρχος
3493 3964 3548 4015 δὲ
3580 3967 3684 4034 άρ-

2122 4057 2308 4124 μονίαν
2333 4055 2441 4108 τῶν
2477 4055 2753 4122 τεσσάρων
2783 4055 3057 4122 στοιχείων
3080 4070 3093 4082 ·
3119 4055 3179 4106 οὗ
3215 4054 3321 4124 γὰρ
3359 4054 3455 4123 τὴν
3483 4055 3545 4105 ἐκ
3570 4054 3683 4105 τῶν

2120 4144 2366 4213 φθόγγων
2400 4142 2813 4212 συνισταμένην,
2844 4140 2979 4194 ἀλλὰ
3002 4141 3100 4211 τὴν
3132 4140 3238 4194 τῶν
3273 4144 3329 4192 ἐν
3361 4138 3438 4208 τῷ
3471 4137 3681 4207 σώματι

2120 4235 2333 4305 θερμῶν
2358 4235 2450 4287 καὶ
2472 4233 2671 4305 ὑγρῶν,
2706 4235 2800 4286 καὶ
2831 4232 3072 4303 ψυχρῶν,
3105 4232 3198 4285 καὶ
3232 4231 3413 4302 ξηρῶν
3447 4230 3679 4299 ἐναρμό-

2119 4344 2227 4379 νιον
2251 4328 2442 4397 κρᾶσιν
2471 4327 2560 4379 καὶ
2594 4324 2908 4394 συμφωνίαν
2938 4323 3178 4394 βούλεται
3205 4323 3400 4390 λέγειν.
3425 4321 3591 4391 Δῆλον
3625 4321 3684 4373 δὲ

2119 4423 2198 4474 ὅτι
2235 4422 2328 4474 καὶ
2359 4421 2581 4483 τούτων,
2612 4422 2660 4472 οἱ
2688 4420 2784 4488 μὲν
2805 4418 2950 4471 ἄλλοι
2967 4417 3061 4488 τὴν
3081 4416 3255 4486 ψυχὴν
3283 4412 3418 4469 εἶναι
3435 4415 3685 4482 λέγουσιν

2120 4514 2304 4566 οὐσίαν
2323 4531 2335 4542 ·
2369 4511 2738 4584 Ἀριστοτέλης
2757 4510 2812 4562 δὲ
2838 4510 2929 4562 καὶ
2957 4509 3241 4578 Δείναρχος
3280 4508 3535 4561 ἐνούσιον.
3560 4507 3685 4561 Ἔτι

456 4606 621 4661 etiam
652 4611 757 4666 est,
795 4608 854 4655 ut
878 4617 943 4655 ex
975 4601 1170 4654 horum
1195 4611 1424 4652 numero
1461 4597 1553 4650 alii
1599 4596 1838 4650 animam
1889 4612 2011 4652 esse
2042 4613 2058 4670 4

2118 4605 2174 4657 δὲ
2204 4605 2339 4675 πρὸς
2363 4604 2591 4666 τούτοις,
2625 4605 2672 4656 οἱ
2703 4603 2798 4671 μὲν
2819 4601 2946 4672 μίαν
2979 4596 3116 4654 εἶναι
3149 4600 3239 4653 καὶ
3262 4602 3359 4671 τὴν
3376 4599 3539 4669 αὐτὴν
3570 4600 3687 4652 τῶν

459 4693 817 4752 substantiam
851 4691 1166 4761 proferant;
1202 4688 1524 4742 Aristoteles
1573 4703 1703 4742 vero
1731 4697 1786 4742 et
1813 4687 2012 4741 Dinar-

457 4788 595 4844 chus
644 4783 1059 4841 substantialem
1119 4789 1357 4851 putant:
1397 4789 1655 4850 praeterea
1705 4781 1796 4834 alii
1855 4796 2016 4834 unam

456 4894 580 4936 esse
635 4875 993 4944 eamdemque
1045 4873 1288 4926 omnium
1347 4871 1582 4923 animam
1643 4872 2010 4933 arbitrantur.

458 4969 787 5036 discerptam
823 4964 878 5017 in
903 4961 1115 5030 singula
1139 5002 1153 5025 ,
1191 4975 1254 5013 ac
1287 4975 1476 5014 rursus
1508 4960 1562 5013 in
1599 4976 1658 5015 se
1709 4969 2016 5024 coeuntem,

459 5067 520 5114 ut
551 5054 830 5112 Manichai
864 5062 918 5109 et
970 5052 1190 5122 quidam
1215 5051 1328 5104 alii.
1383 5050 1522 5104 Sunt
1575 5053 1666 5120 qui
1714 5053 1914 5106 multas
1957 5069 2019 5105 ac

456 5150 701 5205 diversas
732 5146 942 5218 species
973 5143 1307 5199 existiment.
1347 5142 1449 5196 Alii
1489 5159 1653 5197 unam
1695 5153 1747 5197 et
1797 5146 2018 5197 multas.

457 5238 691 5293 Prorsus
727 5250 854 5307 ergo
894 5249 1118 5288 necesse
1151 5241 1235 5288 est
1262 5248 1565 5286 sermonem
1595 5235 1911 5302 producere,
1943 5243 2022 5288 tot

457 5328 808 5399 opinionibus
831 5327 1231 5380 adversantem.
1257 5323 1600 5392 Quapmpter
1628 5325 1680 5376 in
1711 5341 1907 5394 genere
1932 5328 2023 5381 ad-

458 5434 649 5475 versus
695 5433 883 5473 omnes
930 5417 1020 5486 qui
1071 5416 1261 5469 dicunt
1323 5415 1557 5468 animam
1619 5432 1817 5486 corpus
1874 5436 2015 5481 esse,

2121 4697 2337 4750 πάντων
2371 4695 2546 4766 ψυχὴν
2594 4695 2923 4762 νενομίκασι,
2960 4691 3564 4762 κατακερματιζομένην
3603 4693 3688 4754 εἰς

2116 4788 2185 4842 τὰ
2217 4787 2546 4848 καθέκαστα,
2585 4785 2678 4839 καὶ
2717 4784 2876 4852 πάλιν
2916 4784 2996 4847 είς
3039 4782 3236 4853 ἑαυτὴν
3267 4781 3570 4842 συνιοῦσαν,
3608 4781 3688 4844 ὡς

2117 4881 2166 4933 οἱ
2196 4877 2478 4946 λιανιχαῖοι
2509 4877 2602 4930 καὶ
2655 4875 2800 4929 ἄλλοι
2829 4875 2989 4937 τινές.
3033 4875 3094 4928 υἱ
3132 4874 3188 4927 δὲ
3220 4873 3416 4937 πολλὰς
3443 4874 3536 4926 καὶ
3569 4873 3692 4926 δια-

2121 4969 2316 5039 φόρους
2351 4969 2466 5020 κατ’
2495 4962 2630 5028 εἶδος
2654 4985 2668 4997 ο
2698 4966 2746 5018 οἱ
2777 4965 2832 5017 δὲ
2863 4963 2990 5034 μίαν
3024 4965 3115 5016 καὶ⁹
3153 4963 3368 5026 πολλάς.
3401 4963 3554 5015 Πᾶσα
3577 4963 3693 5015 τοία

2121 5077 2214 5112 νυν
2239 5059 2446 5128 ἀνάγκη
2481 5057 2713 5128 μηκῦναι
2736 5057 2826 5109 τὸν
2858 5055 3032 5123 λόγον,
3064 5055 3352 5117 τοσαύταις
3377 5053 3551 5118 δόξαις
3591 5054 3692 5105 ἀν-

2120 5151 2416 5219 τιλέγοντα.
2439 5151 2604 5220 Κοινῇ
2631 5149 2727 5219 μὲν
2757 5143 2847 5201 οὖν
2873 5146 3006 5218 πρὸς
3023 5145 3228 5209 πάντας
3258 5147 3380 5208 τοὺς
3431 5143 3692 5211 λέγοντας

2123 5244 2280 5314 σῶμα
2319 5244 2417 5312 τὴν
2463 5240 2658 5312 ψυχὴν,
2697 5239 2918 5310 ἀρκέσει
2958 5240 3021 5291 τὰ
3050 5239 3198 5309 παρὰ
3249 5237 3552 5307 Ἀμμωνίου
3591 5236 3691 5288 τοῦ

2120 5332 2432 5386 διδασκάλου
2469 5331 2761 5391 Πλωτίνου,
2803 5329 2896 5381 καὶ
2928 5328 3226 5398 Νουμηνίου
3255 5325 3347 5379 τοῦ
3386 5325 3694 5395 Πυθαγοριο

2121 5423 2218 5477 κοῦ
2242 5422 2502 5493 εἰρημένα
2521 5438 2534 5452 ·
2559 5421 2664 5473 εἰσὶ
2691 5419 2744 5472 δὲ
2777 5417 2966 5470 ταῦτα’

457 5505 723 5562 sufficient
750 5522 870 5576 qua:
909 5507 975 5560 ab
1018 5505 1304 5559 Ammonio
1335 5505 1557 5558 doctore
1589 5504 1784 5561 Plotini
1810 5518 1863 5564 et
1889 5510 2158 5569 Numenio
2181 5514 2543 5585 Pythagorico
2579 5511 2724 5565 dicta
2763 5516 2912 5570 sunt,
2948 5508 3060 5561 huic
3094 5506 3389 5561 nimirum:

521 5624 548 5654 ⁸
567 5621 636 5674 Cf.
655 5623 858 5696 .Fabric.
886 5624 932 5694 1_V
937 5619 1506 5696 olitiansnprancglzgo:
1526 5619 1630 5696 'Sed
1650 5635 1712 5669 ne
1732 5627 1848 5695 quid
1875 5627 2060 5696 anohis
2084 5628 2506 5696 prgetermittantnr,
2531 5626 2659 5696 quod
2681 5624 2896 5696 habetur.
2915 5626 3208 5684 impressum
3234 5622 3429 5673 nomine
3453 5618 3688 5681 Gregorii

457 5682 689 5748 Nysseni,
705 5687 919 5734 sermoni
940 5684 1007 5734 De
1027 5681 1190 5732 anima
1211 5683 1261 5730 in
1285 5681 1505 5730 editione
1524 5681 1611 5731 hac
1635 5681 1848 5736 omnium
1873 5681 2100 5750 ejusdem‘
2129 5691 2354 5749 Gregorii
2387 5681 2604 5742 Onerum
2627 5689 2786 5737 locum
2810 5681 3025 5736 fecimus.
