3920 6472
248 364 342 421 189

1690 366 1778 425 nn
1815 370 2044 426 ANIMA.

3379 350 3482 435 is»

307 479 389 533 Τὰ
439 479 673 549 σώματα
716 481 783 550 τῇ
817 477 994 550 οἰκείᾳ
1044 476 1201 547 φύσει
1231 447 1441 550 τρεπτᾶ
1470 497 1530 533 τε
1569 481 1697 534 ὅντα
1725 482 1816 535 καὶ

1989 484 2229 554 Corpora
2256 491 2452 538 natura
2483 499 2581 540 sua
2612 486 2895 541 mutabilia
2923 502 3043 543 esse
3071 499 3125 545 et
3157 505 3347 561 sparsa
3382 510 3483 565 per

242 574 508 629 σκεδαστὰ
528 573 597 626 δι’
627 573 772 637 ὅλου,
806 572 902 625 καὶ
939 572 1019 634 εἰς
1052 571 1277 642 ἄπειρον
1310 571 1514 642 τμητὰ,
1543 573 1599 625 ὲν
1637 574 1818 637 αὐτοῖς

245 666 466 738 μηδενὸς
498 663 882 735 ἁμεταὸλήτου
906 663 1354 733 ὑπολειπομένου,
1383 664 1552 716 δεῖται
1577 664 1670 717 τοῦ
1694 682 1819 718 συν-

240 760 448 829 έχοντος
481 760 581 811 καὶ
610 760 955 845 συνάγοντος,
985 755 1282 826 καὶῶσπερ
1313 755 1696 827 συσφίγγοντος
1727 758 1820 809 καὶ

242 851 673 921 στδγκρατοῦντος
700 850 860 913 αὐτὰ,
890 850 1024 920 ὅπερ
1058 848 1233 919 ψυχὴν
1256 849 1506 920 λέγομεν.
1542 851 1603 902 Εἰ
1642 850 1819 902 τοίνυν

246 943 395 1012 σῶμά
419 944 577 994 ἐστιν
600 944 634 1011 ὴ
662 942 832 1013 ψυχὴ,
874 936 985 995 οἷον
1020 942 1083 1012 δή
1112 958 1262 1005 ποτε,
1284 943 1334 994 εἰ
1368 940 1463 994 καὶ
1493 941 1820 1012 λεπτομερέ-

246 1050 465 1097 στατον,
532 1033 587 1086 τί
640 1032 697 1085 δὲ
761 1033 922 1087 πάλιν
981 1032 1098 1084 ἐστὶ
1150 1031 1209 1084 τὸ
1234 1032 1510 1103 συμφέρον
1570 1031 1817 1100 ἐκείνην;

255 1125 494 1196 Ἐδείχθη
523 1125 636 1196 γὰρ
668 1126 777 1177 πᾶν
812 1124 969 1195 σῶμα
1001 1123 1208 1176 δεῖσθαι
1230 1123 1321 1176 τοῦ
1352 1122 1667 1191 συνέχοντος
1687 1139 1699 1152 ·
1727 1120 1821 1174 καὶ

241 1220 403 1283 οὕτως
429 1221 515 1282 εἰς
542 1219 795 1288 ἄπειρον,
823 1216 928 1279 ἕως
960 1215 1024 1269 ἂν
1051 1215 1479 1285 καταντήσωμεν
1497 1213 1575 1274 εἰς
1600 1210 1821 1281 ἀσώμα-

239 1330 341 1364 τον.
393 1311 461 1363 Εἰ
488 1311 548 1362 δὲ
581 1310 813 1378 λέγοιεν,
846 1308 1036 1377 ὥσπερ
1068 1308 1119 1360 οἱ
1157 1306 1407 1368 Στωϊκοὶ,
1445 1305 1666 1374 τονικήν
1702 1321 1821 1355 τινα

238 1399 370 1454 εἶναι
399 1400 624 1469 κίνησιν
673 1398 895 1469 περὶτὰ
940 1396 1189 1467 σώματα,
1223 1396 1304 1458 εἰς
1343 1394 1404 1447 τὸ
1436 1395 1564 1447 εἵσω
1594 1394 1709 1463 ἅμα
1741 1409 1818 1444 κιο

239 1489 454 1562 νοῦμεν,
494 1492 591 1544 καὶ
616 1491 697 1553 εἰς
725 1489 795 1541 τὰ
822 1488 948 1552 ἔξω,
979 1488 1074 1542 καὶ
1120 1487 1219 1558 τὴν
1248 1486 1346 1557 μὲν
1372 1488 1449 1550 εἰς
1474 1486 1535 1538 τὸ
1568 1484 1691 1550 ἔξω,
1722 1501 1820 1553 με-

236 1583 409 1653 γεθῶν
468 1582 568 1635 καὶ
604 1582 904 1650 ποιοτήτων
950 1578 1372 1649 ἀπστελεστικὴν
1423 1574 1592 1642 εἶναι,
1633 1578 1731 1647 τὴν
1764 1575 1820 1628 δὲ

233 1678 313 1740 εἰς
336 1674 395 1727 τὸ
418 1674 556 1727 εἵσω
582 1714 597 1737 ,
632 1672 877 1735 ὲνὼσεως
904 1672 998 1724 καὶ
1025 1672 1211 1734 οὐσίας
1232 1687 1245 1701 ·
1272 1670 1572 1743 ὲρωτητέον
1602 1666 1815 1729 αὐτούς·

254 1765 464 1837 Ἑτπιδὴ
501 1767 654 1819 πᾶσα
678 1764 889 1835 κίνησις
923 1764 1030 1816 ἀπό
1058 1764 1200 1827 τινός
1237 1765 1353 1816 ἐστι
1398 1762 1697 1832 δυνάμεως,
1735 1760 1819 1822 τίς

234 1862 274 1928 ἠ
300 1859 531 1929 δυνάμις
563 1856 725 1927 αὐτὴ,
755 1858 848 1910 καὶ
872 1857 977 1910 τίνι
1005 1857 1289 1922 οὕσίωται;
1317 1857 1379 1908 Εἰ
1421 1856 1516 1926 μὲν
1544 1850 1635 1907 οὖν
1666 1852 1759 1907 καὶ
1783 1852 1817 1921 ἡ
1855 1846 1894 1900 Β

232 1950 461 2019 δύναμις
484 1947 629 2019 αὕτη
662 1947 761 2018 ὕλη
792 1948 876 2010 τίς
910 1948 1045 2011 ἐστι,
1068 1948 1180 2009 τοῖς
1214 1947 1394 2008 αὐτοῖς
1418 1944 1581 1999 πάλιν
1615 1943 1816 2013 χρησό-

235 2040 380 2109 μεθα
412 2039 617 2107 λόγοις.
650 2037 714 2091 Εἰ
742 2037 797 2090 δὲ
826 2037 926 2106 οὐχ
952 2035 1074 2106 ὕλη,
1107 2036 1223 2089 ἀλλ’
1248 2036 1449 2097 ἐνυλον,
1478 2034 1663 2104 ἔτερόν
1700 2035 1815 2086 ἐστι

231 2132 290 2183 τὸ
336 2130 549 2194 ἔνυλον,
589 2130 744 2201 παρὰ
791 2128 887 2200 τὴν
930 2128 1080 2198 ὕλην.
1132 2127 1206 2180 Τὸ
1244 2127 1351 2198 γὰρ
1403 2127 1625 2197 μετέχον
1662 2123 1813 2194 ὕλης,

232 2221 419 2273 ἕνυλον
443 2219 666 2287 λέγεται
681 2236 694 2249 ·
718 2218 770 2270 τί
794 2236 923 2272 ποτε
949 2219 1056 2290 ἄρα
1083 2217 1200 2271 ἐστὶ
1219 2217 1279 2269 τὸ
1303 2218 1524 2288 μετέχον
1540 2217 1635 2286 τῆς
1663 2215 1812 2284 ὕλης,

232 2314 464 2384 πότερον
494 2310 599 2381 ὕλη
623 2311 716 2364 καὶ
740 2310 894 2372 αὐτὸ,
923 2310 955 2380 ἦ
987 2309 1178 2376 ἇῦλον;
1211 2310 1274 2362 Εἰ
1303 2309 1399 2379 μὲν
1430 2304 1521 2361 οὖν
1548 2307 1668 2377 ὕλη,
1701 2307 1815 2369 πῶς

231 2401 421 2455 ἐνυλον
456 2402 553 2454 καὶ
586 2400 685 2471 οὐχ
708 2399 805 2471 ὕλη
834 2418 849 2465 ;
876 2401 937 2453 Εἰ
959 2400 1014 2453 δὲ
1036 2402 1135 2471 οὐχ
1164 2399 1285 2470 ὕλη,
1313 2401 1473 2454 ἄῦλον
1504 2399 1628 2470 ἄρα.
1670 2399 1733 2451 Ei
1759 2398 1816 2450 δὲ

228 2496 420 2557 ἆῦλον,
441 2494 504 2546 οὐ
538 2493 726 2563 σῶμα·
761 2493 823 2545 τὸ
854 2493 962 2563 γὰρ
993 2492 1149 2563 σῶμα
1187 2492 1388 2547 ἐνυλον.
1421 2493 1484 2545 Εἰ
1526 2492 1582 2544 δὲ
1607 2491 1814 2560 λέγοιεν

229 2587 312 2637 ὅτι
368 2584 440 2637 τὰ
478 2584 708 2654 σώματα
750 2582 913 2654 τριχῆ
944 2583 1203 2637 διαστατά
1239 2585 1374 2649 ἐστι,
1405 2584 1498 2636 καὶ
1528 2585 1559 2655 ἡ
1586 2582 1730 2654 ψυχὴ
1760 2584 1815 2637 δὲ

226 2678 296 2730 δι’
323 2678 452 2731 ὅλου
484 2677 746 2748 διήκουσα
763 2676 857 2730 τοῦ
887 2676 1155 2747 σώματος,
1184 2676 1345 2748 τριχῆ
1372 2676 1627 2746 διαστατή
1660 2678 1771 2729 ἐστι
1796 2693 1810 2707 ο

228 2770 329 2822 καὶ
353 2768 446 2822 διὰ
476 2768 633 2821 τοῦτο
657 2768 872 2830 πάντως
892 2769 986 2822 καὶ
1013 2768 1170 2839 σῶμα
1191 2768 1440 2839 ἐροῦμεν,
1473 2768 1553 2820 ὅτι
1580 2768 1685 2820 πᾶν
1718 2768 1814 2838 μὲν

226 2863 404 2933 σῶμα
429 2861 595 2932 τριχῆ
650 2860 930 2915 διαστατόν
981 2862 1157 2913 ἐστιν’
1212 2861 1273 2912 οὐ
1310 2861 1417 2913 πᾶν
1463 2860 1517 2911 δὲ
1564 2858 1624 2911 τὸ
1656 2860 1812 2930 τριχῆ

222 2954 527 3007 διαστατόν
558 2953 734 3024 σῶμα.
770 2952 876 3005 Καὶ
911 2952 1018 3023 γὰρ
1039 2953 1067 3003 ὁ
1086 2955 1103 2973 '
1126 2951 1185 3003 τὸ
1208 2952 1392 3009 ποσὸν,
1426 2953 1517 3003 καὶ
1552 2950 1611 3003 τὸ
1642 2950 1811 3015 ποιὸν,

223 3047 515 3118 ἀσώματα
533 3047 661 3100 ὂντα
692 3045 813 3098 καθ’
836 3046 1022 3110 ἑαυτὰ,
1051 3044 1189 3097 κατὰ
1213 3043 1570 3113 συμϐεόηκδς,
1597 3044 1654 3095 ὲν
1669 3042 1815 3112 ὄγκῳ

220 3137 527 3191 τοσσαῦται.
566 3136 750 3198 Οὕτως
782 3129 875 3187 οὖν
926 3134 1017 3187 καὶ
1054 3137 1120 3204 τῇ
1150 3133 1293 3204 ψυχῇ
1328 3132 1449 3185 καθ’
1486 3133 1683 3203 ἑαυτὴν
1716 3131 1812 3203 μὲν

1921 576 2257 641 universum,
2296 586 2456 647 atque
2489 577 2545 631 in
2610 577 2881 632 inﬁnitum
2928 592 3075 636 secta
3101 622 3115 647 ,
3156 593 3211 638 et
3257 601 3380 640 cum
3420 590 3476 643 in

1920 670 2054 739 ipsis
2090 660 2347 747 tnutabile
2395 668 2529 723 nihil
2580 669 2834 723 relictum
2871 671 2963 735 sit,
2996 689 3156 743 egere
3207 664 3275 731 eo
3334 681 3480 748 quod

1919 763 2037 833 ipsa
2066 763 2280 831 copulet
2316 770 2369 817 et
2398 764 2739 832 constringat
2763 772 2817 819 et
2849 766 3005 835 quasi
3037 768 3253 839 colliget
3280 778 3331 825 et
3349 787 3481 826 con-

1919 853 2127 907 tineat:
2168 851 2315 921 quod
2369 852 2608 905 animum
2645 854 2899 909 dicimus.
2959 854 3136 920 Quare
3196 859 3241 911 si
3297 862 3478 915 anima

1921 958 2119 1012 corpus
2150 950 2234 997 est
2275 944 2682 1014 qualecunque,
2725 945 2849 999 licet
2883 946 3287 1013 tenuissimum,
3322 951 3481 1018 quale

1922 1036 2137 1089 tandem
2179 1034 2315 1089 foret
2345 1035 2490 1105 quod
2520 1045 2795 1091 coerceret
2820 1038 3002 1093 illam?
3034 1054 3159 1094 nam
3199 1042 3479 1110 probatum

1920 1134 2003 1179 est
2031 1140 2192 1179 omne
2226 1140 2425 1196 corpus
2455 1142 2614 1195 egere
2642 1143 2707 1181 eo
2738 1129 2884 1197 quod
2924 1131 3139 1197 c0pulet
3169 1150 3181 1184 :
3218 1133 3398 1202 itaque
3428 1135 3479 1188 in

1922 1217 2191 1271 inﬁnitum
2222 1232 2545 1288 progressus
2573 1228 2739 1283 esset,
2768 1219 2940 1274 donec
2971 1236 3384 1281 occurreremus
3414 1227 3481 1281 iis

1921 1323 2043 1377 quin
2081 1308 2401 1378 incorporea
2445 1319 2591 1364 sunt.
2630 1311 2785 1376 Quod
2816 1313 2859 1367 si
2888 1313 3094 1378 dicant,
3131 1318 3482 1384 quemadmo-

1920 1399 2049 1453 dum
2090 1399 2287 1465 Stoici,
2350 1400 2641 1455 motionem
2680 1404 2969 1470 quamdam
3027 1404 3295 1460 inteusam
3335 1410 3482 1463 circa

1920 1506 2150 1561 corpora
2179 1506 2322 1556 esse,
2356 1492 2517 1546 simul
2547 1492 2694 1547 intus
2727 1509 3068 1549 moverentur
3094 1504 3146 1549 et
3172 1497 3236 1549 ad
3270 1513 3331 1551 ea
3362 1514 3482 1567 quae

1922 1583 2058 1637 foris
2084 1592 2212 1637 sunt
2243 1601 2259 1649 ;
2296 1593 2459 1653 atque
2489 1584 2629 1638 hanc
2658 1585 2875 1654 quidem
2910 1588 3221 1656 perliciendi
3255 1590 3360 1644 vim
3393 1591 3482 1645 hac

1921 1674 2048 1729 bere
2092 1675 2494 1745 magnitudines
2530 1684 2582 1729 et
2616 1677 2906 1745 qualitates
2970 1678 3024 1732 in
3067 1679 3134 1735 iis
3183 1697 3304 1750 quae
3336 1683 3482 1738 foras

1920 1778 2151 1836 pergunt
2181 1785 2194 1833 ;
2227 1769 2281 1821 in
2312 1768 2379 1823 iis
2408 1783 2539 1823 vero
2576 1784 2697 1837 quze
2729 1769 2873 1838 quod
2914 1769 3062 1825 intus
3093 1781 3177 1826 est
3213 1767 3481 1841 spectant",

1924 1861 2178 1915 unionem
2231 1867 2284 1914 et
2343 1862 2680 1915 essentiam:
2749 1878 2915 1931 quare
2975 1863 3054 1916 sic
3113 1863 3483 1934 interrogandi

1923 1960 2142 2007 essent:
2175 1951 2311 2016 Quia
2343 1953 2520 2011 omnis
2560 1962 2741 2008 motus
2773 1963 2853 2009 est
2890 1955 2957 2007 ab
2993 1955 3173 2024 aliqua
3204 1955 3482 2020 facultate,

1923 2057 2168 2111 quamam
2196 2040 2428 2096 facultas
2459 2041 2575 2109 ipsa
2602 2050 2706 2108 εει,
2733 2052 2788 2096 ει
2818 2059 2927 2111 quo
2958 2055 3115 2112 pacto
3147 2045 3266 2112 ejus
3305 2060 3485 2100 essen-

1922 2133 1997 2185 tia
2029 2133 2323 2187 constituta
2374 2133 2499 2187 est?
2530 2132 2585 2186 Si
2640 2134 2857 2203 quidem
2892 2135 3053 2188 etiam
3104 2136 3337 2203 polentia
3372 2137 3486 2191 haec

1923 2227 2148 2277 materia
2181 2220 2425 2292 quaedam
2463 2233 2567 2287 est,
2600 2224 2794 2279 iisdem
2842 2240 3035 2279 rursus
3078 2234 3291 2280 utemur
3320 2230 3487 2282 ratio-

1923 2316 2103 2371 nibus.
2133 2315 2189 2368 Si
2222 2331 2349 2370 vero
2380 2330 2488 2369 non
2518 2316 2767 2379 materia,
2797 2317 2892 2371 sed
2913 2319 3150 2371 materia:
3182 2317 3483 2383 adhaerens,

1922 2404 2068 2458 aliud
2097 2414 2180 2460 est
2208 2406 2449 2459 materia:
2480 2405 2757 2474 particeps
2789 2413 2983 2474 printer
3011 2407 3290 2459 materiam
3319 2425 3333 2472 ;
3364 2422 3487 2460 nam

1922 2494 2067 2564 quod
2097 2502 2181 2548 est
2211 2509 2435 2563 compos
2472 2495 2733 2559 materiae,
2768 2494 3049 2548 materiale
3083 2495 3281 2549 dicitur
3313 2516 3324 2549 :
3359 2495 3487 2565 quid

1922 2602 2049 2655 ergo
2079 2596 2161 2643 est
2203 2588 2443 2641 materiae
2481 2586 2779 2655 particeps,
2829 2597 3011 2639 utrum
3045 2588 3270 2642 materia
3325 2589 3486 2643 etiam

1922 2680 2124 2748 ipsum,
2174 2695 2241 2731 an
2303 2678 2544 2732 materiae
2602 2692 2800 2745 expers
2858 2678 2989 2732 est?
3042 2677 3405 2742 Quamobrem
3441 2681 3488 2733 si

1921 2773 2147 2825 materia
2194 2778 2300 2834 est,
2328 2770 2420 2840 qui
2463 2769 2745 2823 materiale
2802 2778 2905 2833 est,
2942 2777 2995 2822 et
3050 2785 3158 2823 non
3218 2771 3490 2825 materia?

1921 2864 2074 2929 Quod
2106 2864 2149 2917 si
2175 2879 2281 2917 non
2312 2863 2537 2917 materia
2569 2870 2673 2926 est,
2706 2878 2900 2931 expers
2927 2862 3092 2931 igitur
3114 2864 3353 2917 materiae
3377 2874 3487 2930 est;

1921 2957 2004 3011 sin
2037 2965 2212 3009 autem
2243 2955 2465 3008 materia
2495 2962 2665 3019 caret,
2706 2969 2905 3021 corpus
2936 2970 3041 3006 non
3073 2961 3193 3020 est;
3227 2970 3347 3007 nam
3370 2970 3491 3008 cor-

1922 3064 2022 3116 pus
2052 3048 2275 3100 materia
2308 3052 2542 3100 constat.
2571 3044 2725 3110 Quod
2750 3045 3046 3098 sidixerint
3068 3046 3490 3113 corporatribus

1920 3138 2192 3191 distantiis
2222 3134 2697 3208 [dimensionibus]
2725 3135 2949 3205 praedita
2973 3152 3114 3197 esse.
3132 3137 3377 3190 etanima
3397 3154 3493 3205 per

222 3232 507 3301 πρόσεστι
540 3228 601 3281 τὸ
635 3228 971 3292 ἀδιάστατον,
997 3201 1139 3280 κατὰ
1166 3201 1517 3296 συμϐεϐηκὸς
1561 3226 1616 3278 δὲ
1642 3201 1730 3296 Ἵτῷ
1756 3228 1812 3279 ὲν

1921 3239 2088 3283 totum
2120 3245 2318 3296 corpus
2344 3228 2767 3298 pertinens,tres
2795 3229 2954 3282 etiam
2976 3227 3265 3282 distantias
3290 3201 3449 3281 habet
3473 3248 3485 3283 :

219 3319 269 3391 ᾧ
297 3325 453 3385 ἐστι,
484 3321 646 3391 τριχῆ
681 3320 964 3373 διαστατόν
991 3320 1125 3382 ὄντι,
1160 3319 1537 3388 συνθεωρεῖται
1563 3320 1654 3371 καὶ
1676 3317 1813 3388 αὕτη

1922 3338 1983 3375 ac
1999 3332 2281 3391 propterea
2300 3321 2486 3390 utique
2503 3320 2650 3374 illam
2674 3335 2874 3389 corpus
2891 3320 3168 3385 dicemus;
3190 3321 3317 3389 quia
3330 3336 3492 3375 omne

217 3412 407 3485 τριχῆ
440 3411 718 3481 διαστατὴ.
750 3410 871 3462 Ἔτι
915 3410 1022 3462 πᾶν
1071 3409 1104 3478 ἢ
1164 3407 1360 3474 ἔξωθεν
1400 3411 1625 3461 κινεῖται
1664 3408 1697 3478 ἢ
1731 3407 1815 3461 ἕν-

1922 3430 2124 3484 corpus
2170 3413 2349 3467 tribus
2398 3412 2677 3467 distantiis
2717 3412 3091 3475 constituitur,
3151 3428 3334 3467 verum
3383 3430 3492 3469 non

217 3504 399 3558 ὃοθεν
417 3520 430 3533 ο
464 3502 575 3556 ἀλλ’
601 3505 649 3556 εἰ
681 3502 780 3573 μὲν
807 3500 1024 3567 ἔξωθεν,
1063 3499 1372 3567 ἀναγκαίως
1400 3500 1603 3570 ἄψυχον
1642 3499 1811 3554 ἔσται.

1923 3522 2084 3559 omne
2116 3505 2260 3574 quod
2294 3512 2407 3558 tres
2436 3502 2728 3557 distantias
2764 3501 2953 3565 habet,
2994 3518 3194 3572 corpus
3225 3512 3307 3558 est
3336 3522 3352 3571 ,
3413 3512 3493 3559 et-

218 3600 288 3653 Εξ
316 3598 393 3649 δὲ
425 3594 650 3661 ἔνδοθεν,
687 3593 947 3665 ἔμψυχον.
988 3593 1051 3645 ΕΞ
1085 3592 1141 3644 δὲ
1169 3591 1327 3662 σῶμα
1354 3594 1386 3661 ἡ
1426 3592 1568 3662 ψυχή
1599 3610 1611 3622 ·
1643 3593 1689 3643 εἰ
1718 3591 1815 3660 μὲν

1925 3598 2069 3652 enim
2106 3598 2257 3652 locus
2311 3604 2365 3651 et
2398 3595 2657 3663 qualitas,
2696 3596 3017 3663 incorporea
3049 3611 3172 3649 cum
3232 3596 3346 3651 sint
3398 3613 3494 3667 per

217 3689 448 3755 ἔξωθεν
478 3690 724 3751 κινεῖται,
747 3687 951 3756 ἄψυχός
989 3688 1136 3739 ἐστιν
1158 3703 1171 3716 °
1206 3688 1253 3738 εἰ
1284 3684 1515 3747 ἔνδοθεν,
1556 3685 1816 3755 ἔμψυχοςο

1924 3704 2003 3750 se,
2036 3704 2131 3756 per
2159 3688 2413 3741 accidens
2448 3688 2502 3740 in
2556 3687 2699 3741 mole
2753 3695 2808 3740 et
2840 3688 3145 3755 quantitate
3175 3687 3443 3743 habentur
3476 3710 3489 3745 :

216 3783 447 3837 ἄτοπον
478 3779 533 3832 δὲ
565 3780 657 3832 καὶ
706 3778 766 3831 τὸ
820 3777 1081 3848 ἔμψυχον,
1134 3777 1229 3830 καὶ
1280 3776 1342 3829 τὸ
1389 3775 1590 3846 ἄψυχον
1641 3775 1816 3844 λέγειν

1925 3783 2005 3836 sic
2035 3782 2199 3852 igitur
2227 3789 2281 3835 et
2314 3780 2511 3833 anima:
2544 3794 2637 3848 per
2671 3795 2730 3832 se
2753 3779 2971 3847 quidem
3000 3781 3162 3842 inest,
3191 3790 3248 3834 ut
3283 3780 3491 3835 distan-

218 3874 334 3943 τὴν
368 3871 571 3941 ψυχήν.
596 3871 710 3922 Οὐκ
743 3870 854 3939 ἄρα
897 3868 1053 3938 σῶμα
1086 3870 1119 3937 ὴ
1156 3867 1324 3937 ψυχή.
1360 3868 1534 3937 Ἔτιή
1572 3866 1739 3937 ψυχὴ,
1771 3869 1816 3919 εὶ

1925 3874 1998 3926 tia
2032 3881 2235 3937 careat,
2287 3887 2383 3940 per
2420 3870 2676 3925 accidens
2735 3885 2867 3922 vero
2897 3871 3059 3923 simul
3114 3870 3494 3925 consideratur

223 3967 342 4038 μὲν
380 3963 657 4035 τρέφεται,
700 3961 805 4015 ὑπὸ
833 3961 1123 4031 ἀσωμάτου
1154 3960 1429 4029 τρέφεται.
1456 3959 1536 4012 Τὰ
1567 3958 1676 4029 γὰρ
1718 3976 1816 4029 μα-

1926 3966 2189 4018 tril'ariam
2216 3964 2430 4019 distans
2458 3979 2580 4018 cum
2609 3978 2673 4017 eo
2699 3963 2755 4015 in
2787 3978 2895 4030 quo
2918 3972 3021 4023 est,
3057 3962 3201 4031 quod
3228 3962 3491 4031 triplicem

219 4059 472 4129 θήματα
506 4055 692 4127 τρέφει
720 4055 888 4123 αὑτήν
908 4072 922 4086 ·
952 4053 1103 4107 οὐδὲν
1126 4051 1182 4105 δὲ
1209 4052 1367 4122 σῶμα
1395 4051 1500 4105 ὑπὸ
1530 4051 1816 4122 ἀσωμάτου

1927 4056 2237 4112 distantiam
2270 4055 2470 4111 habet:
2506 4053 2571 4107 ad
2604 4054 2717 4108 hac
2744 4053 2926 4107 omnis
2958 4068 3044 4105 res
3074 4060 3165 4104 aut
3218 4053 3489 4105 extrinse-

216 4151 539 4223 τρέφεται·
568 4147 667 4201 οὐκ
692 4148 801 4217 ἄρα
824 4144 982 4215 σῶμα
1016 4146 1047 4215 ἡ
1080 4143 1245 4214 ψυχή.

1924 4163 2023 4202 cus
2054 4154 2297 4201 movetur
2322 4155 2415 4200 aut
2446 4146 2673 4199 interius
2721 4163 2733 4198 :
2791 4153 2845 4198 et
2877 4145 2920 4197 si
2954 4144 3171 4211 quidem
3212 4144 3343 4197 foris
3377 4145 3493 4213 agi-

220 4254 418 4306 tatur,
476 4241 787 4298 necessario
820 4241 1121 4294 inanimum
1179 4241 1301 4295 erit.
1360 4240 1515 4305 Quod
1565 4242 1612 4295 si
1672 4243 1821 4299 inttts
1860 4252 2129 4307 movetur,
2156 4243 2453 4296 animatum
2479 4240 2604 4295 erit.
2640 4237 2699 4293 Si
2722 4254 2850 4293 vero
2878 4254 3079 4307 corpus
3150 4240 3221 4293 sit
3290 4237 3490 4294 anima.

220 4341 268 4393 si
302 4333 543 4410 quidem
574 4334 915 4390 extrinsecus
953 4333 1213 4403 agitatur,
1240 4347 1437 4401 expers
1465 4341 1548 4387 est
1618 4335 1849 4391 animae:
1890 4336 2033 4405 quod
2077 4337 2120 4390 si
2168 4336 2337 4396 intus,
2399 4333 2679 4386 animata:
2747 4328 3042 4384 absurdum
3118 4346 3246 4385 vero
3301 4340 3384 4382 est
3439 4335 3493 4382 et

220 4427 575 4486 animatum,
618 4430 672 4478 et
733 4420 973 4475 inanime
1032 4421 1214 4476 dicere
1265 4422 1540 4476 animam:
1593 4439 1703 4477 non
1733 4434 1816 4479 est
1854 4426 2016 4497 igitur
2047 4427 2223 4479 anima
2274 4439 2494 4493 corpus.
2575 4421 2706 4475 Item
2776 4421 2980 4485 anima,
3037 4423 3080 4475 si
3143 4420 3358 4490 quidem
3393 4437 3487 4473 nu-

220 4526 441 4584 tritur,
494 4521 561 4575 ab
610 4521 931 4589 incorporeo
987 4520 1190 4587 alitur;
1242 4519 1443 4573 etenim
1506 4518 1810 4590 disciplinae
1842 4522 2499 4592 ipsamnutriuntzatqui
2536 4518 2743 4572 nullum
2768 4531 2970 4585 corpus
3035 4518 3102 4572 ab
3172 4517 3493 4586 incorporeo

221 4616 501 4674 nutritur
526 4632 538 4667 :
568 4628 675 4667 non
705 4619 789 4666 εει
822 4610 986 4680 igitur
1025 4610 1206 4664 anima
1238 4625 1460 4679 corpus.

301 4710 666 4780 Ξενοκράτης
703 4707 843 4760 οὕτω
885 4706 1113 4776 συνῆγεν
1139 4724 1152 4736 ε
1187 4708 1235 4759 εἰ
1265 4705 1322 4758 δὲ
1350 4707 1423 4778 μὴ
1448 4706 1727 4777 τρέφεται,
1761 4707 1816 4759 οὐ

1993 4700 2327 4755 Xenocrates
2356 4695 2435 4751 sic
2454 4694 2777 4764 colligebat;
2809 4702 2862 4746 at
2888 4694 2932 4748 si
2962 4708 3070 4747 non
3096 4694 3261 4747 alitur
3290 4697 3491 4762 anima,

224 4810 417 4879 σῶμα
441 4804 475 4873 ἡ
504 4801 640 4872 ψυχή
658 4817 673 4834 ο
692 4801 785 4854 καὶ
809 4798 979 4853 ταῦτα
1006 4799 1102 4866 μὲν
1138 4799 1288 4867 κοινῇ
1315 4797 1449 4867 πρὸς
1471 4798 1677 4860 πάντας
1697 4798 1816 4861 τοὺς

1928 4807 2125 4861 c0rpus
2154 4804 2261 4843 non
2303 4799 2426 4849 est;
2496 4794 2661 4855 atque
2697 4785 2813 4839 haec
2851 4784 3069 4854 quidem
3130 4787 3493 4842 communiter

222 4877 513 4967 λέγοντας
549 4893 707 4962 σῶμα
740 4886 874 4943 εἶναι
922 4889 1019 4958 τὴν
1052 4888 1261 4958 ψυχὴν*
1296 4889 1401 4959 ἰδὶᾳ
1441 4888 1497 4941 δὲ
1538 4888 1670 4959 πρὸς
1701 4889 1816 4950 τοὺς

1930 4886 2195 4939 adversus
2215 4897 2310 4935 eos
2337 4879 2429 4949 qui
2465 4879 2655 4932 dicunt
2698 4892 2900 4946 corpus
2928 4892 3051 4931 esse
3085 4877 3319 4931 animam
3350 4894 3364 4943 ;
3401 4894 3493 4943 pe-

222 4989 573 5055 δοξάζοντας
594 4979 731 5052 αἷμα
762 4983 795 5053 ἢ
843 4980 1057 5050 πνεῦμα
1092 4975 1229 5031 εἶναι
1269 4979 1365 5050 τὴν
1398 4978 1573 5049 ψυχήν
1595 4996 1608 5009 ’
1641 4978 1816 5045 ἐπειδῦ

1932 4974 2212 5030 culiariter
2265 4979 2442 5024 autem
2479 4969 2741 5023 adversus
2775 4982 2868 5022 eos
2902 4968 2995 5036 qui
3054 4968 3344 5036 epinantur
3376 4967 3495 5020 ani-

223 5084 336 5138 τοῦ
361 5076 672 5148 πνεύματος
695 5075 729 5146 ἢ
755 5073 849 5128 τοῦ
879 5075 1109 5143 αἵματος
1134 5071 1522 5142 χωριζομένου,
1546 5068 1816 5139 νεκροῦται

1933 5083 2074 5122 mam
2108 5066 2445 5133 sanguinem,
2483 5073 2573 5115 aut
2597 5061 2846 5131 spiritum
2875 5076 3025 5125 esse;
3055 5060 3493 5128 quandoquidem

225 5177 291 5228 τὸ
326 5171 499 5235 ζῶον.
527 5168 638 5221 Οὐκ
669 5168 844 5219 ὲκεῖνο
876 5163 1083 5235 ῥητέον,
1110 5163 1247 5231 ὅπερ
1271 5161 1414 5225 τινὲς
1438 5150 1544 5213 τῶν
1570 5158 1816 5229 οἰομένωι

1934 5157 2148 5224 spiritu,
2182 5162 2274 5207 aut
2314 5154 2578 5220 sanguine
2615 5161 2885 5219 separato,
2921 5150 3123 5203 animal
3164 5158 3340 5203 morte
3373 5166 3495 5203 con-

226 5263 388 5321 εἶναί
416 5280 471 5315 τι
508 5261 699 5333 μέρος,
734 5257 1115 5327 γεγραφήκασι
1152 5253 1420 5322 λέγοντες,
1463 5250 1669 5305 Οὐκοῦν
1701 5252 1816 5302 ὂτακ.

1936 5248 2135 5301 licitur.
2178 5245 2294 5299 Non
2328 5244 2457 5298 illud
2488 5242 2777 5297 dicendum
2813 5249 2917 5302 est,
2954 5240 3099 5308 quod
3142 5240 3360 5308 quidam
3398 5256 3493 5294 eo-

229 5356 506 5426 ἁπορῤυῇ
556 5352 648 5405 τοῦ
692 5351 941 5420 αἵματος,
996 5347 1157 5418 μέρος
1211 5344 1459 5415 ἀπερρύη
1504 5343 1603 5411 τῆς
1630 5341 1816 5413 ψυχῆς

1935 5354 2077 5401 rum,
2119 5338 2210 5407 qui
2245 5337 2535 5405 opinantur
2568 5340 2773 5402 partem
2810 5332 3046 5398 aliquam
3081 5346 3226 5394 esse,
3258 5332 3494 5400 scripse-

233 5421 592 5515 Κου-ςρολογία
622 5443 731 5514 γὰρ
772 5442 834 5494 τὸ
877 5440 1113 5494 τοιοῦτον
1136 5453 1150 5467 ⁸
1194 5439 1288 5490 ἐπὶ
1311 5435 1419 5507 γὰρ
1450 5436 1555 5487 τῶν
1584 5437 1816 5504 ὁμοιομε·

1934 5438 2063 5485 runt
2090 5429 2316 5491 aientes,
2346 5425 2568 5491 Quoties
2598 5424 2766 5479 ell'luit
2820 5421 3021 5490 aliquid
3087 5437 3116 5476 e
3179 5422 3442 5491 sanguine
3468 5463 3481 5485 ,

235 5543 384 5605 ρῶν,
427 5540 521 5592 καὶ
573 5538 635 5591 τὸ
688 5534 1114 5604 ὑπολειπόμενον
1156 5532 1337 5601 μέρος,
1378 5528 1570 5581 ταύτόν
1610 5529 1725 5580 ἐστι
1751 5527 1816 5594 tif.

1935 5524 2126 5578 animae.
2155 5536 2282 5591 pars
2316 5519 2646 5578 eﬁunditur;
2676 5516 2819 5571 istud
2859 5517 3003 5569 enim
3036 5516 3168 5570 levis
3195 5516 3485 5585 inanisque

242 5630 434 5686 παντί.
461 5628 645 5699 ’Υόωρ
674 5623 805 5693 γοῦν
860 5623 956 5676 καὶ
1012 5622 1073 5675 τὸ
1100 5621 1235 5674 πολὺ
1266 5619 1361 5673 καὶ
1387 5618 1447 5670 τὸ
1473 5616 1816 5686 βραχύτατον.

1936 5628 2117 5669 sermo
2148 5619 2267 5673 est;
2301 5609 2394 5665 sed
2423 5608 2565 5662 enim
2606 5606 2661 5658 in
2697 5606 2764 5658 iis
2798 5619 2918 5672 quae
2963 5611 3216 5657 constant
3249 5605 3494 5674 partibus

242 5724 449 5795 ’ὁμοίως
466 5723 557 5775 καὶ
583 5695 826 5790 ἄργυρος
844 5717 935 5770 καὶ
958 5717 1174 5787 χρυσὸς,
1199 5720 1293 5767 καὶ
1314 5712 1493 5765 πάντα
1511 5704 1581 5761 ὧν
1599 5710 1665 5762 τὰ
1692 5708 1816 5779 μέρτ

1938 5704 2295 5764 similaribus,
2348 5700 2508 5754 etiam
2550 5712 2676 5767 pars
2723 5711 2844 5765 quae.
2889 5695 3108 5749 residua
3165 5704 3248 5751 est
3306 5698 3492 5751 eadem

248 5820 310 5876 ὶῦ
338 5816 639 5873 διαλλάττει
666 5806 910 5885 ἀλλήλων
936 5810 1053 5863 κατ’
1071 5807 1279 5861 οὐσίαν.
1316 5803 1500 5867 Οὕτως
1531 5798 1622 5857 οὖν
1644 5802 1731 5858 καὶ
1774 5801 1816 5855 τὶ

1941 5805 2024 5853 εει
2049 5812 2172 5852 cum
2201 5802 2334 5848 toto.
2388 5793 2537 5862 Aqua
2572 5799 2715 5844 certe
2752 5797 2833 5844 est
2868 5790 3035 5845 multa
3072 5798 3122 5844 ct
3183 5790 3493 5860 perexigua.
