3920 6480
452 360 553 415 1M

1707 350 1764 408 S.
1799 352 2123 410 GREGORII
2161 352 2453 411 NYSSENI

3573 358 3677 413 192

456 474 719 530 Similiter
747 482 926 528 autem
960 483 1242 543 argentum
1275 484 1329 528 et
1358 490 1573 537 aurum,
1608 491 1837 544 quorum
1881 490 2008 545 par-

2122 476 2533 546 θπολειπόμενον
2577 472 2734 545 αἷμα,
2762 476 2885 529 ὅσον
2910 474 2975 529 ἂν
2998 475 3106 547 εἴη,
3144 474 3288 547 ψυχή
3314 477 3479 539 ἐστιν,
3517 480 3676 549 εἴπερ

455 577 541 623 tes
572 584 679 621 non
707 567 1022 637 discrepant
1051 584 1078 619 a
1111 583 1170 623 se
1217 568 1444 622 invicem
1486 568 1641 637 juxta
1682 569 2007 623 essentiam:

455 657 537 711 sic
572 643 738 727 igitur
766 657 991 726 sanguis
1035 659 1197 711 etiam
1229 658 1320 727 qui
1354 658 1698 726 relinquitur,
1751 670 2012 729 quantus-

456 761 675 817 cunque
723 746 923 814 fuerit,
979 750 1161 803 anima
1211 758 1326 814 est,
1375 749 1640 817 siquidem
1695 750 1875 803 anima
1931 758 2013 805 est

456 841 681 911 sanguis
712 860 724 895 :
761 842 891 895 illud
926 854 1057 911 ergo
1088 842 1270 909 potius
1302 839 1590 893 dicendum
1625 849 1742 903 est,
1788 840 1931 911 quod
1966 841 2013 895 si

458 932 741 1003 hoc‘esset
766 933 969 996 anima,
1007 948 1117 1001 quo
1156 931 1373 985 sublato
1422 942 1724 987 moreretur
1773 933 2009 987 animal:

456 1039 682 1094 prorsus
719 1024 880 1079 etiam
914 1023 1105 1092 llegma
1134 1022 1398 1092 pituitave
1431 1022 1609 1077 anima
1640 1030 1745 1085 est,
1780 1032 1834 1076 et
1893 1024 2015 1078 bilis

456 1124 728 1185 utraque;
765 1129 888 1167 nam
927 1114 1303 1194 qualecunque
1332 1112 1524 1167 horum
1558 1112 1811 1178 defuerit,
1856 1112 2011 1168 ﬁnem

454 1216 510 1264 et
536 1208 758 1262 exitium
788 1207 993 1259 inducit
1023 1206 1281 1259 animali:
1316 1205 1566 1275 idemque
1614 1206 1788 1274 jecur,
1820 1212 1874 1259 et
1926 1200 2035 1259 ce-‘

456 1303 696 1361 rebrum,
729 1306 782 1352 et
814 1313 929 1359 cor,
969 1305 1023 1351 et
1080 1297 1416 1360 stomachus,
1461 1307 1515 1353 et
1562 1313 1743 1360 renes,
1778 1306 1833 1351 et
1876 1297 2015 1352 intc-

454 1395 618 1454 stina,
649 1400 703 1446 et
734 1392 839 1444 alia
870 1391 1163 1459 pleraque;
1195 1406 1319 1444 nam
1351 1406 1459 1461 quo
1490 1392 1718 1447 istorum
1761 1397 2014 1458 exempto

456 1501 562 1539 non
591 1491 891 1538 moreretur
920 1483 1163 1535 animal?
1206 1483 1505 1553 (Zazteroqui
1535 1481 1703 1535 multa
1748 1487 1875 1537 sunt
1916 1497 2015 1535 ex-

453 1578 680 1650 sanguia
718 1575 960 1646 quidem,
991 1574 1083 1629 sed
1112 1574 1350 1627 animata
1386 1589 1400 1638 ;
1432 1583 1489 1627 ut
1520 1572 1699 1642 pisces
1734 1570 2015 1640 cartilagi-

453 1673 571 1726 nosi
604 1677 657 1723 et
691 1669 897 1737 absque
927 1664 1192 1734 squamis,
1233 1678 1297 1718 ac
1335 1663 1545 1728 molles,
1595 1662 1759 1717 veluti
1822 1662 2013 1730 sepiae,

453 1774 509 1819 et
535 1760 825 1821 tcuthides,
852 1758 1055 1826 lolligo,
1086 1756 1250 1826 myle,
1272 1761 1434 1823 atque
1468 1753 1714 1815 testacei,
1745 1760 1798 1807 et
1825 1766 2014 1806 omnes

2110 566 2253 638 ψυχὴ
2276 567 2334 620 τὸ
2356 563 2512 637 αἷμα.
2532 567 2733 619 Ἐκεῖνο
2753 566 2848 621 οὖν
2873 567 3069 637 μᾶλλον
3087 567 3323 630 λεκτέον,
3352 568 3432 621 ὅτι
3451 568 3498 620 εί
3518 566 3680 621 τοῦτό

2112 660 2225 711 ἐστι
2253 659 2418 729 ψυχὴ,
2442 654 2502 713 οὗ
2528 659 2905 729 ὲξαιρουμένου
2933 659 3150 731 θνήσκει
3178 658 3239 712 τὸ
3264 659 3428 723 ζῶον·
3460 660 3678 723 πάντως

2112 753 2203 805 καὶ
2234 752 2293 805 τὸ
2319 752 2533 822 φλέγμα
2569 752 2714 821 ψυχή
2760 754 2897 815 ὲστι,
2931 753 3026 805 καὶ
3054 753 3111 804 αἱ
3148 751 3302 823 χολαὶ
3331 752 3635 823 ἀμφότεραι
3662 769 3673 780 ·

2111 845 2291 897 ὁποῖον
2318 843 2427 913 γάρ
2455 842 2656 895 τούτων
2702 842 2769 898 ἂν
2810 844 2991 915 λείπῃ,
3025 843 3174 905 τέλος
3200 842 3392 910 ὲπάγει
3412 841 3490 911 τῷ
3517 841 3641 911 ζώῳ
3661 858 3677 873 ’

2112 936 2189 986 ἔτι
2216 934 2271 986 66
2304 936 2396 986 καὶ
2409 933 2469 986 τὸ
2496 931 2648 1006 ἧπαρ
2673 934 2765 988 καὶ
2786 937 2814 987 6
2837 934 3267 1001 ἱγκέφαλος,καὶ
3286 936 3320 1003 ἠ
3351 932 3562 1003 καρδία.
3586 933 3684 985 καὶ

2110 1028 2137 1077 6
2166 1026 2452 1095 στόμαχος,
2478 1027 2571 1078 καὶ
2625 1028 2674 1078 οἱ
2711 1027 2916 1095 νεφροὶ,
2946 1027 3038 1078 καὶ
3072 1027 3141 1078 τὰ
3174 1026 3388 1095 ἔντερα,
3419 1024 3513 1078 καὶ
3544 1024 3683 1077 ἀλλα

2113 1117 2299 1170 πολλά.
2333 1118 2489 1181 Τίνος
2514 1117 2621 1189 γὰρ
2637 1117 2838 1171 τούτων
2860 1118 3248 1190 ἐξαιρεθέντος,
3274 1119 3336 1171 ού
3369 1117 3683 1186 τεθνήξεται

2112 1208 2170 1259 τὸ
2188 1207 2323 1271 ζῶον
2343 1226 2357 1272 ;
2383 1209 2590 1271 ’Ἄλλως
2606 1225 2665 1260 τε
2684 1209 2854 1261 πολλά
2874 1210 3041 1271 ἐστιν,
3065 1210 3265 1279 ἄναιμα
3287 1214 3303 1231 ⁹
3322 1208 3437 1279 μὲν,
3463 1209 3684 1277 ἔμψυχα

2113 1298 2187 1358 66,
2246 1298 2322 1361 ὡς
2362 1299 2431 1351 τά
2471 1299 2739 1371 σμύραινα
2778 1302 2873 1353 καὶ
2907 1300 3166 1371 μαλάκια,
3218 1296 3329 1353 οἷον
3365 1300 3560 1369 σηπίας
3589 1302 3685 1353 καὶ

2112 1388 2505 1452 τευθίδες,.καὶ
2554 1391 2766 1459 σμύλοι,
2800 1394 2894 1445 καὶ
2941 1393 3118 1446 πάντα
3152 1392 3219 1445 τὰ
3255 1393 3684 1464 ὀστρακόδερμα,

2116 1481 2209 1533 καὶ
2239 1482 2644 1552 ἀπαλόστραγα,
2675 1484 2749 1546 ὡς
2764 1484 2811 1535 οἱ
2845 1483 3097 1554 κάραϐοι,
3131 1484 3224 1537 καὶ
3253 1485 3301 1535 οἱ
3322 1487 3564 1553 καρκῖνοι
3586 1484 3686 1537 καλ⁸

2114 1572 2356 1624 ἀστακοί.
2393 1574 2456 1625 Εἰ
2486 1573 2662 1626 τοίνυν
2693 1576 2837 1628 ἐστὶν
2868 1574 3085 1645 ἔμψυχα
3116 1574 3232 1645 μὲν,
3256 1575 3468 1645 ἄναιμα
3493 1574 3568 1638 δὲ,
3592 1575 3689 1645 δῆ-

2115 1664 2204 1716 λον
2226 1664 2299 1727 ὡς
2326 1666 2423 1717 ούκ
2444 1665 2589 1718 ἐστιν
2609 1660 2747 1735 αἷμα
2779 1670 2811 1736 ἡ
2841 1667 3006 1736 ψυχή.
3036 1668 3178 1736 Πρὸς
3205 1668 3262 1719 δὲ
3280 1668 3404 1730 τοὺς
3430 1667 3688 1735 λέγοντας

2118 1754 2258 1825 ὓδωρ
2304 1750 2441 1808 εἶναι
2486 1757 2585 1825 τὴν
2619 1756 2815 1826 ψυχὴν,
2870 1757 2951 1809 ὅτι
2996 1756 3056 1809 τὸ
3088 1755 3231 1827 ὕδωρ
3262 1756 3507 1825 φαίνεται
3550 1757 3688 1820 ζωο-

455 1863 594 1911 testa
626 1867 726 1922 pro
753 1860 875 1905 cute
905 1846 1111 1919 prasditi
1142 1854 1197 1901 ct
1227 1846 1374 1900 molli
1402 1853 1539 1901 testa
1574 1846 1790 1909 muniti,
1826 1845 2011 1899 carabi

2122 1847 2299 1915 γονοῦν
2339 1848 2534 1912 πάντα,
2565 1849 2659 1901 καὶ
2693 1848 2862 1919 χωρὶς
2891 1846 3081 1911 ὓδατος
3115 1847 3374 1917 βιοτεύειν
3403 1847 3686 1911 ἀδύνατον,

454 1955 509 2003 et
536 1945 715 1999 cancri
745 1951 797 1999 et
820 1942 1013 1997 astaci.
1046 1940 1103 1994 Si
1146 1939 1312 2009 igitur
1343 1945 1471 1993 sunt
1528 1938 1761 1991 animata
1796 1938 2014 2007 quidem

456 2038 555 2095 sed
615 2035 929 2104 exsanguia,
962 2032 1304 2102 perspicuum
1334 2038 1417 2085 est
1466 2029 1701 2083 animam
1732 2045 1838 2081 non
1894 2044 2016 2083 esse

456 2131 813 2198 sanguinem;
843 2126 1039 2179 etenim
1081 2124 1340 2177 adversus
1403 2136 1497 2177 eos
1527 2122 1615 2189 qui
1673 2121 1862 2175 dicunt
1900 2122 2017 2174 ani-

457 2237 600 2276 mam
630 2234 750 2274 esse
781 2231 998 2285 aquam,
1034 2230 1099 2270 eo
1132 2214 1276 2283 quod
1310 2228 1448 2279 aqua
1477 2214 1723 2267 videatur
1743 2213 2016 2267 viviﬁcare

458 2310 665 2370 omnia,
703 2315 756 2361 et
786 2307 994 2374 absque
1023 2318 1163 2373 aqua
1208 2304 1387 2357 vivere
1419 2301 1503 2355 fas
1558 2318 1665 2355 nou
1706 2304 1813 2357 sit:
1849 2303 2016 2357 inter—

457 2404 588 2458 dum
629 2400 796 2453 multa
820 2412 1037 2468 quoque
1067 2394 1442 2449 iutercidentia
1467 2412 1481 2460 ;
1506 2410 1678 2464 neque
1706 2395 1847 2449 enim
1890 2396 2014 2449 abs-

457 2510 565 2565 que
614 2493 872 2545 alimcuto
931 2489 1055 2557 quis
1106 2488 1271 2541 vitam
1324 2487 1519 2557 degere
1577 2495 1788 2556 potest:
1852 2488 2018 2558 igitur

456 2585 715 2644 animam,
751 2589 807 2635 et
836 2579 1091 2634 alimenta
1126 2578 1304 2631 omnia
1329 2577 1603 2647 sigillatim
1638 2578 1864 2632 dicenda
1920 2593 2018 2647 per

458 2692 553 2732 se:
589 2673 785 2729 deinde
816 2672 983 2726 multa
1014 2671 1267 2723 animalia
1307 2677 1436 2724 sunt
1496 2686 1615 2739 quae
1650 2685 1756 2723 non
1802 2671 2014 2736 bibunt,

458 2776 517 2820 ut
548 2767 615 2820 de
645 2762 970 2834 quibusdam
1010 2761 1211 2830 aquilis
1235 2768 1511 2825 narratur,
1532 2769 1584 2813 et
1616 2762 1800 2829 perdix
1837 2762 2018 2816 vivere

456 2865 632 2929 potest
661 2858 867 2925 absque
909 2864 1056 2923 potu.
1107 2851 1212 2906 Sed
1270 2867 1368 2906 cur
1418 2854 1597 2921 potius
1638 2867 1777 2921 aqua
1811 2859 1864 2905 et
1908 2867 2019 2907 non

455 2949 741 3005 aer?nam
776 2946 843 3000 ad
875 2945 1104 2999 multum
1137 2952 1350 3011 tempus
1392 2944 1505 2996 lieri
1538 2950 1715 3011 potest
1740 2951 1798 2995 ut
1845 2943 2018 2997 absti-

457 3049 648 3098 neatur
674 3054 835 3109 aqua,
874 3037 967 3093 sed
1003 3050 1110 3089 non
1166 3035 1378 3103 spirare
1428 3050 1578 3095 aera,
1638 3050 1705 3088 ue
1746 3035 2017 3087 tantillum

455 3133 675 3204 quidem
706 3128 966 3199 temporis
992 3126 1254 3196 possibile
1285 3132 1369 3180 est
1404 3144 1416 3179 :
1452 3141 1640 3180 verum
1672 3141 1741 3179 ne
1775 3141 1868 3179 acr
1894 3126 2017 3195 qui-

456 3226 579 3280 dem
626 3223 808 3277 anima
860 3228 981 3283 est;
1038 3218 1237 3273 etenim
1271 3219 1439 3272 multa
1475 3229 1603 3273 sunt
1639 3234 1759 3288 qua:
1808 3219 2020 3285 vivunt,

457 3331 560 3371 nec
588 3322 767 3368 tamen
796 3313 1007 3382 Spiraut
1030 3326 1233 3375 aerem,
1260 3320 1319 3363 ut
1341 3310 1547 3364 insecta
1569 3310 1769 3369 omnia,
1791 3317 1850 3363 ut
1871 3325 2019 3379 apes,

460 3407 592 3469 fuci,
623 3421 821 3476 vespm,
878 3405 1138 3468 formicaa,
1174 3414 1227 3459 et
1276 3404 1595 3473 exsanguia,
1633 3412 1688 3457 et
1739 3419 1769 3457 e
1796 3403 2023 3457 marinis

459 3500 650 3561 multa,
690 3499 873 3552 omnia
903 3497 1138 3564 denique
1163 3511 1283 3565 qua:
1316 3494 1572 3561 pulmone
1608 3501 1819 3548 carent.
1876 3491 2021 3545 Nihil

460 3592 605 3647 enim
633 3590 779 3662 quod
814 3590 1124 3659 pulmonem
1162 3603 1267 3659 non
1305 3587 1469 3641 habet
1504 3586 1676 3657 spirat
1712 3600 1890 3640 aerem
1923 3602 1938 3651 ;
1971 3592 2024 3639 et

461 3685 517 3740 id
553 3694 699 3739 retro
730 3682 967 3737 vicissim
1004 3686 1291 3741 commeat,
1324 3678 1459 3732 nihil
1480 3692 1667 3733 eorum
1699 3692 1820 3745 qua:
1852 3675 2025 3745 respi-

462 3786 589 3831 rant
625 3791 822 3838 aerem,
854 3774 1109 3843 pulmone
1142 3780 1313 3827 caret.
1363 3769 1813 3840 Quandoquidem
1860 3769 2023 3824 etiam

462 3867 742 3923 Cleanthis
784 3865 980 3927 Stoici,
1030 3873 1084 3919 et
1122 3863 1411 3935 Chrysippi
1449 3863 1697 3917 feruntur
1746 3876 2025 3918 sermones

462 3958 681 4028 quidam
722 3972 829 4010 non
869 3954 1272 4015 contemnendi,
1308 3953 1641 4023 exponenda:
1671 3962 1798 4007 sunt
1829 3952 2024 4006 horum

462 4050 626 4103 etiam
657 4048 975 4111 solutiones,
1020 4056 1078 4099 ut
1113 4046 1391 4100 solverunt
1425 4060 1519 4099 eas
1568 4043 1812 4097 Platonis
1859 4044 2026 4099 disci-

463 4138 903 4209 puli.Cleanthcs
934 4138 1094 4191 talem
1126 4135 1646 4205 argumentationem
1682 4134 1851 4189 nectit
1877 4133 2023 4187 :Non

466 4233 668 4295 solum,
702 4230 901 4299 inquit,
932 4229 1139 4283 similes
1170 4226 1487 4297 parentibus
1523 4225 1799 4281 nascimur
1836 4239 2027 4280 secun-

464 4325 597 4380 dum
630 4337 850 4392 corpus,
878 4336 1063 4375 verum
1114 4319 1279 4374 etiam
1324 4318 1479 4387 juxta
1518 4318 1779 4380 animam,
1817 4316 2028 4371 ratione

466 4412 781 4472 all'ectuum,
810 4423 1045 4471 morum,
1079 4406 1423 4461 aﬂectionum
1452 4424 1467 4473 ;
1500 4420 1700 4474 corpus
1747 4415 1925 4459 autem
1952 4406 2029 4459 si-

2118 1941 2246 1993 ποτὲ
2294 1942 2459 1996 πολλά
2526 1942 2596 1996 τά
2655 1944 3060 1997 ἀντιπίπτοντα.
3121 1942 3255 1996 Οὐδὲ
3314 1943 3424 2012 γὰρ
3479 1943 3689 2013 τροφῆς

2115 2032 2281 2101 χωρὶς
2331 2029 2439 2085 οἷόν
2492 2050 2550 2086 τε
2611 2035 2748 2103 ζῇνο
2812 2032 2992 2103 ψυχὴν
3070 2033 3191 2101 ἀρα,
3250 2032 3343 2084 καὶ
3402 2030 3502 2093 τὰς
3562 2047 3689 2100 τρο-

2117 2124 2222 2192 φὰς
2279 2125 2456 2188 πάσας
2534 2127 2656 2178 καθ’
2728 2127 2965 2195 ἑκάστην
3022 2126 3213 2196 ῥητέον
3271 2124 3391 2178 κατ’
3468 2124 3638 2187 αὐτάς
3668 2140 3684 2154 ·

2116 2215 2305 2268 ἔπειτα
2342 2216 2508 2269 πολλὰ
2548 2216 2659 2269 τῶν
2706 2216 2859 2280 ζώων
2897 2218 3012 2270 ἐστί⁸
3063 2217 3138 2287 μὴ
3187 2217 3429 2281 πίνοντα,
3469 2217 3545 2280 ὡς
3594 2216 3688 2269 ὲπί

2114 2324 2273 2360 τινων
2308 2308 2479 2361 ἀετῶν
2516 2309 2825 2378 ἱστόρηται·
2869 2310 2962 2361 καὶ
3006 2308 3194 2377 πέρδιξ
3232 2308 3287 2360 δὲ
3331 2308 3552 2360 δύναται
3586 2308 3691 2379 ζῇν

2114 2400 2282 2468 χωρὶς
2312 2399 2402 2452 τοῦ
2439 2400 2632 2454 πίνειν.
2674 2402 2771 2453 Διὰ
2803 2401 2855 2453 τί
2890 2401 2947 2453 δὲ
2979 2400 3175 2470 μᾶλλον
3204 2400 3263 2453 τὸ
3291 2400 3434 2471 ὕδωρ
3467 2402 3559 2452 καὶ
3586 2402 3692 2472 οὺχ

2116 2491 2144 2542 ὁ
2172 2490 2307 2560 ἀήρ;
2341 2490 2566 2553 ’Ύδατος
2605 2491 2700 2561 μὲν
2737 2490 2845 2561 γὰρ
2885 2491 2977 2544 καὶ
3026 2492 3119 2543 ἐπὶ
3153 2490 3284 2543 πολὺ
3324 2489 3545 2542 δυνατὸν
3578 2492 3690 2543 ἀπ-

2119 2580 2355 2650 έχεσθαι·
2397 2581 2490 2633 τοῦ
2519 2581 2573 2634 66
2604 2583 2858 2634 ἀναπνεῖν
2882 2582 2973 2634 τὸν
2998 2581 3155 2652 ἀέρα,
3187 2581 3304 2633 οὐδὲ
3332 2581 3392 2633 τὸ
3419 2579 3690 2650 βραχύτα-

2116 2689 2239 2725 τον·
2276 2673 2388 2725 ἁλλ’
2437 2673 2555 2725 οὐδὲ
2592 2675 2620 2726 6
2655 2674 2762 2745 ἀὴρ
2799 2673 2965 2743 ψυχή.
3000 2673 3173 2725 Πολλά
3216 2673 3323 2743 γάρ
3354 2673 3466 2725 ἐστι
3510 2670 3690 2735 ζῶντα

2121 2763 2239 2833 μὲν,
2289 2764 2362 2836 μὴ
2418 2765 2751 2817 ἀναπνέοντα
2795 2764 2851 2816 δὲ
2892 2766 2983 2817 τὸν
3028 2764 3196 2834 ἀέρα,
3247 2764 3323 2826 ὡς
3364 2764 3431 2816 τὰ
3486 2763 3691 2834 ἔντομα

2119 2855 2316 2917 πάντα,
2368 2849 2477 2907 οἷον
2517 2855 2781 2926 μέλιτται,
2831 2856 2922 2907 καὶ
2955 2856 3178 2925 σφῆκες,
3231 2856 3324 2908 καὶ
3372 2854 3687 2925 μύρμηκες,

2119 2948 2211 2999 καὶ
2249 2948 2317 2999 τὰ
2364 2947 2591 3016 ἄναιμα,
2639 2948 2732 3000 καὶ⁹
2776 2947 2883 2999 τῶν
2926 2946 3222 3000 θαλαττίων
3254 2946 3324 2999 τά
3366 2948 3553 3013 πολλὰ,
3591 2950 3691 3001 καὶ

2119 3039 2297 3092 πάντα
2330 3042 2429 3093 ὅσα
2469 3042 2568 3093 οὐκ
2607 3039 2717 3108 ἔχει
2764 3039 3055 3109 πνεύμονα.
3109 3040 3273 3093 υύδὲν
3306 3039 3413 3112 γὰρ
3451 3043 3527 3111 μὴ
3564 3042 3691 3112 ἕχον

2048 3169 2093 3229 c
2128 3131 2407 3201 πνεύμονα
2433 3132 2659 3185 ἀναπνεῖ
2681 3132 2772 3184 τὸν
2804 3131 2938 3201 ἀέρα
2961 3146 2976 3161 ⁸
3014 3131 3109 3184 καὶ
3136 3132 3495 3202 ἀντιστρέφει,
3533 3134 3692 3187 οὐδὲν

2129 3222 2203 3293 μὴ
2236 3222 2497 3275 ἀναπνέον
2542 3225 2631 3276 τὸν
2672 3222 3128 3293 ἀέρα,πνεύμονα
3156 3222 3289 3291 ἔχει.
3342 3223 3556 3294 Ἐπειδὴ
3595 3226 3693 3278 καὶ

2125 3314 2429 3377 Κλεάνθους
2476 3313 2571 3365 τοῦ
2619 3312 2879 3376 Στωϊκοῦ,
2930 3313 3023 3365 καὶ
3064 3314 3387 3383 Χρυσίππου
3435 3316 3691 3385 φέρονται

2124 3404 2269 3473 λόγοι
2298 3405 2439 3467 τινὲς
2486 3406 2585 3457 οὐκ
2634 3405 3117 3475 εὐκαταφρόνητοι,
3159 3406 3414 3476 ὲκρητέον
3448 3408 3540 3459 καὶ
3569 3408 3699 3460 τού-

2124 3513 2233 3548 των
2261 3495 2359 3558 τὰς
2394 3494 2596 3557 λύσεις,
2644 3496 2717 3558 ὡς
2746 3497 3020 3549 ἀπέλυσαν
3050 3498 3100 3547 οί
3136 3495 3243 3549 ἀπὸ
3286 3497 3583 3561 Πλάτωνος.
3628 3498 3693 3552 '0

2125 3586 2403 3655 Κλεάνθης
2462 3587 2662 3640 τοιόνδε
2712 3588 2895 3641 πλέκει
2944 3586 3319 3657 συλλογισμόν·
3370 3588 3444 3641 Οὐ
3506 3590 3691 3659 μόνον,

2127 3678 2309 3748 φησὶν,
2344 3680 2516 3748 ὅμοιοι
2548 3681 2660 3741 τοῖς
2684 3678 2900 3748 γονεῦσι
2928 3681 3187 3750 γινόμεθα
3220 3679 3357 3733 κατά
3400 3680 3463 3732 τὸ
3508 3679 3693 3749 σῶμα,

2126 3770 2260 3824 ἀλλά
2288 3771 2380 3824 καὶ
2413 3771 2550 3823 κατὰ
2587 3770 2682 3840 τὴν
2706 3771 2900 3842 ψυχὴν,
2950 3774 3063 3834 τοῖς
3106 3772 3321 3835 πάθεσι,
3360 3774 3471 3835 τοῖς
3508 3770 3691 3842 ἡθεσι,

2126 3865 2245 3926 ταῖς
2294 3862 2581 3916 διαθέσεσι,
2638 3862 2892 3932 Σώματος
2930 3863 2985 3915 δὲ
3032 3863 3093 3916 τὸ
3131 3864 3312 3933 ὅμοιον
3358 3863 3451 3917 καὶ
3492 3863 3550 3915 τὸ
3593 3862 3696 3917 ἀνα

2125 3954 2327 4024 όμοιον,
2359 3956 2477 4025 οὐχὶ
2499 3956 2555 4008 66
2584 3955 2893 4023 ἀσωμάτου’
2934 3950 3091 4024 σῶμα
3124 3954 3229 4025 ἄρα
3258 3955 3293 4024 ἡ
3322 3953 3487 4023 ψυχή.
3528 3951 3697 4005 Ἀλλὰ

2128 4046 2341 4115 πρῶτον
2369 4046 2467 4114 μὲν
2493 4046 2555 4096 ἐκ
2582 4044 2687 4097 τῶν
2713 4044 2805 4097 ἐπὶ
2835 4044 3034 4113 μέρους
3060 4042 3127 4095 τὰ
3150 4041 3373 4095 καθόλου
3418 4056 3696 4108 συγκαται-

2130 4138 2447 4201 σκευάςεται
2468 4152 2481 4165 ο
2524 4136 2658 4205 πρὸς
2686 4134 2858 4203 τούτῳ
2897 4134 2972 4196 66,
3004 4135 3097 4186 καὶ
3133 4133 3193 4185 τὸ
3218 4133 3335 4202 οὐχὶ
3371 4133 3435 4184 δι’
3465 4130 3694 4201 ἀσωμά-

2127 4246 2249 4293 του,
2303 4226 2495 4297 ψεῦδός
2544 4228 2678 4279 ἐστι.
2734 4226 2974 4295 Λέγομεν
3016 4226 3123 4295 γὰρ
3171 4226 3432 4295 ἀριθμοὺς
3476 4225 3695 4294 ὁμοίους

2129 4313 2288 4385 εἶναι,
2313 4312 2387 4372 ὧν
2428 4320 2481 4371 αἱ
2524 4318 2756 4388 πλευραὶ
2789 4316 3038 4384 ἀνάλογοί
3077 4317 3244 4369 εἰσιν·
3284 4316 3357 4378 ὡς
3384 4316 3474 4369 τὸν
3502 4314 3559 4380 ἒξ
3598 4317 3696 4369 καὶ⁸

2127 4410 2218 4463 τὸν
2250 4409 2676 4478 εἰκοσιτέσσαρα.
2727 4407 2960 4477 Πλευραὶ
3014 4408 3122 4478 γὰρ
3170 4407 3259 4459 τοῦ
3304 4407 3363 4473 ἓξ
3406 4407 3497 4459 καὶ
3528 4407 3556 4458 6
3597 4406 3695 4459 δύο

467 4506 628 4561 miles
654 4514 835 4574 partes
856 4503 1038 4564 habet,
1061 4510 1114 4556 et
1136 4500 1451 4561 dissimiles,
1478 4515 1586 4553 non
1612 4500 2021 4567 incorporeum;

2128 4503 2221 4556 καὶ
2251 4505 2279 4555 6
2313 4503 2489 4571 τρεῖς·
2530 4499 2623 4552 τοῦ
2661 4499 2715 4551 66
2762 4498 3190 4570 εἰκοσιτέσσαρα,
3231 4499 3259 4549 6
3295 4497 3551 4569 τέσσαρα,
3592 4498 3691 4550 καὶ

469 4612 669 4666 corpus
695 4596 858 4665 igitur
887 4594 1085 4647 anima.
1127 4591 1231 4647 Sed
1288 4590 1522 4661 primum
1574 4589 1791 4659 quidem
1850 4604 1915 4643 ex
1963 4588 2031 4641 iis

468 4702 590 4757 qua:
622 4686 965 4757 particularia
992 4691 1139 4747 sunt,
1178 4697 1285 4736 una
1316 4681 1670 4737 constituitur
1708 4679 1854 4750 quod
1905 4678 2029 4733 uni—

468 4795 686 4836 versum
715 4785 798 4833 est
829 4796 841 4831 :
875 4777 940 4829 ad
975 4776 1090 4829 haec
1123 4789 1250 4829 vero
1280 4774 1440 4829 etiam
1474 4771 1621 4843 quod
1660 4786 1772 4826 non
1828 4781 1910 4827 est
1944 4770 2030 4825 in-

470 4882 811 4937 corporeum,
852 4862 1191 4919 mendacium
1223 4870 1347 4929 est;
1388 4860 1621 4916 dicimus
1657 4861 1801 4915 enim
1840 4874 2033 4914 nume-

470 4977 560 5016 ros
588 4959 791 5015 similes
821 4972 960 5019 esse,
986 4971 1217 5026 quorum
1243 4954 1411 5009 latera
1436 4952 1860 5024 proportionalia
1882 4959 2029 5017 sunt;

472 5063 529 5108 ut
548 5068 641 5107 sex
665 5059 718 5105 et
746 5049 1201 5121 vigintiquatuor;
1234 5046 1401 5101 latera
1423 5046 1563 5101 enim
1592 5043 1801 5098 numeri
1832 5042 2033 5098 senarii

472 5151 598 5198 sunt
625 5140 735 5194 duo
762 5150 815 5193 et
845 5148 995 5204 tres;
1033 5136 1223 5207 viginti
1258 5144 1437 5191 autem
1462 5145 1714 5206 quatuor,
1749 5143 2034 5203 quaterna-

473 5233 586 5286 rius
610 5241 662 5285 et
693 5231 961 5286 senarius.
993 5228 1151 5299 Atqui
1181 5228 1480 5298 analogiam
1513 5237 1566 5282 et
1624 5225 2029 5295 proportionem

473 5325 674 5379 habent
703 5322 810 5377 duo
832 5323 898 5376 ad
936 5330 1191 5391 quatuor,
1224 5328 1279 5375 et
1306 5320 1412 5373 tria
1445 5320 1511 5372 ad
1571 5332 1665 5374 sex
1693 5334 1708 5381 ;
1762 5318 1814 5371 in
1868 5317 2029 5386 dupla

471 5415 613 5469 enim
645 5417 854 5468 ratione
884 5414 1341 5473 considerantur;
1384 5429 1511 5467 nam
1562 5421 1803 5482 quatuor
1865 5409 2029 5478 dupla

473 5515 600 5561 sunt
623 5506 873 5569 duorum,
904 5513 957 5559 et
995 5521 1086 5560 sex
1115 5506 1316 5569 trium;
1372 5505 1679 5574 incorporei
1734 5518 1863 5559 vero
1928 5518 2031 5555 uu-

475 5595 631 5660 meri,
673 5603 726 5650 et
766 5596 947 5666 figurae
998 5611 1154 5665 pares
1207 5604 1355 5659 sunt,
1414 5610 1751 5665 quazcunque
1799 5594 2027 5665 angulos

476 5702 634 5759 pares
666 5688 883 5752 habent,
924 5698 979 5745 et
1012 5690 1181 5744 latera
1230 5704 1352 5758 quze
1397 5688 1542 5743 circa
1586 5702 1744 5758 pares
1800 5686 2029 5757 angulos

477 5785 623 5843 sunt,
661 5778 1119 5849 proportionalia:
1186 5779 1411 5850 ﬁguram
1444 5793 1575 5836 vero
1634 5779 1797 5836 etiam
1856 5780 2031 5849 ipsam

2130 4595 2158 4646 6
2194 4592 2252 4658 ἓξ
2272 4608 2287 4623 ⁶
2321 4590 2607 4659 ἀναλογίαν
2635 4589 2690 4641 δὲ
2724 4588 2832 4658 ἔχει
2864 4591 2892 4642 6
2924 4589 3014 4641 δύο
3048 4590 3182 4660 πρὸς
3208 4588 3275 4643 τὰ
3302 4589 3558 4659 τέσσαρα,
3593 4587 3695 4641 καὶ

2128 4686 2158 4737 6
2183 4682 2307 4755 τρία
2332 4682 2463 4753 πρὸς
2497 4682 2588 4733 τὸν
2618 4680 2695 4745 ἓξ.
2742 4681 2828 4733 Ἐν
2858 4680 3153 4733 διπλασίονι
3172 4680 3277 4752 γὰρ
3302 4680 3441 4751 λόγῳ
3470 4680 3692 4749 θεωρεῖ-

2128 4791 2238 4829 ται.
2265 4774 2345 4827 Τά
2372 4774 2479 4844 γὰρ
2506 4775 2744 4845 τέσσαρα
2791 4772 2897 4826 τῶν
2921 4773 3013 4825 δύο
3038 4772 3369 4836 διπλασίονα,
3408 4773 3501 4827 καὶ
3536 4772 3602 4825 τὰ
3630 4769 3697 4834 ἒξ

2130 4868 2236 4921 τῶν
2264 4866 2426 4937 τριῶν
2448 4882 2461 4893 ·
2496 4864 2779 4935 ἀσώματον
2808 4865 2865 4917 66
2905 4866 2954 4917 οἱ
2982 4864 3200 4936 ἀριθμοί
3219 4882 3232 4895 ’
3267 4866 3334 4917 τὰ
3362 4866 3610 4935 σχήματα
3633 4864 3692 4917 66

2132 4960 2401 5029 σχήμασιν
2431 4958 2593 5027 ὃμοιὰ
2621 4960 2789 5019 ἐστιν,
2819 4961 2917 5012 ὅσα
2958 4960 3053 5023 τάς
3084 4976 3143 5010 τε
3174 4959 3372 5027 γωνίας
3400 4959 3515 5020 ἴσας
3554 4958 3690 5027 ἔχει,

2131 5053 2223 5107 καὶ
2254 5050 2351 5115 τάς
2381 5052 2507 5121 περὶ
2537 5054 2635 5115 τὰς
2665 5055 2783 5115 ἴσας
2811 5054 3011 5121 γωνίας
3050 5052 3286 5123 πλευράς
3316 5052 3599 5120 ἀνάλογονο
3630 5055 3695 5107 τὸ

2130 5147 2185 5200 δὲ
2216 5146 2401 5216 σχῆμα
2427 5146 2519 5199 καὶ
2544 5146 2673 5199 αὐτὸ
2712 5147 2996 5216 ἀσώματον
3037 5146 3129 5199 καὶ
3165 5146 3315 5199 αὐτοὶ
3345 5144 3697 5215 ὁμολογοῦσιν

2132 5232 2288 5289 εἶναι.
2326 5234 2445 5288 Ἔτι
2488 5233 2563 5297 ὡς
2588 5234 2679 5287 τοῦ
2713 5234 2877 5287 ποσοῦ
2910 5234 3035 5287 ἴδιόν
3066 5235 3179 5286 ἐστι
3206 5234 3265 5287 τὸ
3297 5229 3409 5287 ἴσον
3454 5234 3545 5286 καὶ
3578 5234 3699 5287 ἄνι-

2134 5346 2224 5381 σον
2245 5369 2259 5393 ,
2293 5326 2435 5381 οὕτω
2470 5327 2563 5379 καὶ
2598 5326 2689 5379 τοῦ
2723 5325 2876 5379 ποιοῦ
2904 5325 2963 5378 τὸ
2987 5326 3167 5395 ὅμοιον
3190 5326 3283 5379 καὶ
3319 5324 3380 5380 τὸ
3408 5324 3658 5393 ἀνόμοιον
3679 5338 3696 5354 ο

2132 5417 2419 5488 ἀσώματον
2445 5416 2501 5469 66
2538 5420 2570 5487 ἡ
2607 5417 2824 5486 ποιότης
2865 5416 3041 5470 ἐστίν’
3083 5414 3211 5483 ἄρα,
3263 5416 3355 5468 καὶ
3401 5413 3701 5483 ἀσώματον

2132 5510 2407 5581 ἀσωμάτῳ
2448 5510 2648 5579 ὅμοιον.
2686 5509 2903 5573 Ἐτιδὲ,
2938 5510 3097 5578 φησὶν
3143 5510 3171 5560 ό
3209 5508 3504 5577 Κλεάνθης,
3539 5506 3697 5559 οὐδὲν

2134 5599 2419 5670 ἀσώματον
2454 5599 2759 5669 συμπάσχει
2804 5598 3033 5667 σώματι,
3066 5599 3185 5652 οὐδὲ
3231 5600 3503 5670 ἀσωμάτῳ
3552 5615 3697 5669 συμ-

2134 5688 2332 5758 πάσχει
2381 5688 2559 5757 σῶμα,
2606 5686 2739 5740 ἀλλά
2777 5686 2930 5758 σῶμα
2981 5687 3229 5759 σώματιο
3276 5690 3581 5759 συμπάσχει
3633 5689 3697 5743 66

2134 5784 2166 5851 ἡ
2200 5780 2343 5852 ψυχὴ
2381 5781 2456 5852 τῷ
2491 5779 2699 5851 σώματι
2733 5781 2991 5847 νοσοῦντι,
3021 5782 3111 5840 καὶ
3141 5782 3471 5853 τεμνομένῳ,
3503 5781 3595 5835 καὶ
3632 5783 3697 5835 τὸ
