3920 6468
209 355 291 412 195
1584 338 1672 394 DE
1700 337 1757 392 Α]

1849 339 1940 395 ΙΑ.
3294 351 3397 406 194

206 471 334 540 σῶμα
359 468 416 538 τῇ
443 465 599 537 ψυχῇ.
632 460 1037 534 Αἰσχυνομένης
1066 459 1176 530 γάρ
1218 455 1448 529 ἐρυθρὸν
1497 456 1726 525 γίνεται,

1855 471 2211 528 ncorpoream
2245 459 2346 530 ipsi
2382 460 2622 516 fatentur
2653 477 2795 518 esse.
2835 462 3100 518 Praeterea
3131 469 3191 517 ut
3217 478 3399 533 quan-

204 562 278 616 καὶ
299 557 608 628 φοϐουμένης
642 555 820 625 ὠχρόν
838 569 854 584 ·
896 553 1054 623 σῶμα
1082 551 1190 621 ἄρα
1215 551 1249 619 ἡ
1278 547 1445 618 ψυχή.

1849 543 2006 600 .itatis
2029 547 2310 618 proprium
2341 561 2425 604 est
2450 565 2552 620 par
2584 558 2639 607 et
2667 551 2880 619 impar:
2910 553 2989 608 sic
3011 553 3174 608 etiam
3217 556 3397 624 quali-

205 657 306 708 tatis
331 653 494 707 simile
525 660 579 706 et
602 649 894 706 dissimile.
922 646 1306 716 lncorporeum
1335 657 1464 699 vero
1492 639 1728 710 qualitas
1767 647 1890 694 est:
1916 655 2046 712 ergo
2085 643 2471 714 incorporeum
2508 645 2833 717 incorporeo
2867 649 3064 704 simile.
3133 649 3214 703 Ad
3258 651 3395 714 haec,

200 749 443 806 Cleanthes
492 747 686 816 inquit,
759 744 896 799 nihil
993 744 1375 810 incorporeum
1430 738 1637 807 patitur
1675 751 1797 789 cum
1825 751 2070 806 corpore.
2091 755 2267 810 neque
2305 757 2432 796 cum
2462 742 2788 814 incorporeo
2809 759 3007 815 corpus
3029 748 3248 815 patitur,
3298 747 3395 803 sed

199 858 362 912 corpus
389 857 505 895 cum
538 854 809 909 corpore;
846 851 1037 890 verum
1082 836 1263 888 anima
1312 832 1477 887 simul
1520 829 1724 900 patitur
1760 840 1883 879 cum
1910 843 2140 898 corpore
2169 842 2465 903 aegrotante
2489 845 2543 890 et
2575 851 2700 891 cum
2749 847 3002 904 secatur;
3066 846 3120 894 et
3191 855 3397 908 corpus

197 956 293 995 cum
317 939 484 992 animo
503 937 817 997 cruciatur;
852 933 1051 987 etenim
1081 932 1440 986 erubescente
1478 933 1534 981 et
1573 921 1882 992 pudibunda
1918 924 2126 990 anima,
2202 942 2405 999 corpus
2451 930 2678 985 rubrum
2755 931 3007 998 efﬁcitur,
3056 940 3109 987 et
3155 947 3216 987 ea
3285 948 3400 988 me-

197 1047 366 1099 tuente,
397 1033 638 1105 pallescit
665 1050 680 1096 ;
708 1048 910 1102 corpus
936 1047 1065 1100 ergo
1091 1038 1178 1084 est
1207 1028 1407 1082 anima.

252 1128 382 1180 Ἐστι
424 1125 478 1178 δὲ
525 1124 588 1176 τὸ
615 1124 800 1194 ἕτερον
843 1123 952 1176 τῶν
997 1122 1300 1194 λημμάτων
1327 1119 1538 1190 ψεῦδος,
1584 1112 1725 1168 κατὰ

1899 1110 1995 1166 Est
2029 1113 2192 1166 etiam
2213 1115 2383 1170 altera
2418 1116 2796 1185 sumptionum
2844 1115 3001 1177 falsa,
3030 1118 3186 1184 juxta
3218 1123 3399 1189 prole-

197 1219 453 1292 πρόσληψιν
478 1216 853 1287 συγκείμενον,
879 1216 956 1269 τὸ-
969 1216 1148 1284 λέγον,
1181 1213 1374 1268 Οὐδὲν
1403 1210 1726 1279 ἀσώματον

1853 1205 1950 1256 tsitt
1988 1207 2477 1276 praeceptionemve
2515 1208 2842 1280 composita,
2891 1226 3012 1279 qua:
3054 1211 3204 1277 dicit,
3249 1211 3401 1269 Nihil

195 1312 377 1382 σώματι
406 1307 773 1379 συμπάσχει.
816 1309 882 1360 Τί
908 1309 1017 1380 γὰρ
1045 1311 1095 1362 ει
1129 1308 1264 1378 μόνῃ
1293 1308 1359 1376 τῇ
1388 1304 1534 1375 ψυχῇ
1568 1302 1726 1356 τοῦτο

1849 1310 2188 1363 ncorporeum
2240 1297 2513 1354 condolere
2554 1316 2673 1352 cum
2717 1316 2932 1368 corpore
2967 1302 3139 1372 :quid
3174 1304 3318 1358 enim
3351 1307 3397 1362 si

194 1405 465 1474 πρόσεστιν;
503 1400 714 1471 Ὥσπερ
741 1399 798 1453 εἴ
824 1417 907 1462 τις
933 1400 1101 1468 λέγοι,
1130 1398 1294 1451 Οὐδὲν
1325 1397 1462 1463 ζῶον
1489 1395 1588 1465 τὴν
1613 1394 1725 1447 ἄνω

1851 1387 1932 1442 ιοιί
1957 1388 2162 1446 anima:
2192 1388 2298 1446 hoc
2320 1389 2510 1446 inest?
2543 1393 3002 1462 quemadmodum
3061 1394 3108 1448 si
3153 1395 3280 1464 quis
3313 1395 3399 1449 di-

193 1493 318 1560 γένυν
345 1494 506 1544 κινεῖ·
553 1493 586 1544 ὁ
615 1490 670 1543 δὲ
710 1491 1049 1562 κροκόδειλος
1093 1491 1192 1561 τὴν
1223 1491 1333 1544 ἀνω
1377 1489 1539 1558 γένυν
1565 1490 1721 1541 κινεῖ.

1850 1487 1997 1542 :eret,
2030 1475 2249 1534 Nullum
2279 1481 2481 1534 animal
2515 1483 2850 1552 superiorem
2873 1484 3145 1539 maxillam
3181 1495 3398 1555 movet;

201 1581 302 1634 Ἰδοὺ
329 1581 426 1650 γὰρ
451 1581 479 1633 ό
498 1581 840 1652 κροκόδειλος
866 1582 959 1634 καὶ
984 1581 1140 1646 ζῶον,
1174 1581 1266 1634 καὶ
1290 1581 1390 1652 τὴν
1418 1581 1530 1634 ἄνω
1560 1578 1723 1648 γένυν

1852 1569 1926 1623 .ed
1962 1570 2273 1627 crocodilus
2329 1573 2666 1642 superiorem
2720 1577 2998 1630 maxillam
3033 1578 3220 1647 agitat.
3258 1579 3400 1635 Ecce

192 1674 330 1726 κινεῖ·
378 1672 463 1725 τὸν
516 1672 682 1725 αὐτὸν
721 1671 780 1724 δὲ
828 1673 1030 1743 τρόπον
1069 1673 1163 1724 καὶ
1205 1671 1331 1724 ὅταν
1378 1668 1512 1741 λέγῃ
1534 1668 1728 1739 μηδὲν

1853 1661 1970 1715 anim
1999 1662 2330 1728 crocodilus,
2379 1673 2435 1721 et
2469 1666 2695 1734 animal,
2732 1675 2786 1722 et
2825 1671 3161 1740 superiorem
3204 1674 3401 1728 maxil-

192 1759 699 1830 ἁσώματονσώματι
709 1761 1099 1833 συμπάσχειν
1121 1777 1137 1792 ·
1165 1759 1569 1829 προσλαμϐάνει
1611 1755 1722 1828 γὰρ

1851 1765 1929 1804 am
1954 1760 2153 1808 movet.
2171 1753 2488 1824 Eodemque
2507 1757 2668 1812 modo
2689 1758 2850 1813 etiam
2869 1775 2992 1814 cum
3007 1759 3160 1828 dicit,
3175 1762 3399 1818 Nullum

190 1850 234 1899 τι
253 1847 554 1916 ζητούμενον
587 1852 654 1918 τῇ
687 1849 984 1918 ἀποφάσειο
1017 1851 1065 1903 εί
1093 1851 1150 1903 δέ
1180 1867 1264 1915 τις
1303 1851 1555 1904 ὑπόθοιτο
1591 1849 1723 1921 ἀλη-

1898 1859 2188 1914 τονροτειιηι
2215 1863 2336 1900 cum
2364 1863 2582 1915 corpore
2610 1853 2929 1919 compatitur
2953 1868 2973 1916 ;
2999 1863 3054 1908 at
3071 1855 3216 1910 enim
3237 1873 3400 1913 assu-

191 1938 258 2002 θὲς
288 1935 410 1992 εἶναι
440 1939 502 1992 τὸ
551 1940 721 2009 μηδὲν
752 1940 1044 2010 ἀσώματον
1093 1942 1305 2012 σώματι
1346 1942 1686 2013 συμπάσχειν
1705 1959 1719 1972 ·

1855 1932 1924 1986 uit
1947 1933 2096 2003 quod
2134 1938 2482 2005 quatiebatur
2521 1940 2576 1994 in
2607 1943 2932 1999 assertione.
2991 1943 3048 1999 Si
3095 1961 3224 2002 vero
3277 1950 3403 2018 quis

189 2027 293 2079 ἀλλὰ
325 2027 379 2080 τὸ
419 2028 763 2100 ἐπαγόμενον
813 2030 913 2084 οὐκ
956 2030 1104 2087 ἔστιν
1147 2033 1596 2104 ὁμολογούμενον,
1639 2034 1722 2087 ὅτι

1856 2027 2176 2095 upposuerit
2219 2044 2410 2083 verum
2437 2045 2582 2099 esse,
2609 2033 2820 2087 nullum
2852 2036 3236 2106 incorporeum
3267 2055 3403 2096 con-

191 2119 452 2188 συμπάσχει
500 2120 533 2188 ἡ
577 2118 726 2190 ψυχὴ
763 2120 1006 2173 νοσοῦντι
1042 2120 1136 2174 καὶ
1161 2119 1482 2192 τεμνομένῳ
1508 2120 1588 2191 τῷ
1618 2118 1724 2173 σώ-

1854 2117 2010 2172 lolere
2056 2119 2318 2189 corpori:
2375 2129 2615 2177 attamen
2659 2124 2804 2194 quod
2846 2125 3126 2182 inducitur
3173 2145 3281 2184 non
3318 2137 3402 2186 est

191 2226 304 2277 μστι.
346 2209 903 2280 ’Δμφιϐάλλεταιγάρ
935 2209 1045 2263 εἴτε
1086 2211 1149 2264 τὸ
1193 2210 1354 2281 σῶμα
1403 2210 1562 2281 μόνον
1605 2209 1722 2263 ἐστὶ

1858 2224 2176 2276 oucessum,
2199 2210 2345 2280 quod
2373 2215 2556 2266 anima
2578 2215 2868 2269 condoleat
2888 2232 2997 2271 una
3023 2233 3148 2272 cum
3169 2234 3401 2290 corpore

185 2302 232 2354 τὸ
250 2303 439 2370 ἀλγοῦν,
464 2301 635 2355 λαὸὸν
657 2302 807 2372 παρὰ
834 2306 934 2374 τῆς
962 2301 1141 2372 ψυχῆς
1165 2304 1263 2374 τὴν
1289 2301 1560 2374 αἴσθησιν,
1584 2300 1720 2374 αὕτη

1853 2301 1969 2370 μιοά
2021 2312 2248 2371 :rgrotat
2305 2312 2359 2358 et
2417 2315 2655 2361 secatur.
2724 2309 2936 2379 Quippe
3001 2311 3293 2381 ambigitur
3331 2329 3401 2368 an

185 2391 370 2463 δὲμένει
398 2391 618 2462 ἀπαθής
638 2410 650 2421 ·
705 2391 816 2445 εἴτε
846 2391 940 2446 καὶ
970 2393 1222 2461 συναλγεῖ
1245 2392 1323 2464 τῷ
1353 2393 1584 2463 σώματι.
1613 2391 1724 2446 Καὶ

1858 2409 2026 2464 orpus
2051 2396 2230 2450 solum
2255 2397 2348 2459 sit,
2377 2398 2522 2467 quod
2555 2400 2736 2454 doleat
2761 2417 2926 2455 sensu
2977 2403 3046 2456 ab
3083 2406 3260 2458 anima
3309 2421 3404 2461 ac-

186 2486 340 2552 κρατεῖ
366 2484 561 2554 μᾶλλον
609 2487 763 2555 παρά
795 2487 905 2549 τοῖς
935 2483 1296 2556 ἐνδοξοτέρους
1319 2484 1382 2538 τὸ
1423 2484 1684 2556 πρότερον
1704 2498 1719 2515 ο

1857 2494 2006 2554 epto,
2066 2494 2124 2540 ut
2184 2487 2300 2554 ipsa
2342 2499 2558 2544 maneat
2601 2491 2808 2546 doloris
2857 2507 3086 2562 expers;
3145 2510 3212 2547 an
3273 2512 3405 2550 vero

183 2574 319 2638 οὐδεὶς
339 2575 391 2628 δὲ
414 2575 478 2628 ἐκ
503 2575 620 2628 τῶν
650 2575 1142 2647 ἀμφιϐαλλομένων
1176 2577 1398 2645 συνάγει
1422 2577 1548 2641 τοὺς
1597 2575 1724 2628 συλ-

1860 2577 2157 2632 oleatcum
2191 2594 2442 2649 corpore.
2503 2579 2726 2636 Obtinet
2783 2591 2966 2636 autem
3023 2584 3206 2653 potius
3259 2587 3402 2655 apud

183 2663 444 2736 λογισμοὺς,
474 2666 592 2720 ἀλλ’
641 2668 706 2720 ὲκ
731 2666 840 2721 τῶν
879 2667 1322 2738 ὁμολογουμένων
1344 2684 1358 2700 °
1407 2667 1472 2720 ἐκ
1505 2685 1723 2738 περιου-

1850 2668 2086 2724 ιιειοίοτεε
2138 2669 2287 2723 viros
2335 2669 2482 2740 quod
2542 2671 2693 2741 prius
2723 2680 2828 2727 est.
2890 2673 3057 2742 Atqui
3122 2690 3284 2729 nemo
3332 2692 3398 2732 ex

184 2753 275 2818 σίας
312 2756 362 2808 δὲ
402 2758 679 2810 δείκνυται
711 2757 803 2810 καί
850 2775 972 2810 τινα
1018 2757 1287 2828 ἀσώματα
1327 2757 1723 2830 συμπάσχοντα

1854 2761 2202 2816 :ontroversis
2227 2761 2435 2831 colligit
2464 2770 2520 2816 et
2566 2763 2849 2817 concludit
2876 2767 3402 2834 argumentationes,

181 2847 265 2908 τοῖς
306 2845 562 2918 σώμασιν.
617 2848 683 2901 Αἱ
730 2847 1012 2920 ποιότητες
1055 2848 1189 2917 γοῦν
1237 2850 1519 2920 ἀσώματοι
1562 2847 1720 2905 οὖσαι

1854 2869 2011 2908 erum
2036 2869 2101 2907 ex
2129 2855 2198 2909 iis
2218 2869 2338 2924 qua:
2369 2855 2768 2910 conceduntur.
2806 2856 2977 2910 Porro
3003 2873 3068 2912 ex
3102 2860 3402 2914 abundanti

180 2941 453 3009 πασχόντων
493 2941 612 2994 τῶν
658 2927 1050 3010 σωμάτωνᾶαὶ
1090 2942 1253 2994 αὑταὶ
1285 2942 1717 3011 συμπάσχουσιν,

1854 2944 2091 2998 ιτοιωιυιι
2124 2945 2287 2998 etiam
2313 2946 2560 3014 quaedam
2598 2947 2919 3018 incorporea
2972 2950 3083 3018 pati
3123 2966 3245 3004 cum
3281 2966 3402 3004 cor-

180 3030 225 3082 ἕν
243 3048 292 3084 τε
331 3035 388 3102 τῇ
418 3033 597 3104 φθορᾷ
632 3034 728 3086 καὶ
752 3036 818 3104 τῇ
859 3035 1108 3104 γεννήσει
1140 3032 1612 3102 συναλλοιούμεναι
1642 3031 1720 3101 τῷ

1854 3037 2072 3092 oribus.
2123 3037 2306 3103 Quare
2337 3040 2634 3108 qualitates
2690 3039 3026 3110 ineorporea:
3081 3057 3204 3096 cum
3265 3043 3402 3105 sint,

181 3100 376 3190 ctbnatt.
415 3100 749 3197 Χρόσιππος
792 3100 1081 3194 δέίφησιν,
1127 3125 1210 3178 ὅτι
1261 3127 1289 3177 ὁ
1338 3100 1566 3188 θάνατός
1603 3100 1718 3177 ἐστι

1853 3144 1949 3182 nun
2001 3130 2284 3199 patiuntur
2336 3146 2588 3201 corpora,
2643 3132 2776 3202 ipsa:
2817 3148 3037 3202 quoque
3075 3134 3401 3198 condolent,

177 3217 410 3288 χωρισμὸς
436 3218 622 3290 ψυχῆς
661 3218 772 3271 ἀπὸ
816 3217 1099 3288 σώματος·
1135 3217 1289 3271 οὐδὲν
1334 3217 1390 3270 δὲ
1432 3217 1719 3286 ἀσώματον

1861 3237 1949 3274 um
1985 3221 2039 3274 in
2077 3230 2222 3282 ortu,
2250 3231 2412 3291 atque
2445 3223 2671 3278 interitu
2700 3224 2860 3279 aliter
2905 3224 3219 3280 abiciuntur
3269 3241 3401 3280 cum

176 3310 262 3362 ἀπὸ
283 3309 519 3381 σώματος
559 3311 877 3381 χωρίζεται.
909 3310 1041 3363 Οὐδὲ
1069 3310 1176 3380 γάρ
1204 3310 1504 3377 ἐφάπτεται
1536 3308 1719 3378 σώμα-

1855 3325 2069 3380 orpore.
2092 3311 2430 3382 Chrysippus
2455 3321 2636 3368 autem
2664 3314 2740 3368 ait
2789 3322 3019 3369 mortem
3071 3331 3193 3371 esse
3246 3331 3403 3386 sepa-

176 3418 247 3466 τος
269 3402 576 3474 ἀσώματονο
631 3405 664 3475 ἡ
706 3404 763 3457 δὲ
803 3403 947 3475 ψυχὴ
979 3403 1071 3458 καὶ
1100 3403 1399 3472 ἐφάπτεται
1436 3403 1530 3457 καὶ
1557 3404 1722 3474 χωρί-

1851 3403 2090 3455 ationem
2123 3404 2317 3456 animae
2345 3419 2377 3456 a
2405 3419 2637 3473 corpore
2665 3421 2680 3470 ;
2711 3405 2822 3475 jam
2849 3421 2978 3460 vero
3033 3407 3168 3460 nihil
3212 3407 3399 3461 incor-

176 3493 298 3556 ζεται
340 3495 431 3549 τοῦ
482 3493 772 3565 σώματος·
823 3495 923 3548 οὐκ
973 3496 1080 3565 ἄρα
1129 3491 1421 3564 ἀσώματος
1464 3495 1497 3564 ἡ
1549 3493 1715 3564 ψυχή.

1853 3510 2046 3549 loreum
2072 3509 2100 3547 a
2135 3511 2364 3564 corpore
2389 3504 2677 3565 separatur
2704 3514 2718 3563 ;
2747 3513 2926 3567 neque
2945 3498 3091 3552 enim
3139 3499 3401 3570 incorpo-

175 3585 357 3640 Τούτων
397 3588 457 3639 τὸ
507 3588 612 3657 μὲν
652 3587 744 3638 τὸν
788 3587 1014 3640 θάνατον
1059 3585 1337 3657 χωρισμὸν
1366 3579 1507 3640 εἶναι
1542 3585 1721 3657 ψυχῆς

1855 3605 1976 3642 eum
2005 3589 2276 3659 contingit
2307 3605 2509 3659 corpus
2534 3607 2548 3656 ;
2571 3590 2750 3642 anima
2778 3605 2910 3644 vero
2934 3599 2989 3645 et
3027 3592 3246 3662 attingit
3275 3608 3403 3647 cor-

173 3677 260 3728 ὰπδ
295 3677 562 3747 σώματος,
611 3677 814 3748 ἀληθές
860 3677 1005 3728 ἐστι·
1052 3676 1112 3729 τὺ
1161 3677 1218 3729 δὲ
1269 3676 1341 3746 μὴ
1383 3676 1718 3746 ἐφάπτεσθαι

1848 3695 1922 3735 ius
1952 3689 2005 3735 et
2036 3691 2328 3751 separatur
2361 3682 2428 3735 ab
2457 3697 2543 3736 eo.
2572 3680 2692 3736 Non
2720 3689 2806 3737 est
2862 3682 3030 3753 igitur
3075 3685 3259 3738 anima
3307 3686 3396 3739 in-

174 3767 420 3838 ὰσιὶιματον
455 3769 736 3839 σώματος,
767 3768 956 3838 ψευδὲς
999 3767 1096 3838 μέν
1142 3769 1258 3821 ἐστι
1302 3767 1531 3822 καθόλου
1562 3767 1718 3836 λεγό-

1847 3789 2101 3842 orporea.
2135 3773 2212 3827 Ex
2245 3774 2332 3828 his
2361 3790 2550 3828 verum
2586 3774 2734 3828 istud
2762 3784 2869 3839 est,
2914 3791 3110 3845 nempe
3163 3785 3395 3833 mortem

175 3880 330 3931 μενον·
365 3865 456 3916 ἐπὶ
482 3864 542 3917 δὲ
568 3863 671 3933 τῆς
703 3863 880 3934 ψυχῆς
907 3863 1105 3933 ἀληθές
1126 3879 1141 3896 ο
1169 3863 1362 3932 ψεῦδος
1394 3864 1512 3934 μὲν,
1532 3863 1718 3934 ἐπειδὴ

1855 3880 1939 3919 sse
1973 3865 2368 3934 separationem
2396 3866 2590 3918 anima!
2617 3882 2643 3918 a
2673 3881 2939 3935 corpore;
2995 3868 3088 3922 sed
3128 3868 3260 3922 illud
3302 3867 3403 3922 fal~

174 3955 296 4025 καὶὴ
321 3955 554 4026 γραμμὴ
589 3954 880 4025 ἀσώματος
923 3950 1075 4015 οὖσα,
1125 3955 1428 4024 ἐφάπτεται
1472 3954 1719 4025 σώματος

1854 3972 2084 4010 unicum
2127 3957 2180 4009 in
2225 3972 2424 4026 genere
2454 3956 2678 4021 dicitur,
2714 3957 2862 4026 quod
2905 3959 3288 4028 incorporeum
3315 3967 3402 4012 est

172 4048 246 4099 καὶ
277 4049 586 4118 χωρίζεται,
647 4047 848 4117 ὁμοίως
895 4047 988 4100 καὶ
1012 4048 1044 4116 ἡ
1072 4047 1330 4118 λευκότης
1350 4061 1362 4073 ⁸
1414 4049 1508 4108 ἐπὶ
1533 4047 1588 4100 δὲ
1619 4047 1718 4118 τῆς

1849 4065 1926 4101 non
1968 4047 2232 4117 attingere
2276 4063 2518 4117 corpus;
2569 4048 2663 4102 sed
2706 4063 2893 4102 verum
2937 4057 3020 4103 est
3071 4051 3124 4102 in
3176 4050 3397 4114 anima;

171 4138 316 4209 φθῇς
339 4141 558 4210 ἀληθές.
619 4140 694 4193 Οὐ
751 4138 859 4208 γὰρ
909 4140 1210 4206 ἐφάπτεται
1257 4137 1350 4190 τοῦ
1402 4138 1714 4210 σώματοςή

1850 4141 1952 4195 llud
1993 4151 2139 4195 certe
2167 4139 2384 4202 falsum,
2430 4143 2690 4209 quoniam
2719 4140 2859 4194 linea
2902 4157 3023 4211 quae
3077 4141 3398 4211 incorporea

169 4230 308 4304 ψυχή.
340 4232 400 4285 Εἰ
426 4233 538 4304 γάρ
561 4232 887 4300 ἐφάπτεται,
915 4230 1154 4300 δηλονότι
1182 4231 1507 4302 παράκειται
1538 4230 1714 4301 αὐτῷ’

1854 4244 1923 4294 st,
1957 4232 2175 4300 attingit
2205 4246 2429 4300 corpus,
2477 4237 2533 4285 et
2568 4238 2884 4298 separatur:
2935 4231 3189 4285 similiter
3235 4231 3397 4286 etiam

170 4325 291 4377 εἰδὲ
330 4325 511 4390 τοῦτο,
564 4326 665 4393 οὐχ
720 4323 824 4390 ὅλῳ
873 4325 1222 4394 παράκειται.
1282 4323 1565 4378 Ἀδύνατον
1611 4325 1718 4394 γάρ

1856 4325 2032 4378 andor
2063 4341 2077 4388 ;
2109 4325 2162 4377 in
2194 4323 2377 4376 anima
2408 4329 2588 4376 autem
2620 4337 2833 4376 verum.
2867 4322 2985 4375 Non
3029 4324 3174 4377 enim
3217 4323 3399 4377 anima

172 4415 302 4485 σῶμα
329 4417 541 4488 σώματι
569 4417 691 4470 ὅλον
716 4415 821 4486 ὅλῳ
850 4417 1248 4488 παρακεῖσθαι·
1301 4418 1391 4470 καὶ
1417 4417 1588 4480 οὕτως
1616 4419 1716 4470 οὐκ

1851 4431 2026 4486 :orpus
2050 4415 2306 4484 attingit;
2337 4429 2464 4468 nam
2489 4413 2536 4468 si
2559 4413 2872 4481 attingeret,
2906 4413 3181 4482 adjaceret
3215 4415 3286 4468 ei.
3339 4415 3399 4469 Si

170 4508 294 4562 ἔσται
323 4512 438 4563 ὅλον
469 4510 718 4580 ἔμψυχον
748 4508 808 4561 τὸ
839 4507 996 4572 ζῶον.
1046 4510 1205 4562 Ὥστε
1249 4511 1296 4562 εί
1351 4510 1446 4580 μὲν
1479 4510 1718 4577 ἐφάπτε-

1854 4523 1957 4564 ‘ero
1988 4507 2155 4572 istud,
2185 4522 2294 4560 non
2335 4506 2435 4560 toti
2468 4506 2721 4575 adiacet;
2755 4506 3096 4575 impossibile
3135 4508 3280 4560 enim
3317 4515 3402 4562 est

168 4617 255 4664 ται,
276 4604 422 4673 σῶμα
443 4603 543 4671 μὲν
563 4601 765 4671 ἔσταιὴ
795 4599 939 4670 ψυχή
958 4617 970 4630 ·
995 4599 1112 4653 ὅλον
1129 4600 1184 4652 δὲ
1199 4601 1296 4654 οὐκ
1313 4600 1461 4654 ἔσται
1479 4601 1716 4672 ἔμψυχον

1853 4614 2028 4670 :orpus
2060 4597 2300 4667 corpori,
2352 4605 2529 4651 totum
2580 4598 2681 4651 toti
2732 4596 3016 4665 adjacere,
3072 4609 3126 4652 et
3159 4600 3238 4653 sic
3292 4615 3401 4654 non

170 4693 214 4741 τὶ
229 4692 369 4754 ζῶον.
397 4695 457 4746 Ei
477 4693 536 4747 δὲ
554 4693 676 4744 ὅλον
696 4692 842 4743 ἐστὶν
873 4689 1130 4760 ἔμψυχον,
1155 4689 1277 4743 οὔτε
1297 4690 1617 4759 ἐφάπτεται,
1638 4690 1718 4745 οὔ·

1851 4694 1930 4746 ,-rit
1991 4697 2165 4744 totum
2215 4690 2416 4743 animal
2475 4691 2796 4744 animatum.
2860 4689 3048 4759 Itaque
3081 4691 3126 4745 si
3178 4692 3399 4760 quidem

168 4801 214 4837 τε
234 4786 376 4858 σῶμά
399 4789 550 4842 ἐστιν
572 4787 607 4856 ἡ
637 4786 801 4856 ψυχή·
823 4783 884 4836 τὸ
904 4783 958 4836 δὲ
990 4783 1124 4848 ζῶον
1143 4783 1261 4838 ὅλον
1284 4782 1522 4854 ἔμψυχόν
1548 4784 1716 4835 ἐστιν’

1852 4783 2142 4853 τοηιίεεῐίι,
2163 4797 2364 4851 corpus
2394 4781 2611 4851 quidem
2637 4782 2737 4836 crit
2768 4783 2949 4836 anima
2976 4802 2989 4836 :
3018 4791 3189 4837 totum
3216 4794 3400 4838 autem

169 4877 266 4932 οὔτε
299 4883 403 4951 ἄρα
426 4881 757 4951 ἐφάπτεται,
797 4875 919 4930 οὔτε
951 4875 1111 4946 σῶμά
1138 4876 1272 4938 ἐστι,
1303 4874 1397 4928 καὶ
1429 4873 1717 4945 χωρίζεται

1850 4893 1934 4931 ton
1966 4875 2069 4930 erit
2103 4875 2654 4967 animatum.animal.
2684 4874 2841 4941 Quod
2878 4876 2924 4930 si
2961 4884 3132 4928 totum
3165 4883 3247 4929 est
3279 4875 3398 4929 ani-

169 4972 425 5044 ἀσώματος
478 4969 638 5028 οὖσα.
694 4972 816 5024 ’Ότι
871 4969 968 5040 μὲν
1015 4966 1107 5022 οὖν
1151 4968 1250 5020 οὐκ
1299 4966 1443 5019 ἐστιν
1489 4969 1522 5036 ἠ
1573 4967 1717 5038 ψυχὴ

1851 4980 2054 5031 natum,
2110 4981 2286 5036 neque
2313 4966 2620 5036 attingitur,
2652 4984 2828 5037 neque
2851 4984 3048 5038 corpus
3078 4978 3162 5023 cst
3196 4969 3399 5036 anima,

171 5065 320 5136 σῶμα,
357 5067 518 5138 δῆλον
573 5069 638 5119 ὲκ
681 5064 790 5118 τῶν
822 5063 1159 5136 εἰρημένωνο
1206 5061 1287 5114 ὅτι
1330 5061 1387 5114 δὲ
1419 5060 1537 5113 οὐδὲ
1572 5059 1719 5113 ἀνού-

1853 5061 2024 5116 .nimal
2057 5077 2184 5114 vero
2211 5069 2382 5113 totum
2409 5070 2493 5115 est
2533 5061 2831 5114 animatum
2865 5081 2877 5116 :
2931 5077 3106 5132 neque
3136 5077 3265 5128 ergo
3314 5069 3401 5114 at-

170 5173 278 5222 σιος,
311 5160 436 5230 ἑξῆς
469 5159 682 5231 ῥητέον.

1852 5153 2076 5223 ingitur,
2107 5167 2284 5221 neque
2327 5167 2530 5222 corpus
2576 5163 2681 5213 est.
2725 5161 2778 5206 et
2836 5162 3123 5223 separatur
3153 5168 3276 5204 cum
3327 5151 3399 5205 sit

172 5246 504 5319 fncorporea:
565 5245 712 5316 quod
765 5245 932 5314 igitur
977 5258 1085 5297 non
1141 5242 1212 5296 sit
1266 5243 1448 5297 anima
1498 5259 1720 5315 corpus,
1758 5241 2107 5299 manifestum
2139 5251 2222 5296 est
2262 5242 2427 5296 exiis
2457 5258 2577 5313 quae
2609 5243 2753 5296 dicta
2831 5250 2958 5298 sunt
2991 5261 3005 5307 ;
3046 5241 3190 5311 quod
3237 5243 3402 5299 dubio

174 5343 331 5411 procul
360 5357 472 5396 non
500 5341 575 5395 sit
606 5337 927 5394 substantiae
959 5353 1020 5392 ex
1033 5351 1178 5406 pers,
1229 5338 1490 5406 deinceps
1530 5324 1928 5394 declarandum
1957 5343 2060 5390 est.

237 5437 378 5490 Ἐπεὶ
422 5437 482 5490 δὲ
539 5436 632 5488 καὶ
686 5432 973 5503 Δείναρχος
1023 5429 1285 5503 ἁρμονίαν
1332 5431 1568 5501 ὡρίσατο
1623 5434 1720 5506 τὴν

1897 5429 2169 5496 Quoniam
2199 5445 2330 5484 vero
2359 5431 2521 5485 etiam
2551 5429 2858 5485 Dinarchus
2903 5429 3138 5483 animam
3187 5429 3399 5483 harmo-

171 5526 341 5598 εξ-νχὴν.
369 5529 466 5581 καὶ
494 5526 695 5596 Σιμίας
727 5523 1021 5592 ἀντιλέγων
1050 5522 1127 5593 τῷ
1166 5522 1442 5593 Σωκράτει
1485 5523 1584 5595 τὴν
1619 5525 1719 5595 ψυ-

1851 5522 1974 5577 iiam
2006 5521 2297 5585 deﬁnierit,
2348 5531 2402 5576 et
2456 5522 2654 5578 Simias
2689 5522 2985 5577 adversans
3020 5519 3232 5574 Socrati
3284 5524 3399 5574 ani-

173 5618 253 5686 χὴν
277 5620 541 5689 ἁρμονίαν
567 5616 805 5685 ἔφασκεν
833 5609 992 5677 εἶναι,
1021 5613 1195 5682 λέγων
1223 5614 1458 5667 ἐοικέναι
1487 5613 1584 5684 τὴν
1626 5615 1720 5685 μὲν

1849 5629 1969 5667 nam
2028 5623 2353 5668 concentum
2391 5631 2514 5670 esse
2572 5614 2796 5676 dixerit,
2853 5629 3106 5668 asserens
3167 5612 3397 5666 similent

174 5709 321 5784 ψυχὴν
346 5711 599 5783 ἁρμονίᾳ,
646 5709 711 5763 τὺ
738 5709 796 5762 δὲ
825 5705 986 5778 σῶμα
1020 5707 1192 5778 λύρα·
1231 5707 1476 5760 ἐκθετέον
1504 5707 1602 5771 τὰς
1632 5707 1722 5760 λύ-

1851 5723 1944 5761 ιιιπι
1975 5723 2098 5763 esse
2135 5708 2448 5772 harmoniae,
2477 5722 2683 5777 corpus
2711 5722 2843 5763 vero
2869 5708 3034 5778 lyrze;
3068 5723 3126 5762 cs
3139 5705 3399 5776 ponendae

179 5818 267 5867 σεις
287 5806 484 5860 τούτων
518 5807 614 5869 τὰς
644 5807 704 5859 ὲν
735 5801 815 5874 τῷ
847 5801 1097 5856 Φαίδωνι
1134 5800 1416 5865 Πλάτωνος
1445 5801 1720 5872 κειμένας.

1861 5810 1957 5856 unt
1996 5801 2300 5858 solutiones
2331 5801 2548 5869 horum,
2584 5815 2704 5872 qua:
2737 5800 2792 5856 in
2836 5799 3080 5856 Platonis
3135 5797 3403 5854 tha‘onc
