3920 6462
511 349 612 408 195

1730 341 1787 397 S.
1823 337 2145 397 GliEGORll
2180 340 2473 395 'NYSSENI

3623 347 3724 404 496

449 451 472 484 ⁸
507 465 778 536 leguntur.
815 463 929 518 Una
956 471 1102 518 certe
1130 471 1214 518 est
1257 477 1324 516 ex
1353 461 1442 527 iis,
1475 476 1595 531 quae
1623 461 1776 531 prius
1829 461 1897 515 ab
1950 462 2062 530 ipso

2173 461 2279 514 Μία
2315 463 2411 531 μὲν
2439 457 2530 514 οὖν
2559 463 2704 515 ἐστιν
2724 465 2786 515 ἐκ
2819 463 2924 541 τῶν
2951 465 3516 536 προαποδεδειγμένων
3541 465 3724 536 αὐτῷ·

503 557 730 627 probata
771 563 826 610 et
864 557 1229 610 demonstrata
1272 553 1508 607 fuerant.
1558 551 1691 605 Nam
1742 560 1899 606 antea
1944 567 2070 622 pro-

505 645 689 701 batum
730 644 905 700 fuerat
944 646 1263 714 disciplinas
1296 645 1704 699 recordationes
1756 659 1907 708 esse;
1965 644 2070 696 hoc

504 736 668 805 igitur
687 746 902 806 sumpto
946 745 1004 789 ut
1037 736 1103 789 ab
1130 729 1392 789 omnibus
1427 749 1707 800 concesso,
1746 735 1819 786 ita
1854 741 2076 788 sentem

505 827 635 882 tiam
658 843 810 881 suam
837 829 1158 881 confirmat:
1188 825 1244 880 Si
1293 825 1595 894 disciplina:
1642 833 1768 880 sunt
1821 824 2072 877 recorda-

505 920 698 983 tiones,
741 921 918 973 anima
959 929 1141 974 nostra
1185 928 1302 972 erat
1366 919 1679 987 priusquam
1728 918 1780 969 in
1837 916 2067 968 humana

505 1008 683 1076 specie
704 1009 1044 1064 consisteret.
1088 1007 1244 1073 Quod
1275 1007 1322 1061 si
1355 1006 1661 1069 harmonia,
1693 1006 1804 1060 sive
1832 1020 2066 1060 concen-

507 1110 592 1154 tus
621 1105 724 1163 est,
761 1099 912 1168 prius
944 1096 1160 1168 quidem
1185 1113 1292 1150 non
1323 1105 1462 1162 erat,
1490 1096 1583 1150 sed
1625 1097 1893 1165 posterius
1934 1111 2066 1150 eon-

503 1193 660 1256 stitit,
687 1206 848 1261 quam
889 1207 1088 1260 corpus
1120 1201 1242 1259 apte
1275 1189 1604 1243 fabricatum
1635 1188 1853 1243 fuisset.
1907 1188 2065 1242 Nulla

503 1284 650 1337 enim
681 1283 1002 1352 compositio
1025 1283 1179 1335 aliter
1209 1296 1268 1335 se
1302 1281 1483 1346 habet,
1521 1294 1682 1350 quam
1720 1281 1809 1332 illa
1853 1296 1912 1334 se
1965 1282 2064 1334 ha-

503 1381 631 1434 bent
664 1395 727 1433 ex
762 1380 958 1448 quibus
992 1377 1290 1432 constituta
1318 1385 1436 1442 est;
1464 1378 1714 1432 .societas
1743 1377 1886 1431 enim
1920 1393 2065 1446 quat--

503 1468 624 1522 dam
689 1476 769 1522 est
828 1483 1009 1521 rerum
1059 1467 1485 1536 compositarum
1545 1468 1890 1536 compositio,
1946 1485 2064 1537 qua:

501 1568 796 1614 concentus
825 1558 1045 1628 quidam
1073 1566 1188 1624 est;
1231 1573 1295 1611 ac
1329 1559 1462 1610 nihil
1494 1559 1743 1627 prohibet
1781 1562 1924 1628 quod
1956 1575 2060 1612 non

500 1652 768 1706 antecedit
798 1667 860 1706 ea
904 1667 966 1704 ex
999 1651 1197 1718 quibus
1233 1649 1600 1718 componitur,
1637 1650 1744 1705 imo
1803 1661 2063 1720 sequatur

499 1745 612 1797 illa.
663 1744 1021 1808 Quamobrem
1047 1751 1319 1812 repugnat
1369 1742 1727 1812 propositioni
1759 1759 1882 1812 quae
1929 1745 2062 1799 dicit

2171 553 2648 622 προαποδέδεικται
2685 554 2811 623 γάρ,
2861 555 2940 608 ὅτι
2981 558 3039 608 αἱ
3091 556 3352 626 μαθήσεις
3398 558 3730 628 ἀναμνήσεις

2169 643 2291 696 εἰσί.
2329 642 2494 695 Τοῦτο
2523 639 2613 695 οὖν
2640 643 2818 696 λαϐὼν
2844 645 2918 708 ὡς
2941 647 3380 716 ὁμολογούμενον,
3427 665 3730 701 κατασκευ-

2169 734 2286 797 ἁζει
2327 734 2417 787 τὸν
2459 734 2613 802 λόγον
2655 734 2845 797 οὕτως·
2879 737 2942 788 Εἰ
2988 739 3040 788 αἱ
3095 738 3356 810 μαθήσεις
3396 741 3730 809 ἀναμνήσεις

2169 825 2319 890 εἰσὶν,
2343 824 2411 896 ἦν
2439 831 2470 897 ή
2481 829 2594 897 μῶν
2626 829 2658 898 ἡ
2687 827 2852 897 ψυχὴ,
2889 829 3015 898 πρὶν
3045 829 3102 881 ὲν
3136 830 3212 897 τῷ
3247 830 3566 902 ἀνθρωπίνῳ
3596 832 3728 886 εἴδει

2167 918 2449 987 γενέσθαι·
2492 922 2538 971 εἰ
2568 919 2624 970 δὲ
2652 919 2884 989 ἁρμονία
2915 921 3052 983 ἐστὶ,
3084 921 3342 991 πρότερον
3383 924 3480 994 μὲν
3505 925 3604 977 οὐκ
3635 917 3726 995 ἦν,

2168 1008 2389 1080 ὕστερον
2411 1009 2468 1062 δὲ
2499 1010 2729 1078 ἐγένετο,
2760 1009 3123 1081 ἁρμοσθέντος
3149 1011 3242 1064 τοῦ
3279 1011 3549 1082 σώματος·
3579 1011 3730 1068 πᾶσα

2167 1102 2275 1170 γὰρ
2309 1101 2554 1164 σύνθεσις
2597 1103 2694 1155 οὐκ
2734 1101 2903 1166 άλλως
2943 1100 3076 1171 ἔχει,
3123 1102 3156 1172 ἢ
3203 1102 3276 1165 ὡς
3308 1103 3417 1173 ἔχει
3445 1109 3625 1160 ἐκεῖνα
3657 1107 3728 1160 τὰ

2165 1194 2222 1259 ἐξ
2246 1187 2319 1246 ὧν
2362 1193 2654 1261 σύγκειται.
2705 1194 2969 1246 Κοινωνία
3003 1195 3108 1265 γάρ
3132 1195 3215 1258 τίς
3257 1199 3370 1248 ἐστι
3399 1199 3502 1250 τῶν
3535 1216 3729 1252 συντε-

2165 1279 2425 1348 θειμένων
2477 1282 2508 1350 ὴ
2554 1279 2798 1343 σύνθεσις
2831 1281 3061 1350 ἁρμονία
3092 1277 3246 1343 οὖσα,
3291 1284 3385 1336 καὶ
3415 1284 3474 1335 οὐ
3526 1285 3728 1338 κωλύει

2163 1371 2222 1424 τὸ
2253 1373 2328 1442 μὴ
2357 1373 2601 1441 ἡγεῖσθαι
2635 1372 2801 1440 αὐτὴν
2826 1373 3044 1426 ἐκείνων
3073 1373 3163 1442 ἀφ’
3187 1368 3260 1426 ὧν
3289 1375 3562 1446 συνετέθη,
3592 1377 3730 1429 ἀλλὰ

2164 1464 2387 1516 ἔπεσθαι
2419 1464 2620 1526 αὐτοῖς.
2670 1463 2913 1533 Μάχεται
2956 1465 3133 1517 τοίνυν
3176 1465 3253 1535 τῷ
3284 1466 3545 1536 ἁρμονίαν
3587 1462 3728 1519 εἶναι

2163 1554 2261 1622 τὴν
2296 1553 2492 1624 ψυχὴν,
2521 1553 2581 1606 τὸ
2604 1554 2700 1617 τὰς
2727 1554 2984 1625 μαθήσεις
3009 1556 3337 1625 ἀναμνήσεις
3367 1553 3504 1610 εἶναι
3523 1571 3536 1585 ·
3582 1557 3643 1608 τὸ
3669 1556 3729 1608 δὲ

2162 1644 2268 1696 τῶν
2304 1645 2657 1714 ἁναμνήσεων
2695 1645 2890 1714 ἀληθές
2933 1646 3081 1696 ἐστι·
3134 1644 3324 1712 ψεῦδος
3369 1643 3475 1714 ἄρα
3518 1644 3581 1696 τὸ
3625 1644 3728 1714 τὴν

2161 1734 2337 1804 ψυχὴν
2365 1735 2626 1805 ἁρμονίαν
2659 1731 2815 1788 εἶναι.
2846 1737 2966 1788 Ἔτι
3010 1736 3042 1804 ἡ
3071 1736 3168 1804 μὲν
3212 1736 3354 1806 ψυχὴ
3393 1737 3729 1791 ἐναντιοῦται

500 1835 733 1889 animam
759 1850 878 1889 esse
909 1843 1253 1898 concentum,
1271 1833 1357 1888 illa
1377 1849 1498 1903 quae
1526 1835 1724 1889 asserit
1745 1835 2060 1904 disciplinas

2165 1824 2239 1895 τῷ
2269 1824 2498 1895 σώματι,
2535 1828 2626 1878 καὶ
2658 1827 2747 1878 τὸν
2785 1827 3008 1895 ἀρχικὸν
3051 1827 3236 1895 ἐπέχει
3281 1828 3456 1894 λόγον,
3497 1828 3590 1880 ἆτε
3621 1829 3728 1898 ἆρ-

498 1941 620 1980 esse
653 1926 1093 1988 recordationes;
1123 1925 1268 1994 atqui
1296 1925 1597 1994 pr0positio
1640 1926 2059 1980 reminiscentiaa

499 2030 625 2069 vera
645 2024 748 2077 est.
769 2015 963 2068 falsum
985 2015 1146 2083 igitur
1167 2022 1251 2070 est
1276 2017 1514 2081 animam
1540 2032 1664 2072 esse
1694 2017 2056 2072 harmoniam.

497 2107 668 2162 Porro
718 2109 897 2160 anima
964 2109 1257 2176 opponitur
1303 2109 1542 2178 corpori,
1590 2117 1644 2164 et
1703 2110 2060 2179 principalem

498 2201 706 2255 obtinet
729 2200 996 2254 rationem
1025 2207 1280 2268 tanquam
1300 2197 1574 2269 imperans
1602 2201 1738 2269 ipsi;
1762 2208 2058 2254 concentus

497 2306 648 2352 vero,
692 2307 867 2360 neque
893 2289 1167 2360 praecedit,
1196 2306 1373 2361 neque
1413 2291 1760 2346 adversatur:
1810 2308 1917 2346 non
1969 2299 2053 2346 est

500 2382 666 2451 igitur
686 2381 863 2433 anima
891 2387 1226 2433 concentus:
1259 2387 1516 2448 praeterea
1565 2379 1845 2433 harmonia
1889 2380 2061 2448 magis

499 2483 554 2526 et
588 2474 768 2526 minus
801 2479 883 2526 est
910 2481 1206 2536 concentu;
1241 2470 1365 2524 item
1407 2471 1688 2524 harmonia
1719 2472 1771 2524 in
1807 2472 2058 2537 laxanda,

501 2573 556 2618 et
602 2561 930 2618 intendendo
982 2568 1263 2626 versatur;
1313 2561 1590 2614 enimvero
1639 2561 1690 2614 in
1749 2561 2061 2617 deﬁnitione

497 2660 792 2708 concentus
821 2649 1261 2719 haudquaquam,
1285 2650 1484 2719 quippe
1515 2649 1670 2705 nefas
1693 2658 1776 2704 est
1794 2653 2058 2706 rationem

498 2746 670 2815 magis
698 2744 779 2798 vel
803 2743 984 2796 minus
1021 2742 1354 2807 habere;sed
1373 2743 1426 2795 in
1455 2750 1721 2796 concentu
1753 2745 2081 2813 reperiturr

503 2837 703 2892 ctenim
735 2836 782 2890 si
812 2834 1126 2904 permistus,
1157 2841 1350 2886 acutus
1377 2849 1544 2887 sonus
1573 2841 1627 2888 et
1653 2836 1836 2904 gravis
1863 2855 1876 2890 :
1909 2835 2058 2890 dein-

497 2930 562 2981 de
593 2929 638 2982 si
670 2927 1037 2990 remittantur,
1075 2934 1128 2979 et
1161 2933 1554 2994 temperentur,
1601 2925 1843 2980 eamdem
1890 2927 2122 2982 ratione-

498 3033 621 3071 nem
655 3023 981 3072 conservant
1017 3017 1071 3068 in
1114 3015 1582 3084 magnitudinibus
1629 3031 1907 3071 sonoram.
1949 3015 2056 3072 Ve-

497 3124 617 3161 rum
649 3107 996 3161 mutationem
1025 3105 1218 3173 accipit
1251 3105 1548 3158 secundum
1571 3107 1862 3160 harmonia:
1887 3121 2052 3176 copu-

2165 1933 2330 1986 χουσα
2359 1916 2520 1969 αὑτοῦ
2541 1934 2553 1946 ·
2590 1917 2623 1986 ἡ
2655 1917 2711 1969 δὲ
2742 1918 2974 1987 ἁρμονία
3002 1916 3122 1970 οὔτε
3153 1919 3384 1987 ἡγεῖται,
3418 1917 3539 1971 οὔτε
3573 1920 3731 1970 ἐναν-

2164 2009 2400 2063 τιοῦται·
2434 2010 2534 2064 οὐκ
2589 2011 2696 2082 ἄρα
2729 2012 2760 2081 ἡ
2791 2010 2934 2080 ψυχὴ
2964 2010 3194 2081 ἁρμονία
3217 2027 3229 2040 ·
3266 2011 3345 2062 ἔτι
3376 2011 3607 2080 ἁρμονία
3633 2013 3731 2081 ἁρ-

2169 2102 2355 2171 μονίας
2389 2100 2586 2171 μᾶλλον
2629 2101 2721 2154 καὶ
2752 2098 2911 2173 ἧττόν
2937 2104 3079 2154 ἐστιν
3098 2118 3110 2130 ·
3148 2101 3408 2171 ἁρμονίας
3437 2100 3492 2152 δὲ
3533 2098 3595 2151 τὸ
3627 2119 3729 2170 χα-

2165 2192 2358 2245 λᾶσθαι
2401 2191 2495 2244 καὶ
2527 2192 2916 2244 ἐπιτείνεσθαι·
2952 2194 3009 2245 έν
3046 2191 3123 2262 τῷ
3158 2192 3300 2260 λόγῳ
3331 2192 3388 2244 δὲ
3423 2191 3523 2260 τῆς
3551 2191 3730 2261 ἁρμο-

2166 2285 2280 2348 νίας
2317 2283 2376 2336 οὕ
2399 2300 2412 2312 ·
2448 2285 2700 2337 ἀδύνατον
2751 2284 2859 2354 γὰρ
2900 2284 3053 2352 λόγον
3093 2284 3154 2336 τὸ
3189 2283 3384 2354 μᾶλλον
3429 2283 3521 2336 καὶ
3562 2278 3732 2355 ἧττον

2167 2380 2327 2448 ἔχειν,
2365 2377 2478 2430 ἀλλ’
2530 2379 2586 2429 ἐν
2633 2380 2696 2446 τῇ
2747 2377 3011 2448 ἁρμονίᾳ·
3065 2374 3161 2428 ἐὰν
3229 2375 3334 2445 γάρ
3389 2377 3730 2445 κεκραμένος

2165 2471 2288 2534 ὀξὺς
2332 2469 2564 2537 φθόγγος
2595 2469 2686 2520 καὶ
2708 2466 2907 2537 βαρύς·
2931 2466 3118 2519 ἔπειτα
3161 2465 3420 2528 ἀνεθῶσι,
3450 2468 3541 2518 τὸν
3568 2466 3731 2534 λόγον

2170 2564 2266 2631 μὲν
2307 2562 2396 2614 τὸν
2425 2560 2584 2614 αὐτὸν
2631 2558 2889 2622 σώζουσιν
2915 2557 2972 2608 ὲν
2999 2558 3110 2620 τοῖς
3142 2555 3392 2626 μεγέθεσι
3422 2555 3528 2608 τῶν
3555 2556 3732 2624 φθόγ-

2164 2671 2309 2722 γων·
2359 2650 2707 2722 παραλλαγὴν
2744 2648 2800 2702 δὲ
2845 2647 3110 2719 λαμδάνει
3143 2647 3282 2700 κατὰ
3315 2646 3410 2717 τὴν
3453 2647 3730 2716 ἁρμογὴν,

2172 2745 2370 2816 μᾶλλον
2403 2746 2496 2798 καὶ
2525 2740 2683 2816 ἧττον
2729 2742 3100 2812 ἐπιτεινομένη
3122 2757 3135 2772 ·
3169 2739 3314 2810 ψυχὴ
3341 2740 3396 2792 δὲ
3421 2739 3598 2809 ψυχῆς
3624 2740 3733 2791 οὐκ

2164 2838 2278 2891 ἔστι
2328 2836 2522 2908 μᾶλλον
2569 2834 2661 2888 καὶ
2705 2828 2901 2905 ἦττον·
2951 2833 3050 2886 οὐκ
3080 2833 3185 2903 ἄρα
3230 2831 3460 2902 ἁρμονία
3508 2833 3655 2884 ἐστὶν
3694 2833 3732 2902 ἡ

2129 2934 2328 3003 πψυχή.
2380 2932 2500 2982 Ἔτι
2546 2931 2579 2998 ὴ
2617 2927 2760 2997 ψυχὴ
2804 2926 3001 2996 ἀρετὴν
3028 2926 3119 2978 καὶ
3155 2925 3352 2978 κακίαν
3381 2925 3729 2994 ἐπιδέχεται·

2163 3026 2196 3095 ὴ
2227 3023 2280 3075 δὲ
2314 3019 2545 3091 ἁρμονία
2582 3016 2844 3088 ἁρμονίαν
2884 3015 2976 3068 καὶ
3007 3015 3369 3084 ἀναρμοστίαν
3405 3015 3504 3066 οὐκ
3541 3012 3734 3066 ἐπιδέ-

2163 3129 2344 3186 χεται·
2404 3114 2504 3165 οὐκ
2559 3110 2661 3178 ἄρα
2720 3106 2949 3178 ἁρμονία
3001 3107 3148 3160 ἐστὶν
3200 3107 3233 3176 ἡ
3289 3105 3452 3176 ψυχή.
3514 3106 3635 3158 Ἔτι
3695 3107 3733 3177 ἡ

499 3205 602 3258 lam
632 3203 803 3272 magis
831 3211 883 3256 et
908 3200 1088 3253 minus
1128 3200 1374 3262 intensa;
1415 3199 1596 3253 anima
1632 3209 1810 3254 autem
1836 3215 1945 3253 non
1971 3211 2054 3256 est

2163 3185 2296 3278 ᾢυχὴ
2348 3207 2404 3258 ὲν
2452 3202 2528 3272 τῷ
2571 3198 2904 3270 ἐπιδέχεσθαι
2958 3197 3026 3250 τὰ
3065 3197 3297 3263 ἐναντία,
3337 3196 3486 3267 παρὰ
3537 3196 3730 3268 μέρος,

500 3294 670 3361 magis
701 3292 783 3344 vel
821 3289 1000 3342 minus
1037 3288 1248 3340 anima:
1281 3287 1443 3356 igitur
1471 3288 1650 3342 anima
1682 3305 1788 3342 non
1819 3300 1901 3344 est
1927 3291 2055 3344 bar-

499 3381 698 3433 monia.
753 3377 881 3432 Item
941 3379 1117 3431 anima
1165 3379 1418 3432 virtutem
1451 3389 1504 3432 et
1557 3378 1748 3432 vitium
1793 3379 2054 3449 admittit;

498 3478 796 3524 concentus
825 3483 954 3522 vero
981 3480 1303 3523 concentum
1337 3479 1391 3522 et
1419 3470 1806 3524 inconcinnum
1841 3483 2055 3526 cantum

499 3577 608 3615 non
639 3562 804 3630 capit.
842 3558 962 3614 Non
993 3570 1075 3615 est
1106 3560 1272 3630 igitur
1302 3561 1483 3614 anima
1513 3573 1829 3617 concentus.
1862 3563 2058 3618 Adhazc

500 3651 680 3705 anima
707 3653 760 3704 in
789 3650 1152 3720 suscipiendis
1186 3651 1482 3706 contrariis
1508 3667 1636 3721 pars
1677 3660 1759 3707 est
1800 3655 2059 3710 substan-

500 3746 590 3798 tia:
613 3752 666 3798 et
693 3744 1032 3811 subjectum;
1064 3743 1348 3796 harmonia
1381 3757 1506 3797 vero
1536 3745 1769 3813 qualitas
1808 3754 1890 3800 est
1927 3756 1979 3801 et
2006 3748 2059 3800 in

503 3836 768 3904 subjecto.
807 3833 1125 3889 Substantia
1181 3844 1360 3890 autem
1393 3835 1535 3889 aliud
1577 3847 1660 3890 est
1707 3852 1736 3888 a
1769 3837 2058 3906 qualitate:

501 3926 778 3996 estigitur
831 3926 1011 3979 anima
1065 3925 1212 3980 aliud
1267 3940 1296 3978 a
1356 3937 1643 3981 concentu.
1698 3928 1876 3992 Quare
1931 3929 2061 3982 nihil

503 4016 724 4071 absurdi
788 4024 869 4071 est
907 4017 1143 4070 animam
1203 4016 1523 4088 participem
1577 4034 1698 4073 esse
1738 4019 2058 4086 harmoniae;

503 4109 600 4164 sed
629 4124 736 4162 non
770 4118 1052 4178 propterea
1073 4116 1157 4162 est
1188 4117 1518 4176 concentus;
1543 4125 1719 4179 neque
1752 4111 1896 4165 enim
1935 4115 2063 4181 quia

501 4201 720 4254 virtutis
750 4201 1023 4269 particeps
1053 4209 1157 4264 est,
1193 4199 1314 4254 ideo
1344 4201 1519 4254 virtus
1551 4212 1633 4256 est
1664 4201 1863 4256 anima.
1902 4203 2062 4260 Gale-

504 4307 609 4345 nus
637 4306 766 4345 vero
796 4291 928 4344 nihil
962 4305 1092 4345 sane
1126 4292 1352 4358 asserit;
1384 4309 1568 4346 verum
1623 4303 1951 4362 protestatur
2007 4299 2062 4351 in

504 4381 930 4436 demonstrativo
961 4394 1231 4446 sermone,
1268 4383 1412 4451 quod
1441 4383 1577 4436 nihil
1603 4383 1669 4438 de
1703 4385 1882 4439 anima
1913 4387 2062 4441 affir-

504 4463 762 4538 maverit;
803 4472 895 4526 sed
930 4473 1206 4541 probabile
1237 4482 1322 4528 est
1354 4489 1418 4527 ex
1453 4475 1520 4527 iis
1572 4491 1692 4544 qua:
1749 4477 1905 4538 dicit,
1935 4493 2057 4531 eum

503 4563 676 4631 magis
709 4563 937 4630 probare
963 4563 1194 4615 animam
1220 4577 1340 4616 esse
1392 4570 1896 4634 temperamentum.
1942 4566 2059 4623 liuc

503 4651 646 4705 enim
683 4651 1015 4720 propendere
1041 4667 1250 4705 morum
1280 4651 1656 4719 differentiam,
1686 4673 1747 4710 ex
1777 4657 2061 4726 Hippocra-

504 4745 576 4798 tis
601 4745 759 4799 dictis
789 4744 1236 4798 commentarium
1273 4743 1525 4798 instituit.
1560 4747 1716 4811 Quod
1777 4748 1822 4800 si
1855 4748 1926 4800 ita
1955 4756 2057 4812 est,

505 4839 850 4908 perspicuum
883 4844 964 4891 est
1019 4837 1225 4906 opinari
1285 4837 1520 4902 an'unam
1584 4839 1864 4892 mortalem
1915 4855 2056 4902 esse,

505 4948 612 4985 non
643 4939 824 4983 tamen
877 4944 1113 4994 omnem,
1171 4929 1264 4983 sed
1311 4913 1624 4994 humanam,
1675 4945 1780 5000 qua
1833 4932 2061 4986 rationis

504 5039 695 5093 expers
718 5031 832 5087 est;
861 5037 1047 5076 verum
1080 5020 1145 5075 de
1192 5021 1419 5076 rationis
1478 5021 1760 5092 participe,
1814 5022 2062 5092 ambigue

507 5113 586 5166 sic
612 5111 879 5179 loquitur:
901 5098 1053 5175 Quod
1089 5125 1217 5164 vero
1245 5126 1352 5164 non
1384 5111 1555 5180 possit
1587 5112 1767 5164 anima
1795 5119 2061 5180 tempera-

508 5214 744 5254 mentum
783 5200 1026 5267 corporis
1068 5213 1211 5262 esse,
1268 5199 1394 5253 hinc
1423 5206 1603 5268 patet:
1646 5200 1821 5256 Omne
1865 5215 2062 5267 corpus

507 5294 800 5345 animatum
837 5305 996 5360 atque
1027 5292 1324 5346 inanimum
1382 5308 1448 5346 ex
1502 5300 1734 5360 quatuor
1782 5292 2062 5347 elementis

507 5385 723 5437 mistum
755 5392 866 5447 est;
908 5383 999 5436 sed
1027 5385 1170 5437 enim
1208 5385 1398 5437 horum
1451 5384 1630 5436 mistio
1662 5398 1890 5451 corpora
1929 5399 2061 5437 con-

506 5476 698 5541 stituit;
749 5493 915 5546 qnare
946 5477 990 5529 si
1040 5478 1217 5529 anima
1273 5477 1518 5544 corporis
1580 5484 2062 5543 temperamentum

504 5578 666 5632 esset,
702 5570 834 5622 nihil
871 5568 1011 5624 foret
1043 5568 1300 5632 inanime,
1329 5577 1386 5620 ut
1418 5567 1554 5621 ratio
1583 5567 1951 5622 demonstrat:
1984 5568 2063 5622 sic

505 5655 645 5706 enim
669 5658 848 5710 anima
875 5659 1119 5727 corporis
1146 5659 1327 5712 mistio
1355 5665 1518 5712 esset.
1551 5657 1758 5710 Rursus
1784 5659 1827 5712 si
1863 5673 2063 5724 corpus

503 5747 785 5804 misturam
819 5751 998 5821 habet,
1047 5762 1100 5810 et
1146 5768 1305 5807 omne
1347 5767 1545 5822 corpus
1580 5752 1812 5806 animam
1867 5752 2059 5807 habet:

2156 3301 2312 3354 οὐσία
2349 3297 2466 3350 ἐστὶ
2517 3295 2611 3347 καὶ
2652 3291 3036 3361 ὑποκείμενον·
3070 3291 3102 3360 ἡ
3142 3290 3198 3343 δὲ
3225 3290 3456 3360 ἁρμονία
3501 3291 3735 3360 ποιότης

2159 3393 2252 3446 καὶ
2306 3393 2361 3444 ἐν
2409 3386 2784 3456 ὑποκειμένῳ·
2844 3385 2878 3454 ἠ
2909 3383 2965 3435 δὲ
3002 3383 3156 3435 οὐσία
3187 3383 3467 3453 ποιότητος
3509 3381 3729 3451 ἕτερον,

2158 3485 2250 3538 καὶ
2290 3485 2322 3553 ἡ
2374 3479 2518 3550 ψυχὴ
2564 3479 2670 3549 ἄρα
2717 3475 2977 3546 ἁρμονίας
3030 3473 3231 3544 ἕτερον.
3291 3473 3576 3544 Ἀρμονίας
3625 3474 3734 3543 μέν

2159 3593 2239 3628 τοι
2271 3573 2512 3644 μετέχειν
2556 3569 2651 3639 τὴν
2677 3566 2852 3637 ψυχὴν
2879 3566 3029 3619 οὐδὲν
3059 3566 3257 3619 ἄτοπον
3276 3584 3290 3596 ·
3336 3565 3449 3618 ἁλλ’
3481 3567 3541 3618 οὐ
3570 3568 3734 3636 παρὰ

2159 3666 2314 3719 τοῦτο
2351 3662 2582 3734 ἁρμονία
2611 3660 2787 3712 ἐστίν·
2831 3659 2893 3711 οὐ
2933 3658 3040 3728 γάρ
3076 3659 3206 3710 διότι
3248 3658 3447 3729 ἀρετῆς
3483 3657 3731 3728 μετέχει,

2161 3753 2327 3822 ἀρετή
2363 3754 2507 3803 ἐστιν
2553 3751 2586 3818 ἡ
2638 3747 2804 3818 ψυχή.
2857 3746 3090 3816 Γαληνὸς
3125 3747 3182 3799 δὲ
3226 3747 3578 3815 ἀποφαίνεται
3625 3749 3734 3818 μὲν

2160 3843 2328 3907 οὐδὲν,
2362 3843 2492 3896 ἀλλὰ
2518 3839 2938 3910 διαμαρτύρεται
2977 3839 3032 3892 ἐν
3071 3838 3150 3908 τῷ
3178 3838 3536 3908 ἀποδεικτικῷ
3556 3839 3732 3909 λόγῳ,

2162 3937 2235 3998 ὡς
2263 3935 2412 3987 οὐδὲν
2445 3934 2527 4003 είη
2556 3933 2682 4004 περὶ
2709 3931 2887 4001 ψυχῆς
2916 3930 3344 3998 ἀποφαινόμενος
3362 3946 3374 3959 ·
3405 3928 3544 3981 ἔοικε
3578 3929 3637 3981 δὲ
3664 3931 3734 3995 ἐξ

2163 4021 2236 4080 ὧν
2263 4027 2407 4094 λέγει
2425 4024 2732 4094 δοκιμάζειν
2761 4022 2956 4092 μᾶλλον
2983 4019 3079 4090 τὴν
3100 4022 3291 4090 κρᾶσιν
3321 4015 3459 4072 εἶναι
3492 4021 3591 4088 τὴν
3619 4020 3732 4088 ψυ-

2164 4121 2264 4190 χήν
2283 4136 2296 4149 ·
2325 4117 2495 4188 ταύτῃ
2544 4116 2651 4185 γάρ
2695 4113 3074 4166 ἐπακολουθεῖν
3099 4113 3196 4181 τὴν
3224 4111 3330 4164 τῶν
3370 4110 3512 4179 ἠθῶν
3538 4111 3734 4180 διαφο-

2166 4209 2284 4279 ρὰν,
2317 4210 2379 4260 ἐκ
2406 4207 2513 4258 τῶν
2550 4206 2935 4274 Ἱπποκράτους
2965 4204 3380 4266 κατασκευάζων
3411 4203 3501 4255 τὸν
3530 4203 3688 4270 λόγον
3713 4221 3731 4233 ·

2164 4300 2212 4349 εί
2241 4297 2296 4349 δὲ
2320 4296 2495 4356 τοῦτο,
2521 4294 2676 4364 δῆλον
2697 4295 2776 4346 ὅτι
2810 4293 2902 4346 καὶ
2932 4292 3126 4363 θνητὴν
3159 4293 3324 4362 αὐτὴν
3356 4294 3518 4345 οἴεται
3547 4287 3688 4345 εἶναι
3710 4311 3728 4326 ο

2163 4390 2222 4440 οὑ
2258 4389 2431 4440 πᾶσαν
2466 4386 2542 4448 δὲ,
2582 4385 2718 4438 ἀλλὰ
2758 4384 2855 4453 τὴν
2885 4384 3074 4450 ἄλογον
3115 4384 3280 4453 μόνην
3312 4383 3484 4453 ψυχὴν
3509 4382 3601 4434 τοῦ
3628 4386 3733 4435 ἁν-

2166 4477 2379 4548 θρὼπου
2400 4495 2412 4506 ·
2446 4478 2574 4547 περὶ
2603 4476 2658 4528 δὲ
2686 4478 2783 4544 τῆς
2813 4474 3031 4544 λογικῆς
3069 4472 3392 4543 ἀμφιϐάλλει
3425 4472 3596 4541 λέγων
3632 4472 3732 4524 οὖ-

2159 4586 2283 4631 τως·
2321 4569 2442 4620 Ὅτι
2471 4568 2525 4621 δὲ
2561 4568 2621 4618 οὐ
2650 4566 2868 4619 δύναται
2899 4565 2990 4618 τοῦ
3019 4563 3265 4634 σώματος
3298 4565 3330 4634 ἡ
3364 4565 3556 4634 κρᾶσις
3584 4559 3733 4617 εἶναι

2159 4660 2322 4730 ψυχὴ,
2360 4660 2513 4728 δῆλον
2567 4658 2844 4710 ἐντεῦθεν·
2889 4657 3002 4708 Πᾶν
3039 4657 3194 4726 σῶμα
3241 4655 3476 4725 ἔμψυχόν
3525 4672 3580 4706 τε
3630 4657 3734 4708 καὶ

2159 4753 2381 4821 ἄψυχον,
2415 4753 2478 4802 ἐκ
2516 4749 2620 4802 τῶν
2653 4748 2927 4818 τεσσάρων
2961 4747 3234 4817 στοιχείων
3265 4749 3613 4817 κεκράτηται.
3659 4747 3733 4800 ’ῙΙ

2159 4845 2265 4912 γὰρ
2321 4841 2520 4892 τούτων
2581 4841 2772 4910 κρᾶσις
2823 4837 2890 4889 τὰ
2941 4835 3164 4907 σώματα
3219 4835 3606 4906 ἀπεργάζεται.
3661 4835 3732 4889 Εἰ

2159 4934 2336 4985 τοίνυν
2369 4935 2402 5001 ἡ
2445 4930 2537 4984 τοῦ
2583 4931 2828 5000 σώματος
2873 4928 3064 4998 κρᾶσίς
3103 4929 3249 4980 ἐστιν
3294 4930 3326 4998 ἡ
3367 4927 3529 4998 ψυχὴ,
3568 4928 3734 4980 οὐδὲν

2161 5023 2363 5092 ἄψυχον
2407 5021 2578 5084 ἔσται,
2626 5022 2700 5081 ὡς
2743 5020 2770 5070 ὁ
2804 5020 2956 5086 λόγος
2987 5017 3284 5082 ἀπέδειξεν.
3333 5017 3487 5070 Οὕτω
3531 5017 3638 5088 γάρ
3687 5022 3728 5087 ἡ

2161 5119 2354 5188 κρᾶσις
2386 5114 2476 5168 τοῦ
2520 5113 2765 5182 σώματος
2809 5111 2952 5181 ψυχὴ
2982 5111 3152 5164 ἔσται.
3189 5111 3352 5164 Πάλιν
3397 5112 3444 5163 εί
3477 5110 3537 5162 τὸ
3565 5110 3732 5180 σῶμα

2163 5210 2354 5278 κρᾶσιν
2386 5206 2518 5276 ἔχει,
2567 5207 2658 5258 καὶ
2698 5206 2803 5256 πᾶν
2853 5203 3009 5272 σῶμα
3047 5201 3221 5272 ψυχὴν
3251 5203 3394 5271 ἕχει·
3430 5204 3477 5254 εί
3513 5203 3567 5254 δὲ
3615 5206 3730 5255 πᾶν

2165 5299 2321 5368 σῶμα
2353 5298 2516 5367 ψυχὴ,
2561 5297 2710 5349 οὐδὲν
2757 5295 2912 5364 σῶμά
2954 5295 3098 5346 ἐστιν
3145 5292 3379 5361 ἄψυχον·
3417 5290 3536 5343 οὔτε
3578 5291 3731 5354 λίθος

2163 5389 2290 5457 ἄρα,
2327 5388 2445 5441 οὔτε
2480 5389 2630 5452 ξύλα.
2677 5385 2798 5438 οὔτε
2835 5385 3066 5454 σίδηρος,
3115 5383 3236 5435 οὔτε
3274 5382 3399 5436 ἄλλο
3429 5400 3480 5434 τι
3518 5382 3728 5451 ἄψυχον

2165 5480 2346 5533 ἔσται·
2384 5481 2431 5531 εἰ
2460 5480 2514 5532 δὲ
2561 5478 2634 5548 μὴ
2665 5476 2890 5530 καθόλου
2922 5477 3095 5527 πᾶσαν
3125 5475 3317 5543 κρᾶσιν
3351 5471 3596 5540 σώματος
3631 5472 3725 5523 λέ-

2165 5589 2249 5639 γει
2277 5571 2446 5642 eum
2480 5569 2636 5632 εἶναι,
2682 5567 2816 5622 ἁλλὰ
2847 5567 2942 5634 τὴν
2973 5567 3208 5620 τοιάνδε·
3247 5564 3560 5635 ὲρωτητέον,
3594 5563 3732 5614 ποία

2166 5664 2358 5734 κρᾶσίς
2406 5665 2571 5726 ἐστιν,
2623 5663 2655 5731 ἡ
2711 5659 2845 5724 ζῶον
2899 5657 3144 5722 ποιοῦσα,
3200 5659 3292 5709 καὶ
3342 5656 3514 5725 ψυχῆς
3566 5653 3730 5722 λόγον

2167 5753 2454 5824 ἐπέχουσα.
2508 5752 2724 5805 Ὀποίαν
2752 5751 2856 5822 γὰρ
2886 5750 2948 5803 ἂν
2982 5749 3120 5804 εἴποι
3161 5747 3258 5818 τὴν
3295 5746 3507 5817 κρᾶσιν,
3539 5745 3727 5800 τοιαῦ-
