3920 6466
231 351 309 405 ιιιῑ
1604 354 1688 410 DE
1726 354 1963 410 ANl-MA.

3299 357 3404 414 l98

225 493 301 544 την
325 472 594 542 εὑρήσομεν
617 463 754 521 εἶναι
786 468 876 521 καὶ
911 469 969 520 ὲν
1013 470 1125 529 τοῖς
1154 467 1413 538 ἀψύχοις·
1445 469 1596 526 ὲννέα
1629 471 1737 542 γάρ

1854 471 1978 541 μιοά
2011 471 2055 528 si
2079 487 2239 528 omne
2268 487 2468 543 corpus
2501 461 2681 526 anima
2711 481 2814 540 est,
2851 473 3061 528 nullum
3093 488 3290 544 corpus
3321 483 3404 530 est

221 564 363 618 θύσῶν
408 562 675 632 κράσεων,
724 561 801 622 ὡς
853 560 1012 621 αὑτὸς
1070 559 1128 610 ἐν
1179 560 1257 627 τῷ
1313 562 1442 632 περὶ
1493 562 1740 632 κράσεως

220 653 381 716 ἔδειξεν
402 671 414 684 ι
459 651 596 704 ὀκτὼ
635 653 732 721 μὲν
769 651 878 704 τῶν
906 651 1240 720 δυσκράτιυν,
1274 654 1405 721 μιᾶς
1431 653 1488 706 δὲ
1523 655 1620 724 τῆς
1651 656 1742 706 εὐ-

221 747 415 816 κράτουο
464 744 599 796 κατά
651 744 749 812 μὲν
795 744 890 811 τὴν
942 740 1204 812 εὔκρατον
1249 743 1395 811 λέγει
1446 745 1742 815 κεκρᾶσθαι

219 839 288 889 τὸν
328 837 610 906 ἄνθρωπον,
663 838 723 889 οὑ
763 834 938 886 πάντα
987 833 1065 896 δὲ,
1113 835 1248 886 ἀλλά
1297 836 1388 888 τὸν
1430 836 1528 906 τῆς
1574 838 1743 908 μέσης

217 931 455 999 κράσεωςο
488 928 622 980 κατὰ
666 926 723 978 δὲ
772 926 870 988 τὰς
909 926 1072 987 ἄλλας
1116 927 1448 996 δυσκρασίας
1495 929 1562 982 τὰ
1607 929 1744 983 ἄλλα

217 1022 305 1084 ζῶα
343 1022 452 1073 κατ’
495 1013 629 1078 εἶδος
675 1016 814 1086 μετά
851 1017 950 1088 τῆς
997 1019 1089 1070 ἐπὶ
1131 1019 1192 1071 τὸ
1227 1018 1422 1088 μᾶλλον
1453 1021 1547 1073 καὶ
1583 1016 1743 1090 ἦττον

214 1113 413 1174 ἀνέσεώς
451 1127 508 1162 τε
552 1110 644 1162 καὶ
676 1110 979 1172 ἐπιτάσεως
1010 1110 1353 1182 εὑρίσκονται
1375 1152 1387 1175 ,
1433 1113 1526 1165 καὶ
1555 1114 1611 1164 ἐν
1632 1116 1742 1176 τοῖς

213 1204 403 1271 ἀψύχοις
450 1199 672 1269 κράσεις
722 1200 858 1269 μετὰ
902 1199 994 1251 τοῦ
1046 1200 1242 1270 μᾶλλον
1292 1201 1386 1253 καὶ
1431 1196 1623 1272 ἦττον·
1669 1202 1744 1265 ὡς

214 1295 343 1355 αὐτὸς
369 1290 520 1344 πάλιν
551 1291 613 1343 ὲν
645 1292 758 1353 τοῖς
803 1289 992 1354 ἁπλοῖς
1028 1291 1326 1356 ἀπέδειξεν.
1364 1294 1484 1345 Ἔτι
1517 1295 1548 1363 ἡ
1598 1293 1744 1366 ψυχὴ

213 1383 370 1453 κρᾶσίς
405 1383 544 1434 ἐστιν
565 1397 580 1410 ο
635 1381 690 1433 αἱ
739 1381 797 1432 δὲ
832 1381 1056 1451 κράσεις
1088 1382 1229 1434 κατά
1273 1382 1372 1446 τὰς
1411 1383 1624 1454 ἡλικίας
1652 1386 1746 1437 καί¹

211 1477 288 1531 τὰς
327 1467 481 1538 ὧρας,
528 1469 626 1520 καὶ
655 1469 755 1529 τὰς
784 1467 993 1531 διαίτας
1015 1486 1028 1498 ·
1075 1471 1108 1540 ἡ
1137 1469 1282 1542 ψυχὴ
1326 1472 1708 1526 ἐναλλάσσεται
1728 1491 1740 1503 ·

209 1562 247 1612 εξ
266 1559 313 1610 δὲ
336 1558 731 1621 ἐναλλάσσεται,
760 1561 822 1612 οὐ
845 1558 941 1630 τὴν
970 1560 1138 1631 αὐτὴν
1172 1562 1368 1633 ἔχομεν
1393 1563 1590 1636 ψυχὴν,
1613 1565 1745 1618 ἀλλά

212 1652 323 1705 κατὰ
351 1651 440 1722 τὴν
475 1654 695 1722 κρᾶσιν,
727 1652 857 1704 ποτὲ
890 1653 986 1722 μὲν
1033 1653 1264 1718 λέοντος,
1299 1657 1428 1708 ποτὲ
1457 1657 1514 1709 δὲ
1543 1657 1744 1727 προσά-

211 1760 300 1805 του,
322 1741 438 1793 ποτὲ
473 1741 530 1794 δὲ
559 1741 723 1793 ἄλλου
759 1741 924 1805 τινὸς,
956 1741 1091 1812 ὅπερ
1135 1744 1353 1797 ἄτοπον.
1386 1745 1505 1796 Ἔτι
1547 1745 1580 1814 ή
1614 1746 1746 1814 κρᾶ-

1841 564 2160 626 inanimum,
2193 579 2369 634 neque
2404 579 2534 634 ergo
2557 565 2715 634 lapis,
2757 580 2932 634 neque
2961 566 3128 634 ligna,
3165 580 3263 620 nec
3297 564 3406 619 fer-

1842 667 1984 716 rum,
2015 667 2190 722 neque
2212 653 2358 708 aliud
2407 655 2700 724 quidquam
2756 656 3051 710 inanimum
3075 657 3198 710 erit.
3251 655 3406 722 Quod

1843 741 1889 792 si
1948 755 2054 794 non
2107 742 2361 797 universe
2415 758 2578 798 omne
2627 751 3107 814 temperamentum
3159 745 3406 814 corporis

1841 831 1984 885 dicat
2013 833 2135 902 quis
2166 848 2288 888 esse
2322 835 2579 901 animam,
2615 835 2706 889 sed
2740 837 2847 889 tale
2879 836 3173 905 quoddam,
3209 831 3407 906 rogari-'-

1843 925 1970 980 dum
2001 936 2084 980 est
2107 928 2286 996 qualis
2317 927 2427 981 hac
2453 927 2682 980 mistura
2713 927 2783 981 sit
2808 942 2930 996 qua;
2974 928 3172 980 animal
3217 927 3404 994 efﬁcit,

1844 1027 2004 1086 atque
2051 1019 2246 1071 anima:
2299 1017 2564 1071 rationem
2621 1018 2871 1072 obtinet?
2924 1015 3199 1073 Utramvis
3260 1019 3404 1072 enim

1844 1110 2042 1164 dixerit
2065 1111 2224 1165 talem
2263 1109 2594 1175 mistionem,
2643 1110 2983 1164 inveniemus
3009 1124 3130 1164 esse
3160 1108 3406 1164 eamdem

1843 1203 2004 1258 etiam
2030 1204 2082 1256 in
2115 1203 2183 1258 iis
2220 1217 2340 1272 qua:
2369 1202 2607 1255 inanima
2663 1208 2809 1256 sunt.
2852 1199 2987 1254 Nam
3035 1216 3159 1254 cum
3213 1215 3406 1256 novem

1845 1292 1956 1346 sint
2014 1299 2456 1360 temperamenta,
2518 1300 2576 1344 ut
2629 1291 2744 1359 ipse
2795 1290 2848 1342 in
2903 1293 3294 1344 commentario
3340 1288 3408 1343 de

1847 1382 2288 1453 temperamentis
2317 1382 2496 1447 docet,
2524 1388 2651 1436 octo
2681 1381 2898 1450 quidem
2926 1395 2990 1434 ex
3023 1380 3090 1434 iis
3124 1395 3243 1449 quae
3266 1394 3408 1449 mgre

1845 1483 2233 1546 temperantur,
2253 1491 2418 1530 unum
2443 1491 2590 1541 vero,
2615 1475 2759 1544 quod
2791 1473 2967 1528 facilis
2996 1483 3078 1528 est
3108 1471 3409 1542 temperiei,

1846 1581 1911 1621 ac
1968 1566 2121 1636 juxta
2173 1568 2310 1622 bene
2371 1575 2725 1636 temperatam
2794 1565 3077 1621 misturam
3132 1565 3408 1618 hominem

1847 1665 2204 1727 temperatum
2233 1674 2354 1713 esse
2411 1657 2565 1724 dicit,
2626 1657 2720 1712 sed
2764 1673 2874 1712 non
2917 1671 3162 1722 omnem;
3221 1670 3410 1710 verum

1846 1749 1999 1803 illum
2025 1749 2117 1819 qui
2150 1749 2341 1804 mediae
2370 1756 2747 1818 temperatum
2794 1755 2897 1814 est,
2955 1761 3018 1800 ac
3075 1746 3229 1816 juxta
3274 1745 3410 1800 alias

214 1850 276 1895 σις
301 1833 388 1885 οὐκ
429 1832 766 1885 ἐναντιοῦται
815 1835 929 1896 ταῖς
969 1833 1284 1903 ἐπιθυμίαις
1327 1835 1419 1886 τοῦ
1470 1834 1738 1904 σώματος,

1854 1842 2260 1912 temperationes
2290 1850 2484 1896 caatera
2525 1841 2779 1895 animalia
2817 1838 3119 1894 secundum
3147 1837 3407 1907 speciem,

211 1923 316 1976 ἀλλά
338 1925 422 1976 καὶ
446 1926 720 1993 συνεργεῖ.
755 1921 902 1994 Αὕτη
933 1924 1038 1994 γάρ
1069 1924 1216 1976 ἐστιν
1242 1926 1274 1995 ἡ
1322 1923 1541 1977 κινοῦσα
1561 1942 1573 1953 ⁸
1610 1927 1642 1996 ἡ
1682 1924 1739 1977 δὲ

210 2016 324 2086 ψυχὴ
358 2015 708 2070 ἐναντιοῦται.
734 2018 847 2069 Οὐκ
871 2017 977 2088 ἄρα
1003 2019 1194 2088 κρᾶσίς
1223 2019 1366 2070 ἐστιν
1401 2019 1432 2089 ἡ
1457 2018 1600 2089 ψυχή
1621 2036 1634 2050 ο
1659 2018 1739 2071 ἑτι

211 2113 248 2162 εἰ
271 2109 442 2179 κρᾶσίς
473 2111 594 2162 ἐστι
629 2110 799 2180 ψυχὴ,
827 2112 859 2179 ή
888 2110 946 2162 δὲ
988 2112 1182 2181 κρᾶσις
1221 2111 1441 2181 ποιότης
1461 2127 1474 2139 ·
1521 2112 1740 2182 ποιότης

210 2203 252 2255 δὲ
280 2202 577 2270 καὶγίνεται
603 2203 698 2254 καὶ
726 2201 1040 2270 ἀπογίνεται
1069 2203 1237 2272 χωρὶς
1274 2205 1370 2271 τῆς
1403 2200 1494 2255 τοῦ
1523 2202 1742 2256 ὑποκει-

214 2293 340 2362 pinu
365 2292 566 2363 φθορᾶς
585 2308 600 2323 ο
636 2292 730 2345 καὶ
762 2293 796 2361 ἡ
828 2291 974 2362 ψυχὴ
1013 2291 1120 2363 ἄρα
1153 2293 1550 2363 χωρισθήσεται
1573 2293 1740 2364 χωρὶς

209 2383 285 2451 τῆς
313 2382 394 2435 τοῦ
431 2382 792 2452 ὑποκειμένου
825 2380 1058 2452 φθορᾶςο
1109 2382 1263 2436 τοῦτο
1293 2383 1348 2435 δὲ
1382 2384 1481 2436 οὐκ
1509 2383 1705 2453 ἀληθές
1724 2398 1738 2412 °

210 2477 288 2528 οὐκ
319 2475 414 2546 ἄρα
437 2477 657 2546 κρᾶσις,
689 2474 809 2526 οὐδὲ
846 2473 1066 2544 ποιότης
1096 2475 1242 2528 ἐστὶν
1268 2476 1301 2545 ἠ
1325 2475 1489 2544 ψυχή.
1518 2476 1592 2528 Οὐ
1633 2474 1742 2546 γάρ

209 2570 258 2639 δή
287 2587 372 2623 που
402 2569 507 2623 τῶν
547 2567 942 2640 ἀντικειμένων
978 2567 1038 2620 τὸ
1067 2567 1252 2638 ἕτερον
1296 2567 1538 2636 φυσικῶς
1572 2584 1741 2642 προσ-

213 2664 321 2713 εῖναι
345 2661 568 2732 φήσουσι
601 2660 678 2731 τῷ
706 2660 848 2730 ζώῳ,
878 2659 953 2723 ὡς
976 2661 1067 2712 ἐπὶ
1089 2657 1182 2712 τοῦ
1209 2659 1377 2729 πυρὸς
1406 2659 1465 2711 τὸ
1508 2659 1706 2732 θερμόν
1725 2675 1739 2689 ⁸

213 2755 498 2823 ἀμετάθετον
553 2753 664 2824 γάρ
710 2753 903 2806 τοῦτο’
954 2752 1202 2821 φαίνεται
1249 2751 1306 2804 δὲ
1350 2751 1740 2824 μετατιθεμὲνη

209 2848 453 2916 ἡκρᾶσις.
489 2845 709 2898 Μᾶλλον
752 2844 807 2895 δὲ
843 2845 936 2896 καὶ
972 2843 1124 2896 αὐτοί
1152 2845 1287 2895 εἰσιν
1314 2845 1361 2896 οἱ
1402 2843 1490 2896 διά
1538 2842 1636 2913 τῆς
1672 2844 1746 2896 ία-

211 2938 370 3006 τρικῆς
392 2937 585 3007 τέχνης
614 2936 710 2998 τάς
738 2935 962 3006 κράσεις
1005 2933 1426 3005 μεταϐάλλοντες
1447 2950 1460 2964 ·
1491 2933 1570 2987 ἔτι
1611 2951 1746 2988 παν-

211 3029 281 3090 rb;
306 3027 537 3098 σώματος
572 3030 629 3080 αί
658 3028 940 3097 ποιότητες
972 3025 1223 3096 αἰσθηταί
1260 3027 1396 3078 εἰσιν
1419 3041 1433 3056 ο
1463 3028 1495 3097 ἠ
1519 3026 1576 3079 δὲ
1599 3027 1744 3100 ψυχὴ

210 3119 289 3170 οὐκ
321 3118 560 3188 αἰσθητὴ,
599 3116 733 3170 ἀλλά
761 3117 923 3186 νοητή
951 3130 964 3143 ’
993 3115 1093 3168 οὐκ
1119 3115 1227 3188 ἀρα
1270 3115 1488 3187 ποιότης
1519 3116 1744 3188 ἀσώμα-

209 3209 283 3272 τός
308 3210 441 3262 ἐστιν
478 3211 512 3279 ἡ
553 3207 724 3277 ψυχή.

1846 1948 1968 1988 cum
2004 1933 2328 1989 remissione
2369 1940 2422 1989 et
2460 1934 2780 1998 intentione,
2822 1931 2888 1986 ad
2941 1931 2996 1985 id
3040 1929 3185 2000 quod
3237 1928 3410 1998 magis

1845 2026 1928 2080 vel
1950 2026 2130 2079 minus
2169 2025 2546 2080 inveniuntur:
2586 2026 2824 2095 itemque
2857 2023 2911 2077 in
2937 2037 3118 2077 rerum
3143 2020 3410 2074 inanima-

1845 2123 2024 2170 tarum
2052 2118 2494 2186 temperamentis
2541 2133 2666 2171 cum
2716 2115 3042 2171 remissione
3092 2113 3176 2168 vel
3229 2111 3411 2166 inten-

1845 2208 2019 2263 tione:
2051 2220 2110 2263 ut
2140 2209 2256 2279 ipse
2285 2210 2338 2263 in
2366 2208 2708 2278 simplicibus
2733 2223 2925 2262 rursus
2963 2203 3221 2260 ostendit.
3265 2200 3411 2255 Prm-

1845 2308 1991 2356 terea
2024 2301 2203 2354 anima
2237 2301 2556 2370 temperatio
2576 2310 2690 2365 est;
2729 2300 2822 2355 sed
2856 2297 3274 2369 temperationes
3321 2308 3411 2348 se~

1847 2391 2083 2445 cundum
2112 2393 2347 2458 habitus,
2383 2400 2590 2457 aetates,
2623 2399 2971 2462 tempestates
2993 2389 3123 2444 anni
3160 2395 3214 2443 et
3233 2387 3413 2441 victus

1848 2483 2108 2553 regimina
2139 2500 2198 2537 se
2251 2483 2480 2538 habent:
2507 2493 2559 2538 et
2588 2485 2766 2536 anima
2800 2487 3167 2537 commutatur
3203 2498 3217 2532 :
3266 2477 3413 2549 quod

1849 2573 1896 2628 si
1945 2581 2329 2640 commutatur,
2389 2589 2496 2627 non
2545 2573 3088 2628 eamdem'habemus
3141 2570 3412 2633 animam,

1850 2663 1942 2718 sed
1970 2664 2125 2732 juxta
2177 2665 2491 2734 temperiem
2523 2663 2814 2733 aliquando
2870 2662 3064 2724 leonis.
3121 2659 3416 2730 aliquando

1850 2760 1990 2822 ovis,
2034 2756 2302 2809 interdum
2334 2756 2496 2809 etiam
2533 2755 2754 2809 alterius
2797 2753 3040 2822 cujusvis
3091 2751 3414 2818 animantis,

1851 2846 1991 2916 quod
2018 2845 2414 2916 perabsurdum
2445 2855 2548 2901 est.
2583 2846 2753 2899 Porro
2789 2853 3270 2913 temperamentum
3307 2858 3414 2896 non

1852 2939 2169 2993 adversatur
2200 2940 2518 2996 libidinibus
2545 2939 2815 3010 corporis,
2845 2940 2953 2992 imo
3004 2953 3129 2992 vero
3154 2951 3413 3006 coopera-

1853 3036 1975 3084 tur:
2011 3030 2115 3084 hoc
2141 3033 2284 3085 enim
2319 3039 2402 3086 cst
2426 3033 2571 3101 quod
2602 3041 2798 3087 movet.
2825 3032 2988 3101 Atqui
3020 3031 3200 3084 anima
3234 3029 3420 3084 adver-

1854 3132 2006 3178 satur
2036 3125 2424 3194 cupiditatibus
2450 3126 2750 3194 ejusmodi;
2782 3143 2889 3180 non
2920 3134 3004 3181 est
3043 3124 3204 3196 igitur
3235 3124 3415 3177 anima

1772 3194 1816 3249 (λ
1849 3221 2349 3282 temperamentum.
2411 3214 2583 3269 Porro
2629 3217 2896 3287 siquidem
2953 3194 3275 3285 temperatio
3335 3221 3419 3266 est

211 3304 379 3368 anima,
431 3300 758 3372 temperatio
785 3313 907 3353 vere
958 3304 1043 3353 est
1087 3297 1357 3368 qualitas;
1391 3298 1504 3352 haec
1562 3306 1743 3355 autem
1783 3302 1938 3358 adest
1976 3312 2029 3358 et
2057 3305 2209 3358 abest
2241 3305 2447 3374 absque
2473 3303 2706 3374 subjecti
2735 3305 3007 3376 pernicie;
3068 3303 3233 3358 etiam
3299 3301 3419 3354 ani-

209 3407 281 3446 ma
305 3393 498 3463 absque
537 3389 767 3445 interitu
799 3387 1026 3458 subjecti
1085 3389 1596 3458 separabiturzhoc
1633 3401 1812 3445 autem
1881 3409 2010 3448 vero
2083 3403 2509 3450 consentaneum
2561 3412 2670 3450 non
2718 3404 2819 3452 est.
2901 3396 3023 3449 Non
3074 3393 3238 3464 igitur
3304 3391 3421 3445 ani-

207 3505 281 3542 ma
308 3497 384 3546 est
405 3492 919 3558 temperamentum,
980 3498 1079 3538 nec
1129 3485 1384 3554 qualitas.
1439 3483 1556 3539 Non
1603 3487 1749 3541 enim
1787 3489 1976 3558 utique
2011 3491 2240 3545 alterum
2271 3493 2644 3561 oppositorum
2675 3491 2998 3545 naturaliter
3072 3489 3265 3543 adesse
3333 3485 3420 3539 di-

206 3591 312 3638 cent
336 3584 571 3647 animali,
603 3581 745 3634 utin
785 3579 908 3648 igne
947 3579 1204 3646 calidum,
1239 3595 1472 3650 namque
1523 3581 1626 3635 hoc
1656 3583 2095 3640 incommutabile
2119 3594 2247 3641 est:
2306 3588 2456 3656 atqui
2516 3562 2832 3658 temperatio
2897 3584 3182 3640 mutationi
3247 3583 3420 3636 obno-

211 3678 280 3729 xia
303 3677 526 3732 videtur.
558 3675 705 3742 Quin
736 3674 920 3744 potius
953 3675 1057 3742 ipsi
1091 3681 1219 3728 sunt
1263 3673 1358 3744 qui
1389 3682 1506 3728 arte
1576 3675 1788 3730 medica
1862 3685 2282 3748 temperamenta
2352 3688 2564 3735 mutant
2605 3697 2618 3732 :
2689 3680 2884 3735 deinde
2936 3679 3116 3734 omnis
3176 3674 3424 3745 corporis

211 3770 465 3836 qualitates
491 3770 598 3825 sub
627 3783 848 3824 sensum
875 3768 1109 3835 cadunt;
1139 3767 1320 3822 anima
1360 3784 1489 3824 vero
1516 3771 1792 3827 sensibilis
1813 3788 1924 3827 non
1956 3781 2061 3841 est,
2086 3773 2182 3829 sed
2245 3776 2620 3847 intelligibilis.
2685 3773 2806 3830 Non
2869 3784 2953 3830 est
3028 3773 3196 3844 igitur
3242 3769 3424 3823 anima

205 3865 416 3935 qualitas
441 3865 693 3934 corporis
729 3877 947 3934 expers.

268 3961 375 4012 Ἔτι
402 3963 435 4032 ἡ
461 3959 558 4013 τοῦ
601 3959 850 4030 σώματος
879 3959 970 4013 καὶ
997 3957 1303 4030 πνεύματος
1345 3959 1483 4030 μετά
1511 3959 1753 4030 παραθέ-

211 4067 324 4116 σεως
362 4052 581 4124 σαρκῶν
614 4054 709 4105 καὶ
747 4049 953 4121 νεύρων
997 4050 1091 4102 καὶ
1122 4049 1230 4103 τῶν
1277 4049 1450 4104 ἄλλων
1493 4051 1755 4121 εὐκρασία

213 4146 341 4215 low};
374 4149 518 4200 ἐστιν
538 4162 552 4176 ·
590 4145 686 4199 καὶ
730 4146 762 4216 ἡ
789 4144 898 4199 τῶν
928 4143 1144 4216 θερμῶν
1182 4143 1238 4196 δὲ
1267 4144 1362 4196 καὶ⁹
1394 4143 1616 4215 ψυχρῶν
1664 4145 1756 4198 καὶ

208 4239 363 4310 ξηρῶν
395 4241 487 4293 καὶ
507 4238 693 4309 ὑγρῶν
725 4237 1010 4307 εὐκρασία,
1038 4235 1216 4305 ὑγίειά
1245 4238 1390 4289 ἐστιν
1409 4253 1424 4266 ·
1453 4238 1485 4308 ἡ
1528 4236 1584 4288 δὲ
1615 4253 1754 4306 συμ-

212 4331 382 4402 μετρία
405 4331 512 4385 τῶν
544 4329 722 4402 μελῶν
757 4331 890 4400 μετά
911 4329 1010 4399 τῆς
1034 4327 1279 4399 εὐχρόας,
1305 4327 1369 4380 τὸ
1398 4327 1588 4392 κάλλος
1616 4331 1758 4380 ποιεῖ

209 4423 288 4475 τοῦ
317 4423 580 4494 σώματος.
604 4420 665 4475 Εἰ
687 4421 864 4474 τοίνυν
885 4423 918 4491 ἡ
941 4419 1172 4492 ἁρμονία
1197 4419 1296 4490 τῆς
1313 4419 1519 4488 ὑγιείας
1544 4421 1635 4473 καὶ
1661 4421 1757 4491 τῆς

1932 3959 2062 4014 Item
2094 3960 2358 4028 corporis,
2400 3967 2454 4014 et
2500 3958 2726 4028 spiritus
2773 3956 2915 4012 bona
2948 3955 3238 4025 temperies
3287 3970 3416 4010 cum

1860 4051 2041 4106 carnis
2070 4066 2361 4104 nervorum
2391 4061 2551 4120 atque
2590 4052 2821 4104 aliorum
2855 4049 3216 4119 appositione,
3254 4049 3426 4104 robur

1860 4153 1965 4209 est,
1997 4153 2051 4199 et
2079 4143 2380 4198 calidorum
2431 4158 2494 4197 ac
2530 4142 2874 4214 frigidorum,
2927 4143 3197 4197 siccorum
3241 4150 3294 4195 et
3321 4142 3425 4196 hu-

1861 4235 2132 4290 midorum
2165 4235 2308 4288 bona
2341 4234 2633 4305 temperies
2663 4235 2871 4288 sanitas
2903 4243 3018 4297 est;
3054 4235 3425 4288 membrorum

1863 4335 2044 4382 autem
2089 4337 2146 4382 et
2203 4334 2417 4380 artuum
2467 4327 2746 4380 moderata
2799 4325 3115 4396 symmetria
3159 4340 3254 4380 seu
3300 4341 3429 4396 pro-

1865 4420 2041 4490 portio
2088 4436 2213 4475 cum
2249 4421 2489 4476 bonitate
2537 4419 2775 4483 coloris,
2820 4418 3275 4489 pulchritudinem
3305 4433 3429 4473 cor-

213 4514 370 4583 ίσχὺος
417 4516 511 4568 καὶ
541 4513 634 4568 τοῦ
675 4513 905 4574 κάλλους
951 4514 1095 4584 ψυχή
1140 4513 1305 4573 ἐστιν,
1338 4513 1547 4585 ἀνάγκη
1671 4513 1749 4566 τδκ

1867 4513 2012 4582 poris
2069 4512 2214 4568 facit.
2266 4513 2451 4584 Itaque
2485 4513 2532 4569 si
2579 4513 2860 4568 harmonia
2911 4513 3185 4576 sanitatis,
3217 4520 3272 4567 et
3305 4512 3426 4582 pul-

211 4604 469 4676 ἄνθρωπον
504 4605 685 4668 ζῶντα
727 4603 864 4674 μήτε
902 4605 1095 4668 νοσεῖν,
1137 4603 1270 4672 μήτε
1318 4602 1582 4666 ἀσθενεῖν,
1621 4605 1758 4673 μήτε

212 4695 430 4765 ἄμορφον
460 4691 601 4749 εἶναι
626 4712 639 4723 ·
679 4694 963 4764 συμϐαίνει
990 4691 1048 4746 δὲ
1087 4693 1366 4756 πολλάκις,
1401 4694 1461 4746 οὐ
1498 4693 1626 4763 μίαν
1662 4694 1757 4762 μό-

211 4806 301 4852 νον,
337 4790 445 4842 ἀλλ’
492 4788 628 4861 ὁμοῦ
677 4789 855 4850 πάσας
898 4787 997 4850 τὰς
1026 4789 1172 4858 τρεῖς
1219 4786 1418 4852 ταὺτας
1466 4788 1761 4858 εὐκρασίας

211 4880 542 4945 ἀπόλλυσθαι,
595 4881 689 4933 καὶ
719 4879 818 4951 ζῇν
849 4879 938 4932 τὸν
983 4878 1296 4951 ἄνθρωπον·
1328 4877 1609 4948 συμϐαίνει
1653 4879 1761 4949 γάρ

211 4970 286 5022 τὸν
321 4973 478 5025 αὐτὸν
503 4971 640 5041 ὁμοῦ
679 4971 775 5024 καὶ
809 4971 1053 5041 ἄμορφον
1081 4966 1217 5022 εἶναι
1258 4970 1353 5022 καὶ
1379 4969 1624 5022 ἀσθενεῖν
1665 4971 1760 5022 καὶ

212 5067 383 5116 νοσεῖν.
429 5064 546 5117 Οὑκ
585 5065 697 5134 ἄρα
728 5065 763 5134 ἡ
805 5063 1070 5132 εὐκρασία
1114 5061 1208 5115 τοῦ
1257 5061 1503 5132 σώματός
1553 5064 1758 5133 ἐστινὴ

213 5153 354 5226 ψυχή.
390 5155 516 5217 Πῶς
539 5151 632 5208 οῦν
666 5154 889 5223 φυσικαί
915 5171 1058 5216 τινες
1086 5153 1273 5207 κακίαι
1305 5154 1398 5207 καὶ
1439 5155 1628 5225 ἀρεταὶ⁵
1651 5157 1763 5218 τοῖς

215 5247 499 5317 ἀνθρώποις
521 5247 742 5300 ἕπονται
769 5263 784 5311 ;
815 5245 984 5299 Τοῦτο
1011 5247 1072 5298 ὲκ
1103 5245 1204 5315 τῆς
1233 5245 1326 5299 τοῦ
1353 5246 1602 5316 σώματος
1631 5245 1764 5316 ἀλη-

217 5333 305 5397 θῶς
349 5339 597 5406 κράσεως
640 5336 865 5404 γίνεται.
914 5336 999 5400 Ὠς
1028 5336 1136 5406 γὰρ
1189 5336 1430 5405 φυσικῶς
1458 5337 1508 5389 οἱ
1543 5335 1766 5404 ὑγιεινοὶ

217 5427 296 5477 καὶ
318 5427 562 5491 νοσώδεις
589 5429 726 5480 εἰσὶν
753 5429 815 5479 ἐκ
840 5429 936 5498 τῆς
962 5427 1229 5498 κράσεως,
1255 5425 1396 5480 οὕτω
1423 5426 1566 5488 τινὲς
1603 5444 1761 5495 φυσι-

219 5514 312 5590 κῷς
357 5519 667 5589 πικρόχολοι
713 5519 884 5584 ὅντες,
936 5517 1141 5590 ὀργίλοι
1186 5514 1342 5580 εἰσὶν,
1388 5517 1535 5570 ἄλλοι
1582 5517 1762 5585 δειλοὶ,

219 5606 346 5661 ἄλλοι
369 5613 703 5681 κατωφερεῖς
722 5627 734 5640 ·
766 5610 876 5662 ἀλλ’
907 5609 1036 5662 ἔνιοι
1065 5607 1326 5682 κρατοῦσι
1351 5609 1442 5661 καὶ
1467 5609 1767 5680 περιγίνον-

221 5714 322 5751 ται’
363 5702 514 5772 δῆλον
544 5703 599 5756 δὲ
635 5704 717 5755 ὃτι
767 5703 866 5772 τῆς
894 5701 1142 5772 κράσεως
1177 5700 1467 5772 κρατοῦσιν
1491 5719 1504 5731 ο
1538 5701 1664 5756 ἄλλο
1709 5702 1766 5756 δεῖ

224 5791 322 5844 ἐστι
353 5794 410 5847 τὸ
437 5795 691 5866 κρατοῦν,
723 5794 816 5847 καὶ
836 5793 962 5848 ἄλλο
993 5795 1052 5848 τὸ
1076 5794 1445 5864 κρατούμενον
1471 5811 1483 5824 ο
1514 5794 1638 5848 ἄλλο
1659 5794 1766 5865 ἄρα

1861 4602 2186 4658 chritudinis
2211 4615 2510 4659 concentus
2539 4612 2622 4659 est
2645 4603 2848 4665 anima,
2882 4619 3108 4659 necesse
3142 4602 3306 4658 fuerit
3341 4604 3430 4658 ho-

1862 4693 2060 4745 minem
2093 4692 2359 4748 viventem
2392 4709 2566 4764 neque
2591 4703 2878 4763 regrotarc,
2922 4709 3098 4764 neque
3127 4695 3426 4757 iulirmum,

1860 4799 2038 4853 neque
2069 4784 2368 4839 deformem
2401 4801 2523 4840 esse
2557 4801 2570 4837 :
2619 4801 2808 4840 verum
2839 4801 2982 4854 saepe
3015 4786 3283 4855 contingit
3314 4801 3424 4840 non

1863 4891 2024 4929 unam
2054 4875 2225 4929 solam
2255 4877 2724 4946 temperationem,
2775 4877 2872 4930 sed
2926 4889 3037 4932 tres
3087 4877 3221 4931 istas
3273 4877 3429 4945 prius

1861 4969 2035 5022 dictas
2065 4968 2360 5024 desiderari
2405 4977 2459 5023 et
2504 4971 2702 5038 perire,
2738 4978 2792 5025 et
2824 4981 3004 5024 tamen
3039 4970 3311 5023 hominem
3345 4971 3426 5024 vi—

1862 5075 2008 5114 vere.
2055 5058 2320 5116 Usuvenit
2351 5060 2495 5116 enim
2528 5062 2705 5131 ipsum
2743 5062 2908 5117 simul
2945 5069 3000 5116 et
3029 5060 3352 5125 deformem,
3377 5071 3429 5117 et

1864 5151 2134 5206 infirmum
2156 5194 2170 5219 ,
2218 5160 2272 5208 et
2319 5164 2578 5221 aegrotum
2605 5169 2746 5208 esse.
2781 5153 2896 5206 Non
2930 5163 3014 5207 est
3051 5153 3216 5222 igitur
3249 5154 3430 5207 anima

1863 5247 2108 5314 corporis
2152 5246 2351 5302 bonum
2401 5255 2909 5317 temperamentum.
2959 5247 3245 5313 Quomodo
3300 5262 3430 5315 ergo

1865 5335 2136 5388 naturalia
2165 5336 2411 5406 qumdam
2440 5338 2594 5401 vitia,
2623 5345 2676 5391 ct
2709 5338 2938 5391 virtutes
2965 5337 3297 5390 comitantur
3328 5337 3428 5391 ho-

1867 5431 2072 5484 mines?
2118 5429 2232 5484 lloc
2277 5446 2407 5486 vero
2449 5445 2513 5485 ex
2548 5429 2796 5498 corporis
2837 5443 2964 5483 vere
2999 5435 3431 5497 temperamento

1865 5524 2060 5578 oritur.
2120 5523 2252 5576 Nam
2314 5522 2772 5593 quemadmodum
2828 5521 3151 5575 naturaliter
3210 5522 3327 5576 sani
3376 5529 3433 5575 et

1868 5615 2106 5670 morbosi
2156 5623 2283 5670 sunt
2343 5631 2406 5669 ex
2465 5622 2929 5683 temperamento,
2982 5612 3062 5667 sic
3111 5613 3434 5666 naturaliter

1868 5705 2085 5776 quidam
2114 5709 2225 5759 acri
2255 5706 2361 5759 bile
2391 5703 2580 5774 perciti
2609 5702 2855 5757 iracundi
2889 5711 3052 5769 sunt;
3085 5703 3175 5755 alii
3207 5703 3434 5756 meticu-

1871 5797 1996 5862 losi,
2036 5797 2124 5850 alii
2162 5796 2496 5867 praecipites;
2531 5809 2721 5849 verum
2770 5792 2989 5864 quidam
3040 5795 3319 5850 continent
3349 5808 3428 5858 se,
