3920 6486
209 307 287 364 2M

1571 286 1659 342 DE
1698 283 1929 340 ANlM‘A.

3277 279 3389 336 etes

209 425 344 480 ωων
365 416 562 473 δυνατὸν
591 413 780 485 ἔχοντά
809 429 860 465 τι
889 411 964 482 μὴ
989 410 1222 482 χρῆσθαι
1253 407 1423 477 αὐτῷ,
1460 401 1570 459 οἷον
1587 403 1711 474 ὄψιν

1818 401 2022 455 habens
2070 405 2338 469 potestate
2396 400 2547 469 prius
2607 399 2922 469 operatione
2972 412 3173 469 corpus
3218 413 3381 461 esse;

207 516 343 586 τιοντι
375 511 438 580 μὴ
468 507 686 578 χρῆσθαι
736 504 897 573 αὐτῇ,
933 503 1027 555 επὶ
1069 501 1127 554 δὲ
1168 501 1268 569 τῆς
1303 499 1481 568 ψυχῆς
1518 494 1711 586 ἀδύνα-

205 585 288 660 τον.
314 604 376 658 οὐ
397 601 491 671 γὰρ
519 602 547 653 ὁ
580 597 853 651 καθεύδων
880 595 1006 650 ἄνευ
1035 592 1215 662 ψυχῆς
1247 589 1527 661 ἐνεργείας
1574 585 1711 641 ἐστί.

206 698 289 752 Καὶ
302 695 392 764 γὰρ
412 692 650 764 τρέφεται
679 692 768 742 καὶ
796 686 1043 751 αὒξεται.
1069 686 1163 739 καὶ
1185 680 1596 752 φαντασιοῦται,
1620 680 1714 732 καὶ

203 787 412 840 ἀναπνεῑο
441 784 569 853 ὅπερ
618 780 854 851 μάλιστα
899 778 998 848 τῆς
1047 776 1190 848 ζωῆς
1233 778 1353 828 ἑστι
1391 773 1710 842 τεκμήριον.

211 877 283 930 Ἐκ
306 875 482 927 τούτων
521 866 609 928 οὖν
635 867 890 940 φανερὸν,
921 867 1002 919 ὅτι
1043 864 1267 934 δυνάμει
1293 861 1356 916 τὸ
1383 860 1483 931 ζῇν
1527 859 1588 912 οὐ
1618 856 1712 910 δύ-

200 984 322 1020 ναται
362 961 623 1033 προσεῖναί
653 977 782 1021 τινι,
814 957 951 1012 ἀλλὰ
998 955 1214 1016 πάντως
1258 949 1509 1023 ἐνεργείᾳ
1533 965 1546 978 ο
1580 963 1714 1018 προ-

199 1055 458 1124 ηγουμένως
496 1051 599 1122 γὰρ
627 1050 689 1103 τὸ
721 1046 1021 1102 εἰδοποιοῦν
1049 1046 1147 1117 τὴν
1185 1044 1382 1114 ψυχὴν,
1409 1040 1561 1094 οὐδὲν
1587 1038 1714 1092 ἄλλο

197 1143 328 1246 ἐστὶνέ
353 1139 454 1238 dli:
475 1136 644 1246 ἠῃζωη
670 1154 682 1167 ·
715 1140 780 1208 τῇ
818 1136 916 1206 μὲν
941 1134 1234 1246 ἔταξ’)ψῖχῇ
1260 1129 1536 1246 οζιὲὶμιίιέτός
1567 1130 1715 1246 ἐστιν

197 1227 360 1296 ὴζωή·
391 1225 462 1296 τῷ
489 1227 548 1280 δὲ
575 1225 787 1296 σώματι
827 1224 968 1278 κατὰ
1004 1223 1239 1295 μέθεξιν.
1283 1221 1343 1274 '0
1389 1220 1560 1288 λέγων
1606 1218 1715 1271 τοί-

198 1337 266 1372 νυν
295 1319 378 1388 τὴν
403 1318 600 1383 ὑγίειαν
644 1317 906 1384 ἀνάλογον
935 1313 1075 1370 εἶναι
1105 1317 1172 1386 τῇ
1214 1314 1352 1384 ζωῇ,
1389 1312 1450 1365 οὗ
1479 1309 1578 1384 τὴν
1616 1311 1715 1381 τῆς

196 1410 329 1479 ψυχῆς
355 1409 489 1480 ζωὴν
519 1409 686 1477 λέγει,
719 1407 856 1462 ἀλλά
883 1408 982 1478 τὴν
1010 1404 1105 1459 τοῦ
1135 1405 1385 1476 σώματος
1406 1420 1419 1433 ·
1453 1403 1546 1456 καὶ
1573 1402 1715 1456 οὕτω

196 1504 496 1574 assignavit
547 1503 646 1574 μὲν
680 1503 789 1574 γὰρ
826 1499 1112 1571 σωματικὴ
1155 1499 1312 1552 οὐσία
1353 1496 1502 1568 παρὰ
1551 1496 1715 1566 μέρος

193 1595 274 1646 τῶν
297 1594 528 1648 ἐναντίων
559 1595 678 1647 ἐστὶ
727 1593 948 1662 δεκτική
970 1607 984 1622 ’
1017 1594 1051 1662 ἡ
1093 1589 1147 1642 δὲ
1182 1589 1327 1643 κατὰ
1363 1587 1424 1641 τὸ
1457 1584 1594 1651 εἶδος
1624 1586 1716 1640 οὑ-

190 1684 363 1753 δσμώς·
385 1685 480 1738 κᾶν
500 1685 610 1755 γὰρ
637 1684 780 1740 κατὰ
807 1683 868 1736 τὸ
896 1679 1034 1745 εἶδος
1058 1684 1091 1753 ἡ
1121 1679 1352 1750 διαφορὰ
1379 1677 1710 1749 καταλλαγῇ,

1816 492 1965 562 atqui
1995 507 2102 546 non
2137 501 2315 562 potest
2357 499 2481 546 actu
2523 505 2724 561 corpus
2759 506 2902 555 esse,
2937 493 3254 562 priusquam
3289 506 3384 545 ac-

1815 585 2020 655 ceperit
2068 585 2336 648 formam,
2385 600 2508 638 nam
2557 584 2780 638 materia
2835 590 2919 639 est
2961 584 3243 654 qualitatis
3288 600 3384 639 ex-

1815 689 1964 746 pers,
1991 681 2045 729 et
2076 690 2182 729 non
2211 689 2433 743 corpus.
2486 672 2656 746 Igitur
2690 672 2844 730 nefas
2870 681 2952 729 est
2977 673 3119 744 quod
3157 690 3261 730 non
3297 684 3382 734 est

1812 767 2150 838 operatione,
2198 767 2512 822 facultatem
2564 767 2788 828 habere,
2839 775 2896 821 ut
2925 783 2991 822 ex
3024 768 3142 836 ipso
3175 767 3380 837 aliquid

1815 858 1926 914 ﬁat.
1960 857 2113 924 Quod
2163 859 2208 915 si
2238 873 2439 930 corpus
2469 858 2631 928 etiam
2677 859 2917 928 potentia
2962 866 3067 921 est,
3109 860 3382 929 quomodo

1813 964 2015 1020 corpus
2060 951 2317 1021 potentia,
2370 949 2626 1019 potentia:
2658 951 2824 1004 vitam
2857 950 2910 1003 in
2944 966 3003 1005 se
3048 950 3251 1005 habere
3283 966 3380 1020 po-

1812 1040 1954 1095 test?
1991 1039 2124 1095 Cum
2157 1039 2361 1109 alioqui
2397 1040 2449 1093 in
2485 1039 2607 1092 aliis
2638 1039 2752 1094 ﬁeri
2786 1040 2979 1109 possit,
3025 1040 3196 1110 utqui
3221 1039 3382 1095 habet

1814 1132 2040 1203 aliquid,
2088 1148 2196 1190 non
2245 1132 2500 1187 adhibeat
2551 1133 2616 1185 ad
2669 1147 2852 1194 usum,
2898 1132 3046 1185 verbi
3097 1132 3291 1202 gratia,
3326 1144 3383 1185 ut

1814 1223 1984 1277 aciem
2027 1222 2308 1278 oculorum
2358 1223 2564 1278 habens
2606 1239 2715 1277 non
2765 1230 2948 1277 utatur
2991 1224 3128 1293 ipsa.
3182 1224 3286 1278 Sed
3324 1226 3380 1279 in

1814 1314 1993 1368 anima
2019 1314 2072 1367 id
2107 1314 2442 1384 impossibile
2475 1324 2576 1370 est.
2604 1313 2721 1369 Non
2744 1317 2888 1370 enim
2912 1316 3004 1387 qui
3032 1316 3235 1370 dormit
3263 1315 3382 1370 sine
3433 1337 3450 1374 ς

1813 1404 1940 1460 vitae
1984 1403 2287 1474 animaeque
2333 1406 2648 1475 operatione
2697 1413 2781 1460 est
2823 1424 2836 1460 :
2878 1406 3076 1460 etenim
3126 1407 3292 1462 alitur
3327 1415 3382 1461 et

1814 1503 2059 1564 augetur,
2091 1503 2145 1548 et
2169 1493 2522 1564 imaginatur,
2548 1504 2601 1550 et
2629 1497 2883 1568 reSpirat,
2909 1496 3053 1566 quod
3084 1498 3379 1553 maximum

1811 1587 1936 1640 vita:
1963 1593 2342 1656 argumentum
2376 1595 2478 1641 est.
2511 1585 2783 1652 Quocirca
2825 1588 3175 1645 manifestum
3209 1606 3279 1646 ex
3313 1591 3381 1646 iis

1813 1685 1897 1734 est
1929 1678 2093 1732 vitam
2128 1679 2362 1748 putentia
2409 1694 2516 1733 non
2552 1695 2713 1750 posse
2758 1674 3015 1750 cuiquam
3055 1697 3379 1754 congruere.

192 1776 554 1844 μεταλλάττεται
587 1777 683 1829 καὶ
715 1776 777 1828 τὸ
806 1775 974 1840 ζῶονσ
1005 1773 1145 1825 ὥστε
1179 1772 1298 1842 οὒχὶ
1324 1772 1466 1824 κατὰ
1496 1769 1556 1822 τὺ
1576 1765 1714 1829 εἶδος

1818 1770 1909 1825 sed
1959 1779 2084 1824 actu
2130 1771 2392 1825 omnino:
2445 1787 2570 1825 nam
2621 1773 2766 1842 quod
2815 1774 3053 1828 animam
3103 1774 3384 1844 speciﬁcat

191 1867 364 1935 ἡούσία
411 1868 512 1922 τῶν
549 1869 812 1924 ἐναντίων
859 1868 976 1919 ἐστὶ
1011 1864 1254 1934 δεκτικὴ,
1303 1864 1439 1919 ἀλλὰ
1479 1863 1620 1916 κατὰ
1652 1864 1712 1917 τὸ

189 1957 500 2027 ὑποκείμενον,
533 1957 812 2015 τουτέστιν
850 1957 882 2026 ἡ
915 1955 1220 2023 σωματικὴ.
1247 1953 1320 2004 Οὐ
1358 1951 1580 2004 δύναται
1603 1949 1714 2003 τοί-

189 2049 457 2120 νυνήψυχὴ
487 2049 610 2106 κατ’
655 2047 844 2101 οὐδένα
890 2046 1089 2116 τρόπον
1136 2044 1438 2113 ἐντελέχεια
1472 2041 1565 2097 τοῦ
1607 2040 1712 2095 σώ-

190 2156 316 2207 ματος
341 2133 486 2203 εἶναι,
527 2138 646 2192 ἀλλ’
675 2137 831 2192 οὐσία
867 2135 1158 2205 αὐτοτελὴς
1200 2131 1512 2204 ἀσώματος.
1555 2133 1712 2205 Παρὰ

189 2230 312 2299 μέρος
340 2231 438 2300 γὰρ
477 2230 789 2298 ἐπιδέχεται
832 2227 900 2281 τὰ
935 2227 1172 2288 ἐναντία,
1209 2224 1407 2278 κακίαν
1445 2224 1540 2279 καὶ
1585 2227 1712 2297 ἀρε-

185 2322 284 2389 τήν·
313 2323 434 2393 ὅπερ
468 2321 567 2374 οὐκ
597 2320 831 2390 ἠδύνατο
867 2319 926 2372 τὺ
953 2314 1092 2382 εἶδος
1117 2317 1390 2384 δέξασθαι.

1813 1861 2105 1931 praecipue,
2151 1861 2297 1915 aliud
2334 1863 2468 1916 nihil
2515 1871 2601 1918 est
2649 1874 2846 1934 przrter
2893 1865 3103 1921 vitam:
3136 1869 3384 1937 quando-

1815 1951 2042 2021 quidem
2072 1952 2267 2007 anitna:
2295 1953 2406 2006 vita
2438 1953 2602 2008 insita
2631 1963 2686 2008 et
2719 1965 2954 2010 connata
2984 1965 3066 2012 est
3101 1974 3114 2022 ;
3164 1959 3382 2029 corpori

1814 2059 1944 2099 vero
1975 2045 2395 2114 participatione
2423 2047 2700 2102 convenit.
2740 2047 2921 2113 Quare
2952 2051 3044 2119 qui
3079 2049 3211 2104 dicit
3236 2051 3387 2105 sani-

1815 2141 1981 2189 tatem
2018 2133 2282 2190 rationem
2313 2135 2512 2190 habere
2550 2138 2691 2201 vitae,
2736 2154 2842 2192 non
2873 2140 3065 2194 animae
3097 2141 3258 2194 vitam
3302 2141 3386 2195 di-

1814 2225 1909 2290 cit,
1944 2226 2036 2281 sed
2071 2227 2318 2296 corporis
2354 2245 2366 2280 :
2403 2227 2584 2297 itaque
2629 2231 2885 2300 captione
2920 2233 3129 2294 utitur;
3183 2232 3384 2286 etenim

1817 2331 2078 2388 corporea
2123 2318 2430 2373 substantia
2475 2322 2879 2375 contrariorum
2933 2337 3102 2392 capax
3161 2332 3245 2378 est
3293 2339 3388 2394 per

184 2424 326 2483 partes
355 2417 458 2471 sive
483 2416 716 2470 alternis
738 2435 751 2470 :
777 2429 965 2470 verum
992 2431 1114 2485 qua:
1142 2415 1442 2469 secundum
1511 2413 1745 2484 Speciem
1785 2422 1888 2479 est,
1921 2429 2264 2484 nequaquam
2303 2434 2317 2470 :
2356 2415 2606 2486 quamvis
2638 2418 2781 2472 enim
2813 2419 2967 2488 juxta
3028 2420 3261 2488 speciem
3284 2419 3391 2475 dif-

183 2508 362 2562 ferentia
405 2518 613 2563 mutata
698 2511 790 2570 sit,
864 2510 1028 2564 etiam
1079 2509 1282 2562 animal
1331 2516 1608 2571 mutatur;

1690 2508 1916 2577 proinde
1961 2524 2069 2563 non
2111 2510 2266 2578 juxta
2315 2510 2550 2580 speciem
2601 2512 2906 2566 substantia
2991 2515 3386 2569 contrariorum

183 2613 313 2668 rapax
339 2613 436 2661 est.
480 2602 575 2657 sed
609 2602 911 2657 secundum
943 2601 1271 2670 subjectum,
1305 2602 1409 2658 hoc
1456 2611 1541 2658 est
1581 2617 1842 2673 corporea
1878 2604 2137 2658 essentia.
2172 2603 2314 2674 Ergo
2351 2619 2461 2658 non
2521 2614 2700 2675 potest
2768 2606 2949 2660 anima
3006 2607 3118 2662 ulla
3176 2609 3389 2664 ratione

181 2709 272 2748 esse
303 2696 531 2765 corporis
574 2707 754 2755 artus.
789 2695 884 2751 sed
929 2695 1237 2750 substantia
1279 2701 1364 2750 est
1398 2710 1494 2766 per
1525 2709 1585 2751 se
1614 2695 1972 2764 incorporea;
2020 2697 2114 2750 sed
2181 2697 2325 2750 enim
2395 2711 2492 2765 per
2555 2706 2737 2766 partes
2764 2699 3076 2754 successive
3150 2700 3384 2756 admittit

179 2791 426 2850 contraria,
473 2791 667 2844 vitium
715 2800 774 2844 et
831 2791 1086 2844 virtutem
1135 2808 1149 2843 :

235 2879 430 2933 Ἐπειτά
459 2897 626 2952 φησιν
657 2881 995 2950 ἐντελέχειαν
1023 2877 1188 2935 οὖσαν
1224 2883 1322 2953 τὴν
1355 2882 1554 2953 ψυχὴν,
1591 2881 1711 2936 ἀκί-

181 2987 303 3039 νητον
339 2968 465 3024 εἶναι
496 2973 622 3025 καθ’
654 2973 876 3041 ἑαυτὴν,
907 2973 1172 3026 κινεῖσθαι
1209 2973 1264 3026 δὲ
1298 2974 1438 3027 κατὰ
1475 2973 1534 3027 τὸ
1573 2990 1708 3044 συμ-

178 3060 398 3131 ϐεϐηκότ’
448 3063 606 3117 οὐδὲν
650 3065 708 3118 δὲ
751 3065 976 3129 ἀπεικὸς
1029 3066 1284 3134 ἀκίνητον
1330 3062 1496 3118 οὖσαν
1540 3067 1710 3120 κινεῖν

182 3152 307 3218 ἡμᾶς.
345 3155 444 3206 Καὶ
493 3153 608 3224 γὰρ
639 3155 702 3207 τὺ
744 3154 936 3218 κάλλος
981 3155 1234 3226 ἀκίνητον
1273 3154 1333 3207 δν
1377 3157 1515 3208 κινεῖ
1542 3157 1710 3227 ἡμᾶς.

187 3242 296 3294 Ἀλλ’
325 3245 369 3296 εἰ
397 3247 488 3298 καὶ
523 3245 687 3298 τοῦτο
720 3246 975 3317 ἀκίνητον
1019 3245 1078 3300 ὃν
1107 3249 1262 3308 κινεῖ,
1292 3247 1426 3300 ἀλλὰ
1464 3246 1527 3299 τὸ
1555 3247 1716 3315 φύσιν

177 3334 270 3401 ἔχον
286 3338 531 3391 κινεῖσθαι
545 3342 710 3402 κινεῖ,
727 3340 819 3391 καὶ
839 3338 956 3408 οὐχὶ
975 3339 1068 3393 καὶ
1086 3340 1145 3392 τὸ
1160 3339 1432 3408 ἀκίνητον.
1458 3340 1521 3392 Εἰ
1537 3339 1714 3393 τοίνυν

177 3426 246 3478 καὶ
268 3427 318 3480 τὸ
345 3429 496 3498 σῶμα
526 3429 652 3484 καθ’
678 3430 840 3482 ἑαυτὸ
870 3429 1080 3501 κίνησιν
1106 3426 1270 3501 εἶχεν,
1301 3431 1452 3484 οὐδὲν
1475 3428 1542 3503 ἦν
1567 3433 1718 3503 αὑτῷ

176 3516 334 3570 aream
363 3521 491 3574 αὐτὸ
524 3521 796 3575 κινεῖσθαι
825 3521 930 3574 ὑπο
965 3523 1246 3594 ἀκινήτου,
1279 3521 1393 3576 Νῦν
1431 3523 1486 3575 δὲ
1516 3524 1712 3577 ἀδύνα-

177 3624 246 3660 τον
275 3611 326 3663 τὸ
361 3613 614 3683 ἀκίνητον
642 3611 749 3664 ὑπὸ
794 3614 1048 3683 ἀκινήτου
1093 3613 1374 3668 κινεῖσθαι.
1412 3615 1580 3667 Πόθεν
1625 3611 1717 3668 οὖν

175 3701 236 3769 τῷ
256 3703 447 3772 σώματι
477 3705 539 3756 τὸ
588 3703 878 3766 κινεῖσθαι,
920 3705 966 3756 εί
1002 3703 1075 3775 μὴ
1114 3703 1222 3757 ἀπὸ
1260 3704 1358 3774 τῆς
1393 3705 1607 3776 ψυχῆςς
1643 3708 1716 3758 Οὐ

176 3793 260 3864 γὰρ
288 3795 630 3866 αὐτοκίνητόν
660 3797 775 3848 ἐστι
806 3795 865 3847 τὸ
895 3795 1084 3866 σῶμα·
1120 3794 1344 3865 πρώτην
1383 3793 1476 3849 οὖν
1505 3797 1717 3864 γένεσιν

176 3888 400 3955 κινήσεως
438 3889 764 3958 βουλόμενος
796 3887 985 3954 δεῖξαι.
1015 3889 1075 3940 οὐ
1107 3887 1348 3958 πρώτην,
1387 3888 1521 3941 ἀλλὰ
1545 3889 1720 3942 δευτέ-

180 3992 256 4045 ραν
289 3979 492 4043 ἔδειξεν.
524 3979 591 4032 Ei
617 3980 718 4050 μὲν
743 3979 850 4051 γὰρ
892 3979 964 4051 μὴ
993 3979 1306 4048 κινούμενον
1347 3979 1536 4040 ἐκίνει,
1571 3979 1721 4051 πρώ-

173 4083 252 4137 την
278 4071 434 4123 ἐποίει
474 4071 714 4140 κίνησιν.
758 4071 821 4122 Εἰ
860 4069 916 4122 δὲ
952 4070 1014 4122 τὸ
1057 4069 1374 4139 κινούμενον
1404 4069 1497 4139 ἀφ’
1525 4069 1716 4123 ἑαυτοῦ

177 4160 250 4211 καὶ
272 4161 431 4225 ἄλλως
473 4164 636 4227 κινεῖ,
673 4162 931 4232 δευτέρας
962 4163 1227 4231 κινήσεως
1265 4161 1477 4228 γένεσιν
1511 4159 1720 4230 ἐξηγεῖο

172 4265 260 4304 ται.
288 4252 446 4304 Πόθεν
475 4248 571 4306 οὖν
616 4253 678 4305 τὸ
715 4252 1004 4316 κινεῖσθαι,
1037 4255 1084 4304 εί
1119 4252 1193 4324 μὴ
1236 4252 1347 4306 ἀπὸ
1384 4251 1600 4322 ψυχῆς
1637 4253 1717 4306 Οὐ

175 4341 260 4412 γὰρ
285 4343 628 4414 αὐτοκίνητόν
654 4345 771 4396 ἐστι
791 4343 852 4397 τὺ
877 4344 1059 4414 σῶμα.
1093 4344 1263 4398 Πόθεν
1287 4338 1379 4398 οὖν
1406 4344 1594 4414 πρώτη
1628 4345 1718 4414 γέ-

1207 2791 1351 2860 quod
1390 2789 1561 2844 forma
1598 2805 1704 2843 non
1745 2797 1933 2860 posset
1967 2790 2271 2846 admittere.

1886 2882 2147 2953 Adjungit
2175 2892 2431 2953 praeterea
2462 2882 2700 2936 animam
2731 2899 2796 2938 eo
2823 2885 2969 2954 quod
3001 2885 3072 2940 sit
3103 2895 3261 2944 actus
3287 2889 3391 2943 im-

1817 2974 2071 3029 mobilem
2116 2990 2238 3029 esse
2285 2988 2383 3043 per
2424 2989 2504 3037 se,
2537 2976 2741 3029 moveri
2761 2981 2869 3046 'per
2916 2976 3212 3042 accidens;
3252 2977 3391 3032 nihil

1818 3074 1997 3120 autem
2028 3065 2324 3121 absurdum
2350 3073 2456 3128 est,
2486 3081 2609 3121 cum
2639 3067 2708 3121 sit
2739 3067 2982 3130 immota,
3017 3085 3233 3126 movere
3264 3088 3383 3126 nos.

1819 3153 2106 3210 Enimvero
2153 3155 2504 3225 pulchritudo
2555 3155 2850 3214 immobilis
2896 3173 3019 3214 cum
3077 3160 3171 3223 sit,
3210 3170 3391 3217 movet

1816 3265 1964 3315 nos;
2012 3265 2198 3304 verum
2252 3250 2469 3306 tametsi
2520 3249 2666 3321 quod
2717 3249 2993 3305 immobile
3037 3261 3122 3308 est
3154 3263 3390 3318 moveat,

1816 3348 1997 3397 tamen
2044 3341 2188 3412 quod
2231 3355 2480 3396 naturam
2511 3342 2692 3404 habet,
2729 3349 2788 3396 ut
2836 3353 3136 3408 moveatur,
3170 3356 3389 3412 movet;

1818 3449 1928 3488 non
1991 3433 2045 3487 id
2093 3434 2259 3488 etiam
2313 3434 2457 3503 quod
2523 3433 2802 3488 immobile
2886 3442 2991 3490 est.
3045 3434 3394 3508 Quapropter

1818 3527 1864 3580 si
1903 3541 2102 3594 corpus
2144 3526 2306 3580 etiam
2356 3541 2452 3596 per
2495 3541 2553 3581 se
2588 3525 2880 3580 motionem
2937 3525 3197 3594 haberet,
3255 3528 3392 3583 nihil

1820 3617 2118 3670 absurdum
2150 3626 2316 3678 esset.
2370 3618 2548 3688 ipsum
2597 3633 2820 3687 quoque
2852 3621 3058 3674 moveri
3094 3621 3161 3675 ab
3198 3621 3394 3676 immo-

1818 3709 1931 3763 bili.
1966 3706 2084 3762 .lam
2121 3724 2251 3763 vero
2303 3707 2416 3763 fieri
2468 3724 2574 3762 non
2628 3717 2846 3778 potest,
2899 3722 2957 3765 ut
3010 3710 3286 3768 immobile
3325 3715 3393 3768 ab

1820 3800 2082 3853 immobili
2121 3809 2423 3854 moveatur.
2457 3797 2738 3854 Undenam
2768 3815 2898 3869 ergo
2930 3800 3130 3855 accidit
3151 3803 3388 3871 corpori,

1821 3900 1880 3944 ut
1915 3903 2216 3954 moveatur,
2249 3892 2352 3946 nisi
2384 3892 2452 3945 ab
2473 3891 2692 3945 anima?
2730 3894 3002 3964 siquidem
3043 3908 3244 3963 corpus
3284 3909 3390 3948 non

1819 3993 1903 4039 est
1946 3999 2042 4053 per
2092 3999 2151 4038 se
2194 3985 2411 4038 mobile.
2462 3984 2728 4051 Quocirca
2784 4000 2909 4039 cum
2951 3986 3182 4055 primam
3237 3993 3392 4039 actus

1819 4073 2083 4142 originem
2114 4072 2275 4126 vellet
2303 4072 2565 4137 indicare,
2616 4089 2724 4127 non
2784 4073 3016 4144 primam
3066 4071 3162 4128 sed
3194 4088 3392 4128 secun-

1820 4163 1945 4218 dam
1982 4163 2240 4218 ostendit.
2277 4163 2488 4218 Etenim
2523 4165 2568 4219 si
2594 4165 2737 4234 quod
2770 4182 2876 4219 non
2906 4173 3172 4226 movetur.
3208 4180 3390 4218 move-

1822 4262 1940 4318 ret,
1984 4257 2213 4323 primam
2248 4254 2447 4309 faceret
2487 4256 2826 4320 motionem;
2875 4255 2960 4324 sin
3009 4263 3189 4308 autem
3242 4254 3388 4324 quod

1822 4353 2074 4399 movetur
2107 4360 2202 4414 per
2235 4360 2315 4408 se,
2346 4345 2502 4399 aliter
2536 4344 2698 4398 etiam
2745 4350 2944 4410 movet,
2990 4342 3244 4398 secundae
3274 4357 3389 4396 mo-

173 4448 291 4496 νεσις
327 4435 422 4505 τῆς
458 4438 732 4506 κινήσεως
766 4435 845 4506 τῷ
875 4435 1122 4506 σώματι;
1150 4437 1224 4489 Τὸ
1266 4437 1374 4509 γὰρ
1415 4436 1594 4506 λέγειν
1625 4439 1716 4506 ἀφ’

1823 4436 1990 4492 tionis
2021 4444 2202 4491 ortum
2237 4437 2482 4506 exponit.
2519 4434 2798 4490 Undenam
2842 4436 3007 4506 igitur
3044 4435 3244 4488 moveri
3282 4434 3387 4488 nisi

175 4521 348 4577 ἑαυτῶν
377 4528 647 4582 κινεῖσθαι
691 4527 760 4581 τὰ
810 4530 1068 4597 στοιχεῖα,
1115 4528 1198 4581 τὰ-
1233 4529 1330 4598 μὲν
1377 4528 1554 4598 κοῦφα
1587 4529 1714 4582 ὄντα

175 4613 321 4680 φύσει,
349 4619 415 4673 τὶ
441 4619 500 4674 δὲ
532 4619 728 4690 βαρέα,
755 4617 949 4687 ψεῦδός
968 4620 1135 4673 ἐστιν.
1164 4621 1222 4674 El
1245 4620 1355 4692 γὰρ
1383 4622 1417 4692 ἡ
1449 4622 1718 4692 κουφότης

176 4707 250 4758 καὶ
275 4709 500 4782 βαρύτης
543 4712 760 4783 κίνησίς
800 4713 966 4776 ἐστιν,
1005 4712 1098 4780 ἀφ’
1131 4712 1340 4766 ἑαυτῶν
1371 4713 1429 4766 δὲ
1469 4716 1716 4774 κινεῖται,

175 4798 389 4857 οὐδέποτε
429 4806 693 4877 στήσεται
721 4805 789 4858 τὰ
828 4807 1008 4876 κοῦφα
1035 4806 1129 4860 καὶ
1167 4805 1369 4877 βαρέα·
1409 4805 1623 4858 ἵσταται
1661 4805 1719 4858 δὲ

176 4893 248 4948 τὸν
263 4899 450 4952 οἰκεῖον
473 4899 857 4954 καταλαϐόντα
877 4901 1060 4954 τόπον.
1089 4901 1202 4953 Οὐκ
1223 4901 1331 4971 ἄρα
1359 4898 1600 4970 βαρύτης
1625 4898 1718 4952 καὶ

177 4987 408 5059 κουφότης
446 4992 605 5045 αἰτία
656 4990 879 5062 πρώτης
925 4992 1209 5062 κινήσεως,
1254 4989 1390 5044 ἀλλὰ
1438 4989 1719 5058 ποιότητες

177 5075 260 5129 τῶν
285 5083 581 5151 στοιχείων.
627 5082 750 5135 Ἐὰν
781 5082 839 5135 δὲ
881 5082 976 5136 καὶ
1001 5080 1160 5135 τοῦτο
1193 5079 1342 5153 δοθῇ,
1383 5080 1502 5142 πῶς
1527 5095 1610 5142 τις
1633 5077 1720 5130 λο-

178 5165 384 5234 γίζεσθαι
413 5174 508 5226 καὶ
534 5171 784 5238 δοξάζειν
814 5171 911 5226 καὶ
941 5171 1144 5242 κρίνειν
1171 5170 1413 5234 δύναται,
1453 5167 1722 5238 κουφότη-

177 5273 245 5322 vo;
266 5265 350 5316 καὶ
694 5263 834 5335 ἔργα
857 5262 1027 5331 sint;
1056 5263 1119 5316 Ei
1149 5262 1210 5316 δὲ
1243 5263 1319 5333 μὴ
1350 5261 1575 5327 τούτων,
1599 5258 1720 5313 οὐδὲ

176 5349 263 5403 τῶν
294 5356 590 5426 στοιχείων.
619 5357 684 5409 Et
727 5355 786 5408 δὲ
833 5356 908 5426 μὴ
939 5356 1048 5408 τῶν
1096 5355 1394 5425 στοιχείων,
1437 5353 1558 5408 οὐδὲ
1611 5352 1721 5406 τῶν

178 5444 436 5510 θυμάτων·
472 5447 555 5499 ἔτι
583 5447 634 5498 εί
676 5446 818 5499 κατὰ
849 5444 1192 5516 συμϐεϐηκὸς
1221 5448 1255 5516 ή
1291 5444 1440 5516 ψυχὴ
1469 5448 1718 5505 κινεῖται,

177 5530 226 5582 τὺ
250 5533 299 5587 δὲ
327 5536 482 5608 σῶμα
511 5538 578 5604 ἐξ
625 5537 843 5602 ἑαυτοῦ,
873 5541 967 5592 καὶ
1001 5539 1076 5610 μὴ
1115 5538 1282 5608 οὔσης
1310 5538 1407 5608 τῆς
1444 5537 1620 5607 ψυχῆς
1662 5536 1720 5602 ἒξ

178 5621 339 5679 ἑαυτοῦ
377 5628 1022 5700 τὺσῶμακινηθήσεται.
1046 5628 1187 5682 Bibe
1230 5627 1408 5693 τοῦτο,
1447 5629 1541 5681 καὶ
1583 5626 1720 5691 ζῶον

180 5712 302 5769 tam
335 5721 500 5790 χωρὶς
543 5721 640 5790 τῆς
696 5718 906 5789 ψυχῆςο
937 5719 1114 5772 ἄτοπα
1164 5720 1222 5772 δὲ
1271 5718 1472 5772 ταῦτα·
1523 5719 1722 5774 ἄτοπον

467 5813 738 5874 Parnm.
772 5815 890 5874 Gtt.
928 5814 1118 5874 XLV.

1822 4528 1890 4582 ab
1919 4527 2097 4581 anima
2125 4526 2338 4580 oritur?
2381 4524 2498 4579 Non
2529 4526 2669 4580 enim
2696 4541 2897 4607 corpus
2946 4541 3041 4595 per
3090 4540 3149 4580 se
3184 4525 3386 4578 moveri

1821 4626 2033 4689 potest.
2057 4619 2230 4680 Unde,
2266 4617 2510 4687 inquam,
2544 4619 2752 4688 primus
2786 4618 3042 4672 motionis
3076 4624 3230 4671 ortus
3267 4631 3388 4670 cor-

1820 4711 1942 4781 pori
1987 4709 2229 4764 accidit?
2277 4709 2412 4764 Nam
2463 4711 2643 4764 dicere
2674 4710 2937 4764 elementa
2979 4725 3008 4762 a
3051 4724 3110 4763 se
3160 4709 3384 4770 moveri,

1821 4819 1943 4872 quae
1971 4803 2165 4874 partim
2197 4802 2335 4857 levia
2367 4809 2496 4856 sunt
2527 4812 2743 4863 natura,
2777 4803 2973 4871 partim
3004 4801 3211 4872 gravia,
3241 4815 3386 4854 men-

1819 4895 2035 4950 dacium
2063 4903 2167 4950 est.
2203 4893 2413 4948 Etenim
2453 4893 2498 4948 si
2531 4894 2719 4948 levitas
2773 4900 2826 4948 et
2855 4892 3093 4963 gravitas
3119 4893 3386 4946 motiones

1822 4995 1970 5049 sunt,
1993 4994 2046 5041 et
2071 5001 2101 5038 a
2123 4985 2318 5054 seipsis
2341 4995 2644 5047 moventur,
2663 4998 2940 5054 nunquam
2959 4983 3096 5037 levia
3126 4991 3181 5038 et
3201 4983 3385 5055 gravia

1776 5081 1780 5091 '
1821 5075 2140 5132 consistent.
2193 5073 2354 5144 Atqui
2388 5089 2451 5128 ea
2480 5088 2603 5144 qua:
2635 5074 2919 5144 proprium
2969 5079 3222 5128 assecuta
3257 5079 3386 5126 sunt

1823 5168 2023 5231 locum,
2054 5167 2380 5222 consistunt.
2413 5165 2596 5233 Quare
2621 5167 2859 5236 gravitas
2899 5172 2954 5220 et
2987 5164 3177 5218 levitas
3208 5178 3388 5219 causa:

1822 5275 1930 5315 non
1962 5268 2091 5314 sunt
2127 5259 2311 5328 prima;
2349 5257 2630 5318 motionis.
2662 5255 3060 5328 sedqualitates
3093 5255 3388 5309 elemento-

1822 5368 1964 5408 rum.
1999 5350 2153 5418 Quod
2184 5352 2230 5406 si
2263 5351 2366 5404 hoc
2397 5364 2720 5404 concessum
2752 5348 2934 5412 fuerit,
2969 5348 3242 5418 quomodo
3269 5347 3385 5402 exi-

1822 5445 2048 5502 stimare
2069 5450 2123 5498 et
2150 5442 2363 5512 opinari
2395 5448 2448 5494 et
2473 5438 2723 5508 judicare
2763 5439 2885 5507 quis
2914 5443 3113 5507 potest,
3152 5436 3387 5492 levitatis

1821 5544 1876 5590 et
1902 5533 2185 5605 gravitatis
2215 5545 2379 5601 opera
2407 5530 2568 5586 esse?
2624 5527 2718 5583 Sin
2773 5527 2955 5583 minus
2987 5527 3184 5581 horum
3233 5537 3386 5590 sunt,

1823 5642 1891 5681 ne
1937 5627 2327 5682 elementorum
2381 5625 2622 5694 quidem.
2690 5620 2843 5688 Quod
2894 5619 2940 5674 si
2991 5621 3386 5675 elementorum

1825 5734 1988 5789 opera
2016 5734 2122 5774 non
2155 5727 2304 5784 sunt,
2335 5732 2404 5771 ne
2429 5728 2720 5785 corporum
2759 5709 2997 5784 quidem.
3027 5711 3300 5772 Praeterea
3341 5711 3385 5773 sl

3074 5806 3112 5829 Η

3085 5823 3105 5870 4
