3920 6460
535 226 637 285 203

1747 231 1804 287 S.
1845 233 2179 293 GREGORH
2212 237 2504 296 NYSSENI

3673 253 3775 310 20$

536 342 716 396 anima
749 356 845 412 per
879 339 1136 397 accidens
1175 350 1442 408 movetur,
1477 359 1678 416 corpus
1707 345 1889 404 autem
1928 365 1993 406 ex
2025 366 2112 406 se-

2231 354 2323 426 ἱρα
2341 356 2431 410 καὶ
2447 357 2505 410 τὸ
2527 358 2584 425 ἐξ
2601 359 2791 430 ἀρχῆς·
2812 359 2928 414 ἀλλ’
2942 360 3062 415 οὐδὲ
3076 361 3136 416 τὸ
3147 361 3325 430 λέγειν
3341 361 3422 416 ὃτι
3439 363 3544 417 πᾶν
3558 363 3620 416 τὸ
3630 363 3775 433 φύσει

534 430 679 502 ipso,
720 435 900 486 anima
929 449 1035 487 non
1063 435 1357 490 exsistente
1389 452 1590 508 corpus
1615 454 1647 493 a
1674 455 1734 495 se
1762 443 2072 497 movebitur
2097 458 2110 495 :

535 523 682 594 quod
719 525 762 580 si
795 525 865 579 ita
908 539 967 578 se
1009 541 1093 581 res
1126 525 1310 590 habet,
1351 530 1553 583 animal
1582 532 1744 585 etiam
1776 533 1883 588 erit
1908 535 2117 606 absque

537 618 752 683 anima;
784 618 933 688 atqui
964 618 1203 672 absurda
1238 629 1366 674 sunt
1395 623 1542 689 haec;
1575 622 1744 692 igitur
1776 627 1942 680 etiam
1970 629 2117 698 quod

538 707 608 762 ab
640 708 798 763 initio
829 708 1068 779 positum
1093 717 1199 775 est,
1222 711 1518 767 absurdum
1547 715 1686 782 erit;
1717 717 1810 771 sed
1838 733 1906 772 ne
1930 734 2116 774 verum

536 800 758 870 quidem
781 809 866 856 est
895 802 1067 868 dictu,
1090 817 1252 858 omne
1274 804 1421 873 quod
1455 814 1649 861 natura
1683 818 1930 864 movetur
1952 811 2118 865 etiam

538 892 590 945 vi
628 893 865 958 moveri,
899 901 953 946 et
984 892 1129 963 quod
1169 895 1218 948 vi
1251 903 1523 960 movetur,
1559 897 1726 952 etiam
1767 908 1964 956 natura
2004 918 2121 958 mo-

537 984 676 1038 veri.
728 983 940 1038 Etenim
974 986 1211 1040 mundus
1241 988 1334 1056 qui
1366 996 1559 1041 natura
1597 997 1863 1056 movetur,
1910 1007 2018 1046 non
2066 992 2120 1047 vi

541 1085 838 1129 movetur:
875 1076 980 1132 hoc
1031 1077 1195 1131 etiam
1240 1078 1539 1133 secundum
1578 1089 1829 1136 naturam
1863 1084 2117 1154 quiescit.

541 1169 834 1224 Enimvero
871 1169 1110 1224 mundus
1149 1177 1204 1224 ct
1253 1171 1420 1227 solet
1456 1173 1605 1238 luna,
1647 1189 1766 1244 quae
1818 1177 2122 1230 secundum

542 1271 796 1316 naturam
834 1272 1139 1326 moventur,
1189 1262 1490 1317 secundum
1543 1273 1794 1319 naturam
1839 1266 2124 1336 quiescere

544 1368 651 1406 non
689 1361 923 1421 possunt
956 1370 969 1405 :
1004 1352 1196 1407 eodem
1230 1368 1364 1408 sane
1411 1355 1571 1409 modo
1623 1358 1827 1422 anima,
1879 1376 2000 1429 qua
2033 1375 2123 1416 se-

542 1444 780 1496 cundum
810 1451 1061 1496 naturam
1087 1457 1301 1513 semper
1329 1452 1599 1509 movetur,
1625 1447 1909 1516 quiescere
1934 1465 2127 1505 secun-

543 1533 672 1587 dum
705 1543 959 1587 naturam
999 1535 1210 1604 nequit.
1261 1534 1396 1589 Nam
1435 1538 1592 1607 quies
1629 1539 1855 1594 exitium
1887 1551 1970 1598 est
2007 1544 2128 1598 ani-

543 1641 664 1688 mae,
699 1633 752 1680 et
798 1626 1042 1695 cujusvis
1077 1643 1294 1698 semper
1335 1630 1553 1684 mobilis
1597 1640 1826 1688 naturae.
1873 1634 1954 1689 Ad
2013 1636 2125 1690 hac

545 1726 743 1771 natura
769 1718 958 1782 etiam,
992 1718 1137 1789 quod
1169 1719 1222 1773 in
1262 1720 1487 1777 dubium
1517 1724 1817 1779 vocabatur
1845 1727 1912 1780 ab
1946 1728 2123 1791 initio,
2156 1705 2199 1759 Β

549 1811 790 1864 solutum
827 1818 1031 1878 manet,
1092 1811 1234 1866 unde
1282 1827 1485 1882 corpus
1533 1824 1782 1870 naturam
1824 1820 2122 1888 contineat,

546 1917 670 1954 cum
719 1909 912 1956 natura
961 1911 1337 1973 comparatum
1383 1906 1454 1959 sit
1499 1914 1558 1960 ut
1598 1907 1917 1977 dissipetur.
1949 1910 2127 1980 Atque

551 1995 667 2048 haec
705 2011 734 2048 e
768 1994 958 2049 multis
983 1995 1261 2050 sulliciunt
1290 1996 1355 2050 ad
1389 1998 1730 2068 probandum
1761 2001 1998 2056 animam
2032 2019 2127 2058 ne-

549 2100 655 2154 que
685 2091 868 2138 actum
904 2084 1207 2158 perfectum
1251 2101 1393 2152 esse,
1425 2103 1600 2158 neque
1637 2090 1993 2156 immobilem,
2026 2108 2124 2147 ne-

547 2192 654 2246 que
688 2177 742 2229 in
778 2192 1009 2244 corpore
1052 2178 1224 2233 nasci.
1283 2177 1619 2250 Pythagoras
1678 2190 1848 2244 certe,
1897 2183 1991 2252 qui
2031 2198 2126 2252 per

547 2275 707 2323 notas
738 2284 953 2337 semper
982 2284 1302 2338 comparare
1340 2279 1395 2326 et
1438 2271 1605 2326 Deum
1640 2281 1692 2327 et
1721 2273 1901 2327 omnia
1932 2289 2126 2328 nume-

546 2362 623 2416 ris
651 2361 846 2415 solitus
876 2369 1015 2425 erat,
1040 2361 1204 2415 etiam
1239 2363 1476 2416 animam
1509 2363 1802 2418 deliniebat
1836 2380 2126 2418 numerum

547 2451 790 2522 seipsum
821 2459 1155 2507 moventem.
1212 2450 1348 2506 lluic
1377 2453 1541 2506 etiam
1572 2451 1914 2509 Xenocrates
1942 2455 2128 2509 adhae-

547 2541 720 2606 rebat,
770 2554 881 2595 non
931 2541 1076 2610 quod
1108 2543 1469 2596 assentiretur
1499 2544 1734 2594 animam
1770 2557 1895 2597 esse
1929 2558 2125 2598 nume-

548 2648 690 2696 rum,
725 2632 822 2688 sed
856 2633 1003 2702 quod
1037 2644 1284 2688 censeret
1317 2649 1436 2688 eam
1475 2633 1528 2688 in
1562 2635 1726 2690 rebus
1770 2635 2129 2690 numerabili-

548 2723 651 2776 bus
681 2737 824 2786 esse,
854 2733 1016 2792 atque
1039 2722 1398 2777 multitudine
1420 2724 1832 2794 comprehensis
1863 2743 1876 2779 :
1906 2725 2128 2795 etquod

548 2815 730 2869 anima
762 2815 833 2868 sit
863 2830 984 2884 quae
1013 2814 1230 2884 negotia
1265 2815 1552 2879 discernit,
1603 2815 1812 2871 formas
1848 2825 1902 2872 ct
1928 2817 2127 2888 elligies

549 2906 840 2976 quibusvis
886 2905 1193 2961 inferendo.
1244 2905 1370 2961 limo
1402 2913 1545 2961 enim
1590 2920 1672 2963 est
1704 2924 1823 2977 qua:
1851 2910 2062 2978 species
2097 2923 2128 2962 a

2218 446 2533 516 κινούμενον
2565 451 2660 502 καὶ
2697 450 2787 522 βίᾳ
2815 455 3042 507 κινεῖται
3070 468 3085 482 ·
3121 453 3216 507 καὶ
3257 454 3367 508 πᾶν
3392 453 3454 507 τὸ
3492 454 3582 526 βίᾳ
3606 456 3776 509 κινού-

2221 553 2378 605 μενον
2427 540 2518 592 καὶ
2555 540 2712 609 φύσει
2745 545 3000 608 κινεῖται,
3031 543 3230 614 ἀληθές
3275 546 3440 598 ἐστιν.
3478 546 3534 598 '0
3566 545 3672 617 γὰρ
3696 548 3778 602 κύ-

2221 646 2356 698 σμος
2395 630 2553 699 φύσει
2607 634 2941 705 κινούμενος,
2991 637 3081 707 βίᾳ
3107 637 3167 690 οὐ
3209 640 3464 691 κινεῖται·
3507 638 3662 691 τοῦτο
3692 639 3778 692 καὶ

2221 721 2362 774 κατά
2407 725 2566 793 φύσιν
2612 727 2830 796 ήρεμεῖ.
2865 728 2973 780 Καὶ
3001 726 3108 798 γὰρ
3149 729 3178 780 ὁ
3205 728 3408 798 κόσμος
3447 730 3538 782 καὶ
3575 730 3604 781 ὁ
3640 729 3778 798 ἥλιος

2222 816 2312 868 καὶ
2338 819 2370 887 ή
2397 816 2592 888 σελήνη
2621 819 2760 871 κατά
2780 819 2940 887 φύσιν
2979 820 3292 890 κινούμενα,
3324 819 3464 873 κατὰ
3492 820 3648 889 φύσιν
3669 824 3780 892 ήρε·

2224 909 2344 976 μεῖν
2383 907 2443 960 οὐ
2489 905 2738 960 δύναται·
2782 909 2873 961 τὸν
2922 909 3082 962 αὑτὸν
3114 912 3314 980 τρόπον
3361 912 3393 980 ή
3441 911 3606 982 ψυχὴ,
3653 911 3780 965 κατά

2223 998 2384 1068 φύσιν
2411 999 2715 1071 ἀεικίνητος
2739 997 2892 1064 οὖσα,
2931 1003 3070 1054 κατά
3103 1001 3261 1071 φύσιν
3301 1003 3523 1073 ἠρεμεῖν
3547 1003 3606 1054 οὐ
3641 1001 3782 1054 δύνα-

2221 1109 2330 1145 ται.
2376 1091 2438 1144 Ἢ
2463 1091 2570 1164 γὰρ
2602 1093 2804 1163 ἠρεμία
2833 1093 3005 1163 φθορά
3031 1095 3127 1165 τῆς
3151 1093 3328 1164 ψυχῆς
3369 1096 3501 1158 ἐστι,
3529 1094 3624 1146 καὶ
3660 1110 3782 1147 παν-

2222 1184 2313 1247 τὸς
2345 1185 2672 1254 ἀεικινήτου.
2708 1185 2850 1254 Πρὸς
2873 1186 3079 1247 τούτοις
3106 1185 3263 1253 φύσει
3286 1185 3379 1238 καὶ
3401 1185 3461 1237 τὺ
3492 1185 3784 1256 ἀπορούμε-

2225 1292 2314 1328 νον
2353 1276 2410 1341 ὲξ
2441 1275 2633 1346 ἀρχῆς,
2680 1275 2870 1328 ἄλυτον
2912 1276 3083 1346 μένει,
3131 1277 3291 1329 πόθεν
3331 1276 3394 1328 τὸ
3443 1276 3602 1346 σῶμα
3637 1275 3783 1346 φύσιν

2228 1368 2530 1436 συνέχεται,
2569 1368 2808 1436 πεφυκὸς
2850 1369 2941 1422 καὶ
2978 1369 3474 1423 διασκεδάννυσθαι.
3519 1372 3698 1440 Ἀρκεῖ
3733 1369 3783 1421 δὲ

2195 1458 2398 1511 -ταῦτα
2432 1460 2494 1511 ἐκ
2544 1459 2750 1512 πολλῶν
2791 1459 3065 1525 ἀποδεῖξαι
3105 1460 3202 1531 τὴν
3243 1461 3439 1532 ψυχὴν,
3474 1463 3610 1532 μήτε
3654 1463 3784 1514 ἐντε-

2227 1549 2441 1620 λέχειαν
2469 1545 2649 1612 οὖσαν,
2687 1553 2819 1622 μήτε
2851 1553 3125 1621 ἀκίνητον,
3159 1554 3294 1622 μήτε
3339 1555 3396 1606 ἐν
3426 1552 3636 1623 σώματι
3661 1569 3786 1621 γινο-

2231 1642 2418 1714 μένην.
2461 1641 2782 1714 Πυθαγόρας
2829 1643 2885 1697 δὲ
2929 1643 3270 1714 συμϐολικῶς
3301 1643 3540 1707 εἰκάζειν
3575 1645 3660 1698 ἀεὶ
3703 1644 3785 1696 καὶ

2226 1738 2315 1789 τὸν
2353 1735 2484 1789 Θεὸν
2523 1737 2618 1789 καὶ
2647 1735 2719 1788 τά
2765 1735 2940 1788 πάντα
2970 1737 3079 1797 τοῖς
3116 1735 3367 1806 ἀριθμοῖς
3414 1734 3785 1817 είωθὼςηὼρί-

2228 1845 2358 1882 σατο
2401 1829 2495 1881 καὶ
2537 1829 2637 1898 τὴν
2684 1828 2882 1898 ψυχὴν,
2933 1827 3164 1899 ἀριθμὸν
3202 1827 3392 1883 ἑαυτὸν
3444 1828 3717 1882 κινοῦνταο
3747 1821 3787 1896 ᾧ

2227 1918 2319 1971 καὶ
2352 1917 2691 1990 Ξενοκράτης
2721 1918 3103 1990 ἠκολούθησεν,
3137 1921 3236 1989 οὐχ
3267 1921 3348 1973 ὃτι
3385 1919 3616 1991 ἀριθμός
3655 1922 3786 1973 ἐστιν

2227 2011 2259 2081 ή
2287 2010 2455 2080 ψυχὴ,
2482 2009 2599 2063 ἀλλ’
2627 2011 2708 2062 ὅτι
2741 2011 2796 2062 ἐν
2828 2011 2940 2074 τοῖς
2971 2011 3293 2082 ἀριθμητοίς
3326 2013 3440 2064 ὲστι
3483 2012 3580 2066 καὶ
3605 2012 3660 2066 ὲν
3689 2014 3788 2075 τοῖς

2227 2098 2719 2170 πεπληθυσμένοις,
2752 2099 2843 2152 καὶ
2877 2100 2958 2152 ὅτι
2986 2102 3018 2172 ἦ
3047 2100 3191 2171 ψυχή
3219 2103 3364 2154 ἐστιν
3393 2102 3425 2171 ή
3453 2101 3788 2172 διακρίνουσα

2226 2190 2295 2244 τὰ
2333 2192 2657 2262 πράγματα,
2691 2190 2768 2261 τῷ
2805 2192 3021 2262 μορφὰς
3057 2195 3151 2247 καὶ
3183 2193 3376 2256 τόπους
3415 2193 3665 2256 ἑκάστοις
3684 2194 3788 2246 ἑπι-

2229 2281 2431 2333 6αλεῖν.
2451 2280 2598 2350 Αὕτη
2639 2281 2746 2352 γάρ
2777 2283 2925 2334 ἐστιν
2953 2285 2984 2352 ἡ
3012 2281 3082 2335 τὰ
3110 2283 3222 2353 εἴδη
3253 2283 3360 2336 ἀπὸ
3389 2283 3498 2336 τῶν
3521 2283 3675 2336 εἱδῶν
3696 2300 3788 2352 χω-

2229 2374 2472 2444 ρίζουσα,
2509 2376 2603 2428 καὶ
2647 2376 2878 2447 διάφορα
2920 2375 3060 2429 αὑτά
3079 2376 3470 2445 ἀποφαίνουσα,
3502 2378 3573 2447 τῇ
3604 2391 3661 2428 τε
3683 2375 3789 2426 ἑτε-

2231 2465 2415 2536 ρότητι
2448 2466 2557 2519 τῶν
2585 2465 2760 2530 εἰδῶν,
2809 2470 2902 2519 καὶ
2940 2466 3018 2536 τῷ
3053 2467 3245 2537 πλήθει
3283 2464 3377 2519 τοῦ
3419 2465 3673 2537 ἀριθμοῦ,
3707 2464 3788 2517 καὶ

2226 2556 2312 2610 διὰ
2343 2556 2500 2610 τοῦτο
2537 2556 2816 2628 ἀριθμητά
2846 2557 3074 2612 ποιοῦσα
3106 2558 3174 2611 τὰ
3202 2558 3518 2628 πράγματα.
3556 2555 3711 2609 Ὅθεν
3735 2554 3788 2606 οὐ

2230 2649 2574 2702 παντάπασιν
2627 2649 2968 2720 ἀπήλλακται
3023 2650 3121 2720 τῆς
3172 2649 3314 2703 κατά
3359 2651 3484 2712 τοὺς
3541 2646 3790 2719 ἀριθμοὺς

2228 2735 2512 2800 κοινωνίας
2531 2754 2543 2770 ’
2577 2736 2636 2790 τὸ
2668 2736 2722 2789 δὲ
2769 2737 3118 2808 αὐτοκίνητον
3153 2739 3246 2791 καὶ
3273 2736 3434 2800 αὐτὸς
3461 2738 3600 2807 αὐτῇ
3635 2751 3789 2806 προσ-

2229 2829 2631 2900 εμαρτύρησεν·
2686 2831 2767 2882 ὅτι
2825 2829 2882 2882 δὲ
2929 2829 3161 2902 ἀριθμὸς
3207 2830 3306 2884 οὐκ
3352 2829 3486 2894 ἔστι,
3525 2829 3684 2901 δῆλον
3716 2829 3792 2881 ὲν-

2228 2920 2436 2974 τεῦθεν“
2484 2922 2542 2974 '0
2571 2921 2799 2992 ἀριθμὸς
2821 2922 2984 2975 ποσόν
3009 2923 3176 2985 ἐστιν,
3204 2922 3235 2992 ή
3265 2921 3409 2992 ψυχὴ
3439 2921 3494 2974 δὲ
3521 2921 3584 2973 οὐ
3619 2918 3789 2981 ποσὸν,

551 2999 839 3068 speciebus
873 3007 1114 3068 separat,
1145 3005 1199 3052 et
1232 2997 1546 3054 diﬂerentes
1589 3016 1618 3052 a
1660 3016 1719 3055 se
1767 3001 1999 3056 invicem
2030 3002 2127 3056 de-

2231 3011 2344 3064 ἀλλ⁹
2377 3011 2532 3064 οὐσία
2552 3026 2566 3040 ⁸
2598 3011 2699 3065 οὐκ
2729 3012 2836 3081 ἄρα
2867 3012 3096 3082 ἀριθμὸς
3124 3015 3158 3082 ή
3190 3012 3333 3084 ψυχή
3359 3029 3374 3042 ο
3407 3015 3456 3065 εἰ
3481 3013 3576 3065 καὶ
3599 3011 3664 3064 τὰ
3704 3009 3794 3081 μά-

551 3093 750 3157 clarat,
798 3101 911 3145 tum
955 3092 1271 3146 diversitate
1312 3107 1595 3162 generum,
1637 3102 1750 3146 tum
1781 3095 2130 3149 multitudine

551 3186 790 3246 numeri,
837 3182 1074 3253 ideoque
1119 3184 1492 3238 numerabiles
1541 3184 1781 3240 elliciens
1812 3201 1935 3251 res;
1987 3186 2132 3242 unde

551 3292 666 3332 non
713 3291 1109 3345 usquequaque
1142 3275 1325 3329 liberae
1356 3285 1485 3330 sunt
1537 3291 1564 3328 a
1611 3278 2004 3332 communione
2036 3294 2133 3348 per

555 3384 836 3424 numeros.
868 3365 1070 3422 Verum
1105 3366 1252 3436 quod
1303 3383 1398 3437 per
1427 3384 1487 3423 se
1521 3381 1769 3424 movetur
1803 3371 1966 3424 etiam
2016 3371 2134 3441 ipse

554 3462 605 3516 ei
628 3460 944 3516 testimonio
975 3475 1074 3514 suo
1105 3460 1311 3514 tribuit.
1345 3458 1499 3526 Quod
1524 3472 1702 3514 autem
1735 3477 1998 3516 numerus
2027 3479 2133 3517 non

557 3554 631 3609 sit
659 3553 865 3617 anima,
903 3552 1028 3606 hinc
1063 3552 1341 3622 colligitur
1369 3571 1380 3606 :
1413 3549 1688 3607 Numerus
1716 3553 1997 3622 quantitas
2026 3563 2131 3618 est,

559 3645 745 3700 anima
793 3659 919 3700 vero
974 3647 1254 3713 quantitas
1306 3658 1414 3697 non
1458 3651 1582 3706 est,
1640 3644 1732 3698 sed
1787 3644 2133 3710 substantia;

557 3753 690 3809 ergo
722 3751 986 3791 numerus
1021 3752 1125 3789 non
1159 3744 1243 3790 est
1277 3755 1288 3790 :
1337 3736 1554 3790 tametsi
1586 3737 1935 3806 potissimum
1971 3737 2134 3791 etiam

559 3844 850 3886 numerum
887 3829 940 3882 in
974 3827 1415 3898 intelligibilibus
1441 3829 1741 3883 essentiam
1772 3845 1896 3884 esse
1925 3830 2134 3894 volunt,

558 3931 620 3978 ut
666 3923 719 3978 in
757 3923 823 3977 iis
852 3936 976 3993 quae
1008 3920 1264 3989 deinceps
1315 3909 1625 3990 sequuntur
1673 3920 1946 3976 dicemus.
2003 3920 2136 3976 Item

559 4017 739 4072 anima
785 4015 1050 4070 continua
1085 4021 1191 4079 est,
1241 4029 1504 4069 numerus
1536 4029 1666 4068 vero
1709 4029 1819 4069 non
1849 4023 1935 4070 est
1963 4017 2139 4070 conti-

559 4125 722 4165 nuus.
756 4107 876 4162 Non
911 4115 997 4162 est
1025 4106 1190 4178 igitur
1221 4107 1404 4159 anima
1437 4120 1723 4160 numerus.
1760 4104 1878 4160 Huc
1906 4107 2137 4175 accedit,

2233 3101 2388 3154 λιστα
2424 3101 2518 3154 καὶ¹
2565 3100 2654 3153 τὸν
2693 3100 2923 3171 ἀριθμὸν
2956 3103 3012 3154 ἐν
3046 3105 3156 3165 τοῖς
3183 3105 3410 3173 νοητοῖς,
3450 3101 3638 3154 οὐσίαν
3669 3095 3792 3153 εἶναι

2235 3191 2530 3263 βούλονται,
2555 3190 2630 3253 ὡς
2659 3191 2714 3243 ὲν
2741 3194 2851 3255 τοῖς
2880 3192 3004 3263 ἑξῆς
3024 3191 3279 3264 ἐροῦμεν.
3311 3194 3428 3245 Ἔτι
3455 3194 3488 3262 ή
3518 3191 3665 3262 ψυχὴ
3685 3206 3795 3243 συν-

2233 3285 2363 3355 εχής
2397 3286 2562 3348 ἐστιν,
2597 3285 2625 3336 ὁ
2681 3284 2737 3337 δὲ
2778 3284 3008 3355 ἀριθμὸς
3037 3285 3095 3337 οὐ
3132 3286 3386 3355 συνεχής·
3427 3284 3525 3337 οὐκ
3557 3285 3663 3354 ἄρα
3691 3282 3798 3353 ἀρι-

2235 3377 2369 3448 θμὸς
2397 3379 2429 3447 ὴ
2466 3376 2630 3447 ψυχή.
2665 3377 2785 3429 Ἔτι
2817 3379 2844 3429 ὁ
2875 3376 3105 3448 ἀριθμὸς
3133 3378 3272 3430 κατά
3304 3375 3625 3448 προσθήκην
3651 3373 3797 3439 αὒξε-

2234 3485 2354 3532 ται,
2388 3469 2420 3538 ή
2449 3467 2506 3519 δὲ
2532 3467 2678 3538 ψυχὴ
2723 3470 2864 3522 κατὰ
2911 3466 3224 3538 προσθήκην
3262 3466 3361 3519 οὐκ
3389 3463 3642 3528 αὔξεται·
3674 3463 3746 3515 ἔτι
3773 3463 3798 3515 ὁ

2236 3557 2466 3628 ἀριθμὸς
2513 3557 2698 3628 ἄρτιός
2743 3557 2891 3610 ἐστιν
2931 3557 2963 3626 ἢ
3011 3557 3283 3625 περιττὸς,
3321 3558 3355 3626 ή
3401 3555 3458 3607 δὲ
3499 3553 3649 3625 ψυχὴ
3688 3552 3798 3607 οὔτε

2235 3651 2441 3721 ἄρτιος,
2465 3650 2588 3702 οὔτε
2621 3650 2877 3720 περιττή·
2908 3650 3008 3702 οὐκ
3038 3650 3146 3718 ἄρα
3173 3648 3404 3718 ἀριθμὸς
3428 3648 3460 3717 ἡ
3492 3645 3664 3718 ψυχή.
3692 3646 3800 3714 Ἔτι

2238 3743 2270 3813 ή
2298 3742 2442 3814 ψυχὴ
2466 3741 2818 3812 αὺτοκίνητός
2846 3743 2990 3794 ἐστιν
3011 3781 3026 3806 ,
3054 3742 3082 3793 ὁ
3104 3741 3158 3793 δὲ
3201 3739 3429 3810 ἀριθμὸς
3457 3741 3486 3792 ὁ
3512 3738 3799 3809 ὡρισμένος

2238 3835 2511 3904 ἀκίνητος.
2549 3834 2669 3886 Ἔτι
2708 3834 2736 3885 ὁ
2768 3833 2866 3903 μὲν
2893 3833 3124 3904 ἀριθμὸς
3159 3832 3334 3901 μένων
3372 3825 3451 3894 εἷς
3479 3831 3575 3883 καὶ
3601 3833 3629 3882 ό
3658 3827 3801 3888 αὐτὸς

2238 3927 2336 3999 τὴν
2371 3927 2554 3995 φύσιν,
2581 3925 2836 3996 οὐδεμίαν
2876 3925 3136 3995 ποιότητα
3165 3926 3262 3994 τὴν
3297 3926 3354 3974 ὲν
3387 3921 3640 3992 ἀριθμοῖς
3671 3935 3800 3987 γινο-

2243 4019 2410 4090 μένην
2444 4017 2860 4084 ὲξαλλάσσεται·
2903 4018 2936 4086 ἡ
2970 4015 3114 4086 ψυχὴ
3162 4015 3217 4068 δὲ
3251 4014 3346 4085 μία
3387 4031 3470 4076 τις
3501 4009 3638 4066 οὖσα
3676 4008 3801 4063 κατὰ

2238 4111 2336 4182 τὴν
2377 4111 2582 4176 οὐσίαν,
2616 4109 2942 4163 ὑπαλλάττει
2987 4111 3087 4172 τὰς
3120 4109 3430 4179 ποιότητας,
3473 4105 3533 4170 ἐξ
3581 4102 3801 4175 ἀμαθίας

559 4200 707 4271 quod
727 4214 988 4254 numerus
1016 4212 1114 4269 per
1153 4195 1520 4266 adiectionem
1547 4204 1799 4265 augetur,
1833 4196 1927 4251 sed
1959 4196 2129 4251 anima

2241 4203 2321 4266 εἰς
2346 4203 2654 4274 ἐπιστήμην
2685 4201 3120 4262 κατα-πίπτουσα,
3146 4200 3241 4253 καὶ
3269 4201 3333 4252 ὲκ
3363 4198 3561 4261 κακίας
3582 4198 3661 4260 εἰς
3689 4195 3803 4265 ἀρε·

563 4292 876 4348 accessione
894 4304 1002 4344 non
1019 4297 1267 4359 augetur.
1286 4286 1416 4340 Item
1435 4300 1694 4341 numerus
1711 4300 1808 4356 par
1821 4296 1905 4340 est
1924 4295 2017 4340 aut
2041 4287 2129 4342 im-

2241 4292 2338 4362 τήν
2363 4309 2377 4322 ο
2410 4291 2509 4344 οὐκ
2533 4291 2640 4362 ἄρα
2669 4290 2951 4361 ἀριθμὸςή
2979 4290 3144 4361 ψυχή.

565 4401 690 4457 par:
710 4397 898 4438 verum
917 4381 1096 4435 anima
1119 4394 1294 4449 neque
1317 4393 1434 4448 par,
1455 4392 1630 4448 neque
1650 4377 1856 4448 impar;
1875 4394 2004 4450 ergo
2023 4399 2284 4440 numerus
2299 4399 2408 4439 non
2441 4392 2547 4439 est.
2566 4382 2646 4438 Ad
2671 4384 2785 4437 haec
2815 4383 2992 4436 anima
3019 4397 3114 4451 per
3141 4397 3200 4436 se
3229 4379 3442 4435 mobilis
3464 4386 3580 4433 est:
3603 4376 3698 4434 sed
3713 4387 3804 4430 nu-

565 4491 748 4532 merus
763 4469 1461 4530 determinatusimmobilis
1480 4476 1586 4524 est.
1613 4469 1744 4526 ltem
1775 4487 2040 4529 numerus
2054 4490 2281 4532 manens
2308 4492 2450 4531 unus
2466 4483 2516 4530 et
2544 4475 2684 4530 idem
2715 4482 2934 4534 natura,
2961 4473 3111 4526 nulla
3134 4473 3238 4525 alia
3270 4471 3528 4540 qualitate
3556 4484 3676 4540 qua
3694 4466 3804 4539 qui-

564 4568 687 4621 dem
717 4568 770 4621 in
801 4564 1047 4620 numeris
1079 4562 1191 4626 ﬁat,
1222 4569 1498 4629 mutatur;
1523 4563 1618 4618 sed
1651 4565 1833 4619 anima
1865 4580 1990 4620 cum
2015 4584 2122 4624 una
2156 4571 2228 4625 sit
2263 4571 2564 4626 secundum
2600 4567 2922 4626 essentiam,
2949 4573 3124 4619 mutat
3146 4565 3382 4621 subinde
3408 4565 3718 4635 qualitates,
3740 4573 3801 4616 ex

568 4653 785 4715 inscitia
832 4655 902 4710 ad
948 4655 1258 4719 scientiam,
1285 4662 1342 4711 et
1383 4669 1450 4710 ex
1495 4656 1627 4711 vitio
1675 4657 1742 4712 ad
1785 4659 2044 4714 virtutem
2079 4664 2322 4734 migrans
2359 4683 2371 4718 :
2410 4665 2575 4733 igitur
2605 4661 2789 4716 anima
2818 4676 3082 4716 numerus
3112 4674 3222 4714 non
3249 4669 3354 4715 est.

638 4747 778 4804 Sunt
818 4746 985 4817 igitur
1032 4753 1277 4802 veterum
1323 4746 1390 4802 de
1425 4748 1608 4801 anima
1633 4753 1919 4806 sententiae
1948 4753 2129 4823 hujus-

2314 4757 2395 4812 Τὰ
2436 4756 2535 4826 μὲν
2579 4750 2670 4808 οὖν
2716 4752 2825 4807 τῶν
2871 4752 3118 4806 παλαιῶν
3163 4753 3407 4822 δόγματα
3459 4751 3589 4821 περὶ
3635 4745 3803 4818 ψυχῆς

565 4843 734 4900 modi.
783 4837 1088 4894 Eunomius
1123 4846 1306 4892 autem
1339 4839 1575 4894 animam
1607 4839 1820 4897 deﬁniit
1879 4846 2137 4900 substan-

567 4938 695 4992 tiam
731 4936 1136 5004 incorpoream,
1183 4930 1238 4984 in
1278 4945 1513 5001 corpore
1554 4933 1828 4988 conditam
1866 4952 1878 4987 :
1933 4937 1988 4991 in
2030 4953 2138 5008 quo

567 5041 688 5083 cum
724 5024 969 5089 Platone,
1003 5029 1057 5078 et
1107 5021 1399 5077 Aristotele
1449 5025 1753 5079 convenit:
1801 5017 2006 5096 quippe
2053 5029 2139 5082 in-

568 5132 885 5190 corpoream
939 5131 1006 5171 ex
1061 5113 1290 5173 Platone
1340 5117 1596 5187 accepit:
1652 5119 1797 5190 quod
1843 5131 2022 5176 autem
2084 5123 2141 5177 in

569 5224 799 5280 corpore
826 5207 1100 5263 conditam
1135 5205 1288 5271 dicit,
1311 5222 1376 5262 ex
1399 5208 1709 5266 Aristotelis
1745 5211 1992 5267 doctrina
2015 5223 2099 5268 est
2127 5229 2140 5264 :

570 5315 673 5358 nec
701 5299 1086 5356 animadvertit
1114 5301 1468 5370 quantumvis
1509 5312 1705 5360 acutus
1745 5313 1801 5359 et
1853 5305 2049 5369 solers,
2087 5321 2146 5361 se

572 5392 631 5447 in
660 5407 829 5446 unum
861 5405 1054 5463 cogere
1086 5390 1242 5455 eniti,
1277 5406 1398 5462 qua:
1430 5407 1658 5463 prorsus
1688 5409 1719 5448 a
1757 5409 1817 5451 se
1843 5394 2143 5450 dissident:

575 5499 739 5541 omne
766 5485 911 5541 enim
941 5483 1086 5555 quod
1118 5491 1298 5540 ortum
1326 5483 1510 5546 habet,
1549 5492 1603 5539 et
1630 5499 1954 5556 corporeum
1982 5486 2145 5542 simul

577 5593 640 5631 ac
671 5577 966 5647 temporale
989 5584 1093 5640 est,
1133 5575 1403 5632 caducum
1437 5581 1491 5630 et
1525 5577 1754 5632 mortale
1781 5577 2013 5632 exsistit.
2052 5575 2146 5630 llis

578 5670 741 5724 etiam
800 5669 1097 5724 concinunt
1153 5667 1354 5745 Movsis
1426 5668 1651 5738 scripta.
1709 5666 1843 5723 Nam
1899 5667 2140 5724 omnium

2243 4848 2484 4901 τοιαῦτα.
2513 4846 2775 4915 Εὑνόμιος
2806 4845 2862 4898 δὲ
2882 4844 3117 4916 ὡρίσατο
3140 4843 3238 4914 τὴν
3261 4841 3434 4911 ψυχὴν
3463 4840 3649 4893 οὐσίαν
3673 4836 3804 4892 ἀσώ-

2249 4957 2436 5010 ματον,
2489 4939 2546 4991 ὲν
2589 4938 2802 5007 σώματι
2848 4935 3201 5005 κτιζομένην·
3252 4933 3624 5002 συμφωνήσας
3675 4929 3799 4999 ὁμοῦ

2247 5032 2491 5085 Πλάτωνι
2520 5029 2614 5083 καὶ
2655 5027 3033 5100 Ἀριστοτέλει.
3078 5025 3152 5079 Τὸ
3186 5026 3284 5096 μὲν
3311 5020 3403 5078 οὖν
3433 5025 3716 5095 ἀσώματον
3744 5023 3800 5074 ὲκ

2246 5123 2340 5178 τοῦ
2371 5120 2655 5185 Πλάτωνος
2689 5120 2908 5192 εἴληφε·
2939 5119 3000 5172 τὸ
3025 5117 3082 5170 δὲ
3128 5119 3185 5170 ἐν
3220 5117 3430 5188 σώματι
3469 5115 3798 5186 κτιζομένην,

2247 5216 2313 5268 ὲκ
2330 5214 2428 5284 τῆς
2456 5212 2859 5284 Ἀριστοτέλους
2876 5209 3220 5272 διδασκαλίας
3238 5226 3252 5242 ·
3275 5209 3374 5262 οὐκ
3393 5209 3670 5277 ἐννοήσας,
3687 5205 3798 5258 mle

2248 5323 2354 5378 περ
2380 5305 2505 5372 ὀξὺς
2551 5303 2645 5370 ὣν,
2687 5306 2770 5357 ὅτι
2817 5303 3072 5372 συνάγειν
3109 5303 3189 5366 είς
3238 5302 3399 5355 ταὺτὸ
3450 5302 3701 5372 πειρᾶται
3738 5296 3801 5348 τὰ

2247 5396 2571 5468 ἀσύμϐαταο
2625 5397 2732 5449 πᾶν
2777 5395 2884 5465 γὰρ
2927 5392 2990 5446 τὸ
3038 5393 3252 5462 γένεσιν
3303 5392 3454 5464 ἔχον,
3505 5387 3800 5462 σωματικὸν

2245 5485 2380 5556 ὁμοῦ
2422 5486 2516 5538 καὶ
2545 5483 2814 5555 χρονικὸν,
2845 5481 3082 5552 φθαρτόν
3114 5482 3230 5534 ἐστι
3256 5483 3348 5535 καὶ
3392 5481 3580 5551 θνητόν
3606 5496 3620 5510 ο
3655 5477 3801 5548 συνᾲ-

2245 5575 2324 5628 δει
2355 5575 2411 5629 δὲ
2439 5574 2613 5645 τούτῳ
2637 5574 2732 5629 καὶ
2755 5573 2823 5627 τὰ
2847 5572 3142 5634 Μωῦσέως.
3173 5568 3284 5642 Τὴν
3309 5570 3418 5643 γὰρ
3441 5571 3570 5641 ὓλην
3596 5569 3796 5624 πάντων

2249 5666 2460 5736 γένεσιν
2499 5665 2832 5731 ὑποτίθεται,
2869 5663 2944 5728 ὠς
2973 5661 3284 5728 δοξάζουσιν
3315 5663 3364 5716 οἱ
3399 5661 3492 5716 τοῦ
3529 5658 3798 5718 Πλάτωνος
