3920 6476
582 338 684 393 207
1817 338 1876 394 S.
1916 334 2241 395 GRECORH
2284 336 2572 393 NYSSENI
3704 339 3801 395 903

583 457 866 519 generant,
905 455 957 503 et
1007 458 1356 519 generantur,
1402 457 1461 503 ut
1496 450 1933 519 corruptibilium
1976 467 2131 521 genus

2251 452 2587 522 τικτόμενον,
2614 452 2647 523 ἢ
2675 451 2753 523 τῷ
2801 452 2896 523 βίῳ
2929 453 2960 523 ἢ
3012 450 3187 521 ἐαυτῷ
3218 452 3486 522 χρήσιμον
3528 452 3766 523 ἐσόμενον
3786 495 3798 516 ,

581 549 930 612 permaneat;
984 556 1209 598 necesse
1239 556 1458 611 quoque
1484 542 1676 596 horum
1731 552 1824 597 aut
1868 544 2129 597 mortalen

2253 544 2345 594 καὶ
2384 542 2471 594 διὰ
2520 541 2676 595 τοῦτο
2726 547 2997 614 συγχωρεῖ
3040 544 3137 614 τὴν
3182 543 3495 613 ἐμψύχωσιν
3538 545 3797 612 γίνεσθαι·

580 648 702 687 esse
748 636 983 688 animam
1032 632 1161 696 dici,
1216 646 1341 685 cum
1397 631 1627 686 invicem
1682 640 2125 701 procreaturzau

2255 632 2437 687 ἱκανὸν
2482 634 2538 685 δὲ
2570 635 2863 705 τεκμήριον
2903 634 3061 687 τοῦτο
3098 634 3466 705 λαμϐάνομεν,
3496 634 3584 688 τὸν
3614 636 3677 687 ἐκ
3714 638 3800 706 τῆς

580 740 689 781 non
721 741 817 796 per
846 726 1244 781 successionem
1273 741 1339 780 ex
1371 740 1431 780 se
1470 725 1698 779 invicem
1745 725 1991 795 generari
2030 725 2128 778 aui

2254 723 2345 777 τοῦ
2394 726 2590 796 Οὐρίου
2652 728 2746 780 καὶ
2794 726 2959 780 Δαῦὶδ
3011 727 3337 797 γεννηθέντα
3391 726 3674 797 Σολομῶνα
3719 727 3802 799 [ὡς

579 833 732 873 mas:
768 832 890 871 nam
919 817 1271 886 quastionem
1310 817 1377 871 de
1410 817 1477 871 iis
1510 816 1603 885 qui
1647 830 1715 869 ex
1759 815 2027 870 adulterio
2053 830 2127 869 nat

2254 818 2393 870 κατὰ
2427 819 2588 887 νόμον
2629 818 2719 870 τὸν
2746 818 2887 871 θεῖον
2922 818 3224 888 τικτομένῳ
3258 819 3366 881 ’ὡς
3420 819 3513 872 καὶ
3541 819 3634 871 ἐπὶ
3662 819 3802 872 Σολο-

579 920 807 965 scuntur
837 910 1190 979 providentiae
1223 908 1421 961 rationi
1454 906 1848 975 relinquimus,
1881 922 2003 976 qua:
2029 908 2127 976 qui

1989 922 2003 960 ξ
2029 908 2154 976 quia
2258 908 2429 979 μῶντι
2448 908 2533 978 ,τῷ
2560 908 2725 961 Δαὸὶδ
2743 908 3035 976 γεννῶνται
3057 910 3126 962 τὰ
3156 908 3537 981 γεννώμενα.].

578 1000 700 1056 dem
720 1017 749 1054 a
768 1000 925 1055 nobis
941 1001 1242 1069 ignoratur.
1274 997 1430 1064 Quod
1453 998 1498 1053 si
1522 998 1651 1067 quid
1678 1004 1926 1068 oporteat
1955 997 2023 1053 de
2059 998 2395 1068 providentia
2417 1000 2733 1067 conjectura
2757 1002 2996 1070 assequi,
3018 1001 3167 1054 novit
3195 1001 3363 1070 probe
3397 1002 3539 1072 quod
3574 1009 3802 1056 creatum

578 1100 680 1156 est,
703 1092 958 1160 autlvitae,
988 1099 1082 1145 aut
1116 1092 1216 1146 sibi
1236 1091 1579 1146 commodum
1616 1101 1776 1162 atque
1805 1093 1935 1147 utile
1956 1092 2227 1161 futurum;
2259 1096 2406 1165 atqui
2435 1096 2639 1150 idcirco
2670 1096 2920 1150 concedit
2940 1096 3244 1150 animorum
3273 1098 3647 1166 migrationem
3676 1096 3799 1156 ﬁeri.

578 1182 828 1237 Validum
845 1197 974 1237 vero
995 1180 1118 1234 hinc
1139 1188 1514 1249 argumentum
1553 1180 1693 1235 adid
1726 1182 1978 1236 ducimus
2008 1181 2376 1248 Salomonem,
2404 1184 2496 1254 qui
2531 1199 2599 1238 ex
2632 1184 2776 1239 Uria:
2802 1186 2987 1238 uxoris
3023 1192 3309 1253 conceptu,
3350 1195 3405 1239 et
3440 1184 3657 1241 Davidis
3695 1194 3803 1241 satu

578 1272 757 1328 editus
804 1280 907 1338 est,
946 1270 1101 1340 quasi
1137 1269 1293 1339 juxta
1331 1269 1500 1339 legem
1535 1270 1775 1324 divinam
1811 1278 2153 1326 nasceretur.
2968 1334 2983 1337 Α,

650 1363 1106 1436 (l)Expendamus
1121 1362 1185 1412 de
1210 1374 1374 1427 nceps
1387 1359 1550 1412 etiam
1563 1356 1983 1410 Manicltmorum
2006 1360 2127 1427 opi-

2326 1361 2483 1431 Ἑξῆς
2531 1362 2947 1432 ἐπισκεψώμεθα
3001 1364 3093 1415 καὶ
3154 1364 3255 1433 τὴν
3309 1363 3466 1429 δόξαν
3502 1364 3609 1417 τῶν
3648 1366 3804 1419 Mevi.

580 1453 794 1504 nionem
834 1448 901 1502 de
932 1448 1113 1500 anima
1144 1467 1156 1500 :
1192 1449 1348 1502 aiunt
1388 1449 1589 1503 etenim
1624 1464 1743 1503 eam
1787 1465 1910 1505 esse
1958 1450 2128 1503 ineor-

2255 1452 2436 1519 καίων,
2476 1452 2542 1520 ἢν
2566 1452 2748 1521 έχουσι
2778 1452 2905 1521 περὶ
2940 1452 3039 1520 τῆς
3062 1451 3259 1521 ψυχῆς.
3292 1454 3426 1505 Φασὶ
3457 1454 3550 1523 μὲν
3578 1453 3687 1525 γάρ
3720 1456 3803 1506 αὐ·

579 1557 799 1611 poream
842 1550 895 1595 et
941 1541 1341 1607 immortalem;
1387 1539 1481 1593 sed
1512 1555 1674 1593 unam
1711 1540 1992 1610 solamque
2021 1556 2127 1595 ess:

2256 1538 2339 1607 τὴν
2374 1537 2659 1608 ἀσώματον
2701 1540 2795 1591 καὶ
2838 1539 3102 1591 ἀθάνατον
3128 1557 3141 1568 ·
3193 1541 3320 1610 μίαν
3358 1542 3416 1594 δέ
3470 1543 3636 1613 μόνην
3682 1539 3804 1595 εἶναι

578 1635 954 1687 universorum
985 1633 1221 1684 animam
1251 1647 1345 1700 per
1372 1632 1545 1686 frusta
1573 1632 1803 1687 divisam
1826 1672 1842 1697 ,
1876 1643 1931 1686 et
1959 1634 2126 1686 conci

2258 1629 2343 1697 τὴν
2384 1629 2492 1680 τῶν
2533 1630 2785 1682 ἁπάντων
2837 1629 3031 1701 ψυχὴν,
3074 1631 3684 1703 κατακερματιζομένην
3722 1635 3806 1686 καὶ

579 1739 693 1778 sam
723 1724 777 1776 in
802 1724 1013 1791 singula
1037 1737 1290 1792 corpora,
1321 1724 1559 1777 animata
1590 1732 1645 1779 et
1673 1726 1909 1778 inanima
1938 1744 1950 1778 :
1981 1735 2127 1794 atqm

2259 1719 2723 1788 ιατατεμνομένην
2744 1720 2823 1782 είς
2838 1719 2904 1771 τὰ
2930 1719 3052 1771 καθ’
3074 1720 3302 1774 ἕκαστον
3330 1721 3577 1792 σώματα,
3604 1723 3807 1792 ἔμψυχα

580 1816 694 1868 haec
724 1816 987 1883 potiorem
1014 1816 1265 1869 obtinere
1290 1824 1498 1884 partem
1518 1854 1532 1877 ,
1564 1816 1669 1868 alia
1696 1816 1957 1870 minorem
1981 1834 1995 1880 ;
2026 1834 2128 1869 am-

2256 1826 2306 1860 τε
2344 1810 2436 1861 καὶ
2481 1810 2696 1879 ἄψυχα·
2734 1811 2825 1862 καὶ
2850 1811 2918 1863 τὰ
2953 1812 3049 1882 μὲν
3083 1812 3322 1876 πλείονος
3348 1773 3516 1884 αὐτῆς
3551 1773 3804 1886 μετέχεῖν,

585 1906 814 1975 pliorem
849 1906 1066 1975 quidem
1114 1907 1386 1968 animata,
1441 1908 1806 1976 angustiorem
1841 1916 2021 1961 autem
2054 1908 2133 1961 in-

2257 1900 2315 1952 τὰ
2338 1900 2393 1953 δὲ
2416 1900 2720 1963 ἐλάττονος·
2762 1902 2999 1965 πλείονος
3040 1905 3138 1971 μὲν
3169 1904 3238 1956 τὰ
3270 1904 3507 1974 ἔμψυχα,
3542 1907 3805 1968 ἐλάττονος

577 1996 788 2060 anima,
824 1997 992 2050 multo
1023 2012 1150 2051 vero
1185 1998 1552 2066 augustiorem
1584 1998 1826 2052 coelestia
1856 2017 1872 2063 ;
1902 1999 2038 2053 adeo
2087 2016 2119 2053 u

2261 1990 2306 2042 δὲ
2328 1990 2394 2042 τὰ
2422 1991 2621 2059 ἄψυχα,
2656 1992 2833 2061 πολλῴ
2859 1992 2916 2044 δὲ
2944 1993 3184 2059 πλείονος
3209 1993 3278 2047 τὰ
3305 1996 3530 2066 οὐράνια
3553 2014 3565 2025 ’
3614 1996 3689 2061 ὡς
3722 1995 3809 2065 τῆς

577 2090 845 2142 universae.
876 2088 1097 2154 animae,
1133 2089 1252 2143 alia:
1284 2089 1513 2158 singulae
1542 2089 1651 2143 sint
1681 2090 1962 2158 particula:
1987 2106 2125 2159 quaa-

2256 2078 2477 2133 καθόλου
2505 2081 2681 2151 ψυχῆς
2714 2083 2851 2153 μέρη
2885 2084 2983 2146 τὰς
3018 2084 3138 2138 καθ’
3166 2085 3394 2139 ἕκαστον
3435 2084 3577 2142 εἶναι
3603 2087 3804 2158 ψυχάς·

576 2179 702 2231 dam
727 2196 740 2243 ;
771 2186 825 2232 et
850 2179 895 2231 si
923 2178 1139 2247 quidem
1166 2179 1305 2232 hanc
1326 2178 1600 2232 individue
1629 2180 1814 2247 partiri
1841 2177 2109 2233 dixissent

2259 2172 2342 2223 καὶ
2372 2173 2420 2223 εί
2463 2172 2560 2241 μὲν
2605 2172 2911 2242 ἁμερίστως
2959 2175 3273 2246 μερίζεσθαι
3317 2179 3518 2250 ταύτην
3559 2179 3807 2247 ἔφασκον,

576 2278 837 2339 tanquam
867 2285 1053 2323 vocem
1090 2269 1231 2324 inter
1273 2270 1592 2331 audientes,
1623 2268 1895 2323 mediocre
1930 2270 2124 2324 malum

2262 2263 2324 2327 bc
2364 2263 2461 2335 τὴν
2509 2265 2691 2335 φωνὴν
2738 2267 2795 2317 ἐν
2845 2267 2957 2330 τοῖς
2993 2267 3269 2335 ἀκούουσι,
3300 2270 3519 2342 μέτριον
3562 2271 3631 2325 ἂν
3658 2267 3722 2344 ἧν
3758 2273 3810 2325 τὸ

577 2362 723 2417 istud
753 2360 961 2415 fuisset.
982 2359 1135 2415 Nunc
1158 2370 1337 2415 autem
1363 2361 1550 2414 dicunt
1574 2362 1938 2415 substantiam
1966 2359 2125 2429 ipsan

2263 2355 2418 2407 κακόν
2443 2373 2456 2384 ·
2507 2355 2601 2408 νῦν
2639 2356 2694 2408 δὲ
2737 2356 2834 2426 τὴν
2866 2357 3053 2411 οὐσίαν
3090 2360 3259 2429 αὐτὴν
3306 2361 3405 2430 τῆς
3434 2361 3614 2433 ψυχῆς
3654 2380 3811 2416 κατα-

577 2454 770 2508 animre
795 2453 993 2516 dividi,
1017 2462 1069 2507 et
1095 2452 1238 2522 quod
1273 2452 1514 2505 omnium
1552 2451 2001 2506 molestissimum
2026 2458 2125 2505 est,

2263 2445 2567 2516 μερίζεσθαι
2590 2449 2825 2517 λέγουσι,
2857 2451 3034 2505 καὶτὸ
3062 2454 3279 2509 πάντων
3308 2457 3712 2525 χαλεπώτατον,
3739 2460 3811 2511 ὅτι

576 2548 794 2617 proprie
821 2546 991 2615 ipsam
1018 2545 1075 2598 in
1103 2543 1385 2599 elementis
1411 2558 1534 2597 esse
1564 2544 1785 2607 volunt,
1812 2552 1865 2596 et
1889 2557 1995 2597 una
2025 2544 2124 2598 dis-

2263 2536 2453 2608 ιιυρίως
2489 2538 2659 2611 αὐτὴν
2680 2540 2740 2591 ἐν
2762 2540 3193 2610 ποιχείοιςεῖναι
3214 2544 3510 2615 βούλονται,
3546 2548 3643 2599 καὶ
3687 2566 3811 2616 συμ-

578 2636 743 2691 tribui
776 2648 900 2687 cum
955 2634 1038 2691 his
1073 2634 1125 2686 in
1158 2647 1452 2701 corporum
1500 2634 1885 2702 generatione,
1921 2647 1984 2687 ac
2017 2648 2126 2687 rure

2267 2628 2571 2700 ιερίξεσθαι
2603 2630 2815 2696 τούτοις
2847 2634 2904 2687 ἐν
2936 2636 3001 2705 τῇ
3027 2636 3134 2689 τῶν
3165 2638 3430 2707 σωμάτων
3461 2639 3696 2706 γενέσει,
3732 2641 3815 2691 καὶ

574 2742 671 2781 sus
718 2724 783 2778 ad
830 2725 969 2779 idem
1014 2724 1306 2779 convenire
1344 2723 1644 2791 eodemque
1693 2723 1897 2793 redigi,
1950 2724 2122 2778 soluti:

2266 2720 2411 2772 πάλιν
2457 2722 2536 2785 είς
2579 2722 2775 2775 ταύτὸν
2823 2724 3058 2779 συνιέναι
3103 2725 3462 2798 διαλυομένων
3495 2729 3603 2781 τῶν
3640 2732 3814 2801 σωμά-

572 2818 933 2886 corporilms,
980 2816 1120 2871 sicut
1164 2830 1307 2884 aqua
1357 2816 1409 2867 in
1445 2823 1630 2884 partes
1668 2814 1843 2869 divisa
1870 2856 1884 2879 ,
1918 2814 2120 2867 iterum

2267 2828 2376 2876 των,
2423 2811 2497 2875 ὼς
2534 2811 2674 2884 ὕδωρ
2710 2816 3080 2886 μεριζόμενον,
3133 2819 3225 2871 καὶ
3257 2819 3417 2873 πάλιν
3460 2822 3815 2891 συναγόμενον

574 2923 682 2977 que
711 2916 900 2959 coacta
932 2914 985 2959 et
1016 2905 1296 2973 permista.
1341 2903 1580 2972 Itemque
1610 2903 1821 2958 animas
1861 2918 2028 2973 puras
2076 2919 2122 2956 at

2269 2903 2341 2954 ιαὶ
2377 2903 2724 2974 μιγνύμενον.
2756 2907 2864 2959 Καὶ
2889 2907 2986 2971 τὰς
3017 2909 3115 2979 μὲν
3148 2909 3392 2982 καθαρὰς
3417 2912 3597 2981 ψυχὰς
3630 2916 3817 2983 χωρεῖν

573 2998 750 3053 lucem
815 3012 1074 3066 pergere,
1136 3009 1261 3049 cum
1322 2995 1452 3063 ipsa!
1486 2995 1663 3048 lumen
1709 2996 1841 3059 sint,
1880 2995 2116 3049 contami

2271 2996 2329 3057 :i;
2367 2996 2428 3048 τὸ
2460 2997 2593 3065 φῶς,
2626 2998 2739 3067 φῶς
2787 2998 2950 3064 οὔσας
2974 3017 2989 3031 ο
3039 3000 3139 3065 τὰς
3178 3002 3235 3055 δὲ
3279 3004 3692 3075 μεμολυσμένας
3724 3007 3819 3059 ὑπο

573 3094 734 3141 natas
762 3095 941 3139 autem
971 3100 998 3137 a
1026 3086 1250 3138 materia
1271 3124 1286 3149 ,
1318 3084 1381 3137 ad
1415 3084 1679 3137 elementa
1708 3085 1857 3139 abire
1876 3124 1891 3147 ,
1924 3086 2121 3139 iterum

2272 3086 2349 3155 ἰῆς
2377 3086 2528 3158 ὕλης,
2565 3094 2758 3161 χωρεῖν
2786 3092 2863 3156 εἰς
2890 3090 2959 3144 τὰ
2985 3095 3249 3164 στοιχείαο
3283 3096 3372 3148 καὶ
3399 3096 3556 3149 πάλιν
3591 3098 3702 3150 ἀπὸ
3721 3098 3820 3150 τῶν

572 3194 680 3249 que
709 3179 778 3232 ab
807 3177 1093 3231 elementis
1124 3179 1190 3231 ad
1216 3176 1431 3245 plantas
1457 3182 1511 3229 et
1546 3176 1799 3228 animalia
1831 3177 2009 3230 bruta.
2040 3176 2116 3229 lta

2270 3178 2547 3245 ῖτοιχείων,
2585 3180 2663 3242 εἰς
2692 3181 2758 3233 τὰ
2789 3182 2930 3250 φυτὰ
2974 3182 3069 3235 καὶ
3112 3183 3182 3237 τὰ
3219 3183 3333 3248 ζῶα
3357 3203 3370 3216 ·
3416 3188 3509 3239 καὶ
3553 3188 3703 3241 οὓτω
3732 3190 3818 3258 τὴν

570 3285 677 3337 que
710 3267 882 3337 ipsius
912 3266 1208 3321 essentiam
1235 3266 1578 3321 dissecantes
1601 3305 1614 3328 ,
1650 3275 1703 3319 et
1745 3266 1893 3319 velut
1945 3282 2118 3335 corpo

2272 3265 2430 3317 ηὑσίαν
2475 3267 2645 3338 αὐτῆς
2688 3270 3133 3339 κατατέμνοντες,
3179 3274 3273 3325 καὶ
3306 3275 3623 3346 σωματικὴν
3659 3293 3820 3330 κατα-

571 3376 720 3415 ream
758 3358 1139 3412 affectionibus
1170 3357 1559 3426 subjicientes,
1611 3358 1973 3413 immortalem
2020 3374 2119 3415 εδει

2272 3355 2597 3425 ’έμνοντες“,
2654 3360 2746 3412 καὶ
2816 3361 3040 3414 πάθεσιν
3099 3364 3505 3429 ὑποϐάλλοντες,
3559 3366 3820 3420 ἀθάνατον

572 3459 826 3508 asserunt
848 3490 861 3514 ,
899 3451 990 3505 sed
1028 3450 1082 3503 in
1109 3449 1385 3504 contraria
1414 3451 1701 3504 incurrunt
1731 3470 1744 3505 :
1780 3453 1978 3506 ctenim
2008 3453 2120 3507 dun

2272 3442 2383 3501 ῖναί
2448 3467 2628 3517 φασι·
2680 3452 3064 3522 περιπίπτουσι
3106 3453 3163 3506 δέ
3212 3455 3304 3508 καὶ
3370 3459 3479 3519 τοῖς
3532 3457 3819 3519 ἐναντίοις·

570 3545 806 3613 pollutas
834 3542 1046 3595 animas
1073 3542 1140 3595 ad
1170 3542 1437 3595 elementa
1467 3556 1750 3596 recurrere
1800 3542 2100 3611 prmdicaut

2274 3538 2542 3603 ιάσκοντες
2572 3541 2678 3610 γὰρ
2713 3544 3030 3614 ἀνατρέχειν
3063 3546 3158 3609 τὰς
3191 3546 3607 3617 μεμολυσμένας
3652 3548 3822 3618 ψυχὰς

571 3644 625 3688 et
678 3633 1023 3686 commisceri
1082 3632 1252 3685 inter'
1285 3648 1342 3685 se
1377 3671 1391 3695 ,
1454 3648 1650 3689 rursus
1705 3634 1852 3702 ipsas
1904 3636 2119 3688 cruciar

2278 3631 2336 3683 πὶ
2366 3634 2432 3684 τά
2464 3636 2717 3701 στοιχεῖα,
2749 3636 2842 3686 καὶ
2874 3637 3302 3706 καταμίγνυσθαι
3334 3638 3580 3709 ἀλλήλοις
3606 3682 3624 3705 ,
3672 3640 3823 3694 πάλιν

573 3726 726 3777 aiunt
758 3724 813 3777 in
849 3724 1301 3793 commigratione
1330 3724 1396 3777 ad
1438 3724 1542 3776 alia
1574 3739 1802 3793 corpora
1825 3763 1839 3787 ,
1885 3741 1984 3795 pro
2015 3741 2121 3796 gra.

2274 3713 2411 3777 93w};
2466 3716 2523 3767 ἐν
2569 3718 2682 3778 ταῖς
2735 3720 3251 3788 μετενσωματώσεσί
3290 3738 3418 3789 φασι
3448 3724 3822 3793 τιμωρεῖσθαι,

576 3817 743 3871 vitate
774 3816 1130 3878 delictorum,
1177 3815 1305 3869 dum
1359 3816 1559 3870 uniunt
1601 3817 1782 3887 ipsas,
1832 3818 2124 3887 iterumquc

2272 3801 2383 3852 εατὰ
2406 3800 2465 3851 τὸ
2496 3800 2720 3869 μέγεθος
2757 3802 2864 3855 τῶν
2889 3804 3317 3875 ἁμαρτημάτων,
3359 3806 3604 3869 ἐνοῦντες
3640 3808 3820 3870 αὑτὰς.

571 3916 828 3976 separant
882 3907 1095 3959 ratione
1152 3905 1543 3959 subsistentiw.
1594 3903 1887 3960 Enimvero
1920 3906 2119 3958 untbra:

2276 3883 2337 3976 ιαὶ
2393 3883 2551 3976 πάξιιν
2602 3884 2958 3976 χωρίζοντες,
3005 3888 3128 3940 καθ’
3178 3889 3489 3943 ὑπόστασιν.
3552 3892 3670 3943 Καὶ
3726 3891 3824 3962 γὰρ

569 3999 694 4054 luce
732 4004 985 4051 manente
1024 3997 1308 4067 separari,
1358 4004 1509 4051 arcta
1560 4011 1691 4051 vero
1744 3995 2117 4065 conjunctiom

2278 3965 2342 4028 ὰς
2371 3964 2526 4028 σκιὰς
2584 3967 2757 4033 φωτὸς
2814 3969 3063 4037 μένοντος
3108 3970 3471 4040 χωρίζεσθαι,
3527 3975 3823 4043 συναφείας

573 4048 718 4144 Julia
733 4048 926 4157 Egisti
940 4048 945 4049 ί
961 4048 1179 4157 iuuit“;
1219 4088 1272 4140 in
1296 4048 1634 4156 vintelvligibili
1667 4048 1872 4140 and};
1897 4048 2025 4142 aeri
2044 4048 2121 4142 ξέεέ

2277 4049 2300 4101 ἐ
2346 4048 2649 4118 γενομένης
2713 4050 2962 4103 ἐνοῦσθαι
2987 4092 3000 4110 ,
3032 4053 3166 4122 ὅπερ
3208 4049 3463 4107 ἀδύνατον
3492 4056 3583 4108 ἐπὶ
3632 4057 3825 4127 νοητῆς

2277 4131 2457 4157 1.--“-
2504 4133 2749 4157 -.-μὶ-Δ...
2818 4135 2918 4157 νηὶ
2976 4135 3076 4157 ML-
3134 4137 3180 4157 με
3244 4138 3378 4157 -η.Α
3446 4138 3504 4157 κη·
3620 4142 3634 4157 ι
3726 4138 3789 4157 no

742 4131 754 4143 .
783 4131 925 4157 νη..
963 4131 1179 4157 ,μη-ν...
1307 4131 1634 4156 ..ην-..ο-υ...
1667 4131 1862 4140 -.--.....
1897 4131 2012 4142 μυ..
2044 4131 2110 4142 ,η

571 4180 710 4251 quit.
743 4176 989 4245 Namque
1015 4178 1220 4232 umbra:
1250 4188 1376 4232 sunt
1422 4178 1691 4231 bonorum
1718 4195 1731 4230 :
1764 4178 1981 4233 tametsi
2016 4178 2119 4248 qui:

2278 4131 2457 4195 ιύσεως
2504 4133 2774 4201 γενέσθαι.
2817 4135 2923 4186 Καὶ
2976 4135 3079 4206 γὰρ
3128 4137 3183 4189 αἱ
3238 4138 3385 4190 σκιαὶ
3438 4138 3544 4192 τῶν
3607 4138 3826 4208 ἀγαθῶν

2278 4217 2414 4251 tm...
2447 4216 2490 4251 ει
2526 4216 2612 4251 wn
2663 4216 2774 4251 κλίνη
2834 4232 2915 4251 ..ρ
2959 4217 3128 4251 η.’.-λ›.ρ
3172 4218 3492 4251 “smnus...
3566 4224 3663 4251 ...Α
3724 4223 3825 4251 Α.-

868 4216 1376 4290 ζῗῗῖξῗῗῖζῗζῗξΐ
1423 4216 2142 4290 ’ῙῘἼΪΪῙΪΪῙῙΪΪῙῘῘἾῘἿῘῨ
2242 4217 2414 4267 εἰσιν
2445 4216 2492 4267 εί
2526 4216 2617 4269 καὶ
2663 4216 2776 4286 δοίη
2834 4232 2915 4280 τις
2959 4217 3128 4282 αὑτὰς
3172 4218 3518 4290 κωρίῖεσθαιν
3566 4224 3669 4276 καὶ
3723 4223 3827 4276 πά·

571 4277 908 4326 concesserit
941 4277 1091 4337 ipsas
1121 4277 1401 4338 separari,
1434 4285 1498 4323 ac
1526 4284 1722 4324 rursus
1751 4277 1936 4325 unitas
1968 4285 2119 4339 copu-

2280 4316 2325 4350 tv
2383 4298 2652 4352 ἐνοῦσθαι.
2728 4277 2949 4354 Ιίλάτων
3007 4301 3064 4354 δὲ
3108 4277 3223 4356 ’κᾶι
3258 4277 3270 4290 ’
3316 4277 3444 4373 μίαν
3503 4277 3670 4359 ἐἶναι
3740 4306 3828 4358 καὶ

570 4364 696 4419 lari.
732 4360 906 4416 Porro
932 4359 1088 4413 Plato
1119 4367 1175 4415 et
1208 4375 1373 4413 unam
1406 4375 1561 4423 esse,
1599 4369 1655 4415 et
1695 4361 1897 4415 multas
1927 4362 2118 4416 anima:

2279 4383 2443 4447 εολλὰς
2498 4384 2672 4454 ψυχὰς
2724 4386 3107 4454 ἀποφαίνεται.
3158 4359 3329 4440 Μίαν.
3358 4388 3455 4457 μὲν
3531 4390 3645 4460 γὰρ
3692 4386 3827 4443 εἶναι

571 4462 847 4511 asseverat
872 4471 887 4509 :
913 4467 1073 4507 unam
1095 4453 1295 4522 quippe
1323 4467 1445 4508 esse
1468 4454 1708 4509 universi
1738 4455 1975 4508 animam
1996 4497 2010 4521 ,
2042 4470 2119 4510 set

2279 4467 2336 4519 οὖ
2383 4453 2602 4531 παντὸς
2636 4467 2734 4537 τὴν
2776 4453 2985 4538 ψυχήνο
3034 4464 3173 4521 εἶναι
3229 4469 3285 4522 δὲ
3332 4453 3426 4524 καὶ
3494 4453 3663 4536 ἄλλας
3722 4474 3827 4527 τῶν

571 4556 626 4604 et
674 4548 811 4603 alias
838 4561 901 4601 ex
940 4546 1008 4601 iis
1043 4559 1164 4615 quae
1199 4545 1557 4614 particulares
1595 4554 1767 4613 sunt;
1817 4554 1876 4600 ut
1919 4548 2119 4618 proprii

2280 4552 2383 4603 ατὰ
2413 4550 2594 4621 μέρος,
2619 4551 2693 4613 ὡς
2720 4550 2824 4620 ἰδίᾳ
2856 4552 2954 4621 μὲν
2982 4552 3041 4605 τὸ
3068 4554 3173 4605 πᾶν
3202 4553 3569 4624 ἐμψυχοῦσθαι
3600 4556 3712 4609 ὑπὸ
3732 4556 3828 4625 τῆς

572 4640 907 4694 universitas
944 4638 1184 4691 animata
1224 4638 1295 4693 sit
1329 4637 1397 4691 ab
1427 4638 1681 4693 universa
1718 4641 1899 4693 anima
1925 4657 1939 4706 ;
1962 4639 2057 4695 sed
2087 4655 2119 4694 e

2283 4642 2339 4695 οὗ
2368 4644 2565 4706 παντὸς
2588 4644 2765 4713 ψυχῆς
2787 4660 2800 4674 ·
2836 4644 2940 4716 ἰδίᾳ
2967 4643 3023 4697 δὲ
3053 4644 3212 4698 πάλιν
3244 4646 3312 4699 τὰ
3341 4646 3478 4699 κατὰ
3506 4647 3701 4718 μέρος,
3729 4648 3831 4701 ὑπὸ

569 4731 923 4802 peculiariter
974 4744 1069 4798 per
1118 4736 1303 4799 partes
1359 4729 1580 4799 propria
1628 4730 1898 4800 cujusque
1936 4732 2117 4786 anima

2280 4732 2345 4803 ἧς
2383 4734 2517 4796 ἰδίας
2551 4734 2780 4787 ἑκάστου
2829 4734 3026 4805 ψυχῆς.
3080 4736 3241 4805 Λέγει
3291 4736 3419 4805 γοῦν
3463 4737 3559 4807 τὴν
3598 4740 3706 4807 μὲν
3739 4737 3828 4790 τοῦ

569 4823 662 4881 Ait
693 4835 826 4892 ergo
857 4820 1100 4876 universi
1129 4819 1346 4890 quidem
1376 4821 1615 4874 animam
1645 4821 1934 4876 distentam
1963 4836 2085 4876 esse
2114 4840 2117 4873 :

2283 4824 2448 4887 παντὸς
2481 4825 2825 4880 διατετάσθαι
2870 4827 3045 4898 ψυχὴν
3074 4828 3182 4881 ἀπὸ
3208 4827 3300 4881 τοῦ
3337 4829 3560 4899 κέντρου
3590 4830 3698 4899 τῆς
3731 4830 3831 4900 γῆς

572 4920 769 4969 centro
818 4920 978 4967 terra:
1012 4911 1077 4965 ad
1112 4912 1313 4966 limites
1358 4912 1484 4966 coeli
1517 4930 1533 4978 ;
1568 4928 1670 4967 nec
1708 4927 1841 4967 vero
1870 4911 2119 4980 ejusmod

2285 4917 2345 4969 πὶ
2373 4916 2439 4968 τὰ
2470 4918 2679 4987 πέρατα
2701 4917 2793 4970 τοῦ
2827 4917 3077 4988 οὐρανοῦ,
3112 4921 3172 4973 οὐ
3222 4919 3460 4981 τοπικῶς
3492 4919 3669 4987 αὐτὴν
3702 4920 3831 4971 δια-

572 5006 965 5060 distensionem
1016 5005 1242 5059 localem
1289 5018 1412 5059 esse
1461 5003 1753 5077 praedicat,
1810 5004 1907 5059 sed
1947 5002 2115 5058 intelli

2285 5006 2505 5060 ετάσθαι
2527 5007 2772 5075 φάσκων,
2803 5008 2939 5062 ἀλλὰ
2963 5008 3184 5079 νοητῶς.
3215 5007 3427 5079 Ταύτην
3446 5007 3499 5060 δὲ
3525 5007 3626 5076 τὴν
3650 5007 3832 5077 ψυχὴν

571 5098 835 5168 gibilem:
874 5097 1145 5168 ejusmodi
1188 5105 1335 5152 certe
1382 5097 1619 5151 animam
1665 5112 1828 5159 esse,
1878 5109 1999 5165 quae
2038 5094 2119 5149 cir

2284 5092 2390 5150 ίναι
2431 5097 2527 5167 τὴν
2568 5100 2931 5168 περιάγουσαν
2963 5099 3314 5171 σφαιροειδῶς
3340 5098 3400 5152 τὸ
3434 5101 3538 5150 πᾶν
3574 5098 3675 5150 καὶ
3709 5112 3832 5150 συν-

572 5189 810 5260 cumagit
857 5190 911 5243 in
960 5191 1147 5244 orbem
1200 5189 1649 5253 universitatem,
1707 5197 1762 5243 et
1826 5194 2040 5243 coercet
2091 5202 2120 5241 e

2281 5202 2488 5255 ιγουσαν
2507 5188 2595 5241 καὶ
2613 5191 3011 5259 συσφίγγουσαν
3027 5191 3086 5244 τὸ
3104 5190 3459 5260 σωματοειδὲς
3478 5187 3572 5242 τοῦ
3592 5190 3829 5259 κόσμου,

572 5282 815 5336 continet
860 5297 1177 5351 corpoream
1224 5281 1413 5334 mundi
1462 5281 1693 5346 molem,
1748 5293 1977 5349 quaeque
2020 5278 2120 5331 uni

2286 5276 2441 5330 ιιέναι
2472 5294 2532 5330 τε
2562 5278 2631 5331 τὰ
2664 5280 2890 5349 σώματα
2914 5279 3008 5333 τοῦ
3039 5280 3369 5351 σύμπαντος,
3402 5281 3459 5332 ἐν
3482 5281 3590 5341 τοῖς
3624 5279 3834 5349 προλα-

573 5373 853 5428 versitatis
886 5389 1115 5442 corpora
1149 5380 1427 5442 penetrat,
1476 5374 1529 5425 in
1579 5373 1647 5427 iis
1686 5386 1808 5442 qua:
1839 5384 2002 5439 supra
2034 5378 2114 5421 tra

2279 5367 2441 5423 ἰοῦσιν
2470 5369 2703 5441 ἐδείχθη.
2738 5372 2888 5425 Ποιεῖ
2914 5371 2969 5424 δὲ
3002 5370 3157 5425 τοῦτο
3196 5372 3294 5442 τὴν
3333 5370 3589 5424 είδοποιὸν
3622 5369 3827 5439 ψυχήν.

575 5464 846 5517 ctavimus
894 5463 1327 5519 demonstratum
1381 5472 1489 5518 est.
1521 5462 1634 5517 Hoc
1682 5478 1844 5532 porro
1883 5461 2038 5527 facit,
2089 5476 2118 5512 ιι

2285 5461 2361 5531 ζῇν
2401 5461 2510 5534 γὰρ
2558 5464 2784 5517 ἕκαστον
2831 5463 2939 5518 τῶν
2987 5464 3153 5517 ὄντων
3202 5464 3298 5534 τὴν
3339 5463 3473 5516 ίδίαν
3517 5460 3689 5529 ζωὴν.
3740 5462 3833 5515 καὶ

576 5554 757 5607 anima
788 5554 861 5609 sit
898 5555 1184 5624 specilica,
1211 5555 1257 5612 si
1281 5555 1497 5626 quidem
1522 5554 1775 5625 quodque
1801 5568 1992 5609 eorum
2023 5569 2124 5624 qua

2282 5552 2571 5625 ›θείρεσθαι
2602 5554 2701 5624 τὴν
2732 5554 2865 5609 ἰδίαν
2896 5555 3118 5627 φθοράν.
3157 5555 3301 5617 Ἕως
3339 5553 3435 5623 μὲν
3461 5551 3566 5622 γάρ
3599 5548 3830 5620 συνέχε-

650 5730 726 5799 (a)
758 5731 936 5791 Locus
968 5735 1053 5789 hic
1086 5736 1311 5790 luxatus
1340 5742 1445 5790 est.
1502 5708 1503 5711 Ἴ
