3920 6466
183 396 270 455 ιω
1593 397 1680 453 os
1717 399 1950 456 suum.
2580 452 2588 469 ,
3279 392 3391 453 ato

183 532 256 569 ται
277 512 358 564 καὶ
390 509 756 580 συσφίγγεται,
782 511 843 564 τὸ
879 511 1032 581 σῶμα
1059 507 1196 566 εἶναι
1226 512 1440 582 λέγεται
1465 533 1480 546 ·
1518 515 1724 568 διαλυό-

1839 524 1991 582 sunt,
2016 518 2184 571 vitam
2220 516 2382 572 habet
2415 514 2690 586 propriam
2711 556 2725 580 ,
2761 520 2816 567 ct
2849 519 2906 566 ut
2946 517 3135 582 pereat
3166 511 3387 580 propria

186 621 319 677 μενον
338 603 390 656 δὲ
414 601 758 674 φθείρεσθαι·
807 604 901 656 καὶ
931 603 1030 674 ζῇν
1063 604 1162 674 μὲν
1188 605 1388 669 πάντα,
1436 607 1509 677 μὴ
1543 607 1721 662 πάντα

1843 610 2022 664 'orma.
2045 608 2252 663 Etenim
2276 609 2449 662 donec
2473 607 2716 660 continet
2742 613 2789 660 et
2815 601 3161 671 constringit,
3189 613 3391 668 corpus

182 695 228 750 δὲ
255 689 379 747 εἶναι
403 692 533 757 ζῶα.
581 694 924 764 Διακρινουσι
961 696 1056 765 μὲν
1085 697 1192 765 γὰρ
1223 697 1330 751 ἀπὸ
1353 697 1461 750 τῶν
1499 699 1721 769 ἀψύχων

1844 715 1949 755 :sse
1969 699 2200 754 dicitur:
2235 699 2471 752 solutum
2497 703 2674 749 autem
2699 692 2976 764 deperire:
3002 701 3056 745 et
3076 690 3256 744 vivere
3277 689 3392 758 qui-

181 786 240 839 τὰ
262 789 390 854 φυτὰ
430 785 508 856 τῷ
551 785 876 851 αὐξάνεσθαι
920 788 1012 839 καὶ
1041 788 1351 857 τρέφεσθαι,
1382 791 1625 843 τουτέστι
1654 793 1719 862 τῇ

1841 791 1947 846 iem
1981 792 2182 852 omnia,
2232 806 2340 847 non
2367 789 2549 843 omnia
2592 795 2770 840 tamen
2818 797 2940 839 esse
2969 781 3263 846 animalia;
3298 794 3389 834 ve-

181 877 412 948 θρεπτικῇ
461 876 557 929 καὶ
591 880 793 948 φυσικῇ
823 877 1047 948 δυνάμει
1075 895 1089 910 ⁸
1137 881 1203 934 τὰ
1229 880 1284 932 δὲ
1310 881 1443 935 ἄλλα
1473 881 1587 945 ζῶα
1614 882 1722 936 ἀπὸ

1842 883 2092 936 ὐηιειιίη]
2125 884 2192 935 ab
2215 878 2470 933 inanimis
2494 877 2887 931 discernuntur
2905 885 2967 927 ea
2991 885 3111 940 qua:
3131 867 3390 937 stirpibus

179 967 270 1018 τῶν
297 965 470 1034 φυτῶν
499 971 566 1037 τῇ
599 967 846 1037 αίσθήσει
881 985 894 998 ο
942 967 1012 1022 τὰ
1039 969 1094 1021 δὲ
1126 969 1318 1038 λογικὰ
1343 971 1449 1024 ἀπὸ
1471 971 1576 1024 τῶν
1603 971 1724 1024 ἀλό-

1841 975 2096 1036 1ituntur,
2135 971 2279 1040 quod
2307 981 2626 1039 augeantur,
2665 974 2720 1020 et
2755 965 2994 1026 alantur,
3020 961 3166 1030 quod
3203 959 3259 1013 ﬁt
3290 973 3389 1027 po-

180 1073 272 1123 γων
295 1057 366 1125 τῷ
387 1057 606 1126 λογικῷ.
655 1059 766 1110 Καὶ
792 1057 933 1110 οὕτω
968 1059 1146 1113 πάντα
1175 1059 1273 1132 ζῇν
1305 1061 1570 1130 λέγοντες,
1608 1061 1722 1116 δια-

1844 1074 2026 1121 testate
2056 1065 2338 1130 nutritiva,
2366 1069 2420 1117 et
2448 1058 2682 1115 naturali
2707 1099 2723 1123 ,
2751 1070 2915 1128 quam
2938 1061 3275 1125 vegetantem
3298 1063 3392 1102 vo-

181 1147 422 1201 στέλλουσι
445 1149 543 1217 τὴν
569 1148 801 1202 ἑκάστου
835 1150 1016 1217 φύσιν.
1050 1153 1156 1222 Ζῇν
1180 1149 1272 1205 οῦν
1294 1152 1508 1220 λέγουσι
1535 1153 1627 1206 καὶ
1654 1154 1723 1208 τὰ

1847 1169 1952 1212 tant
1981 1176 1994 1212 :
2028 1157 2147 1211 aliae
2182 1169 2308 1210 vero
2346 1152 2654 1207 animantes
2691 1163 2721 1202 a
2758 1146 3028 1217 stirpibus
3056 1142 3395 1211 distinguun-

181 1238 329 1288 πάντα
357 1238 535 1305 ἀψυχα
567 1237 793 1310 ἑκτικὴν
823 1239 986 1309 ζωὴν,
1028 1241 1160 1294 καθὸ
1184 1243 1464 1313 συνέχεται
1496 1244 1599 1296 ὑπὸ
1623 1245 1722 1316 τῆς

1843 1265 1918 1303 :ur
1944 1263 2110 1303 sensu
2149 1263 2164 1300 :
2212 1247 2421 1300 ratione
2455 1243 2692 1312 denique
2745 1246 2961 1294 utentes
3008 1250 3039 1289 a
3091 1232 3269 1288 brutis
3305 1245 3391 1285 se-

179 1328 254 1380 τοῦ
291 1328 479 1390 παντὸς
506 1328 718 1399 ψυχῆς,
767 1332 847 1398 είς
879 1332 940 1383 τὸ
979 1326 1116 1387 εἶναι
1153 1335 1330 1398 μόνον,
1378 1335 1471 1387 καὶ
1507 1335 1580 1406 μὴ
1610 1336 1724 1388 δια-

1841 1348 2094 1410 parantur
2121 1335 2450 1392 rationabili.
2487 1332 2673 1403 Itaque
2700 1329 2882 1386 omnia
2912 1327 3096 1382 vivere
3124 1324 3389 1387 dicentes,

181 1415 388 1469 λύεσθαι.
438 1417 659 1487 Ταύτην
695 1419 755 1471 δὲ
793 1416 930 1474 εἶναι
964 1421 1060 1492 τὴν
1096 1422 1272 1492 ψυχὴν
1304 1425 1402 1493 τὴν
1439 1425 1723 1496 διακυδερ-

1841 1427 2093 1497 :ujusque
2121 1433 2370 1479 naturam
2401 1421 2685 1476 dirimunt.
2716 1416 2986 1484 Quocirca
3017 1414 3201 1468 vivere
3228 1410 3389 1466 etiam

179 1511 329 1563 νῶσαν
352 1509 408 1562 τὺ
437 1511 570 1576 πᾶν,
607 1512 700 1563 καὶ
730 1511 830 1599 την
871 1511 971 1574 τὰς
1001 1515 1225 1584 μερικὰς
1254 1513 1432 1586 ψυχὰς
1457 1517 1557 1579 τὰς
1587 1517 1723 1588 πρό-

1843 1519 2016 1574 licunt
2049 1517 2229 1570 omnia
2261 1513 2497 1568 inanima
2541 1511 2648 1564 vita
2687 1506 2952 1563 habituali
2976 1543 2992 1570 ,
3025 1513 3294 1574 quatenus
3323 1500 3391 1554 ab

179 1618 309 1670 τερον
349 1600 496 1670 παρὰ
546 1601 643 1654 τοῦ
688 1595 1017 1675 δημιουργοῦ
1051 1606 1344 1675 γενομένας
1381 1607 1724 1678 ἐπιπέμπου-

1845 1607 2070 1665 miversi
2114 1607 2294 1660 anima
2335 1606 2702 1667 continentur,
2746 1607 2807 1654 ut
2845 1599 2957 1656 sint
2998 1595 3295 1656 duntaxat,
3338 1600 3393 1645 et

181 1708 289 1743 σανο
334 1690 527 1760 δηλαδὴ
557 1691 726 1744 αὑτοῦ
757 1692 849 1745 τοῦ
875 1693 1202 1763 δημιουργοῦ
1233 1696 1327 1748 καὶ⁹
1361 1695 1556 1764 νόμους
1584 1697 1720 1767 αὐτῇ

1850 1717 1938 1755 mn
1967 1699 2353 1753 dissolvantur.
2399 1694 2550 1749 lianc
2590 1693 2778 1762 utique
2821 1691 3058 1745 animam
3104 1700 3229 1742 esse
3270 1697 3398 1754 quae

179 1783 453 1846 δεδωκότος,
484 1781 671 1845 καθὼς
695 1782 961 1851 διεξάγειν
989 1785 1190 1853 ὀφείλει
1220 1785 1376 1839 τοῦτο
1399 1786 1459 1839 τὸ
1484 1790 1611 1850 πᾶν,
1631 1786 1724 1851 οὓς

1845 1790 2083 1845 iniversa
2117 1788 2283 1858 regit,
2317 1793 2369 1840 et
2403 1783 2736 1846 moderatur,
2771 1793 2998 1850 quaeque
3032 1774 3393 1848 particulares

183 1873 258 1925 καὶ
299 1872 636 1942 εἱμαρμένην
693 1873 880 1936 καλεῖ,
942 1875 1034 1927 καὶ
1095 1876 1454 1946 χορηγοῦντος
1497 1877 1725 1947 δύναμιν

1841 1884 2036 1936 animas
2080 1881 2230 1948 prius
2270 1877 2337 1932 ab
2373 1875 2564 1947 Opiﬁce
2603 1886 2818 1928 summo
2864 1877 3078 1925 creatas
3106 1863 3389 1921 immittit:

183 1964 421 2031 ἀρκοῦσαν
475 1963 686 2018 διέπειν
733 1967 900 2035 ἡμᾶς.
957 1966 1183 2036 Εἴρηται
1235 1968 1293 2021 δὲ
1338 1968 1511 2022 ταῦτα
1547 1971 1636 2023 καὶ
1668 1972 1726 2023 ἐν

1849 1972 2086 2027 nimirum
2114 1984 2237 2024 cum
2282 1968 2398 2038 ipse
2437 1965 2618 2036 opifex
2651 1961 2841 2017 mundi
2890 1960 3059 2016 etiam
3104 1958 3252 2027 leges
3288 1954 3397 2023 ipsi

181 2059 270 2114 τοῖς
292 2055 408 2126 περὶ
433 2057 798 2127 εἱμαρμένης.
822 2059 987 2128 Κοινῇ
1016 2058 1116 2128 μὲν
1135 2053 1227 2110 οῦν
1247 2059 1446 2124 πάντες
1467 2060 1727 2130 Ἕλληνες

1847 2063 2063 2127 lederit,
2104 2061 2258 2131 juxta
2308 2073 2443 2128 quas
2489 2057 2632 2111 hanc
2690 2051 3102 2108 universitatem
3153 2046 3395 2102 admini-

182 2150 222 2200 οἱ
244 2148 328 2216 τὴν
349 2147 523 2218 ψυχὴν
551 2149 825 2202 ἀθάνατον
865 2150 1292 2221 ἀποφηνάμενοι,
1326 2151 1424 2224 τὴν
1457 2169 1724 2222 μετενσω-

1845 2166 2003 2212 strare
2026 2157 2302 2221 oporteat,
2333 2162 2536 2218 easque
2570 2147 2716 2218 leges
2743 2144 2835 2198 t‘ati
2863 2142 3083 2197 nomine
3116 2137 3353 2210 appellat
3379 2154 3393 2202 ;

187 2239 393 2308 μάτωσιν
424 2238 813 2309 δογματίζουσι
833 2255 848 2270 ⁸
892 2240 1238 2312 διαφέρονται
1263 2243 1318 2296 δὲ
1352 2245 1481 2314 περὶ
1509 2244 1578 2297 τὰ
1612 2245 1727 2316 εἴδη

1849 2246 2016 2302 :odem
2067 2242 2264 2312 opilice
2331 2239 2586 2292 virtutem
2629 2231 3012 2304 suppeditante
3043 2232 3292 2287 idoneam
3329 2229 3397 2282 ad

182 2331 269 2382 τῶν
290 2330 486 2400 ψυχῶν.
530 2331 599 2384 Οἱ
631 2331 728 2401 μὲν
752 2332 860 2402 γὰρ
889 2332 947 2385 ἒν
981 2330 1118 2396 εἶδος
1143 2334 1205 2386 τὸ
1238 2334 1451 2403 λογικὸν
1477 2330 1614 2390 εἶναι
1641 2335 1729 2388 λὲ-

1852 2354 1930 2394 tos
1964 2332 2365 2408 gubernandos.
2406 2332 2676 2385 Cancrum
2721 2328 2789 2383 de
2815 2327 2900 2381 his
2927 2325 3038 2396 jam
3068 2324 3306 2379 diximus
3341 2323 3400 2375 in

183 2438 339 2490 γουσι·
368 2422 525 2477 τοῦτο
549 2423 613 2476 δὲ
638 2424 733 2477 καὶ
765 2425 845 2487 εἰς
869 2425 1034 2492 φυτὰ,
1063 2425 1158 2479 καὶ
1185 2428 1265 2490 εἰς
1289 2427 1358 2480 τὰ
1387 2427 1494 2481 τῶν
1519 2427 1728 2496 ἀλόγων

1852 2430 1970 2484 ibro
2009 2426 2086 2480 De
2113 2425 2244 2495 fato.
2263 2423 2436 2478 Porro
2459 2421 2701 2491 plerique
2720 2434 2911 2474 omnes
2931 2415 3102 2471 Graeci
3127 2456 3142 2481 ,
3167 2413 3258 2483 qui
3283 2411 3400 2466 ani-

187 2515 379 2582 σὼματα
417 2513 789 2584 μεταϐαίνειν.
839 2517 903 2568 Oi.
935 2517 1030 2585 μὲν
1058 2516 1166 2588 γὰρ
1193 2518 1333 2571 κατά
1373 2535 1524 2582 τινας
1558 2519 1730 2590 ῥητὰς

1855 2534 1973 2573 nam
2015 2532 2137 2572 esse
2185 2512 2546 2568 immortalem
2589 2517 2878 2572 asserunt,
2909 2508 3028 2577 ejus
3066 2506 3120 2560 in
3152 2503 3254 2557 alia
3284 2517 3403 2557 cor-

185 2606 358 2676 χρόνων
387 2607 668 2675 περιόδους
691 2623 705 2637 ο
750 2609 797 2660 οἱ
827 2607 884 2661 δὲ
910 2607 985 2671 ὡς
1015 2607 1201 2678 ἔτυχεν
1221 2626 1236 2638 ο
1283 2609 1431 2662 ἄλλοι
1463 2610 1518 2662 δὲ
1541 2611 1637 2680 οὐχ
1670 2610 1728 2664 ἓν

1942 2623 1960 2662 ι
1986 2605 2360 2677 migrationem
2391 2601 2622 2663 docent,
2652 2599 2748 2654 sed
2773 2599 2923 2653 circa
2950 2597 3254 2652 animarum
3288 2608 3403 2662 spe-

186 2694 297 2761 εἷδος
318 2699 521 2769 ψυχῶν,
549 2698 692 2753 ἀλλὰ
717 2699 829 2765 δύο,
861 2699 1076 2768 λογικόν
1104 2719 1162 2754 τε
1188 2703 1280 2756 καὶ
1317 2701 1508 2771 ἄλογον
1527 2721 1540 2734 ο
1586 2705 1730 2768 τινὲς

1853 2702 1943 2754 :ies
1967 2699 2310 2767 discrepant;
2337 2692 2608 2762 siquidem
2630 2691 2720 2744 alii
2740 2705 2903 2745 unam
2926 2689 3161 2760 speciem
3187 2687 3401 2740 ratione

184 2791 230 2844 δὲ
254 2791 406 2844 πολλά
443 2791 709 2854 τοσαῦτα,
735 2793 836 2845 ὅσα
873 2792 980 2845 τῶν
1009 2793 1160 2856 ζώων
1190 2794 1263 2846 τὰ
1297 2793 1410 2864 εἴδη
1435 2811 1448 2826 ο
1496 2794 1732 2864 μάλιστα.

1856 2789 2111 2844 trzeditatn
2143 2791 2434 2849 asserunt,
2470 2783 2572 2836 hoc
2601 2796 2730 2836 vero
2761 2780 2928 2835 etiam
2967 2778 3036 2832 ad
3067 2778 3268 2846 stirpes
3291 2817 3306 2843 ,
3342 2784 3402 2831 et

185 2882 230 2934 δὲ
252 2885 292 2934 οξ
319 2883 421 2935 ἀπὸ
459 2884 770 2945 Πλάτωνος,
805 2883 904 2946 τὰς
935 2883 1033 2954 μὲν
1064 2883 1320 2954 θυμικὰς,
1345 2885 1443 2949 τὰς
1483 2885 1540 2939 δὲ
1576 2885 1730 2956 ὀργίι

1858 2882 1901 2934 ιιι
1928 2880 2212 2934 brutorum
2244 2889 2475 2946 corpora
2509 2874 2745 2927 transire
2775 2871 2947 2925 aiunt.
2984 2869 3089 2925 Sed
3119 2870 3264 2924 enim
3300 2867 3406 2921 alii.

186 2970 287 3034 λους
313 2974 398 3026 καὶ
430 2974 784 3045 ἁρπακτικὰς
806 2974 1001 3043 ψυχὰς,
1037 2973 1214 3027 λύκων
1249 2977 1342 3028 καὶ
1371 2975 1597 3029 λεόντων
1627 2976 1732 3030 σώ-

1852 2990 1928 3030 ›θι·
1956 2980 2135 3028 certos
2162 2969 2426 3041 quosdam
2459 2982 2723 3022 annorum
2756 2964 3023 3019 circuitus
3048 2960 3101 3016 id
3129 2959 3242 3016 ﬁeri
3273 2974 3400 3014 cen-

189 3081 311 3133 ματα
337 3064 876 3137 μεταμφιέννυσθαιο
910 3065 1010 3129 τὰς
1051 3067 1109 3123 δὲ
1156 3068 1283 3133 περὶ
1310 3068 1408 3137 τὴν
1440 3069 1730 3124 ἀκολασίαν

1861 3074 1990 3133 ent;
2048 3064 2138 3119 alii
2185 3071 2244 3116 ut
2289 3077 2378 3116 res
2422 3059 2526 3115 fert
2557 3071 2885 3130 quocunque
2919 3053 3102 3108 modo.
3141 3049 3409 3105 Nonnulli

185 3158 554 3228 ἠσχολημένας,
593 3158 731 3214 ὄνων
773 3158 867 3211 xci.
896 3157 1004 3210 τῶν
1037 3159 1292 3212 τοιούτων
1329 3160 1730 3231 ἀναλαμϐάνειν

1866 3174 1941 3213 οη
1989 3172 2152 3211 unam
2196 3162 2406 3208 tantum
2451 3150 2686 3220 speciem
2729 3149 3070 3211 animarum,
3121 3144 3216 3212 sed
3266 3143 3414 3198 duas.

188 3249 382 3320 σώματα
407 3269 422 3281 ο
476 3253 526 3304 οἱ
584 3250 684 3321 μὲν
723 3249 926 3322 κυρίως
953 3251 1188 3322 ἥκουσαν
1226 3252 1352 3314 τοὺς
1381 3250 1603 3315 λέοντας
1639 3254 1732 3307 ita).

1849 3257 2111 3310 statuunt,
2159 3243 2384 3299 rationis
2438 3241 2790 3312 participem,
2837 3246 2890 3292 et
2933 3235 3052 3306 ejus
3099 3241 3397 3304 expertem.

186 3343 288 3404 τοὺς
325 3341 516 3406 λύκους
554 3343 649 3395 καὶ
680 3343 807 3406 τοὺς
848 3343 1032 3406 ὅνουςο
1079 3344 1128 3395 oi
1175 3342 1231 3395 δὲ
1269 3342 1543 3414 τροπικῶς
1570 3343 1732 3396 αὑτὸν

1857 3339 2064 3406 )uidam
2095 3337 2293 3390 multas
2314 3378 2328 3400 ,
2353 3343 2405 3390 et
2437 3340 2516 3387 tot
2545 3344 2774 3386 numero
2806 3333 3085 3390 statuunt,
3113 3331 3247 3394 quot
3275 3332 3405 3377 sunt

187 3433 431 3502 εἰρηκέναι
457 3433 780 3503 διέγνωσαν,
828 3433 898 3487 τὰ
940 3434 1043 3505 ἤθη
1088 3433 1175 3486 διὰ
1211 3412 1317 3486 τῶν
1354 3433 1508 3498 ζώων
1537 3434 1734 3504 ἐμφαί-

1857 3430 2152 3485 mimalium
2185 3441 2401 3501 genera.
2445 3423 2676 3478 Maxime
2703 3435 2832 3476 vero
2865 3417 3129 3472 Platonici
3158 3415 3292 3470 alias
3326 3412 3405 3466 fu-

186 3537 336 3575 νοντα.
360 3524 594 3595 Κρόνιος
625 3524 724 3594 μὲν
753 3524 861 3597 γὰρ
891 3525 948 3577 ὲν
974 3504 1050 3592 τῷ
1077 3523 1560 3592 Παλιγγενεσίας,
1591 3523 1733 3578 οὕτω

1859 3523 2051 3583 riosas.
2097 3520 2232 3574 alias
2269 3516 2593 3579 iracundas,
2629 3520 2687 3567 et
2733 3524 2954 3582 rapaces
2997 3507 3209 3561 animas
3251 3504 3407 3574 lupo-

191 3614 270 3683 μὲν
295 3614 439 3669 καλεῖ
465 3616 569 3687 τὴν
602 3615 1112 3686 μετενσωμάτωσιν,
1139 3614 1360 3683 λογικὰς
1386 3615 1564 3679 πάσας
1596 3612 1733 3670 εἶναι

1863 3631 1960 3669 'um
2002 3621 2058 3668 et
2095 3612 2310 3666 leonum
2353 3620 2581 3677 corpora
2622 3603 2808 3660 subire
2849 3605 3075 3671 putant:
3117 3597 3240 3651 illas
3277 3608 3411 3649 vero

191 3705 406 3772 βούλεται
427 3724 442 3739 ’
473 3685 683 3777 ὁμοίως
710 3707 766 3759 δὲ
795 3685 890 3760 καὶ
922 3705 1194 3776 Θεόδωρος
1221 3707 1250 3758 ὁ
1282 3705 1647 3769 Πλατωνικὸς,
1677 3707 1736 3759 ὲν

1859 3721 1960 3775 luas
1991 3699 2400 3760 incontinentis:
2427 3707 2480 3754 et
2511 3696 2740 3752 luxuriae
2780 3692 3050 3749 dederunt
3093 3703 3183 3754 se,
3232 3685 3407 3742 asino-

187 3795 266 3866 τῷ,
283 3799 358 3852 δτι
389 3799 451 3855 Ἠ
474 3797 653 3868 ψυχὴ
684 3800 875 3857 πάντα
896 3798 967 3851 τὰ
986 3797 1118 3866 εἴδη
1139 3798 1291 3863 ἐστὶ,
1316 3799 1405 3850 καὶ
1430 3798 1735 3870 Πορφύριος

1857 3814 1958 3852 ἰιιη
2019 3807 2072 3852 et
2124 3793 2391 3862 ejusmodi
2447 3791 2748 3846 belluarum
2807 3799 3039 3855 corpora
3091 3793 3405 3841 assumere,

189 3891 361 3958 ὁμοίως
377 3909 391 3922 ·
443 3892 754 3964 Ἰἀμϐλιχος
782 3891 838 3945 δὲ
862 3891 960 3962 τὴν
985 3892 1231 3945 ἐναντίαν
1254 3890 1463 3953 τούτοις
1490 3891 1730 3961 δραμὼν,

1862 3887 1984 3960 μιοά
2017 3887 2232 3957 proprie
2262 3885 2480 3954 quidam
2517 3887 2845 3949 acceperunt
2889 3878 2955 3931 de
2999 3873 3284 3937 leonibus,
3333 3871 3410 3922 lu-

188 3981 288 4032 κατ’
314 3979 446 4045 εἶδος
474 3981 654 4047 ζώων,
681 3982 858 4052 ψυχῆς
872 3977 1009 4044 εἶδος
1021 3977 1159 4034 εἶναι
1185 3981 1366 4050 λέγει·
1399 3981 1431 4051 ἢ
1459 3981 1550 4034 δύο
1579 3981 1731 4050 γοῦν,

1860 3983 1957 4045 )is,
1994 3993 2046 4033 et
2075 3979 2287 4033 asinis:
2336 3977 2427 4031 alii
2468 3975 2698 4044 ﬁgurate
2737 3973 2840 4025 hoc
2877 3969 3083 4023 dictum
3124 3978 3246 4018 esse
3290 3975 3408 4030 per-

188 4067 216 4138 ἢ
255 4069 490 4141 διάφορα.
524 4070 838 4141 Γέγραπται
869 4069 999 4139 γοῦν
1043 4071 1190 4141 αὐτῷ
1238 4070 1570 4140 μονύόιδλον,
1619 4074 1735 4124 ἑπι-

1856 4077 2163 4142 ;pexerunt.
2208 4077 2264 4122 ut
2319 4080 2498 4121 mores
2539 4078 2637 4133 per
2679 4060 2934 4115 animalia
2983 4055 3404 4126 judicarentur:

188 4159 384 4229 γράφων
433 4162 515 4213 ὃτι
567 4162 691 4214 Οὐκ
736 4158 1057 4228 ἀνθρώπων
1093 4161 1179 4226 εις
1229 4158 1340 4219 {Eia
1367 4199 1380 4221 ,
1441 4159 1583 4213 οὐδὲ
1617 4161 1736 4214 ἀπὸ

1861 4162 2041 4218 :tenim
2073 4161 2308 4216 Cronius
2356 4158 2410 4212 in
2449 4156 2846 4211 commentario
2890 4151 2962 4204 De
3001 4144 3409 4216 Palingenesia,

189 4250 322 4311 ζώων
349 4257 435 4320 εἰς
468 4252 824 4322 ἀνθρώπους
863 4255 920 4306 αι
948 4251 1505 4322 μετενσωματώσεις
1537 4256 1734 4322 γίνον-

1866 4265 1919 4308 ta
1955 4253 2329 4323 migrationem
2367 4249 2672 4302 animarum
2709 4247 2764 4300 in
2802 4245 2906 4298 alia
2937 4255 3166 4310 corpora
3200 4251 3410 4292 nuncu-

190 4359 286 4407 ται,
317 4347 473 4402 ἀλλὰ
504 4345 628 4400 ἀπὸ
657 4342 811 4405 ζώων
837 4345 926 4410 εἰς
962 4342 1091 4408 ζῶα,
1127 4344 1224 4397 καὶ
1266 4344 1381 4398 ἀπὸ
1413 4343 1737 4414 ἀνθρώπων

1859 4357 1962 4412 τοι,
2027 4360 2220 4400 omnes
2274 4344 2484 4397 animas
2545 4341 2752 4395 ratione
2807 4335 3061 4407 prteditas
3103 4347 3224 4387 esse
3273 4329 3407 4385 vult.

189 4439 262 4502 εὶς
286 4439 652 4507 ἀνθρώπους.

1873 4458 1902 4492 n
1954 4439 2141 4494 eadem
2190 4435 2458 4492 sententia
2503 4441 2586 4488 est
2633 4428 2954 4486 Theodorus
2997 4423 3314 4480 Platonicus
3356 4420 3411 4473 in

192 4533 309 4588 libro
335 4535 423 4604 qui
459 4533 809 4598 inscribitur,
890 4529 1044 4597 Quod
1091 4532 1273 4586 anima
1325 4533 1395 4585 sit
1479 4548 1657 4586 omnes
1701 4535 1916 4603 species.
1983 4532 2318 4602 Porphyrius
2354 4529 2519 4584 etiam
2550 4525 2688 4581 idem
2722 4523 2910 4581 sentit.
2955 4519 3257 4576 Jamblicus
3282 4528 3412 4568 vero

191 4625 494 4679 contrarium
526 4623 614 4679 his
651 4625 757 4677 iter
784 4622 1055 4687 instituit,
1101 4628 1157 4674 et
1191 4621 1348 4689 juxta
1387 4621 1623 4689 speciem
1700 4623 2018 4676 animalium
2108 4620 2304 4673 anima:
2387 4617 2615 4671 formam
2673 4629 2797 4669 esse
2847 4612 3024 4666 dicit:
3073 4621 3264 4677 nempe
3321 4610 3414 4656 aut

191 4713 328 4778 duas,
372 4724 466 4769 aut
497 4716 747 4770 diversas
781 4712 991 4783 species
1028 4711 1294 4781 agnoscit.
1350 4710 1622 4781 Scriptum
1666 4713 1850 4784 utique
1892 4713 1959 4766 ab
2001 4712 2121 4780 ipso
2159 4717 2242 4765 est
2295 4706 2666 4762 monobiblum
2728 4702 2886 4771 cuius
2941 4698 3225 4768 inscriptio
3297 4695 3412 4748 haec

192 4816 283 4871 est,
328 4805 445 4861 Non
477 4806 752 4860 hominum
785 4805 841 4858 in
871 4805 1059 4870 bruta,
1088 4818 1250 4872 neque
1279 4802 1556 4858 brutorum
1585 4804 1640 4858 in
1671 4803 1904 4861 homines
1947 4802 2284 4874 migrationes
2361 4799 2476 4868 ﬁeri
2504 4840 2518 4863 ,
2563 4796 2652 4850 sed
2690 4813 2724 4848 a
2765 4794 2932 4848 brutis
3011 4790 3078 4844 ad
3121 4790 3274 4842 bruta
3297 4825 3311 4848 ,
3363 4792 3414 4837 et

192 4899 245 4949 ab
283 4902 576 4955 hominibus
622 4900 690 4952 ad
726 4898 981 4952 homines.

248 4993 346 5047 Καί
391 5009 480 5062 μοι
524 4992 672 5043 δοκεῖ
724 4987 922 5058 μᾶλλον
962 4979 1114 5048 οὗτος
1147 4985 1308 5039 ἕνεκα
1345 4985 1531 5038 τούτου
1563 4983 1741 5049 καλῶς
1771 4993 1796 5049 I

1917 4982 1994 5035 Ac
2045 4979 2175 5034 mihi
2230 4977 2448 5049 quidem
2494 4974 2710 5029 videtur
2754 4972 2863 5039 hic,
2918 4969 3083 5040 hujus
3133 4966 3416 5024 sententia:

193 5083 614 5153 utemxdooat,
643 5081 717 5152 μὴ
742 5081 900 5150 μόνον
929 5079 1025 5148 τῆς
1058 5077 1152 5131 τοῦ
1181 5078 1465 5140 Πλάτωνος
1490 5075 1736 5146 γνώμης,

1866 5077 2038 5146 gratia,
2081 5073 2342 5144 praetore
2374 5084 2484 5123 non
2519 5066 2762 5121 Platonis
2803 5070 3009 5118 tantum
3043 5068 3278 5116 mentem
3323 5075 3414 5115 as-

192 5173 304 5227 ἀλλὰ
473 5175 572 5244 τῆς
604 5151 859 5243 ἀληθείας
909 5171 1120 5246 αὐτῆςἸ
1159 5169 1233 5232 ὼς
1257 5169 1402 5221 ἐστιν
1432 5169 1495 5220 ὲκ
1530 5166 1738 5221 πολλῶν

1870 5174 2090 5229 ecutus,
2126 5162 2220 5218 sed
2250 5168 2305 5216 et
2335 5159 2402 5214 ad
2433 5157 2683 5212 veritatis
2718 5156 2895 5226 ipsius
2925 5151 3106 5208 cubile
3136 5151 3418 5222 pervenis-

194 5267 270 5318 καὶ
293 5267 460 5320 ἄλλων
487 5241 789 5328 ὲᾶτιδείξαι,
844 5241 1076 5334 μάλιστά
1117 5261 1174 5314 δὲ
1222 5263 1286 5314 ὲκ
1329 5259 1552 5314 τούτων.
1606 5259 1740 5312 οὐδὲ

1873 5274 1922 5321 e,
1955 5268 2013 5311 ut
2043 5273 2108 5312 ex
2157 5255 2348 5309 multis
2379 5264 2601 5323 quoque
2634 5247 2758 5302 aliis
2796 5243 3086 5300 ostendere
3124 5243 3289 5297 licet:
3321 5241 3418 5296 sed

194 5358 282 5426 γὰρ
329 5358 450 5427 μίαν
486 5358 595 5410 τῶν
642 5355 874 5424 λογικῶν
920 5356 1193 5424 κινήσεων.
1228 5353 1583 5424 ἐμφαίνεσθαι
1626 5353 1740 5413 τοῖς

1871 5366 1908 5403 :x
1950 5349 2036 5403 his
2085 5347 2456 5417 potissimum.
2494 5341 2681 5409 Neque
2727 5340 2872 5392 enim
2921 5335 3087 5389 ullam
3128 5341 3342 5387 tantum
3389 5350 3419 5386 e

195 5424 379 5514 ἀλέγοις
419 5448 526 5500 τῶν
571 5445 748 5512 ζώων.
801 5445 936 5500 Οὔτε
985 5445 1094 5515 γὰρ
1144 5443 1348 5514 τέχναι,
1395 5443 1516 5496 οὔτε
1567 5442 1741 5513 μαθή-

1869 5440 2178 5495 notionibus
2233 5434 2659 5491 rationabilibus
2727 5431 2782 5484 in
2843 5427 3026 5481 brutis
3086 5424 3417 5478 animalibus

197 5553 338 5603 ματα.
367 5538 486 5591 οὔτε
518 5537 727 5607 βουλαὶ.
771 5535 894 5590 οὔτε
939 5537 1152 5607 ἀρεταὶ.
1198 5532 1320 5586 οὔτε
1371 5532 1499 5586 ἄλλο
1540 5550 1590 5584 τι
1631 5533 1740 5585 τῶν

1870 5549 2130 5605 ιρρονοιεο,
2188 5547 2363 5602 neque
2411 5535 2578 5593 artes,
2623 5539 2800 5594 neque
2839 5520 3184 5592 disciplinas,
3239 5529 3418 5584 neque

195 5626 518 5695 damnum
550 5633 608 5684 ὲν
656 5630 841 5692 αὐτοῖς
888 5631 1064 5681 ἐστιν·
1120 5627 1177 5694 ἐξ
1223 5620 1297 5679 ὧν
1343 5625 1518 5696 δῆλον,
1559 5625 1634 5686 ὡς
1677 5625 1738 5677 οὐ

1866 5625 2097 5691 tonsilia,
2142 5639 2320 5693 neque
2360 5621 2614 5685 virtutes,
2649 5631 2826 5686 neque
2871 5614 3040 5670 alium
3085 5623 3414 5683 quemquam

201 5719 390 5786 μέτεστι
415 5723 632 5793 λογικῆς
651 5722 831 5792 ψυχῆς
858 5722 1056 5784 αὐτοῖς.
1083 5722 1192 5773 Καὶ
1215 5722 1322 5790 γὰρ
1342 5719 1538 5773 ἄτοπον
1563 5717 1740 5785 λέγειν

1871 5717 2090 5772 labitum
2121 5717 2175 5771 in
2207 5713 2570 5786 intelligentia
2611 5711 2875 5783 positum,
2907 5709 2965 5764 in
2999 5707 3110 5763 illis
3135 5704 3267 5760 'esse
3287 5717 3419 5756 cou-

199 5810 256 5864 τὸ.
279 5813 438 5882 ἄλογα
462 5816 651 5882 λογικὰ
673 5831 687 5844 ·
737 5816 784 5867 εἰ
816 5814 920 5887 γὰρ
948 5816 1041 5868 καὶ
1085 5812 1282 5885 κομιδή
1309 5811 1452 5874 νέοις
1481 5807 1598 5864 οὖσι
1629 5811 1740 5871 τοῖς

1870 5815 2000 5866 ttat:
2033 5823 2100 5862 ex
2124 5807 2324 5877 quibus
2361 5803 2714 5860 manifestum
2751 5811 2858 5869 est,
2897 5800 3100 5856 nullam
3130 5813 3253 5853 cum
3287 5793 3418 5864 ipsis
