3920 6448
496 364 600 422 νη

1732 354 1788 408 S.
1826 348 2150 408 GREGOMI
2188 348 2477 405 NYSSEVI

3635 342 3743 399 211

506 479 699 533 anima:
717 472 995 527 rationalis
1014 471 1333 541 particulam
1350 470 1833 536 communicatam,
1858 469 2060 524 etenim

2171 465 2423 536 βρέφεσιν
2468 466 2500 534 ή
2545 462 2735 531 ἄλογος
2788 462 2922 534 μόνη
2973 463 3186 534 κίνησις
3238 460 3562 532 πρόσεστιν,
3606 457 3741 515 ἀλλὰ

506 566 806 622 absurdum
855 571 940 618 est
979 563 1163 616 dicere
1210 562 1369 616 bruta
1422 562 1634 616 ratione
1669 562 1747 614 uti
1783 568 1952 615 :‘nam
1989 570 2074 614 ta-

504 656 664 711 metsi
703 670 894 710 recens
925 653 1216 709 admodum
1265 653 1408 707 uatis
1445 656 1561 707 sola
1594 653 1764 706 motio
1794 653 1952 706 bruta
1996 652 2072 704 in-

504 749 595 809 sit,
629 747 983 801 nihilominus
1021 730 1202 798 anima
1240 745 1490 799 rationali
1533 743 1789 813 praeditos
1826 759 1949 797 esse
1982 741 2071 795 di-

504 838 724 901 cimus,
784 836 1222 906 quandoquidem
1273 835 1400 888 dum
1469 820 1785 888 adolescunt
1842 833 2071 886 rationis

508 944 667 983 usum
706 927 982 997 produnt:
1013 934 1067 979 at
1102 940 1229 979 vero
1259 925 1477 978 brutum
1512 924 1661 977 nullo
1692 923 1849 992 plane
1882 923 2071 976 habitu

496 1020 616 1073 vim
643 1019 872 1073 rationis
911 1016 1169 1073 ostendit.
1198 1014 1377 1081 Quare
1411 1029 1804 1085 supervacuam
1847 1013 2073 1067 habuis-

510 1121 593 1167 set
623 1112 940 1166 rationalem
988 1111 1246 1171 animam,
1278 1122 1401 1161 cum
1432 1106 1795 1160 ratiocinandi
1841 1104 2071 1159 facultas

508 1204 716 1272 absque
756 1203 866 1256 ullo
896 1217 996 1256 usu
1033 1200 1215 1253 futura
1238 1206 1382 1252 esset
1411 1216 1424 1251 :
1458 1198 1660 1251 ctenim
1706 1196 1840 1249 nihil
1874 1211 2070 1264 super-

511 1303 805 1342 vacaneum
838 1301 869 1339 a
900 1289 1007 1341 Deo
1036 1285 1314 1340 conditum
1347 1298 1489 1348 esse,
1520 1300 1628 1338 uno
1654 1287 1897 1339 onmium
1933 1301 2071 1339 con-

510 1394 674 1434 sensu
709 1384 941 1431 constat.
994 1374 1147 1441 Quod
1199 1390 1318 1431 cum
1353 1375 1429 1429 ita
1476 1391 1535 1430 se
1560 1376 1790 1444 habent,
1833 1376 2072 1429 inaniter

507 1475 562 1522 et
592 1467 795 1521 frustra
828 1465 1114 1520 rationalis
1160 1465 1342 1517 anima
1384 1464 1578 1519 belluis
1631 1473 1684 1517 et
1718 1466 1892 1518 brutis
1927 1470 2072 1519 esset

509 1556 701 1619 indita,
748 1570 872 1609 cum
905 1569 1184 1624 nunquam
1234 1569 1433 1608 munus
1467 1564 1520 1609 et
1551 1570 1688 1623 opus
1731 1570 1889 1609 suum
1937 1555 2071 1608 indi-

504 1663 634 1703 care
672 1657 856 1716 posset
888 1665 901 1701 :
934 1646 1236 1717 quinetiam
1270 1648 1405 1699 vitio
1435 1654 1734 1701 verteretur
1762 1647 1809 1700 ei
1843 1647 1933 1716 qui
1967 1647 2067 1699 de-

504 1737 677 1792 disset
720 1736 957 1790 animam
989 1736 1203 1805 corpori
1240 1736 1460 1789 minime
1506 1750 1801 1804 congruam
1836 1755 1847 1789 :
1887 1751 2062 1805 neque

2170 559 2347 629 ψυχὴν
2367 557 2590 626 λογικήν
2622 572 2797 625 φαμεν
2825 554 2967 625 ἔχειν
2995 555 3163 609 αύτάο
3194 552 3491 622 ἐπειδήπερ
3520 549 3741 615 αὐξανόο

2175 666 2308 720 μενοι
2342 653 2437 701 καὶ
2466 647 2563 717 τὴν
2592 646 2811 717 λογικὴν
2849 646 3221 699 ἀναδείκνυσιν
3252 643 3552 712 ἐνέργειαν.
3588 640 3660 692 Τὸ
3684 640 3740 692 δὲ

2171 739 2361 806 ἄλογον
2405 739 2525 791 κατ’
2577 737 2831 806 οὐδεμίαν
2895 734 3009 799 ἓξιν
3062 737 3323 805 ἐμφαῖνον
3380 735 3439 785 τὸ
3490 731 3740 800 λογικὸν,

2172 827 2438 899 περιττῶς
2466 826 2673 896 ἀνέσχε
2693 826 2914 897 λογικὴν
2943 826 3138 897 ψυχὴν,
3170 827 3438 898 ἀχρήστου
3469 823 3741 884 παντελῶς

2176 920 2474 990 μελλούσης
2506 919 2722 973 ἔσεσθαι
2751 920 2849 989 τῆς
2894 919 3117 988 λογικῆς
3144 918 3423 986 δυνάμεως
3448 933 3461 945 °
3511 918 3603 969 καὶ
3634 915 3741 987 γὰρ

2173 1012 2321 1064 οὐδὲν
2374 1012 2625 1082 περιττὸν
2692 1011 2844 1081 παρὰ
2894 1009 2987 1063 τοῦ
3040 1010 3173 1062 Θεοῦ
3226 1008 3553 1077 γεγενῆσθαι
3603 1025 3738 1078 συμ-

2173 1103 2364 1173 φώνως
2408 1104 2540 1155 πᾶσι
2581 1102 3041 1173 συνωμολόγηται.
3078 1102 3141 1154 Εἰ
3175 1100 3232 1154 δὲ
3260 1100 3435 1162 τοῦτο,
3475 1099 3742 1169 περιττῶς

2172 1193 2238 1247 ἂν
2267 1195 2300 1264 ὴ
2330 1194 2520 1266 λογικὴ
2556 1193 2703 1264 ψυχὴ
2736 1196 2847 1257 τοῖς
2881 1194 3103 1264 κτήνεσι
3145 1194 3239 1246 καὶ
3270 1195 3381 1255 τοῖς
3411 1192 3619 1262 Θηρίοις
3654 1192 3743 1259 ὲγ-

2173 1285 2561 1349 κατεϐάλλετο,
2612 1286 2877 1357 μηδέποτε
2921 1284 3190 1355 δυναμένη
3236 1285 3298 1336 τὸ
3349 1284 3546 1353 ἑαυτῆς
3586 1284 3744 1354 ἔργον

2174 1373 2536 1445 ἐπιδείξασθαι
2564 1392 2576 1406 ·
2632 1379 2724 1431 καὶ
2764 1373 2832 1449 ἦν
2873 1378 2937 1430 ἂν
2967 1377 3216 1447 ἔγκλημα
3245 1375 3339 1428 τοῦ
3367 1375 3547 1437 δόντος
3575 1376 3745 1444 ἀνάρ-

2176 1486 2368 1539 μοστον
2415 1468 2590 1540 ψυχὴν
2637 1468 2717 1539 τῷ
2764 1467 2998 1538 σώματι.
3062 1467 3198 1520 Ούτε
3254 1468 3362 1537 γὰρ
3412 1468 3655 1537 τεχνίτου
3687 1466 3746 1519 τὸ

2172 1559 2350 1630 ἔργον,
2380 1558 2501 1613 οὗτε
2534 1559 2685 1625 τάξιν
2706 1560 2737 1629 ἢ
2759 1560 3024 1630 ἁρμονίαν
3055 1560 3277 1621 εἰδότος.
3309 1558 3370 1610 Εἰ
3397 1559 3454 1611 δέ
3488 1577 3571 1621 τις
3598 1559 3746 1626 λέγει

2172 1652 2436 1705 κινεῖσθαι
2473 1652 2571 1722 μὲν
2598 1652 2738 1705 κατὰ
2765 1651 3003 1705 διάθεσιν
3031 1650 3260 1719 λογικῶς
3302 1650 3368 1703 τὰ
3397 1649 3530 1714 ζῶα,
3561 1648 3662 1720 τὴν
3691 1649 3744 1701 δὲ

2171 1743 2456 1797 διάπλασιν
2504 1744 2685 1796 αὐτῶν
2733 1744 3077 1797 ἀνεπίδεκτον
3123 1739 3260 1795 εἶναι
3304 1742 3560 1812 τεχνικῆς
3604 1742 3747 1811 πρά-

503 1830 650 1883 euim
687 1827 912 1883 artiﬁcis
954 1841 1115 1896 Opus,
1166 1842 1341 1896 neque
1384 1826 1503 1895 ejus
1552 1828 1641 1895 qui
1685 1828 1950 1891 ordinem,
1977 1836 2068 1880 aut

2173 1834 2323 1900 ξεως,
2366 1834 2721 1904 πιστούμενος
2758 1834 2850 1887 τὸν
2893 1834 3047 1902 λόγον
3095 1833 3202 1886 ἀπὸ
3242 1832 3349 1885 τῶν
3397 1830 3702 1901 ἀνθρώπων
3728 1845 3741 1858 ·

505 1929 833 1973 concentum
887 1919 1055 1987 probe
1111 1925 1321 1972 nosset.
1382 1917 1536 1984 Quod
1593 1918 1636 1971 si
1700 1919 1824 1988 quis
1870 1918 2071 1973 dixerit

506 2010 763 2063 animalia
806 2010 1010 2065 moveri
1046 2009 1339 2079 dispositu,
1371 2017 1425 2063 et
1478 2010 1672 2063 affectu
1718 2010 1951 2079 quodam
1983 2026 2070 2063 ra-

508 2102 647 2155 tioni
675 2101 1023 2171 congruenti,
1053 2101 1149 2155 sed
1185 2102 1499 2170 ﬁgmentum
1541 2101 1791 2171 corporis
1819 2116 1989 2171 capax
2016 2103 2068 2155 in

506 2192 646 2262 ipsis
694 2194 1014 2262 neutiquam
1064 2208 1188 2247 esse
1238 2192 1551 2247 artiﬁciosae
1598 2193 1831 2247 actionis
1867 2193 2071 2264 :idque

508 2284 766 2351 probaret
801 2285 1012 2338 ratione
1043 2284 1112 2337 ab
1143 2284 1454 2339 hominibus
1484 2284 1644 2337 ducta
1680 2302 1693 2338 :
1728 2286 1927 2354 quippe
1946 2300 2070 2339 cum

505 2374 748 2429 concisis
806 2382 1017 2430 tantum
1074 2375 1260 2446 digitis
1308 2390 1565 2430 manuum
1609 2379 1876 2447 pleraeque
1924 2392 2070 2432 artes

510 2466 788 2533 perirent;
845 2466 1066 2522 minime
1126 2467 1287 2521 solvit
1342 2466 1487 2537 quod
1532 2468 1821 2537 quaesitum
1856 2468 2063 2521 estzsi—

510 2555 732 2623 quidem
763 2563 1005 2609 remanet
1038 2554 1217 2610 adhuc
1238 2554 1381 2611 idem
1410 2555 1728 2623 absurdum,
1752 2557 1896 2626 quod
1929 2555 2070 2611 Deus

506 2645 751 2698 animam
793 2645 1018 2700 minime
1051 2660 1349 2716 congruam
1389 2649 1605 2717 corpori
1637 2650 2065 2703 connexuisset:

506 2733 605 2789 sed
636 2733 990 2803 superﬂuam,
1020 2736 1266 2790 inutilem
1299 2743 1462 2807 atque
1498 2736 1862 2801 inefﬁcacem,
1902 2737 2072 2807 siqui-

503 2826 629 2880 dem
659 2841 756 2895 per
801 2840 1019 2881 omnem
1070 2834 1284 2882 aetatem
1330 2826 1719 2898 impedimento
1765 2829 1899 2899 ipsis
1928 2837 2073 2884 esset

504 2916 573 2971 ad
626 2932 724 2973 sua
763 2918 950 2972 munia
991 2937 1004 2973 :
1041 2926 1399 2988 przeterquam
1447 2919 1591 2987 quod
1639 2929 1917 2990 comparet
1964 2920 2069 2990 ipsi

505 3008 773 3062 rationem
818 3023 884 3063 ex
928 3008 1127 3079 ignotis
1161 3018 1217 3063 et
1261 3023 1368 3063 non
1396 3009 1694 3065 concessis.
1732 3008 1886 3064 Unde
1925 3012 2069 3065 enim

504 3098 639 3153 illud
685 3098 1089 3169 depromptum,
1142 3116 1210 3153 ex
1256 3099 1619 3171 dispositione
1660 3100 1822 3165 bruta
1863 3100 2069 3156 moveri

503 3192 865 3246 conveniente
900 3192 1148 3246 ratione?
1179 3192 1374 3246 melius
1406 3193 1550 3247 enim
1583 3202 1728 3248 esset
1756 3194 2069 3250 existimare

504 3293 799 3349 congruam
829 3281 1026 3350 cuique
1054 3281 1270 3351 corpori
1299 3280 1536 3335 animam
1581 3296 1884 3339 connexam
1926 3298 2069 3349 esse,

504 3387 569 3427 ac
604 3373 738 3427 nihil
775 3373 1007 3441 amplius
1039 3372 1237 3428 habere
1265 3388 1331 3427 ex
1369 3374 1727 3443 dispositione
1769 3376 2073 3447 affectuque

504 3463 784 3521 animalia,
816 3476 975 3529 quam
1023 3462 1427 3531 simplicitatem
1476 3466 1780 3520 naturalem
1828 3467 1883 3521 in
1929 3468 2072 3536 ipso-

506 3569 628 3607 rum
677 3551 934 3621 operibus
982 3563 1354 3622 apparentem.
1400 3553 1533 3608 Nam
1586 3556 1797 3626 species
1843 3573 2072 3628 qumque

504 3643 789 3699 brutorum
822 3644 1121 3697 secundum
1154 3645 1571 3715 propensionem
1604 3662 1757 3701 suam
1802 3648 1867 3701 ad
1906 3663 2069 3717 quam

504 3747 536 3785 a
567 3734 836 3802 principio
878 3733 1018 3788 facta
1051 3743 1157 3798 est,
1201 3744 1472 3799 movetur,
1507 3744 1560 3791 et
1593 3752 1772 3804 usum,
1799 3746 1853 3792 et
1897 3740 2070 3794 actio-

504 3838 650 3885 nem,
702 3840 764 3877 ac
804 3834 1069 3894 praeterea
1109 3827 1526 3897 dispositionem
1576 3836 1756 3898 aptam
1810 3830 2068 3885 obtinuit.

504 3910 937 3983 Haudquaquam
967 3923 1117 3969 certe
1150 3916 1342 3989 Opifex
1360 3920 1465 3973 ista
1497 3920 1701 3973 auxilio
1724 3920 1870 3973 omni
1896 3921 2069 3975 desti-

503 4012 619 4058 tuta
668 4007 887 4075 reliquit
928 4026 941 4061 :
976 4022 1161 4061 verum
1212 4009 1507 4078 unicuique
1564 4011 1905 4077 naturalem,
1959 4028 2069 4066 non

503 4098 821 4153 rationalem
877 4101 1153 4156 solertiam
1204 4102 1482 4157 inseruit:
1517 4103 1843 4173 quibusdam
1902 4106 2067 4159 etiam

503 4189 852 4244 calliditatem
917 4198 970 4245 et
1032 4194 1285 4247 astutiam
1341 4194 1556 4259 indidit,
1618 4206 1877 4264 tanquam
1934 4199 2069 4253 artis

504 4278 795 4347 imaginem
833 4289 887 4334 et
917 4283 1407 4347 umbram,duabus
1449 4286 1568 4341 istis
1606 4288 1672 4340 de
1712 4290 1916 4351 causis,
1956 4302 2067 4344 tum

502 4369 570 4422 ad
627 4381 882 4440 urgentes
926 4374 1149 4429 insidias
1191 4375 1567 4440 declinandas,
1625 4387 1677 4433 ct
1723 4380 1791 4433 ad
1855 4380 2067 4437 futuras

2170 1923 2626 1994 περιαιρεθέντων
2639 1923 2747 1994 γὰρ
2777 1924 2933 1993 μόνον
2952 1924 3057 1977 τῶν
3072 1922 3346 1976 δακτύλων
3367 1921 3473 1974 ἀπὸ
3501 1919 3610 1973 τῶν
3635 1936 3744 1990 χει-

2173 2016 2302 2085 ρῶν,
2336 2017 2435 2078 τάς
2465 2015 2722 2079 πλείστας
2749 2016 2943 2085 τέχνας
2990 2012 3436 2085 παραπόλλυσθαι
3463 2030 3477 2043 ο
3523 2013 3585 2064 οὺ
3628 2011 3745 2065 λύει

2169 2107 2229 2158 τὸ
2257 2104 2607 2176 ζητούμενον.
2655 2107 2820 2160 Μένει
2851 2107 2958 2178 γὰρ
2993 2106 3161 2159 ἔτιτὸ
3207 2106 3336 2159 αὐτὸ
3388 2105 3619 2167 ἄτοπον,
3671 2103 3745 2165 ὡς

2170 2196 2263 2251 τοῦ
2292 2197 2425 2250 Θεοῦ
2462 2197 2537 2269 μὴ
2566 2199 2870 2270 πρόσφορον
2897 2198 3073 2270 ψυχὴν
3108 2197 3504 2269 ἐναρμόσαντος
3534 2194 3615 2265 τῷ
3641 2194 3746 2247 σώ-

2174 2307 2324 2361 ματι,
2358 2289 2494 2343 ἀλλά
2523 2289 2776 2360 περιττὴν
2806 2290 2897 2343 καὶ
2927 2290 3180 2360 ἀνόνητον
3209 2291 3302 2343 καὶ
3347 2288 3734 2359 ἀνενέργητον,

2171 2382 2599 2453 ἐμποδιζομένην
2620 2382 2706 2435 διὰ
2727 2382 2905 2453 πάσης
2934 2384 3032 2453 τῆς
3060 2382 3272 2453 ἡλικίας
3299 2382 3497 2444 αὐτῶν,
3530 2385 3612 2444 εἰς
3646 2380 3745 2441 τὰς

2170 2474 2379 2536 οἰκείας
2402 2473 2699 2543 ἐνεργείας,
2726 2472 2860 2540 πρὸς
2882 2473 2942 2525 τὸ
2970 2471 3063 2526 καὶ⁸
3092 2472 3181 2526 τὸν
3199 2472 3351 2541 λόγον
3380 2473 3545 2544 αὐτῆς
3571 2492 3741 2528 κατα-

2173 2564 2455 2629 σκευάζειν
2487 2564 2547 2628 ὲξ
2591 2564 2797 2635 ἀδήλων
2846 2565 2941 2617 καὶ
2976 2565 3073 2635 οὑχ
3116 2565 3577 2635 ὁμολογουμένων.
3632 2566 3737 2619 Πό-

2172 2656 2262 2709 θεν
2307 2656 2414 2727 γὰρ
2471 2657 2551 2709 ὃτι
2620 2655 2761 2709 κατά
2825 2655 3063 2708 διάθεσιν
3118 2655 3347 2724 λογικῶς
3395 2658 3625 2710 κινεῖται
3676 2656 3745 2710 τά

2173 2747 2315 2816 ζῶας
2351 2748 2566 2802 Βέλτιον
2607 2748 2715 2819 γὰρ
2754 2748 3060 2819 πρόσφορον
3096 2749 3345 2819 ἡγεῖσθαι
3378 2750 3592 2818 ἑκάστῳ
3636 2749 3743 2801 σῶ-

2176 2856 2305 2909 ματι
2351 2838 2526 2910 ψυχὴν
2581 2838 2952 2909 ὲνηρμόσθαι,
3003 2840 3095 2893 καὶ
3145 2839 3307 2910 μηδὲν
3375 2840 3515 2910 ἔχειν
3582 2840 3747 2893 πλέον

2172 2929 2311 2982 κατά
2353 2930 2588 2983 διάθεσιν
2635 2928 2706 2982 τὰ
2758 2928 2870 2992 ζῶα
2916 2930 3014 2999 τῆς
3057 2930 3445 3000 ὲκφαινομένης
3492 2933 3605 2993 τοῖς
3654 2931 3746 2999 ἔρα

2170 3040 2289 3092 γοις
2331 3022 2509 3076 αὐτῶν
2542 3022 2776 3093 φυσικῆς
2820 3021 3138 3091 ἁπλότητος.
3188 3021 3452 3075 Ἐκαστον
3502 3021 3617 3092 γάρ
3668 3017 3747 3074 εἷ-

2170 3116 2258 3179 δος
2298 3114 2403 3169 τῶν
2443 3115 2650 3183 ἀλόγων
2693 3115 2813 3167 κατ’
2851 3112 3055 3166 οἰκείαν
3099 3112 3274 3183 ὁρμὴν
3308 3116 3554 3176 κινεῖται,
3608 3113 3750 3184 πρὸς

2174 3208 2240 3278 ἣν
2266 3206 2486 3276 γέγονεν
2513 3206 2572 3273 ἐξ
2614 3206 2809 3277 ἀρχῆς,
2854 3204 3043 3275 χρείαν
3072 3221 3130 3257 τε
3177 3206 3269 3257 καὶ
3316 3205 3615 3276 ἐνέργειαν,
3651 3206 3749 3259 καὶ

2173 3298 2311 3365 πρὸς
2357 3295 2531 3351 ταῦτα
2591 3297 2685 3349 καὶ
2746 3296 2845 3365 τὴν
2900 3294 3141 3347 διάθεσιν
3202 3295 3506 3366 ἐπιτηδείαν
3559 3296 3746 3367 ἔσχεν.

2174 3389 2247 3443 Ού
2301 3388 2407 3459 μὴν
2451 3386 2732 3459 ἀϐοήθητα
2780 3387 3125 3441 παντάπασιν
3176 3386 3315 3439 αύτά
3356 3386 3748 3441 καταλέλοιπεν

2171 3482 2200 3533 ό
2241 3480 2579 3550 Δημιουργός
2605 3498 2618 3511 ο
2667 3479 2780 3533 ἀλλ’
2831 3478 3047 3549 ἑκάστῳ
3098 3477 3363 3548 φυσικὴν,
3419 3478 3478 3531 ού
3519 3474 3750 3550 λογικὴν

2172 3570 2390 3623 ἐνέϐαλε
2425 3571 2673 3643 σύνεσιν⁶
2715 3572 2824 3624 τισὶ
2855 3571 2912 3623 δὲ
2949 3569 3044 3622 καὶ
3089 3570 3419 3639 πανουργίαν
3460 3569 3746 3639 ἐνέθηκεν,

2170 3659 2359 3732 ὥσπερ
2387 3662 2578 3730 τέχνης
2612 3662 2793 3714 εἰκόνα
2819 3663 2912 3715 καὶ
2940 3660 3098 3713 σκιάν
3130 3660 3274 3713 δυοῖν
3306 3659 3506 3712 τούτων
3532 3659 3747 3722 ἕνεκεν,

2172 3750 2312 3821 ὑπὲρ
2329 3751 2423 3803 τοῦ
2453 3752 2545 3804 καὶ
2570 3750 2670 3813 τὰς
2693 3750 2993 3814 ἐνεστώσας
3015 3749 3305 3813 ἐπιϐουλὰς
3330 3750 3622 3815 ἐκκλίνειν,
3651 3750 3752 3805 καὶ

2169 3842 2268 3905 τὰς
2304 3841 2597 3911 μελλούσας
2624 3840 3091 3914 προφυλάττεσθαι
3111 3857 3125 3871 ⁶
3167 3841 3259 3893 καὶ
3296 3842 3383 3894 ἐπὶ
3407 3840 3483 3911 τῷ
3507 3843 3750 3911 συνάψαι

2168 3932 2266 3999 τὴν
2294 3932 2469 3985 κτίσιν
2501 3934 2680 3986 πᾶσαν
2714 3933 2902 4001 ἑαυτῇ.
2937 3932 3011 3993 ὡς
3042 3931 3142 4002 ήδη
3182 3931 3413 4002 εἴρηται.
3445 3934 3565 3985 Ὀτι
3590 3933 3654 3985 δὲ
3686 3934 3779 3993 οὐ)

2170 4022 2399 4091 λογικῶς
2425 4022 2595 4077 ταῦτα
2619 4026 2779 4086 ποιεῖ,
2806 4023 2959 4093 δῆλον
2989 4023 3054 4075 ὲκ
3082 4022 3173 4075 τοῦ
3204 4024 3323 4076 κατ’
3353 4018 3491 4087 εἶδος
3515 4025 3778 4084 ἕκαστον.

2170 4114 2307 4179 ζῶον
2340 4114 2539 4183 ὁμοίως
2564 4115 2632 4167 τὰ
2666 4114 2805 4168 αύτά
2840 4117 3030 4177 ποιεῖν,
3066 4115 3157 4168 καὶ
3190 4113 3263 4184 μὴ
3290 4113 3622 4171 διαλλάττειν
3650 4118 3749 4171 αὐ-

2167 4209 2277 4262 τῶν
2317 4210 2376 4261 ὲν
2412 4207 2490 4277 τῷ
2531 4207 2722 4276 πλήθει
2760 4208 2859 4272 τὰς
2898 4210 2997 4278 τῆς
3042 4210 3216 4278 ψυχῆς
3248 4211 3551 4280 ἐνεργείας·
3581 4214 3633 4265 εξ
3671 4212 3786 4283 μὴ’

2168 4296 2309 4349 κατά
2341 4297 2401 4350 τὸ
2444 4297 2639 4367 μᾶλλον
2670 4300 2763 4351 καὶ
2805 4295 2965 4370 ἦττον
2988 4316 3002 4330 '
3042 4300 3176 4352 ἀλλά
3215 4302 3356 4354 κατά
3402 4302 3526 4372 μίαν
3566 4303 3748 4373 ὁρμὴν

2167 4388 2287 4440 ὅλον
2314 4388 2375 4440 τὸ
2403 4384 2539 4450 εἶδος
2571 4386 2856 4441 κινεῖσθαι.
2893 4390 3007 4452 Πᾶς
3040 4388 3146 4460 γὰρ
3172 4388 3380 4457 λαγωὸς
3415 4391 3614 4460 ὁμοίως
3654 4393 3748 4444 εύ-

502 4464 885 4531 prtecavendas
918 4483 930 4517 :
964 4474 1073 4518 tum
1104 4466 1172 4520 ad
1208 4472 1633 4524 connectendam
1671 4486 1885 4526 omnem
1917 4488 2068 4526 crea-

2178 4477 2394 4543 νάζεται
2417 4519 2430 4539 ,
2464 4478 2555 4530 καὶ
2594 4480 2702 4541 πᾶς
2733 4478 2893 4543 λύκος
2928 4480 3128 4548 ὁμοίως
3159 4484 3472 4551 πανουργεῖ,
3509 4483 3603 4533 καὶ
3637 4486 3748 4547 πᾶς

501 4561 681 4607 turam
712 4555 1062 4625 sibiinctipsi,
1095 4565 1153 4610 ut
1193 4566 1349 4613 antea
1379 4560 1585 4615 dictum
1626 4570 1731 4617 est.
1768 4563 1923 4629 Quod
1962 4579 2063 4617 au-

502 4655 612 4699 tem
642 4661 748 4700 non
787 4662 853 4701 ex
884 4648 1097 4703 ratione
1123 4650 1227 4704 ista
1258 4650 1442 4718 faciat,
1472 4654 1824 4723 perspicuum
1875 4663 1960 4710 est
1998 4670 2064 4710 ex

498 4754 567 4793 eo
596 4738 743 4809 quod
776 4740 977 4794 animal
1018 4741 1273 4813 quodque
1303 4745 1507 4809 pariter
1538 4747 1736 4802 eadem
1771 4747 1933 4802 faciat
1969 4766 1982 4802 :
2014 4757 2067 4803 et

497 4832 645 4902 quod
697 4846 804 4886 non
844 4835 1055 4887 varient
1087 4830 1330 4903 ipsorum
1379 4839 1577 4894 animat
1623 4840 1967 4908 operationes
2009 4840 2064 4894 in

498 4920 853 4978 multitudine
893 4940 906 4975 :
943 4923 1049 4976 nisi
1082 4924 1389 4981 intentione
1441 4929 1525 4982 vel
1574 4930 1932 4996 remissione;
1970 4931 2064 4985 sed

497 5014 802 5069 secundum
845 5014 1062 5069 unicam
1109 5015 1509 5084 proclivitatem
1540 5026 1653 5072 tota
1684 5020 1893 5089 species
1931 5035 2065 5075 con-

498 5105 718 5159 citetur.
755 5104 947 5160 Omnis
976 5106 1120 5161 enim
1147 5107 1303 5177 lepus
1342 5110 1597 5163 similiter
1628 5111 1682 5163 in
1728 5112 1956 5166 latibulo
1981 5112 2066 5180 ja-

498 5205 608 5258 cet,
645 5207 699 5251 et
730 5198 892 5267 lupus
932 5200 1110 5255 omnis
1136 5202 1392 5257 similiter
1423 5212 1678 5258 versutus
1706 5212 1789 5257 est
1818 5222 1830 5257 :
1855 5212 1907 5258 et
1945 5220 2064 5258 om-

497 5286 585 5341 nis
631 5288 789 5342 simia
852 5291 1056 5358 pariter
1093 5292 1377 5358 imitatur;
1432 5293 1535 5345 hoc
1582 5309 1711 5347 vero
1752 5294 1804 5347 in
1847 5294 2065 5349 homine

501 5393 609 5431 non
657 5388 874 5435 COllSl‘Jl
914 5393 1225 5438 :sexcenta:
1266 5385 1410 5437 enim
1460 5384 1558 5437 νῘὶΒ
1602 5396 1730 5440 sunt
1788 5387 2064 5440 actionum

502 5468 866 5524 humanarum
922 5491 935 5526 :
990 5488 1114 5526 nam
1172 5476 1388 5551 ratione
1455 5476 1779 5543 praeditum,
1836 5478 2063 5532 liberum

503 5559 785 5627 quiddam,
817 5571 869 5616 et
893 5563 979 5617 sui
1005 5564 1171 5633 juris,
1207 5573 1371 5636 atque
1409 5566 1625 5621 arbitrii
1652 5575 1756 5631 est,
1786 5569 1927 5623 unde
1959 5584 2065 5625 non

505 5666 673 5703 unum
711 5663 764 5705 et
808 5653 947 5708 idem
993 5671 1131 5725 opus
1188 5666 1270 5714 est
1322 5658 1577 5713 omnibus
1629 5659 1963 5722 hominibus,
2007 5670 2066 5713 ut

505 5742 706 5812 cuique
740 5744 1023 5803 brutorum
1060 5750 1291 5820 speciei;
1333 5751 1776 5822 quandoquidem
1819 5752 1931 5808 haec
1969 5768 2064 5808 na-

2169 4569 2398 4640 πὶθηκος
2423 4570 2622 4639 ὁμοίως
2647 4572 2913 4639 μιμεῖται.
2942 4570 3118 4641 Ὅπερ
3139 4571 3235 4623 οὐκ
3262 4570 3404 4623 ἔστιν
3428 4573 3512 4623 ἐπ’
3535 4571 3747 4643 ἀνθρὼο

2168 4679 2289 4714 που.
2344 4662 2549 4732 Μυρίαι
2593 4660 2701 4731 γάρ
2743 4660 2852 4713 ὁδοὶ
2902 4660 3009 4713 τῶν
3063 4660 3413 4731 ἀνθρωπίνων
3468 4662 3744 4730 πράξεων.

2180 4751 2488 4822 Ἐλεύθερον
2520 4752 2627 4823 γάρ
2658 4768 2709 4804 τι
2749 4753 2840 4806 καὶ
2883 4750 3222 4817 αὐτεξούσιον
3256 4753 3316 4806 τὸ
3345 4753 3573 4820 λογικὸν,
3616 4752 3749 4807 ὅθεν

2166 4844 2263 4913 οὐχ
2292 4846 2349 4897 ἓν
2379 4844 2469 4897 καὶ
2496 4845 2661 4898 ταύτὸ
2687 4840 2850 4898 πᾶσιν
2880 4844 3037 4917 ἔργον
3072 4845 3395 4914 ἀνθρώποις,
3420 4845 3493 4906 ὡς
3526 4843 3747 4915 ἑκάστῳ

2169 4934 2297 4987 εῖδει
2321 4934 2427 4987 τῶν
2460 4935 2669 5004 ἀλόγων
2708 4934 2880 5001 ζώων.
2909 4936 3071 4989 Φύσει
3100 4935 3207 5006 γὰρ
3252 4936 3384 5006 μόνῃ
3447 4934 3617 4989 ταῦτα
3656 4952 3746 4987 κι-

2168 5025 2444 5079 νεῖταιοτὰ
2485 5025 2541 5079 δὲ
2585 5025 2744 5096 φύσει
2787 5026 2985 5098 ὁμοίως
3014 5027 3161 5097 παρά
3193 5026 3355 5079 πᾶσίν
3385 5027 3561 5078 ἐστιν·
3594 5027 3653 5076 αί
3683 5025 3744 5079 δὲ

2168 5115 2380 5185 λογικαὶ
2415 5116 2636 5187 πράξεις
2678 5117 2833 5171 ἄλλαι
2867 5119 2997 5187 παρ’
3028 5118 3227 5183 ἄλλοις,
3279 5117 3377 5169 ούκ
3406 5116 3463 5180 ἐξ
3493 5116 3745 5185 ἀνάγκης

2167 5209 2223 5260 αἱ
2249 5208 2410 5260 αὐταὶ
2443 5208 2593 5280 παρά
2620 5211 2803 5264 πᾶσιν.
2836 5210 2899 5263 El
2927 5210 2983 5262 δὲ
3012 5209 3217 5277 λέγοιεν
3257 5209 3347 5260 ἐπὶ
3378 5207 3611 5277 τιμωρίᾳ
3640 5208 3745 5277 τὴν

2170 5296 2344 5367 ψυχὴν
2376 5296 2481 5349 τῶν
2523 5300 3031 5369 προημαρτημένων
3071 5299 3128 5350 ἐν
3177 5296 3253 5366 τῷ
3282 5295 3600 5365 ἀνθρωπίνῳ
3636 5294 3745 5364 βέῳ

2168 5389 2247 5450 εἰς
2284 5387 2505 5441 τοιαῦτα
2546 5388 2771 5459 σώματα
2813 5388 3297 5458 καταπέμπεσθαι,
3338 5389 3401 5439 ἐκ
3446 5384 3549 5436 τῶν
3578 5384 3741 5437 ύστά-

2171 5497 2279 5551 ρων
2310 5480 2582 5533 ποιοῦνται
2612 5480 2708 5551 τὴν
2742 5480 3029 5546 ἀπόδειξιν.
3057 5479 3153 5532 Διά
3184 5478 3235 5530 τί
3265 5479 3372 5547 γὰρ
3402 5480 3479 5539 εἰς
3502 5476 3568 5529 τά
3593 5475 3743 5543 7:96).

2165 5586 2237 5623 τα
2270 5570 2533 5640 γενόμενα
2562 5569 2788 5640 σώματα
2813 5570 2918 5623 τῶν
2950 5569 3100 5633 ζώων
3130 5567 3497 5637 ἀνεϐλήθησαν
3524 5566 3742 5632 λογικαὶ

2168 5660 2369 5730 ψυχαί;
2410 5662 2484 5714 Οὐ
2521 5660 2629 5730 γὰρ
2672 5661 2843 5731 δήπου
2891 5661 2965 5723 ὡς
3000 5662 3055 5711 ὲν
3099 5658 3339 5729 σώμασιν
3380 5653 3741 5727 ἀνθρωπίνοις

2172 5752 2557 5823 ἁμαρτήσασαι
2577 5790 2594 5817 ,
2627 5751 2756 5820 πρὶν
2805 5752 2895 5805 καὶ
2928 5752 3006 5815 εἰς
3042 5750 3197 5821 σῶμα
3232 5746 3482 5817 γενέσθαι
3528 5741 3738 5814 ἀνθρώΔ
