3920 6466
202 449 293 505 215

1626 435 1713 489 Dl“.
1754 435 1791 488 Λ
1801 434 1989 491 ΝΙΜΔ.

3324 437 3430 493 εει

203 578 352 614 πινον.
386 558 566 610 Ἔοικε
612 556 665 608 δὲ
699 554 869 625 ταύτῃ
903 555 1028 625 δόξῃ
1059 554 1305 608 τίθεσθαι
1336 555 1429 606 καὶ
1464 553 1698 625 Γαληνὸς
1731 559 1744 608 ἐ

1866 566 1987 609 tura
2042 554 2157 609 sola
2204 564 2538 610 moventur:
2586 556 2734 627 atqui
2775 572 2837 611 ea
2886 573 3008 629 quae
3055 565 3249 613 natura
3298 571 3430 613 con-

200 651 466 720 θαυμάσιος
503 648 703 719 ἰατρὸς,
751 647 843 699 καὶ
889 646 1014 700 καθ’
1036 647 1265 700 ἕκαστον
1306 644 1443 709 εἶδος
1470 644 1608 709 ζώου
1636 646 1751 700 διά-

198 759 335 812 (sopori
361 738 494 793 εἶναι
521 740 729 803 δοξάζει
765 739 857 792 καὶ
880 739 1059 809 ψυχῆς
1091 735 1256 802 εἶδος·
1286 737 1433 805 λέγει
1456 738 1562 808 γὰρ
1592 737 1751 799 εὐθὺς

196 838 243 887 ἐν
268 836 394 903 ἀρχῇ
418 831 510 884 τοῦ
540 831 757 901 πρώτου
790 831 995 901 βιὸλίου
1024 830 1126 900 τῆς
1142 830 1281 898 Περὶ
1302 832 1509 900 χρείας
1524 832 1751 900 μορίων

194 923 565 995 πραγματείας,
600 924 764 976 οὕτω·
802 942 820 974 ι
848 924 957 976 Καὶ
980 924 1028 975 εί
1060 921 1238 984 τοῦτο,
1269 922 1437 975 πολλά
1468 921 1575 975 τῶν
1596 920 1749 986 ζώων

192 1018 318 1068 ἔσται
364 1017 559 1085 μόριαο
597 1015 665 1068 τά
716 1016 813 1085 μὲν
863 1014 1068 1085 μείζω,
1099 1014 1169 1067 τά
1206 1013 1262 1066 δὲ
1301 1014 1507 1068 ἐλάττω
1531 1030 1544 1043 ’
1593 1013 1661 1066 τά
1693 1014 1749 1066 δὲ

190 1108 504 1160 παντᾶπασιν
532 1108 613 1168 είς
644 1105 829 1177 ἕτερον
855 1102 992 1169 εἶδος
1019 1105 1237 1177 ἀτμητα
1258 1121 1271 1135 ·
1307 1104 1465 1176 χρεία
1488 1104 1545 1157 δὲ
1570 1102 1748 1156 αὐτῶν

191 1200 410 1252 ἁπάντων
448 1198 567 1250 ἐστὶ
597 1201 662 1269 τῇ
696 1198 864 1269 ψυχῇ,
906 1198 979 1251 Τὸ
1020 1198 1127 1268 γάρ
1159 1197 1317 1267 σῶμα
1346 1195 1551 1266 ταύτης
1579 1196 1749 1265 ὄργα-

187 1311 274 1345 νον.
311 1293 412 1344 Καὶ
448 1290 535 1342 διὰ
564 1290 722 1343 τοῦτο
742 1292 877 1344 πολὺ
898 1290 1203 1360 διενήνοχεν
1222 1289 1465 1359 ἀλλήλων
1484 1289 1554 1341 τὰ
1586 1288 1747 1359 μόρια

186 1382 271 1433 τῶν
304 1379 471 1443 ζώων,
512 1381 598 1431 ὅτι
630 1381 722 1433 καὶ
750 1382 805 1432 αἱ
834 1379 1023 1450 ψυχαί.
1056 1398 1073 1431 t
1113 1379 1281 1433 Πάλιν
1322 1378 1375 1430 δὲ
1423 1378 1747 1448 προκόπτων

183 1475 230 1525 ἐν
342 1469 485 1539 αὐτῷ
518 1470 732 1538 βιϐλίῳ,
758 1470 1114 1542 προστίθησιν
1150 1471 1242 1523 ἐπὶ
1270 1468 1362 1523 τοῦ
1393 1469 1625 1536 πιθήκου
1657 1469 1749 1522 καὶ

181 1564 330 1617 τοῦτον
360 1584 378 1615 ‹
410 1566 519 1617 Καὶ
562 1564 663 1634 μὴ,
690 1557 735 1615 ὦ
772 1560 1046 1630 σοφώτατε
1079 1562 1349 1631 κατήγορε
1374 1560 1595 1630 (λέξειεν
1621 1560 1686 1615 ἂν
1713 1561 1745 1630 ἡ

182 1658 317 1724 φύσις
345 1655 479 1727 πρὸς
512 1657 575 1708 σὲ
607 1654 877 1723 γελοίως),
902 1654 1001 1724 τὴν
1024 1652 1201 1723 ψυχὴν
1229 1653 1336 1705 τῶν
1364 1651 1515 1715 ζώων
1535 1651 1747 1705 τελείαν

181 1750 317 1819 ἐχρῆν
348 1748 568 1818 δοθῆναι
612 1746 748 1817 πρὸς
775 1746 874 1816 τὴν
904 1744 997 1798 τοῦ
1040 1744 1288 1815 σώματος
1322 1744 1683 1815 κατασκευήν.
1722 1762 1741 1793 ι

182 1840 337 1906 θότως
372 1835 477 1893 εἶδε
507 1842 627 1903 τοῖς
648 1839 926 1909 διαφόροις
968 1838 1087 1891 κατ’
1117 1835 1255 1900 εἶδος
1288 1836 1534 1907 σώμασιν
1559 1836 1746 1904 διαφό-

1853 655 2027 712 stant,
2090 646 2345 701 similiter
2394 648 2536 718 apud
2583 664 2775 705 omnes
2821 665 2880 704 se
2931 651 3170 705 habent:
3203 660 3258 703 at
3302 662 3433 704 vero

1852 739 2105 794 actiones
2140 754 2262 809 quae
2306 742 2521 795 ratione
2556 742 2713 807 fiunt,
2766 741 2886 797 aliae
2922 743 3063 812 apud
3098 742 3237 797 alios
3263 749 3428 807 sunt;

1853 846 1963 885 non
2004 846 2067 885 ex
2112 833 2447 886 necessitate
2495 832 2697 886 etrdem
2755 833 2899 901 apud
2939 848 3150 888 omnes.
3176 831 3335 898 Quod
3381 831 3431 887 si

1849 920 2085 975 dixerint
2131 920 2367 975 animam
2422 937 2521 991 pro
2569 922 2846 992 supplicio
2892 933 3246 993 peccatorum
3304 929 3433 977 ante

1850 1012 2279 1066 commissorum
2330 1013 2383 1065 in
2428 1014 2663 1066 humana
2717 1015 2848 1079 vita,
2898 1014 2965 1069 ad
3012 1012 3281 1083 ejusmodi
3318 1027 3434 1068 cor-

1854 1118 1991 1173 pora
2036 1105 2275 1174 ablegari
2301 1121 2315 1156 :
2346 1120 2410 1159 ex
2435 1093 2863 1175 'posterioribus
2903 1106 3433 1161 demonstrationem

1853 1193 2083 1247 faciunt.
2128 1196 2241 1248 Cur
2279 1196 2423 1249 enim
2452 1196 2649 1250 anima:
2678 1197 2973 1252 rationales
3009 1197 3065 1251 in
3097 1213 3161 1251 ea
3202 1211 3433 1267 corpora

1850 1285 2067 1353 injectre
2101 1286 2355 1351 fuissent,
2386 1302 2509 1357 quae
2542 1288 2696 1357 prius
2726 1289 3014 1345 brutorum
3047 1288 3297 1344 fuerant?
3323 1305 3431 1344 non

1850 1375 1997 1429 enim
2052 1383 2200 1430 certe
2238 1391 2338 1445 pro
2389 1376 2628 1445 peccatis
2676 1375 2738 1429 in
2796 1378 3124 1447 corporibus
3173 1378 3431 1435 humanis

1853 1469 2189 1533 commissis,
2229 1469 2552 1539 priusquam
2597 1469 2654 1524 in
2686 1484 2887 1541 corpus
2916 1472 3215 1525 humanum
3248 1472 3431 1527 venis-

1852 1567 2002 1615 sent.
2057 1556 2290 1614 Videtur
2340 1568 2521 1615 autem
2581 1560 2749 1615 etiam
2802 1560 3043 1617 Galenus
3090 1561 3429 1617 admirabilis

1849 1650 2115 1714 medicus,
2178 1651 2303 1704 huic
2339 1652 2584 1722 οι)ίηίοηί
2632 1651 2816 1707 favere
2854 1670 2869 1707 ε
2917 1655 3233 1725 quippequi
3269 1654 3429 1723 juxta

1849 1758 2296 1813 unamquamque
2344 1744 2644 1799 animantis
2694 1746 2931 1815 speciem
2975 1747 3173 1802 anima:
3207 1761 3428 1816 quoque

1848 1836 2119 1890 diversam
2152 1837 2388 1906 speciem
2418 1852 2541 1893 esse
2573 1836 2888 1904 existimat;
2926 1853 3052 1892 nam
3100 1838 3286 1895 statim
3320 1838 3426 1892 ini-

183 1950 282 2002 ρους
312 1932 539 1994 ἐνούσας
561 1931 764 2001 ψυχάς.
807 1930 915 1982 Καὶ
952 1928 1125 1982 ταῦτα
1156 1928 1254 1998 μὲν
1284 1929 1412 1999 περ)⁸
1436 1927 1667 1980 τούτων·
1694 1928 1742 1979 εἰ

1849 1928 1921 1981 tio
1948 1928 2070 1982 libri
2102 1928 2258 1998 primi
2286 1928 2364 1981 De
2385 1946 2481 1984 usu
2504 1931 2760 1999 partium,
2786 1931 2861 1984 ita
2885 1930 3114 1986 scribit:
3145 1949 3163 1981 ι
3191 1932 3257 1985 Et
3279 1930 3324 1984 si
3349 1930 3426 1994 id,

178 2026 223 2078 δὲ
253 2025 340 2095 τὴν
374 2024 555 2093 ψυχὴν
596 2022 959 2091 ἀπεδείξαμεν
981 2061 995 2081 ,
1030 2021 1167 2090 μήτε
1198 2019 1357 2090 σῶμα
1386 2015 1571 2080 οὖσαν,
1606 2019 1742 2089 μήτε

180 2115 415 2185 ἁρμονίαν
436 2155 449 2178 ,
487 2115 635 2184 μήτε
666 2114 863 2184 κρᾶσιν
882 2153 896 2176 ,
937 2112 1071 2181 μήτε
1104 2110 1269 2182 ἀλλην
1300 2109 1421 2162 τινὰ
1462 2109 1741 2180 ποιότητα,

176 2206 305 2276 δῆλον
347 2207 407 2257 ὲκ
449 2204 684 2265 τούτων,
724 2202 800 2265 ὡς
845 2200 1001 2254 οὐσία
1044 2201 1128 2263 τίς
1186 2202 1332 2253 ἐστιν
1379 2198 1667 2270 ἀσώματος
1704 2201 1737 2269 ή

178 2301 298 2368 ψυχή
324 2314 336 2326 ’
371 2299 452 2350 δτι
496 2296 605 2366 μὲν
638 2294 745 2365 γάρ
778 2294 959 2356 ἐστιν,
998 2292 1337 2362 ὁμολογεῖται
1367 2292 1562 2344 πᾶσιν·
1598 2291 1647 2343 εί
1682 2289 1740 2343 δὲ

178 2392 289 2459 μήτε
320 2388 496 2459 σῶμα,
526 2388 674 2459 μήτε
707 2384 1071 2455 συμϐεϐηκὸς,
1103 2384 1264 2455 δῆλόν
1293 2386 1457 2450 ἐστιν,
1487 2386 1568 2438 ὅτι
1601 2382 1744 2437 ἀσώ-

178 2482 317 2551 ματός
351 2482 500 2531 ἐστιν
529 2476 713 2542 οὐσία,
745 2477 838 2529 καὶ
861 2476 1013 2529 οὐδὲν
1042 2475 1147 2527 τῶν
1171 2476 1404 2545 ἐχόντων
1433 2478 1490 2529 ὲν
1518 2477 1661 2547 ἄλλῳ
1684 2476 1743 2530 τὸ

1850 2020 2033 2075 multa:
2074 2020 2392 2075 animalium
2430 2033 2612 2091 partes
2650 2030 2833 2086 erunt,
2862 2022 2981 2077 alia:
3009 2021 3268 2092 majores.
3305 2021 3428 2076 aliat

1852 2113 2094 2168 minores
2128 2132 2142 2168 :
2181 2114 2427 2183 quatdam
2480 2116 2706 2169 omnino
2752 2115 2818 2169 ad
2867 2115 3029 2168 aliam
3062 2114 3427 2183 speciem.in~

1847 2203 2102 2259 dividuat.
2148 2204 2291 2261 Usus
2328 2214 2510 2260 autem
2541 2208 2783 2277 ipsarum
2814 2206 3059 2259 omnium
3084 2205 3268 2259 anima
3297 2212 3382 2260 est
3409 2223 3425 2259 :
3518 2244 3521 2247 -

1846 2296 2118 2367 siquidem
2174 2310 2375 2366 corpus
2439 2298 2865 2353 instrumentum
2895 2297 3016 2367 eius
3045 2306 3162 2363 est;
3198 2312 3428 2367 eamque

1844 2388 1915 2444 ob
1960 2403 2073 2444 rem
2112 2390 2345 2444 multum
2396 2407 2426 2445 a
2486 2408 2551 2448 se
2598 2392 2831 2448 invicem
2884 2400 3068 2462 partes
3108 2390 3426 2445 animalium

1842 2478 2135 2545 dili‘erunt;
2174 2481 2395 2550 quando
2424 2482 2621 2537 animae
2651 2481 2817 2537 etiam
2847 2481 3184 2551 discrepant.
3232 2499 3248 2531 ι
3282 2479 3427 2533 Rur-

179 2569 293 2625 εῐναι
315 2587 327 2600 ·
360 2570 538 2623 ταῦτα
575 2570 687 2639 γὰρ
730 2567 939 2635 γίνεται
969 2567 1061 2620 καὶ
1089 2567 1405 2636 ἀπογίνεται
1447 2568 1615 2639 χωρὶς
1645 2568 1744 2639 τῆς

1849 2585 1941 2626 sus
1980 2572 2206 2627 ulterius
2236 2588 2566 2643 progressus
2610 2575 2664 2629 in
2711 2573 2902 2629 eodem
2943 2572 3083 2627 libro
3113 2572 3217 2626 hoc
3253 2571 3425 2627 etiam

174 2664 248 2718 τοῦ
272 2662 632 2732 ὑποκειμένου
664 2659 891 2730 φθορᾶς.
924 2660 1036 2729 Τῆς
1060 2659 1116 2713 δὲ
1142 2659 1319 2731 ψυχῆς
1351 2662 1744 2731 χωριζομένης,

1849 2661 2094 2732 adiungit
2117 2677 2282 2732 super
2310 2664 2467 2718 simia
2501 2682 2516 2718 :
2552 2683 2570 2715 ‹
2605 2662 2670 2716 Ει
2701 2662 2925 2717 minime
2951 2660 3217 2732 oportuit,
3240 2676 3273 2714 ο
3297 2675 3430 2729 pru-

174 2758 222 2809 τὸ
242 2757 385 2825 σῶμα
414 2754 643 2814 πάντως
678 2750 980 2821 φθείρεται.

1849 2753 2170 2810 dentissime
2196 2764 2484 2811 accusator
2514 2756 2746 2823 (diceret
2772 2763 2969 2809 natura
2996 2762 3048 2809 te
3071 2754 3262 2824 jocose
3290 2753 3424 2807 allo-

171 2845 619 2917 quens),animam
678 2841 1038 2895 animantium
1072 2840 1373 2912 perfectam
1428 2840 1610 2894 datam
1646 2856 1769 2898 esse
1803 2843 1870 2897 ad
1930 2846 2182 2915 corporis
2240 2846 2674 2901 fabricationem.
2706 2866 2725 2897 ι
2772 2844 2864 2900 Sic
2910 2844 3003 2899 ille
3046 2843 3429 2899 diﬂ‘erentibus

173 2944 327 3013 specie
370 2938 707 3010 corporibus
757 2936 1075 2992 differentes
1127 2938 1308 2993 inesse
1356 2936 1567 2991 animas
1628 2940 1906 3009 cognovit.
1963 2940 2142 3010 Atque
2184 2942 2299 2997 haec
2349 2943 2567 3012 quidem
2609 2943 2877 2997 hactenus
2918 2940 2987 2996 iis
3030 2939 3099 2995 de
3135 2938 3323 2994 rebus.
3368 2939 3426 2993 Si

170 3039 311 3109 igitur
342 3038 587 3092 animam
629 3046 806 3103 neque
841 3047 1041 3103 corpus
1084 3050 1228 3096 esse,
1298 3048 1476 3102 neque
1538 3043 1891 3102 concentum,
1944 3052 2122 3108 neque
2172 3038 2509 3103 mistionem,
2577 3054 2755 3108 neque
2822 3038 2989 3091 ullam
3023 3036 3185 3089 aliam
3247 3034 3427 3105 quali-

171 3144 311 3191 tatem
350 3139 736 3208 probavimus,
768 3143 918 3208 patet
952 3149 1018 3189 ex
1051 3132 1118 3186 iis
1148 3130 1389 3183 animam
1419 3129 1784 3185 substantiam
1815 3146 1939 3189 esse
1963 3135 2214 3204 corporis
2238 3142 2519 3205 expertem
2552 3153 2565 3188 :
2599 3149 2724 3188 nam
2772 3134 2825 3187 in
2865 3130 3120 3187 confesso
3157 3136 3244 3182 est
3261 3128 3435 3181 omni-

169 3228 256 3284 bus
297 3246 411 3285 eam
459 3231 738 3287 exsistere
780 3248 793 3283 :
841 3241 1009 3292 artare
1051 3225 1097 3279 si
1147 3237 1325 3292 neque
1378 3235 1601 3290 corpus,
1659 3238 1838 3293 neque
1886 3226 2144 3282 accidens
2184 3233 2305 3291 est,
2348 3227 2700 3282 manifestum
2743 3234 2829 3283 est
2876 3226 3258 3294 incorpoream
3298 3238 3425 3278 esse

170 3324 533 3390 substantiam,
577 3331 633 3377 et
664 3321 800 3375 nihil
830 3333 1019 3375 eorum
1063 3330 1184 3385 qua:
1212 3314 1265 3368 in
1295 3313 1402 3366 alio
1431 3328 1554 3368 esse
1590 3313 1825 3384 habent;
1860 3316 1976 3373 haec
2013 3318 2159 3373 enim
2189 3318 2412 3387 adsunt,
2440 3329 2493 3375 et
2528 3321 2729 3375 absunt
2762 3322 2880 3375 sine
2905 3316 3136 3387 subjecti
3162 3316 3423 3385 pernicie.

172 3414 260 3468 Sed
288 3416 464 3469 anima
493 3424 752 3484 separata
779 3414 918 3482 perit
950 3409 1174 3465 omnino
1204 3421 1426 3475 corpus.

228 3508 341 3571 Τοῖς
376 3510 567 3571 αὐτοῖς
621 3508 677 3560 δὲ
718 3505 1063 3576 χρησάμενον
1114 3500 1259 3553 ἐστιν
1313 3496 1591 3563 ἀποδεῖξαι
1641 3495 1813 3565 τῆνα

171 3597 322 3669 ψυχὴν
367 3600 646 3653 ἀθάνατον
692 3593 879 3651 οὖσαν.
927 3594 991 3648 El
1035 3592 1143 3663 γὰρ
1190 3591 1327 3661 μήτε
1377 3588 1538 3658 σῶμά
1569 3588 1735 3650 ἐστιν,

171 3690 286 3761 ὅπερ
347 3690 509 3760 φύσει
571 3687 821 3743 διαλυτὸν
878 3684 1089 3755 ἐδείχθη
1138 3683 1231 3736 καὶ
1278 3680 1549 3752 φθαρτὸν,
1603 3681 1739 3748 μήτε

175 3784 404 3855 ποιότης,
440 3786 584 3855 μήτε
632 3782 889 3851 ποσότης,
936 3779 1071 3849 μήτε
1114 3776 1238 3831 ἄλλο
1280 3792 1332 3827 τι
1370 3775 1476 3826 τῶν
1526 3772 1739 3843 φθειρο-

177 3877 349 3944 μένων,
376 3876 627 3945 δηλονότι
660 3872 928 3935 ἀθάνατός
969 3874 1105 3924 ὲστι.
1140 3868 1338 3921 Πολλαὶ
1373 3866 1470 3937 μὲν
1499 3861 1591 3918 οὖν
1635 3866 1740 3916 είσι

174 3969 253 4037 τῆς
284 3970 584 4030 ἀθανασίας
611 3966 784 4036 αὐτῆς
812 3962 1128 4027 ’ἀποδείξεις
1150 4004 1164 4028 ,
1201 3961 1353 4032 παρά
1388 3978 1444 4013 τε
1495 3958 1740 4013 Πλάτωνι

176 4056 253 4106 καὶ
293 4059 399 4119 τοῖς
438 4056 627 4118 ἄλλοις
650 4071 665 4087 ⁶
708 4054 823 4107 ἀλλ’
876 4053 1079 4105 ἐκεῖναι
1131 4051 1229 4121 μὲν
1256 4051 1615 4120 Δπερισκελεῖς
1648 4050 1741 4101 καὶ

174 4146 579 4217 δνσκατανόητοι
602 4186 618 4210 ,
654 4147 750 4200 καὶ
786 4145 937 4215 μόλις
968 4147 1080 4207 τοῖς
1112 4141 1564 4214 ὲντεθραμμένοις
1596 4139 1737 4192 ὲκεί-

175 4256 276 4300 ναις
300 4242 413 4302 ταῖς
446 4240 781 4308 ἐπιστήμαις
818 4239 1082 4309 γνώριμοι
1102 4254 1115 4268 ο
1147 4238 1281 4307 ἡμῖν
1326 4236 1382 4287 δὲ
1415 4236 1575 4304 ἀρκεῖ
1606 4232 1741 4304 πρὸς

175 4330 423 4395 ἀπόδειξιν
456 4331 562 4400 τῆς
593 4329 893 4393 ἀθανασίας
924 4330 1117 4399 αὐτῆς,
1154 4332 1187 4399 ή
1223 4327 1331 4381 τῶν
1361 4327 1517 4380 θείων
1549 4325 1741 4394 λογίων

174 4424 490 4489 διδασκαλία,
541 4424 604 4476 τὸ
650 4422 839 4477 πιστὸν
890 4423 976 4491 ἐφ’
1026 4421 1225 4491 ἑαυτῆς
1279 4419 1497 4489 ἔχουσα,
1548 4417 1636 4470 διὰ
1680 4416 1742 4470 τὸ

176 4512 509 4577 θεόπνευστος
542 4509 703 4567 εἶναι.
742 4512 885 4583 Πρὸς
921 4512 977 4565 δὲ
1008 4514 1133 4575 τοὺς
1171 4510 1246 4581 μὴ
1277 4507 1742 4580 καταδεχομένους

176 4607 233 4660 τὰ
261 4608 361 4661 τῶν
403 4607 747 4678 Χριστιανῶν
793 4606 1058 4677 δόγματα,
1098 4607 1258 4676 ἀρκεῖ
1302 4603 1363 4656 τὸ
1409 4602 1572 4674 μηδὲν
1603 4597 1742 4654 εἶναι

175 4700 259 4771 τὴν
282 4701 456 4771 ψυχὴν
487 4700 599 4753 τῶν
626 4698 996 4769 φθειρομένων
1020 4696 1316 4761 ἀποδεῖξαι.
1346 4696 1407 4747 Et
1438 4693 1547 4763 γὰρ
1577 4691 1743 4763 μηδέν

178 4793 275 4844 ἐστι
308 4794 415 4845 τῶν
452 4792 852 4863 φθειρομένων,
902 4790 1017 4843 ἔστι
1053 4790 1109 4843 δὲ
1152 4789 1446 4858 ἄφθαρτος,
1495 4787 1610 4840 ἔστι
1650 4784 1743 4839 καὶ

179 4880 459 4946 ἀθάνατος·
503 4881 646 4933 ὥστε
696 4880 853 4933 τοῦτο
895 4881 992 4949 μὲν
1037 4878 1349 4950 ἀρκούντως
1400 4877 1520 4948 ἔχον
1568 4894 1743 4948 παρα-

177 4972 420 5028 λειπτέον.
438 4973 710 5044 Ζητητέον
729 4971 785 5024 δὲ
808 4972 924 5033 πῶς
946 4971 1123 5041 ψυχῆς
1151 4969 1245 5024 καί⁵
1268 4970 1515 5041 σώματος
1535 4968 1741 5040 ἀψύχου

178 5064 364 5129 γίνεται
412 5065 607 5128 ἓνωσις
631 5080 645 5094 ο
693 5062 897 5135 ἄπορον
942 5063 1050 5133 γάρ
1085 5062 1144 5116 τὸ
1175 5064 1408 5133 πρᾶγμα
1432 5078 1447 5094 ’
1482 5064 1529 5115 εί
1565 5061 1621 5114 δὲ
1666 5059 1742 5132 μὴ

181 5157 319 5223 μόνον
346 5160 408 5210 ὲκ
440 5157 669 5217 τούτων,
697 5156 833 5208 ἀλλά
862 5157 957 5209 καὶ
987 5155 1081 5209 τοῦ
1115 5154 1207 5208 νοῦ
1242 5154 1567 5224 συνέστηκεν
1595 5154 1623 5204 ό
1652 5153 1742 5207 ἄν·

180 5246 408 5317 θρωπος,
467 5250 544 5313 ὡς
597 5243 751 5302 εἶπόν
794 5265 966 5312 τινες,
1018 5245 1096 5299 ἔτι
1154 5246 1313 5299 πλέον
1369 5245 1735 5315 ἀπορώτερον.

181 5340 345 5395 Πάντα
390 5342 496 5415 γάρ
530 5340 599 5394 τὰ
648 5340 895 5393 συνιόντα
936 5341 1014 5402 εἰς
1057 5340 1185 5409 μιᾶς
1227 5340 1412 5400 οὐσίας
1446 5337 1741 5390 ὑπόστασιν

183 5433 382 5498 πάντως
418 5432 633 5487 ἑνοῦται
655 5449 669 5462 ’
702 5432 877 5485 πάντα
913 5430 969 5484 δὲ
1005 5432 1073 5485 τὰ
1118 5430 1381 5500 ένούμενα
1415 5428 1739 5491 ἀλλοιοῦται,

182 5523 260 5575 καὶ
289 5524 347 5575 οὑ
382 5525 531 5594 μένει
571 5522 607 5576 ἃ.
639 5521 902 5593 πρότερον
933 5515 1033 5591 ἧν,
1078 5520 1154 5583 ὡς
1201 5519 1295 5572 ἐπὶ
1324 5519 1433 5571 τῶν
1466 5518 1743 5589 στοιχείων

178 5613 518 5685 δειχθήσεταιο
553 5613 821 5668 ἑνωθέντα
860 5611 967 5683 γὰρ
998 5611 1125 5667 ἄλλο
1158 5630 1210 5664 τι
1240 5611 1452 5680 γέγονε.
1483 5611 1605 5675 Πῶς
1630 5606 1744 5677 οὖν,

181 5706 222 5755 εί
254 5706 311 5758 τὸ
342 5706 494 5775 σῶμα
540 5704 822 5775 ἡνωμένον
865 5706 932 5776 τῇ
966 5703 1110 5775 ψυχῇ
1159 5704 1238 5757 ἔτι
1283 5704 1433 5774 μένει
1478 5704 1668 5773 σῶμα,
1708 5703 1741 5775 ἢ

185 5797 327 5849 πάλιν
349 5800 380 5867 ἠ
403 5797 546 5870 ψυχὴ
582 5795 872 5867 ἀσώματος
902 5790 1037 5849 οὖσα
1064 5802 1157 5848 καὶ
1184 5794 1447 5864 οὐσιώδης
1475 5793 1596 5846 καθ’
1619 5795 1745 5845 ιὲαυ⁴

185 5884 288 5956 ’ἦν’
334 5891 443 5952 πῶς
486 5889 707 5945 ἑνδῦταί
757 5888 1002 5957 σώματι»
1052 5887 1146 5940 καὶ
1194 5888 1352 5959 μέρος
1398 5887 1603 5955 γίνεται
1649 5885 1740 5938 τοῦ

1915 3495 2110 3551 Iisdem
2141 3512 2271 3550 vero
2309 3495 2613 3550 rationibus
2653 3494 2856 3549 utendo
2882 3496 3266 3552 demonstrare
3298 3497 3427 3552 licet

1843 3589 2079 3642 animam
2105 3589 2466 3642 immortalem
2494 3603 2636 3643 esse.
2656 3586 2789 3641 Nam
2820 3588 2867 3642 si
2888 3603 3066 3658 neque
3090 3604 3292 3659 corpus
3315 3598 3421 3654 est,

1842 3680 1986 3751 quod
2000 3680 2214 3750 quidem
2231 3691 2420 3734 natura
2442 3680 2782 3748 dissolubile,
2800 3689 2853 3735 et
2873 3682 3139 3736 caducum
3159 3697 3283 3738 esse
3306 3697 3426 3752 pro-

1842 3773 2026 3828 batum
2052 3781 2171 3837 est;
2201 3788 2376 3842 neque
2402 3773 2660 3842 qualitas,
2701 3790 2877 3844 neque
2908 3775 3211 3845 quantitas,
3246 3790 3424 3845 neque

1844 3865 1992 3919 aliud
2020 3865 2299 3935 quidpiam
2334 3879 2527 3920 eorum
2568 3880 2690 3934 qua:
2724 3865 2939 3935 fragilia
2964 3874 3018 3919 et
3048 3865 3427 3935 corruptibilia

1844 3963 1994 4018 sunt,
2040 3954 2293 4008 videlicet
2334 3955 2661 4010 immortalis
2710 3964 2815 4021 est,
2852 3972 2917 4010 ac
2965 3958 3147 4011 multa:
3180 3958 3424 4027 profecto

1844 4058 1974 4102 sunt
2013 4046 2443 4100 immortalitatis
2498 4046 2675 4115 ipsius
2730 4045 3231 4104 demonstrationes
3280 4048 3427 4117 apud

1843 4138 2124 4193 Platonem
2155 4148 2209 4193 et
2238 4139 2413 4201 alios;
2445 4138 2539 4193 scd
2578 4138 2683 4192 illae
2708 4154 2865 4208 tequo
2900 4140 3199 4209 longiores,
3228 4149 3281 4194 et
3311 4155 3429 4209 per-

1844 4237 2004 4298 ceptu
2052 4228 2301 4284 difﬁciles
2337 4238 2507 4283 sunt:
2545 4237 2600 4283 et
2630 4231 2717 4283 vix
2768 4230 2834 4285 iis
2864 4232 2957 4300 qui
2984 4232 3198 4286 educati
3232 4239 3360 4287 sunt
3397 4248 3427 4285 a

1843 4322 2050 4378 teneris
2090 4321 2144 4375 in
2174 4320 2421 4376 scientiis
2456 4321 2793 4389 huiusmodi,
2839 4325 3073 4393 cognita
3112 4334 3159 4378 et
3204 4339 3429 4393 perspe-

1844 4423 1982 4480 clae;
2024 4414 2185 4468 nobis
2211 4429 2340 4468 vero
2376 4413 2449 4494 ad
2482 4412 3008 4469 demonstrationem
3042 4414 3427 4470 immortalita-

1846 4506 1915 4562 tis
1938 4506 2110 4577 ipsius
2138 4506 2271 4561 satis
2302 4521 2578 4576 superque
2620 4516 2703 4562 cst
2729 4507 3043 4563 divinorum
3068 4509 3429 4563 oraculorum

1844 4599 2114 4661 doctrina.
2152 4600 2348 4669 quaein
2385 4616 2444 4654 se
2479 4600 2603 4654 lidei
2646 4600 2909 4656 facienda:
2938 4602 3045 4656 vim
3084 4601 3270 4665 habet,
3304 4600 3429 4656 ideo

1844 4690 1989 4761 quod
2024 4706 2052 4744 a
2082 4690 2192 4745 Deo
2224 4691 2491 4761 inSpirata
2526 4700 2629 4745 est.
2676 4692 2749 4747 lis
2788 4708 2917 4745 vero
2948 4693 3041 4762 qui
3084 4708 3195 4746 non
3232 4692 3429 4746 admit-

1848 4788 1969 4834 tunt
2019 4780 2460 4835 Christianorum
2509 4780 2754 4843 decreta,
2808 4780 3007 4837 suflicit
3048 4781 3433 4836 demonstrare

1849 4872 2089 4924 animam
2145 4870 2280 4924 nihil
2333 4886 2456 4925 esse
2502 4886 2691 4926 eorum
2745 4889 2867 4941 qua!
2913 4881 3159 4942 pereunt.
3206 4870 3339 4924 Nam
3380 4870 3429 4925 si

1846 4964 1985 5018 nihil
2012 4974 2095 5019 est
2124 4979 2306 5018 rerum
2353 4964 2721 5033 pereuntium,
2757 4974 2842 5019 cst
2879 4964 3041 5019 etiam
3087 4965 3426 5031 incorrupta.

1846 5057 2145 5125 eademque
2189 5055 2536 5109 immortalis.
2568 5054 2935 5121 Quamobrem
2978 5055 3082 5109 hoc
3115 5053 3259 5123 quod
3296 5050 3432 5105 satis

1847 5150 2276 5203 demonstratum
2341 5156 2461 5209 est,
2525 5146 3003 5216 prtetereundtmt;
3072 5142 3430 5215 qmerendum

1849 5248 2028 5293 autem
2058 5249 2143 5293 est
2182 5254 2287 5308 qua
2320 5238 2537 5292 ratione
2573 5238 2790 5303 animm,
2821 5248 2873 5293 et
2904 5238 3156 5307 corporis
3202 5232 3433 5289 inanimi

1850 5338 1997 5383 arcta
2035 5328 2087 5381 in
2119 5342 2286 5380 unum
2333 5328 2658 5398 conjunctio
2691 5328 2811 5391 fiat;
2848 5337 3204 5382 controversa
3236 5324 3435 5393 quippe

1852 5438 1938 5478 res
1968 5428 2071 5477 est.
2106 5420 2261 5486 Quod
2310 5420 2355 5474 si
2400 5436 2510 5474 non
2547 5427 2758 5473 tantum
2800 5436 2864 5473 ex
2913 5418 3003 5481 iis,
3041 5416 3135 5485 sed
3170 5417 3334 5472 etiam
3366 5430 3435 5470 ex

1853 5520 2037 5566 mente
2065 5518 2284 5566 constat
2326 5510 2516 5575 homo,
2564 5520 2622 5564 ut
2652 5510 2874 5579 quidam
2911 5510 3191 5573 dixerunt,
3253 5508 3437 5563 adhuc

1852 5604 2136 5659 incertius.
2207 5603 2312 5658 Sed
2363 5604 2507 5657 enim
2562 5605 2746 5656 omnia
2795 5618 2916 5672 qua:
2965 5601 3299 5656 comenth
3364 5597 3435 5655 ad

1850 5700 2014 5753 unius
2060 5696 2313 5752 essentia:
2367 5695 2805 5761 subsistemiam,
2852 5711 3080 5765 prorsus
3126 5694 3428 5748 uniuntur:

1850 5790 1997 5861 atqui
2043 5787 2225 5841 omnia
2258 5787 2412 5842 unita
2458 5788 2767 5850 variantur,
2817 5804 2919 5843 nec
2968 5790 3021 5843 in
3056 5788 3245 5843 eodem
3283 5792 3433 5840 statu

1850 5890 2091 5949 manent,
2122 5881 2177 5938 in
2209 5895 2316 5950 quo
2350 5882 2503 5951 prius
2537 5890 2711 5948 erant,
2750 5890 2809 5937 ut
2842 5883 2896 5938 in
2928 5882 3215 5939 clementis
3247 5885 3432 5933 osten-
