3920 6458
454 429 566 483 215

1660 421 1716 475 S.
1759 414 2083 473 GREGORII
2122 413 2414 470 NYSSENi

3603 402 3708 459 216

457 549 637 601 detur.
680 541 921 609 Namque
962 539 1109 593 unita
1143 539 1290 593 aliud
1323 538 1599 608 quidpiam
1664 534 1856 591 effecta
1896 541 2043 589 sunt.

2168 530 2313 594 ζώου,
2376 530 2617 595 σώζουσα
2682 529 2781 599 τὴν
2836 529 2975 582 ίδίαν
3036 527 3218 579 οὐσίαν
3268 524 3566 594 ἁσύγχυτον
3617 518 3709 578 καὶ

456 637 564 704 Qui
611 634 775 705 igitur
816 632 869 701 si
920 642 1123 700 corpus
1188 630 1399 684 unitu'm
1443 629 1639 683 anima:
1694 625 1872 681 adbuc
1923 638 2039 678 ma-

459 737 554 782 net
620 739 862 794 corpus,
937 729 1030 777 aut
1088 736 1283 777 rursus
1364 722 1546 774 anima
1627 734 1749 773 cum
1819 718 1893 773 sit
1956 717 2041 769 in-

462 830 730 888 corporea
776 822 833 869 et
894 815 1207 870 essentialis
1270 828 1367 883 per
1408 828 1510 878 se,
1584 810 1859 878 quomodo
1918 808 2040 861 uui-

460 919 558 964 tur
620 907 880 977 corpori,
949 914 1004 960 et
1083 920 1209 975 pars
1271 904 1489 959 exsistit
1572 902 1859 963 animalis,
1912 914 2037 970 pro-

462 1001 638 1073 priam
689 998 1294 1054 animalis~essentiam
1350 1009 1688 1050 conservans
1741 1008 1849 1047 non
1910 1005 2041 1044 con-

463 1094 689 1155 fusam,
747 1106 924 1161 neque
990 1088 1350 1158 corruptam?
1427 1084 1661 1141 Necesse
1729 1082 1874 1138 enim
1956 1087 2043 1135 est

469 1191 566 1238 aut
623 1183 773 1238 unita
818 1197 943 1238 esse
986 1180 1224 1234 animam
1275 1186 1328 1233 et
1374 1192 1609 1247 corpus,
1662 1182 1717 1228 et
1759 1187 1865 1226 una
1920 1185 2043 1223 mu-

469 1287 582 1331 tata
634 1290 757 1331 esse
799 1279 854 1330 et
905 1274 1065 1328 simul
1110 1280 1390 1341 corrupta,
1448 1279 1509 1323 ut
1562 1268 1830 1323 elementa
1885 1283 1899 1318 :
1947 1272 2042 1316 aut

468 1369 683 1423 unitum
715 1382 821 1421 non
844 1379 968 1420 esse
992 1373 1306 1433 utrumque,
1331 1362 1405 1417 ob
1424 1359 1711 1431 prtedictas
1741 1354 2044 1411 absurdita-

468 1473 585 1523 tes,
631 1458 882 1525 adjacere
924 1470 1057 1510 vero
1106 1464 1366 1523 tanquam
1421 1453 1707 1506 saltatores
1756 1448 1811 1501 in
1850 1447 2041 1509 choro,

467 1560 563 1606 aut
618 1549 891 1607 calculum
947 1546 1179 1608 calculo,
1227 1556 1319 1599 aut
1374 1543 1593 1596 mistum
1639 1548 1693 1596 et
1745 1537 2039 1595 confusum

467 1654 612 1705 esse,
656 1637 821 1693 Veluti
854 1650 995 1706 aqua
1023 1645 1078 1690 et
1124 1636 1333 1687 vinum.
1385 1630 1491 1686 Sed
1536 1629 1680 1699 quod
1717 1628 1895 1681 anima
1944 1641 2044 1681 ne-

468 1738 634 1802 queat
662 1728 916 1799 adjacere
971 1726 1208 1796 corpori,
1254 1724 1308 1779 in
1344 1730 1579 1777 tractatu
1616 1720 1692 1773 De
1732 1720 1913 1772 anima
1954 1717 2045 1770 de-

469 1830 835 1879 monstratum
889 1828 1018 1874 est:
1069 1827 1214 1873 esset
1262 1815 1407 1870 enim
1456 1814 1572 1867 sola
1627 1827 1751 1881 pars
1798 1807 2047 1878 corporis

2146 624 2467 695 ἀδιάφθορον
2494 640 2507 689 ;
2542 622 2778 690 Ἀνάγκη
2807 620 2914 690 γὰρ
2943 620 2976 689 ἦ
3010 617 3247 690 ἡνῶσθαι
3279 618 3377 689 τὴν
3417 615 3591 687 ψυχὴν
3619 616 3713 670 καὶ

2145 720 2205 773 τὸ
2244 718 2422 788 σῶμα,
2453 719 2546 771 καὶ
2579 713 2995 784 συνηλλοιῶσθαι
3024 712 3117 765 καὶ
3150 709 3508 781 συνεφθάρθαι
3542 708 3715 779 ἀμφό-

2146 828 2300 881 τερα,
2343 811 2418 871 ὡς
2456 809 2526 863 τὰ
2570 809 2835 877 στοιχεῖα·
2872 805 2905 875 ἢ
2945 806 3019 876 μὴ
3058 803 3295 874 ἡνῶσθαι
3349 803 3444 871 μὲν
3490 800 3576 854 διὰ
3617 800 3715 862 τὰς

2147 901 2549 973 προειρημένας
2585 898 2841 962 ἀτοπίας,
2879 894 3243 966 παρακεῖσθαι
3271 894 3327 946 δὲ
3356 893 3431 956 ὡς
3459 892 3716 963 χορευτὰς

2150 993 2207 1044 ὲν
2236 991 2410 1062 χορῷ,
2441 991 2473 1061 ἦ
2504 989 2679 1061 ψῆφον
2715 988 2903 1058 ψήφῳ,
2948 984 2983 1055 ἢ
3014 982 3310 1054 κεκρᾶσθαι
3351 981 3425 1042 ὼς
3456 978 3598 1049 ὕδωρ
3626 979 3721 1031 καὶ

2148 1078 2309 1137 οἶνον.
2353 1081 2492 1135 Ἀλλ’
2524 1083 2608 1135 ὅτι
2638 1080 2733 1151 μὲν
2764 1080 2823 1133 οὐ
2860 1077 3081 1131 δύναται
3112 1070 3472 1143 παρακεῖσθαι
3509 1070 3587 1140 τῷ
3618 1068 3721 1122 σώ-

2151 1192 2281 1245 ματι
2326 1176 2360 1245 ἡ
2393 1172 2557 1244 ψυχὴ,
2593 1173 2650 1226 ὲν
2690 1171 2768 1241 τῷ
2790 1163 3153 1237 Περὶψυχῆς
3179 1163 3571 1218 ἀποδέδεικται.
3612 1156 3721 1213 Ἦν

2148 1269 2258 1339 γὰρ
2296 1266 2362 1320 ἂν
2398 1268 2556 1336 μόνον
2587 1264 2716 1318 αὐτὸ
2760 1260 2852 1315 τοῦ
2896 1258 3142 1330 σώματος
3186 1257 3426 1328 ἔμψυχον
3460 1254 3621 1325 μέρος
3661 1251 3724 1305 τὸ

2150 1355 2447 1427 πλησιάζον
2478 1359 2544 1427 τῇ
2574 1356 2717 1425 ψυχῇ
2743 1373 2754 1385 ·
2783 1354 2843 1407 τὸ
2879 1353 2936 1406 δὲ
2964 1352 3039 1423 μὴ
3083 1350 3423 1421 συνημμένον
3442 1388 3455 1408 .
3498 1348 3720 1416 ἄψυχον,

2150 1450 2287 1520 πρὸς
2318 1447 2395 1518 τῷ
2428 1449 2501 1517 μὴ
2534 1446 2790 1501 δύνασθαι
2824 1445 2881 1498 ἓν
2910 1444 3086 1513 λέγειν
3117 1439 3255 1496 εἶναι
3277 1442 3344 1495 τὰ
3377 1440 3516 1495 κατά
3548 1439 3726 1509 παρά-

2151 1541 2319 1600 θεσιν.
2341 1540 2415 1604 ὡς
2443 1540 2591 1604 ξύλα,
2625 1540 2756 1609 φέρε
2788 1540 2977 1600 εἰπεῖν,
3002 1537 3036 1607 ἢ
3065 1536 3294 1606 σίδηρον,
3326 1536 3433 1605 ἧτι
3462 1529 3723 1585 τοιοῦτον·

2152 1635 2244 1688 καὶ
2285 1636 2318 1704 ἠ
2351 1635 2544 1704 κρᾶσις
2581 1632 2634 1685 δὲ
2664 1630 2757 1685 τοῦ
2785 1632 2925 1684 οἴνου
2958 1628 3053 1681 καὶ
3082 1628 3175 1681 τοῦ
3215 1626 3404 1688 ὓδατος
3442 1624 3729 1694 ἀμφότερα

2154 1722 2567 1794 συνδιαφθείρει.
2594 1720 2727 1775 Οὔτε
2746 1720 2852 1792 γὰρ
2870 1719 3011 1791 ὕδωρ
3036 1718 3151 1770 ἐστὶ
3172 1718 3230 1771 τὸ
3256 1718 3443 1786 κρᾶμα
3465 1712 3727 1783 καθαρὸν,

2152 1815 2273 1870 οὔτε
2302 1813 2460 1879 οἶνος·
2488 1815 2662 1869 καίτοι
2688 1815 2788 1883 τῆς
2837 1812 3091 1881 τοιαύτης
3114 1809 3358 1880 κράσεως
3382 1806 3522 1860 κατά
3552 1804 3732 1875 παρά-

471 1914 712 1967 animata
741 1925 862 1980 qua:
893 1908 1139 1978 proxima
1170 1912 1319 1961 esset
1346 1905 1577 1969 animat;
1628 1916 1748 1971 qua:
1792 1914 1917 1953 vero
1956 1914 2048 1952 co-

2168 1908 2298 1960 lsow
2327 1906 2647 1977 γινομένης,
2696 1882 3064 1959 λανθάνουσαν
3091 1902 3189 1971 τὴν
3224 1900 3472 1969 αἴσθησιν
3493 1938 3508 1959 ,
3552 1895 3640 1949 διὰ
3672 1894 3733 1949 τὸ

470 2002 659 2074 pulata
690 2016 798 2055 non
826 2009 994 2061 esset,
1024 1998 1281 2052 inanimis
1311 2015 1326 2063 ;
1369 2004 1727 2066 praeterquam
1758 1991 1902 2062 quod
1940 2004 2047 2043 non

2168 1999 2479 2068 ιεπτομερὲς
2511 1998 2618 2051 τῶν
2650 1996 3023 2068 κεκραμένων.
3057 1993 3224 2062 Δῆλον
3257 1991 3313 2044 δὲ
3343 1991 3406 2042 ὲκ
3444 1986 3538 2041 τοῦ
3570 1986 3733 2041 πάλιν

473 2094 687 2164 possint
734 2106 901 2147 unum
936 2090 1044 2146 dici
1079 2103 1198 2158 quae
1232 2102 1327 2157 per
1367 2086 1765 2156 appositionem
1813 2090 1959 2146 sunt,
1992 2089 2051 2135 ut

473 2204 531 2241 ν.
565 2204 618 2257 g.
647 2187 792 2256 ligna
828 2192 921 2239 aut
951 2183 1157 2238 ferrum
1187 2188 1281 2236 aut
1309 2178 1515 2248 aliquid
1556 2175 1848 2245 ejusmodi.
1884 2175 2051 2229 Porro

476 2280 594 2334 vini
631 2286 685 2332 et
726 2292 881 2347 aquae
926 2274 1112 2329 mistio
1148 2282 1442 2342 utrumque
1490 2269 1651 2323 simul
1696 2268 1998 2336 corrumpit
2035 2285 2050 2321 :

481 2385 662 2440 neque
691 2369 837 2425 enim
870 2382 1012 2438 aqua
1043 2373 1130 2421 est
1179 2364 1365 2420 mistio
1410 2377 1570 2433 pura,
1603 2375 1780 2429 neque
1814 2359 1996 2412 vinum
2038 2377 2051 2413 :

477 2462 693 2518 etiamsi
723 2458 993 2530 ejusmodi
1022 2464 1512 2526 temperamentum
1536 2468 1632 2524 per
1664 2451 2056 2521 appositionem

480 2558 598 2617 ﬁat,
623 2568 744 2623 qua:
771 2564 991 2607 sensum
1022 2547 1191 2619 fugiat
1225 2556 1446 2618 propter
1472 2544 1788 2599 tenuitatem
1822 2542 2055 2611 partium

481 2660 674 2701 eorum
704 2658 825 2714 qua:
851 2642 1013 2697 mista
1046 2648 1210 2706 sunt;
1251 2638 1304 2694 id
1332 2653 1461 2693 vero
1483 2643 1701 2691 constat
1732 2650 1799 2690 ex
1826 2649 1892 2689 eo
1912 2631 2059 2703 quod

482 2752 680 2792 rursus
718 2752 747 2789 a
784 2751 844 2790 se
889 2734 1123 2787 invicem
1168 2730 1580 2785 discernuntur.
1635 2727 1872 2797 Spongia
1914 2733 2062 2780 certe

481 2831 605 2885 oleo
632 2830 799 2884 tincta
830 2826 977 2897 sugit
1002 2838 1193 2894 puram
1229 2837 1451 2893 aquam,
1476 2830 1532 2877 et
1559 2834 1819 2891 papyrus.
1861 2816 2062 2871 Verum

482 2938 551 2978 ex
578 2937 646 2977 eo
671 2921 830 2991 plane
861 2928 948 2974 est
985 2917 1131 2988 quod
1158 2915 1278 2970 ﬁeri
1322 2928 1431 2968 non
1475 2920 1675 2983 potest,
1708 2917 1768 2963 ut
1810 2916 2064 2963 accurate

484 3013 641 3067 unita
677 3016 999 3081 separentur
1028 3007 1241 3061 ratione
1284 3003 1558 3058 sensibili.
1598 3001 1755 3067 Quod
1795 3000 1841 3055 si
1892 3012 2066 3066 neque

484 3106 701 3160 unitum
730 3112 834 3168 est,
862 3116 1037 3170 neque
1063 3098 1309 3160 mistttm,
1345 3110 1523 3165 neque
1550 3094 1784 3162 adjacet,
1816 3103 2065 3160 quaenam

483 3197 628 3251 ratio
671 3202 756 3249 est
802 3201 861 3247 ut
911 3191 1125 3246 dicatur
1182 3202 1351 3242 unum
1415 3184 1659 3239 animal?
1714 3183 1867 3237 Plato
1917 3186 2066 3235 certe

485 3289 650 3342 etiam
681 3285 750 3339 ob
778 3285 880 3340 hoc
910 3283 1161 3342 dubittm,
1193 3293 1303 3335 non
1333 3278 1448 3331 vult
1478 3274 1678 3330 animal
1711 3290 1776 3329 ex
1808 3272 1988 3326 anima
2009 3278 2063 3326 et

486 3393 721 3449 corpore
752 3382 1025 3438 constare,
1070 3371 1165 3427 sed
1212 3371 1445 3424 animam
1474 3367 1691 3435 corpori
1739 3364 1978 3428 mistam,
2015 3372 2069 3417 et

486 3479 749 3539 tanquam
784 3465 1031 3521 indutam
1065 3476 1321 3532 corpore.
1350 3458 1554 3513 Verum
1583 3458 1698 3512 hac
1726 3470 1947 3525 quoque
1982 3469 2070 3506 ra-

488 3563 573 3615 tio
625 3558 1032 3613 dubitationem
1087 3553 1325 3623 aliquam
1375 3551 1559 3605 habet.
1609 3547 1745 3602 Nam
1794 3544 2069 3617 quomodo

491 3666 665 3706 unum
706 3664 832 3704 esse
874 3653 1057 3718 potest
1105 3643 1312 3709 anima,
1359 3656 1484 3695 cum
1542 3637 1900 3693 indumento?
1950 3636 2068 3689 Non

490 3745 640 3801 enim
673 3742 815 3797 idem
853 3739 1041 3794 tunica
1090 3747 1145 3793 et
1195 3751 1362 3791 unum
1410 3741 1495 3790 est
1528 3750 1654 3788 cum
1695 3740 1925 3802 corpore
1953 3731 2069 3800 ipsa

493 3833 711 3889 induto.
744 3830 1069 3886 Ammonius
1101 3838 1283 3883 autem
1329 3826 1525 3881 doctor
1572 3823 1774 3879 Plotini
1808 3822 2068 3891 quazstio-

495 3943 622 3985 nem
654 3928 813 3982 istam
866 3925 972 3980 hoc
1016 3924 1178 3978 modo
1225 3921 1517 3977 solvebat:
1570 3916 1845 3988 siquidem
1892 3915 2069 3968 aiebat

494 4018 861 4090 intelligibilia
895 4014 1168 4085 ejusmodi
1199 4015 1309 4068 vim
1360 4021 1415 4068 et
1453 4018 1703 4066 naturam
1756 4008 1979 4067 habere,
2012 4012 2071 4059 ut

494 4112 659 4166 etiam
693 4110 839 4164 nniri
870 4105 1301 4177 percipietttibus
1326 4105 1443 4173 ipsa
1470 4101 1843 4155 admitterent.
1871 4096 2072 4163 Quem—

498 4200 791 4255 admodum
822 4197 986 4252 simul
1024 4202 1307 4264 corrupta,
1338 4201 1393 4246 et
1419 4193 1603 4256 unita;
1648 4198 1702 4243 et
1734 4202 1954 4241 manere
1986 4186 2072 4239 in-

498 4291 753 4353 conlusa,
805 4298 861 4342 et
908 4288 1262 4355 incorrupta,
1314 4283 1462 4337 velut
1508 4297 1571 4335 ea
1622 4295 1744 4348 qua:
1786 4278 2073 4344 adjacent;

2091 3234 2134 3292 C

2151 2092 2245 2144 ἀπ’
2270 2090 2512 2161 ἀλλήλων
2535 2088 2977 2160 διαχωρίζεσθαι.
3006 2085 3252 2152 Σπόγγος
3274 2080 3404 2150 γοῦν
3427 2077 3731 2140 ὲλαιωθεὶς,

2153 2185 2413 2254 ἀνιμᾶται
2443 2180 2683 2252 καθαρὸν
2712 2179 2772 2232 τὸ
2814 2178 2977 2247 ὕδωρ,
3018 2172 3112 2226 καὶ
3148 2172 3414 2240 πάπυρος.
3454 2162 3735 2233 Αίσθητῶς

2152 2276 2208 2329 δὲ
2232 2275 2465 2346 χωρίσαι
2503 2272 2574 2326 τὰ
2600 2268 2840 2341 ἀκριϐῶς
2870 2265 3140 2338 ἡνωμένα,
3175 2261 3514 2315 παντάπασιν
3542 2254 3737 2308 ἀδύνα-

2153 2345 2263 2420 τον.
2293 2366 2355 2419 Ei
2380 2366 2437 2419 δὲ
2481 2365 2615 2436 μήτε
2646 2364 2869 2433 ἥνωται,
2900 2359 3038 2428 μήτε
3071 2354 3352 2426 κέκραται,
3386 2350 3523 2420 μήτε
3553 2345 3736 2417 παρά-

2157 2475 2352 2521 κειται,
2378 2458 2461 2520 τίς
2486 2459 2514 2510 ὁ
2539 2456 2694 2523 λόγος
2726 2449 2819 2507 τοῦ
2848 2452 2911 2504 τὸ
2944 2449 3081 2514 ζῶον
3106 2447 3163 2500 ἓν
3192 2442 3479 2513 λέγεσθαις
3509 2440 3740 2493 Πλάτων

2161 2552 2258 2622 μὲν
2288 2546 2380 2603 οὖν
2416 2548 2509 2601 καὶ
2535 2547 2622 2600 διὰ
2663 2542 2863 2613 ταύτην
2899 2543 2997 2611 τὴν
3038 2538 3268 2610 ἀπορίαν
3304 2537 3364 2588 οὐ
3402 2533 3652 2604 βούλεται
3682 2530 3741 2583 τὸ

2159 2642 2297 2706 ζῶον
2327 2642 2391 2694 ὲκ
2424 2640 2601 2710 ψυχῆς
2635 2635 2771 2691 εἶναι
2805 2636 2899 2689 καὶ
2934 2633 3217 2703 σώματος,
3260 2627 3393 2682 ἀλλὰ
3424 2625 3603 2697 ψυχὴν
3640 2622 3740 2676 σώ-

2164 2750 2293 2804 ματι
2322 2730 2687 2802 κεκραμένην,
2718 2726 2812 2781 καλ⁹
2840 2726 3027 2794 ὥσπερ
3060 2720 3415 2791 ὲνδεδυμένην
3443 2718 3503 2771 τὸ
3535 2715 3702 2787 σῶμα
3721 2728 3738 2744 ⁸

2160 2803 2273 2894 ἔχει
2310 2823 2367 2877 δὲ
2402 2821 2495 2875 καὶ
2538 2812 2689 2882 οὗτος
2726 2821 2754 2871 ὁ
2798 2817 2953 2884 λόγος
3004 2812 3205 2883 ἄπορόν
3248 2829 3320 2865 τι.
3366 2809 3489 2872 Πῶς
3529 2807 3641 2877 γὰρ
3684 2803 3743 2858 ἒν

2162 2910 2301 2969 εἶναι
2333 2912 2553 2967 δύναται
2591 2909 2727 2981 μετά
2765 2906 2860 2960 τοῦ
2902 2904 3195 2975 ἐνδύματος
3232 2904 3265 2973 ἡ
3295 2900 3480 2971 ψυχῆς
3524 2898 3603 2950 Οὐ
3636 2895 3745 2967 γὰρ

2163 3008 2221 3061 ἓν
2267 3009 2295 3060 ὁ
2332 3003 2497 3076 χιτὼν
2545 3001 2681 3072 μετὰ
2715 3000 2808 3053 τοῦ
2856 2998 3222 3067 ἐνδεδυμένον.
3271 2990 3577 3064 Ἀμμώνιος
3625 2990 3683 3043 δὲ
3718 2989 3746 3041 ὀ

2164 3098 2475 3158 διδασκαλος
2508 3092 2779 3149 Πλωτίνου
2820 3090 2881 3142 τὸ
2924 3086 3253 3158 ζητούμενον
3284 3084 3472 3137 τοῦτον
3495 3081 3588 3135 τὸν
3617 3080 3744 3149 τρό-

2168 3207 2267 3244 πον
2312 3188 2574 3243 ἀπελύετο
2600 3202 2615 3218 ο
2658 3184 2807 3251 ἔλεγε
2850 3182 2959 3252 γὰρ
2994 3180 3063 3233 τά
3105 3178 3269 3248 νοητὰ
3320 3174 3570 3244 τοιαύτην
3602 3173 3748 3243 ἔχειν

2171 3280 2352 3351 φύσιν,
2374 3277 2447 3340 ὡς
2469 3277 2564 3329 καὶ
2583 3271 2830 3328 ἐνοῦσθαι
2851 3272 2959 3333 τοῖς
2981 3268 3292 3337 δυναμένοις
3311 3266 3446 3318 αὐτὰ
3467 3261 3746 3326 δέξασθαι,

2171 3371 2418 3440 καθάπερ
2446 3367 2515 3420 τὰ
2541 3363 2955 3436 συνεφθαρμένα
2983 3362 3074 3416 καὶ
3109 3359 3386 3430 ἡνωμένα,
3424 3356 3519 3409 καὶ
3564 3355 3748 3426 μένειν

2171 3464 2448 3533 ἀσύγχυτα
2480 3460 2573 3514 καὶ
2611 3457 2931 3527 ἁδιάφθορα,
2961 3454 3033 3519 ὡς
3064 3453 3130 3507 τά
3168 3451 3566 3521 παρακείμενα.
3628 3446 3752 3501 Ἐπὶ

2176 3557 2273 3628 μὲν
2311 3557 2418 3624 γὰρ
2454 3552 2561 3605 τῶν
2598 3547 2863 3620 σωμάτων
2901 3549 2933 3618 ὴ
2976 3546 3169 3609 ἓνωσις
3212 3542 3491 3596 ἀλλοίωσιν
3528 3540 3753 3603 πάντως

2171 3648 2280 3701 τῶν
2316 3645 2601 3698 συνιόντων
2643 3641 2963 3712 ἐργάζεται⁸
3014 3637 3310 3709 ἐπειδήπερ
3344 3636 3422 3698 είς
3465 3633 3603 3687 ἄλλα
3645 3630 3752 3685 σώδ

2178 3755 2322 3809 ματα
2343 3734 2752 3808 μεταϐάλλεται,
2777 3732 2852 3795 ὡς
2871 3728 2939 3783 τὰ
2958 3730 3195 3798 στοιχεῖα
3214 3728 3292 3789 είς
3306 3726 3373 3779 τά
3398 3723 3750 3793 συγκείμενα,

2174 3830 2268 3885 καὶ
2296 3830 2350 3881 αί
2387 3826 2582 3898 τροφαὶ
2618 3826 2697 3888 είς
2721 3817 2858 3891 αἷμα
2880 3837 2895 3852 ο
2925 3822 2985 3874 τὸ
3027 3819 3082 3872 δὲ
3112 3812 3250 3888 αἷμα
3290 3819 3369 3880 είς
3402 3816 3577 3886 σάρκα
3598 3855 3613 3877 ,
3658 3815 3754 3867 καὶ

2173 3922 2241 3976 τὰ
2285 3918 2448 3973 λοιπὰ
2491 3917 2653 3990 μόρια
2692 3913 2785 3967 τοῦ
2836 3912 3117 3982 σώματος·
3174 3909 3265 3962 ἐπὶ
3299 3908 3355 3960 δὲ
3400 3906 3504 3961 τῶν
3543 3904 3753 3976 νοητῶν

2174 4016 2364 4078 ’ένωσις
2415 4012 2511 4083 μὲν
2542 4012 2772 4080 γίνεται,
2818 4005 3101 4066 ἀλλοίωσις
3131 4003 3186 4057 δὲ
3230 4002 3290 4056 οὐ
3332 3999 3790 4074 παρακολουθεϊ.,

2176 4107 2249 4160 Οὐ
2287 4105 2395 4175 γάρ
2422 4104 2635 4173 πέφυκε
2655 4099 2842 4171 νοητὸν
2871 4099 2990 4152 κατ’
3027 4093 3213 4148 οὐσίαν
3241 4093 3601 4155 ἀλλοιοῦσθαι,
3640 4087 3793 4219 ἀλλ’ἢ

2179 4197 2204 4219 sa
2256 4196 2517 4219 1:r___._.._
2580 4195 2609 4219 Δ
2651 4195 2727 4219 -2-
2771 4192 2829 4219 ,λ
2873 4189 2945 4219 ...‘.
2989 4187 3047 4219 τι..
3083 4186 3394 4219 ,ηΩεξΑριν-ηοο
3452 4183 3754 4219 "cynthi-hu

2176 4197 2208 4267 ἦ
2254 4196 2548 4261 ἐξίσταται,
2580 4195 2614 4264 ἢ
2648 4195 2727 4255 είς
2771 4192 2831 4244 τὸ
2873 4189 2946 4260 μὴ
2989 4187 3047 4241 ὃν
3083 4186 3394 4257 φθείρεται’
3450 4183 3791 4267 μεταϐολὴνξ

2176 4255 2232 4341 δὲ
2257 4255 2355 4343 οίικ
2382 4255 2719 4355 ἐπιδέχεται,
2751 4255 3015 4335 ἀλλ’-οὗτε
3040 4280 3119 4342 είς
3252 4277 3325 4347 μὴ
3358 4275 3416 4329 ὃν
3450 4255 3789 4345 φθείρεταιοξ

498 4384 701 4439 etenim
729 4381 786 4435 in
816 4377 1145 4448 corporibus
1170 4376 1304 4430 unio
1337 4373 1715 4427 alterationcm
1737 4386 1924 4426 eorum
1952 4384 2063 4440 qua

2179 4380 2253 4433 Οὐ
2282 4377 2389 4449 γὰρ
2423 4373 2491 4448 ἦν
2521 4375 2786 4437 ἀθάνατος
2816 4372 2909 4449 καὶ
2934 4373 2967 4442 ἡ
3005 4368 3150 4441 ψυχὴ
3187 4369 3299 4439 ζωὴ
3328 4362 3482 4430 οὖσα,
3512 4367 3560 4419 εἰ
3588 4367 3649 4420 ὲν
3687 4368 3786 4437 τῇς

500 4481 723 4540 coeunt,
754 4470 917 4527 ellicit
944 4487 957 4522 :
989 4465 1451 4538 quandoquidem
1473 4463 1529 4516 in
1565 4463 1669 4516 alia
1701 4476 1932 4531 corpora
1956 4476 2074 4513 tnu-

2180 4448 2373 4540 κράσει
2416 4462 2799 4535 μετεϐάλλετο·
2849 4448 3116 4531 ἢλλοιὼθη
3164 4458 3250 4525 ἂν,
3295 4458 3387 4511 καὶ
3419 4458 3518 4510 οὐκ
3554 4452 3625 4527 ἦν
3675 4457 3757 4510 ἔτι

502 4576 709 4627 tantur,
757 4571 816 4617 ut
843 4562 1108 4616 elementa
1141 4560 1196 4612 in
1232 4572 1321 4612 res
1349 4554 1703 4625 compositas,
1735 4562 1788 4609 et
1815 4554 2063 4608 alimenta

2182 4558 2316 4631 ζωή.
2347 4558 2412 4611 Τί
2442 4558 2496 4609 δὲ
2545 4554 2898 4609 συνεϐάλλετο
2928 4551 3006 4623 τῷ
3036 4550 3276 4622 σώματι,
3310 4551 3357 4602 εί
3393 4549 3467 4619 μὴ
3495 4550 3758 4619 παρεῖχεν

502 4659 561 4713 in
590 4656 938 4725 sanguinem,
973 4649 1198 4720 sanguis
1225 4662 1355 4702 vero
1406 4649 1461 4701 in
1493 4661 1714 4701 carnem
1752 4653 1807 4701 et
1836 4645 2076 4713 reliquas

503 4749 759 4817 corporis
803 4752 1006 4814 partes.
1047 4740 1165 4794 Jam
1204 4753 1335 4795 vero
1382 4739 1441 4793 in
1475 4736 1912 4808 intelligibilibus
1945 4734 2076 4789 unio

502 4842 727 4912 quidem
756 4839 834 4903 iit,
861 4841 954 4892 sed
986 4833 1240 4888 alteratio
1266 4847 1375 4887 non
1396 4832 1772 4902 subsequitur.
1803 4828 1908 4885 Sed
1932 4829 2077 4883 enim

504 4930 852 5002 intelligibile
880 4944 987 4981 non
1023 4927 1163 4980 solet
1185 4925 1487 4979 secundum
1510 4924 1804 4980 essentiam
1833 4919 2078 4983 alterari,

503 5039 695 5080 verum
730 5030 912 5075 autem
943 5017 1167 5077 excidit,
1204 5024 1299 5070 aut
1327 5017 1383 5069 in
1412 5016 1640 5070 nihilum
1672 5016 1803 5078 abit,
1863 5030 1925 5066 ac
1960 5029 2080 5065 mtt-

505 5116 769 5169 tationem
822 5126 929 5164 non
973 5109 1255 5173 admittit,
1320 5123 1497 5177 neque
1557 5123 1687 5162 vero
1744 5107 1796 5160 in
1850 5106 2079 5159 nihilum

507 5206 667 5276 perit.
705 5201 824 5257 Non
855 5202 999 5257 enim
1031 5201 1211 5255 anima
1253 5200 1578 5254 immortalis
1606 5206 1779 5262 esset,
1813 5214 1936 5252 cum
1966 5198 2082 5267 ipsa

509 5297 621 5350 vita
652 5296 743 5362 sit,
776 5293 1050 5363 siquidem
1081 5294 1135 5347 in
1161 5292 1420 5347 mistione
1449 5299 1778 5354 mutaretur,
1812 5290 1999 5358 utique
2031 5298 2084 5343 et

509 5389 623 5444 vita
667 5388 902 5458 amplius
934 5405 1045 5443 non
1077 5393 1246 5442 esset.
1277 5384 1419 5451 Quid
1452 5396 1631 5438 autem
1661 5381 1935 5436 conferret
1965 5395 2086 5435 cor-

513 5483 650 5552 pori,
677 5483 722 5537 si
751 5482 915 5536 vitam
943 5480 1047 5550 ipsi
1078 5495 1186 5534 non
1222 5478 1523 5550 praeberet?
1550 5476 1739 5545 Itaque
1768 5475 1952 5527 anima
1975 5487 2086 5527 non

514 5573 779 5627 alteratur
814 5573 870 5627 in
910 5573 1133 5627 unione.
1170 5570 1283 5627 Hoc
1310 5570 1478 5641 igitur
1502 5569 1901 5629 demonstrato,
1941 5564 2087 5634 quod

514 5662 881 5733 intelligibilia
926 5678 1035 5717 non
1080 5664 1367 5720 varientur
1418 5660 1720 5717 secundum
1765 5659 2086 5720 essentiam,

513 5756 830 5811 necessario
865 5755 1246 5825 consequitur,
1285 5764 1338 5809 ut
1372 5770 1482 5809 non
1518 5767 1625 5806 una
1676 5758 1923 5822 pereant,
1965 5750 2090 5820 qui-

515 5846 619 5902 bus
646 5848 828 5902 anima
860 5847 1077 5918 corpori
1124 5846 1330 5902 unitur.
1381 5846 1517 5901 Nam
1562 5844 1706 5915 quod
1747 5845 1960 5899 unitum
1996 5845 2086 5909 sit,

2184 4649 2331 4720 αὐτῷ
2371 4649 2467 4719 τὴν
2504 4647 2680 4717 ζωήν;
2711 4646 2821 4697 Οὐκ
2856 4644 2965 4717 ἄρα
3005 4641 3307 4697 ἀλλοιοῦται
3349 4642 3382 4711 ἡ
3418 4638 3561 4710 ψυχὴ
3599 4641 3660 4693 ὲν
3690 4641 3758 4709 τῇ

2185 4743 2390 4798 ὲνὼσει.
2452 4739 2803 4808 Δεδειγμένου
2855 4736 3034 4790 τοίνυν
3081 4734 3305 4797 τούτου,
3343 4734 3423 4786 ὅτι
3474 4732 3542 4785 τὰ
3589 4731 3763 4803 νοητά

2185 4833 2515 4890 ἀναλλοίωτα
2567 4832 2684 4884 κατ’
2718 4829 2903 4882 οὐσίαν
2946 4826 3117 4891 εἰσιν,
3159 4825 3473 4892 ἀναγκαίως
3518 4839 3762 4893 παρακοο

2186 4926 2364 4981 λουθεῖ
2398 4924 2460 4978 τδ
2491 4924 2565 4995 μὴ
2597 4919 3095 4991 συνδιαφθείρεσθαι
3136 4912 3217 4980 οἷς
3244 4918 3447 4987 ἥνωται
3481 4912 3693 4982 σώματι
3728 4914 3761 4982 ἡ

2187 5018 2331 5088 ψυχή
2358 5033 2370 5045 ·
2407 5017 2488 5068 ὅτι
2528 5015 2624 5085 μὲν
2655 5013 2763 5083 γὰρ
2797 5012 3034 5081 ἥνωται,
3070 5009 3102 5078 ἡ
3151 5006 3458 5076 συμπάθεια
3499 5003 3760 5056 δείκνυσι.

2190 5106 2475 5179 Συμπαθεῖ
2501 5108 2606 5178 γὰρ
2642 5104 2760 5157 ὅλον
2790 5102 2966 5171 ἑαυτῷ
2995 5100 3054 5152 τὸ
3088 5097 3246 5163 ζῶον,
3274 5097 3348 5160 ὡς
3381 5096 3437 5148 ἓν
3468 5095 3524 5147 ὅν
3546 5110 3559 5124 ⁸
3592 5095 3677 5146 ὅτι
3707 5094 3764 5146 δὲ

2191 5201 2284 5253 καὶ
2318 5197 2618 5268 ἀσύγχυτον
2654 5194 2825 5267 μένει,
2847 5186 3001 5265 δῆλον
3032 5193 3095 5245 ὲκ
3122 5190 3215 5244 τοῦ
3242 5188 3339 5259 τὴν
3363 5186 3538 5257 ψυχὴν
3564 5186 3765 5257 τρόπον

2190 5293 2310 5347 τινὰ
2344 5288 2721 5363 χωριζομένην
2753 5288 2818 5339 ἐκ
2858 5285 2951 5338 τοῦ
2984 5284 3230 5355 σώματος
3264 5283 3321 5334 ὲν
3357 5280 3431 5351 τῷ
3464 5278 3635 5347 ὕπνῳ,
3672 5276 3766 5329 καὶ

2193 5386 2381 5457 ὥσπερ
2410 5383 2602 5455 νεκρὸν
2633 5381 2764 5434 αὐτὸ
2792 5377 3004 5432 κεῖσθαι
3044 5373 3444 5429 καταλιποῦσαν
3463 5388 3478 5403 ο
3524 5370 3684 5440 μόνον
3708 5368 3767 5422 δὲ

2194 5478 2587 5549 ὲξατμίζουσαν
2620 5470 2767 5543 αὑτῷ
2798 5471 2893 5541 τὴν
2928 5468 3071 5540 ζωὴν
3092 5509 3105 5533 ,
3133 5468 3220 5521 ἴνα
3256 5466 3330 5537 μὴ
3359 5462 3630 5523 παντελῶς
3659 5460 3767 5513 ἀπ-

2194 5571 2401 5640 όληται,
2435 5567 2556 5621 καθ’
2584 5565 2780 5635 ἑαυτὴν
2806 5566 2863 5616 ἐν
2895 5565 3008 5625 τοῖς
3041 5559 3263 5630 ὀνείροις
3287 5557 3546 5627 ἐνεργεῖν,
3578 5552 3768 5606 θεσπί-

2196 5661 2392 5726 ζουσαν
2430 5662 2490 5714 τὸ
2530 5658 2754 5730 μέλλον,
2800 5654 2896 5709 καὶ
2929 5656 3042 5717 τοῖς
3089 5653 3297 5722 νοητοῖς
3342 5645 3763 5718 πλησιάζουσαν.

2197 5754 2270 5807 Τὸ
2294 5754 2423 5808 αὐτὸ
2447 5753 2503 5806 δὲ
2538 5749 2827 5822 συμϐαίνει
2859 5748 2954 5802 καὶ
2984 5748 3112 5800 ὅταν
3154 5738 3547 5811 ὲπισκέπτηταί
3580 5754 3626 5788 τε
3661 5734 3770 5786 τῶν

2198 5845 2421 5917 νοητῶν.
2460 5842 2570 5901 Καὶ
2595 5841 2715 5896 τότε
2742 5840 2870 5912 γὰρ,
2908 5839 2981 5903 ὼς
3008 5830 3119 5892 οἷόν
3146 5853 3223 5901 τε,
3256 5832 3347 5887 τοῦ
3374 5829 3623 5901 σώματος
3652 5825 3773 5877 ἑαυ-
