3920 6472
191 386 275 442 ενι
488 374 492 376 Ὗ
1594 381 1682 437 DE
1716 381 1954 438 ΑΝΙΜᾹ.

3293 386 3400 446 218

193 500 269 569 τὴν
303 496 529 569 χωρίζει,
574 497 664 551 καὶ
709 498 831 551 καθ’
878 500 1078 570 ἑαυτὴν
1118 500 1384 569 γίγνεται,
1428 501 1515 554 ἵνα
1559 500 1731 565 οὕτως

1838 508 2061 555 mutuus
2112 497 2341 555 aﬂectus
2387 498 2627 554 declarat
2670 516 2683 553 :
2734 498 2935 556 etenim
2979 504 3153 555 totum
3203 502 3404 556 animal

191 591 416 661 mqu
467 593 577 653 τοῖς
625 586 773 644 οὖσιν
801 607 815 622 ·
869 591 1161 663 ἀσώματος
1211 589 1503 667 γὰρψοῦσα
1555 593 1729 648 διόλου

192 679 483 750 κεχώρηκεν,
517 680 595 743 ὡς
625 680 694 734 τὰ
727 682 1145 753 συνεφθαρμένα
1167 698 1181 713 ·
1214 685 1451 756 μένουσα
1477 685 1730 755 ἀδιάφθο-

1832 589 2047 660 sibiipsi
2095 590 2460 659 compatitur,
2508 606 2633 646 cum
2681 607 2849 646 unum
2879 592 2994 647 sit:
3044 591 3190 664 quod
3220 603 3403 649 autem

1833 696 1945 735 non
1991 679 2284 733 contusum
2319 690 2558 744 maneat,
2602 696 2669 735 ex
2716 696 2783 736 eo
2827 689 2997 750 patet,
3029 684 3175 752 quod
3221 684 3405 738 anima

190 788 264 840 ρος
292 771 375 822 καὶ
402 770 719 840 ἀσύγχυτος,
756 770 851 827 καὶ
881 774 1002 827 καθ’
1030 775 1227 845 ἑαυτὴν
1267 776 1604 840 ἑνδιάζουσα,
1639 778 1731 831 καὶ

1838 770 2238 841 quodammodo
2285 779 2540 841 separata
2577 786 2607 825 a
2657 787 2890 842 corpore
2938 774 2992 826 in
3026 775 3234 829 somnis
3278 783 3403 830 tan.

188 864 232 916 ἐν
256 856 326 925 07.;
351 860 413 914 ἂν
438 862 659 931 γένηται
689 864 965 935 τρέπουσα
994 867 1177 918 ἐκεῖνα
1204 866 1345 920 κατὰ
1380 867 1477 937 τὴν
1510 868 1568 921 ὲν
1594 869 1729 939 αὐτῇ

1838 877 1999 933 quam
2029 862 2263 916 cadaver
2290 862 2564 931 quoddam
2597 866 2777 933 ipsum
2804 863 3166 933 derelinquat,
3198 880 3263 918 ac
3285 874 3406 920 tan-

186 952 322 1023 ζωην,
372 953 459 1007 καὶ
508 952 584 1024 μὴ
620 956 928 1026 τρεπομένη
983 956 1075 1009 ὑπ’
1122 957 1365 1012 ἐκείνων.
1422 960 1509 1023 Ὠς
1550 959 1658 1030 γὰρ
1705 962 1733 1013 ό

184 1046 306 1114 ἥλιος
331 1047 389 1115 τῇ
415 1045 519 1115 ἰδίᾳ
539 1047 813 1118 παρουσία
835 1048 1001 1101 αὐτοῦ
1030 1050 1120 1102 τὸν
1145 1050 1285 1120 ἀέρα
1312 1052 1390 1114 εἰς
1417 1050 1532 1119 φῶς
1565 1068 1731 1121 μετα-

185 1135 357 1200 σάλλει,
391 1136 559 1188 ποιῶν
597 1137 758 1189 αὑτὸν
794 1139 1078 1208 φωτοειδῆ,
1108 1140 1202 1193 καὶ
1244 1139 1457 1194 ἑνοῦται
1500 1140 1579 1210 τῷ
1610 1141 1731 1211 ἀέρι

101 1237 109 1254 ·
184 1224 230 1275 τὸ
258 1223 376 1290 σῶς,
411 1225 730 1294 ἀσυγχύτως
763 1224 882 1295 ἅμα
912 1226 1060 1297 αὑτῷ
1092 1229 1415 1298 κεχυμένον·
1446 1231 1538 1282 τὸν
1570 1230 1732 1284 αὐτὸν

185 1316 347 1383 τρόπον
405 1316 498 1368 καὶ
548 1318 582 1385 ἡ
635 1316 781 1387 ψυχὴ
847 1319 1108 1390 ὲνουμένη
1167 1320 1245 1389 τῷ
1309 1319 1520 1391 σώματι
1580 1321 1731 1392 μένει

184 1406 466 1474 ὰούγχυτος,
491 1409 635 1460 κατὰ
654 1408 815 1462 τοῦτο
851 1411 1007 1477 μόνον
1034 1408 1438 1476 διαλλάττουσα,
1466 1414 1549 1466 ὅτι
1576 1415 1606 1466 ὁ
1632 1411 1732 1481 μὲν

182 1500 304 1569 ἣλιος
332 1498 482 1569 σῶμα
510 1499 607 1563 ῶν,
645 1506 739 1554 καὶ
773 1503 925 1573 τόπῳ
963 1505 1457 1574 περιγραφόμενος,
1480 1506 1586 1581 ,οὐκ
1617 1506 1731 1559 ἐστι

184 1588 417 1658 πανταχοῦ
462 1588 593 1643 ἔνθα
636 1592 729 1642 καὶ
764 1591 826 1642 τὸ
860 1591 975 1661 φῶς
1007 1592 1196 1656 αὑτοῦ,
1240 1594 1313 1657 ὼς
1349 1595 1469 1648 οὐδὲ
1497 1595 1558 1648 τὸ
1589 1593 1728 1666 πῦρ·

184 1682 306 1751 μένει
348 1681 451 1751 γὰρ
482 1682 579 1733 καὶ
624 1682 757 1735 αὐτὸ
797 1684 855 1735 ὲν
898 1686 1012 1746 τοῖς
1060 1685 1255 1749 ξύλοις,
1303 1685 1335 1755 ἢ
1371 1688 1428 1739 ὲν
1457 1685 1731 1757 θρυαλλίδι

181 1773 441 1843 δεδεμένον,
474 1773 553 1836 ὡς
594 1776 652 1826 ὲν
682 1776 833 1846 τόπῳ
858 1791 871 1804 ·
902 1779 935 1847 ἡ
966 1777 1024 1829 δὲ
1052 1776 1199 1847 ψυχὴ
1231 1776 1522 1848 ἀσώματος
1553 1773 1687 1832 οὖσα
1708 1821 1724 1844 ,

1833 963 1949 1008 tum
1977 954 2198 1008 exhalet
2228 954 2334 1024 ipsi
2365 954 2555 1019 vitam,
2591 964 2651 1008 ut
2692 970 2803 1009 non
2836 955 3061 1009 omnino
3108 964 3316 1025 pereat,
3353 965 3408 1011 et

1834 1063 1929 1118 per
1960 1061 2041 1109 se,
2072 1045 2201 1099 dum
2232 1047 2462 1115 sopitur,
2492 1054 2773 1118 operetur,
2821 1047 3119 1103 divinando
3149 1047 3293 1118 quod
3323 1048 3409 1103 fu-

1833 1146 2019 1193 turum
2064 1146 2184 1204 est,
2239 1148 2295 1194 et
2341 1139 2409 1193 ad
2453 1140 2822 1211 intelligibilia
2866 1140 3202 1196 accedendo.
3263 1140 3408 1195 ldem

1833 1246 2052 1301 quoque
2076 1245 2179 1285 usu
2215 1231 2557 1293 venit,etiam
2571 1248 2693 1286 cum
2714 1230 3093 1286 consideratur
3110 1232 3314 1302 aliquid
3343 1247 3410 1287 ex

1835 1322 2271 1391 iutelligibilibus
2305 1340 2320 1376 :
2349 1330 2481 1377 tunc
2498 1322 2666 1387 enim,
2697 1322 2879 1392 quoad
2910 1322 3033 1393 ejus
3060 1323 3177 1378 ﬁeri
3209 1332 3408 1394 potest,

1835 1429 1896 1468 se
1922 1429 1953 1467 ιι
1984 1428 2217 1482 corpore
2256 1413 2517 1483 sejungit,
2552 1421 2606 1468 et
2657 1415 2741 1470 sui
2790 1414 2932 1485 juris
2980 1414 3061 1479 ﬁt,
3115 1422 3175 1469 ut
3216 1415 3295 1471 sic
3343 1415 3411 1470 iis

1832 1521 1955 1576 qua:
1981 1513 2131 1568 sunt,
2169 1505 2469 1559 incumbat.
2502 1503 2634 1559 Nam
2668 1520 2792 1560 cum
2835 1507 3156 1577 incorporea
3191 1507 3283 1567 sit,
3314 1522 3413 1578 per

1834 1604 2007 1650 totum
2033 1596 2358 1665 penetravit,
2386 1612 2481 1666 per
2501 1612 2564 1651 ea
2589 1612 2708 1665 qua:
2731 1604 3159 1665 corrumpuntur
3184 1610 3412 1651 manens

1837 1687 2159 1757 incorrupta
2185 1695 2238 1742 et
2269 1703 2377 1742 non
2400 1688 2657 1751 confusa,
2688 1697 2743 1744 et
2768 1704 2866 1758 per
2892 1704 2951 1745 se
2972 1690 3173 1760 degens
3197 1706 3213 1754 ;
3247 1699 3413 1759 atque

1836 1777 1931 1831 illa
1965 1794 2091 1833 cum
2121 1778 2321 1847 quibus
2349 1787 2606 1832 versatur
2634 1785 2829 1837 mutat,
2863 1786 2919 1833 et
2946 1777 3013 1832 ad
3056 1778 3223 1831 vitam
3257 1792 3414 1832 suam

183 1869 259 1921 καὶ
286 1867 352 1938 μὴ
382 1870 838 1939 περιγραφομένη
869 1868 1039 1939 τόπῳ,
1065 1869 1160 1940 ὅλη
1187 1869 1399 1922 δι’ςὸλου
1424 1873 1605 1943 χωρεῖ,
1636 1872 1729 1923 καὶ

1838 1867 2165 1933 conformat,
2200 1883 2303 1922 nec
2338 1869 2407 1921 ab
2462 1868 2573 1924 itlis
2620 1877 2883 1922 mutatur.
2933 1867 3090 1923 Sicut
3129 1867 3276 1922 enim
3330 1868 3415 1922 sol

182 1959 254 2011 τοῦ
277 1958 439 2027 φωτὸς
470 1959 647 2029 αὐτῆς
672 1962 767 2012 καὶ
802 1960 897 2013 τοῦ
927 1959 1176 2030 σώματος
1195 1977 1207 1988 ·
1238 1963 1333 2014 καὶ¹
1359 1961 1459 2014 οὐκ
1492 1960 1605 2015 ἔστι
1636 1961 1733 2032 μέ-

186 2068 255 2121 ρος
280 2051 637 2121 φωτιζόμενον
668 2051 758 2104 ὑπ’
789 2052 976 2122 αὐτῆς,
1007 2054 1066 2105 ὲν
1109 2046 1153 2120 ᾧ
1199 2053 1273 2123 μὴ
1302 2053 1394 2124 ὅλη
1434 2053 1694 2124 πάρεστιν
1714 2070 1726 2084 ·

180 2142 229 2192 οὖ
250 2142 342 2211 γὰρ
365 2145 653 2210 κρατεῖται
680 2142 786 2194 ὑπὸ
808 2141 902 2194 τοῦ
929 2140 1199 2213 σώματος,
1235 2143 1349 2198 ἀλλ’
1379 2143 1519 2215 αὐτὴ
1542 2145 1735 2216 κρατεῖ

182 2232 229 2284 τὸ
259 2231 433 2301 σῶμα·
474 2232 603 2285 οὐδὲ
642 2234 701 2284 ὲν
736 2232 814 2304 τῷ
854 2232 1063 2304 σώματί
1105 2236 1273 2299 ἐστιν,
1312 2234 1388 2299 ὡς
1422 2236 1482 2288 ὲν
1525 2236 1733 2307 ἀγγείῳ

183 2326 208 2395 ἢ
244 2324 409 2395 ἀσκῷ,
446 2326 587 2378 ἀλλὰ
619 2326 820 2396 μᾶλλον
855 2326 916 2379 τὸ
954 2326 1113 2397 σῶμα
1146 2330 1203 2380 ἐν
1251 2328 1447 2401 ταύτῃ.
1486 2328 1579 2399 Μὴ
1620 2345 1731 2382 κω·-

182 2416 379 2487 λυόμενα
418 2415 527 2489 γὰρ
565 2417 677 2471 ὑπὸ
702 2417 811 2472 τῶν
844 2420 1114 2489 σωμάτων
1148 2421 1216 2474 τὰ
1256 2422 1441 2493 νοητὰ,
1483 2421 1619 2476 ἀλλὰ
1644 2421 1734 2475 διὰ

183 2510 347 2573 παντὸς
404 2508 665 2580 σώματος
725 2510 1005 2582 χωροῦντα
1055 2513 1148 2566 καὶ
1200 2512 1589 2580 διαφοιτῶντα,
1640 2514 1733 2567 καὶ

181 2601 423 2666 διεξιόντα,
448 2602 551 2671 οὐχ
578 2593 673 2653 οἷά
696 2601 757 2653 τέ
789 2603 935 2654 ἐστιν
969 2602 1073 2655 ὑπὸ
1102 2602 1210 2655 τῶν
1247 2604 1576 2673 σωματικῶν
1603 2620 1733 2657 κατ-

182 2692 363 2762 έχεσθαι
383 2710 396 2722 ·
430 2693 603 2763 νοητᾶ
644 2692 753 2763 γὰρ
784 2692 913 2746 ὅντα
952 2694 1008 2746 ἐν
1033 2697 1145 2758 τοῖς
1189 2699 1397 2763 νοητοῖς
1426 2696 1517 2750 καὶ
1545 2697 1733 2760 τόποις

183 2783 308 2837 εἰσίν.
359 2785 425 2836 ’Ἡ
464 2784 578 2855 γὰρ
624 2786 681 2837 ὲν
732 2785 934 2849 αὐτοῖς,
984 2783 1017 2855 ἢ
1063 2786 1120 2837 ἐν
1160 2787 1273 2848 τοῖς
1319 2785 1735 2856 ὑπερκειμένοις

183 2879 355 2943 νοητοῖς
377 2893 388 2905 ο
414 2875 489 2939 ὡς
516 2874 671 2947 ψυχὴ
711 2876 839 2930 ποτὲ
894 2874 995 2946 μὲν
1036 2877 1092 2929 ὲν
1128 2877 1295 2948 ἑαυτῇ
1328 2878 1494 2941 ἐστιν,
1538 2877 1612 2940 ὡς
1644 2877 1732 2929 ὅτε

181 2964 429 3033 λογίζεται,
470 2968 612 3020 ποτὲ
640 2968 697 3021 δὲ
730 2969 788 3020 ὲν
818 2966 894 3038 τῷ
920 2967 1015 3038 νῷ,
1051 2969 1178 3022 ὅταν
1203 2971 1317 3041 νοῇ.
1363 2968 1529 3023 Ἐπὰν
1556 2963 1648 3022 οὖν
1675 2971 1733 3022 ὲν

184 3058 359 3127 σώματι
385 3061 606 3129 λέγεται
636 3055 798 3125 εἶναι,
830 3062 929 3131 οὐχ
951 3061 1027 3125 ὡς
1053 3064 1110 3115 ὲν
1134 3062 1286 3131 τόπῳ
1314 3060 1394 3132 τῷ
1421 3061 1629 3133 σώματι
1655 3061 1734 3114 λέ-

181 3166 309 3217 γεται
334 3149 488 3220 εἶναι,
520 3153 641 3207 ἀλλ’
675 3154 753 3217 ὡς
780 3156 839 3207 ὲν
872 3154 1075 3225 σχέσει,
1107 3155 1202 3208 καὶ
1233 3157 1299 3226 τῇ
1334 3155 1468 3226 πρός
1509 3171 1561 3209 τι
1593 3156 1730 3226 ῥοπῇ

1838 1961 2125 2029 praesentia
2152 1974 2248 2015 sua
2272 1972 2451 2014 aerem
2483 1960 2730 2013 immutat
2760 1961 2814 2014 in
2847 1961 3044 2024 lucem,
3070 1958 3199 2014 dum
3232 1959 3413 2029 ipsum

1839 2055 2018 2111 reddit
2049 2056 2406 2118 luminosum,
2447 2063 2613 2124 atque
2646 2055 2757 2110 aeri
2796 2055 2887 2109 lux
2919 2054 3107 2108 unitur
3152 2053 3274 2109 sine
3306 2052 3413 2106 ulla

1838 2147 2161 2201 confusione
2185 2163 2309 2202 cum
2340 2147 2458 2216 ipso
2490 2146 2609 2202 fusa
2634 2166 2648 2201 :
2673 2146 2861 2200 eodem
2888 2154 3037 2202 certe
3065 2144 3227 2201 modo
3249 2145 3413 2200 etiam

1838 2240 2019 2293 anima
2051 2240 2270 2308 corpori
2299 2240 2451 2294 unita
2500 2249 2681 2294 manet
2715 2239 3028 2303 inconfusa,
3065 2239 3118 2292 in
3167 2238 3271 2295 hoc
3305 2230 3443 2293 uno-

1830 2332 2182 2401 discrepans,
2218 2332 2365 2401 quod
2403 2332 2485 2388 sol
2534 2347 2660 2385 cum
2696 2333 2770 2387 sit
2808 2346 3035 2401 corpus,
3066 2340 3121 2386 et
3152 2329 3274 2385 loco
3302 2329 3415 2384 cir-

1839 2424 2235 2492 cumscriptus,
2266 2438 2376 2476 non
2413 2431 2498 2477 est
2521 2424 2836 2492 ubicunque
2867 2424 2956 2475 lux
2990 2422 3189 2492 ipsius,
3223 2429 3284 2475 ut
3315 2435 3417 2477 nec

1840 2515 1932 2570 ubi
1969 2515 2133 2584 ignis.
2168 2513 2453 2584 Siquidem
2501 2522 2684 2568 manet
2728 2515 2890 2568 etiam
2928 2515 2980 2568 in
3011 2515 3195 2584 lignis,
3239 2521 3333 2568 aut
3361 2514 3417 2567 in

1838 2607 2114 2679 ellyclmio
2156 2606 2440 2669 astrictus,
2474 2617 2534 2660 ut
2566 2606 2621 2659 in
2652 2606 2810 2669 loco;
2858 2614 2915 2659 at
2953 2621 3082 2660 vero
3111 2605 3292 2690 aqima
3331 2605 3417 2659 in-

1839 2712 2107 2768 corporea
2143 2712 2267 2751 cum
2296 2697 2389 2759 sit,
2427 2706 2479 2751 et
2509 2697 2659 2751 nullo
2688 2697 3104 2767 circumscripta
3131 2697 3276 2759 loco,
3302 2705 3418 2752 tota

1839 2806 1936 2861 per
1968 2798 2141 2844 totum
2176 2796 2445 2860 penetrat,
2497 2796 2612 2842 tum
2670 2804 2766 2858 per
2813 2789 2993 2843 lumen
3050 2787 3247 2858 ipsius,
3298 2795 3416 2842 tum

1838 2899 1935 2953 per
1958 2898 2159 2954 corpus
2194 2901 2207 2937 :
2238 2898 2339 2938 nec
2367 2884 2477 2937 ulla
2506 2899 2632 2953 pars
2667 2891 2752 2938 est
2780 2883 2850 2937 ab
2880 2883 2998 2953 ipsa
3031 2882 3329 2945 illustrata,
3360 2885 3415 2936 in

1838 2989 1946 3043 qua
1971 2990 2080 3028 non
2117 2982 2228 3029 tota
2256 2973 2438 3029 adsit:
2473 2990 2581 3027 non
2611 2973 2755 3027 enim
2787 2988 2817 3025 ιι
2850 2987 3085 3042 corpore
3116 2972 3414 3037 detinetur,

1837 3068 1933 3122 sed
1966 3067 2084 3137 ipsa
2112 3080 2317 3136 corpus
2346 3073 2518 3129 arcet,
2548 3073 2604 3119 et
2651 3064 2826 3133 regit;
2883 3079 3061 3133 neque
3090 3063 3145 3117 in
3187 3077 3419 3133 corpore

1838 3165 1924 3213 est
1952 3167 2014 3212 ut
2047 3158 2102 3212 in
2138 3173 2289 3221 vase,
2320 3166 2415 3211 aut
2442 3166 2599 3222 utre;
2642 3156 2735 3211 sed
2763 3171 2963 3225 corpus
3003 3156 3186 3225 potius
3228 3156 3280 3209 in
3310 3171 3372 3209 ea
3401 3171 3414 3207 :

180 3248 255 3301 καὶ
280 3248 505 3302 διαθέσει
552 3248 801 3303 δεδέσθαι
849 3249 1029 3320 φαμὲν
1076 3249 1182 3302 ὑπὸ
1225 3248 1320 3303 τοῦ
1354 3248 1604 3320 σώματος
1640 3250 1731 3320 τὴν

1842 3268 1967 3307 ειιιη
1999 3253 2144 3307 enim
2180 3268 2211 3306 a
2245 3250 2571 3321 corporibus
2602 3264 2711 3303 non
2762 3248 3132 3318 impediantur
3155 3247 3419 3317 intelligi-

180 3336 340 3406 ψυχὴν,
378 3338 453 3402 ὡς
480 3338 721 3409 λέγομεν
750 3338 855 3392 ὑπὸ
891 3340 991 3409 τῆς
1040 3338 1323 3411 ἐρωμένης
1366 3338 1608 3392 δεδέσθαι
1646 3339 1735 3392 τὸν

181 3426 410 3499 ἐραστὴν,
443 3429 505 3482 οὐ
544 3428 898 3498 σωματικῶς,
936 3429 1057 3482 οὐδὲ
1107 3429 1381 3493 τοπικῶς,
1417 3428 1553 3483 ἀλλὰ
1595 3429 1736 3483 κατὰ

182 3518 353 3587 σχέσιν.
415 3520 717 3593 ’Δμέγεθες
760 3521 868 3592 γὰρ
906 3520 965 3574 ὃν
1008 3522 1103 3574 καὶ
1143 3522 1341 3590 ἄογκον
1379 3522 1474 3575 καὶ⁹
1508 3521 1732 3593 ἀμερὲς,

179 3607 259 3677 τῆς
287 3611 412 3665 κατά
448 3612 621 3683 μέρος
648 3614 875 3682 ωπικῆς
912 3613 1261 3684 περιγραφῆς
1292 3613 1542 3684 κρεῖττόν
1577 3615 1693 3667 ἐστι
1717 3630 1732 3644 ·

180 3699 228 3750 τὸ
250 3700 343 3772 γὰρ
375 3702 448 3774 μὴ
476 3704 603 3775 ἕχον
646 3705 813 3776 μέρος
844 3706 983 3775 ποίῳ
1019 3704 1241 3759 δύναται
1282 3707 1432 3776 τόπῳ
1474 3706 1739 3777 περιγρά-

182 3790 373 3860 quem;
399 3796 567 3859 τόπος
602 3796 713 3867 γάρ
742 3798 857 3848 ἐστι
885 3796 1058 3867 πέρας
1085 3796 1179 3850 τοῦ
1207 3797 1571 3869 περιέχοντος,
1602 3797 1737 3851 καθὸ

182 3885 388 3956 περιέχει
416 3888 477 3940 τὸ
502 3888 915 3959 περιεχόμενον.
946 3888 1008 3941 Εἰ
1026 3889 1081 3942 δέ
1111 3905 1194 3952 τις
1223 3889 1392 3957 λέγοι,
1409 3890 1614 3947 Οὐκοῦν
1644 3891 1737 3944 καὶ⁵

183 3975 226 4026 ἐν
238 3978 390 4053 Ρώμῃ
404 3983 498 4035 καὶ
518 3984 583 4034 ἐν
608 3982 662 4034 Ἀ
671 3981 1003 4053 λεξανδρείᾳ,
1018 3982 1112 4035 καὶ
1125 3981 1400 4054 πανταχοῦ
1419 3985 1563 4038 ἐστιν
1629 3982 1736 4053 ἐμὴ

181 4064 315 4136 ψυχὴ,
335 4068 589 4125 λανθάνει
608 4072 823 4138 ἑαυτὸν,
843 4073 1007 4126 πάλιν
1026 4073 1189 4126 τόπον
1208 4073 1399 4142 λέγων·
1430 4075 1522 4127 καὶ
1542 4073 1651 4144 γὰρ
1676 4074 1739 4128 τὸ

182 4156 228 4208 ἐν
256 4159 638 4235 Ἀλεξανδρείᾳ,
664 4164 757 4216 καὶ
780 4164 917 4229 ὅλως
941 4164 1000 4217 τὸ
1022 4165 1079 4218 ὲν
1108 4165 1266 4236 τῷδε,
1296 4165 1459 4229 τόπος
1479 4165 1625 4218 ἐστίν
1642 4183 1655 4195 ·
1680 4167 1737 4219 ὲν

180 4248 302 4319 τόπῳ
334 4252 386 4304 δὲ
427 4253 568 4317 ὅλως
608 4255 710 4307 οὐκ
744 4254 913 4320 ἔστιν,
951 4256 1065 4310 ἀλλ’
1101 4259 1159 4310 ὲν
1207 4256 1389 4328 σχέσει
1415 4273 1429 4288 ·
1471 4257 1737 4311 δέδεικται

180 4338 269 4409 γὰρ
295 4342 647 4412 μὴδύνασθαι
679 4344 1079 4417 περιληφθῆναι
1114 4347 1285 4418 τόπῳ.
1322 4348 1491 4401 Ὅταν
1520 4347 1650 4416 γοῦν
1679 4349 1737 4402 ἐν

182 4431 332 4500 σχέσει
360 4436 590 4507 γένηται
624 4439 847 4510 νοητὸν,
878 4439 1044 4494 τόπου
1077 4440 1220 4504 τινὸς
1248 4440 1280 4511 ἢ
1325 4440 1651 4513 πράγματος
1679 4443 1737 4494 ὲν

178 4523 301 4593 τόπῳ
339 4528 485 4591 ὄντος
508 4573 524 4595 ,
565 4532 1148 4604 καταχρηστικώτερον
1181 4533 1411 4604 λέγομεν
1462 4535 1591 4588 αὐτὸ
1620 4537 1735 4588 ἐκεῖ

180 4608 320 4682 εἶναι,
349 4621 431 4676 διὰ
470 4623 574 4693 τὴν
613 4626 893 4697 ἐνέργειαν
943 4626 1126 4689 αὑτοῦ,
1167 4627 1261 4680 τοῦ
1299 4629 1415 4680 ἐκεῖ
1445 4627 1536 4680 τὸν
1566 4629 1731 4682 τόπον

179 4706 277 4760 ἀντὶ
306 4713 537 4782 σχέσεως
577 4718 672 4770 καὶ
717 4718 819 4789 τῆς
851 4718 1130 4789 ἐνεργείας
1161 4718 1550 4790 λαμϐάνοντες.
1601 4720 1730 4773 Δέον

180 4798 266 4869 γὶρ
286 4802 474 4871 λέγειν,
520 4807 686 4862 Ἐκεῖ
705 4809 952 4879 ἐνεργεῖ,
983 4810 1234 4880 λέγομεν,
1279 4810 1443 4864 Ἐκεῖ
1464 4812 1656 4865 ἔστιν.

1839 3346 1993 3411 bilia,
2041 3360 2230 3399 verum
2278 3359 2376 3415 per
2422 3349 2598 3397 totum
2652 3356 2853 3411 corpus
2907 3340 3124 3404 abeant,
3161 3350 3215 3395 et
3250 3340 3421 3394 libere

1839 3436 2178 3505 spatientur,
2219 3434 2335 3489 ﬁeri
2366 3449 2475 3487 non
2516 3440 2716 3503 potest,
2750 3441 2809 3486 ut
2846 3446 2875 3482 a
2906 3430 3292 3502 corporalibus
3317 3430 3417 3484 de-

1838 3529 2152 3593 tineantur;
2181 3527 2273 3582 sed
2306 3527 2448 3581 enim
2486 3540 2608 3579 cum
2637 3524 3001 3595 intelligibilia
3038 3524 3170 3589 sint,
3204 3524 3257 3577 in
3285 3522 3421 3577 locis

1836 3621 2001 3674 etiam
2033 3618 2471 3688 intelligibilibus
2506 3626 2670 3680 sunt;
2720 3626 2812 3669 aut
2844 3617 2990 3671 enim
3035 3616 3088 3669 in
3124 3615 3281 3684 ipsis,
3320 3623 3416 3668 aut

1838 3710 1892 3764 in
1920 3708 2294 3779 superioribus
2326 3707 2822 3771 intellectualibus;
2853 3715 2911 3760 ut
2937 3707 3117 3761 anima
3144 3705 3417 3760 interdum

1836 3803 1892 3858 in
1934 3803 2114 3873 seipsa
2162 3810 2268 3863 est,
2311 3810 2369 3855 ut
2402 3816 2528 3853 cum
2585 3800 2810 3867 cogitat,
2852 3800 3126 3854 interdum
3182 3814 3313 3853 vero
3362 3799 3420 3851 in

1838 3904 2023 3950 mente
2048 3936 2064 3961 ,
2119 3909 2245 3948 cum
2285 3893 2558 3963 intelligit.
2612 3892 2841 3958 Quando
2877 3891 3046 3961 igitur
3094 3891 3146 3945 in
3186 3904 3419 3960 corpore

1838 3986 2042 4041 dicitur
2062 4000 2203 4049 esse,
2231 4000 2338 4038 non
2371 3993 2426 4037 ut
2457 3984 2513 4037 in
2546 3984 2666 4037 loco
2696 3998 2820 4039 esse
2845 3981 3049 4036 dicitur
3075 3982 3130 4034 in
3160 3996 3416 4050 corpore,

1840 4079 1934 4137 sed
1970 4089 2031 4134 ut
2064 4079 2117 4133 in
2153 4080 2283 4141 situ,
2324 4078 2646 4134 habitudine
2677 4089 2731 4133 et
2762 4087 3041 4134 momento
3070 4092 3134 4132 ac
3173 4077 3417 4145 disposi-

1837 4170 1989 4224 tione
2042 4170 2107 4224 ad
2160 4169 2368 4239 aliquid
2417 4169 2665 4240 colligari
2707 4169 2943 4223 dicimus
2972 4182 2999 4221 a
3035 4182 3265 4237 corpore
3299 4168 3420 4221 ani-

1838 4273 2005 4324 mam,
2039 4269 2204 4330 prout
2233 4260 2469 4315 dicimus
2498 4262 2567 4315 ab
2594 4259 2806 4315 amasia
2839 4269 3145 4312 amatorem
3176 4258 3420 4314 constri-

1838 4360 1985 4407 ctum
2025 4353 2375 4422 vinctumque
2422 4367 2567 4415 esse,
2611 4367 2721 4405 non
2774 4351 3137 4422 corporaliter
3170 4358 3224 4406 et
3266 4351 3417 4405 lora-

1838 4444 1985 4507 liter,
2037 4441 2131 4498 sed
2177 4444 2391 4498 ratione
2438 4441 2659 4496 habitus
2692 4440 2984 4511 situsque;
3044 4441 3247 4512 quippe.
3290 4456 3417 4495 eum

1839 4534 2252 4606 magnitudinis,
2286 4542 2341 4588 et
2378 4533 2559 4597 molis,
2586 4540 2641 4587 et
2670 4533 2904 4602 partium
2934 4548 3130 4603 expers
3160 4534 3251 4597 sit,
3281 4548 3416 4602 pras-

1838 4628 2073 4684 stantior
2109 4636 2193 4683 est
2225 4626 2372 4680 omni
2419 4626 2795 4696 descriptione
2840 4641 2938 4696 per
2976 4634 3160 4697 partes
3202 4626 3360 4679 locali
3400 4644 3414 4681 :

1836 4720 2037 4776 etenim
2063 4720 2207 4789 quod
2248 4726 2433 4788 partes
2460 4732 2570 4772 non
2600 4717 2786 4781 habet,
2820 4732 3057 4787 quonam
3087 4724 3266 4789 potest
3297 4716 3419 4770 loco

1836 4810 2260 4865 circumscribi?
2298 4815 2383 4862 est
2414 4808 2557 4863 enim
2604 4810 2754 4864 locus
2785 4813 3105 4865 extremitas
3134 4810 3420 4863 continen-

182 4886 255 4952 ιλιι.
279 4904 541 4964 quatenus
576 4901 821 4956 continet
856 4902 909 4957 id
937 4902 1082 4972 quod
1112 4902 1446 4958 continetur.
1488 4902 1647 4969 Quod
1684 4902 1730 4957 si
1770 4903 1895 4974 quis
1932 4902 2156 4963 dixerit,
2185 4899 2371 4955 Roma:
2403 4900 2571 4973 igitur
2600 4909 2652 4955 et
2679 4901 3040 4965 Alexandriae,
3100 4909 3153 4955 et
3217 4900 3418 4969 ubique

181 4997 246 5040 est
266 4991 433 5047 anima
466 5009 624 5062 mea;
675 4994 812 5067 fugit
857 4996 1060 5066 ipsum,
1115 4998 1259 5067 quod
1326 5014 1522 5055 rursus
1574 4998 1756 5054 locum
1799 4999 2102 5067 designat:
2141 4999 2420 5061 enimvero
2466 4998 2846 5064 Alexandria,
2925 5004 2979 5052 et
3015 4996 3238 5051 omnino
3290 4994 3418 5065 (hic

180 5081 245 5133 vel
269 5082 392 5155 illic)
418 5086 611 5154 locus;
643 5096 809 5158 atque
840 5089 893 5143 in
934 5091 1056 5145 loco
1120 5107 1345 5161 prorsus
1411 5107 1519 5146 non
1563 5100 1670 5158 est,
1704 5091 1800 5147 sed
1842 5092 1897 5145 in
1930 5092 2038 5145 situ
2070 5106 2082 5141 :
2117 5106 2240 5145 nam
2274 5092 2560 5161 probatum
2593 5098 2675 5146 est
2711 5107 2817 5145 non
2843 5106 3002 5161 posse
3029 5086 3418 5158 comprehendi

183 5172 293 5231 loco.
338 5180 524 5250 Itaque
550 5196 676 5235 cum
717 5181 771 5236 id
815 5184 960 5252 quod
990 5185 1359 5253 intelligentia
1400 5185 1722 5255 percipitur,
1764 5184 1819 5238 in
1865 5184 1973 5239 situ
2023 5182 2208 5249 fuerit,
2253 5190 2346 5237 aut
2394 5183 2615 5253 negotio
2657 5184 2895 5254 quodam
2976 5183 3029 5236 in
3106 5182 3225 5235 loco
3271 5181 3417 5233 exsi-

184 5272 363 5327 stente:
408 5270 634 5326 abusive
672 5279 728 5325 et
760 5272 992 5342 ﬁgurate
1032 5273 1270 5331 dicimus
1298 5275 1404 5329 hoc
1474 5275 1652 5345 ipsum
1732 5274 1808 5329 ibi
1846 5289 1994 5337 esse,
2024 5284 2246 5345 propter
2271 5276 2645 5343 operationem
2678 5277 2796 5344 ejus
2825 5273 2969 5344 quod
3004 5273 3076 5327 ibi
3101 5280 3206 5335 est,
3238 5271 3417 5325 locum

185 5370 265 5423 pro
285 5359 383 5415 situ
431 5372 484 5417 et
514 5365 734 5419 actione
765 5375 1084 5433 sumentes;
1113 5382 1239 5421 nam
1272 5382 1398 5421 cum
1429 5366 1722 5422 dicendum
1762 5364 1980 5429 fuisset,
2006 5361 2088 5418 Ibi
2117 5375 2393 5432 operatur,
2425 5365 2685 5429 dicimus,
2707 5360 2791 5420 lbi
2822 5374 2922 5420 est.

248 5454 514 5528 ’ἁρμόσειε
549 5462 593 5514 δ’
625 5461 692 5514 ἂν
723 5464 752 5515 ό
780 5462 939 5530 λόγος
986 5455 1142 5527 οὗτος
1192 5463 1608 5535 καθαρώτερον,
1638 5465 1735 5518 καὶ

187 5546 385 5611 μάλιστα
413 5557 480 5624 τῇ
510 5554 645 5625 πρὸς
672 5554 766 5607 τὸν
793 5555 1078 5625 ἄνθρωπον
1110 5556 1299 5609 ὲνὼσει
1326 5557 1421 5610 τοῦ
1449 5557 1583 5611 Θεοῦ
1626 5558 1731 5611 Λό-

183 5652 277 5704 γον.
309 5646 419 5698 καθ’
458 5648 521 5718 ἣν
551 5648 795 5711 ἑνωθεὶς,
831 5647 1043 5721 ἔμεινεν
1073 5649 1377 5720 ἀσύγχυτος
1408 5651 1498 5703 καὶ
1536 5650 1730 5722 ἀπερί-

183 5727 370 5801 ληπτος,
391 5738 450 5790 οὐ
494 5740 637 5793 κατὰ
661 5739 752 5793 τὸν
777 5740 877 5809 τῆς
906 5739 1083 5811 ψυχῆς
1112 5740 1336 5812 τρόπον.
1380 5739 1597 5811 Ἐκείνη
1630 5742 1728 5812 μὲν

184 5821 270 5890 τὰρ
293 5826 392 5881 τῶν
424 5830 891 5901 πεπληθυσμένων
920 5827 1239 5899 οὗσα,δοκεῖ
1270 5831 1361 5885 καὶ
1384 5831 1725 5903 συμπάσχειν

1910 5461 2252 5531 Congrueret
2298 5476 2433 5516 sane
2469 5462 2558 5516 hic
2604 5478 2785 5517 sermo
2818 5460 3032 5531 purius,
3080 5467 3135 5515 et
3182 5461 3418 5517 maxime

1840 5553 2029 5608 unioni
2066 5551 2230 5609 Verbi
2264 5552 2356 5609 Dei
2388 5569 2511 5608 cum
2560 5554 2975 5623 homine,juxta
3017 5569 3180 5624 quam
3228 5554 3418 5609 unitus

1835 5646 2101 5702 remansit
2153 5646 2498 5711 inconfusus,
2552 5652 2605 5700 et
2654 5644 3248 5715 incomprehensibilis,
3305 5663 3416 5701 non

1836 5744 2033 5797 anima:
2061 5754 2213 5796 more
2246 5739 2536 5809 modoque.
2572 5736 2818 5809 Namque
2852 5738 2943 5793 illa
2981 5753 3101 5793 cum
3136 5754 3199 5793 ex
3235 5739 3320 5792 liis
3346 5738 3417 5793 sit

1834 5851 1954 5905 qua:
1984 5849 2273 5890 numerum
2321 5832 2551 5901 faciunt,
2602 5830 2819 5887 videtur
2866 5843 2919 5890 ct
2955 5830 3246 5891 condolerc
3276 5847 3413 5902 quor
