3920 6490
468 392 575 449 219

1680 380 1737 436 S.
1772 378 2104 435 GREGUBII
2144 378 2440 437 NYSSENI

3622 380 3727 435 2'20

467 503 758 562 dammodo
780 500 997 572 corpori
1030 499 1098 555 ob
1125 507 1334 553 arctam
1359 496 1813 560 familiaritatem,
1843 506 1897 552 et
1922 496 2050 552 illud

2157 514 2275 561 πως
2302 497 2370 551 δι’
2395 496 2701 569 οἰκειότητα
2730 496 2809 568 τῷ
2843 496 3076 569 σώματι,
3105 496 3198 549 καὶ
3236 496 3454 567 κρατεῖν
3475 492 3582 547 ἔσθ’
3618 496 3727 557 ὅτε,

469 596 741 651 interdum
791 591 1098 653 continere,
1144 603 1420 651 coercere,
1462 595 1516 641 et
1547 587 1617 641 ab
1651 587 1745 640 illo
1782 586 2043 642 coerceri.

467 686 668 742 Verum
727 683 871 738 Deus
897 681 1137 737 Verbum
1176 680 1311 733 nihil
1369 694 1398 731 a
1449 678 1837 732 communione
1882 692 2045 747 quam

467 793 592 830 cum
644 789 875 843 corpore
910 779 964 825 et
1006 771 1187 824 anima
1222 768 1403 831 habet,
1442 767 1705 828 variatur,
1742 780 1918 834 neque
1967 765 2049 818 in-

470 868 745 922 firmitatis
771 866 987 919 illorum
1014 862 1287 933 particeps
1309 868 1393 915 est
1416 877 1430 925 ;
1468 859 1563 913 sed
1587 874 1712 912 cum
1743 858 1879 927 ipsis
1899 872 2049 912 com-

468 960 713 1014 municet
743 959 848 1010 vim
876 953 1178 1009 divinitatis
1226 968 1359 1015 suae,
1413 950 1553 1005 idem
1588 964 1935 1019 permanens,
1991 948 2048 1003 in

468 1052 772 1120 eodemque
824 1055 991 1112 statu,
1042 1047 1095 1100 in
1141 1059 1252 1115 quo
1299 1050 1417 1099 erat
1453 1050 1580 1096 ante
1626 1042 1922 1107 unionem;
1984 1055 2049 1095 ac

470 1143 629 1199 valde
660 1158 834 1197 novus
866 1142 954 1195 hic
985 1138 1257 1193 mistionis
1310 1144 1403 1189 aut
1437 1135 1657 1189 unionis
1689 1134 1887 1188 modus
1932 1142 2045 1197 est;

472 1246 527 1291 et
575 1237 846 1290 miscetur
880 1240 941 1287 et
982 1239 1165 1285 manet
1214 1242 1607 1297 usquequaque
1648 1226 1943 1290 immistus,
1994 1234 2049 1281 et

472 1326 819 1386 inconfusus,
870 1330 925 1379 et
972 1320 1455 1384 incommutabilis,
1502 1334 1611 1372 non
1640 1318 2045 1388 compatiendo,

473 1420 570 1476 sed
595 1416 941 1488 cooperando
973 1422 1207 1476 tantum,
1234 1428 1355 1466 cum
1392 1426 1570 1480 neque
1600 1410 1766 1465 simul
1803 1424 2050 1463 corrum-

470 1519 657 1584 patur,
684 1524 785 1563 nec
816 1507 977 1562 simul
1008 1508 1266 1560 alteretur
1293 1519 1306 1554 :
1342 1518 1529 1557 verum
1565 1501 1653 1555 illa
1675 1501 1895 1571 quidem
1917 1516 2050 1555 con-

471 1606 643 1669 ciliet,
698 1604 815 1674 ipse
862 1614 994 1655 vero
1037 1613 1148 1652 non
1197 1595 1502 1650 diminutas
1533 1593 1602 1647 ab
1648 1590 1806 1662 ipsis,
1830 1596 2048 1643 maneat

471 1696 796 1754 mutationis
836 1700 891 1748 et
934 1689 1281 1747 confusionis
1315 1700 1549 1756 expers:
1611 1684 2048 1756 quandoquidem

471 1790 652 1845 omnis
683 1800 908 1855 prorsus
942 1780 1262 1836 variationis
1284 1786 1337 1832 et
1368 1778 1708 1832 alterationis
1729 1792 1921 1832 exsors
1943 1786 2045 1831 est.

2150 591 2244 643 καὶ
2276 588 2628 662 κρατεῖσθαι·
2657 592 2685 643 ό
2707 590 2762 643 δὲ
2797 591 2927 654 Θεὸς
2956 590 3126 658 Λόγος
3148 588 3300 642 οὐδὲν
3331 586 3491 651 αὐτὸς
3511 587 3615 640 ἀπὸ
3633 590 3729 655 τῆς

2149 681 2432 745 κοινωνίας
2456 682 2555 752 τῆς
2580 682 2707 753 περὶ
2739 680 2800 734 τὸ
2827 682 2983 752 σῶμα
3014 682 3107 733 καὶ
3136 681 3235 751 τὴν
3269 679 3446 749 ψυχὴν
3486 678 3728 732 ἀλλοιού-

2152 790 2331 843 μενος,
2368 773 2490 826 οὐδὲ
2524 774 2766 843 μετέχων
2792 776 2891 844 τῆς
2914 773 3137 825 ἐκείνων
3172 770 3488 834 ἀσθενείας’
3518 771 3729 840 μεταδι-

2147 862 2271 927 δοὺς
2298 864 2354 917 δὲ
2380 865 2562 927 αὐτοῖς
2578 866 2679 935 ’τῆς
2708 864 2871 917 αὐτοῦ
2901 865 3153 935 θεότητος
3177 864 3277 935 τὴν
3297 862 3544 932 δύναμιν,
3574 864 3602 916 ὁ
3636 863 3730 915 αὐ-

2146 957 2237 1020 τὸς
2262 957 2437 1027 μένων
2463 959 2519 1010 ὲν
2542 951 2621 1021 οἷς
2642 954 2711 1028 ἦν
2745 959 2839 1010 καὶ
2871 958 2977 1027 πρὸ
3006 956 3105 1026 τῆς
3131 955 3403 1019 ὲνώσεως’
3422 956 3729 1025 καινότερος

2147 1042 2300 1111 οὗτος
2319 1051 2347 1101 ό
2374 1048 2573 1120 τρόπος
2600 1049 2697 1119 τῆς
2728 1049 2977 1119 κράσεως
3004 1047 3037 1117 ἢ
3062 1046 3304 1109 ὲνώσεως
3323 1064 3335 1076 ·
3364 1048 3457 1099 καὶ
3477 1048 3729 1117 κιρνᾶται

2152 1140 2247 1192 καὶ
2284 1140 2431 1209 μένει
2502 1139 2844 1193 παντάπασιν
2882 1140 3111 1209 ἄμικτος
3157 1139 3251 1191 καὶ
3293 1138 3596 1208 ἀσύγχυτος
3636 1139 3729 1189 καί⁵

2148 1230 2471 1301 ἀδιάφθορος
2518 1231 2613 1283 καὶ
2660 1230 3057 1301 ἀμετάὸλητος,
3098 1231 3159 1305 οὐ
3197 1231 3561 1300 συμπάσχων,
3595 1229 3729 1282 ἀλλά

2151 1324 2517 1393 συμπράττων
2550 1323 2729 1392 μόνον,
2765 1322 2885 1375 οὐδὲ
2921 1306 3386 1392 συμφθειίρόμενος
3408 1322 3499 1373 καὶ
3535 1320 3729 1373 συναλ-

2149 1396 2458 1483 λοιούμενος
2479 1429 2492 1441 ·
2529 1413 2661 1466 ἀλλά
2691 1414 2937 1481 συνάγων
2986 1414 3082 1483 μὲν
3112 1415 3294 1466 ἐκεῖνα
3314 1452 3328 1475 ,
3380 1412 3539 1473 αὐτὸς
3567 1412 3624 1464 δὲ
3657 1411 3731 1482 μὴ

2155 1507 2471 1577 μειούμενος
2493 1507 2585 1558 ὑπ’
2600 1505 2776 1558 αὐτῶν
2809 1507 2960 1575 μένει
2990 1506 3256 1577 ἄτρεπτος
3285 1507 3377 1557 καὶ
3404 1504 3727 1573 ἀσύγχυτος,

2151 1598 2339 1667 ἐπειδὴ
2381 1597 2638 1669 καθαρῶς
2669 1598 2852 1667 πάσης
2898 1596 3233 1660 ἀλλοιώσεως
3279 1596 3545 1667 ἀμέτοχός
3592 1598 3728 1647 ἐστι.

2150 1688 2378 1761 Μάρτυς
2415 1688 2605 1743 τούτου
2639 1690 2754 1742 ἐστὶ
2792 1688 3116 1761 Πορφύριος,
3149 1691 3177 1741 ὁ
3207 1688 3345 1741 κατὰ
3370 1688 3463 1741 τοῦ
3492 1684 3731 1759 Χριστοῦ

2154 1782 2383 1852 κινήσας
2438 1782 2534 1852 τὴν
2579 1782 2771 1835 ἑαυτοῦ
2802 1782 3047 1850 γλῶτταν
3081 1798 3096 1811 ο
3139 1781 3355 1852 ἰσχυραὶ
3397 1780 3454 1833 δέ
3503 1782 3642 1832 εἰσιν
3674 1778 3731 1833 αἱ

472 1881 655 1938 Testis
685 1880 849 1948 hujus
880 1875 1202 1931 assertionis
1235 1881 1314 1927 cst
1345 1870 1705 1939 Porphyrius,
1737 1869 1828 1939 qui
1858 1868 2048 1922 adver-

2154 1872 2257 1925 τῶν
2306 1872 2513 1942 ἐχθρῶν
2553 1873 2847 1944 μαρτυρίαι
2893 1872 3034 1943 ὑπὲρ
3080 1872 3255 1943 ἡμῶν,
3290 1872 3416 1924 ὅταν
3461 1870 3732 1941 μηδεμίαν

473 1991 571 2030 sus
609 1972 889 2027 Christum
940 1967 1274 2039 petulantem
1322 1964 1489 2018 movit
1546 1962 1809 2031 linguam.
1850 1959 2048 2015 Verum

472 2067 559 2121 vel
596 2064 941 2119 inimicorum
992 2055 1305 2113 testimonia
1337 2054 1515 2107 valida
1564 2062 1690 2108 sunt
1728 2068 1825 2123 pro
1869 2052 2047 2119 nobis,

2150 1962 2454 2031 ἀντιλογίαν
2489 1954 2620 2015 ὦσιν
2642 1963 3039 2034 έπιδεχόμεναι.
3058 1956 3223 2025 Οὗτος
3248 1962 3426 2015 τοίνυν
3454 1964 3482 2015 ό
3513 1962 3731 2032 Πορφύ-

2153 2075 2290 2128 ριος,
2314 2060 2370 2110 ὲν
2393 2058 2469 2128 τῷ
2492 2058 2727 2127 δευτέρῳ
2750 2056 2894 2126 λόγῳ
2923 2055 3000 2125 τῷ
3029 2055 3165 2124 Περὶ
3192 2057 3537 2125 συμμίκτων
3561 2058 3733 2122 ζητη-

472 2175 598 2215 cum
637 2158 842 2211 nullam
882 2154 1039 2223 plane
1066 2149 1557 2205 contradictionem
1606 2146 1921 2200 admittunt.
1953 2143 2050 2199 Hic

2154 2150 2351 2219 μάτων
2378 2150 2577 2219 γράφει
2601 2149 2743 2201 κατά
2769 2149 2917 2213 λέξιν
2941 2146 3132 2211 οὕτως·
3172 2166 3189 2197 ι
3216 2148 3328 2200 Οὐκ
3354 2146 3732 2215 ἀπογνωστέον

472 2253 642 2321 igitur
670 2246 1005 2317 Porphyrius
1035 2243 1088 2296 in
1116 2240 1357 2297 secundo
1385 2238 1779 2293 commentario
1821 2234 1896 2290 De
1932 2247 2072 2304 qua:-

474 2339 733 2396 stionibus
768 2337 1119 2391 miscellaneis
1143 2374 1158 2397 ,
1186 2333 1258 2386 ita
1289 2331 1355 2386 ad
1386 2330 1611 2387 verbum
1634 2328 1857 2384 scribit:
1895 2344 1913 2380 ι
1937 2325 2053 2381 Mi-

470 2433 619 2485 nime
677 2442 809 2482 sane
872 2423 1243 2478 cunctandum
1294 2428 1378 2477 est
1422 2420 1711 2476 admittere
1755 2420 2050 2475 essentiam

472 2521 735 2587 aliquam,
780 2529 888 2569 una
925 2521 1262 2581 assumptam
1298 2526 1421 2566 esse
1475 2510 1543 2564 ad
1592 2509 2049 2580 complementum

471 2611 699 2667 alterius
722 2606 1065 2671 substantia),
1092 2613 1143 2659 et
1166 2604 1285 2673 ejus
1307 2612 1518 2673 partem
1541 2618 1684 2667 esse,
1704 2602 1867 2657 etiam
1894 2601 2051 2671 juxta

472 2712 724 2757 naturam
776 2712 932 2754 suam
989 2696 1282 2761 manendo,
1351 2703 1640 2767 postquam
1696 2694 2052 2763 compleverit

472 2796 635 2848 aliam
678 2790 1005 2847 essentiam:
1058 2787 1195 2841 adeo
1229 2793 1286 2840 ut
1318 2802 1487 2841 unum
1537 2801 1663 2841 cum
1708 2786 1814 2840 alio
1848 2784 1961 2849 fiat,
2000 2792 2053 2840 et

471 2885 618 2957 quod
652 2899 747 2955 per
777 2898 836 2938 se
863 2896 1032 2935 unum
1068 2880 1231 2934 habet
1262 2890 1579 2946 conservet;
1614 2886 1668 2933 et
1702 2878 1847 2948 quod
1876 2878 2052 2945 majus

471 2985 578 3038 est,
639 2978 811 3044 ipsam
865 2989 973 3029 non
1028 2980 1314 3037 mutatam,
1365 2980 1580 3029 mutare
1633 2974 1723 3028 illa
1760 2975 1814 3026 in
1852 2973 2054 3043 quibus

473 3066 636 3121 fuerit
671 3063 738 3117 ad
773 3077 929 3117 suam
973 3060 1373 3132 operationem,
1424 3063 1713 3131 praesentia
1760 3076 1880 3125 sua,
1915 3077 2052 3117 con-

2151 2238 2244 2297 οῦν
2292 2242 2600 2312 ἐνδέχεσθαί
2650 2258 2772 2296 τινα
2824 2240 3012 2294 οὐσίαν
3068 2240 3608 2312 συμπαραληφθῆναι
3654 2241 3734 2302 είς

2154 2332 2547 2405 συμπλήρωσιν
2578 2331 2771 2403 ἑτέρας
2796 2331 3001 2396 οὐσίας,
3024 2332 3118 2385 καὶ
3140 2326 3279 2385 εἶναι
3315 2331 3479 2402 μέρος
3510 2330 3730 2394 οὐσίας’

2156 2426 2421 2497 μένουσαν
2459 2426 2514 2478 δὲ
2544 2425 2686 2479 κατά
2712 2426 2810 2495 τὴν
2841 2425 3040 2496 ἑαυτῆς
3074 2424 3257 2494 φύσιν,
3292 2425 3429 2494 μετὰ
3459 2423 3552 2477 τοῦ
3598 2441 3735 2495 crop.-

2153 2517 2393 2589 πληροῦν
2414 2518 2580 2587 ἄλλην
2611 2518 2818 2584 οὐσίαν,
2850 2518 2907 2570 ἕν
2923 2535 2983 2571 τε
3017 2518 3112 2571 σὺν
3136 2516 3279 2587 ἄλλῳ
3302 2519 3624 2589 γενομένην,
3645 2518 3735 2571 καὶ

2151 2611 2213 2663 τὸ
2252 2610 2373 2665 καθ’
2401 2613 2599 2681 ἑαυτὴν
2625 2610 2683 2664 ἓν
2710 2610 3096 2677 διασώζουσαν,
3142 2610 3238 2664 καὶ
3261 2611 3322 2663 τὸ
3352 2610 3740 2682 μεῖζον,αὐτὴν.

2157 2704 2255 2775 μὲν
2278 2704 2352 2774 μὴ
2383 2703 2746 2775 τρεπομένην,
2776 2703 3076 2773 τρέπουσαν
3106 2702 3162 2756 δὲ
3182 2703 3364 2755 ἐκεῖνα
3389 2702 3458 2755 τὰ
3477 2703 3534 2754 ὲν
3563 2698 3648 2766 οἷς
3671 2702 3735 2755 ἀν

2152 2795 2426 2864 γίγνηται,
2470 2795 2550 2856 εἰς
2580 2793 2678 2865 τὴν
2724 2794 2921 2864 ἑαυτῆς
2963 2793 3244 2863 ἐνέργειαν
3275 2794 3339 2864 τῇ
3374 2793 3673 2863 παρουσίᾳ.
3711 2810 3730 2843 ι

2154 2882 2315 2952 Λέγει
2350 2884 2404 2936 δὲ
2428 2884 2599 2938 ταῦτα
2624 2884 2752 2955 περὶ
2773 2883 2871 2953 τῆς
2895 2868 3139 2947 ἐνῶσεως
3162 2883 3256 2937 τοῦ
3279 2882 3412 2936 Θεοῦ
3438 2883 3620 2952 Λόγου
3643 2882 3739 2936 καὶ

2152 2974 2246 3028 τοῦ
2284 2974 2552 3047 σώματος.
2585 2977 2648 3029 Εἰ
2680 2976 2736 3029 δὲ
2766 2977 2858 3030 ἐπὶ
2899 2976 2998 3045 τῆς
3031 2975 3210 3047 ψυχῆς
3253 2974 3454 3047 ἀληθὴς
3488 2975 3516 3028 ὁ
3551 2975 3737 3044 λόγος,

2152 3067 2242 3121 διά
2272 3068 2332 3121 τὸ
2367 3067 2676 3138 ἀσώματον,
2700 3068 2878 3140 πολλῷ
2909 3068 3069 3121 πλέον
3109 3068 3203 3122 ἐπὶ
3232 3067 3326 3121 τοῦ
3372 3067 3505 3121 Θεοῦ
3530 3069 3733 3137 Λόγου,

472 3166 600 3213 stat.
636 3176 653 3209 ι
697 3154 821 3209 Haec
848 3162 1030 3209 autem
1060 3153 1195 3208 dicit
1221 3151 1288 3206 de
1313 3152 1514 3208 unione
1536 3152 1697 3208 Verbi
1724 3152 1817 3208 Dei
1845 3162 1897 3207 et
1926 3169 2050 3209 cor-

2154 3158 2247 3212 τοῦ
2299 3160 2498 3231 μᾶλλον
2553 3161 2897 3233 ἀσυγκρίτως
2937 3163 3031 3213 καὶ
3085 3160 3225 3215 κατὰ
3272 3160 3526 3232 ἀλήθειαν
3582 3161 3737 3225 ὄντος

473 3248 645 3321 poris.
676 3244 832 3312 Quod
865 3244 911 3299 si
941 3258 1103 3298 verus
1125 3252 1210 3298 est
1236 3258 1419 3298 sermo
1464 3243 1517 3296 in
1548 3244 1748 3307 anima,
1773 3244 1916 3313 quod
1966 3245 2050 3298 in-

2154 3252 2470 3319 ἀσωμάτου.
2495 3252 2672 3319 Ὅπερ
2719 3252 2972 3325 ἄντικρυς
3004 3253 3341 3323 ἀποφράττει
3366 3252 3438 3305 τά
3489 3253 3739 3323 στόματα

472 3352 735 3409 corporea
769 3338 860 3401 sit,
893 3336 1068 3390 multo
1099 3337 1269 3405 magis
1294 3336 1349 3389 in
1384 3333 1491 3389 Deo
1521 3333 1721 3400 Verbo,
1752 3336 1898 3406 quod
1933 3350 2050 3390 ma-

473 3437 559 3503 gis
607 3429 1134 3500 incomparabiliter,
1187 3436 1240 3482 et
1294 3442 1361 3482 ex
1394 3428 1623 3482 veritate
1669 3427 2049 3497 incorporeum

471 3521 708 3577 exsistit.
746 3518 905 3584 Quod
934 3516 1153 3588 quidem
1203 3518 1428 3572 omnino
1458 3518 1677 3572 obturat
1707 3534 1801 3571 ora
1835 3534 2048 3585 eorum,

472 3613 565 3684 qui
614 3626 875 3668 accusare
907 3610 1303 3682 aggrediuntur
1332 3609 1425 3665 Dei
1483 3612 1738 3665 unionem
1784 3627 1909 3665 cum
1952 3611 2051 3666 ho-

474 3703 652 3761 mine:
687 3703 791 3757 hoe
806 3703 975 3758 enim‘
998 3702 1151 3754 multi
1181 3700 1469 3755 ridiculum
1500 3715 1622 3756 esse
1651 3711 1854 3756 temere
1876 3717 2051 3755 enun-

476 3797 710 3864 tiarunt,
757 3802 811 3849 et
854 3801 1083 3847 mortem
1126 3794 1349 3848 minime
1382 3792 1756 3863 probabilem:
1791 3793 2049 3847 unionem

472 3905 606 3947 vero
635 3890 800 3944 etiam
834 3887 1183 3941 indecoram:
1222 3886 1434 3939 unitum
1468 3885 1667 3955 quippe
1699 3900 1822 3939 esse
1864 3886 1917 3937 in
1954 3899 2049 3937 na-

483 3990 605 4033 tura
660 3993 860 4033 numen
907 3977 1150 4031 divinum
1196 3991 1294 4045 per
1333 3977 1640 4030 mistionem
1685 3987 1738 4029 et
1769 3976 2047 4031 unionem.

477 4068 583 4123 Sed
615 4082 714 4123 nos
743 4068 987 4137 probatis
1006 4065 1236 4120 teStibus
1271 4064 1512 4133 ipsorum
1541 4064 1799 4118 adhibitis
1828 4080 2049 4117 causam

484 4160 785 4215 reddimus.
816 4157 1027 4212 Dicitur
1058 4167 1235 4212 autem
1279 4157 1421 4228 apud
1445 4157 1759 4220 nonnullos,
1793 4163 1846 4209 et
1879 4156 2049 4224 potis:

388 4286 391 4291 -
482 4251 681 4305 simum
738 4249 1127 4311 Eunomiauos,
1184 4250 1397 4302 unitum
1428 4264 1549 4303 esse
1596 4247 1760 4302 Deum
1816 4246 2049 4300 Verbum

484 4342 727 4410 corpori,
774 4356 880 4394 non
918 4342 1216 4395 secundum
1262 4342 1575 4403 cssentiam,
1619 4338 1713 4394 sed
1752 4340 2049 4393 secundum

484 4442 751 4502 utrasque
781 4432 1091 4488 facultates.
1126 4433 1244 4485 Non
1293 4434 1437 4487 enim
1484 4434 1816 4488 substantias
1848 4433 2048 4497 unitas,

2156 3342 2264 3395 τῶν
2284 3343 2705 3413 ἐπιχειρούντων
2730 3347 3052 3415 κατηγορεῖν
3077 3344 3177 3413 τῆς
3202 3342 3296 3396 τοῦ
3325 3343 3459 3397 Θεοῦ
3488 3344 3740 3408 ὲνώσεως

2158 3435 2294 3503 πρὸς
2324 3436 2413 3488 τὸν
2433 3434 2735 3505 ἄνθρωπον.
2759 3436 2833 3487 Τὸ
2876 3436 2972 3505 μὲν
3000 3436 3107 3506 γὰρ
3136 3434 3449 3489 ἐδειλίασεν⁶
3474 3436 3523 3488 οἰ
3549 3434 3739 3489 πολλοὶ

2157 3526 2362 3595 γελοῖον
2394 3523 2526 3580 εἶναι
2551 3527 2805 3594 ἔφασκον,
2848 3527 2940 3580 τὸν
2971 3526 3026 3580 δὲ
3056 3525 3284 3581 θάνατον
3314 3529 3405 3580 καί
3445 3527 3735 3593 ἀπίθανον,

2156 3618 2255 3689 τὴν
2281 3618 2337 3670 δὲ
2370 3618 2561 3671 ἕνωσιν
2588 3618 2681 3671 καὶ
2708 3618 2972 3688 ἀπρεπές.
3008 3618 3274 3672 Ἢνῶσθαι
3312 3620 3419 3689 γὰρ
3448 3621 3504 3672 ὲν
3534 3621 3602 3690 τῇ
3639 3619 3740 3688 φύ-

2160 3727 2241 3763 σει
2260 3710 2319 3763 τὸ
2341 3710 2479 3763 θεῖον
2505 3710 2645 3762 κατά
2670 3712 2862 3781 κρᾶσιν
2888 3711 2982 3763 καὶ
3014 3710 3225 3781 ἕνωσιν.
3261 3710 3399 3764 Ἀλλ’
3436 3713 3597 3782 ἡμεῖς
3623 3715 3737 3775 τοῖς

2158 3802 2331 3854 εὐδοκί
2340 3819 2459 3872 μοις
2484 3802 2663 3855 αὐτῶν
2692 3791 3021 3873 χρησάμενοι
3066 3803 3354 3874 μάρτυσιν,
3374 3804 3737 3874 ἀποδιδόμεθα

2157 3892 2255 3962 τὴν
2281 3892 2479 3947 αἰτίαν.
2503 3892 2735 3961 Λέγεται
2779 3893 2833 3945 δὲ
2871 3895 3018 3963 παρά
3043 3912 3172 3957 τισι,
3211 3895 3303 3948 καὶ
3358 3894 3591 3965 μάλιστα
3624 3898 3739 3961 τοῖς

2158 3984 2526 4054 Εὐνομιανοῖς,
2559 3985 2794 4054 ἡνῶσθαι
2815 3986 2907 4038 τὸν
2940 3987 3070 4039 Θεὸν
3110 3987 3278 4056 Λόγον
3307 3989 3383 4059 τῷ
3416 3986 3733 4059 σώματι,οὐ

2158 4077 2276 4128 κατ’
2316 4075 2525 4137 οὐσίαν,
2568 4075 2702 4128 άλλά
2747 4075 2887 4129 κατὰ
2917 4076 3014 4137 τὰς
3051 4078 3312 4147 ἑκατέρας
3345 4078 3620 4147 δυνάμεις.
3660 4080 3735 4133 Οὐ

2157 4166 2265 4237 γάρ
2316 4162 2452 4218 εἶναι
2493 4165 2590 4228 τὰς
2630 4166 2817 4229 οὐσίας
2858 4166 2955 4229 τὰς
3000 4168 3288 4232 ὲνωθείσας
3328 4169 3359 4239 ἢ
3411 4168 3734 4238 κραθείσας,

2157 4257 2293 4310 ἀλλά
2337 4257 2436 4320 τάς
2467 4257 2721 4327 δυνάμεις
2746 4257 2839 4311 τοῦ
2887 4258 3135 4329 σώματος
3163 4265 3282 4324 ταῖς
3318 4260 3575 4331 δυνάμεσι
3610 4266 3734 4327 ταῖς

2159 4349 2330 4411 θείαις
2354 4350 2798 4419 συγκεκρᾶσθαι·
2827 4351 3084 4422 δυνάμεις
3110 4352 3165 4404 δὲ
3197 4351 3289 4405 τοῦ
3315 4354 3562 4423 σώματος
3596 4370 3739 4407 παν-

2159 4439 2246 4501 τὸς
2279 4439 2450 4509 δήπου
2480 4439 2572 4490 τοῦ
2614 4439 2924 4508 ὀργανικοῦ,
2959 4442 3076 4494 κατ’
3124 4443 3513 4514 Ἀριστοτέλην,
3538 4442 3734 4511 λέγου-

486 4533 582 4578 aut
616 4525 805 4579 mistas
835 4539 958 4578 esse
988 4526 1345 4587 contendunt,
1376 4526 1469 4580 sed
1500 4526 1786 4581 facultates
1807 4527 2050 4594 Corporis

2162 4547 2242 4582 σιν
2276 4526 2411 4582 εἶναι
2439 4530 2535 4590 τὰς
2552 4529 2850 4599 αἰσθήσεις.
2869 4531 3105 4595 Ταύταις
3127 4529 3218 4585 οὖν
3238 4534 3292 4585 αἱ
3321 4534 3459 4585 θεῖαι
3474 4534 3736 4604 δυνάμεις

486 4618 690 4672 divinis
743 4615 1093 4669 facultatibus
1151 4618 1490 4672 commistas.
1542 4616 1715 4672 Porro
1767 4618 2053 4673 facultates

490 4706 742 4777 corporis
783 4707 1025 4777 cujusvis
1051 4707 1318 4777 organici,
1355 4709 1604 4763 videlicet
1644 4724 1708 4763 ex
1736 4709 2051 4773 Aristotele,

478 4800 670 4855 dicunt
698 4815 819 4855 esse
848 4815 1063 4854 sensus.
1093 4800 1188 4853 His
1208 4816 1336 4871 ergo
1364 4802 1561 4855 divina:
1588 4800 1878 4856 facultates
1905 4817 2055 4856 com-

477 4891 653 4947 mista:
692 4891 945 4945 unionem
975 4889 1129 4959 juxta
1163 4892 1311 4962 ipsos
1345 4892 1627 4957 efficiunt;
1674 4907 1861 4945 verum
1893 4906 2054 4947 nemo

475 4983 612 5055 ipsis
661 4985 857 5054 opinor
896 4987 1257 5051 concesserit,
1307 4987 1458 5056 quod
1512 5001 1708 5041 sensus
1758 5002 2054 5055 col-porcas

476 5076 765 5131 facultates
798 5088 1141 5131 asseverant:
1192 5079 1393 5131 etcnim
1440 5078 1507 5132 iis
1548 5093 1668 5146 qua:
1698 5094 1864 5147 supra
1907 5078 2053 5131 dixi-

477 5184 621 5231 mus,
656 5170 758 5223 ista
788 5178 974 5239 aperte
1020 5169 1280 5225 distincta
1319 5182 1467 5230 sunt,
1498 5185 1747 5239 quamam
1795 5169 2052 5222 nimirum

474 5260 694 5329 propria
747 5262 994 5329 corporis
1039 5263 1173 5326 sint,
1218 5278 1469 5332 quamam
1520 5263 1736 5326 animae,
1791 5261 2054 5315 nonnulla

474 5367 604 5405 vero
636 5352 923 5422 utriuSque
958 5355 1160 5410 simul:
1199 5363 1363 5425 atque
1391 5357 1446 5409 in
1490 5355 1726 5424 propriis
1769 5354 2055 5422 utriusque

476 5459 673 5499 sensus
705 5446 1068 5502 instrumenta
1111 5448 1430 5503 dicebamus
1483 5448 1933 5518 incorporeorom
1970 5447 2054 5499 in-

472 5534 704 5590 confuse
747 5536 1001 5591 unionem
1044 5538 1413 5592 essentiarum
1456 5536 1594 5599 fieri,
1648 5551 1773 5590 cum
1817 5535 2054 5589 divinior

474 5632 628 5684 nullo
653 5631 814 5685 modo
843 5630 1151 5686 olfendatur
1194 5632 1263 5684 ab
1304 5628 1583 5683 inferiore.
1646 5626 1759 5681 lmo
1792 5627 1903 5681 haec
1933 5636 2054 5681 tan-

473 5731 590 5777 tum
622 5723 916 5792 adjuvetur
952 5738 981 5776 a
1021 5723 1326 5778 diviniore:
1383 5719 1828 5791 quandoquidem
1860 5728 2052 5774 natura

479 5829 613 5884 pure
644 5814 967 5884 incorporea
995 5814 1177 5869 omnia
1201 5814 1425 5886 impune
1456 5812 1744 5884 pervolitat
1775 5811 1882 5867 late
1908 5812 2048 5879 loca,

2160 4620 2585 4691 συγκιρνάμεναι
2613 4620 2709 4687 τὴν
2738 4620 2931 4673 ἕνωσιν
2958 4622 3359 4689 ἀπειργάσαντο
3380 4623 3734 4686 κατάὐτούς.

2157 4712 2342 4774 Οὐδεὶς
2376 4711 2431 4763 δὲ
2456 4711 2521 4763 ἂν
2563 4711 2765 4774 αὐτοῖς,
2798 4706 2974 4782 οἶμαι,
3003 4715 3371 4783 συγχωρήσειε
3407 4714 3504 4775 τὰς
3537 4714 3734 4784 αἰσθή-

2158 4822 2269 4867 σεις
2299 4803 2612 4873 σωματικὰς
2638 4803 2893 4873 δυνάμεις
2916 4806 3407 4874 ἀποφαινομένοις.
3440 4804 3735 4875 Διώρισται

2155 4896 2263 4965 γὰρ
2288 4896 2344 4946 ὲν
2388 4896 2500 4956 τοῖς
2536 4893 2843 4965 ἔμπροσθεν
2879 4893 3086 4962 σαφῶς,
3124 4894 3243 4947 τίνα
3281 4896 3379 4964 μὲν
3408 4895 3513 4948 ἴδια
3540 4894 3731 4967 σώμα-

2154 5003 2273 5049 τος,
2314 4985 2436 5038 τίνα
2466 4985 2523 5038 δὲ
2556 4985 2737 5057 ψυχῆς
2760 5024 2777 5052 ,
2812 4987 2933 5040 τίνα
2973 4986 3028 5039 δὲ
3060 4986 3152 5038 τοῦ
3185 4987 3590 5056 συναμφοτέρου
3635 4987 3739 5040 καὶ

2155 5081 2212 5131 ὲν
2244 5080 2355 5140 τοῖς
2397 5077 2547 5140 ἰδίοις
2595 5078 2688 5131 τοῦ
2745 5078 3157 5148 συναμφοτέρου
3202 5078 3299 5139 τάς
3341 5077 3637 5146 αἰσθήσεις,
3662 5076 3737 5131 τὰ

2154 5170 2358 5239 ὄργανα
2417 5168 2675 5240 ἐλέγομεν
2724 5170 2831 5222 τῶν
2876 5170 3180 5239 ἀσωμάτων
3204 5211 3218 5233 ,
3258 5168 3573 5238 ἀσυγχύτως
3629 5168 3742 5238 τὴν

2154 5262 2347 5315 ἕνωσιν
2376 5262 2483 5315 τῶν
2515 5262 2711 5315 οὐσιῶν
2755 5262 3019 5330 γίνεσθαι,
3070 5261 3233 5331 μηδὲν
3273 5261 3732 5331 παρασλαπτομέο

2154 5369 2251 5423 νης
2271 5354 2369 5424 τῆς
2398 5353 2673 5424 θειοτέρας
2696 5355 2759 5407 ὲκ
2780 5354 2879 5425 τῆς
2902 5352 3293 5424 ὑποδεεστέρας
3313 5392 3326 5416 ,
3369 5353 3502 5406 ἀλλά
3528 5353 3739 5423 ταύτης

2159 5444 2315 5515 μόνον
2368 5444 2751 5514 ὼφελουμένης
2794 5446 2858 5496 ὲκ
2908 5444 3007 5513 τῆς
3065 5442 3340 5512 θειοτέρας
3377 5460 3392 5475 ·
3434 5444 3664 5513 ἐπείπερ
3695 5445 3729 5513 ἠ

2156 5536 2409 5606 καθαρῶς
2444 5536 2731 5605 ἀσώματος
2770 5535 2931 5601 φύσις
2975 5538 3143 5606 χωρεῖ
3181 5536 3279 5605 μὲν
3322 5536 3610 5599 ἀκωλύτως
3644 5534 3738 5589 διὰ

2156 5630 2391 5692 πάντων,
2432 5630 2499 5682 δι’
2525 5629 2694 5698 αὐτῆς
2719 5628 2774 5681 δὲ
2801 5628 2953 5681 οὐδέν
2978 5646 2990 5659 ο
3026 5628 3165 5681 ὥστε
3194 5630 3253 5681 τὸ
3286 5629 3382 5699 μὲν
3420 5632 3613 5700 χωρεῖν
3632 5628 3735 5682 αὐ-

2154 5722 2252 5792 τὴν
2282 5722 2368 5774 διὰ
2407 5720 2623 5773 πάντων
2655 5718 2931 5791 ἡνῶσθαι,
2958 5719 3019 5772 τὸ
3051 5719 3106 5772 δὲ
3147 5720 3311 5790 μηδὲν
3342 5720 3409 5773 δι’
3430 5721 3596 5791 αὐτῆς
3630 5720 3734 5788 μέ-

2156 5831 2265 5867 νειν
2317 5812 2546 5883 ἄμικτον
2578 5813 2672 5867 καὶ
2716 5810 3037 5883 ἀσύγχυτον.
3076 5812 3187 5865 Οὐκ
3246 5811 3457 5883 εὐδοκία
3500 5812 3674 5865 τοίνυν
3705 5812 3737 5868 6
