3920 6464
204 353 288 408 ῒΞΙ
1431 351 1765 409 EPISTOLA
1795 351 2162 409 CANONICA.
3312 356 3420 413 22‘!

203 471 347 532 τύπος
376 466 473 537 τῆς
500 464 764 533 ἐνώσεως,
790 465 865 530 ῶς
894 484 1003 519 τισι
1030 465 1139 519 τῶν
1165 463 1390 531 ἐνδόξων
1422 468 1629 539 ἀνδρῶν
1660 468 1741 523 δο-

1851 480 1905 525 et
1940 485 2034 540 per
2076 470 2249 538 ipsam
2294 467 2427 521 nihil
2465 476 2742 537 penetrat:
2796 469 2870 523 ita
2917 478 2976 524 ut
3006 469 3091 525 vis
3135 468 3223 524 illa
3254 487 3420 541 pene-

204 559 425 615 κεῖ·ἁλλ’
453 560 486 627 ὴ
510 559 669 625 φύσις
695 556 861 609 αἰτία.
899 555 972 609 Τὸ
1000 557 1097 624 μὲν
1131 556 1241 628 γὰρ
1274 557 1559 611 ἀναλαϐεῖν
1593 558 1741 629 σῶμα

1859 560 2038 614 trandi
2066 575 2161 628 per
2181 560 2364 613 omnia
2393 560 2636 621 uniatur,
2669 559 2843 613 virtus
2875 573 3000 613 vero
3028 575 3135 628 qua
3163 560 3295 613 nihil
3327 576 3421 630 per

203 652 301 704 κατ’
324 648 562 701 εὐδοκίαν
585 649 727 700 εἴποι
752 648 837 709 τὶς
859 646 923 700 ἂν
948 646 1185 715 εὐλόγως
1221 648 1544 718 γεγενῆσθαι
1566 667 1579 679 ο
1612 650 1670 702 τὸ
1695 650 1741 703 δὲ

1850 651 2023 719 ipsam
2059 651 2279 710 transit,
2307 658 2520 704 maneat
2546 650 2775 702 illibata.
2804 648 3168 714 Quamobrem
3204 652 3422 706 unionio

201 740 475 808 ἑνούμενον,
502 738 606 809 [μὴ
657 739 877 801 καὶτὰς
926 736 1310 809 καταϐάσεις’]
1328 734 1486 793 εἶναι.
1538 740 1741 794 Βέλτιον

1850 742 2045 796 modus
2082 757 2191 795 non
2229 740 2293 792 ad
2323 740 2577 808 placitum
2610 747 2715 805 est,
2746 749 2805 793 ut
2837 739 3160 807 quibusdam
3192 740 3422 795 illustri-

198 828 291 895 οὖν,
317 832 388 891 ὡς
412 830 755 899 προείρηται,
781 828 919 881 κατὰ
936 829 1033 897 τὴν
1052 829 1258 882 οἰκείαν
1278 828 1456 897 φύσιν.
1478 830 1616 893 Τοὺς
1644 831 1741 901 γὰρ

1850 832 1952 887 bus
1988 833 2119 885 viris
2157 832 2389 894 videtur,
2426 831 2519 884 sed
2567 840 2761 882 natura
2786 844 2954 885 causa
2983 841 3084 885 est.
3115 828 3246 884 Nam
3274 830 3419 900 quod

198 922 409 991 βαθμοὺς
432 919 542 971 τῶν
572 919 782 988 ψυχῶν,
823 920 916 972 καὶ
962 920 1062 981 τὰς
1087 920 1398 983 ἀναϐάσεις,
1428 920 1494 983 ἃς
1536 921 1741 990 Ὧριγέ-

1853 924 2213 993 assumpserit
2269 936 2471 991 corpus
2517 936 2585 974 ex
2637 921 2999 989 beneplacito,
3054 920 3253 975 iactum
3296 937 3420 978 esse

196 1030 273 1081 νης
301 1011 499 1074 εἰσάγει
519 1050 534 1075 ,
578 1012 745 1081 μηδὲν
785 1011 1112 1080 συνᾳδούσας
1138 1014 1255 1072 ταῖς
1284 1011 1453 1073 Θείαις
1483 1013 1741 1081 Γραφαίς,

1848 1014 1972 1084 jure
2004 1014 2199 1068 merito
2227 1016 2350 1083 quis
2387 1015 2571 1068 dicere
2598 1013 2784 1082 possit.
2811 1012 2967 1079 Quod
3004 1022 3182 1068 autem
3212 1014 3416 1077 uultur,

195 1104 306 1173 μηδὲ
364 1103 747 1172 προσηκούσας
800 1105 911 1165 τοῖς
945 1101 1051 1155 τῶν
1106 1101 1442 1173 Χριστιανῶν
1473 1103 1741 1172 δόγμασι,

1854 1120 1963 1159 non
1990 1106 2287 1159 secundum
2317 1106 2614 1160 descensus
2641 1120 2800 1159 esse:
2834 1105 3064 1174 proinde
3108 1104 3324 1169 melius,
3359 1112 3420 1158 ut

192 1194 580 1263 παραλειπτέον.

1852 1205 1978 1251 ante
2003 1198 2208 1251 dictum
2236 1208 2342 1263 est,
2374 1196 2525 1265 juxta
2549 1196 2821 1264 propriam
2849 1206 3122 1250 naturam.
3147 1194 3417 1250 Caeterum

192 1291 465 1345 animarum
507 1287 717 1357 gradus
747 1296 801 1341 et
838 1302 1101 1341 ascensus
1154 1293 1208 1339 et
1256 1286 1557 1340 descensus
1609 1302 1746 1356 quos
1785 1287 2048 1359 Origenes
2095 1288 2325 1350 inducit,
2383 1296 2442 1342 ut
2523 1288 2670 1341 nulla
2740 1286 2795 1339 in
2843 1302 2900 1341 re
2935 1286 3138 1341 divinis
3186 1287 3418 1357 eloquiis

191 1383 535 1444 concinentes,
604 1397 782 1449 neque
836 1379 1267 1433 Christianorum
1321 1377 1556 1433 decretis
1610 1391 2001 1451 congruentes,
2034 1382 2450 1450 pratermittere
2482 1395 2578 1449 par
2612 1387 2716 1434 est.

191 1591 3391 1626 mw

1483 1753 1710 1838 ΤΟΥ
1763 1750 2138 1839 ΑΥΤΟΥ

904 1962 1701 2085 ΕΠΙΣΤΟΛΗ
1849 1965 2693 2083 ΚΑΝΟΝΙΚΗ

797 2178 978 2238 ΠΡΟΣ
1027 2182 1165 2236 ΤΟΝ
1209 2181 1301 2235 ΕΝ
1338 2180 1558 2235 ΑΓΙΟῙΣ
1594 2179 1901 2234 ΛΗτοίοΝ
1933 2180 2329 2235 ΕΠΙΣΚΟΠΟΝ
2361 2181 2765 2237 ΜΕΛΙΤΙΝΗΣ.

1102 2504 1643 2594 EJUSDEM
1719 2505 1813 2591 S.
1867 2500 2444 2593 GREGORII

880 2738 1689 2857 EPISTOLA
1843 2735 2696 2849 CANONICA

1091 2976 1182 3028 AD
1222 2973 1280 3028 S.
1324 2964 1634 3025 LETOIUM
1660 2963 2029 3023 MELITINES
2072 2964 2480 3024 EPISCOPUM.

1375 3289 1623 3340 Gentiano
1648 3289 1868 3339 Hcrvetu
1885 3291 2178 3351 interprete.

238 3595 323 3650 Ἕν
348 3596 441 3650 καὶ
466 3594 633 3649 τοῦτο
653 3593 763 3647 τῶν
782 3593 861 3658 εἰς
884 3592 982 3663 τὴν
1006 3590 1167 3660 ἁγίαν
1196 3590 1388 3663 ἑορτὴν
1422 3588 1733 3651 συντελούν-

1912 3588 2066 3661 [Cum
2090 3589 2110 3641 l
2134 3598 2184 3642 et
2206 3587 2288 3660 2.]
2317 3585 2498 3641 Unum
2519 3586 2623 3641 hoc
2644 3601 2861 3656 quoque
2883 3594 2969 3641 est
2984 3601 3176 3642 eorum
3197 3602 3322 3657 quae
3342 3586 3410 3642 ad

176 3703 267 3739 των
295 3690 440 3753 ἐστὶ,
483 3687 550 3741 τὸ
604 3685 940 3755 κατανοῆσαι
972 3685 1120 3755 ἡμᾶς
1149 3683 1248 3754 τὴν
1280 3682 1501 3753 ἔννομόν
1541 3699 1600 3736 τε
1645 3684 1738 3736 καὶ

1840 3688 2091 3735 sanctum
2115 3679 2312 3734 festum
2330 3678 2645 3744 conferunt,
2668 3682 2713 3735 si
2734 3697 2834 3735 nos
2850 3681 3223 3751 intelligamus
3240 3683 3417 3754 legiti-

178 3780 440 3851 κένονικὴν
468 3776 592 3833 ἐπὶ
633 3778 743 3831 τῶν
799 3776 1339 3847 πεπλημμεληκότων
1389 3775 1697 3846 οἰκονομίαν
1720 3790 1735 3805 ’

1840 3789 1984 3827 mam
2013 3781 2067 3827 et
2093 3772 2415 3827 canonicam
2442 3772 2494 3824 in
2516 3771 2583 3825 iis
2601 3773 2692 3841 qui
2717 3776 3412 3843 peccaruntmconomiam,

176 3870 301 3934 ὅπως
324 3870 387 3924 ἂν
415 3867 793 3941 θεραπευθείη
815 3867 923 3921 πᾶν
948 3864 1202 3938 ἀρῤώστη
1213 3882 1286 3934 μα
1313 3864 1631 3934 ψυχικὸν,τὺ
1651 3863 1739 3916 διά
1764 3886 1771 3909 ε

176 3975 298 4025 τινος
323 3962 603 4033 ἁμαρτίας
625 3958 1020 4028 ὲπιγινόμενον.
1051 3955 1266 4027 Ἐπειδὴ
1291 3955 1398 4025 γὰρ
1421 3957 1452 4026 ἡ
1477 3954 1737 4025 καθολικὴ

178 4052 256 4103 καὶ
291 4051 428 4121 αὕτη
472 4050 583 4119 τῆς
639 4050 865 4111 κτίσεως
907 4046 1067 4118 ἑορτὴ
1098 4046 1240 4099 κατὰ
1274 4046 1374 4115 τὴν
1402 4045 1736 4115 τεταγμένην

177 4143 395 4213 περίοδον
420 4141 518 4195 τοῦ
562 4140 891 4193 ἐνιαυσιαίου
937 4138 1138 4191 κύκλου
1169 4137 1290 4191 καθ’
1324 4138 1551 4190 ἕκαστον
1596 4136 1733 4201 ἔτος,

175 4233 223 4284 ἐν
265 4233 417 4283 παντὶ
468 4228 822 4299 πληρουμένη
869 4226 945 4297 τῷ
997 4227 1216 4297 κόσμῳ,
1264 4226 1357 4278 ἐπὶ
1388 4228 1452 4295 τῇ
1498 4225 1736 4278 ἀναστά-

178 4338 245 4374 σει
269 4324 354 4376 τοῦ
396 4322 754 4383 πεπτωκότος
793 4319 1118 4372 ἐπιτελεῖται
1153 4332 1167 4346 ’
1204 4316 1409 4377 πτῶσις
1435 4315 1491 4369 δέ
1523 4317 1669 4368 ἐστιν
1702 4317 1734 4386 ἡ

177 4414 392 4484 ἁμαρτία
408 4434 421 4444 ·
455 4414 757 4474 ἀνάστασις
780 4411 836 4463 δὲ
858 4414 890 4480 ἡ
913 4410 977 4462 ὲκ
1003 4408 1093 4461 τοῦ
1118 4407 1409 4477 πτώματος
1438 4407 1534 4478 τῆς
1558 4408 1737 4478 ἁμαρ-

176 4506 276 4568 tia;
331 4505 668 4576 ἀνόρθωσις·
714 4501 895 4564 καλῶς
931 4500 996 4554 ἂν
1049 4499 1160 4569 ἔχοι
1195 4499 1333 4553 κατὰ
1381 4499 1477 4569 τὴν
1524 4499 1735 4570 ἡμέραν

174 4598 374 4667 ruﬁ-cry,
420 4598 485 4649 οὐ
546 4595 707 4665 μόνον
746 4594 868 4655 τοὺς
896 4593 960 4645 ὲκ
990 4590 1403 4658 παλιγγενεσίας
1450 4607 1733 4660 μεταστοι-

174 4688 499 4755 χειουμὲνους
557 4685 646 4738 διὰ
690 4683 788 4753 τῆς
824 4682 916 4735 τοῦ
948 4680 1175 4751 λουτροῦ
1220 4681 1439 4752 χάριτος
1483 4680 1563 4751 τῷ
1617 4680 1736 4751 Θεῷ

178 4778 474 4847 προσάγειν,
505 4776 645 4830 ἀλλὰ
673 4775 768 4828 καὶ
803 4776 928 4838 τοὺς
960 4773 1048 4827 διὰ
1086 4773 1186 4843 τῆς
1226 4773 1510 4842 μετανοίας
1547 4790 1606 4825 τε
1642 4773 1799 4827 καὶ-ιι

177 4868 488 4938 ἐπιστροφῆς
522 4869 634 4920 ἀπὸ
681 4866 790 4919 τῶν
831 4865 1038 4936 νεκρῶν
1086 4865 1262 4934 ἔργων
1299 4866 1378 4927 εἰς
1423 4865 1522 4935 τὴν
1557 4864 1735 4928 ζῶσαν

1780 3872 1805 3913 ίη
1841 3876 1898 3921 ut
1930 3874 2155 3921 curetur
2201 3866 2381 3920 omnis
2422 3865 2647 3919 morbus
2691 3866 2887 3919 anima:
2924 3865 3015 3935 qui
3053 3882 3150 3936 per
3190 3867 3413 3937 aliquod

1839 3966 2123 4029 peccatum
2165 3957 2387 4011 accidit.
2423 3957 2691 4022 Quoniam
2725 3958 2870 4011 enim
2918 3957 3022 4011 hoc
3060 3967 3146 4012 est
3184 3958 3412 4013 univer-

1839 4052 1953 4105 sale
2025 4050 2224 4113 l'estum
2258 4049 2580 4113 creationis,
2621 4049 2765 4118 quod
2807 4049 2862 4102 in
2898 4049 3205 4118 praestituto
3242 4051 3409 4105 annui

1839 4143 2031 4197 circuli
2067 4142 2298 4204 ambitu,
2330 4142 2566 4211 singulis
2598 4142 2759 4196 annis
2802 4142 2854 4193 in
2888 4142 3146 4196 universo
3181 4144 3405 4210 mundo,

1837 4240 2061 4303 propter
2093 4231 2213 4299 ejus
2241 4230 2332 4299 qui
2364 4230 2639 4284 ceciderat
2670 4231 3152 4293 resurrectionem,
3190 4233 3404 4303 peragi-

1768 4328 1797 4357 ~'~
1839 4333 1927 4376 tur
1962 4327 2160 4391 (casus
2194 4330 2377 4376 autem
2426 4328 2510 4375 est
2558 4328 2863 4390 peccatum,
2900 4322 3228 4376 resurrectio
3256 4338 3405 4389 vero,

1835 4429 1901 4467 ex
1933 4414 2138 4483 peccati
2166 4428 2298 4468 casu
2322 4414 2579 4481 erectio),
2600 4420 2747 4467 recte
2773 4413 3043 4473 habuerit,
3073 4414 3119 4467 si
3146 4413 3409 4469 hodierno

1837 4506 1924 4558 die
1946 4520 2056 4559 non
2082 4505 2259 4559 solum
2290 4519 2387 4559 eos
2407 4504 2499 4573 qui
2529 4518 2594 4556 ex
2630 4492 3049 4572 regeneratione
3080 4518 3177 4572 per
3204 4504 3409 4558 lavacri

1836 4595 2069 4665 gratiam
2118 4593 2474 4648 transmutati
2510 4600 2658 4654 sunt,
2716 4592 2780 4645 ad
2827 4590 2995 4645 Deum
3050 4592 3406 4659 adducamus,

1838 4685 1935 4739 sed
1967 4700 2065 4739 eos
2109 4684 2273 4738 etiam
2310 4683 2403 4753 qui
2446 4697 2541 4752 per
2576 4681 2957 4752 paenitentiam
2990 4690 3045 4736 et
3093 4682 3409 4736 conversio—

1836 4791 1984 4839 nem,
2027 4791 2056 4828 a
2084 4776 2316 4830 mortuis
2346 4775 2606 4843 operibus
2638 4773 2703 4827 ad
2737 4774 3009 4827 viventem
3040 4775 3182 4827 viam
3218 4788 3409 4828 ascen-

1836 4867 1995 4930 dunt,
2027 4867 2092 4920 ad
2125 4881 2275 4937 spem
2302 4880 2420 4931 qua:
2442 4865 2624 4919 salvos
2644 4879 2739 4919 eos
2774 4864 2938 4917 faciat
2964 4872 3219 4931 tanquam
3243 4880 3403 4917 manu

176 4956 275 5010 ὁδὸν
296 4959 456 5013 πάλιν
474 4958 820 5021 ἐπανιόντας,
845 4958 941 5010 καὶ
967 4956 1188 5021 τούτους
1213 4961 1571 5029 χειραγωγεῖν
1598 4959 1733 5030 πρὸς

1841 4957 2200 5021 deducamus,
2233 4973 2261 5010 a
2291 4972 2397 5025 qua
2428 4971 2523 5025 per
2551 4964 2838 5025 peccatum
2876 4956 3096 5009 alienati
3125 4964 3272 5009 sunt.
3303 4954 3409 5008 Ne-

176 5049 259 5119 τὴν
286 5050 562 5115 σώζουσαν
588 5049 802 5109 ἐλπίδα,
832 5043 900 5118 ἦς
924 5048 1012 5101 διὰ
1038 5050 1137 5119 τῆς
1169 5050 1439 5120 ἁμαρτίας
1462 5049 1737 5116 ἀπεξενῶ-

178 5137 344 5210 θησαν.
379 5140 609 5194 Ἔστιδὲ
640 5141 699 5194 οὐ
727 5140 918 5211 μικρὸν
942 5139 1118 5210 ἔργον,
1146 5141 1206 5193 τὸ
1230 5142 1355 5203 τοὺς
1384 5143 1508 5213 περὶ
1534 5140 1738 5195 τούτων

176 5230 344 5299 λόγους
364 5234 720 5303 οἰκονομῆσαι
747 5234 805 5285 ὲν
833 5235 896 5302 τῇ
926 5232 1057 5303 ὀρθῇ
1094 5250 1152 5285 τε
1188 5238 1280 5285 καὶ
1304 5232 1736 5304 δεδοκιμασμένῃ
1758 5258 1773 5279 η

180 5324 361 5393 κρίσει,
398 5326 538 5378 κατά
578 5326 639 5377 τὸ
689 5324 1051 5394 παράγγελμα
1099 5324 1192 5376 τοῦ
1226 5326 1532 5394 Προφήτου,
1556 5325 1615 5378 τὸ
1642 5341 1737 5377 κε-

177 5412 309 5469 λεῦον
340 5418 450 5471 δεῖν
497 5416 833 5486 οἰκονομεῖν
879 5416 1020 5482 τὸυς
1044 5419 1267 5486 λόγους
1290 5417 1359 5469 ἐν
1381 5418 1595 5485 κρίσει,
1620 5418 1727 5481 ἵνα,

184 5506 342 5571 καθὼς
370 5507 563 5578 ἔχειτὸ
588 5506 786 5575 λόγιον,
813 5507 969 5572 μήτε
990 5504 1362 5573 σαλεινθῇεὶς
1385 5506 1491 5560 τὸν
1523 5506 1726 5574 αἰῶνα,

181 5599 265 5650 καὶ
312 5602 397 5666 εις
446 5601 846 5668 μνημόσυνον
892 5599 1131 5652 αἰώνιον
1188 5597 1427 5667 γένηται
1482 5598 1727 5666 δίκαιος.

241 5768 283 5799 ⁸³
310 5768 431 5824 Psal
479 5786 593 5836 cxi,
638 5769 672 5824 9
697 5786 822 5840 sqq.

1840 5064 1946 5118 que
1973 5063 2105 5101 vero
2138 5060 2363 5117 parvum
2398 5059 2536 5114 opus
2568 5052 2671 5105 est,
2708 5057 2792 5108 ea,
2827 5057 2949 5113 qua:
2978 5042 3046 5097 de
3079 5044 3151 5097 iis
3181 5044 3409 5097 dicenda

1840 5150 1990 5202 sunt,
2019 5140 2075 5193 in
2112 5148 2263 5193 recto
2294 5144 2348 5191 et
2386 5135 2615 5205 probato
2639 5132 2847 5202 judicio
2877 5134 3221 5202 dispensare,
3253 5133 3410 5203 juxta

1840 5238 2173 5301 praeceptum
2211 5226 2513 5295 Prophetze,
2550 5225 2697 5293 quod
2729 5224 2885 5294 jubet
2917 5232 3174 5293 oportere
3206 5241 3409 5280 sermo-

1839 5339 1927 5376 nes
1972 5321 2283 5389 dispensare
2333 5318 2386 5370 in
2407 5317 2637 5384 judicio,
2676 5322 2736 5369 ut
2759 5314 3216 5384 quemadmodum
3248 5316 3411 5371 habet

1838 5414 2080 5468 divinum
2112 5410 2430 5471 oraculum,
2474 5424 2577 5461 non
2612 5418 2881 5460 moveatur
2923 5407 2979 5459 in
3018 5415 3274 5460 wternum
3300 5448 3313 5471 ,
3350 5419 3401 5461 et

1836 5506 1893 5558 in
1911 5513 2109 5558 wterna
2131 5500 2386 5555 memoria
2403 5499 2472 5552 sit
2489 5498 2666 5567 justus
2678 5496 2744 5549 ⁸³.
2768 5494 3238 5560 Quemadmodum
3263 5500 3409 5553 enim

1838 5597 1999 5653 etiam
2036 5598 2088 5648 in
2125 5592 2400 5664 corporali
2450 5590 2682 5654 medela,
2725 5603 2894 5644 unum
2932 5598 3017 5644 est
3058 5589 3278 5662 quidem
3324 5592 3411 5650 ln-
