3920 6496
466 373 576 429 223
1689 357 1746 414 s.
1787 357 2114 414 οιιεοοιιιι
2156 357 2446 414 NYSSENI
3604 357 3714 413 rm

466 490 716 543 stitutum
736 476 1040 539 medicinae,
1068 492 1265 531 sanare
1287 492 1410 531 eum
1435 478 1527 545 qui
1562 477 1796 538 laborat,
1823 475 2037 529 varium

2162 473 2352 547 Ὠσπερ
2376 475 2483 545 γάρ
2510 475 2601 527 καὶ
2626 474 2721 527 ἐπὶ
2746 475 2845 543 τῆς
2874 475 3189 545 σωματικῆς
3214 474 3526 545 θεραπείας,
3552 477 3581 529 ὁ
3612 476 3715 546 μὲν

468 583 649 629 autem
684 579 768 625 est
812 567 1117 623 curationis
1161 583 1333 637 genus
1378 571 1508 635 (pro
1540 567 1856 621 morborum
1894 566 2039 620 enim

2162 568 2343 629 ςκοπὸς
2364 567 2461 635 τῆς
2490 560 2833 637 ίατρικῆςηεῖς
2852 568 2989 627 ἐστι,
3003 566 3063 618 τὸ
3094 567 3311 634 ύγιᾶναι
3350 566 3440 619 τὸν
3483 566 3719 636 κάμνον-

469 663 755 721 varietate,
804 658 1195 711 convenienter
1243 670 1462 723 quoque
1497 653 1781 708 medicina:
1831 653 2043 706 metho-

2162 675 2229 713 τα·
2250 660 2308 711 τὸ
2337 660 2393 711 δὲ
2416 656 2554 719 εἶδος
2572 659 2670 728 τῆς
2698 658 3009 728 ἐπιμελείας
3028 657 3278 727 διάφορον
3297 673 3309 684 ·
3336 657 3474 709 κατά
3493 656 3600 727 γὰρ
3614 657 3715 727 τὴν

471 756 575 808 dus
625 768 688 806 ac
740 749 1036 817 disciplina
1094 746 1395 815 unicuique
1444 742 1636 798 morbo
1686 744 2041 813 applicatur),

2162 750 2413 803 τοικιλίαν
2444 750 2551 803 τῶν
2585 750 3032 822 ἀρρωστημάτων
3075 748 3419 818 καταλλήλως
3453 749 3546 801 καὶ
3572 750 3606 813 ἠ
3634 748 3720 801 θε-

473 844 545 897 ita
579 858 702 897 eum
730 842 898 893 multa
924 840 996 894 sit
1026 841 1079 892 in
1110 839 1315 893 morbis
1342 854 1557 907 quoque
1582 838 1775 891 anima:
1806 836 2045 891 aﬂectio-

2162 841 2448 911 aanauttx’q
2483 842 2700 912 μέθοδος
2734 842 2946 911 ἑκάστῳ
2978 840 3084 892 τῶν
3107 840 3425 910 νοσημάτων
3446 840 3718 910 προσάγε-

473 945 602 983 num
645 931 906 991 varietas,
937 927 1291 981 multiformis
1323 943 1542 996 quoque
1582 927 1893 980 necessario
1927 925 2045 979 fue-

2162 950 2232 986 ται
2261 951 2274 964 ’
2306 932 2447 986 οῦτω
2475 933 2673 1003 πολλῆς
2702 932 2866 1002 οὔσης
2904 934 2997 985 καὶ
3029 934 3085 984 ἐν
3114 934 3179 1002 τῇ
3208 932 3408 1001 ψυχικῇ
3450 933 3591 1002 νόσῳ
3616 935 3718 1001 τῆς

472 1024 547 1101 rit
585 1022 793 1076 medica
824 1021 1057 1084 curatio,
1114 1019 1182 1072 ad
1214 1017 1523 1073 atfectionis
1574 1018 1841 1071 rationem
1878 1016 2046 1070 medi-

2162 1026 2253 1079 τῶν
2271 1026 2457 1080 παθῶν
2479 1026 2766 1088 ποικιλίας,
2786 1026 3095 1093 ἀναγκαίως
3121 1025 3402 1096 πολυειδὴς
3430 1028 3719 1095 γενήσεται

475 1116 655 1168 rinam
692 1128 975 1167 exercens.
1014 1110 1082 1163 Ut
1130 1112 1201 1163 sit
1231 1118 1412 1163 autem
1464 1117 1581 1163 arte
1618 1109 1803 1179 aliqua
1852 1123 2046 1178 proce-

2162 1120 2177 1187 l)
2214 1118 2577 1188 θεραπευτικὴ
2627 1117 2944 1188 ἐπιμέλεια,
2980 1116 3114 1185 πρὸς
3161 1116 3315 1184 λόγον
3360 1116 3454 1169 τοῦ
3513 1116 3721 1179 πάθους

477 1206 615 1259 dens
650 1205 942 1273 proposita:
971 1200 1292 1271 quaestionis
1323 1199 1636 1264 methodus,
1679 1216 1796 1255 rem
1827 1200 1901 1253 ita
1933 1208 2046 1252 tra-

2162 1208 2440 1277 ενεργοῦσα
2484 1210 2583 1277 τὴν
2635 1206 2793 1259 ῐασιν.
2839 1207 2925 1269 Ὠς
2952 1207 3083 1260 δ’ἂν
3132 1206 3339 1273 γένοιτό
3380 1222 3463 1268 τις
3495 1205 3720 1275 τεχνικὴ

478 1297 767 1350 ctabimus.
2077 1302 2123 1345 ιο
2151 1299 2369 1366 μέθοδος
2389 1299 2624 1369 περὶτοῦ
2648 1297 3007 1368 προκειμένου
3044 1297 3248 1369 προϐλή
3258 1313 3440 1367 ματος,
3464 1296 3608 1349 οὓτω
3626 1294 3725 1349 τὸν

520 1390 521 1393 “
2148 1388 2300 1457 λόγον
2332 1389 2722 1459 διαληψόμεθα.

550 1480 676 1535 Tria
738 1486 1020 1547 suntquae
1072 1477 1126 1531 in
1168 1478 1347 1530 anima
1404 1484 1589 1530 nostra
1630 1472 2049 1527 considerantur

480 1574 776 1628 secundum
813 1570 1423 1641 prhnamdivisionem:
1461 1569 1619 1629 ratio,
1651 1566 2047 1634 concupiscen-

481 1668 579 1728 tia,
619 1672 672 1718 et
708 1664 809 1717 ira.
861 1663 915 1715 In
963 1663 1030 1716 iis
1078 1671 1204 1715 sunt
1237 1670 1288 1713 et
1338 1670 1486 1714 recte
1541 1658 1680 1712 facta
1727 1672 1914 1711 eorum
1956 1656 2049 1725 qui

2219 1483 2356 1553 Τρία
2406 1483 2523 1535 ἐστὶ
2556 1484 2621 1535 τά
2660 1484 2783 1552 περὶ
2820 1481 2915 1552 τὴν
2963 1480 3137 1551 ψυχὴν
3175 1480 3333 1550 ἡμῶν
3372 1479 3723 1551 θεωρούμενα

2150 1575 2289 1628 κατά
2330 1576 2428 1646 τὴν
2471 1574 2692 1646 πρώτην
2738 1575 2998 1645 διαίρεσιν
3020 1590 3031 1602 ·
3072 1574 3134 1627 τό
3161 1590 3219 1625 τε
3249 1574 3504 1640 λογικὸν,
3540 1572 3633 1625 καὶ
3663 1572 3725 1625 τὸ

2152 1665 2568 1735 ἐπιθυμητικὸν,
2610 1667 2703 1718 καὶ⁴
2756 1667 2815 1718 τὸ
2866 1664 3161 1733 θυμοειδές.
3208 1664 3296 1718 Ἐν
3347 1664 3556 1725 τούτοις
3606 1662 3725 1715 ἐστὶ

480 1772 547 1810 ει
580 1755 778 1808 virtute
822 1755 1027 1817 vivunt,
1068 1760 1121 1806 et
1170 1750 1369 1805 delicta
1414 1766 1687 1819 casusque
1719 1763 1908 1803 eorum
1954 1746 2049 1815 qui

2162 1758 2245 1810 καὶ
2268 1758 2335 1811 τὰ
2368 1758 2763 1828 κατορθώματα
2793 1759 2899 1810 τῶν
2932 1759 3051 1810 κατ’
3078 1758 3275 1827 ἀρετὴν
3308 1756 3564 1826 βιούντων
3586 1794 3600 1817 ,
3629 1755 3727 1807 καὶ

483 1849 550 1902 ad
602 1848 793 1914 vitium
843 1845 1180 1897 dilabuntur.
1232 1844 1596 1908 Quamobrem
1654 1846 1867 1910 oportet
1926 1853 2049 1892 eum

482 1940 575 2009 qui
606 1939 889 2007 aegrotanti
918 1938 1112 1990 animae
1151 1936 1293 2004 parti
1334 1935 1749 1988 convenientem
1786 1930 2048 1986 medelam

482 2036 566 2081 est
625 2026 1011 2088 adhibiturus,
1061 2025 1212 2093 prius
1292 2023 1513 2092 quidem
1571 2021 1920 2076 considerare
1996 2018 2052 2071 in

484 2134 722 2189 quonam
792 2117 1048 2173 consistit
1105 2115 1357 2178 adectio,
1408 2113 1604 2168 deinde
1656 2113 1736 2166 sic
1783 2111 2051 2166 laboranti

2151 1851 2217 1902 τὰ
2250 1851 2517 1921 πτώματα
2538 1852 2643 1906 τῶν
2668 1854 2745 1915 είς
2777 1853 2973 1904 κακίαν
3004 1851 3399 1921 ἀπορρεόντων.
3433 1849 3522 1901 Διὸ
3554 1864 3726 1919 προσο

2152 1944 2274 2011 ήκει
2314 1943 2403 1996 τὸν
2440 1944 2697 2011 μέλλοντα
2732 1944 2829 2014 τὴν
2864 1942 3191 2013 κατάλληλον
3231 1941 3523 2011 θεραπείαν
3549 1957 3724 2011 προσ-

2155 2033 2307 2099 άγειν
2348 2032 2427 2103 τῷ
2464 2034 2772 2103 νενοσηκότι
2806 2033 2904 2102 τῆς
2926 2033 3101 2102 ψυχῆς
3129 2032 3298 2101 μέρει,
3332 2030 3595 2101 πρότερον
3626 2030 3727 2099 μὲν

2154 2122 2576 2175 ἐπισκέπτεσθαι
2610 2124 2667 2175 ἐν
2701 2122 2805 2174 τίνι
2849 2122 3075 2190 συνέστη
3110 2120 3169 2172 τὸ
3218 2120 3383 2182 πάθος
3404 2136 3416 2148 ·
3454 2115 3549 2171 εἷθ’
3582 2117 3727 2170 οὕτω

485 2211 898 2266 convenientem
936 2207 1198 2261 medelam
1228 2206 1521 2276 applicare.
1572 2220 1640 2257 ne
1688 2209 1907 2271 propter
1940 2216 2055 2254 me—

2162 2215 2442 2267 πεπονθότι
2468 2213 2759 2285 προσάγειν
2789 2213 3058 2283 ἁρμοδίως
3088 2213 3186 2282 τὴν
3216 2210 3507 2282 θεραπείαν
3532 2224 3544 2236 ·
3583 2211 3727 2263 ὥστε

485 2301 622 2354 θᾶσαι
651 2299 955 2368 disciplina:
988 2297 1371 2365 ignorantiam,
1417 2295 1522 2347 alia
1572 2293 1790 2361 quidem
1826 2292 1898 2345 sit
1926 2306 2054 2361 pars

486 2407 607 2463 quae
653 2399 898 2461 aegrotat,
959 2390 1063 2441 alia
1106 2402 1232 2441 vero
1272 2388 1357 2440 cui
1394 2396 1478 2440 est
1522 2386 1764 2438 adhibita
1813 2385 2051 2438 medela:

2158 2306 2231 2376 μὴ
2258 2306 2323 2359 δι’
2362 2306 2613 2377 ἀπειρίαν
2637 2305 2734 2374 τῆς
2777 2304 3173 2373 θεραπευτικῆς
3210 2303 3451 2372 μεθόδου,
3476 2302 3604 2357 ἄλλο
3631 2302 3728 2372 μὲν

2153 2389 2186 2467 ᾖ
2225 2394 2286 2446 τὸ
2324 2394 2555 2463 νοσῆσαν
2581 2393 2763 2463 μέρος,
2806 2394 2988 2463 ἕτερον
3019 2392 3073 2445 δὲ
3099 2391 3159 2445 τὸ
3194 2393 3292 2462 τὴν
3319 2392 3612 2463 θεραπείαν
3644 2391 3731 2444 δε-

488 2486 634 2538 sicut
686 2492 833 2538 certe
872 2482 1076 2535 multos
1115 2480 1368 2533 videmus
1404 2478 1665 2540 medicos,
1700 2478 1791 2547 qui
1834 2486 2057 2546 propter

2162 2492 2406 2559 χόρενονσ
2432 2490 2621 2559 ὥσπερ
2642 2489 2831 2558 ἀμέλει
2859 2489 3124 2558 βλέπομεν
3150 2488 3374 2552 πολλοὺς
3393 2488 3498 2541 τῶν
3526 2490 3730 2558 ίατρῶν

487 2582 665 2651 primo
715 2581 921 2635 aﬂ‘ectze
960 2580 1131 2649 partis
1189 2579 1587 2648 ignorationem
1634 2577 1886 2631 morbum
1943 2575 2057 2629 suis

2162 2583 2212 2634 ἐν
2254 2580 2475 2651 ἀπειρίᾳ
2504 2579 2597 2632 τοῦ
2633 2581 3113 2650 πρωτοπαθοῦντος
3152 2580 3347 2650 μέρους
3376 2580 3733 2650 προσεπιτρί-

487 2672 898 2727 medicamentis
940 2671 1231 2738 adaugent.
1266 2669 1402 2722 Cum
1466 2670 1611 2723 enim
1660 2683 1802 2737 saepe
1827 2666 2057 2721 exsistat

2162 2672 2343 2734 δοντας
2368 2672 2466 2740 τὴν
2500 2672 2649 2723 νόσον
2682 2671 2748 2724 δι’
2774 2663 2848 2723 ὧν
2873 2669 3251 2740 θεραπεύουσι.
3278 2670 3386 2739 Τῆς
3407 2669 3513 2739 γάρ
3545 2670 3735 2741 apem-

487 2766 711 2818 morbus
740 2770 962 2833 propter
1003 2762 1431 2816 dominationem
1486 2772 1539 2815 et
1579 2760 2055 2830 exsuperationem

2162 2764 2308 2826 στίας
2361 2762 2524 2835 οῦσης
2577 2763 2833 2825 πολλάκις
2884 2761 3027 2815 κατά
3087 2760 3287 2831 θερμοῦ
3345 2762 3730 2832 ἐπικράτησιν,

486 2854 683 2917 calidi,
746 2852 1003 2921 quoniam
1056 2850 1123 2903 iis
1170 2850 1264 2919 qui
1316 2858 1537 2918 propter
1592 2850 1814 2903 nimiam
1875 2847 2055 2917 frigidi

2162 2854 2342 2926 ἐπειδὴ
2370 2858 2479 2917 τοῖς
2508 2854 2645 2908 κατά
2674 2854 3006 2923 πλεονασμὸν
3032 2853 3125 2906 τοῦ
3156 2852 3362 2923 ψυχροῦ
3403 2853 3734 2924 κεκακωμέ-

448 2992 453 2995 ,
488 2941 875 2996 abundantiam
919 2942 1060 2995 male
1091 2940 1269 2995 aﬂ‘ecti
1296 2948 1447 3001 sunt,
1483 2941 1615 2994 utile
1652 2947 1735 2993 est
1781 2940 1923 3009 quod
1968 2954 2058 2993 ea-

2162 2961 2266 3005 νοις
2302 2945 2568 3015 χρήσιμον
2600 2944 2660 2996 τὸ
2703 2943 2988 3013 θερμαῖνόν
3034 2958 3090 2995 τε
3120 2941 3214 2993 καὶ
3247 2940 3550 2994 ἀναθάλπον
3592 2943 3734 3005 ἐστὶ,

489 3031 671 3087 lefacit
719 3038 774 3085 et
823 3030 1097 3096 confovet,
1149 3030 1199 3083 id
1231 3030 1374 3099 quod
1412 3030 1519 3085 illis
1552 3046 1617 3084 ex
1656 3030 1867 3084 ratione
1904 3029 2058 3081 adhi-

2162 3034 2216 3085 τὸ
2243 3033 2448 3097 τούτοις
2482 3034 2619 3087 κατά
2649 3034 2805 3102 λόγον
2842 3032 3158 3100 συνενεγκὸν
3177 3072 3190 3097 ,
3224 3031 3645 3101 ἀπερισκέπτως
3674 3030 3736 3084 τὸ

489 3126 660 3180 bitum
700 3123 940 3179 confert:
975 3123 1115 3178 idem
1155 3124 1221 3176 iis
1250 3122 1343 3192 qui
1384 3122 1741 3176 immoderata
1784 3122 2058 3175 caliditate

2164 3125 2293 3177 αὐτὸ
2352 3130 2463 3187 τοῖς
2486 3127 2561 3203 μὲν
2596 3125 2831 3194 ἀμετρίᾳ
2865 3123 3192 3193 θερμότητος
3226 3123 3602 3191 ἐκκαιομένοις
3639 3123 3737 3175 ἐπ-

490 3215 927 3279 succenduntur,
973 3214 1373 3269 inconsiderate
1402 3215 1768 3284 applicantes,
1814 3213 2057 3268 efﬁciunt

490 3316 548 3358 ut
584 3305 656 3358 sit
688 3302 912 3356 morbus
962 3309 1153 3355 euratu
1193 3301 1567 3354 difﬁcillimus.
1592 3299 2057 3367 Quemadmodum

491 3411 622 3465 ergo
666 3394 894 3448 medicis
956 3392 1011 3447 in
1044 3393 1233 3462 primis
1274 3394 1586 3447 necessaria
1635 3393 1944 3447 existimata
1975 3402 2058 3447 est

2163 3202 2491 3282 ἀγαγόντες,
2522 3214 2766 3267 δυσίατον
2786 3213 2846 3265 τὸ
2878 3212 3047 3275 πάθος
3079 3213 3355 3283 ἐποίησαν.
3387 3212 3597 3284 ’Ὠσπερ
3626 3214 3736 3266 τοί-

2160 3324 2253 3358 νυν
2293 3306 2693 3375 ἀναγκαιοτάτη
2727 3306 2836 3368 τοῖς
2880 3306 3078 3373 ἰατροῖς
3110 3304 3367 3373 ἐνομίσθη
3401 3305 3432 3374 ὴ
3464 3305 3734 3375 κατανόηο

2164 3415 2245 3459 σις
2270 3398 2368 3467 τῆς
2413 3397 2519 3450 τῶν
2570 3396 2850 3466 στοιχείων
2881 3395 3170 3466 ἰδιότητος,
3211 3396 3356 3457 ὅπως
3406 3395 3470 3448 ἂν
3499 3398 3734 3450 ἑκάστου

491 3488 884 3539 elementorum
919 3483 1264 3553 proprietatis
1306 3483 1566 3552 cognitio,
1613 3490 1671 3537 ut
1711 3482 2058 3545 uniuscujus-

2162 3490 2267 3543 τῶν
2300 3485 2357 3542 εὖ
2393 3490 2425 3559 ἢ
2458 3488 2639 3551 κακῶς
2687 3486 3041 3557 διακειμένων
3087 3488 3292 3555 γένοιτο
3328 3487 3419 3539 τοῦ
3453 3488 3603 3557 παρὰ
3638 3490 3739 3556 φύ-

489 3594 598 3647 que
649 3591 841 3633 eorum
894 3591 1014 3644 quae
1065 3577 1200 3629 bene
1232 3576 1313 3630 vel
1369 3575 1512 3631 male
1559 3576 1855 3629 constituta
1906 3584 2057 3636 sunt,

2165 3599 2247 3633 σιν
2280 3581 2667 3650 διατεθέντοςὴ
2701 3580 3070 3651 ἐπανόρθωσις
3101 3597 3112 3609 ·
3150 3579 3291 3633 οὕτω
3331 3582 3423 3632 καὶ
3454 3582 3617 3651 ἡμεῖς
3644 3582 3736 3633 ἐπὶ

490 3670 548 3723 id
591 3668 735 3738 quod
765 3676 961 3736 praeter
1004 3675 1254 3721 naturam
1290 3667 1539 3721 aﬁ‘ectum
1589 3676 1692 3731 est,
1722 3668 2058 3736 corrigatur:

494 3760 575 3813 sic
619 3770 672 3812 et
727 3774 847 3824 nos,
885 3758 953 3811 ad
999 3758 1141 3811 hanc
1187 3768 1529 3813 recurrentes
1567 3758 1911 3822 divisionem,
1942 3775 2063 3829 qua:

490 3858 578 3907 est
627 3865 815 3904 eorum
858 3864 978 3919 quae
1026 3850 1081 3904 in
1136 3850 1315 3905 anima
1368 3851 1804 3915 considerantur,
1858 3852 2061 3920 princi-

488 3947 637 4018 plum
708 3950 763 3995 et
818 3940 1231 3996 fundamentum
1293 3943 1671 3997 convenientis
1714 3942 2061 3997 aﬂ‘ectiunum

2161 3672 2362 3743 ταύτην
2391 3671 2790 3742 ἀναδραμόντες
2821 3672 2920 3741 τὴν
2956 3672 3219 3741 διαίρεσιν
3250 3671 3356 3723 τῶν
3388 3673 3446 3723 ὲν
3475 3676 3541 3742 τῇ
3580 3672 3735 3744 ψυχῇ

2162 3763 2547 3833 θεωρουμένων
2566 3802 2582 3825 ,
2632 3763 2808 3834 ἀρχὴν
2839 3765 2933 3816 καὶ
2960 3764 3213 3817 ὑπόθεσιν
3262 3764 3361 3833 τῆς
3392 3764 3734 3834 κατάλληλου

2161 3857 2267 3910 τῶν
2294 3855 2482 3909 παθῶν
2516 3854 2809 3926 θεραπείας
2838 3852 3191 3926 ποιησώμεθα
3220 3855 3316 3927 τὴν
3348 3855 3565 3926 γενικὴν
3605 3856 3738 3910 θεω-

2167 3947 2303 4018 ρίαν.
2334 3946 2539 4000 Ούκοῦν
2566 3946 2727 4017 τριχῆ
2750 3986 2765 4011 ,
2791 3945 2973 4010 καθὼς
3002 3946 3210 4016 ἔφαμεν
3233 3989 3248 4014 ,
3274 3947 3607 4019 διῃρημένης
3638 3951 3736 4017 τῆς

490 4035 795 4091 curationis
850 4036 1157 4103 generalem
1211 4035 1475 4090 faciamus
1522 4036 2057 4117 contemplationem.

2167 4041 2423 4111 ἰδίοτητος
2454 4040 2561 4093 τῶν
2584 4039 2683 4107 τῆς
2710 4040 2887 4107 ψυχῆς
2919 4040 3228 4108 κινημάτων
3253 4081 3265 4103 ,
3304 4041 3381 4102 είς
3408 4041 3466 4093 τὸ
3498 4040 3735 4109 λογιστιο

491 4126 781 4181 Tril‘ariam
811 4142 961 4196 ergo,
1004 4136 1061 4180 ut
1080 4127 1342 4193 diximus,
1372 4126 1547 4183 divisa
1576 4128 1909 4198 proprietate
1943 4145 2062 4181 mo-

492 4220 701 4271 tionum
744 4219 958 4280 animae,
1009 4219 1063 4271 in
1119 4219 1410 4282 rationem,
1455 4219 1956 4288 concupiscentiam
2008 4229 2065 4274 et

493 4312 630 4363 iram
666 4329 679 4364 :
715 4309 944 4364 rationis
976 4310 1195 4379 quidem
1232 4311 1497 4379 compotis
1544 4312 1739 4364 anima:
1767 4312 1939 4380 partis
1978 4319 2062 4365 est

496 4399 803 4470 perfectum
850 4409 905 4454 et
949 4416 1015 4453 ex
1048 4401 1246 4455 virtute
1283 4409 1431 4457 recte
1459 4418 1519 4456 se
1570 4418 1765 4472 gerens
1796 4402 2060 4465 officium,

2166 4132 2258 4184 κόν
2285 4148 2343 4183 τε
2378 4131 2468 4183 καὶ
2497 4130 2887 4199 ἐπιθυμητικὸν
2931 4130 3021 4181 καὶ
3051 4129 3326 4199 θυμοειδές
3352 4146 3366 4160 '
3401 4130 3736 4201 κατόρθωμα

2168 4224 2267 4294 μὲν
2288 4222 2380 4275 τοῦ
2402 4219 2703 4286 λογιστικοῦ
2740 4220 2939 4290 μέρους
2972 4221 3067 4289 τῆς
3096 4219 3270 4289 ψυχῆς
3296 4221 3439 4272 ἐστιν
3464 4260 3477 4283 ,
3509 4223 3541 4290 ή
3574 4222 3719 4275 εὐσε-

2166 4312 2263 4382 ϐὴς
2293 4312 2418 4381 περὶ
2444 4310 2503 4362 τὸ
2524 4309 2674 4361 θεῖον
2698 4306 2960 4377 ὑπόληψις
2986 4348 2999 4369 ,
3049 4309 3144 4360 καὶ
3170 4310 3205 4377 ἡ
3229 4306 3321 4359 τοῦ
3351 4307 3512 4360 καλοῦ
3551 4326 3610 4361 τε
3643 4310 3735 4363 καὶ

2167 4403 2337 4457 κακοῦ
2388 4400 2694 4470 διακριτικὴ
2741 4400 3014 4469 ἐπιστήμη
3040 4437 3055 4460 ,
3110 4400 3201 4451 καί
3235 4400 3267 4468 ή
3301 4401 3499 4471 τρανήν
3532 4418 3589 4453 τε
3640 4403 3734 4454 καὶ

492 4492 581 4561 pia
637 4490 705 4544 de
751 4489 862 4544 Deo
913 4492 1267 4554 existimatio,
1304 4493 1430 4547 boni
1478 4503 1534 4547 et
1586 4494 1713 4548 mali
1744 4494 2058 4548 discernens

2162 4487 2468 4565 ⁵ἀσύγχυτον
2522 4492 2718 4561 ἔχουσα
2753 4491 2880 4559 περὶ¹
2922 4490 3022 4560 τῆς
3064 4491 3272 4559 φύσεως
3307 4492 3413 4544 τῶν
3441 4492 3736 4564 ὑποκειμέ-

494 4582 745 4645 seientia,
799 4590 852 4636 et
910 4597 1030 4651 qua:
1066 4584 1226 4637 habet
1270 4600 1453 4639 veram
1509 4595 1564 4641 et
1614 4602 1723 4640 non
1774 4585 2057 4642 confusam

493 4674 559 4727 de
589 4686 769 4726 rerum
800 4672 1169 4742 subiectarum
1204 4684 1398 4729 natura
1428 4677 1777 4746 opinionem;
1819 4678 1947 4747 quid
1975 4685 2059 4733 est

491 4765 712 4834 quidem
766 4765 820 4819 in
856 4766 923 4819 iis
970 4782 1089 4835 quae
1134 4777 1283 4831 sunt,
1329 4769 1723 4838 expetendum;
1755 4770 1884 4839 quid
1930 4786 2059 4822 vero

493 4857 897 4914 abhorrentium
941 4869 996 4912 et
1045 4859 1450 4927 abjiciendum;
1495 4869 1549 4916 et
1600 4878 1792 4916 rursus
1822 4878 1888 4916 ex
1923 4876 2057 4915 con—

2166 4603 2271 4639 νων
2294 4584 2390 4655 τὴν
2420 4583 2574 4647 δόξαν
2595 4600 2606 4612 ·
2637 4580 2686 4633 τί
2728 4580 2825 4650 μέν
2852 4582 2997 4634 ἐστιν
3023 4582 3238 4652 αἱρετὸν
3265 4584 3321 4635 ὲν
3346 4586 3457 4647 τοῖς
3490 4580 3607 4636 οὖσι
3635 4604 3649 4614 ·
3682 4586 3741 4638 τίν

2167 4679 2221 4732 δὲ
2252 4675 2535 4747 βδελυκτὺν
2566 4674 2658 4728 καὶ
2686 4672 3009 4739 ἀπόόλητον.
3046 4676 3156 4727 Καὶ
3180 4675 3339 4727 πάλιν
3366 4678 3426 4729 ἐκ
3449 4675 3538 4729 τοῦ
3572 4678 3732 4731 ἐναν-

2164 4770 2278 4823 τίου
2335 4766 2549 4828 πάντως
2588 4767 2619 4835 ή
2661 4766 2717 4816 ὲν
2752 4763 2827 4833 τῷ
2856 4764 3010 4834 μέρει
3042 4765 3213 4835 τούτῳ
3259 4767 3425 4819 κακία
3452 4766 3733 4838 θεωρηθή-

2169 4877 2318 4913 σεται
2343 4900 2357 4921 ,
2384 4860 2509 4911 ὅταν
2536 4856 2756 4910 ἀσέϐεια
2786 4856 2883 4925 μὲν
2988 4855 3114 4925 περὶ
3141 4857 3201 4909 τὸ
3224 4860 3394 4919 Θεῖον,
3423 4859 3645 4928 ἀκρισία
3674 4861 3733 4913 δὲ

492 4950 665 5004 trario
692 4950 834 5018 quod
862 4950 914 5004 in
949 4965 1010 5005 ea
1042 4962 1191 5020 parte
1219 4961 1301 5007 est
1335 4953 1522 5008 vitium
1557 4956 1777 5010 omnino
1809 4954 2053 5009 conside-

2169 4954 2295 5025 περὶ¹
2327 4953 2389 5005 τὸ
2415 4952 2580 5012 ὅντως
2614 4949 2801 5003 καλόν·
2831 4948 3200 5017 ἐνηλλαγμένη
3223 4948 3279 5002 δέ
3303 4950 3395 5001 καὶ
3418 4950 3738 5020 ἐσφαλμένη

490 5040 726 5105 rabitur,
776 5040 995 5109 quando
1047 5040 1193 5094 circa
1242 5056 1330 5095 res
1378 5043 1597 5111 quidem
1642 5043 1857 5098 divinas
1904 5042 2066 5097 fuerit

495 5132 772 5201 impietas,
822 5134 1030 5186 nullum
1073 5139 1255 5185 autem
1306 5133 1453 5187 circa
1495 5133 1545 5187 id
1594 5136 1739 5203 quod
1792 5150 1917 5189 vere
1965 5134 2068 5187 bo-

496 5232 714 5277 nestum
752 5230 835 5277 est
862 5222 1127 5291 judicium
1168 5238 1180 5273 :
1211 5237 1463 5291 perversa
1491 5233 1671 5277 autent
1713 5233 1767 5279 et
1806 5232 2067 5293 corrupta

496 5316 563 5369 de
609 5331 790 5369 rerum
844 5326 1039 5369 natura
1086 5315 1458 5377 existimatio,
1512 5326 1569 5370 ut
1629 5315 1795 5369 lucem
1831 5316 2067 5371 tenebras

495 5408 662 5461 ducat
715 5416 764 5459 et
824 5411 1057 5461 tenebras
1112 5408 1277 5460 lucem
1315 5407 1399 5472 “,
1460 5414 1521 5461 ut
1581 5406 1714 5462 dicit
1762 5408 2064 5477 Scriptura.

495 5498 949 5567 Concupiscentis
971 5508 1152 5555 autem
1176 5500 1348 5567 partis
1374 5506 1554 5554 motus
1579 5510 1664 5554 est
1685 5516 1753 5554 ex
1776 5501 1997 5563 virtute,
2020 5500 2068 5557 si

496 5591 561 5645 ad
585 5589 637 5643 id
664 5591 805 5660 quod
835 5601 919 5647 est
950 5608 1138 5648 revera
1160 5592 1656 5663 concupiscendum
1686 5600 1742 5649 et
1791 5609 1918 5649 vere
1944 5594 2067 5664 pul-

565 5766 614 5799 ”
650 5766 750 5827 lsa.
792 5785 846 5832 v,
877 5768 969 5821 20.

2080 5416 2129 5441 (ι

2084 5448 2103 5463 ς)

2116 5402 2489 5476 ἴθυμητικὺν,
2520 5404 2613 5459 καὶ
2646 5402 2859 5473 άληθῶς
2882 5399 3042 5453 καλὸν
3074 5397 3367 5467 ἀνάγεσθαι
3399 5398 3489 5450 τὸν
3516 5396 3683 5450 πόθον
3710 5410 3729 5429 ο

2166 5050 2199 5117 ἡ
2234 5046 2359 5117 περὶ
2397 5046 2495 5115 τὴν
2527 5043 2632 5095 τῶν
2682 5040 3015 5110 πραγμάτων
3050 5039 3209 5107 φύσιν
3232 5040 3495 5110 ὑπόληψις
3518 5083 3532 5105 ,
3589 5042 3728 5095 ὥστε

2164 5136 2369 5191 τιθέναι
2415 5136 2481 5188 τὸ
2513 5134 2636 5204 φῶς
2667 5138 2917 5197 σκότος,
2953 5130 3049 5183 καὶ
3083 5128 3147 5184 τό
3189 5132 3407 5195 σκότος
3436 5131 3601 5199 φῶς,
3628 5150 3739 5186 και

2167 5227 2274 5289 θὼς
2307 5243 2470 5297 φησιν
2510 5225 2779 5297 ήΓραφή.
2815 5223 2921 5275 Τοῦ
2968 5221 3025 5275 δὲ
3074 5219 3464 5291 ἐπιθυμητικοῦ
3529 5238 3739 5295 μερους,

2170 5320 2204 5389 η
2248 5318 2345 5387 μὲν
2389 5315 2640 5387 ἐνάρετός
2669 5315 2783 5366 ἐστι
2812 5313 3021 5381 κίνησις
3058 5310 3118 5362 τὸ
3165 5310 3297 5379 πρὸς
3322 5311 3383 5363 τὸ
3409 5310 3574 5371 ὅντως
3621 5311 3734 5360 ἑπι-

2171 5502 2265 5554 καὶ
2297 5499 2455 5560 εἴτις
2492 5498 2550 5549 ἐν
2576 5497 2705 5565 ἡμῖν
2736 5491 2973 5561 ἐρωτικὴ
3000 5488 3227 5559 δύναμίς
3266 5505 3324 5540 τε
3358 5488 3448 5540 καὶ
3474 5487 3730 5549 διάθεσις,

2171 5592 2284 5644 ἐκεῖ
2314 5585 2754 5659 κατασχολεῖσθαι
2789 5584 2966 5637 πᾶσαν
2987 5621 2999 5645 ,
3037 5581 3095 5633 ἐν
3126 5578 3202 5650 τῷ
3242 5578 3527 5634 πεπεῖσθαι
3567 5576 3735 5649 μηδὲν
