3920 6520
264 320 363 378 9'35

1513 313 1848 371 EPISTOLA
1884 306 2244 369 CANONICA.

3389 314 3495 370 2‘26

261 430 470 503 ὀρεκτὸν
494 425 641 482 εἶναι
671 431 735 500 τῇ
779 426 973 481 ἑαυτοῦ
1007 425 1165 496 φύσει
1193 427 1347 489 ἄλλο,
1384 426 1521 498 πλὴν
1564 428 1662 498 τῆς
1692 427 1823 496 ἀρε-

1933 422 2116 477 clirum
2156 430 2210 476 et
2271 421 2575 490 honestum,
2637 431 2879 494 erigatur
2932 425 3294 496 desiderium;
3351 439 3405 488 et
3445 431 3493 490 si

260 522 377 593 τῆς,
409 520 501 573 καὶ
534 519 644 588 τῆς
676 519 770 589 τήν
800 518 1000 590 ἀρετὴν
1047 516 1396 588 πηγαζούσης
1443 516 1676 586 φύσεως.
1709 518 1824 569 Πα-

260 613 492 685 ρατροπὴ
526 613 586 665 δὲ
616 614 706 665 καὶ
732 611 973 682 ἁμαρτία
1005 609 1099 663 τοῦ
1146 610 1385 679 τοιούτου
1428 611 1624 680 μέρους
1646 611 1822 674 ἐστὶν,

258 699 372 749 ὅταν
415 712 498 757 τις
534 695 819 765 μεταγαγῃ
856 696 955 765 τὴν
987 695 1280 764 ἐπιθυμίαν
1325 696 1462 765 πρὸς
1494 694 1592 765 τὴν
1622 694 1827 746 ἀνυπό·

1930 530 2035 583 qua
2070 523 2149 567 est
2182 516 2235 567 in
2274 514 2430 567 nobis
2458 516 2720 569 amatoria
2741 515 2976 571 facultas
3015 528 3069 572 et
3101 519 3336 586 affectio,
3377 534 3492 579 tota

1928 607 1982 660 in
2044 606 2141 661 illo
2195 614 2461 670 versetur,
2540 616 2601 661 ut
2650 606 2940 663 credamus
3003 610 3136 663 nihil
3181 614 3328 667 aliud
3364 629 3490 671 esse

1930 708 2121 752 natura
2176 698 2533 767 expetendum
2570 708 2766 768 praeter
2798 701 3077 765 virtutem,
3137 713 3192 758 et
3237 713 3488 760 naturam

258 806 437 841 στατον
466 787 811 854 κενοδοξίανο
846 787 877 857 ἢ
914 786 1050 857 πρὸς
1093 787 1155 840 τὸ
1192 787 1665 858 ἑπικεχρωσμένον
1714 790 1825 850 τοῖς

1933 804 2047 857 quae
2070 791 2320 843 virtutem
2345 787 2593 843 ell‘undit.
2620 787 2788 857 Hujus
2806 799 2986 843 autem
3009 792 3178 859 partis
3197 792 3491 847 declinatio

257 880 490 949 σώμασιν
523 879 688 942 ἄνθος
709 896 722 909 ·
755 878 874 931 ὅθεν
899 879 1107 945 γίνεται
1140 880 1171 947 ἡ
1209 877 1606 947 φιλοχρηματία
1628 916 1641 939 ,
1670 878 1762 930 καὶ
1787 879 1819 947 ἡ

256 971 550 1039 φιλοδοξία,
582 970 679 1023 καὶ
710 972 744 1038 ἡ
776 968 1085 1039 φιληδονία,
1123 970 1216 1022 καὶ
1259 969 1434 1022 πάντα
1478 969 1547 1022 τὰ
1576 969 1820 1033 τοιαῦτα,

250 1066 342 1115 ὅσα
375 1061 469 1114 τοῦ
500 1062 751 1115 τοιούτου
781 1061 1013 1132 ἤρτηται
1055 1060 1153 1131 τῆς
1180 1061 1373 1124 κακίας
1400 1060 1611 1128 γένους.
1655 1061 1823 1114 Πάλιν

251 1157 301 1207 δὲ
325 1155 418 1224 τῆς
461 1154 751 1223 θυμώδους
778 1151 1071 1214 διαθέσεως
1112 1152 1440 1223 κατόρθωμα
1473 1153 1571 1223 μέν
1610 1154 1758 1205 ἐστιν
1789 1154 1820 1222 ἡ

1926 890 2010 935 est
2030 890 2082 935 et
2119 888 2423 949 peccatum,
2447 882 2662 951 quando
2681 881 3029 950 cupiditatem
3051 884 3391 938 transtulerit
3421 885 3487 938 ad

1928 973 2139 1027 inanem
2183 986 2301 1042 qua:
2341 988 2448 1026 non
2472 979 2646 1041 potest
2668 972 2970 1027 consistere
3004 973 3267 1041 gloriam;
3302 975 3384 1028 vel
3416 976 3486 1030 ad

1926 1063 2109 1116 liorem
2137 1064 2228 1132 qui
2257 1062 2495 1116 colorate
2517 1077 2803 1131 corporum
2826 1062 3135 1130 superliciei
3186 1072 3270 1117 est
3296 1065 3485 1121 illitus.

1926 1155 2082 1210 Unde
2112 1156 2325 1210 exsistit
2369 1154 2553 1218 libido,
2594 1154 2779 1222 gloria:
2820 1155 3109 1222 cupiditas,
3148 1156 3397 1220 ambitio,
3429 1168 3485 1213 et

252 1246 374 1314 πρὸς
398 1244 456 1296 τὸ
498 1244 675 1297 κακὸν
701 1243 963 1312 ἀπέχθεια
985 1282 999 1305 ,
1045 1243 1137 1296 καὶ
1174 1245 1202 1296 ό
1233 1242 1367 1313 πρὸς
1397 1244 1465 1296 τὰ
1494 1245 1636 1314 πάθη
1672 1245 1825 1297 πόλε-

1933 1243 2861 1312 avaritia,etcaeteraejusmodiqua:
2889 1244 2958 1297 ab
2986 1244 3087 1297 hoc
3124 1244 3239 1298 vitii
3279 1262 3480 1313 genere

254 1354 341 1406 μσς
363 1379 376 1399 ,
405 1335 501 1387 καὶ
524 1333 589 1386 τὸ
624 1334 759 1405 πρὸς
786 1334 1036 1403 ἀνδρείαν
1064 1336 1395 1404 ὲστομᾶσθαι
1421 1334 1516 1405 τὴν
1538 1336 1732 1407 ψυχὴν,
1765 1338 1821 1389 ἐν

253 1429 316 1498 τῷ
344 1427 415 1497 μὴ
446 1427 860 1496 καταπτήσσειν
887 1426 955 1478 τά
985 1430 1096 1487 τοῖς
1133 1425 1347 1488 πολλοῖς
1374 1427 1577 1497 φοϐερά
1603 1428 1818 1497 νομιζό-

1924 1338 2247 1407 dependent.
2302 1336 2572 1389 Animosa:
2619 1342 2796 1389 autem
2842 1351 2937 1390 seu
2993 1336 3281 1391 irascentis
3321 1338 3493 1405 partis

1926 1438 2070 1481 recta
2105 1436 2158 1482 et
2197 1443 2261 1481 ex
2295 1427 2495 1480 virtute
2525 1428 2664 1479 actio
2690 1436 2794 1488 est,
2831 1426 2958 1478 mali
2993 1428 3177 1479 odium
3210 1438 3261 1479 et
3290 1429 3489 1481 bellum

254 1536 377 1587 μενα
398 1559 411 1577 ,
443 1516 587 1570 ἀλλά
628 1518 823 1587 μέχρις
852 1517 1083 1587 αἵματος
1129 1517 1263 1587 πρὸς
1294 1518 1391 1588 τὴν
1427 1520 1699 1589 ἁμαρτίαν
1729 1522 1822 1573 ἀν-

1933 1535 2046 1573 cum
2085 1519 2250 1572 animi
2276 1518 2796 1587 perturbationibus,
2836 1525 2889 1571 et
2930 1517 2996 1570 ad
3034 1517 3406 1572 fortitudinem
3438 1519 3492 1572 in

248 1609 698 1663 τικαθίστασοαι’
746 1612 1105 1680 καταφρονεῖν
1138 1610 1195 1662 δὲ
1237 1610 1529 1680 θανατικῆς
1570 1612 1815 1683 ἀπειλῆς,

1933 1626 1987 1664 eo
2010 1626 2132 1664 esse
2154 1612 2524 1663 conﬁrmatam
2550 1610 2807 1671 animam,
2832 1617 2890 1662 ut
2908 1624 2971 1664 ea
3004 1625 3110 1662 non
3140 1611 3488 1679 pertimescat

253 1706 334 1756 καὶ
356 1701 629 1771 ἀλγεινῶν
654 1702 1049 1772 κολαστηρίων,
1079 1703 1173 1755 καὶ
1197 1702 1295 1771 τῆς
1324 1702 1431 1754 τῶν
1458 1702 1685 1772 ἡδίστων
1713 1703 1821 1755 δια-

1933 1716 2044 1769 qme
2094 1702 2251 1770 vulgo
2297 1700 2554 1755 terribilia
2584 1700 2859 1764 videnlur,
2900 1702 2990 1754 sed
3031 1716 3203 1768 usque
3246 1700 3313 1753 ad
3363 1716 3492 1753 san-

253 1793 472 1860 ζεύξεως
492 1834 506 1854 ,
542 1795 645 1846 καὶ
677 1796 892 1847 πάντων
926 1793 1073 1859 ἅπαξ
1103 1794 1208 1847 τῶν
1248 1792 1335 1845 διά
1362 1810 1504 1856 τινος
1535 1794 1820 1864 συνηθείας

1933 1796 2140 1864 guinem
2184 1803 2405 1861 peccato
2454 1794 2721 1846 resistat:
2760 1790 2954 1845 mortis
2998 1800 3178 1845 autem
3218 1791 3395 1845 minas
3436 1799 3492 1845 et

252 1886 335 1937 καὶ
363 1884 695 1955 προλήψεως
728 1886 785 1936 έν
827 1885 986 1955 ἡδονῇ
1041 1886 1167 1947 τοὺς
1226 1885 1453 1948 πολλοὺς
1490 1887 1827 1954 κατεχόντων

1933 1887 2105 1955 gravia
2145 1882 2413 1953 supplicia
2446 1890 2789 1947 contemnat;
2824 1888 2877 1935 et
2913 1895 2945 1934 a
2995 1881 3162 1937 rebus
3191 1882 3486 1950 jucundis—

252 1975 520 2045 κρείττονα
551 1974 808 2041 γενέσθαι
838 2014 852 2036 ,
878 1974 977 2042 τῆς
1005 1992 1064 2026 τε
1094 1974 1328 2038 πίστεως
1371 1976 1464 2029 καὶ
1504 1974 1603 2044 τῆς
1627 1976 1827 2047 ἀρετῆς

1933 1978 2100 2038 simis,
2138 1975 2528 2043 disjunctione,
2563 1982 2618 2028 ct
2654 1973 2929 2035 omnibus,
2970 1983 3030 2028 ut
3072 1975 3239 2029 semel
3283 1975 3482 2038 dicam,

254 2066 682 2135 προμαχόμενον.
717 2064 797 2116 Τὰ
824 2064 880 2116 δὲ
910 2064 1287 2135 ἀποπτώματα
1327 2064 1419 2117 τοῦ
1453 2064 1697 2118 τοιούτου
1730 2066 1826 2136 μέ·

1933 2082 2043 2136 qua:
2065 2074 2286 2135 propter
2304 2065 2539 2135 aliquam
2565 2064 3008 2119 consuetudinem
3055 2074 3109 2119 et
3139 2066 3487 2134 anticipatam

253 2171 366 2223 ρους
411 2155 562 2206 ἐστὶν
610 2153 783 2206 ἅπασι
817 2154 1091 2224 πρόδηλα,
1124 2157 1151 2207 ὁ
1192 2154 1417 2223 φθόνος,
1458 2154 1518 2208 τὸ
1559 2160 1744 2226 μῖσος,
1788 2158 1822 2227 ἡ

1933 2158 2233 2227 opinionem
2279 2158 2481 2212 multos
2541 2158 2593 2210 in
2645 2157 2924 2225 voluptate
2972 2157 3234 2222 detinent,
3270 2156 3342 2211 sit
3389 2173 3488 2210 su-

255 2246 398 2315 μήνις
420 2287 434 2307 ,
469 2247 524 2297 ai
559 2244 864 2315 λοιδορίαι,
907 2246 962 2297 αἱ
988 2245 1335 2313 συμπλοκαὶ,
1373 2249 1427 2300 αί
1460 2248 1823 2317 ἐμφιλόνεικοί

1933 2249 2121 2317 perior,
2163 2264 2260 2319 pro
2289 2248 2396 2302 ﬁde
2422 2255 2475 2303 et
2504 2248 2703 2303 virtute
2753 2247 3061 2303 decertans.
3097 2246 3272 2317 Hujus
3303 2254 3489 2303 autem

251 2353 301 2387 τε
329 2337 417 2389 καὶ
450 2336 758 2406 ἀμυντικα“ι
798 2336 1099 2401 διαθέσεις,
1134 2339 1189 2391 αί
1221 2339 1381 2409 μέχρι
1414 2339 1609 2393 πολλοῦ
1643 2359 1823 2411 παρα-

1933 2341 2095 2410 partis
2138 2341 2516 2411 prolapsiones
2546 2340 2801 2396 omnibus
2834 2348 3036 2410 aperta:
3071 2348 3219 2401 sunt,
3254 2339 3484 2400 invidia,

252 2429 507 2481 τείνουσαι
544 2428 649 2499 τὴν
680 2429 1043 2499 μνησικακίαν
1066 2471 1079 2495 ,
1128 2431 1221 2484 καὶ
1262 2430 1486 2495 πολλοὺς
1514 2434 1591 2497 εἰς
1634 2433 1824 2503 φόνους

1933 2434 2127 2497 odium,
2182 2434 2286 2495 ira,
2338 2432 2607 2494 convicia,
2658 2432 2978 2497 certamina,
3030 2433 3385 2486 contentiosa:
3436 2440 3491 2484 et

254 2519 336 2571 καί
366 2520 576 2588 αἵματα
640 2517 1065 2587 καταθήγουσαι.
1100 2521 1189 2589 Μὴ
1240 2520 1348 2591 γὰρ
1381 2521 1553 2592 εὑρὼν
1597 2525 1626 2576 ό
1664 2524 1825 2577 ἀπαί-

1933 2524 2147 2578 ultionis
2191 2529 2507 2593 appetentes
2544 2521 2881 2586 aﬂ‘ectiones,
2924 2537 3045 2591 quae
3079 2529 3316 2591 acceptae
3355 2520 3495 2590 inju-

251 2609 418 2672 δευτος
447 2610 717 2680 λογισμὸς
749 2612 881 2663 ὅπου
912 2612 1177 2683 χρήσηται
1216 2612 1509 2677 λυσιτελῶς
1543 2614 1621 2685 τῷ
1652 2616 1820 2687 ὅπλῳ,

1933 2615 2020 2668 ria:
2070 2613 2501 2669 recordationem
2548 2612 2706 2681 longe
2749 2611 3068 2674 extendunt,
3100 2619 3153 2665 et
3189 2612 3390 2667 multos
3424 2612 3493 2667 ad

255 2704 327 2769 ἐφ’
351 2703 541 2755 ἑαυτὸν
578 2704 773 2773 τρέπει
802 2702 898 2774 τὴν
940 2703 1031 2755 τοῦ
1063 2703 1276 2774 σιδήρου
1307 2706 1491 2775 ἀκμήν
1514 2724 1529 2740 ο
1570 2708 1662 2760 καὶ
1689 2709 1825 2776 γίνε-

254 2809 333 2844 ται
359 2793 417 2845 τὸ
438 2795 502 2845 ἐκ
541 2794 684 2846 Θεοῦ
717 2794 865 2846 δοθὲν
892 2797 1019 2864 ἡμῖν
1060 2796 1389 2867 ἀμυντήριον
1431 2798 1591 2850 ὅπλον
1624 2799 1700 2870 τῷ
1728 2817 1822 2853 κα-

257 2884 354 2948 κῶς
391 2885 725 2955 κεχρημένῳ
750 2885 1008 2956 ὀλέθριον.

1925 2704 2126 2758 caedem
2172 2710 2227 2757 et
2293 2702 2611 2770 sanguinem
2673 2702 2924 2755 incitant.
2978 2702 3111 2755 Dum
3171 2702 3314 2755 enim
3382 2717 3490 2756 non

1926 2796 2193 2850 inveniret
2229 2796 2397 2849 stulta
2427 2804 2480 2848 et
2514 2792 2783 2846 inerudita
2831 2793 2972 2846 ratio
3016 2794 3292 2862 quomodo
3321 2796 3491 2848 armis

1928 2889 2043 2944 suis
2072 2889 2278 2941 utiliter
2328 2893 2589 2951 uteretur,
2632 2884 2760 2940 ferri
2797 2885 2966 2940 aciem
2998 2885 3054 2939 in
3098 2900 3158 2940 se
3191 2887 3491 2952 convertit;

259 2993 417 3046 eaque
465 2994 650 3042 arma,
687 2994 810 3047 qua:
845 2980 1001 3034 nobis
1048 2994 1076 3031 a
1121 2978 1228 3033 Deo
1282 2980 1407 3033 data
1456 2991 1603 3046 sunt,
1638 2983 1688 3036 ei
1735 2983 1829 3052 qui
1888 2981 2029 3035 male
2072 2981 2241 3033 utitur
2286 2978 2512 3033 exitium
2576 2975 2829 3031 afferunt.

320 3071 529 3124 Τούτων
554 3071 739 3124 τοίνυν
765 3071 905 3125 κατά
927 3071 1018 3125 τὸν
1045 3072 1331 3143 εἰρημένον
1362 3072 1820 3145 διακρινηθέντων

258 3164 460 3234 τρόπον,
483 3164 593 3216 ὃσα
621 3164 717 3233 μὲν
748 3164 1119 3233 ἁμαρτήματα
1142 3163 1235 3216 τοῦ
1256 3164 1562 3231 λογιστικοῦ
1599 3166 1697 3236 τῆς
1724 3166 1826 3236 ψυ-

259 3257 347 3325 χῆς
376 3257 608 3309 ἂπτεται
640 3256 858 3327 μέρους,
876 3256 1225 3327 χαλεπώτερα
1249 3257 1398 3326 παρά
1425 3258 1532 3311 τῶν
1564 3259 1825 3330 Πατέρων

260 3346 455 3415 ἐκρίθη.
489 3347 587 3398 καὶ
622 3344 865 3415 μείζονος
892 3346 983 3397 καὶ
1011 3343 1401 3415 διαρκεστέρας
1430 3345 1520 3397 καὶ
1552 3346 1825 3399 ἐπιπονω-

262 3434 407 3503 τέρας
430 3437 529 3506 τῆς
555 3435 890 3505 ἐπιστροφῆς
914 3435 1036 3500 ἀξια
1057 3453 1070 3466 ·
1106 3429 1214 3487 οἷον
1244 3435 1295 3486 εἴ
1320 3453 1401 3497 τις
1428 3436 1701 3508 ἠρνήσατο
1728 3436 1826 3507 τὴν

264 3530 332 3589 εἰς
355 3528 589 3597 Χριστὸν
624 3527 825 3590 πίστιν,
855 3527 887 3597 ἢ
926 3527 1061 3597 πρὸς
1105 3526 1432 3596 Ἰουδαῖσμόν
1456 3568 1473 3592 ,
1502 3527 1534 3598 ἢ
1582 3528 1715 3599 πρὸς
1747 3530 1826 3582 εί-

265 3619 665 3691 δωλολατρείαν,
702 3619 734 3690 ἦ
769 3619 902 3690 πρὸς
929 3619 1300 3690 Μανιχαῖσμδν
1324 3662 1339 3684 ,
1376 3620 1405 3689 ἢ
1440 3620 1576 3691 πρὸς
1620 3620 1746 3673 ἄλλο
1774 3639 1827 3674 τι

264 3711 483 3765 τοιοῦτον
542 3711 731 3774 ἀθεῖας
773 3708 909 3773 εἶδος
962 3711 1335 3782 αὐτομολήσας
1379 3706 1585 3783 ἐφάνη,
1637 3713 1665 3764 ὁ
1728 3715 1827 3782 μὲν

269 3803 510 3867 ἑκουσίως
550 3806 648 3857 ἐπὶ
696 3803 756 3856 τὸ
804 3802 1039 3857 τοιοῦτον
1065 3805 1313 3877 ὁρμήσας
1340 3805 1508 3858 κακὸν
1532 3845 1547 3869 ,
1584 3801 1701 3859 εἶτα
1730 3824 1827 3859 κα-

267 3893 479 3960 ταγνοὺς
502 3892 702 3947 ἑαυτοῦ
726 3934 740 3956 ,
773 3894 959 3963 χρόνον
984 3894 1073 3946 τὸν
1101 3896 1198 3964 τῆς
1225 3895 1509 3964 μετανοίας
1548 3896 1681 3967 ἔχει,
1709 3898 1827 3950 ὅλον

268 3982 345 4034 τὸν
374 3986 470 4053 τῆς
498 3984 650 4054 ζωῆς
683 3984 865 4038 αὑτοῦ.
915 3986 1177 4038 Οὐδέποτε
1207 3986 1313 4057 γὰρ
1351 3987 1617 4057 μυστικῆς
1648 3990 1827 4041 ἐπιτε-

269 4071 514 4146 λουμένης
566 4075 763 4145 εὐχῆς,
820 4075 955 4144 μετὰ
998 4075 1090 4127 τοῦ
1145 4075 1272 4128 λαοῦ
1322 4078 1689 4148 προσκυνῆσαι
1737 4078 1827 4132 τὸν

268 4164 384 4217 Θεὸν
410 4167 782 4232 καταξιοῦται,
817 4167 950 4220 ἀλλὰ
974 4168 1286 4237 καταμόνας
1317 4169 1414 4238 μὲν
1437 4169 1650 4234 εὔξεται
1674 4187 1686 4200 ο
1731 4174 1828 4242 τῆς

270 4257 317 4309 δὲ
357 4260 640 4323 κοινωνίας
689 4259 796 4314 τῶν
844 4262 1194 4330 ἁγιασμάτων
1278 4261 1501 4315 καθόλου
1552 4263 1829 4335 ἀλλότριος

271 4347 410 4400 ἔσται
436 4366 447 4378 ·
480 4348 541 4399 ὲν
572 4348 629 4401 δὲ
666 4351 730 4420 τῇ
759 4348 878 4421 ὥρᾳ
902 4350 1001 4419 τῆς
1027 4350 1202 4415 ἐξόδου
1229 4350 1391 4403 αὐτοῦ
1415 4392 1429 4415 ,
1456 4352 1574 4405 τότε
1602 4353 1700 4422 τῆς
1732 4352 1826 4405 τοῦ

272 4440 599 4508 ἀγιάσματος
656 4440 870 4510 μερίδος
924 4441 1302 4511 ἀξιωθήσεται.
1353 4443 1416 4495 Ei
1474 4442 1531 4496 δὲ
1582 4444 1821 4514 συμϐαίη
1857 4474 1902 4530 D

274 4532 385 4600 παρ’
416 4532 637 4595 ἐλπίδας
664 4531 821 4602 ζῆσαι
851 4532 1032 4595 αὑτὸν,
1065 4532 1225 4585 πάλιν
1248 4535 1305 4585 ἐν
1324 4532 1400 4603 τῷ
1424 4532 1569 4604 αὐτῷ
1600 4535 1827 4606 κρίματι

273 4620 603 4677 διαδιὼσεται
630 4664 644 4685 ,
693 4625 957 4694 ἀμέτοχος
998 4624 1105 4678 τῶν
1154 4626 1427 4694 μυστικῶν
1473 4626 1829 4697 ἁγιασμάτων

276 4713 423 4784 μέχρι
454 4715 554 4785 τῆς
585 4714 763 4780 ἐξόδου
805 4716 1105 4785 γινόμενος.
1135 4718 1197 4770 Oi
1226 4716 1282 4769 δὲ
1331 4716 1582 4787 βασάνοις
1604 4722 1705 4772 καὶ
1746 4737 1830 4773 τι-

278 4805 496 4873 μωρίαις
526 4806 795 4876 χαλεπαῖς
820 4806 1157 4870 αἰκισθέντες
1182 4849 1196 4872 ,
1240 4810 1297 4861 ὲν
1331 4808 1479 4879 ῥήτῷ
1512 4810 1687 4882 χρόνῳ
1735 4813 1829 4863 ἐπ-

277 4894 599 4965 ετιμήθησαν
622 4937 636 4959 ,
667 4894 809 4949 οὕτω
834 4895 943 4949 τῶν
971 4897 1140 4964 ἁγίων
1166 4897 1423 4969 Πατέρων
1455 4899 1832 4970 φιλανθρωπίᾳ

279 4983 353 5035 ἐπ’
385 4985 559 5038 αὐτῶν
587 4985 945 5056 χρησαμένων
963 5026 977 5048 ,
1008 4985 1083 5050 ὡς
1110 4988 1228 5057 οὐχ).
1256 4987 1433 5060 ψυχῆς
1462 4988 1833 5060 γεγενημένης

280 5074 329 5125 ὲν
372 5075 621 5147 πτώματι
651 5115 665 5139 ,
702 5075 839 5129 ἀλλὰ
886 5076 985 5147 τῆς
1038 5080 1351 5148 σωματικῆς
1389 5077 1669 5141 ἀσθενείας
1700 5077 1835 5148 πρὸς

279 5163 366 5228 τὰς
393 5168 575 5229 αἰκίας
621 5169 722 5221 οὐκ
752 5167 1127 5238 ἀντισχούσης.
1177 5168 1266 5222 Διὸ
1291 5168 1367 5239 τῷ
1415 5168 1597 5240 μέτρῳ
1629 5168 1736 5221 τῶν
1778 5170 1835 5223 ὲν

283 5258 493 5330 πορνείᾳ
524 5259 1030 5330 πλημμελήσάντων
1054 5299 1069 5324 ,
1105 5261 1196 5313 καὶ
1234 5261 1266 5330 ή
1303 5260 1630 5331 βεὸιασμένη
1659 5277 1717 5313 τε
1744 5259 1837 5313 καὶ

284 5347 532 5415 ἔπώδυνος
561 5349 868 5421 παράϐασις
899 5353 954 5403 ἐν
976 5353 1041 5422 τῇ
1069 5354 1366 5424 ἐπιστροφῇ
1402 5351 1798 5422 συνεμετρήθη.

345 5442 400 5493 Οί
432 5442 487 5495 δὲ
525 5444 663 5511 πρὸς
714 5442 916 5513 γόητας
948 5443 1201 5507 ἀπιόντες
1223 5486 1237 5509 ,
1272 5444 1305 5513 ἢ
1345 5444 1601 5514 μάντεις,
1637 5444 1670 5515 ἢ
1716 5446 1841 5507 τοὺς

286 5527 361 5581 διὰ
404 5532 670 5602 δαιμόνων
721 5531 993 5603 καθάρσιά
1043 5550 1165 5586 τινα
1214 5533 1308 5586 καὶ
1361 5533 1840 5604 ἀποτροπιασμοὺς

288 5619 505 5689 ἐνεργεῖν
535 5623 997 5693 ὑπισχνουμένους
1020 5664 1035 5691 ,
1067 5615 1212 5677 οὗτοι
1247 5624 1554 5695 ἐρωτῶνται
1592 5624 1659 5677 δι’
1696 5626 1845 5695 ἀκρι-

289 5709 421 5777 ϐείας
449 5716 538 5768 καὶ⁵
577 5715 957 5780 ἁνακρίνονται
979 5754 996 5783 ,
1030 5714 1255 5786 πότερον
1298 5716 1647 5787 ἐπιμένοντες
1674 5719 1740 5788 τῇ
1766 5717 1845 5782 είς

2002 3072 2096 3127 llis
2136 3074 2316 3140 itaque
2344 3071 2446 3123 boc
2468 3068 2631 3123 modo
2665 3066 2962 3133 distinctis,
3004 3083 3342 3139 quaecunque
3369 3070 3496 3139 qui-

1928 3162 2047 3217 dem
2094 3171 2315 3230 peccata
2360 3158 2571 3212 ratione
2602 3159 2881 3228 prteditam
2922 3160 3116 3214 anima:
3162 3169 3369 3229 partem
3415 3168 3498 3214 at-

1928 3255 2165 3323 tingunt,
2217 3267 2341 3307 esse
2381 3251 2632 3321 graviora
2680 3266 2710 3303 a
2751 3250 3007 3308 Patribus
3055 3254 3297 3322 judicata
3346 3266 3495 3321 sunt,

1928 3353 1982 3399 et
2025 3343 2219 3411 majori
2254 3356 2317 3397 ac
2365 3341 2747 3396 sul‘ticientiori
2786 3353 2837 3398 et
2887 3344 3234 3401 laboriosiori
3262 3362 3497 3402 conver-

1901 3437 2079 3491 ‘sione
2099 3434 2259 3506 digna
2290 3453 2302 3488 :
2336 3434 2794 3505 quemadmodum
2823 3435 2869 3491 si
2909 3438 3032 3506 quis
3059 3438 3218 3492 iidem
3248 3439 3301 3493 in
3334 3440 3499 3495 Citri-

1928 3535 2069 3581 stum
2126 3528 2360 3599 negavit,
2417 3529 2498 3582 vel
2563 3528 2630 3582 ad
2662 3528 3043 3596 jndaismum,
3086 3531 3177 3585 vel
3226 3531 3495 3587 idolorum

1928 3620 2167 3685 cultum,
2222 3620 2306 3674 vel
2372 3619 2864 3681 manichaeismum.
2925 3622 3007 3676 vel
3069 3623 3288 3692 aliquod
3347 3625 3493 3680 aliud

1929 3698 2225 3777 impietatis
2278 3723 2448 3777 genus
2488 3707 2789 3763 descivisse
2822 3709 2972 3764 visus
3025 3711 3114 3774 sit,
3155 3714 3250 3780 qui
3302 3714 3497 3768 volun-

1928 3799 2065 3852 tarie
2112 3798 2330 3867 quidem
2385 3815 2442 3853 se
2506 3799 2573 3854 ad
2625 3801 2677 3853 id
2734 3801 2936 3855 malum
2989 3805 3241 3867 contulit,
3302 3804 3500 3861 deinde

1930 3890 2166 3958 seipsnm
2214 3889 2617 3950 condemnavit,
2685 3898 2859 3945 totum
2909 3899 3130 3963 tempus
3181 3896 3303 3951 vita:
3338 3896 3498 3951 habet

1931 3982 2261 4051 pwnitentire
2319 3988 2552 4051 tempus.
2610 3981 2904 4052 Nunquam
2942 3987 3111 4049 enim,
3174 3987 3218 4041 si
3270 3989 3499 4058 mystica

1930 4077 2221 4136 peragatur
2267 4074 2463 4131 oratio,
2509 4068 2675 4124 Deum
2736 4086 2843 4125 una
2875 4088 2998 4126 cum
3036 4076 3235 4144 populo
3271 4079 3500 4134 adorare

1929 4159 2126 4227 dignus
2156 4160 2487 4223 censebitur,
2521 4165 2615 4215 sed
2642 4176 2891 4216 seorsum
2928 4166 3279 4235 precabitur;
3338 4183 3368 4222 a
3404 4187 3499 4225 sa~

1930 4264 2333 4307 cramentorum
2402 4263 2580 4308 autem
2652 4257 3042 4312 communione
3101 4261 3324 4315 omnino
3389 4270 3497 4319 erit

1932 4344 2173 4409 alienus;
2226 4345 2280 4398 in
2325 4345 2455 4398 hora
2507 4353 2686 4399 autem
2737 4348 2822 4401 sui
2867 4363 2898 4403 e
2942 4349 3052 4403 vita
3100 4366 3500 4422 execssus,sa-

1931 4435 2194 4489 cramenti
2239 4437 2640 4491 communionis
2683 4440 2786 4493 erit
2844 4441 3141 4512 particeps.
3189 4444 3284 4500 Sin
3318 4457 3498 4503 autem

1934 4528 2223 4597 contigerit
2253 4537 2309 4581 ut
2334 4529 2379 4584 is
2406 4538 2600 4599 praeter
2622 4546 2776 4601 spem
2808 4533 2974 4598 vivat,
3006 4535 3059 4589 in
3086 4535 3276 4593 eodem
3307 4555 3501 4596 rursus

1935 4618 2076 4671 vivet
2116 4619 2346 4688 judicio,
2389 4622 2743 4693 mysticorum
2774 4635 3247 4683 sacramentorum
3278 4632 3343 4686 ad
3378 4633 3502 4688 vita:

1931 4710 2136 4764 exitum
2199 4726 2372 4780 usque
2419 4726 2634 4781 expers.
2689 4712 2790 4779 Qui
2860 4723 3043 4771 autem
3098 4722 3389 4778 tormentis
3446 4731 3502 4779 et

1932 4801 2189 4872 gravibus
2244 4803 2528 4872 suppliciis
2564 4806 2889 4872 excruciati,
2940 4809 2976 4862 ii
3023 4812 3332 4879 praestituto
3365 4821 3503 4868 tem-

1933 4906 2063 4961 pore
2113 4891 2431 4961 punientur,
2477 4893 2686 4949 sanctis
2739 4894 2997 4953 Patribus
3045 4900 3213 4953 sicin
3265 4915 3362 4956 eos
3392 4902 3505 4957 cle-

1937 4982 2136 5036 mentia
2185 4983 2321 5043 usis.
2374 4992 2633 5054 tanquam
2678 4987 2856 5041 anima
2904 5005 3013 5044 non
3069 4991 3221 5061 lapsa
3267 4993 3357 5056 sit,
3407 4992 3503 5047 sed

1936 5077 2238 5144 corporalis
2302 5077 2648 5132 imbecillitas
2710 5081 2998 5136 tormentis
3055 5096 3163 5136 non
3216 5084 3501 5139 restiterit.

1936 5166 2114 5233 Quare
2166 5183 2421 5223 mensura
2456 5184 2644 5224 eorum
2673 5172 2764 5240 qui
2810 5172 2864 5225 in
2905 5172 3273 5228 fornicatione
3304 5190 3505 5245 pecca-

1938 5268 2086 5322 runt,
2131 5267 2184 5315 et
2232 5260 2283 5314 vi
2326 5260 2619 5332 doloreque
2665 5279 2924 5335 expressa
2999 5268 3386 5336 transgressio,
3449 5270 3505 5326 in

1939 5350 2315 5415 conversione,
2365 5352 2554 5407 eodem
2605 5355 2781 5423 spatio
2827 5354 3077 5411 dimensa
3130 5365 3236 5412 est.

2013 5441 2167 5514 [ϐαη.
2218 5443 2299 5514 5.]
2339 5442 2439 5509 Qui
2483 5444 2548 5498 ad
2587 5447 3027 5517 praestigiatores,
3074 5448 3160 5504 vel
3213 5458 3364 5506 vates
3417 5451 3508 5507 ab-

1941 5534 2140 5594 ierunt,
2194 5535 2277 5589 vel
2331 5551 2425 5589 eos
2480 5537 2570 5606 qui
2609 5552 2701 5607 per
2732 5537 3004 5592 dremones
3035 5554 3095 5595 se
3126 5540 3339 5609 piacula
3366 5556 3509 5611 qua-

1941 5626 2066 5681 dam
2122 5635 2176 5682 et
2282 5628 2596 5682 aversiones
2645 5639 2968 5698 operaturos
3020 5635 3408 5704 pollicentur;
3468 5638 3509 5691 ii

1942 5731 2129 5776 exacte
2194 5720 2598 5790 interrogantur
2653 5729 2709 5777 et
2755 5724 3156 5795 examinantur,
3211 5737 3390 5784 utrum
3449 5729 3509 5786 in
