3920 6522
411 328 515 385 227

1637 323 1695 377 S.
1736 318 2067 376 GREGORII
2108 319 2399 375 NYSSENI

3552 316 3658 370 29.8

417 445 523 497 ﬁde
575 443 627 495 in
676 438 956 494 Christum
998 447 1401 509 permanentes,
1454 453 1483 490 a
1518 438 1851 501 necessitate
1887 434 1986 488 ali-

2090 435 2321 505 Χριστδν
2374 437 2551 489 πίστει
2583 476 2596 501 ,
2649 434 2739 488 ὑπ’
2787 434 3029 504 ἀνάγκης
3073 432 3215 495 τινὸς
3255 430 3658 501 συνηνέχθησαν

414 548 522 604 qua
551 532 615 587 ad
663 530 794 585 illud
830 540 1113 601 peccatum
1161 532 1382 599 impulsi
1428 537 1577 592 sunt,
1610 544 1735 582 cum
1767 526 1984 579 amictio

415 624 595 692 aliqua
633 623 717 675 vel
752 622 1118 677 intolerabilis
1159 621 1372 690 jactura
1408 622 1552 676 hunc
1601 621 1709 674 illis
1741 620 1983 673 animum

416 714 731 779 indidisset;
783 728 851 766 an
883 713 1108 767 omnino
1143 714 1388 784 neglecto
1426 712 1570 782 quod
1606 712 1767 766 nobis
1805 709 1985 764 credi-

416 813 531 857 tum
576 811 661 857 est
703 804 1043 861 testimonio.
1100 803 1165 856 ad
1216 803 1519 857 daemonum
1557 803 1873 857 societatem
1928 814 1988 854 se

416 896 785 948 contulerunt.
847 894 905 947 Si
953 895 1097 947 enim
1161 895 1227 948 ad
1279 895 1435 948 [idem
1485 893 1893 951 inﬁrmandam.
1931 898 1987 945 et

415 980 560 1048 quod
597 980 760 1033 Deum
799 997 921 1036 esse
956 998 1061 1035 non
1108 984 1411 1046 crederent,
1458 983 1550 1052 qui
1584 998 1612 1034 a
1658 983 1985 1037 Christianis

402 1073 661 1126 creditur
713 1082 764 1126 et
814 1074 1091 1139 adoratur,
1124 1075 1253 1127 illud
1282 1075 1553 1137 fecerunt,
1579 1083 1740 1128 erunt
1775 1076 1988 1130 scilicet

417 1172 790 1232 apostatarum
841 1165 1053 1232 judicio
1093 1166 1336 1219 obnoxii.
1386 1166 1481 1218 Sin
1532 1173 1711 1220 autem
1774 1182 1882 1220 non
1920 1167 1991 1221 fe-

420 1256 587 1310 renda
630 1258 929 1311 necessitas
965 1258 1165 1324 aliqua,
1222 1257 1418 1325 pusillo
1464 1264 1516 1310 et
1546 1257 1759 1325 abjecto
1796 1273 1986 1311 eorum

418 1348 600 1399 animo
660 1355 937 1416 superato,
982 1364 1047 1400 eo
1099 1346 1323 1401 deduxit
1361 1347 1494 1402 falsa
1540 1350 1721 1418 aliqua
1767 1367 1860 1419 spe
1896 1351 1991 1405 dc-

417 1438 647 1500 ductos;
691 1438 941 1490 similiter
979 1437 1083 1490 erit
1117 1446 1168 1490 et
1198 1437 1251 1490 in
1287 1438 1434 1507 ipsos
1481 1440 1788 1504 clementia,
1815 1441 2014 1521 instar.

417 1542 604 1579 eorum
663 1526 750 1595 qui
808 1527 1095 1580 tormentis
1128 1528 1179 1580 in
1219 1534 1460 1597 tempore
1500 1529 1865 1587 confessionis
1901 1548 1988 1585 re-

416 1618 610 1673 sistere
662 1632 769 1671 uon
821 1627 1134 1687 potuerunt.

2090 526 2273 597 ἐκείνῃ
2310 528 2376 596 τῇ
2426 524 2670 596 ἁμαρτίᾳ
2695 565 2709 588 ,
2752 521 3044 586 κακώσεως
3091 538 3264 584 τινος,
3310 520 3344 591 ἦ
3384 521 3657 590 ἀφορήτου

2089 617 2290 687 ζημίας
2320 616 2524 688 ταύτην
2558 617 2740 679 αὐτοῖς
2786 615 2885 686 τὴν
2931 613 3104 685 ὁρμὴν
3156 611 3531 682 ἐμποιησάσης
3559 626 3575 641 ⁸
3622 610 3658 679 ἦ

2050 702 2315 761 ⁴καθόλου
2368 708 2878 777 καταφρονήσαντες
2928 704 3020 757 τοῦ
3057 702 3485 771 πεπιστευμένου
3532 697 3663 769 παρ’

2088 801 2246 870 ἡμῶν
2273 800 2596 870 μαρτυρίου,
2625 800 2691 867 τῇ
2734 796 2842 848 τῶν
2871 796 3140 866 δαιμόνων
3173 793 3456 863 συμμαχίᾳ
3501 808 3665 863 προσ-

2089 892 2337 962 έδραμον.
2373 892 2432 942 Εἰ
2466 891 2560 959 μὲν
2585 888 2693 959 γάρ
2718 887 2969 957 ἀθετήσει
2994 888 3093 956 τῆς
3128 884 3363 945 πίστεως
3396 884 3490 936 καὶ
3524 882 3665 951 πρὸς

2087 982 2147 1035 τὸ
2177 983 2251 1051 μὴ
2284 980 2557 1033 πιστεύειν
2580 976 2716 1032 εἶναι
2746 978 2876 1031 Θεὸν
2903 977 2994 1030 τὸν
3019 976 3166 1047 παρά
3190 974 3294 1027 τῶν
3320 973 3661 1046 Χριστιανῶν

2089 1072 2563 1144 προσκυνούμενον
2584 1113 2598 1136 ,
2634 1073 2809 1125 ἐκεῖνο
2855 1070 3116 1139 ἐποίησαν
3142 1108 3156 1130 ,
3200 1067 3399 1137 δηλαδὴ
3435 1066 3512 1135 τῷ
3542 1064 3667 1135 κρί-

2093 1174 2225 1235 ματι
2252 1163 2360 1217 τῶν
2398 1161 2758 1233 παραϐάντων
2791 1160 3216 1230 ὑπαχθήσονται.
3250 1158 3310 1209 Εἰ
3343 1156 3399 1209 δέ
3427 1173 3509 1217 τις
3532 1154 3667 1207 d651-

2091 1273 2318 1320 στακτος
2370 1255 2583 1323 ἀνάγκη
2628 1253 3089 1322 κατακρατήσασα
3144 1250 3242 1319 τῆς
3301 1246 3664 1319 μικροψυχίας

2090 1348 2267 1399 αὐτῶν
2289 1386 2302 1408 ,
2351 1348 2429 1407 εἰς
2475 1346 2630 1397 τοῦτο
2674 1344 2990 1413 προσήγαγε
3014 1332 3109 1395 διά
3130 1358 3275 1401 τινος
3303 1339 3665 1409 ὴπατημένης

2090 1439 2299 1501 ἐλπίδος
2350 1437 2893 1508 παρακρουσθέντας,
2933 1435 3192 1496 ὡσαύτως
3234 1433 3385 1486 ἔσται
3436 1432 3529 1485 καὶ
3574 1430 3659 1483 ἐπ’

2090 1533 2267 1587 αὐτῶν
2292 1533 2324 1601 ή
2353 1530 2731 1599 φιλανθρωπία
2753 1572 2767 1593 ,
2800 1529 2921 1582 καθ’
2945 1526 3237 1597 ὁμοιότητα
3269 1525 3373 1578 τῶν
3398 1524 3535 1595 πρὸς
3565 1523 3668 1586 τὰς

2093 1623 2360 1692 βασάνους
2388 1625 2445 1675 ἐν
2483 1621 2560 1691 τῷ
2584 1620 2759 1691 καιρῷ
2808 1622 2905 1691 τῆς
2959 1618 3244 1691 ὁμολογίας
3274 1618 3543 1686 ἀντισχεῖν
3588 1615 3668 1685 μὴ

2090 1716 2443 1784 δυνηθέντων.

489 1794 646 1864 [Cum
704 1798 786 1870 4.]
832 1799 1027 1854 Eorum
1074 1809 1252 1854 autem
1285 1816 1407 1871 quae
1440 1802 1508 1855 ad
1552 1802 1904 1872 cupiditatem
1933 1816 1987 1859 et

2163 1807 2283 1860 Τῶν
2332 1807 2387 1859 δὲ
2435 1803 2503 1860 δι’
2555 1806 2849 1876 ἐπιθυμίαν
2897 1821 2955 1856 τε
3002 1804 3095 1857 καὶ
3136 1801 3325 1872 ἡδονὴν
3364 1799 3673 1870 γινομένων

415 1892 746 1958 voluptatem
800 1889 933 1943 fiunt
991 1900 1364 1960 peccatorum,
1426 1893 1540 1947 haec
1590 1905 1673 1949 est
1723 1895 1919 1949 divisio
1970 1914 1983 1949 :

418 1982 524 2035 hoc
557 1982 700 2033 enim
725 1990 954 2035 vocatur
977 1983 1327 2047 adulterium,
1356 1985 1490 2039 illud
1519 1999 1645 2040 vero
1677 1985 1984 2043 fornicatio.

414 2072 494 2126 Ac
526 2073 800 2126 nonnullis
838 2073 1058 2143 quidem
1109 2090 1299 2129 eorum
1347 2079 1440 2145 qui
1477 2087 1606 2133 sunt
1650 2078 1985 2146 subtiliores,

413 2165 621 2234 placuit
679 2166 843 2220 etiam
907 2166 1285 2223 fornicationis
1336 2179 1621 2240 peccatum
1657 2172 1986 2228 adulterium

415 2272 540 2311 esse
579 2257 917 2321 existimare,
964 2261 1223 2329 quoniam
1282 2277 1388 2315 una
1446 2272 1531 2318 est
1575 2264 1813 2335 legitima
1859 2282 1989 2320 con—

410 2348 622 2415 junctio
643 2355 695 2401 et
740 2349 985 2403 mulieris
1012 2365 1135 2405 cum
1163 2352 1301 2416 viro,
1340 2362 1393 2408 et
1436 2354 1537 2408 viri
1573 2371 1697 2409 cum
1734 2357 1984 2412 muliere.

400 2437 687 2507 Quidquid
717 2455 849 2509 ergo
880 2456 987 2493 non
1015 2451 1098 2495 est
1123 2441 1445 2511 legitimum,
1466 2450 1551 2498 est
1570 2446 1793 2499 omnino
1814 2446 1988 2516 injus-

415 2537 529 2582 tum
551 2539 603 2583 et
624 2531 722 2599 legi
747 2532 1080 2587 contrarium
1111 2551 1123 2585 :
1152 2541 1204 2586 et
1238 2533 1328 2601 qui
1354 2548 1461 2587 non
1486 2534 1648 2590 habet
1679 2538 1985 2607 proprium,

413 2622 576 2676 habet
614 2624 836 2677 omnino
883 2625 1141 2679 alienum.
1178 2624 1393 2680 llomini
1431 2628 1575 2681 enim
1612 2644 1719 2682 una
1772 2639 1984 2684 tantum

413 2712 537 2765 data
559 2715 973 2769 estauxiliatrix
1008 2730 1037 2769 a
1070 2715 1272 2779 Deo,et
1316 2718 1529 2771 mulieri
1565 2735 1730 2773 unum
1766 2721 1986 2790 apposi-

414 2812 526 2856 tum
582 2813 666 2857 est
716 2814 897 2875 caput.
950 2805 1090 2876 Ergo
1134 2808 1180 2860 si
1229 2808 1366 2877 quis,
1429 2808 1671 2877 quidem,
1715 2812 1987 2878 pmprium

413 2909 504 2947 vas
562 2911 737 2958 suum,
788 2904 847 2948 ut
891 2896 1109 2952 divinus
1162 2898 1458 2968 Apostolus
1504 2902 1771 2964 nominat,
1810 2919 1988 2970 posse-

418 2986 554 3040 derit
600 2987 681 3048 ⁸⁸,
726 2990 773 3043 ei
814 2990 896 3043 lex
937 3002 1146 3045 natura:
1167 2991 1375 3061 justum
1421 3008 1578 3047 usum
1633 2994 1900 3048 concedit.
1928 2992 1986 3047 Si

414 3080 539 3148 quis
570 3089 750 3133 autem
802 3090 957 3135 extra
1002 3083 1281 3152 preprium
1317 3099 1615 3140 conversus
1657 3084 1842 3151 fuerit,
1884 3087 1988 3140 erit

413 3172 641 3225 omnino
695 3172 749 3226 in
806 3174 986 3228 alieno
1024 3192 1037 3229 :
1079 3185 1163 3230 est
1208 3183 1385 3231 autem
1424 3177 1719 3248 unicuique
1752 3178 1985 3233 alienum

413 3264 682 3333 quidquid
737 3280 845 3323 non
881 3275 965 3321 est
1012 3269 1317 3338 proprium,
1360 3270 1575 3324 etiamsi
1628 3271 1678 3323 id
1720 3285 1828 3325 non
1859 3286 1989 3325 con-

415 3353 633 3410 ﬁteatur
652 3355 746 3425 qui
771 3364 856 3411 est
881 3356 1159 3412 dominus.
1195 3357 1311 3413 Non
1346 3360 1503 3430 longe
1538 3377 1669 3432 ergo
1703 3377 1733 3415 a
1768 3371 1989 3432 peccato

415 3446 691 3511 adulterii,
742 3448 1030 3504 fornicatio
1074 3451 1142 3504 ab
1186 3451 1254 3505 iis
1305 3452 1399 3522 qui
1452 3467 1565 3507 rem
1618 3454 1778 3523 paulo
1827 3470 1990 3509 accu-

415 3538 589 3591 ratius
621 3539 957 3604 examinant,
999 3552 1251 3609 suscepta
1309 3552 1414 3607 est,
1467 3559 1589 3598 cum
1639 3545 1785 3600 dicat
1824 3547 2016 3601 etiam-

419 3624 701 3692 Scriptura
748 3647 761 3681 :
801 3628 883 3681 Ne
912 3631 1105 3684 multus
1143 3633 1217 3686 sis
1250 3650 1365 3686 cum
1399 3634 1575 3688 aliena
1603 3635 1676 3703 ⁸⁸,
1735 3636 1829 3693 sed
1864 3653 1986 3691 cum

417 3716 874 3772 imbecillioribus
934 3719 1277 3790 indulgenter
1324 3723 1592 3792 agendum
1655 3735 1989 3782 censuerunt

419 3806 633 3870 Patres,
674 3808 992 3883 distinctum
1033 3822 1116 3867 est
1156 3820 1440 3882 peccatum
1476 3816 1577 3870 hac
1628 3819 1869 3886 generali
1908 3817 1988 3872 di-

418 3897 651 3962 visione,
693 3900 836 3967 quod
882 3899 1169 3955 l'ornicatio
1220 3902 1440 3972 quidem
1506 3903 1719 3958 dicatur
1774 3904 1985 3975 cupidi-

417 3989 549 4042 tatis
587 4005 681 4044 seu
738 3991 981 4046 libidinis
1025 3995 1283 4062 expletio,
1329 4010 1451 4066 quae
1503 3995 1560 4050 ﬁt
1599 3992 1717 4051 sine
1750 3998 1852 4052 alia
1885 3998 1987 4051 ali-

416 4080 578 4149 cujus
626 4082 857 4149 injuria;
899 4084 1228 4139 adulterium
1263 4102 1417 4154 vero,
1454 4087 1667 4142 insidiae
1703 4097 1756 4144 et
1787 4090 1987 4158 injuria

416 4187 539 4240 qua:
564 4173 718 4226 alteri
759 4174 1001 4230 ali‘ertur.
1035 4177 1092 4232 in
1119 4194 1184 4232 eo
1210 4188 1388 4235 autem
1416 4188 1469 4233 et
1498 4196 1621 4235 cum
1659 4183 1989 4237 animalibus

418 4262 623 4314 coitum
674 4271 727 4316 et
780 4265 1099 4332 pzedicatum
1150 4284 1271 4324 esse
1318 4272 1667 4337 existimant;
1728 4275 1985 4342 quoniam

423 4353 537 4407 hace
579 4362 706 4406 sunt
757 4364 965 4410 natura:
997 4359 1345 4413 adulterium.
1390 4362 1442 4416 In
1476 4363 1524 4417 id
1555 4364 1697 4417 enim
1735 4366 1877 4433 quod
1907 4374 1991 4420 est

2092 1899 2503 1969 ἁμαρτημάτων
2532 1896 2751 1965 τοιαύτη
2782 1891 2927 1947 ἐστίν
2959 1897 2989 1964 ἡ
3017 1893 3277 1964 διαίρεσις
3298 1908 3311 1920 ε
3342 1891 3402 1943 τὸ
3427 1889 3524 1960 μὲν
3554 1890 3671 1960 γὰρ

2092 1992 2336 2044 καλεῖται
2366 1990 2575 2061 μοιχεία
2599 2033 2610 2051 ,
2654 1989 2715 2042 τὸ
2750 1988 2805 2041 δέ
2857 1989 3100 2057 πορνεία.
3134 1985 3254 2037 Τισὶ
3304 1985 3400 2053 μὲν
3432 1978 3525 2035 οὖν
3556 1981 3671 2033 τῶν

2091 2082 2493 2154 ἀκριϐεστέρων
2520 2082 2683 2153 ἤρεσε
2727 2080 2820 2133 καὶ
2849 2079 2907 2131 τὸ
2943 2080 3082 2131 κατά
3123 2075 3374 2147 πορνείαν
3409 2072 3673 2143 πλημμέ-

2091 2173 2260 2246 λημα,
2292 2173 2535 2243 μοιχείαν
2569 2168 2708 2225 εἶναι
2738 2169 2998 2241 νομίζειν.
3034 2167 3177 2219 Διὸτι
3208 2164 3305 2235 μία
3333 2164 3477 2216 ἐστὶν
3514 2163 3548 2231 ἠ
3577 2162 3672 2213 νό-

2095 2283 2260 2337 μιμος
2294 2264 2522 2333 συζυγία
2546 2306 2560 2329 ,
2597 2264 2693 2316 καὶ
2722 2261 2940 2330 γυναικὶ
2980 2260 3116 2330 πρὸς
3149 2258 3349 2329 ἄνδρα,
3384 2256 3481 2310 καὶ
3509 2254 3671 2325 ἀῶρὶ

2091 2359 2228 2429 πρὸς
2261 2360 2513 2426 γυναῖκα.
2563 2357 2676 2408 Πᾶν
2726 2350 2818 2407 οὖν
2863 2352 2924 2405 τὸ
2971 2351 3044 2423 μὴ
3080 2350 3308 2420 νόμιμον
3346 2347 3671 2418 παράνομον

2092 2449 2342 2511 πάντως,
2379 2447 2472 2501 καὶ
2512 2448 2541 2500 6
2568 2446 2644 2516 μὴ
2686 2444 2747 2497 τὸ
2797 2444 2926 2497 ἴδιον
2960 2441 3132 2512 ἔχων,
3175 2439 3374 2510 δηλαδὴ
3407 2438 3466 2492 τὸ
3509 2438 3670 2492 ἀλλό-

2089 2559 2239 2611 τριον
2270 2540 2381 2611 ἔχει
2404 2558 2417 2570 ·
2452 2538 2529 2611 τῷ
2561 2538 2669 2608 γὰρ
2705 2535 2976 2607 ἀνθρώπῳ
3015 2534 3112 2605 μία
3144 2533 3349 2586 δέδοται
3382 2532 3529 2604 παρὰ
3567 2529 3669 2583 τοῦ

2089 2631 2225 2685 Θεοῦ
2266 2631 2454 2703 βοηθὸς
2477 2673 2492 2695 ,
2526 2631 2618 2683 καὶ
2647 2631 2713 2699 τῇ
2745 2626 2965 2697 γυναικὶ
3000 2626 3096 2695 μία
3124 2625 3460 2694 ἐνρήρμοσται
3491 2639 3668 2690 κεφα-

2089 2725 2178 2795 λή.
2211 2722 2417 2777 Οὐκοῦν
2461 2719 2515 2771 εὶ
2541 2715 2639 2784 μέν
2676 2737 2767 2784 τις
2791 2718 2856 2771 τὸ
2882 2717 3035 2770 ἴδιον
3062 2712 3248 2768 αὑτοῦ
3276 2711 3497 2777 σκεῦος
3516 2751 3530 2774 ,
3563 2729 3672 2764 κα-

2091 2813 2197 2878 θὼς
2223 2810 2476 2882 ὀνομάζει
2502 2812 2530 2863 6
2557 2809 2699 2873 θεῖος
2733 2806 3050 2870 Ἀπόστολος
3069 2845 3083 2868 ,
3118 2804 3309 2869 ἐαυτῷ
3350 2803 3667 2871 κτήσαιτο,

2093 2906 2365 2977 συγχωρεῖ
2395 2907 2423 2957 6
2464 2904 2628 2973 νόμος
2673 2901 2772 2971 τῆς
2826 2901 3036 2969 φύσεως
3065 2898 3162 2968 τὴν
3205 2896 3415 2950 δικαίαν
3444 2896 3666 2965 χρῆσιν.

2090 2999 2153 3051 El
2184 2998 2239 3051 δέ
2266 3016 2349 3060 τις
2375 2996 2478 3061 ἔξω
2501 2995 2593 3048 τοῦ
2627 2995 2755 3047 ἰδίου
2786 2991 3042 3061 τραπείη,
3065 2992 3122 3043 ἐν
3150 2988 3411 3059 ἀλλοτρίῳ
3446 2987 3671 3051 πάντως

2090 3091 2377 3159 γενήσεται
2402 3102 2415 3117 ’
2475 3086 2751 3156 ἀλλότριον
2800 3084 2857 3137 δὲ
2909 3083 3122 3152 ἑκάστῳ
3160 3083 3268 3134 πᾶν
3305 3079 3366 3133 τὸ
3398 3079 3471 3150 μὴ
3510 3078 3669 3143 ἴδιον,

2092 3181 2193 3234 κᾶν
2219 3181 2293 3252 μὴ
2317 3179 2745 3251 ὁμολογούμενον
2788 3176 2898 3247 ἔχει
2944 3176 3034 3229 τὸν
3081 3173 3420 3244 κυριεύοντα.
3453 3170 3672 3227 Οὔκουν

2090 3272 2280 3343 πόρρω
2306 3269 2398 3322 τοῦ
2427 3269 2570 3321 κατά
2597 3267 2694 3337 τὴν
2736 3266 2977 3336 μοιχείαν
3024 3264 3490 3334 πλημμελήματος
3513 3302 3527 3324 ,
3567 3261 3672 3315 καὶ

2089 3365 2121 3432 ἡ
2174 3359 2396 3431 πορνεία
2427 3361 2539 3421 τοῖς
2583 3358 2674 3411 τὸν
2718 3356 3101 3428 ἀκριῆέστερον
3144 3355 3453 3420 ἐξετάζουσι
3504 3352 3673 3421 λόγον

2091 3452 2301 3522 ἐδείχθη
2328 3488 2343 3514 ,
2390 3448 2655 3520 λεγούσης
2700 3449 2794 3502 καὶ
2840 3448 2937 3516 τῆς
2983 3447 3132 3510 θείας
3160 3447 3411 3519 Γραφῆς·
3448 3446 3526 3498 ὃτι
3564 3445 3671 3514 Μὴ

2089 3543 2283 3606 πολὺς
2317 3543 2438 3595 ἴσθι
2472 3540 2620 3608 πρὸς
2645 3539 2970 3606 ἀλλοτρίαν
3000 3554 3013 3569 ο
3044 3537 3182 3607 πλὴν
3211 3537 3322 3589 ἀλλ’
3349 3535 3530 3606 ἐπειδὴ
3551 3537 3672 3599 τοῖς

2088 3634 2491 3705 ἀσθενεστέροις
2534 3632 2746 3700 ἐγένετό
2793 3648 2877 3693 τις
2910 3628 3061 3701 παρά
3089 3628 3197 3681 τῶν
3242 3629 3497 3696 Πατέρων
3532 3644 3675 3697 συμ-

2092 3726 2381 3798 περιφορά.
2413 3725 2654 3796 διεκρίθη
2692 3723 2755 3777 τὸ
2788 3722 3166 3793 πλημμέλημα
3202 3724 3268 3790 τῇ
3302 3722 3487 3790 γενικῇ
3523 3720 3672 3772 διαι-

2095 3820 2238 3891 ρέσει
2269 3817 2438 3889 ταύτῃ
2466 3857 2479 3880 ,
2519 3816 2592 3879 ὡς
2632 3815 2886 3885 πορνείαν
2945 3815 3040 3883 μὲν
3073 3807 3212 3865 εἶναι
3263 3811 3355 3863 καὶ
3390 3810 3671 3877 λέγεσθαι,

2089 3911 2187 3982 τὴν
2213 3910 2381 3981 χωρὶς
2415 3908 2625 3971 ἀδικίας
2654 3907 2843 3976 ἐτέρου
2868 3903 3157 3973 γινομένην
3197 3904 3307 3954 τισὶ
3341 3901 3439 3970 τῆς
3478 3901 3674 3953 ἐπιθυ-

2095 4003 2220 4073 μίας
2253 4002 2598 4072 ἐκπλήρωσιν
2623 4016 2636 4030 ·
2713 3998 2956 4067 μοιχείαν
3003 3996 3059 4048 δὲ
3082 4036 3095 4057 ,
3133 3994 3230 4064 τὴν
3282 3993 3573 4061 ἐπιϐουλήν
3608 4010 3673 4045 τε

2091 4098 2184 4148 καὶ
2212 4097 2308 4165 τὴν
2339 4094 2549 4147 ἀδικίαν
2576 4091 2668 4144 τοῦ
2696 4091 2994 4162 ἀλλοτρίου.
3039 4089 3128 4141 Ἐν
3161 4088 3331 4159 ταύτῃ
3361 4087 3416 4138 δὲ
3444 4087 3535 4137 καὶ
3563 4086 3671 4155 τὴν

2092 4189 2427 4259 ζωοφθορίαν
2462 4187 2555 4240 καὶ
2596 4187 2694 4257 τὴν
2730 4184 3118 4255 παιδεραστίαν
3156 4178 3294 4233 εῖναι
3325 4179 3667 4246 λογίζονταιο

2090 4281 2221 4333 διότι
2250 4282 2343 4333 καὶ
2376 4278 2546 4332 ταῦτα
2574 4276 2786 4346 φύσεώς
2817 4278 2932 4329 ἐστι
2966 4275 3200 4345 μοιχεία.
3236 4275 3332 4337 Εἰς
3356 4274 3461 4345 γὰρ
3488 4274 3548 4326 τὸ
3577 4273 3673 4326 ἀλ-

2091 4371 2297 4441 λότριόν
2325 4387 2383 4421 τε
2420 4370 2512 4422 καὶ
2543 4368 2693 4437 παρά
2731 4367 2889 4435 φύσιν
2914 4367 3121 4434 γίνεται
3152 4368 3185 4436 ἡ
3220 4365 3417 4418 ἀδικία.
3450 4363 3672 4435 Ταύτης

417 4444 675 4508 alienum,
709 4453 762 4497 et
791 4447 936 4515 quod
967 4457 1051 4502 est
1085 4458 1277 4518 przcter
1306 4460 1579 4514 naturam.
1611 4454 1668 4509 ﬁt
1692 4456 1982 4523 injustitia.

2090 4463 2265 4516 τοίνυν
2282 4463 2377 4531 τῆς
2398 4444 2709 4529 διαιρέσεως
2737 4460 2833 4513 καὶ.
2855 4460 2909 4509 ἐν
2933 4458 3105 4527 τούτῳ
3128 4456 3203 4528 τῷ
3228 4457 3355 4509 εἴδει
3379 4457 3477 4525 τῆς
3495 4456 3672 4527 ἁμαρ-

414 4532 552 4587 Cum
601 4535 712 4590 haec
736 4552 865 4605 ergo
896 4538 1093 4593 divisio
1132 4542 1185 4594 in
1218 4542 1320 4597 hac
1369 4545 1532 4598 etiam
1569 4551 1776 4615 peccati
1803 4550 1987 4618 specie

417 4627 531 4691 ﬁat,
577 4629 886 4685 universale
928 4643 1011 4686 est
1067 4635 1390 4699 remedium,
1435 4647 1493 4693 ut
1540 4654 1571 4693 a
1601 4642 1870 4694 concitata
1932 4642 1983 4695 in

415 4718 685 4787 ejusmodi
735 4724 1040 4793 voluptates
1078 4727 1248 4791 rabie,
1282 4745 1377 4799 per
1405 4731 1784 4799 paenitentiam
1821 4733 1985 4788 homo

415 4824 587 4878 purus
622 4812 924 4878 efﬁciatur;
972 4816 1062 4871 sed
1100 4819 1227 4886 quia
1273 4835 1462 4874 eorum
1503 4824 1595 4892 qui
1640 4824 1692 4877 in
1744 4825 1985 4878 fornica-

415 4899 564 4956 tione
590 4904 777 4971 polluti
806 4915 951 4969 sunt,
990 4908 1190 4975 injuria
1227 4912 1407 4980 aliqua
1438 4928 1563 4966 cum
1616 4913 1718 4969 hoc
1753 4926 1982 4984 peccato

412 5009 523 5048 non
556 4998 841 5051 commista
871 5007 974 5060 est,
1014 5010 1299 5070 propterea
1334 5005 1557 5072 duplum
1603 5009 1982 5064 conversionis

412 5090 627 5153 tempus
667 5087 730 5140 iis
761 5091 1139 5158 pra-scriptum
1180 5104 1284 5156 est,
1338 5097 1429 5164 qui
1474 5096 1526 5149 in
1573 5100 1844 5153 adulterio
1902 5101 1984 5153 in-

412 5177 623 5245 quinati
670 5188 833 5247 sunt;
873 5190 926 5235 et
967 5184 1018 5236 in
1053 5185 1175 5238 aliis
1207 5186 1391 5241 itidem
1432 5190 1614 5242 vetitis
1650 5192 1827 5256 malis,
1869 5193 1983 5246 ani-

402 5272 635 5325 lmalium
674 5275 832 5336 initu,
865 5286 917 5329 et
974 5278 1125 5332 rabie
1172 5279 1225 5332 in
1262 5282 1556 5337 masculos.
1597 5281 1653 5336 in
1702 5284 1768 5341 iis
1814 5286 1983 5351 enim,

413 5372 473 5415 ut
516 5362 648 5429 dixi,
698 5374 980 5434 peccatum
1016 5368 1353 5439 duplicatur:
1406 5390 1573 5428 unum
1625 5377 1845 5446 quidem
1904 5378 1983 5450 [in

414 5452 601 5510 illicita
636 5464 691 5510 et
737 5458 949 5513 nefaria
981 5462 1296 5532 voluptate;
1345 5465 1576 5520 alterum
1602 5467 1808 5539 autem]
1840 5471 1984 5539 quod

414 5546 613 5616 injuria
634 5564 753 5619 quae
778 5549 1030 5618 ﬁtalteri,
1073 5554 1343 5610 consistit.
1383 5557 1477 5611 Est
1519 5565 1700 5612 autem
1736 5560 1983 5630 quaedam

483 5723 529 5756 ⁸⁸
559 5722 884 5792 lTliess.|v,
909 5730 963 5783 4.
1041 5730 1088 5763 ⁸⁸
1122 5729 1328 5787 Eccles.
1370 5746 1442 5794 Ix,
1472 5730 1558 5786 12.

2091 4556 2213 4617 τίας
2253 4551 2622 4622 γεγενημένης
2645 4591 2658 4611 ,
2709 4550 2965 4619 καθολικὴ
2999 4550 3096 4619 μέν
3133 4551 3248 4601 ἐστι
3279 4548 3572 4617 θεραπεία,
3602 4548 3669 4602 τὸ

2090 4647 2188 4716 τῆς
2210 4643 2487 4714 ἐμπαθοῦς
2518 4641 2721 4709 λύσσης
2742 4681 2755 4701 .
2778 4641 2873 4711 τῆς
2896 4640 3023 4710 περὶ
3052 4640 3148 4703 τὰς
3172 4639 3422 4702 τοιαύτας
3449 4639 3664 4709 ἡδονὰς,

2092 4736 2331 4807 καθαρὸν
2378 4736 2441 4787 ἐκ
2490 4732 2851 4804 μεταμελείας
2896 4729 3146 4798 γενέσθαι
3193 4729 3282 4781 τὸν
3335 4728 3617 4799 ἄνθρωπον
3646 4742 3665 4759 ⁶

2091 4830 2182 4882 ἐπὶ
2228 4829 2283 4880 δὲ
2315 4826 2422 4879 τῶν
2475 4828 2531 4878 ἐν
2576 4824 2801 4895 πορνείᾳ
2843 4821 3208 4891 μολυνθέντων
3253 4820 3433 4872 ἀδικία
3472 4837 3552 4880 τις
3594 4822 3661 4888 τῇ

2094 4924 2335 4993 ἁμαρτίᾳ
2364 4921 2531 4991 ταύτῃ
2557 4920 2616 4972 οὐ
2643 4917 3046 4987 καταμέμικται
3068 4932 3081 4946 ’
3102 4914 3189 4968 διὰ
3214 4914 3369 4966 τοῦτο
3389 4912 3665 4965 διπλάσιον

2091 5013 2297 5084 ὡρίσθη
2325 5012 2422 5081 τῆς
2451 5010 2781 5081 ἐπιστροφῆς
2801 5010 2829 5061 6
2853 5007 3041 5078 χρόνος
3059 5008 3169 5069 τοῖς
3191 5008 3247 5058 ἐν
3272 5004 3481 5074 μοιχείᾳ
3505 5019 3662 5072 μιαν-

2094 5106 2249 5166 θεῖσι,
2280 5105 2372 5156 καὶ
2398 5104 2454 5154 ἐν
2485 5104 2595 5163 τοῖς
2618 5100 2795 5163 ἄλλοις
2824 5102 2935 5161 τοῖς
2966 5096 3429 5168 ἀπηγορευμένοις
3452 5094 3659 5157 κακοῖς,

2092 5194 2399 5264 ζωοφθορίᾳ
2422 5210 2480 5245 τε
2522 5192 2613 5245 καὶ
2640 5194 2705 5261 τῇ
2754 5189 2896 5243 κατά
2921 5190 3047 5251 τοὺς
3085 5188 3315 5257 ἄρρενας
3342 5185 3511 5256 λύσσῃ
3533 5197 3548 5212 ⁸
3579 5185 3657 5237 δι-

2090 5286 2445 5350 πλασιάζεται
2498 5283 2641 5354 γὰρ,
2694 5282 2768 5345 ὡς
2811 5276 3000 5342 εἷπον,
3047 5279 3137 5332 ἐπὶ
3184 5278 3291 5331 τῶν
3340 5276 3589 5329 τοιούτων
3624 5278 3657 5345 ἡ

2091 5378 2354 5449 ἁμαρτία.
2382 5376 2496 5430 Μία
2529 5375 2626 5445 μὲν
2659 5375 2692 5444 ἡ
2721 5371 2860 5427 κατὰ
2885 5372 2981 5442 τὴν
3004 5371 3096 5424 τοῦ
3129 5368 3404 5439 ἀλλοτρίου
3447 5366 3660 5419 ἀδικίαν

2093 5468 2474 5540 συνισταμένη.
2515 5464 2757 5537 Διαφορά
2788 5465 2845 5518 δέ
2874 5463 2956 5526 τίς
2991 5463 3138 5515 ἐστιν
3170 5462 3227 5513 ἐν
3256 5458 3332 5529 τῷ
3376 5459 3517 5527 λόγῳ
3562 5458 3659 5527 τῆς

2093 5563 2381 5634 μετανοίας
2400 5600 2415 5626 ,
2444 5562 2537 5614 καὶ
2569 5558 2660 5614 ἐπὶ
2689 5557 2795 5612 τῶν
2825 5556 2965 5611 κατά
2992 5554 3183 5626 ἡδονὴν
3202 5550 3659 5623 πλημμελούντων
