3920 6518
492 292 592 350 εει

1714 288 1774 347 8.
1809 283 2137 346 GREGORII
2177 284 2467 345 NYSSENI

3626 284 3728 343 2ῦὲ

494 406 644 459 tione
679 402 956 474 profectus
978 412 1084 471 est,
1126 404 1295 461 cadis
1318 412 1568 470 eventus,
1612 408 1667 461 in
1715 406 1917 461 factum
1965 421 2056 460 vo-

2174 408 2249 460 ιπὶ
2274 408 2396 462 νοῦν
2425 407 2598 460 λάϐοι.
2647 405 2803 459 Ὥστε
2836 381 2926 459 καὶ
2948 405 3007 458 τὸ
3036 406 3099 459 ὲκ
3123 400 3220 475 τῆς
3245 408 3562 477 συμπλοκῆς
3597 410 3730 460 ἀπο-

496 496 817 559 lnntarium,
846 510 955 550 non
1011 496 1066 550 in
1100 510 1290 553 casum
1326 497 1629 551 confertur.
1683 496 2062 551 Involunlarite

497 596 678 642 autem
712 587 915 641 habent
950 587 1240 642 manifesta
1296 587 1519 650 indicia,
1553 588 1774 657 quando
1803 589 1926 657 quis
1958 589 2060 641 ali-

498 678 585 732 cui
618 677 774 733 alteri
800 678 877 732 rei
907 678 1147 733 studium
1180 680 1479 749 applicans,
1511 696 1642 737 casu
1674 682 2060 751 gravissimum

497 767 718 836 aliquod
744 769 945 823 malum
979 773 1293 839 patraverit.
1323 771 1379 825 In
1427 772 1511 826 his
1550 788 1701 843 ergo,
1729 772 1905 827 caedes
1940 774 2064 841 qui-

495 856 620 911 dem
655 860 709 910 in
742 859 939 928 triplex
971 867 1185 930 tempus
1213 862 1524 916 extenditur
1574 863 1640 917 iis
1689 864 1781 931 qui
1814 878 1910 931 per
1939 879 2063 917 con-

497 948 808 1003 versionem
845 950 1155 1004 voluntario
1190 950 1423 1004 facinori
1468 951 1768 1006 remedium
1805 952 2057 1006 aﬂ‘erunt.

498 1038 605 1092 Ter
636 1055 828 1095 novem
861 1041 1023 1095 etiam
1056 1048 1184 1095 sunt
1241 1043 1392 1107 anni,
1456 1042 1753 1096 novenario
1792 1057 2060 1096 annorum

498 1142 727 1183 numero
761 1130 814 1183 in
847 1144 1175 1199 unoquoque
1207 1131 1376 1200 gradu
1410 1131 1695 1201 praeﬁnito,
1744 1143 1803 1187 ut
1846 1134 1896 1187 in
1936 1149 2060 1203 per-

500 1217 640 1272 fecta
703 1220 924 1287 quidem
966 1224 1334 1290 segregatione
1375 1237 1567 1277 novem
1621 1238 1887 1278 annorum
1926 1235 2064 1279 tem-

500 1324 632 1377 pore
665 1319 909 1364 versetur
944 1311 1013 1363 ab
1047 1309 1287 1366 Ecclesia
1316 1313 1664 1382 prohibitus;
1716 1317 1853 1371 alios
1882 1325 2059 1371 autem

502 1407 582 1453 tot
614 1416 785 1456 annos
816 1402 871 1455 in
918 1402 1197 1458 auditione
1242 1413 1579 1473 permaneat.
1622 1407 1737 1461 sola
1777 1408 2060 1462 doctorum

500 1500 556 1544 et
604 1491 1007 1559 Scripturarum
1061 1494 1336 1549 auditione
1374 1504 1428 1551 et
1460 1498 1875 1552 conversatione
1935 1514 2059 1552 cum

503 1583 700 1650 populo
728 1583 926 1652 dignus
962 1584 1201 1650 habitus,
1228 1587 1283 1641 in
1319 1588 1481 1642 tertio
1535 1597 1714 1644 autem
1767 1591 2064 1645 novenario

500 1688 624 1727 cum
649 1675 941 1731 substratis
972 1676 1025 1730 in
1058 1678 1421 1734 conversione
1459 1693 1645 1743 orans,
1685 1688 1742 1733 ut
1784 1683 2063 1749 perveniat

502 1764 569 1819 ad
600 1767 1042 1821 communionem
1075 1770 1401 1824 sacramenti
1425 1770 1635 1825 scilicet
1661 1789 1676 1836 ;
1702 1780 1760 1826 et
1785 1772 1839 1825 in
1873 1773 2062 1827 eodem

501 1856 688 1911 eadem
720 1858 825 1912 erit
861 1857 1169 1914 observatio
1207 1860 1277 1914 ab
1314 1876 1380 1915 eo
1406 1861 1499 1930 qui
1540 1860 1841 1917 Ecclesiam
1892 1865 2067 1918 admi-

504 1946 720 2011 nistrat,
752 1955 807 2002 et
836 1963 935 2017 pro
965 1949 1176 2003 ratione
1202 1949 1577 2006 conversionis
1605 1952 1680 2006 illi
1708 1969 1926 2023 quoque
1952 1967 2069 2022 poe-

504 2052 586 2089 nae
617 2038 868 2092 extensio
898 2039 1263 2103 rescindetur,
1297 2048 1356 2094 ut
1402 2055 1502 2110 pro
1552 2057 1746 2097 novem
1800 2044 1959 2098 annis
2013 2044 2067 2097 in

506 2143 833 2199 unoquoque
853 2131 1043 2200 gradu.
1069 2133 1152 2186 vel
1176 2141 1321 2196 octo,
1347 2133 1431 2187 vel
1458 2141 1690 2202 septem,
1722 2135 1807 2190 vel
1829 2137 2071 2207 quinque

508 2221 682 2274 solum
717 2221 844 2274 anni
872 2222 1024 2287 liant,
1056 2224 1100 2277 si
1137 2226 1473 2293 poenitentiae
1500 2226 1820 2297 magnitudo
1853 2236 2070 2299 tempus

506 2311 711 2373 vincat,
752 2322 805 2367 et
838 2321 1060 2382 superet
1103 2315 1468 2371 correctionis
1501 2317 1684 2372 studio
1744 2334 1840 2375 eos
1888 2320 1982 2386 qui
2015 2319 2068 2371 in

508 2403 669 2471 longo
698 2411 941 2473 tempore
980 2408 1287 2474 praestituto
1334 2418 1615 2478 susceptas
1647 2426 1677 2463 a
1715 2424 1775 2465 se
1830 2413 2071 2465 maculas

507 2493 750 2560 segniter
773 2494 982 2549 eluum.
1014 2494 1443 2553 lnvoluntarium
1469 2512 1647 2554 autem
1667 2500 1826 2554 venia
1851 2500 2070 2569 quidem

508 2582 754 2652 dignum,
782 2583 874 2636 sed
906 2599 1016 2638 non
1049 2585 1318 2643 laudabile
1341 2587 1653 2656 judit-atum
1680 2601 1787 2644 est.
1822 2589 1936 2644 Hoc
1978 2604 2070 2644 au-

508 2678 617 2724 tem
648 2671 783 2734 dixi,
819 2681 877 2725 ut
908 2674 977 2727 sit
1005 2684 1273 2744 apertum,
1302 2677 1448 2745 quod
1478 2678 1640 2733 etiam
1674 2679 1725 2734 si
1762 2682 1884 2748 quis
1920 2681 2071 2733 invo—

509 2761 745 2815 iuntarie
780 2762 947 2818 fuerit
982 2764 1035 2818 in
1064 2767 1273 2821 scelere
1304 2767 1583 2825 homicidii
1612 2787 1626 2822 :
1658 2784 1784 2823 eum
1814 2780 2068 2841 tanquam

504 2850 617 2921 jam
652 2852 965 2921 profanum,
1002 2856 1276 2925 piaculum
1318 2858 1612 2923 redditum,
1674 2875 1706 2913 a
1742 2861 2067 2916 sacerdotali

509 2945 680 3014 gratia
732 2946 1060 3013 ejiciendum
1111 2950 1483 3017 pronuntiavit
1534 2965 1732 3005 canon.
1795 2951 2068 3018 Quantum

510 3042 690 3089 autem
718 3044 800 3090 est
820 3037 1148 3106 expiationis
1179 3045 1394 3109 tempus
1425 3042 1493 3095 ob
1538 3042 1840 3110 simplicem
1895 3042 2064 3098 forni—
2096 3068 2138 3124 ο

510 3127 804 3191 cationem,
836 3135 1048 3182 tantum
1079 3131 1240 3184 etiam
1278 3138 1425 3185 recte
1471 3131 1667 3186 habere
1699 3133 2068 3187 existimatum

509 3226 595 3271 est
629 3217 682 3271 in
720 3218 789 3273 iis
815 3220 905 3287 qui
940 3220 1142 3274 caedem
1176 3221 1597 3277 involuntariam
1634 3222 1933 3287 fecissent;
1967 3226 2074 3279 sci-

509 3306 660 3366 licet,
688 3306 741 3359 in
777 3307 845 3359 iis
885 3323 1121 3376 quoque,
1179 3310 1492 3378 pmnitentis
1539 3311 1815 3367 voluntate
1871 3314 2075 3367 exami-

511 3405 681 3463 nata;
719 3406 777 3451 ut
817 3399 862 3453 si
894 3399 963 3452 sit
1013 3400 1116 3455 ﬁde
1147 3400 1365 3469 quidem
1402 3401 1565 3471 digna
1600 3405 1907 3467 conversio,
1965 3422 2074 3460 non

510 3498 760 3544 servetur
788 3504 1057 3544 annorum
1091 3507 1394 3559 numerus;
1430 3493 1525 3547 sed
1560 3495 1821 3564 temporis
1852 3497 2075 3565 prolixi-

513 3585 625 3633 tate
674 3590 939 3644 resecata,
971 3583 1037 3635 ad
1108 3581 1365 3639 Ecclesia:
1410 3584 1808 3641 restitutionem
1840 3596 1895 3642 et
1947 3590 2072 3643 boni

514 3671 981 3739 participationem
1014 3676 1332 3742 compendio
1362 3677 1677 3730 reducatur.
1721 3677 1775 3731 Si
1818 3680 1941 3748 quis
1975 3696 2076 3734 au-

512 3768 619 3815 tem
655 3777 759 3815 non
790 3765 1003 3832 expleto
1052 3774 1293 3834 tempore
1324 3783 1353 3820 τι
1407 3771 1706 3823 canonihus
1750 3772 2061 3839 praestituto

476 3862 479 3863 '
514 3852 623 3904 vita
654 3853 897 3917 excedat,
943 3855 1096 3923 jubet
1133 3855 1351 3910 Patrum
1392 3850 1675 3915 clementia
1732 3870 1790 3915 ut
1853 3862 2078 3918 eﬂectus

514 3957 982 3999 sacramentorum
1016 3949 1314 4017 particeps,
1351 3966 1457 4004 non
1486 3952 1685 4008 viatico
1742 3970 1971 4017 vacuus,
2011 3956 2077 4009 ad

513 4043 809 4089 extremam
841 4036 987 4091 illam
1010 4048 1062 4092 el.
1104 4041 1317 4109 longam
1372 4044 1862 4112 peregrinationem
1899 4051 2080 4101 mitta-

513 4135 624 4181 tur.
671 4129 769 4183 Sin
830 4139 1031 4190 autem,
1083 4142 1368 4203 postquam
1420 4140 1746 4192 sacramenti
1813 4141 2079 4211 particeps

516 4221 696 4276 factus
722 4222 905 4285 fuerit,
936 4240 1151 4277 rursum
1178 4226 1245 4279 ad
1277 4228 1440 4280 vitam
1474 4245 1726 4285 reversus
1757 4231 1865 4286 sit:
1908 4241 2080 4285 statu-

516 4321 631 4365 tum
659 4322 872 4381 tempus
899 4322 1198 4382 exspectet,
1232 4317 1286 4369 in
1342 4320 1437 4371 illo
1481 4321 1650 4389 gradu
1703 4323 1977 4377 exsistens
2027 4325 2079 4377 in

2158 498 2397 567 τέλεσμα
2423 497 2517 550 τοῦ
2554 497 2734 564 φόνου,
2776 498 2855 558 είς
2881 494 3039 566 ἔργον
3074 496 3462 567 προαιρέσεως,
3502 498 3600 552 καὶ
3632 500 3729 551 οὐκ

2161 589 2241 650 είς
2262 588 2559 657 ἀποτυχίαν
2585 586 2862 655 ἀνάγεται.
2891 588 2953 638 Oi
2974 586 3032 638 δὲ
3056 586 3296 639 ἀκούσιοι
3320 588 3528 659 φανερά
3549 588 3727 658 ἔχουσι

2160 677 2230 730 τὰ
2257 677 2609 747 γνωρίσματα
2627 692 2642 706 ·
2682 676 2810 727 ὅταν
2855 692 2937 737 τις
2966 673 3102 745 πρὸς
3133 674 3317 747 ἕτερόν
3345 693 3398 727 τι
3425 675 3524 745 τὴν
3566 693 3728 728 σπουο

2161 767 2260 838 δὴν
2301 768 2471 837 ἔχων,
2510 766 2570 830 ἐξ
2602 766 2898 835 ἀποτυχίας
2929 782 2981 817 τι
3029 764 3135 816 τῶν
3175 764 3482 835 ἀνηκέστων
3534 765 3724 837 δράσῃ.

2175 857 2296 908 Ἐπὶ
2334 855 2536 908 τούτων
2583 854 2761 907 τοίνυν
2806 857 2833 907 6
2882 854 2980 922 μὲν
3025 853 3202 922 φόνος,
3246 856 3325 916 εἰς
3374 854 3727 925 τριπλασίονα

2162 945 2349 1017 χρόνον
2385 946 2785 1015 παρατείνεται,
2820 948 2933 1007 τοῖς
2965 944 3030 996 δι’
3062 946 3395 1015 ἐπιστροφῆς
3428 945 3726 1015 θεραπευο-

2166 1038 2346 1109 μένοις
2372 1037 2430 1090 τδ
2460 1036 2703 1089 ἑκούσιον
2727 1036 2878 1103 ἄγος.
2924 1036 3216 1105 Τρισεννέα
3248 1036 3356 1105 γάρ
3384 1038 3518 1088 εἰσιν
3552 1037 3729 1088 ἐνιαυ-

2141 1129 2263 1192 τοὶ,
2299 1127 2417 1181 καθ’
2446 1127 2675 1180 ἕκαστον
2722 1126 2922 1196 βαθμὸν
2952 1127 3048 1195 τῆς
3074 1126 3288 1189 ὲννάδος
3315 1127 3421 1179 τῶν
3452 1125 3592 1178 ἐτῶν
3621 1128 3728 1196 δρι-

2164 1219 2401 1289 σθείσης,
2429 1218 2567 1273 ὥστε
2598 1221 2655 1270 ἐν
2687 1219 2783 1287 μὲν
2810 1218 2887 1287 τῷ
2917 1218 3165 1270 παντελεῖ
3182 1218 3488 1289 ἀφορισμῷ,
3507 1218 3725 1289 ἐνναετῆ

2163 1312 2352 1382 χρόνον
2398 1309 2736 1376 διαγενέσθαι
2782 1307 3175 1378 ἀπειργόμενον
3216 1308 3313 1377 τῆς
3374 1308 3723 1377 Ἐκκλησίας’

2162 1405 2295 1459 ἄλλα
2336 1403 2393 1455 δὲ
2442 1401 2677 1456 τοσαῦτα
2721 1400 2813 1471 ἔτη
2863 1402 2919 1452 tv
2951 1403 3015 1469 τῇ
3064 1400 3321 1470 ἀκροάσει
3374 1403 3723 1471 παραμεῖναι,

2168 1495 2333 1565 μόνης
2351 1493 2458 1545 τῶν
2484 1491 2815 1545 διδασκάλων
2848 1491 2939 1543 καὶ
2978 1492 3075 1561 τῆς
3106 1492 3213 1543 τῶν
3256 1492 3488 1563 Γραφῶν
3528 1489 3727 1561 ἀκροάο

2166 1602 2324 1650 σεως,
2380 1586 2474 1637 καὶ
2507 1582 2643 1653 μετά
2678 1585 2775 1651 τῆς
2807 1582 2899 1634 τοῦ
2950 1581 3080 1635 λαοῦ
3111 1581 3416 1644 συστάσεως
3477 1580 3726 1649 ἀξιούμε-

2165 1696 2282 1740 νον,
2334 1679 2390 1728 ὲν
2422 1676 2478 1728 δὲ
2519 1673 2677 1746 τρίτῃ
2724 1673 2935 1737 ὲννάδι,
2999 1672 3134 1743 μετά
3172 1672 3277 1725 τῶν
3321 1672 3728 1725 ὑποπιπτόντων

2168 1772 2224 1822 tv
2280 1770 2346 1838 τῇ
2420 1768 2718 1836 ἐπιστροφῇ
2795 1764 3260 1834 προσευχόμενον,
3317 1763 3489 1826 οὕτως
3562 1762 3726 1815 ὲλθείν

2169 1862 2260 1914 ἐπὶ
2314 1860 2413 1930 τὴν
2477 1858 2763 1929 μετουσίαν
2804 1856 2898 1909 τοῦ
2952 1856 3287 1926 ἀγιάσματος
3318 1872 3332 1886 ·
3394 1856 3597 1926 δηλαδὴ
3641 1856 3729 1908 καὶ

2171 1950 2264 2002 ἐπὶ
2301 1948 2392 2001 τοῦ
2431 1945 2689 2008 τοιούτου,
2732 1946 2764 2015 ὴ
2803 1944 2939 2013 αὐτὴ
2989 1945 3357 2014 προστὴρησις
3390 1944 3543 1996 ἔσται
3587 1944 3729 2014 παρά

2168 2043 2263 2096 τοῦ
2298 2041 2700 2112 οίκονομοῦντος
2741 2039 2837 2109 τὴν
2881 2039 3225 2109 Ἐκκλησίαν,
3268 2039 3361 2090 καὶ
3414 2036 3554 2108 πρὸς
3583 2034 3729 2103 λόγον

2170 2133 2265 2204 τῆς
2295 2131 2626 2202 ἐπιστροφῆς
2681 2130 3111 2201 συντμηθήσεται
3140 2128 3287 2200 αὑτῷ
3312 2130 3404 2182 καὶ
3431 2131 3464 2199 ἡ
3492 2127 3587 2181 τοῦ
3622 2127 3729 2180 tm-

2170 2226 2349 2296 τιμίου
2385 2225 2711 2294 παράτασις,
2745 2222 2884 2277 ὥστε
2910 2224 3029 2277 ἀντὶ⁸
3051 2224 3206 2276 ὲννέα
3229 2223 3387 2285 ἐτῶν,
3413 2224 3499 2290 ἐφ’
3527 2221 3731 2290 ἑκάστῳ

2174 2319 2365 2389 βαθμῷ
2394 2317 2538 2371 ὀκτὼ
2573 2316 2605 2387 ἢ
2639 2315 2777 2369 ἑπτὰ
2809 2317 2842 2386 ἦ
2879 2316 2956 2382 ἓξ,
3009 2314 3041 2386 ἢ
3077 2316 3168 2368 καὶ
3214 2315 3373 2369 πέντε
3421 2314 3559 2385 μόνα
3590 2313 3730 2381 γενέ-

2174 2412 2326 2465 σθαι’
2364 2412 2518 2481 είπερ
2562 2409 2622 2461 τὸ
2650 2407 2875 2478 μέγεθος
2925 2407 3023 2475 τῆς
3067 2408 3398 2477 ἐπιστροφῆς
3437 2404 3614 2475 νικοίη
3649 2404 3730 2456 τὸν

2172 2500 2375 2571 χρόνον,
2409 2499 2501 2551 καὶ
2520 2496 2907 2567 ὑπερϐάλλοιτο
2934 2499 2997 2567 τῇ
3040 2496 3237 2567 σπουδῇ
3260 2496 3356 2566 τῆς
3396 2489 3729 2560 διορθώσεως

2170 2589 2293 2650 τοὺς
2323 2589 2378 2639 tv
2418 2589 2483 2657 τῇ
2521 2586 2704 2656 μακρᾷ
2736 2585 3041 2658 προθεσμίᾳ
3069 2582 3436 2658 ῥᾳθυμότερόν
3466 2600 3588 2646 πως
3616 2584 3731 2635 ἐαυ-

2170 2679 2296 2740 τοὺς
2322 2676 2429 2729 ἀπὸ
2464 2675 2563 2746 τῆς
2606 2675 2820 2745 κηλῖδος
2849 2674 3222 2745 καθαίροντας.
3281 2672 3353 2726 Τὸ
3379 2673 3436 2725 δὲ
3463 2672 3728 2731 ἀκούσιον,

2174 2767 2510 2837 συγγνωστὸν
2540 2767 2654 2837 μὲν,
2687 2767 2746 2819 οὐ
2781 2767 2887 2837 μὴν
2919 2766 3198 2819 ἐπαινετὸν
3229 2764 3442 2836 ἐκρίθη.
3483 2763 3651 2817 Τοῦτο
3681 2762 3731 2815 δὲ

2172 2858 2351 2923 εἷπον,
2405 2858 2542 2912 ὥστε
2590 2857 2745 2928 δῆλον
2775 2856 3060 2926 γενέσθαι,
3118 2856 3198 2909 ὅτι
3231 2856 3331 2909 κᾶν
3365 2857 3633 2918 ἀκουσίως
3657 2872 3728 2915 τις

2171 2947 2391 3014 γένηται
2428 2946 2485 2997 ὲν
2522 2945 2598 3014 τῷ
2627 2944 2718 2997 τοῦ
2753 2945 2909 3013 φόνου
2959 2944 3247 3015 μιάσμασι,
3287 2945 3360 3006 ὡς
3385 2944 3484 3014 ἤδη
3521 2943 3732 3014 βέϐηλον

2172 3038 2331 3091 αὑτὸν
2356 3037 2462 3089 ἀπὸ
2490 3036 2583 3088 τοῦ
2614 3036 2778 3104 ἄγους
2810 3035 3115 3105 γενόμενον,
3138 3036 3439 3106 ἀπόϐλητον
3465 3033 3731 3108 ἱερατικῆς

2173 3130 2390 3199 χάριτος
2428 3129 2456 3181 ὀ
2496 3125 2670 3179 κανὼν
2718 3126 3032 3195 ἀπεφήνατο
3058 3142 3072 3155 ο
3124 3126 3245 3188 ὅσος
3285 3125 3340 3177 δέ
3371 3127 3518 3177 ἐστιν
3559 3125 3647 3177 ἐπὶ
3672 3126 3729 3190 τῇ

2172 3220 2299 3289 ψιλῇ
2328 3219 2549 3289 πορνείᾳ
2588 3217 2681 3270 τοῦ
2715 3217 3010 3288 καθαρσίου
3047 3217 3075 3269 6
3109 3217 3317 3287 χρόνος,
3364 3216 3615 3277 τοσοῦτος
3650 3214 3732 3267 καὶ

2173 3310 2397 3363 ἐπὶτῶν
2442 3310 2709 3372 ἀκουσίως
2742 3308 3152 3377 πεφονευκότων
3216 3307 3547 3380 ἐδοκιμάσθη
3582 3305 3730 3360 καλὸν

2174 3402 2337 3473 ἔχειν,
2362 3401 2558 3472 δηλαδὴ
2594 3400 2686 3453 καὶ
2720 3401 2776 3452 tv
2802 3399 2971 3469 τούτῳ
3002 3404 3099 3468 τῆς
3122 3400 3485 3470 προαιρέσεως
3516 3398 3608 3452 τοῦ
3643 3415 3730 3467 με·

2173 3493 2483 3555 τανοοῦντος
2498 3491 2926 3562 δοκιμαζομένης
2947 3509 2959 3521 ο
2984 3490 3120 3543 ὥστε
3141 3493 3187 3543 εί
3212 3491 3523 3554 ἀξιόπιστος
3542 3490 3733 3559 γένοιτο

2175 3586 2208 3655 ἡ
2237 3583 2556 3653 ἐπιστροφὴ,
2576 3582 2647 3651 μὴ
2670 3582 2884 3642 πάντως
2912 3579 3394 3649 παραφυλαχθῆναι
3410 3579 3497 3631 τὸν
3518 3578 3733 3649 ἀριθμὸν

2174 3674 2280 3726 τῶν
2306 3673 2460 3736 ἑτῶν,
2485 3671 2619 3724 ἀλλὰ
2644 3670 2731 3722 διὰ
2763 3669 3052 3737 συντομίας
3093 3671 3317 3737 ἀγαγεῖν
3346 3670 3506 3721 αὐτὸν
3539 3670 3616 3730 είς
3643 3665 3732 3735 τὴν

2174 3766 2271 3835 τῆς
2286 3764 2605 3835 Ἐκκλησίας
2625 3763 3080 3824 ἀποκατάστασιν,
3105 3762 3196 3814 καὶ
3213 3762 3289 3823 εἰς
3307 3761 3403 3830 τὴν
3417 3761 3509 3813 τοῦ
3536 3758 3728 3828 ἀγαθοῦ

2180 3858 2482 3929 μετουσίαν.
2526 3857 2587 3908 Εί
2634 3855 2691 3907 δέ
2718 3871 2800 3917 τις
2848 3855 2921 3925 μὴ
2967 3851 3257 3924 πληρώσας
3290 3853 3379 3904 τὸν
3425 3853 3614 3924 χρόνον
3651 3850 3731 3903 τὸν

2176 3952 2241 4003 ὲκ
2291 3948 2397 4001 τῶν
2447 3946 2681 4000 κανόνων
2729 3944 3125 4015 ἀφωρισμένον,
3184 3944 3413 4010 ἐξιδεύοι
3456 3944 3552 3995 τοῦ
3593 3942 3726 4011 βίου’

2180 4039 2385 4094 κελεύει
2438 4040 2473 4109 ἡ
2518 4038 2622 4091 τῶν
2662 4037 2920 4106 Πατέρων
2972 4035 3348 4104 φιλανθρωπία
3411 4033 3732 4104 μετασχόντα

2176 4133 2284 4187 τῶν
2323 4131 2706 4199 ἀγιασμάτων,
2769 4126 2841 4198 μὴ
2881 4128 3033 4179 κενὸν
3077 4126 3168 4178 τοῦ
3214 4127 3421 4194 ὲφοδίου
3469 4128 3603 4195 πρὸς
3644 4124 3731 4192 τὴν

2179 4225 2411 4294 ἐσχάτην
2432 4221 2643 4289 ἐκείνην
2664 4219 2756 4272 καὶ
2784 4216 2998 4288 μακρὰν
3018 4216 3322 4287 ἀποδημίαν
3341 4215 3728 4285 ἐκπεμφθῆναι.

2180 4317 2245 4369 Et
2272 4315 2326 4367 δὲ
2367 4309 2647 4383 μετασχὼν
2670 4308 2760 4361 τοῦ
2791 4308 3147 4377 ἀγιάσματος,
3181 4308 3341 4361 πάλιν
3371 4310 3448 4369 εἰς
3479 4306 3574 4377 τὴν
3599 4303 3729 4371 ζωὴν

516 4414 628 4470 quo
667 4411 784 4455 erat
837 4412 961 4457 ante
1018 4407 1450 4462 communionem
1498 4410 1574 4463 illi
1640 4426 1705 4466 ex
1755 4416 2070 4470 necessitatc

2185 4403 2487 4463 ἐπανέλθοι,
2518 4400 2805 4470 ἀναμένειν
2829 4400 2918 4453 τὸν
2942 4398 3270 4469 τεταγμένον
3294 4399 3500 4469 χρόνον,
3530 4401 3586 4449 ὲν
3604 4394 3730 4447 tusi-

516 4495 724 4549 datam.

591 4663 765 4736 [Can.
799 4665 852 4720 6.
880 4666 1098 4738 ]Altera
1128 4678 1308 4725 autem
1343 4671 1662 4728 idololatriae
1694 4674 1911 4743 species
1952 4673 2075 4743 (sic

516 4757 661 4810 enim
683 4756 902 4812 divinus
922 4761 1212 4828 Apostolus
1231 4763 1510 4817 avaritiam
1531 4767 1820 4835 appellat"
1838 4767 1854 4833 )
1874 4767 2078 4828 nescio,

518 4863 790 4920 quomodo
829 4852 1037 4921 absque
1091 4853 1197 4907 ulla
1244 4868 1420 4923 ptume
1469 4858 1675 4912 medela
1732 4874 1764 4912 a
1826 4857 2080 4912 Patribus

517 4941 887 5009 praetermissa
923 4942 1012 4994 sit.
1044 4942 1206 5013 Atqui
1249 4945 1349 4998 hoe
1377 4948 1578 5001 malum
1613 4948 1830 5017 quidem
1869 4947 2080 5003 videtur

517 5045 641 5085 esse
672 5032 837 5085 trium
883 5032 1053 5087 animi
1094 5037 1546 5092 constitutionem
1576 5039 1809 5094 all'ectio.
1859 5037 1993 5093 Nam
2028 5049 2082 5095 et

519 5122 683 5186 ratio,
714 5122 784 5176 ab
811 5124 931 5194 ejus
957 5126 1100 5195 quod
1125 5127 1412 5196 pulchrum
1440 5139 1522 5185 est
1542 5130 1772 5199 judicio,
1798 5131 2079 5194 aberrans,

519 5230 640 5270 esse
668 5215 722 5269 in
745 5217 971 5271 materia
1005 5219 1145 5287 quod
1178 5220 1463 5290 pulchrum
1495 5230 1577 5279 est
1626 5224 1925 5288 existimat,
1972 5237 2082 5276 non

522 5307 592 5360 ad
620 5306 1082 5375 pulchritudinem
1112 5326 1143 5362 a
1180 5311 1403 5365 materia
1434 5320 1738 5381 separatam
1770 5312 2041 5381 aspiciens
2063 5353 2079 5378 ,

521 5403 576 5449 et
597 5396 922 5450 desiderium
944 5397 1011 5451 ad
1036 5413 1096 5453 ea
1118 5416 1237 5469 qute
1267 5413 1393 5456 sunt
1442 5402 1697 5458 inferiora
1746 5404 2037 5458 inclinatur
2060 5443 2075 5468 ,

524 5486 596 5541 ab
652 5503 717 5542 eo
758 5486 903 5557 quod
956 5504 1080 5545 vere
1112 5499 1195 5547 est
1227 5495 1587 5564 expetendum
1640 5496 1908 5553 dilabens.
1959 5496 2077 5551 Jam

596 5661 639 5696 ⁸⁷
667 5662 862 5734 Ephrs.
886 5684 939 5722 ν.
965 5668 1017 5722 5.

2188 4515 2263 4567 νῳ
2292 4495 2367 4565 τῷ
2390 4492 2581 4563 βαθμῷ
2606 4491 2911 4559 γενόμενον,
2941 4490 2997 4541 ἐν
3021 4482 3146 4559 ᾦῆν
3168 4490 3272 4561 πρὸ
3291 4489 3387 4558 τῆς
3416 4488 3555 4543 κατὰ
3584 4486 3731 4551 ἀνάγ-
3759 4514 3767 4525 .

2187 4602 2290 4653 κην
2322 4582 2470 4651 αὐτῴ
2500 4579 2741 4646 δοθείσης
2775 4578 3073 4641 κοινωνίας.

2259 4674 2332 4726 Τὸ
2357 4673 2413 4725 δὲ
2447 4666 2581 4733 εἶδος
2611 4670 2708 4739 τῆς
2736 4668 3178 4738 εἱδωλολατρείας
3197 4685 3209 4697 °
3243 4666 3384 4721 οὕτω
3410 4667 3517 4737 γὰρ
3547 4660 3730 4733 ὀνομά-

2186 4770 2267 4834 ζει
2292 4767 2390 4837 τὴν
2415 4762 2721 4828 πλεονεξίαν
2747 4763 2774 4815 6
2808 4761 2949 4824 θεῖος
2979 4759 3322 4821 Ἀπόστολος·
3339 4760 3439 4811 οὐκ
3466 4754 3581 4810 οἶδα
3599 4756 3731 4811 ὅπως

2186 4856 2553 4929 ἀθεράπευτον
2575 4853 2679 4906 ὑπὸ
2706 4852 2814 4905 τῶν
2840 4849 3097 4921 Πατέρων
3118 4848 3272 4920 ἡμῶν
3300 4848 3599 4918 περιῶφθη.
3634 4842 3729 4897 Καί

2187 4951 2267 5004 τοί
2294 4966 2354 5015 γε
2378 4947 2526 5000 δοκεῖ
2554 4944 2615 4997 τὸ
2634 4943 2870 4998 τοιοῦτον
2899 4942 3066 4996 κακὸν
3087 4943 3185 5011 τῆς
3211 4940 3399 5010 τρίτης
3427 4941 3484 4991 ὲν
3512 4942 3574 5009 τῇ
3597 4933 3727 5005 ψυχῇ

2186 5039 2563 5099 καταστάσεως
2598 5035 2769 5096 πάθος
2796 5029 2952 5087 εἶναι.
2985 5034 3089 5087 Καὶ
3112 5033 3219 5104 γάρ
3243 5031 3500 5103 λογισμὸς
3530 5030 3625 5100 τῆς
3645 5016 3728 5078 τοῦ

2186 5130 2350 5187 καλοῦ
2380 5130 2609 5202 κρίσεως
2643 5127 2992 5197 ἁμαρτάνων,
3018 5125 3075 5176 tv
3111 5126 3175 5193 τῇ
3200 5122 3303 5196 ὕλῃ
3327 5121 3388 5175 τὸ
3426 5122 3585 5175 καλὸν
3606 5113 3730 5170 εἴναι

2184 5220 2530 5293 φαντάζεται,
2543 5219 2603 5271 οὐ
2622 5218 2756 5289 πρὸς
2779 5217 2838 5269 τὸ
2854 5216 3011 5269 ἄῡλον
3030 5213 3346 5267 ἀναϐλέπων
3363 5212 3575 5274 κάλλος,
3597 5204 3727 5271 καὶὴ

2184 5313 2445 5382 ἐπιθυμία
2466 5310 2600 5380 πρὸς
2617 5308 2685 5361 τά
2705 5308 2855 5361 κάτω
2874 5304 3073 5377 ρεῖ,τοῦ
3083 5304 3317 5374 ἀληθοῦς
3334 5301 3556 5373 ὀρεκτοῦ
3572 5295 3728 5365 ἀπορο

2188 5400 2405 5472 ῥέουσα,
2436 5397 2550 5451 Καὶ
2578 5398 2612 5466 ἡ
2653 5393 2953 5463 φιλόνεικος
2996 5410 3053 5446 τε
3100 5393 3192 5447 καὶ
3210 5391 3461 5463 θυμώδης
3490 5388 3726 5443 διάθεσις,

2186 5490 2386 5552 πολλὰς
2413 5491 2477 5542 ἐκ
2498 5489 2595 5558 τῆς
2622 5485 2875 5557 τοιαύτης
2904 5483 3172 5556 ἁμαρτίας
3202 5482 3305 5546 τὰς
3330 5482 3579 5553 ἀφορμὰς
3614 5476 3730 5544 λαμυ
