3920 6472
197 317 286 372 2.33
343 371 350 379 _
1403 325 1738 382 EPISTOLA
1771 325 2133 385 CANONICA.
3294 331 3403 388 ΞΜ

197 427 337 482 δάνει.
371 427 469 480 Καὶ
493 430 550 481 τὸ
573 429 685 484 ὅλον
714 434 907 498 εἰπεῖν,
945 441 1226 505 συμφωνεῖ
1257 441 1288 510 ἡ
1320 440 1541 512 τοιαύτη
1572 443 1725 504 νόσος

1831 458 1958 498 vero
1983 453 2036 498 et
2075 444 2418 501 contentiosa
2445 443 2805 514 animosaque
2827 443 3024 498 animm
3075 441 3292 498 aﬂectio
3333 460 3403 500 ex

193 519 255 588 τῷ
281 519 601 592 ἀποστολικῷ
650 524 748 593 τῆς
794 527 1104 592 πλεονεξίας
1149 531 1279 600 ὅρῳ.
1333 530 1390 584 '0
1428 532 1535 604 γὰρ
1585 532 1727 596 θεῖος

1831 534 1936 590 hoc
1990 545 2214 606 peccato
2257 539 2458 593 multas
2509 537 2830 593 occasiones
2879 536 3096 606 accipit.
3144 535 3212 590 Et
3256 543 3315 592 ut
3345 537 3402 592 in

193 610 493 674 Ἀπόστολος,
517 613 577 665 οὗ
604 613 761 682 μόνον
795 618 959 688 αὐτὴν
990 619 1453 692 είδωλολατρείαν,
1483 623 1616 676 ἀλλὰ
1635 625 1727 676 καὶ

1832 627 2146 682 universum
2175 628 2372 691 dicam,
2397 629 2487 683 hic
2517 628 2743 682 morbus
2785 641 2911 681 cum
2939 627 3239 697 apostolica
3269 642 3402 682 ava-

192 701 320 772 ῥίζαν
345 704 552 756 πάντων
595 705 696 759 τῶν
724 709 910 762 κακῶν
947 714 1262 782 ἀπεφήνατο
1282 730 1294 744 ⁸
1357 716 1450 767 καὶ
1490 716 1638 782 ὅμως
1668 717 1727 769 τὸ

1831 719 1972 773 ritiae
2009 718 2328 774 definitione
2352 719 2647 774 consentit.
2681 718 2908 775 Divinus
2929 719 3074 774 enim
3103 719 3401 789 Apostolus

191 792 392 845 τοιοῦτον
419 790 553 857 εἶδος
600 797 867 870 παρώφθη
904 802 1000 869 τῆς
1046 803 1200 856 νόσου
1245 804 1640 858 ἀνεπίσκεπτόν
1666 823 1727 858 τε

1831 826 1948 864 eam
1980 826 2086 864 non
2123 811 2298 865 solum
2351 811 2740 874 idololatriam,
2797 810 2894 864 sed
2940 812 3105 865 etiam
3155 810 3402 864 omnium

191 885 265 937 καὶ
296 885 653 957 ἀτημέλητον·
683 890 762 943 διὸ
789 892 882 944 καὶ
903 893 1186 957 πλεονάζει
1215 896 1353 949 κατᾶ
1382 896 1478 958 τὰς
1503 897 1727 966 Ἐκκλη-

1831 901 2101 954 malorum
2141 902 2377 957 radicem
2408 901 2783 972 pronuntiavit
2807 901 2896 967 3';
2962 908 3016 955 et
3069 909 3253 954 tamen
3287 901 3404 956 haec

192 977 304 1041 σίας,
335 978 388 1030 τὸ
405 978 642 1032 τοιοῦτον
665 980 1028 1054 ἀρρώστημα,
1056 986 1150 1037 καὶ
1173 987 1343 1050 ούδείς
1373 989 1495 1050 τοὺς
1528 989 1619 1040 ἐπὶ
1639 987 1727 1040 τὸν

1831 993 2006 1045 morbi
2049 993 2283 1062 species,
2330 994 2735 1049 inconsiderata
2777 1000 2831 1048 et
2885 996 3097 1061 absque
3134 991 3250 1045 ulla
3279 990 3402 1056 eius

189 1065 354 1136 κλῆρον
375 1067 674 1137 ἀγομένους
698 1073 1139 1144 περιεργάζεται,
1175 1077 1368 1144 μήπως
1401 1076 1478 1144 τῷ
1503 1078 1727 1146 τοιούτῳ

1831 1097 1963 1135 cura
2000 1082 2368 1151 praetermissa
2399 1090 2482 1138 est
2509 1101 2522 1137 :
2547 1098 2657 1151 quo
2675 1084 2755 1144 fit,
2783 1091 2844 1136 ut
2867 1081 2957 1135 hic
2985 1079 3211 1135 morbus
3243 1079 3402 1134 valde

187 1157 290 1208 εἴδει
315 1157 404 1226 τῆς
426 1158 872 1232 είδωλολατρείας
899 1165 1357 1236 κατεμιάνθησαν.
1412 1166 1572 1220 Ἀλλά
1600 1167 1727 1237 περὶ

1831 1172 1884 1226 in
1918 1171 2162 1229 Ecclesia
2191 1173 2476 1240 redundet,
2518 1185 2568 1229 et
2610 1189 2769 1228 nemo
2794 1174 2846 1227 in
2880 1173 2948 1227 iis
2975 1172 3066 1242 qui
3093 1170 3159 1226 ad
3193 1171 3400 1225 elerum

189 1247 266 1316 μὲν
291 1247 498 1314 τούτων,
544 1251 634 1305 διὰ
673 1254 735 1305 τὸ
767 1256 1056 1326 παρεῖσθαι
1090 1259 1200 1320 τοῖς
1235 1259 1511 1327 Πατρᾶσιν
1545 1259 1724 1328 ἡμῶν,

1831 1263 2196 1329 adducuntur,
2240 1265 2488 1336 inquirit,
2531 1280 2661 1320 num
2698 1265 2792 1334 qui
2841 1279 2907 1318 eo
2937 1263 3258 1338 idololatria:
3306 1276 3399 1332 ge—

186 1343 341 1410 ἀρκεῖν
367 1342 648 1413 ἡγούμεθα
682 1345 758 1417 τῷ
784 1349 1027 1418 δημοσίῳ
1062 1349 1163 1418 τῆς
1182 1349 1534 1414 ’διδασκαλίας
1561 1351 1722 1421 λόγῳ,

1831 1374 1959 1413 nere
1987 1359 2177 1429 polluti
2199 1360 2328 1415 sint.
2355 1359 2460 1415 Sed
2492 1359 2559 1414 de
2588 1360 2656 1415 iis
2679 1358 2926 1429 quidem,
2956 1358 3214 1427 quoniam
3268 1354 3319 1410 id
3371 1367 3403 1407 a

186 1433 303 1495 ὅπως
333 1432 396 1486 ἄν
443 1429 556 1488 οἷόν
600 1454 660 1490 τε
709 1433 774 1512 ᾖ,
807 1439 1166 1511 θεραπεύειν,
1205 1441 1393 1512 ὥσπερ
1432 1443 1555 1496 τινὰ
1582 1442 1724 1514 πάθη

1831 1449 2084 1506 Patribus
2113 1452 2540 1521 prattermissum
2585 1458 2694 1513 est,
2730 1450 2978 1506 subicere
3006 1448 3267 1504 existimo
3297 1461 3405 1516 pu-

185 1525 484 1596 πληθωρικά,
510 1527 616 1593 τὰς
646 1530 1032 1597 πλεονεκτικάς
1060 1534 1370 1604 ἀρρωστίας
1398 1533 1484 1586 διὰ
1516 1534 1610 1587 τοῦ
1636 1535 1695 1588 λό
1713 1563 1724 1572 -

1831 1543 1970 1596 hliea
2021 1542 2287 1596 doctrinae
2329 1545 2560 1604 ratione,
2614 1557 2680 1596 ea
2721 1541 2998 1611 quomodo
3050 1537 3166 1593 ﬁeri
3222 1540 3407 1607 potest

183 1633 260 1682 γου
285 1617 654 1689 καθαίροντας.
701 1622 884 1692 Μάνην
908 1623 964 1675 δὲ
994 1625 1092 1694 τὴν
1122 1625 1328 1694 κλοπὴν
1357 1626 1448 1678 καὶ
1473 1625 1569 1696 τὴν
1592 1643 1726 1695 τυμ-

1833 1646 2047 1694 curare,
2072 1631 2237 1686 veluti
2262 1631 2527 1700 quosdam
2565 1630 2786 1685 morbos
2809 1644 2878 1684 ex
2904 1627 3200 1698 repletione
3229 1631 3400 1688 ortos,

183 1706 438 1776 εωρυχίαν,
476 1709 575 1762 καὶ
609 1710 704 1780 τὴν
735 1712 1039 1782 ἱεροσυλίαν
1086 1713 1230 1783 πάθη
1273 1713 1581 1782 νομίζομεν,
1636 1712 1721 1766 διὰ

1835 1723 2176 1792 inexplebilis
2215 1724 2459 1777 avaritia:
2504 1721 2824 1778 affectiones
2892 1719 3141 1775 oratione
3172 1730 3408 1787 purgan-

181 1797 227 1848 τὸ
243 1799 393 1862 οὕτως
415 1802 478 1852 ὲκ
503 1802 609 1871 τῆς
645 1802 752 1856 τῶν
783 1805 1040 1874 Πατέρων
1074 1804 1393 1868 ἀκολουθίας
1419 1804 1518 1874 τὴν
1551 1806 1727 1875 παρά-

1834 1822 1930 1867 les.
1961 1813 2147 1867 Solum
2183 1821 2363 1868 autem
2395 1813 2621 1877 furtum,
2642 1819 2697 1867 et
2727 1812 3106 1881 sepulcrorum
3150 1807 3403 1864 eﬂ'ossio-

182 1887 296 1941 δοσιν
323 1892 444 1960 ἡμῖν
477 1893 613 1964 περὶ
653 1894 842 1948 τούτου
881 1895 1152 1964 γενέσθαι.
1208 1895 1317 1950 Καί
1346 1897 1427 1949 τοί
1471 1914 1534 1965 γε
1579 1894 1727 1968 παρά

1833 1918 1978 1965 nem,
2004 1911 2058 1957 et
2088 1903 2436 1972 sacrilegium
2467 1901 2598 1955 vitia
2628 1901 3030 1963 existimamus,
3071 1897 3218 1968 quod
3256 1896 3336 1952 sic
3371 1909 3404 1949 a

182 1983 232 2049 τῇ
257 1980 360 2052 θείᾳ
389 1983 605 2054 Γραφῇ,
645 1987 740 2040 καὶ
766 1988 795 2039 ό
825 1987 1180 2059 πλεονασμὸς,
1211 1989 1302 2040 καὶ
1334 1991 1362 2041 ό
1394 1988 1569 2051 τόκος,
1617 1989 1724 2041 τῶν

1831 1992 2054 2047 Patrum
2077 1995 2487 2063 consequentia,
2514 1993 2629 2048 haec
2661 1991 2824 2047 nobis
2857 1990 3080 2046 traditio
3127 1988 3269 2044 facta
3307 1987 3402 2044 sit.

181 2076 529 2148 ἀπειρημένων
570 2079 721 2143 ἐστὶ,
772 2080 866 2133 καὶ
909 2081 970 2134 τὸ
1024 2083 1087 2134 ὲκ
1121 2081 1436 2144 δυναστείας
1473 2082 1616 2145 τινὸς
1662 2084 1726 2152 τῇ

1831 2085 1993 2152 Atqui
2019 2084 2163 2155 apud
2193 2084 2434 2138 divinam
2469 2083 2809 2154 Scripturam
2844 2089 2900 2136 et
2926 2081 3108 2135 l'mnus
3152 2087 3208 2134 et
3237 2093 3406 2134 usura

185 2167 267 2238 ίδίᾳ
293 2172 472 2240 κτήσει
500 2174 884 2242 προσαγαγεῖν
906 2173 973 2226 τά
994 2173 1268 2244 ἀλλότρια,
1295 2173 1394 2228 κᾶν
1423 2175 1480 2227 ὲν
1501 2175 1727 2244 προσχή-

1831 2184 1959 2230 sunt
2004 2176 2277 2248 prohibita
2306 2219 2320 2242 ,
2376 2185 2430 2232 et
2481 2192 2576 2246 per
2614 2174 2910 2246 quamdam
2969 2171 3291 2244 potentiam,
3337 2171 3403 2227 ad

1827 2283 1982 2323 suam
2012 2269 2413 2338 possessionem
2465 2269 2642 2322 aliena
2673 2267 2986 2330 traducere,
3043 2263 3264 2318 etiamsi
3303 2263 3408 2318 sub

1825 2367 2144 2415 contractus
2192 2369 2287 2414 aut
2347 2359 2741 2415 transactionis
2789 2357 2976 2428 specie
3020 2355 3127 2410 hoc
3172 2353 3406 2410 fortasse

1828 2449 2035 2526 factum
2067 2451 2156 2506 sit.
2190 2451 2458 2518 Quoniam
2483 2467 2612 2523 ergo
2636 2464 2737 2505 nos
2757 2447 2980 2520 quidem
3012 2445 3082 2503 ad
3127 2461 3401 2501 canonum

1828 2551 2151 2614 pOtestatem
2183 2542 2580 2612 assequendam
2619 2541 2724 2596 ﬁde
2746 2541 2897 2612 digni
2935 2553 3047 2595 non
3081 2554 3298 2604 sumus,
3349 2537 3406 2593 in

1828 2636 1916 2700 iis,
1955 2650 2076 2706 quae
2121 2649 2188 2690 ex
2224 2634 2480 2690 confesso
2529 2633 2808 2704 prohibita
2863 2638 3017 2696 sunt,
3082 2629 3408 2686 canonicam

1829 2725 2155 2781 sententiam
2179 2723 2342 2779 dictis
2367 2722 2480 2793 jam
2515 2721 2864 2793 adjiciemus.
2918 2719 3192 2776 Dividitur
3221 2726 3407 2774 autem

179 2806 429 2880 ἀφαίρεσις
453 2827 468 2841 ο
511 2811 686 2882 πολλὴ
715 2813 770 2866 δὲ
796 2811 936 2867 κατά
956 2814 1052 2883 τὴν
1082 2813 1306 2885 γνώμην
1339 2813 1570 2884 αύτῶνή
1595 2811 1727 2883 πρὸς

1831 2819 2033 2875 furtum
2063 2818 2485 2874 inlatrocinium
2505 2834 2601 2875 seu
2618 2816 3175 2887 depraedationemmt
3195 2813 3248 2867 in
3279 2827 3406 2868 mu-

179 2901 406 2971 ἀλλήλους
437 2905 561 2958 ἐστὶ
586 2903 836 2976 διαφορά.
888 2905 945 2959 '0
981 2905 1081 2975 μὲν
1101 2905 1209 2977 γὰρ
1241 2906 1462 2978 λῃστὴς.
1501 2907 1596 2958 καὶ
1632 2905 1727 2976 τὴν

1832 2929 2017 2968 rorum
2043 2911 2417 2968 eii'ossionem.
2448 2910 2594 2966 Idem
2633 2919 2814 2965 autem
2843 2907 3136 2977 utriusque
3160 2913 3246 2961 est
3315 2905 3404 2959 in-

181 2995 454 3062 μιαιφονίαν
487 2998 571 3058 είς
628 2996 940 3067 συμμαχίαν
964 2997 1058 3051 τοῦ
1093 2996 1526 3067 σπουδαζομένου
1556 3013 1727 3068 παρα-

1833 3007 2103 3070 stitutum,
2129 3004 2383 3059 videlicet
2414 3003 2589 3057 aliena
2622 3001 2876 3058 auferre:
2911 3001 2965 3056 in
3000 3001 3184 3055 animo
3222 3005 3404 3054 autem

177 3083 427 3154 λαμὸἁνει,
479 3089 624 3159 πρὸς
667 3089 798 3142 αὐτὸ
838 3087 994 3142 τοῦτο
1025 3087 1574 3160 παρασκευαζόμενος
1637 3087 1727 3141 καὶ

1833 3097 2097 3167 ipsorum,
2125 3110 2319 3166 magna
2346 3100 2431 3150 est
2459 3094 2600 3149 inter
2623 3109 2682 3148 se
2705 3091 3027 3147 dilferentia.
3049 3091 3215 3144 Latro
3237 3093 3407 3156 enim,

177 3175 332 3242 ὅπλοις
366 3181 459 3234 καὶ
486 3180 840 3252 πολυχειρίᾳ,
883 3179 978 3233 καὶ
1015 3182 1127 3243 τοῖς
1155 3179 1461 3250 ἐπικαίροις
1499 3178 1607 3232 τῶν
1638 3180 1727 3232 τό-

1831 3191 1993 3246 etiam
2026 3188 2383 3244 homicidium
2414 3189 2480 3241 ad
2522 3187 2574 3240 id
2600 3183 2745 3255 quod
2776 3183 2962 3238 studet
2992 3182 3212 3252 assequi
3247 3197 3408 3237 assu-

178 3286 275 3323 wv
298 3288 307 3298 '
329 3271 464 3324 ὥστε
493 3272 593 3325 τὸν
615 3271 872 3335 τοιοῦτον,
905 3269 983 3340 τῷ
1011 3271 1239 3342 κρίματι
1257 3270 1365 3324 τῶν
1393 3271 1728 3342 ἀνδροφόνων

179 3362 470 3429 ὑπάγεσθαι,
509 3366 564 3416 εἰ
590 3363 677 3416 διὰ
702 3362 1065 3433 μεταμελείας
1099 3362 1289 3416 ἑαυτὸν
1318 3362 1450 3432 πρὸς
1476 3362 1574 3432 τὴν
1607 3361 1728 3415 Ἑκ-

180 3454 376 3522 κλησίαν
415 3453 510 3508 τοῦ
561 3453 698 3508 Θεοῦ
745 3454 1030 3522 ἐπανάγοι.
1095 3453 1153 3506 '0
1199 3453 1256 3506 δὲ
1296 3452 1360 3505 δι’
1393 3452 1730 3523 ὑφαιρέσεως

179 3543 513 3616 λανθανούσης
569 3546 1015 3617 σφετεριζόμενος
1056 3543 1116 3598 τὸ
1154 3543 1450 3614 ἀλλότριον,
1496 3539 1615 3596 εἶτα
1657 3542 1728 3595 δι’

180 3637 554 3710 ἐξαγορεύσεως
575 3636 636 3689 τὸ
661 3636 1032 3707 πλημμέλημα
1050 3635 1212 3688 αὐτοῦ
1234 3633 1310 3704 τῷ
1330 3633 1463 3705 ίερεί
1482 3632 1728 3704 φανερώ-

184 3743 280 3792 σας,
290 3731 350 3799 τῇ
372 3747 434 3782 πε
443 3729 498 3800 pi.
515 3727 582 3781 τὸ
602 3728 838 3781 ἐναντίον
849 3725 943 3779 τοῦ
961 3726 1164 3790 πάθους
1183 3725 1384 3796 σπουδῇ
1407 3724 1730 3795 θεραπεύσει

180 3821 261 3888 τὴν
275 3821 580 3891 ἀρρωστίαν
596 3837 607 3849 ·
633 3819 773 3886 λέγω
795 3817 852 3870 δὲ
871 3817 957 3871 διὰ
981 3817 1073 3869 τοῦ
1090 3816 1154 3869 τὰ
1180 3815 1448 3886 προσόντα
1471 3815 1730 3886 παρέχειν

181 3913 271 3972 τοῖς
293 3912 536 3982 πένησιν,
563 3911 649 3963 ἵνα
667 3909 743 3979 τῷ
763 3908 1076 3980 προέσθαιᾶ
1097 3910 1228 3980 ἔχει,
1253 3908 1479 3978 φανερὸς
1508 3909 1731 3978 γένηται

181 4001 469 4073 καθαρεύων
503 4005 606 4074 τῆς
642 4005 781 4056 κατὰ
808 4001 1118 4069 πλεονεξίαν
1155 4001 1333 4055 νόσου.
1388 4001 1450 4052 Ei
1482 4000 1538 4053 δὲ
1568 4002 1733 4072 μηδὲν

130 4157 143 4181 ⁸
183 4094 293 4162 ἔχοι.
323 4097 479 4165 μόνον
507 4096 568 4148 δὲ
612 4096 673 4149 τὸ
718 4095 877 4166 σῶμα
904 4095 1036 4165 ἔχοι,
1069 4093 1278 4146 κελεύει
1309 4093 1338 4144 ὁ
1416 4093 1730 4158 Ἀπόστολος

181 4183 252 4236 διὰ
271 4184 355 4238 τοῦ
383 4185 700 4254 σωματικοῦ
725 4187 893 4239 κόπου
922 4186 982 4238 τὸ
1008 4184 1245 4238 τοιοῦτον
1271 4184 1613 4251 ἐξιλάσασθαι
1637 4185 1731 4238 πά-

181 4273 274 4335 Θος.
309 4278 458 4346 Ἔχει
487 4279 547 4330 δὲ
586 4280 614 4347 ἡ
648 4277 790 4340 λέξις
840 4277 1045 4340 οὕτως·
1103 4278 1156 4328 '0
1189 4275 1482 4340 κλέπτων,
1523 4275 1732 4344 μηκέτι

182 4368 458 4422 κλεπτέτω
482 4386 498 4401 ·
552 4368 796 4437 μᾶλλον
835 4369 904 4422 δὲ
939 4367 1200 4422 κοπιάτω
1243 4368 1628 4438 ἐργαζὶέμενος
1666 4370 1732 4423 τὸ

181 4458 396 4527 ἀγαθὸν,
423 4465 528 4516 ἵνα
557 4463 668 4533 ἔχῃ
698 4462 1076 4533 μεταδιδόναι
1106 4460 1184 4526 τῷ
1213 4462 1421 4530 χρείαν
1451 4462 1673 4532 ἔχοντι.

183 2279 287 2328 pm
310 2263 692 2332 πραγματείας
718 2264 774 2317 τὲ
797 2263 1037 2317 τοιοῦτον
1059 2263 1193 2336 τύχῃ
1216 2265 1517 2334 γινόμενον.
1550 2265 1730 2318 Ἐπει-·

181 2351 229 2422 δὴ
247 2353 401 2405 τοίνυν
432 2354 491 2407 τὺ
523 2355 647 2408 καθ’
661 2357 825 2425 ἡμᾶς,
844 2357 922 2419 εἰς
943 2355 1186 2420 ἐξουσίαν
1206 2354 1382 2409 κανὼν
1399 2355 1727 2422 ἀξιόπιστος,

179 2442 256 2511 τὴν
283 2442 365 2497 ἐπὶ
393 2445 499 2497 τῶν
525 2445 977 2516 ὁμολογουμένως
1023 2445 1486 2518 ἀπηγορευμένων
1517 2465 1729 2502 κανονι-

181 2533 260 2602 κὴν
278 2535 444 2604 κρίσιν
461 2536 566 2607 ἤδη
590 2541 702 2601 τοῖς
715 2537 1026 2607 εἰρημένοις
1046 2537 1444 2609 προσθήσομεν.
1465 2536 1727 2608 Διῄρηται

179 2619 251 2678 οὖν
290 2626 318 2695 ἡ
351 2627 524 2698 κλοπὴ
571 2629 651 2692 εἷς
689 2646 746 2682 τε
792 2629 1046 2702 λῃστείαν
1091 2632 1186 2683 καὶ
1215 2631 1296 2693 είς
1330 2630 1686 2700 τοιχωρυχίαν
1710 2645 1723 2659 ο

180 2721 253 2770 καὶ
281 2713 352 2781 εἷς
381 2720 478 2789 μὲν
504 2722 600 2773 ἐπ’
634 2721 958 2794 ἀμφοτέρων
983 2721 1202 2788 σκοπὸς,
1238 2724 1270 2794 ή
1300 2721 1408 2775 τῶν
1435 2721 1729 2792 ἀλλοτρίων

1832 3279 1952 3344 mit,
1992 3277 2062 3332 ad
2094 3278 2148 3332 id
2183 3284 2413 3348 paratus
2441 3284 2494 3331 et
2534 3274 2728 3337 armis,
2771 3282 2823 3329 et
2849 3272 3046 3341 copiis,
3093 3279 3151 3327 et
3207 3286 3409 3341 oppor-

1831 3370 2064 3424 tunitate
2089 3369 2216 3432 loci,
2260 3368 2394 3422 adeo
2424 3374 2481 3420 ut
2516 3367 2564 3421 is
2595 3363 2997 3419 homicidarum
3032 3361 3243 3431 judicio
3273 3360 3408 3417 subv

1827 3463 2068 3532 jiciatur,
2115 3461 2160 3514 si
2194 3475 2289 3530 per
2324 3457 2701 3529 paenitentiam
2743 3458 2809 3509 ad
2846 3454 2937 3507 Dei
2992 3452 3290 3510 Ecclesiam
3323 3467 3411 3507 re-

1831 3566 2024 3608 versus
2061 3551 2242 3607 fuerit.
2285 3549 2386 3616 Qui
2455 3557 2636 3601 autem
2704 3546 2893 3600 latenti
2955 3545 3250 3608 ablatione,
3299 3543 3406 3598 sibi

1833 3647 2070 3701 alienum
2133 3651 2389 3713 usurpat,
2456 3642 2503 3696 si
2567 3639 2764 3694 deinde
2830 3652 2926 3708 per
2977 3635 3408 3692 enuntiationem

1832 3745 2114 3808 peccatum
2155 3751 2313 3790 suum
2383 3733 2654 3787 sacerdoti
2715 3729 3007 3799 aperuerit,
3051 3729 3164 3782 vitii
3227 3725 3410 3782 studio

1834 3829 1888 3882 in
1919 3827 2256 3882 contrarium
2293 3831 2503 3878 mutato
2551 3821 2930 3892 aegritudinem
2987 3818 3241 3872 curabit:
3285 3817 3410 3872 dico

1833 3929 2037 3984 autem,
2065 3917 2344 3988 largiendo
2393 3930 2515 3984 qua:
2545 3915 2704 3968 habet
2761 3910 3116 3982 pauperibus,
3152 3917 3232 3973 ut,
3275 3909 3405 3964 dum

1834 4027 1954 4081 quae
1979 4011 2140 4065 habet
2169 4005 2468 4079 profundit,
2493 4021 2551 4060 se
2582 4005 2650 4058 ab
2679 4002 2924 4056 avaritia:
2956 4000 3146 4055 morbo
3179 3999 3408 4053 liberum

1835 4111 2018 4174 aperte
2055 4099 2324 4156 ostendat.
2364 4097 2458 4152 Sin
2492 4103 2670 4148 autem
2698 4092 2830 4146 nihil
2859 4089 3005 4144 aliud
3031 4097 3394 4159 praeterquam

1835 4195 2011 4250 solum
2039 4205 2239 4260 corpus
2269 4188 2483 4250 habeat,
2508 4185 2664 4254 jubet
2697 4182 2996 4251 Apostolus
3032 4196 3127 4250 per
3161 4179 3403 4234 laborem

1834 4283 2174 4354 corporalem
2207 4280 2258 4336 ei
2300 4277 2490 4333 morbo
2527 4275 2753 4331 mederi.
2793 4272 3057 4327 Dictiouis
3100 4278 3278 4326 autem
3335 4271 3409 4324 ita

1835 4379 1998 4433 habet
2025 4383 2312 4431 contextus
2345 4391 2357 4427 :
2391 4370 2494 4436 Qui
2525 4370 2758 4438 furatur,
2783 4383 2884 4420 non
2907 4364 3133 4433 amplius
3166 4363 3369 4432 [aretur
3390 4377 3408 4414 :

1764 4467 1810 4522 D
1839 4470 1927 4526 sed
1949 4469 2122 4538 potius
2158 4465 2361 4519 laboret
2394 4462 2584 4515 bouum
2631 4475 2874 4528 operam,
2921 4467 2978 4509 ut
3006 4457 3168 4526 possit
3199 4457 3249 4508 ei
3298 4454 3412 4508 lar-

1829 4564 1932 4633 giri
1953 4563 2040 4631 qui
2066 4559 2263 4628 indiget
2282 4557 2352 4609 ⁸⁸.

239 4644 296 4697 Ἦ
314 4646 367 4699 δὲ
382 4665 444 4699 τυ
453 4645 764 4717 μϐωρυχία,
784 4647 874 4699 καὶ
893 4645 1028 4714 αὑτὴ
1050 4645 1296 4718 διῄρηται
1317 4647 1395 4710 εἰς
1415 4647 1475 4700 τὸ
1497 4665 1727 4718 συγγνω-

1902 4652 2080 4726 [Cum
2134 4650 2227 4722 7.]
2283 4649 2671 4718 Sepulcrorum
2725 4655 2904 4700 autem
2964 4640 3222 4704 elfossio,
3292 4639 3409 4710 ipsa

184 4739 287 4790 στόν
310 4755 365 4790 τε
388 4739 484 4790 καὶ
515 4737 921 4804 ἀσύγγνωστον.
952 4738 1014 4790 Et
1052 4738 1149 4806 μὲν
1173 4738 1281 4807 γάρ
1310 4756 1393 4802 τις
1424 4739 1523 4810 τῆς
1546 4741 1727 4806 οὐσίας

1833 4761 2051 4817 quoque
2078 4741 2339 4799 dividitur
2364 4741 2418 4794 in
2452 4740 2502 4793 id
2529 4738 2674 4808 quod
2715 4735 2930 4790 veniam
2972 4741 3233 4798 meretur,
3273 4741 3327 4785 et
3356 4730 3409 4785 id

186 4828 497 4898 φειδόμενος,
511 4829 607 4882 καὶ
618 4828 811 4883 ἄσυλον
827 4829 983 4896 ἀφεὶς
995 4828 1056 4880 τὸ
1071 4830 1449 4900 κεκρυμμένον
1469 4831 1645 4900 σῶμα,
1659 4834 1727 4898 ὡς

1833 4838 1978 4909 quod
2009 4851 2116 4890 non
2151 4841 2411 4888 meretur.
2448 4829 2506 4884 Si
2551 4829 2695 4884 enim
2725 4829 2852 4898 quis
2906 4835 3246 4879 mortuorum
3283 4837 3410 4892 par-

186 4919 246 4989 μὴ
271 4921 646 4991 ἀναδειχθῆναι
710 4922 839 4992 ήλῖῳ
851 4920 948 4992 τὴν
977 4921 1360 4992 ἀσχημοσύνην
1384 4924 1481 4991 τῆς
1499 4923 1730 4994 φύσεως,

183 5012 326 5075 λίθοις
356 5015 467 5068 τισὶ
488 5014 595 5068 τῶν
624 5014 683 5067 ὲν
714 5013 790 5082 τῷ
818 5013 974 5084 τάφῳ
1000 5014 1456 5087 προϐεϐλημένων
1496 5021 1734 5090 συγχρή-

186 5118 314 5157 cum
352 5107 433 5169 είς
472 5106 634 5175 ἔργου
679 5105 824 5169 τινὸς
869 5106 1212 5177 κατασκευὴν
1236 5146 1250 5170 ,
1301 5108 1581 5163 ἐπαινετὸν
1634 5112 1732 5182 μὲν

183 5193 282 5246 οὐδὲ
302 5194 456 5248 τοῦτό
488 5198 637 5249 ἐστι’
680 5195 820 5265 πλὴν
863 5196 999 5250 ἀλλά
1029 5196 1368 5266 συγγνωστὸν
1408 5199 1662 5271 ἐποίησεν
1698 5204 1731 5272 ἠ

186 5283 438 5352 συνήθεια,
481 5285 609 5338 ὅταν
642 5287 722 5348 είς
767 5285 1154 5357 προτιμότερόν
1181 5303 1235 5338 τι
1281 5288 1374 5340 καὶ
1407 5291 1732 5360 κοινωφελέ-

188 5389 353 5446 στερον
377 5380 409 5446 η
442 5378 540 5448 τῆς
569 5377 700 5446 ὕλης
734 5377 1019 5447 μετάθεσις
1053 5379 1291 5451 γίνηται.
1335 5381 1406 5434 Τὸ
1433 5381 1490 5435 δὲ
1524 5383 1733 5454 διερευ-

187 5466 354 5519 νᾶσθαι
379 5468 479 5537 τὴν
497 5469 642 5522 κόνιν
667 5469 775 5522 ἀπὸ
794 5469 894 5538 τῆς
922 5471 1220 5541 γεωθείσης
1248 5472 1466 5542 σαρκὸς,
1495 5475 1589 5527 καὶ
1610 5477 1734 5529 ἀνα-

188 5563 331 5612 κινεῖν
361 5561 428 5614 τὰ
453 5563 606 5626 ὀστᾶ,
633 5560 804 5613 ἑλπίδι
836 5560 926 5614 τὸν
963 5561 1164 5632 κόσμον
1193 5561 1316 5615 τινὰ
1338 5564 1443 5617 τῶν
1489 5582 1728 5635 συγκατ-

273 5738 315 5770 ⁸⁸
341 5737 362 5791 l
393 5736 627 5793 Timolh.
660 5751 732 5798 vi,
758 5735 844 5790 l0.
919 5735 965 5767 "
998 5734 1197 5806 Ephes.
1229 5754 1301 5803 tv,
1334 5739 1425 5794 9.8.

494 5833 766 5893 l’nnOL.
793 5830 911 5893 Gtt.
949 5829 1138 5892 XLV.

1839 4945 1970 4984 cens
2002 4925 2359 4981 facultatibus
2410 4930 2465 4978 et
2521 4929 2726 4977 tectum
2767 4931 2970 4987 corpus
3025 4917 3287 4971 intactum
3324 4929 3410 4967 re-

1839 5023 2111 5090 linquens,
2150 5026 2209 5070 ut
2241 5030 2341 5069 uec
2390 5014 2488 5068 soli
2542 5011 2861 5068 ostendatur
2905 5009 3182 5080 turpitudo
3211 5022 3410 5076 corpo-

1840 5115 1915 5168 ris
1945 5130 1958 5177 ;
1994 5109 2264 5179 lapidibus
2295 5109 2501 5176 aliquot
2557 5121 2621 5159 ex
2660 5105 2726 5158 iis
2779 5103 2870 5172 qui
2904 5111 3032 5156 ante
3093 5100 3406 5170 sepulcrum

1839 5203 2066 5275 projecti
2099 5211 2248 5260 sunt.
2279 5199 2344 5254 ad
2373 5198 2591 5269 aliquod
2626 5212 2766 5266 Opus
2799 5192 3230 5250 construendum
3276 5207 3410 5246 usus

1796 5325 1799 5327 -
1837 5306 1962 5365 est;
1996 5313 2065 5352 ne
2111 5296 2214 5350 hoc
2264 5293 2481 5362 quidem
2545 5301 2630 5345 est
2669 5289 2984 5352 laudabile;
3040 5285 3132 5340 sed
3169 5291 3229 5338 ut
3271 5290 3410 5338 esset

1837 5386 2058 5456 dignum
2092 5384 2272 5446 venia,
2304 5381 2483 5436 elIecit
2535 5375 2899 5439 consuetudo,
2949 5371 3170 5442 quando
3209 5368 3276 5424 ad
3306 5366 3408 5421 ali-

1838 5477 1968 5548 quid
1995 5477 2192 5532 melius
2225 5483 2278 5530 et
2325 5471 2636 5542 reipublicae
2669 5468 2858 5523 utilius
2895 5463 3118 5518 materia
3157 5459 3408 5514 traducta

1839 5570 1928 5624 sit.
1962 5565 2066 5622 Sed
2095 5569 2276 5621 carnis
2318 5565 2372 5620 in
2402 5573 2602 5619 terram
2642 5559 2875 5615 redactae
2941 5555 3217 5626 pulverem
3281 5565 3406 5622 per-

3004 5820 3045 5882 8
