3920 6518
443 334 550 389 155

1688 335 1747 389 S.
1782 332 2110 388 GREGORII
2151 336 2442 395 NYSSENI

3588 332 3706 400 2‘56

451 443 709 507 scrutati,
742 450 794 498 et
834 458 961 499 ossa
994 459 1212 500 movere
1240 463 1254 513 ;
1292 461 1387 515 spe
1413 446 1647 514 aliquem
1681 460 1746 499 ex
1776 444 2013 501 defossis

2143 450 2455 520 ιρυχθέντων
2485 453 2762 524 κερδᾶναι,
2805 451 2963 506 τοῦτο
3005 453 3081 523 τῷ
3113 453 3262 525 αύτῷ
3304 455 3527 527 κρίματι
3564 475 3709 510 κατ-

451 535 825 591 lucrifaciendi
847 544 1123 599 ornatum,
1148 537 1199 591 id
1233 539 1423 593 eodem
1448 538 1659 607 judicio
1698 536 2025 591 condemna-

453 638 567 681 tum
597 636 700 687 est,
728 641 837 695 quo
871 627 1102 700 simplex
1136 627 1446 692 fornicatio,
1479 626 1938 699 quemadmodum
1969 626 2024 679 in

452 719 791 789 praecedente
823 719 1072 774 oratione
1100 718 1297 774 divisio
1325 718 1467 774 facta
1490 728 1573 774 est
1600 736 1615 785 ;
1641 718 2027 773 considerante

453 813 664 868 scilicet
695 826 986 867 (nconomo
1047 827 1147 867 seu
1198 812 1595 881 dispensatore,
1631 824 1698 865 ex
1750 811 1867 879 ipsa
1919 810 2027 863 vita

453 911 595 978 ejus,
623 907 713 965 cui
744 906 957 962 medela
981 905 1291 970 adhibetur,
1323 905 1668 966 medicinam,
1707 913 1764 957 ut
1793 903 2026 973 spatium

456 1014 488 1053 a
517 998 824 1053 canonibus
859 997 1221 1067 praestitutum
1258 995 1431 1063 possit
1464 994 1813 1049 contrahere.

528 1088 547 1159 Ῐ
573 1087 706 1143 Con.
740 1086 821 1159 8.]
867 1086 1222 1157 Sacrilegium
1247 1094 1450 1151 autem,
1475 1087 1528 1139 in
1557 1086 1780 1154 antiqua
1808 1082 2027 1153 quidem

462 1179 763 1248 Scriptura,
796 1194 865 1234 ne
892 1179 1055 1233 caedis
1093 1178 1313 1247 quidem
1365 1176 1821 1239 condemnatione
1853 1177 2029 1229 visum

461 1280 546 1327 est
578 1270 938 1326 tolerabilius.
975 1268 1240 1324 Similiter
1268 1269 1435 1335 enim,
1461 1277 1513 1323 et
1535 1268 1629 1338 qui
1656 1267 1821 1323 caedis
1840 1267 2032 1321 convi-

461 1371 585 1420 ctus
626 1373 762 1427 erat,
799 1370 854 1418 et
880 1362 974 1432 qui
1002 1377 1088 1416 res
1128 1360 1239 1416 Deo
1277 1361 1557 1416 dedicatas
1599 1361 1921 1424 abstulerat,
1955 1359 2034 1412 la-

458 1455 751 1526 pidationis
781 1454 1109 1524 supplicium
1152 1454 1390 1509 subibat.
1430 1451 1485 1505 In
1524 1451 1898 1507 ecclesiastica
1934 1465 2035 1504 au--

462 1556 570 1603 tem
604 1545 1027 1611 consuetudine,
1071 1545 1137 1600 de
1178 1559 1350 1614 poenae
1402 1543 1669 1613 gravitate
1700 1543 1888 1598 nescio
1926 1557 2036 1613 quo

463 1638 625 1693 modo
651 1636 855 1705 aliquid
884 1634 1213 1699 detractum,
1242 1644 1296 1689 et
1333 1649 1399 1689 eo
1432 1634 1671 1689 lenitatis
1708 1633 2035 1689 descensura

466 1737 570 1791 est,
604 1736 663 1783 ut
699 1728 848 1783 illius
880 1728 1052 1781 morbi
1088 1726 1497 1780 existimaretur
1533 1725 1873 1781 tolerabilius
1919 1726 2037 1794 pia-

2126 542 2413 612 εδικάσθη,
2439 536 2483 610 ᾧ
2525 545 2617 596 καὶ
2653 546 2685 614 ἡ
2724 543 2853 614 ψιλὴ
2887 544 3130 614 πορνεία,
3169 544 3348 609 καθὼς
3388 546 3482 599 καὶ
3523 549 3577 599 ἐν
3622 548 3711 617 τῷ

2127 633 2454 703 προλαϐόντι
2494 633 2745 705 διῄρηται
2787 636 2929 705 λόγῳ
2953 651 2966 665 ο
3024 634 3451 699 ἐπιηοποῦντος
3498 638 3712 709 δηλαδὴ

2127 724 2221 778 τοῦ
2260 727 2541 795 οἰκονόμου
2574 726 2631 792 ἐξ
2674 726 2837 779 αὑτοῦ
2880 727 2972 779 τοῦ
3004 726 3118 796 βίου
3186 727 3287 797 τὴν
3329 729 3569 798 ἰατρείαν
3606 728 3711 781 τοῦ

2130 816 2591 889 θεραπευομένου,
2634 819 2775 872 ὥστε
2816 820 3096 889 συντεμεῖν
3123 817 3219 888 τὴν
3244 821 3309 872 ἐκ
3332 819 3440 872 τῶν
3467 821 3715 873 κανόνων

2128 909 2435 980 ὁρισθεῖσαν
2460 909 2554 963 τοῦ
2591 912 2869 983 ἐπιτιμίου
2910 912 3270 984 προθεσμίαν.

2212 1089 2276 1141 Ἦ
2302 1088 2358 1142 δέ
2389 1088 2679 1158 ἱεροσυλία,
2711 1087 2862 1158 παρὰ
2892 1082 2990 1159 μὲν
3021 1081 3086 1159 τῇ
3122 1086 3322 1159 ἀρχαίᾳ
3343 1087 3557 1158 Γραφῇ,
3585 1085 3719 1140 οὐδὲ

2130 1179 2391 1250 ἐνομίσθη
2462 1179 2562 1250 τῆς
2626 1179 2854 1249 φονικῆς
2923 1176 3299 1249 κατακρίσεως
3360 1177 3719 1246 ἀνεκτοτέρα.

2143 1272 2377 1342 Ὁμοίως
2406 1274 2515 1344 γὰρ
2544 1274 2571 1326 ὃ
2613 1290 2672 1325 τε
2700 1274 2790 1327 ἐπὶ
2822 1271 2967 1343 φόνῳ
3012 1271 3196 1335 ἁλοὺς,
3243 1271 3336 1323 καὶ
3363 1271 3391 1322 ό
3422 1269 3489 1323 τὰ
3520 1270 3724 1322 ἀνατε-

2133 1365 2294 1419 θέντα
2314 1365 2392 1436 τῷ
2419 1364 2537 1436 Θεῷ
2563 1364 2912 1435 ὑφελόμενος,
2960 1363 3058 1434 τὴν
3086 1362 3174 1415 διὰ
3212 1360 3319 1414 τῶν
3344 1359 3502 1414 λίθων
3535 1376 3722 1430 τιμω-

2138 1460 2258 1531 ρίαν
2290 1460 2547 1529 ὑπέσχον.
2592 1457 2716 1512 Ἐπὶ
2738 1456 2793 1509 δε
2817 1457 2916 1525 τῆς
2945 1452 3401 1525 ἐκκλησιαστικῆς
3426 1449 3726 1522 συνηθείας

2136 1553 2234 1605 οὐκ
2255 1548 2370 1605 οἶδα
2401 1551 2517 1613 πῶς
2547 1546 2949 1617 συγκατάὸασίς
2969 1564 3053 1609 τις
3075 1546 3310 1614 ἐγένετο,
3326 1545 3416 1597 καὶ
3447 1558 3727 1613 συμπερι-

2138 1644 2303 1716 φορὰ,
2341 1640 2481 1695 ὥστε
2514 1640 2866 1712 ἀνεκτότερον
2891 1638 3212 1709 νομισθῆναι
3234 1635 3294 1689 τὸ
3324 1636 3424 1705 τῆς
3460 1633 3729 1704 τοιαύτης

2139 1736 2296 1790 νόσου
2337 1735 2633 1805 καθάρσιον
2656 1749 2668 1763 ·
2720 1733 2776 1785 ἐν
2814 1731 3055 1783 ἐλάττονι
3087 1728 3196 1799 γὰρ
3223 1726 3401 1797 χρόνῳ
3440 1724 3595 1796 παρὰ
3620 1724 3729 1794 τὴν

467 1823 650 1877 cuium
677 1836 694 1888 ;
727 1821 780 1873 in
808 1819 1004 1873 minori
1033 1819 1177 1873 enim
1214 1827 1456 1886 tempore
1484 1834 1647 1889 quam
1674 1818 1998 1873 adulterium
2018 1856 2034 1882 ,

2146 1823 2410 1896 μοιχείαν,
2444 1825 2556 1885 τοῖς
2582 1819 2842 1883 τοιούτοις
2863 1818 2924 1871 τὸ
2954 1818 3227 1889 ἐπιτίμιον
3253 1816 3529 1881 διετάξατο
3558 1815 3592 1885 ἠ
3615 1814 3730 1865 τῶν

466 1912 505 1965 ii
533 1925 563 1964 a
597 1912 822 1964 Patrum
851 1907 1144 1961 traditione
1170 1921 1387 1976 poenam
1419 1914 1797 1977 susceperunt.
1828 1903 2041 1975 Ubique

469 2010 651 2057 autem
689 2000 794 2054 hoc
832 2000 887 2053 in
924 2000 1174 2068 supplicii
1221 2012 1418 2071 genere
1468 2008 1594 2053 ante
1626 1998 1811 2052 omnia
1853 1997 2040 2051 viden-

469 2094 599 2148 dum
650 2100 755 2155 est,
801 2091 982 2163 qualis
1020 2092 1088 2145 sit
1131 2093 1252 2160 ejus
1298 2090 1389 2145 cui
1458 2090 1745 2144 adhibetur
1788 2088 2038 2155 ali‘ectio;

474 2191 670 2241 etnon
711 2185 1025 2240 existimare
1072 2193 1288 2253 tempus
1342 2183 1411 2237 ad
1470 2182 1735 2236 medelam
1799 2180 2044 2236 sullicere

468 2278 758 2348 (quaenam
783 2274 927 2329 enim
960 2273 1126 2329 fuerit
1158 2290 1222 2328 ex
1253 2284 1498 2343 tempore
1542 2272 1810 2327 medicina
1830 2273 1854 2325 ?
1874 2275 1914 2342 ),
1946 2271 2043 2327 sed

470 2368 612 2437 ejus,
641 2367 734 2435 qui
762 2366 867 2421 sibi
914 2380 1012 2436 per
1045 2366 1460 2421 conversionem
1490 2366 1755 2429 medetur,
1793 2366 2039 2418 animum

471 2465 526 2512 et
554 2458 881 2512 institutum.
926 2455 1051 2511 Haec
1078 2457 1196 2523 tibi,
1239 2458 1465 2512 obomo
1517 2455 1635 2521 Dei,
1695 2472 1759 2510 ex
1807 2456 1875 2511 iis
1926 2470 2047 2525 quae

471 2557 629 2603 erant
663 2551 729 2603 ad
752 2562 974 2604 manum
1010 2549 1256 2604 studiose
1278 2550 1603 2620 composita,
1627 2550 1774 2618 quod
1798 2554 2047 2618 oporteat

475 2640 707 2694 fratrum
763 2640 1036 2695 mandatis
1087 2654 1302 2709 parere,
1359 2641 1606 2695 studiose
1656 2641 1928 2697 misimus.
1964 2639 2046 2695 Tu

470 2746 605 2787 vero
630 2739 926 2787 consuetas
959 2747 1057 2803 pro
1104 2732 1266 2787 nobis
1301 2748 1491 2802 preces
1557 2734 1663 2787 Deo
1729 2734 1924 2789 oﬂ'erre
1980 2748 2048 2790 ne

475 2823 826 2878 intermittas.
863 2822 1036 2877 Debes
1064 2824 1214 2877 enim
1244 2832 1301 2875 ut
1329 2831 1524 2894 gratus
1563 2823 1729 2889 ﬁlius,
1783 2826 1830 2879 ei
1862 2825 1955 2894 qui
1997 2833 2049 2879 te

475 2915 775 2970 secundum
810 2914 979 2969 Deum
1003 2916 1213 2985 genuit,
1247 2916 1301 2968 in
1333 2926 1615 2971 senectute
1644 2932 1738 2986 per
1778 2926 1899 2971 tuas
1924 2931 2050 2970 ora-

474 3009 653 3063 tiones
684 3008 1023 3073 alimentum,
1064 3008 1457 3063 convenienter
1487 3019 1757 3079 praecepto
1789 3010 1934 3079 quod
1960 3009 2051 3079 ju-

2143 1914 2286 1968 Πατέ
2295 1931 2399 1984 ρων
2419 1912 2733 1983 παράδοσις.
2759 1907 3040 1979 Πανταχοῦ
3064 1908 3158 1961 καὶ
3174 1909 3230 1961 ἐν
3252 1906 3359 1976 πλη
3367 1906 3543 1976 μμελή
3555 1920 3733 1975 ματος

2142 2006 2271 2058 εῖδει
2290 2004 2446 2057 τοῦτο
2462 2003 2699 2073 καθορᾷν
2722 2003 2985 2073 προσήκει
3005 1999 3111 2070 πρὸ
3130 1998 3367 2059 πάντων,
3380 1997 3467 2049 οἵα
3489 1996 3611 2048 ἐστὶ
3628 1992 3730 2046 τοῦ

2143 2095 2579 2168 θεραπευομένου
2623 2094 2879 2157 διάθεσις,
2910 2092 2983 2163 μὴ
3022 2092 3111 2144 τὸν
3134 2090 3322 2162 χρόνον
3358 2088 3567 2142 οἴεσθαι
3589 2085 3732 2156 πρὸς

2144 2187 2439 2261 θεραπείαν
2466 2187 2652 2257 ἀρκεῖν
2672 2201 2684 2214 ·
2710 2187 2792 2249 τίς
2819 2184 2927 2255 γάρ
2948 2183 3013 2237 ἂν
3039 2186 3101 2236 ἐκ
3121 2182 3212 2235 τοῦ
3243 2181 3435 2252 χρόνου
3456 2181 3602 2242 ἴασις
3629 2178 3732 2246 γέ-

2144 2297 2317 2346 νοιτο;
2366 2278 2499 2333 ἀλλὰ
2518 2279 2616 2346 τὴν
2650 2277 2964 2348 προαίρεσιν
2980 2274 3071 2328 τοῦ
3092 2273 3284 2328 ἐαυτὸν
3300 2272 3367 2325 δι’
3386 2268 3734 2340 ἐπιστροφῆς

2149 2372 2504 2444 ἰατρεύοντος.
2546 2369 2730 2422 Ταῦτά
2756 2386 2856 2434 σοι,
2901 2362 2945 2421 ὦ
2981 2366 3230 2436 ἄνθρωπε
3263 2363 3354 2416 τοῦ
3385 2360 3541 2424 Θεοῦ,
3586 2358 3735 2414 κατὰ

2146 2467 2346 2539 πολλὴν
2387 2463 2619 2531 σπουδὴν
2645 2463 2709 2514 ἐκ
2734 2460 2842 2513 τῶν
2872 2460 3176 2530 προχείρων
3209 2454 3518 2517 συνθέντες,
3552 2451 3649 2505 διὰ
3672 2451 3738 2503 τὸ

2145 2560 2255 2613 δεῖν
2284 2560 2398 2619 τοῖς
2428 2556 2536 2610 τῶν
2583 2552 2824 2622 ἀδελφῶν
2854 2552 3191 2620 ἐπιτάγμασι
3244 2546 3548 2608 πείθεσθαι,
3588 2543 3739 2597 κατὰ

2150 2648 2380 2719 σπουδὴν
2400 2646 2815 2714 ἀπεστείλαμεν.
2850 2643 2920 2697 Σὺ
2944 2641 3000 2694 δὲ
3019 2642 3117 2703 τὰς
3143 2639 3390 2711 συνήθεις
3406 2637 3548 2708 ὑπὲρ
3572 2632 3740 2706 ἡμῶν

2148 2739 2313 2810 εὐχὰς
2331 2738 2406 2808 τῷ
2427 2736 2545 2807 Θεῷ
2567 2735 2859 2807 προσάγων
2882 2732 2954 2803 μὴ
2976 2731 3271 2802 διαλείπῃς.
3292 2727 3605 2800 Χρεωστεῖς
3626 2724 3740 2796 γὰρ

2148 2833 2224 2895 ὡς
2250 2828 2543 2899 εὐγνώμων
2567 2827 2702 2890 υἱὸς,
2733 2825 2811 2896 τῷ
2849 2824 2991 2878 κατὰ
3007 2822 3139 2875 Θεόν
3172 2838 3230 2874 σε
3257 2820 3610 2889 γεννήσαντι,
3636 2814 3741 2885 τὴν

2148 2924 2235 2978 διὰ
2279 2921 2388 2976 τῶν
2434 2917 2749 2990 προσευχῶν
2784 2914 3142 2988 γηροκομίαν,
3190 2912 3331 2966 κατὰ
3377 2910 3476 2981 τὴν
3508 2906 3740 2977 ἐντολὴν

2149 3016 2247 3086 τὴν
2276 3012 2600 3068 κελεύουσαν
2641 3012 2804 3081 τιμᾷν
2842 3011 2969 3071 τοὺς
2994 3006 3187 3076 γονέας
3217 3046 3232 3070 ,
3283 3002 3385 3057 ἵνα
3408 2996 3477 3057 εὖ
3507 3014 3613 3054 σοι
3644 3000 3741 3068 τέ-

474 3099 567 3155 bet
601 3100 875 3155 honorare
908 3107 1185 3169 parentes,
1213 3110 1271 3153 ut
1307 3101 1402 3155 tibi
1431 3102 1557 3156 bene
1589 3103 1681 3166 sit,
1712 3113 1762 3156 et
1802 3104 1875 3156 sis
1932 3104 2037 3157 lon-

2151 3123 2345 3177 νηται,
2382 3105 2479 3158 καὶ
2503 3103 2619 3171 ἔσῃ
2649 3102 3083 3172 μακροχρόνιος
3106 3097 3204 3151 ἐπὶ
3235 3094 3346 3163 τῆς
3380 3091 3513 3163 γῆς.
3563 3090 3743 3185 Δῆλον

476 3206 649 3262 9mm
678 3206 833 3260 super
873 3201 1067 3246 terram
1090 3191 1158 3247 '°.
1208 3191 1429 3247 Clarum
1464 3202 1549 3249 est
1581 3202 1760 3249 autem
1800 3195 1945 3264 quod
1990 3206 2037 3251 ul

2153 3200 2209 3254 δὲ
2247 3201 2327 3254 ὄτι
2355 3197 2430 3260 ὡς
2469 3194 2733 3266 σύμϐολον
2762 3191 3052 3263 ἱερατικὸν,
3089 3188 3213 3259 δέξῃ
3251 3186 3312 3241 τὸ
3337 3185 3595 3257 γράμμα,
3644 3180 3744 3237 καὶ

478 3283 785 3356 symbolum
825 3284 1182 3348 sacerdotale,
1208 3284 1420 3341 litteras
1447 3286 1705 3358 accipies,
1741 3302 2037 3361 munusque

2154 3290 2253 3345 οὐκ
2295 3286 2581 3358 ἀτιμάσεις
2618 3284 2679 3337 τὸ
2715 3284 2904 3351 ξένιον,
2933 3281 3034 3338 κάν
3070 3296 3124 3335 τι
3157 3278 3476 3351 μικρότερον
3504 3272 3610 3345 τῆς
3642 3270 3745 3344 σῆς

480 3377 748 3449 hospitale
782 3393 891 3433 non
924 3388 1264 3444 contemnes,
1293 3382 1511 3438 etiamsi
1540 3381 1612 3435 sit
1663 3382 1845 3439 minus
1882 3398 2037 3453 quam

2160 3380 2527 3456 μεγαλοφυῒας
2556 3378 2666 3449 εἴη.

478 3484 581 3536 pro
612 3484 823 3525 summa
865 3470 942 3525 tui
972 3471 1176 3541 ingenii
1204 3471 1470 3528 bonitate.

555 3648 602 3681 ⁹⁹
625 3648 793 3706 Exod.
831 3665 921 3714 xx,
957 3650 1057 3719 12;
1094 3651 1252 3708 Deut.
1283 3668 1337 3716 v,
1369 3652 1468 3719 i6;
1504 3648 1696 3707 Matth.
1727 3665 1816 3715 xv,
1852 3650 1906 3705 4.
