3920 6472
204 312 289 372 E37
1246 298 1574 358 EPISTULA
1612 298 1703 354 AD
1731 293 2016 355 PETRUM
2060 297 2342 354 SEBAST.

3318 296 3427 353 2'58

222 447 3423 499 Μ

997 612 1222 698 ΤΟΥ
1322 612 1465 696 EN
1516 609 1891 733 AI‘IOIZ
1991 607 2609 694 FPHI‘OPIOY

1439 815 1835 870 ΕΠΙΣΚΟΠΟΥ
1872 812 2143 866 ΝΥΣΣΗΣ

1274 1006 2316 1135 ΕΠΙΣΤΟΛΗ

652 1265 849 1320 ΠΡΟΣ
898 1261 1040 1316 TON
1064 1254 1673 1315 ΑΔΕΛΦΟΝΑΥΤΟΥ
1700 1250 1998 1305 ΠΕΤΡΟΝ
2023 1249 2434 1304 ΕΠΙΣΚΟΠΟΝ
2449 1248 2926 1303 ΣΕΒΑΣΤΕΙΑΣ.

1740 1433 1812 1451 ἀ

1552 1575 2132 1671 GREGORII
2237 1572 2742 1664 NYSSENI

845 1589 941 1680 S.
1052 1586 1154 1673 P.
1294 1582 1412 1673 Ν.

1449 1790 2142 1956 EPISTOLA

746 2054 843 2109 Αι)
870 2048 1174 2108 PETRUM
1205 2042 1553 2101 FRATREM
1582 2039 1811 2107 SUUM,
1846 2036 2274 2095 EPISCOPUM
2311 2034 2832 2093 SEBASTENUM.

1436 2314 1557 2379 (.lac.
1602 2314 1837 2362 Gretsero
1865 2312 2180 2375 interprete.)

1755 2458 1823 2470 '—

236 2605 383 2667 Μόλις
404 2594 687 2671 ἐπιτυχὼν
718 2592 973 2668 βραχείας
1002 2591 1217 2663 σχολῆς,
1346 2605 1403 2640 τε
1432 2583 1523 2640 τοῦ
1543 2585 1728 2655 σώμα-
1759 2631 1764 2641 ,

1906 2578 2189 2634 Paululum
2217 2576 2313 2631 otii
2338 2583 2534 2630 nactus
2560 2572 2859 2629 valetudini
2904 2586 3124 2643 operam
3154 2572 3288 2630 dare
3317 2588 3416 2645 poo

182 2718 254 2762 τος
290 2695 551 2768 θεραπείᾳ
610 2692 868 2766 προσχεῖν
910 2684 1179 2757 ἠδυνήθην
1221 2682 1357 2754 μετά
1402 2678 1500 2749 τὴν
1552 2680 1617 2730 ἐκ
1641 2676 1741 2768 τῆς

191 2766 450 2861 Ἀρμενίας
485 2781 771 2846 ἐπάνοδον,
806 2780 901 2833 καὶ
926 2777 1252 2844 συναγαγεῖν
1278 2773 1346 2827 τὰ
1385 2770 1643 2841 σχεδάρια
1673 2766 1741 2820 τὰ

182 2884 294 2955 πρὸς
336 2880 605 2951 Εὐνόμιον
660 2874 803 2929 κατά
847 2868 1155 2943 συμϐουλὴν
1198 2868 1298 2937 τῆς
1337 2864 1436 2934 σῆς
1474 2862 1740 2922 συνέσεως

183 2973 575 3046 ὑπηγορευμένα
606 2986 620 2999 ·
672 2967 811 3021 ὥστε
853 2982 944 3036 μοι
975 2961 1162 3016 λοιπὸν
1190 2961 1268 3023 είς
1299 2957 1456 3025 λόγου
1489 2952 1741 3016 σύνταξιν

182 3045 553 3137 ἐναρμοσθῆναι
582 3061 672 3115 τὸν
703 3058 883 3119 πόνον,
912 3056 1005 3109 καὶ
1029 3052 1251 3107 πυκτίον
1282 3050 1381 3122 ήδη
1412 3045 1739 3137 γεγενῆσθαι

180 3135 447 3226 τδνλόγον.
500 3152 824 3223 Γέγραπται
873 3146 932 3200 δέ
976 3161 1065 3216 μοι
1113 3142 1173 3196 οὐ
1218 3140 1352 3211 πρὸς
1401 3135 1741 3207 ἀμφοτέρους

179 3252 283 3313 τοὺς
325 3249 512 3317 λόγους
548 3262 567 3279 ο
605 3244 726 3297 οὐδὲ
770 3240 877 3311 γὰρ
915 3238 1173 3307 ἐπέτυχον
1213 3232 1480 3302 τοσαύτης
1520 3229 1738 3301 σχολῆς,

180 3342 255 3395 τοῦ
299 3338 602 3411 χρήσαντός
657 3352 746 3407 μοι
786 3333 846 3387 τὸ
897 3332 996 3402 τῆς
1037 3328 1304 3400 αἱρέσεως
1344 3321 1569 3394 βιϐλίον,
1599 3318 1742 3375 κατά

182 3432 351 3501 πολλὴν
398 3425 797 3499 ἀπειροκαλίαν
862 3421 1020 3483 εὐθὺς
1075 3414 1549 3485 ἀνακαλεσαμένου
1604 3412 1741 3482 πρὸς

180 3523 357 3585 ἑαυτὸν,
386 3524 479 3575 καὶ
505 3518 635 3573 οὗτε
673 3513 1147 3588 μεταγράψασθαι,
1183 3508 1306 3562 οὔτε
1352 3506 1491 3561 κατά
1543 3503 1739 3574 σχολὴν

179 3614 481 3684 ἐνδιατρίψαι
514 3610 842 3680 ποιήσαντος
877 3623 889 3635 ·
942 3606 1000 3656 ἐν
1041 3602 1275 3673 ἡμέραις
1332 3599 1439 3671 γάρ
1477 3594 1738 3650 ἑπτακαί-

178 3706 285 3759 δεκα
318 3707 500 3776 μόναις
550 3700 839 3772 σχολάσας,
867 3697 968 3767 οὐχ.
1007 3690 1113 3756 οἷός
1152 3710 1211 3746 τε
1268 3693 1415 3762 ἥμην
1462 3690 1520 3741 ἐν
1567 3688 1738 3749 οὕτως

179 3798 317 3867 ὀλίγῳ
341 3797 414 3869 τῷ
442 3798 627 3868 χρόνῳ
665 3793 800 3863 πρὸς
826 3787 1169 3860 ἀμφοτέρους
1214 3782 1444 3855 ἀρκέσαι
1488 3783 1613 3843 τοὺς
1654 3779 1739 3831 7.6-

181 3908 305 3957 γους.

238 4003 484 4065 Πολλάκις
528 3999 589 4052 δὲ
628 3998 778 4069 παρά
821 3993 1029 4051 πολλῶν
1082 3990 1389 4063 ἐνοχληθεὶς
1435 3984 1736 4058 ἀνθρώπων

181 4093 269 4147 τῶν
294 4111 408 4147 τινα
438 4092 605 4161 ζῆλον
639 4088 779 4159 ὑπὲρ
800 4086 898 4158 τῆς
942 4082 1200 4154 ἀληθείας
1254 4080 1506 4151 ἐχόντων,
1552 4075 1640 4129 διὰ
1678 4073 1739 4127 τὸ

182 4182 700 4256 περιτεθρυλλῆσθαι,
748 4179 849 4231 οὐκ
887 4171 1003 4230 οἴδα
1064 4177 1245 4237 ὅπως,
1294 4170 1354 4224 τὸ
1402 4166 1738 4238 πεπονῆσθαι

181 4277 288 4343 ἡμῖν
309 4275 440 4345 πρὸς
467 4273 564 4326 τὸν
590 4271 907 4341 βλάσφημον
955 4266 1271 4337 ἀντίρρησιν
1306 4280 1317 4292 ⁸
1368 4260 1548 4322 καλῶς
1594 4258 1738 4327 ἔχειν

181 4365 338 4438 ᾠήθην
361 4368 469 4439 πρὸ
503 4366 724 4418 πάντων
758 4364 824 4433 τῇ
857 4364 922 4432 σῇ
949 4358 1160 4413 συνέσει
1200 4355 1327 4427 περὶ
1357 4353 1548 4407 τούτου
1602 4368 1739 4421 συμ-

184 4458 331 4528 ϐούλῳ
356 4456 689 4529 χρήσασθαι,
721 4454 829 4507 εἴτε
856 4452 962 4523 χρὴ
994 4448 1423 4504 καταπιστεῦσαι
1466 4448 1585 4510 ταῖς
1630 4444 1738 4498 τῶν

184 4550 364 4603 πολλῶν
408 4550 625 4611 ἀκοαῖς,
682 4546 792 4599 εἴτε
830 4562 883 4598 τι
923 4543 1013 4597 καὶ
1056 4542 1182 4596 ἄλλο
1220 4536 1627 4611 βουλεύσασθαι.
1672 4538 1738 4590 Ὃ

186 4641 230 4693 δέ
261 4660 338 4711 μοι
366 4642 465 4712 τὴν
508 4636 843 4710 ἀμφιϐολίαν
885 4638 1046 4693 ποιεῖ,
1091 4632 1249 4686 τοῦτό
1295 4635 1440 4685 ἐστιν
1464 4645 1480 4661 ⁸
1511 4628 1736 4699 Ἐπειδὴ

184 4733 283 4785 κατ’
304 4734 468 4805 αὐτὴν
498 4731 594 4785 τοῦ
624 4730 781 4798 ἁγίου
806 4726 1085 4780 Βασιλείου
1111 4725 1206 4795 τὴν
1241 4724 1496 4794 κοίμησιν
1524 4720 1617 4775 τὸν
1642 4719 1736 4773 τοῦ

184 4825 418 4895 Εὗνομὶου
444 4825 604 4892 λόγον
628 4820 993 4891 ὑπεδεξάμην,
1034 4818 1112 4872 ἔτι
1156 4818 1252 4886 τῆς
1302 4815 1527 4886 καρδίας
1581 4830 1737 4884 περι-

184 4913 381 4986 ζεούσης
416 4915 496 4986 τῷ
519 4913 691 4984 πόθῳ,
724 4912 817 4966 κοιλ⁸
851 4911 987 4981 πρὸς
1009 4911 1106 4981 τὴν
1151 4907 1334 4978 κοινὴν
1373 4906 1479 4959 τῶν
1504 4905 1737 4974 Ἐκκλη-

186 5007 293 5061 cuin:
324 5007 607 5080 συμφορὰν
632 5004 1042 5078 ὑπεραλγούσης
1061 5020 1074 5033 ⁸
1118 5002 1395 5073 γέγραπτο
1426 4998 1483 5052 δὲ
1526 4997 1603 5069 τῷ
1635 4997 1738 5051 Ed-

182 5100 345 5169 νομίῳ,
379 5103 479 5172 οὐχ
499 5101 599 5153 ὅσα
630 5098 789 5169 μόνον
819 5096 913 5149 τοῦ
935 5096 1054 5149 καθ’
1088 5094 1276 5147 ἑαυτὸν
1302 5092 1569 5161 δόγματος
1595 5088 1737 5160 ἔχειν

184 5189 329 5244 ἐδόκει
354 5192 452 5262 τὴν
498 5190 777 5255 σύστασιν,
826 5188 939 5242 ἀλλ’
990 5188 1024 5258 ἡ
1078 5185 1274 5238 πλείων
1317 5183 1479 5237 αὑτοῦ
1534 5180 1737 5252 σπουδὴ

1843 2676 1947 2739 tui,
1971 2683 2092 2744 post
2115 2671 2344 2727 reditum
2371 2686 2451 2767 ei;
2453 2669 2729 2732 Armenia,
2754 2678 2806 2724 et
2827 2668 3084 2739 colligere
3104 2667 3417 2730 schedulas,

1843 2779 1978 2834 quas
2023 2770 2217 2817 contra
2264 2754 2587 2813 EunoTnium
2637 2764 2731 2811 tuo
2776 2770 2945 2811 suasu
2992 2754 3297 2825 composui,
3357 2762 3418 2808 ut

1841 2855 1950 2927 jam
1980 2854 2134 2909 labor
2175 2867 2328 2907 meus
2372 2850 2425 2905 in
2477 2848 2741 2904 orationis
2786 2846 3039 2911 formam,
3071 2855 3125 2900 et
3161 2844 3336 2900 oratio
3367 2844 3423 2899 in

1844 2948 2095 3002 volumen
2128 2942 2385 2998 evaserit.
2424 2939 2630 3011 Scripsi
2661 2950 2839 2996 autem
2862 2954 2973 2995 non
2999 2946 3189 2994 contra
3217 2945 3425 2992 utrum-

1842 3055 1947 3109 que
1985 3037 2239 3091 Eunomii
2269 3034 2467 3090 librum
2496 3054 2509 3089 :
2543 3049 2719 3104 neque
2747 3033 2891 3087 enim
2921 3040 3132 3086 tantum
3169 3031 3423 3103 temporis

1842 3145 2163 3186 concessum
2198 3137 2304 3196 est,
2335 3144 2457 3184 cum
2481 3128 2551 3194 is,
2592 3128 2683 3198 qui
2711 3127 2907 3182 librum
2941 3125 3259 3181 luereticum
3281 3139 3401 3180 com

1842 3223 2065 3277 modato
2089 3220 2334 3284 dederat,
2371 3234 2495 3274 eum
2520 3216 2676 3272 valde
2701 3216 3010 3287 importune
3052 3222 3107 3270 et
3132 3215 3426 3269 inciviliter

1841 3313 2177 3385 repetiverit,
2202 3319 2257 3367 et
2284 3326 2459 3381 neque
2485 3307 2907 3374 transcribendi,
2938 3323 3115 3378 neque
3135 3322 3231 3377 per
3250 3307 3420 3361 otium

1840 3404 2124 3463 evolvendi
2185 3409 2270 3459 sat
2330 3402 2491 3473 spatii
2545 3400 2792 3457 dederit:
2848 3416 2974 3454 nam
3029 3397 3419 3468 septemdecim

1843 3507 2055 3554 tantum
2085 3498 2200 3553 dies
2234 3497 2357 3549 huic
2385 3494 2747 3550 lucubrationi
2775 3493 3112 3564 impertiens,
3146 3491 3259 3547 ﬁeri
3310 3506 3421 3545 non

1842 3589 2020 3661 potuit
2052 3597 2108 3641 ut
2156 3596 2265 3640 tam
2311 3586 2454 3640 brevi
2493 3593 2735 3655 tempore
2765 3595 3055 3653 utrumque
3102 3582 3303 3637 librum
3334 3595 3424 3637 re-

1840 3683 2100 3736 fellerem.

1914 3990 2124 4061 Saepius
2169 4002 2298 4043 vero
2348 3986 2726 4057 interpellatus
2766 4002 2796 4039 a
2842 3986 3052 4049 multis,
3101 3988 3195 4057 qui
3230 3989 3417 4059 aliquo

1838 4083 2084 4138 veritatis
2131 4082 2247 4136 zelo
2292 4080 2654 4145 tenebantur,
2711 4078 2852 4148 quod
2897 4078 3039 4132 fama
3079 4078 3192 4149 jam
3232 4081 3419 4136 nescio

1841 4174 2111 4245 quomodo
2174 4172 2509 4241 vulgaverat,
2568 4184 2654 4224 me
2721 4169 2981 4224 adversus
3036 4169 3417 4239 blasphemum

1839 4260 2162 4315 Eunomium
2198 4258 2579 4314 refutationem
2609 4255 2945 4312 confecisse:
2983 4273 3014 4313 e
3040 4273 3097 4312 re
3132 4258 3246 4315 fore
3268 4259 3419 4329 judi-

1839 4353 1981 4416 cavi,
2031 4359 2157 4406 ante
2202 4350 2385 4404 omnia
2435 4357 2487 4403 te
2529 4363 2694 4418 super
2726 4349 2828 4405 hac
2857 4364 2917 4405 re
2945 4350 3261 4406 consiliario
3303 4352 3415 4409 uti:

1838 4460 1969 4500 num
1997 4443 2208 4500 scilicet
2246 4457 2383 4511 opus
2427 4440 2812 4512 evulgandum.
2846 4455 2914 4495 an
2942 4442 3087 4495 aliud
3123 4443 3418 4500 consilium

1839 4534 2162 4605 capiendum
2187 4532 2278 4587 sit.
2309 4531 2463 4597 Quod
2484 4531 2774 4600 ancipitem
2802 4546 2889 4586 me
2914 4531 3115 4595 reddit,
3139 4540 3222 4587 est
3243 4532 3417 4588 istud:

1834 4628 1969 4683 Cum
2005 4626 2111 4680 sub
2138 4624 2311 4693 ipsam
2344 4622 2518 4677 sancti
2556 4621 2741 4678 Basilii
2787 4629 3041 4683 mortem,
3074 4622 3272 4677 librum
3305 4622 3417 4677 Eu-

1840 4716 2007 4772 nomii
2032 4715 2387 4785 accepissem,
2410 4712 2575 4767 corde
2600 4712 2778 4766 adhuc
2798 4711 3069 4767 desiderio
3093 4712 3237 4767 illius
3255 4720 3418 4769 aestu-

1839 4816 1985 4869 ante,
2033 4815 2087 4861 et
2134 4805 2203 4859 ob
2246 4818 2590 4858 communem
2637 4801 3004 4859 Ecclesiarum
3050 4803 3415 4857 calamitatem

1839 4898 2129 4953 admodum
2161 4897 2411 4951 dolente:
2448 4893 2753 4950 Eunomius
2779 4902 2959 4950 autem
2990 4910 3099 4949 non
3126 4894 3301 4949 solum
3325 4908 3412 4958 ea,

1839 5005 1958 5061 quae
2002 4991 2067 5043 ad
2120 4990 2205 5044 sui
2258 4987 2529 5058 dogmatis
2583 4988 2990 5057 perversitatem
3032 4986 3413 5043 stabiliendam

1839 5082 2177 5145 conducunt,
2201 5080 2475 5144 attulerit;
2501 5078 2593 5134 sed
2616 5080 2738 5149 plus
2757 5077 3049 5151 diligentia
3072 5078 3124 5131 in
3148 5078 3416 5133 conviciis

1839 5174 2100 5227 adversus
2136 5178 2346 5241 patrem
2382 5178 2632 5223 nostrum
2666 5168 3004 5240 ejaculandis
3041 5167 3287 5223 studiose
3316 5183 3416 5239 po-

83 5294 89 5309 ·
186 5256 697 5355 περὶτὰ-λοιδορίας
742 5279 831 5355 ἦν,
868 5281 934 5346 ἃς
982 5256 1123 5333 κατά
1173 5278 1265 5331 τοῦ
1328 5277 1530 5349 πατρὸς
1579 5274 1764 5347 ήμῶνη

1842 5263 2030 5326 suerit,
2060 5268 2417 5331 eanperatus
2451 5260 2800 5315 contumeliis
2832 5259 2902 5315 ab
2931 5258 3025 5314 illo
3063 5256 3275 5323 effusis,
3310 5258 3414 5312 ali-

186 5372 457 5439 φιλοπόνως
487 5373 815 5444 συνέγραψε,
845 5372 1033 5425 τούτου
1062 5370 1248 5424 ἕνεκεν
1300 5367 1732 5439 ὑποτραχυνθεὶς

187 5463 237 5515 ἐκ
267 5466 363 5520 τῶν
382 5467 465 5537 ἐφ’
493 5466 647 5538 ὕϐρει
682 5468 810 5537 παρ’
851 5464 1014 5518 αὐτοῦ
1062 5463 1353 5535 ῥηθέντων,
1406 5460 1556 5513 ἐστιν
1598 5461 1733 5514 ὅπου

188 5551 331 5624 θυμόν
380 5574 502 5611 τινα
554 5557 696 5611 κατά
744 5556 837 5610 τοῦ
886 5553 1247 5624 συγγραφέως
1289 5551 1384 5604 καὶ
1427 5549 1733 5620 φλεγμονὴν

189 5647 382 5714 καρδίας
431 5647 788 5717 ἑνεδείξαμεν.
860 5644 1010 5701 Ἐπεὶ
1056 5640 1150 5698 οὖν
1200 5643 1335 5697 ἄλλα
1367 5642 1492 5705 ἴσως
1520 5644 1649 5712 ἡμῖν
1681 5642 1731 5694 oi

190 5736 343 5794 πολλοὶ
383 5740 803 5809 συνεγνώκασιν,
860 5740 943 5793 ὅτι
996 5739 1053 5793 δὲ
1096 5738 1231 5808 πρὸς
1271 5736 1561 5805 ὑπομένειν
1607 5734 1733 5797 τοὺς

1841 5356 1965 5411 cubi
1993 5355 2241 5410 nonnihil
2274 5355 2366 5408 irae
2390 5354 2586 5409 etbilis
2614 5361 2806 5408 contra
2826 5351 3146 5421 scriptorem
3173 5351 3412 5406 ostendi.

1841 5448 1977 5505 Cum
2007 5455 2187 5503 autem
2215 5448 2460 5517 plerique
2508 5446 2669 5500 aliam
2719 5444 2974 5500 fortassis
3001 5444 3414 5515 persuasionem

1841 5543 2097 5607 habeant,
2126 5540 2281 5611 quasi
2312 5555 2376 5595 eo
2407 5539 2579 5594 simus
2602 5538 2841 5608 ingenio,
2875 5546 2935 5592 ut
2964 5553 3089 5607 eos,
3122 5537 3215 5609 qui
3263 5543 3420 5608 petu-

1842 5636 2014 5690 lanter
2066 5634 2121 5689 in
2169 5647 2268 5689 nos
2314 5632 2627 5702 insurgunt,
2670 5645 2827 5699 aequo
2864 5638 2919 5687 et
2963 5633 3204 5702 patiente
3234 5630 3418 5684 animo

1840 5728 2137 5795 sustinere,
2177 5736 2229 5781 ct
2270 5741 2336 5782 ex
2361 5724 2645 5795 disciplina
2677 5724 2734 5780 S.
2774 5723 2958 5780 Basilii
2986 5725 3412 5781 moderationem
