3920 6518
469 352 573 411 9'59
1465 342 1669 399 PETRI
1699 339 2074 396 SEBASTENI
2114 338 2202 394 AD
2244 338 2302 395 S.
2341 337 2744 394 GREGORIUM
3624 332 3734 390 εἳ..ίο

475 471 532 526 in
561 466 827 530 moribus,
856 464 1034 536 quoad
1059 464 1204 529 licet,
1233 460 1490 517 exhibere
1517 458 1823 523 soleamus;
1861 455 2049 517 metui,

2171 451 2404 516 ίτάκτως
2430 452 2548 506 καθ’
2573 452 2729 523 ἡμῶν
2769 451 3198 522 θρασυνομένους
3240 449 3560 521 ἐπιτηδείως
3610 447 3736 516 Exo-

473 574 546 616 ne
589 575 653 615 ex
688 560 795 624 his,
835 572 955 629 quae
989 565 1180 611 contra
1216 555 1363 610 hunc
1404 551 1781 607 adversarium
1823 546 2050 617 scripsi-

2171 560 2278 612 μεν,
2300 542 2374 606 ὦς
2400 546 2512 597 ἐστι
2541 543 2780 606 δυνατὸν,
2815 545 2879 595 ἐκ
2914 543 3013 613 τῆς
3034 543 3126 598 τοῦ
3150 542 3303 612 ἁγίου
3332 540 3541 595 ἐκείνου
3586 537 3739 591 διδα-

477 667 623 713 mus,
651 651 701 705 le
738 650 947 705 toribus
978 648 1103 704 novi
1134 660 1545 719 appareremus,
1572 650 1833 712 tanquam
1864 641 1957 710 qui
1986 637 2054 692 ad

2171 634 2385 697 ςκαλίας
2411 636 2746 705 ἀσκήσαντες
2768 637 2834 688 ἐν
2868 634 2946 705 τῷ
2975 634 3091 705 ἤθει
3136 639 3198 687 τδ
3242 634 3476 705 μέτριον,
3515 630 3742 684 δέδοικα

478 738 936 792 calumniatorum
989 737 1236 792 convicia
1290 735 1446 790 facile
1502 733 1920 787 inflammantur.
1972 729 2053 783 An

2171 726 2237 796 μὴ
2264 728 2326 778 ἐκ
2355 725 2461 777 τῶν
2502 725 2639 796 πρὸς
2684 723 2775 779 τὸν
2828 724 3119 778 ἀντίπαλον
3151 726 3283 794 ἡμῖν
3327 719 3739 792 γεγραμμένων

482 829 622 884 forte
653 845 722 884 ne
772 830 906 884 tales
952 829 1267 891 habeantur,
1323 824 1580 886 obstabit,
1628 821 1925 893 quodnon
1961 835 2057 891 pro

484 919 677 986 nobis,
720 919 812 975 sed
846 934 942 989 pro
972 918 1251 989 probrosis
1284 916 1335 969 in
1376 924 1584 983 patrem
1614 920 1860 967 nostrum
1894 908 2057 965 dictis

478 1010 794 1068 irascimur.
840 1009 974 1064 Nam
1012 1008 1066 1063 in
1114 1005 1427 1077 huiusmodi
1458 1004 1623 1059 rebus
1656 1002 1916 1071 maiorem
1950 998 2059 1053 for-

484 1102 629 1158 sitan
668 1103 877 1157 veniam
910 1108 1149 1156 meretur
1181 1110 1527 1160 succensere,
1568 1106 1731 1166 quam
1779 1091 2059 1146 moderate

487 1207 666 1263 agere.

562 1450 619 1505 Si
655 1463 784 1505 vero
830 1445 1131 1518 primordia
1176 1444 1441 1500 orationis
1477 1444 1633 1515 quasi
1686 1458 1717 1498 a
1764 1444 2062 1501 certamine

488 1538 664 1595 aliena
688 1536 1095 1600 existimantur,
1132 1549 1293 1605 spero
1323 1549 1471 1598 eum,
1517 1533 1610 1603 qui
1633 1532 1845 1603 judicio
1873 1534 2058 1603 pollet,

489 1646 599 1687 non
628 1638 850 1701 gravate
891 1627 1158 1683 orationis
1202 1633 1406 1681 nostra:
1454 1626 1766 1679 institutum
1807 1626 2063 1694 probatu-

489 1739 632 1780 rum.
662 1721 846 1791 Neque
874 1720 1022 1774 enim
1058 1719 1285 1773 decebat
1334 1730 1392 1771 ut
1426 1718 1603 1787 magni
1642 1717 1821 1771 Basilii
1859 1714 2057 1770 famam

2143 818 2435 885 .vsozpave‘iq
2466 833 2606 878 τινες
2630 819 2740 879 τοῖς
2770 816 3154 885 ἐντυγχάνουσι
3184 813 3440 883 δόξωμεν,
3463 812 3541 875 ὡς
3585 810 3745 862 εὐκό-

2158 910 2265 970 λως
2287 906 2421 979 πρὸς
2445 906 2541 970 τὰς
2561 907 2667 959 τῶν
2711 907 2979 977 ὑϐριστῶν
3026 905 3287 976 λοιδορίας
3325 901 3742 975 ἐκτραχυνόμεο

2160 1011 2255 1048 νοι.
2286 990 2363 1046 Ἦ
2390 994 2528 1064 τάχα
2549 996 2944 1063 παραιτήσεται
2983 996 3129 1065 ἡμᾶς
3164 994 3300 1065 πρὸς
3332 992 3391 1045 τὸ
3434 991 3509 1062 μὴ
3560 990 3742 1042 δοκεῖν

2152 1082 2297 1139 εἶναι
2340 1084 2624 1152 τοιούτους,
2659 1086 2720 1139 τὸ
2745 1087 2819 1158 μὴ
2841 1087 2981 1158 ὑπὲρ
3011 1087 3168 1158 ἡμῶν
3197 1085 3400 1151 αὐτῶν,
3447 1084 3567 1137 ἀλλ’
3601 1082 3744 1152 ὑπὲρ

2160 1178 2268 1231 τῶν
2290 1179 2431 1233 κατά
2459 1178 2551 1232 τοῦ
2580 1180 2785 1251 πατρὸς
2817 1180 3119 1252 εἰρημένων
3141 1177 3473 1251 ὀργίζεσθαι.
3509 1176 3608 1229 Ἑν
3633 1175 3743 1243 γὰρ

2160 1272 2273 1333 τοῖς
2303 1271 2565 1334 τοιούτοις
2601 1272 2740 1340 τάχα
2782 1271 2843 1324 τὸ
2882 1271 3197 1342 μετριάζειν
3252 1269 3346 1323 τοῦ
3391 1266 3744 1339 χαλεπαίνειν

2162 1361 2311 1412 ἐστὶν
2344 1362 2873 1433 ἀσυγγνωστότερον.

2244 1451 2390 1504 Εἰδέ
2421 1453 2491 1506 τά
2511 1452 2712 1525 ’πρῶτα
2758 1451 2853 1507 τοῦ
2907 1452 3064 1522 λόγου
3120 1452 3390 1521 ἐξαγώνιά
3423 1468 3543 1515 πως
3603 1446 3743 1503 εἶναι

2161 1540 2325 1609 δοκεῖ,
2351 1541 2635 1613 λογίζομαι
2674 1542 2763 1595 τὸν
2792 1541 2996 1614 κρίνειν
3034 1542 3441 1613 ἐπεσκεμμένον
3474 1539 3745 1603 ἀποδέξα-

2148 1632 2285 1685 mea;
2328 1634 2392 1685 ἂν
2448 1634 2545 1702 τὴν
2599 1633 2850 1703 τοιαύτην
2909 1634 3035 1705 περὶ
3070 1633 3159 1686 τὸν
3202 1633 3357 1702 λόγον
3400 1630 3744 1702 οἰκονομίαν.

2164 1724 2299 1778 Οὔτε
2333 1724 2441 1794 γὰρ
2471 1726 2871 1796 ἁσυνηγόρητον
2897 1724 3001 1778 ἔδει
3036 1724 3337 1795 παρεθῆναι
3362 1723 3459 1795 τὴν
3502 1722 3603 1776 τοῦ
3647 1739 3745 1792 με-

488 1824 544 1873 et
554 1812 1016 1872 existimationem
1040 1810 1108 1865 ab
1121 1808 1436 1864 adversario
1454 1807 1715 1863 maledice
1743 1808 2057 1871 laceratam,

2171 1817 2327 1885 γάλου
2389 1817 2654 1887 ὑπόληψιν
2701 1819 2821 1880 ταῖς
2872 1816 2966 1870 τοῦ
3028 1815 3297 1870 ἀντιδίκου
3368 1814 3745 1885 βλασφημίαις

492 1904 829 1963 indefensam
859 1901 1325 1973 relinqueremus;
1361 1914 1535 1971 neque
1562 1907 1622 1953 ut
1650 1899 1765 1953 haec
1796 1898 1924 1953 talia
1951 1899 2063 1953 dis-

488 1995 754 2069 putationi
816 1993 1051 2064 sparsim
1104 1991 1569 2062 inspergeremus;
1640 2004 1949 2061 quanquam
2009 1998 2065 2046 et

494 2089 881 2143 haecaccurate
900 2083 1253 2157 perpendenti
1271 2098 1399 2153 pars
1422 2098 1614 2154 pugnae
1632 2083 1806 2138 videri
1830 2090 2060 2153 queant:

493 2194 621 2235 cum
675 2177 822 2234 enim
870 2176 1167 2231 adversarii
1216 2188 1435 2244 quoque
1484 2175 1781 2245 diSputatio
1837 2174 1892 2228 in
1929 2173 2065 2228 duas

495 2276 679 2341 partes
719 2267 924 2322 tributa
957 2267 1048 2329 sit,
1090 2266 1144 2320 in
1176 2264 1475 2320 calumnias
1513 2265 1744 2331 scilicet,
1779 2274 1832 2319 et
1880 2263 1932 2318 in
1966 2265 2066 2319 do-

495 2360 687 2415 ctrinae
732 2372 881 2414 sanae
927 2356 1429 2427 reprehensionem,
1465 2371 1689 2412 necesse
1738 2362 1856 2411 erat
1909 2364 1968 2409 ut
2016 2362 2070 2411 et

496 2466 601 2507 nos
650 2450 915 2505 adversus
960 2454 1247 2518 utramque
1297 2454 1505 2518 partem
1554 2446 1926 2503 defensionem
1972 2463 2072 2503 no-

498 2549 667 2597 stram
715 2541 1094 2610 dirigeremus.
1129 2537 1409 2594 Claritatis
1458 2553 1621 2607 porro
1666 2538 1861 2608 gratia,
1912 2545 1965 2593 et
2004 2554 2072 2594 ne

501 2634 675 2689 series
717 2646 928 2694 eorum,
975 2644 1096 2701 quae
1140 2628 1208 2684 de
1250 2629 1371 2700 ipsa
1420 2628 1671 2685 doetrina
1704 2631 2069 2700 disseruntur,

496 2722 895 2781 calumniarum
918 2722 1327 2792 interposrtione
1346 2721 1859 2791 interrumperetur,
1881 2739 2072 2779 neces-

501 2816 651 2872 sario
678 2816 733 2870 in
763 2812 902 2870 duas
930 2825 1110 2886 partes
1140 2829 1278 2885 Opus
1310 2814 1721 2869 distribuimus:
1766 2815 1922 2871 initio
1949 2817 2074 2886 qui-

499 2906 625 2964 dem
675 2908 743 2964 iis
793 2922 915 2978 quae
952 2907 1111 2963 nobis
1154 2907 1490 2975 objiciuntur
1532 2907 1875 2962 contumeliis
1926 2922 2076 2961 amo-

499 2998 715 3064 liendis,
760 3005 950 3069 postea
997 2996 1304 3053 defensioni
1348 2997 1620 3068 dogmatis
1660 2998 1950 3053 orthodoxi
1978 3015 2077 3069 pro

502 3088 713 3145 viribus
742 3089 958 3145 intenti.
986 3088 1240 3144 Continet
1269 3103 1399 3144 vero
1443 3089 1740 3158 disputatio
1774 3105 1882 3144 non
1914 3090 2078 3145 modo

505 3178 775 3233 haeretica:
801 3178 1083 3249 pravitatis
1116 3177 1479 3239 eversionem,
1509 3192 1696 3232 verum
1730 3180 1892 3233 etiam
1922 3180 2078 3237 insti-

505 3270 773 3322 tutionem
818 3279 872 3322 et
920 3267 1333 3338 explicationem
1376 3276 1692 3321 nostrorum
1738 3266 2075 3337 dogmatum.

507 3357 692 3431 Turpe
738 3359 881 3414 enim
913 3366 967 3413 et
1004 3373 1274 3430 generoso
1312 3358 1494 3412 animo
1526 3373 1753 3428 prorsus
1795 3360 2076 3431 indignum

494 3449 762 3503 arbitrati
820 3463 1029 3516 sumus,
1077 3463 1201 3513 cum
1254 3450 1439 3504 hostes
1489 3463 1646 3504 suam
1687 3451 2077 3507 absurditatem

514 3556 626 3597 non
669 3542 968 3610 occultent,
1010 3558 1110 3599 nos
1161 3541 1445 3598 veritatem
1486 3542 1759 3599 liberrime
1797 3559 1904 3599 non
1954 3559 2081 3615 pro-

510 3632 671 3687 fateri.

2166 1906 2640 1978 σπαρασσομένην,
2671 1904 2794 1960 οὔτε
2831 1906 3007 1978 πάντη
3043 1903 3431 1975 καταμιγνύειν
3467 1902 3740 1974 τῷλόγῳ,

2166 1997 2439 2069 σποράδην
2473 1998 2865 2069 παρενείροντα
2886 1998 2984 2070 τὴν
3011 2000 3137 2072 περὶ
3173 1996 3360 2051 τούτου
3395 1996 3602 2067 μάχην*
3645 1994 3741 2047 άλ-

2164 2088 2270 2152 λως
2297 2105 2357 2141 τε
2387 2088 2466 2158 τῷ
2492 2088 2731 2162 ἀκριϐῶς
2766 2088 3100 2160 λογιζομένῳ
3135 2090 3228 2143 καὶ
3276 2088 3448 2141 ταῦτα
3480 2086 3552 2139 τά
3598 2086 3739 2156 μέρη

2164 2178 2273 2231 τῶν
2291 2177 2517 2246 ἀγώνων
2566 2179 2711 2232 ἐστίν
2741 2194 2758 2211 ο
2792 2179 2976 2251 ἐπειδὴ
2998 2180 3105 2249 γὰρ
3142 2181 3220 2242 εἰς
3239 2178 3330 2231 δύο
3370 2178 3608 2240 σκοποὺς
3652 2175 3745 2228 καὶ

2166 2272 2195 2324 ὁ
2223 2270 2317 2323 τοῦ
2349 2270 2590 2325 ἐναντίου
2634 2270 2789 2340 λόγος
2855 2272 3200 2342 μεμέρισται,
3251 2270 3330 2332 είς
3372 2286 3430 2321 τε
3468 2267 3572 2332 τὰς
3616 2265 3750 2320 καθ’

2167 2361 2326 2432 ἡμῶν
2347 2360 2615 2425 διαϐολὰς,
2647 2363 2740 2416 καὶ
2763 2364 2842 2426 είς
2871 2362 2966 2435 τὴν
3005 2362 3335 2433 κατηγορίαν
3358 2360 3451 2414 τοῦ
3484 2360 3750 2428 ὑγιαίνον-

2167 2469 2260 2514 τος
2281 2451 2570 2521 δόγματος,
2611 2451 2719 2504 ἔδει
2762 2451 2895 2524 πρὸς
2935 2453 3170 2524 ἑκάτερα
3220 2454 3313 2506 καὶ
3348 2453 3440 2506 τὸν
3477 2450 3749 2522 ἡμέτερον

2172 2542 2557 2612 ἀντιταχθῆναι
2594 2542 2768 2610 λόγον.
2800 2543 3101 2611 Σαφηνείας
3124 2542 3181 2596 δὲ
3209 2543 3387 2613 χάριν,
3416 2541 3510 2594 καὶ
3540 2539 3636 2593 τοῦ
3674 2539 3746 2609 μὴ

2173 2632 2493 2704 διακοπῆναι
2514 2632 2604 2685 τὸν
2631 2635 2818 2704 εἱρμὸν
2840 2634 2947 2687 τῶν
2969 2634 3108 2689 κατά
3153 2635 3213 2687 τὸ
3260 2634 3435 2705 δόγμα
3477 2630 3747 2702 ζητουμέ-

2174 2741 2299 2788 νων,
2339 2726 2457 2787 ταῖς
2505 2724 2869 2795 παρενθήκαις
2908 2725 3015 2778 τῶν
3059 2726 3196 2796 πρὸς
3242 2725 3342 2788 τὰς
3394 2725 3534 2793 παρ’
3587 2720 3749 2775 αὑτοῦ

2166 2815 2421 2879 ’διαϐολὰς
2452 2815 2780 2885 λεγομένων,
2808 2818 3117 2885 ἀναγκαίως
3145 2819 3225 2881 είς
3239 2817 3331 2870 δύο
3357 2817 3629 2887 ταμόντες
3652 2814 3751 2881 τὴν

2177 2907 2557 2979 πραγματείαν
2584 2923 2599 2937 ’
2630 2909 2751 2961 κατ’
2794 2908 2966 2979 ἀρχὰς
2999 2910 3095 2979 μὲν
3140 2910 3267 2981 περ)⁵
3310 2910 3409 2979 τὴν
3454 2908 3752 2975 ἀπολογίαν

2178 2998 2285 3052 τῶν
2350 2998 2760 3070 ἐπιφερομένων
2783 3001 2913 3070 ἡμῖν
2952 3001 3350 3072 ἡσχολήθημεν,
3399 3000 3541 3071 μετά
3584 2998 3755 3053 ταῦτα

2180 3089 2235 3141 δὲ
2262 3091 2372 3153 τοῖς
2399 3090 2537 3144 κατά
2565 3088 2660 3142 τοῦ
2696 3090 2962 3160 δόγματος
2987 3093 3105 3162 είρη
3116 3092 3294 3161 μένοις
3318 3091 3459 3145 κατὰ
3490 3091 3555 3144 τὸ
3600 3091 3755 3144 δυνα-

2184 3181 2275 3234 τὸν
2298 3181 2729 3252 συνεπλάκημεν.
2761 3182 2912 3252 Ἔχει
2937 3182 2992 3235 δὲ
3011 3184 3038 3235 ὁ
3067 3183 3219 3250 λόγος
3237 3183 3295 3235 οὐ
3354 3182 3509 3254 μόνον
3539 3183 3761 3251 ἀνατρο-

2188 3270 2293 3342 πὴν
2321 3271 2430 3324 τῶν
2456 3271 2744 3343 αίρετικῶν
2773 3272 3107 3342 ὑπολήψεων,
3140 3274 3273 3327 ἀλλά
3296 3276 3388 3328 καὶ
3413 3272 3755 3327 διδασκαλίαν

2188 3363 2283 3415 καὶ
2317 3360 2530 3415 ἔκθεσιν
2558 3360 2667 3415 τῶν
2700 3362 2982 3434 ἡμετέρων
3007 3364 3307 3435 δογμάτων.
3358 3365 3599 3436 Αίσχρὸν
3649 3361 3754 3432 γὰρ

2189 3450 2327 3508 εἴναι
2383 3454 2474 3506 καὶ⁵
2541 3453 2882 3509 παντάπασιν
2945 3455 3166 3525 ἀγεννὲς
3221 3458 3601 3529 ὑπελάϐομεν,
3654 3455 3756 3509 τῶν

2187 3545 2395 3615 ἐχθρῶν
2416 3547 2515 3599 οὐκ
2540 3547 3020 3618 ὲπικρυπτομένων
3055 3548 3155 3621 τὴν
3196 3550 3445 3616 ἀτοπίαν,
3490 3551 3641 3622 ἡμᾶς
3687 3546 3760 3619 μὴ

2189 3636 2730 3708 ἐμπαρῤησιάζεσθαι
2757 3641 2819 3709 τῇ
2853 3638 3093 3711 ἀληθείᾳ.
