3920 6474
1564 427 1922 484 EPISTULA.

170 548 2100 585 .-Μ-*βψω

1011 715 1237 802 ΤΟΥ
1309 716 1753 805 ΠΕΤΡΟΥ
1828 720 2478 807 ΣΕΒΑΣΤΕΙΑΣ

1224 909 2247 1029 ΕΠΙΣΤΟΛΗ

645 1129 838 1185 ΠΡΟΣ
898 1132 1038 1187 ΊῸΝ-
1072 1130 1315 1186 APION.
1334 1130 1745 1185 ΓΡΗΓΟΡΙΟΝ
1768 1131 1865 1185 ΝΥ
1864 1133 2065 1187 ΣΣΗΣ-
2089 1134 2218 1187 ΤΟΥ
2245 1133 2469 1188 ΑΥῙῸΥ·
2492 1134 2839 1190 ΔΔΕΛΦΟΝ.

978 1451 1108 1539 S..
1181 1452 1611 1543 PETRI
1705 1457 2503 1549 SEBASTENI

1306 1669 2178 1789 EPISTULA

878 1888 974 1945 AD
1004 1890 1062 1948 S.
1096 1888 1529 1949 GREGORIUH
1560 1891 1973 1951 NYSSENUM
2003 1894 2352 1953 FRATREM
2379 1894 2604 1952 SUL'M.

1486 2032 1671 2084 Eodem
1703 2033 2002 2096 interprete.

1722 2204 1791 2219 ω
1812 2211 1817 2215 .

159 2357 227 2422 ἳῷ
267 2354 723 2431 θεοσεϐεστάτωῗ
743 2353 1003 2431 ἀδελφῷ
1031 2360 1356 2428 Γρηγορίῳ,
1388 2361 1606 2427 Πέτρος
1638 2359 1705 2411 ἐν
1734 2392 1737 2401 ι

1822 2357 2226 2431 Religiosissimo
2257 2360 2417 2429 fratr:
2464 2359 2735 2431 Gregorio,
2784 2358 2999 2427 Petrus,
3047 2362 3101 2415 in
3146 2359 3378 2417 Domino

674 2430 870 2495 Κυρίῳ
904 2430 1005 2497 χαί
1000 2445 1150 2497 patr.

218 2518 463 2589 Ἑντυχὼν
505 2521 627 2583 τοῖς
678 2519 967 2590 γράμμασι
1000 2521 1099 2591 τῆς
1136 2520 1412 2593 ὁσιότητός
1453 2538 1567 2585 σου,
1608 2521 1702 2575 καὶ

156 2608 454 2677 κατανοήσας
486 2609 551 2661 ὲν
582 2607 659 2677 τῷ
685 2608 825 2661 κατά
843 2610 941 2678 τῆς
962 2609 1224 2680 αἱρέσεως
1259 2608 1401 2681 λόγῳ
1429 2610 1519 2663 τὸν
1562 2608 1701 2680 ὑπὲρ

154 2698 230 2767 τῆς
250 2698 514 2770 ἀληθείας,
562 2699 663 2752 καὶ
708 2698 800 2753 τὸν
833 2699 971 2771 ὑπὲρ
1005 2698 1095 2752 τοῦ
1119 2700 1273 2767 ἁγίου
1308 2700 1516 2770 Πατρὸς
1544 2699 1701 2769 ἡμῶν

154 2789 318 2858 ζῆλονο
354 2790 414 2844 οὐ
445 2791 551 2861 τῆς
592 2789 693 2859 σῆς
734 2789 1017 2861 δυνάμεως
1056 2789 1215 2862 ἔργον
1260 2786 1397 2844 εἶναι
1433 2791 1525 2843 τὸν
1548 2790 1703 2857 λόγον

153 2882 322 2952 ᾠήθην,
342 2882 476 2936 ἀλλὰ
494 2881 598 2935 τοῦ
629 2880 733 2951 τὴν
753 2880 1008 2951 ἀλήθειαν
1029 2882 1085 2934 ὲν
1108 2884 1216 2944 τοῖς
1250 2881 1441 2935 ἑαυτοῦ
1471 2881 1702 2950 δόγμασι

156 2971 389 3025 λαλεῖσθαι
427 2971 913 3041 οἰκονομήσαντοςο
959 2970 1169 3041 Ὥσπερ
1218 2970 1275 3022 δὲ
1321 2971 1418 3040 τὴν
1448 2969 1587 3039 ὑπὲρ
1609 2970 1705 3038 τῆς

155 3063 372 3131 ἀληθείας
402 3062 742 3133 συνηγορίαν
762 3060 913 3131 αὑτῷ
931 3060 1008 3131 τῷ
1024 3060 1289 3131 πνεύματι
1319 3060 1415 3130 τῆς
1448 3059 1707 3130 ἀληθείας

154 3155 387 3209 ἀναθεῖναι
416 3155 610 3218 καλῶς
640 3154 784 3224 ἔχειν
812 3153 986 3225 φημὶ,
1027 3151 1168 3206 οὕτω
1197 3170 1283 3222 μοι
1313 3152 1458 3205 δοκεῖ
1484 3152 1592 3204 δεῖν
1612 3152 1705 3204 καὶ

263 3248 392 3303 κατὰ
426 3249 530 3319 τῆς
585 3245 933 3318 ὑγιαινούσης
975 3245 1208 3308 πίστεως
1249 3245 1479 3314 σπουδὴν
1509 3246 1607 3297 οὐκ
1628 3247 1708 3307 εἰς

155 3340 401 3411 Εὐνόμιον,
444 3339 587 3393 ἀλλ’.
614 3339 693 3401 είς
730 3338 890 3391 αὑτὸν
921 3336 1209 3408 ἀναφέρειν
1245 3336 1334 3390 τὸν
1359 3336 1575 3407 πατέρα
1612 3335 1705 3389 τοῦ

155 3432 363 3500 ψεύδους.
392 3433 507 3487 Καὶ
529 3432 708 3484 ἔοικεν
760 3432 793 3485 ὁ
845 3430 943 3485 ἀπ’
977 3428 1173 3497 ἀρχῆς
1198 3429 1705 3498 ἀνθρωποκτόνος,

156 3526 185 3576 ὸ
211 3527 261 3578 ὲν
298 3525 483 3596 ἐκείνῳ
548 3521 941 3594 φθεγξάμενος,
992 3522 1114 3576 καθ’
1163 3520 1354 3573 ἑαυτοῦ
1409 3519 1733 3583 σπουδαίως»

157 3617 444 3687 ἡκονηκέναι
485 3616 553 3669 τὸ
610 3616 782 3685 ξίφος.
838 3613 900 3665 Et
947 3612 1053 3684 γὰρ
1103 3611 1176 3683 μὴ
1227 3612 1432 3674 ἐκεῖνος
1459 3611 1710 3665 τοσοῦτον

2466 2436 2717 2486 salutem.

1876 2518 2012 2573 Cum
2048 2518 2304 2589 legissem
2358 2518 2571 2575 litteras
2601 2519 2911 2576 sanctitatis
2965 2527 3092 2587 tuae,
3139 2528 3193 2575 et
3223 2520 3381 2577 intel-

1808 2611 2061 2667 lcxissem
2107 2620 2260 2665 tuum
2292 2625 2391 2680 pro
2441 2609 2545 2666 ﬁde
2596 2610 2860 2667 adversus
2897 2611 3153 2678 baeresin,
3205 2621 3259 2667 et
3283 2628 3382 2683 pro

1809 2711 1999 2756 sancto
2022 2701 2180 2756 Patre
2212 2709 2401 2756 nostro
2430 2701 2721 2765 fervorem,
2752 2718 2862 2757 non
2909 2710 3129 2759 tuarum
3157 2705 3379 2771 virium,

1810 2793 1902 2848 sed
1944 2793 2084 2862 ejus,
2124 2794 2216 2863 qui
2249 2794 2530 2848 veritatem
2567 2794 2682 2849 suis
2706 2794 2761 2848 in
2788 2793 3056 2865 dogmatis
3090 2797 3236 2868 loqui
3267 2798 3384 2853 dis-

1810 2884 2012 2954 posuit,
2047 2883 2097 2937 ἰι1
2129 2899 2271 2953 opus
2297 2898 2421 2938 esse
2458 2883 2793 2940 existimavi.
2828 2884 3000 2941 Sicuti
3033 2896 3211 2943 autem
3239 2888 3383 2943 veri-

1813 2978 1938 3031 tatis
1992 2976 2353 3047 patrocinium
2416 2975 2484 3029 ad
2564 2975 2741 3045 ipsum
2800 2977 3055 3046 spiritum
3140 2979 3382 3035 veritatis

1812 3069 2017 3124 referre
2048 3068 2314 3124 addecet:
2359 3068 2454 3131 ita,
2495 3082 2579 3121 me
2606 3067 2812 3136 judice,
2844 3068 3124 3138 diligentia
3156 3070 3211 3124 in
3234 3079 3383 3124 recta

1816 3160 1917 3215 [ide
1951 3160 2335 3232 Oppugnanda,
2380 3176 2488 3215 non
2537 3159 2826 3227 Eunomio,
2861 3160 2956 3215 sed
3018 3161 3120 3231 ipsi
3164 3159 3387 3215 menda-

1814 3254 2020 3308 ciorum
2058 3256 2269 3322 parenti
2294 3263 2348 3308 et
2380 3254 2676 3309 architecto
2716 3252 2960 3308 adscribi
2986 3253 3171 3308 debet.
3202 3254 3281 3309 Ac
3305 3253 3389 3307 vi-

1814 3346 1974 3401 detur
2013 3344 2219 3400 ille~ab
2264 3346 2417 3400 initio
2463 3344 2728 3399 homicida
2758 3345 2798 3409 ‘,
2863 3345 2956 3415 qui
3014 3345 3070 3399 in
3119 3344 3387 3402 Eunomia

1814 3436 2032 3490 locutus
2063 3442 2165 3499 est,
2200 3443 2393 3490 contra
2424 3436 2664 3505 seipsum
2707 3443 2962 3490 accurate
2999 3435 3235 3506 gladium
3261 3450 3391 3491 exa-

1816 3530 1996 3582 cuisse
2023 3526 2150 3581 :nisi
2180 3527 2324 3581 enim
2353 3526 2442 3581 ille
2464 3533 2648 3581 tantos
2683 3526 2912 3596 spiritus
2949 3526 3212 3581 adversus
3248 3526 3389 3581 veri—

1816 3624 1977 3672 tatem
2008 3617 2351 3687 sumpsisset,
2394 3618 2577 3673 nullus
2616 3625 2668 3672 te
2717 3617 2784 3671 ad
2814 3618 3025 3687 piorum
3073 3616 3388 3687 dogmatum

160 3710 271 3763 κατὰ
287 3710 375 3781 τῆς
404 3707 673 3780 ἀληθείας
724 3704 1161 3776 ἀπεθρασύνετο,
1196 3704 1368 3766 οὐδεὶς
1401 3703 1465 3757 ἄν
1496 3720 1553 3755 σε
1578 3702 1713 3773 πρὸς

1822 3707 2299 3777 prepugnationem
2346 3708 2728 3777 permovisset.
2766 3706 2870 3772 Qui
2924 3708 3087 3777 igitur
3127 3708 3387 3777 sapientes

164 3800 454 3871 συνηγορίαν
505 3796 623 3851 τῶν
666 3797 767 3869 τῆς
808 3794 1111 3858 εὐσεϐείας
1136 3793 1417 3864 δογμάτων
1445 3792 1710 3863 ἐκίνησεν.

168 3888 212 3941 '0
230 3886 328 3945 οὖν
346 3890 767 3960 δρασσόμενος
790 3887 932 3953 τοὺς
955 3885 1183 3955 σοφοὺς
1202 3885 1271 3939 ἐν
1289 3883 1363 3953 τῇ
1383 3886 1712 3954 πανουργίᾳ

162 3981 344 4044 αὐτῶν,
389 3983 599 4036 ἔδωκεν
634 3980 838 4042 αὐτοῖς.
869 3978 944 4041 ὠς
974 3977 1041 4031 ἂν
1074 3977 1306 4048 μάλιστα
1345 3977 1406 4030 τὸ
1431 3977 1628 4048 σαθρόν
1656 3995 1713 4030 τε

162 4074 237 4125 καὶ
259 4074 555 4126 ἀσύστατον
588 4070 695 4124 τῶν
719 4069 1003 4139 δογμάτων
1031 4069 1209 4121 αὐτῶν
1238 4068 1589 4139 διελεγχθείη,
1622 4070 1715 4122 καὶ

164 4162 433 4233 φράξασθαι
459 4162 611 4216 κατὰ
627 4162 723 4231 τῆς
745 4159 1022 4230 ἀληθείας,
1058 4160 1150 4213 καὶ
1171 4159 1239 4213 ’τὰ
1269 4158 1398 4213 κενά
1424 4158 1719 4233 μελετῆσαι

163 4255 235 4309 διὰ
252 4258 336 4326 τῆς
364 4257 530 4327 κενῆς
553 4255 756 4325 ταύτης
777 4253 1164 4324 λογογραφίας.

228 4345 425 4415 Ἐπειδὴ
447 4346 633 4397 τοίνυν
663 4345 691 4395 ὁ
721 4340 1087 4411 ἐναρξάμενος
1116 4341 1273 4410 ἔργον
1307 4338 1507 4407 ἀγαθὸν
1532 4339 1714 4391 ἐπιτε-

163 4434 299 4500 λέσει,
354 4436 449 4489 xui.
492 4433 577 4507 μὴ
607 4431 898 4504 ἀποκάμῃς
930 4430 1216 4501 ὑπηρετῶν
1258 4432 1323 4500 τῇ
1357 4428 1580 4499 δυνάμει
1620 4427 1713 4480 τοῦ

165 4527 455 4597 πνεύματος,
494 4525 634 4597 μηδὲ
658 4524 885 4595 ἡμιτελῆ
922 4523 1153 4595 ποιήσῃς
1177 4522 1275 4591 τὴν
1299 4522 1579 4592 ἀριστείαν
1609 4521 1717 4574 τῶν

166 4618 283 4672 κατά
317 4620 411 4689 τῆς
451 4616 620 4687 δόξης
654 4614 749 4668 τοῦ
782 4611 1021 4685 Χριστοῦ
1066 4611 1527 4681 στρατευομένων,
1568 4611 1716 4681 ,ἀλλά

170 4709 370 4781 μίμησαι
386 4710 480 4763 τὸν
508 4707 732 4780 γνήσιόν
765 4723 859 4759 σου
900 4704 1133 4774 πατέρα,
1160 4703 1216 4767 ὃς
1249 4703 1390 4757 κατά
1422 4703 1512 4757 τὸν
1540 4700 1714 4773 ζηλωο

167 4801 244 4869 τὴν
278 4802 456 4865 Φινεὲς
503 4799 712 4870 τῇημιᾷ
736 4798 916 4868 πληγῇ
956 4794 1050 4849 τοῦ
1084 4794 1305 4865 ἐλέγχου
1338 4795 1428 4848 τὸν
1469 4794 1716 4866 μαθητὴν

169 4891 227 4961 τῷ
252 4892 548 4963 διδασκάλῳ
578 4889 1046 4959 συναπεκέντησεν
1063 4904 1077 4918 ο
1112 4886 1253 4940 οὕτω
1278 4887 1371 4941 καὶ
1396 4888 1460 4941 σὺ
1489 4886 1717 4950 εὐτόνως

169 4982 220 5049 τῇ
248 4982 376 5053 χειρὶ
402 4981 498 5035 τοῦ
526 4980 687 5048 λόγου
724 4977 792 5031 δι’
826 4975 1151 5048 ἀμφοτέρων
1178 4976 1286 5029 τῶν
1305 4974 1596 5049 αἱρετικῶν
1629 4974 1715 5046 βι-

491 5069 713 5143 ιτὴντοῦ
744 5047 1050 5139 πνεθματος
1075 5047 1377 5139 μάχαιρανέ
1400 5068 1585 5138 ἵναμὴ
1611 5068 1709 5137 τὴν
1743 5047 1785 5105 C

173 5163 373 5235 κεφαλὴν
398 5160 862 5233 συντεθλασμένος
882 5162 912 5214 ὁ
933 5160 1056 5230 ὄφις
1084 5159 1223 5214 κατά
1245 5160 1344 5231 τὴν
1366 5159 1539 5230 οὐρὰν
1559 5176 1713 5229 περι-

175 5254 382 5323 σπαίρων
410 5255 541 5318 τοὺς
569 5251 990 5323 ἀκεραιοτέρους
1013 5251 1172 5322 φοϐῇ.
1199 5251 1318 5304 Τῶν
1352 5251 1461 5321 γὰρ
1484 5250 1715 5322 πρώτων

174 5339 244 5393 τσῦ
262 5341 408 5410 λόγου
454 5342 867 5413 ἀναιρεθέντων,
906 5343 1001 5395 ὲάν
1030 5341 1091 5395 τὸ
1132 5341 1433 5395 τελευταῖον
1460 5341 1711 5408 ἀνεξέτα-

178 5449 272 5487 στον
290 5437 482 5509 ἀφεθῇ,
510 5437 663 5509 ίσχύν
689 5453 811 5489 τινα
834 5434 972 5489 κατὰ
992 5434 1092 5505 τῆς
1113 5432 1367 5503 ἀληθείας
1392 5432 1535 5502 ἔχειν
1562 5433 1711 5504 παρά

176 5526 261 5589 τοῖς
281 5528 483 5592 πολλοῖς
502 5527 909 5599 νομισθήσεται.

239 5700 288 5754 '0
312 5702 363 5756 δὲ
386 5707 782 5777 ὲμςραινόμενος
812 5704 887 5775 τῷ
913 5704 1053 5773 λόγῳ
1087 5704 1253 5774 Θυμδς
1282 5704 1377 5774 τὴν
1408 5704 1498 5760 τοῦ
1524 5707 1716 5771 ἆλατος

1817 3798 1993 3851 in.sua
2024 3797 2224 3850 astutia
2256 3796 2665 3865 deprehendit’,
2715 3796 2866 3852 dedit
2919 3798 3028 3851 illis
3075 3799 3223 3868 (licet
3273 3814 3391 3852 ma-

1816 3888 1957 3942 xime
2005 3885 2313 3950 inﬁrmitas,
2370 3894 2426 3942 et
2470 3886 2839 3942 inconstantia
2876 3887 3216 3958 dogmatum,
3269 3902 3391 3957 qua

1815 3978 2511 4049 mentunredargneretur)
2539 3986 2596 4034 et
2628 3986 2823 4035 contra
2858 3980 3144 4033 veritatem
3164 3980 3386 4045 armari,

1814 4078 1869 4125 et
1916 4085 2012 4140 per
2062 4071 2281 4124 inanem
2332 4071 2521 4137 istam,
2578 4072 2977 4142 verbosamque
3034 4070 3388 4141 scriptioncm

1816 4162 1997 4218 inania
2024 4161 2296 4218 meditari.

1884 4342 2173 4403 Caeterum,
2204 4356 2328 4395 cum
2364 4356 2461 4410 par
2514 4341 2608 4409 sit,
2646 4349 2704 4395 ut
2739 4356 2832 4411 qm
2866 4340 3067 4396 bonum
3098 4354 3239 4412 opus
3274 4353 3390 4395 cm-

1816 4432 1915 4503 pit,
1947 4432 1998 4486 id
2024 4424 2288 4502 perﬁciat,
2316 4440 2550 4502 oportet,
2595 4439 2653 4485 ut
2677 4432 2864 4487 virtuti
2892 4432 3117 4502 Spiritus
3137 4432 3392 4487 alacriter

1817 4526 2151 4591 subservias;
2192 4539 2369 4594 neque
2426 4523 2743 4594 imperfecte
2776 4524 3147 4579 etdimidiate
3174 4532 3388 4578 tantum

1816 4630 2037 4679 eorum,
2071 4617 2164 4684 qui
2204 4624 2395 4668 contra
2436 4613 2642 4670 Christi
2693 4614 2925 4685 gloriam
2973 4613 3233 4677 militant,
3270 4612 3391 4681 jac-

1818 4704 2043 4757 tantiam
2088 4710 2141 4758 et
2197 4702 2546 4758 insolentiam
2586 4702 2881 4758 refutatam
2938 4700 3250 4777 relinquas;
3295 4700 3390 4757 sed

1819 4795 2031 4849 imitare
2065 4794 2360 4865 genuinum
2388 4802 2541 4848 tuum
2582 4802 2814 4864 patrem,
2851 4794 2943 4864 qui
2977 4808 3127 4849 more
3168 4791 3394 4847 annula-

1818 4886 1955 4941 toris
1985 4884 2238 4951 Phinees,
2280 4900 2388 4939 una
2419 4884 2824 4956 redargutionis
2854 4885 3009 4954 plaga
3055 4881 3388 4951 discipulum

1817 4978 1979 5034 simul
2033 4992 2159 5032 cum
2208 4978 2470 5048 magistro
2507 4975 2802 5031 transfodit
2850 4975 2910 5039 ³;
2950 4975 3025 5028 ita
3058 4980 3114 5028 et
3157 4980 3215 5025 tu
3272 4970 3387 5023 for-

1819 5072 1965 5134 titer,
2006 5070 2161 5140 quasi
2192 5071 2455 5125 orationis
2500 5084 2683 5132 manu,
2715 5082 2811 5138 per
2855 5074 3147 5134 utrumque
3176 5061 3391 5117 barreti-

1822 5178 1948 5218 cum
1980 5162 2199 5227 librum,
2232 5162 2468 5232 gladium
2504 5160 2730 5231 spiritus
2774 5157 3120 5228 transadige;
3172 5170 3240 5211 nc
3273 5168 3392 5209 ser-

1821 5271 1954 5327 pens
1986 5255 2162 5325 capite
2200 5254 2311 5324 jam
2348 5260 2602 5315 contuso,
2656 5250 2828 5306 cauda
2872 5248 3049 5303 adhuc
3094 5244 3387 5316 palpitans,

1820 5346 2185 5417 imperitiores
2212 5343 2539 5398 terrefaciat.
2569 5342 2703 5397 Nam
2720 5354 2843 5395 cum
2864 5340 3034 5409 prima
3052 5351 3177 5407 pars
3197 5336 3387 5404 dispu-

1819 5437 2041 5491 tationis
2077 5434 2426 5490 Eunomianaa
2475 5432 2710 5489 refutata
2738 5430 2830 5495 sit,
2866 5430 2911 5485 si
2948 5427 3218 5498 posterior
3246 5426 3390 5480 inta-

1819 5536 1905 5581 cta
1938 5534 2245 5590 remaneat,
2281 5541 2387 5579 non
2411 5523 2663 5586 deerunt,
2695 5520 2787 5591 qui
2817 5519 2864 5574 ei
2892 5518 3155 5573 adversus
3187 5516 3389 5572 verita-

1824 5626 1929 5670 tem
1961 5616 2163 5685 aliquid
2190 5615 2387 5670 virium
2412 5615 2593 5669 inesse
2627 5611 2999 5680 suspicentur.

1895 5707 2064 5762 Porro
2117 5707 2240 5763 bilis
2274 5716 2326 5763 et
2356 5701 2914 5762 acrimoniaorationi
2955 5701 3243 5769 inspersa,.
3266 5696 3389 5753 salis

236 5840 556 5919 ‘Joanwm,
583 5842 674 5902 Η.
750 5846 769 5876 ²
797 5839 903 5899 Job
937 5861 989 5908 γ,
1030 5843 1166 5913 15ςί
1198 5845 1323 5900 Cor.
1357 5862 1438 5915 nt,
1472 5846 1553 5901 l9.
1626 5848 1644 5877 ³
1684 5846 1841 5904 Num.
1878 5864 2013 5913 xxv,
2050 5847 2067 5901 ι
2106 5863 2224 5919 sqq.
