3920 6480
216 384 298 447 Ξίθ

1329 382 1610 445 CONTRA
1669 382 2058 455 EUNOMIUM,
2098 385 2225 444 LIB.-
2266 389 2307 444 1.

3320 394 3427 451 πθ

267 504 430 560 Ταῦτα
465 506 521 559 δέ
566 522 657 575 μοι
699 506 877 575 λέγειν
904 502 1157 576 ἐπῆλθεν,
1190 505 1546 575 ἐνθυμηθέντι
1574 504 1664 556 τόν
1689 520 1746 555 τε

1926 501 2049 558 Haec
2070 505 2195 560 mihi
2212 503 2452 560 dicerein
2473 514 2699 560 mentem
2719 507 2861 562 venit
2877 508 3126 581 cogitanti
3150 510 3316 572 illum,
3332 510 3423 578 qui

213 599 346 648 πᾶσιν
372 596 593 661 ἀφειδῶς
626 594 984 648 κοινωνοῦντα
1015 595 1121 647 τῶν
1147 593 1291 646 ίδίων
1314 594 1515 653 καλῶν,
1537 594 1628 645 τὸν
1657 592 1750 644 τοῦ

210 685 317 740 Θεοῦ
334 686 613 755 ἄνθρωπον
643 687 803 753 λέγω,
846 686 908 739 τὸ
945 685 1044 755 τῆς
1076 684 1352 747 εὐσεϐείας
1382 685 1555 754 στόμα
1590 682 1752 735 Βασί-

208 780 339 841 λειον,
367 778 452 830 τὸν
490 779 546 829 ἐν
576 780 642 848 τῇ
674 779 963 848 περιουσίᾳ
1000 778 1109 829 τῶν
1138 776 1523 846 πνευματικῶν
1556 775 1751 844 θησαυ-

208 869 311 941 ρῶν,
360 870 447 921 καὶ
488 871 567 931 εἰς
622 871 983 939 κακοτέχνους
1025 868 1202 937 ψυχὰς
1246 864 1612 932 ἀνεξετάστως
1652 868 1750 936 τὴν

205 961 331 1030 χάριν
348 960 439 1028 τῆς
478 961 668 1028 σοσίας
708 963 989 1031 ἐκχέοντα,
1038 962 1129 1013 καὶ
1167 960 1256 1013 τὸν
1289 960 1580 1030 ἀγνώμονα
1612 958 1749 1027 πρὸς

204 1050 303 1112 τοὺς
328 1049 517 1117 ἀγαθόν
545 1067 600 1103 τι
639 1056 814 1104 ποιεῖν
840 1052 1001 1104 αὐτὸν
1040 1052 1440 1114 ἐσπουδακότας
1465 1051 1745 1119 Εὐνόμιον.

203 1139 338 1205 Οὗτος
364 1143 465 1211 γὰρ
502 1141 581 1211 τῷ
627 1142 1021 1213 ὑπερϐάλλοντι
1059 1145 1158 1213 τῆς
1182 1144 1321 1196 κατά
1364 1143 1535 1213 ψυχὴν
1568 1145 1746 1214 ἀρῤω-

206 1234 339 1294 πίας.
394 1235 452 1302 ἢν
504 1236 634 1303 περὶ
669 1236 766 1305 τὴν
815 1236 995 1288 πίστιν
1026 1235 1343 1305 ἠσθένησεν,
1381 1235 1610 1296 ἐλεεινδς
1648 1233 1746 1302 μὲν

203 1324 366 1375 ἅπασιν
414 1323 554 1388 ἔδοξε
608 1327 723 1385 τοῖς
778 1326 882 1394 τῆς
920 1325 1246 1395 Ἐκκλησίας
1312 1324 1617 1395 μετέχουσι.
1650 1323 1747 1385 Τίς

201 1415 284 1483 γὰρ
306 1414 457 1477 οὕτως
489 1416 843 1486 ἀσυμπαθὴς,
879 1418 953 1480 ὡς
980 1417 1053 1487 μὴ
1083 1417 1373 1487 οἰκτείρειν
1404 1416 1493 1468 τὸν
1515 1414 1745 1468 ἀπολλύ-

202 1524 356 1576 μενον;
417 1508 653 1560 Ἐκεῖνον
714 1508 771 1560 δὲ
804 1510 964 1577 μόνον
994 1509 1126 1580 πρὸς
1172 1490 1269 1578 την
1297 1510 1610 1578 ἐγχείρησιν
1644 1508 1755 1573 τῆς·

200 1598 449 1668 Θεραπείας
474 1599 697 1670 ἐκίνησε
740 1600 831 1652 τὸν
874 1601 1032 1670 μόνον
1062 1603 1117 1652 ἐν
1153 1600 1230 1670 τῷ
1260 1599 1625 1668 περιττεύοντι
1645 1599 1743 1668 τῆς

200 1691 582 1760 φιλανθρωπίας,
631 1693 727 1745 καλ⁸
775 1694 886 1756 τοῖς
916 1693 1225 1763 ἀμηχάνοις
1261 1691 1567 1761 ἐπιτολμῶν
1606 1691 1742 1761 πρὸς

200 1783 331 1841 ίασιν,
359 1782 412 1844 ὃς
432 1785 494 1851 τῇ
520 1782 770 1853 ἀπωλείᾳ
795 1784 888 1837 τοῦ
905 1783 1096 1855 ἀνδρὸς
1117 1784 1512 1855 περιαλγήσας,
1536 1782 1619 1835 διὰ
1642 1782 1743 1854 τὴν

1859 593 2011 649 bona
2029 611 2128 651 sua
2171 612 2295 651 cum
2336 596 2591 651 omnibus
2629 596 2923 651 liberaliter
2964 601 3423 668 communicabat,

1852 684 2118 751 divinum,
2156 686 2402 756 inquam,
2440 686 2734 751 hominem,
2761 686 3195 759 etilludpietatis
3228 708 3292 748 os
3319 692 3426 747 Ba-

1850 775 2063 830 silium:
2098 778 2190 846 qui
2219 792 2316 847 pro
2354 792 2439 839 ea,
2472 792 2577 846 qua
2615 777 3025 833 circumfluebat
3060 782 3425 851 spiritualium

1849 866 2232 919 thesaurorum
2259 866 2610 930 abundantia,
2636 868 2690 921 in
2726 868 2917 923 lividas
2943 886 3157 940 quoque
3190 873 3423 941 animas,

1850 958 2177 1025 promiscue,
2202 963 2428 1027 gratiam
2464 959 2744 1029 sapientiae
2774 960 3106 1025 effundebat,
3131 963 3425 1033 ingratum-

1848 1060 1953 1113 que
1994 1061 2122 1115 erga
2177 1046 2315 1101 bene
2364 1047 2431 1101 de
2492 1062 2549 1101 se
2603 1057 2871 1103 merentes
2924 1048 3270 1104 Eunomium.
3326 1053 3424 1109 Hie

1846 1152 2081 1206 namque
2120 1137 2464 1192 vehementia
2501 1137 2851 1203 inﬁrmitatis,
2884 1154 2989 1209 qua
3020 1142 3073 1193 in
3122 1141 3223 1197 fide
3274 1144 3424 1198 labo-

1847 1231 2019 1292 rabat,
2070 1230 2323 1283 omnibus
2375 1230 2702 1285 miserabilis
2743 1231 3048 1287 videbatur.
3100 1232 3234 1299 Quis
3277 1236 3424 1290 enim

1845 1322 1980 1375 adeo
2013 1337 2227 1375 omnem
2256 1322 2505 1375 affectum
2528 1323 2789 1383 exuisset,
2819 1323 2909 1392 qui
2940 1340 3046 1377 non
3077 1326 3426 1380 misereretur

1845 1412 2163 1480 pereuntis?
2207 1411 2468 1465 Basilium
2514 1413 2698 1467 itidem
2757 1414 2871 1467 sola
2927 1415 3306 1471 misericordia
3358 1417 3424 1471 ad

1846 1503 2119 1556 ferendam
2170 1519 2324 1571 opem
2356 1504 2804 1572 curationemque
2854 1506 3269 1574 aggrediendam
3322 1508 3427 1562 im-

1843 1597 2001 1665 pulit,
2047 1597 2137 1665 qui
2185 1612 2247 1650 ex
2303 1596 2633 1651 abundantia
2699 1598 3074 1663 humanitatis,
3125 1601 3425 1669 quamlibet

1842 1690 2145 1759 desperatis
2170 1690 2406 1743 medicas
2431 1704 2623 1743 manus
2654 1689 2941 1745 admovere
2966 1692 3099 1744 nihil
3129 1692 3420 1757 dubitavit,

1841 1782 2043 1851 quique
2087 1782 2309 1835 interitu
2356 1782 2458 1835 viri
2505 1781 2715 1844 dolens,
2759 1781 2830 1835 ob
2878 1782 3096 1835 insitam
3144 1798 3173 1837 a
3225 1793 3422 1839 natura

200 1870 393 1936 φυσικὴν
446 1869 613 1921 αὐτοῦ
665 1870 802 1941 πρὸς
852 1871 977 1934 τοὺς
1011 1872 1489 1943 ταλαιπωρούντας
1530 1873 1743 1941 συμπά-

1848 1888 1970 1942 erga
2006 1872 2357 1928 calamitosos
2407 1872 2703 1927 miserandi
2745 1874 3182 1942 propensionem,
3217 1876 3423 1929 oratio-

198 1959 334 2021 θειαν,
362 1953 466 2012 οἶόν
494 1978 547 2013 τι
583 1962 840 2032 πονηρῶν
892 1962 1236 2033 δηλητηρίων
1280 1962 1743 2034 ἀλεξιφάρμακον,

197 2049 267 2102 τὸν
289 2052 669 2120 ἀνατρεπτικόν
694 2052 792 2121 τῆς
808 2052 1069 2123 αἱρέσεως
1092 2053 1246 2121 λόγον
1272 2054 1514 2124 ἐποίησε,
1548 2053 1761 2106 σκοπὸν

197 2140 305 2206 ἔχων
339 2140 611 2194 ἀνασῶσαι
636 2142 797 2196 πάλιν
832 2142 922 2196 διὰ
944 2143 1147 2196 τούτων
1174 2144 1267 2196 καὶ
1297 2144 1747 2214 ἀποκαταστῆσαι

197 2234 245 2301 τῇ
301 2232 581 2304 Ἐκκλησία
627 2234 722 2286 τὸν
785 2235 1089 2305 ἄνθρωπον.

248 2321 306 2375 ’0
334 2324 384 2375 δὲ
421 2324 679 2395 καθάπερ
727 2326 830 2378 ὑπὸ
872 2326 1171 2397 φρενίτιδος
1215 2326 1601 2396 παραπληγεὶς
1649 2329 1751 2400 τὴν

197 2412 411 2478 δῖὲνοιαν,
440 2417 738 2469 ἀντιτείνει
759 2416 835 2487 τῷ
858 2416 1232 2488 θεραπεύοντι,
1257 2420 1352 2472 καὶ
1384 2419 1628 2491 πολεμεῖ,
1653 2423 1747 2474 καὶ

200 2504 408 2573 μάχεται,
430 2508 522 2559 καὶ
542 2507 742 2578 ἐχθρὸν
768 2507 976 2578 νομίζει
1017 2510 1107 2563 τὸν
1134 2511 1197 2562 ἐκ
1223 2510 1316 2563 τοῦ
1347 2510 1619 2582 βαράθρου
1648 2514 1747 2582 τῆς

197 2596 408 2659 ἀσεϐείας
431 2599 726 2652 ἀναλαὸεῖν
758 2600 1096 2672 βιαζόμενον.
1116 2602 1225 2655 Καὶ
1246 2602 1421 2656 ταῦτα
1442 2604 1539 2674 οὐχ
1561 2604 1753 2668 ἁπλῶς

196 2691 357 2743 οὑτωσὶ
382 2692 517 2743 κατὰ
540 2692 605 2744 τὸ
630 2710 694 2744 συ
704 2692 845 2761 μϐὰν
874 2694 965 2746 ἐπὶ
998 2694 1103 2747 τῶν
1128 2696 1541 2767 προστυχόντων
1563 2714 1746 2769 παρα-

196 2780 342 2849 ληρεῖ·
360 2780 467 2832 ἀλλ’
494 2782 777 2851 ἔγγραᾳον
816 2783 1018 2855 στήλην
1040 2784 1137 2854 τῆς
1162 2785 1514 2855 μελαγχολίας
1543 2789 1751 2858 ταύτης

196 2873 289 2924 καθ’
302 2874 479 2927 ἑαυτοῦ
496 2876 860 2943 ἀνεστήσατο·
875 2877 969 2928 καὶ
985 2878 1042 2929 ἐν
1060 2876 1254 2948 μακρῷ
1269 2878 1346 2947 τῷ
1364 2879 1536 2950 χρόνῳ
1553 2880 1747 2950 σχολῆς

194 2962 421 3032 ἐπιτυχὼν
455 2966 668 3033 ὁπόσης
691 2964 962 3030 ἐϐούλετο,
984 2967 1123 3037 ὑπὲρ
1150 2968 1217 3021 τὰ
1239 2970 1448 3038 μεγάλα
1470 2971 1563 3023 καὶ
1584 2971 1748 3024 πολύ-

196 3070 343 3123 σαρκα
363 3055 462 3107 τῶν
497 3053 709 3125 θηρίων
738 3054 892 3108 ὥδινε
924 3056 1079 3124 λόγον
1111 3059 1167 3109 ἐν
1193 3060 1354 3111 παντὶ
1375 3059 1553 3129 τῷδιά
1581 3062 1745 3131 μέσου

194 3146 354 3214 χρόνῳ·
387 3148 477 3199 καὶ
500 3147 677 3217 βαρὺς
702 3144 769 3215 ἦν
795 3151 915 3211 ταῖς
938 3150 1207 3213 ἀπειλαῖς,
1235 3152 1291 3203 ἐν
1314 3151 1641 3224 ἀπορρήτοις
1663 3154 1745 3209 ἔτι

192 3237 499 3295 διαπλάσσων
521 3240 589 3294 τδ
620 3241 805 3312 κύημα
835 3259 848 3272 ·
876 3242 971 3311 ἀψὲ
992 3242 1047 3295 δέ
1074 3260 1201 3296 ποτε
1225 3244 1318 3297 καὶ
1342 3244 1499 3315 μόγις
1521 3248 1600 3311 εἰς
1628 3248 1749 3319 φῶς

194 3332 467 3401 προήγαγεν
488 3332 892 3404 ἀμϐλωθρίδιόν
927 3350 1001 3398 τι,
1040 3335 1133 3388 καὶ
1157 3336 1586 3409 ἀτελεσφόρητον
1616 3342 1751 3407 γέν-η

194 3441 331 3493 νημα,
370 3425 397 3477 ὃ
438 3426 644 3488 πάντες
684 3425 781 3495 μὲν
832 3427 881 3478 οί
913 3428 1011 3496 τῆς
1053 3426 1223 3497 αὐτῆς
1268 3433 1744 3501 συμμετασχόντες

192 3514 417 3587 διαφορᾶς
464 3515 835 3586 τιθηνοῦνται,
882 3516 975 3569 καὶ
1019 3516 1313 3571 θάλπουσιν
1336 3534 1349 3547 ·
1385 3522 1544 3591 ἡμεῖς
1571 3522 1625 3575 δὲ
1656 3523 1742 3577 διὰ

195 3604 265 3657 τὸν
283 3606 339 3659 ἐκ
361 3607 451 3677 τῆς
473 3608 818 3677 προφητείας
851 3608 1231 3677 μακαρισμόν·
1264 3609 1564 3678 Μακάριος
1602 3612 1739 3683 γὰρ,

196 3699 346 3766 φησὶν,
367 3698 431 3765 ὃς
457 3698 768 3767 κρατήσει,
798 3699 892 3751 καί
911 3698 1145 3767 ἐδσφιεῒ
1166 3699 1237 3753 τὰ
1263 3699 1447 3765 νήπιά
1468 3717 1582 3756 σου
1595 3706 1743 3772 πρὸς

193 3788 287 3855 τὴν
309 3790 524 3857 πέτραν
548 3807 565 3822 ·
596 3789 783 3859 ἐπειδὴ
816 3790 909 3843 καὶ
939 3792 1019 3853 εἰς
1058 3791 1339 3861 ἡμετέρας
1370 3792 1595 3859 ἀφίκετο
1634 3798 1742 3865 χεῖ-

199 3896 293 3948 ρας,
312 3882 575 3953 κρατῆσαι
624 3880 685 3933 τὸ
722 3882 917 3951 νήπιον
951 3880 1109 3934 τοῦτο
1153 3882 1331 3949 λόγιον
1366 3884 1457 3936 καὶ
1492 3885 1740 3952 ἐδαφίσαι

196 3972 309 4043 πρὸς
342 3972 433 4043 τὴν
460 3973 692 4042 πέτραν,
732 3972 805 4035 ὡς
834 3973 893 4025 ἓν
923 3989 973 4025 τι
1002 3972 1109 4025 τῶν
1148 3972 1501 4026 Βαϐυλωνίων
1536 3976 1740 4030 τέκνων

196 4065 623 4135 προεθυμήθημεν
644 4081 657 4093 ·
700 4063 845 4119 Ἡδὲ
880 4064 1063 4132 πέτρα
1098 4061 1177 4133 ἦν
1211 4068 1243 4118 ό
1268 4068 1550 4133 Χριστός·
1584 4084 1738 4121 τουτ-

195 4151 306 4211 (att.
329 4154 420 4224 τῆς
440 4154 705 4223 ἀληθείας
754 4157 783 4207 ὁ
823 4155 979 4221 λόγος
1006 4171 1016 4182 ·
1058 4155 1214 4225 μόνον
1248 4156 1387 4208 ἔλθοι
1417 4158 1499 4225 ἐφ’
1531 4160 1675 4228 ἡμᾶς
1707 4162 1738 4231 ή

196 4244 243 4296 τὸ
268 4247 473 4309 ἀσθενὲς
505 4247 830 4315 ἐνισχύουσα
857 4246 1081 4317 δύναμις
1110 4247 1196 4300 διὰ
1235 4247 1341 4300 τῶν
1365 4249 1540 4319 εύχῶν
1566 4250 1658 4305 τοῦ
1684 4252 1742 4305 ἐν

196 4335 414 4409 ἀσθενείᾳ
458 4338 557 4391 τοῦ
605 4336 857 4408 σώματος
900 4338 998 4408 τὴν
1045 4338 1271 4409 δύναμιν
1299 4336 1491 4392 ἑαυτοῦ
1525 4342 1743 4394 τελειώ-

197 4442 375 4491 σαντος.

1769 3206 1817 3269 C

1846 1979 1969 2018 nem
2003 1965 2275 2019 ha3reseos
2308 1962 2701 2026 refutatricem,
2725 1978 2824 2017 ccu
2847 1964 3232 2019 veneﬁciorum
3272 1968 3419 2020 anti-

1845 2055 2051 2119 (totum,
2091 2070 2441 2124 prmsensque
2471 2054 2766 2107 remedium
2808 2054 3131 2118 elaboravit,
3173 2071 3281 2110 non
3314 2058 3422 2110 alio

1847 2146 1972 2209 fine,
1998 2160 2160 2215 quam
2221 2154 2278 2199 ut
2326 2145 2598 2199 hominem
2650 2151 2869 2199 sanaret
2922 2155 3279 2217 sanatumque
3322 2146 3422 2203 Ec-

1847 2238 2028 2292 clesim
2058 2239 2393 2291 restitueret.

1919 2331 2018 2384 Ast
2062 2329 2152 2384 ille
2179 2329 2449 2392 similiter,
2479 2342 2542 2382 ac
2575 2328 2621 2382 si
2653 2328 2906 2400 phrenesi
2942 2336 3226 2400 correptus
3255 2339 3419 2394 esset,

1850 2420 1901 2473 in
1926 2420 2193 2475 medicum
2219 2421 2473 2490 insurgit,
2502 2421 2669 2488 eique
2685 2422 3015 2486 obluctatur,
3043 2429 3097 2477 et
3128 2430 3415 2493 repugnat,

1847 2520 1900 2564 et
1917 2511 2094 2567 hostis
2116 2511 2239 2565 loco
2261 2511 2442 2575 habet,
2461 2511 2550 2581 qui
2572 2512 2722 2565 illum
2743 2527 2809 2567 ex
2837 2512 3132 2582 impietatis
3163 2513 3425 2568 barathro

1847 2600 2057 2669 eripere
2078 2600 2400 2663 conabatur,
2424 2601 2555 2654 etin
2587 2600 2670 2655 his
2702 2617 2808 2655 non
2838 2603 3348 2672 quomodoeunque,
3369 2612 3424 2659 et

1848 2700 1909 2747 ut
1935 2708 2055 2746 sors
2077 2706 2347 2761 casusque
2375 2691 2573 2755 ferunt,
2602 2692 2795 2745 delirat
2822 2709 2885 2747 ac
2912 2694 3128 2763 desipit,
3162 2696 3256 2749 sed
3278 2696 3423 2750 litte-

1847 2799 2031 2839 rarum
2074 2787 2446 2838 monumentis
2486 2786 2863 2852 consignatum
2907 2785 3061 2853 quasi
3106 2786 3421 2839 columnam

1850 2876 2077 2931 insania:
2116 2890 2229 2930 sua:
2254 2875 2466 2938 erexit,
2508 2882 2562 2928 et
2596 2877 2765 2929 multo
2793 2882 3035 2945 tempore
3069 2876 3165 2930 otii
3198 2883 3421 2929 tantum

1850 2977 2109 3039 quantum
2128 2968 2400 3037 cupiebat,
2418 2975 2632 3029 nactus.
2646 2968 2900 3037 parturiit
2916 2975 3030 3023 toto
3049 2968 3141 3021 illo
3157 2968 3421 3038 temporis

1852 3061 2132 3115 intervallo
2155 3060 2373 3124 librum,
2407 3060 2613 3115 diutius
2640 3060 2890 3115 videlicet
2911 3074 3073 3129 quam
3107 3060 3421 3127 elephantes

1851 3150 2075 3203 immani
2111 3151 2358 3221 corporis
2390 3150 2530 3205 mole
2558 3150 2801 3203 animant
2844 3165 2974 3206 suos
3004 3149 3181 3217 fetus;
3215 3151 3422 3206 interea

1846 3243 2023 3295 minas
2047 3240 2729 3311 jactitabat,privatimque
2750 3240 2918 3295 fetum
2946 3256 3103 3296 suum
3134 3240 3337 3312 ﬁngere
3366 3249 3423 3295 et

1846 3332 2085 3387 lambere
2100 3347 2209 3385 non
2230 3332 2529 3386 desistebat
2552 3348 2567 3385 τ
2588 3342 2842 3386 czeterum
2863 3346 3008 3393 sero,
3025 3338 3077 3385 et
3098 3330 3181 3384 vix
3202 3331 3419 3385 tandem

1844 3424 2135 3492 aliquando
2161 3424 2212 3477 in
2238 3426 2412 3477 lucem
2451 3424 2677 3494 protulit
2706 3423 3014 3477 abortivum
3043 3422 3332 3493 quemdam
3361 3432 3417 3478 et

1844 3518 2002 3583 plane
2020 3516 2393 3585 imperfectum
2413 3524 2649 3585 partum,
2665 3531 2824 3584 quem
2845 3531 3055 3578 omnes,
3072 3515 3163 3584 qui
3183 3530 3305 3569 eum
3322 3514 3425 3569 Eu-

1844 3606 2029 3659 nomio
2064 3605 2330 3671 sentiunt,
2360 3612 2615 3667 tractant,
2644 3606 2918 3658 nutricum
2947 3606 3142 3665 instar,
3161 3606 3416 3659 nutriunt

1846 3701 1897 3749 et
1934 3695 2145 3750 fovent:
2183 3711 2284 3749 nos
2320 3710 2449 3749 vero
2490 3705 2707 3764 propter
2737 3695 2881 3747 illam
2913 3694 3194 3765 Propheta:
3223 3710 3420 3749 vocem

1845 3786 2109 3847 dicentis:
2134 3786 2329 3839 Beatus
2349 3786 2439 3854 qui
2464 3785 2648 3838 tenebit
2669 3794 2717 3838 et
2741 3785 2923 3839 allidet
2947 3786 3195 3856 parvulos
3216 3794 3331 3839 tuos
3354 3787 3422 3839 ad

1842 3878 2117 3947 petram';
2145 3892 2266 3932 cum
2298 3879 2351 3931 in
2400 3884 2614 3932 nostras
2665 3892 2881 3947 quoque
2920 3888 3114 3931 manus
3160 3878 3420 3943 venisset,

1843 3969 2303 4040 comprehendere
2345 3968 2707 4037 insipientem
2752 3969 2901 4021 illum
2955 3967 3219 4030 libellum,
3260 3974 3313 4021 et
3353 3968 3421 4022 ad

1843 4072 2048 4133 petram
2078 4062 2300 4117 allidere
2322 4061 2468 4115 velut
2491 4061 2693 4130 prolem
2720 4059 3007 4130 quamdam
3038 4058 3421 4131 Babylonieam

1844 4154 2201 4218 decrevimus,
2242 4153 2402 4206 Petra
2456 4161 2629 4205 autem
2673 4160 2788 4205 erat
2830 4149 3073 4205 Christus
3098 4150 3139 4215 ⁸,
3176 4150 3279 4204 hoc
3316 4161 3420 4213 est,

1843 4247 2088 4300 veritatis
2119 4244 2256 4298 ratio
2288 4252 2339 4298 et
2375 4244 2588 4297 oratio:
2626 4251 2832 4296 tantum
2871 4243 3013 4297 adsit
3052 4243 3207 4297 nobis
3245 4242 3421 4307 virtus

1844 4338 1931 4391 illa
1967 4352 2088 4407 quae
2128 4337 2528 4391 imbecillitates
2561 4336 2901 4401 corroborat,
2931 4351 3029 4405 per
3062 4351 3251 4405 preces
3279 4335 3420 4403 ejus,

1850 4430 1942 4499 qui
1977 4429 2031 4483 in
2054 4430 2302 4497 corporis
2325 4429 2639 4482 infirmitate
2660 4428 2764 4481 vim
2790 4427 3063 4497 propriam
3099 4426 3348 4496 perfecit.

254 4518 306 4571 Εί
339 4520 432 4589 μὲν
466 4515 563 4573 οὖν
592 4519 671 4572 ἔτι
702 4520 794 4572 καὶ
820 4518 914 4572 νῦν
942 4521 974 4589 ή
1005 4518 1239 4589 θεοειδὴς
1258 4520 1461 4592 ἐκείνη,
1496 4522 1588 4575 καὶ
1615 4524 1743 4591 ἁγία

1867 4493 1881 4499 ”
1919 4519 2072 4584 Quod
2099 4493 2339 4574 sitadhuc
2365 4520 2545 4573 divina
2584 4520 2673 4573 illa
2699 4527 2752 4574 et
2788 4493 2975 4574 sancta
2994 4493 3172 4573 anima
3197 4520 3250 4572 in
3294 4534 3420 4572 cor-

195 4606 316 4678 ύνχὴ
341 4610 425 4663 διὰ
454 4611 660 4681 σαρκὸς
695 4609 905 4680 ἐθεώρα
930 4609 1018 4661 τὸν
1044 4610 1379 4678 ἀνθρώπινον
1406 4612 1537 4681 βίον,
1566 4614 1658 4667 καὶ
1686 4616 1746 4667 τὸ

196 4697 369 4768 ίνᾲηλὸν
411 4703 608 4772 στόμα.
638 4701 776 4753 κατὰ
810 4703 909 4771 τὴν
953 4700 1009 4766 ἐξ
1043 4702 1218 4771 ἀρχῆς
1264 4703 1745 4774 ἀποκληρωθεῖσαν

197 4792 327 4860 χαρικ.
352 4792 520 4863 αὐτῷ,
570 4793 667 4863 τὴν
706 4792 917 4863 ἄμαχον
957 4792 1169 4861 ἐκείνην
1224 4793 1366 4863 ἠφίει
1415 4796 1617 4867 φωνήν·
1664 4796 1749 4860 τίς

199 4882 251 4933 ἄν
275 4885 343 4945 είς
364 4884 617 4937 τοσοῦτον
645 4884 1018 4954 πεποιθήσεως
1036 4880 1217 4955 ἦλθεν,
1247 4884 1384 4938 ὥστε
1415 4905 1467 4939 τι
1494 4888 1621 4960 περὶ
1649 4888 1749 4957 τῆς

200 4972 473 5039 ὑποθέσεως
505 4976 711 5047 ταύτης
737 4975 1002 5046 τολμῆσαι
1038 4976 1127 5028 καὶ
1159 4975 1528 5045 φθέγξασθαι,
1571 4979 1747 5033 πάντα

198 5065 326 5133 λόγον
358 5068 447 5120 καὶ
475 5068 653 5120 πᾶσαν
688 5067 827 5137 ἠχὴν
859 5070 957 5138 τῆς
1004 5066 1149 5131 θείας
1189 5068 1403 5137 ἐκείνης
1450 5070 1749 5139 σάλπιγγος

200 5155 586 5227 ὓπερηχούσης;
635 5156 789 5209 Ἐπεὶ
823 5156 880 5209 δὲ
915 5158 943 5208 ὁ
988 5158 1086 5227 μὲν
1157 5159 1292 5228 πρὸς
1337 5158 1467 5211 Θεὸν
1498 5159 1617 5221 ὅλος
1655 5160 1747 5211 ἀν-

201 5245 392 5313 έπτατο,
428 5250 690 5320 πρότερον
720 5248 816 5319 μὲν
838 5250 895 5301 ἐν
924 5248 1087 5320 ὀλίγῳ
1110 5250 1218 5302 τινὶ
1234 5290 1247 5313 ,
1279 5250 1370 5303 καὶ
1395 5250 1645 5303 σκιοειδεῖ
1670 5250 1748 5319 τῷ

201 5336 405 5409 λειψάνῳ
426 5338 520 5391 τοῦ
557 5337 806 5407 σώματος
833 5338 933 5404 τῆς
972 5338 1077 5407 γῆς
1126 5340 1529 5409 ἐφαπτόμενος,
1572 5340 1648 5410 τῷ
1690 5342 1746 5395 δέ

204 5428 377 5481 πλείονι
416 5430 952 5500 συμμετεωροπορῶν
989 5429 1067 5499 τῷ
1099 5429 1236 5500 Θεῷ·
1269 5431 1387 5483 νυνὶ
1420 5430 1476 5483 δὲ
1515 5432 1608 5485 καὶ
1647 5433 1745 5503 τὴν

204 5522 335 5573 σκιὶν
364 5522 569 5590 ἐκείνην
587 5520 681 5573 τοῦ
712 5519 961 5591 σώματος
984 5522 1281 5592 προσαφείς
1310 5523 1404 5575 καὶ
1430 5524 1743 5577 καταλιπὼν

204 5610 315 5679 τῷδε
363 5613 437 5683 τῷ
464 5612 582 5683 βίῳ·
625 5614 673 5664 οἱ
702 5611 758 5665 δὲ
789 5613 1029 5681 κηφῆνες
1065 5612 1457 5683 περιϐομϐοὖσι
1486 5615 1552 5667 τὰ
1583 5617 1748 5686 κηρία

284 5784 454 5843 'Psal.
486 5802 705 5851 cxxxvt,
746 5788 799 5843 9.
912 5786 975 5841 ‘l
1010 5788 1135 5843 Cor.
1176 5789 1305 5857 1,4.

1848 4627 1979 4681 pore
2005 4613 2220 4666 mortali
2251 4612 2415 4681 hujus
2451 4613 2588 4665 lucis
2614 4626 2776 4665 usura
2802 4612 3093 4675 frueretur,
3116 4618 3170 4665 et
3201 4611 3423 4680 grandi-

1845 4705 2069 4773 loquum
2097 4705 2226 4758 illud
2248 4720 2330 4768 os,
2352 4705 2648 4760 secundum
2670 4704 2851 4757 datam
2877 4704 2980 4758 sibi
3008 4703 3076 4757 ab
3113 4704 3269 4756 initio
3299 4717 3391 4771 gra

1847 4796 2279 4862 tiam,invictam
2317 4797 2461 4849 illam
2497 4811 2683 4849 vocem
2714 4796 2993 4849 mitteret:
3032 4794 3157 4862 quis
3198 4806 3263 4846 eo
3289 4806 3423 4844 con-

1851 4890 2089 4945 fidentiae
2118 4890 2501 4959 processisset,
2549 4897 2608 4943 ut
2639 4889 2704 4943 de
2734 4890 2835 4942 hoc
2864 4894 3187 4958 argumento
3214 4883 3420 4952 aliquid

1850 4983 1934 5036 vel
1961 4982 2161 5036 mutire
2196 4982 2441 5045 auderet,
2486 4980 2929 5051 quandoquidem
2970 4992 3184 5032 omnem
3214 4975 3421 5030 oratio-

1849 5091 1972 5129 nem
1997 5088 2324 5144 omnemque
2355 5089 2576 5128 sensum
2607 5074 2769 5126 verba
2798 5073 2886 5125 illa
2913 5070 3099 5124 divina
3124 5066 3421 5137 superant?

1850 5162 2149 5234 Postquam
2186 5179 2318 5218 vero
2358 5163 2577 5216 animus
2610 5161 2794 5217 Basilii
2844 5162 2911 5215 ad
2964 5158 3133 5212 Deum
3185 5154 3421 5210 evolavit

1850 5255 1998 5321 (cum
2032 5253 2186 5323 prius
2213 5267 2431 5323 quoque
2490 5252 2542 5305 in
2570 5252 2766 5322 exiguo
2815 5260 2867 5305 et
2897 5247 3045 5304 tenui
3081 5242 3409 5314 corpusculo

1852 5343 1991 5397 banc
2036 5352 2235 5397 terram
2271 5344 2556 5406 incoleret,
2604 5342 2865 5411 majorem
2911 5337 3174 5406 temporis
3213 5341 3421 5406 partem

1851 5450 1975 5489 cum
2010 5433 2119 5489 Deo
2148 5435 2199 5488 in
2232 5434 2463 5490 excelsis
2490 5432 2766 5503 habitans)
2792 5472 2805 5493 ,
2838 5438 2890 5485 et
2917 5443 3064 5484 nunc.
3100 5427 3294 5482 umbra
3331 5426 3421 5480 illa

1854 5526 2103 5594 corporis
2161 5528 2374 5590 relicta,
2454 5536 2723 5594 terrazque
2773 5521 3031 5576 mandata
3078 5519 3421 5585 excesserit;

1856 5616 2154 5671 crabrones
2178 5611 2359 5671 autem
2413 5625 2466 5672 et
2502 5614 2612 5671 fuci
2664 5613 2894 5670 necdum
2948 5609 3103 5667 favos
3158 5609 3424 5666 orationis
