3920 6522
449 348 543 409 251

1634 344 1691 400 S.
1733 341 2057 399 GREGORII
2095 340 2388 397 NYSSENI

3572 344 3682 399 259

450 462 952 528 circumvolitandi,
988 462 1275 533 mellisque
1301 461 1517 534 opiﬁcia
1558 463 1806 517 vastandi
1850 462 2010 518 ﬁnem

2124 463 2205 516 τοῦ
2234 460 2413 530 λόγου,
2444 461 2537 514 καὶ
2566 461 2628 514 τὸ
2660 461 2778 532 μέλι
2804 460 3255 531 διαλυμαίνονται·
3291 460 3475 531 μηδεὶς
3508 461 3683 527 ἐγκα-

452 556 678 617 faciant,
706 568 865 608 nemo
892 552 1017 622 jure
1041 552 1284 608 audaciae
1330 567 1416 607 me
1456 552 1809 617 insimularit,
1867 551 2010 621 quod

452 645 519 700 ad
586 644 846 698 ultionem
912 643 1166 713 prodeam
1233 642 1353 712 ejus
1397 643 1484 698 cui
1530 657 1653 698 sese
1690 640 2014 697 defendendi

451 735 600 789 nulla
631 734 862 804 amplius
907 734 1144 803 suppetit
1186 732 1440 789 facultas.
1484 731 1672 803 Neque
1718 732 1861 787 enim
1894 747 2012 786 ma-

449 826 663 898 joribus
688 840 851 893 quam
890 826 1072 878 caeteri
1104 824 1315 880 viribus
1359 824 1555 887 fretus,
1608 825 1752 877 hunc
1798 823 2015 892 suscepi

455 919 721 981 laborem;
758 916 852 970 sed
885 918 1072 985 probe,
1115 917 1161 971 si
1188 918 1311 983 quis
1351 916 1512 978 alius,
1539 921 1884 985 compertum
1928 914 2016 966 ha-

455 1009 571 1071 bui,
604 1009 848 1062 infinitos
874 1008 1124 1078 reperiri,
1158 1009 1252 1078 qui
1277 1007 1608 1062 eruditionis
1651 1014 1704 1061 et
1732 1005 2016 1075 sapientiae

455 1100 618 1154 laude
651 1101 705 1153 in
742 1100 997 1156 Ecclesia.
1026 1101 1333 1169 excellant.»
1356 1097 1723 1153 Nihilominus
1750 1112 1873 1150 cum
1905 1110 2015 1165 prae

454 1190 711 1244 omnibus
739 1190 860 1243 aliis
890 1189 1088 1242 mortui
1132 1188 1379 1241 fortunas
1406 1186 1469 1241 ad
1499 1202 1585 1240 me
1623 1183 1896 1254 pertinere
1926 1197 2015 1235 ar-

454 1279 645 1341 bitrer,
693 1286 805 1331 tum
846 1286 1067 1347 propter
1094 1278 1348 1346 scriptas,
1390 1284 1504 1329 tum
1540 1285 1760 1344 prapter
1792 1280 2017 1326 natura-

454 1370 534 1424 les
560 1369 704 1436 leges
738 1387 750 1422 :
781 1368 904 1422 ideo
937 1384 1036 1437 ego
1086 1382 1261 1421 meam
1310 1374 1436 1421 ante
1469 1365 1609 1421 alios
1664 1367 1804 1420 hanc
1858 1364 2013 1434 quasi

455 1458 853 1512 [hereditariam
879 1457 1251 1512 defensionem
1284 1457 1417 1512 mihi
1443 1456 1738 1516 vindicavi.
1787 1456 2015 1520 inﬁmus

451 1551 673 1620 quidem
698 1551 915 1605 illorum
940 1550 1033 1620 qui
1066 1550 1119 1603 in
1157 1549 1394 1602 fidelium
1438 1563 1725 1601 numerum
1789 1548 2015 1615 ascripti

454 1649 583 1697 sunt
614 1660 628 1696 :
660 1653 714 1696 at
743 1642 855 1703 illo,
903 1642 996 1710 qui
1027 1641 1095 1694 ab
1142 1638 1382 1694 Ecclesia
1412 1654 1533 1697 sese
1561 1639 1797 1708 abrupit,
1855 1647 1909 1693 et
1949 1640 2017 1693 ad

457 1741 640 1802 partes
668 1732 1010 1787 adversarias
1056 1732 1352 1795 transtulit,
1382 1745 1719 1799 nequaquam
1755 1729 2000 1783 imbecil-

462 1823 592 1889 ;ior;
622 1838 749 1878 nam
782 1824 835 1875 in
877 1836 1106 1891 corpore
1140 1837 1274 1876 sano
1304 1822 1588 1874 minimum
1630 1820 1795 1873 etiam
1842 1835 2013 1873 mem-
2048 1817 2090 1872 Β

462 1914 615 1968 brum
673 1921 892 1982 propter
932 1915 1099 1967 totius
1143 1911 1605 1981 conspirationem
1663 1911 1895 1967 validius
1936 1922 2017 1970 est

454 2010 511 2058 et
542 2002 760 2066 fortius,
783 2018 944 2073 quam
969 2011 1363 2072 corruptumget
1402 2003 1729 2067 abscissum,
1766 2005 2031 2073 quamvis.

458 2095 561 2149 hoc
596 2094 794 2163 majus,
830 2092 960 2146 illud
990 2093 1060 2149 sit
1093 2093 1292 2148 minus.

528 2184 729 2240 Nullus
779 2184 1067 2240 veroidum
1099 2184 1212 2249 haec
1260 2184 1382 2239 dico
1414 2185 1710 2253 existimet,
1762 2188 1904 2258 quod
1935 2203 2021 2242 me

457 2277 746 2348 magniﬁce
783 2276 1075 2343 venditem,
1135 2278 1554 2349 immaniterque
1604 2282 1749 2334 velut
1796 2282 2020 2351 proprio

457 2369 656 2423 robore
688 2369 889 2439 glorier
922 2385 936 2424 :
974 2383 1150 2438 neque
1180 2367 1323 2421 enim
1364 2384 1487 2423 cum
1544 2370 1764 2425 homine
1808 2373 1860 2425 in
1910 2388 2022 2427 are-

457 2474 585 2513 nam
619 2458 912 2525 descendo,
967 2474 1084 2513 eam
1136 2459 1206 2513 ob
1242 2473 1489 2527 causam,
1545 2468 1604 2515 ut
1652 2463 2019 2532 eloquentiam

456 2547 857 2618 verborumque
915 2548 1171 2603 flosculos
1219 2548 1453 2617 juvenili
1525 2566 1679 2606 more
1728 2561 2016 2608 ostentem.

457 2637 591 2693 Nam
624 2638 679 2692 in
702 2655 766 2694 eo
795 2639 1113 2705 certamine,
1144 2655 1219 2705 ex~
1255 2656 1381 2710 quo.
1415 2642 1700 2699 victoriam
1741 2654 2020 2713 reportare

457 2731 651 2786 inutile
678 2738 731 2786 et
752 2730 1155 2786 infructuosum
1180 2740 1284 2796 est,
1309 2734 1540 2790 libenter
1563 2736 1871 2791 volentibus
1903 2737 2035 2806 pal-,

458 2835 600 2874 mam
629 2820 1009 2886 concedimus;
1042 2822 1340 2889 praesertim
1360 2838 1481 2876 cum
1523 2823 1698 2891 ipsum
1724 2827 2017 2880 verborum

460 2920 786 2966 sectatorem
845 2919 899 2966 et
950 2926 1218 2980 aucupem
1268 2928 1392 2968 esse
1427 2916 1559 2968 mihi
1598 2918 1958 2986 persuadeam
1997 2936 2009 2971 :

460 3003 681 3074 quando
706 3003 947 3058 animum
987 3011 1249 3058 converto
1277 3006 1343 3058 ad
1372 3014 1609 3075 tempus,
1658 3008 1802 3076 quod
1827 3010 1879 3063 in
1912 3010 2019 3065 isto

460 3110 562 3150 suo
624 3095 876 3164 dogmate
922 3094 1239 3148 exornando
1302 3096 1580 3150 contrivit.
1632 3096 1855 3167 Egregie
1892 3115 2020 3153 vero

460 3185 712 3239 eumdem
740 3186 794 3238 in
825 3184 928 3239 hoc
962 3184 1125 3238 etiam
1158 3185 1300 3237 libro
1329 3186 1560 3241 sudasse
1604 3188 1837 3256 conjicio
1866 3208 1879 3244 :
1904 3199 2017 3244 tutu

459 3292 525 3331 ex
556 3276 680 3341 hoc,
715 3276 861 3346 quod
896 3277 947 3330 in
986 3276 1088 3330 hac
1117 3277 1413 3345 scriptione
1434 3293 1542 3331 non
1574 3280 1851 3335 minimam
1896 3283 2019 3337 vita:

459 3383 574 3423 suae
604 3376 813 3438 partem
874 3369 1197 3437 collocavit;
1233 3378 1343 3424 tum
1379 3371 1522 3440 quod
1554 3379 1820 3426 amatores
1879 3374 2022 3428 illius

461 3463 565 3517 hoc
598 3463 784 3517 labore
808 3462 930 3532 ejus
964 3464 1118 3519 valde
1145 3466 1421 3519 exsultant
1444 3464 1883 3520 etdelectautur.
1912 3463 2024 3520 Nec

461 3557 657 3609 mirum
681 3565 765 3610 est
787 3555 959 3618 illum,
985 3556 1079 3624 qui
1110 3556 1211 3610 hac
1250 3558 1306 3613 in
1336 3573 1393 3611 re
1428 3567 1506 3611 tot
1540 3572 1808 3611 annorum
1845 3557 2031 3627 olyms

461 3645 652 3715 piadas
687 3646 887 3716 posuit,
943 3647 1121 3716 majus
1152 3648 1315 3701 etiam
1363 3648 1622 3718 quiddam
1669 3648 2020 3717 praestitisse,

462 3752 623 3807 quam
654 3738 886 3802 soleant,
941 3740 1033 3808 qui
1077 3756 1145 3795 ex
1201 3750 1442 3809 tempore
1498 3740 1767 3795 scribunt.
1822 3738 2021 3793 Verum

462 3828 582 3897 ejus
611 3827 666 3881 in
696 3828 800 3883 hoc
829 3844 991 3898 opere
1026 3830 1298 3886 moliendo
1347 3846 1555 3884 moram
1595 3839 1651 3885 et
1709 3831 2021 3885 cunctatio-

462 3934 584 3974 nem
611 3920 815 3974 clarius
845 3920 1024 3975 adhuc
1075 3922 1459 3977 demonstrant
1497 3922 1552 3975 in
1581 3921 1797 3976 dicendi
1823 3923 2026 3992 'phale-

461 4010 542 4065 ris
571 4020 627 4065 et
660 4011 847 4080 ﬁguris
875 4013 1263 4081 conquirendis
1295 4013 1533 4083 ineptiae,
1552 4020 1607 4066 et
1636 4014 1686 4067 in
1719 4014 1804 4068 his
1831 4014 2025 4067 verbo-

463 4115 585 4154 rum
642 4100 935 4157 lenociniis
987 4103 1229 4157 studium
1285 4104 1442 4172 plane
1473 4104 1632 4158 inane
1661 4111 1714 4158 et
1764 4120 2025 4173 superva-

463 4207 648 4247 cuum.
680 4193 892 4247 Etenim
932 4208 1127 4264 magna
1158 4195 1620 4249 dictiuncularum
1665 4196 1897 4251 colluvie
1930 4212 2025 4265 ap-

463 4290 657 4352 paratu
704 4284 1011 4351 repentino,
1093 4297 1146 4339 et
1206 4292 1646 4354 extemporaneo,
1714 4302 1782 4341 ex
1839 4288 2024 4341 nescio

466 4370 671 4440 quibus
701 4370 856 4426 libris
881 4381 1222 4436 coacervata,
1278 4375 1579 4443 paucisque
1627 4390 1750 4444 quze
1799 4376 2023 4445 intelligi

2115 558 2275 610 λείτω
2320 554 2519 624 τόλμαν
2553 554 2674 623 ἐμοὶ
2704 554 2845 626 ὑπὲρ
2891 553 2984 607 τοῦ
3026 552 3282 621 σιγῶντος
3313 550 3574 621 στόματος
3602 551 3682 603 δι-

2114 644 2405 701 αναστάντι
2431 644 2565 715 πρὸς
2597 644 2829 714 ἄμυναν.
2857 644 2993 697 Οὐδὲ
3018 644 3125 714 γὰρ
3153 643 3292 713 ὑπὲρ
3327 641 3453 705 τοὺς
3489 642 3687 704 ἄλλους

2119 735 2269 806 ίσχύν
2293 753 2416 789 τινα
2446 734 2618 802 λόγων
2652 732 2869 805 ἐμαυτῷ
2908 732 3277 802 συνεγνωκὼς,
3314 730 3686 800 κατεδεξάμην

2114 827 2205 880 τὸν
2233 826 2409 880 πόνον·
2445 825 2558 878 ἀλλ’
2594 825 2834 893 ἀκριϐῶς
2864 824 3036 888 εἰδὼς,
3065 826 3219 895 εἴπερ
3245 841 3329 888 τις
3360 823 3565 895 ἕτερος,
3601 824 3688 875 ὅτι

2118 917 2350 987 χιλιάδες
2373 916 2737 987 εὐθηνούντων
2769 919 2909 968 κατὰ
2933 916 2993 968 τὸ
3018 915 3260 985 χάρισμα
3286 916 3383 985 τῆς
3408 914 3599 983 σοφίας
3628 915 3687 966 ὲν

2118 1009 2183 1076 τῇ
2241 1005 2533 1076 Ἐκκλησία
2577 1003 2953 1074 πληθύνουσιν·
3047 1005 3191 1074 ὅμως
3236 1002 3421 1072 ἐπειδὴ
3469 1003 3688 1055 πάντων

2121 1097 2352 1167 μάλιστα
2382 1096 2673 1165 προσήκειν
2712 1094 2832 1164 ἐμοί
2865 1111 3004 1163 φημι
3052 1093 3143 1145 τοῦ
3194 1093 3554 1163 μεταστάντος
3595 1090 3686 1144 τὸν

2118 1188 2313 1258 κλῆρον
2338 1187 2427 1240 διά
2456 1202 2513 1239 τε
2552 1187 2677 1247 τοὺς
2703 1184 3149 1255 γεγραμμένους,
3183 1184 3274 1236 καὶ
3306 1182 3429 1245 τοὺς
3457 1183 3554 1252 τῆς
3590 1180 3689 1249 φύ-

2120 1295 2256 1341 σεως
2283 1278 2511 1347 νόμους,
2559 1276 2747 1330 τούτου
2795 1276 2952 1345 χάριν
2997 1274 3156 1337 αὐτὸς
3204 1274 3339 1345 πρὸς
3366 1272 3472 1325 τῶν
3511 1272 3689 1327 ἄλλων

2116 1367 2419 1438 οίκειοῦμαι
2467 1367 2560 1437 τὴν
2602 1364 2958 1436 κληρονομίαν
2985 1364 3077 1417 τοῦ
3121 1362 3446 1431 λόγουντῶν
3481 1361 3580 1431 μὲν
3610 1362 3689 1425 είς

2116 1463 2214 1532 τὴν
2255 1460 2575 1530 Ἐκκλησίαν
2604 1459 2694 1513 τοῦ
2720 1458 2853 1511 Θεοῦ
2879 1456 3270 1510 συντελούντων
3296 1458 3406 1518 τοῖς
3438 1454 3691 1524 ἐσχάτοις

2119 1553 2339 1624 συναριθ
2348 1552 2447 1623 μού
2457 1566 2631 1622 μενος·
2655 1549 2748 1618 τοῦ
2766 1550 2823 1604 δὲ
2843 1549 3217 1621 ἀπερρωγότος
3234 1547 3331 1616 τῆς
3367 1546 3563 1616 Ἐκκλη
3574 1545 3692 1609 σίας

2119 1646 2197 1707 είς
2241 1644 2529 1697 ἀντίπαλον
2573 1641 2723 1705 τάξιν
2764 1641 2863 1693 οὐκ
2895 1640 3309 1710 ἀσθενέστεροςθ
3355 1639 3412 1689 ἐν
3455 1636 3567 1706 γὰρ
3616 1635 3695 1705 τῷ

2121 1734 2409 1802 ὑγιαίνοντι
2452 1732 2697 1803 σώματι,
2734 1732 2827 1785 καὶ
2868 1732 2926 1784 τὸ
2955 1730 3235 1799 ἐλάχιστον
3284 1729 3448 1798 μέρος
3476 1728 3567 1780 διά
3592 1726 3695 1797 τῆς

2118 1827 2210 1881 τοῦ
2243 1827 2441 1890 παντὸς
2477 1825 2775 1895 συμπνοίας
2798 1864 2813 1887 ,
2842 1824 3204 1894 δυνατώτερον
3249 1822 3312 1875 ἂν
3347 1823 3430 1891 εἴη
3482 1820 3580 1874 τοῦ
3617 1820 3695 1873 δι-

2119 1918 2424 1989 εφθορότος,
2460 1918 2552 1973 καὶ
2596 1916 2960 1988 τετμημένου·
2992 1915 3096 1969 κᾶν
3121 1913 3180 1967 τὸ
3206 1913 3304 1983 μὲν
3335 1913 3513 1979 πλέον,
3542 1910 3606 1963 τὸ
3635 1911 3708 1976 δὲ,

2119 2012 2333 2066 ἔλαττον

2188 2188 2392 2259 Μηδεὶς
2428 2187 2485 2240 δὲ
2522 2186 3015 2257 μεγαλορῤημονείν
3050 2202 3116 2254 με
3145 2183 3232 2236 διὰ
3260 2186 3462 2240 τούτων
3494 2185 3719 2239 οἰέσθω,

2119 2279 2226 2332 τῶν
2250 2280 2440 2348 λόγων,
2476 2280 2550 2344 ὼς
2579 2278 2717 2349 ὑπὲρ
2741 2277 2838 2347 τὴν
2869 2274 3173 2347 προσοῦσαν
3205 2275 3428 2347 δύναμιν
3460 2278 3555 2330 ἐπὶ
3595 2296 3697 2347 μα-

2120 2370 2289 2432 ταίοις
2321 2369 2689 2439 κομπάζοντα.
2736 2368 2808 2422 Οὐ
2844 2367 2951 2438 γὰρ
2994 2367 3367 2438 ἀπειροκάλως
3406 2369 3485 2432 είς
3516 2368 3697 2437 λόγων

2123 2462 2372 2531 ἅμιλλαν,
2402 2462 2434 2531 ἢ
2466 2461 2722 2531 ῥημάτων
2769 2458 3045 2525 ἐπίδειξιν,
3077 2458 3423 2528 ωγκαθεῖναι
3470 2459 3551 2530 τῷ
3598 2462 3694 2514 ἀν-

2123 2552 2323 2623 θρώπῳ
2352 2552 2486 2622 πρὸς
2515 2550 2842 2623 μειρακιώδη
2874 2551 2993 2605 τινὰ
3026 2551 3331 2621 φιλοτιμίαν
3357 2553 3717 2622 προάγομαιη

2134 2646 2247 2714 Ἐφ’
2274 2638 2347 2698 ὧν
2384 2643 2491 2715 γὰρ
2512 2643 2570 2697 τὺ
2599 2643 2760 2697 πλέον
2792 2644 3257 2714 ἔχεινηάνωφελὲς,
3292 2645 3385 2697 καὶ
3413 2646 3693 2717 ἀνόνητον,

2121 2736 2350 2805 ἑτοίμως
2374 2734 2720 2805 ἐκχωροῦμεν
2745 2737 2856 2798 τοῖς
2881 2734 3222 2805 βουλομένοις
3251 2737 3348 2806 τῆς
3375 2737 3548 2807 νίκηςο
3582 2755 3703 2791 rou-

2120 2828 2232 2879 τονὶ
2275 2827 2332 2880 δὲ
2373 2827 2467 2879 καὶ
2500 2825 2673 2889 ἄλλως
2712 2826 2812 2895 μὲν
2858 2825 3092 2897 τρίϐωνα
3127 2825 3297 2894 λόγων
3326 2821 3465 2880 εἷναι
3497 2829 3697 2899 στοχά-

2122 2920 2304 2989 ζομαι,
2336 2920 2467 2989 πρὸς
2490 2918 2658 2989 αὐτὴν
2691 2916 2900 2987 βλέπων
2922 2917 3020 2987 τὴν
3041 2917 3165 2988 περὶ
3197 2917 3256 2970 τὸ
3279 2917 3453 2988 δόγμα
3473 2920 3692 2991 τριϐήν·

2120 3011 2481 3083 διαφερόντως
2505 3011 2561 3063 δὲ
2596 3011 2721 3081 περὶ
2746 3009 2835 3062 τὸν
2864 3008 3105 3079 παρόντα
3127 3009 3487 3079 πεπονηκέναι
3513 3009 3699 3079 λόγον,

2120 3102 2544 3174 τεκμαιρόμενος
2564 3100 2626 3153 ἐκ
2651 3118 2710 3153 τε
2738 3099 2830 3153 τοῦ
2859 3099 3303 3170 προσαναλῶσθαι
3332 3102 3398 3170 τῇ
3432 3100 3700 3171 λογογρα-

2123 3195 2220 3264 φίᾳ
2256 3193 2424 3263 ταύτῃ
2458 3192 2557 3261 τῆς
2596 3192 2740 3261 ζωῆς
2764 3190 2856 3244 τοῦ
2898 3192 3252 3262 συγγραφέως
3280 3193 3378 3246 οὐκ
3415 3193 3700 3263 ἐλάχιστον

2126 3284 2308 3355 μέρος·
2334 3284 2428 3336 καὶ
2455 3284 2519 3336 ὲκ
2541 3281 2634 3335 τοῦ
2675 3282 2813 3337 κατά
2846 3284 3024 3336 πᾶσαν
3052 3282 3350 3353 ὑπερϐολὴν
3396 3285 3520 3347 τοὺς
3564 3287 3698 3354 ὲρα-

2125 3374 2252 3437 στάς
2278 3373 2439 3429 αὐτοῦ
2471 3376 2582 3437 τοῖς
2612 3374 3004 3444 πεπονημένοις
3022 3373 3371 3441 ἀγάλλεσθαι.
3406 3376 3515 3427 Καὶ
3543 3377 3701 3430 οὐδὲν

2123 3466 2351 3530 ἀπεικὸς
2368 3466 2458 3519 τὸν
2490 3467 2546 3519 ὲν
2574 3464 2861 3529 τοσαύταις
2890 3466 3024 3518 ἐτῶν
3046 3466 3340 3535 όλυμπιάσι
3366 3467 3697 3537 πονήσαντα,

2123 3557 2283 3610 πλέον
2306 3575 2357 3611 τι
2381 3557 2489 3609 τῶν
2509 3556 2731 3611 αὐτόθεν
2752 3556 3111 3611 ἐπιϐαλόντων
3147 3558 3694 3627 παρασκευάσασθαι·

2123 3648 2357 3702 δείκνυσι
2408 3648 2464 3701 δὲ
2516 3648 2710 3718 μᾶλλον
2749 3649 2848 3718 τὴν
2894 3647 3147 3717 τοιαύτην
3202 3648 3365 3702 αὑτοῦ
3412 3650 3539 3719 περὶ
3590 3652 3729 3704 τῶν

2123 3739 2293 3807 λόγων
2320 3738 2650 3810 κατατριϐὴν
2698 3738 2731 3808 ἡ
2764 3737 2890 3807 περὶ
2921 3736 2989 3788 τὰ
3014 3739 3268 3807 σχήματα
3295 3738 3436 3792 κατά
3460 3739 3560 3808 τὴν
3589 3738 3701 3792 τῶν

2128 3829 2395 3900 ῥηθέντων
2425 3830 2693 3900 συνθήκην
2726 3828 3104 3899 ἀπειροκαλία,
3136 3831 3229 3882 καὶ
3261 3831 3321 3883 τὸ
3364 3830 3615 3900 περιττόν
3645 3848 3702 3885 τε

2125 3921 2217 3973 καὶ
2247 3920 2470 3991 μάταιον
2496 3922 2593 3990 τῆς
2619 3920 2743 3991 περὶ
2767 3920 2833 3972 τά
2857 3919 3079 3974 τοιαῦτα
3101 3919 3357 3991 σπουδῆς.
3384 3921 3556 3973 Πολὺν
3587 3922 3699 3992 γάρ

2123 4028 2243 4064 τινα
2274 4010 2533 4081 συρφετὸν
2568 4009 2805 4075 λεξιδίων
2844 4009 2903 4074 ἐξ
2934 4010 3191 4077 ὑπογυίου
3246 4011 3604 4080 παρασκευῆς
3636 4012 3702 4065 ἔκ

2125 4118 2280 4154 τινων
2305 4100 2519 4170 βιϐλίων
2554 4099 2962 4169 έρανισάμενος,
2994 4098 3079 4151 ἐπ’
3123 4099 3322 4167 ὀλίγοις
3351 4102 3460 4161 τοῖς
3484 4101 3697 4169 νοηθεῖ-

2128 4206 2228 4254 σιν,
2284 4187 2587 4259 ἀμέτρητόν
2632 4205 2752 4241 τινα
2799 4187 3030 4257 σωρείαν
3085 4189 3344 4258 ῥημάτων
3396 4187 3696 4256 φιλοπόνως

2127 4281 2511 4350 συμφορήσας,
2555 4278 2645 4332 τὸν
2704 4278 3043 4350 πολύκμητω
3095 4279 3283 4333 τοῦτον
3346 4280 3698 4351 ἐξειργάσατο

2125 4370 2305 4430 πόνον,
2335 4370 2393 4421 ὃν
2442 4370 2718 4422 ἐπαινοῦσι
2752 4371 2868 4440 μὲν,
2912 4372 3005 4423 καὶ
3045 4370 3343 4434 τεθήπασιν
3372 4372 3420 4422 oi
3458 4371 3696 4440 μαθητεύ⁹

467 4470 713 4532 possent,
738 4461 944 4516 inﬁnita
972 4463 1203 4531 quadam
1232 4464 1518 4518 verborum
1541 4464 1792 4534 congerie
1835 4466 2020 4521 sedulo

2128 4460 2227 4530 τῆς
2264 4458 2497 4530 ἀπάτης,
2533 4461 2597 4512 ὲκ
2621 4461 2718 4529 τῆς
2749 4460 2874 4531 περὶ
2900 4460 2967 4513 τὰ
2994 4460 3180 4532 καίρια
3208 4462 3345 4530 τάχα
3375 4460 3693 4532 πηρώσεως,

468 4552 856 4622 superiniecta,
886 4568 1022 4622 Opus
1058 4554 1162 4608 hoc
1192 4555 1521 4610 laboriosum
1559 4557 1847 4626 procudit:
1880 4559 2023 4628 quod

466 4643 690 4697 laudant
741 4643 958 4712 quidem
1010 4652 1062 4698 et
1100 4643 1440 4699 admirantur
1485 4646 1739 4716 discipuli
1793 4650 2021 4714 erroris,

467 4732 720 4789 fortassis
749 4749 816 4787 ex
844 4734 1109 4800 caecitate,
1152 4750 1260 4805 qua
1291 4737 1347 4790 in
1384 4738 1547 4793 rectis
1592 4738 1861 4803 laborant,
1914 4740 2027 4810 pri-

386 4850 390 4854 ι
464 4825 575 4880 vati
607 4824 861 4879 nimirum
888 4826 1035 4879 omni
1064 4825 1318 4881 facultate
1349 4837 1495 4882 recta
1524 4844 1551 4880 a
1584 4845 1690 4883 non
1711 4833 1875 4884 rectis
1911 4832 2027 4886 dis-

470 4917 770 4983 cernendi;
830 4926 885 4970 at
920 4916 995 4970 illi
1033 4918 1231 4986 quibus
1261 4933 1356 4972 cor
1401 4920 1653 4975 sordibus
1690 4921 2027 4976 inﬁdelitatis

466 5009 818 5062 obscuratum
893 5023 1000 5062 non
1051 5016 1151 5073 est,
1205 5009 1419 5076 rident;
1453 5018 1506 5063 et
1554 5012 1705 5064 nihili
1762 5012 2023 5081 pendunt.

468 5097 602 5151 Nam
652 5098 777 5167 quis
828 5098 1000 5153 risum
1054 5100 1349 5166 contineat,
1408 5116 1529 5154 cum
1576 5102 1720 5156 videt
1780 5105 2025 5171 promitti

468 5191 685 5259 quidem
715 5206 811 5261 pro
833 5191 1061 5245 veritate
1115 5206 1326 5246 omnem
1369 5208 1555 5246 curam
1600 5202 1653 5247 et
1679 5194 2023 5261 industriam,

468 5283 640 5352 ipsam
672 5297 799 5337 vero
845 5281 1167 5337 industriam
1209 5291 1374 5335 totam
1407 5284 1461 5336 in
1500 5285 1793 5337 verborum
1831 5286 2027 5354 ﬁgura-

469 5386 698 5440 rumque
731 5373 948 5441 ineptiis
967 5373 1113 5425 nullo
1139 5372 1502 5427 emolumento
1520 5375 1641 5441 poni
1667 5375 1688 5427 ?
1709 5374 1852 5439 Quid
1880 5379 2023 5431 enim

470 5464 732 5517 momenti
764 5463 914 5518 affert
947 5464 1013 5518 ad
1060 5463 1463 5526 refutationem,
1527 5474 1585 5516 ut
1642 5465 1757 5533 ipse
1807 5468 2025 5534 quidem

470 5552 785 5620 arbitratur,
816 5554 1080 5610 doctrinae
1121 5563 1341 5616 nustrte,
1395 5563 1449 5609 et
1496 5556 2024 5613 commendationem

470 5643 716 5699 veritatis
740 5660 952 5709 eorum,
995 5647 1062 5702 de
1109 5647 1307 5718 quibus
1341 5646 1656 5716 ambigitur,
1698 5648 2028 5703 existimatio

474 5730 717 5802 quaedam
750 5736 1033 5807 peregrina
1080 5744 1286 5793 ornatm
1304 5734 1781 5806 schematibusque
1801 5746 2030 5807 compta:

2132 4551 2571 4622 συναφῃρημένοι
2628 4551 2825 4614 παντὸς
2876 4551 3041 4605 καλοῦ
3090 4570 3153 4605 τε
3200 4554 3295 4606 καὶ
3342 4556 3416 4625 μὴ
3454 4554 3695 4608 τοιούτου

2127 4641 2413 4709 διάκρισινο
2443 4641 2638 4709 γελῶσι
2663 4641 2717 4695 δὲ
2742 4642 2834 4695 καὶ
2858 4643 2972 4695 ἀντ’
2997 4643 3205 4707 οὐδενὸς
3233 4638 3368 4697 εἶναι
3401 4643 3694 4714 κρίνουσιν,

2127 4726 2208 4795 οἷς
2238 4732 2299 4785 τὸ
2325 4732 2621 4803 διορατικὸν
2646 4732 2741 4801 τῆς
2770 4732 2994 4802 καρδίας
3020 4732 3096 4801 τῷ
3125 4733 3279 4801 ῥύπῳ
3301 4734 3399 4803 τῆς
3440 4733 3697 4795 ἀπιστίας

2128 4825 2225 4877 οὐκ
2249 4824 2662 4894 ὲπημαύρωται.
2692 4824 2787 4886 Τίς
2807 4824 2914 4892 γάρ
2937 4823 3034 4877 οὐκ
3058 4823 3122 4877 ἂν
3144 4824 3364 4886 εἰκότως
3396 4823 3692 4892 γελάσειεν,

2128 4914 2268 4984 ὁρῶν
2293 4914 2390 4984 τὴν
2431 4913 2527 4982 μὲν
2571 4912 2823 4965 ὑπόθεσιν
2865 4911 2963 4980 τῆς
3004 4911 3235 4980 σπουδῆς
3273 4910 3414 4979 ὑπὲρ
3456 4909 3562 4963 τῶν
3598 4910 3694 4979 τῆς

2128 5005 2383 5075 ἀληθείας
2430 5004 2709 5074 δογμάτων
2763 5001 3194 5073 ἐπηγγελμένην,
3263 5001 3431 5071 αὐτὴν
3486 5000 3542 5053 δὲ
3598 5001 3694 5070 τὴν

2131 5095 2381 5165 σπουδὴν,
2424 5097 2501 5157 είς
2539 5095 2799 5166 ῥημάτων
2840 5111 2898 5147 τε
2935 5093 3027 5145 καὶ
3073 5091 3363 5163 σχημάτων
3405 5092 3696 5161 ἀπειροκα-

2128 5186 2245 5239 λίαν
2276 5186 2646 5257 ὴσχολημένην
2686 5187 2768 5238 ἐπ’
2811 5186 2983 5238 οὐδενὶ
3032 5184 3442 5254 κατορθώματι;
3494 5184 3557 5235 Τί
3590 5182 3721 5254 γὰρ,

2129 5276 2195 5328 ἂν
2237 5278 2329 5327 καὶ
2358 5275 2555 5346 μᾶλλον
2582 5276 3004 5342 συναγωνίσαιτο
3028 5275 3161 5345 πρὸς
3196 5273 3412 5344 ἔλεγχον
3440 5272 3535 5344 μὲν
3568 5274 3691 5337 τῶν,

2130 5367 2204 5430 ὡς
2226 5368 2383 5427 αὐτὸς
2406 5369 2591 5433 οἴεται,
2613 5368 2934 5437 εἰρημένων,
2966 5365 3220 5420 σύστασιν
3243 5365 3299 5419 δὲ
3326 5365 3425 5435 τῆς
3446 5364 3695 5434 ἀληθείας

2126 5458 2234 5511 τῶν
2265 5459 2607 5529 ζητουμένων
2645 5458 2855 5511 ἐπίνοιά
2879 5474 2961 5520 τις
2986 5456 3093 5510 τῶν
3120 5458 3177 5510 ἐν
3206 5455 3284 5525 τῷ
3316 5456 3456 5526 λόγῳ
3485 5453 3693 5524 σχημάτ-

2127 5567 2235 5602 των
2256 5549 2558 5612 ἀλλόκοτος,
2584 5548 2678 5602 καὶ
2705 5547 2953 5614 σύνταξις
2975 5546 3348 5618 καινοπρεπής
3368 5563 3428 5599 τε
3457 5546 3548 5599 καὶ
3574 5544 3714 5597 ίδιάο.

2130 5641 2295 5706 ζουσα
2314 5681 2329 5705 ,
2376 5642 2469 5696 καί
2503 5639 2659 5712 ὕϐρις
2707 5639 3112 5709 σπουδαζομένη
3132 5679 3147 5703 ,
3180 5637 3277 5691 καὶ
3308 5637 3509 5707 σπουδὴ
3538 5635 3695 5690 πάλιν

2132 5732 2456 5805 ὑϐριζομένη
2478 5774 2492 5798 ,
2518 5733 2637 5787 κατ’
2660 5732 2845 5788 οὐδένα
2861 5731 3019 5803 ζῆλον
3047 5730 3152 5785 τῶν
3186 5729 3585 5801 προειληφότων
3602 5724 3707 5779 ἐδτι--
