3920 6476
214 408 300 463 995
1296 391 1573 450 CONTRA
1629 392 1761 449 EUN

1875 392 1993 448 IUM
2018 434 2031 457 ,
2089 390 2215 446 ΜΒ.
2258 391 2300 445 ι.

3322 396 3427 454 Ξὸὅ

215 524 465 593 ποιηθεῖσα
491 537 506 587 ;
536 519 610 573 Οὐ
649 516 755 589 γάρ
806 516 871 569 ἂν
903 514 1014 585 ἔχοι
1056 532 1137 577 τις
1180 513 1419 585 ἐξευρεῖν
1458 514 1593 585 πρὸς
1638 516 1758 568 τίνα

1867 512 2155 576 orationis,
2184 519 2239 566 et
2292 509 2620 581 compositio
2651 525 2789 565 nova
2831 520 2884 567 et
2919 512 3197 576 inusitata,
3258 522 3310 569 et
3337 516 3426 569 in-

215 615 392 684 βλέπων
416 609 521 662 τῶν
543 610 633 661 ἐπὶ
649 608 793 677 λόγῳ
817 603 1252 677 γνωριζομένων,
1274 606 1465 659 ἐαυτὸν
1488 609 1566 669 είς
1597 606 1756 659 τοῦτο

1867 605 2000 671 iuria
2038 603 2353 669 affectata;
2416 608 2471 657 et
2536 618 2728 658 rursus
2803 603 3073 659 aﬂ'ectatio
3138 605 3423 675 iniuriosa,

213 705 501 774 προήγαγεν,
546 700 735 769 ὥσπερ
782 716 864 761 τις
920 696 1030 750 τῶν
1080 698 1171 750 ἐπὶ
1222 699 1424 768 σκηνῆς
1482 698 1754 769 θαυματο-

212 796 465 849 ποιούντων
497 793 585 846 διά
620 790 991 862 παραλλήλων,
1033 790 1125 842 καὶ
1159 788 1449 851 ίσοκώλων,
1490 788 1756 859 όμοιοφώ-

209 907 293 943 νων
317 903 369 939 τε
396 886 487 938 καί⁹
512 883 1024 954 όμοιοκαταλήκτων
1048 882 1328 953 ῥημάτων,
1357 876 1466 933 οἷόν
1493 899 1601 933 τισι
1632 898 1755 952 κρο-

207 982 357 1042 silet;
385 978 460 1047 τῷ
488 977 598 1029 τῶν
644 976 883 1041 λεξιδίων
932 974 1124 1045 ῥυθμῷ
1173 972 1615 1043 διακυμόαλίζων
1664 974 1755 1025 τὸν

208 1074 351 1141 λόγον.
396 1069 630 1122 Τοιαῦτα
667 1068 778 1138 γάρ
822 1069 937 1120 ἐστι
991 1066 1128 1136 μετά
1170 1066 1378 1118 πολλῶν
1410 1065 1629 1136 ἐτέρων,
1664 1065 1757 1117 καὶ

206 1164 258 1215 τὰ
309 1164 359 1213 ἐν
393 1159 697 1230 προοιμίοις
759 1156 923 1209 αὑτοῦ
980 1156 1344 1225 τερετίσματα
1397 1155 1464 1207 τὰ
1510 1153 1752 1224 βλακώδη

204 1250 375 1313 ταῦτα,
417 1250 509 1301 καὶ
551 1246 1054 1317 παρατεθρυμμένα
1089 1245 1383 1306 σωτάδεια,
1419 1243 1455 1297 ἆ
1495 1261 1583 1313 μοι
1612 1245 1759 1295 δοκεί

205 1345 315 1411 τάχα
350 1341 478 1411 μηδὲ
510 1338 767 1410 ἠρεμαίῳ
799 1338 1051 1402 διεξιέναι
1082 1336 1158 1407 τῷ
1190 1337 1449 1406 σχήματι,
1480 1336 1592 1388 ἀλλ’
1626 1335 1758 1388 ὑπο-

206 1434 379 1502 κριτῶν
406 1433 481 1503 τῷ
524 1432 640 1484 ποδ”
636 1450 683 1494 ι,
722 1431 813 1482 καὶ
839 1428 1119 1498 ἐπιψοφῶν
1146 1430 1257 1490 τοῖς
1296 1428 1573 1491 δακτύλοις
1603 1428 1756 1495 λιγυ-

208 1526 291 1595 ρῶς
314 1524 418 1593 ἅμα
448 1524 584 1593 πρὸς
608 1523 701 1574 τὸν
730 1522 931 1592 ῥυθμὸν
959 1518 1404 1589 ἐπιφθέγγεσθαι,
1441 1520 1533 1572 καὶ
1554 1518 1751 1587 λέγειν,

203 1615 251 1665 τὸ
275 1616 353 1665 καὶ
385 1613 546 1682 μηδὲν
580 1612 662 1665 ἔτι
710 1611 942 1682 δεήσειν,
981 1612 1118 1681 μήτε
1151 1609 1324 1677 λόγων
1356 1609 1577 1680 ἐτέρων,
1616 1611 1750 1681 μήτε

204 1707 351 1757 τόνων
376 1704 662 1773 δευτέρων.

1857 696 2009 751 nullo
2042 694 2339 757 desiderio,
2384 710 2447 749 ea
2476 710 2597 765 quae
2638 696 2915 765 proposita
2953 696 3188 761 fuerant,
3240 715 3428 767 perse-

1858 787 2060 858 quendi
2109 786 2425 841 elaborata?
2463 785 2618 840 Haud
2662 787 2804 841 enim
2834 786 2989 841 facile
3035 790 3160 859 quis
3207 790 3425 853 dixerit,

1856 880 2142 948 cuiusnam
2172 895 2237 933 ex
2264 879 2648 948 eloquentibus
2667 880 2893 948 vestigia
2923 880 3194 945 imitatus,
3214 897 3279 935 eo
3299 896 3429 951 pro-

1857 974 2109 1037 cesserit,
2137 980 2195 1025 ut
2233 973 2399 1027 veluti
2443 974 2696 1029 scenicus
2731 975 3001 1043 quispiam
3052 983 3430 1044 portentorum

1859 1071 1913 1117 et
1941 1061 2273 1115 mirabilium
2305 1061 2551 1123 effeCtor,
2578 1063 2879 1118 orationem
2945 1066 3212 1135 oppositis
3252 1060 3432 1120 isoco-

1860 1153 1946 1216 lis,
1974 1168 2068 1207 seu
2101 1153 2324 1222 paribus
2352 1154 2620 1208 membris
2678 1162 2729 1208 et
2777 1154 3031 1209 similiter
3086 1157 3428 1219 cadentibus,

1859 1250 2120 1311 tanquam
2152 1243 2506 1313 crepitaculis
2560 1244 2888 1313 quibusdam
2942 1247 3261 1301 vocularum
3297 1263 3432 1302 con-

1861 1336 2127 1391 cinnitate
2159 1336 2495 1391 distinxerit.
2526 1336 2849 1407 Cuiusmodi
2880 1346 3078 1408 prteter
3111 1342 3278 1394 multa
3301 1342 3429 1409 alia,

1861 1427 1953 1480 illa
1986 1427 2173 1482 itidem
2207 1434 2357 1492 sunt,
2394 1445 2514 1497 quae
2539 1429 2723 1483 statim
2760 1430 2815 1483 in
2846 1432 3068 1486 exordio
3109 1443 3427 1500 occurrunt,

1862 1518 2196 1572 teretismata
2242 1527 2294 1573 et
2331 1520 2649 1588 crepundia,
2712 1522 2895 1575 mollia
2956 1531 3011 1577 et
3044 1524 3247 1577 lasciva
3291 1534 3432 1580 sota-

1860 1609 1983 1672 dea,
2031 1625 2151 1679 qua:
2180 1626 2299 1665 mea
2355 1612 2573 1681 quidem
2624 1614 2896 1667 sententia
2946 1613 3037 1669 ille
3074 1632 3143 1669 ne
3197 1617 3430 1673 recitare

1858 1701 2076 1770 quidem
2136 1718 2300 1771 posse
2358 1704 2575 1759 videtur
2635 1703 2793 1759 firmo
2846 1714 2900 1761 et
2952 1708 3137 1777 quieto
3181 1710 3429 1781 corporis

205 1806 342 1865 statu,
404 1797 500 1854 sed
556 1797 759 1868 pedum
818 1798 1069 1866 strepitu,
1138 1809 1511 1864 manuumque
1557 1795 1751 1864 plausu
1788 1804 1912 1865 apte
1940 1796 2153 1851 scilicet
2183 1797 2251 1851 ad
2285 1814 2597 1865 numerum,
2639 1800 2840 1855 additis
2874 1800 3005 1866 illis,
3074 1802 3226 1857 nullo
3309 1819 3426 1857 am-

204 1894 319 1963 plius
334 1906 467 1961 opus
488 1904 639 1952 esse,
688 1902 867 1957 neque
893 1886 1017 1942 aliis
1046 1885 1417 1950 orationibus,
1464 1900 1642 1954 neque
1662 1886 1813 1941 curis
1842 1887 2124 1943 secundis.

266 1982 342 2035 Ἐν
384 1980 596 2043 τούτοις
639 1978 837 2044 τοίνυν,
890 1978 982 2032 καὶ
1030 1980 1144 2041 τοῖς
1194 1977 1452 2041 τοιούτοις
1482 1977 1544 2031 τὸ
1593 1976 1755 2031 πλέον

1927 1978 1984 2033 1η
2010 1980 2094 2034 his
2132 1980 2297 2051 igitur
2324 1988 2378 2036 et
2404 1979 2675 2037 similibus
2724 1980 2955 2037 libenter
2989 1983 3037 2038 ei
3066 1986 3270 2053 primas
3300 1999 3432 2039 con-

204 2076 318 2145 ἒχειν
343 2071 497 2126 αὑτὸν
527 2070 914 2140 συγχωρήσας,
942 2068 1037 2122 καὶ
1066 2067 1208 2121 κατά
1230 2067 1474 2133 ἐξουσίαν
1500 2070 1756 2139 ἐμφορεί-

204 2164 301 2219 σθσι
322 2162 414 2232 τῆς
442 2163 625 2232 νίκης,
664 2163 845 2215 πᾶσαν
870 2160 968 2231 τὴν
995 2159 1124 2231 περὶ
1150 2158 1321 2212 ταῦτα
1358 2160 1591 2232 σπουδὴν
1618 2157 1759 2212 ἑκὼν

204 2255 565 2328 ὑπερϐήσομαι,
598 2254 675 2316 ὡς
722 2253 901 2323 μόνοις
932 2255 1045 2315 τοῖς
1085 2252 1221 2322 πρὸς
1255 2251 1565 2322 φιλοτιμίαν
1591 2252 1759 2323 ὁρῶσι

205 2350 571 2418 προσήκουσαν.
611 2345 678 2396 Εἴ
703 2344 767 2412 γέ
798 2360 919 2396 τινα
966 2343 1120 2413 φέρει
1150 2343 1458 2412 φιλοτιμίαν
1486 2343 1620 2407 ὅλως
1648 2346 1760 2406 τοῖς

203 2438 424 2501 τοιούτοις
447 2438 556 2490 τῶν
585 2437 758 2505 λόγων
783 2436 1287 2508 ἐνδιαθρύπτεσθαιον
1312 2438 1433 2489 ἐπεὶ
1455 2437 1546 2490 καὶ
1579 2439 1606 2490 ό
1631 2440 1761 2509 γνή-

204 2547 294 2594 σιος
328 2529 605 2599 ὑπηρέτης
654 2528 750 2581 τοῦ
794 2528 952 2596 λόγου
998 2527 1228 2592 Παῦλος,
1261 2528 1395 2601 μόνῃ
1439 2531 1507 2599 τῇ
1538 2528 1762 2601 ἀληθείᾳ

204 2624 535 2695 κοσμούμενος
555 2664 577 2690 ,
608 2621 771 2686 αύτός
799 2639 860 2675 τε
891 2625 1011 2685 ταῖς
1039 2622 1312 2686 τοιαύταις
1341 2621 1632 2686 ποικιλίαις
1672 2624 1759 2675 αἰ-

204 2716 338 2787 σχρὸν
357 2715 486 2787 ᾢετο
508 2714 1017 2785 κατασχηματίζειν
1034 2715 1122 2768 τὸν
1146 2716 1320 2783 λόγον,
1344 2716 1435 2770 καὶ
1456 2716 1604 2786 ἡμᾶς
1628 2716 1761 2786 πρὸς

204 2807 281 2879 τὴν
304 2808 551 2879 ἀληθειαν
578 2808 752 2880 μόνην
805 2808 1016 2877 ἀφορᾷν
1046 2806 1406 2871 ἐξεπαίδευσε,
1444 2807 1623 2870 καλῶς
1669 2808 1762 2860 καὶ

206 2901 559 2971 προσηκόντως
595 2899 755 2953 τοῦτο
781 2898 1105 2969 νομοθετῶν.
1141 2899 1205 2951 Τί
1232 2898 1338 2968 γὰρ
1370 2897 1474 2970 χρὴ
1498 2900 1595 2969 τὴν
1630 2916 1763 2968 κομ-

207 2992 416 3063 μωτικὴν
443 2992 770 3063 περιεργίαν
794 2993 873 3054 είς
898 2992 997 3062 τὴν
1022 2992 1117 3044 τοῦ
1142 2991 1293 3045 νόθου
1320 2992 1413 3044 καί
1440 2991 1763 3061 πσοφισμέο

205 3102 278 3137 νου
320 3085 541 3148 κάλλους
582 3084 891 3137 συντέλειαν
940 3082 1294 3154 ἐπισύρεσθαι
1333 3084 1425 3136 τὸν
1460 3083 1538 3153 τῷ
1575 3083 1763 3154 κόσμῳ

203 3175 285 3245 τῆς
307 3176 557 3247 ἀληθείας
602 3174 1012 3247 ὼραῖζόμενονς
1056 3170 1153 3240 Οἷς
1193 3176 1291 3245 μὲν
1334 3176 1442 3247 γὰρ
1477 3177 1758 3248 ἄπεστινὴ

203 3267 419 3336 ἀλήθεια,
450 3270 729 3339 χρήσιμον
756 3267 885 3333 ἴσως
913 3267 1002 3322 διὰ
1023 3270 1121 3339 τῆς
1153 3269 1262 3321 τῶν
1286 3270 1545 3341 ῥημάτων
1574 3270 1764 3341 ἡδονῆς

1859 2072 1993 2126 cedo
2034 2072 2367 2143 victoriaque
2414 2075 2568 2142 plene
2606 2072 2711 2127 frui
2760 2088 2914 2144 (aqua
2976 2083 3154 2129 mente
3211 2077 3427 2145 patior;

1861 2165 2111 2234 neglecto
2154 2165 2298 2219 enim
2319 2166 2466 2220 circa
2492 2181 2578 2220 res
2600 2165 2913 2235 bujusmodi
2950 2168 3291 2221 accuratiore
3316 2175 3431 2223 stu-

1861 2255 1952 2310 dio
1981 2264 2241 2326 tanquam
2272 2257 2381 2311 illis
2403 2266 2748 2327 competente
2787 2259 2877 2328 qui
2909 2258 3087 2312 omnia
3126 2259 3192 2313 ad
3217 2260 3429 2313 laudem

1862 2350 2138 2419 propriam
2178 2350 2443 2415 referunt,
2480 2351 2525 2403 si
2578 2365 2741 2420 quam
2796 2358 2980 2406 tamen
3026 2351 3240 2405 laudem
3287 2353 3430 2422 parit

1860 2442 1915 2493 in
1944 2440 2036 2492 tali
2063 2440 2329 2493 orationis
2364 2455 2560 2509 genere
2590 2439 2834 2494 studiose
2874 2442 3245 2502 versari.cum
3266 2458 3430 2497 verus

1861 2540 1916 2586 et
1945 2546 2240 2600 germanus
2292 2532 2563 2585 sermonis
2602 2532 2923 2587 administer
2975 2533 3035 2585 ι).
3090 2531 3292 2589 Paulus
3315 2534 3431 2588 sola

1860 2623 2091 2676 veritate
2124 2622 2409 2691 speciosus
2440 2632 2595 2692 turpe
2614 2625 2891 2678 censuerit
2935 2625 3253 2693 hujusmodi
3281 2627 3433 2680 leno-

1862 2713 2021 2768 ciniis
2046 2715 2350 2768 orationem
2381 2714 2618 2780 variare,
2656 2730 2869 2784 nosque
2904 2716 2968 2770 ad
3013 2716 3183 2770 solam
3221 2717 3430 2771 verita-

1864 2810 1969 2858 tem
1990 2803 2262 2873 respicere
2278 2802 2528 2857 docuerit
2550 2820 2565 2869 ;
2604 2809 2747 2857 recte
2766 2811 2818 2857 et
2844 2804 3230 2858 convenienter
3249 2803 3434 2857 isthoc

1866 2893 2143 2949 sanciens.
2171 2893 2312 2960 Quid
2342 2894 2489 2949 enim
2522 2895 2713 2947 attinet
2736 2894 3109 2949 curiositatem
3140 2894 3287 2948 illam
3311 2908 3434 2948 ora-

1862 2985 2052 3049 tionis,
2075 3000 2197 3056 quae
2223 2987 2278 3040 in
2302 2985 2517 3041 crebris
2570 2985 2763 3042 incisis
2798 2994 2850 3041 et
2893 2986 3123 3041 comatis
3161 2987 3433 3051 consistit,

1865 3077 1931 3130 ad
1961 3077 2113 3134 falsa:
2144 3086 2199 3132 et
2248 3077 2446 3133 fucata:
2497 3077 2922 3148 pulchritudinis
2975 3079 3435 3147 complementum

1865 3170 2153 3225 corradere
2191 3170 2343 3224 illum
2389 3170 2482 3239 qui
2524 3179 2724 3223 ornatu
2767 3168 3017 3224 veritatis
3059 3169 3436 3239 splendescit?

1871 3263 1965 3318 llis
1997 3264 2141 3319 enim
2172 3278 2311 3332 quos
2337 3264 2539 3318 veritas
2569 3262 2775 3318 deserit
2812 3261 2945 3317 utile
2977 3261 3230 3317 fortassis
3272 3262 3436 3317 fuerit

204 3358 622 3431 ύποφαρμάττειν
651 3362 712 3414 τὸ
742 3360 954 3428 ψεῦδος,
990 3354 1101 3415 οἷόν
1147 3379 1199 3413 τι
1235 3361 1426 3430 φύκιον
1454 3362 1552 3432 τὴν
1580 3361 1761 3416 τοιαύ-

1867 3355 2046 3410 velare
2097 3354 2439 3410 mendacium
2481 3354 2781 3410 verborum
2833 3361 3141 3419 venustate,
3187 3354 3435 3424 inspersa

201 3468 283 3521 την
323 3453 641 3524 περιεργίαν
713 3452 1147 3523 ἐνδιατρίϐοντας
1182 3452 1259 3523 τῷ
1306 3454 1608 3526 χαρακτῆρι
1666 3454 1762 3509 τοῦ

203 3542 354 3610 λόγου.
386 3545 546 3597 Ούτω
580 3544 690 3615 γὰρ
718 3544 783 3598 ἂν
816 3545 1019 3615 πιθανή
1053 3563 1111 3599 τε
1156 3548 1250 3600 καὶ
1295 3547 1696 3618 εὐπαράδεκτος
1730 3551 1763 3618 ἡ

206 3636 362 3707 ἀπάτη
410 3640 520 3700 τοῖς
564 3637 821 3690 ἀκούουσι
866 3636 1076 3705 γένοιτο
1115 3640 1624 3710 κατεγνωρισμένη,
1675 3641 1768 3693 καὶ

208 3728 613 3799 περιηνθισμένη
657 3732 779 3793 ταῖς
810 3730 1085 3794 τοιαύταις
1121 3730 1216 3783 τοῦ
1266 3731 1423 3799 λόγου
1458 3732 1763 3801 κομψείαις.

210 3816 353 3870 Ὅταν
382 3818 436 3870 δὲ
471 3817 695 3891 καθαρὰ
738 3818 829 3871 καὶ
853 3818 1059 3888 ἀμιγὴς
1096 3820 1292 3881 παντὸς
1319 3819 1536 3890 δολεροῦ
1564 3838 1769 3890 προκα-

207 3907 458 3979 λύμμτος
489 3909 865 3980 σπουδάζηταί
887 3927 1028 3964 τισιν
1068 3913 1101 3981 ἡ
1146 3910 1390 3981 ἀλήθεια,
1423 3912 1628 3965 οἴκοθεν
1667 3915 1767 3966 ἐπ-

207 4003 484 4072 αστράπτει
513 4004 627 4065 τοῖς
654 4002 972 4073 λεγομένοις
1002 4003 1063 4056 τὸ
1092 4002 1306 4066 κάλλος.

262 4179 472 4234 Μέλλων
510 4180 571 4232 δὲ
621 4179 716 4250 ἤδη
772 4179 872 4248 τῆς
906 4179 1203 4243 ἐξετάσεως
1239 4177 1504 4233 ἅπτεσθαι
1546 4180 1654 4234 τῶν
1685 4182 1762 4235 εί-

208 4269 454 4338 ρημὲνων,
490 4272 796 4340 ἀμηχανεῖν
837 4286 927 4341 μοι
977 4270 1119 4323 δοκῶ
1166 4270 1417 4341 καθάπερ
1451 4272 1508 4324 ἐν
1538 4272 1769 4343 νηνεμία⁹

204 4375 274 4423 τις
296 4362 560 4432 γεωργὸς,
594 4362 693 4413 ούκ
724 4361 862 4431 ἔχων
884 4363 1030 4423 ὅπως
1060 4361 1396 4431 διακρίναιμι
1421 4362 1510 4415 τὸν
1539 4363 1765 4433 καρπὸν,

206 4454 283 4505 καὶ
325 4454 382 4506 τὸ
418 4455 645 4524 ἄχυρον·
697 4454 951 4507 τοσοῦτον
1000 4456 1056 4506 ἐν
1090 4453 1165 4523 τῷ
1212 4453 1421 4522 θημῶνι
1445 4454 1618 4524 τούτῳ
1659 4455 1767 4507 τῶν

205 4540 372 4609 λόγων,
400 4544 462 4596 τὸ
494 4543 751 4613 περιττόν
780 4560 839 4596 τε
884 4543 978 4597 καὶ
1010 4545 1284 4614 ἀχυρῶδές
1313 4546 1480 4608 ἐστιν,
1504 4546 1579 4609 ὡς
1603 4546 1768 4614 ἐγγὺς

206 4626 323 4685 εἶναι
348 4634 439 4687 τοῦ
483 4633 732 4704 μηδόλως
762 4633 999 4703 νομίζειν
1038 4635 1096 4685 ἐν
1146 4636 1280 4687 πᾶσι
1308 4638 1425 4699 τοῖς
1461 4636 1767 4706 εἰρημένοις

1869 3445 2183 3515 hujusmodi
2227 3445 2375 3499 inani
2419 3452 2473 3499 et
2520 3444 2794 3515 superflua
2843 3444 3125 3515 diligentia
3176 3446 3433 3508 orationi,

1870 3546 2128 3609 tanquam
2161 3537 2286 3592 fuco
2314 3538 2570 3609 quodam.
2622 3537 2757 3591 Nam
2793 3538 2895 3592 hoc
2932 3547 3093 3606 pacto
3133 3552 3288 3591 error
3309 3552 3421 3607 pro-

1869 3629 2089 3692 babilis,
2120 3637 2173 3683 et
2209 3629 2407 3699 dignus
2442 3628 2834 3697 approbatione
2867 3627 3216 3681 auditoribus
3258 3629 3435 3682 videri

1870 3730 2068 3791 potest,
2100 3727 2288 3790 utpote
2317 3728 2493 3776 tectus
2516 3728 2571 3776 et
2606 3721 2886 3775 nitescens
2910 3720 3113 3775 talibus
3140 3721 3435 3775 verborum

1869 3812 2227 3867 ornamentis.
2260 3811 2330 3865 At
2367 3812 2588 3881 quando
2610 3813 2735 3881 quis
2780 3810 2953 3881 ipsam
2988 3812 3276 3865 veritatem
3328 3827 3433 3880 pu-

1869 3918 1989 3956 ram
2036 3911 2090 3958 et
2138 3903 2343 3957 nullius
2389 3905 2601 3957 externi
2641 3902 2967 3957 admistione
3006 3903 3434 3957 contaminatam

1871 3998 2133 4056 sectatur,
2170 3991 2353 4044 nativa
2380 3991 2615 4060 quadam
2644 3991 3053 4061 pulchritudine
3102 3992 3435 4060 splendescit

1869 4082 2068 4137 oratio.

1942 4173 2209 4230 Caeterum
2246 4188 2603 4244 aggressurus
2624 4174 2735 4243 jam
2771 4189 3000 4228 examen
3042 4184 3094 4229 et
3132 4175 3426 4233 discussio-

1869 4282 1993 4321 nem
2027 4280 2239 4328 eorum,
2264 4282 2383 4335 quae
2416 4266 2640 4335 scripsit
2681 4265 2997 4329 Eunomius,
3053 4267 3259 4322 haerere
3304 4267 3430 4321 mihi

1870 4370 2073 4425 anceps
2096 4356 2305 4419 videor,
2332 4357 2507 4412 instar
2548 4356 2800 4426 agricolae
2844 4372 2966 4411 cum
3016 4359 3194 4413 onmis
3240 4367 3435 4415 ventus

1869 4449 2123 4517 quiescit,
2149 4450 2343 4505 incerti
2374 4465 2613 4521 quonam
2646 4451 2809 4506 modo
2838 4451 3172 4508 frumentum
3211 4468 3239 4506 a
3262 4455 3436 4525 paleis

1870 4549 2136 4609 segreget.
2174 4538 2409 4593 Tantum
2465 4541 2609 4595 enim
2650 4543 2707 4596 in
2756 4544 2863 4596 hoc
2912 4545 3180 4600 orationis
3240 4561 3437 4601 acervo

1871 4629 2130 4699 superflui
2154 4637 2208 4685 et
2245 4632 2525 4702 palearum
2555 4640 2660 4697 est,
2694 4641 2752 4687 ut
2785 4633 2899 4689 fere
2931 4637 3149 4692 credam
3172 4638 3224 4692 in
3253 4640 3435 4693 omni-

205 4720 281 4774 ὑπ’
301 4725 481 4790 αὑτοῦ,
511 4722 849 4795 πραγμάτων
864 4717 1000 4775 εἷναί
1017 4739 1137 4778 τινα
1156 4725 1190 4795 ἢ
1221 4726 1505 4794 νοημάτων
1535 4727 1761 4780 ύπόστα·

1874 4719 1977 4774 bus
2006 4734 2127 4789 qua:
2162 4720 2267 4775 iste
2297 4722 2501 4786 attulit,
2542 4723 2680 4777 nihil
2728 4740 2956 4793 prorsus
3003 4743 3185 4783 rerum
3247 4730 3427 4784 docta-

208 4828 293 4867 σιν.
334 4815 404 4867 Τὸ
446 4814 557 4887 γὰρ
607 4816 771 4866 πᾶσιν
815 4814 1013 4884 ἐφεξῆς
1059 4816 1171 4877 τοῖς
1214 4815 1615 4885 γεγραμμένοις
1667 4820 1766 4870 ἐπ-

205 4902 403 4967 εξιέναι,
444 4906 677 4976 μάταιόν
705 4922 764 4957 τε
795 4906 909 4975 ἅμα
935 4905 1070 4975 πρὸς
1114 4905 1213 4976 τὴν
1236 4906 1486 4976 σπουδὴν,
1518 4908 1612 4959 καὶ⁹
1642 4908 1764 4961 ἐπίο

206 5010 365 5060 πονον,
403 4998 502 5050 καὶ
531 4997 651 5049 ούδέ
681 4997 973 5067 συμϐαῖνον
992 4997 1161 5067 κρίνω
1178 4997 1258 5067 τῷ
1280 4998 1529 5069 ἡμετέρῳ
1554 5000 1759 5071 σκοπῷ.

206 5085 323 5139 Ούτε
353 5090 461 5160 γὰρ
494 5089 746 5142 τοσοῦτον
780 5089 1056 5160 περίεστιν
1091 5091 1221 5159 ἡμῖν
1255 5091 1352 5160 τῆς
1397 5092 1590 5161 σχολῆς
1615 5092 1762 5163 ἔχειν

208 5180 309 5231 κατ’
340 5180 589 5245 ἐξουσίαν
616 5182 953 5250 ἐνευκαιρεῖν
985 5183 1099 5243 τοῖς
1134 5182 1400 5251 ματαίοις
1446 5182 1538 5235 καὶ
1598 5199 1758 5255 προσ-

207 5268 342 5338 ήκειν
367 5268 523 5341 οἶμαι
550 5272 643 5325 τὸν
667 5272 888 5341 δόκιμον
920 5274 1178 5344 ἐργάτην,
1210 5276 1282 5345 μὴ
1314 5276 1438 5345 περὶ
1466 5275 1533 5327 τὰ
1561 5274 1762 5345 μάταια

208 5364 533 5433 κατατρίϐειν
582 5364 682 5434 τὴν
730 5364 976 5433 δύναμιν,
1028 5366 1140 5418 ἀλλ’
1190 5367 1247 5418 ἐν
1281 5364 1361 5429 οἷς
1388 5368 1416 5420 ὁ
1470 5367 1630 5431 πόνος
1673 5368 1764 5422 τὸν

210 5453 395 5521 καρπὸν
436 5454 866 5524 ὁμολογούμενον
905 5455 1035 5525 ἔχει.

272 5544 400 5597 Ὅσα
424 5545 598 5599 τοίνυν
624 5546 785 5610 εὐθὺς
812 5548 868 5598 ἐν
890 5547 1195 5617 προοιμίοις
1223 5549 1610 5619 ἀποσεμνύνων
1638 5553 1764 5606 ἐαυ-

210 5634 287 5686 τὸν
318 5636 388 5699 ὡς
411 5637 670 5705 ἀληθείας
705 5638 1015 5706 προστάτην
1046 5638 1123 5707 τῷ
1164 5638 1260 5708 τῆς
1297 5640 1551 5705 ἀπιστίας
1574 5642 1763 5696 ὀνείδει

212 5724 303 5779 τῶν
330 5728 795 5798 ἀντιτεταγμένων
825 5728 1178 5793 καθάπτεται,
1215 5729 1388 5798 λέγων
1430 5730 1662 5802 ἐμμονόν
1712 5751 1763 5786 τι

212 5819 292 5870 καὶ
334 5818 679 5876 δυσέκνιπτον
714 5820 898 5877 αὐτοῖς
950 5821 1297 5891 ἐντετηκέναι
1328 5821 1388 5875 τὸ
1425 5824 1627 5891 μῖσοςί
1652 5824 1760 5877 Καὶ

1873 4824 2107 4880 rumque
2129 4812 2521 4881 cogitationum
2555 4816 2757 4872 inesse.
2810 4820 2877 4872 At
2899 4836 3031 4873 vero
3060 4822 3265 4882 omnia.
3317 4837 3435 4892 quae

1872 4902 2114 4970 scripsit,
2151 4902 2425 4973 sigillatim
2455 4920 2909 4975 commemorare,
2970 4911 3159 4965 inutile
3185 4913 3346 4966 simul
3369 4914 3434 4968 ad

1870 5002 2117 5049 nostrum
2150 4997 2511 5065 propositum,
2543 5009 2598 5053 et
2627 5000 2880 5067 arduum,
2909 5010 2961 5057 et
2992 5018 3020 5056 a
3054 5019 3218 5073 scopo
3247 5015 3435 5061 nostro

1870 5088 2102 5142 alienum
2139 5088 2398 5143 arbitror.
2444 5089 2633 5161 Neque
2687 5094 2829 5147 enim
2869 5102 3079 5149 tantum
3131 5097 3289 5153 nobis
3341 5100 3436 5154 otii

1867 5181 2125 5249 suppetit.
2158 5187 2218 5234 ut
2238 5182 2498 5235 arbitratu
2532 5192 2716 5240 nostro
2774 5186 2931 5241 vanis
2958 5187 3106 5241 hisce
3133 5188 3298 5243 rebus
3338 5192 3410 5245 im

1869 5273 2071 5326 morari
2104 5272 2291 5327 liceat.
2330 5273 2393 5326 Et
2416 5291 2514 5344 par
2547 5285 2631 5331 est
2667 5276 2950 5347 probatura
2983 5280 3293 5348 operarium
3328 5281 3434 5335 vim

1872 5380 2025 5421 suam
2065 5366 2341 5422 insumere
2369 5382 2478 5421 non
2524 5368 2577 5422 in
2613 5368 2974 5425 infructuosis
3013 5371 3271 5440 operibus
3295 5412 3309 5437 ,
3341 5372 3436 5429 sed

1869 5458 1924 5512 in
1958 5458 2023 5513 iis
2058 5460 2253 5529 quibus
2298 5467 2518 5529 optatus
2547 5461 2754 5515 fructus
2785 5462 3126 5531 respondeat.

1938 5548 2088 5603 Mitto
2121 5550 2287 5620 igitur
2326 5565 2663 5619 quzecunque
2710 5551 2867 5605 initio
2898 5553 3081 5607 statim
3124 5553 3208 5608 sui
3252 5565 3438 5612 osten-

1866 5640 2016 5695 tandi
2050 5640 2247 5711 gratia,
2282 5648 2539 5709 tanquam
2564 5643 2810 5695 veritatis
2863 5658 3040 5712 praeco
3083 5652 3251 5710 esset,
3300 5648 3437 5703 ellu-

1868 5732 1988 5798 tiit;
2026 5739 2289 5801 praetereo
2345 5730 2509 5785 etiam
2563 5731 2900 5789 infidelitatis
2954 5735 3282 5801 convicium,
3328 5753 3437 5807 quo

1868 5823 2218 5879 adversarios
2251 5836 2383 5880 suos
2413 5824 2676 5894 aspersit;
2727 5824 2854 5880 dum
2886 5836 3202 5896 perpetuum
3249 5836 3301 5884 et
3347 5828 3435 5881 in-
