3920 6470
484 350 590 408 258

1685 362 1743 418 S.
1792 364 2114 424 GBEGORII
2150 365 2443 422 NYSSENI

3629 380 3745 435 255.,

489 460 719 519 delebile
750 464 932 520 odium
966 464 1103 538 ipsis
1131 468 1352 529 insitum
1406 486 1527 527 esse
1580 474 1677 530 ait.
1717 475 1828 532 Nec
1878 481 2047 535 dicam

2163 481 2237 545 ὡς
2263 482 2708 554 ἐπισοεαρεύεται
2751 488 2863 552 τοῖς
2904 488 3127 560 ἔναγχος
3160 491 3519 563 ἐγνωσμένοις
3566 495 3724 569 αὐτῷ,

492 568 653 622 quam
684 557 981 614 insolenter
1015 561 1278 630 glorietur
1324 564 1392 618 iis
1438 580 1556 635 qua:
1583 581 1682 636 pro
1731 569 2062 643 ipsolnuper

498 646 714 702 decreta
748 658 896 715 sunt,
939 666 1038 705 nec
1078 660 1256 708 tamen
1286 672 1533 724 quaenam
1566 660 1654 713 illa
1686 664 1795 717 sint
1822 663 2060 729 decreta,

492 736 757 805 explicat;
795 740 971 793 solum
997 742 1133 795 dicit
1173 744 1239 799 de
1269 749 1664 813 quiestionibus
1705 751 1885 806 dubiis
1912 753 2064 823 judi-

492 824 636 878 cium
670 825 895 881 factum.
937 830 999 882 Et
1048 832 1267 899 quidem
1322 836 1641 906 legitimum,
1677 842 1821 910 quod
1869 851 2064 912 praeter

490 911 574 970 fas
606 916 780 973 elatos
824 920 1106 977 moderato
1136 926 1319 980 animo
1356 944 1480 983 esse
1507 932 1763 1001 coegerit.
1786 984 1789 985 ,
1814 932 2059 1004 Propriis

487 1007 679 1063 verbis
701 1007 869 1079 Lydio
918 1012 1125 1068 scilicet
1160 1020 1450 1072 concentui
1490 1021 1761 1078 similibus
1804 1024 1877 1077 ita
1918 1026 2058 1081 scri-

487 1098 625 1156 hens
659 1119 674 1155 :
710 1099 904 1170 Sapere
931 1107 1126 1158 coactis
1179 1106 1321 1167 iusto
1364 1109 1567 1177 judicio
1591 1113 1677 1177 iis,
1723 1115 1814 1182 qui
1865 1115 2061 1185 injuste

488 1192 952 1258 seseextollebant,
986 1195 1131 1265 quod
1159 1196 1425 1264 judicium
1448 1202 1607 1255 etiam
1636 1204 2059 1263 interdictionem

486 1289 541 1336 et
571 1285 1002 1351 proscriptionem
1032 1287 1314 1341 rebellium
1351 1293 1673 1360 nominavit,
1721 1299 1909 1352 nescio
1928 1282 2061 1370 quid

486 1374 707 1429 nomine
733 1374 1116 1431 interdictionis
1151 1380 1463 1449 signiﬁcare
1496 1386 1706 1441 volens.
1741 1387 1866 1443 llaec
1907 1399 1960 1444 et
2004 1391 2058 1445 id

485 1477 655 1532 genus
687 1464 812 1529 alia,
845 1474 903 1519 ut
942 1467 1157 1522 inanem
1196 1471 1482 1525 verborum
1519 1477 1759 1543 turbam,
1791 1490 1844 1533 et
1874 1481 1940 1535 ad
1967 1481 2066 1535 ni-.

483 1554 560 1609 hil
590 1556 811 1611 omnino
841 1558 1239 1615 conducibilem
1285 1567 1574 1631 praeteribo
1605 1570 1826 1625 tacitus.
1871 1572 2057 1627 Sicubi

482 1653 662 1709 autem
698 1647 1009 1703 haereticam
1042 1666 1198 1705 suam
1241 1653 1546 1709 doctrinam
1600 1659 1927 1717 conﬁrmare
1970 1663 2059 1717 ni-

482 1738 726 1803 titur,ibi
759 1740 1063 1797 studiosius
1095 1752 1148 1797 et
1186 1747 1500 1802 accuratius
1538 1747 1821 1805 immorari
1877 1768 2057 1822 operae

2179 574 2300 627 τίνα
2330 575 2429 645 μὲν
2458 576 2526 629 τά
2548 579 2851 644 γνωσθέντα
2884 581 2958 653 μὴ
2994 582 3323 651 προστιθεὶς,
3342 585 3517 656 κρίσιν
3539 587 3593 639 δέ
3616 606 3737 641 τινα

2163 662 2272 715 τῶν
2313 664 2812 738 ἀμφισϐητησίμων
2855 670 2912 724 ἐν
2947 671 3130 736 αὐτοῖς
3175 673 3497 745 γεγενῆσθαι
3540 675 3721 745 λέγων,

2165 753 2258 806 καί
2290 772 2411 809 τινα
2445 757 2598 826 δίκην
2631 759 2851 831 ἔννομον
2891 763 2987 832 τὴν
3028 764 3123 817 τοῦ
3156 769 3450 835 σωφρονεῖν
3493 768 3724 839 ἀνάγκην

2162 851 2277 912 τοῖς
2310 851 2410 903 οὐκ
2450 852 2507 903 ἐν
2547 852 2670 925 δίκῃ
2715 854 3137 925 θρασυνομένοις
3183 859 3513 927 ἐπάγουσαν,
3560 863 3724 931 λέγων

2164 941 2361 994 οὑτωσὶ
2379 945 2444 1012 τῇ
2466 942 2569 1010 ἰδίᾳ
2587 948 2737 1015 φωνῇ
2753 947 2889 1000 κατά
2906 946 3004 1018 τὴν
3020 949 3209 1003 Λύδιον
3224 952 3487 1023 ἁρμονίαν
3500 955 3721 1028 ἐκείνην

2165 1031 2272 1087 Καὶ
2299 1031 2416 1086 τῶν
2436 1036 2548 1087 οὐκ
2578 1036 2648 1087 ἐν
2687 1036 2824 1107 δίκῃ
2846 1042 3305 1112 θρασυνομένων
3338 1047 3566 1117 ἐννόμῳ
3598 1048 3723 1119 δίκῃ

2162 1127 2496 1194 σωφρονεῖν
2522 1130 3019 1200 ἠναγκασμένων,
3048 1137 3113 1206 ἣν
3136 1140 3227 1190 καὶ
3265 1138 3606 1208 ἀ-πόῤῥησιν
3628 1144 3739 1197 τῶν

2162 1216 2576 1270 ἐπαναστάντων
2634 1218 2944 1289 ὠνόμασεν⁸
3005 1223 3100 1276 οὐκ
3154 1221 3247 1277 οἶδ’
3297 1227 3326 1280 ὅ
3361 1244 3412 1280 τι
3449 1228 3600 1280 νοῶν-
3635 1229 3737 1299 τὴν-

2156 1304 2526 1375 άπόρῤησιν,
2602 1310 2695 1361 καὶ
2749 1310 2925 1365 πάντα
2967 1313 3035 1366 τὰ
3081 1315 3333 1381 τοιαῦτα,
3384 1317 3462 1381 ὡς
3510 1320 3726 1388 μάταιον

2159 1397 2334 1466 ὄχλον,
2366 1399 2461 1452 καὶ
2486 1402 2564 1463 είς
2598 1402 2749 1455 ούδέν
2776 1403 3008 1474 φέροντα
3051 1409 3320 1478 χρήσιμον
3349 1413 3726 1484 παραδραμού-

2163 1506 2261 1559 μαι
2286 1489 2363 1559 τῷ
2406 1489 2567 1563 λόγῳ.
2605 1494 2668 1547 Ei
2694 1493 2751 1546 δέ
2790 1512 2912 1549 τινα
2949 1496 3043 1549 τοῦ
3086 1499 3364 1570 αἱρετικοῦ
3393 1507 3725 1575 φρονήματος

2161 1584 2486 1654 συνηγορίαν
2520 1585 2832 1656 πεποίηται,
2884 1588 3020 1658 πρὸς
3061 1590 3217 1645 τοῦτό
3264 1611 3352 1662 μοι
3385 1596 3566 1660 καλῶς
3595 1595 3726 1666 ἔχειν

2157 1674 2396 1744 ἡγοῦμαι
2436 1676 2534 1747 τὴν
2589 1677 2759 1730 πλείω
2808 1679 3080 1734 ποιεῖσθαι
3124 1684 3376 1755 σπουδήν.
3424 1685 3581 1741 υύτω
3628 1686 3725 1757 γὰρ

2157 1770 2248 1821 καὶ
2276 1770 2304 1820 6
2324 1768 2431 1822 τῶν
2462 1770 2619 1822 θείων
2647 1771 2931 1841 δογμάτων
2964 1774 3249 1846 ὑποφήτης
3274 1779 3330 1829 ἐν
3355 1777 3430 1847 τῷ
3458 1778 3580 1832 καθ’
3611 1779 3725 1831 ἐαυ-

476 1827 713 1896 pretium
747 1829 1023 1886 existimo.
1065 1831 1141 1884 lta
1197 1848 1436 1903 namque
1487 1836 1794 1892 divinorum
1832 1841 2047 1912 dogma-

481 1922 595 1942 ιη...
626 1917 892 1942 ἕ...........--
937 1922 1041 1942 --ει
1096 1920 1146 1942 2..
1186 1923 1294 1942 __-!-
1347 1925 1399 1942 I'I
1454 1925 1465 1935 ·
1656 1929 1667 1940 ο
1982 1934 1994 1942 ι

2153 1861 2244 1914 τὸν
2272 1861 2416 1933 λόγῳ
2453 1827 2769 1933 πεποίηκεν·
2805 1864 2863 1929 ὃς
2890 1827 3098 1921 πολλῶν
3322 1830 3630 1942 δυναμένων
3652 1875 3725 1937 είς

480 1917 895 1988 tuminterpres
933 1922 1043 1990 egit
1095 1920 1155 1975 in
1180 1923 1297 1978 suis
1345 1925 1543 1981 libris:
1582 1929 1669 1983 cui
1722 1944 1845 1984 cum
1885 1934 2055 1988 multa

480 2018 852 2080 suppeterent,
884 2012 1087 2081 quibus
1137 2014 1437 2071 orationem
1485 2019 1823 2089 amplificare
1868 2023 2058 2082 licuis-

480 2109 586 2167 set,
621 2100 873 2157 adductis
900 2104 965 2157 iis
990 2107 1390 2171 tantummodo,
1430 2124 1551 2178 quae
1586 2115 1896 2168 necessaria
1928 2132 2058 2172 cen-

479 2192 656 2258 nebat,
726 2194 1093 2262 prolixitatem
1162 2201 1468 2267 argumenti
1514 2205 1805 2267 contraxit,
1841 2208 2056 2265 selectis

478 2282 941 2352 blaSphemiarum
980 2286 1253 2356 capitibus
1321 2306 1388 2346 ex
1439 2296 1695 2352 omnibus
1747 2298 1877 2365 illis,
1935 2317 2060 2373 qua:

477 2374 619 2429 liber
649 2374 740 2429 ille
762 2376 963 2445 impius
990 2379 1335 2435 continebat-

546 2487 701 2554 Quod
730 2488 776 2544 si
812 2489 935 2557 quis
964 2492 1113 2559 cupit
1142 2492 1529 2552 refutationem
1563 2510 1812 2559 nostram
1853 2507 2061 2563 eodem-

476 2579 690 2643 ordine,
723 2594 885 2646 quem
922 2579 1011 2634 ille
1041 2592 1243 2646 servat,
1270 2588 1477 2641 institui
1504 2608 1516 2642 ε
1542 2591 1587 2645 is
1614 2595 1846 2664 explicet
1872 2601 2051 2665 velim,

475 2683 585 2737 quo
627 2668 917 2723 commodo
965 2670 1017 2725 id
1052 2670 1225 2727 ﬁeret.
1269 2674 1400 2740 Quae
1429 2679 1497 2733 ad
1532 2682 1818 2740 audientes
1853 2689 2055 2745 rediret

473 2760 707 2827 utilitas,
746 2760 791 2816 si
828 2762 1209 2832 inscriptionis
1252 2768 1505 2838 griplium
1534 2782 1587 2827 et
1616 2777 1879 2848 aenigma,
1907 2783 2052 2851 quod

478 2851 658 2906 instar
708 2851 974 2922 sphyngis
1026 2869 1055 2907 a
1104 2858 1365 2925 tragmdis
1413 2860 1749 2934 decantatae,
1796 2872 1956 2929 nobis
1996 2875 2052 2929 in

470 2942 740 3012 procemio
762 2943 1040 3012 proponit,
1074 2945 1458 3017 dissolverem,
1490 2968 1927 3018 commemorans
1966 2966 2057 3020 vi-

472 3033 670 3089 delicet
715 3050 910 3090 novam
965 3035 1115 3090 illam
1166 3054 1266 3109 pro
1320 3043 1572 3114 apologia
1613 3052 1952 3123 apologiam,
1998 3066 2052 3112 et

470 3141 649 3197 nugas
681 3127 820 3183 alias
851 3128 1197 3198 complures,
1237 3141 1292 3187 et
1329 3134 1547 3203 longam
1588 3155 1806 3213 quoque
1850 3150 2047 3204 somnii

467 3218 894 3273 enarrationem.
925 3218 1066 3274 Puto
1090 3222 1235 3276 enim
1262 3224 1495 3284 lectores
1526 3233 1663 3288 satis
1694 3251 1890 3307 magna
1929 3256 2052 3296 mo-
2077 3215 2120 3272 ο

469 3307 627 3363 lestia
680 3308 933 3363 aﬂectum
985 3311 1052 3364 iri
1110 3311 1366 3370 Eunomii
1416 3321 1701 3389 oratione;
1748 3330 1944 3396 partim
1978 3333 2048 3387 ob

471 3400 750 3456 sordidam
816 3408 870 3456 et
904 3417 1101 3456 vanam
1144 3404 1200 3458 in
1258 3407 1371 3476 ipsa
1424 3409 1781 3483 inscriptione
1827 3422 2047 3476 novita—

469 3504 601 3563 tem,
629 3496 825 3566 partim
851 3496 921 3550 ob
937 3498 1181 3553 odiosam
1202 3505 1554 3573 pr0priorum
1586 3520 1883 3568 eventuum
1909 3531 2050 3572 enu-

469 3587 851 3642 merationem.
884 3588 1036 3657 Quos
1066 3606 1303 3663 namque
1334 3596 1571 3664 labores,
1602 3610 1657 3656 et
1696 3619 1816 3673 quae
1860 3616 2045 3663 certa-

469 3678 662 3732 minaa
689 3693 748 3734 se
768 3688 1026 3749 suscepta
1044 3684 1360 3749 non‘refert,
1391 3698 1532 3743 terra
1562 3692 1773 3749 scilicet
1798 3698 2045 3769 marique

471 3769 824 3840 pervulgata,
861 3779 916 3825 et
954 3780 1071 3828 toto
1123 3783 1393 3832 terrarum
1440 3782 1573 3836 orbe
1624 3785 1933 3842 celebrata?
1985 3789 2041 3844 Si

469 3859 586 3915 hac
626 3861 825 3916 iterum
872 3864 1267 3931 scriberentur,
1305 3877 1360 3923 et
1400 3872 1620 3941 quidem
1653 3890 1779 3931 cum
1826 3880 2043 3934 addita-

467 3959 676 4019 mento,
713 3961 772 4007 ut
840 3954 952 4009 ﬁeri
1013 3971 1241 4012 necesse
1287 3968 1411 4027 est,
1451 3965 1658 4021 erroris
1706 3968 2039 4028 refutatione

467 4048 775 4102 orationem
806 4060 1057 4117 augente,
1095 4051 1219 4120 quis
1247 4052 1382 4108 adeo
1409 4055 1621 4116 ferreus
1651 4072 1703 4115 ct
1738 4064 2041 4120 adamanti-

467 4153 573 4193 nus
600 4140 948 4209 reperiretur,
988 4142 1081 4211 qui
1116 4142 1349 4211 hujusce
1382 4147 1676 4219 diligentia:
1709 4154 2037 4224 importuni-

468 4235 582 4284 tate
617 4244 726 4283 non
766 4243 1215 4287 commoveretur
1260 4235 1325 4287 ad
1364 4243 1660 4295 nauseam?
1690 4242 1744 4296 Si
1777 4256 2036 4313 praeterea

467 4317 1015 4375 divinamltistoriam
1038 4323 1102 4376 ad
1132 4325 1359 4378 verbum
1383 4331 1695 4395 recitarem,
1727 4336 1850 4401 quis
1882 4337 2039 4390 nimi-

467 4422 589 4462 rum
614 4409 705 4463 ille
736 4408 935 4476 fuerit,
981 4416 1073 4481 qui
1107 4415 1173 4469 ad
1214 4415 1489 4472 Euxinum
1535 4421 1772 4477 Pontum
1815 4437 2035 4496 propter

2159 1953 2358 2017 πλάτος
2377 1955 2612 2009 ἐκτεῖναι
2636 1955 2727 2009 τὸν
2748 1956 2925 2026 λόγον,
2948 1959 3037 2013 διὰ
3063 1959 3169 2013 τῶν
3188 1961 3497 2030 ἀναγκαίων
3531 1964 3723 2035 προῖὼν

2157 2045 2358 2115 νόμων,
2390 2045 2674 2116 συντέμνει
2698 2046 2757 2100 τὸ
2790 2048 2993 2118 πλῆθος
3029 2049 3128 2120 τῆς
3172 2052 3502 2119 ὑποθέσεως,
3553 2056 3617 2109 τὰ
3644 2072 3735 2110 κε·-

2158 2135 2360 2203 φάλαια
2405 2137 2503 2207 τῆς
2551 2138 2901 2209 βλασφημίας
2930 2142 2993 2195 ἐκ
3026 2142 3241 2197 πάντων
3275 2145 3383 2198 τῶν
3428 2148 3733 2218 είρημένωυ

2157 2225 2213 2280 ἐν
2244 2229 2319 2301 τῇ.
2344 2227 2508 2299 βίόλῳ
2539 2229 2635 2299 τῆς
2659 2230 2911 2295 ἀσεϐείας
2939 2233 3355 2306 ἀναλεξάμενος.

2227 2528 2290 2579 Εἰ
2322 2527 2378 2580 δέ
2402 2545 2486 2592 τις
2526 2530 2774 2601 ἐπιζητεῖ
2808 2534 2948 2589 κατὰ
2974 2535 3072 2607 τὴν
3106 2535 3384 2609 τοῦλόγου
3418 2543 3573 2611 τάξιν
3602 2546 3727 2600 duro-

2157 2619 2363 2682 λούθως
2391 2620 2811 2693 ἀντεισαχθῆναι
2849 2627 2947 2679 καὶ
2983 2628 3073 2682 τὸν
3101 2630 3367 2701 ἡμέτερον
3385 2673 3399 2698 ,
3434 2637 3644 2691 εἰπάτω
3666 2639 3735 2691 τίν’

2156 2710 2361 2780 κέρδος.
2407 2712 2472 2764 Τί
2516 2714 2675 2767 πλέον
2706 2719 2996 2788 γενήσεται
3034 2723 3147 2782 τοῖς
3186 2723 3495 2788 ἀκούουσιν,
3545 2731 3591 2782 εί
3639 2732 3725 2785 τὸν

2155 2800 2349 2870 γρῖφον
2376 2802 2471 2856 καὶ
2494 2803 2554 2856 τὸ
2579 2805 2805 2877 αῐνιγμα
2855 2808 2957 2878 τῆς
2984 2811 3293 2885 ἐπιγραφῆς
3319 2815 3629 2892 διαλύσαιμι
3650 2864 3664 2886 ,
3695 2822 3733 2874 δ

2154 2890 2293 2944 κατά
2326 2889 2422 2962 τὴν
2454 2896 2719 2966 τραγικὴν
2743 2898 2967 2968 σφίγγα,
2998 2902 3157 2968 εὐθὺς
3176 2905 3310 2975 ἡμῖν
3334 2908 3395 2963 ἐν
3425 2889 3723 2982 προοιμίοις

2153 2978 2509 3047 προτείνεται,
2543 2982 2641 3052 τὴν
2673 2984 2863 3055 καινὴν
2889 2986 3102 3058 ἐκείνην
3133 2990 3272 3062 ὑπὲρ
3297 2994 3395 3065 τῆς
3436 2978 3729 3066 ἀπολογίας

2152 3067 2466 3137 ἀπολογίαν,
2503 3073 2598 3125 καὶ
2623 3074 2712 3127 τὸν
2740 3075 2909 3131 πολὺν
2948 3080 3055 3132 ἐπὶ
3081 3080 3255 3153 τούτῳ
3285 3082 3467 3157 λῆρον,
3498 3091 3595 3143 καὶ
3629 3090 3723 3161 τὴν

2156 3161 2370 3231 μακρὰν
2403 3161 2502 3216 τοῦ
2529 3163 2738 3236 ὀνείρου
2772 3168 3088 3239 καταλέγων
3110 3172 3380 3245 διήγησιν.
3411 3176 3580 3251 Οἶμαι
3618 3184 3722 3254 γὰρ

2157 3250 2354 3315 ἱκανῶς
2382 3254 2699 3312 ἀποκναίειν
2726 3259 2853 3323 τοὺς
2875 3261 3298 3334 ἐντυγχάνοντας
3316 3310 3329 3333 ,
3363 3273 3456 3324 καὶ
3486 3250 3549 3326 ἐν
3582 3250 3725 3346 μόνω

2147 3340 2227 3410 τῷ
2252 3340 2392 3414 λόγῳ
2412 3345 2503 3397 τοῦ
2528 3346 2795 3419 Εὐνομίου
2826 3354 3129 3424 σωζόμενον
3160 3360 3221 3413 τό
3251 3378 3309 3413 τε
3333 3340 3610 3435 γλισχρὸν,

2150 3432 2378 3502 μάταιον
2418 3438 2514 3506 τῆς
2547 3440 2604 3492 ἐν
2631 3444 2696 3512 τῇ
2734 3445 3010 3520 ἐπιγραφῇ
3041 3449 3135 3503 τοῦ
3166 3451 3325 3521 λόγου
3359 3432 3680 3529 καινότητος
3700 3498 3716 3527 ,

2146 3523 2240 3576 κα)⁸
2267 3523 2335 3577 τὸ
2379 3530 2637 3598 φορτικὸν
2670 3532 2819 3604 ἅμα,
2865 3538 2958 3592 καὶ
2995 3540 3121 3609 περὶ
3152 3544 3332 3598 αὐτῶν
3373 3547 3482 3601 τῶν
3513 3523 3725 3606 οἰκείων

2145 3616 2498 3687 διηγημάτων
2518 3638 2531 3651 ·
2555 3624 2701 3689 οἴους
2732 3628 2946 3693 πόνους,
2967 3633 3059 3685 καὶ
3073 3633 3265 3700 ἄθλους
3290 3640 3483 3693 ἐαυτοῦ
3517 3643 3715 3717 διεξέρ⁴

2146 3725 2317 3777 χεται,
2342 3710 2429 3764 διὰ
2453 3714 2629 3784 πάσης
2649 3718 2772 3784 γῆς,
2799 3722 2892 3774 καὶ
2906 3721 3173 3792 θαλάττης
3192 3733 3610 3802 πεφοιτηκότας,
3627 3710 3718 3790 καὶ

2144 3804 2202 3855 ἐν
2225 3803 2372 3875 πάσῃ
2386 3808 2449 3875 τῇ
2472 3808 2762 3884 οἰκουμένῃ
2782 3830 2850 3884 κη
2859 3818 3244 3887 ρυσσομένους;
3267 3824 3327 3876 Εἰ
3345 3824 3599 3881 δὲ’ταῦτα
3619 3830 3715 3884 πά-

2143 3891 2224 3943 λιν
2239 3893 2518 3962 γράφοιτο,
2542 3898 2636 3950 καὶ
2663 3902 2799 3969 μετά
2827 3908 3164 3980 προσθήκης,
3199 3910 3274 3975 ὡς
3302 3912 3471 3977 εἱκδς,
3496 3918 3604 3970 τῶν
3620 3923 3715 3991 τῆς

2139 3980 2488 4049 ψευδολογίας
2506 3986 2739 4058 ἐλέγχων
2757 3990 3151 4058 πλεοναζόντων
3162 3998 3251 4051 τὸν
3266 3998 3439 4069 λόγον,
3456 4005 3541 4068 τίς
3551 3980 3713 4071 οὕτως

2143 4074 2366 4144 στερρὸς
2382 4078 2646 4141 φανεῖται,
2664 4082 2752 4133 καὶ
2765 4082 3135 4152 ἀδαμάντινος,
3166 4089 3243 4153 ὡς
3267 4092 3340 4163 μὴ
3358 4100 3711 4164 προσναυτιά·

2140 4181 2229 4216 σαι
2252 4166 2315 4234 τῇ
2341 4166 2565 4237 ἀκαιρία
2589 4170 2680 4223 τοῦ
2705 4174 2865 4227 πόνου
2888 4192 2900 4240 ;
2928 4177 2988 4230 Εἰ
3006 4178 3061 4231 δὲ
3085 4180 3177 4233 καὶ
3193 4181 3291 4252 τὴν
3303 4184 3481 4238 ἔνθεον
3504 4188 3713 4263 ἐκείνην

2142 4254 2375 4326 ἱστορίαν
2396 4258 2489 4309 ἐπὶ
2511 4258 2709 4324 λέξεως
2737 4264 3026 4334 γράφοιμι,
3052 4269 3133 4333 τίς
3149 4272 3176 4322 6
3202 4275 3338 4328 κατά
3353 4276 3443 4330 τὸν
3468 4254 3714 4347 Εὔξεινον

2138 4342 2357 4407 Πόντον,
2392 4344 2480 4399 διὰ
2518 4350 2615 4417 τῆς
2647 4349 2961 4421 ὁμωνυμίας
2994 4357 3156 4411 αὐτὸν
3199 4342 3572 4438 προλυπήσας,
3606 4367 3710 4436 οἷος

2136 4433 2164 4483 6
2197 4430 2309 4499 βίος
2335 4472 2349 4495 ,
2404 4435 2546 4499 τίνες
2600 4438 2657 4491 αί
2692 4441 2946 4507 σπουδαὶ,
2990 4446 3105 4511 πῶς
3138 4430 3411 4523 διεφέρετο
3433 4430 3595 4529 ’προς
3624 4430 3710 4514 τὸν

466 4497 873 4568 liomonymiam
940 4502 1119 4571 ipsum
1170 4508 1646 4574 constristaverit,
1708 4517 1887 4582 qualis
1925 4522 2033 4571 vita

468 4586 590 4614 ζηηῖη
620 4597 733 4614 ..ι-ι..
789 4605 906 4614 nn...
947 4593 1122 4614 ,αηκιξΔ
1167 4608 1377 4614 ___A__-,_.
1730 4605 1741 4614 .
1851 4609 1861 4614 _

2154 4497 2433 4593 ’Ᾰρμένιον
2472 4497 2560 4580 διά
2605 4530 2703 4600 τὴν
2734 4497 3061 4605 ὁμοτροπίαν
3084 4497 3194 4594 ’τοῦ
3226 4497 3421 4614 ἶἤθους,
3461 4497 3591 4604 51::
3622 4497 3708 4605 ἐπὶ

468 4586 591 4641 istic
619 4597 756 4647 acta,
787 4605 908 4658 quae
946 4593 1128 4646 studia
1161 4608 1417 4664 suscepta
1456 4616 1468 4651 :
1504 4605 1781 4668 quomodo
1811 4609 1881 4661 ob
1912 4625 2032 4662 mo-

466 4690 588 4729 rum
621 4675 1039 4733 similitudinem
1066 4681 1394 4739 dissenserit
1429 4702 1458 4741 a
1490 4692 1724 4758 quodam
1752 4695 2032 4762 Armenio,

465 4774 520 4822 et
552 4767 606 4820 in
641 4767 841 4835 quibus
880 4771 1076 4827 deinde
1107 4774 1249 4829 inter
1287 4794 1346 4832 se
1390 4787 1747 4839 convenerint
1788 4792 2035 4845 reconci-

467 4859 616 4914 liatis
641 4860 841 4915 animis
862 4904 876 4928 ,
916 4873 973 4916 ut
1006 4864 1214 4921 invicto
1245 4880 1299 4923 et
1332 4873 1686 4929 ceieberrimo
1716 4886 2035 4950 praeceptori

473 4952 649 5022 ipsius
682 4950 839 5006 Aetio
874 4952 983 5018 (his
1033 4957 1180 5011 enim
1212 4959 1485 5017 hominem
1540 4966 1702 5021 amt-it
1733 4972 2039 5044 pneconiis)

468 5042 869 5111 assentiretur;
901 5062 1149 5116 quanam
1184 5051 1287 5122 ipsi
1322 5062 1547 5111 structae
1582 5061 1691 5114 sint
1719 5063 1950 5131 insidiae,
1986 5042 2039 5122 et

469 5133 742 5190 machinae
766 5137 966 5206 quibus
996 5141 1050 5195 in
1077 5141 1347 5211 judicium
1368 5147 1633 5206 adductus
1665 5153 1755 5217 sit,
1785 5171 1892 5211 non
1927 5159 2034 5213 ullo

468 5223 688 5292 objecto
722 5225 983 5291 crimine,
1027 5245 1189 5298 quam
1242 5235 1384 5302 quod
1437 5252 1547 5306 prae
1600 5244 1819 5300 caeteris
1862 5247 2033 5316 gloria

468 5314 753 5370 emineret.
787 5315 842 5370 Si
872 5317 1008 5385 haec,
1043 5322 1287 5393 inquam,
1321 5330 1501 5383 omnia
1535 5332 1625 5387 hic
1655 5336 1933 5403 referrem,
1963 5353 2031 5394 an

467 5418 600 5468 non,
638 5406 782 5461 sicut
818 5407 877 5476 ii,
910 5412 1004 5480 qui
1032 5424 1323 5471 versantur
1361 5435 1483 5474 cum
1521 5423 1651 5487 illis,
1684 5442 1825 5496 quos
1847 5431 2033 5485 oculo-

466 5507 587 5547 rum
616 5496 840 5552 morbus
870 5508 1035 5564 tenet,
1068 5519 1131 5559 ex
1162 5510 1425 5563 continua
1465 5516 1861 5572 consuetudine
1907 5533 2032 5573 cum

464 5584 648 5652 aegris,
680 5589 933 5643 morbum
967 5592 1073 5650 sibi
1111 5596 1215 5665 ipsi
1243 5601 1459 5655 tandem
1490 5604 1741 5672 pariunt:
1764 5607 1839 5661 ita
1861 5618 1913 5664 et
1933 5626 2034 5682 ego

465 5682 753 5744 correptus
791 5679 1009 5737 viderer
1036 5688 1188 5756 gravi
1219 5691 1545 5760 aegritudine
1591 5696 1758 5752 rebus
1791 5701 1948 5756 vanis
1968 5679 2032 5759 ac

466 5761 681 5824 frivolis
710 5771 954 5829 studiose
981 5775 1331 5853 inveorandi,
1376 5785 1511 5856 ipsis
1552 5788 1800 5860 vestigiis
1843 5808 2033 5863 garru-

2139 4614 2246 4666 τίσι
2278 4615 2561 4671 συνέθεντό
2588 4637 2649 4672 τε
2698 4625 2814 4689 μετ’
2859 4626 3103 4699 ἀλλήλων
3135 4635 3229 4686 καὶ
3272 4641 3703 4715 κατηλλάγησαν,

2138 4703 2211 4765 ὡς
2233 4704 2323 4757 ἐπὶ
2346 4705 2435 4758 τὸν
2455 4708 2664 4781 ἄμαχον
2694 4712 2897 4768 ἐκεῖνον
2940 4721 3029 4772 καὶ
3061 4725 3124 4793 τῇ
3161 4726 3284 4799 δόξῃ
3310 4703 3473 4785 πολὺν
3512 4703 3706 4790 ’Ᾰέτιον

2136 4795 2225 4849 τὸν
2253 4797 2570 4855 διδάσκαλον
2598 4804 2761 4859 αὑτοῦ
2794 4815 3169 4885 συμφρονῆσαι
3202 4795 3439 4887 (τούτοις
3474 4827 3581 4899 γὰρ
3613 4830 3705 4883 αύο

2135 4886 2224 4939 τὸν
2259 4889 2619 4961 ἀποσεμνύνει
2641 4900 2752 4961 τοῖς
2769 4900 3060 4975 ἐπαίνοις),
3086 4886 3215 4962 εἷτα
3232 4912 3314 4975 τίς
3338 4917 3368 4985 ή
3395 4918 3514 4971 καθ’
3543 4886 3710 4973 αὑτοῦ

2140 4979 2383 5050 μηχανὴ,
2417 4984 2510 5036 καὶ
2540 4986 2771 5055 ἐπίνοια,
2806 4991 2871 5044 δι’
2897 4988 2964 5066 ἦς
2986 4998 3066 5060 εἰς
3092 5000 3271 5071 κρίσιν
3300 4979 3390 5058 τὸν
3413 5009 3577 5081 ἄνδρα
3609 5030 3701 5065 κα-

2134 5070 2402 5141 τέστησαν
2423 5091 2436 5104 ο
2479 5075 2728 5151 ἔγκλημα
2762 5084 3068 5156 ποιούμενοι
3094 5070 3155 5144 τὸ
3194 5094 3495 5167 εὐδοκιμεῖν
3513 5070 3697 5169 ἀύτὸν,

2135 5161 2229 5213 καὶ
2257 5161 2394 5234 ὑπὲρ
2422 5167 2546 5231 τοὺς
2580 5168 2772 5237 ἄλλους
2795 5171 2953 5230 εἶναι.
2984 5179 3047 5233 Ei
3068 5180 3239 5236 ταῦτα
3263 5161 3474 5259 λέγοιμι
3506 5161 3696 5256 πάντα,

2136 5251 2223 5326 ἆρ’
2247 5258 2364 5327 οὐχὶ
2387 5258 2638 5332 καθάπερ
2659 5265 2709 5316 οί
2730 5266 2839 5319 τῶν
2858 5268 3151 5341 ὀφθαλμῶν
3178 5275 3276 5347 τὴν
3307 5251 3460 5333 νόσον
3515 5284 3577 5336 ἐκ
3604 5251 3698 5354 τῆς

2137 5346 2334 5418 πολλῆς
2360 5349 2574 5419 ὁμιλίας
2608 5354 2714 5407 τῶν
2759 5363 3229 5433 προνενοσηκότων
3261 5367 3345 5434 ἐφ’
3369 5371 3588 5436 ἑαυτοὺς
3610 5346 3694 5425 εἰῇ

2135 5454 2321 5503 κοντες
2346 5480 2360 5502 ,
2397 5440 2539 5494 οὕτω
2570 5446 2660 5496 καὶ
2692 5447 2851 5510 αὐτὸς
2891 5458 3400 5527 συμμετεσχηκέναι
3438 5460 3569 5525 δόξω
3605 5462 3699 5516 τοῦ

2136 5529 2263 5601 περὶ
2298 5530 2396 5602 τὴν
2431 5535 2665 5603 ματαίαν
2696 5539 2929 5610 σπουδὴν
2960 5543 3409 5618 ἁρῤωστήματος,
3440 5553 3695 5623 ἑπόμενος

2134 5621 2253 5673 κατ’
2283 5620 2425 5690 ῐχνος
2451 5625 2507 5693 τῇ
2535 5624 2792 5698 φλυαρίᾳ,
2823 5632 2913 5683 καὶ
2935 5632 3000 5685 τά
3021 5634 3141 5687 καθ’
3168 5636 3394 5693 ἕκαστον
3414 5620 3691 5707 ἐξετάζων;

2135 5709 2300 5774 Τίνας
2333 5715 2467 5784 φησὶ
2503 5715 2721 5783 δούλους
2753 5720 2829 5785 είς
2860 5722 3171 5797 ἐλευθερίαν
3200 5730 3541 5801 ἀφιεμένους,
3577 5735 3691 5787 τίνα

2138 5802 2454 5874 μυουμένων
2486 5807 2689 5878 σχέσιν,
2730 5812 2823 5868 καὶ
2852 5815 3249 5890 ἀργυρωνήτων
3289 5822 3458 5891 τάξιν,
3510 5822 3602 5879 καὶ
3637 5823 3696 5882 τε
