3920 6480
182 340 274 397 9.57

1300 337 1579 396 CONTRA
1620 337 2164 404 EUNOMiUM,LiB.
2208 339 2248 392 1.

3295 333 3413 391 258

186 454 437 527 βούλονται
456 456 703 519 Μόντιος,
734 454 829 509 καὶ
855 454 1072 522 Γάλλος,
1102 456 1194 510 καὶ
1214 456 1534 527 Δομετιανὸς
1558 458 1730 509 ὲπεισ·

1848 454 2053 508 litatem
2085 451 2497 523 persequendo,
2531 457 2584 506 et
2610 452 2977 521 particulatim
3022 450 3409 517 examinanda,

186 545 331 607 ιόντες
357 543 432 614 τῷ
460 543 623 614 λόγῳ.
657 544 751 597 καὶ
796 544 1074 615 μάρτυρες
1110 545 1342 614 ψευδεῖς,
1368 547 1460 599 καὶ
1486 544 1737 615 βασιλεὺς

186 635 526 709 ὀργιζόμενος,
560 637 651 689 καὶ
685 638 765 699 είς
798 637 1093 708 ὑπερορίαν
1132 638 1275 701 τινές
1320 638 1736 708 μεθιστάμενοι;

181 730 234 781 Τί
260 729 359 799 γὰρ
390 728 455 781 ἂν
495 730 591 783 καὶ
619 730 831 796 γένοιτο
860 729 1067 783 τούτων
1100 730 1454 801 ματαιότερον
1485 730 1591 783 τῶν
1620 729 1736 800 διη-

177 821 417 889 ημάτων
442 820 521 890 τῷ
550 836 612 887 γε
644 820 720 891 μὴ
745 820 906 891 ψιλὴν
946 822 1185 892 ἱστορίαν
1212 820 1568 892 διηγήσασθαι
1603 820 1738 889 βου-

179 910 378 981 λομένῳ,
417 910 556 964 ἀλλὰ
586 911 856 980 διελέγξαι
880 912 970 965 τὸν
996 913 1317 965 ἀντειπόντα
1350 912 1427 981 τῷ
1464 912 1563 980 τῆς
1586 911 1736 982 αἱρέ-

180 1020 293 1066 σεως
318 1003 543 1072 δόγματι
566 1019 581 1067 ;
610 1004 751 1057 Πολὺ
778 1003 833 1055 δὲ
864 1003 1063 1071 μᾶλλον
1084 1004 1151 1056 τὰ
1176 1002 1266 1055 ἐπὶ
1291 1002 1499 1065 τούτοις
1523 1002 1612 1055 διὰ
1637 1005 1733 1072 τῆς

182 1094 393 1165 ἱστορίας
434 1094 784 1165 δηλούμενα,
832 1095 1055 1147 πλείονα
1087 1094 1185 1163 τὴν
1224 1095 1525 1164 ἀχρηστίαν
1576 1093 1685 1164 ἔχει
1711 1110 1726 1124 ο

176 1184 303 1257 οἶμαι
348 1187 456 1257 γὰρ
499 1188 624 1259 μηδ’
677 1188 743 1241 ἂν
790 1187 954 1240 αὐτόν
1003 1187 1092 1239 τὸν
1139 1188 1458 1256 συγγραφέα
1507 1186 1731 1239 διελθεῖν

177 1279 519 1343 ἀννστάκτως,
553 1279 659 1332 κᾶν
682 1283 881 1350 φυσικῇ
904 1298 1009 1332 τινι
1030 1282 1231 1349 στοργῇ
1263 1278 1568 1350 κρατῶνται
1596 1279 1731 1346 πρὸς

178 1372 278 1432 τοὺς
307 1371 360 1435 ἐξ
388 1370 573 1423 αὐτῶν
603 1372 653 1422 οί
691 1372 923 1441 πατέρες
947 1387 960 1400 ·
991 1368 1243 1440 δηλοῦται
1278 1372 1384 1441 γὰρ
1429 1372 1543 1422 ἐκεῖ
1569 1369 1728 1437 δῆθεν

175 1460 227 1511 τὰ
254 1460 629 1529 πεπραγμένα,
665 1464 757 1513 καὶ
784 1462 852 1513 τά
886 1459 1033 1530 πάθη
1058 1460 1144 1513 διὰ
1173 1460 1265 1512 τοῦ
1298 1459 1454 1526 λόγου
1485 1460 1564 1522 εὶς
1598 1458 1731 1529 ὕψος

176 1552 388 1619 αίρεται,
423 1552 520 1603 καὶ
560 1554 644 1614 εἱς
679 1553 985 1624 τραγῳδίας
1029 1552 1190 1620 ὄγκον
1230 1553 1262 1622 ἡ
1306 1551 1513 1621 ἱστορία
1550 1568 1729 1621 παρα-

175 1642 487 1704 σκευάζεται.

1840 561 1977 616 quos
1995 546 2214 599 tandem
2244 559 2432 599 servos
2458 543 2708 599 libertate
2736 545 2968 599 donatos
2986 552 3220 607 asserat,
3245 558 3410 615 quam

1839 639 2179 692 initiatorum
2204 637 2690 707 conspirationem,
2712 653 2985 708 quamque
3010 638 3411 708 mancipiorum

1839 729 2012 782 aciem
2044 735 2232 783 narret
2288 727 2350 781 Et
2383 728 2513 796 quid
2545 729 2649 783 sibi
2680 730 2870 783 volunt
2904 730 2957 783 in
2989 730 3293 783 orationem
3322 727 3411 781 in-

1837 822 1975 873 trusi
2010 819 2250 875 Montius
2285 830 2340 875 et
2373 820 2561 876 Gallus
2604 830 2663 875 et
2727 820 3089 884 Domitianus,
3147 828 3201 874 et
3239 826 3410 874 testes

1828 908 1982 974 falsi,
2017 920 2071 964 et
2104 913 2403 980 imperator
2437 913 2646 977 iratus,
2684 923 2735 967 et
2777 913 3025 965 nonnulli
3067 912 3120 964 in
3157 911 3410 965 exsillum

1836 1003 1981 1055 acti?
2008 1002 2147 1067 Quid
2182 1004 2327 1057 enim
2361 1005 2678 1071 bujusmodi
2724 1002 3154 1057 narratiunculis
3190 1001 3409 1054 inanius

1836 1101 1890 1147 et
1930 1094 2209 1159 stolidius,
2249 1097 2293 1148 si
2336 1096 2700 1150 instituantur
2729 1097 2797 1149 ab
2824 1112 2908 1159 eo,
2940 1094 3029 1165 qui
3058 1110 3168 1147 non
3207 1093 3407 1146 nudam

1842 1184 2130 1239 historiam
2188 1202 2246 1239 se
2296 1187 2540 1255 proﬁteri
2590 1188 2815 1248 scribit,
2868 1187 2960 1240 sed
3022 1186 3409 1240 refutationem

1837 1277 1958 1346 ejus
1984 1319 1997 1342 ,
2040 1279 2131 1346 qui
2158 1278 2432 1333 haereticis
2477 1280 2827 1348 dogmatibus
2848 1277 3214 1332 contradicit?
3244 1276 3297 1329 in
3324 1274 3411 1330 his

1837 1382 1983 1423 certe
2010 1371 2288 1424 historicas
2310 1373 2661 1426 narrationes
2688 1372 2823 1425 nihil
2856 1370 3108 1423 utilitatis
3150 1368 3407 1434 afferunt,

1836 1476 1975 1530 quas
2020 1477 2087 1515 ne
2134 1462 2313 1531 ipsum
2360 1463 2579 1532 quidem
2624 1471 2903 1517 auctorem
2953 1461 3072 1515 sine
3116 1460 3410 1515 oscitantia

1835 1555 2113 1623 perlegere
2164 1570 2325 1624 posse
2375 1556 2678 1610 existimo:
2718 1557 2843 1609 licet
2891 1554 3127 1607 naturali
3164 1550 3402 1621 quodam

1833 1658 2018 1698 amore
2039 1660 2166 1714 erga
2194 1646 2398 1701 liberos
2432 1662 2564 1701 suos
2599 1649 2892 1700 trahantur
2915 1652 3131 1715 patres:
3160 1644 3231 1696 ibi
3258 1641 3401 1696 enim

174 1750 271 1802 qttze
306 1743 451 1803 gesta
488 1744 623 1789 sunt
663 1738 1013 1807 explicantur
1070 1738 1527 1804 calamitatesque
1570 1730 1755 1786 verbis
1802 1733 2248 1802 ampliﬁcantur,
2306 1743 2360 1789 et
2412 1737 2618 1807 tragico
2670 1750 2821 1790 more
2903 1734 3131 1788 historia
3176 1746 3408 1802 exagge-

174 1838 318 1881 ratur.

240 1919 361 1969 Ἀλλ’
392 1920 477 1972 ἵνα
508 1921 591 1992 μή
624 1922 718 1974 καὶ
748 1922 897 1992 αὐτῷ
931 1922 1009 1992 τῷ
1036 1920 1418 1993 παραιτεῖσθαι
1452 1918 1612 1972 πλέον
1636 1913 1728 1970 τοῦ

1906 1910 2011 1966 Sed
2047 1928 2115 1967 ne
2148 1922 2203 1969 et
2232 1915 2348 1984 ipse
2372 1914 2601 1983 diutius,
2634 1931 2796 1988 quam
2824 1931 2926 1987 par
2965 1918 3070 1983 sit,
3113 1933 3199 1974 me
3238 1936 3407 1977 excu-

170 2008 381 2072 δέοντος,
416 2012 751 2081 ὲμϐραδύνω
784 2018 898 2077 τοῖς
938 2016 1244 2085 ἀνονήτοις,
1277 2014 1371 2066 καὶ
1413 2012 1662 2081 καθάπερ
1701 2012 1729 2063 ὁ

172 2102 242 2154 διὰ
282 2102 538 2174 βορϐόρου
601 2105 743 2168 τινὸς
787 2105 1081 2158 διελαύνων
1117 2105 1207 2157 τὸν
1258 2105 1443 2168 ἵππον,
1494 2104 1587 2155 καὶ
1630 2104 1729 2170 τῆς

174 2192 348 2246 ἐκεῖθεν
374 2194 576 2263 ἀηδίας
608 2196 1155 2264 καταπιμπλάμενος,
1179 2194 1321 2246 οῦτω
1342 2192 1496 2261 κάγὼ
1517 2192 1604 2246 διὰ
1630 2192 1729 2261 τῆς

165 2263 361 2356 δμνήμης
387 2286 496 2337 τῶν
536 2263 946 2356 γεγραμμένων
977 2263 1241 2354 διεξάγων
1265 2284 1356 2337 τὸν
1387 2284 1542 2352 λόγον
1568 2301 1731 2337 κατα-

177 2376 354 2446 μολῦνω
384 2376 443 2427 τὸ
476 2375 861 2447 σύγγραμμα,
897 2376 1125 2447 πρέπειν
1151 2375 1394 2445 ἡγοῦμαι
1429 2375 1605 2428 πάντα
1638 2374 1729 2427 τὸν

173 2465 375 2519 τοιοῦτον
422 2466 721 2537 συρφετὸν,
768 2467 917 2529 ὅπως
959 2465 1025 2519 ἂν
1130 2465 1377 2523 δυνατὸν,
1419 2463 1606 2534 ὑψηλῷ
1637 2463 1729 2516 καὶ

174 2562 301 2627 ταχεί
322 2558 395 2627 τῷ
437 2559 649 2629 ἅλματι
680 2556 773 2611 τοῦ
800 2557 959 2625 λόγου
992 2556 1343 2628 διαπηδῆσαι.
1391 2555 1592 2609 Ἰκανδν
1620 2553 1729 2624 γὰρ

176 2649 328 2720 κέρδος
348 2652 381 2719 ή
409 2652 612 2719 ταχεῖα
636 2651 743 2703 τῶν
766 2649 943 2719 ἀηδῶν
971 2648 1334 2719 ἀναχώρησις,
1372 2649 1505 2718 πρὸς
1538 2648 1599 2700 τὸ
1629 2647 1727 2700 πέ-

177 2756 256 2809 ρας
283 2741 372 2809 τῆς
420 2742 675 2812 ἱστορίας
713 2740 1045 2794 ἐπισπεῦσαι
1073 2740 1163 2793 τὸν
1204 2740 1359 2808 λόγον
1382 2757 1395 2770 ο
1446 2741 1522 2802 ὡς
1553 2740 1618 2793 ἂν
1654 2740 1726 2813 μὴ

175 2831 339 2901 καὶτῷ
366 2832 485 2903 ὲμῷ
520 2833 717 2903 βιϐλίῳ
761 2833 828 2885 τὰ
864 2833 965 2901 τῆς
996 2831 1216 2902 πικρίας
1264 2830 1440 2885 αὐτῶν
1484 2830 1729 2893 ὲνστάζοι

176 2921 229 2972 τὰ
256 2922 478 2991 ῥήματα.
522 2923 686 2993 Μόνῃ
720 2920 829 2992 γὰρ
875 2920 1130 2992 πρεπέτω
1158 2923 1224 2991 τῇ
1267 2920 1533 2989 Εὑνομίου
1578 2922 1727 2990 ψωνῇ

175 3010 367 3066 τοιαῦτα
398 3012 587 3082 λέγειν
611 3014 738 3083 περὶ
766 3012 953 3081 ίερέων
974 3010 1109 3063 Θεοῦ
1130 3028 1143 3041 ο
1219 3011 1605 3075 ὑπασπιστὰς
1634 3012 1727 3067 καὶ

172 3102 515 3172 ῥαϐδούχους
570 3105 666 3157 καὶ
704 3102 1075 3171 δορυφόρους
1104 3102 1584 3173 καταπλήσσοντας
1623 3103 1730 3156 διε-

180 3196 522 3265 ρευνωμένους
543 3234 558 3258 ,
596 3193 777 3246 λαθεῖν
805 3195 905 3246 οὐκ
944 3193 1335 3265 ἐπιτρέποντας
1377 3195 1467 3249 τὸν
1496 3195 1732 3265 κρυπτό-

179 3302 343 3354 μενον·
366 3288 456 3339 καὶ
490 3288 600 3340 ὅσα
631 3285 768 3339 ἄλλα
796 3284 935 3339 κατὰ
962 3284 1156 3348 πολιᾶς
1190 3284 1377 3356 ἱερέων
1407 3287 1507 3340 οὐκ
1542 3286 1729 3357 αἰσχύ-

176 3393 299 3429 νεται
322 3378 806 3449 γράφων.ἷὪσπερ
832 3378 941 3448 γὰρ
968 3379 1025 3430 ὲν
1058 3381 1168 3440 τοῖς
1193 3378 1592 3450 παιδευτηρίοις
1620 3380 1729 3449 τῷν

180 3469 346 3533 ἔξωθεν
373 3470 577 3538 λόγων,
610 3472 690 3533 εἱς
723 3471 1028 3539 γυμνασίαν
1058 3469 1157 3540 τῆς
1179 3470 1322 3524 κατὰ
1343 3472 1441 3540 τὴν
1486 3472 1728 3543 γλῶτταν

179 3560 348 3612 καὶτὸν
362 3560 485 3615 νοῦν
499 3562 871 3632 ἑτοιμότητος,
889 3563 1135 3633 ἀφορμαὶ
1149 3565 1463 3634 καταφορᾶς
1480 3566 1590 3627 τοῖς
1610 3582 1674 3635 με
1684 3582 1698 3617 ι
1709 3595 1729 3604 -

180 3653 359 3721 ρακίοις
380 3654 783 3724 προϐάλλονται
811 3654 955 3707 κατά
978 3672 1122 3717 τινος
1142 3654 1391 3724 ἀορίστου
1416 3656 1726 3728 προσώπου·

178 3744 296 3797 οὕτω
319 3747 432 3799 κατ’
466 3747 685 3800 εὐθεῖαν
728 3747 1049 3816 ὑπεμϐαίνει
1078 3751 1190 3813 τοῖς
1227 3750 1669 3819 μνημονευθεῖσιν
1704 3754 1732 3803 ό

182 3839 531 3908 συγγραφεύςο
590 3839 686 3892 καὶ
736 3838 833 3909 τὴν
887 3842 1193 3910 κακήγορον
1242 3840 1423 3904 αὐτοῖς
1467 3842 1731 3912 ἐπαφίησι

179 3928 417 3999 γλῶσσαν,
451 3933 551 3985 καὶ
574 3932 642 3985 τὰ
683 3931 821 4003 ἔργα
844 3933 941 4003 τῆς
971 3932 1235 4004 πονηρίας
1288 3934 1537 4002 σιγήσας,
1570 3933 1731 4005 ψιλὴν

181 4022 333 4087 αὐτοῖς
349 4024 751 4089 κατασκευάζει
768 4024 866 4095 τὴν
882 4025 1246 4096 ἑωλοκρασίαν
1255 4024 1361 4079 τῶν
1379 4023 1606 4095 ὕϐρεων·
1623 4028 1731 4079 πᾶν

181 4112 351 4178 ὅνειδος
378 4117 497 4168 κατ’
541 4115 723 4169 αὐτῶν
776 4116 1179 4186 συμπλάσσωνο
1229 4117 1321 4170 καὶ
1372 4116 1635 4180 συντιθεὶς
1674 4119 1730 4170 ἐν

181 4209 275 4268 ταῖς
298 4206 586 4279 λοιδορίαις
615 4206 685 4260 τὰ
706 4207 933 4278 ἄμικτα,
962 4207 1339 4278 φακοτρίϐωνα
1367 4208 1441 4277 (α)
1473 4208 1731 4280 στρατιώ-

180 4314 276 4366 την,
308 4300 392 4353 καὶ
421 4302 583 4369 ἇγιον
606 4300 906 4368 ἐξάγιστον·
935 4301 1039 4353 ὑπὸ
1069 4300 1322 4370 νηστείας
1346 4300 1401 4353 δὲ
1424 4301 1729 4371 ὠχριῶντα,

182 4390 254 4441 καὶ
276 4391 371 4443 ὑπὸ
404 4392 636 4462 πικρίας
669 4391 912 4459 φονῶντα
935 4433 948 4453 ,
995 4391 1087 4444 καὶ
1118 4391 1315 4462 πολλὴν
1343 4392 1594 4460 τοιαύτην
1628 4392 1731 4462 βω-

185 4479 405 4550 μολοχίαν
425 4525 438 4547 ,
472 4482 729 4553 καθάπερ
761 4484 817 4534 ὲν
845 4484 964 4545 ταῖς
990 4481 1092 4545 ἔξω
1119 4484 1360 4552 πομπαῖς
1386 4482 1729 4553 διαϐέϐληταί

1831 2004 2025 2069 sando,
2062 2006 2357 2062 inhaereant
2389 2010 2445 2062 in
2482 2010 2566 2063 his
2600 2011 2817 2076 stultis;
2852 2018 2906 2065 et
2940 2013 3406 2081 quemadmodum

1830 2094 1899 2158 is,
1932 2097 2025 2165 qui
2056 2112 2154 2166 per
2180 2114 2399 2153 carnum
2429 2102 2537 2171 agit
2566 2117 2769 2171 equum
2794 2141 2809 2165 ,
2858 2117 3018 2157 coeno
3048 2118 3268 2175 quoque
3315 2120 3406 2163 as-

1829 2189 2076 2258 pergitur
2099 2198 2153 2243 et
2195 2194 2507 2247 maculatur
2544 2195 2659 2269 :‘ita
2691 2210 2792 2264 ego
2830 2197 2995 2250 etiam
3030 2198 3404 2267 percurrendo

1828 2287 1883 2333 et
1913 2283 2393 2338 commemorando
2424 2286 2663 2355 singula,
2696 2302 2817 2356 quae
2844 2288 3065 2358 scripsit
3093 2290 3198 2344 iste
3220 2330 3234 2353 ,
3269 2304 3404 2344 con-

1828 2371 2088 2425 taminem
2136 2373 2336 2428 librum
2372 2391 2551 2430 meum
2590 2386 3067 2433 :consentaneum
3107 2380 3249 2435 duco
3275 2422 3289 2446 ,
3341 2387 3402 2437 ut

1829 2461 2011 2529 quoad
2039 2461 2154 2517 fieri
2190 2465 2411 2533 poterit,
2444 2473 2614 2521 totam
2664 2467 2807 2521 hanc
2848 2469 3171 2536 colluviem,
3206 2471 3315 2524 alto
3353 2478 3408 2525 et

1830 2552 1997 2606 celeri
2043 2555 2184 2607 saltu
2222 2556 2489 2611 orationis
2528 2559 2855 2624 transiliam,
2893 2576 3150 2628 magnum
3197 2563 3411 2616 emolu-

1828 2650 2073 2696 mentum
2126 2651 2283 2700 ratus
2307 2688 2322 2712 ,
2358 2660 2423 2699 ex
2468 2646 2620 2701 hisce
2652 2648 2914 2704 sordibus
2942 2665 3105 2719 quam
3142 2633 3408 2705 citissime

1830 2734 2082 2799 evadere,
2115 2742 2168 2789 et
2194 2737 2429 2790 orationi
2452 2738 2609 2791 tinem
2637 2739 2919 2809 imponere
2951 2757 2965 2795 :
2996 2757 3065 2795 ne
3086 2741 3221 2795 libro
3242 2742 3407 2797 etiam

1831 2840 1953 2879 meo
1986 2838 2351 2897 aspergantur
2390 2829 2708 2883 acerbitatis
2733 2832 2890 2899 plena
2917 2831 3206 2885 vocabula.
3232 2832 3408 2901 Cupio

1830 2916 1997 2981 enim,
2041 2923 2098 2969 ut
2130 2932 2196 2971 ex
2240 2918 2413 2971 solius
2454 2916 2709 2972 Eunomii
2748 2935 2842 2974 ore
2868 2920 3133 2989 prodeant
3155 2922 3245 2974 illa
3270 2937 3405 2976 con-

1832 3015 1918 3060 tra
1950 3008 2294 3063 sacerdotem
2332 3010 2422 3063 Dei
2464 3012 2715 3064 convicia
2749 3027 2762 3065 :
2797 3011 2927 3065 dum
2976 3023 3137 3067 vocat
3179 3029 3280 3069 nos
3316 3031 3407 3069 sa-

1832 3098 2022 3152 tellites
2064 3107 2117 3153 et
2160 3100 2369 3154 lictores
2397 3109 2450 3155 et
2476 3114 2748 3170 satrapas,
2783 3104 2875 3172 qui
2907 3106 3205 3173 percellant
3230 3116 3284 3161 et
3318 3108 3403 3161 in-

1833 3188 2032 3259 dagent
2068 3189 2474 3254 absconditum,
2511 3200 2566 3247 et
2597 3192 2808 3247 latitare
2840 3196 3109 3249 volentem
3141 3212 3248 3249 non
3284 3212 3407 3266 per-

1834 3280 2088 3343 mittant,
2138 3287 2193 3333 et
2230 3280 2313 3335 bis
2351 3281 2586 3345 similia,
2637 3298 2759 3352 quae
2807 3292 2999 3337 contra
3038 3287 3405 3341 venerandam

1833 3370 2178 3425 sacerdotum
2198 3372 2452 3427 canitiem
2471 3388 2724 3429 evomere
2752 3392 2859 3429 non
2887 3377 3183 3432 erubescit.
3211 3380 3408 3443 Quem-

1832 3462 2124 3517 admodum
2177 3467 2319 3519 enim
2371 3468 2425 3520 in
2484 3467 2631 3523 ludis
2674 3469 2960 3524 litterariis
3014 3472 3079 3524 ad
3126 3471 3406 3541 styli,lin-

1833 3569 1954 3624 gua:
1983 3563 2037 3610 et
2068 3556 2266 3609 mentis
2300 3558 2778 3625 exercitationem,
2810 3566 2860 3613 et
2897 3560 3207 3630 expeditam
3236 3560 3407 3616 facili-

1834 3654 2018 3710 tatem,
2058 3648 2296 3702 themata
2331 3648 2579 3719 quacdam
2614 3649 3055 3708 adolescentibus
3088 3667 3405 3723 proponun-

1836 3749 1946 3805 tur,
1977 3742 2177 3809 quibus
2212 3743 2353 3796 velut
2394 3758 2529 3797 ansa
2560 3744 2797 3814 (prodam
2830 3752 3048 3815 arrepta
3078 3746 3409 3802 invehantur

1835 3831 1890 3885 in
1945 3832 2208 3885 incertam
2254 3833 2545 3902 quamdam
2595 3849 2922 3903 personam:
2968 3837 3043 3890 ita
3085 3837 3189 3891 iste
3222 3837 3408 3892 decla-

1836 3932 2015 3978 mator
2071 3925 2127 3978 in
2177 3926 2469 3994 praedictos
2534 3926 2624 3981 Dei
2685 3928 2996 3983 sacerdotes
3037 3936 3152 3983 toto
3204 3929 3408 4000 impetu

1833 4018 2091 4081 incurrit,
2122 4026 2176 4072 et
2206 4018 2523 4073 maledicam
2568 4020 2788 4089 stringit
2831 4020 3108 4091 linguam,
3150 4022 3410 4091 nulloque

1833 4110 2020 4171 allato,
2054 4108 2212 4177 cujus
2248 4110 2321 4162 rei
2368 4110 2518 4175 sint,
2564 4108 2826 4175 crimine,
2886 4111 3001 4165 sola
3059 4111 3410 4167 conviciandi

1833 4201 2059 4255 libidine
2090 4200 2221 4268 ipsis
2249 4200 2502 4265 insultat;
2532 4201 2789 4256 omnibus
2814 4211 3007 4256 contra
3037 4202 3162 4259 illos
3188 4206 3408 4273 probris

1834 4290 2089 4346 conﬁctis
2116 4331 2131 4355 ,
2179 4301 2232 4346 et
2271 4292 2567 4346 calumniis
2619 4291 3039 4362 incompositis,
3078 4296 3410 4365 appellitans
3470 4328 3471 4331 η

1833 4384 2087 4439 videlicet
2106 4385 2355 4450 militem,
2379 4384 2472 4453 qui
2504 4385 2743 4440 lentibus
2766 4394 3045 4453 vescatur,
3076 4395 3131 4442 et
3156 4398 3410 4444 sanctum

1834 4477 1954 4532 sine
1986 4476 2299 4539 sanctitate,
2331 4476 2560 4545 jejuniis
2592 4478 2813 4546 quidem
2850 4479 3164 4547 pallentem,
3207 4482 3301 4537 sed
3340 4484 3411 4537 ob

182 4586 265 4633 τις,
289 4573 357 4634 ὡς
378 4572 442 4625 δι’
475 4574 783 4644 ὑπερϐολὴν
811 4573 1079 4636 ἀναιδείας
1102 4574 1228 4627 ἄνευ
1260 4574 1602 4641 προσωπείου
1623 4592 1729 4627 κω-

1836 4568 2038 4623 mentis
2091 4569 2397 4622 amaritiem
2457 4568 2635 4623 cmdes
2686 4570 3037 4639 spirantem:
3077 4582 3136 4627 ut
3199 4582 3410 4629 taceam

187 4663 363 4728 μάζων,
410 4664 588 4728 οὕτως
637 4665 813 4718 οὐδενὶ
862 4665 1320 4739 παραπετάσματι
1360 4665 1457 4736 τὴν
1509 4667 1732 4736 πικρίαν

184 4751 347 4807 ἑαυτοῦ
372 4758 693 4819 συσκιάσας,
714 4760 892 4827 γυμνῇ
953 4758 1042 4809 καὶ
1071 4757 1563 4833 ἀπηρυθριασμένῃ
1587 4764 1735 4832 φωνῇ

184 4844 237 4897 τὰ
261 4848 316 4899 ἐκ
348 4852 445 4920 τῆς
476 4847 695 4919 ἀμάξης
742 4848 1059 4919 προσφέρει.
1094 4844 1225 4902 Εἶτα
1254 4850 1506 4921 ὁμολογεῖ
1545 4854 1627 4920 ἐφ’
1659 4847 1739 4915 οἷς

186 4939 536 5007 παροξύνεται,
578 4942 658 4993 ὅτι
693 4939 926 5010 σπουδὴν
955 4941 1255 5005 ἐποιοῦντο,
1294 4945 1477 5013 φησὶν,
1517 4946 1734 5005 ἐκεῖνοι,

189 5030 247 5099 μη
273 5032 490 5095 πολλοὺς
519 5036 587 5102 τῇ
614 5032 796 5102 ἀπάτῃ
830 5031 1031 5084 τούτων
1060 5032 1605 5104 συνδιαστρέφεσθαι’
1641 5036 1733 5088 καὶ

184 5117 253 5172 διὰ
277 5123 426 5177 τοῦτο
444 5124 783 5193 χαλεπαίνει,
815 5124 906 5176 ὲπὶ
927 5123 1004 5194 τῷ
1049 5124 1124 5195 μὴ
1156 5127 1321 5179 πᾶσιν
1350 5121 1431 5189 οἷς
1453 5126 1732 5179 ἐϐούλοντο

186 5214 337 5280 τόποις
402 5219 521 5271 κατ’
578 5218 823 5283 ἐξουσίαν
864 5218 1238 5289 ἐνδιατρίϐειν,
1299 5219 1434 5273 ἀλλά
1479 5220 1729 5287 γενέσθαι

188 5304 303 5359 κατὰ
333 5307 391 5360 τὸ
434 5308 761 5379 πρόσταγμα
808 5309 902 5363 τοῦ
949 5312 1068 5362 τότε
1100 5308 1425 5380 κρατοῦντος
1444 5350 1458 5372 ,
1488 5309 1728 5380 Φρυγίαν

196 5396 350 5461 αὐτοῖς
390 5399 732 5470 ἐνδιαίτημα,
763 5402 837 5463 ὡς
882 5402 947 5456 ἂν
981 5404 1053 5473 μὴ
1090 5402 1273 5455 πολλοὶ
1310 5402 1628 5470 βλάπτοιντο
1662 5405 1724 5472 τῇ

192 5491 373 5560 πονηρᾷ
398 5490 671 5561 συνουσίᾳσ
700 5493 791 5545 καὶ
811 5494 950 5564 ὑπὲρ
973 5494 1178 5547 τούτων
1201 5492 1522 5559 ἀγανακτῶν
1542 5494 1725 5545 ὲκεῖνα

253 5656 320 5725 ta)
353 5657 579 5725 Φακοτρ.
616 5652 779 5725 Ριδονἶ
812 5649 987 5725 Φακον
1016 5649 1257 5725 κόπτε-ιν,
1287 5646 1465 5725 (ridere
1483 5658 1727 5725 operam.

248 5714 315 5791 (οἱ
340 5714 704 5780 Theodoretus
729 5722 821 5774 lib.
841 5721 904 5773 de
931 5718 1360 5793 H_wre_t._{ab_ulis
1390 5731 1408 5769 :
1438 5734 1457 5793 ι
1479 5714 1746 5793 constan-

194 5792 282 5847 tius
298 5784 424 5851 'cum
447 5796 685 5851 nondum
727 5807 757 5845 a
782 5799 927 5846 recta
951 5790 1035 5845 via
1068 5784 1398 5851 deﬂexisset,
1432 5784 1644 5841 Aetium
1676 5784 1732 5837 in

1838 4661 1975 4715 alias
2007 4660 2061 4713 id
2089 4676 2259 4730 genus
2294 4659 2658 4713 scurrilitates
2701 4660 2755 4712 in
2804 4661 3087 4731 gentilium
3131 4665 3413 4719 conventi-

1836 4755 1959 4817 bus,
1998 4751 2285 4806 hominum
2316 4750 2776 4805 traducendorum
2814 4753 2989 4821 gratia
3037 4755 3281 4811 adhiberi
3320 4771 3412 4811 so-

1836 4848 1989 4901 litas;
2037 4844 2103 4899 Et
2160 4844 2379 4915 quidem
2430 4844 2677 4897 nonnulli
2726 4858 2790 4898 eo
2832 4845 3181 4915 impudentia:
3214 4860 3409 4915 proce-

1835 4937 1990 5003 dunt,
2031 4947 2090 4991 ut
2131 4937 2260 4990 talia
2300 4936 2548 4990 convicia
2587 4938 2705 4990 sine
2736 4936 2880 4990 larva
2904 4936 3158 5007 jactitent
3192 4955 3205 4991 :
3246 4938 3319 4991 ita
3354 4947 3410 4994 et

1842 5034 1947 5086 iste
1988 5030 2141 5083 nullo
2175 5037 2492 5099 tegumenta
2535 5029 2830 5084 acerbitate
2864 5042 2961 5083 sua
2996 5029 3188 5092 velata,
3239 5029 3410 5085 libera

1840 5132 1893 5179 et
1924 5122 2225 5194 impudenti
2259 5138 2411 5187 voce,
2449 5137 2513 5177 ex
2547 5122 2793 5193 plaustro
2825 5122 3075 5176 convicia
3123 5120 3320 5181 fundit.
3357 5128 3413 5177 et

1840 5216 2058 5270 tandem
2087 5230 2250 5285 quam
2283 5214 2354 5269 ob
2372 5228 2598 5269 causam
2634 5213 2770 5269 adeo
2802 5213 2872 5269 sit
2899 5213 3166 5277 irritatus,
3196 5212 3409 5283 prodit;

1839 5310 1967 5379 quia
2019 5306 2337 5364 sacerdotes
2384 5305 2478 5361 Dei
2528 5320 2748 5376 operam
2803 5304 3104 5370 dederunt,
3154 5321 3223 5361 ne
3252 5307 3408 5361 multi

1840 5398 2124 5453 fraudibus
2153 5407 2207 5452 et
2238 5397 2566 5467 imposturis
2597 5398 2825 5451 istorum
2857 5396 3406 5452 circumvenirentur.

1836 5492 1911 5562 (b)
1935 5490 2048 5547 Hoc
2077 5490 2285 5546 scilicet
2305 5489 2471 5553 dolet,
2492 5503 2702 5545 necnon
2729 5496 2783 5543 et
2816 5484 2969 5553 illud,
2994 5488 3140 5557 quod
3175 5504 3284 5543 non
3316 5489 3411 5543 ba-

1847 5643 2135 5718 quamdam
2171 5642 2424 5718 _I’hrygi:_e
2463 5639 2809 5718 solitudinem
2854 5637 3133 5718 relegavit.
3186 5656 3236 5718 ε,
3264 5635 3410 5718 Idem

1860 5709 1927 5770 de
1954 5714 2223 5769 Eunomio
2265 5709 2348 5767 :‘I
2389 5714 2445 5766 In
2487 5713 2719 5782 quadam
2762 5709 3091 5782 Pamphyliae
3121 5709 3412 5767 solitudine

1852 5786 2097 5841 habitare
2121 5791 2343 5839 coactus
2360 5791 2460 5839 est.
2477 5803 2492 5833 ι
