3920 6476
525 293 635 349 259

1768 287 1825 343 S.
1859 285 2185 342 GREGORII
2223 285 2509 343 NYSSENI

3656 288 3752 346 260

536 409 756 461 inierint
778 410 1098 474 potestatem
1116 399 1318 470 ubique
1342 400 1583 455 locorum
1604 398 1906 463 habitandi,
1922 400 1992 454 im
2003 414 2098 469 pe-

2208 400 2432 471 γράφει·
2466 397 2577 452 Καὶ
2605 397 2641 464 ή
2669 396 2867 462 πολλὴ
2900 396 3172 464 ,ϐαρύτης
3190 395 3305 449 τῶν
3338 398 3553 462 ἄθλων,
3576 402 3665 453 καὶ
3692 402 3754 457 τὰ

529 498 726 552 ratoris
764 496 947 550 edicto
982 494 1039 547 in
1088 492 1376 563 Phrygiam
1431 492 1685 562 relegati,
1733 507 1800 547 ne
1854 492 2097 560 complu-

527 601 617 640 res
648 584 906 654 pestifero
941 596 1041 637 suo
1077 582 1334 636 convictu
1367 580 1654 635 inlicerent
1677 619 1690 641 ,
1723 588 1946 650 propter
1976 594 2098 648 qua:

528 678 607 731 ira
648 690 913 731 accensus
950 675 1021 727 ita
1063 674 1298 728 scribit:
1330 672 1397 726 Et
1435 673 1669 740 gravitas
1718 673 2094 737 certaminum,

527 778 577 823 et
604 767 957 821 intoleranda:
998 768 1278 827 '(erunmw,
1312 774 1359 819 et
1389 766 1582 819 invicta
1610 782 1971 819 aerumnarum
2017 776 2099 819 to-

531 860 762 913 lerantia
787 860 921 912 satis
934 861 1259 918 enituerunt,
1281 856 1490 925 quando
1516 873 1634 909 cum
1662 854 1896 927 Phrygia
1923 858 2099 912 natale

529 952 704 1005 solum
734 955 1145 1004 commatar'unt.
1174 949 1414 1003 Omnino
1446 964 1596 1003 vero.
1629 947 1743 1002 Non
1768 951 1910 1002 enim
1935 949 2097 1004 dede-

528 1043 642 1096 cori
691 1052 845 1097 erant
891 1042 1147 1097 Olliserio
1201 1040 1289 1093 illa
1323 1078 1338 1101 ,
1389 1055 1509 1108 qua:
1556 1050 1895 1094 evenerunt:
1925 1055 2099 1109 neque

527 1140 843 1187 everterunt
876 1140 1113 1201 paternae
1146 1132 1331 1201 gloria:
1368 1131 1765 1191 excelsitatem,
1800 1147 1976 1200 neque
2009 1147 2099 1199 ge-

528 1223 680 1277 neris
715 1221 1059 1291 splendorcm
1091 1220 1290 1289 injuria
1322 1219 1618 1274 affecerunt
1642 1259 1656 1282 ,
1698 1228 1757 1273 ut
1795 1221 2095 1290 periculum

527 1318 697 1373 esset,
748 1325 819 1362 ne
867 1324 951 1373 ea,
993 1309 1064 1363 ob
1092 1324 1212 1378 qua:
1243 1322 1389 1361 nunc
1446 1317 1766 1372 succenset,
1829 1310 2100 1363 redunda-

534 1406 657 1454 rent
703 1413 919 1467 quoque
964 1399 1030 1452 ad
1068 1400 1334 1453 celebrem
1374 1407 1427 1452 et
1469 1400 1802 1455 binominem
1847 1399 2094 1454 Priscum

529 1490 693 1558 hujus
750 1493 921 1559 patris
978 1498 1229 1559 patrem:
1264 1490 1409 1544 unde
1462 1489 1566 1543 istc
1615 1498 1724 1543 tam
1769 1491 1998 1545 eximias
2047 1500 2101 1544 ct

527 1583 824 1651 praeclaras
861 1581 928 1635 de
975 1581 1186 1651 origine
1238 1597 1335 1636 sua
1392 1582 1547 1650 petiit
1595 1583 1937 1637 narrationes
1981 1601 1993 1635 :
2033 1581 2101 1636 de

528 1674 671 1727 mola
701 1673 959 1727 nimirum
990 1682 1042 1727 et
1072 1672 1224 1726 corio
1245 1713 1258 1737 ,
1292 1672 1585 1740 servilique
1613 1673 1873 1727 demenso
1894 1712 1908 1737 ,
1936 1682 1989 1727 et
2034 1673 2101 1727 de

2199 489 2621 543 δυσϐάστακτα
2657 486 2812 554 πάθη
2838 505 2851 517 ·
2885 486 2984 540 καὶ
3017 487 3054 553 ἠ
3083 488 3326 555 γενναία
3354 488 3469 540 τῶι·
3506 495 3757 560 παθημά.

2200 598 2317 633 των
2338 580 2611 649 ὑπομονὴ
2631 621 2644 643 ,
2670 580 2733 632 τὸ
2775 580 3035 648 Φρυγίαν
3056 579 3279 641 αὐτοὺς
3301 582 3428 634 ἀντὶ
3463 581 3574 649 τῆς
3607 584 3756 655 ἐνεγ.

2200 674 2428 739 κούσης
2453 671 2850 735 ἀλλάξασθαι.
2873 671 3021 723 Πάνυ
3048 687 3129 738 γε.
3154 671 3227 724 Οὐ
3245 671 3351 742 γὰρ
3375 673 3573 737 ὄνειδος
3592 669 3658 745 ἦν
3683 676 3751 747 τῷ

2213 763 2529 835 Ὀλτισηρίῳ
2564 766 2639 833 (a)
2666 763 2737 816 τὰ
2768 762 3183 833 συμϐεϐηκότα,
3236 764 3329 816 καὶ
3361 764 3453 817 τοῦ
3503 770 3756 837 πατρικοῦ

2202 855 2551 924 φρονήματος
2572 852 2889 922 καθαίρεσιν
2913 852 3138 922 φέροντα
3162 894 3176 914 ,
3217 854 3310 905 καὶ
3335 854 3433 923 τὴν
3461 855 3553 908 τοῦ
3590 856 3761 923 γένους

2200 943 2357 1008 ἀξίαν
2387 945 2693 1014 ὑϐρίζοντα,
2728 945 2803 1007 ὡς
2845 944 2918 1015 μὴ
2971 946 3036 998 ἂν
3074 929 3289 998 ἑλέσθαι
3335 945 3503 999 ταῦτα
3529 988 3544 1011 ,
3574 948 3655 1017 ἐφ’
3690 945 3762 1013 οἷς

2201 1034 2296 1087 νῦν
2330 1035 2668 1105 χαλεπαίνει,
2698 1036 2787 1088 τὸν
2815 1036 3111 1105 ὀνομαστὸν
3134 1039 3358 1099 ἐκεῖνον,
3391 1038 3483 1091 καὶ⁵
3507 1038 3760 1109 διώνυμον

2200 1126 2438 1198 Πρίσκον
2460 1126 2549 1179 τὸν
2577 1126 2670 1180 τοῦ
2705 1127 2909 1197 πατρὸς
2931 1127 3119 1181 τούτου
3152 1128 3383 1199 πατέρα.
3417 1127 3576 1182 Ὅθεν
3605 1130 3761 1200 τούτῳ

2200 1218 2268 1271 τὰ
2305 1218 2532 1289 λαμπρά
2556 1257 2570 1280 ,
2608 1219 2698 1272 καὶ
2735 1218 3067 1289 περίϐλεπτα
3100 1218 3194 1271 τοῦ
3232 1220 3420 1287 γένους
3447 1222 3562 1273 ἐστὶ
3589 1221 3761 1291 διηγή-

2206 1329 2365 1383 ματα.
2413 1312 2469 1364 Ὁ
2502 1312 2706 1381 μύλων,
2742 1312 2835 1364 καὶ
2859 1309 2919 1363 τὸ
2949 1310 3161 1375 σκύτος,
3194 1313 3288 1364 καὶ
3314 1310 3372 1363 τὸ
3392 1311 3657 1364 οἰκετικὸν
3690 1329 3761 1362 σι-

2202 1403 2477 1473 τηρέσιον,
2518 1404 2612 1455 καὶ
2649 1400 2681 1471 ή
2726 1401 2884 1471 λοιπὴ
2916 1400 3006 1453 τοῦ
3040 1402 3259 1454 Χαναὰν
3290 1400 3648 1471 κληρονομίαο
3679 1402 3761 1453 καὶ

2202 1494 2295 1545 ἐπὶ
2316 1494 2523 1555 τούτοις
2556 1493 2661 1545 ἔδει
2692 1492 3007 1556 κακίζεσθαι
3033 1494 3157 1555 τοὺς
3184 1492 3282 1562 τὴν
3318 1492 3642 1562 μετάστασιν
3672 1492 3761 1544 αὑ-

2203 1588 2313 1649 τοῖς
2344 1586 2799 1655 προξενήσαντας.
2840 1581 3163 1651 Συντίθεμαι
3194 1580 3364 1651 τούτῳ
3389 1580 3565 1649 κάγὼ,
3603 1581 3756 1641 ὅντως

2204 1674 2342 1740 ἄξιοι
2371 1676 2469 1743 τῆς
2506 1675 2636 1745 παρ’
2666 1674 2844 1726 αὐτῶν
2876 1673 3152 1743 μέμψεως,
3182 1673 3230 1724 οἱ
3259 1671 3459 1724 τούτων
3495 1672 3671 1733 αὐτοῖς
3696 1671 3764 1723 αἶα

528 1764 735 1833 reliqua
788 1764 1102 1818 haereditate
1142 1763 1402 1817 Chanaan
1439 1783 1451 1817 :
1487 1773 1539 1818 et
1596 1764 1641 1818 si
1689 1765 1880 1817 borum
1929 1764 2101 1833 gratia

2207 1783 2309 1818 τιοι
2332 1765 2636 1833 γεγονότες,
2669 1764 2823 1834 εἴπερ
2852 1764 2987 1826 ὅλως
3029 1764 3137 1815 εἰσί
3180 1780 3343 1825 τινες,
3379 1762 3411 1832 ἢ
3454 1763 3759 1830 γεγόνασιν·

526 1855 984 1925 vituperationem
1006 1855 1374 1918 merebantur,
1398 1857 1488 1925 qui
1510 1856 1617 1910 illis
1630 1856 1880 1910 exsilium
1905 1870 2100 1925 procu-

527 1952 723 1999 rarunt
753 1961 766 1999 :
798 1946 972 1999 fateor
1012 1956 1064 1999 et
1098 1960 1199 2014 ego
1233 1945 1430 2015 dignos
1478 1959 1600 2000 esse
1647 1946 2096 2015 reprehensione,

527 2037 621 2108 qni
667 2036 863 2090 horum
909 2036 1032 2092 istis
1061 2051 1226 2093 causa
1264 2036 1505 2101 fuerunt,
1541 2037 1585 2092 si
1623 2037 1717 2107 qui
1752 2047 1932 2092 tamen
1979 2039 2099 2091 fue-

526 2136 657 2184 runt
690 2148 703 2182 :
732 2127 1031 2184 clleo-erunt
1059 2130 1228 2192 enim,
1262 2138 1321 2183 ut
1361 2145 1542 2183 rerum
1584 2127 1653 2182 ab
1680 2128 1801 2184 istis
1824 2139 2096 2199 gestarum

528 2220 791 2273 memoria
823 2220 1035 2290 sepulta
1068 2221 1361 2289 plerosque
1390 2219 1635 2274 moribus
1658 2227 1712 2274 et
1742 2219 1851 2273 vita
1889 2221 2097 2291 gravio-

525 2324 617 2365 res
671 2308 882 2380 fugiat,
925 2326 1102 2380 neque
1152 2310 1424 2382 integrum
1483 2311 1554 2366 sit
1594 2312 1992 2379 posterioribus
2032 2313 2098 2367 de

534 2401 832 2471 praeteritis
877 2402 1151 2458 curiosius
1196 2403 1507 2471 inquirere,
1542 2418 1654 2471 quo
1705 2402 1921 2457 tandem
1972 2418 2099 2457 san-

527 2492 696 2563 guine
721 2493 883 2547 ambo
920 2494 1275 2563 proseminati
1307 2494 1529 2563 etquod
1563 2496 1687 2549 vitae
1721 2494 2030 2549 institutum
2069 2513 2097 2549 a

526 2584 775 2653 patribus
789 2592 1071 2654 acceptum
1095 2585 1268 2641 secuti
1289 2586 1428 2651 sint;
1449 2594 1501 2639 et
1539 2586 1666 2655 quid
1695 2587 1876 2643 minus
1905 2588 2102 2658 quidve

532 2675 748 2745 majus,
791 2692 954 2747 quam
1002 2676 1193 2732 deceat
1233 2678 1433 2733 liberos
1485 2686 1538 2732 et
1584 2678 1892 2749 ingenuos,
1940 2679 1992 2733 in
2041 2696 2099 2735 se

531 2768 910 2833 observantes,
954 2778 1139 2840 postea
1180 2771 1243 2823 ad
1288 2780 1493 2824 tantam
1534 2772 1774 2827 nominis
1805 2772 2095 2827 celebrita-

524 2868 635 2915 tem
696 2860 1005 2933 famamque
1057 2863 1438 2933 pervenerint,
1484 2870 1542 2915 ut
1590 2873 1643 2917 et
1676 2864 2104 2933 imperatoribus

2204 1859 2285 1910 ὅτι
2316 1856 2423 1909 τῶν
2453 1855 2906 1927 προϐεϐιωμένων
2932 1856 2964 1924 ἡ
2989 1854 3189 1923 γνῶσις
3210 1853 3299 1906 διὰ
3329 1853 3534 1906 τούτων
3572 1868 3757 1919 συγκα-

2202 1948 2465 2018 λυφθεῖσα
2507 1950 2852 2019 παραιρεῖται
2882 1946 2988 1999 τῶν
3030 1945 3369 2016 σεμνοτέρων
3394 1944 3491 2015 τὴν
3519 1945 3725 2014 μνήμην
3744 1952 3756 1974 ⁵

2204 2041 2297 2094 καὶ
2344 2041 2442 2094 ούκ
2488 2042 2552 2110 ἐᾷ
2601 2038 3168 2110 πολυπραγμονεῖσθαι
3218 2036 3286 2090 τὰ
3335 2036 3440 2090 τῶν
3487 2036 3756 2107 παρόντων

2204 2134 2580 2205 πρεσϐύτερα·
2636 2132 2823 2195 ὁποίας
2876 2132 3133 2201 ἑκάτερος
3179 2129 3238 2182 τὸ
3291 2128 3573 2198 καταρχὰς
3624 2126 3762 2192 ἀξίας

2202 2223 2538 2295 ὡρμήθησαν
2563 2263 2579 2286 ,
2609 2223 2766 2276 ποίαν
2814 2224 2877 2275 ὲκ
2912 2222 3161 2290 πατέρων
3201 2218 3414 2288 ἔχοντες
3457 2216 3759 2269 ἀκολουθίαν
3856 2281 3861 2285 θ

2202 2316 2293 2369 τοῦ
2336 2315 2485 2386 βίου’
2520 2314 2573 2368 τί
2618 2314 2831 2386 μικρὸν,
2874 2313 2906 2383 ἦ
2951 2312 3132 2381 μεῖζον
3160 2310 3267 2362 τῶν
3300 2308 3606 2378 ἐλευθέροις
3642 2324 3762 2377 πρε-

2204 2408 2411 2461 πόντων
2446 2407 2654 2468 ἑαυτοῖς
2684 2402 3100 2471 συνεγνωκότες,
3127 2400 3314 2452 ἔπειτα
3332 2398 3586 2451 τοσοῦτον
3609 2398 3762 2464 ὲγνωσ

2207 2498 2470 2572 ρίσθησάν
2509 2514 2569 2549 τε
2602 2497 2693 2551 καὶ
2730 2493 3143 2563 ὠνομάσθησαν,
3191 2491 3333 2544 ὥστε
3371 2489 3465 2543 καὶ
3497 2488 3758 2559 βασιλεῦσι

2204 2591 2454 2661 γενέσθαι
2507 2587 2794 2658 γνώριμοι,
2838 2582 3019 2647 καθὼς
3075 2582 3495 2653 μεγαλαυχείται
3546 2580 3637 2633 νῦν
3692 2577 3758 2647 τῷ

2207 2683 2620 2752 συγγράμματι,
2651 2680 2745 2734 καὶ
2774 2679 2950 2739 πάσας
2970 2680 3068 2738 τὰς
3090 2672 3459 2745 ὑπερεχούσας
3488 2671 3659 2743 ἀρχὰς
3674 2671 3758 2722 ἐπ’

2205 2776 2387 2837 αὐτοῖς
2415 2772 2798 2841 συγκινεῖσθαι,
2840 2770 2933 2822 καὶ
2962 2768 3054 2821 ἐπὶ
3083 2766 3213 2818 πολὺ
3244 2765 3342 2835 τῆς
3370 2763 3688 2833 οἰκουμένης
3704 2758 3763 2811 τὰ

2215 2867 2333 2921 καθ’
2361 2865 2583 2929 ἑαυτοῦς
2599 2860 2969 2933 διαφέρεσθαι.

525 2952 956 3019 innotescerent,
993 2954 1135 3010 sicut
1165 2955 1219 3008 in
1251 2954 1355 3008 hoc
1389 2956 1594 3023 scripto
1635 2955 1937 3010 insolenter
1983 2958 2086 3012 iste
2125 2960 2412 3030 gloriatur,
2449 2967 2616 3028 utque
2671 2956 2855 3011 omnia
2893 2951 3116 3022 imperia
3138 2960 3193 3005 et
3230 2949 3583 3020 magistratus
3652 2960 3766 3015 pro-

528 3044 815 3114 pteripsos
841 3052 1341 3107 commoverentur,
1374 3051 1429 3098 et
1457 3052 1513 3097 ut
1534 3044 1872 3112 potissimam
1898 3047 2086 3101 mundi
2127 3057 2333 3119 partem
2362 3048 2611 3104 doctrina
2643 3046 2859 3100 illorum
2889 3048 3293 3113 pervagaretur.

599 3135 683 3191 An
732 3152 842 3192 non
893 3136 1044 3194 hisce
1096 3137 1292 3202 rebus,
1341 3136 1389 3192 si
1423 3152 1606 3191 verum
1657 3136 1812 3192 fateri
1835 3139 2100 3208 velimus,
2130 3148 2171 3206 c

530 3245 694 3302 quam
726 3229 960 3282 maxima
994 3228 1194 3296 injuria
1223 3228 1459 3297 irrogata
1483 3236 1588 3291 est,
1634 3231 1715 3283 vel
1756 3229 1857 3298 ipsi
1890 3232 2098 3285 oratio-

527 3338 659 3376 num
685 3319 964 3389 scriptori,
995 3318 1079 3372 vel
1103 3318 1279 3388 ipsius
1302 3318 1583 3389 magistro,
1612 3326 1666 3372 et
1700 3320 1943 3388 ejusdem
1974 3323 2098 3377 vitae

529 3412 833 3467 institutori
860 3409 1040 3474 Aetio,
1065 3424 1227 3479 quem
1256 3408 1388 3463 mihi
1417 3408 1632 3463 videtur
1660 3408 1960 3467 Eunomius
1991 3430 2099 3468 non

528 3514 639 3558 tam
675 3502 958 3572 suspicere
988 3502 1058 3556 ob
1099 3501 1412 3572 dogmatum
1458 3504 1900 3574 perversitatem,
1937 3522 2100 3578 quam

529 3595 602 3651 ob
633 3596 756 3649 vitae
790 3594 1108 3663 compendia
1135 3603 1187 3647 et
1211 3593 1595 3664 copias?quod
1624 3595 1847 3662 allirmo,
1880 3613 1985 3651 non
2019 3599 2101 3651 in-

530 3686 701 3742 certis
730 3685 1055 3755 quibusdam
1092 3684 1422 3754 coniecturis
1459 3688 1677 3753 ductus,
1715 3689 1807 3742 sed
1841 3690 1988 3744 hisce
2010 3704 2103 3742 au-

532 3776 687 3831 ribus
715 3774 848 3829 meis
870 3773 1045 3837 exiis,
1069 3774 1268 3841 quibus
1294 3773 1344 3826 id
1373 3772 1574 3843 Optime
1602 3782 1938 3843 compertum
1962 3783 2098 3838 erat,

529 3865 735 3920 certior
772 3863 968 3918 factus.
993 3862 1129 3917 Nam
1159 3863 1281 3932 quis
1314 3863 1557 3933 qualisve
1593 3862 1754 3917 fuerit
1786 3864 1973 3918 Aetius
2001 3863 2097 3933 (ὁ),

536 3958 720 4013 audivi
750 3956 1024 4027 quondam
1049 3972 1114 4010 ex
1137 3956 1450 4011 Galatarum
1475 3956 1744 4027 Episcopo
1766 3956 2061 4012 Athanasio
2084 3975 2096 4009 :

532 4053 652 4106 viro
678 4053 766 4107 cui
788 4052 1018 4107 veritate
1044 4049 1180 4104 nihil
1204 4049 1302 4104 fuit
1329 4050 1626 4119 antiquius.
1659 4050 1862 4119 quique
1885 4048 1952 4102 ad
1985 4064 2099 4103 ma-

528 4142 704 4213 jorem
739 4142 898 4197 ﬁdem
929 4142 1058 4203 illis,
1091 4157 1213 4212 quae
1236 4140 1513 4206 narrabat,
1543 4140 1963 4206 conciliandam,
1989 4140 2103 4211 epi-

533 4236 729 4289 stolam
770 4231 989 4304 Georgii
1028 4229 1379 4287 Laodicensis
1409 4231 1838 4286 demonstrabat.
1881 4231 1932 4285 ls
1972 4246 2102 4301 ergo

534 4325 713 4379 aiebat
750 4324 999 4387 Aetium,
1045 4339 1151 4377 non
1204 4323 1273 4377 ab
1325 4323 1545 4377 ineunte
1589 4330 1745 4377 aetate
1788 4321 2101 4391 dogmatum

535 4415 863 4471 nbsurditati
909 4414 1213 4479 studuisse;
1259 4414 1353 4468 sed
1400 4414 1659 4484 temporis
1714 4414 2098 4483 progressione

2276 3139 2401 3214 Ἃρ’
2449 3141 2568 3211 οὐχὶ
2619 3138 2695 3210 τῷ
2744 3138 2856 3192 δντι
2904 3137 2971 3190 τὰ
3001 3135 3233 3206 μέγιστα
3285 3132 3373 3187 διὰ
3410 3132 3616 3186 τούτων
3662 3130 3766 3198 ἡδί-

2205 3251 2385 3302 κηται,
2421 3233 2454 3302 ἢ
2488 3230 2648 3294 αὐτὸς
2672 3224 2822 3292 οὗτος
2848 3231 2877 3282 ὁ
2908 3227 3245 3298 λογογράφος
3265 3266 3282 3291 ,
3335 3225 3369 3294 ἦ
3402 3225 3428 3274 ὁ
3470 3222 3765 3294 προστάτης

2204 3326 2398 3388 αὑτοῦ,
2461 3324 2554 3377 καὶ
2608 3320 2701 3375 τοῦ
2756 3320 2937 3390 ὁμοίου
2991 3318 3105 3390 βίου
3176 3314 3491 3387 καθηγητὴς
3559 3314 3761 3373 Ἀέτιος,

2209 3419 2266 3471 ὃν
2306 3434 2395 3486 μοι
2428 3417 2577 3469 δοκεῖ
2608 3414 2682 3484 μὴ
2714 3412 2967 3466 τοσοῦτον
3016 3409 3149 3480 πρὸς
3190 3406 3286 3478 τὴν
3337 3407 3443 3460 τῶν
3492 3403 3760 3474 δογμάτων

2203 3510 2417 3579 ἀπάτην
2450 3507 2661 3577 βλέπων
2709 3504 3041 3577 ἐζηλωκέναι
3073 3542 3089 3568 ,
3130 3499 3265 3555 πολὺ
3311 3499 3367 3553 δὲ
3408 3498 3608 3568 μᾶλλον
3644 3494 3764 3565 πρὸς

2200 3601 2298 3670 τὴν
2350 3600 2441 3653 τοῦ
2499 3599 2614 3669 βίου
2657 3598 3009 3669 παρασκευήν
3052 3610 3111 3647 τε
3160 3593 3254 3647 καὶ
3300 3588 3598 3660 sumpta»;
3629 3587 3759 3653 λέγω

2203 3694 2260 3747 δὲ
2297 3692 2471 3745 ταῦτα
2493 3731 2507 3754 ,
2544 3690 2607 3742 οὐ
2642 3688 2970 3759 στοχασμοῖς
2999 3702 3108 3737 τισι
3143 3682 3597 3753 τεκμαιρόμενος,
3634 3673 3755 3729 ἀλλὰ

2201 3785 2308 3839 τῶν
2338 3781 2579 3854 ἀκριϐῶς
2618 3780 2935 3848 ἐγνωκότων
2959 3777 3220 3845 αὐτήκοος
3251 3771 3506 3841 γεγονώς.
3553 3770 3631 3823 Τὰ
3659 3767 3755 3836 γὰρ

2201 3876 2342 3929 κατά
2372 3874 2460 3928 τὸν
2488 3873 2688 3926 Ἀέτιον
2729 3869 2912 3923 τοῦτον
2942 3866 3254 3921 ’Λθανασίου
3297 3862 3427 3916 ποτὲ
3454 3862 3550 3914 τοῦ
3594 3859 3752 3912 Γαλα-

2201 3963 2310 4016 τῶν
2349 3963 2645 4016 ἐπισκόπου
2682 3960 2929 4027 λέγοντος
2966 3958 3205 4026 ἥκουσα,
3252 3953 3442 4025 ἀνδρὸς
3483 3951 3587 4005 οὐκ
3616 3950 3676 4005 ἄν
3706 3964 3755 3999 τι

2206 4056 2310 4126 πρὸ
2335 4057 2433 4126 τῆς
2460 4054 2713 4124 ἀληθείας
2741 4050 3188 4122 προτιμήσαντος,
3232 4045 3367 4099 ἀλλὰ
3396 4044 3491 4097 καλ⁴
3511 4044 3593 4106 εἰς
3625 4056 3755 4113 μαρ·

2202 4148 2399 4218 τυρίαν
2427 4147 2537 4199 τῶν
2566 4145 2772 4200 πολλῶν
2792 4143 2886 4197 τοῦ
2913 4142 3069 4209 λόγου
3096 4179 3110 4204 ,
3141 4137 3413 4208 Γεωργίου
3436 4134 3531 4187 τοῦ
3555 4135 3616 4185 ὲκ
3643 4134 3759 4185 Λαο-

2203 4239 2408 4301 δικείας
2442 4236 2727 4306 ἐπιστολὴν
2754 4232 3172 4293 ὲπιδεικνύντος.
3216 4229 3405 4294 Ἔλεγε
3433 4225 3487 4278 δὲ
3518 4227 3593 4295 μὴ
3623 4218 3758 4291 παρὰ

2205 4332 2303 4402 τὴν
2338 4328 2557 4399 πρώτην
2595 4327 2756 4381 αὑτὸν
2787 4322 3231 4397 ἐγκεχειρηκέναι
3260 4322 3326 4389 τῇ
3354 4318 3458 4371 τῶν
3488 4315 3758 4387 δογμάτων

2207 4421 2406 4493 ἀτοπία
2429 4438 2441 4450 ·
2483 4420 2693 4492 χρόνοις
2734 4418 2792 4472 δὲ
2832 4416 3059 4488 ὕστερον
3087 4416 3279 4484 τέχνην
3311 4412 3427 4481 βίου
3467 4411 3565 4475 τὴν
3603 4422 3759 4461 καινοί

534 4506 801 4561 doctrinae
849 4502 1111 4557 novanda:
1149 4517 1368 4572 operam
1417 4502 1635 4557 dedisse
1661 4540 1675 4566 ,
1708 4510 1769 4556 ut
1814 4502 1917 4556 bac
1954 4504 2101 4557 velut

2207 4512 2393 4582 τομίαν
2420 4511 2618 4581 ταύτην
2638 4506 3045 4580 προστήσασθαι
3065 4522 3077 4535 ·
3113 4503 3336 4556 ἐκδύντα
3358 4500 3466 4570 γὰρ
3488 4498 3644 4552 αὐτὸν
3665 4494 3755 4565 ἤδη

536 4600 655 4647 arte
694 4592 893 4644 victum
927 4589 1033 4644 sibi
1062 4598 1298 4659 pararet.
1328 4590 1526 4659 quippe
1576 4591 1725 4643 illum
1766 4591 1955 4646 relicta
1988 4591 2104 4645 cul-
2156 4610 2159 4615 λ

536 4692 658 4737 tura
693 4683 883 4747 vineae,
915 4696 1076 4751 quam
1100 4681 1413 4749 possidebat
1443 4682 1518 4751 (at
1540 4697 1701 4751 quam
1721 4682 1868 4751 juste
1890 4682 2113 4747 tacebo,

536 4790 605 4828 ne
644 4773 827 4827 videar
850 4770 1098 4827 odiosius
1141 4772 1510 4827 narrationem
1545 4773 1861 4843 auspicari),
1904 4773 2106 4841 princi-

537 4866 626 4936 pio
656 4862 873 4934 quidem
900 4862 1098 4916 factum
1122 4878 1244 4917 csse
1276 4862 1487 4917 fabrum
1525 4863 1882 4917 caminarium
1903 4904 1918 4929 ,
1947 4863 2105 4932 cujus

536 4972 628 5012 ars
661 4956 809 5011 circa
839 4954 1014 5026 ignem
1040 4964 1094 5010 et
1125 4955 1373 5009 fornaces
1408 4953 1614 5009 ferreas
1651 4953 1998 5008 fabricandas
2023 4956 2105 5008 in-

537 5049 791 5116 sumitur,
819 5047 1074 5101 manibus
1106 5054 1412 5102 versantem
1436 5046 1658 5100 malleos
1688 5046 2015 5108 breviculos,
2052 5054 2106 5099 et

535 5141 729 5212 exiguo
762 5140 946 5195 incudi
985 5139 1224 5194 assidere
1259 5138 1475 5194 solitum
1504 5152 1517 5189 :
1551 5137 1654 5191 sub
1682 5137 1807 5191 exili
1854 5138 2100 5206 tugurio,

539 5230 868 5302 sordidoque
897 5241 950 5287 et
977 5246 1171 5301 magna
1198 5230 1448 5286 molestia
1486 5229 1612 5284 vita:
1649 5228 1956 5284 necessaria
2003 5228 2105 5282 hoc

538 5339 640 5380 suo
687 5324 872 5379 labore
916 5332 1319 5393 comparantem
1354 5340 1367 5378 :
1397 5338 1560 5393 quam
1613 5322 1756 5376 enim
1798 5320 2103 5374 mercedem

539 5416 672 5470 adeo
702 5414 882 5485 magni
910 5415 1282 5470 :estimandam
1305 5421 1605 5470 mereretur
1633 5412 1741 5475 ille,
1772 5412 1861 5479 qui
1881 5410 2102 5479 subpal-

612 5568 1028 5640 (α)’ολτίσηρις,
1049 5570 1317 5624 obscurus
1337 5570 1491 5640 vicus
1520 5567 1573 5620 in
1592 5563 1967 5640 Cappadocia,
1988 5566 2089 5620 Eu-

542 5634 707 5694 nomii
733 5634 976 5709 patria',a
1004 5655 1109 5707 qua
1138 5634 2019 5709 eumdem'Oktofjpiovbominat,
2038 5643 2094 5692 et

546 5711 699 5779 infra,
734 5705 933 5763 novum
956 5705 1198 5764 lucanica
1234 5725 1299 5763 ex
1321 5706 1598 5763 Oltisiride
1622 5705 1995 5773 prodeuntem.

2206 4605 2305 4673 τὴν
2347 4603 2588 4656 δουλείαν
2618 4600 2912 4672 ἀμπελίδος
2957 4598 3057 4666 τῆς
3104 4594 3449 4665 κεκτημένης
3482 4589 3639 4643 αὐτὸν
3669 4586 3756 4657 (τὸ

2208 4694 2251 4746 δ’
2282 4694 2429 4755 ὅπως
2456 4690 2605 4744 οὐδὲν
2636 4690 2825 4759 δέομαι
2843 4685 3118 4755 λέγειν,ὼς
3144 4684 3208 4737 ἂν
3235 4684 3309 4754 μὴ
3336 4681 3549 4751 δόξαιμι
3572 4692 3756 4743 κακοη-

2209 4783 2457 4853 θέστερον
2486 4780 2577 4833 τοῦ
2600 4780 2933 4849 διηγήματος
2965 4774 3257 4840 ἅπτεσθαι)
3288 4771 3423 4825 εἶναι
3458 4771 3554 4842 μὲν
3605 4783 3756 4830 καμι-

2211 4875 2402 4944 νευτὴν
2437 4872 2555 4925 κατ’
2587 4869 2779 4940 ἀρχὰς,
2816 4867 2914 4938 τὴν
2944 4868 3183 4937 ἔμπυρον
3203 4863 3426 4931 ταύτην,
3452 4862 3545 4914 καὶ
3576 4859 3755 4929 βάναυο

2213 4984 2301 5019 σον
2322 4966 2516 5035 τέχνην
2564 4961 2652 5015 διὰ
2690 4961 2870 5033 χειρὸς
2908 4959 3124 5027 ἔχοντα,
3157 4956 3336 5026 σφύρᾳ
3382 4952 3605 5023 βραχείᾳ
3629 4991 3642 5015 ,
3672 4945 3755 4999 καὶ

2206 5059 2402 5127 ἄκμονι
2470 5052 2649 5125 μικρῷ
2696 5051 3143 5123 προσ-καθήμενον
3190 5044 3295 5098 ὑπὸ
3337 5043 3553 5114 τριχίνῃ
3596 5038 3752 5127 σκηνῇ

2206 5123 2480 5211 γλίσχρως
2506 5123 2598 5193 καὶ
2625 5123 2766 5209 μετὰ
2803 5137 2964 5191 πόνου
2994 5136 3062 5189 τὰ
3100 5134 3369 5200 ἀναγκαῖα
3408 5131 3502 5184 τοῦ
3541 5129 3651 5199 βίου
3678 5123 3753 5177 διὰ

2206 5233 2303 5302 τῆς
2348 5233 2608 5303 ἐργασίας
2639 5232 2845 5301 ταύτης
2892 5226 3377 5298 συμποριζόμενον.
3429 5221 3525 5283 Τίς
3554 5220 3657 5289 γὰρ
3697 5214 3754 5268 ἂν

2208 5324 2302 5377 καὶ
2330 5323 2542 5391 γένοιτο
2580 5323 2770 5394 μισθὸς
2818 5321 2963 5388 ἄξιος
3008 5320 3164 5387 λόγου
3203 5315 3282 5387 τῷ
3315 5312 3662 5386 θεραπεύοντι
3695 5306 3755 5358 τὰ

2211 5411 2491 5482 ὑπόσαθρα
2534 5413 2642 5466 τῶν
2693 5410 3086 5484 χαλκωμάτων,
3133 5407 3226 5460 καὶ
3281 5403 3611 5476 παραϐύῃντι
3664 5395 3752 5457 τὰς
3792 5413 3803 5423 ’

2268 5568 2340 5635 (Ir)
2370 5568 2508 5621 Aetii
2537 5568 2699 5619 vitam
2723 5557 3365 5635 miserrimamdescribit
3395 5556 3550 5627 Grcg.
3579 5558 3745 5624 Mssa,

2201 5621 2674 5694 ait‘Tlteodorctus
2704 5635 2795 5689 lib.
2840 5634 2903 5688 de
2933 5630 3123 5687 Ha’rct.
3154 5621 3363 5689 fabulis.
