3920 6480
192 383 275 438 ἓϐι

1296 375 1574 433 CONTRA
1614 356 2000 435 EUNoutbu,
2044 372 2169 426 LIB.
2215 373 2252 426 ι.

3296 368 3404 426 262

188 490 483 565 τρυμαλιᾶς,
507 491 601 544 καὶ
612 490 703 544 τὸν
714 490 1033 562 κασσίτερον
1047 492 1165 555 ταῖς
1188 490 1419 560 πληγαῖς
1436 488 1732 557 ἐπιλύοντιῗ

1839 488 1944 540 lida
1978 493 2271 540 aerameuta
2306 484 2627 549 renovabat,
2658 485 2751 554 qui
2784 483 3050 539 foramina
3087 478 3401 552 obturaba't,

189 588 269 641 καὶ
296 584 688 655 μολιὸδοχοῦντι
716 582 824 635 τῶν
854 582 1095 652 λεϐήτων
1115 583 1211 645 τὰς
1234 582 1418 652 βάσεις
1436 598 1449 611 ·
1481 580 1731 650 γενέσθαι

185 676 231 729 δὲ
258 675 347 743 τῆς
367 673 457 725 τοῦ
484 673 598 743 βίου
638 671 936 741 μεταϐολῆς
961 673 1157 734 αἰτίαν,
1196 672 1478 741 συμφοράν
1499 688 1618 723 τινα
1647 669 1734 723 διὰ

185 770 265 836 τῆς
287 766 469 833 τέχνης
498 763 782 832 συμϐᾶσαν
811 762 978 833 αὐτῷ.
1002 762 1270 824 Λαδόντος
1296 764 1403 832 γάρ
1426 778 1555 814 ποτε
1584 761 1733 832 παρὰ

186 858 411 926 γυναικὸς
456 856 837 925 στρατιώτιδος
886 856 1116 926 χρύσεόν
1143 874 1195 908 τι
1245 855 1435 918 σκεῦος
1473 856 1581 908 τῶν
1605 856 1733 925 πεῲ⁸

184 953 380 1023 ϐέρρην,
412 949 442 1019 ἢ
472 952 631 1019 χεῖρα
666 949 1168 1020 προκοσμημάτων,
1195 950 1278 1018 ἐφ’
1302 941 1408 1017 ᾧτε
1444 949 1542 1018 τὴν
1582 966 1734 1016 γενο-

187 1044 332 1112 μένην
370 1040 519 1110 αὐτῷ
572 1042 789 1112 πληγὴν
844 1039 1272 1111 διορθώσασθαι,
1330 1041 1611 1110 ἀπατῆσαι
1666 1042 1732 1094 δι’

186 1134 401 1195 ἐπινοίας
431 1132 532 1201 τὴν
562 1134 848 1205 ἄνθρωπον
871 1150 886 1165 ⁸
929 1135 1021 1186 καὶ
1065 1132 1357 1202 ὑφελέσθαι
1389 1136 1487 1205 μὲν
1516 1134 1575 1187 τὸ
1604 1134 1735 1205 χρύ-

187 1240 304 1285 σεον,
338 1222 644 1276 ἀντιδοῦναι
682 1222 739 1275 δὲ
772 1221 1001 1291 χάλκεον
1029 1222 1165 1293 αὐτῇ
1199 1222 1262 1274 τὸ
1302 1222 1513 1286 σκεῦος.
1556 1225 1737 1293 ἰσομέ-

186 1314 316 1381 γεθες
339 1313 413 1379 τῷ
442 1312 656 1383 χρυσῷ,
694 1310 786 1364 καὶ
816 1312 915 1382 τὴν
946 1313 1262 1381 ἐπιφάνειαν
1289 1316 1487 1383 ὁμοίιος
1524 1314 1644 1385 ἔχον
1666 1316 1733 1369 δι’

185 1404 472 1457 ἐπιπολαίου
512 1402 715 1472 βαφῆς,
747 1401 957 1473 χρυσίῳ
985 1402 1075 1455 τὸν
1105 1403 1302 1472 χαλκὸν
1351 1404 1729 1475 ὲπαλείψαντα·

184 1493 653 1561 κατασοφισθεϊσαν
694 1493 749 1545 δὲ
798 1492 876 1562 τῷ
924 1493 1233 1563 φαινομένῳ
1278 1494 1376 1565 τὴν
1410 1495 1689 1565 ἄνθρωπον
1716 1508 1729 1522 ⁶

181 1588 324 1649 δεινὸς
350 1586 455 1655 γάρ
475 1582 546 1656 ἦν
581 1582 673 1638 καὶ
699 1587 766 1656 τῇ
793 1585 1121 1655 χαλκευτικῇ
1161 1586 1248 1639 διὰ
1286 1587 1392 1639 τῶν
1418 1589 1517 1657 τῆς
1541 1588 1733 1659 τέχνης

184 1678 523 1747 σοφισμάτων,
554 1678 681 1739 τοὺς
703 1678 1015 1747 χρωμένους
1034 1677 1499 1746 παραλογίσασθαι
1520 1694 1531 1707 ·
1560 1678 1734 1749 χρόνῳ

183 1770 405 1837 φωρᾶσαι
436 1768 539 1837 τὴν
572 1768 701 1837 περὶ
748 1769 808 1820 τὸ
851 1768 1071 1837 χρυσίον
1111 1768 1468 1837 κακουργίαν,
1495 1766 1734 1837 ἐξαλειφ-

182 1860 337 1929 θείς-ης
370 1862 431 1911 ἐκ
458 1859 555 1913 τοῦ
591 1857 795 1929 χαλκοῦ
833 1861 930 1929 τῆς
964 1859 1141 1929 βαφῆς
1163 1876 1176 1889 ’
1216 1858 1333 1912 εἶτα
1367 1858 1639 1928 μετελθεῖν
1674 1860 1732 1912 ὲν

181 1952 283 2021 δίκῃ
304 1952 389 2002 τὸν
422 1950 691 2019 κλέπτην,
736 1950 1085 2020 στρατιωτῶν
1112 1966 1274 2003 τινων
1324 1949 1467 2002 κατὰ
1507 1949 1570 2002 τὸ
1603 1966 1733 2018 συγ-

182 2042 312 2110 γενὲς
361 2041 454 2095 καὶ
482 2041 762 2112 ὁμόφυλον
782 2040 1215 2112 συγκινηθέντων
1235 2042 1314 2104 εἰς
1338 2041 1727 2112 ἀγανάκτησιν.

184 2134 267 2184 Τὸν
294 2132 345 2184 δὲ
378 2132 627 2184 παθόντα
662 2133 799 2201 μετὰ
836 2132 937 2200 τὴν
969 2131 1173 2200 τόλμαν
1208 2130 1445 2200 ἐκείνην,
1498 2132 1597 2184 ὅσα
1639 2150 1733 2185 πα-

161 2223 273 2298 .θεῖν
311 2223 451 2286 εἰκὸς
502 2224 601 2276 τὸν
638 2223 951 2289 ἀπατεῶνα,
996 2224 1090 2275 καὶ
1137 2222 1399 2293 κλέπτην,
1440 2224 1587 2295 ὅρκῳ
1630 2224 1731 2293 τῆς

182 2317 344 2384 τέχνης
372 2316 569 2369 ἑαυτὸν
612 2314 947 2384 άποστῆσαν
978 2313 1163 2384 ὥσπερ
1189 2315 1311 2384 οὐχί
1344 2315 1445 2385 τῆς
1471 2315 1731 2387 προαιρέ-

184 2422 323 2471 σεως,
352 2406 485 2458 ἀλλὰ
513 2405 615 2458 τοῦ
656 2404 1086 2475 ἐπιτηδεύματος
1117 2406 1215 2476 τὴν
1249 2406 1545 2476 ἐπιθυμίαν
1580 2406 1730 2477 αὑτῷ

180 2500 259 2567 τῆς
286 2499 482 2569 κλοπῆς
506 2498 937 2569 ἐμποιήσαντος.
993 2496 1307 2550 Ἀκόλουθον
1331 2498 1386 2550 δὲ
1416 2498 1550 2568 μετὰ
1574 2498 1732 2553 τοῦτο

183 2590 437 2659 γενόμενον
472 2588 668 2661 ἰατροῦ
691 2606 833 2653 τινος
858 2588 964 2641 τῶν
993 2589 1421 2659 άγυρτευόντων,
1455 2590 1530 2653 ὡς
1561 2590 1627 2645 ἂν
1656 2591 1731 2662 μὴ

184 2681 425 2745 παντελῶς
453 2682 720 2753 ἀπορήσῃ
744 2681 842 2750 τῆς
864 2680 1168 2749 ἀναγκαίας
1194 2684 1421 2752 τροφῆς,
1450 2683 1649 2746 οἰκίαις
1673 2700 1731 2735 τε

181 2775 275 2836 ταῖς
304 2773 726 2843 ἁφανεστέραις,
762 2772 852 2825 καί
880 2789 1023 2825 τισιν
1062 2774 1493 2845 ἀπερριμμένοις
1526 2773 1733 2847 ἀνθρὼ-

184 2883 282 2929 ποις
309 2866 394 2919 ἐπὶ
424 2865 503 2936 τῷ
545 2865 899 2936 προσχήματι
926 2864 1026 2935 τῆς
1067 2865 1315 2935 ἰατρικῆς
1348 2866 1728 2937 ἐπιφέρεσθαι.

186 2953 293 3009 Εἶτα
321 2959 434 3010 κατ’
469 2956 656 3025 ὀλίγον
701 2957 782 3020 εἰς
826 2955 1085 3027 εὐπορίαν
1138 2955 1285 3025 αὐτῷ
1342 2956 1442 3027 τῆς
1492 2958 1732 3019 ἐπινοίας

182 3048 428 3121 ἐλθούσης,
468 3048 763 3120 Ἀρμενίου
791 3048 935 3112 τινὸς
962 3048 1366 3119 εὐεξαπατήτου
1397 3049 1485 3104 διὰ
1516 3051 1578 3104 τὸ
1604 3050 1733 3121 βάρ-

181 3140 336 3211 δαρον,
362 3143 435 3205 ὡς
472 3141 651 3212 ἰατρῷ
683 3141 969 3212 προσέχειν
1003 3142 1443 3206 άναπεισθέντος,
1478 3144 1571 3195 καὶ
1605 3160 1731 3214 συχ-
1757 3174 1799 3230 C

181 3234 252 3286 νὺν
276 3234 409 3307 αὖτῷ
440 3233 917 3306 ὑποχορηγοῦντος
942 3232 1226 3305 ἀργύριον,
1259 3234 1454 3307 μικρὸν
1479 3234 1729 3305 ἡγεῖσθαι

180 3326 258 3395 ήδη
288 3326 342 3379 τὸ
378 3326 632 3397 θητεύειν
677 3325 884 3395 ἑτέροις
928 3327 1020 3380 ἐπὶ
1058 3328 1125 3397 τῇ
1176 3326 1367 3397 τέχνῃ,
1407 3326 1522 3380 ἀλλ’
1568 3328 1731 3381 αὐτὸν

181 3416 334 3483 ἀξιοῦν
365 3419 549 3489 ἰατρὸν
589 3411 728 3472 εἶναι
764 3418 858 3471 καὶ
882 3418 1261 3490 ὀνομάζεσθαι.
1311 3418 1591 3473 Ἐντεῦθεν
1623 3420 1731 3473 τοί-

181 3526 258 3561 νυν
292 3511 558 3579 συλλόγων
590 3527 650 3563 τε
698 3512 944 3581 μετεῖχεν
979 3510 1255 3581 ἰατρικῶν,
1306 3511 1399 3563 καὶ
1438 3513 1550 3574 τοῖς
1596 3511 1731 3581 πρὸς

183 3598 275 3670 ἔριν
292 3600 656 3673 λογομαχοῦσι
692 3601 1169 3672 καταμιγνύμενος
1193 3643 1206 3666 ,
1234 3599 1343 3653 τῶν
1373 3598 1618 3670 βοώντων
1651 3598 1731 3663 εἷς

180 3681 251 3757 ἦν.
280 3690 377 3742 Καὶ
407 3692 463 3743 ἐν
484 3694 556 3760 τῇ
594 3690 688 3743 τοῦ
727 3690 887 3759 λόγου
920 3692 1059 3761 ῥοπῇ
1097 3689 1158 3742 τὸ
1188 3688 1310 3742 καθ’
1338 3689 1529 3743 ἑαυτὸν
1563 3707 1731 3760 προσ-

181 3777 336 3843 ttﬂs‘tq,
378 3783 436 3834 οὐ
467 3780 686 3851 μικρῶς
716 3780 1077 3844 ἐσπουδάζετο
1113 3780 1265 3851 παρὰ
1296 3779 1403 3832 τῶν
1428 3780 1490 3832 τὸ
1518 3779 1731 3844 ἀναιδὲς

182 3871 261 3941 τῆς
297 3873 475 3944 φωνῆς
507 3873 651 3944 πρὸς
686 3872 784 3937 τὰς
826 3872 1034 3927 ἑαυτῶν
1074 3871 1405 3941 φιλονεικίας
1436 3872 1732 3943 ὲκμισθου-

186 3962 349 4030 μένων.

238 4054 622 4125 Διπαρωτέρας
652 4052 706 4106 δὲ
740 4052 828 4105 διὰ
862 4050 1064 4106 τούτων
1110 4050 1551 4124 προσγενομένης
1584 4052 1731 4124 αὑτῷ

184 4140 265 4210 τῆς
296 4142 496 4215 μάζης,
552 4144 653 4196 οὐκ
693 4142 972 4213 ἐπιμένειν
1004 4140 1141 4212 ᾤετο
1170 4140 1279 4195 δεῖν
1303 4142 1411 4195 οὐδ’
1455 4144 1512 4196 ὲν
1557 4144 1731 4216 τούτῳ

183 4231 245 4301 τῷ
272 4231 391 4303 βίῳ,
421 4233 564 4286 ἀλλά
607 4232 706 4302 τὴν
742 4231 988 4302 ἰατρικὴν
1028 4232 1242 4302 ἐκείνην
1275 4232 1413 4303 μετὰ
1454 4233 1553 4304 τῆς
1599 4234 1730 4305 χαλ-

185 4328 407 4394 κευτικῆς
452 4324 580 4378 κατ’
627 4324 805 4393 ὀλίγον
854 4324 1215 4378 ὑπαπεδύετο.
1264 4326 1470 4397 Ἀρείου
1528 4326 1583 4379 δὲ
1636 4326 1729 4379 τοῦ

185 4412 422 4486 θεομάχου
446 4417 521 4470 τά
566 4432 701 4485 πονη
713 4415 779 4485 ρὰ
808 4414 982 4469 ταῦτα
1029 4414 1313 4486 σπέρματα
1341 4417 1448 4470 τῶν
1480 4415 1730 4481 ζιζανίων

1763 1827 1806 1880 Β

1835 580 2035 648 quique
2061 584 2316 632 stannum
2350 576 2548 632 ictibus
2580 575 2877 642 molliebat,
2908 585 2960 632 et
2996 578 3278 647 plumbeas
3326 579 3404 632 le-

1836 670 2019 724 betum
2051 669 2208 723 bases
2240 668 2521 731 fundebat,
2556 682 2776 722 causam
2814 683 2941 723 vero
2964 670 3088 723 vita:
3130 669 3404 725 mutandae

1836 761 2007 817 fuisse
2043 761 2119 815 illi
2159 760 2521 815 calamitatem
2550 760 2838 830 quamdam
2865 776 2931 815 ex
2966 760 3180 829 opilicio
3204 773 3400 816 ortam.

1835 854 2075 925 Accepto
2120 854 2264 909 enim
2308 854 2377 909 ab
2422 867 2593 908 uxore
2632 852 2821 907 militis
2847 852 3136 920 cujusdam
3174 856 3257 906 vel
3289 869 3407 907 ma-

1836 964 2028 1015 nuum,
2061 950 2143 1004 vel
2168 949 2294 1004 colli
2333 958 2692 1011 ornamento,
2730 958 2789 1001 ttt
2835 946 2969 1000 illud
3013 947 3122 999 ictu
3167 947 3405 1016 quodam

1836 1039 2067 1095 fractum
2122 1048 2441 1110 repararet,
2494 1040 2925 1095 circumvenissc
2980 1039 3295 1101 mulierem,
3350 1046 3407 1093 ct

1836 1147 2062 1187 aureum
2096 1133 2316 1201 quidem
2349 1133 2551 1188 monile
2591 1132 2946 1201 surripuisse,
2983 1147 3183 1186 atreum
3222 1140 3405 1185 autem

1836 1223 2160 1286 reddidisse,
2192 1240 2344 1293 teque
2365 1238 2617 1293 magnum
2644 1239 2706 1276 ac
2729 1239 2954 1276 aureum
2980 1264 2993 1285 ,
3030 1225 3297 1294 planeque
3330 1222 3408 1279 si-

1838 1317 1964 1369 mile
1993 1316 2047 1369 in
2087 1317 2412 1385 superficie,
2456 1317 2526 1370 ob
2570 1316 2868 1369 tinctnram
2910 1325 3228 1381 externam,
3269 1316 3407 1370 illito

1837 1421 1972 1459 auro
2020 1407 2111 1459 aeri
2150 1426 2163 1461 :
2202 1406 2481 1475 deceptam
2521 1420 2649 1459 vero
2691 1414 2984 1474 apparentc
3039 1405 3220 1474 specie
3261 1403 3406 1460 femi-

1836 1514 1962 1551 nam
2003 1498 2232 1568 (peritus
2271 1499 2415 1553 enim
2462 1504 2581 1553 erat
2626 1500 2793 1551 variis
2847 1496 2983 1552 fucis
3021 1505 3075 1552 et
3122 1496 3407 1554 fraudibus

1836 1590 2043 1643 aerariae
2082 1606 2193 1644 sure
2230 1590 2364 1644 artis
2399 1589 2884 1643 circumscribendi
2929 1605 3056 1652 cos,
3104 1590 3196 1659 qui
3240 1604 3406 1660 opera

1839 1680 1987 1734 illius
2011 1681 2327 1745 utebantur)
2361 1696 2623 1735 successu
2653 1680 2913 1749 temporis
2951 1683 3305 1750 impostnram
3352 1688 3407 1737 et

1838 1771 2164 1824 maleficium
2203 1771 2646 1840 deprehendisse,
2682 1771 2857 1825 deleta
2895 1788 2960 1825 ex
2991 1788 3097 1827 tere
3128 1772 3364 1828 tinctura
3390 1791 3403 1805 ο

1836 1871 2087 1918 caeterum
2116 1863 2370 1933 deinceps
2402 1863 2573 1917 furem
2606 1864 2659 1917 in
2691 1865 2784 1933 jus
2815 1873 3099 1931 vocatum,
3138 1866 3406 1921 militibus

1835 1956 2112 2009 nonnullis
2147 1970 2244 2024 pro
2268 1966 2457 2010 mutuo
2486 1956 2626 2009 inter
2650 1971 2707 2010 se
2739 1973 2839 2010 usu
2871 1964 2924 2012 et
2956 1972 3140 2011 amore
3170 1958 3406 2028 indigni-

1835 2053 2000 2100 tatem
2035 2045 2296 2102 facinoris
2321 2063 2462 2117 azgre
2496 2047 2819 2103 ferentibus.
2860 2047 3015 2103 llunc
3054 2057 3234 2104 autem
3280 2067 3408 2120 per.

1834 2151 2053 2205 pessum
2091 2152 2152 2192 ea
2188 2153 2309 2207 qua:
2350 2138 2701 2208 impostorem
2741 2151 2793 2192 et
2845 2139 3016 2194 furem
3062 2143 3269 2211 perpeti
3313 2157 3407 2197 ne-

1834 2240 1988 2280 cesse
2024 2234 2127 2289 est,
2155 2226 2513 2296 jurejurando
2543 2226 2776 2282 artificio
2810 2243 2913 2283 suo
2944 2244 3063 2283 sese
3095 2230 3403 2287 abdicasse.

1834 2314 2000 2381 Quasi
2036 2332 2144 2371 non
2189 2318 2439 2372 voluntas
2468 2325 2521 2372 et
2558 2321 2897 2389 propositum
2924 2359 2939 2383 ,
2989 2319 3080 2374 sed
3128 2321 3405 2389 opificium

1833 2408 1881 2461 ei
1916 2407 2047 2461 furti
2077 2410 2429 2478 cupiditatem
2454 2410 2718 2479 injecerit.
2746 2409 2993 2465 Posthazc
3008 2410 3210 2464 factum
3240 2411 3408 2469 fuisse

1835 2496 2095 2552 famulum
2136 2499 2332 2553 medici
2365 2500 2650 2570 cujusdam
2692 2501 3146 2565 circuutforanei,
3188 2520 3256 2558 ne
3290 2519 3408 2558 ont-

1834 2590 1966 2643 nino
1990 2592 2152 2646 rebus
2179 2592 2243 2645 ad
2271 2592 2473 2645 victum
2518 2593 2845 2647 necessariis
2890 2593 3315 2662 destitueretur;
3352 2602 3407 2651 et

1834 2680 2117 2736 medicina:
2144 2689 2405 2752 praetextu
2447 2682 2784 2751 abjectorum
2816 2690 2870 2737 et
2903 2683 3253 2739 sordidarum
3304 2686 3404 2742 ho-

1834 2771 2043 2825 minum
2083 2786 2242 2827 casas
2275 2779 2329 2827 et
2357 2773 2581 2827 latibula
2615 2773 2840 2827 obiisse.
2894 2770 3090 2829 Postea
3138 2776 3404 2846 paulatim

1834 2863 2028 2931 opibus
2048 2872 2287 2926 auctum,
2316 2870 2369 2917 et
2398 2862 2657 2917 Armenio
2675 2864 2932 2932 quodam,
2953 2879 3114 2933 quem
3143 2872 3405 2935 tanquam

1834 2953 2125 3007 barbarum
2158 2953 2212 3006 in
2245 2953 2490 3007 fraudem
2522 2953 2732 3008 illicere
2765 2954 2903 3008 nihil
2930 2965 3049 3009 erat
3080 2958 3302 3025 negotii,
3344 2964 3406 3012 ut

1834 3045 1937 3099 sibi
1964 3046 2110 3100 velut
2139 3045 2356 3100 medico
2389 3060 2551 3100 aures
2589 3045 2765 3112 daret,
2793 3062 3078 3114 persuaso,
3110 3048 3408 3119 multisque

1836 3139 1906 3194 ab
1930 3140 2024 3193 illo
2060 3139 2177 3193 auri
2207 3138 2545 3208 ponderibus
2580 3137 2852 3207 acceptis,
2889 3138 3171 3208 indignum
3218 3141 3407 3197 existi-

1836 3245 2045 3295 masse,
2086 3237 2146 3284 ut
2185 3230 2240 3284 in
2276 3236 2556 3298 posterum
2589 3229 2713 3283 aliis
2751 3230 2803 3283 in
2845 3238 2960 3284 arte
2993 3231 3200 3286 medica
3233 3232 3408 3288 servi-

1834 3331 1948 3387 ret;
1994 3320 2089 3376 sed
2138 3322 2379 3391 scipsum
2430 3335 2529 3391 pro
2582 3321 2797 3375 medico
2838 3320 3031 3375 haberi
3070 3330 3125 3377 et
3161 3322 3267 3378 dici
3310 3339 3407 3380 vo-

1836 3410 2019 3465 luisse.
2058 3410 2133 3466 Ex
2162 3411 2255 3465 illo
2290 3411 2456 3481 igitur
2488 3419 2733 3481 tempore
2762 3419 3128 3466 conventuum
3164 3413 3408 3469 medico-

1835 3516 1955 3555 rum
1993 3502 2307 3572 participem
2351 3502 2592 3566 factum,
2625 3502 2991 3557 immiscuisse
3023 3519 3082 3560 se
3124 3504 3268 3571 illis,
3313 3507 3409 3577 qui

1836 3595 2073 3665 linguam
2118 3594 2184 3649 ad
2226 3595 2374 3650 rixas
2412 3602 2711 3658 exercent,
2748 3610 3028 3664 unumque
3067 3611 3133 3650 ex
3177 3612 3408 3653 numero

1831 3687 2146 3743 rabularum
2178 3684 2371 3749 fuisse,
2403 3693 2479 3749 et,
2515 3699 2641 3739 cum
2670 3684 2725 3739 in
2754 3684 2952 3756 lingua:
2975 3685 3314 3742 volubilitate
3354 3698 3409 3744 et

1832 3777 2043 3833 viribus
2084 3775 2372 3831 facultates
2407 3791 2536 3831 suas
2572 3776 2708 3830 sitas
2747 3775 3107 3842 existimaret,
3154 3794 3262 3832 non
3308 3794 3407 3851 pa-

1834 3885 1954 3924 rum
1997 3869 2323 3923 honoratum
2350 3883 2473 3923 esse
2502 3868 2571 3923 ab
2592 3867 2719 3932 illis,
2747 3868 2841 3939 qui
2873 3868 3264 3937 impudentiam
3294 3873 3408 3929 oris

1833 3960 1901 4015 ad
1930 3960 2181 4030 proprias
2211 3958 2591 4014 contentiones
2622 3957 2957 4013 conducunt.

1906 4052 2078 4107 Porro
2109 4066 2233 4106 cum
2272 4066 2336 4106 ex
2372 4051 2476 4105 hoc
2508 4051 2632 4105 vitae
2663 4064 2858 4120 genere
2886 4050 3139 4123 pinguior
3171 4052 3219 4107 ei
3244 4052 3407 4110 obve-

1832 4144 2005 4199 nisset
2033 4142 2272 4206 fortuna,
2319 4157 2427 4196 non
2470 4142 2678 4213 putavit
2719 4142 2927 4197 diutius
2974 4142 3029 4196 in
3060 4158 3126 4198 eo
3157 4159 3406 4213 perseve-

1834 4237 2090 4299 randum,
2128 4234 2221 4291 sed
2253 4242 2423 4289 artem
2463 4235 2612 4288 illam
2645 4233 2913 4288 medicam
2951 4248 3076 4288 cum
3102 4235 3278 4289 fabrili
3310 4252 3404 4291 seu

1832 4331 2023 4385 aeraria
2062 4329 2319 4400 paulatim
2351 4327 2615 4383 deseruit.
2642 4325 2775 4381 Ario
2821 4332 3003 4381 autem
3050 4326 3271 4383 inimico
3315 4328 3408 4386 Dei

1834 4420 2139 4492 perniciosa
2188 4418 2279 4473 illa
2318 4417 2651 4472 zizaniorum
2702 4416 2911 4471 semina
2961 4426 3173 4473 serente
3203 4419 3223 4450 ⁸
3254 4420 3408 4491 (quo-

185 4504 576 4579 ἰνσπείραντοςο
609 4502 683 4561 ὧν
727 4510 755 4561 ὁ
801 4508 1011 4577 καρπός
1049 4508 1165 4561 ἐστι
1193 4508 1299 4562 τῶν
1336 4509 1628 4580 Ἀνομοίων
1660 4508 1731 4562 τὰ

1836 4529 1953 4568 rum
1990 4512 2202 4568 fructus
2221 4520 2305 4566 est
2335 4509 2583 4565 doctrina
2614 4509 3050 4580 Auomceorum),
3071 4511 3269 4565 scholae
3300 4528 3407 4566 me-

186 4597 421 4670 δόγματα,
448 4602 507 4654 αἰ
528 4600 639 4653 τῶν
657 4599 906 4671 ἰατρείων
933 4600 1118 4670 σχολαὶ
1147 4598 1447 4671 τηνικαῦτα
1468 4603 1580 4663 τοῖς
1601 4600 1731 4672 περὶ

185 4693 260 4745 τοῦ
298 4695 605 4766 ζητήματος
655 4693 863 4747 ἐκείνου
895 4691 1144 4764 θορύὸοις
1178 4692 1552 4766 περιηχοῦντο.
1600 4694 1731 4765 Ἐμ-

190 4784 459 4857 μελετήσας
510 4786 693 4841 τοίνυν
749 4786 816 4857 τῇ
865 4784 1086 4857 τοιαύτῃ
1136 4785 1418 4857 διατριϐῇ,
1469 4785 1562 4840 καί
1610 4804 1733 4844 τινα

190 4881 529 4956 συλλογισμῶν
572 4881 758 4952 ἔφοδον
790 4880 848 4948 ἐξ
889 4879 1331 4952 Ἀριστοτελικῶν
1356 4881 1732 4953 άπηχημάτων

192 4974 588 5045 παρατηρήσας,
621 4968 919 5041 ὀνομαστὸς
959 4964 1026 5041 ἧν
1050 4969 1140 5023 τὸν
1184 4969 1396 5042 πατέρα
1443 4971 1543 5042 τῆς
1576 4973 1730 5045 αἰρέ-

193 5077 302 5128 σεως
338 5067 543 5138 Ἀρεῖον
576 5067 641 5136 τῇ
684 5063 961 5135 καινότητι
993 5063 1101 5116 τῶν
1130 5064 1532 5136 ἐφευρεθέντων
1562 5066 1732 5137 ὑπερ-

192 5151 514 5227 ϐαλλόμενος,
564 5156 761 5228 μᾶλλον
804 5155 858 5209 δὲ
898 5156 1005 5209 τῶν
1051 5156 1180 5229 παρ’
1226 5157 1433 5211 ἐκείνου
1466 5155 1732 5212 τεθέντων

192 5245 269 5315 τὴν
324 5247 640 5303 ἀκολουθίαν
703 5250 1043 5319 κατανοήσας
1103 5247 1352 5319 ἀγχίνοός
1415 5266 1498 5314 τις
1556 5249 1734 5315 ἔδοξεν

195 5331 305 5391 tim
334 5342 422 5394 καὶ
454 5342 562 5395 τῶν
609 5341 853 5414 κρυφίων
886 5339 1195 5412 εὐρετικός·
1244 5340 1303 5393 τὸ
1334 5341 1550 5396 κτιστὸν
1571 5381 1586 5406 ,
1638 5341 1733 5394 καὶ

194 5429 241 5481 τὸ
265 5431 314 5497 ἐξ
350 5434 447 5486 οὐκ
482 5434 670 5497 ὄντων,
702 5435 953 5503 ἀνόμοιον
976 5428 1114 5486 εἶναι
1142 5431 1220 5504 τῷ
1242 5434 1504 5497 κτίσαντι,
1537 5434 1629 5488 καὶ
1653 5433 1730 5505 τῷ

198 5525 535 5594 παραγαγόντι
572 5527 637 5578 ὲκ
662 5524 755 5578 τοῦ
780 5525 853 5596 μὴ
879 5524 1029 5588 ὄντος
1056 5524 1494 5595 ἀποφηνάμενος.

257 5804 276 5838 ⁸
295 5805 471 5863 Matth.
493 5823 613 5873 xut,
648 5808 721 5863 ει
757 5824 874 5881 sqq.

1834 4605 2079 4661 dicorum
2103 4603 2433 4660 clamoribus
2461 4602 2530 4656 de
2557 4601 2660 4655 hac
2684 4601 2989 4671 quaestione
3021 4605 3408 4672 personabant.

1834 4697 2003 4768 lgitttr
2041 4711 2165 4750 cum
2206 4694 2394 4750 Aetius
2443 4692 2496 4747 in
2528 4692 2631 4747 hac
2680 4692 2929 4763 palaestra
2964 4693 3254 4763 diligenter
3289 4711 3411 4751 sese

1834 4788 2191 4853 exercuisset,
2246 4794 2300 4842 et
2342 4785 2784 4858 syllogismorum
2833 4785 2996 4840 etiam
3047 4786 3407 4856 quorumdam

1835 4897 1902 4937 ex
1931 4878 2299 4935 Aristotelicis
2330 4877 2699 4932 monumentis
2738 4877 3047 4947 congeriem
3076 4878 3407 4947 collegisset,

1835 4974 2020 5029 clarus
2065 4979 2118 5026 et
2177 4970 2409 5025 celebris
2466 4978 2605 5032 erat,
2663 4977 2920 5038 superato
2970 4969 3131 5023 etiam
3187 4978 3410 5038 parente

1837 5066 2001 5135 hujus
2028 5063 2299 5118 haereseos
2334 5062 2487 5125 Ario,
2518 5061 2663 5130 quod
2704 5060 2769 5114 ad
2808 5060 3150 5114 inventorum
3193 5059 3409 5132 dogma-

1837 5164 1950 5210 tum
1996 5156 2294 5210 novitatem
2334 5152 2560 5219 attinet;
2600 5160 2653 5207 et
2692 5167 2815 5207 cum
2868 5152 3038 5221 magis
3084 5151 3407 5223 intelligeret

1837 5246 2085 5301 ordinem
2124 5251 2178 5299 et
2221 5243 2621 5298 conuexionem
2659 5257 2867 5307 eorum,
2910 5256 3031 5311 qua:
3076 5240 3238 5296 Arius
3265 5257 3407 5298 com-

1841 5344 2054 5391 mentus
2077 5334 2273 5400 fuerat,
2315 5348 2481 5405 sagax
2513 5342 2567 5389 et
2595 5334 2767 5390 solers
2797 5332 3116 5401 habebatur,
3146 5339 3198 5386 et
3227 5332 3293 5388 ad
3318 5348 3409 5391 res

1839 5430 2123 5485 abstrusas
2151 5428 2486 5500 indagandas
2518 5440 2777 5498 perquam
2810 5424 3058 5488 idoneus,
3086 5425 3405 5492 ostendens,

1840 5522 1893 5577 id
1924 5521 2068 5592 quod
2097 5531 2338 5577 creatum
2363 5528 2526 5586 esset,
2574 5528 2629 5573 et
2654 5534 2720 5573 ex
2771 5532 2878 5570 non
2902 5523 3026 5571 ente
3064 5532 3157 5573 seu
3210 5518 3406 5583 nihilo,

1842 5613 2108 5670 dissimile
2134 5629 2257 5673 esse
2282 5612 2547 5671 Creatori.
2583 5617 2637 5667 et
2678 5610 2750 5674 ei,
2792 5608 2935 5679 quod
2971 5625 3035 5664 ex
3080 5611 3249 5666 nihilo
3274 5611 3411 5668 edu-

1844 5703 1943 5757 xit.
