3920 6470
531 331 640 389 Ωὓὸ

530 534 759 607 cupidas
801 549 964 589 aures
1004 534 1266 601 titillavit,
1302 534 1519 601 accidit,
1548 542 1608 588 ut
1642 534 1782 588 hanc
1808 536 2105 589 novitatem

530 628 694 682 etiam
734 633 1093 696 cognosceret
1140 624 1477 695 Theophilus
1509 626 1783 696 Blemmys
1820 627 1921 694 (a),
1951 625 2109 695 cujus

531 716 715 772 studio
741 731 866 770 cum
901 714 1057 769 Gallo
1106 715 1391 771 familiaris
1437 723 1603 779 esset,
1647 716 1827 771 aditus
1870 715 2110 783 patefac-

532 816 620 863 tus
641 817 725 862 est
753 806 909 861 Aetio
931 805 995 857 ad
1027 806 1309 873 palatium.
1342 806 1409 859 At
1429 821 1552 859 cum
1577 804 1765 860 Gallus
1784 805 2108 874 praelectum

535 898 897 953 Domitianum
923 907 974 950 et
991 895 1250 948 Montium
1277 895 1348 965 (ὁ)
1369 898 1629 950 scelerate
1653 897 1924 949 trucidare
1947 910 2111 949 ausus

534 990 753 1054 fuisset,
790 1002 1001 1050 omnes,
1036 986 1128 1056 qui
1169 985 1475 1041 detestandi
1505 988 1651 1041 illius
1694 987 1950 1041 facinoris
1986 1001 2111 1055 par-

538 1084 729 1154 ticipes
782 1082 1016 1143 fuerant,
1074 1082 1367 1151 participes
1414 1085 1577 1137 etiam
1635 1083 1875 1147 fuerunt,
1920 1092 1977 1137 ut
2018 1099 2113 1153 par

538 1182 675 1237 erat,
713 1175 966 1228 interitus
1007 1173 1187 1226 illius:
1220 1173 1370 1227 solus
1402 1174 1504 1227 iste
1544 1172 1728 1243 eliugit
1761 1173 2109 1242 supplicium,

538 1266 731 1335 dignus
754 1265 1054 1335 judicatus,
1084 1264 1177 1332 qui
1218 1263 1352 1316 nihil
1389 1264 1606 1318 adversi
1656 1271 1953 1333 pateretur,
1988 1278 2110 1316 cum

538 1358 657 1410 aliis
688 1355 933 1425 ejusdem
975 1356 1197 1410 sceleris
1245 1356 1617 1409 consortibus.
1667 1355 1875 1408 interea
1920 1368 2115 1422 magno

537 1446 837 1500 Athanasio
874 1461 939 1499 ex
967 1444 1458 1498 Alexandrinorum
1491 1442 1732 1496 Ecclesia
1770 1442 2115 1512 imperatoris

538 1533 823 1605 tyrannide
854 1534 1049 1603 cjecto,
1081 1531 1312 1602 Georgio
1352 1540 1533 1587 autem
1570 1530 1988 1586 Tarbasthenite
2021 1546 2118 1601 po-

538 1626 724 1694 pulum
780 1627 931 1679 illum
989 1625 1328 1679 convellente
1387 1632 1440 1678 et
1500 1624 1847 1693 exagitante,
1919 1623 2115 1677 iterum

538 1717 942 1772 Alexandrinus
973 1717 1028 1770 lit
1062 1717 1275 1779 Aetius,
1307 1715 1522 1769 nemine
1546 1715 1776 1769 inferior
1800 1731 1865 1770 ex
1896 1714 2003 1768 illis
2026 1715 2117 1784 qui

1767 331 1825 387 S.
1865 328 2195 387 GREGORII
2231 331 2533 390 NYSSENI

603 443 676 501 Ut
705 457 834 513 ergo
874 440 1191 512 hujusmodi
1229 443 1572 500 sermonibus
1617 458 1796 497 rerum
1839 459 2102 499 novarum
2131 462 2179 518 Α

3661 342 3757 397 265

2288 446 2723 527 ’Enst6ﬁ_7o£vu‘.
2773 447 2862 501 διὰ
2906 448 3012 501 τῶν
3044 448 3297 503 τοιούτων
3335 448 3505 518 λόγων
3542 451 3638 515 τὰς
3678 472 3759 522 φι-

2208 536 2485 600 λοκαίνους
2528 536 2634 588 τῶν
2677 534 2851 590 ταῦτα
2888 536 3184 590 νοσούντων
3226 538 3395 602 ἀκοὰς
3424 540 3759 608 ἐγαργάλιζε,

2210 628 2463 696 γινώσκει
2506 628 2604 699 τὴν
2652 629 3015 697 καινοφωνίαν
3062 630 3262 700 ταύτην
3314 631 3408 683 καὶ
3456 633 3484 684 δ
3522 632 3762 703 Βλέμμυς

2211 718 2498 786 Θεόφιλος,
2533 712 2576 785 ᾧ
2609 717 2896 787 συνηθείας
2927 718 3069 781 τινὸς
3118 720 3243 788 περὶ
3293 720 3384 771 τὸν
3416 720 3614 774 Γάλλον
3644 740 3764 792 προ-

2214 809 2579 879 υπαρχούσης,
2607 810 2633 860 ὁ
2666 809 2867 872 Ἀέτιος
2896 811 2974 873 εἰς
3006 809 3072 861 τὰ
3098 809 3339 878 βασίλεια
3361 810 3423 862 δι’
3454 811 3614 866 αὑτοῦ
3639 831 3765 883 παρ-

2213 903 2412 956 εδύετο.
2462 902 2566 954 Τοῦ
2596 902 2662 954 δέ
2720 902 2846 972 περὶ
2888 902 2978 954 τὸν
3026 901 3266 975 ὕπαρχον
3316 905 3635 973 Δομετιανὸν
3683 907 3767 959 καὶ

2212 994 2442 1049 Μόντιον
2493 994 2655 1061 ἄγους
2700 993 2997 1064 τηνικαῦτα
3040 992 3396 1063 τολμηθέντος
3430 994 3507 1064 τῷ
3561 995 3763 1065 Γάλλῳ,

2216 1089 2414 1150 πάντες
2447 1087 2496 1139 οἱ
2547 1087 2789 1139 κοινωνοὶ
2827 1086 2919 1139 τοῦ
2954 1085 3258 1155 μιάσματος
3292 1089 3665 1156 συμμετεῖχον,
3701 1088 3769 1150 ὡς

2216 1178 2382 1241 εἰκὸς,
2419 1178 2519 1245 τῆς
2551 1176 2756 1229 ἐκείνου
2778 1178 3186 1247 καταστροφῆς.
3219 1177 3356 1230 Ἀλλ’
3390 1173 3543 1241 οὗτος
3579 1178 3770 1231 ἐκδύνει

2216 1271 2313 1340 τὴν
2358 1269 2645 1340 τιμωρίαν,
2697 1269 2814 1321 οὐδὲ
2856 1268 2948 1321 τοῦ
2978 1269 3167 1322 παθεῖν
3214 1288 3263 1322 τι
3293 1271 3463 1324 κακὸν
3512 1271 3647 1339 μετὰ
3673 1272 3770 1324 τῶν

2219 1362 2502 1413 συναιτίων
2540 1360 2633 1412 τοῦ
2678 1361 2843 1426 ἄγους
2888 1358 3032 1424 ἄξιος
3056 1355 3208 1411 εἶναι
3241 1359 3469 1431 κριθείς.
3511 1359 3634 1412 Ἐπὶ
3657 1360 3769 1413 τού⁸

2216 1472 2331 1516 τοις
2360 1452 2454 1504 τοῦ
2488 1453 2721 1521 μεγάλου
2761 1451 3072 1504 Ἀθανασίου
3099 1451 3347 1521 βασιλικῇ
3377 1451 3660 1522 δυναστεία
3686 1453 3773 1521 τῆς

2232 1542 2625 1612 Ἀλεξανδρέων
2663 1541 2983 1611 Ἐκκλησίας
3010 1539 3410 1610 μετατεθέντος·
3443 1542 3709 1611 Γεωργίου
3724 1542 3772 1595 δὲ

2218 1636 2310 1689 τοῦ
2373 1634 2811 1704 Ταρὸασθηνίτου
2873 1632 2964 1685 τὸν
3007 1634 3209 1684 ἐκεῖνον
3254 1632 3379 1685 λαὸν
3419 1628 3771 1696 διασπῶντος,

2221 1721 2382 1774 πάλιν
2436 1721 2813 1791 Ἀλεξανδρεὺς
2846 1724 2874 1772 ὁ
2919 1720 3138 1784 Ἀέτιος,
3173 1721 3382 1784 οὐδενὸς
3410 1722 3628 1775 ἔλαττον
3650 1722 3774 1793 ἔχων

541 1809 611 1862 ob
634 1808 792 1861 ollam
822 1808 1262 1877 parasitabantur
1285 1806 1613 1876 Cappadoci.
1647 1806 1767 1859 Non
1791 1806 1933 1858 enim
1954 1804 2116 1859 Geor-

2223 1814 2326 1865 τῷν
2354 1813 2801 1884 ὑποτρεφομένων
2831 1811 2923 1864 καί¹
2964 1810 3402 1880 παρασιτούντων
3438 1813 3514 1882 τῷ
3550 1815 3773 1866 Καππαο

544 1901 633 1969 gio
692 1900 961 1954 assentari
1017 1899 1316 1960 nesciebat,
1377 1898 1575 1965 quippe
1634 1895 2000 1958 Chananiaao,
2061 1895 2114 1948 in

540 2006 723 2060 quem,
759 1991 904 2043 velut
936 1989 1123 2043 eodem
1161 2003 1358 2056 genere
1392 1998 1444 2041 et
1471 1987 1616 2039 tribu
1653 1995 2002 2056 prognatum,
2024 1987 2118 2040 ad-

540 2083 760 2137 modum
798 2082 1061 2136 benevolo
1109 2089 1225 2135 erat
1270 2080 1492 2144 animo;
1548 2079 1635 2133 ille
1688 2079 1927 2134 vicissim
1976 2079 2118 2133 Aetii

538 2174 915 2229 oblectabatur
962 2172 1397 2234 consuetudine,
1466 2170 1793 2238 jampridem
1850 2168 2118 2239 dogmatis

541 2265 688 2319 illius
733 2262 1088 2333 perversitate
1133 2270 1348 2332 captus,
1403 2268 1455 2315 et
1508 2261 1666 2314 Aetio
1714 2260 1864 2313 velut
1908 2260 2119 2313 lucrum

550 2354 823 2425 quoddam
866 2356 1197 2422 insperatum
1231 2352 1559 2423 propositus.

610 2444 740 2510 Qua:
764 2443 983 2497 minime
1001 2444 1277 2512 fugiebant
1295 2444 1587 2512 genuinum
1607 2444 1777 2513 ipsius
1792 2443 2118 2512 discipulum

541 2530 867 2584 Eunomium
900 2530 1085 2593 istum,
1114 2530 1204 2598 qui
1224 2544 1346 2583 cum
1366 2529 1538 2599 patris
1562 2532 1669 2594 sui,
1689 2538 1883 2585 cmtera
1909 2530 2118 2600 optimi,

539 2628 765 2687 excepto
802 2619 903 2672 hoc
932 2635 1063 2682 uno,
1090 2618 1232 2688 quod
1267 2618 1428 2673 talem
1474 2623 1662 2689 genuit
1692 2621 1885 2687 lilium,
1908 2622 2121 2679 vivendi

540 2712 806 2765 rationem
832 2710 1116 2764 honestam
1139 2711 1356 2779 quidem
1378 2718 1430 2765 et
1448 2711 1656 2782 legibus
1675 2724 2121 2770 consentaneam.

541 2801 636 2857 sed
678 2810 857 2856 tamen
898 2800 1169 2855 dil‘licilem
1211 2800 1278 2855 ob
1306 2810 1622 2872 egestatem,
1655 2811 1709 2858 et
1743 2804 1969 2858 inﬁnitis
2009 2805 2124 2875 ple-

540 2906 663 2946 nam
713 2890 977 2945 molestiis
1021 2889 1230 2944 videret
1276 2890 1415 2958 (erat
1456 2891 1598 2945 enim
1632 2892 1888 2961 agricola,
1941 2902 2125 2948 aratro

548 2991 815 3048 assuetus,
849 2989 903 3037 et
944 2982 1165 3036 rusculo
1206 2998 1307 3038 suo
1340 2983 1567 3037 colendo
1618 2984 1789 3038 multo
1820 2985 2004 3040 labore
2044 2986 2127 3039 in-

538 3082 722 3128 tentus
763 3089 775 3124 :

2216 1906 2349 1977 δόκῃ
2365 1922 2376 1934 ·
2404 1906 2522 1959 οὺδέ
2549 1905 2657 1976 γὰρ
2678 1905 2775 1975 τῆς
2792 1904 3080 1965 κολακείας
3102 1902 3389 1974 άμελήτως
3413 1901 3519 1973 εἶχε
3538 1923 3551 1934 ο
3580 1906 3773 1977 χαίρειν

2217 1998 2274 2051 δὲ
2320 1997 2494 2067 τούτῳ
2546 1997 2711 2050 πάλαι
2751 2000 2818 2067 τῇ
2879 1997 3172 2067 διαστροφῇ
3224 1996 3653 2066 κατειλημμένος
3691 1995 3774 2048 τοῦ

2217 2091 2502 2161 δόγματος,
2530 2091 2623 2142 καὶ
2651 2088 2859 2160 εὕρεμα
2886 2084 3023 2143 εἶναι
3056 2089 3135 2160 τῷ
3178 2089 3365 2159 Ἀετίῳ
3391 2090 3512 2141 κατ’
3542 2089 3776 2154 ἐξουσίαν

2220 2180 2594 2253 προκείμενος.

2294 2332 2368 2383 Οὐ
2425 2331 2602 2383 τοίνυν
2662 2329 2910 2383 λανθάνει
2971 2329 3141 2384 ταῦτα
3199 2328 3289 2383 τὸν
3351 2330 3571 2398 γνήσιον
3630 2329 3779 2383 αὑτοῦ

2222 2422 2465 2493 ζηλωτὴν
2495 2422 2753 2492 Εὐνόμιον
2777 2420 2992 2485 τοῦτον,
3028 2422 3086 2485 ὃς
3114 2420 3207 2474 τοῦ
3234 2421 3373 2475 κατὰ
3408 2420 3570 2490 φύσιν
3607 2422 3779 2475 ἑαυτοῦ

2223 2512 2426 2583 πατρὸς
2477 2512 2748 2582 βελτίστου
2791 2511 2857 2564 τά
2888 2512 3041 2574 ἄλλα,
3082 2510 3220 2581 πλὴν
3262 2511 3513 2578 γενέσθαι
3552 2510 3780 2564 τοιούτου

2224 2606 2463 2674 πατέρα,
2516 2604 2830 2673 εὐγνώμονα
2886 2602 2983 2673 μὲν
3030 2603 3387 2673 καταμαθὼν,
3443 2603 3537 2657 καὶ
3590 2620 3785 2672 νενομι-

2226 2695 2427 2767 σμένην
2480 2694 2575 2766 τὴν
2619 2694 2710 2747 τοῦ
2769 2693 2881 2764 βίου
2920 2694 3215 2764 διαγωγὴν,
3268 2694 3545 2765 μοχθηρὰν
3604 2694 3659 2747 δὲ
3710 2693 3786 2746 διὰ

2224 2787 2445 2851 πενίαν,
2491 2787 2583 2840 καὶ
2621 2786 2827 2857 μυρίων
2871 2786 3144 2857 γέμουσαν
3182 2788 3356 2840 πόνων
3398 2785 3664 2857 (γεωργὸς
3691 2784 3784 2856 γάρ

2222 2899 2306 2944 τις
2360 2876 2429 2952 ἦν
2478 2880 2820 2948 ἐπικεκυφὼς
2864 2880 2942 2951 τῷ
2990 2881 3225 2953 ἀρότρῳ,
3274 2880 3364 2933 καὶ
3414 2879 3583 2931 πολὺν
3643 2877 3785 2930 πόνον

2226 2973 2353 3043 περὶ
2396 2972 2456 3025 τὸ
2502 2971 2671 3043 βραχὺ
2711 2971 2891 3041 γήδιον
2931 2970 3068 3041 ἔχων
3093 2988 3107 3001 ’
3158 2970 3243 3024 διὰ
3280 2971 3337 3024 δὲ
3367 2969 3458 3023 τοῦ
3498 2969 3784 3039 χειμῶνος,

831 3074 1007 3128 hieme
1059 3089 1188 3128 vero
1229 3090 1354 3128 cum
1401 3074 1467 3127 ab
1514 3074 1850 3157 agricultura
1911 3078 2116 3131 vacatio

2225 3063 2312 3115 ὅτε
2336 3060 2443 3114 τῶν
2472 3062 2601 3131 περὶ
2640 3060 2734 3131 τὴν
2764 3060 2868 3130 γῆν
2912 3060 3172 3130 καμάτων
3218 3055 3328 3130 εἶχε
3365 3059 3461 3129 τὴν
3494 3058 3697 3135 ἄδειαν,
3729 3058 3788 3110 τὰ

541 3166 895 3227 θυηερόίια,
948 3166 1122 3236 prima
1169 3166 1436 3221 elementa
1483 3176 1537 3221 et
1585 3150 1847 3238 syllabas.
1876 3170 2116 3239 puerulis

2224 3154 2415 3225 πρῶτα
2469 3156 2739 3223 στοιχεῖα,
2790 3154 2885 3205 καὶ
2933 3153 3033 3215 τὰς
3087 3152 3357 3215 συλλαϐὰς
3406 3154 3517 3215 τοῖς
3565 3150 3787 3212 παιδίοις

539 3259 812 3327 eleganter
840 3256 1153 3322 ell‘ormans,
1190 3259 1437 3313 mercede
1470 3260 1595 3313 inde
1633 3260 1883 3327 collecta,
1916 3262 2120 3315 victum

541 3350 909 3419 amictumque
937 3350 1039 3403 sibi
1072 3351 1468 3419 comparabat);
1496 3352 1609 3406 haec
1641 3354 1803 3423 igitur
1831 3361 1884 3408 et
1924 3354 2122 3409 similia

539 3440 597 3494 in
654 3453 877 3509 paterna
939 3440 1101 3493 domo
1163 3440 1643 3507 animadvertens,
1714 3444 1886 3497 multa
1948 3445 2124 3499 salute

540 3538 747 3596 aratro,
778 3540 829 3585 et
864 3531 1037 3595 stiva},
1073 3541 1127 3585 et
1171 3532 1424 3587 omnibus
1455 3534 1699 3602 paternis
1744 3535 2122 3590 instrumentis

538 3622 704 3684 dicta,
732 3638 800 3675 ne
834 3629 887 3675 et
913 3623 1027 3692 ipse
1059 3621 1363 3676 conﬂictari
1391 3632 1678 3694 cogeretur
1704 3624 2018 3693 hujusmodi
2053 3628 2123 3678 la-

539 3713 733 3767 borum
761 3712 1201 3780 difﬁcultatibus,
1243 3715 1476 3783 primum
1517 3714 1732 3784 quidem
1767 3725 2000 3771 mentem
2033 3716 2124 3769 ad-

532 3803 655 3874 jicit
689 3804 754 3857 ad
782 3804 1102 3873 sapientiam
1129 3804 1351 3857 Prunici
1377 3803 1478 3874 (c);
1515 3815 1567 3859 et
1593 3806 1755 3860 celeri
1787 3822 1950 3860 manu
1982 3807 2120 3860 scri-

537 3894 665 3948 bere
697 3894 945 3957 edoetus,
981 3895 1250 3965 principio
1272 3894 1493 3965 quidem
1524 3897 1801 3951 habitabat
1834 3913 1957 3952 cum
1985 3912 2121 3967 quo-

536 3984 661 4039 dam
697 4001 809 4041 suaa
862 3988 1048 4057 stirpis
1098 3996 1151 4041 et
1204 3987 1442 4057 faniilim,
1495 4007 1602 4043 non
1646 3991 1751 4044 alia
1797 3990 2113 4050 ministerii.

534 4078 681 4147 quod
735 4079 1025 4133 scribendo
1079 4079 1388 4147 exhibetur,
1443 4081 1712 4144 mercede,
1760 4098 1921 4151 quam
1970 4082 2114 4135 victu

535 4169 871 4240 quotidiano.
934 4168 1136 4224 Deinde
1194 4172 1544 4241 paedagogum
1604 4188 1769 4241 agens
1822 4185 2114 4241 puerorum

536 4263 621 4315 sui
667 4262 895 4325 domini,
932 4264 1193 4332 paulatim
1233 4263 1452 4317 accendi
1485 4264 1650 4332 ccepit
1692 4263 1962 4317 desiderio
1992 4263 2113 4317 rbe—

535 4352 720 4405 toricae
755 4368 849 4407 seu
901 4356 1241 4424 eloquentiae.
1285 4354 1349 4407 Et
1385 4355 1473 4407 illa
1518 4356 1734 4423 quidem
1780 4371 1899 4424 quae
1942 4356 2110 4408 inter-

536 4441 713 4495 medio
755 4452 997 4513 tempore
1028 4446 1213 4514 gessit,
1247 4444 1427 4499 sciens
1463 4456 1747 4515 praetereo,
1773 4455 1829 4499 ut
1857 4455 1909 4500 et
1944 4448 2106 4500 vitam

538 4538 588 4591 in
628 4535 799 4604 patria
842 4544 1035 4602 actam,
1085 4546 1138 4592 et
1178 4539 1232 4591 in
1262 4540 1464 4608 quibus
1494 4540 1969 4610 ConstantinOpoli
2007 4537 2101 4593 de-

2222 3246 2619 3318 ὑποχαράσσων
2651 3245 2975 3316 εὐμηχάνως
3004 3244 3095 3297 διὰ
3119 3244 3224 3296 τῶν
3264 3244 3633 3314 μισθωμάτων
3660 3241 3789 3295 ὲκεί-

2221 3358 2325 3392 νων
2352 3340 2417 3392 τὰ
2446 3340 2580 3410 πρὸς
2610 3339 2699 3391 τὸν
2728 3338 2839 3408 βίον
2867 3336 3435 3411 ἐπεσιτίζετο)·ταῦτα
3463 3336 3641 3389 τοίνυν
3672 3336 3789 3406 περὶ

2221 3430 2311 3482 τὸν
2344 3429 2533 3483 ἑαυτοῦ
2562 3428 2773 3499 πατέρα
2809 3428 3045 3498 βλέπων,
3086 3425 3359 3498 ἐρρῶσθαι
3389 3428 3601 3497 φράσας
3634 3425 3709 3497 τῷ
3735 3442 3790 3479 τε

2223 3522 2458 3592 ἀρότρῳ,
2504 3522 2597 3574 καὶ
2647 3523 2711 3591 τῇ
2766 3519 2986 3591 σμινύη,
3036 3520 3130 3573 καὶ
3174 3520 3307 3572 πᾶσι
3343 3522 3451 3583 τοῖς
3508 3523 3789 3591 πατρικοῖς

2231 3613 2561 3683 ἐργαλείοις,
2602 3612 2675 3675 ὡς
2726 3612 2790 3665 ἂν
2826 3612 2899 3683 μὴ
2947 3612 3040 3665 καὶ
3085 3612 3246 3676 αὐτὸς
3292 3612 3789 3684 προσταλαιπωροίη

2228 3709 2338 3767 τοῖς
2371 3704 2575 3775 ὁμοίοις
2617 3704 2723 3757 τῶν
2754 3704 2949 3770 πόνων,
2982 3705 3197 3775 πρῶτον
3242 3706 3338 3775 μὲν
3368 3706 3463 3775 τῆς
3497 3706 3789 3776 Προυνίκου

2231 3798 2419 3867 σοφίας
2448 3797 2652 3865 γίνεται
2686 3796 2931 3867 μαθητής
2952 3814 2965 3827 ·
3002 3799 3092 3851 καὶ
3134 3799 3362 3869 γράφειν
3396 3798 3474 3861 είς
3520 3798 3683 3866 τάχος
3710 3799 3790 3848 ἐκ·

2232 3890 2566 3961 μελετήσας,
2615 3893 2777 3959 συνῆν
2824 3888 2892 3942 τὰ
2947 3889 3138 3961 πρῶτα
3217 3890 3325 3943 τῶν
3365 3891 3426 3942 ἐκ
3465 3888 3556 3941 τοῦ
3610 3890 3790 3958 γένους

2227 3978 2378 4053 οἶμαί
2406 4000 2532 4046 τινι,
2565 3981 2754 4053 μισθὸν
2790 3982 2888 4051 τῆς
2923 3984 2979 4034 ἐν
3007 3980 3083 4051 τῷ
3112 3982 3341 4053 γράφειν
3373 3982 3672 4052 ὑπηρεσίας
3699 3981 3788 4051 τὴ)

2224 4074 2427 4147 τροφὴν
2462 4074 2596 4144 ἔχων
2616 4091 2627 4103 ’
2655 4069 2772 4126 εἶτα
2797 4072 3159 4142 παιδαγωγῶν
3192 4073 3281 4127 τοῦ
3311 4074 3603 4145 τρέφοντος
3634 4073 3789 4127 αὑτὸν

2220 4167 2286 4221 τὰ
2314 4167 2607 4238 μειράκια,
2660 4168 2775 4220 κατ’
2814 4166 2993 4235 ὀλίγον
3026 4168 3106 4229 εἰς
3157 4166 3449 4236 ῥητορικῆς
3501 4165 3788 4235 ἐπιθυμίαν

2219 4258 2578 4329 προέρχεταιο
2614 4256 2805 4310 καὶτὰ
2835 4256 2892 4307 ἐν
2942 4254 3019 4325 τῷ
3083 4256 3231 4325 μέσῳ
3279 4254 3545 4325 παρίημι⁶
3602 4259 3692 4313 τόν
3735 4270 3788 4305 τε

2216 4350 2307 4402 ἐπὶ
2336 4348 2433 4418 τῆς
2465 4347 2718 4419 πατρίδος
2749 4344 2911 4398 αὐτοῦ
2949 4344 3061 4416 βίον
3090 4395 3106 4418 ,
3132 4352 3224 4404 καὶ
3253 4350 3335 4416 ἐφ’
3366 4344 3445 4412 οἷς
3475 4349 3531 4400 ἐν
3555 4345 3622 4415 τῆ
3651 4343 3735 4396 lim

2217 4440 2491 4495 σταντίνου
2521 4440 2669 4493 πόλει
2693 4437 3025 4508 κατελήφθη,
3058 4439 3151 4492 καὶ
3191 4438 3328 4510 μετὰ
3354 4438 3533 4491 τίνων.
3558 4434 3709 4490 Μετὰ
3736 4433 3789 4487 δὲ

2206 4535 2376 4589 ταῦτα
2406 4535 2530 4604 περὶ
2558 4532 2798 4603 χλανίδα,
2821 4533 2914 4585 καὶ
2945 4532 3119 4603 ζώνην
3148 4531 3484 4603 ἀσχοληθεὶς,
3511 4533 3584 4595 ὥς
3608 4549 3784 4601 φασιν.

533 4626 835 4699 prehensus
864 4627 954 4691 sit,
992 4636 1045 4682 et
1092 4644 1215 4681 cum
1248 4631 1465 4697 quibus.
1498 4630 1744 4686 l’osthzec
1786 4632 1997 4686 lzcnulis
2026 4640 2079 4686 et
2108 4629 2263 4685 zonis
2296 4624 2648 4682 conﬁciendis
2679 4624 2907 4687 vaeavit,
2938 4634 2995 4677 ut
3032 4624 3227 4679 ferunt.

600 4718 671 4771 At
699 4734 821 4773 cum
851 4722 1031 4775 omnia
1072 4720 1184 4775 hzec
1206 4722 1413 4777 videret
1441 4739 1563 4779 esse
1595 4724 1826 4787 minora,
1859 4724 2105 4794 nihilque
2138 4725 2182 4780 D

533 4811 660 4867 inde
686 4812 845 4866 valde
876 4815 1234 4883 expetendum
1259 4817 1363 4871 sibi
1395 4816 1700 4885 provenire,
1728 4818 1917 4872 relicto
1943 4816 2114 4887 priori

533 4905 659 4958 vita:
687 4903 955 4967 instituto,
994 4906 1095 4958 soli
1128 4922 1192 4960 ex
1236 4907 1491 4962 omnibus
1522 4922 1642 4962 sese
1682 4906 1887 4961 addixit
1933 4907 2107 4961 Aetio.

532 4991 689 5047 llaud
730 5002 931 5048 temere
977 4993 1141 5058 hunc,
1174 5002 1232 5048 ut
1278 4995 1532 5059 arbitror,
1566 5003 1823 5065 tanquam
1866 4996 1989 5047 vitae
2017 4994 2114 5048 du-

532 5100 647 5138 cem
683 5092 734 5139 et
766 5085 1062 5155 exemplar,
1115 5086 1216 5140 sibi
1266 5086 1556 5157 delegerat.
1602 5086 1680 5140 Ex
1718 5104 1825 5157 quo
1863 5088 2005 5141 enim
2055 5086 2109 5140 in

532 5176 824 5232 inellabilis
859 5177 1004 5231 illius
1049 5178 1326 5246 sapientia:
1355 5180 1791 5234 communionem
1836 5180 2014 5244 venit,
2046 5193 2111 5233 cx

533 5283 599 5322 eo
626 5275 870 5338 tempore
904 5268 1085 5323 omnia
1115 5269 1188 5323 illi
1215 5269 1332 5325 sine
1372 5281 1493 5325 satu
1520 5279 1574 5324 et
1602 5270 1813 5324 inarata
1850 5284 2112 5339 progene-

531 5366 747 5411 rantur.
801 5357 1031 5428 Sapiens
1076 5358 1219 5413 enim
1253 5369 1338 5413 est
1373 5359 1425 5413 in
1474 5360 1562 5423 iis,
1610 5358 1679 5412 ad
1713 5374 1831 5429 qua:
1866 5358 2106 5412 animum

608 5471 707 5543 (Aa).
743 5470 816 5527 De
836 5472 946 5543 _hoc
988 5472 1286 5543 Theophila
1325 5473 1445 5527 vide
1488 5472 1687 5529 Baron.
1735 5487 1877 5527 anno
1897 5469 2101 5528 Christi

533 5540 665 5611 544,
707 5557 760 5611 n.
794 5541 850 5594 ll
886 5551 939 5611 et
977 5559 1091 5611 seq.

600 5609 676 5675 (ὁ)
715 5608 847 5663 Vide
892 5608 1252 5668 Sozomenum
1290 5612 1326 5666 l.
1360 5617 1451 5677 ιν,
1473 5626 1593 5681 cap.
1624 5612 1677 5680 6,
1715 5612 1808 5681 qui
1838 5611 2101 5666 Montium

530 5687 690 5732 vocat
720 5694 991 5733 numnum.

602 5748 670 5818 (c)
722 5748 793 5805 De
815 5748 1050 5807 Prunico
1077 5749 1199 5808 vide
1250 5751 1631 5823 Epiphanium.
1663 5750 1804 5811 liter.
1833 5750 1925 5821 2|,
1947 5750 2018 5808 25
2040 5758 2093 5806 et

2204 5693 2359 5733 rum:
2393 5681 2521 5733 item
2573 5677 2739 5746 bajuli

2204 5762 2305 5819 pro
2338 5748 2502 5804 celeri
2528 5748 2712 5805 scriba
2750 5761 2780 5801 a

2294 4718 2512 4788 Ἐπειδὴ
2556 4716 2733 4770 πάντα
2781 4717 2990 4787 μικρὰ,
3031 4717 3126 4769 καὶ
3173 4717 3326 4769 οὐδὲν
3359 4718 3455 4788 τῆς
3498 4717 3789 4790 ἐπιθυμίας

2214 4812 2361 4879 ἄξιον
2392 4814 2454 4865 ἐκ
2480 4811 2580 4881 τῆς
2632 4809 2758 4881 περὶ
2790 4810 2962 4864 ταῦτα
3012 4810 3247 4881 σπουδῆς
3297 4809 3441 4881 ἐώρα
3474 4810 3787 4881 συναγειρόσ

2219 4923 2374 4977 μενον
2394 4944 2409 4967 ,
2438 4902 2749 4956 καταλιπὼν
2782 4901 2852 4955 τὰ
2880 4900 3039 4955 λοιπὰ
3080 4900 3173 4954 τοῦ
3206 4901 3321 4971 βίου
3354 4902 3783 4973 ἐπιτηδεύματα,

2219 4999 2376 5069 μόνον
2404 4996 2462 5061 ἐξ
2483 4996 2734 5049 ἁπάντων
2767 4993 3043 5063 ἐθαύμασε
3076 4993 3167 5046 τὸν
3209 4993 3410 5047 Ἀέτιον
3430 5010 3443 5023 ·
3469 4994 3569 5047 οὐκ
3596 4994 3784 5047 ἀσυνέ-

2215 5106 2342 5150 τως,
2358 5083 2406 5140 οἲ
2414 5104 2529 5157 μαι,
2553 5088 2685 5156 πρός
2702 5103 2764 5153 γε
2779 5085 2870 5138 τὸν
2888 5084 3078 5139 ἑαυτοῦ
3102 5085 3300 5138 σκοπὸν
3325 5088 3402 5149 είς
3418 5086 3658 5139 ἐπίνοιαν
3677 5085 3785 5155 βίου

2219 5173 2376 5226 τοῦτο
2407 5173 2810 5243 ἐπιλεξάμενος.
2854 5174 2969 5243 Ἀφ’
2998 5168 3060 5228 οὗ
3092 5174 3200 5244 γὰρ
3230 5174 3458 5244 μετέσχε
3489 5177 3586 5244 τῆς
3616 5175 3786 5244 ἁπορο

2223 5266 2383 5335 ῥήτου
2433 5264 2630 5334 ταύτης
2679 5265 2900 5332 σοφίας,
2949 5264 3006 5331 ἐξ
3050 5266 3254 5318 ἐκείνου
3314 5266 3493 5320 πάντα
3538 5266 3786 5336 ἄσπαρτα

2217 5354 2363 5425 αὐτῷ
2390 5356 2482 5409 καὶ
2501 5356 2740 5427 ἀνήροτα
2763 5355 2982 5423 φύεται,
3014 5355 3174 5423 σοφὸς
3194 5356 3301 5426 γάρ
3328 5355 3411 5418 τίς
3437 5356 3571 5419 ἐστι,
3600 5358 3725 5426 περὶ
3752 5355 3785 5406 ἃ

2210 5469 2298 5525 57.
2338 5466 2442 5522 Sed
2475 5467 2581 5522 huc
2617 5483 2722 5520 non
2752 5466 2983 5534 pertinet
3019 5466 3107 5520 ille
3136 5466 3429 5530 Prunicus,
3459 5468 3550 5521 sed
3581 5467 3684 5520 iste
3721 5466 3784 5519 de

2208 5555 2317 5609 quo
2346 5538 2543 5592 Suidas
2577 5556 2588 5591 :
2615 5536 2919 5609 Προύνικος
2944 5536 3198 5609 δρομαῖος
3223 5536 3438 5608 γοργὸς.
3474 5536 3602 5589 Nam
3647 5535 3782 5588 Pru—

2207 5606 2315 5662 nici
2360 5616 2489 5663 sunt
2518 5606 2798 5669 cursOres,
2844 5608 3071 5669 celeres,
3118 5606 3331 5660 veloces
3380 5610 3550 5659 instar
3594 5620 3782 5658 curso-

2820 5676 2874 5729 ui
2919 5690 3084 5730 onera
3129 5676 3377 5729 mercede
3422 5682 3666 5745 portant:
3697 5674 3778 5727 hic

2836 5744 3052 5819 iysseno
3090 5754 3404 5817 usurpatur.
