3920 6494
177 307 253 363 265

1246 314 1526 373 CONTRA
1555 319 1945 389 EUNOMIUM,
1981 322 2107 378 LIB.
2152 323 2188 378 Ι.

3250 306 3367 389 eos

172 430 243 499 τὴν
268 426 468 495 σπουδὴν
494 427 620 496 ἔχει,
651 428 745 482 καὶ
777 430 918 496 ἔγνω
950 431 1066 497 πῶς
1093 432 1157 487 άν
1180 453 1261 500 τις
1287 438 1523 508 μάλιστα
1552 441 1675 501 τοὺς

1781 445 2026 513 appellit,
2057 453 2111 499 et
2149 444 2317 515 probe
2352 445 2523 506 novit,
2556 458 2791 516 quanam
2837 458 2955 503 arte
2993 449 3241 508 homines
3275 452 3355 507 af-

171 517 543 588 ἑμπαθεστὲρους
618 517 728 569 τῶν
792 517 1095 592 ἀνθρώπων
1171 527 1673 596 προσοικειώσαιτο.

180 608 346 675 Ἐπειδὴ
366 608 463 679 γάρ
488 608 750 662 εὐάλωτόν
775 611 943 674 ἐστιν,
976 613 1050 676 ὡς
1075 615 1144 668 τὰ
1174 617 1363 682 πολλὰ,
1394 620 1461 671 δι’
1484 620 1676 690 ἡδονῆς

168 698 213 749 τὸ
231 696 521 766 ἀνθρώπινον
542 737 557 762 ,
602 700 696 751 καὶ
724 701 894 772 πολλὴ
936 703 1073 773 πρὸς
1103 705 1164 757 τὸ
1194 708 1364 770 πάθος
1392 709 1549 763 τοῦτο
1578 712 1676 781 τῆς

169 787 334 854 φύσεώς
360 791 493 840 ἐστιν
517 791 549 858 ή
579 791 825 857 εὐκολία,
874 796 939 847 ἐκ
965 795 1074 847 τῶν
1106 800 1457 870 τραχυτέρων
1483 800 1675 874 ἐπιτη-

166 879 389 947 δευμάτων
425 880 559 950 πρὸς
590 883 653 935 τὸ
688 884 788 954 τῆς
828 886 1023 957 ἡδονῆς
1061 888 1203 941 λεῖον
1234 891 1466 961 ἑτοίμως
1506 904 1675 948 κατοι-

166 971 438 1042 πιπτούσης·
469 972 542 1035 ὡς
566 973 633 1028 ἂν
665 976 901 1045 μάλιστα
929 982 1219 1044 κοινωνοὺς
1248 983 1422 1054 ἐαυτῷ
1450 985 1675 1050 πολλοὺς

166 1064 237 1129 τῆς
265 1063 396 1113 νόσου
437 1064 540 1116 τῶν
581 1066 868 1136 δογμάτων
922 1073 1430 1143 προσεταιρίσαιτο·
1482 1076 1672 1130 τούτου

166 1155 282 1222 γὰριν
323 1154 437 1223 ἡδὺς
469 1154 676 1222 γίνεται
723 1161 837 1221 τοῖς
867 1160 960 1212 ὐπ’
998 1162 1162 1215 αὑτοῦ
1202 1164 1574 1235 τελουμένοις,
1614 1169 1676 1222 τὸ

165 1244 404 1311 πρόσαντες
428 1246 518 1298 καὶ
550 1246 805 1301 ἐπίπονον
832 1251 929 1320 τῆς
960 1252 1179 1324 ἀρετῆς,
1208 1254 1283 1318 ὡς
1310 1256 1569 1311 ἀπίθανον
1596 1260 1676 1323 είς

162 1336 232 1404 τὴν
252 1335 329 1388 τοῦ
356 1338 649 1410 μυστηρίου
681 1342 1030 1415 παραδοχὴν,
1061 1346 1402 1401 ἀποϐάλλων.
1438 1351 1545 1403 Καὶ
1586 1346 1673 1405 οἷα

165 1426 233 1493 μὲν
252 1425 563 1480 διδάσκουσιν
592 1430 654 1482 ὲν
681 1431 1048 1503 ἀπορρήτοις,
1081 1436 1175 1489 καὶ
1203 1438 1302 1490 ὃσα
1335 1439 1671 1505 ὲκλαλοίσιν,

160 1515 226 1568 καὶ
247 1516 314 1579 εἰς
343 1516 397 1570 τὸ
427 1517 667 1589 ἐμφανὲς
694 1522 914 1590 ἄγουσιν
944 1525 993 1576 οἱ
1027 1525 1093 1577 δι’
1138 1528 1353 1599 ἀπάτης
1384 1532 1676 1601 παραδεδε-

158 1604 302 1671 γμένοι
328 1606 383 1658 τὸ
408 1606 619 1679 μίασμα
675 1612 779 1682 τήν
804 1628 863 1664 τε
888 1614 1195 1687 ἀπόρρητον
1223 1619 1436 1688 ἐκείνην
1474 1638 1676 1690 μυστα-

157 1698 343 1765 γωγίαν,
373 1701 460 1752 καὶ
504 1696 594 1755 οἷα
627 1705 780 1775 παρά
828 1706 921 1759 τοῦ
971 1707 1172 1777 σεμνοῦ
1207 1709 1316 1762 τῶν
1362 1713 1674 1783 μυστηρίων

158 1788 413 1856 ἱεροφάντου
452 1791 833 1858 διδάσκονται,
883 1795 1208 1869 βαπτισμῶν
1232 1816 1290 1853 τε
1341 1802 1541 1871 τρόπον
1581 1806 1675 1857 καὶ
1707 1783 1748 1837 Β

157 1878 319 1945 φύσεως
345 1886 699 1955 συνηγορίας,
753 1887 849 1939 καὶ
886 1888 1063 1942 πάντα
1099 1889 1169 1942 τὰ
1196 1890 1440 1954 τοιαῦτα,
1490 1894 1543 1945 εἴ
1567 1913 1673 1949 τινι

156 1972 276 2042 σχολὴ
299 1973 358 2026 δι’
386 1975 674 2044 ἀκριϐείας
705 1979 895 2047 μαθεῖν
912 2020 927 2044 ,
958 1980 1197 2045 ἐκείνους
1223 1982 1530 2052 διερωτάτω
1550 2024 1565 2048 ,
1594 1983 1674 2049 οἷς

154 2064 383 2118 ἀνεύθυνον
432 2068 621 2140 φέρειν
666 2086 718 2123 τι
771 2071 878 2124 τῶν
932 2073 1198 2145 ἀπρεπῶν
1234 2075 1321 2129 διὰ
1366 2076 1631 2148 στόματος
1656 2096 1671 2112 ·

152 2157 270 2223 ἡμεῖς
299 2158 348 2210 δὲ
389 2164 721 2233 σιγήσομενο
768 2164 887 2217 οὐδὲ
927 2165 1037 2237 γάρ
1088 2169 1526 2240 κατηγοροῦντας
1579 2184 1673 2242 με·

155 2248 333 2315 μνῆσθαι
377 2251 482 2304 τῶν
523 2254 787 2308 τοιούτων
838 2256 1147 2325 εύάγιστον,
1197 2261 1291 2313 καὶ
1337 2260 1477 2332 λόγῳ
1507 2265 1674 2335 τιμᾷν

155 2340 364 2405 μαθόντας
399 2344 495 2414 τὴν
542 2346 924 2419 καθαρότητα,
956 2351 1075 2403 οὐδὲ
1100 2354 1214 2414 τοῖς
1256 2352 1673 2426 ὲμμελεστέροις

152 2429 593 2504 τῶνδιηγημάτων
644 2441 1107 2512 καταρρυπαίνειν
1157 2443 1253 2514 τὴν
1308 2449 1666 2518 συγγραφήν·

152 2521 267 2593 sivi}
296 2526 509 2597 ἀλήθεια
534 2533 652 2594 τοῖς
674 2529 987 2602 λεγομένοις
1012 2538 1208 2608 προσῇ.

200 2614 314 2686 Πλὴν
339 2610 395 2670 οὗ
425 2620 594 2693 χάριν
622 2622 730 2676 τῶν
763 2624 1068 2696 εἰρημένων
1107 2629 1557 2703 ἐπεμνήσθημεν·
1589 2635 1670 2687 ὅτι

150 2704 342 2778 καθάπερ
362 2709 435 2780 τῷ
479 2712 679 2783 ’Λετίῳ
706 2711 969 2789 πορισμδς
989 2716 1057 2791 ἦν
1075 2720 1327 2787 ἀσεϐείας
1355 2725 1386 2793 ἡ
1425 2724 1669 2794 Ἀριστο-

147 2798 286 2861 τέλους
308 2806 629 2874 κακοτεχνία
652 2820 670 2836 ο
702 2807 793 2858 τὸν
825 2808 988 2860 αὑτὸν
1024 2811 1224 2881 τρόπον
1253 2814 1347 2866 καὶ
1370 2814 1447 2885 τῷ
1471 2832 1671 2887 κατηρ-

145 2892 330 2962 τισμένῳ
374 2896 598 2968 μαθητῇ
647 2898 787 2952 κατὰ
833 2899 895 2953 τὸ
936 2895 1055 2956 ἴσον
1102 2902 1181 2973 τῷ
1235 2904 1540 2977 διδασκάλῳ
1586 2908 1669 2959 λι-

146 2982 291 3049 παρῶς
320 2984 681 3053 ὲμϐιοτεύειν,
722 2991 787 3060 τῇ
831 2990 1093 3062 ἁπλότητι
1138 2993 1248 3045 τῶν
1282 2995 1671 3066 ἀπατηθέντων

145 3069 329 3143 ὑπῆρξε.
360 3076 421 3128 Τί
447 3074 541 3131 οὖν
578 3079 831 3133 τοσοῦτον
858 3082 1114 3153 ἠδίκησεν
1143 3086 1170 3137 6
1198 3078 1337 3138 κατὰ
1362 3084 1453 3138 τὸν
1485 3086 1668 3153 Εῠξει-
1698 3117 1741 3174 C

144 3176 210 3212 inv
244 3163 419 3217 Πόντον
448 3167 770 3233 Βασίλειος,
805 3169 837 3240 ἢ
866 3173 894 3224 6
922 3173 1062 3225 κατὰ
1102 3172 1200 3244 τὴν
1252 3175 1543 3246 ’Λρμενίαν
1566 3178 1669 3228 Εὐ-

146 3253 340 3317 στάθιος,
370 3258 493 3325 περὶ
540 3251 624 3311 ὧν
658 3261 691 3329 ἡ
728 3260 914 3330 μακρὰ
951 3263 1269 3334 παρενθήκη
1304 3266 1404 3334 τῆς
1436 3266 1672 3335 ἱστορίας

144 3344 505 3416 ὲξυπτιάζεται;
556 3350 627 3403 Τί
670 3351 760 3404 τὸν
805 3352 899 3405 τοῦ
938 3353 1053 3424 βίου
1092 3356 1294 3408 σκοπὸν
1337 3356 1484 3428 αὐτῷ
1523 3357 1673 3410 λελυ·

146 3437 332 3506 inﬁxam;
361 3438 421 3493 Τί
451 3443 509 3497 δὲ
542 3444 672 3513 οὐχὶ
712 3445 911 3513 μᾶλλον
943 3447 1041 3517 τὴν
1080 3448 1271 3518 καινὴν
1300 3449 1478 3502 αὐτῶν
1517 3449 1673 3515 δόξαν

145 3526 213 3579 ἐπὶ
248 3530 299 3581 τὸ
324 3536 496 3601 μεῖξον
520 3535 798 3605 ἔθρεψαν;
826 3536 996 3591 Πόθεν
1017 3538 1124 3609 γὰρ
1150 3541 1332 3603 αὐτοῖς
1355 3541 1414 3593 τὸ
1433 3542 1674 3613 γνωσθῆ-

144 3635 222 3684 ναι,
251 3623 331 3674 καὶ
364 3626 439 3688 εἰς
466 3625 727 3680 τοσοῦτον
774 3628 1169 3699 ὀνομασθῆναι;
1208 3633 1277 3685 Ἢ
1310 3633 1428 3703 οὐχὶ
1450 3634 1535 3687 διὰ
1566 3635 1673 3687 τῶν

142 3708 306 3779 ἀνδρῶν
335 3715 560 3769 ἐκείνων
603 3718 1005 3788 προσγέγονενς
1074 3720 1228 3793 εἴπερ
1267 3721 1520 3793 ἀληθεύει
1552 3723 1679 3776 κατ’

142 3801 281 3854 αὐτῶν
317 3806 343 3857 6
378 3810 714 3880 κατήγορος.
748 3811 821 3863 Τὸ
862 3811 969 3884 γὰρ
1003 3811 1317 3883 εὐδοκίμους
1340 3815 1498 3877 ὄντας
1529 3815 1671 3868 ὲκεί-

140 3910 260 3959 Vm,
303 3899 479 3964 καθὼς
518 3904 548 3954 6
605 3909 955 3971 συγγραφεὺς
1008 3907 1306 3975 μαρτυρεῖ,
1350 3905 1674 3976 ἀξιομάχους

142 3984 306 4051 ἑαυτοῖς
331 3994 510 4062 κρῖναι
548 3992 681 4057 τοὺς
729 3993 1036 4064 μηδαμόθεν
1068 3994 1287 4064 ἔχοντας
1315 3994 1374 4047 τὸ
1404 3993 1671 4063 γινώσκει-

140 4075 261 4140 εθαι,
288 4079 503 4152 ἀφορμὴ
548 4082 645 4133 τοῦ
691 4083 832 4152 μέγα
878 4086 1093 4154 φρονεῖν
1121 4084 1343 4147 εἰκότως
1381 4081 1675 4137 καθίστατο

140 4170 223 4229 τοῖς
262 4172 622 4243 ἀντιταχθεῖσι
670 4175 806 4246 πρὸς
853 4177 978 4238 τοὺς
1022 4175 1181 4228 πλέον
1231 4174 1373 4245 ἔχειν
1408 4175 1675 4245 ὑπειλημ-

142 4263 293 4327 μένους
324 4265 431 4319 τῶν
486 4266 691 4320 ἀλλων.
756 4265 850 4319 Ἐκ
905 4266 962 4319 δὲ
1005 4264 1197 4319 τούτου
1230 4266 1429 4337 περιῆν
1473 4266 1534 4319 τὸ
1583 4284 1677 4319 συ-

144 4354 413 4419 σκιάζεσθαι
462 4360 568 4429 μὲν
615 4357 708 4411 τοῦ
752 4358 1018 4431 προτέρου
1049 4358 1163 4428 βίου
1190 4359 1250 4413 τὸ
1281 4359 1552 4424 ταπεινὸν,
1582 4360 1676 4413 καὶ

140 4445 402 4519 ἀνώνυμον·
439 4451 553 4503 ἀπὸ
584 4450 639 4503 δὲ
666 4450 726 4503 τδ
743 4454 763 4475 ‘
783 4451 921 4520 μεσά
947 4451 1120 4505 ταῦτα
1166 4452 1474 4524 γνωρίμους
1503 4448 1641 4507 εἶναι
1659 4492 1674 4516 ,

1779 4447 1963 4501 omnia
2027 4436 2385 4516 prudentibus
2445 4444 2636 4499 sedulo
2696 4444 2913 4498 vitanda
2979 4456 3106 4499 sunt
3173 4462 3188 4500 :

139 4532 164 4583 ἃ
192 4540 370 4603 φευκτὰ
401 4539 502 4609 μὲν
530 4539 709 4603 ἄλλως
749 4539 894 4592 ἐστὶν
917 4543 1029 4604 τοῖς
1054 4557 1117 4609 γε
1145 4540 1269 4594 νοῦν
1302 4542 1515 4613 ἔχουσιν
1536 4559 1549 4572 ·
1580 4543 1673 4610 (ού

137 4627 217 4696 γὰρ
256 4630 312 4682 ἂν
354 4650 437 4695 τις
480 4633 705 4697 εὖξαιτο
751 4631 861 4685 τῶν
902 4628 960 4686 εὖ
991 4633 1332 4704 φρονούντων
1380 4634 1553 4705 μέγας
1581 4637 1676 4689 ἐπὶ

139 4721 256 4790 κακῷ
292 4725 671 4797 νομισθῆναι)⁶
744 4727 857 4787 τοῖς
901 4724 957 4777 δὲ
1006 4723 1264 4787 τοιούτοις
1307 4728 1335 4778 6
1376 4725 1675 4797 ἀκρότατος

138 4806 225 4877 ὅρος
248 4813 337 4882 τῆς
364 4814 668 4886 εύκληρίας
696 4814 871 4867 δοκεῖ’
900 4813 1153 4886 καθάπερ
1180 4816 1311 4885 φασὶ
1336 4816 1443 4869 τῶν
1471 4816 1674 4881 ἀδόξων

140 4901 227 4952 τινά
245 4906 329 4957 καὶ
356 4905 640 4959 ταπεινῶν
660 4905 803 4959 κατά
831 4906 930 4977 τὴν
965 4905 1170 4970 Ἀσίαν,
1199 4907 1497 4977 ὀνομαστὸν
1528 4908 1676 4976 γενέ-

139 4990 366 5071 σθαιπαρ⁹
400 4998 679 5067 Ἐφεσίοις
712 4997 1149 5068 ἐπιθυμήσαντα,
1180 4997 1321 5068 μέγα
1355 4998 1451 5068 μὲν
1468 5015 1520 5051 τι
1578 4999 1673 5052 καὶ

138 5083 337 5159 λαμπρὸν
368 5089 568 5161 ἔργον,
603 5089 735 5160 μηδὲ
784 5090 864 5152 εἰς
906 5088 1029 5142 νοῦν
1062 5088 1316 5159 βαλέσθαι
1341 5106 1355 5121 ο
1397 5090 1533 5160 μήτε
1565 5090 1674 5160 γὰρ

138 5172 373 5234 ὄῦνασθαι·
405 5180 668 5249 γενέσθαι
695 5181 751 5233 δὲ
780 5181 889 5233 τῶν
920 5181 1012 5233 ἐπὶ
1041 5182 1153 5243 τοῖς
1181 5182 1456 5250 μεγίστοις
1477 5198 1674 5253 γνωρι-

140 5264 325 5323 σθέντων
356 5273 777 5345 διασημότερον,
808 5273 1115 5345 ὑπερϐολήν
1140 5290 1260 5327 τινα
1285 5273 1488 5345 βλάϐης
1521 5275 1673 5342 ἐξευ-

140 5356 259 5425 ξόντα
303 5365 445 5419 κατά
487 5365 602 5418 τῶν
658 5364 941 5434 Ἐφεσίων.
988 5362 1141 5419 Εἶναι
1181 5366 1281 5435 μὲν
1316 5368 1425 5440 γάρ
1467 5386 1519 5420 τι
1566 5367 1674 5420 τῶν

138 5445 360 5517 δημοσίων
395 5455 533 5525 παρ’
575 5455 756 5518 αὐτοῖς
793 5454 1136 5526 λαμπρότητι
1180 5456 1331 5528 πάσῃ
1383 5457 1477 5509 καὶ
1512 5457 1676 5510 πολυ-

137 5540 278 5616 tibi;
316 5547 718 5618 περίϐλεπτονο
760 5547 850 5600 τὸν
878 5547 934 5600 δὲ
959 5546 1245 5618 ἄνθρωπον
1278 5547 1401 5619 πυρὶ
1445 5548 1544 5617 τὴν
1576 5565 1675 5619 με-

138 5634 417 5707 γαλουργίαν
482 5640 702 5710 ἐκείνην
753 5636 1183 5707 ὲξαφανίσαντα,
1241 5638 1568 5709 ὁμολογῆσαι
1614 5640 1676 5693 τὸ

138 5723 206 5794 τῆς
222 5726 385 5799 ψυχῆς
404 5729 581 5791 πάθος
595 5730 688 5782 ἐπὶ
707 5733 772 5801 τῇ
789 5731 960 5801 τόλμῃ
980 5730 1317 5801 κρινόμενον·
1340 5732 1421 5784 ὅτι
1443 5732 1503 5784 τὸ
1524 5747 1597 5784 πα
1606 5731 1674 5803 ρὰ

421 5825 694 5887 ΡΑτιιοι.
729 5825 845 5885 Gn.
887 5825 936 5884 Χ
951 5825 1075 5884 LV.

1780 531 2013 589 fectibus
2050 535 2221 606 magis
2242 535 2508 591 obnoxios
2537 536 2644 591 sibi
2674 539 2967 594 conciliare
2996 550 3179 613 queat.
3213 542 3351 598 Cum

1778 626 1920 681 enim
1957 627 2189 696 plurima
2227 627 2539 681 mortalium
2588 643 2715 698 pars
2753 630 3029 701 voluptate
3073 630 3231 688 facile
3256 649 3354 687 ca-

1779 718 1977 787 piatur,
2006 730 2240 788 cumque
2284 717 2350 773 ad
2400 718 2516 774 hmc
2544 734 2739 789 magna
2787 720 2857 775 sit
2904 730 3112 776 natura:
3152 717 3355 793 'procli-

1777 811 1937 872 vitas,
1994 812 2062 867 ab
2107 812 2385 883 asperiore
2426 812 2553 867 vitae
2594 796 2903 882 disciplina,
2952 814 3018 867 ad
3057 816 3354 885 voluptatis

1779 902 1997 971 planum
2029 904 2325 968 tramitem,
2362 912 2558 957 natura
2606 902 2764 958 facile
2794 904 3101 965 delabente.
3144 906 3263 961 ideo
3295 915 3355 961 ut

1776 1007 1938 1062 quam
1975 993 2239 1062 plurimos
2290 995 2466 1050 insani
2521 1004 2575 1051 et
2624 996 2869 1064 pestiferi
2921 995 3192 1066 dogmatis
3247 986 3352 1053 sibi

1775 1083 1954 1137 socios
1998 1082 2277 1152 adjungat,
2326 1100 2546 1139 suavem
2584 1085 2958 1156 mellitumque
2992 1102 3113 1141 sese
3152 1089 3355 1155 praebet

1777 1171 1893 1227 suis
1933 1172 2314 1235 sectatoribus,
2367 1172 2647 1244 repudiata
2674 1174 2893 1229 virtutis
2927 1172 3268 1241 difﬁcultate,
3300 1186 3357 1232 et

1776 1263 2025 1318 molestia
2072 1267 2332 1334 tanquam
2371 1264 2575 1328 inutili,
2606 1265 2671 1320 ad
2708 1280 2931 1319 suorum
2968 1269 3350 1336 mysteriorum

1776 1354 2240 1422 approbationem.
2297 1354 2360 1407 Et
2402 1356 2586 1425 qualia
2634 1357 2850 1427 quidem
2898 1360 2949 1411 in
2994 1349 3213 1414 Occulto
3257 1359 3358 1413 dot

1776 1453 1954 1507 ceant,
1990 1456 2043 1499 et
2076 1461 2322 1515 quaenam
2358 1446 2633 1517 evulgcnt,
2669 1450 2833 1517 inque
2874 1439 3052 1503 lucem
3098 1441 3350 1513 elTerant,

1776 1537 1867 1606 qui
1913 1538 2130 1608 piaculo
2179 1539 2271 1593 illo
2318 1539 2587 1610 inquinati
2636 1551 2786 1606 sunt,
2821 1550 2875 1595 et
2911 1542 3094 1611 qualia
3141 1541 3277 1611 ipsis
3320 1559 3354 1596 ιι

1778 1628 1927 1697 gravi
1993 1629 2201 1683 scilicet
2263 1639 2649 1700 mysteriorum
2727 1631 2974 1686 antistite
3042 1633 3350 1698 tradantur,

1777 1719 2106 1789 modumque
2140 1728 2193 1775 et
2219 1722 2382 1775 ritum
2412 1723 2809 1791 baptismalem,
2843 1732 2896 1777 et
2933 1730 3144 1777 natura:
3169 1732 3353 1793 patro-

1777 1810 2000 1872 cinium,
2034 1823 2087 1865 et
2121 1812 2312 1866 horum
2357 1814 2598 1869 similia:
2635 1815 2681 1868 si
2727 1815 2851 1884 quis
2896 1824 3151 1870 accurate
3190 1826 3355 1870 nosse

1777 1902 1926 1966 velit,
1952 1902 2099 1972 ipsos
2127 1903 2424 1974 interroget
2478 1906 2678 1974 quibus
2710 1905 2856 1960 nulla
2899 1916 2984 1961 est
3016 1897 3204 1977 religio
3231 1908 3352 1960 tur-

1776 1992 1861 2060 pia
1917 2002 1972 2048 et
2015 1993 2270 2048 indecora
2321 1995 2589 2064 proloqui.
2644 1990 2752 2051 Nos
2800 1988 3122 2059 tacebimus,
3176 2008 3356 2066 neque

1774 2081 1917 2135 enim
1950 2091 2163 2153 aequum
2203 2088 2307 2147 est,
2339 2086 2499 2138 etiam
2543 2093 2894 2140 accusatores
2934 2078 3129 2141 horum
3166 2087 3357 2141 me‘mi-

1773 2172 1941 2235 nisse,
1978 2188 2102 2227 cum
2139 2173 2322 2227 norint
2359 2175 2537 2229 verbis
2581 2190 2801 2246 quoque
2846 2176 3137 2246 puritatem
3176 2176 3354 2231 hono-

1772 2274 1916 2325 rare,
1952 2278 2127 2335 neque
2173 2273 2501 2335 praetextato
2540 2282 2792 2321 sermone
2825 2267 2995 2322 libros
3035 2282 3353 2322 commacu»

1772 2353 1888 2409 lare
1913 2369 1927 2419 ;
1956 2356 2204 2424 quamvis
2223 2367 2254 2409 a
2284 2357 2510 2410 veritate
2533 2355 2768 2411 alienum
2802 2361 2909 2409 non
2942 2364 3089 2411 esSct
3120 2352 3175 2410 id
3204 2355 3353 2426 quod

1772 2440 2037 2495 dicerent.

1840 2618 2131 2684 Caeterum,
2171 2629 2229 2674 ut
2274 2619 2489 2677 redeam
2523 2620 2589 2675 ad
2623 2628 2707 2682 ea,
2748 2628 2983 2693 quorum
3027 2625 3201 2695 gratia
3245 2614 3355 2682 huc

1771 2709 1990 2781 delapsa
2033 2722 2118 2766 est
2161 2712 2375 2767 oratio:
2428 2713 2570 2767 sicut
2605 2715 2761 2770 Aetio
2799 2714 3092 2786 impietatis
3133 2716 3355 2773 occasio

1750 2800 1877 2855 fuit
1913 2802 2224 2858 Aristotelis
2255 2818 2347 2858 ars
2400 2803 2561 2859 fallax
2597 2812 2653 2860 et
2688 2813 2948 2861 versuta:
2981 2800 3171 2861 eodem
3191 2798 3353 2861 modo

1771 2900 1828 2948 et
1881 2893 2048 2948 unico
2102 2894 2274 2963 ipsius
2323 2894 2596 2966 discipulo
2655 2910 2789 2952 ansa
2857 2893 2973 2954 haec
3030 2897 3211 2951 oblata
3269 2900 3356 2953 est

1774 2983 2056 3054 splendide
2103 2986 2402 3045 insultandi
2439 2986 2778 3058 simplicitati
2837 3000 3049 3048 eorum.
3101 2996 3238 3058 quos
3297 2979 3353 3043 in

1773 3086 2019 3133 errorem
2039 3078 2369 3147 conjecerat.
2398 3078 2514 3145 Qua
2561 3095 2694 3149 ergo
2736 3081 2789 3135 in
2836 3096 2914 3146 re,
2964 3086 3114 3135 tanta
3172 3081 3349 3151 ipsum

1774 3168 1973 3237 injuria
2013 3168 2194 3223 affecit
2226 3169 2462 3225 Basilius
2492 3170 2556 3225 ad
2588 3169 2858 3225 Euxinum
2895 3170 3150 3234 I’Ontum,
3181 3172 3350 3226 autin

1775 3261 2027 3315 Armenia
2076 3260 2414 3326 Eustathius,
2463 3261 2531 3315 de
2563 3262 2762 3331 quibus
2811 3262 3077 3331 prolixam
3128 3270 3182 3317 et
3232 3268 3352 3318 vera

1774 3352 1963 3407 bosam
1995 3352 2386 3423 digressionem
2420 3354 2524 3409 hoc
2564 3355 2685 3408 loco
2719 3354 2885 3408 texit?
2919 3353 3033 3420 Qua
3064 3354 3118 3408 in
3143 3360 3203 3407 re
3233 3363 3351 3409 tur~

1774 3443 1975 3498 barunt
2007 3444 2179 3514 ipsius
2216 3442 2431 3499 vivendi
2472 3444 2687 3513 genus?
2714 3443 2910 3498 Annon
2940 3443 3121 3513 potius
3154 3449 3350 3499 novam

1774 3532 2017 3603 ipsorum
2050 3533 2273 3602 gloriam
2307 3546 2501 3604 magna
2534 3536 2851 3589 accessione
2878 3524 3354 3589 au'xerunt?Unde

1773 3625 1919 3680 enim
1960 3625 2095 3697 ipsis
2135 3632 2285 3679 tanta
2322 3624 2560 3680 nominis
2608 3624 2899 3680 celebritas
2936 3634 2990 3680 et
3018 3624 3201 3679 fama?
3239 3625 3351 3681 An-

1774 3732 1882 3771 non
1914 3716 1981 3771 ab
2001 3716 2109 3771 illis
2137 3716 2293 3780 viris,
2320 3717 2367 3771 si
2397 3731 2504 3770 non
2546 3716 2806 3770 mentitur
2850 3716 3175 3772 accusator?
3196 3716 3353 3783 Quod

1774 3808 1921 3865 enim
1967 3808 2211 3864 celebres
2254 3809 2333 3862 illi
2382 3807 2506 3870 viri,
2554 3816 2616 3862 ut
2660 3816 2895 3863 testatur
2945 3809 3048 3864 iste
3097 3810 3352 3878 scriptor,

1774 3902 1968 3972 dignos
2003 3900 2395 3972 reputaverint,
2431 3916 2555 3956 cum
2601 3902 2801 3970 quibus
2841 3911 3165 3972 pugnarent,
3207 3900 3351 3963 illos,

1774 3991 1869 4061 qui
1936 3991 2155 4048 obscuri
2175 4000 2233 4048 et
2259 3989 2426 4061 ignoti
2448 3990 2711 4046 erantzid
2756 3993 2953 4048 merito
3004 3993 3353 4048 occasionem

1776 4081 2106 4137 adversariis
2141 4080 2388 4150 praebuit,
2421 4089 2478 4133 ut
2515 4079 2751 4150 majores
2784 4081 3011 4150 spiritus
3050 4083 3349 4143 sumerent,

1777 4160 2008 4243 seseque
2037 4171 2261 4241 reliquis
2290 4180 2553 4242 praestare
2584 4171 2687 4226 sibi
2712 4172 3131 4243 persuaderent;
3164 4183 3216 4229 et
3248 4173 3353 4227 hac

1778 4266 1990 4318 ratione
2030 4263 2228 4333 prioris
2270 4262 2392 4318 vita:
2443 4263 2840 4333 ignobilitatem
2877 4270 2931 4317 et
2961 4265 3350 4320 obscuritatem

1778 4362 1959 4425 tegere
1992 4354 2165 4417 licuit,
2194 4353 2344 4408 claro
2376 4354 2597 4407 nomine
2629 4354 2773 4423 apud
2796 4369 2986 4410 omnes
3012 4366 3188 4425 parto.
3220 4355 3353 4423 Quas

3256 4456 3352 4502 ηοέ

1778 4538 1977 4593 minem
2019 4538 2162 4593 enim
2210 4551 2420 4599 eorum,
2459 4536 2551 4606 qui
2596 4546 2745 4591 recte
2772 4536 3018 4606 sapiunt,
3057 4538 3349 4609 repereris.

1776 4635 1866 4701 qul
1900 4629 2083 4699 cupiat
2108 4629 2409 4684 sceleribus
2445 4638 2499 4683 et
2528 4627 2811 4684 maleficiis
2856 4630 3242 4687 inclarescere.
3282 4631 3353 4685 At

1775 4722 1897 4777 istis
1925 4722 2137 4776 videtur
2165 4720 2268 4775 hoc
2294 4736 2582 4790 supremus
2602 4719 2880 4775 felicitatis
2904 4722 3107 4793 gradus
3125 4742 3138 4778 :
3158 4734 3352 4793 quem-

1774 4813 2064 4868 admodum
2118 4812 2258 4867 fama
2304 4824 2407 4874 est,
2472 4813 2761 4884 inglorium
2812 4813 3101 4884 quemdam
3155 4824 3208 4869 et
3256 4816 3354 4869 ab-

1768 4907 1975 4976 jectum
2019 4906 2075 4959 in
2123 4904 2273 4969 Asia,
2325 4920 2448 4959 cum
2497 4906 2862 4961 celebritatem
2920 4907 3159 4962 nominis
3209 4907 3351 4977 apud

1773 4997 2039 5067 Ephesios
2094 5003 2410 5067 appeteret:
2466 5010 2577 5050 non
2634 4994 2855 5066 quidem
2908 4996 3090 5049 animo
3138 4994 3352 5051 facinus

1773 5090 1933 5146 laude
1977 5090 2197 5159 dignum
2239 5089 2591 5159 concepisse:
2627 5088 2772 5144 haud
2812 5089 2956 5145 enim
2997 5096 3209 5143 tantum
3253 5103 3355 5160 po-

1774 5183 1975 5238 tuisse:
2029 5181 2125 5237 sed
2171 5190 2350 5236 tamen
2401 5181 2756 5236 eeleliriorem
2806 5180 3049 5236 evasisse
3095 5180 3355 5237 omnibus

1776 5272 1906 5337 illis,
1939 5272 2031 5341 qui
2063 5272 2134 5326 ob
2167 5272 2401 5326 maxima
2434 5278 2649 5342 patrata
2687 5270 2930 5326 facinora
2964 5271 3350 5335 decantantur,

1773 5363 2081 5432 excogitato
2116 5370 2307 5418 contra
2354 5361 2618 5432 Ephesios
2674 5361 2818 5416 facto
2859 5360 3352 5430 perniciosissimo.

1776 5453 1970 5509 Fuisse
2008 5453 2152 5508 enim
2197 5454 2398 5524 Ephesi
2426 5454 2714 5510 aedificium
2745 5452 3018 5523 quoddam
3046 5451 3352 5523 publicum,

1774 5543 2180 5615 magniﬁcentia
2203 5553 2258 5600 et
2285 5547 2426 5602 mole
2452 5554 2775 5617 sumptuosa
2808 5545 3204 5616 conspicuum:
3245 5544 3352 5602 hoc

1775 5637 2051 5694 hominem
2073 5639 2223 5695 illum
2263 5638 2466 5709 injecto
2510 5641 2633 5712 igne
2656 5654 3073 5697 concremasse:
3104 5648 3354 5712 captum-

1777 5745 1884 5801 que
1912 5738 1967 5787 et
2014 5730 2069 5786 in
2115 5731 2380 5803 judicium
2425 5732 2496 5788 ob
2526 5732 2948 5789 audacissimum
2999 5728 3212 5790 facinus
3257 5731 3354 5791 ado

3037 5831 3076 5890 9
