3920 6468
573 355 682 414 9.67

1812 347 1875 402 S.
1903 342 2231 402 GREGORII
2265 343 2556 402 NYSSEM

3712 339 3803 394 268

579 473 824 537 ductum,
885 469 1052 523 animi
1111 468 1196 526 sui
1247 468 1599 540 cupiditatem
1652 469 1962 524 confessum
2015 454 2163 528 esse,

2292 465 2470 520 εολλῶν
2513 465 2819 536 γνωσθῆναι
2875 463 3015 534 μέγα
3064 459 3380 530 ποιούμενος
3400 497 3413 521 ,
3445 454 3695 525 ἐπενόησε
3739 455 3804 525 τῲ

580 567 791 626 scilicet
820 581 878 621 se
906 580 1088 620 amore
1124 565 1309 636 gloria:
1355 563 1420 617 ad
1457 563 1560 618 hoc
1610 562 2032 634 aggrediendum
2069 563 2162 614 im-

579 657 820 732 pulsum,
862 657 1006 728 quod
1055 666 1270 728 putaret
1321 673 1442 711 cum
1499 657 1619 726 ipso
1671 656 1915 708 facinore
1963 670 2160 709 nomen

578 752 746 809 etiam
779 750 1020 804 auctoris
1040 750 1368 804 celebratum
1395 748 1482 802 iri.
1511 747 1710 802 Eadem
1731 748 1817 800 via
1837 747 1924 801 isti
1946 760 2162 816 quoque

582 843 652 898 ad
703 843 973 897 illustrem
1034 839 1230 894 famam
1293 847 1686 894 emerserunt:
1739 845 1966 905 excepto
2017 835 2158 906 quod

583 934 882 989 discrimen
931 932 1002 988 sit
1047 933 1102 986 in
1147 930 1372 987 sceleris
1415 929 1808 1001 magnitudine.
1861 928 1978 982 Non
2016 927 2161 982 enim

584 1023 899 1079 inanimatis
938 1021 1204 1086 aadificiis,
1258 1020 1350 1076 sed
1391 1021 1595 1075 viventi
1636 1017 1891 1074 Ecclesiae
1933 1017 2162 1070 aedificio

586 1109 813 1164 exitium
867 1109 1105 1180 pariunt,
1144 1107 1388 1163 immissa
1433 1108 1590 1178 quasi
1633 1105 1851 1160 flamma
1891 1107 2163 1176 dogmatis

588 1202 882 1272 impietate.
932 1197 1132 1256 Verum
1177 1200 1485 1254 orationem
1534 1199 1602 1254 de
1644 1199 1896 1254 doctrina
1937 1197 1993 1252 in
2036 1213 2164 1267 pro-

589 1293 766 1362 prium
793 1293 1086 1348 reservabo
1124 1293 1327 1347 locum.

659 1380 775 1434 Jam
810 1397 935 1437 vero
965 1382 1266 1444 videamus,
1307 1397 1470 1452 quam
1500 1397 1626 1437 vere
1657 1391 2032 1452 conqueratur
2062 1382 2164 1436 iste

589 1473 646 1528 in
680 1473 946 1543 prooemio
977 1489 1035 1529 se
1055 1475 1121 1529 ab
1151 1474 1463 1530 infidelibus
1490 1483 1711 1545 pr0pter
1730 1476 2014 1529 verilatem
2039 1474 2165 1528 odio

573 1553 1107 1622 (haberifFortassis
1135 1568 1278 1620 enim
1313 1583 1422 1621 non
1461 1567 1559 1622 abs
1590 1582 1646 1621 re
1675 1564 1858 1634 fuerit,
1906 1566 2067 1620 etiam
2099 1579 2163 1620 ex

593 1659 682 1722 iis,
715 1674 836 1727 quae
867 1657 934 1711 ad
965 1658 1272 1713 doctrinam
1308 1675 1414 1712 non
1446 1660 1742 1728 pertinent,
1785 1659 1997 1715 discere
2043 1665 2166 1711 tan-

2265 559 2484 630 μεγέθει
2518 558 2610 611 τοῦ
2641 556 2810 610 κοικοῦ
2843 557 2904 610 τὸ
2947 555 3114 624 ὄνομα
3141 552 3235 605 τοῦ
3264 546 3651 619 τετολμηκότος
3687 563 3806 615 συμο

2266 649 2717 721 μνημονεύεσθαι.
2754 648 2987 716 Τοιαύτη
3029 646 3122 700 καὶ
3165 643 3373 705 τούτοις
3411 643 3446 712 ἡ
3475 641 3569 708 τῆς
3597 655 3808 709 περιφα-

2262 742 2409 806 νείας
2452 742 2735 805 ὑπόθεσις,
2796 739 2932 809 πλὴν
2982 739 3104 791 ὅσον
3160 733 3295 804 πρὸς
3333 733 3393 786 τὸ
3445 730 3622 803 μεῖζον
3663 730 3715 781 ὲν
3743 730 3808 798 τῷ

2264 832 2418 900 κακῷ
2480 833 2578 901 τὴν
2624 829 2976 902 παραλλαγὴν
3014 827 3148 896 ἔχει.
3184 825 3258 878 Ού
3286 824 3394 894 γὰρ
3433 822 3657 892 ἀψύχοις
3688 823 3811 872 οἱκο-

2262 924 2592 994 δομήμασιν,
2622 921 2734 974 ἀλλ’
2767 921 2904 990 αὐτῇ
2931 921 2998 988 τῇ
3025 916 3173 988 ζώσῃ
3211 911 3812 984 οίκώομίᾳτῆςἘκκλη-

2265 1013 2384 1076 σίας
2431 1012 2868 1082 διαλυμαίνονται
2891 1027 2904 1041 ·
2946 997 3055 1061 οἶόν
3089 1026 3140 1060 τι
3185 1008 3296 1078 πῦρ
3318 1005 3416 1076 τὴν
3445 1004 3538 1056 τοῦ
3570 1003 3814 1072 δόγματος

2265 1105 2477 1166 ἐνέντες
2522 1103 2863 1175 παραφορὰν.
2918 1099 3078 1154 Ἀλλὰ
3118 1099 3209 1152 τὸν
3260 1097 3360 1169 μὲν
3405 1096 3533 1166 περὶ
3573 1095 3814 1164 δόγματος

2265 1196 2422 1264 λόγον
2475 1197 2553 1258 είς
2581 1195 2672 1247 τὸν
2701 1194 2831 1246 ἴδιον
2862 1191 3052 1262 καιρὸν
3083 1189 3483 1260 ὑπερθήσομαι.

2335 1369 2484 1432 Τέως
2521 1368 2577 1422 δὲ
2627 1366 2721 1420 νῦν
2749 1369 2778 1422 ὁ
2824 1365 2912 1420 διὰ
2947 1366 3007 1418 τὸ
3056 1362 3338 1436 ἀληθεύειν
3387 1359 3657 1431 μισεῖσθαι
3689 1356 3820 1427 παρὰ

2265 1460 2373 1514 τῶν
2411 1460 2653 1515 ἀπίστων
2683 1461 2740 1512 ὲν
2780 1456 3082 1530 προοιμίοις
3116 1453 3495 1522 αἰτιασάμενος
3521 1448 3614 1520 οἵᾳ
3637 1450 3819 1517 κέχρη-

2265 1569 2355 1606 ται
2395 1555 2461 1622 τῇ
2514 1549 2740 1622 ἀληθείᾳ
2779 1549 3173 1619 σκοπήσωμεν·
3219 1543 3367 1596 οὐδὲν
3410 1541 3518 1609 γὰρ
3569 1539 3692 1599 ἴσως
3729 1536 3821 1588 ἀπὸ

2267 1647 2482 1718 καιροῦ,
2513 1647 2608 1700 καὶ
2637 1645 2725 1698 διὰ
2760 1644 2868 1698 τῶν
2899 1641 3002 1707 έξω
3037 1640 3132 1694 τοῦ
3168 1639 3431 1708 δόγματος
3469 1635 3662 1701 λόγων,
3698 1633 3823 1692 ὅπως

593 1761 757 1816 quam
792 1763 855 1801 ex
906 1748 1082 1818 signo,
1118 1763 1224 1818 qua
1270 1747 1369 1802 fide
1413 1757 1658 1802 versetur
1691 1749 1837 1802 circa
1874 1749 1986 1810 illa,
2045 1761 2166 1816 quze

2292 1756 2379 1808 χει
2415 1738 2542 1808 περὶ
2587 1735 2844 1807 ἀλήθειαν
2873 1733 3139 1804 μαθόντας
3180 1729 3463 1799 τεκμηρίῳ
3500 1724 3674 1793 τούτῳ
3711 1719 3822 1818 πρδς

596 1807 812 1909 proprie
845 1839 909 1920 ad
943 1807 1195 1910 dogma-ta
1228 1849 1501 1911 spei-tant.
1525 1839 1658 1894 Nam
1693 1840 1783 1910 qui
1807 1807 1983 1907 ﬁdelis
2002 1807 2077 1892 est
2110 1840 2162 1891 in

2384 1807 2630 1900 δόγματα
2679 1824 3005 1898 χρήσασθαι.
3042 1824 3093 1875 '0
3133 1822 3244 1892 γὰρ
3293 1818 3527 1882 πιστὸς,
3573 1811 3825 1920 quem?

599 1927 834 1991 minimo,
867 1910 952 1982 .ait
984 1925 1271 1991 Dominus,
1300 1930 1457 1980 etiam
1491 1929 1542 1980 in
1583 1945 1773 1997 magno
1797 1927 1972 1994 ﬁdelis
1997 1927 2096 1980 erit
2118 1927 2160 1980 ⁷.

2292 1922 2593 1992 ἐλαχίστῳ,
2641 1920 2736 1973 καὶ
2777 1919 2847 1971 ἐν
2877 1914 3083 1981 πολ.λῷ
3126 1909 3337 1977 πισίός
3373 1911 3535 1963 ἐστι·
3575 1905 3668 1960 καὶ

593 2017 913 2085 Apologiam
967 2019 1110 2071 enim
1169 2033 1265 2086 pro
1317 2018 1566 2087 apologia
1622 1995 1950 2086 scripturus,
1999 2018 2073 2070 ait
2105 2032 2165 2071 se

2292 2017 2574 2084 ἐλαχίστῳ
2599 2011 2821 2076 ἄδικος,
2853 2010 2948 2062 καὶ
2979 2009 3048 2060 ἐν
3075 2003 3282 2068 πολλῷ
3309 2001 3513 2065 ἄδικός
3537 1997 3684 2051 ἐστι.
3711 1995 3829 2087 Μέλ-

597 2107 761 2176 hujus
794 2124 967 2173 novm,
1021 2108 1247 2163 insueta:
1276 2118 1328 2164 et
1367 2109 1657 2178 paradoxa:
1705 2108 2082 2178 inscriptionis
2115 2116 2168 2162 et

2292 2083 2393 2158 κων
2411 2083 2524 2173 γὰρ
2551 2102 2647 2171 τὴν
2677 2100 2815 2170 ὑπὲρ
2843 2097 2941 2168 τῆς
2969 2094 3264 2162 ἀπολογίας
3289 2090 3586 2157 ἀπολογίαν
3607 2083 3827 2178 συγγρά-

597 2199 1004 2254 dissertationis
1051 2200 1396 2256 occasionem
1447 2216 1555 2255 non
1602 2200 1846 2262 aliunde,
1900 2215 2064 2271 quam
2100 2198 2169 2254 ab

599 2290 714 2355 illo,
746 2293 839 2362 qui
886 2293 1116 2363 primam
1149 2293 1450 2347 orationem
1500 2292 1859 2355 refutaverat,
1911 2292 2171 2363 desump-

598 2387 776 2452 sissc;
816 2386 1004 2456 primae
1019 2387 1162 2442 enim
1194 2386 1430 2442 orationi
1459 2387 1721 2456 apologiaa
1753 2386 2168 2457 appellationem

600 2478 902 2533 indiderat:
942 2493 1066 2533 cum
1098 2479 1356 2548 magister
1382 2489 1568 2532 noster
1589 2479 1662 2548 (α)
1695 2478 1956 2547 objiceret
1989 2479 2174 2548 apolo-

600 2570 701 2640 gis:
726 2571 944 2626 titulum
976 2571 1086 2628 illis
1111 2573 1243 2629 solis
1275 2572 1588 2636 convenire,
1612 2571 1705 2642 qui
1735 2571 2041 2642 aliquorum
2067 2572 2176 2625 cri-

601 2662 809 2716 minum
856 2665 1102 2719 accusati
1147 2673 1333 2720 essent
1367 2682 1380 2719 :
1423 2665 1468 2719 si
1520 2664 1645 2734 quis
1677 2678 1802 2718 vero
1843 2671 2175 2733 spontesua

603 2754 809 2824 aliquid
842 2756 1129 2823 scriberet,
1168 2759 1314 2814 aliud
1347 2758 1608 2831 quiddam
1643 2773 1806 2828 quam
1849 2756 2174 2828 apologiam,

604 2849 873 2917 scriptum
905 2848 1039 2904 illud
1069 2866 1226 2908 esse:
1270 2851 1360 2906 hic
1400 2851 1619 2922 quidem
1656 2850 1802 2906 haud
1836 2857 2017 2921 negat,
2069 2864 2178 2903 non

605 2947 880 3007 Oportere,
941 2940 1046 2994 nisi
1108 2942 1458 2997 accusatione
1513 2949 1814 3012 przeeunte,
1872 2940 2178 3013 apologiam

607 3028 918 3094 instituere,
973 3029 1261 3086 manifesta
1313 3030 1653 3086 absurditate
1704 3031 2026 3097 convictus;
2085 3031 2180 3088 sed

608 3117 683 3172 ait
746 3133 804 3173 se
851 3119 1216 3174 maximorum
1282 3121 1548 3175 scelerum
1603 3121 2000 3188 insimulatum,
2040 3121 2182 3192 apud

609 3208 843 3279 iudices,
877 3211 945 3264 ad
980 3211 1284 3283 apologiqm
1321 3211 1514 3282 suique
1547 3211 1920 3267 defensionem
1951 3212 2182 3267 descen-

611 3301 783 3357 disse.
825 3300 896 3355 At
948 3317 1112 3372 quam
1151 3303 1490 3357 mendaciter
1523 3303 1628 3357 hoc
1660 3301 1908 3367 aflirmet,
1963 3303 2182 3373 planum

614 3391 731 3447 fore
761 3392 1015 3457 arbitror,
1045 3408 1110 3448 ex
1143 3393 1250 3448 illis
1278 3393 1412 3463 ipsis
1448 3409 1568 3464 quae
1593 3395 1708 3462 jam
1736 3393 2002 3449 dicemus.
2044 3392 2187 3448 Con-

615 3484 867 3553 queritur
913 3482 1085 3536 multa
1126 3491 1180 3537 et
1228 3483 1565 3538 intoleranda
1607 3483 1747 3537 mala
1777 3483 1880 3538 sibi
1930 3483 2080 3538 illata
2119 3483 2187 3537 ab

615 3577 746 3642 illis,
802 3590 831 3630 a
866 3575 1087 3646 quibus,
1139 3582 1399 3646 tanquam
1444 3573 1744 3644 judicibus,
1793 3572 2190 3628 condemnatus

617 3671 712 3735 sit,
763 3679 817 3725 et
850 3670 954 3724 hoc
999 3668 1247 3740 quemvis
1298 3683 1365 3724 ex
1420 3667 1571 3723 libris
1613 3681 1644 3720 a
1675 3682 1736 3722 se
1779 3666 1940 3722 editis
1985 3681 2189 3738 cogno-

619 3777 776 3818 scere
807 3777 988 3832 posse.

691 3853 976 3922 Quomodo
1021 3860 1129 3906 tam
1185 3849 1392 3908 atrocia
1427 3849 1670 3921 pertulit,
1728 3849 1776 3903 si
1825 3847 2059 3904 crimina
2093 3845 2190 3900 ob-

619 3947 763 4018 jecta
801 3961 897 4017 per
926 3943 1230 4014 apologiam
1261 3942 1458 3997 diluit?
1513 3941 1559 3996 si
1589 3939 1734 3996 enim
1766 3938 2067 4008 apologiam
2099 3935 2195 3990 ad-

621 4039 798 4092 hibuit
831 4037 896 4090 ad
924 4036 1046 4101 hoc,
1078 4041 1137 4088 ut
1169 4034 1427 4104 effugeret
1458 4048 1542 4096 ea,
1578 4047 1811 4104 quorum
1849 4047 1975 4086 vere
2004 4044 2195 4099 argue-

625 4131 783 4185 batur
817 4146 830 4180 :
872 4128 1009 4183 falsa
1056 4127 1278 4182 omnino
1302 4136 1352 4182 et
1383 4127 1611 4198 tragica,
1637 4133 1692 4180 et
1721 4124 1926 4179 frustra
1961 4121 2196 4175 conficta

625 4224 713 4277 illa
750 4223 996 4292 apologia
1030 4221 1165 4287 fuit;
1200 4221 1244 4276 si
1270 4234 1397 4275 vero
1429 4233 1720 4290 perpessus
1741 4223 1822 4272 est
1843 4231 1964 4286 qua:
1988 4222 2195 4278 narrat,

627 4321 815 4382 utpote
849 4327 910 4365 ea
961 4327 1252 4382 perpessus
1303 4317 1389 4366 est
1428 4310 1578 4364 nulla
1620 4308 1862 4362 adhibita
1916 4305 2196 4376 apologis:

629 4419 752 4458 nam
783 4405 962 4458 omnis
1001 4403 1261 4474 apologiaa
1289 4401 1413 4457 finis
1435 4408 1518 4456 est
1565 4399 1826 4470 impedire
1868 4413 1937 4452 ne
1963 4397 2197 4466 judices,

628 4506 683 4551 et
726 4497 819 4567 qui
855 4496 945 4566 jus
995 4495 1238 4565 suffragii
1290 4491 1499 4548 ferendi
1549 4492 1768 4554 habent,
1825 4504 1856 4543 a
1908 4497 2058 4544 recto
2105 4503 2184 4557 pel

2310 4491 2435 4552 τοὺς
2467 4486 2687 4557 κυρίους
2736 4479 2855 4581 τῆς.
2888 4476 3101 4581 ψήφους

2275 2213 2418 2264 φεινν
2460 2193 2556 2264 τὴν
2594 2191 2785 2262 καινὴν
2836 2189 2930 2243 καὶ
2966 2185 3272 2256 παράλογον
3305 2180 3508 2248 ταύτην
3540 2176 3634 2229 τοῦ
3693 2174 3826 2239 λόγου

2276 2263 2370 2342 καὶ
2419 2263 2729 2355 ἐπιγραφὴν
2775 2282 2868 2335 καὶ
2919 2273 3321 2344 ὑπόθεσιν,τὴν
3359 2271 3540 2325 αἰτίαν
3591 2265 3728 2334 λέγει
3750 2263 3830 2355 τῆς

2277 2353 3024 2448 τοσαύτηςπαραδοξολογίας
3065 2369 3164 2439 οὐχ
3203 2362 3488 2436 ἑτέρωθεν,
3530 2359 3642 2414 ἀλλ’
3673 2359 3732 2410 ἐκ
3755 2353 3830 2448 τοῦ

2278 2445 2622 2530 ἀντειπόντος
2654 2445 2814 2536 αὐτῷ
2869 2463 3004 2530 πρὸς
3055 2460 3147 2512 τὸν
3194 2456 3455 2527 πρότερον
3538 2445 3833 2536 γεγενῆσθαι

2279 2560 2465 2629 λόγον’
2524 2555 2716 2625 ἐκείνῳ
2770 2534 2865 2624 μὲν
2912 2551 3021 2621 γὰρ
3062 2545 3128 2620 ἦν
3177 2546 3255 2616 τῷ
3306 2544 3448 2612 λόγῳ
3497 2537 3749 2605 ἀπολογία
3785 2534 3835 2629 τὸ

2281 2627 2479 2722 ὄνομα·
2514 2648 2808 2719 λαϐόμενος
2857 2645 2914 2698 δὲ
2960 2642 3052 2697 τοῦ
3091 2637 3408 2696 διδασκάλου
3435 2634 3616 2705 ἡμῶν,
3659 2629 3728 2691 ὠς
3757 2627 3835 2722 μό-

2283 2720 2392 2809 νοις
2436 2745 2545 2806 τοῖς
2601 2737 3091 2810 κατηγορουμένοις
3145 2730 3246 2802 τῆς
3286 2726 3582 2794 ἀπολογίας
3629 2720 3837 2793 πρεπούι

2286 2852 2417 2908 σηςο
2453 2835 2501 2887 εί
2537 2832 2593 2886 δέ
2636 2849 2718 2894 τις
2759 2831 2841 2899 ἐφ’
2877 2825 3065 2880 ἑαυτοῦ
3121 2821 3240 2876 κατ’
3287 2817 3537 2885 ἐξουσίαν
3580 2811 3838 2908 γεγράφοι,

2286 2904 2412 2984 ἄλλο
2447 2926 2519 2991 τἰ,
2560 2923 2654 2978 καὶ
2678 2923 2778 2975 οὐκ
2811 2916 3103 2985 ἀπολογίαν
3132 2909 3268 2966 εἶναι
3295 2909 3356 2962 τὸ
3386 2904 3837 2977 συγγραφόμενον·

2287 3021 2365 3092 τῷ
2407 3018 2503 3088 μὲν
2538 3017 2611 3088 μὴ
2646 3016 2753 3068 δεῖν
2784 3013 2874 3065 ἐπὶ
2909 3006 3253 3080 προλαϐούσῃ
3281 3000 3587 3074 κατηγορίᾳ
3611 2996 3704 3092 την
3731 2995 3843 3092 ἀπο·

2292 3084 2477 3180 λογίαν
2521 3084 2788 3161 ποιεῖσθαι
2813 3101 2900 3156 διὰ
2925 3101 2983 3154 τὸ
3012 3096 3307 3168 περιφανὲς
3349 3094 3448 3164 τῆς
3498 3088 3738 3150 ἀτοπίας,
3761 3084 3844 3180 ούκ

2290 3174 2557 3269 ἀντιλέγει
2579 3216 2590 3228 ·
2622 3197 2695 3260 ὼς
2731 3194 2787 3249 δὲ
2831 3187 3225 3262 κατηγορηθεὶς
3261 3184 3354 3236 ἐπὶ
3396 3174 3844 3269 μεγίστοιςηπρὸς

2290 3296 2389 3368 τὴν
2420 3266 2796 3361 ἐπενεχθεῖσαν
2824 3285 3001 3356 κρίσιν
3026 3274 3464 3348 ἀπολογήσασθαί
3505 3288 3684 3343 φησιν.
3702 3266 3846 3320 Ὀσον

2291 3359 2358 3444 δὲ.
2389 3389 2448 3443 τὸ
2484 3359 2678 3457 ψεύδός
2731 3383 2876 3433 ἐστιν
2924 3380 2980 3430 ὲν
3019 3375 3245 3436 τούτοις,
3289 3367 3554 3439 πρόδηλον
3601 3364 3659 3457 ἐξ
3685 3359 3846 3457 aliter:

2294 3478 2447 3552 οἶμαι
2474 3449 2582 3531 τῶν
2616 3471 2917 3544 εἰρημένων
2943 3462 3294 3538 γενήσεσθαι·
3330 3457 3520 3520 πολλὰ,
3563 3455 3653 3508 καὶ
3670 3449 3849 3552 δυσϐά-

2299 3589 2502 3628 στακτα
2539 3568 2705 3635 πάθη,
2740 3563 2890 3634 παρά
2918 3561 3024 3614 τῶν
3062 3552 3500 3627 κατακρινάντων
3535 3545 3696 3602 αὐτοῦ
3724 3557 3850 3610 γεγε·

2297 3664 2490 3736 νῆσθαι
2536 3656 2918 3732 κατῃτιάσατο.
2965 3649 3076 3705 Καὶ
3125 3645 3300 3701 ταῦτα
3347 3643 3555 3706 ἔξεστιν
3598 3639 3659 3701 ἐξ
3700 3633 3850 3688 αὐτῶν

2297 3735 2405 3810 τῶν
2436 3752 2564 3824 παρ’
2597 3749 2760 3805 αὐτοῦ
2793 3741 3189 3816 γεγραμμένων
3221 3735 3428 3808 μαθεῖν.

2370 3847 2494 3910 Πῶς
2523 3840 2615 3898 οὖν
2653 3841 2826 3896 ταῦτα
2863 3833 3147 3894 πέπονθεν,
3195 3830 3352 3899 εἴπερ
3393 3826 3486 3878 ἐπὶ
3537 3823 3654 3884 ταῖς
3682 3816 3852 3876 αἰτίαις

2301 3908 2704 4006 ἀπολελόγητο;
2733 3932 2795 3984 Εἰ
2843 3929 2938 4000 μὲν
2985 3925 3090 3996 γὰρ
3118 3923 3387 3995 ἐχρήσατο
3433 3915 3570 3987 πρὸς
3598 3908 3854 4006 ἀποφυγὴν

2301 4033 2408 4088 τῶν
2454 4000 2814 4099 ἐγκλημάτων
2851 4024 2918 4092 τῇ
2960 4016 3254 4086 ἀπολογίᾳ,
3287 4010 3485 4082 ψευδὴς
3531 4010 3566 4078 ἡ
3610 4000 3856 4099 τραγῳδία

2306 4090 2521 4183 πάντως
2567 4090 2749 4186 ἐκείνη
2795 4090 3100 4182 καὶ-μάτην
3136 4099 3648 4176 συμπέπλασταιὶοεί
3689 4096 3741 4148 δὲ
3776 4090 3856 4142 πέ-

2306 4213 2498 4269 πονθεν
2546 4210 2691 4279 ἅπερ
2736 4205 2959 4275 εἴρηκε,
3001 4197 3238 4270 δηλονότι
3283 4195 3357 4264 μὴ
3408 4187 3857 4259 ἀπολογησάμενος

2308 4303 2562 4359 πέπονθε.
2616 4300 2800 4369 Πάσης
2846 4295 2956 4364 γὰρ
3005 4287 3296 4356 ἀπολογίας
3336 4280 3487 4348 οὗτός
3526 4283 3672 4336 ἐστιν
3700 4280 3726 4331 ὁ
3757 4290 3859 4369 σκο-

2309 4399 2430 4465 πὸς,
2461 4397 2522 4450 τὸ
2564 4393 2638 4466 μὴ
2676 4365 2832 4446 ἐᾶσαι
2872 4381 3354 4456 παρακρουσθῆναι
3394 4374 3481 4429 διὰ
3525 4365 3860 4466 συκοφαντίας

3144 4474 3193 4524 εἰ
3228 4471 3300 4541 μὴ
3350 4467 3458 4538 ἄρα
3508 4463 3668 4518 τοῦτο
3707 4459 3861 4525 λέγειν

632 4587 878 4642 fraudem
918 4592 1274 4651 avertantur;
1331 4585 1439 4640 nisi
1475 4583 1725 4639 fortassis
1767 4582 1934 4646 dicat,
1992 4595 2053 4637 se
2076 4578 2184 4649 quia

2306 4550 2665 4649 ἐπιγειρησει,
2696 4573 2780 4624 ὅτι
2808 4567 2903 4639 τὴν
2933 4566 3028 4638 μὲν
3071 4560 3363 4627 ἀπολογίαν
3400 4557 3490 4651 ἐπὶ
3525 4555 3627 4624 τῆς
3657 4550 3863 4651 κρίσεως

632 4679 756 4734 dem
789 4679 1038 4750 apologia
1074 4694 1233 4734 usum
1261 4693 1404 4743 esse,
1440 4692 1548 4732 non
1579 4684 1761 4730 tamen
1794 4674 1850 4728 in
1899 4687 2052 4728 suam
2083 4687 2205 4728 scn—

635 4772 857 4827 tentiam
892 4771 1107 4841 judices
1148 4767 1419 4826 addu’cere
1456 4768 1740 4839 potuisse;
1795 4774 1854 4821 ut
1889 4765 1982 4836 qui
2022 4765 2208 4819 minus

635 4871 820 4934 posset
868 4871 922 4918 et
953 4861 1155 4916 valeret
1186 4875 1348 4930 quam
1377 4858 1554 4929 ipsius
1579 4856 1898 4912 adversarii.
1937 4855 2043 4910 Sed
2074 4854 2208 4908 nihil

635 4954 905 5022 ejusmodi
937 4954 1004 5008 de
1030 4952 1241 5022 judicio
1267 4950 1436 5014 dicit,
1482 4965 1656 5019 neque
1697 4949 1890 5019 potuit.
1923 4946 2024 5014 Qui
2064 4947 2206 5002 enim

638 5047 929 5118 potuisset,
957 5060 1079 5100 cum
1105 5043 1324 5114 publico
1349 5042 1487 5098 libro
1509 5046 1760 5104 testetur,
1788 5035 1847 5096 se
1872 5038 2209 5093 infensorum

639 5149 696 5194 et
730 5141 834 5196 sibi
868 5138 1191 5194 infestorum
1215 5137 1464 5208 judicum
1495 5133 1820 5190 sententiam
1847 5129 2216 5187 detrectasse?

642 5228 921 5297 Fatemur,
962 5230 1157 5300 inquit,
1205 5245 1298 5284 nos
1330 5227 1548 5281 silenter
1584 5225 1864 5280 damnatos
1915 5237 2046 5284 esse,
2097 5237 2217 5273 cum

645 5324 698 5376 in
720 5323 968 5392 judicum
1001 5319 1255 5378 subsellia
1284 5320 1512 5389 malefici
1533 5329 1581 5373 et
1624 5315 2080 5388 improbiquidam
2104 5315 2216 5367 υἱο-

649 5415 1174 5470 lenterinsiluissent.
1203 5412 1302 5469 Ubi
1323 5413 1478 5468 valde
1498 5413 1756 5473 oscitans,
1786 5425 1880 5465 seu
1901 5408 2211 5479 indignans,

649 5518 708 5562 ut
761 5509 1020 5573 arbitror,
1079 5516 1133 5564 et
1171 5510 1352 5576 animo
1406 5506 1554 5562 aliud
1605 5519 1792 5576 agens,
1855 5501 2219 5560 solmcismum

729 5658 899 5718 'Luc.
927 5679 1037 5727 xw,
1070 5663 1154 5716 l0.

724 5798 805 5872 (α)
834 5798 1090 5861 Basilius,
1119 5797 1216 5848 lib.
1242 5812 1279 5860 ι,
1313 5801 1493 5845 conlra
1524 5785 1866 5843 Eunomium.
1940 5814 1942 5816 τ

2309 4636 2668 4743 προῖτὸἀλετολ
2710 4636 3156 4733 προσαγαγέσθαι
3183 4652 3240 4743 δε
3281 4651 3404 4712 τοὺς
3420 4647 3669 4743 δικάζειν

2308 4725 2408 4825 τας
2437 4759 2497 4812 ού
2531 4725 2775 4825 δυνηθεὶς
2819 4725 2928 4804 τῶν
2974 4741 3384 4800 ἀντιδικούντων
3412 4725 3864 4825 ἡλαττὼθηϊἊλΥ

2310 4815 2411 4906 οὐκ
2442 4845 2592 4902 εἶπεν
2616 4815 2707 4897 έὲτι
2737 4842 2836 4912 τῆς
2867 4837 3097 4910 κρίσεως
3125 4830 3362 4886 τοιοῦτον
3390 4826 3561 4888 οὐδὲν,
3588 4823 3704 4876 οὐδὲ
3729 4815 3866 4888 ἐμέλ-

2311 4945 2462 5015 λησε.
2500 4939 2622 5002 Πῶς
2652 4939 2794 5007 γάρ;
2839 4934 2938 4995 Ὃς
2963 4947 3026 5000 γε
3060 4927 3310 4999 ὁμολογεί
3345 4920 3433 4976 διὰ
3468 4915 3869 5015 συγγραμματος

2313 4999 2378 5089 τό
2401 5035 2512 5096 τοῖς
2541 4999 2753 5100 ἐχθροῖς
2782 4999 2846 5079 Ἴτε
2875 4999 3266 5090 καὶπολεμίοις
3286 5013 3562 5072 δικασταῖς
3591 4999 3870 5102 χρήσασθαι

2321 5126 2395 5197 μὴ
2432 5123 2704 5193 ἐθελῆσαι.
2746 5115 2944 5188 Ἡμεῖς
2991 5111 3120 5183 γὰρ,
3170 5106 3353 5179 φησιν,
3409 5102 3498 5157 ὅτι
3555 5104 3874 5197 σιωπωντξς

2317 5190 2605 5286 ,ἀπωμεμν
2632 5207 3058 5282 ὁμολογοῦμεν,
3091 5198 3435 5267 κακούργων
3487 5190 3585 5286 καὶ
3621 5193 3873 5286 non-ipim-

2321 5309 2436 5379 τὴν
2467 5271 2970 5361 τῶννδίκαζόπτωον·
2997 5283 3710 5379 χώρανῇείσφρησὰνῖωκ·
3742 5271 3871 5372 ἔνθεῖ,

2323 5372 2417 5458 καὶ
2461 5400 2661 5470 σφόδρα
2702 5392 3006 5488 σφαδάζων,
3052 5388 3128 5488 ὡς
3175 5377 3490 5488 discindat
3531 5374 3612 5488 τιΞ)
3656 5372 3874 5488 λόγῗῇ
