3920 6472
191 380 273 435 773
1289 377 1562 434 CONTRA
1603 378 1996 447 EUNOMIUM,
2027 379 2154 436 LIB.
2193 380 2232 434 l.

3287 377 3390 435 276

188 490 375 559 ἀλαμπῆ
411 486 668 558 διαϐάλλῃ
708 486 800 539 τὸν
841 486 1018 556 ἥλιον,
1052 486 1112 540 οὐ
1148 487 1208 540 τὸ
1237 491 1351 558 φῶς
1377 491 1473 561 τῆς
1508 491 1724 554 ἀκτῖνος
1752 547 1753 550 η

1860 492 2111 547 missum.
2150 490 2282 544 Nam
2317 489 2500 560 jacula
2533 489 2782 544 recidunt
2816 491 2870 544 in
2909 496 3072 559 caput
3105 489 3391 554 mittentis,

264 581 358 632 τῶν
405 577 750 647 σκωμμάτων
800 577 1145 648 ἠμαύρωσεν,
1186 578 1299 632 ἀλλ’
1351 581 1380 632 6
1433 580 1530 650 μὲν
1577 581 1727 650 ἥλιος

186 676 328 732 Ξςται,
354 672 442 722 καὶ
491 670 892 738 σκωπτόμενος,
933 670 1103 739 ἥλιος,
1144 669 1238 722 τοῦ
1275 671 1332 724 δὲ
1366 672 1726 742 λοιδοροῦντος

185 766 242 823 ὡς
268 764 463 832 ἀφεγγῆ
497 761 598 831 τὴν
634 763 823 813 ἀκτῖνα
847 764 881 831 ή
917 764 1163 833 πήρωσις
1197 763 1306 815 τῶν
1341 764 1608 834 όρατικῶν
1645 765 1730 817 ai—

187 853 461 921 σθητηρίων
486 853 951 922 ἀπελεγχθήσεται
970 868 983 881 °
1010 853 1112 905 κᾶν
1149 854 1228 906 ὅτι
1253 854 1486 923 μάλιστα
1513 854 1636 917 τούς
1668 872 1729 906 τε

186 943 571 1013 ἀκουσομένους,
601 946 693 996 καὶ
734 945 859 1006 τοὺς
893 945 1302 1014 ἐντευξομένους
1339 945 1542 998 πείθειν
1571 945 1729 1018 ἐθέλῃ

187 1034 283 1086 καθ’
310 1034 597 1103 ὁμοιότητα
623 1037 721 1104 τῆς
745 1035 1036 1104 ἀπολογίας
1075 1036 1306 1106 ἐκείνης,
1346 1036 1419 1106 μή
1450 1039 1569 1098 ταῖς
1599 1037 1734 1088 πάν-

187 1145 275 1178 των
317 1118 572 1195 περὶτοῦ
618 1126 768 1196 ήλίου
808 1125 986 1189 δόξαις
1026 1125 1422 1196 προστίθεσθαι,
1459 1126 1591 1195 μηδὲ
1627 1127 1735 1179 τῶν

191 1217 367 1268 πολλῶν
393 1219 586 1285 πεῖραν
617 1217 713 1286 τῆς
747 1216 881 1278 ἰδίας
906 1216 1224 1286 ὑπολήψεως
1253 1216 1518 1269 ποιεῖσθαι
1545 1234 1738 1288 κυριω-

191 1311 346 1378 τέραν,
385 1310 446 1375 τῇ
482 1306 690 1359 πλείονι
735 1307 898 1377 μοίρᾳ
926 1306 988 1358 τὸ
1028 1311 1270 1377 κρεῖττον
1308 1306 1736 1376 προσάπτοντας,

192 1401 342 1468 μάτην
374 1399 465 1450 ἐπὶ
496 1398 606 1451 τῶν
641 1398 942 1468 βλεπόντων
969 1399 1215 1470 ληρήσει.

1829 593 1882 638 et
1925 585 2005 638 sol
2037 583 2183 638 omni
2210 583 2362 652 jactu
2398 593 2578 637 manet
2617 583 2798 636 altior.
2842 582 2906 634 Et
2953 583 3078 636 licet
3110 582 3233 650 quis
3281 580 3392 633 cri-

1831 676 2067 730 minetur
2095 675 2265 729 solem
2295 681 2354 728 ut
2383 673 2702 738 obscurum,
2734 673 2878 727 haud
2913 681 3090 726 tamen
3133 671 3394 725 conviciis

1833 768 2088 838 splendor
2116 766 2394 820 radiorum
2430 765 2788 830 imminuitur,
2821 765 2915 820 sed
2961 764 3039 819 sol
3076 764 3239 817 etiam
3265 779 3398 817 con-

1835 860 1994 913 viciis
2017 858 2316 926 impetitus,
2352 857 2488 911 nihil
2523 856 2670 910 aliud
2701 865 2806 921 est,
2831 871 2992 926 quam
3021 855 3120 909 sol.
3154 854 3395 915 Interim,

1833 948 1926 1019 qui
1978 950 2110 1004 solis
2161 949 2344 1002 radios
2378 947 2749 1002 tenebricosos
2783 961 2905 1001 esse
2963 954 3219 1016 nugatur,
3261 943 3399 997 nihil

1837 1040 1983 1092 aliud
2019 1047 2282 1109 reportat,
2329 1055 2491 1110 quam
2523 1038 2670 1108 quod
2711 1038 2998 1093 oculorum
3036 1051 3261 1092 suorum
3297 1049 3398 1090 cato

1837 1129 2054 1182 citatem
2101 1129 2390 1200 insigniter
2433 1129 2647 1200 prodit:
2689 1136 2741 1184 et
2774 1127 3024 1197 quamvis
3059 1127 3293 1180 maxime
3334 1125 3403 1180 iis

1838 1220 1931 1289 qui
1965 1220 2214 1287 audiunt,
2246 1231 2299 1276 et
2325 1237 2448 1276 cum
2486 1221 2684 1291 quibus
2711 1221 2843 1290 agit,
2892 1220 3220 1290 persuadere
3253 1217 3403 1278 velit,

1843 1309 2015 1364 instar
2063 1310 2210 1365 illius
2259 1311 2539 1382 apologiae,
2601 1325 2671 1366 ne
2720 1311 3091 1367 assentiantur
3128 1308 3404 1363 communi

1843 1403 2120 1457 hominum
2149 1405 2218 1458 de
2251 1405 2365 1459 sole
2392 1403 2805 1469 existimationi,
2835 1417 2970 1457 neve
3000 1402 3294 1456 multorum
3319 1415 3409 1454 ex-

195 1493 481 1560 perientiam
513 1493 755 1563 propriis
784 1495 1229 1563 persuasionibus
1255 1505 1587 1564 pneponant,
1623 1497 1728 1550 rati
1768 1499 1910 1569 apud
1942 1500 2123 1568 plures
2173 1499 2403 1554 inveniri
2440 1499 2494 1553 id
2561 1500 2704 1569 quod
2737 1501 2937 1555 rectius
3007 1505 3125 1556 est:
3174 1496 3410 1552 delirare

192 1588 472 1644 censebitur
502 1585 635 1640 talis
668 1586 738 1640 ab
766 1587 856 1650 iis,
897 1587 1098 1655 quibus
1133 1586 1350 1640 videndi
1380 1601 1576 1642 sensus
1621 1604 1730 1642 non
1769 1599 1853 1645 est
1877 1591 2183 1660 ademptus.

247 1676 328 1740 Τίς
351 1672 440 1730 οὖν
470 1677 663 1739 εὔνους
686 1676 763 1746 τῷ
794 1677 1040 1748 Εὑνομίῳ
1071 1679 1314 1732 πεισάτω
1337 1679 1550 1749 χαλινὸν
1582 1679 1742 1732 αὑτὸν

1911 1683 2013 1750 Qui
2060 1685 2224 1756 igitur
2262 1684 2398 1739 bene
2433 1683 2583 1754 cupit
2639 1681 2925 1748 Eunomio,
2971 1688 3190 1736 moneat
3230 1689 3289 1736 ut
3324 1680 3408 1736 ori

192 1768 424 1820 ἐπιθεῖναι
451 1769 532 1838 τῷ
563 1769 816 1838 στόματι,
845 1770 976 1838 μηδέ
1003 1771 1318 1839 ἀφηνιάζειν
1347 1774 1413 1841 τῇ
1437 1770 1633 1840 ἀταξία
1647 1771 1742 1824 τοῦ

193 1859 345 1927 λόγου,
379 1861 512 1929 μηδὲ
553 1861 695 1930 πρὸς
727 1860 926 1930 κέντρα
955 1860 1244 1925 λακτίζειν,
1288 1861 1420 1931 μηδὲ
1449 1861 1745 1933 θρασυστο-

199 1955 296 2010 μεῖν
318 1951 451 2003 κατά
480 1951 579 2004 τοῦ
614 1952 796 2022 τιμίου
839 1952 1120 2020 ὀνόματος,
1161 1952 1295 2005 ἀλλά
1336 1953 1430 2006 καὶ
1457 1956 1524 2023 τῇ
1558 1954 1743 2024 μνήμῃ

196 2042 507 2110 λαμϐάνοντα
567 2043 732 2112 μόνον
770 2042 858 2094 τὸν
893 2043 1064 2111 μέγαν
1099 2042 1398 2105 Βασίλειον,
1453 2044 1739 2106 εὐλαϐείας

197 2135 270 2184 καὶ
295 2132 434 2194 δέους
479 2135 581 2204 τὴν
633 2133 812 2203 ψυχὴν
849 2133 1316 2202 ἀναπίμπλασθαι.
1351 2132 1415 2184 Τί
1446 2133 1552 2203 γάρ
1599 2132 1747 2204 αὐτῷ

196 2227 271 2276 καὶ
300 2226 450 2277 πλέον
483 2229 550 2278 ἐκ
578 2227 680 2296 τῆς
728 2224 964 2296 ἀμέτρου
999 2226 1270 2295 πομπείας
1299 2225 1496 2294 ταύτης
1526 2228 1750 2296 γενήσε-

196 2333 265 2368 ται
284 2332 297 2346 ’
323 2318 445 2369 ὅταν
475 2319 505 2369 6
533 2316 636 2385 μὲν
658 2316 894 2378 τοιοῦτος
909 2315 1038 2386 δοκῇ
1075 2317 1223 2386 παρά
1247 2317 1427 2379 πᾶσιν,
1450 2314 1558 2370 οἷον
1585 2319 1747 2372 αὑτὸν

199 2405 531 2477 ἀνακηρύττει
569 2409 599 2460 6
623 2406 758 2476 βίος,
789 2410 817 2460 6
845 2408 1023 2475 λόγος,
1048 2410 1082 2478 ή
1113 2409 1266 2479 κοινὴ
1292 2413 1391 2480 τῆς
1425 2410 1749 2482 οἰκουμένης

202 2498 307 2565 περὶ
333 2496 492 2550 αὑτοῦ
531 2499 814 2569 μαρτυρία
837 2500 926 2559 ;'O
949 2500 1006 2552 δὲ
1033 2501 1277 2562 κακίζειν
1317 2502 1630 2573 ἐπιχειρῶν,
1660 2503 1750 2556 τὸν

199 2587 363 2641 ἐαυτοῦ
395 2589 635 2642 δεικνύει
672 2589 890 2659 τρόπον,
941 2590 1016 2653 ὡς
1053 2590 1149 2656 Μὴ
1194 2589 1547 2659 δυνάμενος,
1574 2591 1752 2655 καθώς

200 2680 309 2750 φησί
321 2699 417 2733 που
447 2682 506 2732 τὸ
535 2681 896 2749 Εὑαγγελίον,
925 2682 1114 2750 ἀγαθὰ
1141 2683 1351 2736 λαλεῖν
1382 2682 1462 2748 τῷ
1491 2683 1751 2751 πονηρὸς

198 2765 342 2831 εἶναι,
387 2771 502 2824 ἀλλ’
579 2773 646 2826 ἐκ
691 2772 797 2826 τοῦ
834 2775 1310 2842 περισσεύματος
1355 2771 1462 2841 τῆς
1506 2773 1755 2842 καρδίας

200 2862 525 2931 φθέγγεσθαι
601 2865 696 2916 καὶ
725 2866 790 2917 ἐκ
821 2864 914 2916 τοῦ
959 2865 1192 2935 πονηροῦ
1227 2864 1498 2935 θησαυροῦ
1538 2882 1756 2935 προχει-

205 2955 437 3022 ρίζεσθαι.
479 2957 614 3010 ’Ότι
640 2957 748 3027 γὰρ
775 2954 906 3024 ψιλά
949 2956 1047 3026 τῆς
1084 2955 1349 3024 λοιδορίας
1400 2955 1516 3007 ἐστὶ
1557 2956 1624 3007 τά
1656 2956 1753 3026 ῥή-

1846 1795 1945 1835 suo
1973 1778 2185 1833 frenum
2214 1778 2495 1847 imponat;
2529 1785 2722 1831 netam
2753 1775 2991 1831 insulsos
3011 1783 3065 1830 et
3099 1774 3410 1830 inconditos

1846 1886 2126 1927 sermones
2166 1868 2398 1933 effutiat,
2438 1883 2570 1921 neve
2602 1875 2791 1921 contra
2846 1867 3101 1921 stimulos
3142 1867 3407 1928 calettret,

1847 1979 2022 2033 neque
2061 1951 2195 2016 adeo
2238 1962 2496 2014 audacter
2523 1969 2576 2013 et
2628 1959 2928 2013 insolenter
2953 1958 3135 2012 verbis
3169 1972 3290 2012 sese
3331 1955 3411 2010 ef-

1846 2052 2006 2118 ferat,
2036 2059 2350 2122 contemptu
2380 2049 2673 2104 venerandi
2702 2049 2847 2102 illius
2876 2047 3111 2119 [Basilii]
3149 2047 3408 2108 nominis,

1846 2143 1981 2213 quin
2039 2144 2223 2212 potius
2268 2141 2384 2196 sola
2440 2138 2700 2193 memoria
2758 2136 3020 2191 Basilium
3071 2136 3409 2205 complexus,

1849 2231 2156 2286 reverentia
2183 2239 2238 2284 et
2275 2236 2418 2283 metu
2453 2227 2705 2298 perfundi
2752 2225 2996 2280 deberet.
3033 2224 3164 2277 Nam
3197 2240 3318 2294 qua:
3347 2239 3412 2296 ex

1851 2321 2166 2392 hujusmodi
2203 2319 2445 2390 jactandi
2495 2333 2617 2373 sese
2650 2317 2898 2372 simulet
2945 2316 3286 2371 conviciandi
3321 2331 3404 2385 ρος

1849 2415 2076 2468 tulantia
2109 2413 2339 2468 exsistet
2370 2410 2639 2464 Eunomio
2663 2409 2909 2474 utilitas;
2937 2423 3061 2463 cum
3091 2408 3271 2477 qualis
3324 2406 3416 2460 ille

1850 2503 1991 2572 apud
2039 2516 2231 2556 omnes
2277 2499 2530 2562 habetur,
2576 2500 2737 2552 talem
2785 2499 2935 2552 illum
2985 2497 3242 2567 praedicet
3282 2497 3413 2559 vita,

1851 2593 2053 2656 oratio,
2097 2601 2150 2647 et
2204 2605 2441 2644 concors
2489 2589 2640 2644 orbis
2689 2598 2960 2644 terrarum
3002 2587 3418 2642 testimonium?

1857 2675 2031 2742 Quem
2052 2677 2180 2732 dum
2215 2681 2319 2734 iste
2351 2678 2696 2741 criminatur,
2747 2691 2881 2732 suos
2909 2691 3090 2731 mores
3121 2675 3360 2734 ostendit
3397 2693 3412 2728 :

1865 2773 2039 2844 nequit
2086 2773 2242 2830 enim
2268 2775 2403 2830 bona
2441 2771 2606 2844 loqui,
2654 2777 2710 2822 ut
2761 2767 2963 2824 alicubi
3000 2766 3133 2820 dicit
3170 2765 3416 2834 Evange-

1853 2865 1988 2920 lium
2009 2863 2066 2932 ⁸,
2096 2879 2158 2920 eo
2191 2863 2332 2934 quod
2359 2863 2528 2918 malus
2563 2865 2657 2928 sit,
2698 2860 2791 2916 sed
2847 2873 2910 2912 ex
2942 2857 3266 2912 abundantia
3299 2872 3420 2911 cor-

1858 2957 1941 3011 dis
1972 2955 2230 3026 loquitur,
2262 2960 2317 3008 et
2343 2967 2410 3008 ex
2439 2953 2582 3007 malo
2608 2952 2868 3007 thesauro
2895 2964 2995 3006 sua
3016 2950 3184 3004 verba
3226 2948 3421 3018 depro-

206 3065 326 3117 ματα
343 3050 437 3119 τῆς
457 3049 574 3102 τῶν
595 3049 936 3118 πραγμάτων
961 3047 1212 3117 ἀληθείας
1231 3048 1292 3100 οὐ
1314 3048 1753 3118 προσαπτόμενα,

1860 3049 1979 3102 mit.
2008 3045 2166 3113 Quod
2198 3053 2378 3099 autem
2399 3043 2647 3098 convicia
2681 3043 2792 3097 sint
2816 3041 2960 3096 nuda
2991 3041 3176 3105 verba,
3201 3054 3322 3110 quae
3353 3038 3422 3092 ad

203 3137 252 3200 ἐξ
277 3138 441 3191 αὐτῶν
475 3142 600 3192 ἐστι
631 3138 739 3190 τῶν
772 3138 1168 3209 γεγραμμένων
1198 3140 1226 3191 ό
1263 3137 1502 3208 ἐλεγχος.

271 3321 522 3374 Ὕπέθετό
549 3337 671 3373 τινα
698 3303 882 3382 τόπον,
912 3321 969 3370 ἐν
996 3309 1040 3384 ᾧ
1063 3315 1150 3370 τὸν
1175 3315 1304 3387 περὶ
1334 3316 1442 3368 τῶν
1475 3314 1758 3385 δογμάτων

204 3413 364 3480 ἀγῶνα
395 3411 662 3482 συστῆναι
691 3427 875 3481 φησιν,
920 3409 1200 3477 ἀνώνυμον
1228 3407 1282 3459 δὲ
1310 3405 1515 3470 τοῦτον,
1550 3406 1643 3459 καὶ
1670 3405 1759 3458 ού-

106 3563 110 3567 ,
204 3504 298 3556 δενὶ
342 3504 603 3575 γνωρίμῳ
651 3503 861 3572 σημείῳ
907 3499 1228 3569 δηλούμενον
1254 3537 1268 3560 ,
1315 3497 1454 3550 ὥστε
1515 3496 1761 3565 ἀνάγκην

205 3593 321 3649 εἶναι
350 3596 426 3667 τῷ
450 3597 698 3665 ἀκροατῇ
738 3592 1162 3662 πεπλανημένως
1204 3590 1310 3643 τῶν
1342 3589 1550 3661 ἀδήλων
1594 3605 1762 3641 κατα-

207 3689 560 3756 στοχάζεσθαι.
623 3687 718 3737 Ἐν
762 3686 951 3747 τούτῳ
985 3684 1116 3753 φησι
1165 3684 1474 3751 σύλλογον
1520 3678 1762 3751 γεγενῆ-

207 3779 325 3830 σθαι
350 3778 464 3829 τῶν
491 3775 876 3843 πανταχόθεν
903 3773 1194 3842 λογάδων,
1233 3773 1325 3824 καὶ
1361 3770 1655 3841 ἐνακμάζει
1684 3770 1761 3839 τῷ

209 3867 328 3938 λόγῳ
352 3868 638 3933 νεανικῶς,
669 3868 761 3920 ὑπ’
783 3867 903 3936 ὄψιν
924 3866 1069 3933 ἄγων
1095 3865 1250 3936 δῆθεν
1269 3864 1366 3935 τὴν
1386 3866 1492 3917 τῶν
1515 3864 1764 3934 πραγμά-

209 3975 297 4013 των
322 3963 637 4032 διασκευήν.
673 3955 808 4013 Εἶτα
831 3960 1107 4021 δικασταῖς
1144 3974 1252 4010 τισι
1282 3957 1449 4025 λέγει,
1477 3957 1611 4028 μηδέ
1639 3957 1763 4009 τού-

208 4069 298 4106 sum
348 4055 610 4124 ὀνομαστὶ
669 4051 1032 4122 μεμνημένος,
1077 4049 1167 4101 τὸν
1205 4049 1332 4118 περὶ
1375 4047 1482 4099 τῶν
1525 4047 1764 4116 ἐσχάτων

210 4146 505 4212 προκεῖσθαι
539 4145 762 4215 δρόμον,
791 4143 1095 4210 ὑποφωνεῖν
1119 4140 1176 4193 δὲ
1198 4140 1439 4210 παρόντα
1456 4139 1546 4191 τὸν
1576 4139 1766 4210 ήμέτε·

214 4252 290 4304 ρον
342 4233 662 4305 καθηγητὴν
749 4233 842 4287 καὶ
881 4233 1109 4302 πατέρα·
1155 4231 1254 4300 τῆς
1287 4232 1342 4283 δὲ
1373 4231 1603 4301 κρίσεως
1631 4230 1765 4300 πρὸς

212 4327 318 4390 τοὺς
337 4329 613 4388 ἐναντίους
645 4327 706 4378 τὸ
745 4327 940 4396 κράτος
980 4325 1377 4395 μετατιθείσης,
1415 4323 1636 4393 φεύγειν
1666 4325 1764 4376 αύ-

1862 3140 2037 3208 ipsam
2074 3138 2359 3192 veritatem
2384 3150 2492 3188 non
2523 3133 2854 3203 pertingant,
2888 3132 3266 3187 demonstrare
3293 3128 3425 3182 licet

1863 3243 1930 3282 ex
1966 3225 2202 3296 pr0priis
2229 3225 2388 3279 istius
2421 3222 2664 3292 scriptis.

1928 3317 2167 3373 Adducit
2207 3317 2383 3370 locum
2429 3313 2739 3383 quemdam,
2790 3312 2845 3366 in
2874 3325 2984 3380 quo
3015 3317 3290 3364 certamen
3324 3321 3418 3378 pre

1860 3413 2124 3467 doctrina:
2168 3409 2393 3464 veritate
2437 3410 2508 3461 sit
2549 3406 2854 3476 ingressus,
2895 3401 2990 3457 sed
3025 3416 3202 3470 neque
3245 3399 3425 3452 locum

1861 3506 2128 3565 nominat,
2164 3516 2339 3570 neque
2386 3501 2496 3552 ullo
2534 3507 2686 3552 certo
2725 3497 2881 3566 signo
2915 3493 3188 3562 designat,
3229 3498 3287 3544 ut
3332 3504 3428 3543 ne-

1861 3612 2015 3651 cesse
2057 3598 2125 3650 sit
2175 3594 2477 3646 auditorem
2523 3590 2747 3645 incertis
2789 3587 3124 3658 coniecturis
3163 3584 3428 3638 fluctuare

1862 3698 1914 3742 et
1960 3683 2322 3742 circumferri.
2351 3674 2412 3735 In
2455 3681 2552 3733 hoc
2593 3679 2769 3749 inquit
2810 3677 3108 3732 convenisse
3149 3689 3218 3729 ex
3257 3671 3429 3727 omni-

1864 3780 1958 3832 bus
2006 3778 2132 3831 locis
2155 3781 2425 3840 evocatos,
2461 3780 2516 3826 et
2549 3771 2828 3841 pueriliter
2864 3770 2917 3822 in
2966 3767 3149 3821 verbis
3183 3763 3431 3818 luxuria-

1866 3883 1974 3934 tur,
2029 3870 2206 3923 oculis
2255 3867 2509 3922 videlicet
2561 3863 2892 3932 subjicicns,
2926 3868 2978 3914 et
3029 3864 3429 3927 reprzesentans

1865 3971 2163 4019 conventus
2213 3961 2360 4013 illius
2399 3964 2738 4026 apparatum.
2776 3951 2976 4006 Deinde
3013 3949 3107 4014 ait,
3148 3945 3428 4018 judicibus

1865 4053 2221 4126 quibusdam,
2277 4063 2452 4118 neque
2498 4045 2642 4101 enim
2695 4045 2794 4098 bos
2857 4041 3123 4105 nominat,
3176 4038 3430 4097 ultimum

1865 4144 2196 4215 supplicium
2252 4140 2422 4195 fuisse
2467 4136 2831 4208 prepositum,
2880 4132 2968 4186 his
2998 4144 3130 4184 vero
3178 4126 3428 4184 subscri-

1869 4239 2046 4308 psisse
2082 4235 2244 4290 etiam
2298 4240 2546 4287 nostrum
2583 4223 2894 4300 [Basilium]
2949 4227 3338 4294 praeceptorem
3377 4227 3431 4271 et

1873 4337 2104 4401 patrem.
2131 4325 2347 4381 Judicio
2388 4332 2570 4377 autem
2611 4317 2945 4374 adversariis
2973 4315 3216 4385 potiores
3246 4318 3430 4380 partes

213 4419 287 4470 τὸν
331 4421 454 4481 τοὺς
492 4419 715 4481 τόπους,
741 4417 1132 4470 ,καταλιπόντα
1168 4415 1264 4486 τὴν
1302 4413 1473 4482 τάξιν,
1519 4415 1612 4467 καί
1643 4431 1753 4467 τινα

1869 4399 2168 4481 deferente,
2201 4417 2492 4484 derepente
2528 4411 2681 4465 illum
2715 4408 2941 4478 fugisse,
2973 4406 3188 4458 deserto
3214 4399 3426 4464 ordine,

213 4509 397 4562 καπνὸν
434 4511 538 4580 τῆς
584 4509 837 4578 πατρίδος
891 4506 1278 4578 μεταδιώκειν·
1317 4508 1411 4561 καὶ
1453 4509 1618 4572 πολύς
1649 4510 1763 4561 ἐστι

215 4596 459 4670 διασύρων
500 4602 560 4651 ἐν
585 4603 652 4670 τῇ
711 4600 1000 4671 ὑπογραφῇ
1035 4599 1131 4669 τῆς
1171 4598 1374 4662 δειλίας
1432 4599 1524 4653 τὸν
1551 4601 1717 4672 ἄνδρα
1746 4617 1762 4633 ο

215 4689 338 4760 ἅπερ
380 4691 588 4754 ἔξεστιν
635 4692 699 4743 ἐκ
751 4691 858 4743 τῶν
894 4690 1295 4761 γεγραμμένων
1336 4690 1416 4761 τῷ
1461 4690 1765 4762 βουλομένῳ

217 4776 407 4845 μαθεῖν.
457 4781 534 4832 Ού
586 4780 690 4849 γάρ
749 4779 869 4849 ἐμοὶ
911 4779 1072 4848 σχολή
1121 4778 1295 4831 πάντα
1333 4779 1424 4830 τὸν
1451 4778 1642 4850 ἔμετον
1668 4779 1768 4847 τῆς

217 4868 402 4920 ἐκείνου
426 4871 620 4942 σχολῆς
632 4869 717 4923 διὰ
729 4869 994 4939 τῶνέμῶν
1004 4867 1627 4937 λόγωνκατασκεδάζειν,
1655 4869 1766 4921 ἀλλ’

215 4951 264 5009 οὗ
292 4961 444 5029 χάριν
483 4960 832 5032 ἐπεμνήσθην
859 4959 967 5012 τῶν
989 4960 1309 5032 είρημένων,
1342 4961 1475 5024 πρὸς
1497 4961 1650 5014 τοῦτο
1676 4961 1770 5014 καὶ

218 5051 596 5122 μεταδήσομαι.

273 5144 360 5208 Τίς
378 5147 582 5210 ἐκεῖνος
619 5147 648 5199 ό
678 5146 956 5216 ἀνώνυμος
1004 5146 1201 5216 χῶρος,
1233 5148 1290 5200 ἐν
1318 5137 1362 5214 ᾧ
1402 5146 1526 5216 περὶ
1550 5145 1660 5198 τῶν
1683 5145 1768 5198 δο-

216 5238 419 5304 γμάτων
475 5238 786 5305 ἐξετάζεται
829 5238 1012 5301 λόγοςς
1067 5238 1161 5300 Τίς
1187 5239 1216 5290 ό
1241 5238 1428 5308 καιρὸς
1453 5240 1480 5290 ὁ
1500 5239 1622 5300 τοὺς
1649 5237 1766 5309 ἀρί-

218 5341 355 5395 στους
383 5332 475 5384 ἐπὶ
500 5333 594 5385 τὸν
643 5331 826 5400 ἀγῶνα
849 5332 1062 5397 καλῶν;
1093 5332 1248 5394 Τίνες
1289 5333 1338 5383 οἱ
1378 5331 1666 5402 ἄνθρωποι,
1717 5332 1764 5384 ot

218 5417 292 5470 διά
315 5423 412 5491 γῆς
467 5423 560 5474 καὶ
586 5421 850 5492 θαλάττης
873 5423 1008 5493 πρὸς
1029 5422 1126 5493 τήν
1156 5421 1438 5473 κοινωνίαν
1465 5421 1572 5473 τῶν
1591 5421 1766 5472 πόνων

220 5513 430 5575 ἑαυτοὺς
478 5513 933 5579 κατεπείξαντες;
965 5515 1096 5566 Τίνα
1133 5513 1278 5583 λέγει
1308 5513 1511 5582 κόσμον
1539 5512 1629 5564 ἐπὶ
1656 5513 1766 5574 τοῖς

225 5599 588 5673 ἐκδησομένοις
643 5605 934 5676 μετέωρον,
985 5605 1318 5675 ἀναμένοντα
1343 5605 1438 5674 τῆς
1466 5605 1644 5675 ψήφου
1671 5603 1766 5673 τὴν

282 5778 303 5812 ⁸
339 5778 521 5836 Matth.
561 5800 658 5845 Ill,
689 5784 778 5838 55.

1867 4510 2165 4580 patrimque
2197 4506 2404 4559 fumum
2439 4499 2729 4573 quemdam
2781 4505 2930 4552 recta
2974 4501 3224 4549 secutum
3254 4505 3380 4545 esse
3412 4506 3426 4542 :

1867 4606 2185 4672 multusque
2230 4602 2286 4654 in
2344 4595 2684 4653 traducendo
2727 4599 2779 4648 et
2812 4589 3092 4646 irridendo
3123 4587 3261 4648 viro,
3313 4597 3433 4653 pro.

1867 4703 1988 4765 pter
2028 4691 2396 4751 timiditatem,
2433 4694 2494 4741 ut
2541 4682 2721 4754 quivis
2753 4696 2817 4736 ex
2865 4678 3039 4748 ipsius
3071 4676 3213 4729 libro
3239 4684 3434 4742 cogno-

1869 4801 2021 4843 scere
2070 4783 2290 4854 poterit.
2336 4779 2454 4833 Non
2494 4779 2639 4832 enim
2690 4773 2822 4828 mihi
2863 4776 3024 4824 vacat
3065 4765 3270 4830 omnia,
3313 4776 3432 4832 qua!

1871 4852 2085 4933 evomit
2133 4873 2309 4944 Ipsius
2365 4870 2513 4932 bilis,
2564 4865 2747 4922 verbis
2788 4860 3066 4934 persequi,
3121 4856 3217 4913 sed
3267 4854 3334 4908 ad
3376 4852 3434 4915 id

1869 4968 2128 5034 transire,
2163 4964 2322 5034 cujus
2347 4961 2519 5033 gratia
2548 4959 2711 5015 etiam
2741 4954 3001 5027 praedicta
3036 4949 3224 5012 attuli._

1937 5146 2072 5214 Quis
2116 5153 2201 5200 est
2247 5144 2338 5198 ille
2387 5141 2507 5196 sine
2543 5137 2762 5194 nomine
2797 5135 2974 5195 locus,
3007 5133 3061 5186 in
3092 5145 3202 5198 quo
3244 5128 3310 5182 de
3342 5126 3434 5181 do-

1866 5249 2105 5312 gmatum
2141 5237 2369 5292 veritate
2411 5232 2592 5287 habita
2633 5239 2719 5285 est
2748 5224 3107 5296 disquisitio?
3135 5222 3253 5286 Quo
3289 5227 3430 5273 tem-

1869 5307 2023 5401 pore,
2078 5343 2251 5397 quave
2291 5325 2579 5378 occasione
2629 5314 3065 5390 praastantissimi
3116 5313 3318 5382 quique
3363 5307 3431 5362 ad

1869 5399 2153 5473 certamen
2182 5414 2389 5469 evocati
2443 5413 2609 5467 sunt?
2643 5409 2872 5475 Quinam
2921 5407 2998 5460 illi
3033 5403 3304 5464 homines,
3338 5399 3432 5469 qui

1829 5496 1835 5501 ’
1867 5521 2016 5566 terra
2059 5509 2305 5578 marique
2343 5506 2410 5559 ad
2465 5504 2906 5559 communionem
2955 5497 3205 5553 laborum
3243 5509 3435 5564 prope-

1867 5600 2100 5658 rarunt?
2129 5600 2298 5667 Quem
2335 5597 2594 5654 mundum
2639 5599 2847 5659 narrat,
2892 5600 3116 5646 eventus
3150 5595 3435 5664 exspecta,
