3920 6470
434 336 547 405 215

1676 340 1735 397 S.
1771 336 2098 398 GRECORII
2131 333 2425 400 NYSSEN!

3582 331 3692 393 975

432 461 590 520 tione
641 470 994 530 suspensum,
1043 457 1561 531 praestolantemque
1590 460 1840 532 iudicum
1877 480 2009 519 sen-

2119 465 2329 536 κρίσινς
2359 465 2429 519 Ἦ
2475 461 2558 526 τίς
2583 462 2629 536 ιό
2652 458 2911 524 διατιθεὶς
2959 456 3089 523 τοὺς
3133 459 3386 528 ἀγῶνας;
3416 457 3485 510 Ἦ
3518 458 3694 514 ταῦτα

436 549 708 609 tentiam?
740 548 849 602 Aut
889 548 1014 618 quis
1055 563 1294 621 pugnam
1335 550 1473 606 hanc
1498 551 1700 609 indixit
1721 554 1745 609 ‘3
1766 564 1820 611 et
1853 555 2008 611 simi-

436 642 547 701 lia.
595 640 701 696 Sed
750 639 891 696 forte
945 640 1060 696 haec
1093 649 1147 697 et
1182 642 1234 697 id
1276 658 1451 714 genus
1498 645 1601 699 alia
1646 647 2007 716 permittenda

436 741 568 793 sunt
596 732 886 798 Eunomia,
916 741 975 787 ut
1006 733 1447 791 adolescentibus
1469 735 1530 791 in
1559 736 1689 799 ludo
1717 738 2006 801 litterario,

434 827 531 898 qui
580 822 900 894 liujusmodi
943 823 1355 881 inventionibus
1405 836 1459 882 et
1508 830 1836 885 commentis
1883 845 2011 884 ora-

440 915 581 971 tioni
621 913 840 985 pondus
880 922 937 969 et
980 916 1457 986 ampliﬁcationem
1490 918 1784 989 quamdam
1819 923 2009 977 conci-

442 1006 579 1062 liare
614 1007 864 1064 student.
905 1006 1043 1063 Illud
1079 1008 1255 1067 solum
1288 1008 1457 1076 dicat,
1497 1011 1621 1080 quis
1662 1010 1735 1069 sit
1766 1011 2007 1068 invictus

440 1094 531 1151 ille
561 1094 733 1166 pugil,
768 1108 894 1149 cum
938 1109 1051 1167 quo
1090 1094 1346 1168 congredi
1378 1095 1666 1170 [Basilius]
1708 1109 2012 1172 praeceptor

442 1193 634 1240 noster
658 1184 1054 1242 formidaverit.
1090 1184 1151 1241 Si
1180 1186 1327 1244 enim
1356 1197 1409 1249 et
1436 1187 1543 1247 hoc
1576 1189 1874 1245 conﬁctam
1903 1200 2007 1257 est,

360 1304 369 1321 ι
439 1288 495 1331 et
551 1275 894 1335 mendaciter
941 1277 1329 1349 excogitatum,
1385 1280 1570 1337 vincat
1613 1281 1835 1349 iterum,
1894 1285 2013 1353 pal-

444 1380 699 1438 mamque
723 1368 985 1427 vanitatis
1010 1368 1233 1435 referat,
1264 1385 1478 1443 nosque
1508 1374 1835 1431 tacebimus.
1870 1374 2010 1430 Dum

441 1459 589 1523 enim
612 1474 745 1517 cum
771 1458 983 1517 umbris
1014 1462 1173 1530 quasi
1226 1469 1281 1519 et
1321 1462 1489 1523 larvis
1533 1466 1803 1521 inutiliter
1833 1474 2013 1522 certa-

441 1558 553 1615 tur,
583 1565 710 1606 vera
746 1558 801 1606 et
845 1552 1081 1623 genuina
1122 1554 1356 1609 victoria
1385 1563 1493 1621 est,
1526 1565 1724 1627 sponte
1749 1572 1874 1614 sese
1908 1559 2011 1617 bu-

438 1638 685 1711 jusmodi
721 1641 955 1699 victoria
989 1642 1266 1701 abdicare.
1298 1644 1456 1716 Quod
1495 1647 1543 1704 si
1573 1647 1641 1704 de
1668 1648 1835 1704 rebus
1867 1648 2013 1703 Con-

442 1732 801 1804 stantinopoli
826 1734 995 1807 gestis
1026 1734 1294 1806 loquitur,
1317 1736 1560 1811 illudque
1589 1739 2009 1795 conciliabulum

2111 558 2210 627 μὲν
2246 556 2425 610 ἰάσθω
2460 554 2602 609 κατά
2656 554 2756 627 τὴν
2804 553 2913 607 τῶν
2968 552 3174 605 παίδων
3205 553 3263 605 ὲν
3287 552 3400 613 τοῖς
3437 549 3691 602 διδασκα-

2107 648 2270 708 λείοις
2324 645 2632 718 συνήθειαν,
2679 646 2739 699 ἐν
2781 646 2895 707 τοῖς
2942 641 3203 704 τοιούτοις
3239 640 3692 711 παρευρέμασιν,

2108 739 2272 807 δγκον
2295 737 2418 791 τινὰ
2493 738 2592 790 καὶ
2638 734 2867 806 μέγεθος
2916 732 3362 805 ἐπιμηχανᾶσθαι
3399 731 3478 802 τῷ
3504 730 3651 800 λόγῳ
3673 745 3689 760 ·

2110 826 2286 881 ὲκείνο
2316 826 2372 878 δὲ
2399 824 2559 895 μόνον
2612 825 2838 889 ειπάτω,
2871 824 2955 886 τίς
3004 825 3033 877 ὁ
3070 823 3282 893 ἄμαχος
3314 823 3521 884 ἐκεῖνος
3544 822 3692 889 ἀγω-

2110 916 2315 988 νιστὴς,
2342 910 2389 984 ᾧ
2408 911 2790 987 συμπλακῆναί
2811 933 2943 985 φησι
2967 916 3234 969 δειλιάσαι
3263 911 3352 967 τὸν
3369 912 3695 969 διδάσκαλον

2111 1008 2286 1081 ἡμῶν.
2317 1010 2380 1063 Ei
2406 1010 2506 1079 μὲν
2536 1008 2643 1079 γὰρ
2687 1010 2781 1061 καὶ
2811 1007 2968 1062 τοῦτο
3011 1004 3450 1077 συμπέπλασται,
3483 1004 3693 1058 νικάτω

2113 1103 2298 1165 πάλιν.
2328 1101 2498 1157 καὶτὸ
2533 1102 2715 1156 πλεῖον
2742 1102 2915 1173 ἐχέτω
2955 1103 3056 1171 τῆς
3092 1099 3452 1170 ματαιότητος
3475 1116 3490 1130 ο
3525 1101 3695 1169 ἡμεῖς

2112 1192 2168 1247 δὲ
2231 1194 2546 1264 σιγήσομεν.
2612 1191 2701 1245 Ἐν
2756 1192 2865 1263 γὰρ
2907 1191 2987 1263 τῷ
3032 1192 3358 1261 σκιαμαχεῖν
3397 1191 3484 1243 ἐπ’
3513 1189 3693 1243 οὐδενὶ

2114 1283 2368 1356 χρησίμῳ
2394 1285 2428 1354 ἡ
2469 1282 2675 1355 ἀληθής
2712 1284 2828 1337 ἐστι
2856 1283 3001 1354 νίκη,
3032 1282 3092 1335 τὸ
3113 1283 3212 1353 τῆς
3242 1280 3495 1351 τοιαύτης
3531 1280 3693 1351 νίκης

2116 1373 2373 1438 ἑκουσίως
2411 1374 2690 1444 ὑφίεσθαι·
2725 1374 2776 1427 εί
2811 1373 2869 1427 at
2905 1375 3030 1447 περὶ
3055 1372 3165 1427 τῶν
3198 1372 3260 1425 ὲν
3281 1372 3692 1425 Κωνσταντίνου

2118 1467 2269 1521 πόλει
2300 1466 2599 1536 γεγονότων
2628 1467 2783 1535 φησὶ,
2821 1467 3045 1521 κάκεῖνο
3090 1465 3150 1519 τὺ
3189 1465 3463 1530 συνέδριον
3500 1464 3650 1531 λέγει
3671 1480 3687 1494 ·

2117 1559 2212 1613 καὶ
2246 1561 2365 1621 ταῖς
2396 1559 2511 1615 ἐκεῖ
2549 1557 2876 1629 τραγῳδίαις
2908 1555 3301 1627 ὲμφλεγμαίνει
3314 1553 3569 1624 τῷλόγῳ,
3593 1552 3692 1607 καὶ

2118 1650 2209 1704 τὸν
2236 1651 2429 1720 μέγαν,
2463 1650 2557 1704 xa‘t
2586 1646 3078 1717 δυσανταγώνιστον
3101 1642 3337 1716 ἀθλητὴν
3349 1643 3540 1698 ἑαυτὸν
3573 1644 3685 1696 ὀνο-

2123 1740 2281 1812 μάζει
2303 1758 2318 1772 '
2348 1740 2638 1812 δεξαίμεθα
2660 1739 2759 1803 τὰς
2788 1741 2983 1803 αἰτίας,
3012 1741 3095 1794 ὅτι
3124 1740 3390 1810 παρόντες
3415 1735 3494 1806 τῷ
3511 1736 3694 1807 καιρῷ

443 1822 741 1895 signiﬁcat,
787 1832 842 1880 et
880 1823 1166 1897 tragtediis
1205 1825 1406 1883 ibidem
1457 1828 1597 1883 actis
1639 1828 2016 1886 describendis

2119 1832 2223 1886 τῶν
2247 1831 2494 1901 ἀγώνων,
2523 1833 2637 1895 τοῖς
2683 1830 3099 1901 ἀγωνιζομένοις
3130 1828 3193 1883 οὗ
3247 1827 3687 1896 συνεπλάκημεν.

443 1916 787 1981 immoratur,
820 1930 990 1985 seque
1020 1930 1276 1987 magnum
1303 1916 1359 1974 et
1385 1917 1809 1988 insuperabilem
1867 1921 2126 1976 athletam
2164 1924 2411 1979 nominat
2455 1942 2470 1979 :
2522 1921 2716 1988 fateor,
2793 1921 2943 1992 quod
2986 1927 3232 1991 tempore
3280 1918 3429 1976 illius
3496 1933 3695 1988 pugnae

445 2022 801 2078 congressum
844 2006 1289 2065 adversariorum
1339 2010 1655 2074 vitavimus,
1715 2011 1845 2067 licet
1884 2022 2210 2084 praesentes.

514 2097 757 2164 Doceat,
834 2100 928 2173 qui
1000 2099 1209 2156 Basilio
1257 2100 1605 2160 timiditatem
1680 2106 2015 2174 exprobrat,

448 2197 632 2245 utrum
674 2192 791 2262 ipse
837 2192 894 2246 in
929 2192 1168 2247 medium
1218 2195 1585 2265 processerit;
1620 2203 1800 2251 utrum
1827 2212 2013 2265 vocem

447 2294 547 2352 pro
584 2282 667 2338 sui
695 2281 1015 2338 defensione
1037 2284 1397 2354 doctrinaque
1428 2299 1527 2340 sua
1558 2286 1808 2355 ediderit,
1832 2297 2015 2343 utrum

442 2368 762 2441 iuveniliter
797 2374 1104 2430 orationem
1147 2375 1584 2446 ampliﬁcaverit,
1634 2388 1816 2437 utrum
1853 2395 2017 2451 gene-

449 2474 577 2520 rose
605 2479 729 2519 cum
776 2466 1005 2539 adversa
1043 2474 1198 2539 parte
1240 2482 1438 2524 manus
1467 2471 1787 2527 contulerit.
1822 2472 1893 2526 At
1934 2473 2017 2526 ni-

446 2553 545 2621 hil,
570 2554 715 2627 quod
748 2555 916 2623 dicat,
946 2558 1205 2623 inveniet.
1242 2559 1351 2615 nisi
1377 2564 1660 2617 maniteste
1682 2578 1868 2619 secum
1901 2563 2018 2633 ipse

445 2654 693 2719 pugnare
725 2646 876 2705 velit.
905 2646 1109 2705 Fassus
1139 2650 1284 2704 enim
1324 2658 1428 2715 est,
1475 2667 1534 2707 se
1569 2653 1792 2707 silentio
1822 2668 2017 2722 appro-

446 2736 613 2797 basse
650 2738 813 2792 latam
842 2752 872 2791 a
896 2738 1180 2811 judicibus
1208 2744 1560 2798 sententiam.
1592 2743 1651 2799 Si
1684 2754 1925 2815 tempore
1951 2745 2016 2809 il-

446 2827 555 2883 lius
589 2843 785 2899 pugnae
826 2828 977 2902 loqui
1011 2832 1319 2901 Oportebat,
1369 2841 1431 2887 ut
1472 2849 1619 2889 nunc
1657 2835 1761 2893 iste
1789 2850 1891 2903 pro
1916 2851 2013 2892 sua

447 2921 777 2979 auctoritate
817 2920 1084 2993 decernit,
1114 2940 1214 2979 cur
1252 2932 1444 2981 tacens
1476 2925 1908 2983 condemnatur?
1958 2927 2012 2981 Si

445 3023 581 3069 vero
619 3023 767 3070 recte
807 3020 863 3069 et
913 3017 1304 3077 convenienter
1336 3015 1484 3081 fecit,
1528 3016 1674 3087 quod
1704 3018 1849 3087 apud
1890 3018 2014 3076 illos

442 3101 659 3174 iudices
705 3105 880 3177 magis
927 3108 1199 3178 optaverit
1248 3107 1431 3172 silere,
1475 3123 1640 3174 quam
1693 3109 1861 3179 loqui,
1895 3124 2017 3178 quae

445 3197 666 3253 tandem
724 3198 984 3268 iniquitas
1034 3208 1140 3262 est,
1180 3199 1257 3254 illi
1313 3200 1595 3255 silentium
1642 3200 1810 3266 laudi,
1856 3202 2015 3258 nobis

448 3292 632 3351 autem
666 3286 956 3343 calumnias
984 3295 1039 3345 et
1067 3286 1286 3341 crimini
1326 3288 1484 3344 esse?
1508 3287 1648 3354 Quid
1685 3291 1787 3345 hac
1815 3290 2014 3345 absur-

2189 2106 2429 2169 Δειξάτω
2456 2104 2636 2160 τοίνυν
2664 2106 2693 2159 δ
2736 2105 2937 2175 ἑκείνῳη
2963 2102 3062 2174 τὴν
3092 2102 3296 2157 δειλίαν
3335 2099 3690 2164 ὲπονειδίζων

2118 2202 2166 2253 εί
2194 2197 2458 2269 κατῆλθεν
2476 2197 2556 2262 είς
2592 2196 2789 2268 μέσους
2833 2195 2993 2259 αὑτός
3018 2208 3034 2260 ;
3062 2195 3131 2248 Et
3148 2210 3266 2247 τινα
3298 2191 3526 2263 ἐρῥηξεν
3552 2191 3697 2260 ὑπὲρ

2116 2292 2216 2361 τῆς
2242 2291 2363 2345 καθ’
2391 2289 2581 2349 ἑαυτὸν
2604 2286 2881 2352 εὐσεὸείας
2913 2288 3130 2357 φωνήνς
3158 2287 3222 2340 Et
3243 2284 3518 2340 κατέτεινε
3534 2283 3695 2350 λόγον

2118 2380 2407 2450 νεανικῶς;
2466 2382 2515 2434 εἰ
2563 2380 2829 2451 λαμπρῶς
2862 2378 2996 2450 πρὸς
3040 2379 3166 2441 τοὺς
3206 2375 3696 2446 ἀντιτεταγμένους

2116 2470 2501 2543 διηγωνισατος
2529 2470 2644 2526 ἀλλ’
2663 2470 2763 2523 οὐκ
2790 2469 2856 2524 ἂν
2889 2470 3062 2523 εἰπεῖν
3088 2467 3229 2538 ἔχοιο
3254 2468 3287 2538 ἦ
3319 2465 3496 2535 ἐαυτῷ
3533 2464 3696 2535 μάχερ

2115 2580 2203 2617 ται
2236 2562 2564 2634 περιφανῶς.
2607 2560 2936 2631 ἀμολόγησε
2980 2559 3089 2629 γὰρ
3121 2561 3297 2629 σιωπῇ
3328 2556 3573 2626 δεδέχθαι
3595 2556 3700 2626 τὴν

2118 2654 2267 2726 παρά
2309 2654 2418 2708 τῶν
2470 2650 2736 2708 δικαστῶν
2782 2649 3158 2720 ἐπενεχθεῖσαν
3181 2649 3383 2718 ψῆφον.
3424 2647 3486 2703 Ei
3516 2646 3700 2699 τοίνυν

2116 2745 2221 2799 ἔδει
2248 2746 2397 2817 παρὰ
2421 2746 2545 2807 τοὺς
2592 2742 2810 2811 ἀγῶνας
2855 2740 3033 2808 λέγειν
3068 2738 3245 2809 (τοῦτο
3276 2737 3385 2807 γὰρ
3412 2734 3702 2805 νομοθετεῖ

2115 2839 2209 2893 νῦν
2238 2839 2315 2910 τῷ
2350 2835 2782 2909 συγγράμματι),
2816 2833 2903 2889 διὰ
2951 2833 3002 2886 τί
3028 2832 3148 2886 τότε
3182 2829 3401 2887 σιωπῶν
3426 2826 3702 2899 κατακρί-

2116 2947 2293 2997 νεται;
2322 2932 2387 2985 ΕΙ.
2407 2929 2465 2986 δὲ
2491 2928 2667 2991 καλῶς
2694 2927 2971 2997 ἐποίησεν,
2998 2925 3090 2979 ἐπὶ
3112 2924 3220 2978 τῶν
3238 2921 3567 2986 δικαζόντων
3594 2921 3703 2991 τὴν

2117 3022 2342 3093 ἡσυχίαν
2387 3022 2644 3092 τιμήσας,
2699 3019 2784 3082 τίς
2819 3019 2852 3089 ἡ
2880 3014 3259 3087 ἀποκλήρωσις
3282 3014 3373 3069 τὸν
3410 3012 3508 3083 μὲν
3537 3014 3702 3066 ἔπαισ-

2116 3111 2319 3164 νεῖσθαι
2357 3107 2611 3179 σιγῶντα,
2654 3111 2786 3180 ἡμῖν
2832 3108 2889 3163 δὲ
2946 3107 3083 3179 πρὸς
3131 3102 3379 3175 διαϐολῆς
3415 3100 3553 3161 εἶναι
3594 3102 3703 3173 τὴν

2116 3202 2382 3273 ήσυχίανς
2413 3203 2477 3255 Τί
2505 3203 2570 3257 ἀν
2616 3218 2702 3265 τις
2746 3199 3067 3270 ἀδικώτερον
3092 3199 3193 3268 τῆς
3228 3197 3457 3258 ἀτοπίας
3486 3194 3704 3265 ταύτης

2116 3298 2471 3368 ἐπινοήσειεν,
2518 3296 2567 3348 si
2611 3294 2721 3348 τῶν
2768 3293 2861 3347 δύο
2888 3292 3026 3362 μετά
3052 3292 3177 3354 τοὺς
3210 3291 3428 3359 ἀγῶνας
3461 3304 3703 3359 πεποιη-

448 3378 622 3437 ditate
655 3378 917 3447 iniustius
962 3379 1148 3445 fuerit,
1183 3379 1231 3436 si
1268 3394 1395 3437 cum
1425 3379 1534 3436 duo
1577 3391 1700 3450 post
1740 3396 2012 3437 convoca-

2119 3387 2303 3463 μένων
2324 3388 2415 3442 τὸν
2444 3387 2618 3457 λόγον,
2650 3385 2841 3439 ἑαυτὸν
2872 3385 2971 3455 μὲν
2990 3384 3130 3439 κατά
3150 3382 3338 3454 καιρὸν
3361 3382 3705 3452 ἀπολελογῆο

448 3476 564 3527 tum
615 3469 767 3525 illum
811 3477 1164 3534 conventum,
1212 3471 1377 3528 verba
1412 3471 1661 3536 iecerint,
1703 3488 1765 3528 se
1795 3473 2015 3543 quidem

449 3568 758 3632 opporttme
804 3559 1111 3631 apologiam
1140 3560 1449 3617 instituisse
1480 3561 1654 3627 dicat,
1690 3570 1844 3616 tanto
1868 3562 2021 3620 vide-

451 3651 581 3706 licet
616 3660 742 3720 post
782 3658 1064 3721 tempore;
1100 3650 1476 3706 adversarium
1517 3665 1655 3707 vero
1677 3653 2020 3709 contumeliis

452 3742 749 3808 insectari.
810 3743 970 3814 quasi
1018 3743 1323 3812 neglexerit
1387 3753 1752 3813 opportunum
1803 3745 2020 3801 dicendi

452 3834 705 3904 tempus?
746 3832 911 3890 Forte
958 3834 1198 3890 refutare
1226 3834 1457 3891 debebat
1504 3835 1652 3890 illam
1695 3838 2019 3907 orationem,

450 3942 573 3996 quae
603 3935 796 3997 postea
822 3926 1061 3998 primum
1115 3926 1406 3984 scribenda
1435 3928 1591 3984 erat?
1622 3926 1737 3985 Hoc
1761 3930 1928 3996 enim,
1962 3938 2022 3984 ut

449 4019 695 4086 videtur,
724 4019 948 4091 querela
984 4019 1077 4074 illa
1125 4020 1388 4088 postulat.
1435 4018 1614 4085 Quare
1639 4035 1879 4091 praesens
1912 4038 2019 4079 non

455 4111 734 4177 reiutavit,
784 4123 1031 4182 tempore
1066 4110 1284 4181 iudicii,
1342 4111 1458 4175 illa,
1501 4123 1624 4181 quae
1672 4112 2019 4182 postmodum

451 4206 762 4275 scripturus
803 4205 962 4260 erat?
1001 4202 1138 4258 Nam
1192 4201 1341 4273 quod
1373 4203 1426 4261 in
1475 4202 1595 4272 ipso
1625 4203 1832 4272 judicio
1876 4204 2023 4260 nulla

452 4296 701 4371 analogia
755 4296 827 4351 sit
871 4312 1025 4359 usus,
1078 4311 1142 4359 ex
1193 4295 1414 4365 propria
1460 4294 1635 4364 ipsius
1680 4294 2027 4350 confessione

451 4387 673 4458 planum
716 4387 1065 4458 relinquitur.
1114 4385 1310 4447 iterum
1349 4401 1585 4456 namque
1621 4386 1807 4443 eadem
1860 4387 2023 4442 verba

452 4485 714 4546 repetam.
756 4475 901 4532 Dicit
946 4476 1094 4532 enim
1130 4474 1427 4531 :Fatemur
1476 4477 1615 4545 quod
1660 4477 1798 4545 capti
1847 4493 2027 4531 sumus

2119 3483 2243 3543 σθαι
2277 3480 2445 3549 λέγει..
2497 3477 2748 3532 τοσοῦτον
2773 3476 2866 3530 τοῦ
2907 3474 3100 3547 καιροῦ
3133 3472 3361 3528 κατόπιν
3384 3472 3702 3542 γενόμενον,

2115 3573 2209 3627 τὸν
2241 3573 2296 3626 δὲ
2320 3568 2643 3625 ἀντειπόντα
2680 3568 2758 3639 τῷ
2803 3567 2947 3638 λόγῳ
2984 3566 3229 3629 κακίζειν
3264 3562 3339 3628 ὡς
3378 3562 3470 3617 τοῦ
3502 3562 3706 3631 καιροῦ

2116 3661 2227 3717 τῶν
2248 3662 2471 3732 ἀγώνων
2502 3659 3012 3731 καθυστερήσαντας
3048 3659 3119 3713 Ἦ
3152 3656 3290 3726 τάχα
3320 3654 3705 3725 προδιαϐαλεῐν

2117 3752 2228 3807 ἔδει
2267 3755 2333 3823 τῇ
2377 3752 2693 3823 ἀντιῤῥήσει
2718 3747 2809 3803 τὸν
2845 3748 3101 3819 μέλλοντα
3146 3744 3476 3817 ῥηθήσεσθαι
3515 3742 3706 3810 λόγον;

2120 3843 2292 3898 Τοῦτο
2310 3843 2438 3912 γὰρ,
2458 3842 2532 3904 ὡς
2548 3839 2690 3895 ἔοικε
2709 3838 2787 3909 τῷ
2807 3838 3110 3908 ἐγκλήματι
3127 3836 3396 3891 λείπεται·
3422 3835 3474 3887 τί
3495 3832 3703 3905 δήποτε

2121 3936 2410 4009 προγνοὺς,
2446 3932 2482 3988 ἀ
2510 3930 2741 4001 γράφειν
2770 3930 2990 4001 ἔμελλες
3019 3928 3170 4001 παρὰ
3213 3929 3304 3982 τὸν
3330 3928 3431 3999 τῆς
3461 3926 3703 3997 κρίσεως

2120 4027 2336 4097 ἐκείνης
2393 4022 2584 4096 καιρὸν
2647 4024 2708 4076 οὐ
2753 4021 3027 4093 διήλεγξεν
3054 4038 3069 4086 ;
3098 4022 3217 4073 Ὅτι
3256 4018 3364 4088 γὰρ
3409 4018 3509 4073 οὐκ
3538 4018 3596 4069 ὲν
3627 4019 3702 4087 τῇ

2122 4118 2300 4188 κρίσει
2331 4116 2428 4187 τὴν
2455 4112 2749 4183 ἀπολογίαν
2768 4113 2970 4184 ταύτην
2992 4108 3301 4183 πεποίηται,
3321 4109 3550 4180 φανερόν
3579 4110 3705 4163 ἔστι

2121 4206 2188 4260 δι’
2232 4197 2308 4259 ὧν
2345 4204 2680 4275 ὡμολόγησε.
2731 4203 2898 4259 Πάλιν
2937 4202 3047 4274 γὰρ
3074 4201 3181 4255 τῶν
3229 4201 3405 4255 αὐτῶν
3439 4199 3706 4270 ῥημάτων

2123 4294 2617 4367 ἐπιμνησθήσομαι.
2659 4291 2855 4360 Ἡμεῖς
2886 4292 3013 4361 γὰρ,
3033 4290 3218 4360 φησιν,
3251 4288 3339 4342 ὅτι
3358 4284 3708 4351 σιωπῶντες

2125 4385 2412 4454 ἑάλωμεν,
2437 4381 2866 4452 ὁμολογοῦμεν,
2899 4380 2994 4433 καὶ
3018 4378 3116 4449 τὴν
3153 4377 3333 4430 αἰτίαν
3355 4373 3703 4445 προστίθησι,

2126 4470 2425 4544 πονηρῶν,
2458 4474 2643 4545 φησιν,
2657 4470 2978 4540 ἀνθρώπων
2992 4470 3105 4538 τὴν
3119 4469 3225 4523 τοῦ
3244 4464 3500 4526 δικάζειν
3518 4464 3708 4529 ἀξίαν

451 4575 703 4643 tacentes,
731 4576 785 4625 et
810 4580 1032 4622 causam
1059 4566 1308 4636 adiungit
1346 4582 1362 4620 :
1392 4581 1511 4619 cum
1544 4566 1763 4636 maligni
1794 4566 2016 4620 homine:

2126 4566 2439 4634 λαχόντων
2459 4582 2472 4597 ο
2507 4565 2704 4638 μᾶλλον
2735 4563 2791 4616 δὲ
2819 4563 2896 4626 ὡς
2925 4562 3086 4626 αὐτὸς
3125 4562 3294 4629 λέγει,
3318 4562 3420 4624 Εἰς
3447 4556 3560 4623 τὴν
3581 4554 3709 4611 τῶν

452 4657 727 4722 indicandi
774 4665 1090 4725 potestatem
1118 4655 1262 4719 nacti
1316 4664 1517 4720 essent,
1548 4655 1631 4708 vel
1679 4663 1738 4709 ut
1785 4655 1900 4725 ipse
1945 4655 2016 4710 ιο·

2129 4654 2480 4718 δικαζόντων
2497 4652 3189 4725 χὼρανεισφρησάντων.
3206 4650 3332 4705 ’Ότι
3345 4650 3401 4702 δὲ
3418 4649 3579 4703 πάλιν
3608 4646 3708 4701 τὸν

452 4750 682 4822 quitur:
725 4752 777 4808 in
836 4752 1013 4811 locum
1044 4749 1283 4819 iudicum
1314 4747 1665 4801 iusiluissent.
1726 4721 2014 4812 Cie—terum,

2125 4749 2470 4821 προσήκοντα
2497 4721 2704 4816 ’καιρὸν
2741 4747 2808 4816 τῇ
2858 4742 3120 4813 ἀπολογίᾳ
3169 4740 3600 4814 προσμαρτυρεῖ,
3643 4739 3708 4805 ἐξ

452 4841 599 4923 quod
638 4842 760 4899 loco
804 4848 860 4904 et
910 4850 1155 4910 tempore
1202 4851 1510 4910 opportuno
1541 4854 1662 4895 sese
1714 4837 2016 4908 apologiain

2123 4836 2346 4911 ἑτέρων,
2374 4828 2450 4892 ὧν
2466 4833 2606 4900 εἷπε,
2637 4834 2797 4905 δῆλον
2815 4836 2982 4889 ἐστιν.
3010 4834 3164 4890 οῦτω
3186 4834 3297 4905 γὰρ
3324 4834 3359 4902 ὴ
3382 4832 3525 4897 λέξις
3552 4831 3669 4900 ἔχει
3687 4848 3705 4863 ο

452 4920 763 4991 instituisse
804 4930 1146 5002 proﬁteatur,
1196 4946 1264 4985 cx
1319 4929 1465 4991 aliis,
1506 4936 1567 4983 ut
1609 4927 1744 4991 dixi,
1789 4925 2016 4984 manife—

2136 4931 2290 4987 Ἀλλ’
2312 4926 2401 4984 ὅτι
2425 4927 2558 5000 μὲν,
2581 4926 2767 4997 φησὶν,
2803 4927 2875 4981 οὐ
2901 4924 3304 4995 πλασάμενος,
3333 4924 3483 4990 ὑπὲρ
3498 4921 3567 4975 δὲ
3587 4920 3709 4973 τῶν

454 5033 599 5081 stum
627 5023 831 5082 evadit.
867 5024 957 5079 Sic
986 5024 1131 5081 enim
1164 5023 1329 5078 habet
1354 5023 1422 5077 ad
1456 5021 1884 5088 verbum:Quod
1920 5037 2016 5074 au-

2122 5021 2383 5093 μεσιτῶν
2417 5017 2923 5087 ἀναγκαζόμενος,
2966 5016 3115 5069 κατὰ
3168 5015 3276 5068 τὸν
3317 5011 3711 5081 προσήκοντα

455 5120 556 5171 tem
592 5114 724 5170 nihil
751 5113 896 5171 ultro
926 5126 1269 5180 commentus,
1313 5114 1403 5170 sed
1434 5131 1467 5170 a
1490 5113 1762 5184 judicibus
1807 5123 2016 5167 coactus

2130 5112 2337 5181 καιρὸν
2379 5111 2476 5165 καί
2504 5111 2726 5179 τρόπον
2749 5108 2845 5162 ἐπὶ
2868 5106 2981 5175 τὴν
3008 5106 3339 5175 ἀπολογίαν
3366 5103 3708 5173 προήχθην,

455 5209 628 5263 debita
677 5218 903 5277 tempore
931 5217 981 5263 et
1029 5206 1184 5263 modo
1232 5206 1302 5261 ad
1334 5208 1630 5277 apologiam
1673 5204 2016 5276 confugerint,

2119 5203 2187 5259 ἐκ
2212 5219 2275 5256 τε
2312 5200 2431 5256 τῶν
2460 5198 2819 5272 πραγμάτων
2838 5197 3056 5262 αὐτῶν,
3086 5196 3185 5252 καί
3204 5194 3323 5250 τῶν
3352 5196 3571 5250 τούτου
3603 5192 3712 5247 ,πό-

456 5316 519 5357 ca:
548 5302 700 5355 rebus
750 5298 905 5371 ipsis,
937 5307 987 5355 et
1020 5313 1086 5355 επ
1135 5295 1295 5371 hujus
1341 5297 1507 5354 verbis
1547 5297 1896 5367 perspicuum
1938 5294 2022 5349 ιιι.

456 5394 595 5460 Quid
644 5392 810 5465 igitur
844 5393 987 5450 dicet
1034 5391 1103 5458 is,
1136 5392 1231 5462 qui
1272 5392 1327 5447 in
1355 5406 1547 5447 omnes
1584 5391 1785 5461 tiguras
1817 5388 2024 5444 oratio-

458 5499 582 5542 nem
616 5489 982 5558 contorquet?
1006 5484 1125 5542 Non
1149 5483 1435 5554 oportebat
1459 5492 1643 5538 tacere
1667 5480 1724 5534 in
1759 5479 1854 5533 illo
1878 5477 2028 5547 judi-

458 5576 550 5631 cio
587 5584 641 5629 et
667 5574 1005 5633 certamine?
1032 5574 1214 5641 Quare
1251 5587 1382 5644 ergo
1414 5573 1471 5631 in
1514 5571 1609 5627 illo
1638 5567 1892 5625 conﬂictu
1926 5568 2027 5625 ob-

460 5664 662 5721 mutuit
694 5662 1037 5721 Eunomlus?
1064 5663 1167 5721 Sed
1211 5665 1339 5720 huic
1377 5665 1699 5734 tempestiva
1733 5670 1788 5717 et
1828 5676 2028 5733 oppor-

460 5762 593 5812 tuna
637 5764 757 5813 erat
804 5757 1051 5829 apologia
1090 5760 1253 5813 etiam
1304 5764 1426 5829 post
1462 5757 1608 5812 illam
1658 5754 2025 5811 concertatio-

2121 5312 2239 5365 των
2262 5293 2450 5364 γέγονε
2501 5295 2676 5364 δῆλον.
2735 5293 2800 5348 Τί
2841 5290 2935 5348 οὖν
2978 5292 3096 5363 ὲρεῖ
3122 5292 3152 5345 ὁ
3184 5283 3461 5358 πανταχοῦ
3499 5284 3708 5355 ῥᾳδίως

2122 5386 2461 5457 ἐπιστρέφων
2482 5385 2572 5439 τὸν
2599 5385 2786 5454 λόγον;
2809 5386 2923 5440 Οὐκ
2944 5385 3050 5438 ἔδει
3072 5384 3280 5454 σιωπᾷν
3304 5381 3398 5435 ἐπὶ
3426 5379 3538 5433 τῶν
3561 5376 3709 5446 ἀγώ-

2122 5494 2229 5530 νων
2252 5492 2268 5542 ;
2307 5476 2403 5531 Διά
2420 5476 2473 5528 τί
2506 5470 2600 5529 οὖν
2627 5476 2837 5543 ἄφωνος
2879 5475 2973 5528 ἐπὶ
3004 5473 3113 5527 τῶν
3138 5471 3318 5527 αὐτῶν
3346 5465 3570 5538 ἀγώνων
3598 5464 3709 5520 Εὐ·

2129 5567 2348 5639 νόμιος;
2388 5566 2527 5621 Ἀλλ’
2544 5565 2797 5639 εὔκαιρος
2822 5568 2856 5638 ὴ
2881 5567 3023 5638 μετὰ
3050 5566 3178 5629 τοὺς
3201 5563 3418 5635 ἀγῶνας
3439 5556 3706 5627 ἀπολογία

2131 5660 2335 5732 τούτῳ.
2378 5660 2503 5723 Πῶς
2551 5654 2643 5714 οῦν
2667 5661 2890 5731 ἄκαιρος
2913 5662 2947 5730 ή
2987 5658 3123 5728 πρὸς
3152 5656 3222 5712 τά
3261 5654 3524 5728 εἰρημένα
3554 5651 3709 5724 μάχη

2138 5752 2327 5822 ἐκείνῳ
2353 5768 2369 5818 ;

467 5856 614 5905 Item.
649 5841 932 5915 Quomodo
968 5847 1134 5918 igitur
1166 5845 1547 5918 intempestiva
1597 5853 1682 5903 cst
1718 5842 1919 5901 Basilio
1944 5852 2156 5911 eorum,
2189 5840 2575 5917 quaeadducta
2614 5850 2763 5913 sunt,
2801 5842 3155 5902 coniutatio?
