3920 6468
194 306 278 362 277
1273 289 1554 364 CONTRA
1591 305 1983 376 EUNOMIUM,
2019 306 2150 363 LIB.
2189 307 2230 361 ι.
3286 297 3393 354 ετε

259 416 397 470 Ἀλλά
447 416 660 471 πάντων
713 417 933 487 μᾶλλον,
993 419 1067 482 ὡς
1121 419 1311 483 ἔοικεν.
1377 419 1584 490 ἀληθὴς
1625 418 1718 472 τοῦ

1894 419 2001 476 Sed
2027 434 2215 474 verum
2259 424 2344 474 est
2376 432 2540 488 quam
2597 418 2831 472 maxime
2867 415 2942 482 id,
2976 413 3122 487 quod
3169 423 3394 468 sanctus

194 510 312 563 ὁσίου
343 510 370 562 ὁ
405 507 557 576 λόγος
582 524 595 536 ·
641 508 722 560 ὅτι
749 509 806 562 ἐν
839 510 1195 581 προσποιήσει
1223 510 1279 563 δὲ
1309 510 1407 582 τῆς
1435 510 1726 580 ἀπολογίας

1855 514 1916 569 lle
1958 508 2116 579 dixit,
2167 510 2312 566 hunc
2355 516 2620 581 praetextu
2672 510 2949 579 apologize,
2985 509 3250 562 arbitratu
3292 519 3394 561 suo

193 598 495 667 κατασκευὴν
532 599 637 652 τῶν
691 599 974 670 δογμάτων
1026 600 1218 653 ἑαυτοῦ
1259 601 1394 672 πρὸς
1439 601 1499 654 τὸ
1537 600 1726 656 δοκοῦν

1860 605 2077 659 tabilire
2120 603 2361 658 voluisse
2407 617 2505 658 sua
2545 601 2799 671 dogmata
2837 619 2849 652 :
2881 613 3173 670 germanus
3214 597 3395 651 imita-

192 695 464 763 ἐποιήσατο,
503 691 596 744 καὶ
623 693 651 744 δ
690 693 809 745 κατ’
839 693 1096 765 ἀλήθειαν
1123 693 1217 747 τοῦ
1246 695 1428 758 Φινεὲς
1458 693 1725 765 ζηλωτής·

1855 710 1913 749 or
1971 694 2117 749 illius
2139 692 2392 757 Phinees,
2422 692 2512 763 qui
2546 691 2857 760 rhompluca
2914 706 3009 745 sua
3039 689 3216 759 perdit
3277 701 3396 742 om-

190 782 562 854 δὲξολοθρεύων
600 784 659 835 ἐν
704 787 769 855 τῇ
819 786 1064 858 ῥομφαίᾳ
1117 787 1208 840 τοῦ
1247 787 1407 857 λόγου
1443 787 1618 841 πάντα
1637 787 1728 840 τὸν

1855 802 1974 847 lem,
2023 785 2113 856 qui
2173 800 2202 837 a
2251 784 2477 838 Domino
2510 798 2605 853 per
2664 781 3081 836 fornicationem
3119 780 3396 850 deﬂectit;

190 873 374 926 ἀπὸτοῦ
402 872 604 943 Κυρίου
638 876 1040 948 πορνεύσανταο
1075 877 1173 948 τὴν
1204 878 1450 948 ἰατρικὴν
1485 877 1582 948 μὲν
1631 877 1731 947 τῆς

189 963 354 1031 ψυχῆς,
382 962 728 1033 ἀναιρετικὴν
750 962 805 1017 δὲ
838 965 937 1035 τῆς
967 966 1220 1029 ἀσεϐείας
1249 969 1501 1038 ἀπήγαγε
1532 967 1729 1038 μάχαι-

194 1069 290 1124 ραν,
340 1052 434 1121 τὴν
475 1053 798 1124 ἀντίρρησιν
841 1055 988 1123 λέγω
1027 1057 1123 1127 τῆς
1153 1057 1518 1129 βλασφημίας.
1572 1059 1636 1111 Et
1675 1058 1732 1111 δὲ

190 1143 460 1206 Δντιτύπως
480 1137 635 1208 οὗτος
661 1144 796 1216 ἔχει,
830 1147 924 1199 καὶ
957 1147 1057 1218 τὴν
1081 1147 1374 1220 θεραπείαν
1405 1151 1465 1203 οὐ
1495 1151 1729 1220 δέχεται,

189 1238 313 1308 Gripi
333 1235 503 1307 ψυχὴν
538 1237 735 1291 ἐαυτοῦ
777 1238 867 1290 διά
910 1238 1006 1310 τῆς
1066 1239 1399 1304 ἀποστασίας
1435 1239 1730 1312 νεκρώσας,

190 1327 264 1379 τοῦ
291 1327 534 1397 ἑλομένου
555 1327 620 1379 τὺ
642 1327 810 1380 κακὸν
829 1328 863 1398 ἡ
888 1329 1056 1395 αίτία,
1088 1329 1221 1399 φησὶ
1241 1331 1397 1384 τοῦτο
1429 1332 1523 1384 καὶ
1549 1333 1578 1384 ό
1603 1330 1736 1394 ἔξω·

190 1418 262 1469 θεν
282 1416 441 1485 λόγος.
465 1417 722 1481 Τοιοῦτος
751 1419 848 1488 μέν
868 1415 960 1472 οὖν
980 1420 1122 1474 κατά
1135 1437 1194 1472 τε
1220 1420 1318 1489 τῆς
1341 1421 1618 1492 ἀληθείας,
1642 1421 1737 1474 καὶ

193 1509 290 1562 καθ’
319 1511 348 1576 ἡ
359 1507 472 1578 μῶν
515 1511 546 1562 ὁ
582 1509 867 1580 Εὐνόμιος.
905 1509 1070 1582 Ἡμῖν
1108 1510 1165 1563 δὲ
1197 1511 1322 1583 ἐξῆν
1352 1513 1448 1582 μὲν
1478 1513 1617 1566 κατὰ
1646 1513 1737 1566 τὸν

191 1600 506 1669 ἀρχαιότερον
524 1599 692 1668 νόμον
714 1601 806 1652 τὸν
837 1601 1222 1672 συγχωροῦντα
1241 1603 1354 1666 τοῖς
1377 1602 1510 1667 ίσοις
1539 1602 1738 1674 ἀμύνε-

193 1691 293 1744 σθαι
334 1692 454 1754 τοὺς
500 1691 876 1762 ὑπάρξαντας,
912 1693 1156 1762 ἀφθόνως
1202 1693 1362 1747 αὑτὸν
1403 1694 1738 1749 ἀντιϐάλλειν

1834 875 2060 928 vibravil.
2107 873 2355 944 equidem
2405 872 2674 943 gladium,
2726 871 3052 926 medicinam
3107 871 3286 926 facere
3345 878 3400 926 et

1835 968 2166 1037 impietatem
2217 966 2540 1021 exscindere
2581 963 2825 1029 solitum,
2881 963 3267 1019 refutationem
3316 964 3402 1018 in-

1836 1060 2017 1130 telligo
2063 1057 2550 1127 blasphemiarum.
2598 1053 2656 1109 Si
2709 1055 2811 1111 iste
2844 1054 3055 1110 resistit
3100 1054 3404 1110 curationis

1836 1151 2147 1220 impatiens,
2175 1149 2328 1219 quod
2371 1163 2469 1204 sua
2504 1143 2810 1204 defectione
2843 1147 3079 1202 animam
3112 1149 3405 1203 intereme-

1836 1243 1926 1306 rit,
1964 1241 2192 1312 ‘eulpam
2241 1240 2476 1295 sustinet
2516 1239 2584 1303 is,
2633 1239 2726 1308 qui
2771 1238 2970 1292 malum
3015 1237 3197 1308 elegit,
3253 1245 3313 1291 ut
3355 1247 3408 1292 et

1836 1342 2182 1388 externorum
2221 1333 2493 1404 quispiam
2540 1331 2698 1386 dixit.
2737 1328 2886 1387 Talis
2916 1331 3082 1401 igitur
3125 1338 3181 1386 et
3214 1339 3407 1385 contra

1837 1424 2142 1488 veritatem,
2175 1432 2230 1477 et
2257 1432 2444 1476 contra
2473 1438 2574 1479 nos
2610 1430 2693 1478 est
2719 1423 3045 1478 Eunomius.
3078 1421 3245 1476 Nobis
3281 1437 3408 1476 vero

1841 1516 2036 1571 licebat
2078 1530 2142 1569 ex
2173 1515 2288 1584 lege
2335 1514 2525 1579 veteri,
2559 1529 2680 1583 qua:
2715 1514 2966 1569 concedit
3005 1514 3158 1584 paria
3207 1513 3410 1567 referre

1841 1603 2180 1667 auctoribus,
2236 1603 2446 1674 egregie
2503 1603 2682 1673 ipsum
2726 1602 2991 1658 conviciis
3042 1617 3320 1658 onerare:
3356 1612 3410 1656 et

1842 1698 2012 1751 mutta
2045 1695 2227 1766 quiete
2274 1710 2336 1749 ac
2382 1694 2700 1762 securitate,
2747 1709 2908 1765 quam
2961 1694 3190 1748 moleste
3226 1693 3408 1756 ferret,

191 1787 282 1846 tot;
304 1783 543 1847 ὀνείδεσι,
578 1788 677 1839 καὶ
701 1788 759 1839 ἐν
781 1785 949 1858 πολλῇ
979 1789 1045 1858 τῇ
1077 1787 1327 1860 ῥαστώνῃ
1362 1788 1498 1862 πρὸς
1527 1789 1618 1842 τὸν
1653 1789 1739 1842 λε-

1859 1786 2147 1841 naledietis
2199 1793 2253 1840 et
2288 1784 2685 1840 seommatibus
2724 1783 3018 1854 jaciendis,
3073 1783 3317 1839 studiose
3358 1789 3412 1835 et

193 1877 438 1945 λυπηκότα
480 1876 780 1947 φιλοτίμως
813 1875 931 1936 ταῖς
952 1874 1236 1944 λοιδορίαις
1258 1875 1698 1946 ἐνδαψιλεύεσθαι
1723 1899 1736 1913 ⁸

195 1970 232 2020 ει
255 1968 349 2036 γὰρ
375 1967 650 2020 τοσούτων
692 1971 896 2027 ἐκεῖνος
923 1972 1003 2034 είς
1043 1970 1200 2042 ὓϐριν
1248 1973 1341 2026 καὶ
1367 1973 1631 2045 λοιδορίαν
1661 1974 1742 2026 εὐ-

197 2059 372 2129 πόρησε
432 2059 577 2112 κατὰ
619 2061 715 2113 τοῦ
763 2062 1028 2132 μηδεμίαν
1079 2063 1282 2118 εἴσοδον
1325 2065 1613 2129 δεδωκότος
1665 2065 1742 2135 τῷ

198 2147 361 2219 μὼμῳ,
403 2148 606 2211 πόσους
632 2150 779 2214 είκὸς
813 2151 1099 2222 εὑρεθῆναι
1119 2153 1392 2218 τοιούτους
1413 2154 1604 2234 λόγους
1630 2155 1744 2217 τοῖς

195 2239 268 2294 τὸν
291 2239 474 2310 σεμνὸν
518 2240 689 2292 αὑτοῦ
743 2240 1153 2315 διακωμιρδοῦσι
1204 2245 1337 2316 βίον.
1380 2245 1519 2299 Ἀλλ’
1556 2241 1744 2317 ἐπειδὴ

197 2330 259 2400 τῷ
287 2329 596 2402 Εὑαγγελίῳ
615 2331 942 2402 μαθητεύειν
963 2337 1068 2388 ὑπὸ
1087 2335 1331 2404 μαθητοῦ
1367 2339 1466 2408 τῆς
1488 2338 1744 2410 ἀληθείας

199 2421 244 2487 ἐξ
274 2421 430 2492 ἀρχῆς
458 2420 885 2492 ἐπαιδεύθημεν,
917 2426 1037 2476 οὐτε
1070 2426 1342 2496 οφθαλμὸν
1382 2427 1746 2481 ἀντεκκόπτο-

203 2528 298 2580 μεν,
355 2512 474 2564 οὔτε
531 2511 726 2566 ὀδόντα
762 2512 971 2578 ὀδόντος
1017 2517 1514 2588 ἀνταλλασσόμεθα,
1545 2519 1744 2582 είδότες

199 2604 264 2654 ὅτι
287 2603 344 2655 τὰ
372 2604 586 2673 πονηρά
627 2604 735 2656 τῶν
760 2605 1061 2675 γινομένων
1097 2611 1211 2672 τοῖς
1241 2610 1503 2672 ἐναντίοις
1526 2609 1747 2664 λύεσθαι

200 2693 398 2762 πέφυκε*
428 2697 524 2749 καὶ
546 2696 650 2749 οὐκ
675 2697 740 2752 ἀν
761 2715 814 2749 τι
837 2697 943 2752 τῶν
965 2700 1147 2764 κακῶς
1167 2700 1469 2773 λεγομένων
1518 2702 1550 2772 ἦ
1580 2719 1750 2772 πρατ-

198 2787 404 2854 τομένων
430 2787 510 2848 είς
563 2787 626 2839 τὸ
667 2787 964 2857 ἀνήκεστον
995 2792 1420 2862 προχωρήσειεν,
1463 2793 1514 2845 εί
1552 2809 1602 2845 τι
1643 2791 1750 2846 τῶν

199 2879 554 2949 χρηστοτέρων
583 2878 673 2932 διὰ
710 2879 872 2950 μέσου
901 2885 1273 2954 παρεμπεσὸν,
1302 2884 1364 2936 τὸ
1402 2883 1620 2954 συνεχὲς
1651 2883 1753 2954 τῆς

200 2969 286 3020 τῶν
314 2970 490 3023 κακῶν
525 2970 848 3036 ἀκολουθίας
886 2972 1198 3043 ἐκκόψειεν·
1227 2975 1423 3029 οὐκοῦν
1447 2977 1481 3046 ἡ
1518 2975 1612 3029 τοῦ
1645 2976 1754 3030 λοι-

199 3057 455 3126 δορεῖσθαι,
483 3060 591 3114 καὶ
632 3060 870 3132 ὑϐρίζειν
901 3060 1214 3128 ἀκολουθία,
1255 3062 1343 3116 διὰ
1372 3062 1750 3134 μακροθυμίας

200 3150 379 3204 ἵσταται
405 3155 506 3222 τῆς
545 3153 638 3206 ἐπὶ
658 3152 726 3205 τά
754 3153 939 3222 πρόσω
961 3155 1130 3224 φορᾶς
1153 3171 1166 3184 ·
1199 3153 1274 3218 ὡς
1307 3156 1358 3208 εῐ
1384 3155 1447 3224 γέ
1478 3173 1561 3219 τις
1595 3155 1748 3228 ὕϐρει

199 3241 278 3312 τὴν
315 3242 483 3315 ὓϐριν,
560 3244 656 3297 καὶ
717 3244 950 3316 λοιδορίᾳ
1010 3247 1107 3317 τὴν
1156 3245 1418 3316 λοιδορίαν
1473 3247 1749 3318 ἀμύνοιτο,

201 3335 449 3389 πλεονάσιι
479 3337 705 3400 πάντως
726 3337 941 3408 τρέφων
961 3337 1049 3390 διὰ
1084 3337 1190 3391 τῶν
1211 3338 1412 3409 ὁμοίων
1444 3339 1506 3392 τὸ
1531 3341 1750 3394 ἄτοπον.

1840 1886 2095 1932 accurate
2147 1889 2365 1946 operam
2405 1875 2751 1946 impendere;
2815 1876 2860 1931 si
2917 1876 3061 1930 enim
3108 1875 3223 1945 ipse
3276 1874 3412 1929 adeo

1841 1971 2104 2024 conviciis
2152 1978 2204 2024 et
2252 1969 2733 2025 criminationibus
2784 1969 3081 2024 abundavit
3151 1969 3416 2024 adversus

1841 2063 2013 2126 illum,
2041 2063 2133 2132 qui
2166 2061 2480 2131 huiusmodi
2517 2061 2779 2116 conviciis
2813 2061 3018 2115 nullam
3069 2061 3414 2115 occasionem

1843 2154 2025 2208 dedit:
2064 2169 2224 2223 quam
2274 2149 2494 2207 ulferem
2536 2161 2588 2206 et
2638 2152 2930 2223 benignam
2983 2151 3253 2206 inveniret
3292 2151 3424 2221 quis

1845 2248 2149 2309 materiam,
2180 2245 2227 2301 si
2257 2246 2343 2300 cui
2369 2246 2585 2300 animus
2622 2251 2789 2307 esset,
2826 2259 3045 2314 gravem
3071 2243 3282 2297 scilicet
3313 2242 3420 2293 Eu-

1845 2337 2013 2391 nomii
2045 2336 2212 2390 vitam
2257 2337 2544 2399 irridendi,
2591 2343 2643 2390 et
2678 2335 2917 2389 ludibrio
2947 2332 3278 2404 exponendi!
3315 2329 3420 2385 Ve-

1847 2441 1968 2480 rum
2004 2442 2125 2481 cum
2155 2427 2222 2482 ab
2253 2428 2412 2482 initio
2444 2443 2472 2480 a
2503 2427 2778 2495 discipulo
2803 2425 3051 2481 veritatis
3089 2425 3145 2478 in
3171 2423 3424 2491 Evange-

1848 2519 1968 2575 licis
2000 2519 2284 2589 praeceptis
2326 2518 2579 2572 instructi
2619 2518 2794 2572 simus
2825 2537 2837 2571 :
2875 2517 3095 2571 oculum
3129 2530 3227 2584 pro
3260 2515 3424 2568 oculo

1849 2627 2026 2682 neque
2062 2610 2455 2674 cxscindimus,
2499 2627 2675 2681 neque
2703 2610 2924 2665 dentem
2953 2625 3049 2680 pro
3072 2609 3231 2662 dente
3267 2623 3421 2660 emn-

1851 2707 2160 2760 mutamus'
2201 2723 2213 2758 :
2248 2705 2416 2775 probe
2450 2713 2790 2776 compertum
2824 2704 3090 2758 habentes
3136 2701 3422 2755 maledicta

1851 2804 1906 2852 et
1947 2797 2087 2870 facta
2118 2798 2410 2852 contrariis
2453 2811 2806 2862 evanescere,
2843 2806 2897 2852 et
2928 2795 3152 2849 interire
3196 2793 3370 2848 solere
3406 2811 3418 2846 :

1853 2905 2029 2960 neque
2066 2905 2307 2960 unquam
2351 2892 2491 2948 male
2513 2892 2660 2947 dicta
2703 2897 2797 2944 aut
2850 2887 2992 2944 facta
3039 2887 3093 2942 in
3139 2885 3414 2939 infinitum

1855 2978 2232 3050 procederent,
2283 2979 2328 3033 si
2375 2977 2509 3048 quid
2566 2995 2748 3033 rerum
2806 2979 3094 3033 meliorum
3131 2975 3426 3044 interposi-

1857 3075 1996 3132 tum,
2025 3079 2338 3139 perpetuam
2376 3069 2520 3122 illam
2552 3069 2820 3123 malorum
2853 3067 3072 3128 seriem,
3103 3075 3156 3121 et
3180 3075 3425 3120 tenorem

1859 3175 2148 3230 perennem
2197 3161 2615 3230 interrumperet
2647 3181 2657 3214 :
2690 3159 2814 3229 quia
2858 3155 3186 3211 criminandi
3239 3159 3293 3208 et
3330 3166 3427 3205 ca-

1861 3251 2161 3306 lumniandi
2198 3253 2407 3320 primus
2445 3251 2682 3320 impetus
2712 3265 2868 3318 atquo
2895 3256 2947 3303 et
2975 3246 3201 3316 patienti
3244 3242 3428 3296 animo

1864 3344 2096 3408 sistitur,
2136 3360 2203 3397 ne
2241 3341 2448 3398 feratur
2481 3343 2747 3411 ulterius;
2792 3352 2962 3413 quare
2991 3340 3036 3396 si
3070 3341 3192 3408 quis
3228 3334 3430 3405 injuria

201 3431 445 3502 injuriam,
497 3441 563 3486 et
615 3434 924 3487 convicium
975 3435 1224 3491 convicio
1270 3436 1461 3492 ulcisci
1508 3438 1658 3502 velit,
1701 3439 1754 3492 in
1795 3439 2123 3496 immensum
2172 3441 2388 3496 tandem
2431 3448 2713 3497 excrescet
2741 3453 2956 3510 semper
3021 3435 3193 3507 magis
3267 3440 3430 3502 atque

201 3529 348 3596 magis
384 3531 647 3581 roborata
683 3528 1021 3597 improbitas.

256 3625 341 3676 Διά
361 3625 518 3678 τοῦτο
555 3627 732 3678 πάντα
755 3625 846 3677 τὸν
877 3626 934 3678 ἐν
955 3620 1033 3692 τῷ
1063 3621 1213 3693 μέσῳ
1243 3620 1400 3689 λόγον
1426 3622 1758 3687 καταλιπὼν,

203 3714 334 3785 ὓϐριν
363 3716 515 3779 ὄντα,
549 3719 641 3769 καὶ
663 3715 989 3786 χλευασμὸν,
1016 3715 1110 3768 καὶ
1138 3713 1423 3784 λοιδορίαν,
1452 3715 1543 3766 καὶ
1575 3712 1762 3783 σκώμ-

205 3820 344 3870 ματα,
364 3806 500 3876 πρὸς
520 3806 624 3874 τὴν
652 3803 748 3858 τοῦ
769 3805 1037 3874 δόγματος
1059 3804 1306 3868 ἐξέτασιν
1338 3802 1645 3867 κατεπείξω
1672 3803 1762 3855 τὸν

203 3895 352 3961 λόγον.
403 3897 464 3950 Et
519 3894 578 3948 δέ
631 3912 715 3958 τις
778 3895 1158 3965 παραιτεῖσθαί
1207 3911 1274 3965 με
1310 3894 1370 3947 τὸ
1415 3893 1670 3965 λοιδορεῖν
1697 3894 1762 3946 δι’

203 3986 428 4056 ἀπειρίαν
472 3985 590 4039 τῶν
631 3987 832 4058 ὁμοίων
875 3988 1192 4042 ἀντιδόσεων
1247 3987 1416 4055 λέγοι,
1470 3986 1758 4055 σκεψάσοω

203 4077 368 4132 ἑαυτόν
392 4095 405 4107 ·
426 4081 532 4150 ὅση
563 4079 699 4149 πρὸς
723 4081 783 4132 τὸ
802 4080 979 4150 χεῖρόν
1012 4081 1210 4150 ἐστινὴ
1237 4077 1456 4132 εὐκολία
1480 4079 1603 4148 δίχα
1617 4079 1759 4142 τινὸς

203 4169 563 4239 πραγματείας
587 4169 909 4238 αὐτομάτως
938 4170 1074 4242 πρὸς
1111 4170 1208 4241 τὴν
1237 4170 1508 4241 ἁμαρτίαν
1544 4170 1759 4223 κατολια

206 4257 488 4314 σθαίνουσα.
529 4259 573 4310 Τ
576 4260 604 4312 ὸ
629 4260 738 4330 γὰρ
777 4260 1021 4329 γίνεσθαι
1049 4262 1236 4325 κακὸν,
1267 4264 1324 4314 ἐν
1346 4262 1422 4332 τῷ
1441 4261 1761 4333 προελέσθαι

207 4347 344 4414 μόνον
364 4350 675 4412 ἀπόκειται,
701 4350 794 4402 καὶ
818 4351 1019 4421 ἤρκεσε
1047 4350 1304 4414 πολλάκις
1326 4353 1460 4421 πρὸς
1485 4351 1762 4404 τελείωσιν

1929 3621 2196 3685 Quocirca
2255 3619 2322 3673 ad
2370 3633 2595 3674 examen
2651 3625 2704 3672 et
2754 3615 3198 3688 disquisitionem
3255 3614 3430 3685 ipsius

1859 3711 2128 3782 dogmatis
2161 3710 2431 3765 festinabo
2477 3710 2754 3776 omnibus,
2776 3724 2895 3778 quae
2923 3707 2976 3762 in
3007 3707 3189 3763 medio
3226 3705 3431 3762 oratio-

1860 3805 1945 3858 nis
1980 3818 2146 3858 cursu
2176 3802 2412 3867 infercit,
2435 3802 2748 3872 praeteritis,
2778 3815 2902 3854 cum
2930 3799 3066 3854 nihil
3098 3798 3243 3853 aliud
3281 3813 3430 3852 com-

1862 3894 2187 3964 plectantur,
2222 3908 2382 3962 quam
2409 3892 2687 3962 injuriam,
2723 3889 3059 3950 irrisionem,
3097 3886 3432 3952 convicium,

1861 3997 1915 4042 et
1963 3994 2282 4042 scommata.
2317 3983 2376 4040 Si
2409 3985 2531 4055 quis
2568 3989 2724 4054 putat
2764 3996 2849 4036 me
2880 3977 3226 4035 convrciandi
3263 3977 3432 4047 palze-

1863 4087 2033 4132 stram
2086 4074 2502 4146 subterfugere,
2560 4071 2703 4142 quod
2754 4085 2851 4141 par
2894 4069 3012 4140 pari
3068 4066 3276 4122 referre
3333 4081 3430 4120 ne-

1865 4169 2033 4226 sciam
2068 4187 2082 4223 :
2117 4170 2164 4223 is
2193 4165 2506 4222 consideret
2555 4165 2794 4234 seipsum
2832 4161 3013 4228 velim,
3042 4166 3244 4231 quanta
3282 4157 3433 4213 vide-

1865 4262 1992 4314 licet
2037 4259 2103 4314 ad
2157 4261 2360 4313 malum
2410 4257 2483 4313 sit
2530 4255 2784 4320 facilitas,
2839 4267 2958 4324 quae
3004 4259 3196 4322 sponte
3237 4266 3336 4306 sua
3379 4257 3435 4304 et

1869 4353 2074 4422 absque
2100 4352 2210 4406 ullo
2244 4351 2502 4420 magistro
2537 4348 2603 4403 ad
2632 4354 2913 4418 peccatum
2954 4343 3249 4399 delabitur.
3296 4340 3435 4396 Nam

205 4438 375 4501 κακίας
419 4441 452 4510 ή
498 4438 787 4509 βούλησις·
857 4440 990 4494 πολὺ
1041 4440 1096 4493 δὲ
1150 4441 1309 4495 πλέον
1348 4442 1410 4494 τὸ
1458 4440 1677 4494 εὔκολον
1707 4444 1750 4494 ἐι.

1868 4451 1927 4497 ιιι
1961 4442 2086 4512 quis
2117 4441 2292 4495 malus
2330 4440 2444 4504 flat,
2485 4440 2539 4493 in
2589 4439 2714 4494 sola-
2733 4435 3002 4492 electione
3038 4433 3333 4488 voluntatis
3362 4433 3438 4487 si-

205 4532 300 4592 τοῖς
321 4532 456 4585 κατά
482 4533 585 4602 τὴν
615 4531 865 4599 γλῶσσάν
897 4533 1012 4586 ἐστι
1061 4532 1168 4604 πλη
1179 4533 1514 4604 μμελήμασι.
1543 4533 1624 4586 ra
1665 4535 1761 4605 μὲν

204 4620 294 4690 γὰρ
317 4621 478 4676 λοιπά
531 4621 641 4674 τῶν
676 4623 1112 4692 ἁμαρτημάτων,
1141 4622 1234 4674 καὶ
1267 4623 1480 4693 χρόνου,
1512 4622 1604 4674 καὶ
1624 4638 1764 4692 πρα-

205 4712 428 4779 γμάτων,
471 4713 570 4765 καὶ
606 4713 706 4782 τῆς
760 4712 958 4777 ἔξωθεν
980 4714 1268 4783 συνεργίας
1305 4714 1393 4787 είς¹
1425 4713 1484 4766 τὸ
1515 4712 1764 4781 γενέσθαι

206 4805 502 4871 προσδέξεται
533 4820 550 4835 ο
583 4805 617 4874 ἡ
641 4804 697 4856 δέ
721 4803 816 4856 τοῦ
843 4804 1002 4873 λόγου
1033 4805 1334 4876 πρόσφυσις
1371 4807 1491 4859 κατ’
1519 4805 1766 4870 ἐξουσίαν

207 4894 300 4962 ἔχει
349 4896 409 4949 τὸ
458 4895 821 4965 πλημμελεῖν.
879 4896 1178 4961 Ἀπόδειξις
1213 4897 1269 4951 δέ
1314 4899 1422 4952 τῶν
1461 4900 1765 4970 λεγομένων

207 4985 346 5049 αὐτὸς
365 4988 393 5040 ὁ
426 4990 486 5040 ἐν
511 4987 702 5058 χερσὶν
738 4986 896 5057 ἡμῶν
926 4989 1019 5042 τοῦ
1048 4990 1311 5060 Εὑνομίου
1341 4992 1516 5059 λόγος,
1551 4991 1608 5044 δν
1628 4994 1656 5043 ὁ
1689 4991 1764 5062 μὴ

208 5077 484 5147 παρέργως
536 5081 902 5151 κατανοήσας,
935 5081 1156 5153 εὑρήσει
1186 5081 1247 5136 τὸ
1284 5084 1547 5147 κάταντες
1578 5085 1675 5154 τῆς
1705 5086 1763 5138 ἐν

207 5171 302 5230 107.;
315 5171 554 5240 ῥήμασιν
580 5171 876 5245 ἁμαρτίας,
897 5173 965 5244 ἢν
989 5174 1270 5245 μιμεῖσθαι
1292 5177 1507 5239 πάντως
1544 5175 1652 5230 τῶν
1673 5175 1764 5229 εὑ-

209 5262 521 5330 ποριιπάτων
548 5265 666 5317 ἐστί
693 5281 706 5292 ·
728 5263 834 5318 κᾶν
861 5265 1138 5329 παντελῶς
1170 5284 1254 5329 τις
1280 5267 1624 5339 ἀμελετήτως
1656 5268 1768 5338 ἔχοι

1869 4545 1982 4590 tum
2014 4542 2116 4596 est,
2153 4535 2261 4587 imo
2302 4547 2446 4604 saepe
2475 4531 2540 4585 ad
2572 4531 2774 4585 malum
2809 4525 3301 4584 consummandum
3327 4523 3439 4580 suf-

1873 4629 1982 4682 ficit
2014 4627 2286 4681 voluntas.
2333 4624 2402 4678 At
2449 4627 2607 4694 longe
2647 4622 2822 4691 major
2851 4627 3075 4690 apparet
3113 4616 3350 4670 facilitas
3380 4616 3437 4669 in

1869 4721 2018 4776 vitiis
2051 4721 2265 4789 linguae.
2310 4717 2535 4786 Reliqua
2579 4714 2725 4770 enim
2770 4721 2992 4783 peccata
3032 4717 3092 4764 ut
3120 4717 3440 4781 perpetren-

1871 4822 1981 4876 tur,
2027 4825 2167 4879 saepe
2211 4808 2454 4878 indigent
2483 4815 2726 4877 tempore
2758 4819 2822 4859 ac
2870 4803 3076 4868 labore,
3112 4809 3165 4856 et
3207 4801 3435 4853 aliorum

1871 4902 2034 4956 etiam
2066 4901 2287 4954 auxilio.
2329 4898 2434 4953 Sed
2486 4899 2601 4952 oris
2649 4905 2704 4949 et
2757 4896 2954 4965 lingua:
2995 4901 3192 4948 natura
3221 4905 3437 4960 semper

1871 4993 2029 5064 quasi
2069 4993 2212 5046 domi
2259 4991 2420 5044 habet
2451 4987 2710 5059 peccandi
2746 4984 3079 5041 facultatem.
3099 4981 3234 5049 Quae
3254 4981 3440 5035 omnia

1868 5084 2174 5144 confirmat,
2215 5083 2304 5136 ille
2351 5081 2487 5149 ipse,
2518 5093 2678 5148 quem
2705 5092 2816 5147 pra:
2863 5075 3116 5129 manibus
3148 5072 3436 5130 habemus,

1864 5175 2114 5229 Eunomii
2163 5174 2336 5238 liber,
2379 5173 2432 5226 in
2467 5185 2599 5241 quo,
2651 5169 2745 5238 qui
2795 5181 2920 5221 eum
2969 5180 3077 5219 non
3122 5163 3300 5217 obiter
3352 5162 3440 5214 in-

1866 5266 2123 5337 spexerit,
2158 5266 2304 5320 clare
2348 5257 2740 5332 deprehendet,
2775 5265 2976 5326 quanta
3009 5255 3082 5308 sit
3123 5250 3440 5322 proclivitas

209 5352 400 5422 τῆςτοῦ
431 5353 774 5426 βλασφημεῖν
823 5357 1136 5429 ἐμπειρίας.
1189 5357 1256 5411 Τί
1293 5359 1402 5430 γὰρ
1433 5360 1515 5413 δεῖ
1544 5359 1750 5428 κάμνευ

1867 5369 1922 5414 et
1952 5358 2187 5412 facilitas
2217 5357 2270 5409 in
2302 5355 2367 5409 iis
2402 5353 2668 5423 peccatis,
2707 5363 2827 5419 quae
2863 5349 3046 5416 lingua
3087 5342 3441 5398 committun-

213 5441 684 5512 δνόματαποιοῦντα
715 5447 813 5510 τὰς
835 5447 1039 5519 ὕϐρεις,
1061 5450 1180 5516 ἐξὸν
1197 5451 1308 5513 τοῖς
1329 5450 1570 5521 ῥηθεῖσιν
1591 5452 1750 5504 αὐτοῖ.

1872 5460 1979 5518 tur,
2005 5466 2166 5520 quam
2200 5446 2420 5510 imitari,
2446 5459 2534 5498 res
2564 5450 2648 5496 est
2677 5438 2919 5495 omnium
2957 5435 3241 5497 facillima,
3273 5431 3439 5488 etiam
3487 5511 3495 5516 α

214 5532 292 5586 ἐπὶ
325 5536 414 5591 τὸν
468 5538 769 5609 ὑϐρίσαντα
819 5542 1161 5619 χρήσασθαις
1197 5543 1383 5598 Πάντα
1437 5544 1546 5618 γὰρ
1597 5547 1654 5600 ἐν
1698 5546 1750 5598 τί

1882 5545 1927 5601 si
1955 5546 2076 5616 quis
2107 5543 2160 5598 in
2193 5537 2562 5599 maledicendi
2581 5541 2696 5588 arte
2723 5530 2954 5586 minime
2980 5529 3051 5584 sit
3077 5525 3464 5584 exercitatus...

275 5713 294 5742 ’
331 5712 506 5772 Matth.
545 5733 598 5781 ν,
629 5715 696 5769 :38
736 5730 856 5786 sqq.
