3920 6508
448 358 559 423 279

1700 355 1753 411 S.
1794 351 2124 411 GBEGORII
2162 348 2458 409 NYSSENI

3616 349 3721 405 εει)

447 475 592 549 Quid
620 475 766 535 enim
792 475 1005 532 laboret
1031 475 1156 551 quis
1192 474 1246 529 in
1278 473 1625 531 inveniendis
1655 474 2028 529 conviciorum

2148 472 2393 543 ιέμψεως
2445 470 2616 543 τούτῳ
2661 470 2755 524 τοῦ
2804 471 2987 541 λόγου,
3035 472 3228 543 ψευδῆ,
3286 472 3381 526 καὶ
3427 470 3723 544 βλάσφημα

448 567 789 633 nominibus,
839 582 965 623 cum
1001 568 1093 622 illa
1142 568 1282 639 ipsa,
1317 567 1520 641 quibus
1564 567 1685 637 ipse
1738 581 1873 621 usus
1918 572 2027 629 est,

447 675 703 731 regerere
731 660 895 715 liceat
944 658 1001 713 in
1041 659 1489 725 conviciatorem,
1526 659 1621 732 qui
1653 658 1834 712 omnia
1868 658 2034 711 male-

446 751 748 815 dictorum,
790 758 846 807 et
889 750 1289 806 calumniarum
1327 764 1529 822 genera
1574 750 1630 805 in
1684 748 1833 803 hunc
1872 764 2031 803 suum

446 842 647 906 librum
700 840 1115 915 comportavit?
1156 858 1335 916 neque
1378 841 1683 914 quidquam
1740 841 2037 897 calumnia-

448 951 571 989 rum
614 935 908 1008 repereris,
950 933 1099 1005 quod
1144 949 1254 988 non
1299 933 1387 991 his
1436 934 1554 989 suis
1588 933 1801 988 chartis
1843 930 2035 988 illeve-

449 1027 519 1092 rit
558 1043 572 1080 :
620 1023 800 1095 ναίει,
837 1024 1037 1095 inquit,
1072 1033 1151 1079 est
1178 1023 1442 1091 Basilius,
1485 1024 1862 1088 contentiosus,
1904 1021 2039 1075 veri-

449 1119 576 1173 tatis
617 1117 802 1182 hostis,
823 1117 1080 1184 sophista,
1116 1116 1405 1186 impostor;
1431 1116 1731 1169 contrarius
1773 1114 2041 1169 communi

451 1212 723 1273 hominum
764 1211 996 1278 opinioni
1058 1218 1106 1262 et
1138 1206 1546 1271 existimationi,
1575 1198 1675 1274 qui
1712 1205 2041 1275 redargutio-

452 1319 569 1366 nem
601 1318 666 1356 ex
697 1302 847 1355 rebus
879 1301 1008 1370 ipsis
1052 1300 1270 1368 petitam
1318 1297 1473 1353 nihili
1502 1297 1702 1366 pendit,
1751 1298 1842 1367 qui
1881 1313 2042 1367 neque

455 1396 628 1473 legum
675 1396 919 1454 timorem
962 1393 1138 1459 habet,
1178 1408 1342 1462 neque
1381 1390 1834 1461 reprehensionem
1869 1392 2040 1444 homi-

458 1504 583 1542 nam
613 1495 915 1551 reveretur;
941 1486 1216 1561 imperitus
1256 1484 1554 1543 discernere
1587 1484 1862 1541 veritatem
1888 1500 1920 1538 a
1951 1500 2042 1537 va-

456 1580 609 1651 [ritie
641 1587 690 1635 et
721 1577 1042 1632 calliditate.
1078 1577 1177 1632 His
1204 1577 1431 1647 insuper
1460 1575 1613 1630 addit
1638 1575 2041 1644 impudentiam,

459 1679 515 1735 et
541 1670 609 1723 ad
652 1670 950 1735 calumnias
995 1668 1496 1740 promptitudinem.
1556 1666 1730 1722 Vocat
1783 1678 2045 1737 praeterea

454 1760 751 1827 socordem,
787 1762 1101 1833 plenumque
1126 1762 1486 1833 pugnantibus
1511 1761 1923 1832 suspicionibus,
1953 1762 2046 1831 qui

455 1865 521 1909 ea:
582 1852 1067 1913 inconvenientibus
1126 1854 1422 1918 orationem
1472 1852 1765 1915 concinnet,
1817 1860 1867 1911 et
1919 1867 2037 1905 cum
2071 1840 2112 1893 Β

454 1944 685 2019 propriis
735 1945 849 1998 suis
897 1943 1055 2007 dictis
1112 1954 1356 2016 pugnet:
1410 1945 1615 2016 sibique
1670 1944 2035 2009 contradicat,

456 2038 647 2109 quique
696 2036 761 2099 de
806 2037 921 2104 ipso
962 2036 1133 2089 multa
1174 2036 1320 2089 mala
1372 2034 1545 2090 dicere
1576 2045 1827 2100 conetur;
1857 2045 2039 2104 postea

458 2112 577 2187 vero
614 2129 952 2197 acerbitatem
998 2130 1164 2182 animi
1219 2130 1447 2191 novitate
1480 2128 1801 2198 injuriarum
1836 2128 2041 2197 explere

459 2229 699 2289 nequeat,
739 2219 805 2283 Et
828 2237 951 2283 cum
984 2222 1119 2283 nihil
1155 2222 1414 2291 amplius,
1446 2220 1594 2294 quod
1631 2220 1862 2285 etl‘utiat,
1910 2236 2040 2291 snp-

459 2312 615 2382 petit,
668 2312 734 2371 ad
789 2314 976 2376 eadem
1034 2314 1349 2379 revertitur,
1391 2322 1446 2367 et
1496 2314 1561 2368 ad
1616 2313 1691 2379 id,
1741 2312 1886 2384 quod
1923 2312 2035 2382 jam

459 2402 622 2468 dixit,
648 2404 805 2474 quasi
834 2405 889 2459 in
922 2406 1110 2461 orbem
1134 2406 1509 2461 circumactus
1542 2404 1705 2469 redit,
1739 2405 2039 2474 eademque

460 2498 626 2550 tertio
683 2505 739 2552 et
792 2507 989 2568 quarto
1047 2508 1101 2553 et
1151 2498 1385 2566 saepius,
1463 2498 1621 2567 quasi
1690 2498 2036 2568 reciprocum

459 2584 751 2657 quemdam
781 2587 1181 2641 calumniarum
1203 2594 1258 2642 et
1284 2588 1656 2643 conviciorum
1690 2603 1913 2643 cursum
1943 2589 2038 2642 de.

460 2690 719 2743 currens,
765 2678 979 2747 repetit,
1010 2684 1065 2732 et
1097 2676 1150 2729 in
1187 2691 1379 2732 omnes
1410 2687 1593 2747 partes
1620 2692 1802 2731 rerum
1841 2678 2038 2732 simili-

460 2768 656 2837 tudine
694 2783 756 2833 se
803 2767 1097 2837 convertit,
1131 2776 1192 2822 ut
1229 2767 1461 2839 proinde
1492 2783 1600 2822 non
1625 2768 1861 2838 amplius
1897 2768 2041 2823 indi-

463 2875 695 2935 gnemur
739 2860 919 2935 ipsius
968 2859 1276 2929 impudenti
1305 2859 1673 2923 calumniandi
1711 2859 1913 2924 studio,
1960 2860 2039 2913 ira

463 2952 870 3030 quodammodo
908 2959 1275 3015 evanescente
1300 2967 1396 3021 per
1438 2952 1742 3013 satietatem
1782 2959 1838 3007 et
1883 2951 2041 3015 fasti-

464 3045 615 3105 dium
668 3044 1086 3115 conviciorum.
1147 3043 1593 3110 Exsecrationem
1640 3045 1823 3115 potius
1875 3060 2039 3115 quam

2134 566 2270 637 πρὸς
2286 566 2355 619 τὰ
2370 566 2428 619 ὲν
2452 565 2600 636 αύτῷ
2624 566 3044 638 παραδείγματα
3074 584 3256 637 συμπε
3267 566 3555 636 πλασμένα
3580 567 3727 639 διερ-

2137 653 2448 726 ραψῴδησεο
2487 660 2583 713 καὶ
2607 657 2707 709 οὐκ
2758 655 2907 710 ἐστιν
2933 657 3155 711 ὅτιούκ
3194 658 3571 727 ἐγγέγραπται
3618 660 3725 712 τῶν

2134 746 2371 801 ἀτόπων.
2391 750 2613 814 Δεινός,
2632 748 2817 818 φησὶν,
2840 748 3161 815 ἐριστικός,
3188 750 3475 815 ἀληθείας
3489 750 3723 819 ἐχθρὸς,

2136 838 2457 907 σοφιστὴς,
2490 838 2784 903 ἀπατεὼν,
2812 838 2943 905 ταῖς
2969 838 3086 892 τῶν
3111 839 3357 894 πολλῶν
3376 840 3587 907 δόξαις
3627 842 3726 895 καὶ

2132 931 2397 1001 μνήμαις
2437 933 2948 1002 ἀντιταττόμενος,
2982 933 3091 987 τὸν
3116 932 3185 986 ἐκ
3216 933 3332 987 τῶν
3369 933 3728 1003 πραγμάτων

2136 1026 2250 1079 οὐκ
2282 1026 2721 1093 αἰσχυνόμενος
2748 1025 3020 1094 ἔλεγχον,
3064 1026 3136 1078 οὐ
3169 1025 3357 1092 φόϐον
3384 1025 3491 1077 τὸν
3510 1024 3578 1077 ἐκ
3610 1024 3732 1078 τῶν

2138 1118 2356 1186 νόμων,
2392 1118 2463 1170 οὺ
2486 1118 2680 1186 ψόγον
2702 1115 2808 1171 τὸν
2832 1116 2900 1181 ἐξ
2928 1115 3728 1186 ἀνθρώπωνεωασούμενος,

2140 1209 2427 1275 ἀλήθειαν
2448 1208 2791 1276 δεινότητος
2813 1208 3138 1278 διακρίνειν
3167 1211 3280 1263 οὐκ
3306 1208 3724 1277 ἐπιστάμενος.

2142 1301 2475 1373 Προστίθησι
2531 1299 2743 1365 τούτοις
2811 1300 2907 1353 καὶ
2966 1299 3294 1364 ἀναίδειαν,
3344 1298 3629 1367 καὶπρὸς
3662 1300 3730 1354 τὸ

2141 1392 2438 1459 λοιδορεῖν
2455 1392 2803 1461 ἑτοιμότητα
2822 1409 2835 1422 ·
2866 1386 2986 1445 εἶτα
3044 1389 3269 1460 ἐκμελῆ
3316 1406 3470 1459 φησι,
3496 1388 3593 1443 καὶ
3615 1404 3731 1458 μα-

2145 1484 2415 1555 χομένων
2452 1483 2753 1539 ὑπονοιῶν
2808 1483 3030 1551 πλήρη,
3080 1481 3178 1535 καὶ
3206 1482 3603 1550 ἀναρμόστων
3622 1479 3733 1533 τὸν

2143 1578 2331 1648 λόγον
2384 1575 2729 1646 ἁρμόζοντα,
2769 1576 2867 1629 καί
2902 1575 3031 1640 ταῖς
3064 1574 3238 1639 ἰδίαις
3283 1572 3508 1642 φωναῖς
3537 1572 3729 1641 μαχό-

2140 1687 2348 1739 μενον,
2389 1669 2486 1724 καί
2528 1670 2600 1723 τὰ
2643 1670 2887 1723 ἐναντία
2926 1666 3332 1737 φθεγγόμενον
3352 1682 3367 1696 ·
3402 1662 3733 1719 καὶπολλὰ

2147 1762 2336 1817 εἰπεῖν
2360 1762 2492 1831 περὶ
2525 1760 2712 1817 αὑτοῦ
2741 1760 2896 1815 κακὰ
2932 1758 3141 1824 θέλων,
3186 1755 3314 1812 εἶτα
3338 1756 3454 1824 τὴν
3485 1757 3735 1823 πικρίαν

2141 1853 2252 1923 τῆς
2272 1854 2483 1923 ψυχῆς
2507 1852 2815 1923 ἐμπλῆσαι
2837 1851 2907 1905 ἐν
2927 1849 3000 1919 τῇ
3028 1850 3333 1916 καινότητι
3358 1846 3477 1902 τῶν
3504 1848 3735 1915 ὕϐρεων

2142 1946 2214 1999 οὐ
2240 1944 2575 2014 δυνάμενος
2589 1962 2613 2002 ·,
2637 1943 2823 2015 ἐπειδὴ
2861 1945 2960 1996 οὐκ
2991 1941 3104 2013 ἔχει
3134 1942 3162 1995 ὃ
3183 1953 3237 1989 τι
3265 1942 3358 1995 καὶ
3397 1942 3564 2004 εῖποι,
3603 1939 3734 1992 πολ-

2140 2037 2297 2101 λάκις
2354 2038 2445 2091 ἐπὶ
2480 2036 2547 2091 τὰ
2601 2036 2740 2095 αὐτὰ
2768 2036 3128 2105 ἐπανέρχεται
3152 2052 3165 2063 ·
3210 2033 3307 2086 καὶ
3337 2032 3483 2098 ἅπαξ
3522 2029 3732 2095 εἰπὼν,

2142 2130 2508 2186 ὲπαυακυκλοῖ
2536 2130 2697 2184 πάλιν
2720 2130 2811 2182 καὶ
2836 2131 2900 2183 ὲκ
2926 2128 3107 2198 τρίτου
3136 2126 3205 2180 τὰ
3232 2124 3395 2187 αὐτὰ,
3423 2124 3517 2176 καὶ
3541 2126 3609 2178 ὲκ
3641 2141 3733 2180 τε-

2142 2225 2341 2293 τάρτου
2356 2240 2372 2255 ·
2404 2224 2497 2276 καὶ
2516 2224 2654 2293 ὑπὲρ
2684 2223 2861 2285 τοῦτο,
2884 2222 3074 2289 ὥσπερ
3097 2221 3221 2274 τινὰ
3242 2218 3458 2277 δίαυλον
3477 2218 3736 2289 ἀνακάμ-

2147 2329 2297 2365 πτων
2320 2311 2398 2382 τῷ
2434 2312 2597 2382 λόγῳ,
2634 2311 2723 2365 διὰ
2753 2312 2859 2365 τῶν
2881 2310 3059 2363 αὐτῶν
3094 2310 3323 2381 ὕϐρεων,
3354 2312 3447 2364 καὶ
3478 2312 3579 2381 τῆς
3619 2310 3734 2363 λοι-

2144 2403 2328 2475 δορίας
2384 2404 2737 2475 ληρημάτων,
2795 2406 2907 2459 ἄνω
2956 2404 3050 2458 καὶ
3091 2402 3241 2456 κάτω
3282 2403 3368 2456 διὰ
3395 2402 3505 2457 τῶν
3530 2403 3737 2473 ὁμοίων

2145 2495 2468 2566 περιχωρῶν
2486 2512 2498 2525 ’
2523 2495 2662 2549 ὥστε
2690 2496 2885 2566 μηκέτι
2906 2495 3249 2566 χαλεπαίνειν
3273 2495 3437 2549 αὐτοῦ
3463 2498 3530 2566 τῇ
3570 2496 3737 2548 ἀναιρ

2148 2589 2372 2660 σχυντίᾳ
2403 2589 2511 2643 τῶν
2549 2588 2779 2660 ὖὸρεων,
2835 2589 2892 2640 ὲν
2920 2588 2999 2660 τῷ
3038 2590 3333 2659 προσκορεῖ
3371 2588 3478 2641 τῶν
3506 2587 3738 2657 λεγομέ-

2146 2665 2251 2735 νων
2282 2680 2372 2733 τὸν
2423 2680 2589 2751 θυμὸν
2622 2680 2979 2734 ύπεκλύοντοι.
3018 2680 3337 2744 Βδελύξαιτο
3369 2681 3433 2734 ἄν
3460 2697 3542 2741 τις
3580 2679 3740 2749 μᾶλ-

2146 2771 2257 2839 λον,
2290 2771 2321 2841 ἢ
2348 2773 2427 2835 εἰς
2456 2772 2625 2843 ὀργὴν
2659 2771 2803 2824 ἔλθοι
2826 2788 2839 2802 ⁸
2872 2770 3044 2834 οὕτως
3077 2770 3480 2843 ἀνδραποδώδη,
3513 2771 3608 2823 καὶ
3636 2788 3739 2839 χα-

2150 2863 2312 2934 ρίτων
2345 2862 2569 2935 ἄμοιρα,
2625 2864 2719 2916 καὶ
2751 2862 2859 2915 ἀπὸ
2905 2864 3006 2931 τῆς
3050 2861 3264 2933 τριόδου
3294 2860 3362 2914 τὰ
3396 2860 3738 2931 σκώμματα,

2148 2955 2315 3025 γραός
2343 2972 2486 3018 τινος
2531 2953 3090 3023 διακωθωνιζομένης,
3128 2954 3223 3007 καὶ
3254 2955 3345 3007 ὑπ’
3374 2952 3560 3005 ὀδόντα
3593 2969 3741 3023 γρυ-

2150 3047 2367 3117 ζούσης,
2395 3048 2501 3102 οὐδ’
2531 3047 2709 3101 ὁτιοῦν
2736 3047 3080 3115 διαφέροντα.

466 3140 606 3203 iram
633 3138 798 3195 alicui
827 3137 1116 3202 moverint,
1156 3136 1292 3191 adeo
1327 3136 1547 3191 servilia
1577 3143 1705 3197 sunt
1740 3136 2030 3206 omnisque
2071 3138 2273 3208 leporis
2312 3141 2580 3211 expertia,
2616 3148 2672 3195 et
2705 3156 2769 3195 ex
2811 3140 2975 3194 trivio
3007 3147 3222 3211 arrepta
3258 3137 3742 3202 scommata,nihil

467 3245 498 3293 ᾳ
523 3230 718 3299 vetulae
747 3229 1031 3293 frementis
1064 3229 1432 3310 dentibusque
1460 3228 1761 3284 frondentis
1800 3231 2284 3288 criminationibus
2320 3234 2714 3303 discrepantia.

537 3319 680 3397 Quid
715 3320 925 3397 igitur?
954 3320 1093 3379 Num
1126 3322 1342 3395 singula
1398 3323 1653 3393 persequi
1711 3333 1948 3393 Oportet,
1986 3332 2039 3380 et

2216 3327 2279 3381 Ti
2312 3324 2435 3393 05v;
2476 3324 2623 3399 'Apa
2654 3328 2962 3393 ἐπεξελθεῖν
2988 3328 3067 3381 δεῖ
3102 3330 3213 3390 τοῖς
3246 3327 3603 3389 καθέκαστον,
3641 3326 3746 3379 καὶ

467 3412 651 3477 omnia
687 3410 957 3481 injuriose
990 3419 1045 3467 et
1094 3413 1432 3468 calumniose
1476 3413 1620 3469 dicta
1656 3423 1911 3471 accurate
1958 3430 2049 3469 re-

471 3504 676 3567 fellere,
703 3510 757 3558 et
792 3504 1174 3560 demonstrare
1228 3504 1388 3559 talem
1421 3503 1843 3575 haudquaquam
1881 3506 2049 3561 fuisse

470 3600 648 3667 illum,
683 3601 738 3655 in
779 3616 941 3671 quem
978 3601 1094 3656 haec
1159 3600 1393 3656 conﬁcta
1424 3601 1598 3656 sunt?
1648 3602 1813 3672 Atqui
1862 3610 1916 3657 et
1950 3619 2051 3659 nos

375 3697 392 3717 '
471 3691 639 3759 simul
671 3692 874 3762 injuria
912 3692 1252 3749 abiceremus
1305 3692 1477 3758 illum,
1534 3696 1627 3762 qui
1682 3693 1815 3748 solis
1852 3694 2046 3760 instar,

474 3784 575 3845 toti
609 3784 815 3858 mundo
846 3787 1016 3849 lucet,
1048 3785 1093 3839 si
1120 3800 1351 3855 operose
1409 3798 1735 3841 conaremur
1793 3788 2047 3857 probare.

485 3891 610 3941 eum
641 3891 750 3937 non
777 3875 947 3937 fuisse
981 3876 1313 3940 maleﬁcum,
1355 3884 1409 3932 et
1462 3879 1807 3933 sceleratum.
1842 3879 2049 3934 Memor

470 3968 619 4027 enim
649 3982 769 4033 sum
805 3967 1004 4027 divina:
1044 3968 1192 4026 illius
1235 3970 1407 4035 vocis,
1437 3984 1562 4033 cum
1597 3971 1912 4041 prophetice
1947 3974 2047 4043 ipsi

473 4061 566 4115 illa
599 4074 663 4115 ex
694 4059 980 4129 pr0phetia
1006 4061 1471 4127 accommodaret,
1514 4062 1605 4117 ubi
1638 4063 1790 4131 illum
1845 4065 2049 4133 prosti-

473 4158 608 4212 tuta:
649 4150 849 4205 frontis
878 4159 931 4205 et
962 4150 1241 4222 pudicitia:
1286 4153 1628 4216 mulierculis
1683 4155 1955 4210 assimilat
1984 4157 2047 4221 '°,

475 4256 600 4311 qua:
633 4256 733 4307 sua
766 4241 897 4303 vitia
927 4251 980 4302 et
1015 4244 1245 4317 crimina
1277 4245 1332 4299 in
1364 4254 1755 4316 temperantes,
1785 4248 2050 4319 boumque

475 4332 650 4407 (rugis
678 4334 977 4397 transferre
1013 4337 1211 4393 solent.
1264 4335 1400 4396 Nam
1433 4355 1593 4409 quem
1655 4340 1905 4396 veritatis
1952 4343 2053 4395 ho-

475 4435 611 4490 stem
640 4441 764 4493 esse
826 4427 1177 4483 deblaterat?
1232 4445 1395 4500 quem
1446 4430 1726 4485 communi
1768 4431 2049 4490 hominum

473 4518 869 4581 existimationi
914 4522 1366 4590 repugnantem?
1416 4521 1552 4587 Quis
1614 4532 1765 4593 rogat
1822 4525 2051 4581 lectores

475 4608 601 4669 libri
632 4609 738 4675 sui,
778 4618 837 4663 ut
888 4624 996 4665 non
1033 4612 1335 4682 respiciant
1394 4614 1462 4671 ad
1521 4614 1926 4671 multitudinem
1966 4625 2047 4675 te-

2152 3421 2281 3495 περὶ
2311 3420 2526 3474 πάντων
2543 3419 2652 3472 τῶν
2676 3421 2760 3488 ἐφ’
2787 3419 2940 3490 ὕϐρει
2970 3420 3241 3491 ῥηθέντων
3269 3418 3569 3487 φιλοπόνως
3593 3419 3745 3471 ἁπο-

2151 3512 2481 3583 λογήσασθαι
2505 3529 2520 3542 ⁸
2552 3512 2633 3565 ὃτι
2662 3512 2762 3565 ούκ
2795 3507 2862 3582 ἦν
2890 3510 3130 3574 τοιοῦτος
3157 3511 3278 3564 καθ’
3305 3504 3365 3563 οὗ
3390 3509 3561 3563 ταῦτα
3596 3527 3749 3581 συμ-

2154 3605 2491 3670 πέπλασται;
2538 3604 2675 3657 Ἀλλ’
2705 3602 2845 3656 οὕτω
2873 3605 2922 3668 γ’
2957 3601 3021 3666 ἂν
3052 3602 3146 3659 καὶ
3176 3604 3334 3673 ἡμεῖς
3367 3600 3746 3672 συγκαθυϐρὶ-

2153 3695 2263 3760 ζειν
2286 3696 2611 3769 δοκήσαιμεν
2647 3696 2737 3748 τὸν
2764 3694 2884 3747 ἀντὶ
2912 3695 3195 3764 φωστῆρος
3223 3696 3287 3763 τῇ
3318 3694 3481 3763 γενεᾷ
3507 3692 3746 3763 διαλάμ-

2151 3788 2348 3857 ψαντα,
2375 3788 2669 3858 ἀγαπητῶς
2692 3786 2752 3840 τὸ
2782 3786 2854 3857 μὴ
2879 3784 3207 3856 κακοῦργον,
3234 3784 3328 3838 καὶ
3350 3784 3749 3853 κατεγνωσμέ-

2152 3902 2242 3937 νον
2296 3878 2455 3947 εῖναι,
2503 3882 2590 3937 διὰ
2648 3880 2756 3935 τῶν
2817 3878 2991 3947 λόγων
3054 3877 3515 3941 ἀποδεικνύοντες.
3576 3876 3746 3930 Ἀλλὰ

2156 3976 2438 4048 μέμνημαι
2466 3974 2563 4044 τῆς
2596 3972 2745 4034 θείας
2783 3970 2996 4039 ἐκείνης
3032 3970 3235 4038 φωνῆς,
3267 3968 3341 4031 ὡς
3381 3968 3745 4038 προφητικῶς

2154 4067 2281 4137 περ)⁸
2310 4064 2474 4118 αύτοῦ
2513 4064 2579 4117 τὰ
2625 4064 2688 4116 ἐκ
2732 4062 2827 4132 τῆς
2873 4059 3208 4130 προφητείας
3237 4058 3555 4127 ἐφθέγξατο,
3597 4060 3743 4114 ὅπου

2153 4162 2269 4223 ταῖς
2309 4157 2682 4227 ἀναισχύντοις
2715 4154 2877 4213 αὐτὸν
2910 4153 3023 4207 τῶν.
3062 4152 3336 4220 γυναικῶν
3373 4152 3743 4223 παρεικάζειο

2154 4250 2205 4302 αῖ
2246 4250 2316 4303 τὰ
2362 4248 2472 4300 ἴδια
2521 4247 2695 4316 ὀνείδη
2748 4248 2866 4308 ταῖς
2919 4242 3324 4314 σωφρονούσαις
3378 4242 3742 4312 προφέρουσι.

2154 4342 2286 4394 Τίνα
2318 4339 2427 4409 γὰρ
2465 4338 2655 4409 ἐχθρὸν
2693 4337 2789 4405 τῆς
2817 4335 3073 4406 ἀληθείας
3105 4336 3157 4389 οἱ
3184 4335 3331 4403 λόγοι
3373 4334 3741 4405 κηρύττουσις

2154 4430 2287 4484 Τίνα
2331 4433 2447 4493 ταῖς
2495 4430 2602 4483 τῶν
2648 4429 2854 4482 πολλῶν
2901 4428 3082 4493 δόξαις
3128 4426 3605 4495 ἀντιτασσόμενον;
3638 4427 3743 4489 Τίς

2153 4527 2382 4578 αἰτεῖται
2415 4523 2541 4594 περὶ
2566 4522 2673 4574 τῶν
2702 4519 3138 4590 ἐντυγχανόντων
3167 4517 3329 4571 αὑτοῦ
3359 4517 3435 4587 τῷ
3460 4517 3745 4587 συγγράμο

2161 4635 2315 4688 ματι,
2350 4616 2423 4687 μὴ
2462 4616 2596 4685 πρὸς
2644 4620 2703 4667 τὸ
2744 4611 2947 4682 πλῆθος
2974 4611 3082 4664 τῶν
3120 4610 3535 4682 μαρτυρούντων
3578 4612 3741 4680 όρᾷν,

480 4700 673 4767 stium,
704 4717 884 4773 neque
922 4703 987 4757 ad
1019 4705 1431 4774 antiquitatem,
1464 4721 1642 4775 neque
1683 4710 2044 4764 assentiamur

2164 4711 2298 4782 μηδὲ
2348 4709 2483 4781 πρὸς
2516 4706 2614 4777 τὴν
2654 4707 2987 4778 ἀρχαιότητα
3034 4702 3273 4774 βλέπειν,
3326 4701 3457 4772 μηδὲ
3492 4701 3627 4769 πρὸς
3675 4702 3744 4755 τὸ

477 4794 609 4858 illis,
645 4794 804 4865 quasi
828 4794 934 4849 ﬁde
963 4802 1017 4850 et
1053 4810 1286 4852 assensu
1322 4798 1477 4868 longe
1507 4786 2058 4871 dignioribus?Ejus-

475 4888 597 4949 dem
626 4887 878 4955 videlicet
904 4894 990 4953 est
1018 4895 1073 4944 et
1105 4888 1222 4955 haec
1263 4891 1529 4957 scribere,
1570 4900 1625 4946 et
1678 4892 1777 4946 illa
1807 4892 2055 4962 proferre

476 4979 830 5052 studereque,
864 4988 925 5037 ut
958 4982 1077 5049 suis
1131 4983 1467 5039 novitatibus
1504 4985 1813 5040 auditorum
1848 4986 2059 5040 animos

476 5073 735 5133 conciliet
766 5092 779 5128 :
814 5074 954 5136 alios
1010 5082 1193 5135 autem
1255 5078 1523 5133 conviciis
1580 5078 1879 5147 incessere,
1932 5086 2055 5135 tan-

476 5179 640 5234 quam
703 5168 983 5227 communi
1046 5168 1325 5223 hominum
1402 5171 1644 5240 opinioni
1723 5172 2051 5227 contrarios.

477 5255 612 5315 Illud
645 5274 795 5321 vero,
816 5277 920 5314 non
946 5262 1167 5329 revereri
1195 5263 1619 5334 redargutionem
1645 5282 1711 5325 ea;
1748 5266 1899 5319 rebus
1925 5265 2054 5332 ipsis

478 5350 715 5416 petitam,
738 5367 901 5419 neque
926 5352 1376 5421 reprehensionem
1397 5354 1694 5421 hominum,
1721 5363 1776 5411 et
1802 5355 1855 5410 id
1884 5372 2055 5427 genus

479 5439 608 5502 alia,
639 5456 760 5509 qua:
785 5444 1117 5513 impotenter
1145 5446 1363 5513 eﬂ'utiit,
1399 5448 1622 5505 lectoris
1646 5448 1855 5519 judicio
1884 5449 2053 5505 relin-

479 5543 635 5598 quo:
669 5534 889 5593 cuinam
926 5552 1060 5592 vero
1088 5547 1421 5611 competant,
1472 5556 1605 5597 num
1657 5542 1757 5608 illi,
1792 5543 1885 5612 qui
1920 5550 2055 5597 tem-

482 5624 805 5705 perantiam,
856 5631 1259 5703 verecundiam,
1324 5634 1671 5705 modestiam,
1728 5650 2053 5707 omnemque

556 5800 600 5847 δ’
637 5801 749 5890 lar.
812 5821 893 5894 ut,

2161 4801 2467 4866 ἀξιόπιστον
2507 4798 2613 4852 τῶν
2648 4797 2779 4867 πρὸς
2815 4796 2876 4848 τὸ
2914 4796 3158 4866 κρεῖττον
3188 4791 3606 4863 ὑπειλημμένων
3643 4791 3747 4861 ῥέ-

2162 4912 2283 4948 πειν
2314 4897 2432 4956 ταῖς
2460 4890 2731 4961 γνώμαις;
2764 4890 2906 4959 Ἀρα
2934 4885 3028 4939 τοῦ
3068 4885 3231 4938 αὐτοῦ
3274 4885 3390 4937 ἐστι
3428 4883 3522 4936 καὶ
3562 4882 3746 4936 ταῦτα

2159 4986 2413 5055 γράφειν,
2444 4985 2535 5037 καὶ
2569 4986 2751 5036 ἐκεῖνα
2776 4978 3093 5051 προφέρειν,
3135 4976 3229 5030 καὶ
3257 4978 3374 5038 ταῖς
3405 4976 3503 5046 μὲν
3540 4974 3742 5027 ἑαυτοῦ

2159 5077 2529 5146 καινοτομίαις
2558 5075 2739 5145 ζητεῖν
2764 5074 2889 5136 τοὺς
2925 5070 3217 5133 ἀκούοντας
3244 5068 3473 5121 ἕπεσθαι
3495 5083 3509 5096 ·
3544 5066 3742 5134 φαυλί-

2157 5169 2270 5233 ζειν
2294 5168 2350 5220 δὲ
2377 5167 2537 5220 πάλιν
2558 5166 2775 5236 ἑτέρους
2802 5164 2877 5228 ὼς
2904 5166 3022 5227 ταῖς
3054 5164 3259 5225 κοιναῖς
3285 5160 3617 5231 ὑπολήψεσιν
3636 5160 3741 5213 dvo

2156 5260 2523 5323 τιὸαίνοντας·
2565 5258 2625 5311 τὸ
2663 5258 2744 5322 δὲ,
2776 5257 2858 5328 μὴ
2909 5256 3305 5326 αισχύνεσθαι
3350 5254 3456 5307 τὸν
3503 5254 3572 5306 ἐκ
3616 5251 3744 5305 τῶν

2158 5349 2516 5421 πραγμάτων
2538 5350 2810 5417 ἔλεγχον,
2844 5347 2941 5399 καὶ
2974 5346 3081 5399 τὸν
3112 5343 3486 5413 ἀνθρώπινον
3515 5344 3736 5413 ψόγον,

2164 5445 2257 5498 καὶ
2291 5446 2391 5497 ὅσα
2437 5441 2659 5495 τοιαῦτα
2703 5439 2843 5494 κατὰ
2884 5438 3046 5492 ταύτὸ
3076 5437 3427 5507 διεξέρχεται,
3469 5435 3591 5497 ταῖς
3622 5432 3739 5487 τῶν

2162 5536 2465 5591 ἀκουόντων
2520 5532 2765 5602 γνώμαις
2809 5530 3123 5584 καταλείπω
3175 5528 3395 5580 σκοπεῖν
3444 5526 3537 5577 ἐπὶ
3585 5523 3738 5587 τίνος

2162 5629 2357 5701 ἀληθές
2385 5630 2499 5683 ἐστι
2526 5626 2723 5695 λέγειν.
2760 5622 2905 5696 *Αρα
2932 5623 3025 5678 τοῦ
3056 5619 3429 5694 σωφροσύνην,
3469 5616 3565 5673 καὶ¹
3603 5631 3739 5695 κοτέ
