3920 6470
212 352 293 408 281
1313 346 1591 406 CONTRA
1630 343 2022 412 EUNOMIUM,
2058 346 2188 403 LIB.
2232 348 2273 404 ἰ.

3334 339 3445 392 sse

215 468 431 543 μιόιητα,
458 469 552 522 καί⁵
576 470 756 524 πᾶσαν
780 468 1130 541 καθαρότητα
1156 467 1333 538 ψυχῆς
1356 484 1417 520 τε
1445 466 1541 519 καὶ
1570 462 1748 533 σώμα-

1850 465 2139 534 puritatem
2171 463 2373 519 mentis
2401 469 2457 519 et
2493 460 2747 533 corporis
2792 459 3218 518 accuratissimo
3252 459 3445 517 studio

210 578 285 623 τος
313 560 391 612 διὰ
421 559 520 630 τῆς
564 560 963 631 ἀκριϐεστάτης
992 557 1315 630 ἐγκρατείας
1340 553 1757 625 νομοθετοῦντος

208 652 379 723 ὁμοίως
404 651 600 723 ἑαυτῷ,
627 652 659 722 ἢ
686 655 797 717 τοῖς
828 652 1240 722 πλησιάζουσιν,
1263 650 1297 721 ἢ
1327 648 1422 702 τοῦ
1446 646 1759 709 κελεύοντος

210 748 271 815 μὴ
294 745 538 813 παρέχειν
568 745 870 814 πράγματα
900 747 964 815 τῇ
1000 744 1157 811 φύσει
1185 742 1319 812 πρὸς
1355 740 1416 793 τὸ
1453 738 1643 793 δοκοῦν
1669 737 1759 791 διὰ

207 832 293 885 τῶν
311 832 395 883 τοῦ
422 831 672 902 σώματος
694 833 927 903 ὀρέξεων
950 831 1233 904 προιούσῃ,
1267 830 1401 900 μηδὲ
1428 828 1757 883 ἀντιϐαίνειν

205 925 304 984 ταῖς
327 922 553 991 ἡδοναῖς,
581 923 715 991 μηδὲ
735 923 1210 995 ἀκριϐολογεῖσθαι
1234 923 1361 991 περὶ
1384 923 1482 993 τὴν
1502 919 1759 991 τοιαύτην

204 1013 278 1066 τοῦ
304 1014 411 1082 βίου
441 1012 701 1082 σπουδήν
745 1015 865 1069 οὐδὲ
887 1014 995 1087 γὰρ
1020 1013 1157 1069 εἷναί
1184 1032 1305 1067 τινα
1335 1014 1537 1085 βλάϐην
1557 1013 1756 1083 ψυχῆς.

202 1104 272 1156 διὰ
296 1102 396 1155 τῶν
426 1102 684 1158 τοιούτων
718 1105 1145 1175 συνισταμένην·
1184 1104 1321 1158 ἀλλὰ
1352 1105 1521 1175 μόνην
1566 1104 1758 1175 ἀρκεῖν

202 1196 264 1265 τῷ
290 1195 555 1268 ἀνθρώπῳ
587 1196 690 1267 τὴν
723 1197 1006 1268 αἱρετικὴν
1036 1197 1218 1250 πίστιν
1260 1195 1395 1267 πρὸς
1416 1195 1757 1268 τελειότητα;

201 1285 251 1337 Ei
270 1286 319 1338 δὲ
337 1286 583 1355 ἀρνεῖται
602 1286 666 1337 τὸ
688 1286 763 1357 μὴ
784 1284 959 1349 οὕτως
980 1286 1068 1357 ἔχε
1076 1305 1123 1340 ιν
1142 1287 1325 1347 αὐτοῖς
1344 1284 1413 1338 τὰ
1426 1284 1576 1351 διδάγ
1588 1300 1753 1354 ματα,

199 1376 434 1447 εὐξαίμην
470 1377 539 1431 ἂν
574 1377 753 1446 ἔγωγε
798 1379 895 1431 καὶ
924 1378 1032 1431 τῶν
1082 1375 1489 1448 εὐφρονούντων
1530 1376 1759 1438 ἕκαστος

200 1467 452 1536 ἀληθεύειν
478 1468 647 1521 αὑτὸν
676 1470 736 1522 ὲν
770 1472 885 1533 τοῖς
913 1468 1173 1531 τοιούτοις
1214 1466 1568 1539 ἀρνούμενον.
1616 1465 1757 1518 Ἀλλ’

195 1561 278 1611 οὐκ
295 1562 537 1613 ἐάσουσιν
567 1560 719 1632 αύτῷ
758 1562 1112 1633 προχωρῆσαι
1144 1560 1244 1631 τὴν
1276 1560 1534 1632 ἄρνησιν,
1558 1560 1608 1612 οἱ
1630 1557 1760 1628 γνή-

198 1666 282 1703 σιοι
313 1651 579 1723 μαθηταί·
618 1653 654 1722 ἢ
683 1653 746 1705 τὸ
779 1652 1034 1723 μέγιστον
1066 1651 1235 1706 αὐτοῦ
1269 1650 1533 1722 θεώρημα
1575 1650 1759 1702 πεσεῖ-

195 1759 285 1809 ται,
325 1745 413 1795 καὶ
440 1744 740 1817 λυθήσεται
784 1747 821 1816 ἡ
864 1744 1035 1815 σκηνὴ
1060 1743 1168 1797 τῶν
1196 1744 1284 1797 διά
1309 1741 1468 1795 τοῦτο
1522 1740 1757 1812 μάλιστα

1860 564 2108 611 sectatur
2161 564 2217 609 et
2240 555 2420 610 sancit
2449 571 2605 625 asque
2639 554 2742 611 sibi
2794 568 2860 609 ac
2890 554 3054 610 aliis:
3108 568 3177 607 an
3211 552 3312 618 illi,
3344 553 3440 623 qui

1857 647 2019 702 docet
2050 648 2186 703 nihil
2212 650 2480 704 molestiae
2532 647 2878 703 inferendum
2930 657 3160 710 naturae,
3217 646 3442 717 quando

1859 739 2237 797 immoderatis
2294 741 2547 811 corporis
2595 738 2986 809 cupiditatibus
3039 740 3106 793 ad
3165 738 3253 804 id,
3292 739 3439 808 quod

1857 832 2162 887 collibitum
2213 843 2319 896 est,
2382 834 2591 889 fertur:
2626 848 2806 902 neque
2864 831 3231 887 resistendum
3282 831 3440 885 volu-

1857 923 2103 992 ptatibus
2128 924 2358 994 {neque
2388 925 2551 979 etiam
2580 926 2915 995 asperiorem
2938 923 3061 976 vita:
3089 922 3436 991 disciplinam

1857 1014 2232 1085 sequendam;
2298 1031 2476 1087 neque
2558 1017 2704 1072 enim
2774 1015 3055 1086 quidpiam
3123 1013 3437 1068 detrimenti

1858 1109 2095 1162 animam
2134 1122 2331 1178 capere
2362 1124 2428 1163 ex
2456 1108 2800 1178 voluptatum
2836 1122 2963 1171 usu,
3006 1105 3103 1162 sed
3144 1106 3211 1161 ad
3261 1105 3441 1175 perfe-

1857 1201 2094 1255 ctionem
2136 1192 2386 1256 suiﬂicere
2432 1201 2639 1256 homini
2672 1202 2846 1256 solam
2895 1196 3205 1255 bareticam
3257 1198 3445 1253 fidem?

1856 1289 2010 1354 Quod
2044 1290 2091 1343 si
2126 1299 2287 1359 neget
2319 1290 2459 1344 hanc
2491 1306 2616 1345 esse
2655 1305 2811 1345 suam
2844 1296 2899 1345 et
2955 1305 3182 1345 suorum
3232 1288 3440 1345 doctri-

1858 1394 2005 1441 nam,
2038 1386 2283 1447 optarem
2308 1394 2411 1449 ego
2442 1387 2498 1434 et
2528 1396 2634 1433 una
2662 1395 2855 1435 omnes
2879 1378 3008 1433 boni
3046 1395 3281 1443 mecum,
3312 1394 3441 1435 vero

1858 1467 2049 1521 isthaac
2081 1467 2292 1536 negari.
2325 1468 2428 1521 Sed
2476 1468 2702 1538 legitimi
2754 1468 2928 1538 ipsius
2983 1468 3239 1537 discipuli
3297 1484 3439 1522 nun-

1857 1573 2021 1626 quam
2088 1558 2428 1627 negationem
2464 1558 2603 1613 hanc
2633 1557 2904 1628 patienter
2937 1558 3135 1620 ferent,
3191 1558 3437 1628 alioquin

1857 1650 2154 1703 maximum
2188 1648 2455 1703 doctrina:
2504 1649 2673 1718 hujus
2709 1648 3124 1704 fundamentum
3181 1649 3440 1704 concide-

1856 1751 1961 1807 ret,
1995 1741 2499 1812 dissolvereturque
2547 1742 2704 1811 quasi
2754 1742 3169 1797 tabernaculum
3209 1750 3262 1796 et
3311 1748 3434 1796 ten-

196 1838 641 1909 προσεδρευόντων
671 1836 748 1907 τῷ
776 1837 1027 1907 δόγματι.
1066 1835 1315 1906 Ἀναιδὴς
1340 1833 1397 1888 δέ
1418 1851 1526 1897 τις,
1547 1834 1640 1887 καὶ
1664 1833 1749 1886 τὸν

1857 1835 2057 1890 torium
2094 1834 2336 1899 illorum,
2374 1833 2468 1903 qui
2502 1833 2586 1887 vel
2638 1842 2861 1903 propter
2889 1832 2995 1888 hoc
3050 1848 3217 1887 unum
3253 1833 3438 1886 Euno-

194 1929 502 1997 ἀνθρώπινον
528 1929 705 1999 ψόγον
741 1930 842 1982 οὐκ
870 1927 1285 1998 εὐλαϐούμενος,
1314 1927 1379 1980 ὲκ
1405 1926 1515 1978 τῶν
1544 1926 1605 1977 ἐν
1641 1927 1757 1979 νεόο

194 2037 292 2090 τητι
318 2020 691 2091 βεϐιωμένων,
735 2022 769 2091 ἦ
810 2022 875 2074 ὲκ
900 2020 1009 2074 τῶν
1037 2020 1176 2090 μετὰ
1201 2018 1373 2072 ταῦτα
1404 2017 1581 2087 βούλει
1630 2035 1754 2071 σκοο

1856 1925 1952 1980 mii
1985 1926 2329 1996 dogmatibus
2379 1939 2502 1980 sese
2563 1923 2914 1979 addixerunt.
2970 1922 3090 1980 Jam
3126 1938 3256 1979 vero
3308 1924 3437 1990 quis

1855 2014 2147 2088 impudens
2206 2017 2299 2082 sit,
2337 2014 2605 2085 famisque
2666 2014 2809 2086 apud
2844 2014 3096 2069 homines
3131 2014 3392 2085 prodigus
3416 2030 3437 2069 :

195 2114 458 2181 πήσωμεν;
502 2113 649 2166 ἀλλὰ
687 2113 755 2166 δι’
798 2113 1143 2183 ἀμφοτέρων,
1169 2111 1255 2164 ἐπ’
1290 2110 1451 2164 αὑτὸν
1482 2110 1547 2163 ἂν
1574 2108 1749 2181 εὕροις

1856 2122 1925 2163 an
1965 2108 2049 2164 vis
2084 2118 2143 2162 ut
2174 2115 2483 2164 statuamus
2516 2122 2583 2162 ex
2625 2106 2757 2173 illis,
2818 2121 2941 2177 quae
2995 2106 3053 2161 in
3108 2106 3434 2175 juventute:

193 2202 490 2257 ἐπανιοῦσαν
524 2204 632 2275 τῆς
674 2204 948 2268 ἀναιδείας
988 2204 1085 2275 τὴν
1133 2204 1361 2275 μέμψιν.
1394 2204 1468 2256 Οὐ
1500 2204 1569 2258 τὰ
1615 2204 1749 2258 αὐτὰ

1856 2219 1927 2258 an
1966 2220 2034 2259 ex
2066 2204 2159 2268 iis,
2196 2218 2320 2273 qua:
2348 2210 2537 2273 postea
2575 2210 2728 2272 gesta
2760 2210 2918 2257 sunt:
2955 2216 3022 2255 an
3050 2216 3117 2256 ex
3153 2203 3441 2273 utrisque?

194 2297 282 2365 γὰρ
315 2297 630 2368 ἑκατέροις,
665 2296 788 2350 οὕτε
838 2300 873 2369 ἡ
917 2298 1123 2368 νεότης,
1165 2296 1290 2351 οὗτε
1338 2297 1366 2349 ὀ
1418 2298 1555 2368 μετὰ
1578 2297 1749 2352 ταῦτα

1861 2295 1968 2351 Sed
2021 2295 2135 2351 sive
2191 2310 2258 2349 ex
2314 2294 2419 2355 his,
2473 2294 2589 2348 sive
2620 2309 2685 2347 ex
2722 2293 2832 2347 illis
2890 2293 3155 2363 judicium
3193 2294 3308 2359 fiat,
3366 2295 3438 2351 ad

196 2390 430 2459 μαρτυρεῖ
454 2388 593 2458 βίος.

1858 2389 2037 2457 ipsum
2067 2386 2252 2441 redire
2285 2385 2496 2440 videbis
2525 2383 2876 2453 impudentiae
2925 2385 3280 2440 calumniam.
3328 2385 3439 2443 Ne-

192 2496 278 2549 que
308 2482 446 2535 enim
473 2482 673 2537 eadem
702 2491 932 2554 uterque
962 2484 1130 2554 gessit
1156 2490 1249 2537 aut
1272 2483 1515 2553 juvenis,
1551 2494 1643 2537 aut
1671 2498 1735 2538 ea
1769 2487 1949 2541 aetate,
1978 2493 2100 2547 qua}
2127 2477 2269 2530 hanc
2304 2475 2580 2545 sequitur.

256 2574 651 2644 Ύπομνησάτω
678 2575 867 2628 ἑαυτὸν
884 2574 1267 2646 όλογογράφος
1296 2574 1404 2627 τῶν
1433 2591 1493 2626 τε
1532 2574 1624 2626 ἐπὶ
1652 2574 1749 2643 τῆς

1928 2568 2170 2624 Revocet
2197 2566 2567 2637 logodaadalus
2602 2565 2708 2621 sibi
2745 2566 2799 2619 in
2857 2565 3176 2621 memoriam
3216 2581 3280 2621 ea
3311 2584 3440 2638 qua:

192 2666 413 2736 πατρίδος
443 2667 592 2719 κατὰ
623 2666 712 2719 τὸν
751 2668 849 2736 τῆς
882 2668 1133 2738 νεότητος
1170 2667 1378 2737 καιρὸν,
1410 2668 1504 2719 καὶ
1540 2665 1650 2719 τῶν
1693 2667 1749 2719 ἑν

1861 2660 1914 2715 in
1947 2660 2121 2730 patria
2155 2674 2254 2715 sua
2282 2658 2502 2728 juvenis
2531 2656 2880 2727 perpetravit.
2911 2665 2968 2712 et
2999 2672 3121 2727 qua:
3164 2657 3440 2714 Constan-

191 2760 581 2811 Κωνσταντίνου
609 2758 761 2811 πόλει
786 2758 1131 2828 βεϐιωμένων
1153 2758 1323 2829 αὐτῷ’
1352 2759 1444 2811 καί¹
1464 2758 1749 2811 ἀκουσάτω

1857 2752 2131 2823 tinopoli,
2194 2750 2564 2819 intelligatque
2614 2748 2783 2803 exiis
2844 2749 2940 2817 qui
2995 2756 3219 2813 norunt,
3274 2764 3440 2819 quam

192 2850 315 2921 παρὰ
339 2851 443 2903 τῶν
468 2850 699 2903 είδότων
718 2844 805 2903 οἷα
832 2849 909 2918 τῷ
935 2849 1421 2920 συκοφαντουμένῳ
1450 2850 1747 2904 συνίσασιν.

1857 2847 2019 2915 longe
2053 2844 2261 2898 fuerint
2286 2843 2502 2896 diversa
2542 2840 2723 2895 studia
2763 2840 2907 2909 ejus,
2938 2855 3099 2910 quem
3133 2842 3249 2910 ipse
3298 2857 3430 2911 pro-

190 2944 240 2995 εξ
267 2944 316 2995 δὲ
353 2945 413 2995 ἐκ
440 2942 563 2996 τῶν
595 2942 795 3011 ἑφεξῆς
824 2942 1267 3012 ἐπιτηδευμάτων
1298 2958 1383 3005 τις
1415 2941 1585 2994 ἐθέλοι
1620 2957 1749 2993 σκο-

1858 2939 1970 2993 bris
2000 2937 2326 2992 insectatur.
2365 2933 2521 3000 Quod
2547 2932 2594 2987 si
2622 2932 2749 3001 quis
2778 2933 2906 2986 velit
2948 2931 3053 2987 hoc
3084 2932 3313 2987 definire
3365 2947 3438 2989 ex

188 3032 309 3096 πεῖν,
337 3031 495 3093 αὐτὸς
532 3031 768 3093 εἰπάτω,
797 3030 881 3093 τίς
916 3030 1065 3095 ἄξιος
1098 3031 1337 3084 τοιούτου
1377 3030 1637 3101 ὀνόματος
1659 3045 1674 3060 °
1721 3031 1749 3083 ὁ

1855 3029 1923 3084 iis
1950 3044 2072 3099 quae
2116 3035 2305 3097 postea
2356 3035 2485 3081 sunt
2517 3027 2833 3089 subsecuta,
2892 3025 3009 3094 ipse
3034 3025 3181 3079 dicat
3247 3026 3439 3091 velim,

188 3120 269 3189 τὴν
292 3122 555 3192 πατρῴαν
585 3122 772 3175 οὐσίαν
800 3122 891 3174 καὶ
920 3122 1025 3192 πρὸ
1058 3122 1159 3191 τῆς
1186 3120 1484 3193 ἱερωσύνης
1512 3122 1750 3191 ἀφειδῶς

189 3212 442 3277 ἀναλώσας
474 3216 599 3276 τοῖς
629 3213 857 3282 πένησι,
890 3214 985 3266 καὶ
1017 3213 1249 3284 μάλιστα
1281 3214 1338 3267 ὲν
1368 3212 1445 3284 τῷ
1478 3214 1577 3284 τῆς
1607 3231 1749 3267 σιτο-

187 3303 311 3367 δείας
343 3304 547 3375 καιρῷ,
581 3304 702 3357 καθ’
735 3305 794 3358 ὃν
826 3305 1113 3360 ἐπεστάτει
1137 3307 1238 3375 τῆς
1289 3306 1635 3377 Ἐκκ)ησίας,
1669 3308 1749 3362 ἔτι

187 3398 234 3449 ὲν
260 3397 328 3467 τῷ
356 3398 550 3468 κλήρῳ
576 3397 685 3451 τῶν
718 3398 1104 3469 πρεσϐυτέρων
1136 3398 1448 3469 ίερατεύων,
1484 3402 1578 3452 καὶ
1612 3400 1751 3469 μετὰ

187 3490 351 3555 ταῦτα,
386 3491 525 3562 μηδὲ
568 3492 678 3543 τῶν
712 3491 1145 3560 ὑπολειφθέντων
1181 3492 1534 3563 φεισάμενος,
1567 3494 1642 3552 ὡς
1682 3493 1750 3546 ἂν

185 3583 263 3633 ul
285 3582 439 3645 αὐτὸς
472 3582 543 3634 τὸ
567 3580 663 3633 τοῦ
716 3581 1038 3634 Ἀποστόλου
1078 3582 1444 3652 καυχήσαιτο⁶
1481 3583 1610 3635 Ὅτι
1640 3581 1751 3635 δω-

179 3675 306 3739 {cur
340 3674 528 3739 ἄρτον
567 3676 679 3727 οὐκ
712 3673 974 3743 ἕφαγον;
1011 3674 1083 3726 Ἦ
1130 3676 1159 3727 ό
1186 3668 1461 3744 προσόδων
1495 3674 1749 3745 ἀφορμὴν

184 3764 265 3832 τὴν
292 3764 380 3816 τοῦ
422 3765 705 3833 δόγματος
734 3764 1069 3834 προστασίαν
1119 3766 1524 3835 ποιησάμενος;
1554 3766 1610 3818 '0
1638 3767 1750 3818 εἱσ-

185 3854 330 3907 δύνων
360 3858 439 3919 είς
481 3856 587 3918 τὰς
616 3856 793 3919 οἰκίας
846 3855 1177 3926 αὐτόκλητος
1201 3896 1215 3920 ,
1248 3856 1367 3909 ούδὲ
1408 3858 1507 3927 τὴν
1555 3858 1620 3910 ὲκ
1650 3856 1748 3910 τοῦ

184 3946 366 4011 πάθους
397 3948 596 4018 ἀηδίαν
623 3950 689 4018 τῇ
725 3947 846 4001 καθ’
870 3946 1058 4000 ἑαυτὸν
1084 3946 1324 4017 διαγωγῇ
1360 3948 1745 4018 περιστέλλων·

182 4037 284 4088 οὐδὲ
319 4038 411 4107 τὴν
456 4038 700 4108 φυσικὴν
738 4038 844 4090 τῶν
881 4036 1235 4105 ὑγιαινόντων
1262 4037 1397 4106 πρὸς
1424 4037 1552 4100 τοὺς
1577 4037 1750 4091 τοιού-

183 4143 287 4190 τους
327 4128 687 4201 ὰποστροφὴν
716 4128 1059 4199 λογιζόμενος
1078 4169 1092 4194 ,
1131 4130 1160 4181 ό
1210 4128 1350 4182 κατὰ
1382 4128 1473 4180 τὸν
1520 4127 1749 4184 παλαιὸν

183 4222 323 4290 νόμον
350 4222 436 4274 διὰ
459 4223 567 4291 τὴν
604 4222 748 4290 ἁφὴν
775 4224 873 4293 τῆς
906 4222 1179 4291 σημασίας
1208 4221 1312 4286 ἔξω
1338 4221 1436 4293 τῆς
1470 4222 1748 4293 παρεμϐο-

181 4308 264 4378 λῆς
289 4312 389 4365 τῶν
413 4314 713 4365 οἰκούντων
741 4310 1150 4384 ἀφοριζόμενος.

1851 3122 1977 3193 quis
2008 3118 2360 3189 impudentia:
2394 3132 2591 3173 nomen
2623 3124 2898 3171 mercatur
2934 3134 2947 3170 :
2991 3116 3174 3183 illene,
3216 3116 3309 3187 qui
3340 3131 3438 3186 pa-

1851 3223 2035 3269 ternas
2068 3212 2357 3266 facultates
2379 3211 2544 3265 etiam
2571 3218 2863 3279 antequam
2899 3208 3215 3264 sacerdotio
3248 3209 3437 3264 initia-

1851 3312 2024 3366 retur,
2063 3304 2366 3358 liberaliter
2426 3304 2615 3372 egenis
2647 3300 2972 3367 distribuit;
3032 3300 3269 3356 maxime
3303 3308 3438 3358 tunc

1849 3394 2066 3466 quando
2126 3409 2319 3463 magna
2357 3408 2585 3448 annona:
2644 3392 2873 3462 penuria
2936 3392 3431 3464 exsistebatzquo

1838 3496 2097 3558 tempore
2129 3487 2394 3541 Ecclesia:
2422 3494 2678 3556 praeerat,
2728 3498 2960 3538 numero
2990 3483 3435 3555 presbyterorum

1851 3584 2029 3638 adhuc
2062 3583 2397 3645 acccnsitus,
2430 3583 2633 3653 quippe
2686 3581 2927 3651 posthaec
2964 3580 3130 3634 etiam
3171 3580 3309 3635 nihil
3349 3596 3438 3637 re-

1850 3676 2057 3746 liquum
2088 3675 2189 3728 sibi
2227 3673 2373 3737 fecit,
2408 3682 2467 3727 ut
2513 3682 2568 3728 et
2627 3675 2745 3743 ipse
2799 3672 3023 3743 gloriari
3093 3679 3277 3741 posset
3307 3688 3434 3727 cum

1848 3769 2110 3837 Apostolo
2144 3787 2155 3822 :
2191 3767 2453 3833 Quoniam
2497 3768 2663 3838 gratis
2727 3780 2913 3833 panem
2975 3780 3093 3817 non.
3110 3763 3312 3818 comedi
3340 3764 3380 3795 ¹¹
3404 3759 3429 3811 ?

1848 3863 1930 3917 An
1964 3863 2052 3917 ille
2090 3862 2274 3932 potius
2305 3860 2660 3929 impudentia:
2688 3873 2886 3912 nomen
2926 3856 3157 3919 subibit,
3188 3857 3281 3925 qui
3333 3856 3434 3910 do-

1848 3950 2039 4004 ctrina:
2085 3965 2198 4003 suae
2250 3948 2647 4017 professionem
2691 3961 2790 4016 pro
2846 3956 3057 4015 quaestu
3111 3945 3303 3999 habet?
3325 3946 3431 4010 Qui

1848 4058 1955 4097 non
1990 4049 2221 4096 vocatus
2256 4041 2312 4095 in
2352 4040 2497 4096 aedes
2546 4041 2755 4094 alienas
2790 4054 2923 4094 sese
2950 4038 3237 4104 insinuat;
3279 4038 3431 4092 inso-

1850 4134 2068 4189 lentiam
2102 4132 2229 4187 facti
2260 4132 2427 4201 hujus
2470 4146 2573 4186 suo
2622 4130 2841 4185 vivendi
2873 4129 3036 4183 modo
3073 4129 3295 4183 minimc
3344 4137 3430 4184 te-

1846 4241 2001 4297 gens,
2036 4237 2214 4294 neque
2251 4224 2413 4278 etiam
2442 4236 2607 4292 quam
2643 4221 2710 4275 ab
2740 4218 3056 4289 hujusmodi
3113 4219 3429 4275 hominibus

1848 4333 1879 4371 a
1931 4324 2127 4370 natura
2164 4313 2345 4369 aversi
2379 4314 2533 4379 sint;
2574 4312 2777 4382 quibus
2830 4326 2985 4365 meus
3040 4319 3094 4365 et
3150 4312 3290 4366 ratio
3345 4322 3430 4366 est

182 4403 367 4468 sanior,
396 4405 608 4474 cogitat
632 4403 745 4468 ille,
770 4403 861 4474 qui
896 4404 1121 4474 antiqua
1169 4405 1286 4475 lege
1316 4413 1542 4475 propter
1589 4405 2003 4462 similitudinem
2038 4402 2460 4476 significationis
2522 4418 2588 4457 ex
2665 4401 2945 4454 hominum
3015 4401 3276 4457 societate
3332 4416 3429 4457 ex-

182 4498 485 4553 terminatus
520 4506 625 4553 est.

238 4588 544 4655 Προπετὴς
592 4588 649 4641 δὲ
726 4588 913 4658 πάλιν,
968 4588 1056 4643 καὶ
1099 4587 1421 4657 ὑϐριστὴς,
1472 4591 1566 4643 καὶ
1619 4594 1740 4647 καθ’

1916 4588 2128 4642 Rursus
2164 4584 2475 4639 teiiierarius
2506 4592 2559 4638 et
2590 4583 2882 4653 injuriosus
2915 4591 2969 4638 et
3001 4582 3231 4640 subinde
3258 4585 3425 4639 etiam

179 4674 414 4746 txitspov
455 4676 741 4744 ψεύστης
780 4676 1101 4745 ὀνομάζεται
1142 4678 1292 4748 παρὰ
1330 4679 1424 4732 τοῦ
1469 4681 1742 4753 μακροθύ-

181 4779 278 4829 μως
298 4766 350 4816 ἐν
376 4765 654 4834 πραΰτητι
682 4766 807 4828 τοὺς
831 4765 1352 4836 ἀντιδιατιθεμένους
1375 4770 1739 4835 παιδεύοντος.

179 4853 315 4905 Οὕτω
354 4855 467 4926 γὰρ
494 4858 553 4906 ὲν
577 4854 656 4925 τῷ
690 4858 1083 4926 συγγράμματι
1107 4861 1217 4922 τοῖς
1240 4859 1327 4911 ἐπ’
1369 4860 1532 4915 αὐτοῦ
1563 4861 1742 4931 λόγοις

178 4944 478 5016 ἑνδιαθρύπτ
488 4963 607 4999 εται
646 4948 674 4999 ό
693 4947 965 5017 μηδεμίαν
983 4949 1206 5018 πικρίας
1224 4950 1524 5023 ὑπερϐολὴν
1540 4955 1740 5023 ἀφιεὶς,

178 5036 223 5086 ἑν
260 5032 334 5099 οἷς
384 5039 451 5091 ἄν
508 5055 557 5089 τι
599 5040 984 5109 προσενεγκεῖν
1030 5039 1306 5112 ὲξισχύσῃ.
1349 5044 1519 5099 Πόθεν
1558 5047 1739 5100 τοίνυν

175 5128 251 5177 καὶ
283 5130 343 5179 ἐκ
382 5130 559 5181 ποίων
607 5131 953 5201 πραγμάτων
993 5135 1092 5204 τὴν
1136 5134 1292 5207 ὓϐριν
1321 5136 1484 5191 αὑτοῦ
1551 5143 1647 5193 καὶ
1679 5142 1739 5194 τὸ

174 5219 421 5283 προπετὲς
454 5219 722 5291 διελέγχει
749 5238 763 5285 ;
800 5221 941 5285 Ὅτι,
973 5224 1125 5294 φησὶ,
1157 5228 1566 5296 Καππαδόκην
1591 5232 1737 5284 ὄντα

171 5320 251 5370 με,
274 5308 557 5377 Γαλάτην
582 5310 897 5379 ὠνόμασεν
922 5330 936 5344 ⁸
967 5310 1085 5369 εἶτα
1116 5316 1193 5385 τῷ
1229 5318 1464 5390 μεθορίῳ
1496 5321 1605 5375 τῶν
1629 5341 1735 5376 πα·

174 5397 346 5463 τρίδων
382 5402 489 5473 τὴν
522 5404 737 5473 οῖκησιν
767 5404 957 5474 ἔχοντα
978 5444 994 5471 ,
1035 5408 1095 5459 ὲν
1128 5407 1400 5480 ἀνωνύμῳ
1437 5412 1546 5464 τινὶ
1591 5416 1736 5482 ch-

176 5490 485 5559 νιασπινῆς
507 5493 756 5563 ἐσχατιᾷ·
778 5496 825 5546 εἰ
850 5496 970 5555 ἀντὶ
992 5496 1088 5550 τοῦ
1129 5497 1523 5568 Ὀλτισήρεως
1542 5503 1741 5557 Pald-

175 5583 272 5638 την
295 5575 578 5642 ὠνόμασεν
602 5598 617 5612 ο
650 5581 807 5657 afui-:9
830 5583 896 5655 δὴ
924 5585 1063 5651 ὅλως
1092 5588 1187 5663 καὶ
1218 5588 1377 5643 τοῦτο
1424 5596 1737 5662 προσειπεῖν

237 5749 343 5823 ³³,ιι
370 5754 565 5816 Thess.
604 5774 664 5816 ιιι
684 5798 702 5828 ,
730 5761 791 5835 8,

1847 4678 2071 4734 mendax
2105 4677 2414 4746 appellatur
2447 4674 2681 4729 Basilius
2710 4676 2778 4729 ab
2809 4676 2925 4738 illo,
2955 4676 3047 4745 qui
3072 4678 3344 4746 patienter
3369 4684 3425 4732 et

1843 4784 2124 4829 mansuete
2155 4772 2504 4827 adversarios
2536 4787 2669 4827 suos
2700 4772 2894 4826 erudit.
2923 4772 3001 4826 lta
3032 4773 3176 4827 enim
3230 4774 3284 4827 in
3321 4788 3424 4828 suo

1838 4861 1982 4915 libro
2013 4861 2080 4915 de
2110 4875 2169 4914 se
2197 4860 2457 4929 praedicat
2487 4862 2623 4921 iste.
2652 4862 2745 4929 qui
2775 4861 2981 4914 nullam
3014 4864 3237 4917 omnino
3266 4877 3422 4917 acer-

1843 4953 2033 5009 bitatis
2072 4953 2418 5009 occasionem
2474 4955 2882 5023 praetermittit,
2937 4955 3250 5024 ubicunque
3316 4956 3421 5009 ali-

1845 5061 2007 5116 quam
2042 5045 2285 5115 arripere
2335 5054 2537 5116 potest.
2579 5044 2730 5101 Unde
2792 5046 2959 5115 igitur
2992 5056 3045 5101 et
3098 5046 3298 5115 quibus
3350 5063 3420 5104 ex

1844 5136 2005 5190 rebus
2041 5138 2404 5190 temeritatem
2454 5145 2506 5189 et
2576 5135 2790 5203 injuriae
2824 5134 3127 5204 irroganda:
3176 5135 3418 5191 studium

1842 5228 2078 5296 probat?
2105 5227 2269 5294 Quia.
2300 5227 2495 5296 inquit,
2527 5243 2626 5286 me,
2648 5243 2766 5279 cum
2800 5228 2898 5279 sim
2930 5227 3241 5295 Cappadox,
3265 5245 3421 5283 voca-

1842 5319 1913 5372 vit
1937 5317 2205 5375 Galatam.
2233 5318 2428 5373 Mirum
2456 5334 2616 5388 vero,
2651 5319 2696 5373 si
2727 5334 2875 5385 eum,
2904 5320 2999 5388 qui
3052 5319 3107 5373 in
3162 5323 3419 5379 conﬁniis

1842 5410 2072 5465 duarum
2099 5410 2382 5482 regionum
2431 5409 2731 5473 habitabat,
2789 5411 2844 5463 in
2877 5411 3115 5466 obscuro
3174 5413 3414 5481 quodam

1847 5502 2214 5573 Comiaspiuw
2244 5504 2464 5575 angulo,
2501 5519 2611 5558 non
2648 5502 2977 5573 Olliserium,
3018 5508 3112 5562 sed
3162 5508 3415 5565 Gatatam

1846 5596 2189 5670 nominaVit;
2231 5596 2277 5652 si
2347 5604 2527 5651 tamen
2581 5595 2897 5666 nominasse
2950 5600 3163 5658 ostendi
3212 5611 3415 5687 potest,
