3920 6470
405 344 512 397 983

1643 328 1699 384 s.
1740 326 2068 386 casconu
2104 316 2399 388 mssast

3554 331 3664 379 28b

411 461 531 519 Non
558 458 703 516 enim
736 457 842 513 hoc
872 454 1053 527 reperi
1088 456 1142 509 in
1172 453 1376 510 nostris
1410 451 1711 516 codicibus,
1744 452 1840 507 sed
1861 460 1982 508 esto

2096 453 2468 508 ἐπιδείκνυται.
2514 451 2587 506 Οὐ
2632 447 2740 522 γὰρ
2784 440 2937 518 εὗρον
2981 447 3037 500 ὲν
3076 446 3190 509 τοῖς
3229 444 3515 518 ἡμετέροις
3574 445 3663 517 βι-

412 552 744 611 dixcritJioc
766 548 1026 605 Basilius.
1059 545 1201 601 Num
1236 552 1525 615 propterea
1551 542 1877 598 temerarius
1928 549 1984 597 et

412 644 716 712 injuriosus
756 639 1041 711 appeilari,
1082 648 1138 693 et
1182 634 1469 707 quibusvis
1514 633 1639 689 aliis
1698 631 1983 703 probrosis

412 732 794 805 cognomentis
832 730 972 785 allici
1000 729 1204 785 debet?
1230 727 1416 797 Neque
1467 723 1720 794 intelligit
1763 721 1983 792 sapiens

411 828 533 889 istc,
567 824 713 895 quod
747 837 873 878 cum
932 822 1289 893 sycophanta:
1331 819 1384 873 in
1414 818 1579 873 rebus
1615 817 1827 886 exiguis
1886 815 1987 870 ali-

414 931 575 986 quem
631 922 917 975 accusant,
970 925 1224 981 magnum
1291 908 1416 962 inde
1449 905 1812 977 patrocinium
1863 914 2031 959 ωτι..

414 1023 579 1079 quam
610 1004 815 1060 insonti
838 1003 1069 1059 exsistat
1117 1001 1216 1066 illi,
1246 999 1336 1069 qui
1365 1000 1694 1053 accusatur?
1717 995 1852 1050 Nam
1889 995 1985 1067 qui

418 1102 485 1156 ad
520 1097 892 1155 accusandum
921 1094 1180 1166 prosiliit,
1233 1094 1281 1147 is
1311 1105 1591 1160 nunquam
1638 1089 1827 1158 utique
1862 1102 1990 1159 gra-

414 1193 661 1247 vioribus
690 1186 1095 1259 praetermissis,
1132 1184 1424 1252 malignam
1460 1195 1617 1235 suam
1670 1186 1890 1249 Operam
1928 1179 1987 1233 in

416 1284 713 1341 levioribus
737 1283 1058 1341 insumeret,
1098 1277 1154 1331 in
1185 1274 1383 1346 quibus
1433 1273 1540 1329 iste
1591 1270 1986 1344 exaggerandis

418 1378 622 1432 multus
655 1381 760 1440 est,
821 1368 1163 1440 amplificans
1211 1366 1419 1420 illatam
1454 1364 1710 1434 iniuriam
1740 1403 1755 1427 ,
1812 1368 1867 1415 et
1917 1361 1987 1416 de

415 1464 700 1520 mendacio
722 1460 951 1517 mirifice
975 1457 1389 1530 pbilosophans,
1414 1464 1565 1509 ratus
1586 1453 1833 1508 eamdem
1863 1466 1987 1507 esse

415 1555 830 1618 absurditatem,
854 1552 969 1608 sive
989 1550 1058 1605 de
1075 1545 1442 1621 gravioribus,
1462 1545 1577 1600 sive
1594 1544 1664 1601 de
1692 1543 1987 1599 levioribus

416 1663 598 1703 sermo
624 1648 715 1703 sit.
754 1644 915 1700 Novit
941 1642 1087 1697 enim
1134 1639 1421 1695 institutus
1472 1653 1503 1693 a
1545 1637 1795 1707 patribus
1847 1637 1986 1701 suis,

417 1740 650 1803 Scribis,
687 1739 932 1800 inquam,
967 1742 1023 1789 et
1052 1731 1372 1792 Pharisaais,
1430 1737 1689 1785 accurate
1744 1729 1988 1783 excolam

2084 548 2251 611 ὗλίοις
2275 546 2434 601 τοῦτο
2459 545 2873 617 προσκείμενον,
2897 536 3125 593 δεδόσθω
3146 537 3204 591 δὲ
3226 537 3362 600 ὅλως
3383 537 3660 609 είρῆσθαι.

2095 638 2264 709 ’Υπὲρ
2292 637 2494 692 τούτων
2541 634 2837 708 προπετὴς,
2878 632 2973 685 καὶ
3018 630 3298 701 ὑδριστὴς,
3343 630 3438 684 καὶ
3481 630 3665 684 πάντα

2083 733 2407 804 ὀνομάζεται
2432 732 2499 786 τὰ
2526 732 2837 793 Servom-ra;
2888 726 2996 780 Καὶ
3032 725 3092 778 οὐ
3124 723 3367 793 συνίησιν
3404 724 3432 775 ό
3474 722 3665 791 σοφὸς,

2084 828 2165 881 ὃτι
2192 829 2223 895 ἡ
2253 826 2344 879 ἐπὶ
2389 826 2602 895 μικροῖς
2630 821 2782 891 παρὰ
2811 819 2906 873 τοῦ
2946 816 3284 885 συκοφάντου
3329 814 3661 883 κατηγορία,

2088 918 2330 990 μεγάλην
2360 916 2683 988 συνηγορίαν
2710 914 2808 983 τῆς
2852 910 3156 981 δεξιότητος
3193 907 3287 961 τοῦ
3322 924 3660 978 κατηγορου-

2090 1009 2252 1079 μένου
2282 1006 2643 1077 παρίστησινς
2666 1003 2741 1055 Οὐ
2782 1001 2890 1072 γὰρ
2925 999 2993 1053 ἂν
3027 998 3161 1069 πρὸς
3195 996 3528 1067 κατηγορίαν
3569 1012 3669 1047 xs-

2086 1100 2395 1171 κινημένος,
2420 1098 2527 1151 τῶν
2560 1095 2818 1166 μειζόνων
2842 1092 3171 1161 φειδόμενος,
3196 1090 3254 1142 ὲν
3273 1091 3385 1151 τοῖς
3412 1086 3670 1157 μικροτέ-

2090 1209 2202 1263 ροις
2253 1188 2547 1259 ἀπησχόλει
2598 1187 2697 1257 τὴν
2730 1183 3029 1254 πονηρίαν·
3071 1180 3212 1251 ὑπὲρ
3253 1172 3327 1233 ὧν
3356 1179 3449 1232 καὶ
3495 1176 3670 1239 πολύς

2086 1285 2252 1347 ἐστιν,
2287 1280 2528 1351 ἐπαίρων
2558 1278 2651 1331 καὶ
2673 1276 2859 1330 δεινῶν
2886 1275 2948 1327 τὸ
2992 1272 3233 1342 ἀδίκημα
3252 1309 3267 1334 ,
3307 1272 3401 1325 καὶ
3449 1268 3669 1339 σεμνῶς

2089 1374 2216 1446 περὶ
2250 1371 2342 1425 τοῦ
2382 1369 2612 1441 ψεύδους
2646 1366 2981 1438 φιλοσοφῶν,
3010 1358 3128 1417 ἴσον
3155 1365 3232 1427 είς
3274 1361 3501 1416 ἀτοπίαν
3535 1359 3669 1431 κρί-

2088 1483 2215 1527 νων,
2246 1464 2341 1517 ὲάν
2370 1479 2431 1515 τε
2470 1462 2598 1531 περὶ
2633 1458 2913 1530 μειζόνων,
2950 1457 3043 1510 ἐάν
3070 1472 3130 1508 τε
3156 1454 3285 1524 περ)⁸
3321 1454 3668 1523 μικροτέρων

2088 1557 2117 1609 ὁ
2138 1557 2315 1623 λόγος.
2350 1549 2470 1607 ﬁlios
2496 1551 2604 1621 γὰρ
2628 1549 2767 1605 κατὰ
2791 1548 2916 1611 τοὺς
2940 1546 3182 1616 πατέρας
3205 1541 3368 1598 αὐτοῦ
3391 1543 3487 1612 τῆς
3510 1540 3669 1610 αἱρέ-

2091 1664 2247 1709 σεως,
2280 1646 2405 1707 τοὺς
2432 1643 2773 1713 γραμματεῖς
2803 1639 2966 1706 λέγω,
2998 1636 3091 1690 καὶ
3117 1634 3439 1705 Φαρισαίους
3459 1671 3474 1695 ,
3504 1632 3670 1701 ἀκρι-

2091 1737 2199 1801 ϐῶς
2222 1735 2318 1807 μὲν
2333 1733 2614 1794 διυλίζειν
2629 1733 2733 1785 τὸν
2747 1730 3020 1792 κώνωπα,
3034 1726 3264 1796 ἀφειδῶς
3279 1725 3334 1777 δὲ
3347 1724 3671 1778 καταπίνειν

414 1832 657 1894 azlicem,
700 1845 757 1890 et
792 1828 949 1882 avide
994 1827 1257 1881 devorare
1298 1823 1582 1894 gibbosam
1634 1822 1983 1884 cautelam“,

2096 1828 2193 1896 τὴν
2241 1823 2458 1877 σκολιὰν
2495 1822 2787 1891 κάμηλον,
2816 1821 2913 1889 τὴν
2940 1817 3017 1887 τῷ
3065 1817 3217 1887 βάρει
3264 1816 3363 1884 τῆς
3401 1814 3670 1884 πονηρίας

415 1921 652 1991 pondere
683 1918 900 1971 malitia;
943 1924 1221 1971 onustam.
1252 1913 1425 1980 Quem
1460 1912 1599 1968 forte
1632 1913 1731 1969 abs
1781 1928 1843 1967 re
1876 1927 1986 1966 non

419 2010 585 2065 fuerit
614 2009 928 2070 admonere,
971 2016 1029 2061 ut
1056 2007 1112 2061 in
1160 2015 1350 2060 nostra
1380 2005 1658 2075 republica
1688 2005 1757 2057 ab
1794 2003 1986 2073 hujus-

412 2101 559 2154 modt
615 2099 825 2169 legibus
880 2098 1119 2153 ferendis
1168 2096 1461 2160 abstineat,
1498 2112 1567 2151 ne
1598 2096 1805 2151 scilicet
1835 2109 1989 2148 man-

414 2190 525 2257 det,
561 2200 619 2245 ut
673 2190 935 2243 tenuitate
982 2188 1068 2243 vel
1111 2187 1483 2258 magnitudine
1534 2204 1714 2242 rerum
1764 2187 1991 2243 menda-

414 2284 484 2337 cii
547 2280 873 2335 calumniam
922 2296 1027 2332 non
1079 2279 1457 2333 discernamus
1502 2298 1514 2333 :
1566 2295 1672 2333 non
1716 2282 1860 2334 enim
1915 2295 1990 2335 a3-

421 2374 660 2445 qualiter
684 2379 874 2441 peccat
900 2371 1101 2425 Paulus
1129 2371 1417 2435 mentiens,
1454 2372 1582 2426 dum
1612 2370 1839 2426 Judaico
1877 2372 1988 2426 ritu

419 2467 805 2537 purificaretur
835 2479 901 2519 eo
938 2473 1200 2533 tempore,
1252 2479 1362 2534 quo
1413 2464 1545 2518 utile
1576 2472 1694 2519 erat
1723 2465 1989 2535 quosdam

415 2557 519 2609 hac
553 2555 735 2623 specie
773 2553 993 2623 decipi;
1032 2560 1084 2608 et
1116 2551 1287 2608 Judas
1337 2554 1457 2623 ipso
1491 2555 1819 2624 proditionis
1852 2556 1988 2609 arti-

414 2649 561 2712 culo,
595 2662 718 2701 cutn
747 2644 911 2699 amici
945 2653 999 2699 et
1034 2645 1279 2699 benevoli
1312 2645 1553 2703 hominis
1585 2664 1877 2715 personam
1906 2649 1994 2702 in-

416 2737 535 2791 duit
562 2733 917 2790 ".Jlentitus
949 2744 1033 2789 est
1066 2743 1119 2788 et
1155 2732 1355 2805 Josepn
1397 2736 1662 2793 fratribus
1708 2740 1846 2801 suis.
1897 2739 1993 2794 be-

419 2828 726 2891 nevolentia
751 2825 984 2895 quadam
1020 2826 1100 2880 eis
1124 2826 1382 2892 illudens,
1447 2828 1583 2883 adeo
1637 2830 1880 2899 quidem,
1931 2838 1997 2884 ut

417 2920 579 2974 etiam
617 2935 711 2989 per
739 2917 1044 2971 Pharaonis
1070 2918 1359 2973 sanitatem
1375 2919 1586 2987 juraret
1611 2920 1676 2972 ⁸⁵.
1703 2920 1808 2976 Sed
1832 2936 1992 2975 men-

418 3014 503 3066 titi
528 3020 655 3066 sunt
682 3019 871 3066 contra
902 3010 1054 3064 illum
1087 3019 1143 3063 et
1180 3008 1375 3065 fratres
1400 3012 1475 3065 “:
1513 3012 1747 3081 primum
1770 3013 1990 3082 quidem

421 3111 619 3166 morte,
655 3109 843 3171 postea
878 3100 1146 3156 servitute
1203 3100 1252 3155 ei
1289 3099 1528 3169 decreta,
1562 3112 1621 3157 ut
1676 3104 1780 3158 alia
1827 3105 1991 3174 hujus

419 3195 638 3264 generis
656 3170 934 3247 omittam.
975 3190 1233 3245 Mentitur
1263 3207 1480 3261 quoque
1509 3192 1696 3258 Sarra,
1725 3194 1795 3250 ob
1825 3170 1996 3250 risum
2021 3170 2065 3227 C‘

422 3285 632 3355 pudore
669 3282 877 3339 suffusa
905 3284 970 3335 ¹⁶.
1009 3282 1270 3337 Mentitur
1294 3285 1437 3339 enim
1488 3301 1733 3355 serpens,
1765 3285 1881 3340 fore
1936 3294 1998 3341 ut

423 3378 589 3430 homo
632 3374 836 3427 violato
879 3372 972 3426 Dei
1029 3380 1298 3443 praecepto
1355 3375 1409 3429 in
1443 3376 1681 3429 divinam
1743 3387 1991 3431 naturam

420 3474 793 3523 convertatur.
843 3465 912 3518 At
965 3466 1109 3520 inter
1166 3466 1281 3520 haec
1334 3466 1613 3520 mendacia
1669 3468 1859 3537 ingens
1904 3476 1988 3521 est

421 3555 739 3619 discrimen,
797 3568 899 3608 nec
956 3553 1064 3608 dici
1105 3561 1304 3623 potest,
1344 3566 1644 3624 quantum,
1708 3557 1823 3611 sive
1870 3557 1998 3626 quis

424 3649 554 3703 huic
585 3649 664 3702 rei
697 3646 981 3701 veritatem
1014 3654 1263 3701 astruere
1311 3646 1443 3701 velit
1472 3661 1539 3700 ex
1570 3648 1995 3717 antiquioribus,

428 3741 546 3796 sive
573 3755 637 3794 ex
671 3738 1056 3808 praesentibus.
1112 3737 1478 3804 Quamobrem
1510 3746 1564 3794 et
1591 3754 1692 3795 nos
1739 3739 1996 3805 fatemur,

423 3830 723 3889 secundum
785 3846 1127 3886 communem
1178 3830 1321 3884 illam
1384 3830 1451 3887 de
1510 3831 1820 3888 hominibus
1864 3832 1999 3888 Pro-

422 3925 598 3994 pheta}
640 3922 1009 3979 sententiam:
1044 3922 1227 3975 Omnis
1260 3923 1411 3976 homo
1468 3924 1695 3977 mendax
1717 3924 1759 3955 ¹⁸
1782 3967 1799 3992 ,
1859 3925 2000 3979 divi-

421 4032 551 4071 num
584 4016 857 4069 hominem
907 4013 1173 4069 Basilium
1223 4014 1278 4068 in
1309 4016 1655 4071 mendacium
1715 4016 2001 4082 incidisse,-

419 4123 545 4162 cum
575 4108 862 4161 finitimam
905 4108 1180 4177 regionem
1209 4108 1449 4173 nomine,
1479 4110 1624 4179 quod
1655 4109 1792 4165 forte
1816 4108 1996 4164 fortu-

425 4214 493 4252 na
533 4206 664 4252 tunc
698 4198 963 4261 occurrit,
995 4197 1324 4267 indigitavit,
1355 4200 1665 4268 ignorantia
1714 4200 1795 4253 vel
1837 4199 1997 4253 incu-

427 4288 507 4342 ria
538 4287 773 4357 pr0pria:
824 4287 1225 4356 appellationis.
1281 4291 1351 4342 At
1383 4290 1644 4343 mentitur
1682 4291 1844 4344 etiam
1883 4290 1997 4343 Eu-

422 4379 644 4435 nomius
672 4397 684 4433 :
716 4386 771 4434 et
803 4379 1077 4449 quodnam
1128 4381 1303 4450 ipsius
1346 4392 1431 4439 est
1460 4382 1847 4438 mendacium?
1878 4384 1996 4455 ipsa

2094 1916 2526 1986 πεφορτισμένην
2548 1932 2562 1946 ο
2600 1914 2734 1985 πρὸς
2766 1913 2824 1967 ὃν
2850 1915 2951 1965 οὐκ
2980 1910 3175 1964 ἄτοπον
3204 1904 3271 1979 ἦν
3299 1910 3427 1970 ῐσως
3463 1910 3670 1969 εἰπεῖν,

2094 2012 2175 2064 ὅτι
2203 2009 2388 2061 Φείδου
2427 2008 2525 2079 τῆς
2549 2006 2802 2076 τοιαύτης
2843 2003 3158 2074 νομοθεσίας
3189 2004 3244 2055 ὲν
3274 2004 3342 2072 τῇ
3368 1999 3484 2054 καθ’
3514 2001 3669 2069 ἡμᾶς

2095 2099 2358 2169 πολιτείᾳ,
2394 2099 2454 2152 τὸ
2486 2100 2617 2168 παρ’
2641 2082 2792 2150 οὐδὲν
2818 2093 3063 2166 ἡγεῖσθαι
3096 2092 3337 2146 κελεύειν
3368 2090 3671 2161 βραχύτητι

2096 2193 2437 2264 πραγμάτιον
2454 2231 2469 2256 ,
2498 2192 2590 2245 καὶ
2622 2189 2839 2261 μεγέθει
2861 2187 3150 2259 διακρίνειν
3179 2186 3275 2257 τὴν
3301 2185 3436 2255 πρὸς
3456 2184 3516 2237 τὸ
3536 2182 3670 2251 ψεῦ-

2094 2287 2182 2347 δος
2212 2284 2491 2352 διαϐολήνο
2521 2283 2582 2336 οὐ
2611 2283 2718 2353 γὰρ
2746 2281 2941 2351 ὁμοίως
2973 2277 3274 2349 ἁμαρτάνει
3300 2276 3508 2338 Παῦλος
3533 2276 3673 2343 ψευ-

2095 2377 2334 2446 δόμενος,
2366 2374 2460 2428 καὶ
2502 2370 2803 2434 Ἰουδαικῶς
2833 2369 3180 2439 ἁγνιζόμενος
3212 2367 3305 2421 ἐπὶ
3338 2366 3527 2437 καιροῦ
3555 2364 3669 2418 τῶν

2095 2468 2378 2539 χρησίμως
2415 2464 2818 2534 ἀπατωμένων,
2848 2463 2941 2515 καὶ
2981 2460 3181 2524 Ἰούδας
3209 2461 3266 2512 ὲν
3294 2459 3371 2530 τῷ
3402 2460 3501 2529 τῆς
3530 2474 3671 2527 προ-

2095 2560 2271 2621 δοσίας
2296 2558 2471 2629 καιρῷ
2497 2557 2647 2625 φίλον
2671 2555 2763 2607 καλ⁸
2785 2554 3124 2624 προσήγορον
3154 2552 3337 2622 σχῆμα
3366 2550 3669 2620 ὑποδυόμε-

2096 2668 2205 2713 νος.
2238 2647 2533 2716 Ἐψεύσατο
2554 2645 2650 2697 καὶ
2682 2643 2876 2714 Ἰωσὴφ
2898 2644 2955 2694 ὲν
2974 2641 3352 2711 φιλανθρωπίᾳ
3373 2641 3494 2702 τοὺς
3514 2639 3671 2691 i531-

2098 2743 2229 2811 φοὺς
2272 2740 2568 2801 διαπαίζων
2590 2778 2604 2801 ,
2643 2736 2737 2789 καὶ
2782 2734 2956 2788 ταῦτα
2982 2732 3077 2804 τὴν
3120 2733 3305 2801 ὑγείαν
3341 2731 3435 2783 τοῦ
3469 2729 3673 2801 Φαραὼ

2097 2834 2488 2904 ἐπομνύμενος.
2560 2830 2697 2884 Ἀλλ’
2737 2829 3031 2899 ἐψεύσαντο
3069 2828 3164 2879 καὶ
3206 2829 3255 2879 οί
3295 2826 3511 2894 ἀδελφοὶ
3544 2826 3671 2878 κατ’

2097 2924 2295 2981 αὐτοῦ’
2335 2926 2397 2978 τὸ
2437 2925 2698 2994 πρότερον
2734 2922 2866 2993 μὲν,
2906 2920 3153 2984 θάνατον,
3207 2918 3346 2990 μετὰ
3392 2917 3563 2970 ταῦτα
3612 2916 3672 2969 δὲ

2097 3018 2338 3071 δουλείαν
2379 3016 2466 3069 διὰ
2514 3015 2606 3068 τὸν
2655 3013 2846 3082 φθόνον
2892 3010 3307 3081 βουλεύσαντεςο
3358 3010 3451 3063 καὶ
3498 3008 3675 3062 πολλὰ

2098 3110 2322 3164 τοιαῦτα
2364 3108 2506 3161 ἐστιν
2544 3108 2748 3159 εἰπεῖν’
2792 3105 3043 3175 ψεύδεται
3076 3104 3262 3175 Σάρρα
3292 3101 3674 3172 ὲπερυθριῶσα

2098 3201 2175 3271 τῷ
2200 3200 2413 3268 γέλωτι.
2443 3198 2708 3252 Ψεύδεται
2734 3198 2828 3252 καὶ
2847 3200 2874 3251 ὁ
2899 3197 3022 3267 ὄφις
3046 3196 3124 3259 είς
3151 3194 3299 3247 θείαν
3327 3192 3675 3264 μεταϐαίνειν

2100 3291 2259 3362 φύσιν
2296 3291 2385 3344 τὸν
2412 3290 2693 3361 ἄνθρωπον
2727 3292 2790 3342 ὲκ
2818 3289 2916 3359 τῆς
2946 3287 3228 3358 παρακοῆς
3261 3284 3671 3355 εἰσηγούμενος.

2098 3385 2273 3453 Πολλὴ
2306 3383 2399 3437 τοῦ
2430 3382 2658 3453 ψεύδους
2702 3384 2735 3452 ἡ
2778 3382 2913 3451 πρὸς
2951 3379 3049 3442 τὰς
3082 3377 3366 3440 ὑποθέσεις
3405 3374 3671 3445 διαφορὰ’

2098 3479 2191 3532 καὶ
2221 3477 2342 3532 οὐδὲ
2372 3477 2516 3530 ἔστιν
2554 3478 2724 3529 εἰπεῖν
2754 3476 2874 3544 ὅση,
2904 3474 3011 3527 εἴτε
3044 3475 3107 3526 ἐκ
3134 3472 3241 3539 τῶν
3270 3470 3511 3541 ἀρχαίων
3553 3468 3674 3538 διη-

2097 3567 2379 3638 γημάτων,
2405 3565 2513 3618 εἴτε
2538 3567 2602 3617 ἐκ
2628 3563 2723 3617 τοῦ
2753 3564 2846 3616 νῦν
2883 3563 2997 3633 βίου
3026 3561 3339 3631 δοκιμάζοις
3368 3558 3457 3611 τὸν
3488 3557 3669 3623 λόγον.

2099 3654 2306 3711 Οὐκοῦν
2335 3654 2429 3707 καὶ¹
2452 3656 2607 3723 ἡμεῖς
2633 3652 2915 3722 δεξόμεθα,
2934 3654 3015 3705 ὅτι
3041 3650 3182 3704 κατὰ
3209 3649 3304 3719 τὴν
3330 3648 3512 3715 κοινὴν
3543 3646 3673 3716 περὶ

2097 3748 2206 3801 τῶν
2252 3743 2551 3815 ἀνθρώπων
2586 3743 2878 3812 ἀπόφασιν,
2904 3744 2969 3814 ἣν
3012 3742 3102 3795 διὰ
3140 3740 3234 3793 τοῦ
3278 3739 3563 3812 ιῐροφήτου
3606 3736 3673 3789 τὸ

2098 3838 2321 3910 Πνεῦμα
2380 3839 2441 3892 τὸ
2491 3837 2643 3905 ἆγιον
2690 3838 3024 3905 ἀπεφήνατο,
3073 3836 3155 3888 ὅτι
3199 3831 3321 3899 Πᾶς
3361 3831 3674 3899 ἄνθρωπος

2096 3932 2392 4001 ψεύστης,
2436 3929 2529 3982 καὶ
2567 3930 2595 3981 ό
2625 3927 2716 3981 τοῦ
2750 3926 2885 3981 Θεοῦ
2933 3926 3216 3997 ἄνθρωπος
3255 3922 3553 3993 συνηνέχθη
3590 3919 3674 3990 τῷ

2096 4024 2307 4095 ψεύδει.
2342 4025 2438 4093 τὴν
2470 4022 2664 4093 ὅμορόν
2706 4038 2811 4073 τινι
2862 4019 3043 4090 χώραν
3074 4018 3283 4087 ἀγνοίᾳ.
3334 4018 3368 4085 ἢ
3400 4012 3677 4083 ὑπεροψία

2095 4118 2193 4187 τῆς
2232 4118 2328 4173 τοῦ
2352 4115 2516 4167 τόπου
2549 4112 2913 4183 προσηγορίας
2945 4111 3085 4165 κατὰ
3111 4110 3175 4165 τὸ
3216 4107 3425 4180 συμϐὰν
3466 4108 3672 4175 ἐπιφη-

2102 4208 2261 4278 μίσας
2280 4220 2295 4239 ⁸
2320 4205 2432 4259 ἀλλ’
2456 4203 2719 4273 ἐψεύσατο
2746 4203 2839 4257 καὶ
2859 4204 3144 4273 Εὑνόμιος,
3171 4201 3264 4255 καὶ
3292 4200 3341 4251 τί
3370 4198 3428 4250 τὸ
3451 4197 3674 4266 ψεῦδος

2096 4296 2275 4365 Αὐτῆς
2300 4294 2398 4364 τῆς
2437 4292 2691 4362 ἀληθείας
2725 4290 3081 4364 παραγραφὴ,
3110 4289 3198 4341 τὸν
3235 4287 3322 4341 ἀεὶ
3350 4286 3497 4347 ὄντα,
3540 4284 3677 4336 ποτὲ

2100 4387 2176 4458 μὴ
2208 4382 2346 4439 εἶναι
2381 4385 2560 4453 λέγει·
2598 4383 2688 4437 τὸν
2723 4382 2936 4454 ἀληθῶς
2958 4382 3103 4444 Υἰὸν,
3138 4378 3483 4451 ψευδώνυμον
3525 4376 3675 4445 ἔχειν

422 4470 679 4525 videlicet
706 4471 956 4525 veritatis
982 4473 1287 4542 corruptio,
1316 4474 1446 4527 dum
1479 4491 1627 4539 eum,
1652 4476 1746 4545 qui
1776 4490 1992 4544 semper

2096 4478 2193 4549 τὴν
2224 4476 2594 4548 προσηγορίαν
2615 4474 3031 4539 κατασκευάζει,
3060 4472 3150 4525 τόν
3177 4472 3400 4540 κτίστην
3428 4468 3674 4533 πάντων,

424 4571 532 4626 cst,
566 4563 862 4633 aliquando
901 4579 1015 4618 non
1070 4564 1242 4620 fuisse.
1288 4563 1441 4629 dicit,
1470 4581 1769 4652 verumque
1795 4563 1990 4620 Filium

2098 4567 2258 4622 αὑτὸν
2287 4566 2490 4634 κτίσμα
2522 4560 2678 4627 εἶναι,
2710 4564 2807 4617 καὶ
2833 4564 3058 4633 ⁸ποίημα
3095 4560 3414 4631 διορίζεται·
3450 4558 3539 4611 τὸν
3569 4574 3675 4609 κυ-

428 4652 569 4709 falso
610 4654 830 4708 nomine
862 4653 1125 4723 appellari
1185 4655 1469 4711 contendit
1507 4674 1523 4711 :
1580 4665 1995 4728 creatoremque

430 4748 673 4800 omnium
724 4755 1031 4800 creaturam
1091 4754 1147 4802 et
1176 4746 1440 4802 facturam
1498 4764 1619 4805 esse
1677 4749 1901 4816 deﬁnit;
1941 4761 2001 4806 et

420 4838 666 4892 omnium
712 4837 1005 4892 Dominum
1059 4853 1279 4894 servum
1334 4840 1500 4896 facit:
1534 4857 1770 4913 eumque
1826 4842 1915 4897 cui
1966 4856 1996 4895 a

422 4930 730 4998 naturajus
760 4929 1083 4984 dominandi
1113 4932 1394 5001 competit,
1428 4935 1484 4988 in
1530 4949 1815 4990 servorum
1842 4933 1992 4989 ordi-

420 5036 544 5075 nem
575 5021 771 5091 redigit
800 5038 814 5074 :
839 5036 968 5075 num
996 5020 1113 5076 bazc
1139 5024 1264 5078 talis
1295 5032 1349 5079 et
1390 5033 1499 5079 tam
1546 5027 1706 5081 exilis
1733 5034 1814 5081 est
1841 5040 1991 5080 men-

2103 4660 2349 4731 ριεύοντα
2372 4658 2477 4710 τῶν
2497 4657 2653 4718 ὅλων,
2681 4654 2865 4710 δοῦλον
2895 4654 3288 4725 προσαγορεύει
3310 4668 3322 4680 ·
3353 4650 3440 4704 τὸν
3475 4652 3538 4702 ὲκ
3567 4648 3678 4717 φύ-

2104 4768 2238 4814 σεως
2270 4750 2331 4801 τὸ
2361 4749 2546 4820 ἄρχειν
2575 4748 2760 4818 ἔχοντα
2780 4789 2793 4809 ,
2823 4750 2891 4818 τῇ
2922 4746 3244 4818 δουλευούσῃ
3277 4743 3432 4813 φύσει
3465 4759 3676 4809 συγκα-

2102 4841 2379 4896 τατάσσει.
2413 4836 2558 4910 *Αρα
2591 4840 2763 4909 μικρὰ
2798 4837 2890 4891 τοῦ
2920 4837 3147 4907 ψεύδους
3191 4838 3224 4906 ή
3256 4834 3519 4906 διαφορά;
3561 4834 3677 4887 Καὶ

2102 4932 2358 5000 τοσαύτη,
2400 4931 2475 4992 ὡς
2521 4928 2636 4982 ἀντ’
2667 4927 2879 4989 οὐδενὸς
2904 4924 3107 4979 οἴεσθαί
3138 4940 3291 4989 τινα,
3325 4924 3386 4976 τὸ
3413 4921 3603 4986 οὕτως,
3635 4921 3674 4993 ἢ

2097 5023 2172 5088 ὡς
2200 5022 2400 5094 ἑτέρως
2430 5019 2685 5090 ἐψεῦσθαι
2709 5019 2880 5072 δοκεῖν
2902 5032 2919 5083 ;

421 5118 566 5172 dacii
599 5117 930 5183 dilierentia,
962 5130 1023 5175 ut
1054 5135 1155 5189 pro
1183 5121 1353 5176 nihilo
1381 5122 1690 5179 ducendum
1745 5124 1837 5190 sit,
1872 5123 1986 5178 sive
2024 5122 2147 5192 quis
2170 5121 2295 5187 hoc,
2332 5121 2449 5176 sive
2480 5119 2575 5173 illo
2597 5117 2763 5173 modo
2793 5110 3139 5170 mentiatur?

493 5208 981 5266 Verumenimvero
1032 5213 1210 5268 videte
1257 5229 1442 5279 nunc,
1496 5231 1661 5285 quam
1732 5232 1878 5271 curae
1921 5216 1994 5270 sit

419 5302 625 5357 veritas
652 5304 724 5366 ei,
766 5306 859 5373 qui
889 5305 1027 5359 alios
1075 5313 1135 5357 ut
1168 5306 1432 5374 sophistas
1483 5308 1679 5362 crebro
1726 5307 1992 5363 conviciis

420 5394 653 5461 impetit.
682 5393 905 5447 Dixerat
930 5393 986 5447 in
1028 5410 1130 5449 suo
1155 5396 1417 5452 adversus
1448 5414 1572 5453 eum
1628 5400 1766 5455 libro
1819 5400 1993 5470 magi-

419 5488 535 5534 ster
585 5489 797 5548 noster,
850 5485 997 5552 quod
1048 5497 1114 5538 co
1150 5494 1428 5554 tempore,
1481 5502 1592 5557 quo
1648 5502 1736 5542 res
1772 5493 1995 5540 mutata:

496 5654 765 5727 "_Mat_tl_i.
800 5671 955 5721 χχιιι,
991 5658 1081 5712 24.
1162 5658 1201 5689 ¹³
1226 5660 1454 5727 Luc.xx,
1494 5662 1581 5718 47.

420 5731 508 5789 In,
533 5723 582 5778 ι.
646 5725 688 5757 ¹¹
719 5724 863 5781 Psal.
888 5741 1013 5795 ειν,
1058 5727 1139 5781 ll.

2181 5213 2340 5266 Ἀλλὰ
2364 5214 2457 5265 καὶ
2488 5211 2577 5264 τὸν
2602 5206 2960 5278 σοφιστικὸν
2986 5205 3142 5273 λόγον
3173 5200 3512 5265 ὲπονειδίζων
3554 5200 3674 5253 ἐτέ-

2103 5323 2233 5378 ροις,
2262 5305 2513 5376 θεωρεῖτε
2549 5303 2663 5355 οἷαν
2690 5301 2791 5369 τῆς
2820 5295 3051 5369 ἀληθοῦς
3092 5293 3413 5361 ἀποδείξεως
3438 5294 3671 5346 ποιεῖται

2098 5398 2197 5467 τὴν
2228 5396 2562 5467 ἐπιμέλειαν.
2602 5390 2769 5449 Εἶπεν
2798 5396 2856 5447 ὲν
2892 5391 2971 5463 τῷ
2998 5391 3139 5461 λόγῳ
3167 5390 3246 5460 τῷ
3279 5388 3414 5457 πρὸς
3454 5387 3611 5440 αὑτὸν
3639 5389 3671 5439 ό

2098 5488 2411 5551 διδάσκαλος
2437 5487 2611 5559 ἡμῶν,
2643 5487 2725 5540 ὅτι
2754 5486 2813 5539 ἐν
2837 5484 2916 5557 τῷ
2945 5482 3123 5555 καιρῷ
3149 5482 3247 5552 τῆς
3278 5480 3385 5534 τῶν
3414 5477 3674 5550 πραγμά-

1664 5664 1703 5695 ¹δ
1732 5664 1866 5718 Gen.
1896 5677 2026 5729 XLII,
2064 5662 2150 5718 16.
2219 5663 2261 5695 ⁸⁸
2288 5662 2423 5718 Gen.
2463 5678 2671 5729 xxxvn,
2701 5661 2793 5719 32.
2869 5660 2911 5692 ¹⁶
2944 5660 3078 5716 Gen.
3112 5675 3265 5725 xvnt,
3298 5658 3383 5715 15.
3447 5660 3490 5692 "
3527 5661 3667 5722 Gen.
