3920 6466
185 342 274 399 285

1285 332 1564 389 CONTRA
1602 331 1992 401 EUNOMIUM,
2030 335 2161 389 LIB.
2202 336 2244 390 Ι.

3292 340 3399 397 286

185 471 273 508 των
312 448 726 519 καταστροφῆς,
778 439 933 510 οὗτος
983 442 1145 502 ἆθλον
1190 446 1289 518 τῆς
1334 450 1588 514 ἀσεϐείας
1632 450 1716 521 τὴι

1832 458 1982 515 sunt,
2008 450 2111 507 iste
2132 450 2392 521 Cyzicum
2436 451 2719 521 praemium
2760 449 3055 523 impietatis
3083 462 3401 521 reportave-

183 544 389 607 Ιίύζικον
414 540 784 612 ἀπηνέγκατο.
815 540 880 592 Τί
905 538 999 594 οὖν
1029 541 1058 593 ὁ
1090 542 1212 604 τοὺς
1242 543 1495 609 σοφιστὰς
1527 542 1730 610 διελέγο

180 652 271 705 κων
300 634 469 694 ποιεῖς
503 631 677 693 Εὐθὺς
709 631 997 700 ἐπιφύεται
1019 631 1097 703 τῷ
1127 631 1231 686 τοῦ
1260 632 1451 686 ἄθλου
1484 633 1725 704 ὀνόματι,

179 726 255 777 καὶ
282 720 747 791 ωνομολογεῖσθαι
779 724 909 792 παρ’
936 721 1091 792 ἡμῶν
1121 739 1274 793 φησι,
1296 721 1358 775 τὸ
1390 721 1486 775 καὶ
1514 724 1730 777 ἀπολε-

176 814 457 881 λογῆσθαι,
494 812 597 865 καὶ
640 810 892 879 νικῆσαι
926 812 1023 866 διὰ
1057 811 1165 881 τῆς
1198 814 1585 882 αὑτολογίας,
1627 815 1727 868 καί

179 908 227 959 τὸ
249 906 311 958 ἐκ
344 902 449 970 τῆς
484 903 665 969 νίκης
693 896 886 958 ἆθλον
919 902 1015 957 διὰ
1051 903 1172 957 τῶν
1207 904 1450 974 ἀγώνων
1481 907 1727 976 κομίσα-

175 1004 314 1051 σθαι”
345 998 437 1049 καὶ
463 994 750 1066 συντίθησι
771 994 1126 1065 συλλογισμὸν
1159 995 1245 1049 διὰ
1268 995 1376 1049 τῶν
1400 997 1725 1068 ἀναντιρρή-

175 1108 281 1152 των,
299 1087 369 1151 ὡς
392 1088 591 1153 οἴεται,
624 1088 1013 1158 συμπεραίνων
1039 1086 1128 1139 τὸν
1149 1086 1326 1154 λόγον.
1355 1088 1646 1159 Εἰρήσεται
1670 1088 1728 1141 δε

174 1179 285 1233 αὐτὰ
313 1179 376 1233 τά
395 1178 768 1250 γεγραμμένα
798 1180 928 1246 παρ’
958 1176 1121 1231 αὑτοῦ
1153 1179 1244 1232 ἐπὶ
1267 1179 1482 1245 λέξεως.
1515 1182 1584 1235 Et
1615 1179 1727 1248 γὰρ

173 1272 223 1326 τὸ
250 1264 445 1336 ἆθλον,
474 1270 668 1341 φησὶν,
693 1271 867 1337 νίκης
888 1270 1020 1325 ἐστὶ
1058 1269 1365 1342 γνώρισμα
1398 1270 1497 1325 καὶ
1529 1271 1721 1337 τέλος·

168 1362 347 1430 μηνύει
372 1359 439 1411 δὲ
456 1358 577 1426 τὴν
600 1359 781 1427 νίκην
837 1352 875 1422 ἠ
918 1358 1055 1427 δίκη
1081 1377 1095 1392 ’
1120 1360 1467 1430 συνεισάγει
1486 1359 1553 1413 δὲ
1570 1360 1722 1413 πάν-

170 1471 259 1518 τως
277 1449 456 1517 ἑαυτῇ
482 1449 602 1518 τὴν
621 1451 987 1519 κατηγορίαν
1013 1451 1051 1517 ἡ
1076 1450 1212 1517 δίκη
1236 1468 1249 1480 ·
1278 1453 1310 1505 d
1332 1450 1399 1507 τὸ
1428 1443 1615 1505 ἆθλον
1635 1449 1721 1504 δι-

169 1541 303 1605 δοὺς,
330 1541 672 1608 ἀναγκαίαν
699 1536 851 1594 εἶναι
877 1538 1059 1608 φήσει
1090 1539 1187 1593 καί
1222 1539 1335 1607 τὴν
1358 1539 1717 1611 ἀπολογίαν.

168 1634 217 1686 τί
238 1628 318 1686 οὖν
347 1634 539 1702 ὴμεῖς;
580 1629 910 1699 Ἠγωνίσθαι
940 1630 1038 1700 μὲν
1071 1629 1253 1693 αὐτὸν,
1286 1630 1379 1684 καὶ
1412 1632 1551 1685 πάνυ
1589 1649 1721 1702 σφο·

166 1724 281 1793 ὁρῶς
315 1741 367 1775 τε
398 1723 492 1775 καὶ
534 1722 865 1792 ἐρρωμένως
906 1722 996 1776 τὸν
1030 1722 1261 1794 πονηρὸν
1302 1722 1488 1777 τοῦτον
1533 1724 1719 1793 ἀγῶνα

165 1789 243 1883 της
271 1814 537 1876 ἀσεϐείας,
564 1789 668 1866 ob):
691 1789 1059 1884 ἀντιλέγομεν,
1085 1789 1184 1867 καλι-
1205 1815 1267 1868 οὐ
1298 1813 1481 1885 μικρῷ
1508 1789 1591 1885 τῷ*
1616 1816 1713 1887 μό-
1749 1789 1792 1847 Β

167 1922 256 1973 τρῳ
284 1905 399 1967 τοὺς
444 1906 673 1973 ὁμοίους
721 1904 1155 1975 ὑπερϐεϐηκέναι
1198 1907 1292 1959 καὶ
1335 1907 1619 1978 ὑπερέχειν
1657 1910 1716 1961 ἐν

166 1997 253 2057 τοῖς
282 1994 415 2047 κατὰ
444 1995 551 2065 τῆς
585 1994 843 2065 ἀληθείας
875 1995 1088 2066 ἱδρῶσιν
1108 2012 1121 2026 ο
1154 1995 1266 2049 ἀλλ’
1300 1996 1418 2066 ούχὶ
1444 1998 1585 2051 κατά
1608 1997 1716 2052 τῶν

166 2084 608 2154 ἀντιτεταγμένων
647 2084 936 2156 ἐσχηκέναι
973 2084 1041 2138 τὰ
1074 2087 1400 2159 νικητήριαο
1436 2087 1717 2159 συγκρίσει

164 2173 207 2226 δὲ
226 2174 320 2226 τῶν
343 2173 767 2245 συνδραμόντων
794 2174 941 2245 αύτῷ
968 2175 1035 2227 δι’
1058 2176 1312 2239 ἀσεϐείας
1336 2178 1427 2231 ἐπὶ
1457 2177 1554 2250 τὴν
1584 2179 1718 2233 πλά-

166 2281 258 2334 νην,
291 2265 647 2336 προτερεύειν
680 2266 896 2320 πάντων
930 2269 987 2320 ἐν
1030 2269 1095 2337 τῇ
1142 2268 1430 2339 περιουσία
1462 2268 1559 2322 τοῦ
1586 2268 1718 2339 tired-

164 2357 288 2421 δούς,
331 2357 421 2410 καὶ
462 2356 617 2410 οὕτω
646 2357 831 2411 λαϐεῖν
857 2358 978 2412 ἀντὶ
1004 2358 1106 2428 τῆς
1143 2360 1223 2422 είς
1255 2359 1315 2411 τὸ
1358 2360 1521 2413 κακὸν
1552 2362 1718 2432 ὑπερ-

165 2448 295 2519 ϐολῆς
326 2444 483 2502 ἆθλον
526 2450 635 2520 τὴν
664 2448 933 2513 Κύζικον·
977 2449 1055 2513 ὡς
1094 2450 1309 2504 πάντων
1344 2451 1452 2504 τῶν
1490 2452 1580 2506 ἐπὶ
1605 2455 1716 2516 τοῖς

164 2540 332 2609 ὁμοίοις
376 2540 522 2594 κατά
576 2541 678 2612 τῆς
727 2540 984 2611 ἀληθείας
1034 2541 1432 2612 κονισαμένων,
1463 2543 1523 2596 τὸ
1557 2543 1717 2596 πλέον

165 2633 344 2704 έχοντα,
370 2634 465 2687 καὶ
496 2634 599 2687 ἐπὶ
626 2636 694 2704 τῇ
719 2632 847 2705 νίκῃ
877 2632 1017 2687 κατά
1047 2635 1145 2705 τὴν
1173 2633 1517 2704 βλασφημίαν
1552 2636 1718 2705 ἀναρ-

166 2726 361 2795 ρηθῆναι
390 2724 639 2796 λαμπρῷ
669 2725 763 2779 καὶ
789 2726 1076 2796 περιφανεῖ
1097 2724 1174 2796 τῷ
1198 2725 1531 2797 κηρύγματι,
1553 2726 1609 2777 ἐν
1640 2724 1717 2796 τῷ

167 2816 324 2885 μισθὸν
352 2817 453 2886 τῆς
487 2816 729 2879 ἀτοπίας
757 2816 903 2886 αὐτῷ
933 2815 1085 2886 παρά
1111 2816 1216 2869 τῶν
1247 2816 1417 2879 οὕτως
1455 2816 1718 2883 ἀγωνοθε-

164 2908 364 2961 τούντων
385 2907 745 2977 ἐξαιρεθῆναι
773 2906 870 2979 τὴν
895 2905 1154 2970 Κύζικονυ
1172 2905 1263 2959 καὶ
1277 2904 1356 2956 ὅτι
1380 2905 1548 2958 ταῦτα
1577 2904 1716 2959 κατὰ

163 2996 243 3066 τὴν
282 2995 538 3069 ῥηθεῖσαν
572 2995 810 3050 διάνοιαν
846 2997 975 3067 παρ’
1006 2995 1163 3064 ἡμῶν
1196 2994 1572 3065 ὡμολόγηται,
1606 2994 1716 3048 δείυ

164 3103 319 3139 κνυσιν
343 3089 370 3140 ὁ
398 3087 679 3158 ἡμέτερος
704 3086 860 3155 λόγος
881 3102 893 3115 ’
919 3088 999 3141 ὅτι
1055 3085 1335 3150 ἀσεϐείας
1367 3080 1574 3151 ἆθλον,
1598 3087 1717 3157 οὐχὶ

162 3178 424 3245 ἀπολογίας
467 3177 813 3250 κατόρθωμά
850 3195 1028 3248 φαμεν
1068 3176 1216 3248 αύτῷ
1256 3177 1578 3247 γεγενῆσθαι
1617 3175 1716 3246 τὴν

164 3270 384 3332 Κύζικον.
418 3270 484 3323 Τί
516 3266 617 3323 οὖν
651 3270 826 3322 κοινὸν
856 3269 967 3339 ἔχει
1001 3268 1066 3321 τὰ
1101 3265 1715 3338 παρ’ἠμῶνείρημένα*

163 3359 467 3431 παιδαριώδη
497 3359 713 3430 ταύτην
751 3358 859 3412 τῶν
893 3359 1238 3430 σοφισμάτων
1268 3358 1501 3429 πλοκὴν·
1530 3359 1603 3422 ὡς
1629 3358 1716 3412 διὰ

162 3448 292 3502 τοῦτο
322 3450 589 3519 συστῆναι
628 3448 773 3518 αὐτῴ
813 3449 905 3501 καὶ
932 3449 1030 3519 τὴν
1057 3449 1213 3519 δίκην
1231 3487 1245 3512 ,
1276 3449 1368 3501 καὶ
1396 3448 1496 3519 τὴν
1524 3447 1715 3501 απολο-

162 3539 260 3607 γίαν
280 3540 719 3594 κατεσκευάσθαι
741 3557 755 3606 ;
783 3538 1008 3609 Ὅμοιον
1028 3540 1137 3611 γὰρ
1160 3540 1219 3592 τὸ
1246 3540 1504 3603 τοιοῦτον,
1530 3540 1716 3612 ὥσπερ

162 3632 212 3683 ἀν
240 3648 312 3693 τις
352 3631 410 3685 ὲν
452 3631 747 3701 συμποσίῳ
794 3630 960 3683 πλείω
997 3629 1105 3683 τῶν
1138 3629 1312 3683 ἄλλων
1352 3630 1442 3683 τὸν
1482 3632 1715 3701 ἄκρατον

163 3722 494 3793 ἐγχεάμενος,
548 3723 641 3775 καὶ
685 3721 772 3774 διά
812 3719 970 3773 τοῦτο
1017 3719 1195 3791 γέρως
1240 3721 1382 3784 τινὸς
1426 3720 1564 3775 κατὰ
1607 3721 1715 3773 τῶν

162 3815 559 3885 συμμεθυόντων
599 3813 880 3877 ἀξιωθεὶς,
905 3813 1002 3884 τὴν
1040 3816 1096 3867 ἐν
1127 3814 1204 3883 τῷ
1236 3813 1519 3883 συμποσίῳ
1558 3813 1716 3883 νίκην

160 3908 425 3977 τεκμήριον
454 3908 667 3957 ποιοῖτο
685 3903 775 3957 τοῦ
800 3904 895 3957 καὶ
916 3906 973 3959 ἐν
996 3904 1363 3976 δικαστηρίοις
1384 3902 1712 3973 δεδικάσθαι,

161 3998 236 4049 καὶ
273 3998 561 4070 ὑπερέχειν
606 3996 983 4066 δικασάμενον.
1036 3997 1279 4062 Ἐξέσται
1325 3996 1432 4067 γὰρ
1480 3999 1713 4067 κάκείνῳ

160 4086 238 4156 τὴν
288 4088 491 4159 πλοκὴν
547 4086 640 4140 τοῦ
694 4086 1051 4157 συλλογισμοῦ
1117 4088 1485 4159 μιμήσασθαι·
1536 4090 1597 4141 Ei
1655 4089 1713 4143 τὸ

160 4170 292 4230 ἆθλον
320 4179 475 4248 νίκης
506 4178 626 4230 ἐστὶ
658 4178 943 4248 γνωρίσμα
976 4178 1069 4231 καὶ
1098 4178 1282 4241 τέλος·
1314 4177 1505 4250 μηνύει
1527 4178 1581 4230 δὲ
1614 4178 1712 4250 τὴν

165 4269 289 4338 ὠιην
313 4272 344 4340 ἡ
367 4271 493 4340 δίκη
517 4285 533 4299 ’
566 4268 874 4337 συνεισάγει
897 4269 952 4323 δὲ
981 4269 1195 4332 πάντως
1224 4271 1390 4340 ἑαυτῇ
1419 4270 1517 4340 τὴν
1546 4286 1711 4340 κατη-

160 4359 373 4430 γορίανὴ
402 4362 533 4431 δίκη
558 4378 573 4390 ·
602 4361 828 4430 ἐνίκησα
852 4361 949 4429 τὴν
981 4360 1135 4430 δίκην
1164 4358 1297 4428 ἐγὼ,
1329 4360 1513 4430 ἐπειδὴ
1543 4360 1711 4415 πίνων

161 4448 395 4523 ἑπέσθην
431 4454 491 4505 ἐν
526 4452 605 4524 τῷ
642 4453 739 4523 τῆς
769 4452 1101 4515 πολυποσίας
1130 4451 1323 4521 ἀγῶνι.

212 4730 339 4783 Ἀλλ’
373 4730 494 4802 ἐρεῖ
526 4745 614 4792 τις
646 4726 861 4792 πάντως
900 4725 1035 4797 πρὸς
1070 4725 1161 4779 τὸν
1199 4722 1339 4779 οὕτω
1381 4723 1711 4790 καλλωπιζό-

164 4837 317 4888 μενον,
364 4825 447 4876 ὅτι
496 4820 649 4875 ἄλλοι
698 4817 907 4886 ἀγῶνες
946 4818 1005 4870 ἐν
1047 4816 1399 4887 δικαστηρίῳ,
1435 4815 1528 4869 καὶ
1553 4814 1710 4880 ἄλλος

156 4913 326 4981 τρόπος
347 4913 448 4982 τῆς
483 4914 542 4965 ἐν
579 4910 904 4981 συμποσίοις
928 4907 1207 4978 ἀθλήσεως
1235 4924 1248 4937 ·
1294 4909 1389 4960 καὶ
1426 4909 1455 4959 ὁ
1482 4908 1710 4977 νικήσας

158 5002 228 5055 διὰ
251 5007 344 5076 τῆς
372 5005 621 5067 κύλικος,
651 5002 805 5057 οὐδὲν
852 5002 965 5072 ἔχει
1011 4998 1171 5053 πλέον
1205 4998 1269 5052 ἐκ
1321 4999 1416 5068 τῆς
1460 4996 1714 5067 τοιαύτης

158 5094 285 5164 νίκης
312 5096 422 5147 τῶν
454 5098 514 5148 ἐν
539 5092 910 5164 δικαστηρίοις
937 5088 1404 5161 ἀντιτεταγμένων
1426 5088 1594 5160 αὐτῷ’
1612 5088 1715 5141 κάν

154 5200 222 5246 τις
246 5190 475 5251 ἀνθίνοις
512 5186 796 5256 στεφάνοις
836 5183 1259 5253 ἐπαγλαῖσηται.
1291 5179 1498 5234 Οὐκοῦν
1544 5178 1662 5232 οὐδὲ
1686 5179 1715 5231 ὁ

157 5277 374 5349 τῷλόγῳ
400 5280 505 5349 τῆς
546 5276 800 5339 ἀσεϐείας
850 5275 956 5329 τῶν
1003 5274 1205 5344 ὁμοίων
1252 5271 1712 5344 προτεταγμένος,

156 5369 239 5440 ἠδη
261 5373 348 5424 καὶ
377 5370 475 5424 τοῦ
504 5373 560 5424 ἐν
588 5371 656 5440 τῇ
681 5369 857 5440 κρίσει
888 5365 1232 5437 νενικηκέναι
1273 5363 1360 5417 διὰ
1406 5362 1498 5416 τοῦ
1546 5361 1709 5416 ἄθλου

159 5458 381 5527 ἀσεϐείας
403 5464 505 5533 τὴν
537 5459 841 5532 μαρτυρίαν
869 5458 1184 5529 παρέχεται.
1210 5452 1275 5507 Τί
1302 5449 1395 5509 οὖν
1424 5454 1713 5524 συνηγορεῖ

158 5556 213 5623 τῇ
242 5556 310 5628 μὴ
357 5558 586 5628 ῥηθείσῃ
632 5553 901 5623 ἀπολογία
945 5554 977 5623 ἡ
1012 5549 1106 5603 τοῦ
1146 5548 1398 5621 προέχειν
1447 5546 1607 5600 αὐτὸν
1650 5547 1708 5598 ἐν

159 5634 363 5720 ἁῗόεϐείᾳ
390 5650 519 5719 παρ’
547 5646 703 5717 ἡμῶν
737 5642 1049 5715 μαρτυρίας
1114 5641 1177 5692 Ei
1220 5638 1319 5709 μὲν
1359 5637 1467 5706 γάρ
1511 5634 1708 5688 ἀπολο-

158 5737 442 5807 γησάμενος
466 5737 597 5808 πρὸς
623 5735 750 5800 τοὺς
780 5734 1076 5798 δικαστὰς,
1106 5729 1200 5785 καὶ
1232 5728 1338 5782 τῶν
1385 5729 1701 5793 ἀντιτεταγ-

1830 542 1920 596 rit.
1949 542 2089 609 Quid
2124 542 2289 610 igitur
2318 543 2447 612 agit,
2484 545 2577 612 qui
2622 544 2745 598 aliis
2778 544 3149 613 SOpbistarum
3199 560 3401 601 nomen

1836 633 2070 703 objicit?
2102 632 2299 687 Statim
2328 644 2544 704 arrepto
2571 636 2776 702 prwmii
2818 635 3108 701 vocabulo,
3139 637 3401 693 tenaciter

1828 725 1879 779 ei
1910 725 2161 786 inhaeret,
2191 735 2245 780 et
2270 741 2372 781 nos
2402 726 2648 780 confiteri
2681 728 2778 788 ait,
2814 729 2953 795 quod
2994 742 3088 793 pro
3127 742 3182 780 se
3211 727 3396 795 apolo-

1827 817 1974 886 giam
2005 816 2335 880 instituerit,
2360 825 2408 870 et
2435 832 2525 884 per
2567 817 2864 885 apologiam
2910 815 3191 870 obtinuerit
3237 819 3400 871 victo-

1828 906 1991 969 riam,
2026 907 2301 974 pra’mium
2336 906 2475 959 enim
2509 906 2741 960 victoria:
2770 907 3030 974 reportari
3052 922 3116 959 ea:
3154 909 3400 961 certanti-

1826 993 1981 1047 nibus
2008 1009 2027 1048 :
2063 1004 2117 1050 et
2145 1010 2268 1049 mox
2301 995 2673 1066 syllogismum
2704 996 2942 1060 conﬁcit,
2970 1003 3025 1051 et
3054 1004 3113 1051 ut
3145 996 3262 1067 ipse
3291 998 3397 1052 sibi

1826 1084 2140 1154 persuadet,
2176 1102 2241 1139 ex
2273 1086 2599 1141 certissimis
2619 1095 2671 1141 et
2694 1087 3038 1143 evidentibus
3088 1089 3399 1144 conclusio-

1826 1191 1949 1229 nem
1978 1175 2160 1231 infert.
2196 1174 2458 1231 Recitabo
2493 1184 2676 1231 autem
2713 1177 2781 1231 ad
2835 1178 3065 1232 verbum
3100 1194 3220 1249 qute
3255 1180 3396 1234 scri-

1825 1265 1970 1335 psit:
2012 1264 2072 1320 Si
2094 1266 2254 1329 enim,
2296 1266 2494 1336 inquit,
2530 1267 2806 1335 prwmium
2826 1277 2902 1320 est
2937 1268 3146 1337 signum
3174 1276 3224 1322 et
3269 1269 3395 1337 ﬁnis

1824 1358 2080 1424 victoriae,
2099 1356 2363 1427 judicium
2389 1374 2507 1412 vero
2532 1358 2816 1411 victoriam
2865 1358 3057 1422 innuit,
3092 1361 3391 1415 necessario

1824 1458 1999 1500 autem
2048 1448 2313 1517 judicium
2371 1450 2704 1517 conjunctam
2758 1447 2911 1501 habet
2960 1450 3395 1503 accusationem:

1822 1541 2078 1608 sequitur,
2120 1542 2287 1609 utqui
2318 1541 2553 1595 concedit
2603 1542 2766 1594 alicui
2797 1543 3098 1610 prwmium,
3135 1544 3180 1595 is
3226 1543 3391 1596 etiam

1822 1632 2055 1700 fateatur
2098 1633 2403 1687 institutam
2445 1648 2557 1687 esse
2594 1632 2892 1703 apologiam
2930 1642 2978 1687 et
3012 1633 3387 1701 defensionem.

1822 1722 1960 1790 Quid
1988 1722 2152 1794 igitur
2172 1724 2238 1777 ad
2262 1723 2376 1779 baac
2400 1722 2543 1779 nos?
2569 1738 2843 1794 pugnasse
2875 1723 3061 1788 istum,
3094 1732 3147 1778 et
3169 1723 3390 1793 quidem

1820 1815 1974 1870 valde
2014 1816 2265 1881 viriliter,
2301 1823 2355 1869 et
2402 1830 2664 1885 generose
2712 1816 2851 1869 bane
2878 1814 3255 1871 detestandam
3288 1815 3390 1868 im-

1818 1910 2037 1979 pietatis
2067 1922 2323 1978 pugnam,
2352 1922 2461 1962 non
2490 1908 2632 1961 imus
2657 1908 2890 1971 inficias,
2923 1922 3021 1962 nec
3075 1907 3387 1971 abnuimus,

1817 2014 1943 2054 eum
1974 1996 2171 2069 grandi
2201 1996 2489 2051 intervallo
2527 2011 2817 2065 superasse
2843 1996 2980 2049 alios
3005 1996 3060 2049 in
3087 1996 3391 2050 certamine

1819 2096 2017 2144 contra
2049 2088 2356 2152 veritatem,
2386 2084 2481 2141 sed
2506 2086 2781 2148 addimus,
2808 2094 2922 2139 tum
2955 2101 3061 2139 non
3087 2085 3391 2141 obtinuisse

1818 2181 2052 2236 devictis
2100 2179 2431 2235 adversariis
2481 2180 2595 2233 suis
2651 2179 2925 2247 palmam:
2976 2176 3211 2231 fatemur
3256 2178 3387 2233 item

1818 2272 2233 2342 comparatione
2286 2270 2566 2325 sociorum
2635 2270 2689 2322 in
2728 2268 3020 2338 impietatis
3071 2268 3253 2323 studio
3281 2269 3396 2339 pal-

1818 2378 1961 2418 mam
2030 2361 2378 2433 praeripuisse
2429 2359 2713 2421 omnibus,
2761 2368 2950 2427 utpote
3005 2358 3062 2413 in
3090 2359 3392 2417 mendaciis

1817 2452 2373 2510 exercitatissimum:
2403 2459 2456 2505 et
2484 2451 2565 2506 sic
2603 2451 2673 2504 ob
2698 2451 2994 2521 impietatis
3045 2450 3391 2505 immensita-

1817 2548 1927 2596 tem
1972 2541 2348 2610 episcopatum
2409 2540 2761 2610 Cyzicensem
2811 2540 3015 2609 praemii
3064 2540 3188 2595 loco
3233 2556 3393 2596 accc--

1817 2629 2008 2700 pisse:
2042 2635 2302 2699 tanquam
2340 2628 2516 2691 illum,
2568 2628 2663 2699 qui
2711 2643 2922 2693 omnes,
2960 2629 3013 2682 in
3049 2630 3239 2683 eodem
3289 2629 3390 2684 ad-

1816 2736 2008 2777 versus
2038 2722 2320 2776 veritatem
2350 2721 2575 2790 pulvere
2605 2720 2961 2785 desudantes,
2991 2720 3148 2791 longe
3176 2732 3299 2790 post
3331 2737 3391 2777 se

1815 2811 2121 2880 reliquerit,
2170 2810 2483 2880 illustrique
2540 2820 2591 2864 et
2634 2809 2915 2879 splendido
2948 2812 3220 2879 praeconio
3265 2826 3392 2881 pro-

1817 2903 2132 2968 clamatum,
2171 2903 2413 2956 muneris
2476 2902 2619 2965 loco,
2676 2902 2748 2955 ob
2811 2901 3073 2972 impietati
3132 2914 3388 2956 navatam

1818 3008 2062 3063 operam,
2111 3009 2138 3046 a
2168 2992 2447 3062 judieibus
2511 2992 2769 3046 donatum
2800 3007 2921 3047 esse
2979 2991 3199 3065 Cyzico.
3233 2993 3390 3059 Quod

1820 3083 1923 3137 hac
1953 3092 2133 3135 mente
2160 3088 2213 3137 et
2243 3081 2514 3136 sententia
2564 3080 2679 3135 haec
2715 3080 3005 3147 fateamur,
3060 3098 3124 3136 ex
3182 3082 3390 3140 nostris

1816 3173 2000 3229 verbis
2027 3173 2216 3242 liquet,
2245 3187 2369 3225 cum
2399 3172 2755 3237 aflirmamus,
2801 3170 3059 3243 Cyzicum
3110 3173 3189 3226 illi
3224 3174 3390 3229 obve-

1818 3268 1991 3332 nisse,
2025 3276 2082 3323 ut
2105 3269 2386 3337 praemium
2410 3268 2725 3335 impietatis,
2780 3283 2889 3321 non
2939 3276 2999 3322 ut
3033 3268 3294 3339 apologia:
3337 3279 3389 3324 et

1816 3359 2151 3415 defensionis
2208 3360 2708 3414 bonestamentum.
2763 3357 2905 3425 Quid
2961 3359 3127 3430 igitur
3199 3369 3389 3415 nostra

1816 3453 1992 3505 oratio
2038 3467 2325 3507 commune
2360 3450 2525 3506 habet
2572 3467 2695 3506 cum
2729 3452 3031 3520 puerilibus
3083 3453 3244 3509 istius
3291 3468 3386 3509 so-

1818 3545 2145 3615 pbismatum
2194 3544 2470 3607 versutiis,
2527 3544 2685 3613 quasi
2745 3543 2869 3598 inde
2931 3552 3211 3613 sequatur,
3262 3561 3386 3601 eum

1817 3636 2049 3691 subiisse
2073 3634 2360 3703 judicium,
2390 3644 2442 3691 et
2467 3650 2587 3689 sese
2610 3634 2953 3691 defendisse?
2982 3635 3214 3691 Perinde
3237 3638 3385 3693 enim

1818 3728 1918 3781 hoc
1945 3738 2045 3788 est,
2079 3742 2141 3781 ac
2172 3726 2217 3780 si
2258 3726 2382 3795 quis
2426 3726 2479 3779 in
2525 3728 2774 3782 convivio
2826 3727 2947 3796 plus
2984 3729 3094 3782 vini
3156 3729 3375 3784 eteteris

1820 3822 2098 3886 hauriens,
2134 3827 2188 3874 et
2230 3820 2300 3875 ob
2331 3820 2434 3874 hoc
2479 3820 2623 3875 dono
2674 3820 2857 3890 aliquo
2902 3835 2932 3874 a
2974 3822 3389 3890 eompotoribus

1815 3911 2137 3975 honoratus,
2172 3910 2455 3964 victoriam
2498 3910 2646 3964 illam
2692 3912 2749 3966 iu
2803 3912 3053 3967 convivio
3097 3912 3381 3978 proferret,

1817 4012 2072 4074 tanquam
2099 4009 2478 4073 argumentum
2532 4002 2775 4058 victoriae
2834 4003 2891 4057 in
2928 4001 3047 4058 foro
3081 4013 3132 4059 et
3176 4002 3386 4072 judicio

1815 4095 1885 4150 ab
1914 4095 2245 4149 adversariis
2269 4094 2471 4147 relatze.
2506 4092 2805 4149 Possumus
2828 4109 3063 4163 namque
3085 4094 3385 4165 syllogismi

1813 4183 1984 4253 ipsius
2022 4190 2358 4237 structuram
2393 4180 2623 4234 imitari:
2648 4179 2703 4234 Si
2730 4180 3011 4251 praemium
3039 4192 3120 4235 est
3147 4182 3382 4238 victoris

1813 4275 2027 4346 signum
2058 4284 2113 4329 et
2138 4273 2263 4327 linis
2284 4312 2300 4336 ,
2336 4273 2623 4327 victoriam
2657 4280 2838 4325 autem
2874 4271 3381 4342 innuitjudicium;

1812 4374 1865 4417 et
1898 4364 1942 4419 si
1975 4364 2244 4433 judicium
2278 4362 2595 4419 necessario
2638 4362 2991 4430 eonjunctam
3025 4362 3188 4418 habet
3220 4378 3382 4418 accu-

1740 4478 1785 4534 ι)
1816 4457 2104 4519 sationem.
2130 4456 2340 4512 obtinui
2371 4471 2505 4512 sane
2559 4471 2662 4526 ego
2705 4457 3011 4522 victoriam,
3059 4473 3183 4511 eum
3238 4458 3384 4513 inter

1815 4548 2132 4621 potandum,
2161 4556 2215 4603 et
2252 4548 2308 4603 in
2342 4548 2664 4618 poculorum
2695 4550 2992 4604 certamine
3036 4564 3242 4605 corona
3298 4566 3380 4606 re-

1814 4637 2040 4692 dinitus
2067 4636 2192 4691 sim.

1886 4726 1993 4783 Sed
2023 4727 2095 4781 ita
2118 4725 2373 4798 glorianti
2393 4733 2646 4781 occurret
2674 4725 2965 4797 derepente
2986 4726 3208 4797 aliquis,
3241 4726 3379 4783 alias

1813 4831 1936 4872 esse
1973 4832 2181 4887 pugnas
2244 4816 2299 4871 in
2345 4816 2463 4870 foro
2503 4824 2557 4871 et
2608 4817 2797 4884 curia;
2852 4818 3127 4888 aliumque
3154 4831 3379 4871 concer-

1813 4908 1960 4963 tandi
2015 4907 2235 4963 modum
2263 4914 2317 4963 et
2352 4924 2557 4963 morem
2585 4909 2638 4963 in
2673 4909 2976 4976 conviviis;
3002 4924 3179 4978 neque
3208 4907 3379 4963 victo-

1808 5016 1923 5056 rem
1972 5002 2028 5055 in
2081 5002 2377 5071 symposiis
2421 5002 2492 5056 ob
2546 5001 2600 5056 id
2659 5002 2870 5057 meliori
2925 5002 3045 5056 loco
3098 5015 3221 5056 esse
3264 4999 3378 5055 suis

1810 5093 2140 5149 adversariis
2164 5094 2219 5148 in
2260 5094 2411 5160 foro;
2443 5095 2659 5150 etiamsi
2692 5110 2861 5165 supra
2888 5094 3104 5149 modum
3144 5108 3378 5149 suaveo-

1809 5185 2037 5239 lentium
2078 5184 2271 5239 ﬂorum
2332 5186 2493 5240 sertis
2535 5186 2770 5241 exsultet
2819 5193 2873 5241 et
2922 5186 3136 5255 gestiat.
3177 5184 3380 5250 Quam-

1811 5274 1999 5329 obrem
2041 5290 2217 5343 neque
2265 5274 2333 5340 is,
2385 5274 2477 5344 qui
2522 5273 2797 5344 impietate
2839 5273 3053 5327 caeteris
3100 5270 3375 5341 praestitit,

1808 5365 2015 5420 idcirco
2066 5364 2198 5417 illud
2233 5365 2527 5435 impietatis
2560 5366 2843 5434 praemium
2875 5372 3151 5419 ostentare
3175 5371 3377 5433 potest,

1806 5463 2066 5526 tanquam
2105 5458 2316 5528 signum
2352 5457 2595 5511 victoria:
2639 5456 2695 5509 in
2738 5453 2945 5525 judicio
2995 5454 3235 5523 legitimo
3282 5454 3379 5509 ob-

1808 5556 1992 5602 lentae.
2047 5547 2187 5614 Quid
2236 5548 2400 5617 igitur
2452 5545 2839 5601 eommentitim
2902 5546 3073 5615 ipsius
3114 5544 3380 5616 apologize

1807 5636 2104 5705 adjumeuti
2135 5636 2217 5690 vel
2248 5635 2495 5691 utilitatis
2521 5634 2673 5689 affert
2692 5634 3059 5690 testimoniqu
3095 5643 3372 5691 nostrum.

1811 5744 1919 5795 quo
1966 5726 2216 5793 fatemur,
2260 5726 2432 5797 ipsum
2494 5726 2732 5799 reliquos
2786 5725 3082 5783 sceleribus
3123 5731 3377 5782 anteces-
