3920 6458
465 341 569 395 287

1683 347 1741 402 S.
1781 343 2107 403 GREGORII
2144 343 2431 405 NYSSENI

3612 354 3720 409 283

465 452 643 511 tisse?
676 453 731 509 Si
769 455 911 509 enim
946 462 1066 525 post
1116 470 1202 511 sui
1228 456 1370 528 apud
1408 456 1621 527 judices
1668 458 2032 516 defensionem

2134 466 2295 534 μένων
2310 462 2609 534 κρατήσας,
2656 462 2826 528 οὕτως
2851 463 3065 529 ἐδέξατο
3099 464 3198 538 τὴν
3225 467 3317 523 ἐπὶ
3362 448 3588 543 Κυζίκῳ
3636 488 3723 526 τις

463 556 520 603 et
552 549 980 615 excusationem,
1018 548 1232 604 devicta
1261 558 1416 621 parte
1453 551 1700 619 adversa,
1750 551 2038 624 Cyzicensi

464 636 674 692 honore
721 638 1013 694 decoratus
1064 639 1278 703 fuisset,
1328 649 1461 695 tunc
1514 641 1652 697 forte
1689 657 1797 697 non
1848 645 2045 698 intem-

462 730 672 799 pestive
731 732 935 786 nostris
987 732 1166 787 verbis
1219 740 1412 786 contra
1472 749 1573 789 nos
1626 743 1871 790 uteretur
1922 755 1935 791 :
1996 736 2041 792 si

464 830 644 874 autem
696 818 765 875 in'
810 829 927 876 toto
981 838 1083 877 suo
1139 823 1276 876 libro
1331 839 1546 894 semper
1591 826 1849 889 inculcat,
1897 827 2041 897 quod

463 911 913 981 odiumjudicum
956 913 1008 968 in
1056 930 1115 969 se
1135 915 1441 982 declinans,
1476 917 1696 973 silentio
1722 919 1886 973 latam
1905 934 2039 974 oon—

462 1012 546 1057 tra
583 1019 643 1060 se
686 1005 1015 1059 sententiam
1061 1008 1356 1076 exceperit,
1408 1022 1517 1061 non
1568 1008 1750 1064 ferens
1789 1011 2039 1067 hostibus

463 1113 730 1153 summam
772 1098 963 1169 judicii
1011 1099 1183 1155 fuisse
1238 1099 1475 1155 delatam
1533 1119 1548 1158 :
1602 1103 1729 1173 quid
1781 1105 1884 1161 sibi
1936 1104 2037 1173 ipsi

462 1191 677 1259 illudit,
720 1200 773 1246 et
826 1192 1092 1245 vocabulo
1150 1193 1359 1256 praemii
1410 1201 1671 1263 tanquam
1721 1194 2037 1250 testimonio

461 1281 800 1338 defensionis
829 1292 881 1337 et
924 1284 1186 1352 apologiae
1238 1300 1351 1341 suae
1389 1286 1605 1341 utitur?
1634 1286 1848 1356 ignorat
1886 1286 2038 1341 vide-

460 1373 589 1428 licet
640 1375 725 1427 vir
776 1374 966 1436 solers,
1016 1374 1273 1446 Cyzicum
1326 1376 1432 1431 sibi
1481 1376 1716 1432 delatam
1775 1385 2033 1447 tanquam

458 1478 661 1520 munus
714 1464 1028 1534 impietatis,
1059 1468 1190 1536 :qua
1245 1475 1441 1538 praeter
1488 1476 1713 1524 czeteros
1757 1469 2031 1533 excelluit,

458 1562 515 1611 et
555 1556 600 1611 si
656 1556 926 1611 arbitratu
964 1572 1065 1612 suo
1104 1568 1282 1629 auget,
1315 1568 1368 1613 et
1416 1559 1615 1629 accipit
1641 1574 1829 1614 vocem
1861 1559 2029 1624 illam,

456 1646 762 1715 praemium,
803 1647 951 1702 velut
1002 1662 1200 1703 munus
1244 1648 1537 1703 victoriae:
1585 1650 1818 1721 accipiat
1852 1660 1905 1706 et
1954 1651 2028 1715 id,

457 1735 603 1806 quod
625 1735 963 1807 adjungitur,
1005 1738 1149 1808 quod
1193 1739 1403 1794 scilicet
1428 1740 1483 1794 in
1516 1741 1882 1811 improbitatis
1913 1744 2055 1797 stu-'

2147 551 2273 625 μὴν,
2296 554 2486 624 καιρὸν
2509 554 2575 609 ἂν
2600 550 2712 626 εἶχε
2737 556 2806 609 τὰ
2829 557 3073 629 ἡμέτερα
3101 560 3223 613 καθ’
3247 560 3403 632 ἡμῶν
3433 566 3719 636 προχειρί⁶

2143 642 2348 707 ζεσθαι⁹
2394 645 2443 697 εί
2484 644 2540 698 δὲ
2586 646 2826 716 συνεχῶς
2875 648 2973 701 ἐπὶ
3008 647 3104 702 τοῦ
3142 650 3303 719 λόγου
3353 655 3714 727 μαρτύρεται,

2141 734 2221 788 ὅτι
2276 734 2491 803 φεύγων
2542 736 2603 789 τὸ
2651 736 2912 809 δυσμενὲς
2955 740 3064 795 τῶν
3110 744 3316 814 κυρίων
3367 748 3462 817 τῆς
3509 749 3715 820 ψήφου,

2142 829 2318 897 σιωπῇ
2372 826 2584 897 δέχεται
2620 827 2719 899 τὴν
2765 830 3097 901 ἐπαχθεῖσαν
3128 835 3277 906 αὐτῷ
3310 839 3611 908 τιμωρίαν,
3656 843 3719 893 ὲν

2139 916 2351 989 ἐχθροῖς
2380 916 2654 971 διαθέσθαι
2679 920 2804 985 τοὺς
2833 922 3049 990 ἀγῶνας
3077 924 3175 978 οὐκ
3215 927 3583 998 ἀνασχόμενος
3604 947 3619 962 ⁸
3663 932 3719 985 τί

2137 1008 2328 1062 ἑαυτὸν
2360 1008 2657 1078 φενακίζει,
2698 1013 2792 1065 xui
2822 1016 2887 1085 τῇ
2929 1018 3077 1086 φωνῇ
3116 1017 3211 1070 τοῦ
3241 1018 3403 1072 ἄθλου
3445 1023 3526 1085 είς
3568 1040 3717 1094 μαρ-

2136 1098 2327 1170 τυρίαν
2368 1098 2462 1152 τοῦ
2501 1101 2931 1173 ἀπολελογῆσθαι
2964 1106 3367 1179 συγκέχρηται;
3404 1111 3494 1183 Μὴ
3532 1117 3718 1178 συνεὶς

2134 1192 2163 1243 ό
2190 1189 2489 1260 θαυμάσιος
2515 1192 2609 1245 τοῦ
2635 1192 2800 1247 ἄθλου
2826 1194 2925 1266 τὴν
2952 1195 3190 1266 ἔμφασιν
3212 1238 3227 1262 ,
3262 1199 3345 1253 ὅτι
3377 1202 3630 1276 καθάπερ
3658 1223 3717 1258 τι

2135 1282 2305 1354 γέρας
2332 1284 2428 1337 καὶ
2459 1285 2729 1356 ἀριστεῖον
2763 1287 2910 1359 αὐτῷ
2942 1288 3043 1357 τῆς
3082 1292 3221 1344 κατά
3260 1292 3513 1348 ἀσέϐειαν
3543 1299 3718 1370 ὑπερ·

2136 1375 2270 1446 οχῆς
2299 1376 2333 1447 ἡ
2359 1375 2597 1441 Κύζικος
2648 1377 2946 1450 προεδόθη·
2984 1381 3099 1434 ἀλλ’
3146 1385 3331 1454 ἐπειδὴ
3366 1386 3501 1457 πρὸς
3533 1389 3595 1441 τὺ
3628 1391 3716 1443 δο-

2133 1465 2263 1519 κοῦν
2291 1466 2503 1538 δέχεται
2539 1468 2601 1522 τὸ
2632 1464 2816 1536 ἆθλον,
2854 1471 2947 1525 xui
2976 1472 3051 1536 ὡς
3077 1473 3281 1545 δωρεὰν
3316 1478 3599 1542 ἐπινίκιον,
3627 1480 3715 1534 δε-

2134 1557 2315 1622 ξάσθω
2348 1559 2444 1613 xui
2484 1560 2546 1614 τὸ
2577 1562 2918 1633 συνημμένον
2949 1563 3027 1632 τῷ
3063 1564 3207 1638 λόγῳ
3227 1583 3242 1598 ο
3281 1569 3363 1622 ὅτι
3394 1570 3452 1622 έν
3481 1571 3710 1643 ἀσεϐείᾳ

2132 1649 2191 1702 τὸ
2248 1648 2410 1702 πλέον
2461 1649 2550 1705 διά
2597 1652 2697 1723 τῆς
2749 1653 2903 1724 νίκης
2941 1654 3117 1725 ἔσχεν.
3175 1657 3391 1729 Ἐπειδὴ
3444 1659 3551 1732 γὰρ
3595 1666 3709 1726 τοῖς

2131 1743 2419 1813 ἡμετέροις
2449 1743 2569 1797 καθ’
2615 1744 2772 1815 ήμῶν
2808 1747 3159 1817 ἰσχυρίζεται,
3202 1749 3234 1820 ἢ
3274 1752 3625 1824 ἀμφοτέροις,
3667 1755 3704 1824 ἦ

458 1826 549 1881 dio
594 1828 835 1896 reliquos
861 1828 1149 1898 fsuperarit
1183 1848 1197 1883 :
1250 1830 1294 1885 si
1336 1830 1543 1885 nostris
1592 1840 1781 1885 contra
1815 1847 1916 1889 nos
1947 1834 2028 1888 uti

2134 1834 2430 1908 οὐδετέροις
2459 1837 2758 1908 κεχρῆσθαι
2788 1838 3012 1895 δίκαιον.

457 1919 623 1984 volet,
653 1928 747 1973 aut
775 1921 1022 1989 utrisque
1061 1928 1153 1975 aut
1194 1922 1405 1977 neutris
1436 1922 1511 1975 uti
1535 1937 1747 1992 mquam
1782 1930 1885 1979 est.

532 2010 635 2065 Sed
676 2012 731 2065 in
781 2013 986 2067 nostris
1030 2011 1249 2081 quidem
1295 2014 1597 2070 tractandis
1644 2016 1912 2084 ejusmodi
1947 2024 2033 2072 est

456 2100 759 2158 Eunomius
794 2122 807 2157 :
844 2111 1096 2158 cazterum
1141 2118 1208 2157 an
1238 2104 1290 2158 in
1326 2105 1449 2159 aliis
1480 2120 1599 2175 quae
1647 2121 1740 2175 per
1774 2106 2029 2175 injuriam

457 2192 653 2248 eliutiit
696 2194 942 2249 veritatis
986 2195 1256 2248 amantior
1298 2197 1440 2251 erit?
1473 2197 1607 2251 Cum
1654 2198 1935 2261 Basiliam,
1969 2204 2033 2252 ut

459 2283 703 2338 timidum
738 2293 791 2339 ct
841 2284 1113 2356 pavidum,
1166 2287 1629 2360 difﬁciliorumque
1664 2291 1902 2345 laborum
1941 2292 2031 2361 [ιι-

456 2377 703 2446 gientem,
733 2385 788 2430 et
816 2377 868 2430 id
903 2393 1077 2448 genus
1106 2378 1226 2433 aliis
1260 2378 1436 2434 modis
1463 2381 1719 2444 traducit,
1745 2384 2031 2452 explicatis

456 2481 686 2538 operose
711 2467 922 2522 timoris
948 2475 1000 2521 et
1031 2469 1248 2537 pavoris
1271 2469 1668 2533 affectionibus,
1700 2486 2032 2526 commemo-

458 2574 589 2613 rans
626 2558 789 2613 etiam
844 2558 1031 2612 nescio
1074 2575 1235 2629 quam
1295 2560 1568 2615 occultam
1622 2561 2028 2629 domunculam,

458 2646 703 2701 vectibus
740 2653 796 2701 et
837 2646 978 2701 seris
1009 2646 1239 2702 firmiter
1282 2655 1338 2703 et
1386 2647 1566 2704 valide
1605 2649 1935 2716 obseratam,
1978 2661 2032 2707 et

457 2738 868 2809 trepidationem
920 2753 985 2793 ex
1038 2737 1327 2794 formidine
1377 2739 1798 2809 ingredientium
1834 2757 2033 2798 conce-

460 2838 627 2900 ptam,
657 2844 953 2900 vocemque
981 2838 1035 2884 et
1066 2830 1274 2893 oculos,
1299 2836 1353 2885 et
1390 2838 1549 2885 notas
1595 2831 1773 2899 faciei,
1826 2841 1880 2887 et
1913 2849 2031 2888 om-

458 2924 548 2976 nia
588 2923 750 2992 hujus
781 2923 1016 2994 generis,
1052 2923 1252 2993 quibus
1279 2924 1441 2977 timor
1472 2931 1524 2978 et
1557 2940 1725 2994 pavor
1752 2926 2026 2996 proditur.

458 3012 657 3068 Verum
715 3021 774 3067 ut
818 3012 1117 3069 Eunomius
1149 3012 1283 3067 nihil
1313 3014 1574 3069 mentitus
1615 3014 1811 3070 fuisset
1840 3017 1893 3069 in
1928 3032 2030 3071 suo

461 3101 625 3168 libro,
676 3102 780 3159 hoc
811 3113 992 3159 tamen
1024 3104 1248 3159 unicum
1278 3103 1413 3158 satis
1440 3102 1604 3169 foret,
1652 3112 1711 3158 ut
1759 3105 2028 3159 mendacii

460 3203 782 3264 argueretur
824 3202 876 3248 et
934 3194 1412 3250 condemnaretur.
1460 3192 1595 3259 Quis
1638 3195 1783 3249 enim
1827 3196 2025 3260 nescit,

460 3284 622 3356 quam
682 3301 908 3356 magnus
960 3285 1051 3339 ille
1099 3286 1247 3354 pugil
1295 3283 1602 3357 [Basilius]
1642 3300 1707 3339 eo
1764 3295 2027 3357 tempore,

460 3390 571 3445 quo
610 3374 806 3429 Valens
835 3375 1128 3446 imperator
1158 3374 1455 3429 Ecclesiam
1482 3374 1689 3431 Christi
1718 3376 2029 3443 divexabat,

462 3467 666 3522 invicto
700 3466 883 3521 animo
914 3466 1126 3520 steterit
1173 3480 1272 3536 pro
1296 3465 1460 3519 domo
1487 3464 1604 3529 Dei,
1639 3467 1893 3522 omnibus
1923 3467 2031 3522 illis

465 3559 641 3614 turbis
680 3566 733 3613 et
772 3556 1229 3612 terriculamentis
1272 3557 1542 3626 superior,
1577 3558 1830 3613 omnibus
1864 3558 2031 3613 minis

461 3652 786 3721 excogitatis
834 3649 1029 3705 mentis
1073 3650 1385 3704 excelsitate
1432 3649 1813 3734 major?Quis
1854 3651 2031 3705 homi-

464 3756 596 3797 num
634 3740 696 3793 ad
750 3739 1037 3805 orientem,
1084 3738 1208 3808 quis
1258 3738 1313 3792 in
1360 3738 1618 3793 extremis
1670 3739 1846 3794 nostri
1880 3740 2031 3795 orbis

462 3832 577 3887 oris
622 3830 895 3895 habitans,
925 3828 1195 3899 egregiam
1232 3829 1379 3883 illam
1417 3844 1514 3899 pro
1542 3831 1771 3885 veritate
1801 3830 2032 3885 dimica-

462 3922 664 3977 tionem
698 3931 891 3975 contra
916 3920 1281 3990 potentiorum
1305 3929 1535 3975 conatus
1564 3920 1873 3991 ignoravit?
1897 3920 2030 3987 Quis

464 4031 571 4069 non
596 4013 880 4084 obstupuit
910 4012 1208 4082 respiciens
1238 4012 1304 4065 ad
1344 4011 1741 4076 adversarium,
1791 4013 1881 4083 qui
1920 4029 2030 4068 non

461 4115 582 4163 erat
628 4122 769 4161 unus
796 4121 862 4161 ex
894 4106 1077 4177 vulgo,
1118 4112 1210 4157 aut
1251 4105 1341 4175 qui
1376 4104 1618 4158 victoria:
1655 4105 1765 4158 vim
1797 4114 1851 4159 et
1880 4121 2029 4175 spem

464 4199 623 4253 sitam
670 4198 895 4253 haberet
927 4197 981 4251 in
1027 4195 1385 4265 sophismatis
1421 4194 1729 4265 fucatisque
1765 4197 2032 4251 sermoni.

464 4291 589 4355 bus,
645 4290 697 4344 iu
745 4290 943 4361 quibus
991 4279 1256 4343 excellere
1304 4288 1616 4358 inglorium,
1657 4297 1711 4342 et
1747 4289 2028 4343 victoriam

465 4382 714 4436 amittere
770 4382 970 4435 damno
1018 4388 1188 4440 caret.
1245 4379 1340 4434 sed
1399 4380 1444 4434 is
1495 4387 1631 4443 erat,
1667 4380 1759 4449 qui
1807 4381 1910 4434 sub
1944 4379 2030 4435 di-

465 4471 617 4524 tlonc
661 4484 759 4523 sua
802 4469 1016 4523 tenebat
1054 4475 1227 4522 totum
1263 4467 1567 4521 Romanum
1610 4468 1932 4538 imperium;
1976 4478 2031 4523 et

2146 4482 2431 4553 Ῥωμαίων
2489 4483 2697 4553 ἁρχήν’
2755 4485 2849 4540 xui
2904 4504 3035 4540 τοσα

464 4576 588 4615 cum
644 4568 794 4614 tanto
830 4574 997 4628 regno
1038 4566 1318 4629 praeesset.
1345 4560 1669 4628 dcpravatus
1703 4569 1785 4615 est
1820 4562 2029 4616 calum-

466 4652 574 4707 niis
626 4658 816 4705 contra
861 4649 1165 4704 doctrinam
1198 4657 1481 4716 nostram,
1518 4650 1767 4706 Eudoxio
1802 4650 2031 4707 Germa-

464 4744 624 4799 niciae
662 4742 918 4811 episcopo
970 4756 1065 4810 per
1108 4740 1353 4796 fraudem
1408 4743 1473 4797 ad
1520 4759 1649 4800 suas
1682 4752 1864 4814 partes
1906 4760 2029 4800 eum

464 4835 780 4892 traducente
815 4853 828 4889 :
862 4849 1052 4890 omnes
1102 4842 1303 4897 autem,
1336 4837 1429 4905 qui
1474 4836 1707 4904 alicujus
1754 4846 1911 4893 erant
1947 4839 2032 4893 di-

463 4928 705 4999 gnitatis,
730 4934 784 4979 et
805 4926 1034 4985 aulicos.
1068 4933 1122 4980 ct
1151 4926 1241 4996 qui
1281 4927 1442 4981 rebus
1466 4929 1715 4996 gerendis
1742 4939 2028 4998 praeerant,

461 5017 819 5087 opitulatores
850 5016 1038 5071 habuit
1059 5018 1292 5087 propriae
1328 5017 1608 5085 libidinis;
1650 5024 1882 5089 quorum
1938 5023 2027 5075 alii

462 5118 684 5181 propter
723 5109 1140 5164 consensionem
1183 5110 1522 5164 voluntatum
1567 5122 1759 5179 sponte
1812 5128 1933 5167 sese
1964 5114 2031 5170 ad

464 5199 616 5253 illum
668 5197 1076 5272 adjungcbant;
1124 5201 1215 5254 alii
1257 5217 1386 5256 vero
1427 5203 1583 5257 multi
1630 5208 1823 5260 timore
1857 5208 2031 5278 impe-

460 5292 684 5358 ratoris,
735 5303 984 5364 prompte
1022 5300 1077 5349 et
1126 5295 1399 5359 alacriter,
1432 5296 1510 5360 id,
1557 5299 1700 5367 quod
1736 5299 1811 5353 illi
1839 5300 2034 5367 jucun-

461 5380 589 5437 dum
636 5391 776 5449 erat,
816 5383 1109 5451 faciebant,
1161 5393 1216 5439 et
1256 5394 1477 5456 propter
1529 5387 1928 5446 dissensionem
1963 5392 2031 5448 ab

462 5474 777 5530 orthodoxae
826 5475 949 5532 fidei
1001 5473 1431 5547 professoribus,
1482 5479 1632 5533 omni
1683 5481 2032 5537 observantia

464 5564 615 5618 illum
670 5566 946 5633 colebant,
995 5573 1113 5623 tum
1146 5568 1357 5626 scilicet
1387 5571 1609 5641 quando
1650 5572 1829 5643 fugas,
1863 5574 2033 5631 fortu-

464 5670 657 5711 narum
687 5656 1106 5726 publicationes,
1128 5661 1341 5725 exsilia,
1373 5662 1570 5727 minas,
1611 5672 1664 5718 et
1690 5665 2027 5732 exactiones,

464 5745 728 5818 pericula,
771 5763 1047 5819 carceres,
1077 5752 1317 5819 vincula,
1360 5752 1588 5837 ﬂagella,
1616 5763 1673 5812 ct
1707 5757 2030 5828 gravissima

2212 2012 2349 2067 Ἀλλ’
2389 2016 2446 2069 ὲν
2486 2016 2585 2086 μὲν
2628 2020 2738 2081 τοῖς
2768 2018 3058 2090 ἡμετέροις
3087 2019 3347 2086 τοιοῦτος.
3390 2024 3477 2075 Ἐν
3506 2023 3559 2076 δὲ
3590 2029 3707 2085 τοῖς

2127 2104 2334 2170 λοιποῖς
2379 2107 2487 2161 τῶν
2536 2109 2621 2179 ἐφ’
2657 2108 2809 2181 ὕϐρει
2866 2111 3156 2182 ῥηθέντων,
3199 2109 3308 2184 ἆρά
3338 2133 3389 2167 τι
3422 2115 3705 2185 ἀληθεύων

2130 2197 2559 2271 ἐπιδειχθήσεται
2578 2217 2592 2266 ;
2648 2201 2737 2253 Ἐν
2781 2197 2862 2264 οἷς
2875 2204 3075 2257 δειλόν
3091 2220 3151 2256 τε
3192 2205 3286 2257 καὶ
3303 2202 3589 2269 ἄτολμον,
3608 2206 3704 2258 xui

2139 2280 2279 2347 τοὺς
2294 2278 2667 2350 παχυτέρους
2678 2277 2795 2330 τῶν
2808 2282 3013 2337 πόνων
3025 2285 3563 2354 ἀποδιδράσκοντα,
3606 2294 3705 2348 καὶ

2131 2375 2307 2429 πάντα
2350 2374 2417 2429 τά
2460 2375 2685 2431 τοιαῦτα
2729 2379 2856 2430 κατ’
2890 2376 3052 2431 αὑτοῦ
3085 2377 3442 2450 διεξέρχεται,
3476 2382 3705 2451 (9:101:6-

2131 2486 2235 2532 νως
2262 2466 2630 2532 διασκευάζων
2675 2468 2773 2538 τῆς
2819 2467 3019 2530 δειλίας
3045 2468 3113 2521 τά
3145 2471 3309 2544 πάθη,
3329 2472 3419 2525 καὶ
3462 2474 3709 2529 οἰκίσκον

2131 2559 2479 2622 λανθάνοντα,
2522 2558 2617 2612 xui
2664 2557 2831 2630 θύραν
2885 2558 3139 2627 ἀσφαλῶς
3188 2563 3558 2637 ἐπικειμένην,
3610 2569 3708 2620 καὶ

2131 2650 2357 2720 πτόησιν
2395 2650 2531 2720 πρὸς
2558 2649 2649 2702 τὸν
2686 2648 2849 2719 φόϐον
2880 2649 2988 2702 τῶν
3024 2652 3328 2722 είσιόντων,
3378 2657 3469 2709 καὶ
3497 2658 3704 2730 φωνὴν,

2132 2740 2227 2793 xui
2258 2740 2473 2810 βλέμμα
2493 2780 2507 2805 ,
2536 2739 2632 2795 xui.
2653 2741 2723 2794 τά
2750 2741 2841 2794 ἐπὶ
2875 2740 2968 2793 τοῦ
3001 2745 3291 2814 προσώπου
3326 2751 3704 2820 γνωρίσματα,

2133 2832 2225 2885 καὶ
2271 2832 2447 2884 πάντα
2491 2830 2559 2883 τὰ
2601 2830 2841 2896 τοιαῦτα,
2883 2832 2950 2886 δι’
2978 2827 3054 2888 ὧν
3081 2834 3179 2905 τῆς
3210 2838 3412 2903 δειλίας
3444 2841 3503 2893 τὸ
3532 2830 3710 2908 πάθος

2131 2922 2563 2993 διασημαίνεται.
2606 2924 2747 2978 Ἀλλ’
2791 2927 2838 2978 εί
2877 2927 2973 2981 xui
3006 2928 3171 2997 μηδὲν
3213 2931 3397 3003 ἕτερον
3440 2935 3710 3005 κατεψευ-

2135 3011 2328 3081 σμένος
2360 3013 2636 3084 ἠλέγχετο,
2683 3015 2861 3069 ἱκανὸν
2902 3012 2968 3089 ἦν
3003 3019 3159 3072 τοῦτο
3195 3022 3355 3090 μόνον
3398 3026 3564 3079 αὐτοῦ
3595 3027 3709 3081 διε-

2132 3102 2316 3171 λέγξαι
2343 3105 2434 3157 τὸν
2465 3107 2683 3175 τρόπον.
2717 3108 2813 3170 Τίς
2846 3109 2955 3180 γάρ
2982 3110 3082 3163 οὑκ
3109 3106 3216 3165 οἶδε
3245 3114 3335 3167 τὸν
3363 3116 3535 3186 μέγαν
3563 3121 3710 3173 ἐκεῖ·

2133 3212 2223 3247 νον
2244 3196 2547 3267 ἀγωνιστὴν
2569 3197 2715 3268 αύτῷ
2735 3198 2910 3269 καιρῷ
2930 3199 3028 3270 τῆς
3043 3200 3135 3255 τοῦ
3154 3200 3416 3271 βασιλέως
3469 3204 3703 3262 Οὐάλενο

2133 3304 2221 3350 τος
2263 3288 2402 3341 κατὰ
2444 3290 2553 3343 τῶν
2608 3294 2941 3367 Ἐκκλησιῶν
2978 3298 3072 3352 τοῦ
3106 3299 3309 3373 Κυρίου
3353 3304 3705 3374 φιλονεικίας,

2131 3380 2277 3443 ὅπως
2306 3381 2642 3454 ὑπερανέστη
2667 3390 2732 3458 τῇ
2768 3389 3102 3462 μεγαλοφυῖᾳ
3125 3393 3220 3465 τῆς
3246 3394 3469 3468 γνώμης
3497 3399 3587 3451 τοῦ
3614 3417 3707 3454 το-

2134 3471 2320 3524 σούτου
2371 3473 2477 3527 τῶν
2523 3479 2861 3548 πραγμάτων
2905 3482 3089 3555 ὄγκου,
3112 3486 3206 3538 xui
3250 3487 3357 3541 τῶν
3396 3489 3707 3557 φοϐούντων

2132 3563 2458 3637 ὑψηλότερος
2501 3561 2588 3637 ἦν,
2640 3569 2819 3640 πάσης
2856 3573 2954 3643 τῆς
3005 3576 3504 3651 ὲπιμηχανηθείσης
3553 3583 3707 3654 αύτῷ

2133 3656 2521 3727 καταπλήξεως
2568 3660 2900 3732 ὑπεραρθεὶς
2942 3664 3020 3734 τῷ
3076 3669 3402 3739 φρονήματι.
3456 3672 3553 3736 Τίς
3594 3675 3708 3729 τῶν

2132 3748 2271 3801 κατά
2298 3750 2397 3822 τὴν
2425 3750 2561 3803 έώαν
2594 3752 2892 3824 ἀνθρώπων
2912 3771 2926 3786 ·
2953 3756 3035 3820 τίς
3066 3759 3175 3812 τῶν
3208 3761 3273 3814 τά
3297 3763 3577 3819 τελευταῖα
3602 3768 3707 3838 τῆς

2131 3840 2254 3893 καθ’
2282 3844 2429 3913 ἡμᾶς
2449 3844 2770 3916 οἰκουμένης
2802 3847 3115 3912 οἰκούντων,
3145 3851 3242 3922 τὴν
3270 3853 3408 3927 ὑπὲρ
3442 3855 3543 3926 τῆς
3572 3858 3708 3931 ἀλη-

2132 3932 2278 3997 θείας
2322 3933 2481 3986 αὑτοῦ
2514 3935 2691 4005 μάχην
2722 3937 2857 4007 πρὸς
2900 3940 3027 4002 τοὺς
3066 3943 3397 4012 κρατοῦντας
3432 3947 3703 4020 ήγνόησε;

2132 4024 2227 4086 Τίς
2266 4024 2326 4076 οὐ
2365 4026 2683 4096 κατεπλάγη
2720 4027 2857 4100 πρὸς
2904 4030 2993 4083 τὸν
3039 4033 3329 4089 ἀντίπαλον
3362 4038 3592 4107 ὲπιδών;
3625 4043 3704 4096 οὐ

2131 4118 2237 4189 γὰρ
2269 4118 2376 4171 τῶν
2411 4119 2771 4188 ἐπιτυχόντων
2806 4118 2887 4186 εἷς
2923 4119 2990 4194 ἦν
3014 4140 3028 4153 ο
3062 4125 3181 4177 οὐδὲ
3229 4128 3287 4181 ὲν
3333 4133 3707 4200 σοφισματίοις

2132 4210 2402 4280 κιϐδήλοις
2435 4211 2534 4280 τὴν
2565 4210 2658 4263 τοῦ
2695 4215 2849 4284 νικᾷν
2880 4215 3140 4285 ἐκέκτητο
3161 4217 3404 4289 δύναμιν,
3432 4218 3492 4275 οὗ
3519 4224 3613 4276 καὶ
3642 4227 3707 4279 τὸ

2133 4302 2419 4372 ὑπερέχειν
2451 4301 2633 4367 ἄδοξον
2656 4342 2671 4366 ,
2706 4305 2799 4356 xui
2837 4305 2898 4358 τὸ
2937 4307 3230 4378 ἡττηθῆναι
3269 4311 3528 4384 ἀζήμιον·
3566 4315 3709 4371 ἀλλά

2135 4392 2311 4443 πᾶσαν
2353 4390 2450 4461 μὲν
2485 4391 2575 4459 ὑφ’
2625 4392 2813 4445 ἑαυτὸν
2851 4389 2995 4463 εἶχεν
3039 4398 3397 4473 εύθυνομένην
3442 4404 3561 4458 τότε
3604 4408 3706 4478 τὴν

3040 4488 3138 4562 ύτῃ
3195 4491 3439 4566 βασιλείᾳ
3491 4498 3701 4567 κομῶν,

2133 4572 2460 4646 προείληπτο
2484 4576 2549 4645 τῇ
2570 4572 2709 4627 κατὰ
2740 4574 2832 4628 τοῦ
2865 4577 3131 4648 δόγματος
3154 4583 3185 4652 ή
3194 4582 3308 4652 μῶν
3333 4585 3576 4660 διαϐολῇ,
3596 4590 3707 4643 Εὐ-

2130 4667 2302 4734 δοξίου
2346 4664 2439 4719 τοῦ
2491 4665 2918 4737 Γερμανικείας,
2969 4670 3035 4723 δι’
3072 4673 3307 4745 ἀπάτης,
3353 4678 3513 4731 αὑτὸν
3566 4681 3707 4752 πρὸς

2131 4758 2318 4811 ἑαυτὸν
2348 4756 2813 4826 μεταστήσαντος*
2847 4758 3053 4823 πάντας
3088 4761 3144 4815 δὲ
3176 4764 3302 4828 τοὺς
3328 4766 3386 4820 έν
3411 4766 3573 4832 τέλει,
3609 4772 3708 4825 καὶ

2129 4849 2256 4911 τοὺς
2286 4847 2413 4918 περὶ
2442 4846 2603 4900 αὑτὸν
2637 4847 2972 4920 θεραπευτὰς
3011 4853 3107 4906 καὶ
3133 4854 3261 4919 τοὺς
3290 4857 3381 4910 ἐπὶ
3419 4858 3527 4911 τῶν
3558 4878 3707 4930 πρα-

2131 4940 2354 5012 γμάτων
2396 4940 2961 5011 παραδυναστεύοντας
3012 4948 3413 5015 συναγωνιστάς
3451 4947 3564 5022 εἶχε
3602 4952 3709 5024 τῆς

2135 5035 2270 5099 ίδίας
2295 5035 2502 5107 ὁρμῆςο
2542 5033 2667 5098 τοὺς
2711 5034 2810 5105 μὲν
2852 5035 3113 5102 ἑκουσίως
3149 5039 3236 5109 διά
3283 5041 3382 5114 τὴν
3427 5045 3710 5117 ὁμοιότρο-

2133 5126 2262 5180 πίαν
2295 5129 2394 5195 τῆς
2423 5125 2649 5196 γνώμης
2697 5128 3157 5197 προσκεκλικότας
3176 5148 3191 5163 ·
3221 5134 3349 5197 τοὺς
3378 5134 3435 5188 δὲ
3476 5136 3711 5201 πολλοὺς

2132 5214 2210 5285 τῷ
2255 5215 2404 5286 φόϐῳ
2443 5214 2543 5285 τῆς
2597 5216 2911 5282 δυναστείας
2956 5218 3026 5273 τά
3066 5222 3201 5291 πρὸς
3244 5224 3436 5296 ἡδονὴν
3473 5226 3709 5298 ἑτοίμως

2132 5308 2542 5379 χαριζομένους,
2578 5308 2787 5363 καὶδιά
2821 5310 2920 5381 τῆς
2957 5298 3259 5384 ἀποτομίας
3290 5316 3391 5385 τῆς
3426 5318 3565 5372 κατά
3595 5319 3707 5372 τῶν

2132 5397 2505 5469 ἀντεχομένων
2540 5399 2638 5470 τῆς
2687 5399 2943 5463 πίστεως,
2984 5400 3119 5472 πρὸς
3167 5403 3327 5458 αὑτὸν
3366 5406 3708 5477 ἐνδεικνυμέ-

2132 5504 2256 5548 νους
2286 5485 2519 5558 σπουδήν
2537 5506 2549 5518 ο
2573 5490 2661 5542 ὅτε
2690 5489 2878 5558 φυγαὶ,
2903 5490 2996 5543 καὶ
3022 5490 3333 5563 δημεύσεις,
3362 5497 3454 5548 xui
3477 5496 3703 5569 ὲξορίαι,

2132 5577 2353 5631 ἀπειλαί
2388 5596 2448 5633 τε
2495 5580 2589 5633 xui
2644 5582 3088 5652 προστιμήματα,
3134 5582 3390 5653 κίνδυνοι,
3441 5588 3705 5655 φυλακαὶ,

2132 5672 2502 5743 δεσμωτήρια,
2544 5672 2829 5743 μάστιγες·
2853 5674 2947 5727 xui
2977 5675 3029 5728 τί
3055 5674 3163 5746 γὰρ
3191 5676 3310 5748 οὐχὶ
3338 5678 3445 5733 τῶν
3472 5679 3709 5736 δεινοτά-

2133 5779 2241 5819 των
2268 5765 2551 5845 ἐνηργεῖτο
2582 5765 2722 5820 κατὰ
2743 5766 2849 5821 τῶν
2875 5766 2951 5847 μὴ
2975 5767 3367 5850 συντιθεμένων
3394 5775 3457 5846 τῇ
3484 5774 3578 5829 τοῦ
3608 5775 3705 5855 βα.
