3920 6466
212 292 302 348 289

1343 286 1625 345 CONTRA
1655 282 2047 351 EUNOMIUM,
2089 282 2219 342 LIB.
2253 284 2293 341 l.

3336 293 3445 355 990

212 409 377 469 σιλέως
402 407 572 476 ὀρμῇ;
593 406 678 459 ὅτε
701 404 1079 478 χαλεπώτερον
1097 401 1165 478 ἦν
1194 406 1251 461 ἐν
1274 408 1407 478 οἴκῳ
1432 407 1568 459 Θεοῦ
1598 422 1748 459 κατα-

1862 419 2092 473 quazque
2114 402 2383 476 supplicia
2417 402 2751 462 decernebat
2782 405 2872 471 iis.
2902 408 2995 479 qui
3029 408 3174 481 regis
3206 409 3444 485 libidini,

203 502 446 574 ληφθῆναι
478 500 605 562 τοὺς
629 497 1007 566 εὐσεϐοῦντας,
1046 497 1078 570 ἢ
1113 499 1205 551 ἐπὶ
1232 500 1343 563 τοῖς
1374 498 1756 569 πονηροτάτοις

205 596 296 649 τῶν
317 591 671 663 ἐγκλημάτων
697 590 924 646 ἁλῶναι.

270 775 415 829 Ἀλλά
440 774 502 827 τὸ
533 775 631 845 μὲν
668 770 881 837 τούτοις
906 774 1041 829 πᾶσι
1069 773 1191 827 καθ’
1220 773 1448 827 ἕκαστον
1480 774 1754 841 ἐπεξιέναι

202 868 414 940 μεγάλης
434 864 580 928 τινὸς
599 864 665 918 ἀν
696 864 867 917 δέοιτο
899 864 1243 935 συγγραφῆς,
1276 863 1370 917 καὶ
1404 863 1595 935 χρόνου
1627 864 1756 918 πολ-

198 960 291 1024 λοῦ,
319 961 406 1012 καὶ
438 957 825 1029 πραγματείας
856 956 1013 1021 ἰδίας.
1058 956 1266 1021 Ἄλλως
1291 972 1351 1009 τε
1385 956 1478 1009 καὶ
1505 956 1754 1027 φανερῶν

186 1053 372 1117 ἶθπιισιν
406 1048 578 1101 ὄντων
611 1045 722 1101 τῶν
767 1046 1071 1117 τηνικαῦτα
1120 1046 1328 1112 κακῶν,
1362 1047 1511 1100 οὐδὲν
1559 1046 1626 1099 ἂν
1657 1047 1751 1116 γέ-

184 1116 316 1195 ’νοιτο
343 1139 500 1191 πλέον
525 1137 665 1211 πρὸς
688 1138 782 1192 τὸν
814 1116 1057 1208 παρόντα
1081 1138 1237 1207 λόγον
1262 1140 1325 1191 ὲκ
1345 1138 1438 1191 τοῦ
1463 1139 1753 1210 μετ’ἀκρι-

194 1232 424 1294 ϐείαςτάς
448 1230 737 1301 συμφορὰς
772 1230 982 1294 ὲκείνας
1021 1232 1113 1283 ἐπὶ
1141 1230 1484 1302 γραμμάτων
1538 1230 1753 1284 ἐκτίθε-

196 1323 315 1376 σθαι.
352 1311 589 1373 ’Υπεστι
615 1321 673 1373 δὲ
697 1320 791 1372 καὶ
819 1320 1077 1391 φορτικὸν
1100 1320 1288 1391 ἕτερον
1317 1322 1374 1375 ὲν
1402 1321 1480 1392 τῷ
1511 1323 1639 1393 περὶ
1664 1322 1754 1376 αὑ-

190 1414 276 1467 τῶν
306 1413 625 1481 διηγήματι,
664 1413 791 1475 τοὺς
818 1412 929 1464 τῶν
955 1413 1239 1483 ἡμετέρων
1267 1412 1325 1477 ἐξ
1350 1413 1595 1483 ἀνάγκης
1630 1412 1752 1467 τινά

192 1508 384 1576 μνήμην
432 1504 773 1574 ποιήσασθαι
802 1504 1040 1573 καθεξῆς
1072 1504 1336 1570 διεξιόντα
1361 1504 1459 1576 τὴν
1480 1504 1587 1558 τῶν
1624 1522 1753 1558 axu-

189 1595 392 1666 θρωπῶν
429 1595 700 1664 ἰστορίαν.
734 1596 797 1649 Εἰ
844 1595 953 1666 γάρ
983 1612 1036 1647 τι
1058 1595 1150 1648 καὶ
1177 1594 1489 1668 πέπρακται
1514 1595 1751 1650 τοιοῦτον

186 1695 296 1761 ἡμῖν
323 1687 405 1742 διὰ
434 1690 565 1753 τοὺς
601 1689 742 1761 ὑπὲρ
770 1688 872 1759 τῆς
900 1688 1177 1752 εὐσεϐείας
1210 1682 1569 1758 ἀγῶνας,οίον
1606 1688 1753 1759 φιλο-

1862 504 1917 551 et
1953 496 2235 552 effrenata:
2266 497 2557 567 cupiditati
2590 514 2701 553 non
2738 501 3180 569 subscriberent,
3217 508 3444 577 quando

1861 589 2225 657 periculosius
2257 596 2376 643 erat
2411 591 2529 660 pios
2559 599 2612 646 et
2640 592 2956 649 Catholicos
3003 597 3057 649 in
3120 596 3284 653 domo
3322 600 3443 671 Dei,

1861 692 2025 748 quam
2057 678 2111 732 in
2141 679 2478 749 turpissimis
2530 679 2755 752 ﬂagitiis
2799 683 3155 754 deprehendi.

1934 767 2137 823 Verum
2176 770 2291 825 hac
2326 781 2379 827 et
2402 773 2603 828 similia
2642 774 2922 845 sigillatim
2953 780 3209 849 persequi
3245 784 3442 851 grandi

1861 870 2047 930 egeret
2088 862 2249 927 libro,
2291 872 2345 918 et
2397 863 2562 935 longo
2590 873 2837 935 tempore
2876 875 2931 923 et
2980 873 3200 941 proprio
3233 878 3437 931 studio.

1859 952 2109 1009 Et’cum
2159 955 2308 1011 illius
2352 958 2616 1028 temporis
2674 967 2827 1031 gesta
2876 961 2930 1015 in
2974 963 3218 1017 omnium
3260 967 3441 1022 adhuc

1859 1048 2125 1101 memoria
2167 1054 2221 1103 et
2265 1064 2359 1104 ore
2405 1059 2717 1116 versentur,
2770 1052 3022 1109 fortassis
3054 1054 3247 1112 inutile
3292 1069 3440 1111 esset

1861 1136 1929 1192 ad
1967 1154 2209 1209 praesens
2254 1148 2505 1196 nostrum
2553 1142 2889 1210 institutum,
2938 1146 3283 1204 calamitates
3315 1151 3437 1207 illas

1859 1227 2163 1283 studiosius
2186 1230 2388 1285 litteris
2408 1231 2549 1286 velle
2576 1234 2926 1304 consignare,
2962 1246 3021 1291 ut
3050 1245 3259 1294 taceam
3282 1242 3439 1311 quid-

1859 1317 1984 1372 dam
2027 1322 2188 1375 etiam
2232 1322 2481 1377 odiosum
2527 1323 2841 1394 liujusmodi
2894 1343 3076 1382 rerutn
3130 1333 3434 1389 narrationi

1859 1412 2114 1477 subesse,
2149 1415 2296 1484 quod
2326 1418 2649 1472 necessario
2680 1420 2881 1473 mentio
2913 1419 3163 1476 facienda
3199 1426 3271 1478 sit
3303 1441 3438 1496 qua-

1860 1502 2110 1556 rmndam
2169 1520 2353 1560 rerum
2400 1521 2431 1560 a
2485 1508 2649 1563 nobis
2684 1517 2981 1580 gestarum,
3034 1512 3079 1567 si
3114 1513 3307 1569 ordine
3340 1532 3439 1572 ex-

1859 1607 2065 1662 ponere
2092 1596 2350 1662 velimus,
2383 1614 2504 1668 qua:
2540 1600 2682 1655 tristi
2716 1600 2807 1655 illo
2841 1610 3083 1672 tempore
3110 1618 3433 1663 evenerunt.

1858 1681 2088 1741 Etiamsi
2140 1688 2286 1743 enim
2331 1689 2537 1760 aliquid
2575 1701 2797 1762 propter
2831 1694 3090 1763 pietatem
3140 1698 3433 1767 gessimus,

186 1781 343 1851 τιμίαν
369 1780 559 1851 φέρειν
583 1779 667 1850 τῷ
695 1780 1014 1851 διηγήματι,
1036 1783 1149 1843 τοῖς
1181 1780 1408 1850 πλησίον
1430 1781 1748 1834 καταλιπεῖν

1854 1777 2000 1845 quod
2036 1786 2319 1833 narratum
2351 1781 2567 1835 laudem
2602 1790 2655 1837 et
2690 1783 2859 1841 decus
2897 1786 3195 1843 conciliare
3227 1803 3431 1859 posset,

187 1872 392 1943 ὴΣοφία
431 1872 689 1941 κελεύει,
734 1872 1158 1943 Ἑγκωμιαζέτω
1205 1890 1279 1927 σε
1316 1873 1444 1945 γάρ,
1484 1874 1669 1945 φησὶν,
1715 1877 1748 1927 d

185 1967 365 2033 πέλας,
398 1966 501 2021 καὶ
522 1967 617 2037 μὴ
651 1967 723 2022 τὰ
759 1967 842 2021 σὰ
863 1968 1059 2037 χείλη.
1092 1967 1272 2039 Ὅπερ
1295 1970 1323 2021 6
1348 1968 1417 2021 τά
1446 1970 1623 2021 πάντα
1647 1984 1747 2021 πε-

187 2061 624 2131 ριεσκευασμένος
656 2061 731 2131 μὴ
786 2058 1064 2123 συνειδὼς,
1095 2059 1157 2113 τὸ
1203 2060 1453 2113 πλεῖστον
1486 2061 1586 2133 τῆς
1621 2078 1751 2130 συγ-

183 2154 367 2224 γραφῆς
422 2155 483 2207 ὲν
531 2156 663 2217 ταῖς
720 2152 849 2224 περὶ
902 2152 1067 2206 αὑτοῦ
1108 2152 1536 2228 μεγαληγορίαις
1588 2153 1751 2225 ἠσχό-

182 2256 309 2311 Αησε.

239 2422 409 2477 Πάντα
449 2422 642 2476 τοίνυν
668 2422 780 2492 ἐγὼ
814 2422 882 2477 τά
920 2422 1146 2480 τοιαῦτα
1180 2423 1625 2497 περιδραμὼν,τά
1650 2426 1753 2501 τῆς

181 2516 351 2580 δειλίας
387 2517 481 2571 τοῦ
504 2515 836 2571 διδασκάλου
859 2516 1018 2589 ἡμῶν
1040 2517 1177 2588 ἔργα
1206 2520 1323 2589 μετ’
1350 2518 1637 2590 ἀκριϐείας
1655 2521 1750 2574 ὲκ-

182 2610 408 2680 θήσομαι.
463 2604 587 2663 Ἠν
634 2608 811 2663 τοίνυν
843 2609 871 2661 6
913 2610 1369 2682 ἀντιτεταγμένος
1416 2610 1566 2681 αὑτῷ
1615 2612 1752 2683 πρὸς

180 2700 443 2755 ἀντίπαλον
484 2699 673 2765 τάξιν,
720 2699 975 2771 βασιλεὺς
1020 2700 1203 2765 αὑτός.
1242 2699 1301 2753 '0
1350 2700 1408 2754 δὲ
1465 2700 1754 2773 ὑπηρετῶν

182 2792 320 2846 αὑτοὺ
347 2797 467 2857 ταῖς
523 2794 749 2867 ὁρμαῖς,
774 2794 802 2846 6
837 2792 1019 2864 πάσης
1050 2793 1233 2863 ἄρχων
1266 2792 1384 2863 μετ’
1420 2794 1625 2846 ἐκεῖνον
1656 2795 1754 2863 τῆς

182 2887 452 2955 βασιλείαςν
505 2886 563 2939 οἰ
601 2884 993 2955 συνεργοῦντες
1047 2885 1104 2937 δὲ
1158 2884 1294 2956 πρὸς
1350 2884 1447 2957 τὴν
1498 2885 1753 2956 τοιαύτην

180 2979 469 3051 ἐπιθυμίαν,
488 2981 550 3032 οἰ
574 2982 704 3049 περὶ
729 2978 889 3033 αὑτὸν
924 2978 1143 3043 πάντες.
1163 2978 1516 3051 Προσκείσθω
1544 2979 1753 3043 τούτοις

181 3074 257 3125 καί
283 3076 309 3126 6
339 3073 537 3142 καιρὸς
573 3073 653 3135 εἰς
678 3070 1079 3143 ἀκριϐεστέραν
1102 3070 1335 3141 βάσανον
1374 3072 1469 3125 καὶ
1494 3072 1751 3137 ἐπίδειξιν

180 3165 261 3235 τῆς
283 3166 534 3234 γενναίας
570 3165 665 3219 τοῦ
695 3164 927 3235 ἀθλητοῦ
954 3163 1352 3235 πεποιθήσεως.
1379 3164 1475 3228 Τίς
1502 3160 1595 3219 οὖν
1628 3160 1695 3237 ἦν
1721 3166 1751 3217 6

180 3260 371 3327 καιρός
401 3258 675 3328 ἐξήλαυνε
702 3257 801 3327 μὲν
825 3257 926 3328 τῆς
966 3256 1379 3312 Κωνσταντίνου
1410 3256 1616 3322 πόλεως
1656 3258 1752 3312 ἐπὶ

179 3351 259 3422 τὴν
291 3353 427 3421 έῴαν
456 3353 486 3404 6
534 3350 812 3421 βασιλεὺς,
842 3349 968 3420 ἀρτι
996 3351 1112 3412 τοῖς
1143 3349 1283 3402 κατά
1321 3349 1431 3403 τῶν
1463 3348 1751 3421 βαρϐάρων

179 3442 304 3512 αὑτῷ
330 3441 764 3513 κατορθωοείσιν
799 3439 1114 3513 ἐπηρμένος
1136 3438 1197 3493 τὸ
1233 3439 1507 3511 φρόνημα,
1530 3442 1624 3494 καὶ
1658 3440 1750 3493 οὑ-

177 3534 250 3586 δεν
268 3535 602 3588 ἀντιϐαίνειν
641 3532 808 3586 αὑτοῦ
833 3534 953 3593 ταῖς
993 3532 1193 3605 ὁρμαῖς
1222 3531 1389 3597 ἀξιῶν
1411 3550 1426 3564 ·
1454 3535 1751 3606 προηγεῖτο

176 3626 224 3680 δὲ
248 3628 403 3681 αὑτοῦ
425 3628 536 3697 τῆς
566 3626 797 3697 πορείας
832 3625 860 3677 6
887 3623 1148 3697 ὕπαρχος,
1166 3626 1281 3679 ἀντ’
1294 3624 1454 3679 άλλου
1469 3625 1611 3690 τινὸς
1641 3625 1749 3680 τῶν

177 3721 242 3782 εἰς
263 3721 355 3791 τὴν
404 3720 592 3792 ἀρχὴν
639 3717 955 3787 ἀναγκαίων
983 3718 1139 3771 τοῦτο
1162 3718 1658 3791 προδιοικούμενος’
1688 3719 1750 3774 τὸ

178 3811 293 3881 μηδέ
310 3830 429 3865 τινα
451 3811 552 3865 τὸν
581 3811 674 3863 ἐπὶ
703 3809 937 3873 πίστεως
964 3810 1091 3863 ὄντα
1115 3811 1297 3880 μένειν
1317 3811 1584 3879 ἐφέστιον,
1613 3810 1748 3866 ἀλλά

173 3903 253 3956 τοῦ
299 3906 425 3969 τοὺς
486 3904 593 3975 μὲν
644 3899 1047 3956 ἀπελαύνεσθαι
1104 3902 1313 3965 πάντας
1364 3901 1741 3972 πανταχόθεν,

174 3998 367 4070 ἐτέρους
396 3999 456 4052 δὲ
505 3999 625 4052 ἀντ’
652 3998 879 4051 ἐκείνων
904 3996 1442 4067 αὑτοχειροτονήτους
1476 3997 1626 4058 τινάς
1656 3997 1747 4050 ἐπὶ

176 4090 310 4162 ὕϐρει
340 4092 440 4161 τῆς
472 4090 633 4155 θείας
660 4090 970 4162 οἰκονομίας
1022 4089 1357 4158 εἰσάγεσθαι.
1391 4089 1546 4144 Μετά
1575 4092 1750 4144 τοιαύ-

174 4198 258 4253 της
287 4180 377 4238 οὖν
414 4182 652 4255 γνώμης
697 4183 949 4254 καθάπερ
988 4182 1139 4252 νέφει
1170 4182 1316 4245 τινὸς
1356 4181 1616 4253 χαλεποῦ,
1648 4183 1749 4253 τῆς

174 4274 469 4341 δυναστείας
504 4278 573 4331 ἐκ
605 4278 707 4347 τῆς
758 4274 1120 4347 Προποντίδος
1168 4275 1313 4328 κατά
1358 4274 1467 4330 τῶν
1515 4275 1747 4347 Ἐκκλη-

176 4368 290 4422 σιῶν
325 4368 676 4439 κινηθείσης·
709 4367 806 4421 καὶ
829 4367 931 4438 τῆς
960 4367 1060 4437 μὲν
1095 4366 1349 4430 Βιθυνίας
1376 4367 1588 4441 ἀθρόως
1618 4370 1748 4440 ὲρη-

1851 1866 1905 1921 id
1948 1876 2006 1921 nt
2046 1870 2315 1939 proximis
2350 1873 2556 1927 nostris
2585 1878 3129 1933 commemorandum
3163 1882 3438 1953 relinqua-

1852 1976 1997 2024 mus,
2053 1972 2238 2018 monet
2286 1963 2471 2017 divina
2515 1966 2825 2035 sapientia:
2860 1968 3059 2024 Laude:
3108 1982 3174 2037 te,
3234 1973 3433 2045 inquit,

1848 2055 2143 2120 proximus,
2192 2064 2239 2108 et
2288 2072 2391 2109 non
2448 2056 2591 2110 labia
2643 2066 2735 2111 tua
2782 2060 2848 2115 ",
2915 2060 3067 2127 Quod
3131 2062 3434 2122 Eunomius

1851 2146 2268 2202 oculatissimus
2310 2162 2420 2202 non
2464 2148 2850 2219 considerans,
2899 2152 3191 2212 maximam
3226 2166 3436 2227 partem

1851 2239 1937 2293 sui
1977 2238 2104 2292 libri
2145 2239 2384 2309 gloriose
2421 2254 2545 2296 sese
2568 2239 2865 2309 ell‘erendo,
2887 2257 2939 2299 et
2966 2243 3267 2303 insolenter
3296 2264 3437 2319 pm-

1852 2330 2097 2385 dicando
2142 2331 2511 2402 consumpsit.

1923 2422 2192 2478 Omnibus
2230 2422 2397 2492 igitur
2446 2424 2601 2479 hisce
2638 2425 2880 2491 relictis,
2931 2429 3122 2485 sedulo
3166 2445 3436 2500 exponam

1852 2528 2016 2583 Opera
2041 2514 2399 2586 praeceptoris
2428 2516 2627 2580 nostri,
2654 2520 2868 2573 timoris
2888 2527 2942 2574 et
2963 2522 3183 2590 pavoris
3206 2522 3433 2580 indicia.

1852 2604 1985 2661 Erat
2020 2607 2186 2675 igitur
2220 2607 2288 2673 is,
2340 2623 2467 2662 cum
2504 2623 2613 2678 quo
2642 2609 2849 2665 Basilio
2890 2611 3267 2668 dimicandum
3293 2624 3434 2683 erat,

1853 2699 2083 2769 ipsemet
2138 2700 2459 2769 imperator.
2505 2698 2781 2757 Libidinis
2836 2716 2967 2758 vero
3023 2711 3077 2759 et
3139 2706 3438 2776 impietatis

1852 2794 1974 2863 ejus
2031 2791 2362 2847 administer
2409 2793 2520 2861 ille,
2552 2793 2647 2863 qui
2683 2800 2809 2862 post
2845 2794 3229 2865 imperatorem
3258 2805 3435 2855 totum

1853 2884 2142 2955 imperium
2210 2885 2456 2955 regebat.
2518 2885 2813 2955 Adjutores
2880 2897 3063 2944 autem
3114 2890 3435 2959 cupiditatis

1854 2975 2001 3031 illius
2041 2991 2233 3032 omnes
2273 2977 2501 3032 omnino
2525 2980 2714 3034 aulici.
2750 2980 2989 3037 Accedat
3033 2990 3088 3038 et
3136 2982 3222 3039 bis
3255 2983 3433 3054 ipsum

1855 3075 2094 3139 tempus,
2149 3078 2209 3123 ut
2257 3084 2323 3125 eo
2354 3072 2666 3127 accuratius
2700 3079 2755 3128 et
2776 3074 2994 3143 planius
3028 3074 3435 3131 demonstretur

1853 3162 2093 3219 invictus
2128 3171 2183 3219 et
2212 3164 2469 3220 excelsus
2520 3166 2739 3223 animus
2790 3169 3039 3238 generosi
3070 3169 3219 3225 illius
3253 3170 3434 3225 athle-

1851 3266 1939 3312 tte.
1959 3253 2115 3321 Quod
2144 3256 2310 3326 igitur
2332 3267 2546 3327 tempus
2567 3259 2721 3313 erat?
2736 3258 2939 3315 Aberat
2954 3259 3432 3332 Constantinopoli

1850 3346 2150 3417 imperator
2192 3350 2245 3401 in
2292 3349 2535 3414 Oriente,
2572 3351 2749 3407 elatus
2794 3360 2975 3417 mente
3020 3354 3192 3411 rebus
3237 3364 3433 3413 contra

1850 3436 2119 3494 barbaros
2162 3455 2271 3494 non
2324 3439 2399 3495 ita
2453 3440 2663 3511 pridem
2720 3441 2954 3499 feliciter
2995 3446 3188 3515 gestis,
3243 3446 3435 3503 existi-

1839 3543 2123 3598 ,mansque
2173 3528 2569 3599 cupiditatibus
2618 3529 2736 3586 suis
2774 3531 2914 3586 nihil
2955 3533 3179 3588 omnino
3238 3534 3432 3592 adver-

1850 3621 1962 3677 sari
2018 3620 2255 3687 debere;
2305 3620 2650 3691 praecedebat
2700 3638 2823 3678 eum
2872 3623 3190 3693 praefectus,
3250 3627 3435 3697 specie

1850 3712 2071 3784 quidem
2111 3713 2269 3784 quasi
2292 3713 2604 3769 necessaria
2639 3713 2988 3783 imperatoris
3012 3716 3268 3771 adventui
3300 3733 3433 3787 pra:-

1850 3818 2047 3874 parare
2100 3802 2342 3867 deberet,
2375 3818 2565 3857 revera
2594 3810 2800 3869 autem,
2831 3813 2889 3858 ut
2918 3803 3265 3862 Orthodoxos
3298 3824 3429 3878 pro-

1849 3895 1988 3966 priis
2016 3894 2241 3951 sedibus
2275 3895 2683 3960 exterminaret,
2722 3895 2778 3949 in
2810 3896 3219 3967 ejectorumque
3250 3900 3430 3955 locum

1849 3988 1992 4044 alios
2034 4003 2147 4043 non
2194 3988 2435 4059 legitime
2482 3995 2706 4043 vocatos
2759 3995 2815 4043 et
2865 3989 3170 4056 ordinatos,
3200 3992 3256 4047 in
3294 4009 3429 4049 con-

1850 4090 2116 4153 temptum
2158 4091 2214 4137 et
2249 4081 2508 4152 injuriam
2548 4078 2829 4145 Ecclesiae,
2886 4081 3263 4138 substitueret.
3316 4084 3429 4140 llac

1849 4174 2016 4246 igitur
2061 4184 2266 4239 mente,
2316 4173 2467 4229 velut
2509 4173 2655 4227 nube
2700 4172 2934 4242 quadam
2976 4176 3265 4241 malorum,
3299 4192 3427 4232 cum

1847 4267 2111 4322 violentia
2145 4266 2510 4337 etexagitatio
2542 4271 2733 4320 contra
2781 4263 3059 4321 Ecclesias
3093 4283 3160 4321 ex
3186 4265 3429 4340 Propon-

1851 4360 1964 4414 tide
2022 4374 2314 4430 progressa
2360 4367 2527 4423 esset,
2568 4366 2634 4413 et
2697 4355 3008 4429 Bithyniam
3071 4360 3291 4430 quidem
3357 4378 3426 4417 ex

178 4460 450 4529 μωθείσης,
484 4458 761 4521 Γαλατίας
791 4458 847 4512 δὲ
874 4459 973 4512 σὺν
999 4457 1166 4530 πολλῇ
1197 4460 1263 4529 τῇ
1297 4458 1549 4531 ῥᾳστώνῃ
1568 4464 1744 4531 παρᾶ-

1854 4453 2149 4524 improviso
2215 4452 2552 4519 desolasset,
2624 4452 3006 4525 Galatiamque
3067 4456 3187 4511 sine
3242 4459 3429 4516 labore

176 4551 411 4622 συρείσης
439 4567 453 4580 ·
490 4550 590 4603 καὶ
621 4548 839 4603 πάντων
888 4549 1073 4611 αὑτοῖς
1118 4548 1261 4602 κατά
1297 4547 1422 4601 νοῦν
1456 4548 1543 4603 διά
1580 4550 1746 4620 μέσου

174 4644 579 4713 κεχωρηκότων,
601 4639 893 4713 προῦκειτο
920 4640 1019 4711 ἤδη
1048 4642 1114 4711 τῇ
1144 4639 1437 4712 ἀκολουθία
1456 4640 1549 4693 τοῦ
1574 4642 1747 4696 κακοῦ

173 4732 223 4784 τὸ
246 4718 515 4803 ἧμέτερον
534 4748 550 4763 ·
585 4730 637 4784 τί
666 4726 759 4785 οὖν
785 4732 813 4784 6
845 4732 1017 4802 μέγας
1040 4732 1160 4784 τότε
1187 4730 1481 4794 Βασίλειος,
1499 4732 1527 4784 6
1556 4730 1745 4795 δειλὸς,

172 4820 235 4883 ὣς
278 4839 441 4891 φησιν
494 4814 671 4888 οὗτος,
706 4821 800 4874 καὶ
851 4820 1085 4890 ἄτολμος
1106 4859 1120 4884 ,
1152 4819 1245 4883 καὶ
1278 4820 1643 4891 ὑποπτήσσων
1678 4821 1747 4875 τά

173 4908 357 4980 φοϐερά
378 4950 393 4973 ,
436 4909 535 4962 καὶ
590 4908 816 4979 οἰκίσκῳ
861 4908 1175 4962 λανθάνοντι
1211 4908 1311 4980 τὴν
1345 4910 1616 4981 σωτηρίαν
1650 4928 1739 4963 πι-

174 5001 357 5055 στεύων
390 5019 406 5066 ;
437 4998 589 5073 *Αρα
625 5000 943 5073 κατεπλάγη
986 5002 1085 5072 τὴν
1133 5001 1228 5055 τοῦ
1285 5001 1457 5055 κακοῦ
1502 5002 1737 5074 προσϐο-

172 5087 462 5163 λήνςἋρα
500 5093 562 5144 τὸ
607 5092 778 5157 πάθος
821 5092 927 5146 τῶν
970 5091 1397 5164 προεαλωκότων
1435 5093 1737 5163 σύμϐουλον

172 5178 291 5246 πρὸς
314 5179 413 5251 τὴν
437 5180 739 5249 ἀσφάλειαν
757 5181 866 5235 τῶν
892 5181 1013 5235 καθ’
1029 5182 1221 5236 ἑαυτὸν
1245 5183 1537 5254 ἐποιήσατο
1558 5179 1736 5254 ;⁷Αρα

173 5269 479 5334 κατεδέξατο
496 5271 591 5325 τοῦ
613 5268 753 5339 εἶξαι
782 5273 917 5346 πρὸς
946 5273 1124 5343 ὀλίγον
1150 5275 1214 5344 τῇ
1261 5274 1407 5348 ῥύμῃ
1441 5274 1533 5328 τοῦ
1562 5275 1735 5328 κακοῦ

175 5360 643 5429 συμϐουλεύοντος,
667 5365 801 5436 μηδὲ
841 5368 922 5430 εἰς
956 5361 1229 5437 προῦπτον
1271 5366 1512 5419 κίνδυνον
1549 5366 1738 5421 ἑαυτὸν

174 5448 447 5518 ἰμϐάλλειν
502 5455 595 5507 ἐπὶ
653 5455 956 5528 ἀνθρώπων
1016 5455 1579 5528 καταγυμνασθέντων
1625 5458 1738 5521 τοῖς

174 5542 409 5616 ιίμασινς
438 5545 474 5618 ἦ
493 5548 643 5601 πᾶσα
670 5548 840 5619 λόγων
880 5550 1172 5623 ὑπερϐολὴ,
1202 5551 1295 5605 καὶ
1322 5550 1429 5605 πᾶν
1457 5549 1588 5619 ὕψος
1612 5567 1735 5607 νοτη-

274 5747 314 5782 ¹’
337 5748 694 5817 Prmaxvn,
728 5752 787 5809 2.

1849 4552 2141 4607 vastasset,
2173 4553 2227 4599 et
2255 4558 2380 4598 cum
2416 4542 2601 4598 omnia
2630 4542 2738 4598 illis
2768 4541 2836 4598 ad
2868 4544 3203 4601 voluntatem
3233 4545 3423 4602 ﬂuxis-

1845 4642 1999 4701 sent;
2032 4633 2145 4705 jam
2176 4633 2415 4703 serpenti
2449 4633 2595 4688 malo
2624 4632 2992 4703 objiciebatur
3020 4645 3212 4692 nostra
3244 4640 3419 4710 regio,

1844 4733 1905 4781 ut
1948 4724 2214 4795 proxima.
2246 4722 2388 4789 Quid
2433 4723 2600 4795 igitur
2629 4738 2860 4793 magnus
2894 4722 3155 4791 Basilius,
3196 4728 3426 4784 timidus

1844 4818 1959 4883 ille,
2004 4825 2063 4870 ut
2110 4816 2213 4871 iste
2253 4815 2511 4887 appellat,
2557 4822 2612 4871 et
2650 4816 2903 4887 pavidus,
2942 4826 2996 4871 et
3036 4819 3090 4872 in
3134 4822 3297 4873 rebus
3324 4836 3417 4873 ar-

1845 4908 1968 4963 duis
2005 4906 2304 4961 formidare
2347 4907 2569 4973 solitus,
2608 4914 2662 4963 et
2701 4908 2940 4963 obscuro
2975 4910 3191 4963 cuidam
3238 4909 3420 4965 domi-

1845 5000 1972 5055 cilio
2021 5015 2177 5056 suam
2222 5000 2455 5055 salutem
2503 4998 2773 5055 credens?
2816 5000 2898 5055 An
2947 5001 3129 5054 animo
3182 5000 3425 5058 concidit

1844 5092 1917 5147 ob
1961 5091 2289 5147 calamitatis
2337 5091 2485 5146 illius
2536 5091 2835 5161 impetum?
2882 5092 2964 5144 An
3019 5107 3080 5147 ea
3135 5108 3256 5162 qua:
3297 5094 3424 5149 aliis

1843 5193 2141 5243 evenerunt
2184 5185 2436 5254 exemplo
2464 5193 2518 5238 et
2550 5184 2883 5240 documento
2923 5185 3028 5240 sibi
3073 5187 3268 5241 salutis
3296 5203 3424 5244 esse

1842 5280 2065 5335 voluit?
2108 5278 2247 5334 Num
2295 5278 2571 5349 acquievit
2620 5277 2837 5331 illorum
2881 5278 3127 5343 monitis,
3191 5282 3284 5351 qui
3329 5299 3427 5352 pu-

1842 5373 2031 5427 tabant
2064 5370 2131 5425 ad
2178 5371 2452 5426 modicum
2490 5379 2702 5440 tempus
2749 5368 2917 5424 furori
2974 5370 3188 5427 illorum
3224 5372 3425 5428 ceden-

1843 5464 1970 5518 dum
2018 5478 2176 5528 esse,
2231 5470 2286 5517 et
2337 5470 2395 5515 ut
2449 5476 2509 5517 se
2565 5478 2676 5517 non
2725 5462 3025 5531 conjiceret
3068 5463 3122 5518 in
3173 5473 3426 5535 apertum

1840 5554 2145 5626 periculum
2177 5552 2496 5610 obsistendo
2518 5551 2835 5611 hominibus
2865 5553 2935 5609 ad
2968 5554 3171 5613 caedem
3204 5566 3258 5615 et
3291 5572 3425 5615 san.-
