3920 6514
1707 340 1764 395 S.
1807 337 2133 396 GREGORH
2169 335 2214 393 N
2228 336 2465 395 YSSENI
3628 340 3728 394 292

466 350 567 409 291

466 465 682 539 guinem
724 457 1000 514 assuetis?
1041 457 1125 513 An
1172 455 1352 510 omnis
1395 454 1659 509 orationis
1707 454 1883 525 copia,
1912 468 2036 508 ver—

2158 453 2329 506 ιάτων
2356 466 2412 505 τε
2434 451 2525 504 καὶ
2548 450 2807 521 ῥημάτων
2837 450 2985 505 κάτω
3015 470 3115 504 που
3161 452 3259 522 τῆς
3286 452 3547 522 ἀληθείας
3584 453 3728 518 ἐλέγ-

464 557 770 623 borumque
823 550 1040 621 pondus
1075 550 1177 602 hac
1226 548 1281 601 in
1330 562 1385 601 re
1420 548 1579 617 longe
1617 547 1794 599 minor
1849 554 1932 601 est
1992 553 2047 599 et

2158 559 2330 614 (εταις
2357 542 2481 605 Πῶς
2507 542 2615 614 ἄρα
2653 559 2735 605 τις
2780 541 3035 606 διεξέλθοι
3068 542 3144 612 τῷ
3168 543 3310 613 λόγῳ
3336 544 3429 613 τὴν
3461 545 3728 617 τοσαύτην

463 648 712 711 inferior,
769 658 932 714 quam
975 643 1052 697 rei
1098 649 1264 712 gesta:
1309 640 1552 693 veritas?
1595 638 1709 704 Qua
1746 637 1891 693 enim
1923 652 2047 691 ora.

2158 634 2250 687 τῶν
2307 633 2551 704 φοϐερῶν
2591 633 2993 702 καταφρόνησιν
3026 651 3040 699 ;
3074 634 3199 697 Πῶς
3231 635 3296 688 ἀν
3345 653 3428 699 τις
3482 636 3578 688 ὑπ’
3615 636 3730 706 ὅφιν

458 740 609 793 tione
659 733 1018 805 explicaverit
1046 733 1172 803 quis
1205 732 1352 785 illam
1387 731 1630 784 omnium
1672 729 2041 799 periculorum

2158 727 2337 794 ὶγάγοι
2385 726 2474 778 τὸν
2525 724 2709 778 καινὸν
2742 726 2947 779 ἐκεῖνον
2999 725 3205 793 ἀγῶνα,
3233 726 3293 778 ὃν
3317 725 3439 780 οὕτε
3470 728 3604 800 παρ’
3643 730 3706 782 ἀν

455 828 927 903 despicientiam?
956 825 1246 893 Quomodo
1289 825 1414 894 quis
1459 823 1636 877 oculis
1673 821 1949 890 subjiciat,
1990 828 2043 873 et

2158 819 2169 871 λ
2179 817 2395 889 ρώπων,
2418 814 2540 869 οὔτε
2572 816 2707 885 πρὸς
2729 817 3049 890 ἀνθρώπους
3077 818 3301 879 εἰκότως
3332 819 3396 872 ἀν
3421 838 3511 883 τις
3535 823 3729 892 συστῆ-

458 926 823 995 reprzesentet
887 931 1084 973 novam
1133 916 1303 981 illam,
1352 924 1404 971 et
1464 914 1736 968 insolitam
1777 927 2034 982 pugnam,

2158 927 2229 962 ραι
2265 910 2510 979 φήσειεν,
2546 908 2658 962 ἀλλ’
2688 908 2889 979 ἀρετὴν
2922 908 3015 961 καὶ
3060 910 3369 980 παρρησίαν
3402 911 3728 983 Χριστιανοῦ

462 1032 625 1087 quam
673 1027 851 1082 neque
899 1010 967 1064 ab
995 1008 1332 1071 hominibus,
1358 1022 1531 1077 neque
1561 1014 1750 1060 contra
1788 1004 2037 1057 homines

2158 1001 2279 1072 πρὸς
2315 1000 2631 1053 δυναστείαν
2651 1000 2897 1070 φονῶσαν
2926 998 3402 1070 ἀνταγωνίζεσθαι.

463 1114 773 1175 susceptam
810 1102 1004 1157 merito
1031 1101 1155 1170 quis
1217 1100 1567 1159 amrmaverit
1627 1096 1723 1152 sed
1791 1096 1971 1166 potius
2041 1095 2300 1150 virtutem
2344 1102 2399 1150 et
2466 1094 2776 1149 libertatem
2830 1094 3139 1150 Christiani
3206 1103 3403 1150 contra
3469 1097 3729 1167 principis

460 1200 811 1262 violentiam,
857 1197 1025 1252 cazdis
1077 1203 1130 1250 et
1187 1194 1475 1263 sanguinis
1532 1198 1897 1262 appetentem,
1942 1200 2185 1246 certasse
2237 1190 2470 1260 quilibet
2508 1190 2731 1245 dixerit.

536 1290 775 1345 Vocabat
805 1288 954 1342 illum
988 1286 1059 1341 ed
1099 1301 1157 1341 se
1189 1287 1499 1356 przeleetus,
1544 1291 1896 1338 antevertens
1943 1283 2046 1336 im-

476 1382 750 1455 peratoris
798 1381 1143 1451 praesentiam
1199 1388 1252 1431 et
1303 1378 1617 1440 adventum,
1682 1375 2048 1444 imperatoris-

462 1493 571 1550 que
604 1476 899 1547 potentiam
939 1489 1035 1545 per
1070 1488 1129 1528 se
1163 1472 1591 1530 formidandam,
1630 1469 1896 1524 eﬂiciebat
1932 1468 2043 1522 for-

463 1569 866 1625 tnidabiliorem
930 1565 1328 1637 suppliciorum
1380 1563 1764 1617 multitudine:
1826 1567 2045 1630 etpost

461 1660 583 1715 illas
634 1660 688 1713 in
737 1656 991 1727 Bithynia
1064 1655 1382 1726 tragmdias,
1457 1654 1812 1725 devictnsque
1885 1655 2042 1708 solita

460 1750 724 1805 facilitate
804 1745 1046 1808 Galatas,
1115 1746 1320 1799 nullius
1400 1745 1604 1814 negotii
1672 1746 2041 1810 existimabat,

2234 1281 2446 1335 Ἐκάλει
2481 1280 2579 1351 μὲν
2613 1280 2722 1352 γάρ
2771 1282 2906 1349 πρὸς
2952 1282 3140 1336 ἑαυτὸν
3177 1280 3466 1354 προλαϐών
3498 1278 3598 1349 τὴν
3640 1283 3726 1339 τοῦ

2153 1372 2416 1445 βασιλέως
2469 1374 2790 1427 ἐπιστασίαν
2822 1376 2850 1426 6
2896 1372 3143 1444 ὕπαρχος
3177 1390 3192 1405 ·
3220 1375 3313 1427 καὶ
3356 1375 3536 1438 ἄλλως
3574 1366 3727 1429 οὖσαν

2152 1466 2386 1537 φοϐεράν
2416 1466 2503 1519 διά
2537 1466 2597 1520 τὸ
2630 1466 2858 1536 μέγεθος
2886 1465 2982 1537 τὴν
3023 1467 3219 1538 ἀρχὴν,
3253 1466 3638 1538 φοϐερωτέραν
3669 1472 3727 1541 τῇ

2151 1559 2364 1629 ἀφειδίᾳ
2405 1558 2513 1611 τῶν
2563 1558 2843 1629 τιμωριῶν
2894 1561 3259 1630 καταστήσας,
3310 1560 3401 1612 καὶ
3453 1560 3597 1630 μετά
3640 1563 3729 1622 τὰς

2149 1651 2453 1722 τραγῳδίας
2501 1652 2734 1717 ὲκείνας,
2780 1650 2848 1713 ἀς
2881 1651 3022 1704 κατά
3056 1651 3305 1705 Βιθυνίαν
3342 1652 3721 1723 ἐξειργάσατο.

2151 1742 2405 1795 Γαλατῶν
2462 1743 2566 1796 ὑπὸ
2612 1743 2708 1813 τῆς
2743 1742 3004 1811 συνήθους
3025 1742 3271 1805 εὐκολίας
3316 1744 3530 1797 ἀκονιτὶ
3563 1762 3730 1816 παρα-

458 1843 623 1896 etiam
650 1839 792 1910 apud
825 1854 925 1893 nos
957 1838 1222 1892 arbitratu
1257 1852 1357 1891 suo
1403 1836 1668 1891 insanire.
1711 1836 1894 1893 Rebus
1924 1854 2049 1893 vero

2158 1835 2415 1898 στάντων,
2435 1834 2651 1905 ἕτοιμον
2685 1833 2840 1904 ᾤετο,
2879 1835 2972 1888 καὶ
3002 1834 3060 1887 τὸ
3095 1835 3214 1888 καθ’
3246 1837 3395 1907 ἡμᾶς
3424 1836 3577 1907 αὐτῷ
3604 1839 3730 1908 πρὸς

470 1932 674 1988 futuris
704 1931 987 1986 exordium
1029 1930 1176 1985 dedit
1212 1930 1386 1983 oratio
1426 1930 1590 1984 minis
1650 1930 1811 1984 simul
1835 1940 1888 1985 et
1922 1947 2046 1999 pro-

459 2026 647 2081 missis
681 2025 873 2079 mista:
909 2033 964 2078 et
997 2025 1041 2078 si
1075 2023 1294 2094 quidem
1332 2023 1735 2092 obtemperaret
1782 2023 2041 2088 Basilius,

460 2114 815 2184 promittebat
865 2112 1103 2167 honores
1137 2128 1324 2167 omnes
1349 2112 1415 2165 ab
1452 2113 1798 2181 imperatore,
1828 2120 1881 2167 et
1910 2129 2046 2183 prae-

462 2216 605 2261 terea
642 2203 898 2260 Ecclesiae
940 2205 1369 2274 gubernaculum
1421 2212 1476 2259 et
1532 2206 1781 2271 clavum;
1816 2207 1860 2259 si
1906 2207 2046 2259 relu-

460 2307 726 2364 ctaretur,
769 2300 1110 2368 proponebat
1159 2297 1362 2359 omnia,
1409 2310 1530 2367 qua:
1567 2296 1836 2351 acerbitas
1880 2296 2045 2351 animi

456 2406 584 2446 cum
614 2400 885 2461 potestate
924 2389 1140 2459 quidvis
1168 2389 1362 2459 agendi
1400 2389 1698 2456 conjuncta
1730 2389 2045 2457 excogitare

458 2493 663 2555 potest.
692 2484 756 2539 Et
789 2486 880 2540 illa
911 2486 1131 2556 quidem
1161 2498 1282 2554 qua).
1331 2482 1421 2537 isti
1452 2490 1681 2553 egerunt
1731 2481 2044 2551 hujusmodi

460 2578 639 2632 fuere.

532 2670 598 2722 At
627 2677 815 2724 noster
852 2674 1064 2722 tantum
1100 2666 1305 2729 abfuit,
1338 2672 1395 2720 ut
1434 2666 1505 2720 ob
1533 2680 1619 2727 ea,
1655 2679 1774 2733 qua:
1805 2663 2041 2727 videbat,

458 2762 544 2815 vel
581 2760 856 2823 audiebat,
890 2760 1087 2815 timore
1124 2758 1533 2829 percelleretur,
1568 2766 1626 2811 ut
1672 2757 1813 2811 sicut
1850 2756 2046 2826 aliquis

461 2852 726 2918 medicus,
755 2851 841 2905 vel
875 2850 1377 2905 iiduseonsiliarius
1398 2849 1720 2912 accersitus,
1750 2861 1858 2917 quo
1883 2849 2045 2903 rebus

463 2942 767 3013 deploratis
799 2949 853 2997 et
888 2941 1153 3011 depositis
1180 2955 1336 3010 opem
1369 2939 1524 3004 ferat,
1563 2940 1832 2992 monuerit
1859 2938 2043 2996 etiam.

460 3044 515 3087 tu
552 3033 622 3087 ob
645 3047 706 3087 ea
734 3047 855 3103 qua:
891 3038 1360 3102 perpetraverant,
1392 3030 1762 3099 pomiteutiam
1803 3034 2044 3097 agerent,

2148 1926 2208 1977 τὸ
2242 1924 2433 1979 δοκοῦν
2467 1924 2891 1997 ἀπαντήσεσθαι.
2940 1925 3052 1995 Τῆς
3108 1924 3164 1979 δὲ
3209 1926 3316 1980 τῶν
3362 1926 3544 1998 ἔργων
3594 1930 3723 1982 ἀπο-

2150 2019 2347 2087 τομίας
2380 2017 2663 2089 προοίμιον
2688 2020 2716 2072 6
2740 2017 2895 2087 λόγος
2929 2020 3136 2088 ἐγίνετο
3156 2058 3169 2082 ,
3202 2001 3449 2082 ἀπειλαῖς
3470 2018 3607 2091 ὁμοῦ
3643 2039 3729 2090 μευ

2151 2108 2410 2178 μιγμένος
2436 2109 2529 2161 καὶ
2561 2109 2903 2181 ὑποσχέσεσιο
2938 2109 3211 2163 πεισθέντι
3248 2110 3344 2180 μὲν
3374 2111 3441 2164 ἐκ
3472 2110 3727 2181 βασιλέως

2147 2201 2333 2272 τιμὴν,
2366 2202 2457 2254 καὶ
2485 2202 2658 2273 ἀρχὴν
2683 2201 2781 2272 τῆς
2821 2201 3145 2271 Ἐκκλησίας
3171 2202 3499 2272 προτείνων*
3525 2204 3728 2255 ἐνιστα-

2151 2295 2299 2364 μένῳ
2346 2294 2422 2356 δὲ,
2457 2296 2633 2347 πάντα
2676 2294 2776 2346 ὅσα
2812 2293 3011 2364 πικρία
3034 2292 3214 2363 ψυχῆς
3259 2294 3640 2365 προσλαϐοῦσα
3673 2295 3725 2346 τὸ

2151 2385 2411 2441 δύνασθαι
2439 2388 2561 2438 κατ’
2590 2386 2837 2452 ἐξουσίαν
2869 2384 3204 2455 βουλεύεται.
3229 2385 3310 2440 Τά
3353 2386 3452 2457 μὲν
3478 2383 3574 2443 οὖν
3605 2388 3724 2458 παρ’

2150 2478 2371 2532 ἐκείνων
2402 2477 2649 2534 τοιαῦτα.

2230 2658 2288 2713 '0
2321 2659 2376 2712 δὲ
2403 2658 2669 2731 ἡμέτερος
2715 2657 2968 2713 τοσοῦτον
3007 2659 3245 2732 ἀπέσχεν
3276 2663 3357 2728 είς
3390 2662 3722 2734 κατάπληξίν
3789 2685 3793 2690 ’

2149 2770 2267 2806 τινα
2292 2752 2382 2807 διὰ
2406 2752 2515 2805 τῶν
2558 2753 2849 2823 ὁρωμένων
2874 2793 2890 2819 ,
2923 2752 2955 2823 ἢ
2994 2753 3300 2825 λεγομένων
3351 2757 3558 2821 ἐλθεῖν,
3596 2757 3724 2809 ὥστε

2149 2845 2400 2917 καθάπερ
2427 2863 2509 2910 τις
2548 2845 2751 2916 ἰατρὸς,
2780 2846 2813 2917 ἦ
2846 2846 3145 2917 σύμϐουλος
3180 2848 3380 2918 ἀγαθός
3404 2854 3487 2915 εἰς
3518 2848 3726 2920 διόρθω-

2152 2953 2237 2988 σιν
2294 2934 2783 3006 πλημμελημάτων
2840 2938 3249 3011 παρακληθεὶς,
3297 2942 3389 2995 καὶ
3439 2942 3581 3013 ὑπὲρ
3624 2939 3724 2993 τῶν

2150 3028 2674 3100 προτετολμημένων
2703 3029 2886 3093 αὐτοῖς
2914 3032 3339 3102 μεταγινώσκειν
3373 3034 3720 3097 ὲνεκελεύετο,

466 3132 520 3176 et
559 3120 628 3177 de
669 3131 867 3176 cmtero
897 3126 1178 3176 cessarent
1212 3118 1277 3173 ad
1313 3118 1511 3173 caadem
1561 3132 1806 3186 quaerere
1858 3131 2047 3172 servos

2158 3118 2245 3170 καὶ
2271 3116 2364 3169 τοῦ
2399 3114 2586 3170 λοιποῦ
2621 3116 2930 3173 παύσασθαι
2955 3123 3095 3174 κατά
3127 3122 3236 3175 τῶν
3268 3123 3470 3177 δούλων
3504 3123 3595 3177 τοῦ
3623 3125 3723 3176 Κυ-

463 3214 593 3281 Dei;
622 3214 760 3268 nihil
800 3213 946 3267 enim
980 3211 1198 3267 efﬁcere
1239 3226 1333 3266 eos
1368 3224 1529 3280 posse
1560 3219 1750 3264 contra
1777 3210 1921 3273 illos,
1951 3208 2045 3277 qui

458 3305 639 3361 solum
671 3304 764 3359 Dei
811 3318 1039 3374 regnum
1085 3308 1364 3372 appetant,
1402 3311 1455 3355 et
1488 3300 1853 3355 immortalem
1900 3298 2044 3351 illam

462 3395 573 3448 vim
614 3401 670 3447 et
730 3393 1028 3463 potentiam
1088 3392 1306 3446 colant:
1362 3405 1539 3460 neque
1589 3389 1734 3444 enim
1782 3403 1899 3452 eos,
1955 3388 2045 3458 qui

463 3485 679 3542 damnis
710 3486 811 3539 hos
842 3483 1063 3538 afﬁcere
1096 3483 1283 3543 velint,
1314 3480 1590 3551 quidpiam
1619 3495 1781 3550 posse
1809 3480 2049 3550 reperire

462 3594 563 3635 seu
600 3579 807 3633 dictum
855 3592 949 3632 seu
1002 3575 1228 3637 factum,
1274 3573 1420 3643 quod
1467 3572 1837 3627 Christianum
1890 3570 2049 3626 laedat

460 3671 550 3726 vel
598 3669 919 3724 contristet.
981 3667 1323 3732 Publicatio,
1375 3666 1573 3736 inquit,
1619 3665 1886 3719 bonorum
1937 3679 2046 3718 non

464 3764 621 3818 obest
648 3760 826 3830 ei,qui
846 3759 1015 3813 solam
1034 3757 1189 3813 ﬁdem
1210 3757 1472 3829 possidet.
1498 3757 1759 3811 Exsilium
1793 3772 1900 3810 non
1933 3764 2046 3811 ter-

469 3853 634 3917 «rebit,
660 3852 753 3922 qui
773 3859 943 3905 totum
978 3856 1246 3903 terrarum
1277 3849 1466 3902 orbem
1511 3847 1695 3902 animo
1728 3861 1828 3900 suo
1857 3860 2048 3916 super-

458 3945 742 4018 greditur;
777 3949 831 3997 et
873 3941 965 4012 qui
998 3957 1212 3996 omnem
1242 3940 1516 3995 civitatem
1546 3947 1605 3992 ut
1632 3938 1884 4000 alienam,
1920 3953 2049 4007 pro-

464 4045 587 4107 pter
617 4044 831 4105 tempus
865 4035 1135 4088 incolatus
1160 4034 1335 4101 sui;e.t
1374 4048 1568 4089 rursus
1592 4046 1828 4097 omnem,
1858 4039 2051 4101 utpro-

466 4132 643 4200 priam
667 4136 888 4199 propter
918 4127 1285 4182 conditionem
1309 4125 1551 4195 ejusdem
1578 4133 1856 4180 naturae‘et
1874 4133 2049 4180 status

466 4221 787 4275 arbitratur.
809 4218 941 4272 Illud
970 4226 1151 4272 autem
1167 4219 1372 4287 plagas.
1396 4218 1630 4280 labores,
1650 4223 1886 4272 mortem
1913 4216 2050 4270 tole—

470 4325 616 4375 rare,
656 4309 877 4379 quando
914 4309 966 4364 id
1022 4296 1120 4379 pro
1158 4309 1403 4364 veritatis
1448 4307 1767 4364 defensione
1794 4308 2047 4378 exigitur,

468 4419 539 4459 ne
566 4403 887 4457 mulieribus
908 4401 1125 4471 quidem
1147 4408 1409 4455 terrorem
1435 4402 1677 4456 incutere
1699 4400 1870 4457 solet:
1905 4400 2048 4470 quod

466 4507 660 4547 omnes
702 4492 1000 4547 Christiani
1055 4507 1281 4548 summa:
1331 4491 1608 4549 felicitatis
1656 4494 1774 4550 loco
1821 4495 2044 4558 ducant,

469 4584 836 4640 intolerabilia
869 4586 1032 4639 etiam
1064 4584 1251 4640 subire
1280 4592 1573 4648 tormenta,
1602 4602 1705 4657 pro
1753 4602 1849 4660 spe
1896 4588 2048 4643 illius

470 4680 614 4733 vita.
678 4677 913 4731 Tantum
958 4692 1052 4732 eos
1098 4678 1283 4732 dolere
1335 4678 1585 4746 dicebat,
1651 4681 1795 4750 quod
1857 4690 2051 4735 natura

471 4783 635 4823 unam
674 4777 881 4822 tantum
933 4777 1161 4822 mortem
1202 4768 1435 4838 singulis
1476 4771 1834 4835 decrevisset,
1875 4788 2052 4841 neque

469 4860 673 4930 saepius
704 4858 985 4914 moriendo
1014 4859 1202 4913 liceret
1234 4874 1332 4928 pro
1365 4860 1593 4915 veritate
1612 4861 1896 4917 dimicare.

542 4951 678 5006 Cum
709 4965 870 5021 porro
890 4949 1124 5004 Basilius
1143 4951 1288 5004 hunc
1314 4951 1365 5004 in
1391 4951 1610 5007 modum
1625 4956 1864 5008 animum
1894 4970 2051 5009 suum
2106 5004 2109 5007 .

473 5051 665 5099 contra
712 5042 889 5097 minas
920 5042 1247 5107 intenderet,
1296 5054 1352 5098 et
1380 5058 1595 5099 omnem
1632 5044 1832 5100 fastum
1873 5058 2056 5117 poteti-

473 5137 563 5190 tia:
593 5143 647 5191 et
682 5134 891 5204 imperii
925 5134 1080 5188 nihili
1116 5134 1414 5204 penderet:
1450 5151 1576 5190 mox
1612 5144 1670 5191 ut
1711 5138 1765 5192 in
1792 5140 2052 5199 scena.in

475 5228 780 5296 repentinis
819 5237 1179 5296 personarum
1221 5228 1637 5293 mutationibus,
1670 5230 1774 5283 alia
1819 5246 1919 5300 pro
1948 5232 2053 5285 alia

476 5319 830 5389 producitur:
863 5318 1053 5374 eodem
1093 5319 1254 5374 modo
1281 5330 1337 5375 et
1377 5320 1465 5375 hic
1507 5322 1773 5391 asperitas
1807 5324 2051 5379 inimico-

475 5425 596 5463 rum
639 5410 696 5465 in
746 5410 1044 5468 blanditias
1093 5426 1361 5467 conversa
1396 5423 1510 5468 est:
1566 5422 1885 5485 mutataque
1929 5431 2057 5471 ora-

477 5502 627 5556 tione
673 5504 741 5568 is,
793 5505 884 5575 qui
926 5519 991 5560 eo
1042 5521 1217 5576 usque
1255 5505 1529 5563 terriﬁcas
1580 5516 1635 5563 et
1687 5509 2055 5566 minabundns

479 5590 678 5657 fuerat,
739 5594 804 5649 ad
846 5595 1075 5650 blandos
1134 5604 1187 5651 et
1242 5598 1551 5652 moderatos
1600 5613 1884 5655 sermones
1934 5615 2055 5655 sese

482 5683 763 5736 transfert.
794 5681 874 5737 Ne
907 5691 986 5749 tu,
1024 5685 1222 5754 inquit,
1256 5673 1407 5741 nihili
1442 5687 1613 5743 facias
1644 5688 1788 5758 quod
1812 5703 2055 5761 .magnus

484 5769 779 5844 ithperator
806 5780 900 5830 tuo
939 5775 1137 5845 populo
1172 5777 1339 5833 inseri
1364 5778 1544 5849 cupit:
1576 5779 1709 5851 quin
1738 5779 1921 5851 potius
1954 5794 2054 5851 pa-

2157 3208 2270 3281 ρίου
2310 3209 2585 3278 φονῶντας
2605 3227 2619 3242 ·
2645 3206 2781 3264 εἶναι
2808 3211 2917 3282 γὰρ
2947 3213 3130 3278 αὐτοῖς
3157 3214 3255 3285 τῆς
3286 3215 3532 3279 ἐπινοίας
3577 3214 3722 3267 πλέον

2151 3302 2304 3356 οὐδὲν
2342 3301 2434 3356 ἐπί⁵
2461 3301 2568 3356 τῶν
2598 3302 2764 3376 μόνην
2795 3304 2893 3373 τὴν
2924 3304 3015 3359 τοῦ
3051 3306 3185 3361 Θεοῦ
3225 3306 3525 3378 βασιλείαν,
3560 3308 3647 3361 καί
3669 3304 3722 3358 τὸ

2151 3393 2420 3450 ἀθάνατον
2451 3395 2650 3466 κράτος
2691 3391 3114 3468 θεραπευόντων.
3157 3400 3309 3470 Μηδὲ
3337 3402 3446 3471 γὰρ
3480 3400 3720 3455 δύνασθαι

2151 3488 2279 3549 τοὺς
2335 3490 2650 3540 κακοποιεῖν
2703 3487 3055 3561 βουλομένους
3105 3491 3285 3563 εὑρεῖν
3332 3510 3383 3545 τι
3414 3489 3721 3550 emeritos/.6

2151 3577 2381 3650 λυπήσει
2409 3578 2498 3632 τὸν
2533 3579 2857 3651 Χριστιανὸν
2880 3623 2894 3647 ,
2927 3581 2958 3652 ἢ
2995 3582 3189 3654 ῥηθὲν,
3222 3583 3254 3654 ἢ
3310 3582 3721 3655 γινόμενον.Δῆ-

2155 3686 2347 3740 μευσις
2375 3670 2470 3740 οὐχ
2504 3669 2725 3739 ἅψεται,
2755 3672 2911 3742 φησι,
2938 3672 3031 3725 τοῦ
3067 3674 3231 3745 μόνην
3275 3674 3607 3744 κεκτημένου
3633 3673 3719 3742 τὴν

2153 3761 2333 3815 πίστιν
2355 3777 2371 3793 '
2407 3762 2774 3834 ύπερορισμδς
2806 3764 2868 3816 οὐ
2919 3764 3144 3837 φοϐήσει
3173 3766 3264 3817 τὸν
3294 3764 3477 3836 πάσης
3503 3766 3598 3827 τῆς
3627 3763 3720 3833 γῆς

2156 3852 2294 3924 μετά
2342 3852 2441 3923 τῆς
2493 3854 2662 3925 αὐτῆς
2688 3854 2913 3926 γνώμης
2958 3855 3385 3911 ὲπιϐατεύοντα·
3424 3857 3520 3909 καὶ
3554 3858 3718 3908 πᾶσαν

2156 3944 2257 4016 μὲν
2280 3943 2357 4007 ὡς
2382 3943 2668 4016 ἀλλοτρίαν
2696 3946 2785 3999 διά
2806 3946 2866 3999 τὸ
2902 3946 3231 4018 πρόσκαιρον
3259 3946 3359 4017 τῆς
3385 3947 3716 4017 ἐνοικήσεως,

2153 4037 2337 4091 πᾶσαν
2369 4036 2427 4089 δὲ
2466 4036 2622 4090 πόλιν
2680 4038 2756 4102 ώς
2805 4038 3043 4102 οἰκείαν,
3076 4037 3164 4092 διά
3208 4036 3269 4091 τὸ
3314 4038 3598 4109 ὁμόδουλον
3631 4036 3719 4105 τῆς

2154 4128 2405 4194 κτίσεως,
2431 4128 2711 4200 βλέποντα.
2738 4129 2810 4183 T6
2832 4129 2903 4189 δὲ.
2932 4130 3162 4200 πληγὰς,
3192 4130 3224 4201 ἢ
3258 4131 3469 4195 πόνους,
3502 4132 3534 4201 ἢ
3573 4128 3720 4182 θάνα-

2152 4236 2245 4275 τον
2284 4221 2604 4292 ὑποστῆναι,
2638 4222 2764 4275 ὅταν
2818 4221 2957 4293 ὑπὲρ
2989 4221 3090 4291 τῆς
3140 4222 3394 4293 ἀληθείας
3436 4224 3565 4293 ἐξῇ,
3596 4218 3716 4292 μηδὲ

2154 4311 2366 4383 γυναιξὶ
2394 4313 2549 4366 τοῦτο
2588 4312 2751 4382 φόϐον
2781 4313 3057 4384 παρέχειν.
3106 4313 3243 4366 Ἀλλ’
3269 4310 3406 4367 εἶναι
3440 4316 3571 4367 πᾶσι
3597 4312 3716 4379 Χρι-

2156 4407 2390 4467 στιανοῖς
2437 4404 2528 4457 τὸν
2576 4405 2834 4459 ἀνωτάτω
2887 4404 2983 4475 τῆς
3017 4404 3309 4476 εὐκληρίας
3335 4405 3479 4476 ὅρον,
3510 4404 3567 4457 τὸ
3590 4401 3715 4470 ὑπὲρ

2152 4497 2249 4566 τῆς
2271 4494 2485 4558 ἐλπίδος
2514 4511 2565 4546 τι
2589 4492 2794 4564 ταύτης
2812 4492 2919 4547 τῶν
2958 4494 3271 4566 ἀνηκέστων
3302 4496 3491 4549 παθεῖν
3512 4512 3524 4525 ·
3548 4493 3716 4546 λυπεῖ-

2156 4586 2281 4639 σθαι
2318 4586 2477 4658 μόνον
2537 4586 2741 4655 ἔλεγεν,
2771 4586 2851 4639 ὅτι
2899 4580 2978 4649 εἷς
3008 4587 3156 4639 ἔστιν
3196 4588 3253 4639 ὲν
3280 4590 3344 4658 τῇ
3385 4586 3543 4655 φύσει
3582 4585 3608 4636 6
3635 4581 3712 4632 οάρ

2153 4695 2347 4741 νατος,
2404 4678 2496 4732 καὶ
2553 4677 2811 4749 οὐδεμίαν
2866 4676 3113 4748 μηχανὴν
3165 4677 3465 4750 ἐξευρίσκει
3521 4674 3715 4731 πολλοῖς

2153 4771 2444 4842 δυνηθῆναι
2470 4770 2718 4834 θανάτοις
2745 4771 2842 4841 τῆς
2869 4769 3123 4841 ἀληθείας
3162 4768 3649 4843 προαγωνίσασθαι.

2226 4950 2382 5005 Οὕτω
2419 4951 2477 5004 δὲ
2515 4950 2679 5005 αὑτοῦ
2731 4951 2866 5024 πρὸς
2898 4950 2997 5014 τὰς
3039 4950 3266 5014 ἀπειλὰς
3303 4950 3516 5014 ὲκείνας
3545 4943 3714 5001 ἑαυτὸν

2156 5043 2487 5113 ἐπαίροντος,
2508 5044 2803 5098 καὶ.πάντα
2831 5044 2921 5098 τὸν
2950 5045 3109 5110 δγκον
3133 5046 3231 5116 τῆς
3258 5043 3567 5105 δυναστείας
3584 5036 3711 5092 ἐκεί⁹

2154 5155 2252 5207 νης
2282 5137 2396 5189 ἀντ’
2429 5136 2641 5199 οὐδενὸς
2680 5135 3117 5206 παραϐλέποντος
3141 5150 3155 5165 ο
3179 5134 3364 5207 ὥσπερ
3398 5134 3490 5187 ἐπὶ
3530 5128 3713 5199 σκηνῆς

2153 5227 2367 5296 ἀθρόως
2406 5228 2464 5279 ἐν
2507 5228 2628 5290 ταῖς
2684 5226 2792 5279 τῶν
2848 5226 3153 5299 προσώπων
3200 5228 3565 5296 ύπαλλαγαῖς,
3609 5217 3709 5275 ἀνθ’

2156 5317 2357 5389 ἐτέρων
2384 5318 2546 5389 ἔτερα
2574 5318 2849 5373 δείκνυται
2866 5336 2881 5350 ο
2914 5318 3004 5372 τὸν
3024 5320 3183 5372 αὑτὸν
3208 5319 3426 5392 τρόπον,
3462 5317 3553 5373 καὶ
3580 5316 3609 5385 ἠ
3633 5328 3711 5364 “m-

2156 5409 2287 5482 κρία
2316 5409 2421 5463 τῶν
2458 5409 2696 5463 ἀπειλῶν
2723 5412 2801 5474 είς
2842 5410 3127 5465 κολακείαν
3158 5412 3601 5481 personuit;er
3631 5400 3712 5457 καὶ

2160 5502 2507 5573 μεταϐάλλων
2554 5503 2582 5555 6
2633 5501 2769 5565 τέως
2805 5502 3008 5573 βαρὺς,
3042 5504 3135 5557 καὶ
3186 5498 3613 5572 καταπληκτικὸς
3644 5488 3711 5560 τῷ

2157 5594 2484 5665 φρονήματι,
2511 5594 2634 5656 τοὺς
2660 5594 2922 5657 ἐπιεικεῖς
2959 5611 3019 5647 τε
3050 5593 3143 5648 καὶ
3164 5595 3483 5664 ύφειμένους
3511 5589 3611 5644 τῶν
3631 5582 3706 5636 λό-

2156 5687 2407 5754 γωνοΣὺ
2464 5688 2541 5752 δὲ,
2593 5688 2751 5758 φησὶ,
2803 5687 2876 5758 μὴ
2926 5689 3119 5759 μικρὸν
3164 5688 3318 5742 ποιοῦ
3373 5684 3584 5758 βασιλέα
3629 5674 3709 5731 τδν

2160 5777 2334 5850 μέγαν
2365 5778 2443 5850 τῷ
2478 5779 2556 5852 σῷ
2577 5781 2979 5854 mmmam;
3019 5782 3157 5855 λαῷ.
3177 5779 3336 5835 Ἀλλά
3362 5777 3509 5844 δέξαι
3535 5766 3703 5830 κάκει-
