3920 6466
219 297 311 350 2υό

1339 300 1621 359 CONTRA
1645 298 2033 369 EUNOMIUM,
2063 304 2190 360 LIB.
2221 304 2255 360 1.

3341 303 3446 357 ενι

220 441 299 478 νου
347 421 601 492 κληθῆναι
635 418 974 481 διδάσκαλος,
1009 419 1145 490 μηδὲ
1184 420 1418 491 amem
1458 421 1536 493 τῷ
1579 418 1772 490 βουλή-

1886 420 2014 478 Liare
2054 423 2231 493 ipsius
2271 436 2488 492 quoque
2522 423 2778 495 magister
2816 427 3108 492 nominari,
3142 443 3316 498 neque
3357 442 3448 481 re-

222 530 364 587 ματι’
410 512 655 583 βούλεται
704 510 760 562 δὲ
809 509 1006 581 μικροῦ
1049 528 1193 573 τινος
1238 510 1347 564 τῶν
1389 512 1448 564 ὲν
1483 514 1547 583 τῇ
1591 512 1771 566 πίστει

218 604 592 677 γεγραμμένων
661 600 1049 671 ύφαιρεθέντος
1108 602 1211 672 τῆς
1281 602 1378 656 τοῦ
1446 604 1773 672 ὀμοουσιου

215 699 425 764 λέξεως,
458 695 617 749 τοῦτο
648 693 925 763 γενέσθαι.
967 695 1128 748 ’Δλλά
1150 695 1211 748 τὸ
1234 696 1331 765 μὲν
1363 699 1650 767 μετασχεῖν
1674 696 1773 767 τῆς

229 788 528 858 Ἐκκλησίας
559 786 651 839 τὸν
686 786 933 857 βασιλέα,
951 786 1058 840 τῶν
1077 788 1349 858 μεγίστων
1381 784 1520 842 εἶναι
1560 788 1721 843 πάλιν
1746 789 1775 840 ό

215 878 511 941 διδάσκαλος
541 877 921 946 ἀποκρίνεται.
955 877 1119 946 Μέγα
1146 879 1274 950 γὰρ,
1315 880 1468 948 φησὶ,
1503 879 1564 931 τὸ
1596 878 1774 949 ψυχὴν

215 970 601 1043 περισώσασθαι
630 986 643 1000 ⁸
681 970 781 1039 οὐχ
828 970 909 1023 ὅτι
940 968 1231 1040 βασιλέως,
1259 971 1372 1024 ἀλλ’
1394 972 1476 1024 ὅτι
1509 970 1645 1035 ὅλως
1689 972 1776 1025 ἀνο

462 1062 573 1132 Τῆς
599 1061 657 1113 δὲ
691 1061 927 1125 πίστεως
957 1060 1211 1115 τοσοῦτον
1258 1063 1515 1133 ἀποσχεῖν
1550 1062 1775 1135 ὑφαίρε-

214 1173 308 1218 σιν,
333 1155 362 1223 ἢ
400 1153 720 1225 προσθήκην
742 1154 1096 1223 ποιήσασθαι,
1133 1152 1209 1217 ὡς
1242 1154 1376 1225 μηδὲ
1406 1153 1503 1226 τὴν
1529 1154 1681 1220 τάξιν
1707 1155 1774 1209 ἂν

211 1244 489 1307 ὑπαλλάξαι
528 1243 638 1296 τῶν
685 1244 1104 1314 γεγραμμένων.
1136 1246 1321 1299 Ταῦτα
1349 1248 1377 1299 ὁ
1405 1246 1576 1310 δειλός
1598 1264 1656 1299 τε
1682 1247 1774 1300 καὶ

209 1334 468 1404 ἄνανδρος,
501 1335 597 1386 καὶ
633 1334 769 1404 πρὸς
794 1334 885 1387 τὸν
914 1334 1083 1404 ψόφον
1105 1335 1205 1405 τῆς
1231 1336 1399 1407 θύρας
1418 1338 1771 1409 ἐπτοημένος,

209 1426 329 1495 πρὸς
364 1424 453 1476 τὸν
497 1422 753 1477 τοσοῦτον
785 1422 1059 1494 ἀξιώματι
1100 1425 1197 1479 καὶ¹
1230 1422 1351 1481 εἷπε
1375 1426 1454 1497 τῷ
1482 1427 1644 1498 λόγῳ,
1682 1427 1775 1480 καὶ

208 1516 283 1570 διὰ
316 1516 419 1568 τῶν
453 1515 636 1585 ἔργων
679 1514 739 1568 τὸ
792 1515 954 1587 ῥηθὲν
997 1516 1336 1570 ἐπιστώσατο
1365 1532 1379 1547 ⁸
1414 1517 1473 1581 ὃς
1523 1519 1621 1589 τὴν
1668 1518 1776 1571 τῶν

219 1607 537 1677 Ἐκκλησιῶν
569 1606 694 1661 τότε
748 1608 1163 1679 καταστροφὴν,
1203 1606 1316 1665 οἶόν
1370 1629 1493 1666 τινα
1543 1612 1775 1684 χειμάρ-

209 1701 319 1770 ρουν
346 1698 431 1751 διά
464 1698 578 1750 τῶν
604 1698 932 1753 δυναστειῶν
963 1699 1212 1768 ῥέουσαν,
1247 1701 1470 1773 ἔστησεν
1494 1705 1550 1756 ὲν
1577 1703 1773 1775 ἑαυτῷ,

1874 525 2054 582 pugna
2083 513 2466 583 pertinaciter:
2499 513 2612 567 vult
2646 529 2775 569 vero
2816 515 2921 570 hoc
2944 516 3059 572 ﬁeri
3096 518 3315 573 sublato
3338 518 3447 572 exi-

1873 615 1980 671 guo
2006 601 2264 671 quodam,
2302 602 2449 672 quod
2484 602 2540 656 in
2576 602 2699 659 ﬁdei
2749 604 3005 675 Symbolo
3049 608 3313 677 scriptum
3343 620 3447 673 est,

1874 707 2071 763 nempe
2100 692 2396 749 homoousii
2429 709 2526 750 seu
2556 694 3023 752 consubstantialis
3060 700 3345 754 vocabulo.
3380 702 3449 753 At

1877 781 2262 851 imperatorem
2290 783 2345 838 iu
2376 783 2677 839 Ecclesiam
2720 785 2912 857 recipi,
2943 788 3311 857 respondebat
3333 804 3450 841 ma-

1874 872 2045 942 gister
2071 882 2278 941 noster,
2308 889 2421 929 rem
2450 890 2573 930 esse
2613 876 2857 930 omnium
2891 877 3292 946 gravissimam.
3334 873 3450 930 Ma-

1874 980 2040 1035 gnum
2066 966 2232 1029 enim,
2268 966 2464 1037 inquit,
2501 966 2760 1039 quiddam
2798 976 2885 1023 est
2922 969 3159 1023 animam
3213 971 3445 1029 salvare,

1873 1073 1986 1112 non
2019 1058 2149 1127 quia
2174 1058 2521 1128 imperatoris
2548 1066 2651 1122 est,
2684 1059 2780 1115 sed
2806 1060 2933 1129 quia
2951 1060 3208 1115 hominis.
3236 1060 3303 1112 At
3318 1074 3448 1113 vero

1875 1157 2086 1204 tantum
2132 1150 2325 1205 abesse
2372 1151 2571 1215 aiebat,
2616 1160 2676 1207 ut
2723 1152 2931 1222 aliquid
2961 1154 3046 1208 vel
3091 1153 3335 1208 demeret
3366 1153 3448 1206 vel

1874 1240 2099 1296 adderet
2130 1240 2276 1306 ﬁdei,
2309 1251 2368 1297 ut
2410 1257 2480 1297 ne
2506 1242 2751 1297 ordinem
2790 1244 3008 1314 quidem
3047 1243 3295 1300 formula:
3326 1246 3449 1301 ﬁdei

1875 1338 2089 1385 mutare
2121 1331 2409 1399 cogitaret.
2459 1329 2585 1386 Hac
2620 1332 2846 1387 timidus
2895 1334 2987 1387 ille
3016 1341 3071 1388 et
3102 1333 3360 1397 imbellis,
3397 1342 3451 1389 et

1876 1422 1942 1476 ad
1973 1421 2103 1477 ostii
2134 1422 2421 1492 strepitum
2450 1437 2841 1493 expavescens,
2872 1425 2938 1478 ad
2968 1425 3142 1487 illum,
3173 1427 3266 1496 qui
3299 1434 3451 1480 tanta

1875 1512 2143 1584 dignitate
2179 1513 2498 1568 eminebat:
2544 1521 2600 1569 et
2636 1515 2781 1583 quod
2830 1514 3012 1570 verbis
3061 1516 3222 1579 dixit,
3270 1517 3450 1586 reipsa

1877 1612 2068 1674 postea
2100 1604 2449 1675 praestitit,et
2476 1604 2739 1659 ﬁrmavit:
2770 1605 2862 1675 qui
2897 1607 3237 1662 eversionem
3265 1606 3453 1661 Eccle-

1880 1696 2109 1762 siarum,
2150 1697 2299 1752 velut
2328 1705 2623 1751 torrentem
2655 1698 2966 1766 quemdam,
3009 1714 3205 1771 magno
3244 1700 3452 1769 impetu

208 1766 289 1844 καὶ
329 1790 671 1861 ἀπέστρεψε·
710 1791 869 1861 μόνος
898 1766 1139 1863 ἀρ-κέσας
1169 1796 1234 1864 τῇ
1264 1766 1372 1847 τοῦ.
1396 1797 1567 1850 κακοῦ
1609 1766 1776 1868 προσξ

1886 1800 1979 1855 per
2030 1787 2342 1855 provincias
2387 1795 2749 1856 grassantem,
2796 1788 3014 1857 objecta
3068 1766 3152 1844 sui
3204 1766 3453 1860 corporis

208 1883 355 1953 ϐολῇ·
386 1884 648 1954 καθάπερ
688 1901 773 1947 τις
815 1885 873 1937 ὲν
925 1883 1167 1955 θαλάσσῃ
1202 1886 1377 1958 πέτρα
1408 1888 1638 1959 μεγάλη,
1683 1889 1777 1942 καὶ

208 1978 454 2039 ἄπειστος,
480 1977 606 2029 ἀντὶ
639 1976 882 2046 κύματος
913 1976 1131 2038 πολλοῦ,
1166 1979 1258 2030 καὶ
1282 1979 1517 2047 μεγάλου
1548 1979 1647 2051 τὴν
1672 1980 1777 2034 τῶν

206 2067 371 2122 δεινῶν
405 2067 721 2139 προσϐολὴν
761 2070 820 2121 ὲν
852 2067 1029 2139 ἐαυτῷ
1058 2068 1421 2141 περιθρύψας.

266 2250 363 2303 Καὶ
392 2250 454 2302 ού
509 2250 678 2320 μέχρι
718 2247 924 2303 τούτων
960 2249 1090 2319 ἔστη
1124 2249 1194 2303 τὰ
1222 2251 1319 2322 τῆς
1345 2251 1581 2320 ἀγωνίας
1606 2253 1774 2324 αὐτῷ.

216 2340 337 2393 Ἀλλ’
368 2339 658 2409 ἐκδέχεται
710 2338 872 2393 πάλιν
902 2339 930 2392 ό
957 2339 1206 2409 βασιλεὺς
1237 2341 1338 2411 τὴν
1364 2344 1560 2413 πεῖραν
1595 2344 1775 2410 αὐτὸς,

205 2431 510 2501 ἀγανακτῶν
569 2432 652 2484 ὅτι
689 2431 763 2502 μὴ
799 2431 940 2485 κατά
979 2432 1079 2503 τὴν
1112 2431 1337 2504 πρώτην
1378 2435 1682 2508 προσϐολὴν
1711 2437 1779 2491 τὰ

206 2522 309 2576 καθ’
351 2521 553 2591 ἡδονὴν
588 2520 1011 2593 κατειργάσατο.
1046 2522 1258 2595 Ὠσπερ
1311 2524 1493 2579 τοίνυν
1544 2526 1633 2580 διὰ
1682 2530 1777 2581 τοῦ

208 2614 450 2685 μαγείρου
484 2610 888 2683 Ναϐουζάρδαν
921 2613 1013 2665 ἐπὶ
1059 2612 1168 2668 τῶν
1206 2613 1594 2687 Ἱεροσολύμων
1650 2619 1780 2671 ποτὲ

206 2710 230 2759 ὁ
256 2704 529 2773 Ἀσσύριος
556 2702 655 2774 τὴν
678 2702 772 2755 τοῦ
799 2701 927 2764 ναοῦ
959 2702 1278 2773 καθαίρεσιν
1294 2703 1401 2758 τῶν
1431 2706 1781 2777 Ἰσραηλιτῶν

206 2795 596 2865 κατειργάσατο
635 2809 649 2822 ’
683 2791 828 2845 οὕτω
872 2793 967 2847 καὶ
1000 2788 1154 2855 οὗτος
1176 2794 1506 2864 Δημοσθένει
1537 2799 1662 2863 τινὶ,
1703 2798 1781 2869 τῷ

208 2886 401 2940 ἐπὶτῶν
424 2886 581 2955 ὄψων
616 2883 934 2953 τεταγμένῳ
968 2883 1061 2935 καὶ
1097 2883 1206 2936 τῶν
1238 2885 1515 2955 μαγείρων
1538 2888 1779 2958 ἄρχοντι,

208 2976 271 3040 ὡς
314 2975 640 3047 ίταμωτέρῳ
670 2974 779 3028 τῶν
821 2973 995 3028 ἄλλων
1037 2974 1136 3045 τὴν
1178 2975 1431 3047 τοιαύτην
1480 2978 1781 3050 ὑπηρεσίαν

1881 1876 2128 1931 cohibuit
2178 1885 2233 1931 et
2285 1877 2503 1938 avertit,
2560 1879 2714 1933 solus
2761 1878 3092 1934 calamitatis
3150 1879 3453 1934 incursioni

1882 1968 2292 2037 compescenda:
2350 1968 2626 2024 suﬂicicns
2676 1977 2732 2024 et
2791 1979 2973 2039 aptus,
3024 1971 3197 2024 instar
3248 1987 3458 2042 magnae

1876 2059 2171 2128 cujusdam
2215 2067 2269 2115 et
2298 2059 2593 2116 immobilis
2624 2069 2792 2131 petra:
2830 2063 3077 2129 marinae,
3110 2080 3232 2135 qua:
3267 2074 3457 2120 vastos

1880 2151 2051 2206 maris
2081 2135 2282 2207 liuctus
2307 2152 2449 2207 mole
2479 2167 2576 2207 sua
2610 2152 2807 2224 frangit
2837 2161 2889 2208 et
2908 2154 3082 2210 elidit.

1951 2241 2141 2312 Neque
2177 2243 2269 2297 hic
2314 2244 2631 2299 certaminis
2674 2245 2796 2299 linis
2831 2244 2952 2299 fuit.
2997 2244 3114 2316 Ipse
3162 2255 3459 2317 imperator

1883 2332 2160 2388 fortunam
2191 2336 2492 2405 experitur,
2520 2337 2601 2389 ira
2621 2336 3014 2401 inﬂammatus,
3046 2338 3188 2408 quod
3220 2339 3459 2408 primum

1880 2434 2140 2479 conatum
2164 2442 2230 2480 ex
2247 2434 2375 2480 voto
2404 2441 2516 2481 non
2560 2428 2900 2483 successisse
2918 2428 3148 2483 videret.
3185 2428 3250 2482 Et
3269 2445 3461 2499 quem-

1883 2517 2176 2572 admodum
2265 2519 2396 2572 olim
2477 2533 2575 2572 rex
2664 2519 3017 2589 Assyriorum
3098 2535 3265 2591 Opera
3338 2523 3458 2577 coci

1881 2608 2169 2679 cujusdam
2203 2608 2585 2675 Nabuzardan,
2619 2611 2883 2680 templum
2905 2610 3459 2684 Hierosolymitanum

1882 2704 2077 2758 evertit
2107 2703 2185 2756 ὀε
2217 2704 2294 2758 ita
2332 2710 2387 2758 et
2424 2703 2530 2758 iste
2576 2702 2927 2758 Demostheni
2963 2705 3183 2759 cuidam
3236 2721 3462 2775 promo-

1882 2794 2084 2858 coudo,
2138 2802 2194 2849 et
2236 2795 2385 2851 cocis
2434 2794 2710 2864 praelecto,
2749 2796 2986 2867 aliisque
3041 2798 3458 2867 impudentiori,

1882 2884 1985 2939 hac
2024 2884 2307 2955 provincia
2340 2885 2688 2951 demandata,
2737 2886 2994 2955 sperabat
3037 2902 3097 2943 se
3130 2896 3463 2943 consecutu-

1882 2990 2004 3030 rum
2036 2976 2342 3031 victoriam.
2372 2974 2570 3030 Omnia
2592 2976 2760 3046 igitur
2787 2977 2882 3031 illo
2911 2977 3199 3041 miscente,
3222 2978 3464 3047 etimpio

207 3069 522 3141 προστάξας,
563 3068 860 3140 κρατήσειν
909 3066 1046 3136 ᾤετο
1093 3067 1189 3121 τοῦ
1223 3067 1423 3134 παντὸς
1451 3071 1775 3145 ἐγχείρημα.

1886 3066 2118 3138 quodam
2149 3052 2217 3123 ex
2249 3066 2483 3137 lllvrico,
2513 3067 2609 3137 qui
2636 3068 2865 3124 tabellas
2893 3085 3061 3124 manu
3091 3070 3319 3137 ferebat,
3344 3086 3465 3126 om-

207 3178 305 3227 τος.
355 3163 552 3217 Πάντα
595 3160 776 3214 τοίνυν
824 3159 1033 3213 ἐκείνου
1066 3159 1455 3229 διακυκῶντος,
1492 3163 1586 3217 καί
1638 3182 1782 3229 τινος

1886 3174 1982 3215 nes
2021 3173 2278 3229 proceres
2319 3158 2388 3213 ad
2415 3174 2553 3229 opus
2590 3160 2695 3216 hoc
2720 3173 3084 3230 convocante,
3112 3163 3466 3236 Modestoque

208 3257 301 3310 τῶν
326 3258 389 3310 ὲκ
418 3254 518 3309 τοῦ
573 3252 866 3326 Ἰλλυρικοῦ
900 3252 1182 3324 θεομάχων
1213 3255 1439 3309 πυκτίον
1481 3255 1695 3327 ἔχοντος
1725 3261 1783 3311 ὲν

208 3350 364 3421 χερσὶ,
393 3350 486 3402 καὶ¹
530 3347 661 3410 τοὺς
685 3347 744 3399 ἐν
776 3345 920 3399 τέλει
968 3345 1178 3410 πάντας
1212 3347 1349 3417 πρὸς
1399 3348 1559 3402 τοῦτο
1605 3349 1783 3422 ἀθροί-

209 3441 391 3505 ζοντος,
408 3440 507 3495 καὶ
547 3436 925 3509 χαλεπώτερον
955 3438 1053 3508 τῆς
1079 3437 1457 3509 προλαϐούσης
1485 3440 1663 3510 ὁρμῆς
1688 3440 1781 3493 τοῦ

209 3531 461 3584 Μοδέστου
516 3528 684 3583 πάλιν
730 3526 830 3597 τὴν
880 3526 1050 3597 ὀργὴν
1106 3526 1504 3596 ἀναφλέξαντος
1532 3544 1547 3557 ·
1582 3528 1784 3590 πάντες

214 3624 302 3694 μὲν
334 3620 718 3677 συνεκινοῦντο
741 3619 878 3691 πρὸς
911 3618 1009 3691 τὴν
1032 3617 1124 3671 τοῦ
1148 3618 1409 3688 βασιλέως
1437 3618 1627 3691 ὀργὴν,
1660 3636 1785 3673 συν-

213 3715 634 3783 αγανακτοῦντες
648 3712 799 3782 αύτῷ
822 3710 1218 3781 χαλεπαίνοντι,
1239 3714 1330 3767 καὶ
1349 3713 1496 3783 αὐτῷ
1511 3714 1610 3782 τῆς
1631 3712 1783 3778 ἐξου-

215 3807 318 3870 σίας
337 3806 492 3877 θυμῷ
514 3802 888 3876 χαριζόμενοι·
908 3803 1111 3865 πάντες
1131 3803 1188 3855 δὲ
1204 3803 1282 3874 τῷ
1311 3802 1467 3873 θυμῷ
1480 3804 1588 3857 τῶν
1612 3822 1783 3877 προσ-

214 3897 519 3970 δοκωμένων
550 3896 1007 3969 προκατέϐληντο.
1027 3897 1194 3952 Πάλιν
1218 3896 1325 3969 γὰρ
1342 3899 1545 3961 ἐκεῖνος
1559 3899 1588 3951 ὀ
1614 3897 1785 3971 ὓπαρ-

212 4006 318 4061 χος·
351 3992 516 4045 πάλιν
554 3990 733 4059 φόϐων
759 3989 1176 4054 ἐπαναστάσεις,
1204 3988 1313 4043 τῶν
1344 3990 1624 4061 προτέρων
1657 4009 1786 4062 σφο-

213 4081 467 4154 δρότεραι,
521 4084 620 4136 καὶ
662 4081 771 4135 τῶν
802 4080 1040 4134 ἀπειλῶν
1079 4081 1387 4151 προσθῆκαι
1424 4082 1518 4135 καὶ
1549 4084 1578 4136 ό
1615 4082 1785 4155 θυμὸς

212 4174 586 4247 ἀκμαιότερος,
614 4174 711 4227 καὶ
742 4176 777 4245 ἡ
824 4174 952 4244 περὶ
1005 4173 1067 4227 τὸ
1111 4174 1461 4245 δικαστήριον
1487 4175 1783 4247 τραγῳδία,

214 4268 457 4338 κήρυκες,
500 4267 830 4334 εἰσαγωγεῖς
854 4307 870 4332 ,
908 4264 1191 4337 ῥαϐδοῦχοι
1211 4305 1226 4327 ,
1258 4265 1529 4334 κιγκλίδες
1556 4306 1572 4331 ,
1605 4285 1785 4338 παρα-

216 4360 549 4431 πετάσματα,
575 4359 642 4411 δι’
671 4352 748 4413 ὧν
784 4358 1024 4422 εὐκόλως
1069 4358 1163 4412 καὶ
1188 4359 1258 4412 τά
1286 4358 1393 4413 τῶν
1415 4359 1620 4431 σφόδρα
1647 4377 1787 4431 παρο

1885 3251 1967 3306 ira
2005 3251 2178 3306 multo
2216 3252 2621 3318 vehementius,
2666 3268 2835 3325 quam
2885 3255 3063 3326 prima
3099 3257 3465 3328 impressione

1885 3359 2158 3400 accenso:
2195 3359 2387 3401 omnes
2418 3346 2639 3415 quidem
2678 3350 3162 3404 commovebantur
3183 3352 3252 3407 ob
3291 3352 3468 3422 impe-

1884 3435 2259 3502 ratorisiram,
2288 3447 2341 3491 et
2366 3452 2491 3492 cum
2517 3438 2657 3493 irato
2676 3438 3077 3507 irascebantur,
3099 3443 3466 3514 indignationi

1886 3529 2138 3584 videlicet
2168 3529 2316 3585 illius
2340 3531 2748 3588 subservientes
2765 3541 2818 3588 et
2836 3536 3209 3604 gratiﬁcantes
3234 3558 3246 3592 :
3275 3553 3467 3594 omnes

1884 3621 2294 3691 exspectatione
2321 3621 2631 3678 futurorum
2650 3630 2903 3694 suspensi
2926 3627 3326 3684 erantJtursus
3337 3645 3467 3701 ergo

1886 3710 2043 3765 adest
2074 3711 2410 3780 praefectus;
2452 3729 2647 3769 rursus
2698 3724 2937 3773 terrores
2989 3720 3356 3784 incutiuntur,
3412 3731 3469 3777 et

1886 3802 2160 3871 prioribus
2191 3802 2409 3872 quidem
2437 3806 2739 3874 graviores;
2782 3807 2979 3861 iterum
3005 3810 3165 3864 mina:
3195 3812 3469 3867 intentan-

1887 3898 1998 3956 tur,
2028 3900 2085 3948 et
2127 3892 2209 3946 ira
2255 3894 2409 3949 saevit
2437 3895 2716 3949 acerbior:
2754 3897 2912 3952 adest
2952 3900 3169 3954 forense
3217 3902 3468 3958 ministe-

1888 3984 2053 4049 rium,
2107 3999 2408 4054 praccones,
2473 3988 2838 4056 apparitores,
2912 3989 3154 4053 lictores,
3214 3994 3466 4065 cancelii.

1888 4075 2134 4143 cortinae,
2164 4075 2365 4146 quibus
2413 4079 2673 4133 omnibus
2719 4079 2879 4134 facile
2927 4082 3091 4135 etiam
3128 4098 3342 4152 eorum,
3372 4088 3467 4156 qui

1888 4165 1956 4220 ad
1989 4166 2175 4219 omnia
2196 4164 2354 4222 valde
2380 4167 2559 4235 parati
2587 4169 2882 4235 accedunt,
2908 4171 3074 4225 animi
3100 4176 3316 4240 percelli
3350 4191 3471 4247 pos-

1889 4266 2039 4311 sunt.
2061 4255 2264 4311 Iterum
2289 4271 2591 4327 generosus
2621 4268 2811 4314 uoster
2844 4261 3050 4315 athleta
3078 4263 3132 4317 in
3165 4269 3469 4322 certamine

1889 4348 2248 4418 conspicitur,
2282 4348 2513 4420 gloriam
2552 4350 2754 4420 prioris
2791 4368 2987 4423 pugna:
3035 4355 3194 4427 longe
3236 4374 3471 4431 exsupe.

217 4450 625 4522 εσκευασμένων
648 4452 1035 4504 καταπτοεῇαι
1065 4452 1404 4522 φρονήματα.
1433 4452 1544 4505 Καὶ
1572 4452 1733 4506 πάλιν
1757 4455 1786 4509 ό
1818 4450 1862 4505 Ι)
1892 4454 2043 4497 1⁵³115·
2074 4438 2229 4506 Ωιιοά
2263 4440 2309 4496 εί
2354 4441 2584 4511 Ιιιιίυδοθ
2639 4444 2717 4499 πεί
2766 4447 2908 4516 Pais
2939 4454 3131 4515 ιθδιθεο
3179 4466 3270 4507 res
3321 4453 3470 4523 ἰρεοε

219 4541 438 4614 ἀθλητὴς
470 4542 570 4595 τοῦ
623 4542 757 4596 Θεοῦ
793 4546 906 4605 τοῖς
949 4542 1222 4612 δευτέροις
1273 4542 1381 4596 τῶν
1416 4542 1662 4612 ἀγώνων,
1694 4545 1788 4598 καὶ

218 4631 302 4702 τὴν
333 4634 423 4685 ἐπὶ
472 4635 591 4695 τοῖς
639 4630 968 4703 προλαϐοῦσι
997 4631 1154 4695 δόξαν
1206 4632 1695 4703 ὑπερϐαλλόμενος.
1728 4636 1789 4688 Εί

219 4722 268 4775 δὲ
298 4724 478 4793 ζητεῖς
511 4722 719 4776 τούτων
745 4722 845 4785 τάς
871 4721 1190 4788 ἀποδείξεις,
1226 4725 1305 4787 είς
1331 4724 1470 4778 αὐτὰ
1502 4724 1695 4794 βλέψον
1723 4726 1791 4780 τὰ

221 4817 532 4887 πράγματα.
558 4816 716 4868 Ποῖον
749 4814 849 4868 ούκ
872 4814 1195 4884 ἐπενείματο
1228 4815 1393 4868 τόπον
1423 4816 1531 4869 τῶν
1567 4817 1793 4888 Ἐκκλη-

222 4906 339 4959 σιῶν
360 4893 401 4977 ’ἡ
431 4905 739 4977 τηνικαῦτα
766 4908 1112 4978 καταστροφή
1146 4923 1159 4971 ;
1196 4908 1352 4961 Ποῖον
1386 4906 1597 4977 ἔμεινεν
1641 4909 1794 4973 ἔθνος

222 4998 309 5068 τῆς
335 4998 443 5051 τῶν
482 4996 777 5069 αἱρετικῶν
823 4996 1143 5060 ἐπιστασίας
1182 4998 1512 5070 άπείρατον;
1551 5002 1649 5065 Τίς
1683 5003 1794 5057 τῶν

223 5090 349 5145 κατά
397 5090 500 5155 τάς
547 5088 874 5160 Ἐκκλησίας
910 5088 1338 5159 εὐδοκιμούντων
1365 5093 1465 5146 οὐκ
1494 5094 1793 5167 ἀπεσείσθη

223 5181 319 5236 τῶν
334 5182 515 5236 πόνων
532 5198 547 5247 ;
564 5182 723 5244 Ποῖος
739 5180 958 5250 διέφυγε
975 5180 1103 5244 λαὸς
1122 5180 1219 5253 τὴν
1233 5182 1487 5255 τοιαύτην
1502 5186 1794 5257 ἐπήρειανς

226 5272 290 5324 0-3
336 5272 507 5344 Συρία
547 5274 718 5337 πᾶσα,
761 5271 857 5325 καὶ
893 5271 1001 5325 τῶν
1045 5273 1308 5344 ποταμῶν
1346 5275 1380 5344 ἡ
1424 5274 1598 5347 μέση,
1636 5277 1797 5349 μέχρι

225 5360 322 5417 τῶν
342 5364 479 5434 πρὸς
510 5364 635 5425 τοὺς
662 5361 970 5432 βαρϐάρους
996 5363 1137 5436 ὅρων
1155 5378 1171 5394 ⁸
1204 5363 1265 5416 οὐ
1289 5364 1507 5435 Φοινίκη
1532 5407 1547 5432 ,
1566 5367 1659 5420 καὶ
1682 5368 1798 5421 Πα-

229 5452 491 5527 λαιστίνη,
524 5456 621 5510 καὶ
656 5453 939 5526 Ἀρῤαϐία,
968 5454 1062 5508 καὶ
1110 5455 1405 5524 Αἴγυπτος,
1430 5456 1523 5510 καὶ
1554 5457 1624 5512 τὰ
1670 5458 1797 5531 ἔθνη

230 5545 317 5616 τῆς
347 5547 574 5619 Λιϐύης,
599 5547 706 5611 ἕως
736 5546 831 5600 τοῦ
860 5547 1132 5619 τέρματος
1160 5546 1258 5618 τῆς
1287 5548 1409 5602 καθ’
1444 5550 1591 5621 ἡμᾶς
1620 5551 1799 5605 οίκου·

234 5635 409 5706 μένης,
438 5638 501 5690 ού
523 5638 592 5691 τὰ
623 5637 717 5689 ἐπὶ
743 5636 869 5690 τάδε
904 5636 1102 5703 πάντα,
1134 5638 1382 5691 Ποντικοί.
1424 5639 1519 5691 καὶ
1554 5638 1797 5707 Κίλικες,

232 5724 444 5791 Λύκιοι,
477 5725 667 5792 Λυδοὶ,
699 5726 946 5793 Πισίδαι,
996 5726 1306 5798 Πάμφυλοι,
1352 5728 1558 5801 Κᾶρες,
1608 5729 1799 5804 Ἐλλη-

297 5848 340 5881 ¹⁶
366 5848 432 5905 ιν
461 5849 591 5926 Reg.
624 5866 752 5918 xxv,
786 5850 839 5905 9.

1889 4532 2123 4589 intuere.
2159 4532 2331 4597 Quem
2362 4535 2506 4589 enim
2551 4536 2731 4592 locum
2773 4538 3041 4594 intactum
3080 4543 3302 4614 reliquit
3332 4554 3472 4601 tem-

1890 4624 2042 4695 poris
2072 4624 2219 4680 illius
2246 4624 2573 4683 calamitas?
2602 4628 2864 4695 Quaenam
2896 4646 3029 4702 gens
3073 4635 3343 4692 haeretica:
3378 4653 3474 4692 va-

1892 4715 2147 4771 stationis
2168 4724 2226 4771 et
2251 4717 2615 4788 grassationis
2631 4735 2828 4790 expers
2845 4723 3085 4778 mansit?
3118 4723 3251 4791 Quis
3280 4742 3471 4783 eorum

1892 4807 1985 4877 qui
2016 4807 2071 4862 in
2106 4807 2351 4865 Ecclesia
2374 4807 2660 4876 ﬂorebant,
2691 4828 2801 4867 non
2835 4813 3086 4884 dejectus
3109 4826 3193 4873 est
3220 4833 3249 4871 a
3279 4820 3473 4888 emptis

1894 4912 1949 4958 et
1983 4903 2265 4961 laboribus
2314 4904 2474 4960 suis?
2518 4903 2652 4971 Quis
2685 4910 2922 4977 populus
2964 4910 3377 4965 insultationem
3411 4914 3474 4964 il-

1897 4994 2003 5051 lam
2034 4994 2399 5066 eﬂ‘ugit?Non
2430 4996 2587 5069 Syria
2621 5000 2898 5065 universa,
2941 5017 3050 5056 non
3084 5002 3474 5073 Mesopotamia

1896 5100 2072 5155 usque
2112 5087 2182 5142 ad
2214 5087 2354 5144 ﬁnes
2385 5088 2783 5145 barbarorum:
2832 5108 2940 5148 non
3006 5093 3310 5159 Phuenicia,
3368 5100 3481 5149 nou'

1897 5175 2215 5244 Palestina,
2249 5194 2360 5233 non
2395 5181 2620 5247 Arabia,
2664 5198 2772 5238 non
2810 5184 3104 5255 Egyptus,
3140 5202 3246 5241 non
3286 5187 3478 5243 incola:

1898 5266 2083 5340 Libya:
2113 5286 2287 5341 usque
2314 5271 2381 5325 ad
2410 5273 2678 5330 terminos
2704 5279 2880 5332 nostri
2920 5278 3102 5345 orbis;
3142 5295 3322 5350 neque
3356 5282 3475 5346 alii,

1898 5361 1993 5431 qui
2028 5362 2083 5417 in
2111 5361 2400 5434 eodegunt
2437 5363 2673 5431 Pontici,
2698 5368 2917 5431 Cilices,
2938 5367 3109 5441 Lycii,
3146 5370 3301 5443 Lydi,
3332 5371 3477 5428 Pisi-

1898 5454 1998 5523 dii,
2031 5453 2360 5528 Pamphylii,
2391 5456 2580 5523 Cares,
2608 5458 2984 5531 Hellespontii,
3017 5464 3258 5519 insulani
3304 5482 3480 5537 usque

1901 5545 1969 5600 ad
1996 5546 2172 5615 ipsam
2193 5547 2621 5619 Propoutidem:
2669 5567 2777 5606 non
2828 5564 3021 5625 gentes
3067 5556 3335 5624 Thraciae,
3368 5574 3479 5630 qua

1900 5646 2048 5708 patet
2080 5639 2336 5707 Thracia,
2376 5650 2435 5699 et
2479 5644 2697 5699 ﬁnitimi
2735 5647 2947 5718 quique
2977 5664 3156 5719 usque
3190 5651 3258 5706 ad
3295 5652 3476 5722 ipsum

1903 5730 2211 5791 Danubium
2228 5746 2247 5793 .'
2273 5734 2405 5805 Quae
2432 5751 2500 5794 ex
2530 5734 2618 5794 his
2646 5739 2903 5799 omnibus
2926 5743 3227 5814 provinciis
3254 5744 3483 5803 calami-
