3920 6502
382 310 493 368 Ξθδ

1631 302 1692 360 S.
1733 301 2066 360 GREGORII
2098 305 2388 363 NYSSENI

3544 311 3658 367 290

383 429 515 484 tatis
544 424 707 496 hujus
751 439 950 495 expers
995 422 1121 487 fuit,
1166 419 1274 477 nisi
1314 419 1453 475 forte
1483 421 1598 484 illa,
1643 437 1767 491 qua:
1811 429 1969 476 antea

2080 425 2318 480 σπόντιοι
2339 465 2353 487 ,
2384 426 2673 497 νησιῶται,
2709 426 2869 497 μέχρι
2901 427 2999 498 τῆς
3043 426 3399 500 Προποντίδος
3445 427 3655 500 αὐτῆς.

383 517 490 573 hoc
538 518 684 569 malo
716 513 1043 570 tenebatur?
1095 510 1261 565 Solus
1315 527 1383 566 ex
1427 512 1684 567 omnibus
1734 513 1969 582 populus

381 606 679 678 Cappadox
722 620 1073 660 communem
1126 604 1339 657 cladem
1401 612 1456 656 et
1505 619 1808 658 mrumnam
1857 618 1969 658 non

383 701 579 765 sensit,
624 714 785 768 quem
816 712 1048 766 magnus
1092 706 1279 752 noster
1314 705 1707 767 propugnator,
1736 711 1805 751 ex
1850 710 1973 751 om-

381 789 547 844 nibus
584 787 982 843 tentationibus
1012 787 1235 855 eripuit.

2069 516 2144 569 Οὐ
2172 516 2240 569 τὰ
2268 517 2363 569 ἐπὶ
2389 516 2609 587 Θρᾴκης
2658 518 2857 579 πάντα,
2892 518 2995 580 ἕως
3024 514 3091 587 ἦν
3124 520 3156 588 ἡ
3187 518 3375 588 Θρᾴκη
3397 557 3411 580 ,
3447 520 3544 572 καὶ
3584 519 3657 571 τά

2072 606 2199 675 περὶ
2225 604 2392 676 αὐτὴν
2424 605 2571 676 ἔθνη,
2590 606 2693 669 ἕως
2721 607 2855 677 πρὸς
2878 608 2968 660 τὸν
3000 610 3210 679 Ἴστρον
3232 609 3421 663 αὐτόν.
3452 610 3518 661 Τί
3547 610 3632 662 τῶ

2073 696 2290 749 πάντων
2316 696 2407 749 ἐπὶ
2439 699 2714 768 σχήματος
2745 698 2947 769 ἔμεινε,
2968 699 3105 770 πλὴν
3132 703 3178 752 εί
3205 703 3333 770 μήτι
3366 700 3665 771 προκατείς

2072 804 2198 857 χετο
2219 790 2298 860 τῷ
2326 790 2550 861 τοιούτῳ
2579 790 2762 860 κακῷ;
2786 790 2921 844 ἀλλὰ
2945 792 3103 863 μόνος
3124 793 3187 844 ὲκ
3214 794 3428 846 πάντων
3448 794 3476 843 ὁ
3500 793 3637 844 Καπ

385 884 673 946 παδόκειος
719 882 866 947 λαὸς,
904 883 1003 952 τῆς
1037 881 1223 951 κοινῆς
1253 881 1360 935 τῶν
1401 881 1735 952 Ἐκκλησιῶν
1764 882 2046 953 συμφορᾶς
2094 884 2193 936 οὐκ
2246 885 2538 957 ὲπῄσθετο·
2565 887 2623 939 ὃν
2683 887 2713 939 ὁ
2777 886 2949 957 μέγας
2994 886 3273 956 πρόμαχος
3338 887 3493 957 ἡμῶν
3566 882 3665 937 ἐπὶ

382 977 493 1030 τῶν
524 974 842 1047 πειρασμῶν
875 973 1188 1028 διεσώσατο.

454 1065 580 1120 Haec
600 1064 805 1120 scilicet
833 1062 1140 1118 timiditatis
1161 1063 1489 1118 docmuenta
1518 1062 1688 1118 edidit
1713 1063 1973 1135 magister

384 1165 611 1213 noster:
669 1157 783 1210 haec
833 1163 963 1210 sunt
1007 1156 1289 1225 paventis,
1331 1164 1384 1211 et
1414 1156 1736 1226 trepidantis
1776 1156 1843 1209 ad
1890 1157 1971 1208 la-

384 1249 547 1305 bores
577 1250 780 1304 arduos
829 1248 1089 1317 praeclara
1137 1247 1423 1313 facinora;
1457 1249 1550 1318 qui
1586 1262 1691 1301 non
1728 1247 1782 1300 in
1821 1254 1970 1301 cmtu

384 1341 710 1396 miserarum
739 1340 1076 1393 anicularum
1108 1339 1334 1409 gloriam
1364 1339 1469 1393 sibi
1509 1339 1747 1408 peperit,
1790 1354 1969 1409 neque

387 1432 743 1487 mulierculas
767 1432 915 1485 omni
945 1429 1122 1484 fraudi
1154 1440 1209 1485 et
1231 1430 1541 1501 deceptioni
1571 1432 1838 1485 obnoxias
1862 1432 1971 1483 cir-

386 1522 698 1577 cumvenire
730 1520 940 1577 studuit
961 1561 977 1585 ,
1014 1536 1189 1591 neque
1223 1537 1253 1575 a
1282 1522 1583 1592 desperatis
1611 1530 1665 1577 et
1697 1532 1972 1590 corrupta:

386 1613 585 1668 mentis
609 1613 924 1667 hominibus
947 1612 1128 1683 magni
1158 1612 1274 1666 fieri
1305 1612 1461 1667 valde
1488 1612 1851 1682 expetendum
1878 1611 1971 1665 duo

384 1705 464 1760 xit
494 1723 509 1772 ;
536 1705 629 1760 sed
660 1705 841 1774 reipsa
870 1704 1267 1759 demonstravit
1294 1705 1400 1757 vim
1430 1704 1600 1757 animi
1630 1705 1749 1768 sui,
1786 1711 1838 1757 et
1868 1703 1971 1756 im-

384 1797 732 1867 perterritum
754 1836 769 1861 ,
798 1797 1062 1850 invictum
1086 1806 1140 1851 et
1165 1811 1487 1865 generosum
1515 1797 1666 1850 illum
1692 1796 1966 1864 spiritum,

2140 1058 2327 1113 Ταῦτα
2372 1060 2439 1114 τά
2470 1062 2568 1127 τῆς
2597 1060 2799 1124 δειλίας
2826 1060 2921 1113 τοῦ
2961 1062 3281 1117 διδασκάλου
3324 1067 3481 1137 ἡμῶν
3512 1071 3649 1123 ἀπο.

2069 1153 2376 1223 τελέσματα
2412 1171 2426 1185 °
2453 1155 2625 1207 ταῦτα
2656 1152 2748 1207 τοῦ
2784 1156 3189 1224 κατεπτηχότπ
3230 1160 3352 1222 τοὺς
3387 1163 3659 1231 τραχυτέ-

2072 1259 2197 1311 ρους
2229 1243 2339 1298 τῶν
2370 1243 2547 1296 πόνων
2594 1244 2662 1297 τά
2708 1243 3106 1316 κατορθώματα
3127 1263 3141 1277 ·
3166 1248 3266 1301 οὐκ
3310 1250 3367 1301 ὲν
3391 1253 3662 1321 γραῖδίοις

2068 1330 2348 1401 δυστήνοις
2405 1333 2855 1403 εὐδοκιμοῦντος,
2897 1336 3018 1387 οὐδὲ
3062 1337 3273 1409 άπατᾷν
3319 1342 3662 1414 γυναικάρια

2068 1420 2204 1490 πρὸς
2232 1423 2411 1475 πᾶσαν
2435 1423 2651 1492 ἀπάτην
2681 1424 2916 1488 εὐκόλως
2956 1425 3145 1495 ἔχοντα
3176 1428 3503 1498 μελετῶντος
3526 1477 3541 1499 ,
3571 1436 3663 1487 οὐ-

2069 1512 2127 1563 δὲ
2180 1513 2285 1565 ὑπὸ
2336 1513 2444 1567 τῶν
2507 1515 2969 1586 κατεγνωσμένων
3038 1520 3131 1572 καὶ
3190 1524 3661 1594 κατεφθαρμένων

2071 1603 2441 1673 θαυμάζεσθαι
2503 1605 2644 1675 μέγα
2692 1608 2988 1677 κρίνοντος.
3033 1610 3193 1663 Ἀλλὰ
3223 1612 3310 1665 διὰ
3338 1614 3444 1666 τῶν
3475 1615 3660 1687 ἔργων

2068 1696 2337 1761 δείξαντος
2369 1697 2466 1768 τὴν
2502 1700 2653 1767 ἰσχὺν
2678 1698 2776 1768 τῆς
2796 1700 2993 1772 ψυχῆς,
3016 1703 3111 1755 καὶ
3139 1702 3197 1756 τὺ
3232 1705 3500 1776 ἄτρεπτον
3521 1752 3535 1773 ,
3561 1713 3662 1764 καὶ

2070 1786 2333 1859 ἀνδρεῖον,
2366 1790 2458 1840 καὶ
2483 1787 2699 1855 γενικὸν
2730 1789 2822 1841 τοῦ
2875 1793 3221 1863 φρονήματος
3241 1812 3253 1825 ·
3284 1789 3343 1848 οὗ
3371 1797 3431 1849 τὸ
3466 1801 3663 1871 κατόρ-

383 1888 545 1958 cujus
578 1889 840 1958 praeclare
875 1887 1080 1943 factum
1119 1888 1268 1943 salus
1302 1886 1403 1941 fuit
1437 1889 1706 1942 universa:
1739 1888 1964 1957 patriae,

2074 1858 2251 1950 θωμα,
2283 1880 2527 1952 σωτηρία
2551 1879 2648 1950 μὲν
2686 1884 2784 1951 τῆς
2815 1858 3067 1952 πατρίδος
3096 1885 3335 1956 ἀπάσης,
3363 1890 3552 1961 είρήνη

384 1996 489 2052 pax
520 1989 722 2037 nostra:
753 1981 1009 2037 Ecclesia:
1030 2023 1045 2047 ,
1071 1983 1351 2052 exemplar
1381 1981 1561 2037 omnis
1588 1981 1834 2043 honesti,
1865 1980 1930 2035 iis
1951 2019 1965 2042 ,

383 2073 477 2142 qui
524 2071 828 2128 secundum
877 2072 1134 2126 virtutem
1181 2071 1413 2138 vivunt;
1461 2070 1674 2126 eversio
1708 2070 1967 2125 adversa-

383 2164 592 2218 riorum
611 2205 626 2228 ,
650 2162 1016 2234 patrocinium
1044 2162 1166 2218 fidei
1190 2203 1205 2227 ,
1232 2166 1502 2219 securitas
1528 2161 1967 2227 imbecilliorum,

385 2257 821 2312 stabilimentum
853 2256 1228 2312 robustiorum
1256 2296 1271 2323 ,
1301 2265 1356 2311 et
1385 2263 1442 2311 ut
1471 2270 1580 2311 uno
1608 2254 1776 2310 verbo
1800 2270 1970 2324 expe-

385 2348 531 2402 diam
554 2386 568 2413 ,
604 2346 871 2417 quidquid
902 2347 1033 2401 boni
1064 2347 1364 2418 excogitari
1410 2353 1628 2418 potest,
1682 2345 1735 2399 id
1780 2346 1834 2399 in
1866 2346 1971 2401 hoc

382 2439 531 2495 facto
566 2438 1077 2510 comprehenditur,
1114 2439 1169 2493 in
1202 2454 1309 2511 qua
1345 2438 1613 2493 duntaxat
1646 2437 1970 2493 narratione

384 2529 646 2585 audiendi
692 2537 746 2585 et
796 2530 1015 2585 videndi
1067 2545 1267 2586 sensus
1313 2546 1372 2586 re
1420 2530 1537 2601 ipsa
1583 2530 1966 2585 conveniunt:

383 2621 527 2678 idem
557 2622 703 2677 enim
736 2634 820 2677 est
852 2622 1102 2677 oratione
1138 2622 1402 2692 praeclara
1443 2637 1677 2692 qumque
1721 2619 1967 2676 facinora

384 2718 672 2789 persequi,
705 2726 760 2774 et
788 2733 953 2789 opere
989 2718 1111 2789 ipso
1140 2717 1373 2772 orationi
1414 2718 1787 2772 testimonium
1836 2729 1962 2785 per-

384 2809 607 2878 bibere,
639 2818 695 2866 et
742 2817 976 2881 utraque
1005 2809 1212 2864 mutuis
1252 2808 1410 2880 quasi
1448 2809 1806 2863 firmamentis
1840 2822 1969 2862 cor-

381 2903 645 2959 roborare
666 2946 681 2970 ,
710 2901 1031 2957 memoriam
1066 2902 1287 2972 quidem
1318 2917 1384 2957 ex
1419 2901 1487 2956 iis
1507 2943 1521 2965 ,
1553 2916 1675 2971 quae
1709 2900 1967 2956 sensibus

384 2995 744 3066 objiciuntur,
777 3011 868 3051 res
898 3010 1030 3051 vero
1055 3011 1124 3049 ex
1158 2995 1260 3058 iis,
1297 3010 1419 3065 qua:
1451 2993 1732 3050 dicuntur.

457 3084 944 3141 Verumenimvero
977 3085 1164 3140 nescio
1192 3098 1298 3153 qua
1331 3084 1542 3138 ratione
1571 3084 1784 3155 longius
1817 3094 1965 3140 extra

2071 1971 2170 2040 τῆς
2194 1971 2315 2024 καθ’
2338 1973 2483 2042 ἡμᾶς
2520 1972 2863 2043 Ἐκκλησίας,
2890 1975 3191 2046 ὑπόδειγμα
3213 1977 3268 2031 δὲ
3289 1988 3485 2045 παντὸς
3515 1984 3662 2051 άγαο

2072 2060 2187 2125 θοῦ,
2217 2065 2327 2126 τοῖς
2353 2065 2474 2117 κατ’
2486 2065 2685 2137 ἀρετὴν
2714 2066 2899 2129 ζῶσιν,
2934 2068 3213 2140 ἀνατροπὴ
3235 2070 3342 2123 τῶν
3366 2074 3657 2140 ἐναντίων,

2073 2154 2369 2226 συνηγορία
2390 2155 2487 2226 τῆς
2511 2156 2767 2221 πίστεως,
2792 2157 3059 2226 ἀσφάλεια
3097 2159 3204 2213 τῶν
3229 2161 3657 2235 ἀσθενεστέρων,

2073 2238 2360 2315 βεϐαίωσις
2393 2246 2501 2301 τῶν
2536 2248 2981 2319 προθυμοτέρων,
3017 2251 3195 2305 πάντα
3223 2254 3321 2306 ὅσα
3348 2256 3445 2325 τῆς
3474 2258 3663 2327 κρείτ-

2070 2350 2219 2397 τονος
2266 2334 2460 2406 μοίρας
2503 2332 2640 2390 εἶναι
2673 2339 3027 2392 πεπίστευται
3059 2354 3072 2370 ·
3098 2342 3189 2395 ἐπὶ
3223 2344 3425 2398 τούτων
3477 2348 3660 2416 μόνων

2071 2426 2178 2480 τῶν
2200 2426 2574 2499 διηγημάτων,
2606 2431 2744 2502 ἀκοή
2777 2448 2837 2483 τε
2870 2433 2962 2485 καὶ
2993 2434 3112 2503 ὄψις
3141 2437 3232 2488 ἐπὶ
3265 2436 3371 2489 τῶν
3394 2441 3661 2510 πραγμάο

2073 2536 2179 2572 των
2211 2520 2599 2590 συμϐαίνουσι·
2635 2525 2829 2579 ταυτὸν
2858 2526 2966 2597 γάρ
3002 2530 3117 2581 ἐστι
3172 2528 3315 2600 λόγῳ
3359 2532 3427 2585 τὰ
3464 2535 3657 2587 καλλι-

2075 2629 2174 2665 στα
2230 2613 2614 2687 διηγήσασθαι,
2645 2616 2740 2669 καὶ
2795 2617 2941 2689 ἔργῳ
2987 2620 3157 2687 δεῖξαι
3199 2624 3299 2694 τὴν
3347 2628 3660 2698 μαρτυρίαν

2069 2702 2179 2756 τῶν
2202 2703 2405 2774 λόγων,
2429 2708 2525 2763 καὶ
2553 2708 2838 2781 ἀμφότερα
2873 2710 2939 2764 δι’
2963 2712 3208 2784 ἀλλήλων
3248 2717 3655 2784 πιστώσασθαι,

2069 2798 2169 2867 τήν
2184 2814 2245 2850 τε
2272 2800 2492 2870 μνήμην
2508 2801 2615 2854 ἀπὸ
2629 2801 2734 2855 τῶν
2764 2804 3122 2874 φαινομένων,
3147 2807 3238 2861 καὶ
3262 2808 3329 2862 τά
3353 2812 3660 2883 πράγματα

2070 2887 2157 2941 διά
2195 2889 2303 2943 τῶν
2336 2890 2663 2961 λεγομένων.

2156 3072 2314 3127 Ἀλλά
2343 3073 2451 3147 γὰρ
2494 3081 2592 3129 οὐκ
2640 3074 2735 3132 οἶδ’
2763 3079 2913 3144 ὅπως
2957 3080 3208 3137 τοσοῦτον
3250 3082 3353 3150 ἔξω
3381 3086 3488 3139 τῶν
3514 3105 3656 3161 προ-

382 3178 725 3249 propositam
759 3176 1046 3232 materiam
1077 3175 1409 3246 processerit
1442 3175 1617 3228 oratio
1640 3215 1653 3235 .
1703 3191 1963 3230 conversa

2074 3165 2341 3236 κειμένων
2376 3168 2689 3241 παρηνέχθη
2717 3171 2745 3223 ὀ
2779 3171 2954 3240 λόγος,
2983 3174 3121 3246 πρὸς
3163 3175 3388 3231 ἕκαστον
3426 3179 3533 3232 τῶν
3568 3182 3656 3249 ἐφ’

384 3270 455 3325 ad
484 3269 697 3341 singula
719 3310 735 3334 ,
764 3284 886 3339 quae
917 3268 1258 3339 sycophanta
1288 3281 1386 3337 per
1413 3268 1800 3321 contumeliam
1828 3267 1973 3337 obje-

384 3362 482 3417 cit.
511 3361 678 3432 Atqui
710 3360 1005 3415 admodum
1037 3360 1188 3414 utilis
1218 3358 1472 3414 fortassis
1501 3358 1768 3413 Eunomio
1804 3359 1972 3415 fuerit

384 3468 542 3509 mora
577 3453 691 3508 haec
724 3452 995 3507 orationis
1016 3488 1030 3516 ,
1067 3451 1122 3504 in
1157 3449 1247 3505 his
1280 3451 1574 3507 calumniis
1617 3449 1930 3506 refellendis
1952 3491 1968 3516 ,

386 3551 577 3614 utpote
633 3558 756 3613 qua).
820 3550 1088 3613 occupata
1153 3541 1431 3598 diluendis
1478 3544 2005 3600 criminationibus

385 3644 577 3691 contra
613 3635 864 3690 homines
904 3634 1135 3703 ejectis,
1169 3633 1236 3688 ad
1286 3648 1348 3689 ea
1398 3650 1519 3704 qua:
1567 3635 1792 3704 majoris
1845 3643 1972 3691 sunt

385 3727 651 3783 momenti
699 3742 821 3782 sese
867 3725 1121 3781 conferre
1172 3734 1430 3796 nequeat.
1492 3725 1969 3791 Quemadmodum

386 3821 556 3891 igitur
582 3834 739 3884 eum,
770 3817 861 3889 qui
894 3818 963 3873 de
1000 3817 1298 3873 homicidio
1344 3826 1659 3880 accusatur,
1704 3832 1971 3889 superva—

386 3927 616 3967 caneum
645 3920 730 3966 est
763 3925 1027 3965 accusare
1071 3910 1139 3965 de
1193 3911 1486 3965 verborum
1537 3912 1874 3981 procacitate
1917 3919 1973 3966 et

384 4004 604 4060 levitate
629 4021 641 4057 :
672 4003 872 4057 sullicit
899 4001 1047 4057 enim
1072 4002 1247 4057 solum
1281 4002 1633 4057 homicidium
1660 4002 1726 4056 ad
1751 4003 1854 4058 hoc
1871 4044 1887 4068 ,
1912 4011 1969 4059 ut

387 4105 580 4151 contra
610 4110 733 4149 eum
772 4094 965 4149 mortis
997 4095 1271 4148 sententia
1311 4093 1540 4160 feratur,
1573 4094 1786 4148 etiamsi
1820 4096 1969 4150 nulla

385 4188 678 4243 verborum
715 4186 1029 4240 temeritate
1083 4200 1203 4241 sese
1251 4185 1524 4240 homicida
1570 4186 1968 4242 obstrinxerit:

389 4280 464 4333 ita
498 4279 629 4332 mihi
659 4293 836 4346 Opera:
855 4277 1087 4346 pretium
1120 4277 1355 4339 videtur,
1387 4286 1446 4330 ut
1477 4276 1646 4331 solam
1678 4276 1837 4332 istius
1866 4276 1971 4330 im-

390 4366 645 4436 pietatem
677 4363 1030 4419 refellendam
1061 4365 1394 4435 suscipiam,
1428 4365 1620 4419 relicta
1648 4366 1740 4419 illa
1765 4406 1779 4429 ,
1808 4383 1970 4437 quam

392 4455 448 4509 in
475 4468 578 4509 nos
604 4462 821 4508 exercet
849 4454 1209 4509 maledicendi
1259 4455 1479 4509 licentia
1510 4471 1524 4507 :
1574 4456 1783 4511 clarum
1823 4458 1969 4513 enim

2076 3258 2230 3330 ὕϐρει
2261 3258 2533 3330 ῥηθέντων
2562 3262 2712 3335 παρὰ
2751 3264 2844 3318 τοῦ
2890 3268 3225 3333 συκοφάντου
3261 3272 3658 3343 ἐπιστρεφόμε-

2073 3367 2162 3413 νος
2181 3366 2192 3378 ’
2224 3350 2398 3404 καίτοι
2424 3351 2503 3423 τῷ
2530 3355 2778 3427 Εὐνομίῳ
2814 3357 3005 3429 κέρδος
3035 3360 3096 3413 οὐ
3130 3362 3322 3432 μικρὸν
3356 3364 3388 3434 ἡ
3432 3366 3556 3435 περὶ
3584 3363 3658 3419 τὰ

2069 3442 2294 3496 τοιαῦτα
2327 3444 2420 3497 τοῦ
2455 3445 2611 3514 λόγου
2668 3448 2939 3520 διατριϐὴ,
2972 3453 3030 3503 ὲν
3062 3455 3127 3523 τῇ
3156 3453 3263 3505 τῶν
3295 3454 3659 3525 ἀνθρωπίνων

2071 3533 2423 3605 ἀδικημάτων
2456 3540 2758 3610 κατηγορίᾳ
2802 3543 2913 3604 τοῖς
2946 3542 3299 3612 κυριωτέροις
3347 3545 3655 3617 προσϐῆναι

2074 3626 2435 3698 κωλυομένου.
2478 3630 2687 3701 Ὥσπερ
2721 3627 2812 3685 οὖν
2867 3634 2955 3686 τὸν
3002 3634 3094 3687 ἐπὶ
3147 3635 3291 3705 φόνῳ
3338 3638 3657 3709 κρινόμενον

2073 3718 2212 3790 ὑπὲρ
2244 3721 2342 3790 τῆς
2366 3722 2423 3772 ἐν
2453 3723 2661 3792 ῥήμασι
2696 3724 3023 3795 προπετείας
3057 3728 3303 3791 κακίζειν
3336 3729 3441 3782 τῶν
3478 3733 3655 3802 ἀχρή-

2074 3828 2214 3864 στων
2252 3811 2398 3863 ἐστὶν
2428 3814 2609 3883 (ἀρκεῖ
2639 3814 2746 3884 γὰρ
2778 3817 2806 3868 ὁ
2844 3816 3001 3883 φόνος
3044 3817 3398 3889 ἀπελεγχθεὶς
3433 3820 3531 3891 τὴν
3558 3820 3654 3875 τοῦ

2074 3901 2301 3955 θανάτου
2341 3904 2518 3975 ψῆφον
2565 3906 2899 3974 ἀπενεγκεῖν,
2931 3907 3034 3961 κᾶν
3076 3908 3310 3980 μηδεμία
3353 3912 3653 3981 προπέτεια

2071 3993 2243 4063 λόγων
2262 3995 2338 4066 τῷ
2358 3996 2623 4068 μιαιφόνῳ
2652 3998 3134 4070 συναπελέγχηται)
3159 4018 3172 4031 ·
3190 3999 3331 4055 οὕτω
3359 4020 3447 4073 μοι
3469 4004 3653 4070 καλῶς

2072 4087 2218 4158 ἔχειν
2257 4088 2419 4151 δοκεῖ,
2467 4089 2631 4159 μόνην
2658 4089 2825 4143 αὐτοῦ
2874 4091 2974 4159 τὴν
3016 4091 3269 4145 ἀσέϐειαν
3311 4094 3390 4158 είς
3429 4094 3653 4165 ἔλεγχον

2072 4180 2319 4248 ἀγαγεῖν,
2342 4180 2441 4241 τὰς
2483 4180 2537 4232 δὲ
2578 4180 2698 4233 καθ’
2729 4179 2884 4251 ἡμῶν
2917 4181 3183 4254 λοιδορίας
3223 4185 3430 4255 χαίρειν
3469 4187 3648 4242 ἐᾶσαι.

2072 4267 2239 4337 Δῆλον
2268 4265 2377 4337 γὰρ
2415 4268 2495 4319 ὅτι
2535 4269 2660 4339 περὶ
2706 4268 2774 4321 τά
2809 4271 3040 4340 μέγιστα
3073 4274 3164 4325 καὶ
3198 4274 3509 4344 κυριώτατα
3549 4276 3653 4346 τῆς

2074 4358 2336 4429 πονηρίας
2370 4357 2736 4429 φωραθείσης,
2774 4364 2868 4414 καὶ
2900 4364 2968 4416 τὰ
2998 4363 3161 4416 λοιπὰ
3194 4367 3367 4419 πάντα
3395 4372 3461 4439 τῇ
3491 4369 3653 4423 δυνά-

2076 4466 2164 4522 μει
2197 4450 2686 4521 συναπελέγχεται·
2720 4454 2822 4507 κᾶν
2872 4456 2945 4525 μὴ
2990 4457 3111 4509 καθ’
3139 4457 3365 4513 ἕκαστον
3404 4463 3652 4533 ἀκριϐῶς

390 4554 511 4608 est,
545 4546 592 4601 si
627 4546 682 4600 in
732 4545 900 4601 rebus
948 4547 1171 4601 maximi
1222 4547 1483 4616 ponderis
1526 4548 1775 4617 impietas
1822 4551 1968 4607 illius

2074 4541 2395 4612 ἐπεξίωμεν.
2417 4542 2569 4596 Ἔστι
2592 4543 2769 4597 τοίνυν
2787 4546 2847 4597 τὸ
2862 4549 3151 4617 κεφάλαιον
3190 4550 3297 4603 τῶν
3327 4554 3455 4623 παρ’
3478 4554 3649 4607 αὐτοῦ

391 4633 735 4699 retundatur,
771 4634 960 4689 eadem
991 4634 1154 4689 etiam
1183 4650 1347 4705 opera
1372 4638 1646 4694 confutari
1676 4643 1859 4697 omnia
1888 4660 1973 4699 re-

391 4726 539 4797 liqua
563 4765 578 4788 ,
610 4725 735 4780 licet
764 4740 870 4780 non
902 4741 1301 4795 persequamur
1325 4732 1510 4785 omnia
1540 4732 1838 4803 sigillatim.
1867 4735 1973 4791 Ca-

388 4824 487 4887 put
518 4817 687 4886 igitur
730 4816 975 4873 omnium
1022 4832 1214 4873 eorum
1236 4859 1251 4884 ,
1283 4835 1405 4889 qua:
1440 4823 1665 4878 molitus
1695 4834 1779 4879 est
1815 4825 1967 4895 ipse,

388 4908 602 4963 nullum
628 4915 711 4963 est
744 4906 889 4960 aliud
911 4946 925 4969 ,
953 4922 1116 4977 quam
1154 4909 1491 4978 blasphemia
1526 4912 1579 4967 in
1606 4914 1967 4970 orthodoxam

388 5000 585 5063 fidem,
616 5007 722 5053 tam
753 4999 807 5053 in
835 5000 1003 5069 priori
1035 4999 1211 5065 libro,
1241 5017 1403 5072 quam
1438 5002 1490 5058 in
1519 5004 1624 5059 hoc
1645 5046 1658 5071 ,
1687 5019 1849 5076 quem
1880 5024 1967 5064 re-

388 5091 566 5146 futare
607 5090 997 5161 aggredimur:
1034 5106 1249 5147 omnem
1299 5109 1432 5149 vero
1467 5096 1690 5152 adhibet
1734 5097 1967 5169 diligen-

387 5181 555 5245 tiam,
588 5190 648 5235 ut
676 5181 925 5237 funditus
956 5184 1152 5239 evellat
1185 5193 1240 5240 et
1285 5186 1507 5241 aboleat
1560 5189 1629 5243 de
1681 5190 1967 5259 unigenito

388 5269 526 5325 Filio
551 5270 647 5325 Dei
701 5283 754 5327 et
778 5269 984 5340 Spiritu
1010 5268 1199 5329 saneto
1221 5290 1410 5332 omnes
1437 5277 1556 5347 pias
1582 5280 1960 5350 cogitationes.

389 5356 461 5417 Ut
490 5362 657 5433 igitur
683 5364 939 5420 omnibus
969 5367 1316 5437 perspicuum
1349 5368 1478 5435 fiat,
1513 5385 1676 5441 quam
1715 5371 1885 5429 falsus
1911 5380 1966 5430 et

391 5456 715 5510 inconstans
749 5457 822 5511 sit
858 5458 1039 5514 omnis
1086 5459 1179 5515 ille
1207 5470 1400 5516 contra
1436 5463 1685 5519 veritatis
1710 5464 1966 5536 dogmata

386 5552 685 5615 apparatus
716 5564 729 5601 :
765 5546 1002 5616 primum
1029 5550 1251 5620 quidem
1284 5549 1351 5605 ad
1384 5550 1612 5607 verbum
1644 5568 1845 5622 ponam
1883 5555 1969 5625 ip-

389 5635 507 5694 sius
537 5636 838 5692 orationem
863 5678 877 5701 ,
913 5654 1036 5709 qua;
1077 5639 1309 5710 deinde,
1355 5642 1655 5716 resumptis
1697 5643 1965 5717 singulis,

387 5730 682 5804 separatim
709 5729 1051 5788 examinabo.
1555 5741 1585 5774 ⁸

2070 4634 2627 4704 κατασκευαζομένων
2645 4677 2658 4697 ,
2686 4635 3001 4708 βλασφημία
3042 4642 3138 4711 μὲν
3163 4644 3242 4705 εἰς
3266 4641 3325 4695 τὸ
3347 4643 3520 4714 δόγμα
3548 4647 3650 4715 τῆς

2070 4724 2372 4790 εὐσεϐείας,
2403 4725 2461 4779 εν
2508 4744 2566 4779 τε
2607 4728 2683 4797 τῷ
2712 4730 3003 4800 προάγοντι
3030 4734 3189 4803 λόγῳ,
3223 4736 3315 4788 καὶ
3348 4738 3405 4788 ὲν
3451 4734 3527 4805 τῷ
3552 4732 3650 4789 νῦν

2070 4814 2379 4885 παρ’ήμῶν
2431 4816 2808 4888 εὐθυνομένιρ*
2840 4821 3040 4892 σπουδὴ
3071 4822 3127 4874 δὲ
3171 4824 3320 4876 πᾶσα
3378 4824 3644 4892 καθελεῖν,

2070 4910 2163 4961 καὶ
2211 4909 2705 4980 παραγράψασθαι,
2739 4910 2832 4965 καὶ
2889 4914 3192 4984 ἀνατρέψαι
3239 4917 3512 4980 παντελῶς
3548 4919 3650 4983 τὰς

2069 5001 2199 5071 περὶ
2246 5001 2341 5053 τοῦ
2378 5003 2696 5073 μονογενοῦς
2745 5003 2900 5067 Θεοῦ,
2928 5007 3021 5058 καὶ
3057 5008 3153 5071 τὰς
3203 5010 3329 5079 περὶ
3365 5008 3458 5080 τοῦ
3491 5007 3648 5079 ἁγίου

2068 5092 2384 5164 Πνεύματος
2435 5096 2677 5161 εὐσεϐεῖς
2728 5098 3040 5170 ὑπολήψεις.
3087 5100 3176 5164 Ὠς
3203 5102 3267 5155 ἂν
3296 5099 3387 5157 οὖν
3415 5105 3649 5175 μάλιστα

2065 5184 2286 5258 ψευδὴς,
2314 5187 2408 5240 καὶ
2435 5189 2738 5253 ἁσύστατος
2770 5191 3043 5263 ἐπιδειχθῇ
3071 5194 3103 5263 ἡ
3135 5194 3277 5247 κατά
3307 5195 3412 5247 τῶν
3439 5194 3649 5265 δογμά-

2069 5293 2176 5329 των
2212 5277 2311 5348 τῆς
2356 5278 2616 5350 ἀληθείας
2670 5285 2980 5355 κατασκευή
3005 5300 3018 5314 ·
3050 5286 3265 5355 πρῶτον
3309 5286 3405 5357 μὲν
3438 5290 3527 5341 ἐπὶ
3556 5289 3650 5342 λέ-

2072 5366 2205 5433 ξεως
2248 5368 2412 5423 αὐτοῦ
2453 5370 2550 5442 τὴν
2576 5372 2703 5444 περὶ
2744 5372 2945 5427 τούτων
3001 5376 3388 5448 παραθήσομαι
3439 5380 3595 5450 ῥῆσιν
3626 5398 3642 5412 ·

2072 5459 2263 5515 ἔπειτα
2302 5461 2359 5515 δὲ
2397 5462 2558 5517 πάλιν
2589 5464 2955 5536 ὐπελεύσομαι
3002 5470 3114 5533 τοῖς
3143 5469 3470 5541 εἰρημένοις,
3513 5468 3648 5531 ἕκα-

2074 5570 2197 5609 στον
2219 5554 2398 5610 αὐτῶν
2424 5554 2693 5624 ἐξετάζων
2712 5558 2899 5629 χωρίς.
