3920 6464
552 265 655 322 299

1767 265 1819 319 S.
1867 265 2193 321 GREGORII
2232 266 2522 323 NYSSENI

3695 273 3781 327 300

556 397 852 441 supremam
890 390 938 433 et
983 381 1211 434 maxime
1246 384 1456 451 proprie
1489 383 1847 437 substantiam
1887 384 2051 447 dicit;
2084 392 2138 438 et

2272 385 2338 437 ῑαὶ
2386 384 2480 436 τοῦ
2525 382 2680 449 ἁγίου
2730 382 3044 451 Πνεῦματος
3095 382 3506 453 ἀποσιωπήσας,
3537 381 3651 435 ἀντὶ
3702 389 3783 454 μὲν

558 473 680 527 loco
723 472 840 526 Filii
883 489 1036 538 eam,
1066 490 1183 544 qua:
1215 484 1290 527 est
1345 485 1556 544 propter
1600 474 1749 528 illam
1775 516 1788 539 ,
1821 484 1939 544 post
1984 474 2133 527 illam

558 575 676 613 vero
722 559 939 627 reliquis
995 561 1427 627 antecedentem;
1464 564 1584 617 loco
1661 574 1842 618 autem
1897 564 2135 635 Spiritus

559 650 772 711 sancti,
816 667 967 712 eam.
1011 668 1128 720 queo
1166 653 1299 706 nulli
1341 654 1527 707 horum
1573 654 1855 723 conjuncta
1892 663 1970 708 est
2014 655 2131 725 (a).

556 744 724 813 Atqui
754 746 798 798 si
834 745 919 799 his
949 746 1409 815 appellationibus
1447 748 1523 799 uti
1575 747 1750 801 satius
1803 754 1969 809 esset,
2027 761 2137 800 non

560 834 698 888 adeo
736 836 893 903 inops
914 844 1032 888 erat
1062 836 1284 900 veritas,
1314 843 1372 888 ut
1409 836 1522 889 haec
1560 835 1782 889 nomina
1818 848 1927 887 non
1985 849 2139 902 repe-

562 926 725 989 riret;
765 941 939 994 neque
966 926 1101 980 adeo
1136 926 1373 995 imperiti
1413 935 1570 980 erant
1624 927 1738 991 alii,
1798 928 1892 996 qui
1951 935 2137 996 postea

566 1019 758 1071 ordine
816 1018 1094 1071 subsecuti
1163 1019 1405 1087 mysterii
1474 1018 1638 1087 hujus
1699 1018 2138 1089 praedicationem

565 1115 920 1177 exceperunt,
951 1109 1151 1177 quique
1182 1110 1250 1162 ab
1282 1109 1437 1163 initio
1458 1111 1659 1165 oculati
1685 1118 1850 1166 testes
1888 1122 1941 1165 et
1976 1111 2138 1163 mini-

566 1200 666 1255 stri
698 1201 968 1255 sermonis
1000 1199 1420 1271 lnerunt,etqui
1453 1212 1575 1272 post
1608 1203 1732 1258 illos
1762 1212 1933 1257 totum
1970 1212 2140 1257 terra-

568 1307 691 1346 rum
754 1292 940 1346 orbem
1004 1294 1316 1361 evangelica
1386 1293 1635 1347 doctrina
1691 1295 2139 1364 compleverunt;

567 1398 917 1453 rursumque,
955 1384 1046 1453 qui
1077 1387 1308 1452 posteris
1349 1386 1687 1456 temporibus
1727 1397 1880 1443 ortas
1929 1386 1995 1441 de
2041 1388 2143 1441 hoc

567 1477 819 1546 dogmate
850 1477 1220 1534 dubitationes
1254 1479 1305 1532 in
1337 1480 1613 1533 communi
1644 1480 1874 1533 concilio
1916 1479 2143 1534 delinie-

569 1579 717 1632 runt,
752 1582 987 1637 quorum
1017 1570 1343 1623 traditiones
1375 1570 1594 1638 scripta:
1620 1586 1837 1640 semper
1870 1571 1925 1624 in
1955 1570 2143 1624 Eccle-

568 1658 668 1713 siis
691 1658 1096 1713 custodiuntur.
1131 1658 1186 1711 Si
1210 1660 1283 1712 ita
1310 1660 1453 1727 loqui
1481 1659 1785 1727 oportebat,
1819 1674 1926 1712 non
1960 1660 2147 1726 utique

2244 476 2476 548 Πατρδς,
2518 474 2794 530 ἀνωτάτω
2840 474 2971 528 τινὰ
3020 475 3118 527 καὶ
3180 473 3543 542 κυριωτάτην
3593 478 3785 530 οὐσίαν

2244 569 2411 637 λέγει,
2433 568 2554 621 ἀντὶ
2580 567 2636 620 δὲ
2666 565 2759 619 τοῦ
2794 566 2943 629 Υίοῦ,
2966 564 3080 633 τὴν
3104 565 3161 617 δι
3177 566 3190 584 '
3211 565 3579 634 ἐκείνην-μὲν
3594 561 3785 629 οὖσαν,

2237 661 2378 729 μετ’
2406 659 2644 725 ἐκείνην
2676 657 2743 710 δὲ
2770 656 2888 711 τῶν
2915 656 3120 711 ἄλλων
3144 658 3587 725 πρωτεύουσαν,
3615 658 3722 710 ἀντὶ
3742 658 3787 710 δὲ

2243 753 2337 805 τοῦ
2366 753 2521 821 ἁγίου
2545 750 2881 820 Πνεύματος,
2904 749 3017 818 τὴν
3030 747 3289 819 μηδεμιᾷ
3317 750 3541 802 τούτων
3569 764 3789 803 συντατ-

2244 842 2524 911 τομένην.
2557 840 2747 894 Καίτοι
2782 858 2844 909 γε
2888 841 2936 891 εί
2970 839 3142 901 οὕτως
3181 841 3353 891 είπεῖν
3393 837 3701 906 οἰκειότερον
3719 837 3792 912 ἦν,

2246 934 2344 987 οὐκ
2374 932 2438 986 ἂν
2474 933 2690 994 πάντως
2711 930 2987 1001 ἠπόρησεν
3013 932 3045 1000 ἡ
3070 929 3295 1001 ἀλήθεια
3316 929 3414 998 τῆς
3433 929 3539 982 τῶν
3561 931 3790 1000 ῥημάτων

2247 1024 2450 1077 τούτων
2482 1023 2774 1093 εὑρέσεως,
2810 1022 2918 1075 οὐδ’
2947 1021 3013 1075 ἂν
3057 1021 3271 1083 πάντως
3318 1022 3365 1072 οἱ
3402 1018 3629 1089 καθεξῆς
3666 1020 3792 1073 ἐκδε-

2250 1114 2470 1185 ξάμενοι
2499 1114 2591 1167 τοῦ
2622 1113 2919 1185 μυστηρίου
2958 1117 3016 1165 τὸ
3046 1114 3329 1183 κήρυγμα,
3361 1111 3414 1163 οἵ
3443 1128 3501 1163 τε
3529 1111 3619 1162 ἀπ’
3644 1111 3793 1182 ἀρχῆς

2248 1209 2511 1262 αὐτόπται
2559 1206 2653 1259 καὶ
2686 1206 2954 1275 ὑπηρέται
2986 1204 3264 1273 γενόμενοι
3306 1201 3397 1256 τοῦ
3439 1202 3613 1271 λόγου.
3644 1205 3725 1255 καὶ
3754 1205 3793 1255 οἱ

2254 1301 2372 1373 μετ’
2409 1298 2650 1362 ἐκείνους
2697 1301 2877 1351 πᾶσαν
2918 1298 3015 1366 τὴν
3048 1295 3375 1366 οἰκουμένην
3399 1295 3508 1348 τῶν
3540 1294 3793 1362 εὐαγγελι-

2252 1395 2363 1448 κῶν
2407 1392 2693 1463 δογμάτων
2736 1389 3305 1461 καταπληρώσαντες’
3340 1388 3434 1440 καὶ
3480 1386 3636 1440 πάλιν
3682 1385 3796 1457 μετὰ

2252 1487 2425 1541 ταῦτα
2454 1488 2594 1540 κατά
2622 1484 2848 1555 καιρούς
2880 1500 3029 1545 τινας
3056 1481 3152 1544 τὰς
3177 1481 3302 1549 περὶ
3336 1479 3428 1533 τοῦ
3455 1479 3707 1548 δόγματος
3730 1496 3797 1531 tn-

2254 1598 2343 1635 νου
2353 1580 2517 1650 μένας
2542 1576 2872 1647 ἀμφιϐολίας
2904 1578 2960 1627 ἐν
2993 1573 3154 1643 κοινῷ
3176 1571 3434 1643 συνεδρίῳ
3456 1570 3794 1632 διαλαϐόντες

2254 1663 2329 1723 ὧν
2355 1670 2409 1721 αἱ
2443 1667 2771 1737 παραδόσεις
2790 1665 3054 1735 ἔγγραφοι
3081 1665 3200 1725 ταῖς
3235 1660 3582 1731 Ἑκκλησίαις
3610 1658 3686 1711 ἀεὶ
3702 1657 3798 1710 δια-

571 1748 751 1804 Patris
782 1760 835 1807 et
865 1750 984 1806 Filii
1017 1763 1071 1806 et
1126 1750 1363 1820 Spiritus
1389 1751 1559 1805 sancti
1607 1751 1939 1804 mentionem
1975 1748 2150 1803 fecis—

2272 1761 2551 1826 ςώζονται·
2606 1760 2654 1811 εί
2703 1755 2874 1811 ταῦτα
2924 1755 3100 1823 λέγειν
3149 1753 3333 1822 ἐχρῆν,
3378 1752 3477 1803 οὐκ
3524 1749 3588 1803 ἂν
3618 1748 3797 1818 Πατρός

572 1857 713 1900 sent.
744 1844 899 1911 Quod
941 1846 985 1900 si
1014 1846 1242 1900 omnino
1277 1845 1459 1914 pietati
1499 1854 1950 1908 consentaneum,
1995 1853 2049 1897 et
2082 1843 2149 1896 ab

573 1938 721 1991 ontni
758 1936 1003 2006 periculo
1040 1947 1307 1990 remotum
1339 1942 1482 1995 erat,
1536 1934 1602 1988 ad
1654 1934 1793 1987 hanc
1854 1933 2147 1986 novitatem

574 2033 875 2085 transferre
899 2030 1019 2083 ﬁdei
1048 2029 1584 2097 vocabula,sequitur
1605 2042 1793 2080 omnes
1827 2026 1948 2081 illos
1984 2025 2152 2080 fuisse

576 2124 849 2183 indoctos,
887 2138 1068 2176 rerum
1103 2122 1411 2177 divinarum
1446 2121 1629 2183 rudes,
1660 2128 1712 2173 et
1741 2118 2023 2173 nominum
2057 2131 2151 2169 co-

576 2222 884 2281 gnatorum,
933 2212 1115 2265 utiste
1148 2212 1300 2273 dicit,
1365 2218 1646 2281 expertes;
1701 2210 1849 2271 illos.
1906 2207 2151 2277 inquam,

578 2302 671 2370 qui
700 2318 874 2372 neque
903 2310 1198 2371 potuerunt
1222 2317 1394 2372 neque
1412 2302 1696 2355 voluerunt
1716 2300 1968 2370 proprias
2004 2298 2152 2368 cogi-

580 2396 815 2450 tationes
847 2412 1157 2465 prreponere
1189 2395 1256 2450 iis
1319 2395 1654 2457 nominibus,
1702 2409 1823 2463 quze
1881 2408 1911 2445 a
1956 2391 2157 2446 divinis

581 2489 822 2543 oraculis
848 2487 1181 2557 accepimus.

655 2671 760 2726 Sed
795 2671 1052 2726 omnibus
1101 2670 1447 2726 manifestam
1489 2671 1725 2725 arbitror
1763 2686 2010 2736 causam,
2060 2690 2161 2728 cur

583 2766 699 2818 lucc
729 2779 866 2817 nova
906 2766 1125 2817 nomina
1154 2762 1369 2817 cuderit
1407 2763 1728 2818 Eunomius.
1787 2764 1917 2817 Nam
1970 2780 2161 2819 omnes

584 2857 834 2910 homines
861 2856 1045 2909 audito
1075 2855 1252 2910 Patris
1283 2864 1335 2910 et
1362 2854 1484 2909 Filii
1514 2858 1796 2920 vocabulo,
1832 2857 2015 2911 statim
2040 2872 2164 2927 pro-

587 2950 761 3019 priam
815 2959 868 3003 et
921 2952 1227 3004 naturalem
1287 2950 1430 3003 inter
1466 2952 1613 3019 ipsos
1662 2950 2037 3005 habitudinem
2096 2965 2164 3005 ex

588 3041 723 3110 ipsis
773 3040 1055 3094 vocabulis
1087 3049 1422 3109 agnoscunt:
1473 3057 1593 3111 qua:
1625 3042 1770 3095 enim
1798 3042 2061 3095 naturalis
2094 3043 2165 3097 sit

589 3105 872 3191 habitudo,
902 3105 1155 3184 omnibus
1187 3105 1518 3193 tacentibus,
1557 3148 1623 3187 ex
1662 3133 1744 3186 his
1785 3132 2163 3202 appellationi-
2195 3105 2237 3163 θ

590 3223 693 3276 bus
724 3222 1064 3291 intelligitur.
1116 3221 1185 3275 Ut
1210 3238 1341 3292 ergo
1364 3224 1474 3277 lucc
1528 3223 1595 3277 de
1647 3221 1809 3277 Patre
1865 3232 1918 3278 et
1950 3222 2086 3278 Filio
2113 3224 2169 3278 in

592 3313 790 3366 animis
822 3312 1098 3365 hominum
1142 3328 1247 3365 non
1281 3314 1752 3381 ingenerarentur,
1776 3315 2045 3369 subtrahit
2073 3330 2172 3374 au-

592 3404 871 3457 dientibus
896 3418 1037 3464 eam,
1101 3419 1221 3473 quae
1245 3418 1368 3458 eum
1398 3406 1712 3460 nominibus
1776 3407 1922 3460 subit
1970 3414 2173 3461 mutua:

596 3496 935 3549 habitudinis
966 3497 1263 3560 notionem,
1296 3496 1608 3566 relictisque
1633 3497 1895 3552 divinitus
1938 3497 2174 3566 inspira-

599 3590 670 3643 tis
701 3587 1053 3651 dictionibus,
1086 3603 1180 3642 eas
1214 3604 1377 3643 voces
1407 3589 1473 3643 ad
1497 3590 1915 3660 explicationem
1952 3590 2175 3660 dogma-

599 3688 713 3735 tum
738 3680 982 3747 adhibet,
1017 3696 1136 3750 quae
1157 3681 1465 3736 evertenda:
1488 3684 1706 3736 veritati
1749 3697 1913 3753 quam
1940 3682 2177 3737 maxime

600 3773 711 3828 sint
746 3774 973 3829 idonea).

675 3864 840 3920 Recte
875 3879 1036 3934 porro
1060 3866 1212 3933 dicit,
1244 3865 1325 3920 his
1366 3883 1469 3920 non
1515 3866 1774 3920 universae
1827 3865 2082 3922 Ecclesia:
2116 3866 2181 3920 de

601 3953 847 4007 doctrina
868 3954 1203 4021 sententiam,
1233 3954 1324 4008 sed
1354 3972 1505 4010 suam
1535 3956 1736 4025 perﬁci.
1763 3954 1950 4010 Cuivis
1975 3965 2178 4020 autem,

602 4049 697 4116 qui
729 4047 812 4102 vel
854 4046 1138 4116 paululum
1178 4049 1457 4104 attendere
1489 4052 1650 4112 velit,
1686 4049 1845 4104 facile
1873 4057 1976 4115 est,
2019 4066 2181 4120 quam

606 4139 772 4208 impia
828 4141 956 4201 sint,
1000 4155 1123 4209 qua;
1165 4139 1362 4205 etimit,
1419 4142 1748 4211 perspicere.
1810 4144 1878 4197 At
1930 4142 2184 4196 fortassis

606 4231 706 4285 abs
755 4246 814 4285 re
854 4248 961 4285 non
1004 4231 1189 4299 fuerit,
1234 4234 1508 4302 sigillatim
1547 4234 1888 4304 disquirere,
1922 4234 2185 4304 quidnam

608 4322 714 4375 sibi
744 4322 892 4387 velit,
935 4337 1059 4376 eum
1096 4339 1406 4394 supremam
1456 4335 1509 4379 et
1543 4327 1778 4379 maxime
1811 4325 2029 4395 proprie
2054 4326 2187 4381 sub-

608 4412 863 4465 stantiam
893 4415 995 4467 soli
1023 4413 1199 4469 Patris
1233 4417 1554 4474 substantia:
1576 4416 1841 4480 attribuit,
1872 4433 1981 4473 non
2007 4430 2186 4474 autem

612 4503 732 4559 Filii
769 4514 825 4559 et
877 4506 1115 4575 Spiritus
1147 4508 1347 4572 sancti,
1404 4524 1529 4562 cum
1578 4518 1757 4565 tamen
1805 4511 2069 4565 concedat
2117 4510 2187 4566 iis

613 4610 904 4664 supernam
935 4602 989 4649 et
1014 4597 1289 4667 propriam
1330 4598 1714 4653 substantiam.
1743 4602 1994 4657 Arbitror
2039 4606 2188 4657 enim

611 4702 710 4757 ego
740 4688 843 4739 hoc
872 4689 1005 4741 nihil
1035 4704 1158 4743 esse
1186 4690 1356 4751 aliud,
1379 4707 1543 4760 quam
1570 4692 1876 4747 machinam
1898 4696 2188 4764 quamdam

613 4780 679 4833 ad
716 4782 1021 4850 negandum
1054 4780 1301 4839 funditus
1339 4799 1554 4840 omnem
1593 4786 1954 4841 substantiam
1986 4785 2105 4841 Filii
2136 4796 2191 4841 et

616 4874 859 4943 Spiritus
889 4875 1086 4939 sancti,
1117 4890 1354 4946 eumque
1382 4879 1598 4933 occulte
1650 4878 1735 4934 his
1763 4880 2052 4933 verborum
2079 4895 2196 4933 am-

618 4967 849 5037 bagibus
866 4968 1070 5030 moliri,
1091 4977 1150 5023 ut
1180 4979 1375 5039 prater
1399 4973 1561 5026 inane
1582 4988 1777 5027 nomen
1812 4973 1945 5027 nihil
1969 4974 2199 5028 subesse

614 5061 929 5124 credamus,
964 5076 1090 5116 vera
1122 5064 1444 5119 substantiae
1477 5074 1528 5119 et
1569 5067 1823 5121 essentia:
1855 5067 2074 5122 notione
2105 5082 2200 5136 per

621 5156 718 5207 has
742 5156 957 5210 sutelas
988 5165 1041 5209 et
1080 5153 1300 5210 fraudes
1345 5156 1627 5210 desuucta
1658 5177 1670 5211 :
1698 5157 1956 5228 quodque
1992 5158 2103 5211 haec.
2127 5160 2199 5211 ita

621 5261 742 5300 sese
768 5247 1033 5311 habeant,
1060 5249 1210 5301 nullo
1256 5250 1474 5318 negotio
1510 5250 1904 5318 deprehendet,
1957 5250 2047 5321 qui
2081 5252 2200 5304 ani-

625 5352 771 5390 mum
802 5339 865 5392 ad
896 5340 1208 5394 orationem
1250 5340 1422 5410 ipsius
1448 5342 1728 5411 paululum
1766 5344 2002 5413 adjicere
2036 5344 2199 5397 volet.

625 5429 742 5483 Non
787 5434 933 5485 enim
971 5435 1016 5487 is
1073 5436 1295 5489 credere
1338 5444 1516 5504 potest
1574 5452 1699 5491 vero
1742 5438 2046 5491 subsistere
2110 5452 2205 5504 per

633 5522 907 5591 propriam
937 5526 1319 5595 substantiam,
1341 5528 1535 5583 Filium
1561 5539 1615 5585 et
1634 5530 1895 5598 Spiritum
1926 5540 2201 5593 sanctum,

2252 1871 2313 1907 τε
2367 1853 2460 1906 καὶ
2503 1850 2635 1905 Υἱοῦ
2688 1850 2782 1902 καὶ
2839 1849 2994 1917 ἁγίου
3046 1845 3361 1916 Πνεύματος
3412 1841 3681 1896 ἐποιοῦντο
3714 1839 3795 1910 τὴν

2258 1948 2513 2017 μνήμην·
2548 1943 2707 2013 εἴπερ
2747 1942 2881 2005 ὅλως
2928 1939 3147 2002 εὐσεϐὲς
3195 1939 3227 2009 ἢ
3281 1936 3557 1990 ἀκίνδυνον
3585 1931 3647 2001 ἦν
3688 1932 3800 2003 πρὸς

2253 2038 2351 2110 τὴν
2377 2037 2669 2106 καινότητα
2689 2034 2892 2105 ταύτην
2926 2031 3350 2103 μεταχαράττειν
3382 2027 3449 2081 τά
3472 2028 3566 2089 τῆς
3600 2026 3801 2086 πίστεως

2260 2130 2501 2199 ῥήματα,
2530 2126 2563 2196 ἢ
2600 2125 2798 2187 πάντες
2830 2122 3062 2194 ἀμαθεῖς
3090 2117 3229 2193 ἦσαν
3257 2122 3473 2180 ἐκεῖνοι,
3509 2118 3599 2170 καὶ
3627 2115 3802 2181 ἀκατὴ-

2257 2237 2411 2291 χητοι
2439 2219 2547 2271 τῶν
2584 2216 2917 2288 μυστηρίων,
2948 2215 3041 2268 καὶ
3068 2213 3175 2266 τῶν
3215 2210 3530 2283 προσφυῶν,
3560 2208 3630 2272 ὥς
3666 2222 3803 2276 φησιν

2258 2305 2435 2376 οὗτος,
2464 2312 2746 2380 ὀνομάτων
2775 2310 3016 2379 ἀνήκοοι,
3047 2310 3093 2360 οί
3132 2309 3267 2378 μήτε
3309 2305 3530 2367 εἰδότες,
3570 2303 3694 2372 μήτε
3732 2298 3803 2351 θε-

2258 2405 2523 2476 λήσαντες
2554 2403 2659 2457 τῶν
2696 2400 3107 2472 παραδοθέντων
3146 2402 3274 2469 ἡμῖν
3313 2398 3399 2450 διὰ
3428 2396 3527 2465 τῆς
3551 2393 3687 2455 θείας
3709 2409 3802 2459 φω-

2260 2498 2355 2567 νῆς
2387 2495 2663 2566 ὀνομάτων
2694 2494 2791 2557 τὰς
2829 2493 2963 2557 ίδίας
3004 2492 3213 2554 ἐννοίας
3256 2487 3649 2561 προτιμοτέρας
3677 2483 3805 2553 ποιή-

2262 2589 2476 2640 σασθαι.

2345 2676 2505 2730 Ἀλλὰ
2533 2676 2694 2729 παντὶ
2744 2672 3007 2744 πρόδηλον
3046 2668 3196 2743 οἶμαι
3229 2688 3324 2741 την
3362 2670 3541 2759 alia»
3584 2662 3706 2719 εἶναι
3726 2663 3807 2732 τῆς

2262 2769 2467 2839 ταύτης
2494 2766 2931 2839 ὀνοματοποιίας,
2962 2765 3042 2818 ὅτι
3072 2765 3269 2826 πάντες
3299 2756 3575 2833 ἄνθρωποι
3628 2756 3811 2824 Πατρὸς

2265 2864 2360 2917 καὶ
2386 2860 2516 2916 Υἱοῦ
2544 2859 2915 2932 προσηγορίαν
2943 2856 3295 2919 ἀκούσαντες,
3325 2855 3488 2915 εὐθὺς
3519 2852 3612 2923 τὴν
3640 2847 3810 2902 οἰκείαν

2266 2957 2446 3011 αὐτῶν
2493 2957 2585 3009 καὶ
2632 2952 2865 3024 φυσικὴν
2904 2952 3040 3024 πρὸς
3084 2949 3289 3021 ἄλληλα
3326 2948 3512 3017 σχέσιν
3542 2947 3627 2998 ὑπ’
3661 2941 3811 2996 αὐτῶν

2269 3050 2377 3104 τῶν
2420 3048 2699 3117 ὀνομάτων
2748 3043 3188 3113 ὲπιγινώσκουσι.
3231 3041 3303 3093 Τὸ
3347 3040 3453 3110 γὰρ
3499 3038 3594 3108 τῆς
3632 3034 3812 3105 φύσεως

2278 3141 2537 3209 συγγενὲς
2584 3140 2647 3191 ὲκ
2696 3137 2805 3189 τῶν
2856 3134 3233 3207 προσηγοριῶν
3272 3131 3475 3185 τούτων
3531 3126 3813 3197 αὐτομάτως

2276 3232 2710 3303 διερμηνεύεται.
2748 3230 2865 3282 Ἵνα
2896 3224 2988 3282 οὖν
3038 3226 3113 3298 μὴ
3150 3224 3320 3278 ταῦτα
3354 3224 3541 3294 νοῆται
3589 3220 3704 3291 περ)⁵
3738 3214 3814 3268 τοῦ

2278 3326 2492 3397 Πατρὸς
2532 3326 2625 3378 καὶ
2659 3323 2751 3377 τοῦ
2801 3320 3121 3394 μονογενοῦς
3146 3317 3298 3383 Υίοῦ,
3332 3316 3421 3371 διὰ
3450 3316 3605 3368 τοῦτο
3630 3311 3817 3365 κλέπτει

2280 3416 2387 3468 τῶν
2437 3416 2741 3469 ἀκουόντων
2767 3414 2863 3483 τὴν
2902 3412 2990 3465 διὰ
3024 3412 3130 3464 τῶν
3174 3410 3450 3479 ὀνομάτων
3490 3401 3818 3459 συνεισιοῦσαν

2280 3508 2381 3579 τῆς
2409 3508 2736 3575 οἰκειότητος
2760 3505 2996 3574 ἔμφασιν
3014 3521 3025 3532 ·
3053 3504 3145 3556 καὶ
3169 3499 3483 3555 καταλιπὼν
3508 3498 3574 3551 τὰ
3602 3496 3820 3549 θεόπνευ-

2285 3616 2387 3653 στα
2429 3599 2669 3670 ῥήματα,
2711 3598 2799 3650 διὰ
2845 3595 2953 3648 τῶν
3002 3592 3396 3663 ὲπινοηθὲντων
3429 3593 3525 3644 ἐπὶ
3561 3588 3698 3660 λύμῃ
3744 3584 3820 3652 τῆς

2284 3692 2541 3764 ἀληθείας
2575 3693 2806 3744 ποιεῖται
2840 3690 2937 3759 τὴν
2967 3687 3059 3742 τοῦ
3081 3688 3346 3758 δόγματος
3379 3684 3609 3738 ἔκθεσιν.

2357 3869 2553 3931 Καλῶς
2603 3867 2659 3921 δὲ
2708 3864 2865 3919 τοῦτό
2917 3881 3121 3935 φησιν,
3163 3864 3234 3916 οὺ
3283 3859 3399 3914 τῶν
3449 3860 3699 3912 καθόλου
3737 3851 3825 3918 τῆς

2302 3961 2666 4029 Ἐκκλησίας
2690 3956 3016 4028 δογμάτων,
3039 3955 3197 4009 ἀλλὰ
3224 3952 3342 4006 τῶν
3372 3952 3500 4005 καθ’
3526 3945 3753 4010 ἑαυτοὺς
3770 3943 3825 3995 ἐν

2290 4055 2523 4118 τούτοις
2554 4047 3059 4120 συμπληροῦσθαι
3096 4045 3203 4098 τὸν
3230 4045 3433 4112 λόγον.
3457 4043 3608 4094 Ἔστι
3637 4039 3687 4092 δὲ
3718 4033 3826 4104 πρό·

2292 4163 2472 4218 χειρος
2504 4145 2600 4215 μὲν
2624 4143 2785 4196 παντὶ
2801 4141 2877 4212 τῷ
2900 4157 2961 4209 γε
2979 4139 3100 4193 νοῦν
3130 4137 3323 4208 ἔχοντι,
3358 4135 3454 4204 τῆς
3480 4131 3720 4190 ἀσεϐείας
3740 4124 3826 4224 τῦἑν

2293 4237 2595 4308 εἰρημένων
2626 4238 2658 4305 ἡ
2692 4233 3033 4303 κατανόησις.
3072 4230 3232 4283 Οὐδὲν
3261 4228 3317 4281 δὲ
3357 4227 3485 4290 ἴσως
3519 4224 3620 4278 ἀπὸ
3646 4234 3825 4288 καιρου.

2294 4332 2389 4385 καὶ
2415 4329 2532 4383 καθ’
2558 4328 2787 4381 ἕκαστον
2821 4324 3123 4390 διεξετὰσαι
3156 4322 3232 4392 τῷ
3262 4320 3404 4389 λόγῳ
3425 4335 3438 4347 ·
3465 4318 3518 4369 τί
3551 4312 3829 4386 βουλόμενος

2294 4424 2355 4478 τὸ
2386 4421 2658 4477 ἁνώτατόν
2686 4436 2745 4472 τε
2787 4418 2881 4471 καὶ
2913 4417 3241 4487 κυριώτατον
3287 4412 3423 4483 μόνῃ
3460 4400 3831 4479 προσμαρτυρεί

2296 4517 2389 4572 τοῦ
2426 4515 2636 4586 Πατρὸς
2663 4515 2728 4583 τῇ
2760 4511 2935 4581 οὐσίᾳ,
2974 4508 3095 4561 οὔτε
3123 4506 3215 4559 τοῦ
3259 4504 3411 4566 Υἱοῦ,
3444 4502 3563 4554 οὔτε
3586 4499 3671 4552 τοῦ
3704 4495 3829 4561 ἁγίου

2300 4608 2637 4678 Πνεύματος,
2682 4605 2794 4659 ἄνω
2830 4619 2889 4655 τε
2914 4601 3009 4654 καὶ
3037 4600 3234 4669 κυρίαν
3266 4595 3404 4651 εἶναι
3446 4590 3728 4665 συγχωρῶν
3753 4588 3831 4654 τὴν

2296 4702 2501 4756 οὐσίαν.
2536 4694 2701 4767 Οἶμαι
2736 4695 2845 4767 γὰρ
2898 4694 3070 4761 ἔγωγε
3120 4692 3347 4763 μελέτην
3376 4685 3513 4742 εἶναι
3543 4686 3730 4754 ταύτην
3754 4678 3833 4746 τῆς

2297 4789 2595 4853 παντελοῦς
2619 4790 2761 4842 κατὰ
2792 4788 2889 4859 τὴν
2912 4785 3097 4838 οὐσίαν
3126 4785 3404 4855 ἀρνήσεως
3423 4780 3516 4834 τοῦ
3537 4779 3832 4842 Μονογενους

2295 4886 2388 4939 καὶ
2416 4882 2508 4937 τοῦ
2537 4881 2872 4952 Πνεῦματος,
2900 4876 3170 4931 καὶτοῦτο
3202 4874 3501 4941 λεληθότως
3533 4859 3832 4952 κατασκευάσ

2298 4976 2484 5042 ζεσθαι
2514 4976 2601 5029 διὰ
2633 4951 2738 5043 τῆς
2768 4971 3021 5041 τοιαύτης
3052 4967 3415 5039 τεχνολογίας,
3447 4964 3507 5016 τὸ
3542 4961 3718 5033 μέχρις
3741 4951 3833 5005 δνό⁸

2301 5086 2465 5140 ματος
2495 5063 2632 5121 εἶναι
2662 5065 2833 5119 ταῦτα
2859 5064 3055 5123 δοκεῖν,
3094 5061 3190 5131 τὴν
3219 5059 3272 5111 δὲ
3313 5056 3485 5128 ἁληθῆ
3518 5055 3611 5124 τῆς
3636 5052 3836 5103 exemp

2300 5180 2434 5225 σεως
2463 5160 2641 5213 αὐτῶν
2665 5157 2953 5229 ὁμολογίαν
2992 5156 3079 5207 διὰ
3116 5154 3213 5223 τῆς
3251 5150 3503 5219 τοιαύτης
3532 5152 3836 5204 κατασκευης

2303 5254 2638 5308 ἀθετεῖσθαι*
2682 5253 2773 5305 καὶ
2823 5252 2903 5304 ὅτι
2946 5247 3117 5301 ταῦτα
3160 5245 3345 5298 τοῦτον
3380 5242 3492 5312 ἔχει
3522 5238 3609 5291 τὸν
3650 5234 3836 5302 τρόπον.

2305 5346 2554 5416 Χαλεπῶς
2594 5346 2659 5397 ἄν
2688 5362 2771 5407 τις
2817 5342 3165 5411 κατανοήσειε
3216 5336 3408 5407 μικρὸν
3451 5320 3838 5416 προσδιατρῖιξχῗ

2304 5437 2382 5507 τῷ
2410 5437 2570 5507 λόγῳ.
2603 5437 2714 5490 Οὐκ
2741 5435 2854 5488 ἔστι
2883 5432 2975 5486 τοῦ
3010 5431 3317 5502 νομίζοντος
3350 5423 3557 5496 ἀληθῶς
3590 5416 3713 5472 εἶναι
3744 5425 3824 5507 κλῖ

2310 5500 2446 5583 ἰδίαν
2482 5500 2793 5583 ῦπόστασιν
2843 5528 2933 5581 τὸν
2978 5500 3256 5594 Μονογενῆ
3302 5520 3395 5575 καὶ
3438 5517 3497 5571 τὸ
3548 5510 3751 5579 Πνεῦμα
3793 5500 3839 5551 τὸ

2223 4470 2268 4526 D

702 5710 779 5784 (α)
814 5711 1023 5767 Similia
1058 5714 1113 5767 ὃ.
1139 5714 1374 5772 Basilius
1400 5717 1431 5769 Ι.
1471 5734 1517 5771 tv
1544 5726 1731 5773 contra
1754 5718 2098 5780 Eunomiutn,
2128 5716 2314 5773 statim
2336 5717 2438 5771 sub
2468 5714 2701 5767 initium.
