3920 6476
515 259 622 320 503

1751 268 1806 323 S.
1832 268 2160 324 GREGORII
2194 269 2484 326 NYSSENI
3639 278 3725 332 δεδι

518 382 586 432 At
618 380 670 431 iu
720 376 928 431 infinita
975 385 1028 429 et
1076 369 1417 429 interminata
1455 378 1611 445 copia
1652 385 1705 429 et
1750 378 2085 433 abundantia

2207 382 2313 443 Diae;
2344 380 2631 450 διασωθείη
2678 381 2855 449 λόγος,
2888 383 2937 435 εί
2980 382 3041 434 τδ
3070 382 3230 436 πλέον
3259 401 3317 436 τε
3346 385 3437 438 καὶ
3466 384 3662 442 ἔλαττον
3687 394 3731 443 ἐν

516 471 789 525 defectum
826 478 880 523 et
909 468 1350 523 imminutionem
1408 470 1593 523 animo
1639 471 1950 539 concipere,
1996 485 2090 523 ex-

516 570 705 620 tremae
730 564 1057 634 insipientia
1088 570 1469 632 argumentum
1489 571 1593 616 est.
1622 563 1907 627 Quomodo
1944 563 2091 617 enim

516 657 658 712 ratio
686 666 740 711 et
768 656 919 711 nmio
955 655 1240 709 inﬁnitatis
1271 654 1552 717 subsistet,
1582 656 1627 708 si
1657 654 1783 724 quis
1826 655 1878 707 in
1922 668 1978 709 re
2010 654 2091 707 in-

516 752 813 805 tentionem
842 748 895 804 el
927 749 1305 803 remissionem
1337 747 1581 801 statuat?
1614 745 1691 799 Ex
1726 746 1913 798 ﬁniunt
1947 746 2091 799 enim

520 850 703 894 mutua
732 840 886 909 juxta
913 855 972 895 se
995 840 1342 910 oppositione
1374 839 1654 893 excelsum
1680 838 2092 909 cognoscimus.

520 930 619 985 Ubi
653 946 782 986 vero
800 932 925 985 tiuis
956 933 1136 985 omnis
1168 932 1343 993 abest,
1380 942 1617 1000 quanam
1662 931 1877 984 ratione
1905 945 2095 985 exces-

518 1042 613 1080 sus
641 1027 896 1095 cognosci
920 1024 1142 1094 potest?
1190 1025 1270 1077 An
1326 1023 1577 1077 fortassis
1629 1021 1932 1077 EtlﬂOﬂliUS
1987 1022 2095 1078 huc

518 1133 627 1171 non
652 1117 987 1180 collineavit,
1016 1116 1109 1171 sed
1139 1117 1319 1185 potius
1369 1115 1703 1184 temporaria
1732 1115 1968 1184 quodam
1996 1131 2093 1169 cx-

518 1222 675 1262 i-cssu
709 1207 1039 1276 cogitatione
1068 1200 1374 1267 eli‘ormato,
1433 1206 1738 1259 secundum
1770 1206 2092 1274 prmrogati-

519 1312 636 1351 vam
659 1299 890 1369 originis
916 1307 970 1352 et
1014 1298 1363 1367 antiquitatis
1403 1296 1785 1351 excellentiam
1818 1296 2093 1363 intelligit,

2197 474 2345 543 αὐτῷ
2376 472 2778 543 δογματίζοιτος
2819 477 2911 529 Ἐκ
2943 476 3050 546 γὰρ
3082 477 3176 546 τῆς
3220 476 3324 528 τῶν
3357 478 3592 548 περάτων
3621 484 3733 553 πρὸς

2197 563 2400 633 ἄλληλα
2428 563 2801 634 παραθέσεως,
2824 568 2887 619 τὸ
2916 566 3074 620 πλέον
3108 566 3555 639 διαγινώσκομεν·
3584 566 3736 639 ἐφ’ὧν

2196 655 2253 707 δὲ
2282 655 2455 726 πέρας
2486 656 2584 708 οὐκ
2624 655 2889 721 ἔστη-πῶς
2928 659 2994 712 ἄν
3018 671 3101 722 τις
3132 659 3381 730 δυνηθείη
3414 659 3473 713 τὸ
3515 664 3737 732 περισσὸν

2200 748 2447 817 ἐννοῆσαι
2473 767 2486 815 ;
2516 749 2585 802 Ἢ
2616 750 2737 820 οὐχ)⁵
2768 750 2942 815 τοῦτο,
2974 753 3229 823 χρονικὴν
3251 752 3304 805 δέ
3333 771 3453 806 τινα
3490 753 3577 825 τὴν
3600 756 3737 825 ὑπερ-

2196 841 2327 911 οχὴν
2360 842 2577 906 ἐννοῶν,
2610 845 2751 896 κατὰ
2791 842 2859 896 τὰ
2898 844 3161 916 πρεσϐεῖα
3192 846 3287 915 τῆς
3329 842 3665 916 ἀρχαιότητος
3690 846 3739 899 τὺ

2198 935 2356 989 πλέον
2390 936 2563 1006 νέμει,
2618 936 2711 989 καὶ
2738 936 2825 989 διὰ
2854 932 3011 989 τοῦτο
3041 937 3139 1006 τὴν
3192 938 3283 990 τοῦ
3326 938 3535 1009 Πατρδς
3579 939 3739 992 οὐσίαν

2201 1026 2366 1097 μόνην
2389 1028 2649 1081 ἀνωτάτω
2677 1029 2867 1099 φησίνς
2903 1029 3108 1082 Οὐκοῦν
3138 1030 3343 1084 εἰπάτω
3362 1030 3468 1082 τίνι
3490 1029 3577 1083 τοῦ
3606 1030 3740 1083 πλέον

2198 1120 2295 1189 τῆς
2322 1120 2415 1172 τοῦ
2441 1120 2655 1191 Πατρδς
2681 1122 2825 1190 ζωῆς
2854 1120 3196 1192 διεμέτρησε,
3233 1121 3457 1191 μηδενὸς
3480 1119 3742 1191 διαστήμα-

2198 1220 2289 1271 τος
2338 1210 2589 1279 χρονικοῦ
2636 1211 3123 1281 προεπινοουμένσυ
3168 1211 3268 1282 τῆς
3309 1211 3402 1264 τοῦ
3443 1210 3743 1279 Μονογενοῦς

2203 1300 2571 1365 ὑποστάσεως.

517 1392 585 1442 ob
619 1406 848 1459 eamque
900 1390 1074 1443 Patris
1148 1391 1517 1444 substantiam
1568 1390 1739 1444 solam
1814 1390 2059 1442 omnium
2128 1406 2441 1462 supremam
2505 1398 2705 1450 vocat?
2767 1397 2913 1451 dicat
2953 1412 3105 1466 ergo.
3159 1397 3246 1452 cui
3292 1412 3574 1452 excessum
3619 1396 3745 1450 illum

516 1481 793 1548 vitm,qua
849 1478 1010 1533 Pater
1042 1480 1191 1541 vicit,
1239 1481 1522 1540 attribuat,
1557 1486 1679 1533 cum
1714 1479 1926 1533 nullum
1990 1482 2253 1549 temporis
2321 1486 2559 1555 spatium
2614 1488 2756 1543 inter
2817 1488 3033 1542 Patrem
3082 1498 3136 1543 et
3177 1487 3517 1558 unigenitum
3583 1485 3745 1541 Filium

518 1575 858 1643 interjcctum
896 1575 1080 1629 animo
1118 1584 1265 1629 recte
1295 1575 1511 1646 concipi
1544 1576 1743 1645 queat?

586 1711 873 1768 Faciamus
917 1723 1097 1769 tamen
1133 1722 1351 1785 tempus
1393 1716 1753 1783 intercedere,
1794 1719 2093 1787 quomodo,

2270 1717 2462 1770 Καίτοι
2497 1718 2545 1770 εἰ
2585 1717 2678 1770 καὶ
2704 1716 2860 1770 τοῦτο
2886 1712 2952 1787 ἦν
2992 1716 3251 1787 (εἰρήσθω
3284 1717 3391 1787 γὰρ
3417 1717 3540 1771 καθ’
3579 1716 3749 1771 ὑπόθε-

516 1824 738 1875 quassn,
774 1811 896 1876 plus
955 1808 1022 1862 de
1079 1809 1292 1863 ratione
1343 1809 1664 1865 substantia:
1725 1810 2100 1880 participaret,

518 1901 669 1968 prior
704 1899 795 1953 illa
821 1900 1126 1955 secundum
1172 1900 1523 1955 durationem
1573 1902 1901 1964 substantia,
1936 1916 2099 1971 quam

519 1990 811 2059 posterior,
849 1990 916 2044 de
944 1991 1083 2059 ipsa.
1113 1990 1361 2060 inquam,
1400 1995 1612 2047 ratione
1638 2002 1691 2047 et
1729 1992 1951 2046 notione
1965 1992 2099 2047 sub-

518 2081 753 2142 stantiae,
806 2088 862 2133 ut
905 2096 1171 2148 suprema,
1212 2089 1267 2136 et
1304 2098 1424 2151 qua:
1472 2084 1680 2151 proprie
1711 2085 1801 2146 sit,
1836 2084 2100 2153 appellari

520 2182 843 2237 mereretur,
878 2173 967 2226 illa
1001 2188 1132 2227 vero
1172 2189 1519 2244 nequaquam
1552 2176 1575 2229 ‘I
1606 2174 1763 2230 Prior
1830 2177 1977 2230 enim
2015 2191 2101 2230 re-

519 2270 709 2331 spectu
736 2264 1060 2333 posterioris
1082 2306 1100 2329 ,
1155 2265 1523 2321 diuturnioris
1556 2266 1775 2336 quidem
1829 2267 2097 2336 temporis

522 2354 795 2422 particeps
849 2362 953 2419 est,
1010 2363 1063 2407 at
1125 2354 1193 2410 de
1243 2355 1567 2410 substantia:
1617 2357 1871 2415 ratione.
1924 2371 2102 2424 neque

528 2447 693 2515 plus,
745 2461 919 2515 neque
983 2447 1187 2513 minus,
1243 2464 1405 2517 quam
1467 2449 1741 2517 posterior
1784 2449 2095 2519 participat.

518 2538 731 2592 Clarior
816 2554 903 2594 res
967 2547 1079 2593 tota
1162 2541 1428 2610 exemplis
1520 2539 1732 2596 evadet.
1798 2540 1942 2607 Quid
1996 2542 2100 2594 mi-

520 2644 624 2681 nus
666 2628 856 2683 habuit
886 2646 1050 2699 quam
1099 2631 1394 2692 Abraham,
1452 2632 1596 2702 quod
1654 2632 1721 2686 ad
1779 2633 2101 2689 substantia:

522 2721 783 2774 rationem
825 2722 1045 2783 attinet,
1085 2724 1277 2777 beatus
1326 2723 1517 2789 David,
1554 2724 1974 2792 quatuordecim
2003 2740 2094 2794 ge-

524 2812 901 2866 nerationibus
942 2813 1034 2867 illo
1063 2814 1243 2869 minor
1284 2815 1367 2867 '3?
1404 2816 1485 2868 An
1534 2816 1680 2885 quod
1726 2824 1972 2885 tem-pore
2004 2830 2099 2885 po-

521 2904 720 2957 sterior
756 2913 921 2959 natus
952 2905 1123 2968 sit,ob
1141 2906 1193 2960 id
1220 2906 1458 2960 humana
1489 2915 1686 2961 natura
1720 2908 1773 2960 in
1808 2921 1874 2962 eo
1890 2914 2098 2961 mutata

519 3007 621 3055 cst,
657 2997 908 3053 minusve
956 2997 1119 3052 homo
1147 2999 1251 3051 fuit
1279 2997 1301 3050 ?
1332 2998 1466 3064 Quis
1501 3006 1613 3052 tam
1658 2998 1841 3053 fatuus
1870 3006 1977 3065 est,
2004 2998 2096 3067 qui

2207 1826 2289 1862 σιν
2312 1809 2466 1879 τέως)
2513 1811 2544 1879 ἡ
2570 1808 2646 1879 τῷ
2670 1807 2844 1879 χρόνῳ
2869 1810 3184 1878 προήκουσα
3200 1809 3298 1877 τῆς
3321 1810 3751 1879 μεταγενεστέραις

2204 1901 2407 1967 οὐσίας,
2439 1900 2492 1955 τί
2522 1901 2718 1971 μᾶλλον
2755 1901 2865 1972 ἔχει
2892 1900 2952 1954 τὸ
2989 1897 3147 1964 εἶναι,
3180 1902 3300 1954 κατ’
3336 1900 3501 1955 αὐτὸν
3524 1902 3655 1969 λέγω
3678 1901 3752 1953 τὸν

2202 1993 2296 2047 τοῦ
2331 1989 2471 2046 εἶναι
2502 1994 2657 2061 λόγον
2678 2034 2692 2057 ,
2723 1993 2860 2046 ὥστε
2893 1994 2989 2062 τὴν
3030 1994 3126 2062 μὲν
3164 1994 3423 2046 ἀνωτάτω
3458 1994 3553 2045 καὶ
3585 1993 3750 2062 κυρίαν

2202 2086 2402 2155 λέγειν,
2433 2086 2530 2156 τὴν
2563 2086 2617 2138 δὲ
2659 2086 2732 2157 μὴ
2754 2085 2922 2149 οὕτως
2948 2084 3126 2153 ἔχεινς
3158 2086 3265 2137 Τοῦ
3292 2086 3401 2157 γὰρ
3428 2085 3754 2157 προγενεστέ-

2204 2196 2299 2249 ρου
2334 2178 2466 2249 πρὸς
2501 2178 2559 2231 τὸ
2584 2178 2864 2249 νεώτερον,
2892 2180 2918 2230 ό
2954 2177 3050 2247 μὲν
3080 2177 3272 2248 χρόνος
3296 2178 3391 2247 τῆς
3414 2178 3559 2248 ζωῆς
3581 2177 3753 2230 πλειων

2202 2270 2348 2323 ἐστίν
2370 2286 2382 2298 ’
2422 2270 2454 2340 ἡ
2479 2270 2535 2323 δὲ
2564 2270 2720 2323 οὐσία
2746 2269 2896 2339 παρὰ
2922 2268 3099 2333 τοῦτο,
3135 2269 3254 2321 οὐδὲ
3283 2268 3445 2321 πλέον
3474 2270 3534 2322 τὸ
3564 2269 3754 2322 ἔλαττον

2201 2360 2332 2430 ἔχει.
2362 2359 2698 2429 Σαφέστερον
2725 2358 2780 2411 δὲ
2821 2357 2977 2410 τοῦτο
3007 2358 3099 2411 καὶ
3135 2351 3200 2409 δι’
3247 2356 3651 2426 ὑποδειγμάτων
3676 2374 3754 2424 γε-

2202 2452 2422 2521 νήσεται
2446 2468 2458 2480 ο
2494 2451 2545 2502 τί
2574 2451 2789 2503 ἔλαττον
2828 2443 2940 2518 εἶχε
2971 2448 3064 2501 τοῦ
3110 2447 3361 2519 Ἀϐραὰμ
3392 2448 3535 2501 κατὰ
3563 2448 3645 2500 τὸν
3672 2449 3755 2517 τῆς

2201 2539 2388 2603 οὐσίας
2430 2540 2605 2609 λόγον,
2640 2542 2667 2591 ὁ
2706 2540 2841 2609 μετὰ
2887 2538 3290 2611 δεκατέσσαρας
3334 2539 3527 2608 γενεὰς
3573 2539 3757 2592 ἀναδει-

2201 2630 2350 2701 χθεὶς
2383 2632 2577 2695 Δαϐίδ;
2603 2627 2749 2703 *Ᾱρά
2784 2649 2838 2684 τι
2870 2631 3199 2702 μετεποιήθη
3237 2634 3336 2702 τῆς
3365 2631 3757 2703 ἀνθρωπότητος

2201 2725 2293 2777 ἐπὶ
2324 2722 2546 2788 τούτους
2584 2725 2689 2777 Καὶ
2738 2718 2897 2795 ἦττον
2940 2724 3223 2795 ἄνθρωπος
3249 2719 3337 2794 ἦν,
3372 2724 3454 2777 ὅτι
3496 2724 3569 2795 τῷ
3605 2724 3759 2795 χρόνῳ

2207 2818 2662 2889 μεταγενέστερος
2688 2836 2701 2883 ;
2753 2818 2860 2871 Καὶ
2887 2818 2970 2881 τίς
3007 2814 3179 2879 οὓτως
3207 2817 3412 2887 ἠλίθιος
3441 2817 3581 2871 ὥστε
3623 2816 3760 2869 τοῦτο

2202 2910 2413 2974 είπείν;
2462 2907 2556 2972 Εἷς
2605 2910 2711 2980 γὰρ
2746 2912 2830 2978 ἐφ’
2860 2910 3139 2981 ἑκατέρων
3168 2911 3266 2981 τῆς
3295 2910 3485 2972 οὐσίας
3536 2913 3562 2963 ό
3602 2908 3759 2976 λόγος,

2201 3001 2353 3053 οὐδὲν
2390 3004 2456 3071 τῇ
2496 3001 2713 3071 παρόδῳ
2745 3000 2839 3054 τοῦ
2891 3002 3083 3071 χρόνον
3121 3002 3627 3071 συναλλοιούμενυςο
3668 3000 3760 3053 οὐδ’

522 3091 625 3144 hoc
648 3091 894 3146 asserat?
923 3091 1124 3146 Eadem
1152 3092 1296 3146 enim
1327 3100 1379 3145 et
1430 3092 1485 3146 in
1537 3091 1641 3146 hoc
1668 3101 1717 3145 et
1748 3092 1800 3145 in
1832 3092 1924 3145 illo
1975 3092 2098 3147 sub-

2207 3090 2266 3143 ἄν
2291 3109 2373 3154 τις
2577 3064 2811 3160 τὸν-μὲν
2849 3064 3049 3162 μάλλον
3093 3090 3379 3162 ἄνθρωπον
3410 3064 3570 3154 είναι,
3601 3086 3679 3141 διὰ
3712 3089 3762 3140 τὸ

520 3184 735 3237 stantize
763 3185 904 3237 ratio
952 3192 1057 3245 est,
1101 3183 1363 3253 temporis
1391 3198 1653 3253 processu
1696 3183 1834 3237 nihil
1882 3184 2100 3253 penitus

520 3274 753 3329 variata.
780 3274 967 3343 Neque
1000 3275 1143 3328 ullus
1198 3275 1397 3329 dixerit
1445 3274 1598 3329 illum
1649 3276 1823 3345 magis
1851 3291 1974 3330 esse
2005 3276 2101 3329 ho-

524 3366 749 3428 minem,
781 3365 927 3435 quod
946 3373 1191 3435 tempore
1231 3367 1619 3433 antecesserit;
1652 3366 1799 3421 hunc
1830 3383 1960 3421 vero
2002 3368 2100 3421 mi-

524 3471 627 3509 nus
674 3465 887 3510 natura:
922 3457 1171 3510 humanae
1215 3458 1538 3527 participem
1584 3474 1708 3514 esse
1741 3498 1755 3522 ,
1790 3460 1933 3529 quod
1978 3469 2103 3528 post

523 3547 660 3601 alios
680 3548 731 3600 in
756 3548 896 3601 hanc
931 3551 1051 3602 vita:
1098 3565 1320 3603 scenam
1363 3550 1647 3619 ingressus
1680 3552 1776 3606 sit:
1824 3550 1981 3621 quasi
2017 3549 2102 3605 vel

524 3646 845 3707 consumpta
876 3638 987 3707 jam
1013 3647 1208 3692 natura
1244 3639 1296 3693 in
1322 3639 1409 3704 iis,
1450 3625 1996 3709 quianti-cesserant,
2016 3641 2103 3696 vel

526 3730 683 3796 quasi
717 3736 931 3800 tempus
965 3732 1019 3785 in
1055 3731 1120 3785 iis
1154 3748 1369 3786 omnem
1409 3748 1563 3787 suam
1627 3734 1734 3788 vim
1784 3742 1837 3789 et
1868 3734 2100 3789 faculta-

525 3830 634 3877 tem
682 3823 1061 3894 insumpserit.
1106 3823 1436 3892 Neutiquam
1481 3825 1626 3880 enim
1665 3842 1833 3897 penes
1888 3835 2104 3897 tempus

525 3922 610 3970 est
636 3916 883 3983 cujusvis
925 3926 1177 3971 naturam
1238 3919 1385 3972 velut
1440 3918 1759 3973 demensam
1811 3918 1963 3983 dare,
2007 3919 2103 3974 sed

523 4010 642 4065 iosa
677 4009 731 4063 in
790 4010 968 4079 seipsa
1008 4009 1197 4065 eadem
1246 4021 1447 4076 manet,
1491 4011 1546 4065 in
1610 4010 1842 4080 posteris
1887 4026 2105 4081 quoque

520 4101 761 4171 seipsam
794 4118 1154 4157 conservans.
1183 4104 1251 4157 At
1286 4114 1502 4174 tempus
1534 4104 1775 4157 volvitur
1812 4119 1964 4158 more
1999 4104 2103 4158 sibi

526 4193 712 4259 insito,
746 4203 1109 4264 naturamque
1143 4193 1327 4255 ﬁxam,
1362 4202 1416 4247 et
1447 4193 1847 4248 immutabilem
1881 4201 1935 4247 et
1963 4194 2104 4246 intra

530 4286 782 4354 proprios
845 4285 1109 4341 terminos
1165 4294 1530 4349 constantem,
1566 4286 1683 4341 sive
1721 4285 2102 4355 praetergredi—

527 4388 637 4439 tur.
665 4378 781 4433 sive
826 4379 1252 4447 Prieterlabitur.
1282 4380 1649 4445 Quamobrem
1686 4394 1864 4448 neque
1896 4378 1940 4431 si
1971 4386 2106 4431 tem-

532 4484 660 4537 pore
687 4476 742 4525 et
785 4470 1071 4526 duratione
1116 4472 1267 4540 prior
1325 4480 1470 4527 esset
1510 4470 1690 4537 Pater,
1744 4478 1802 4524 ut
1857 4472 1910 4524 in
1946 4470 2107 4541 hypo-

530 4562 671 4616 thesi
731 4571 921 4616 nostra
970 4563 1281 4632 posuimus,
1319 4564 1388 4618 ob
1439 4564 1490 4617 id
1549 4563 1766 4633 proprie
1817 4563 1918 4619 soli
1959 4562 2107 4617 Patri

530 4652 871 4724 principatus
900 4664 953 4709 et
988 4657 1277 4711 summitas
1338 4657 1657 4711 substantiae
1698 4656 1896 4711 ascribi
1941 4656 2106 4710 debe-

532 4755 642 4810 ret;
670 4762 792 4800 cum
822 4763 950 4803 vero
976 4748 1123 4802 nulla
1161 4750 1232 4803 sit
1254 4749 1432 4818 quoad
1478 4747 1738 4817 temporis
1768 4746 2109 4800 durationem

530 4838 840 4903 diversitas,
881 4856 986 4910 qua
1018 4841 1235 4897 tandem
1291 4842 1499 4896 ratione
1538 4841 1591 4895 in
1628 4840 1740 4904 illa,
1772 4854 1893 4909 qua:
1919 4839 2114 4893 saecula

2203 3184 2465 3254 προήκειν
2509 3181 2587 3254 τῷ
2638 3183 2850 3253 χρόνῳο
2902 3182 2991 3236 τὸν
3020 3182 3075 3236 δὲ
3126 3182 3344 3235 ἔλαττον
3395 3182 3638 3253 μετέχειν
3681 3182 3763 3249 τῆς

2203 3252 2438 3343 φύσεως,
2462 3252 2690 3344 ὅτι’μεθ⁴
2718 3273 2937 3345 ἐτέρους
2964 3276 3029 3344 τῇ
3057 3272 3167 3343 ζωῇ
3196 3252 3562 3342 ἐπεδήμησενέ
3598 3271 3729 3324 ὥσπε
3738 3287 3765 3341 ρ

2202 3367 2235 3437 ἢ
2272 3364 2749 3437 προαναλωθείσης
2779 3368 2876 3436 τῆς
2904 3364 3117 3433 φύσεως
3163 3366 3221 3417 ὲν
3248 3367 3360 3427 τοῖς
3402 3363 3764 3435 προλαϐοῦσιν,

2203 3460 2235 3529 ἢ
2262 3460 2354 3513 τοῦ
2385 3460 2577 3531 χρόνου
2599 3459 2693 3529 τὴν
2718 3457 2944 3527 δύναμιν
2976 3461 3031 3511 ὲν
3056 3460 3167 3520 τοῖς
3199 3458 3552 3528 παρῳχηκόσι
3588 3455 3766 3526 προδα-

2205 3552 2568 3622 πανήσαντος.
2595 3548 2729 3603 Οὐτε
2758 3550 2864 3620 γὰρ
2906 3550 2997 3601 ἐπὶ
3030 3548 3106 3620 τῷ
3138 3549 3313 3620 χρόνῳ
3344 3549 3491 3601 ἔστιν
3518 3546 3769 3618 ἀφορίζειν

2206 3642 2419 3712 ἑκάστῳ
2445 3643 2512 3696 τὰ
2548 3642 2717 3711 μέτρα
2748 3641 2846 3709 τῆς
2900 3640 3133 3710 φύσεως,
3172 3640 3309 3693 ἀλλὰ
3355 3640 3496 3711 αὐτὴ
3560 3639 3653 3710 μὲν
3696 3636 3771 3705 ἐφ’

2206 3733 2405 3803 ἑαυτῆς
2466 3733 2613 3803 μένει
2662 3732 2749 3785 διὰ
2797 3732 2907 3785 τῶν
2936 3731 3330 3803 ἐπιγινομένων
3362 3732 3561 3803 ἑαυτὴν
3594 3745 3771 3797 συντη-

2211 3823 2375 3893 ροῦσα
2404 3840 2416 3851 ·
2457 3824 2484 3874 ό
2516 3822 2572 3874 δὲ
2612 3823 2801 3894 χρόνος
2844 3824 3063 3892 φέρεται
3109 3823 3248 3877 κατὰ
3272 3824 3361 3877 τὸν
3392 3823 3523 3877 ῐδιον
3572 3820 3772 3892 τρόπον,

2207 3916 2315 3968 εἴτε
2360 3914 2650 3986 περιέχων,
2704 3914 2812 3966 εἴτε
2849 3914 3177 3985 παραρρέων
3209 3912 3305 3985 τὴν
3355 3914 3540 3982 φύσιν,
3592 3912 3774 3979 παγίαν

2207 4008 2301 4061 καὶ
2332 4006 2666 4078 ἀμετάθετον
2692 4009 2747 4058 ἐν
2774 4008 2884 4068 τοῖς
2913 4005 3061 4068 ἰδίοις
3090 4005 3354 4074 μένουσαν
3379 4005 3552 4074 ὅροις.
3585 4000 3775 4057 Οὐκοῦν

2206 4100 2326 4154 οὐδὲ
2354 4102 2401 4152 εί
2428 4098 2504 4169 τῷ
2539 4099 2714 4171 χρόνῳ
2751 4097 2929 4166 δοθείη
2954 4097 3013 4150 τὸ
3055 4098 3213 4152 πλέον
3249 4098 3410 4167 ἔχειν,
3445 4096 3627 4159 καθὼς
3646 4097 3671 4148 ό
3699 4094 3775 4146 λό-

2207 4209 2301 4261 γος
2335 4191 2583 4254 ὑπέθετο,
2635 4190 2837 4260 κυρίως
2864 4189 2942 4259 τῷ
2987 4184 3163 4261 Πατρὶ
3213 4190 3358 4258 μόνῳ
3404 4189 3465 4240 τὸ
3522 4186 3778 4241 ἀνώτατον

2206 4282 2306 4349 τῆς
2335 4282 2519 4345 οὐσίας
2576 4282 3134 4351 προσμαρτυρήσουσι
3164 4296 3175 4309 ·
3230 4278 3501 4349 μηδεμιᾶς
3533 4279 3589 4331 δὲ
3630 4276 3779 4343 οὔσης

2210 4376 2308 4445 τῆς
2340 4375 2478 4428 κατὰ
2508 4374 2573 4427 τὰ
2615 4373 2879 4443 πρεσϐεῖα
2913 4370 3005 4425 τοῦ
3040 4372 3229 4443 χρόνου
3267 4372 3551 4441 διαφορᾶς,
3592 4366 3703 4430 πῶς
3724 4366 3779 4418 ἄν

2211 4485 2294 4531 τις
2318 4468 2410 4520 ἐπὶ
2432 4467 2530 4536 τῆς
2552 4465 2872 4537 προαιωνίου
2896 4464 3110 4535 φύσεως
3134 4464 3194 4517 τὸ
3213 4464 3449 4517 τοιοῦτον
3471 4464 3781 4531 ἐπινοήσειες

2216 4561 2422 4623 Παντὸς
2463 4560 2569 4631 γὰρ
2610 4560 2975 4629 διαστήματος
3008 4557 3340 4630 μετρητικοῦ
3398 4557 3473 4627 τῷ
3526 4557 3674 4609 κάτω
3699 4553 3785 4620 τῆς

2217 4652 2366 4714 θείας
2402 4652 2617 4719 φύσεως
2655 4651 3064 4721 εὑρισκομένου,
3096 4650 3180 4714 τίς
3216 4650 3603 4704 καταλείπεται
3647 4648 3788 4716 λόγος

2216 4747 2328 4806 τοῖς
2364 4744 2696 4815 ἐπιχειροῦσι
2732 4743 2828 4815 τὴν
2873 4742 3167 4815 πρόχρονόν
3196 4761 3255 4796 τε
3287 4744 3381 4796 καὶ
3420 4742 3788 4810 ἀκατάληπτον

2223 4837 2407 4889 οὐσίαν
2454 4837 2517 4907 τῇ
2550 4836 2684 4906 πρὸς
2712 4836 2772 4888 τὸ
2797 4836 2909 4888 ἄνω
2937 4836 3027 4888 καί⁵
3048 4836 3196 4889 κάτω
3216 4836 3445 4906 διαφορᾷ
3469 4832 3788 4904 διασχίζεινς

532 4934 827 4989 antecessit
882 4944 1097 4997 natura,
1142 4936 1249 4991 tale
1304 4936 1432 5006 quid
1485 4933 1825 4990 comminisci
1875 4934 1998 5002 quis
2047 4932 2286 4988 audeat:
2329 4948 2453 4985 cum
2530 4934 2671 4986 enim
2754 4946 2914 4985 omne
2980 4931 3327 4984 intervallum
3382 4929 3589 4999 aliquid
3628 4927 3790 4982 dune.

535 5023 625 5077 tiri
658 5024 903 5090 solitum,
933 5025 1076 5081 infra
1122 5028 1268 5082 illam
1326 5028 1566 5083 divinam
1604 5038 1854 5083 naturam
1902 5029 2228 5099 reperiatur,
2276 5027 2428 5098 quid,
2462 5043 2579 5092 oro,
2616 5027 2795 5097 etiugii
2867 5025 3193 5095 relinquitur
3233 5026 3364 5088 illis,
3436 5026 3533 5092 qui
3602 5037 3793 5077 conan-

532 5125 621 5170 tur
648 5121 1009 5180 substantiam
1046 5123 1217 5191 illam,
1260 5133 1473 5195 tempus
1504 5141 1665 5181 omne
1703 5133 2104 5197 antegressam,
2128 5133 2182 5181 et
2207 5126 2393 5180 animo
2432 5124 2941 5194 incomprehensam
2972 5122 3156 5192 superi
3213 5129 3267 5175 et
3318 5119 3477 5175 inferi
3520 5115 3794 5189 positioni-

532 5214 633 5269 bus
666 5214 1048 5271 discrimiuare
1071 5218 1092 5271 ?

602 5307 673 5363 At
734 5311 1078 5379 perspicuum
1143 5320 1262 5372 est,
1319 5321 1370 5365 et
1427 5312 1544 5366 sine
1594 5313 1703 5367 ulla
1736 5314 2113 5379 dubitatione,

538 5400 642 5452 hoc
678 5401 823 5469 quod
847 5402 952 5457 iste
971 5406 1190 5465 asserit,
1228 5404 1360 5457 nihil
1393 5404 1542 5459 aliud
1573 5420 1715 5471 esse,
1739 5421 1903 5474 quam
1931 5416 2117 5477 patro-

535 5490 739 5543 cinium
776 5489 1016 5548 Iudaicae
1056 5496 1374 5566 impietatis,
1412 5497 1504 5565 qui
1559 5497 1732 5553 solam
1765 5497 1944 5555 Patris
1987 5499 2118 5554 sub-

2311 5308 2448 5363 Ἀλλ’
2488 5306 2743 5377 οὐδεμίαν
2777 5303 3106 5374 ἀμφιϐολίαν
3147 5304 3171 5355 ό
3206 5302 3361 5370 λόγος
3389 5301 3523 5371 ἔχει,
3559 5301 3641 5353 ὅτι
3681 5316 3795 5351 συν-

2225 5404 2421 5477 ηγορία
2450 5401 2542 5454 τοῦ
2570 5397 2858 5452 Ἰουδαῖκοῦ
2899 5397 3163 5467 δόγματός
3190 5398 3326 5455 ἐστι,
3344 5394 3404 5447 τὸ
3432 5392 3582 5463 παρὰ
3607 5391 3799 5445 τούτων

2224 5493 2704 5566 δογματιζόμενον,
2757 5489 2927 5561 μόνην
2972 5488 3270 5556 ὑφεστάναι
3313 5486 3406 5540 τοῦ
3446 5484 3663 5555 Πατρδς
3711 5482 3797 5551 τὴν

614 5746 659 5778 τ’
685 5744 872 5800 Matth.
905 5764 939 5802 ι.
962 5750 1078 5803 9-6.
