3920 6476
206 397 296 452 505

1330 420 1609 478 CONTRA
1648 425 2038 493 EUNOMIU“,
2078 428 2203 485 LIB.
2248 431 2286 485 Ι.

3328 448 3433 502 506

206 521 369 629 οὐσίαν
395 524 836 629 ἐνδεικνυμένων,
859 531 923 600 ἦν
968 532 1133 605 μόνην
1163 539 1365 609 κυρίως
1394 538 1533 595 εἶναι
1559 544 1731 615 διισχυ

1858 546 2116 601 Stantiam
2159 549 2462 604 subsistere
2502 551 2751 616 credunt,
2793 564 2844 610 et
2884 572 3042 625 quam
3090 560 3261 614 solam
3300 576 3427 629 pro?

206 613 438 683 ρίζονται,
472 616 594 703 τὴν
637 619 695 670 δὲ
734 621 829 673 τοῦ
884 622 1015 676 Υῐοῧ
1068 628 1163 682 καὶ
1210 628 1303 682 τοῦ
1339 613 1753 703 Πνεύματοςήὲν

205 707 297 766 τοῖς
325 704 396 775 μὴ
434 701 554 759 οὖσι
610 706 970 779 λογιζομένων
1000 731 1011 742 ·
1044 719 1151 771 πᾶν
1179 722 1288 789 γὰρ
1324 721 1385 774 τὸ
1430 701 1506 792 μὴ
1552 726 1754 794 κυρίως

202 795 269 855 ὂν,
303 797 355 846 ἐν
380 797 584 865 ῥήματι
625 800 791 869 μόνῳ,
822 802 914 863 καὶ
947 812 1282 879 καταχρήσει
1306 813 1591 883 συνηθείας
1613 812 1752 881 εἶναι

201 887 413 956 λέγεται.
453 891 660 961 Ὠσπερ
686 894 777 953 καὶ
802 894 1089 965 ἄνθρωπος
1116 900 1455 971 ἀνομάζεται,
1486 907 1582 976 οὐχ
1614 909 1645 959 ὀ
1666 908 1751 960 διὰ

202 980 461 1049 μιμήσεως
486 982 581 1068 ἐιτὶ
606 984 704 1053 τῆς
726 986 931 1050 εἰκόνος
953 988 1328 1061 δεικνύμενος,
1353 995 1467 1050 ἀλλ’
1492 1000 1518 1049 ὁ
1548 1000 1751 1068 κυρίως

198 1069 461 1139 λεγόμενος
489 1066 664 1137 οὗτος,
706 1076 801 1145 οὐχ
844 1080 1092 1151 ὁμοίωμα
1136 1082 1228 1137 τοῦ
1274 1085 1581 1155 ἀνθρώπου,

194 1161 244 1211 τὸ
260 1162 555 1230 ἀρχέτυπόν
576 1167 694 1217 ἐστι
721 1166 811 1221 τοῦ
839 1168 1248 1243 ὁμοιώματοςοὴ
1273 1173 1330 1232 δὲ
1355 1176 1536 1238 εἰκὼν,
1558 1179 1749 1249 μέχρις

192 1251 432 1320 ὀνόματος
474 1254 783 1327 ἄνθρωπος,
828 1264 919 1314 καὶ
945 1264 1033 1316 διὰ
1074 1264 1230 1323 τοῦτο
1274 1268 1374 1331 οὐκ
1403 1270 1512 1339 ἔχει
1558 1272 1618 1325 τὸ
1651 1290 1748 1325 κυ-

194 1342 305 1411 ρίως
335 1343 605 1411 λέγεσθαι,
648 1349 784 1420 ὅπερ
810 1351 1045 1420 λέγεται,
1083 1357 1165 1409 ὅτι
1213 1358 1311 1415 οὐκ
1347 1358 1461 1415 ἔστι
1491 1364 1555 1430 τῇ
1587 1362 1744 1429 φύσει

192 1434 215 1485 ὅ
244 1436 577 1504 ὀνομάζεται.
613 1443 719 1497 Καὶ
745 1445 978 1507 ἐνταῦθα
1008 1448 1206 1512 τοίνυν,
1240 1452 1288 1503 εἰ
1327 1451 1489 1518 μόνου
1513 1452 1607 1506 τοῦ
1639 1456 1747 1511 [Ia-

162 1525 348 1595 οτρὺςή
376 1528 536 1582 οὐσία
569 1532 776 1602 κυρίως
802 1534 1057 1602 λέγεται,
1093 1539 1127 1608 ἡ
1162 1539 1220 1591 δὲ
1253 1540 1347 1597 τοῦ
1380 1543 1507 1603 Υἱοῦ
1536 1545 1741 1599 καὶτοῦ

189 1617 482 1688 Πνεύματος
532 1624 739 1690 οὐκέτι,
771 1626 823 1677 τί
878 1627 1034 1695 ἄλλος
1072 1631 1141 1683 Ἢ
1189 1633 1308 1703 οὐχὶ
1352 1634 1578 1706 ἄρνησίς
1626 1640 1742 1692 ἐστι

189 1710 468 1781 περιφανὴς
499 1711 594 1764 τοῦ
645 1716 911 1787 σωτηρίου
959 1718 1348 1789 κηρύγματος;
1400 1724 1609 1779 Οὐκοῦν
1637 1726 1744 1779 ἀπὸ

186 1801 267 1867 τῆς
299 1801 625 1872 Ἐκκλησίας
670 1805 761 1858 ἐπὶ
808 1807 905 1879 τὰς
960 1814 1281 1881 συναγωγὰς
1321 1814 1429 1867 τῶν
1476 1817 1742 1871 Ἰουδαίων

188 1889 723 1961 παλινδρομείτωσαν,
763 1898 820 1949 ὲν
866 1899 947 1968 τῷ
983 1899 1058 1969 μὴ
1105 1900 1305 1957 διδόναι
1352 1903 1442 1957 τὸν
1476 1905 1602 1959 Υἰὸν
1642 1924 1738 1958 κυ-

188 1982 293 2048 ρίως
318 1978 475 2046 εἶναι,
509 1984 577 2036 τὸ
612 1987 747 2056 μηδὲ
776 1989 911 2051 ὅλως
940 1988 1078 2045 εἶναι
1122 1997 1645 2062 κατασκευάζοντες·
1677 1999 1738 2051 τὸ

184 2072 272 2141 γὰρ
296 2074 495 2144 ἄκυρον
537 2075 618 2145 τῷ
641 2079 966 2150 ἀνυπάρκτῳ
1000 2084 1191 2139 ταύτόν
1218 2088 1384 2139 ἐστιν.

1858 638 1974 706 prie
2014 654 2138 693 esse
2183 651 2549 708 asseverant;
2615 646 2862 715 conjecta
2915 647 3033 702 Filii
3078 660 3131 704 et
3189 652 3428 720 Spiritus

1855 734 2032 784 sancti
2065 732 2374 786 substantia
2406 733 2460 788 in
2485 750 2694 803 eorum,
2738 752 2858 805 qua:
2897 756 3002 793 non
3052 750 3199 804 sunt,
3234 760 3424 798 nume-

1855 837 1973 874 rum
2016 831 2072 875 et
2121 824 2391 889 ordinem,
2439 827 2567 896 quia
2604 843 2768 883 omne
2820 830 2973 893 illud,
3003 833 3159 899 quod
3207 836 3425 903 proprie

1853 927 1962 964 non
1999 921 2101 972 est,
2140 915 2306 968 verbo
2337 916 2474 978 solo,
2518 926 2570 969 et
2605 918 2781 975 abusu
2818 921 3054 989 quodam
3097 923 3424 990 quotidiana:

1851 1004 2268 1059 consuetudinis
2313 1021 2437 1061 esse
2475 1008 2696 1065 dicitur.
2732 1007 3203 1074 Quemadmodum
3252 1014 3421 1067 homi-

1851 1093 1938 1148 nis
1984 1110 2203 1164 quoque
2259 1098 2678 1166 appellatiimem
2736 1116 2844 1155 non
2901 1104 3127 1157 sortitur
3165 1104 3273 1169 ille,
3328 1105 3423 1171 qui

1850 1183 2155 1247 imitatione
2183 1196 2414 1253 tantum,
2442 1200 2517 1242 et
2575 1191 2630 1243 in
2668 1207 2931 1261 expressa
2984 1194 3217 1262 imagine
3257 1195 3419 1248 homo

1850 1287 1953 1340 est,
1982 1277 2075 1332 sed
2102 1279 2193 1348 qui
2219 1282 2436 1349 proprie
2476 1284 2601 1337 talis
2628 1284 2852 1347 dicitur,
2884 1288 3087 1355 quique
3122 1304 3225 1347 non
3268 1289 3419 1342 sinti-

1831 1367 2022 1421 .litudo
2053 1368 2289 1424 hominis
2321 1380 2425 1433 est,
2456 1373 2546 1426 sed
2586 1374 2761 1443 ipsum
2791 1380 3121 1446 arebetypon
3152 1385 3205 1432 et
3237 1394 3420 1432 exemr

1851 1460 1966 1527 plar
1992 1461 2385 1525 similitudinis.
2420 1466 2487 1519 At
2518 1466 2697 1536 imago
2712 1468 2929 1521 nomine
2948 1477 3109 1531 tenus
3126 1470 3285 1522 homo
3311 1479 3413 1522 est.

1846 1552 2187 1622 Quapropter
2220 1571 2331 1607 non
2353 1557 2574 1624 proprie
2608 1568 2693 1611 est
2727 1558 2873 1626 quod
2909 1560 3255 1628 appellatur;
3284 1563 3411 1629 quia

1843 1660 1910 1698 ex
1942 1655 2135 1698 natura
2170 1661 2277 1699 non
2313 1656 2397 1702 est
2453 1648 2599 1717 quod
2642 1649 2865 1704 dicitur.
2905 1650 3026 1711 Pari
3060 1652 3224 1721 igitur
3255 1652 3415 1704 modo

1844 1742 1897 1787 et
1937 1734 2046 1799 hic,
2094 1735 2139 1793 si
2172 1737 2289 1790 sola
2348 1736 2527 1792 Patris
2560 1739 2863 1793 substantia
2916 1741 3135 1809 proprie
3191 1740 3411 1801 dicitur,

1847 1838 1953 1879 non
1980 1832 2159 1879 autem
2192 1826 2311 1881 Filii
2343 1836 2397 1882 et
2445 1827 2684 1897 Spiritus
2716 1830 2914 1895 sancti,
2956 1831 3086 1899 quid
3123 1831 3272 1885 aliud
3313 1831 3413 1883 hoc

1782 1919 2120 1980 "censeam,
2152 1931 2314 1986 quam
2367 1919 2788 1985 abnegationem
2842 1920 3184 1976 manifestam
3246 1923 3413 1974 totius

1845 2003 2064 2068 salutis,
2091 2020 2212 2073 quae
2252 2006 2411 2060 nobis
2441 2007 2661 2066 caelitus
2695 2008 3015 2065 annuntiata
3048 2008 3176 2067 est?
3210 2005 3411 2061 Confe»

1846 2104 1970 2157 rant
1992 2111 2123 2165 ergo
2144 2112 2265 2153 sese
2290 2098 2359 2152 ab
2385 2097 2628 2159 Ecclesia
2654 2100 2718 2154 ad
2759 2116 3060 2178 synagogas
3077 2099 3409 2159 Judazorum.

182 2165 287 2258 dum
322 2168 576 2258 nolentes
611 2173 913 2230 concedere
958 2175 1154 2232 Filium
1215 2182 1430 2249 proprie
1477 2197 1618 2248 esse,
1674 2184 1727 2239 id
1768 2202 1934 2252 unum
1966 2191 2285 2255 moliuntur,
2320 2201 2378 2255 ut
2411 2201 2587 2258 ictum
2619 2195 2767 2257 illitis
2791 2165 2922 2253 esse
2968 2165 3017 2249 Te
3063 2194 3243 2257 medio
3302 2195 3409 2246 ιοι..

182 2255 294 2310 lant.
328 2256 460 2312 Nam
494 2259 649 2314 idem
688 2272 770 2317 est
820 2265 1115 2337 improprie
1146 2284 1292 2336 esse,
1329 2282 1384 2327 et
1430 2288 1538 2328 non
1588 2291 1732 2331 esse.

248 2350 385 2405 Ἐπεὶ
408 2354 466 2406 δὲ
494 2354 599 2407 καὶ
626 2357 787 2424 σοφὸς
827 2352 965 2413 εἶναι
989 2361 1058 2414 τὰ
1084 2363 1304 2417 τοιαῦτα
1346 2365 1612 2435 βούλεται.
1643 2370 1735 2423 καὶ

180 2444 395 2497 Stantis:
421 2449 561 2511 τοὺς
585 2448 714 2502 ἄνευ
737 2450 957 2523 λογικῆς
982 2456 1290 2525 ὲντρεχείας
1320 2458 1734 2530 ἐπιχειροῦντας

180 2535 241 2603 τῷ
262 2538 486 2605 γράφειν
512 2556 532 2570 ·
560 2542 769 2601 εἰπάτω
813 2548 924 2606 τοῖς
954 2550 1482 2618 καταφρονουμένοις
1509 2554 1638 2621 ἡμῖν
1669 2553 1734 2606 ὲκ

181 2624 311 2689 τείας
357 2632 559 2698 σοφίας
623 2632 686 2684 τὸ
736 2632 930 2702 μᾶλλόν
974 2652 1033 2688 τε
1079 2637 1173 2690 καὶ
1216 2632 1376 2708 ἧττον
1419 2640 1517 2710 τῆς
1547 2640 1733 2704 οὐσίας

181 2719 432 2789 ιγνιὶιρισε.
470 2723 576 2786 τίς
630 2724 788 2793 λόγος
818 2727 849 2778 ὁ
887 2728 985 2798 τὴν
1023 2729 1275 2799 τοιαύτην
1320 2731 1581 2803 διαφορὰν
1628 2750 1732 2787 πα-

181 2815 557 2883 ραστήσας,ὃτι
597 2818 757 2875 οὐσία
787 2836 870 2881 τις
897 2820 1087 2889 ἑτέρας
1126 2822 1310 2886 οὐσίας
1349 2825 1544 2893 μᾶλλόν
1584 2826 1730 2892 ἐστι,

178 2907 275 2955 κατ’
293 2905 418 2959 αὐτὸ
446 2907 601 2975 λέγω
628 2907 688 2961 τὸ
711 2911 1106 2980 σημαινόμενον
1132 2912 1230 2982 τῆς
1259 2915 1446 2978 οὐσίας
1468 2933 1482 2980 ;
1512 2915 1601 2987 Μὴ
1625 2916 1733 2988 γὰρ

175 2995 227 3065 δὴ
259 3000 578 3069 προφερέτω
604 3001 703 3062 τὰς
739 2999 849 3055 τῶν
889 3004 1187 3073 ποιοτήτων
1224 3006 1256 3075 ἢ
1301 3005 1400 3069 τὰς
1447 3006 1555 3060 τῶν
1591 3007 1733 3062 ἰδιω-

181 3083 337 3149 μάτων
365 3085 662 3155 διαφορὰς,
697 3088 819 3141 ὅσαι
840 3091 966 3160 περὶ¹
997 3091 1182 3145 οὐσίαν
1206 3093 1284 3164 τῷ
1308 3093 1448 3166 λόγῳ
1486 3096 1584 3168 τῆς
1609 3098 1729 3150 ἑπι-

1907 2370 2045 2437 Quia
2069 2386 2197 2427 vero
2233 2371 2532 2429 Eunomius
2581 2373 2634 2426 in
2670 2373 2754 2428 his
2808 2373 3175 2445 intelligendis
3223 2374 3410 2428 admo-

1837 2464 1965 2519 dum
1993 2465 2168 2520 solers
2210 2464 2313 2520 sibi
2344 2480 2467 2520 esse
2497 2465 2729 2529 videtur,
2776 2474 2830 2520 ct
2883 2466 3009 2535 quia
3034 2467 3250 2536 spernit
3287 2482 3408 2521 om-
3466 2534 3467 2537 η

1835 2571 1934 2611 nes
1969 2557 2113 2620 illos,
2142 2558 2234 2627 qui
2265 2558 2386 2614 sine
2415 2557 2721 2614 disserendi
2752 2559 3053 2613 subtilitate
3077 2569 3130 2613 et
3157 2560 3409 2613 acumine

1833 2649 1898 2702 ad
1923 2649 2269 2705 scribendum
2310 2640 2599 2715 accedunt,
2656 2652 2897 2721 explicet
2956 2650 3184 2705 rudibus
3226 2652 3405 2708 nobis.

1831 2739 1924 2809 qui
1957 2754 2022 2795 ex
2052 2754 2281 2795 numero
2314 2741 2458 2811 vulgi
2512 2757 2725 2805 sumus,
2785 2757 2848 2796 ex
2876 2741 3024 2811 quali
3064 2741 3404 2810 philosophia

1831 2830 2085 2887 didicerit
2140 2833 2506 2888 substantiam
2570 2833 2898 2889 intensionis
2953 2842 3005 2888 et
3070 2834 3406 2889 remissionis

1830 2936 2086 2991 capacem
2118 2937 2260 2977 esse.
2294 2922 2425 2988 Quae
2452 2924 2595 2977 ratio
2629 2923 2821 2990 dictat,
2872 2932 2964 2977 aut
3000 2922 3212 2985 suadet,
3239 2937 3402 2975 unam

1832 3013 2194 3068 substantiam
2225 3014 2392 3068 altera
2433 3014 2607 3084 magis
2635 3030 2759 3070 esse
2786 3014 3173 3077 substantiam,
3209 3029 3402 3068 secun-

1831 3103 1959 3157 dum
1991 3104 2163 3173 ipsam
2193 3103 2318 3158 dico
2358 3105 2682 3159 substantias
2727 3105 3027 3159 rationem?
3050 3119 3227 3173 neque
3258 3105 3403 3164 volo.

175 3179 298 3241 νοίας
326 3180 865 3249 καταλαμϐάνονται,
899 3183 1027 3237 ἄλλο
1068 3202 1120 3238 τι
1163 3187 1312 3256 παρὰ
1349 3188 1409 3240 τὸ
1438 3189 1729 3261 ὑποκείμε-

1834 3203 1888 3248 ut
1920 3165 2155 3248 adducat
2183 3194 2344 3249 nobis
2367 3196 2692 3264 qualitatum
2742 3204 2835 3248 aut
2870 3165 3264 3266 proprietatum
3298 3194 3403 3248 dil-

175 3287 247 3323 νον
283 3269 455 3327 οὖσαι.
487 3275 572 3328 Οὐ
604 3275 713 3345 γὰρ
763 3276 970 3346 ἀτμῶν,
1008 3278 1040 3348 ἢ
1071 3280 1399 3350 χρωμάτων,
1442 3282 1472 3351 ἢ
1511 3282 1726 3355 βάρους,

175 3361 513 3433 ἠδυνάμεως,
556 3365 589 3435 ἢ
619 3365 948 3436 ἀξιώματος,
979 3369 1011 3440 ἢ
1040 3372 1274 3439 τρόπων,
1301 3374 1391 3426 καὶ
1420 3373 1581 3444 ἤθους
1612 3375 1729 3429 δια-

175 3460 337 3528 φορὰς.
367 3461 399 3531 ἢ
431 3460 487 3513 εἰ
518 3478 575 3513 τι
608 3460 734 3514 ἄλλο
772 3464 899 3532 περί
930 3481 988 3517 τε
1024 3466 1179 3534 σῶμα
1238 3468 1333 3522 καὶ
1375 3468 1549 3540 ψυχὴν
1592 3470 1728 3524 θεω-

176 3553 338 3616 ρεῖται,
384 3552 566 3605 ταῦτα
611 3553 896 3623 πρόκειται
943 3554 1037 3607 νῦν
1080 3556 1354 3620 ἐξετάζειν
1381 3574 1393 3587 ·
1454 3559 1568 3612 ἀλλ’
1599 3560 1729 3614 αὐτὸ

172 3641 288 3709 λέγω
316 3646 704 3715 ὑποκείμενον,
747 3639 795 3714 ᾧ
848 3649 1050 3718 κυρίως
1076 3650 1137 3702 τὸ
1185 3652 1283 3719 τῆς
1311 3651 1493 3715 οὐσίας
1538 3654 1726 3708 ἐπικέ-

172 3727 335 3798 κληται
360 3732 563 3803 ὁνομα,
586 3735 639 3786 ετ
666 3751 790 3787 τινα
820 3736 955 3805 πρὸς
996 3736 1160 3808 ἀλλην
1192 3740 1376 3792 οὐσίαν
1402 3743 1459 3793 ὲν
1480 3740 1557 3812 τῷ
1588 3744 1725 3813 μᾶλ-

171 3820 242 3873 λον
266 3818 395 3876 εἶναι
436 3825 545 3896 τὴν
573 3825 834 3896 διαφορὰν
880 3826 1012 3897 ἔχει.
1051 3829 1189 3882 Ἀλλ’
1234 3830 1386 3885 οὔπω
1422 3834 1583 3905 μέχρι
1630 3835 1723 3890 τοῦ

171 3912 247 3966 νῦν
272 3916 591 3987 ἀκηκόαμεν
625 3917 719 3969 δύο
766 3918 928 3971 τινῶν
959 3921 1404 3992 ὁμολογουμένων
1430 3920 1588 3991 εἶναι,
1622 3927 1725 3992 ἕως

173 4002 225 4055 ἂν
243 4007 527 4078 ἀμφότερα
550 4004 607 4079 ᾖ.
632 4008 692 4060 τὸ
718 4008 815 4077 μέν
830 4026 884 4062 τι
908 4010 1107 4079 μᾶλλον
1122 4054 1136 4077 ,
1159 4012 1220 4064 τὸ
1238 4012 1292 4065 δὲ
1323 4014 1540 4068 ἔλαττον
1565 4012 1721 4071 εἷναι·

170 4094 264 4149 ἔστι
284 4100 385 4170 γὰρ
409 4102 621 4171 ὁμοίως
651 4103 929 4173 ἑκάτερον,
954 4103 1058 4167 ἓως
1082 4104 1149 4158 ἂν
1245 4107 1379 4160 καθό
1413 4111 1580 4175 ἐστιν,
1621 4112 1723 4167 ὐπ-

170 4188 501 4260 εξῃρημένου,
552 4193 735 4256 καθὼς
772 4196 1125 4266 προείρηται,
1155 4198 1249 4251 τοῦ
1298 4199 1438 4257 κατὰ
1486 4201 1547 4254 τὸ
1590 4219 1722 4273 προ-

169 4282 423 4353 τιμότερον
464 4286 505 4355 ἢ
533 4284 917 4356 διαρκέστερον
948 4287 1129 4357 λόγου.

1830 3286 2114 3348 lerentias,
2151 3300 2288 3356 quas
2347 3287 2401 3341 in
2435 3287 2743 3342 substantia
2792 3288 3125 3358 cegitatione
3159 3288 3403 3356 concipi-

1828 3390 1969 3439 mus,
2006 3390 2233 3445 quaaque
2282 3375 2560 3431 diversum
2603 3376 2862 3447 quiddam
2911 3387 3042 3432 sunt
3093 3378 3162 3431 ab
3210 3392 3277 3431 eo
3316 3378 3403 3430 cui

1826 3468 2066 3523 insunt:
2121 3483 2228 3522 non
2290 3469 2435 3523 enim
2494 3470 2907 3539 inquisitionem
2944 3470 3285 3524 instituimus
3338 3469 3405 3525 de

1826 3559 2141 3621 diversitate
2179 3559 2470 3624 balituum,
2496 3561 2768 3626 colorum,
2809 3562 3116 3632 gravitatis,
3166 3561 3401 3621 roboris,

1833 3651 2131 3723 dignitatis,
2193 3668 2407 3707 morum
2464 3666 2517 3709 et
2558 3655 2777 3718 indolis,
2836 3656 2919 3710 vel
2970 3656 3226 3718 aliorum,
3284 3670 3403 3724 qua:

1833 3752 2048 3821 corpori
2082 3760 2134 3806 et
2165 3753 2349 3806 animo
2398 3751 2663 3807 inhaerere
2702 3753 3136 3821 contemplamur
3168 3771 3181 3806 :
3213 3751 3307 3805 sed
3338 3750 3405 3805 de

1833 3841 1953 3910 ipso
1985 3842 2250 3911 subjecto,
2283 3841 2368 3896 cui
2407 3841 2625 3911 proprie
2675 3856 2870 3895 nomen
2903 3842 3223 3895 substantiae.
3253 3856 3402 3895 com-

1830 3934 1985 4000 petit,
2011 3934 2306 4001 quaerimus
2352 3934 2406 3986 in
2440 3935 2689 4002 prmsenti
2723 3951 2737 4000 ;
2793 3948 2919 3985 num
2978 3942 3230 4002 respectu:
3262 3934 3399 3988 alte-

1826 4025 1962 4087 rius,
1999 4025 2411 4094 praerogativam
2441 4024 2739 4094 quamdam
2774 4026 2827 4077 in
2886 4026 3009 4088 hoc,
3043 4024 3188 4094 quod
3224 4024 3399 4092 magis

1824 4114 1918 4177 sit,
1946 4114 2206 4167 obtineat.
2240 4113 2405 4183 Atqui
2438 4113 2504 4165 ad
2542 4113 2689 4167 hunc
2725 4128 2898 4180 usque
2926 4112 3068 4167 diem
3115 4127 3395 4181 nunquam

1823 4204 2132 4260 audivimus
2179 4205 2289 4260 duo
2339 4203 2608 4274 quasdam,
2655 4220 2776 4273 qum
2832 4204 3073 4258 omnium
3130 4218 3400 4257 consensu

1823 4302 1971 4355 sunt,
1995 4295 2255 4365 quamdiu
2288 4298 2449 4349 ambo
2480 4295 2697 4364 quidem
2726 4304 2873 4357 sunt,
2926 4296 3157 4350 alterum
3203 4295 3398 4365 magis,

171 4371 368 4427 alterum
404 4378 597 4430 minus
617 4391 759 4431 esse.
788 4377 1094 4448 Aiqualiter
1122 4382 1580 4451 enimutrumque
1607 4392 1713 4447 est,
1750 4386 2012 4455 quamdiu
2046 4396 2152 4449 est,
2209 4386 2354 4457 quod
2398 4395 2502 4449 est,
2530 4387 2745 4441 sublata
2812 4387 2961 4439 omni
3024 4402 3255 4457 prorsus
3304 4401 3401 4441 ex-

171 4478 334 4519 cessus
358 4477 409 4521 et
434 4467 692 4522 deiectus
730 4472 962 4535 ratione,
994 4480 1055 4526 ut
1091 4483 1248 4530 antea
1284 4478 1546 4533 diximus.

225 4556 279 4610 El
304 4560 401 4629 μὲν
424 4557 527 4614 αὗν
553 4564 614 4617 οὐ
640 4563 854 4619 δίδωσιν
885 4565 1023 4630 ὅλως
1046 4568 1105 4622 ὲν
1137 4570 1292 4641 οὐσίᾳ
1324 4572 1415 4625 τὸν
1444 4575 1719 4646 Μονογενῆ

1895 4571 1952 4626 Si
1987 4574 2151 4643 igitur
2183 4574 2409 4627 omnino
2438 4591 2545 4628 non
2574 4574 2916 4637 conceditur,
2949 4575 3233 4645 unigenilo
3262 4577 3398 4632 Filio

170 4645 463 4719 θεωρεῖσθαι
512 4654 686 4723 (πρὸς
732 4655 889 4710 τοῦτο
918 4658 1026 4729 γὰρ
1057 4659 1200 4715 ἔοικε
1243 4663 1536 4735 λεληθότως
1576 4645 1726 4736 αὐτῷ

167 4741 570 4829 κστολισθαίνειν
596 4747 623 4803 ὁ
657 4746 858 4816 λόγος),
887 4751 915 4803 ὁ
952 4751 1025 4822 μὴ
1052 4752 1228 4818 διδοὺς
1260 4756 1407 4826 αὐτῷ
1436 4758 1498 4810 τὸ
1524 4759 1726 4829 κυρίως

168 4822 301 4894 εἶναι,
330 4835 467 4903 μηδὲ
510 4834 571 4887 τὸ
622 4832 784 4907 ἦττον
814 4840 902 4891 ἐπ’
944 4842 1110 4895 αὐτοῦ
1162 4822 1514 4915 συγχωρείτω
1536 4864 1548 4877 ·
1581 4822 1630 4901 ἐξ
1664 4849 1723 4902 δὲ

166 4919 378 4977 ἐνούσιον
431 4926 664 4996 δύναμιν
709 4930 965 4999 ὁμολογεῖ
1006 4934 1098 4987 τὸν
1139 4936 1267 4989 Υίὸν
1299 4940 1543 4991 ὁπωσοῦν
1590 4941 1724 4993 ὐπο-

168 5012 338 5069 στάντα
388 5018 587 5086 (οὔπω
632 5020 741 5089 γὰρ
790 5025 916 5093 περὶ
959 5026 1150 5080 τούτου
1198 5028 1638 5101 διαμαχόμεθα),
1669 5032 1721 5085 τί

166 5104 299 5157 πάλιν
328 5110 647 5181 ἀφαιρεῖται
679 5114 708 5165 ὃ
739 5114 920 5169 δίδωσι
943 5134 957 5149 ·
985 5118 1076 5172 τὸν
1118 5120 1518 5192 ὁμολογηθέντα
1557 5120 1717 5187 εἶναι,

164 5195 225 5263 τῷ
259 5201 327 5271 μὴ
365 5205 571 5273 κυρίως
615 5201 755 5259 εἶναι
793 5210 1234 5275 κατασκευάζων,
1268 5214 1404 5283 ὅπερ
1436 5210 1549 5268 ἶσόν
1582 5218 1716 5281 ἐστι,

166 5286 320 5351 καθὼς
368 5294 605 5364 εἴρηται.
638 5297 714 5365 τῷ
751 5298 883 5369 μηδὲ
925 5299 1060 5361 ὅλως
1112 5298 1288 5366 εἶναι;
1329 5302 1416 5366 Ὠς
1460 5304 1569 5375 γὰρ
1619 5306 1719 5358 οὐκ

166 5376 288 5467 ἐστιν
304 5385 591 5456 ἄνθρωπον
626 5385 786 5454 εἶναι,
816 5385 860 5459 ᾧ
889 5394 963 5466 μὴ
988 5395 1208 5458 τελείως
1233 5398 1259 5455 ὀ
1290 5396 1430 5449 κατὰ
1455 5396 1516 5447 τὸ
1547 5397 1717 5467 ὄνομα

165 5464 296 5536 λόγος
336 5477 713 5549 ἐφήρμοσται·
744 5484 820 5552 τῷ
842 5484 896 5537 δὲ
923 5464 1219 5541 ἐλλείποντι
1255 5487 1362 5539 τῶν
1391 5464 1716 5557 ἰδιωμάτων,

166 5558 264 5624 ὅλος
301 5568 328 5617 ὁ
356 5570 451 5639 τῆς
482 5573 670 5637 οὐσίας
707 5576 852 5646 αὐτῷ
876 5579 1331 5651 συνδιαγράφεται
1359 5580 1542 5647 λόγος·
1573 5579 1717 5634 οὕτω

166 5661 242 5711 καὶ
265 5661 350 5714 ἐπὶ
378 5665 575 5729 παντὸς
606 5666 952 5737 πράγματος,
1068 5672 1142 5742 μὴ
1183 5672 1422 5735 τελείωςν
1458 5674 1593 5743 μήτε
1621 5690 1717 5727 κυ⁹

168 5748 278 5818 ρίως
308 5752 364 5806 τὸ
392 5751 526 5809 εἶναι
574 5765 1099 5841 προσμαρτυρεῖται,
1147 5763 1400 5834 οὐδεμίαν
1442 5763 1716 5831 ἀπόδειξιν

176 5833 379 5905 ἔκειτῆς
417 5846 767 5911 ὐποττὰσεως
808 5853 838 5920 ἡ
885 5855 1081 5925 aspexi;
1126 5855 1219 5908 τοῦ
1262 5852 1394 5911 εἶναι
1446 5856 1711 5923 συγκατά-

1826 4668 2089 4720 rationem
2118 4669 2442 4721 substantiae
2467 4669 2764 4723 convenire
2791 4690 2802 4723 :
2831 4669 2937 4723 huc
2977 4671 3147 4732 enim,
3198 4686 3396 4739 quam-

1824 4758 1905 4812 vis
1941 4758 2277 4813 clandestina
2312 4761 2418 4822 via,
2465 4761 2689 4815 tendere
2735 4761 2948 4815 videtur
2997 4763 3149 4817 illius
3184 4765 3405 4826 oratio;

1822 4866 1942 4905 cum
1963 4867 2085 4906 eum
2121 4852 2339 4921 proprie
2379 4867 2501 4907 esse
2530 4860 2713 4921 negat,
2735 4853 2962 4907 deberet
2994 4855 3156 4908 etiam
3190 4869 3398 4926 negare

1820 4959 1943 4998 eum
1978 4945 2158 4997 minus
2189 4959 2331 4998 esse.
2382 4942 2539 5009 Quod
2572 4944 2617 4998 si
2646 4944 2844 4999 fatetur
2871 4943 3070 4998 Filium
3113 4960 3234 4999 esse
3263 4946 3401 5001 sub-

1821 5036 2079 5089 stantiam
2116 5035 2431 5105 quamdam,
2473 5035 2968 5104 quomodocunque
3004 5036 3394 5091 subsistentem

1822 5121 2085 5190 (nondum
2112 5125 2255 5176 enim
2292 5122 2359 5177 de
2391 5124 2493 5176 hoc
2515 5123 2930 5193 disceptamus),
2960 5139 3059 5178 cur
3090 5125 3286 5178 iterum
3316 5126 3396 5180 ei-

1820 5210 1941 5265 dem
1977 5214 2121 5282 quod
2172 5215 2403 5284 largitur
2446 5214 2667 5277 adimit,
2720 5215 2849 5268 dum
2883 5231 3005 5269 eum
3051 5231 3210 5285 quem
3260 5230 3394 5270 con-

1820 5303 2000 5360 fessus
2027 5315 2109 5362 est
2139 5322 2280 5369 esse,
2328 5322 2424 5376 per
2460 5307 2563 5361 hoc
2587 5306 2732 5377 quod
2762 5308 3045 5362 contendit
3086 5309 3388 5377 improprie

1818 5411 1962 5460 esse,
1996 5400 2215 5468 penitus
2237 5399 2417 5453 abolet
2439 5411 2493 5453 et
2530 5400 2715 5453 tollit?
2747 5397 2888 5453 Idem
2939 5400 3083 5453 enim
3117 5408 3203 5455 est
3249 5401 3395 5471 quod

1817 5492 2040 5545 omnino
2071 5507 2176 5545 non
2211 5508 2354 5555 esse,
2390 5499 2450 5545 ut
2474 5492 2639 5560 paulo
2669 5501 2794 5544 ante
2827 5493 3161 5548 monuimus.
3196 5492 3396 5558 Quem-

1817 5584 2111 5657 admodum
2157 5584 2300 5638 cnim
2336 5583 2468 5637 illud
2524 5584 2685 5637 homo
2721 5596 2827 5635 non
2859 5590 2964 5648 est,
2999 5584 3089 5639 cui
3144 5584 3390 5639 nominis

1817 5677 1956 5730 ratio
1993 5676 2223 5746 perfecte
2261 5692 2368 5730 non
2408 5677 2661 5746 congruit
2697 5697 2707 5733 :
2744 5678 2889 5749 quod
2925 5687 3104 5733 autem
3142 5680 3394 5751 propria.

1817 5769 2020 5822 tatibus
2055 5770 2128 5824 rei
2157 5778 2326 5831 caret.
2361 5770 2407 5823 ei
2432 5778 2541 5823 tota
2578 5770 2904 5826 substantiae
2936 5772 3083 5829 illius
3108 5773 3252 5828 ratio
3291 5772 3389 5826 ab-

1814 5859 2089 5928 judicatur
2120 5881 2129 5914 :
2172 5863 2242 5914 ita
2277 5861 2571 5930 generatim
2609 5862 2878 5933 contingit
2917 5864 2970 5917 in
3031 5853 3177 5912 omni
3208 5866 3284 5915 re,
3321 5855 3385 5909 de
