3920 6494
507 409 612 468 307

1753 410 1810 466 S.
1855 408 2181 466 CREGOBH
2216 411 2508 468 NYSSENI

3659 419 3744 476 308

505 549 617 604 qua
648 547 773 587 vere
812 546 921 586 non
968 531 1290 598 aflirmatur,
1349 534 1495 604 quod
1551 533 1630 589 vel
1685 533 1953 604 perfecte,
2006 534 2090 590 vel

2213 533 2375 598 δεσις·
2413 533 2547 588 ἀλλά
2583 532 2681 605 τὴν
2711 532 2939 587 καθόλου
2971 532 3063 586 τοῦ
3095 536 3453 606 ὑποκειμένου
3497 539 3745 609 ἀναίρεσιν

511 625 730 696 proprie
763 625 833 679 sit
865 646 878 679 :
915 641 1024 680 non
1053 627 1198 682 enim
1225 627 1296 682 ob
1336 626 1388 680 id
1419 642 1541 682 eam
1573 641 1698 681 esse
1740 626 2092 682 demonstra—

510 717 678 779 veris,
724 717 866 786 quod
900 717 1076 772 eidem
1128 730 1336 788 partem
1364 719 1522 788 quasi
1577 719 1834 775 essentiae
1862 728 1917 772 et
1948 718 2094 772 exsi-

513 812 732 865 stentite
762 812 1058 866 concedas.
1097 811 1200 876 Qui
1233 812 1380 866 enim
1415 828 1530 866 rem
1563 811 1782 881 proprie
1831 827 1938 865 non
1971 827 2093 866 esse

513 903 736 966 astruit,
773 905 818 958 is
851 904 1020 958 totius
1051 906 1129 960 rei
1163 905 1444 958 interitum
1479 914 1534 959 et
1579 905 1880 973 perniciem
1924 905 2096 958 medi-

513 1003 682 1050 tatur.
716 996 1061 1067 Quapropter
1096 997 1162 1051 ad
1193 998 1440 1058 meliora,
1471 999 1514 1051 si
1549 999 1714 1067 sapit,
1763 998 2008 1051 animum
2041 1006 2095 1052 et

515 1089 906 1157 cogitationem
939 1089 1256 1152 transferat,
1283 1098 1336 1143 et
1366 1089 1570 1145 docere
1619 1099 1802 1145 cesset
1831 1089 2094 1145 substan-

520 1178 650 1232 tiam
695 1177 969 1248 Unigeniti
1014 1178 1312 1248 imprOprie
1369 1186 1422 1232 et
1456 1179 1640 1236 minus
1671 1194 1816 1234 esse.
1861 1178 2016 1245 Quod
2049 1179 2096 1234 si

521 1270 576 1323 in
615 1269 892 1339 impietate
946 1271 1242 1340 persistere
1288 1270 1480 1326 statuit
1508 1271 1779 1341 (quamvis
1827 1270 2092 1336 nesciam,

519 1377 618 1416 cur
650 1362 780 1416 velit
806 1361 1144 1416 conditorem
1175 1377 1336 1416 suum
1376 1361 1658 1431 Deumque
1684 1371 1739 1416 et
1777 1361 2097 1418 benefacto-

517 1469 632 1508 rem
687 1453 1042 1523 blasphemiis
1099 1456 1513 1524 remunerare),
1552 1469 1746 1523 poenas
1797 1455 1912 1508 luat
1946 1468 2098 1509 vanae

516 1545 964 1607 existimationis,
1024 1561 1188 1615 quam
1235 1546 1306 1601 de
1346 1546 1598 1600 doctrina
1650 1563 1750 1602 sua
1799 1546 2092 1616 concepit:

517 1636 718 1706 quippe
750 1636 842 1705 qui
874 1636 1127 1705 imperite
1162 1636 1522 1690 substantiam
1555 1636 1660 1689 alia
1692 1636 1855 1690 aliam
1887 1651 2090 1691 secun-

516 1726 646 1780 dum
682 1726 1006 1781 substantiae
1032 1726 1301 1783 rationem
1335 1727 1500 1781 faciat
1533 1727 1822 1796 majorem,
1865 1735 1920 1782 et
1955 1727 2098 1782 hanc

518 1819 738 1889 quidem
763 1835 1042 1888 superam,
1074 1821 1220 1873 illam
1248 1834 1380 1874 vero
1411 1819 1668 1886 inferam,
1694 1835 1759 1874 eo
1796 1820 1980 1883 modo,
2001 1818 2094 1890 qui

2194 626 2596 692 κατασκευάζει
2621 627 2652 697 ἡ
2675 625 2917 696 περὶτοῦ
2945 624 3032 697 μὴ-
3047 627 3264 690 τελείως
3287 623 3743 704 εἷναιλκατασκευή.

2197 719 2360 772 Ὥστε
2397 719 2445 771 εί
2486 718 2584 789 μὲν
2631 714 2690 771 εὖ
2721 722 2926 791 φρονεῖ,
2976 718 3113 789 πρὸς
3158 719 3255 790 τὴν
3299 721 3492 791 εὐσεϐῆ
3541 723 3746 778 διάνοιαν

2199 809 2526 880 μεταθέσθαι
2551 848 2566 870 .
2603 809 2663 862 τὸ
2690 805 2854 881 ἧττον
2893 813 2985 863 καὶ
3020 811 3080 862 τὸ
3117 809 3322 882 ἄκυρον
3350 813 3439 865 ἐπὶ
3471 814 3565 884 τῆς
3588 817 3747 880 οὐσίας

2196 901 2289 953 τοῦ
2313 901 2651 970 Μονογενοῦς
2677 918 2738 954 τε
2775 902 2866 954 καὶ
2899 901 2994 955 τοῦ
3028 903 3180 970 ἁγίου
3212 904 3524 974 Πνεύματος
3565 909 3748 976 ὑφελὼν

2197 995 2262 1046 ὲκ
2293 993 2388 1046 τοῦ
2421 994 2710 1065 δόγματος.
2745 995 2807 1046 Ei
2837 994 2894 1047 δὲ
2940 995 3156 1049 ἀσεϐεῖν
3189 995 3393 1064 ἔγνωκε
3426 999 3632 1062 πάντως
3661 1001 3750 1068 (ὡς

2200 1082 2377 1152 ἔγωγε
2419 1084 2518 1138 οὑκ
2557 1081 2672 1138 οἶδα
2710 1085 2826 1138 ἀνθ’
2853 1085 2975 1140 ὅτου
3019 1087 3112 1140 καὶ
3157 1086 3400 1156 βούλεται
3429 1083 3517 1141 τὸν
3554 1091 3748 1160 κτίστην

2199 1174 2394 1229 ἑαυτοῦ
2420 1175 2515 1229 καὶ
2541 1176 2675 1230 Θεὸν
2706 1177 2798 1230 καὶ
2833 1178 3128 1250 εὐεργέτην
3149 1178 3238 1232 διὰ
3264 1179 3601 1251 βλασφημίας
3626 1184 3750 1251 ἀμεί-

2199 1266 2430 1336 ϐεσθαι),
2455 1267 2554 1338 τὴν
2581 1268 2714 1336 γοῦν
2741 1268 2836 1322 τοῦ
2869 1269 3045 1325 δοκεῖν
3077 1289 3160 1333 τις
3191 1269 3332 1326 εἶναι
3362 1273 3501 1326 κατά
3530 1274 3619 1344 τὴν
3641 1276 3749 1330 παί-

2197 1358 2379 1412 δευσιν
2411 1359 2663 1414 ὑπόνοιαν
2713 1361 3064 1434 ζημιούσθω·
3107 1365 3336 1435 ἀμαθῶς
3375 1367 3560 1420 οὑσίαν
3608 1369 3751 1439 ὑπερο

2197 1453 2368 1518 τιθεὶς
2397 1454 2604 1518 οὐσίας·
2637 1455 2729 1508 καὶ
2755 1456 2852 1525 τὴν
2876 1457 2972 1526 μὲν
2996 1458 3127 1525 ἅνω,
3152 1458 3251 1530 τὴν
3282 1459 3335 1512 δὲ
3365 1460 3512 1514 κάτω
3529 1461 3656 1514 κατὰ
3678 1463 3750 1516 {tv

2204 1546 2278 1616 μὴ
2321 1546 2708 1617 εὑρισκόμενον
2745 1547 2899 1616 λόγον
2953 1550 3416 1620 ἀποφαινόμενος·
3445 1556 3535 1606 καὶ
3573 1556 3633 1622 τῇ
3671 1555 3750 1623 μὲν

2199 1636 2259 1689 τὺ
2298 1637 2506 1708 κύριον.
2536 1641 2602 1709 τῇ
2654 1638 2711 1690 δὲ
2748 1640 2822 1710 μὴ
2869 1639 3106 1694 τοιοῦτον
3141 1643 3594 1715 προσμαρτυρῶν.
3634 1643 3749 1697 Οὑτε

2201 1728 2310 1799 γὰρ
2342 1729 2451 1782 τῶν
2500 1729 2604 1795 ἔξω
2637 1730 2738 1800 τῆς
2771 1732 3006 1796 πίστεως
3056 1733 3566 1808 πεφιλοσοφηκότων
3611 1737 3751 1804 ἐγνω-

2205 1822 2304 1893 μέν
2330 1840 2449 1876 τινα
2498 1823 2655 1876 τοῦτο
2697 1824 3031 1895 ληρήσαντα,
3084 1826 3208 1878 οὑτε
3239 1829 3356 1890 ταῖς
3404 1827 3750 1891 Oeam/existat;

517 1913 826 1966 consistere
870 1912 1082 1981 nequit,
1139 1911 1400 1966 decernat
1435 1930 1448 1965 :
1485 1913 1826 1982 alteramque
1855 1913 2094 1983 pmprie,

2213 1917 2426 1984 φωναῖς,
2463 1913 2586 1968 οὗτε
2623 1917 2743 1978 ταῖς
2773 1919 2982 1981 κοιναῖς
3027 1918 3258 1981 ἐννοίαις
3288 1917 3348 1972 τὸ
3378 1918 3586 1973 τοιοῦτο
3638 1938 3752 1990 συμ-

523 2005 751 2058 alteram
786 2005 1085 2074 imprOprie
1120 2020 1244 2059 esse
1275 2004 1477 2059 tradat.
1524 2004 1714 2072 Neque
1735 2021 1867 2060 vero
1903 2021 2094 2075 quem-

519 2114 682 2169 quam
708 2097 1158 2170 phil050pborum
1191 2100 1354 2154 etiam
1377 2115 1406 2154 a
1443 2101 1545 2156 [ide
1567 2109 1757 2155 nostra
1787 2103 2172 2156 abhorrentem
2237 2102 2613 2172 cognovimus,
2663 2103 2752 2171 qui
2819 2102 2955 2158 adeo
3013 2104 3270 2160 deliraret
3309 2123 3322 2161 :

2203 2005 2397 2058 ϐαίνει.

3401 2122 3576 2178 neque
3643 2124 3752 2161 con‘

521 2208 681 2252 sonat
713 2195 819 2251 hoc
858 2195 940 2250 vel
963 2195 1165 2251 divinis
1195 2197 1436 2253 oraculis
1459 2199 1539 2252 vel
1573 2199 1960 2253 communibus
1995 2196 2278 2252 hominum
2321 2196 2663 2252 nutitmibus.

589 2341 734 2408 Quid
775 2340 942 2412 igitur
973 2340 1027 2396 in
1065 2341 1150 2397 his
1208 2342 1492 2398 vocabulis
1545 2343 1814 2400 novandis
1862 2345 1964 2400 iste
1993 2341 2100 2400 sibi

519 2434 889 2506 proposuerit,
925 2435 1088 2498 satis,
1123 2442 1182 2488 ut
1210 2435 1475 2499 arbitror,
1532 2451 1600 2491 ex
1631 2437 1794 2492 dictis
1840 2438 1952 2507 jam
2020 2445 2101 2492 est

521 2527 872 2582 manifestum
895 2545 910 2581 :
937 2526 1192 2581 videlicet
1221 2536 1482 2596 tauquam
1517 2529 1988 2598 propugnaculum
2015 2529 2100 2583 vel

521 2615 942 2672 fundamentum
990 2615 1267 2685 quoddam
1333 2617 1503 2672 totius
1557 2616 1926 2686 improbitatis
1963 2631 2098 2680 suae,

520 2711 688 2766 verba
728 2710 840 2765 haec
873 2709 1151 2780 praamittit
1173 2721 1227 2764 et
1267 2711 1532 2780 supponit
1568 2729 1579 2764 :
1618 2718 1676 2764 ut
1719 2710 1766 2765 si
1796 2724 2090 2779 persuase-

520 2805 594 2857 rit
629 2804 844 2860 unicam
877 2804 1047 2859 solam
1066 2804 1430 2859 substantiam
1449 2819 1764 2874 supremam
1789 2811 1842 2856 et
1867 2803 2104 2857 maxime

520 2896 798 2966 propriam
863 2912 1008 2961 esse,
1064 2896 1284 2951 facilius
1331 2896 1400 2952 de
1455 2897 1578 2950 aliis
1629 2911 1742 2949 rem
1800 2894 2100 2949 conficiat:

520 2989 678 3059 quasi
706 2989 773 3044 de
796 2989 888 3051 iis,
924 3005 1046 3058 qua:
1068 2989 1209 3043 infra
1248 2990 1394 3043 illam
1439 2991 1693 3060 primam,
1731 2996 1785 3042 et
1824 3004 1933 3043 non
1973 3003 2105 3058 pro~

521 3081 640 3152 prie
667 3098 788 3138 esse
813 3083 1143 3153 cogitentur.
1175 3082 1408 3138 Maxime
1439 3083 1685 3138 verolioc
1713 3081 1955 3138 ostendit
1983 3099 2107 3152 pro-

522 3189 717 3245 gressu
753 3176 1166 3245 disputationis,
1218 3190 1343 3230 cum
1381 3191 1482 3231 sua
1522 3177 1589 3231 de
1630 3175 1772 3230 Filio
1803 3185 1857 3230 et
1897 3175 2106 3245 Spiritu

522 3275 717 3321 sancto
745 3267 946 3337 placita
976 3267 1235 3322 edisserit
1266 3285 1280 3333 ;
1316 3283 1588 3336 nusquam
1619 3267 1768 3322 enim
1817 3268 1990 3322 utitur
2019 3282 2108 3321 ve-

524 3356 604 3411 ris
634 3356 970 3418 nominibus,
1001 3372 1090 3421 ne,
1126 3364 1186 3412 ut
1210 3365 1338 3412 ante
1368 3357 1500 3422 dixi,
1523 3367 1734 3412 naturae
1763 3359 2105 3414 consortium

524 3460 578 3504 et
616 3449 1060 3504 communionem
1112 3451 1257 3505 inter
1291 3465 1372 3516 se,
1432 3451 1569 3519 ipsis
1608 3452 1892 3507 vocabulis
1939 3450 2106 3506 etiam

527 3544 733 3597 invitus
761 3543 1038 3598 mentibus
1072 3545 1279 3600 nostris
1313 3544 1564 3614 objiciat,
1610 3545 1705 3600 sed
1736 3547 1856 3600 sine
1871 3545 2106 3615 propriis

2272 2341 2374 2393 Τὸν
2403 2342 2501 2412 μὲν
2524 2337 2615 2396 οὖν
2647 2343 2848 2396 σκοπὸν
2871 2345 2968 2413 τῆς
2996 2345 3104 2398 τῶν
3135 2343 3418 2415 ὀνομάτων
3443 2346 3638 2400 τούτων
3659 2351 3754 2399 ἐπι-

2203 2433 2348 2498 νοίας
2396 2433 2594 2498 ἱκανῶς
2628 2435 2693 2488 ἐκ
2737 2427 2844 2489 τῶν
2889 2436 3191 2508 εἰρημένων
3237 2437 3421 2508 οἴομαι
3470 2436 3754 2508 πεφανερῶ-

2205 2526 2352 2580 σθαι·
2383 2527 2463 2580 ὅτι
2491 2527 2738 2599 καθάπερ
2758 2530 3113 2601 ὁρμητήριον,
3143 2529 3178 2601 ἢ
3205 2529 3456 2602 Θεμέλιον
3481 2531 3576 2600 τῆς
3604 2531 3757 2600 πάσης

2205 2619 2396 2672 ἑαυτοῦ
2430 2621 2556 2692 περὶ
2577 2619 2638 2673 τὸ
2669 2619 2844 2691 δόγμα
2878 2623 3232 2694 κακουργίας,
3271 2623 3341 2676 τά
3372 2626 3590 2696 ῥήματα
3611 2623 3759 2677 ταῦτα

2205 2711 2705 2781 προῡποϐἁλλεται·
2765 2713 2850 2766 ἵνα
2911 2716 3328 2778 κατασκευάσας
3376 2716 3439 2770 τὸ
3489 2718 3646 2786 μόνην
3678 2716 3759 2784 τὴν

2208 2805 2336 2875 μίαν
2372 2806 2561 2858 οὐσίαν
2603 2805 2863 2859 ἀνωτάτω
2907 2823 2966 2859 τε
3007 2807 3101 2860 καὶ
3155 2807 3502 2878 κυριωτάτην
3528 2805 3757 2877 νομίζειν,

2209 2896 2404 2968 ῥᾳδίως
2433 2897 2745 2971 κατατρέχῃ
2777 2899 2884 2950 τῶν
2916 2898 3112 2966 ἄλλων,
3141 2898 3216 2962 ὼς
3245 2901 3303 2952 ὲν
3334 2901 3447 2963 τοῖς
3485 2899 3644 2960 κάτω,
3683 2895 3761 2949 καὶ

2212 2989 2285 3059 μὴ
2321 2989 2523 3058 κυρίως
2557 2989 2966 3061 θεωρουμένων.
2992 2991 3240 3044 Δείκνυσι
3267 2991 3323 3044 δὲ
3361 3008 3521 3044 τουτο
3559 2989 3761 3060 μάλιστα

2206 3080 2294 3132 διὰ
2327 3081 2431 3133 τῶν
2471 3080 2618 3149 ἑξῆς,
2659 3083 2716 3133 ὲν
2745 3075 2826 3144 οἷς
2857 3080 2927 3134 τὰ
2955 3081 3210 3136 δοκοῦντα
3241 3082 3368 3154 περὶ
3410 3083 3507 3136 τοῦ
3541 3081 3659 3134 Υἱοῦ
3685 3081 3762 3134 καὶ

2206 3174 2301 3226 τοῦ
2331 3173 2486 3240 ἁγίου
2518 3173 2836 3241 Πνεύματος
2868 3172 3265 3244 διαλεγόμενος,
3298 3176 3395 3228 οὑκ
3429 3177 3523 3230 ἐπὶ
3548 3176 3649 3228 τῶν
3668 3177 3765 3228 dvo.

2213 3265 2396 3333 μάτων
2419 3264 2635 3332 ἔρχεται
2675 3264 2909 3316 τούτων·
2944 3265 3030 3316 ἵνα
3065 3267 3160 3335 μὴ,
3203 3264 3386 3329 καθὼς
3416 3270 3682 3334 προεῖπον.
3716 3265 3765 3317 τὸ

2209 3357 2404 3407 οἰκεῖον
2451 3357 2545 3425 τῆς
2580 3355 2792 3425 φύσεως
2841 3356 3020 3410 αὐτῶν
3065 3359 3187 3421 ταῖς
3244 3362 3650 3432 προσηγορίαις,
3689 3360 3766 3411 καὶ

2214 3445 2288 3514 μὴ
2336 3443 2677 3514 βουλόμενος.
2730 3448 3094 3521 παραστήσῃ·
3127 3449 3242 3502 ἀλλ’
3287 3451 3568 3523 ἀνώνυμον
3611 3452 3766 3504 αὐτῶν

2213 3538 2442 3589 ποιεῖται
2472 3536 2568 3606 τὴν
2593 3538 2810 3608 μνήμην
2839 3541 2866 3592 ὁ
2896 3539 3262 3610 δογματίζων,
3289 3542 3409 3596 ἀπὸ
3459 3541 3573 3596 τῶν
3606 3558 3768 3610 προσ·

529 3632 848 3687 uominibus
877 3634 1092 3687 illorum
1153 3636 1485 3690 mentionem
1514 3636 1644 3691 facit
1676 3637 1745 3702 is,
1793 3638 1887 3706 qui
1919 3637 2102 3704 docet,

2215 3628 2390 3697 φυὼν
2459 3629 2766 3700 ὀνομάτων
2826 3631 2923 3685 καὶ
2979 3631 3266 3701 ῥημάτων
3325 3633 3457 3688 δεῖν
3519 3636 3621 3702 τὰς
3669 3633 3769 3688 τῶν

527 3738 590 3778 ex
622 3725 788 3778 verbis
817 3734 867 3779 et
892 3727 1192 3780 nominibus
1227 3727 1433 3782 idoneis
1473 3742 1524 3782 et
1547 3729 1962 3783 accommodatis
1986 3729 2110 3782 ani-

528 3835 640 3872 mos
677 3818 1008 3874 audientium
1031 3820 1099 3874 ad
1128 3823 1203 3875 rei
1233 3823 1507 3876 veritatem
1551 3821 1824 3877 ducendos
1868 3839 2006 3876 esse.
2042 3823 2112 3876 At

528 3911 690 3980 quale
744 3928 940 3968 nomen
992 3915 1465 3970 accommodatius
1511 3930 1637 3971 esse
1687 3923 1876 3988 queat,
1942 3929 2108 3984 quam

529 4005 676 4074 quod
707 4006 774 4060 ab
805 4006 919 4076 ipsa
943 4007 1173 4062 veritate
1213 4007 1530 4079 impositum
1557 4009 1682 4064 est?
1734 4007 1842 4064 Sed
1875 4007 2116 4079 Evange-

531 4097 619 4151 liis
650 4096 879 4152 adversa
929 4099 984 4152 in
1033 4099 1299 4152 mundum
1343 4097 1694 4153 introducere
1741 4099 1957 4160 volens.
2003 4114 2113 4152 non

532 4190 775 4242 ttotninal
807 4188 1024 4252 Filium,
1083 4190 1179 4244 sed
1213 4189 1607 4252 substantiam,
1653 4205 1776 4258 quae
1823 4205 1920 4260 per
1961 4191 2113 4245 illam

550 4275 784 4346 primam
819 4274 912 4338 sit,
940 4281 994 4329 et
1020 4289 1140 4342 qua:
1169 4281 1295 4342 post
1327 4272 1471 4326 illam
1510 4273 1716 4342 primas
1739 4281 1940 4326 teneat.
1966 4273 2121 4337 Quod

551 4376 731 4421 autem
756 4366 868 4419 haec
894 4381 1002 4420 non
1020 4365 1126 4419 alio
1142 4364 1372 4418 consilio
1396 4363 1648 4428 affirmet,
1671 4379 1830 4432 quam
1852 4372 1910 4416 ut
1931 4379 2121 4418 sanam

551 4469 606 4514 et
622 4456 981 4511 orthodoxam
1002 4457 1069 4510 de
1096 4456 1372 4526 unigenito
1405 4453 1540 4508 Filio
1559 4455 1865 4525 opinionem
1885 4472 1948 4510 ex
1967 4471 2118 4511 men-

553 4552 702 4606 tibus
727 4551 1008 4604 hominum
1023 4549 1246 4612 eximat,
1275 4549 1623 4616 magisetiam
1653 4549 1974 4618 patefacitet
1996 4550 2124 4603 reli-

553 4642 678 4713 quis
705 4641 855 4696 illius
885 4640 1207 4709 imposturis
1229 4647 1280 4693 et
1307 4639 1780 4694 machinamentis.
1804 4637 1975 4693 Porro
1993 4656 2121 4710 quo-

552 4735 699 4789 niam
723 4731 916 4786 modus
939 4730 1218 4799 loquendi,
1250 4744 1359 4798 quo
1380 4744 1513 4784 usus
1544 4739 1648 4792 est,
1679 4731 1747 4782 ita
1779 4741 2122 4800 comparatus

551 4825 791 4888 videtur,
831 4832 889 4877 ut
921 4824 965 4878 is
1009 4823 1194 4885 etiam,
1229 4824 1321 4892 qui
1361 4821 1565 4890 aliquid
1599 4821 1761 4890 impie
1795 4823 1861 4876 de
1889 4823 2108 4880 Christo

515 4965 518 4967 _
553 4916 803 4988 proferre
829 4931 937 4969 non
962 4916 1136 4984 cupit,
1169 4931 1232 4969 ro
1253 4924 1309 4968 ut
1334 4929 1497 4984 queat
1523 4937 1534 4970 :
1560 4926 1848 4986 propterea
1868 4932 2121 4986 egoquo-

553 5027 663 5080 que
705 5009 908 5066 tacitus
945 5024 1090 5063 nunc
1114 5011 1473 5077 praetermitto
1495 5025 1635 5074 eam,
1669 5027 1788 5079 quae
1805 5021 1888 5066 est
1920 5013 1986 5065 de
2017 5011 2122 5065 Do-

555 5102 706 5156 mino
726 5109 940 5166 nostro,
968 5101 1416 5169 disputationem,
1435 5110 1718 5155 exstructa
1749 5104 1893 5158 illius
1912 5119 1968 5158 re
1981 5104 2124 5158 futa-

553 5197 701 5249 tione
741 5211 805 5249 ex
840 5195 1310 5250 manifestissimis
1359 5196 1738 5255 tantummodo
1768 5197 2120 5266 blasphemiis

557 5296 750 5342 contra
771 5286 1038 5358 Spiritum
1065 5297 1338 5351 sanctum,
1358 5304 1518 5358 quem
1548 5303 1736 5361 aperta
1760 5297 1812 5344 et
1839 5291 1991 5346 nullo
2013 5307 2128 5346 ver-

2212 3723 2557 3776 ἀκουόντων
2570 3724 2837 3789 διανοίας
2863 3724 3292 3794 προσάγεσθαι.
3329 3729 3523 3781 Καίτοι
3545 3731 3596 3784 τί
3627 3741 3769 3799 προσ-

2215 3816 2510 3887 φυέστερον
2545 3817 2713 3887 όνομα
2761 3815 2853 3871 τοῦ
2899 3819 3030 3889 παρ’
3063 3818 3235 3888 αὐτῆς
3261 3819 3361 3890 τῆς
3391 3819 3640 3891 ἀληθείας
3663 3817 3769 3871 ὠνο-

2219 3909 2522 3980 μασμένους
2581 3910 2718 3962 Ἀλλ’
2772 3910 3208 3981 ἁντιδογματίζει
3257 3914 3370 3975 τοῖς
3409 3911 3766 3981 Εὑαγγελίοις,

2216 4003 2311 4072 οὑχ
2339 4002 2468 4056 Υῑὸν
2500 4001 2800 4071 ὀνομάζων,
2834 4003 2970 4056 ἀλλὰ
3013 4004 3109 4074 τὴν
3135 4003 3200 4056 δι’
3240 4004 3456 4075 ἐκείνην
3482 4004 3577 4074 μὲν
3606 3999 3768 4062 οὖσαν,

2220 4097 2336 4164 μετ’
2379 4095 2594 4165 ἐκείνην
2642 4095 2698 4149 δὲ
2753 4096 2968 4150 πάντων
3015 4097 3120 4150 τῶν
3171 4097 3341 4151 ὄντων
3387 4098 3767 4169 πρωτεύουσαν.

2218 4188 2387 4241 Τοῦτο
2415 4187 2492 4252 δὲ,
2523 4189 2606 4242 ὃτι
2641 4189 2738 4258 μὲν
2766 4189 2858 4241 ἐπὶ
2886 4187 3202 4260 καθαιρέσει
3233 4190 3331 4260 τῆς
3363 4188 3638 4253 εὐσεϐοῦς’
3663 4187 3772 4258 περὶ

2217 4280 2310 4332 τοῦ
2346 4277 2684 4348 Μονογενοῦς
2719 4279 3035 4349 ὑπολήψεως
3069 4279 3305 4348 λέγεται,
3339 4281 3406 4335 ὲκ
3455 4281 3555 4352 τῆς
3604 4279 3770 4348 λοιπῆς

2217 4371 2382 4425 αὑτοῦ
2433 4372 2776 4440 κατασκευῆς
2814 4371 3013 4441 μᾶλλον
3053 4372 3518 4444 φανερωθήσεται.
3561 4373 3699 4424 Ἐπεὶ
3724 4368 3770 4420 δὲ

2222 4463 2404 4535 μέσως
2449 4464 2594 4535 ἔχειν
2625 4464 2772 4518 δοκεῖ
2815 4463 2882 4516 τὰ
2930 4465 3216 4536 εἰρημένα,
3249 4455 3324 4529 ὡς
3373 4465 3470 4518 καὶ
3511 4465 3599 4517 τὸν
3628 4461 3773 4532 μηδὲν

2218 4557 2412 4620 ἀσεϐὲς
2440 4558 2564 4629 περὶ
2592 4556 2684 4610 τοῦ
2707 4555 2943 4628 Χριστοῦ
2970 4557 3216 4625 λέγοντα,
3243 4557 3550 4629 χρήσασθαι
3571 4558 3634 4611 ἄν
3662 4569 3774 4606 ποτε

2217 4654 2327 4714 τοῖς
2379 4651 2586 4720 ῥήμασι
2617 4647 2850 4710 τούτοις·
2891 4647 2979 4702 διὰ
3026 4648 3183 4703 τούτο
3225 4650 3320 4703 καὶ
3349 4649 3513 4713 αὐτὸς
3548 4647 3635 4700 τὸν
3665 4645 3776 4713 περὶ

2216 4742 2307 4796 τοῦ
2339 4740 2546 4812 Κυρίου
2578 4740 2736 4808 λόγον
2764 4739 2861 4793 νῦν
2900 4740 3301 4812 ὑπερϐήσομαι,
3335 4743 3457 4805 ταῖς
3491 4739 3774 4810 φανερωτέ-

2219 4852 2338 4905 ραις
2370 4835 2490 4886 κατ’
2525 4831 2691 4884 αὑτοῦ
2727 4830 3094 4900 βλασφημίαις
3123 4831 3558 4900 ταμιευσάμενος
3581 4830 3669 4896 τὴν
3697 4827 3776 4877 ἀν-

2218 4928 2468 4998 τίρρησιν
2492 4941 2503 4952 ·
2539 4925 2667 4996 περί
2696 4923 2752 4976 δὲ
2797 4923 2890 4976 τοῦ
2921 4922 3074 4988 ἁγίου
3110 4922 3448 4992 Πνεύματος,
3485 4919 3662 4989 ἐπειδὴ
3691 4934 3776 4984 φα-

2224 5020 2358 5089 νερᾷ
2397 5017 2491 5070 καὶ
2520 5013 2970 5088 ἀπαρακαλύπτῳ
3001 5014 3201 5086 χρῆται
3232 5017 3298 5086 τῇ
3347 5013 3674 5084 βλασφημίᾳ,
3705 5009 3778 5060 λέ-

2225 5128 2336 5178 γων
2382 5109 2713 5163 ἀσύντακτον
2763 5103 2901 5160 εἶναι
2949 5108 3124 5178 Πατρὶ
3162 5108 3256 5160 καὶ
3297 5107 3443 5178 Υίῷ,
3476 5104 3777 5176 ἀμφοτέροις

2223 5203 2278 5255 δὲ
2318 5200 2780 5272 ὑποτεταγμένον,
2962 5197 3191 5251 καθόσον
3223 5193 3334 5262 οἷός
3381 5216 3439 5252 τε
3474 5194 3540 5262 ὦ,
3565 5193 3778 5262 ἐξετάσω

2223 5297 2312 5351 τὸν
2344 5297 2523 5366 λόγον.

553 5379 748 5435 borum
778 5381 1064 5435 involucro
1087 5388 1232 5435 tecta
1257 5379 1595 5460 blasphemia
1626 5385 1966 5454 aggreditur,
1997 5387 2125 5441 dum
2155 5399 2280 5441 eum
2306 5378 2443 5434 dicit
2468 5393 2574 5432 non
2604 5376 2847 5448 ejusdem
2867 5374 3080 5430 ordinis
3097 5392 3218 5430 cum
3237 5373 3398 5431 Patre
3417 5384 3471 5432 et
3502 5375 3635 5432 Filio
3650 5391 3763 5429 cen-

559 5477 667 5530 seri
700 5489 881 5542 posse,
916 5475 1133 5544 utrique
1161 5484 1340 5530 autem
1377 5474 1706 5544 subjectum.
1731 5478 1904 5544 Quam
1933 5481 2054 5550 ejus
2079 5482 2421 5553 impietatem
2454 5493 2553 5549 pro
2580 5475 2786 5529 viribus
2808 5489 2951 5527 nunc
2976 5473 3320 5528 examinabo.

605 5607 738 5671 Quae
772 5607 942 5676 igitur
976 5606 1336 5677 subjcclionis
1376 5608 1648 5663 vocabulo
1679 5613 1833 5666 notio
1861 5613 2116 5685 subjecta

549 5699 634 5764 sit,
660 5706 713 5753 et
746 5697 800 5753 in
832 5699 1035 5770 quibus
1069 5701 1232 5756 rebus
1269 5701 1451 5756 divina
1499 5701 1785 5772 Scriptura
1819 5705 1869 5760 id
1906 5722 2107 5764 nomen

549 5799 798 5860 usurpet,
829 5791 1100 5862 principio
1158 5795 1435 5863 inquirere
1493 5806 1730 5865 Oportet.
1780 5799 1914 5854 Cum
1976 5799 2118 5856 Deus

553 5887 829 5944 hominem
863 5885 1209 5949 honorassct.
1239 5904 1303 5943 co
1329 5889 1471 5960 quod
1501 5891 1680 5961 ipsum
1724 5891 1790 5948 ad
1829 5892 2117 5964 imaginem

2293 5613 2360 5668 Τί
2389 5612 2564 5666 τοίνυν
2597 5611 2692 5681 τῆς
2730 5609 3010 5680 ὑποταγῆς
3037 5609 3151 5664 ἐστι
3182 5608 3241 5664 τὸ
3275 5610 3661 5682 σημαινόμενον
3695 5605 3777 5659 καὶ

2227 5707 2317 5762 ἐπὶ
2346 5707 2506 5759 τίνων
2538 5705 2570 5774 ἡ
2605 5701 2723 5756 θεία
2754 5701 2940 5773 Γραφὴ
2972 5702 3050 5772 τῷ
3083 5704 3307 5773 τοιούτῳ
3336 5701 3667 5775 προσχρῆται
3695 5697 3777 5767 ῥή-

2232 5817 2382 5872 ματι,
2423 5795 2637 5866 πρῶτον
2675 5796 3113 5866 κατανοήσωμεν.
3149 5794 3336 5862 Τιμῶν
3384 5793 3470 5846 τὸν
3513 5792 3775 5863 ἄνθρωπον

2227 5891 2302 5962 τῷ
2327 5889 2445 5942 κατ’
2466 5886 2646 5939 εἰκόνα
2675 5886 2995 5959 γεγενῆσθαι
3017 5885 3110 5942 τοῦ
3128 5887 3424 5950 κτίσαντος,
3456 5887 3627 5940 πᾶσαν
3648 5878 3776 5948 αὐτῷ
