  <div class='ocr_page' id='page_1' title='image "/cluster/home/n/w/nwhite01/storage/ocr_20150623/45/hvd.32044019826437/162.png"; bbox 0 0 3920 6478; ppageno 0'>
   <div class='ocr_carea' id='block_1_1' title="bbox 187 395 276 449">
    <p class='ocr_par' dir='ltr' id='par_1_1' title="bbox 187 395 276 449">
     <span class='ocr_line' id='line_1_1' title="bbox 187 395 276 449; baseline 0 0"><span class='ocrx_word' id='word_1_1' title='bbox 187 395 276 449; x_wconf 72' lang='lat'><strong>$09</strong></span> 
     </span>
    </p>
   </div>
   <div class='ocr_carea' id='block_1_2' title="bbox 1323 397 2240 460">
    <p class='ocr_par' dir='ltr' id='par_1_2' title="bbox 1323 397 2240 460">
     <span class='ocr_line' id='line_1_2' title="bbox 1323 397 2240 460; baseline 0.007 -6"><span class='ocrx_word' id='word_1_2' title='bbox 1323 397 1606 456; x_wconf 77' lang='lat' dir='ltr'><strong>CONTRA</strong></span> <span class='ocrx_word' id='word_1_3' title='bbox 1637 399 2005 460; x_wconf 81' lang='lat' dir='ltr'><strong>EUNOMIUM</strong></span> <span class='ocrx_word' id='word_1_4' title='bbox 2041 403 2169 460; x_wconf 87' lang='lat' dir='ltr'><strong>LIB.</strong></span> <span class='ocrx_word' id='word_1_5' title='bbox 2205 405 2240 460; x_wconf 88' lang='grc'><strong>1.</strong></span> 
     </span>
    </p>
   </div>
   <div class='ocr_carea' id='block_1_3' title="bbox 3311 391 3433 469">
    <p class='ocr_par' dir='ltr' id='par_1_3' title="bbox 3311 391 3433 469">
     <span class='ocr_line' id='line_1_3' title="bbox 3311 391 3433 469; baseline 0.016 -3"><span class='ocrx_word' id='word_1_6' title='bbox 3311 391 3433 469; x_wconf 69' lang='lat' dir='ltr'><strong>sio</strong></span> 
     </span>
    </p>
   </div>
   <div class='ocr_carea' id='block_1_4' title="bbox 189 505 1739 590">
    <p class='ocr_par' dir='ltr' id='par_1_4' title="bbox 189 505 1739 578">
     <span class='ocr_line' id='line_1_4' title="bbox 189 505 1739 578; baseline 0.006 -20"><span class='ocrx_word' id='word_1_7' title='bbox 189 509 268 578; x_wconf 74' lang='grc' dir='ltr'>τὴν</span> <span class='ocrx_word' id='word_1_8' title='bbox 300 505 484 573; x_wconf 66' lang='grc' dir='ltr'>ἂλογοι</span> <span class='ocrx_word' id='word_1_9' title='bbox 520 505 678 574; x_wconf 75' lang='grc' dir='ltr'>φύσιν</span> <span class='ocrx_word' id='word_1_10' title='bbox 715 507 984 573; x_wconf 80' lang='grc' dir='ltr'><strong>ὑπέταξεν</strong></span> <span class='ocrx_word' id='word_1_11' title='bbox 1027 510 1055 562; x_wconf 82' lang='grc' dir='ltr'>ὁ</span> <span class='ocrx_word' id='word_1_12' title='bbox 1095 510 1288 574; x_wconf 83' lang='grc' dir='ltr'><strong>κτίσας</strong></span> <span class='ocrx_word' id='word_1_13' title='bbox 1317 511 1468 577; x_wconf 84' lang='grc' dir='ltr'><strong>Θεὸς,</strong></span> <span class='ocrx_word' id='word_1_14' title='bbox 1507 513 1739 578; x_wconf 84' lang='grc' dir='ltr'>καθὼςὸ</span> 
     </span>
    </p>
   </div>
   <div class='ocr_carea' id='block_1_5' title="bbox 1844 505 3428 590">
    <p class='ocr_par' dir='ltr' id='par_1_5' title="bbox 1848 515 3428 590">
     <span class='ocr_line' id='line_1_5' title="bbox 1848 515 3428 590; baseline 0.007 -21"><span class='ocrx_word' id='word_1_15' title='bbox 1848 523 1902 569; x_wconf 89' lang='lat' dir='ltr'><strong>et</strong></span> <span class='ocrx_word' id='word_1_16' title='bbox 1933 515 2351 572; x_wconf 78' lang='lat' dir='ltr'><strong>similitudinem</strong></span> <span class='ocrx_word' id='word_1_17' title='bbox 2388 515 2476 571; x_wconf 88' lang='lat' dir='ltr'><strong>sui</strong></span> <span class='ocrx_word' id='word_1_18' title='bbox 2511 517 2780 574; x_wconf 82' lang='lat' dir='ltr'><strong>creatoris</strong></span> <span class='ocrx_word' id='word_1_19' title='bbox 2821 518 3096 579; x_wconf 73' lang='lat' dir='ltr'><strong>cﬂectsset</strong></span> <span class='ocrx_word' id='word_1_20' title='bbox 3117 522 3186 590; x_wconf 72' lang='grc'>’⁸,</span> <span class='ocrx_word' id='word_1_21' title='bbox 3205 539 3428 580; x_wconf 82' lang='lat' dir='ltr'><strong>omnem</strong></span> 
     </span>
    </p>
   </div>
   <div class='ocr_carea' id='block_1_6' title="bbox 188 596 1745 674">
    <p class='ocr_par' dir='ltr' id='par_1_6' title="bbox 188 596 1745 674">
     <span class='ocr_line' id='line_1_6' title="bbox 188 596 1745 674; baseline 0.004 -24"><span class='ocrx_word' id='word_1_22' title='bbox 188 600 337 668; x_wconf 78' lang='grc' dir='ltr'>μέγας</span> <span class='ocrx_word' id='word_1_23' title='bbox 387 596 555 648; x_wconf 77' lang='grc' dir='ltr'>Δαϐὶδ</span> <span class='ocrx_word' id='word_1_24' title='bbox 585 597 641 650; x_wconf 84' lang='grc' dir='ltr'>ὲν</span> <span class='ocrx_word' id='word_1_25' title='bbox 691 596 883 667; x_wconf 79' lang='grc' dir='ltr'>ὕμνοις</span> <span class='ocrx_word' id='word_1_26' title='bbox 927 597 1026 670; x_wconf 80' lang='grc' dir='ltr'><strong>τὴν</strong></span> <span class='ocrx_word' id='word_1_27' title='bbox 1072 599 1232 670; x_wconf 82' lang='grc' dir='ltr'>χάριν</span> <span class='ocrx_word' id='word_1_28' title='bbox 1280 600 1483 674; x_wconf 85' lang='grc' dir='ltr'>ταύτην</span> <span class='ocrx_word' id='word_1_29' title='bbox 1536 603 1745 668; x_wconf 81' lang='grc' dir='ltr'>διεξιὼν</span> 
     </span>
    </p>
   </div>
   <div class='ocr_carea' id='block_1_7' title="bbox 185 686 1747 761">
    <p class='ocr_par' dir='ltr' id='par_1_7' title="bbox 185 686 1747 761">
     <span class='ocr_line' id='line_1_7' title="bbox 185 686 1747 761; baseline 0.004 -17"><span class='ocrx_word' id='word_1_30' title='bbox 185 691 535 758; x_wconf 74' lang='grc' dir='ltr'>ἁνευφῆμησε.</span> <span class='ocrx_word' id='word_1_31' title='bbox 590 686 792 744; x_wconf 75' lang='grc' dir='ltr'>Πάντα</span> <span class='ocrx_word' id='word_1_32' title='bbox 842 689 970 760; x_wconf 78' lang='grc' dir='ltr'>γὰρ,</span> <span class='ocrx_word' id='word_1_33' title='bbox 1006 693 1192 761; x_wconf 64' lang='grc' dir='ltr'>φησιν,</span> <span class='ocrx_word' id='word_1_34' title='bbox 1242 694 1545 758; x_wconf 79' lang='grc' dir='ltr'><strong>ὑπέταξεν</strong></span> <span class='ocrx_word' id='word_1_35' title='bbox 1601 699 1747 750; x_wconf 82' lang='grc' dir='ltr'>ὐπο-</span> 
     </span>
    </p>
   </div>
   <div class='ocr_carea' id='block_1_8' title="bbox 183 781 1744 860">
    <p class='ocr_par' dir='ltr' id='par_1_8' title="bbox 183 781 1744 860">
     <span class='ocr_line' id='line_1_8' title="bbox 183 781 1744 860; baseline 0.002 -23"><span class='ocrx_word' id='word_1_36' title='bbox 183 784 319 837; x_wconf 75' lang='grc' dir='ltr'>ιάτω</span> <span class='ocrx_word' id='word_1_37' title='bbox 349 783 466 835; x_wconf 73' lang='grc' dir='ltr'><strong>τῶν</strong></span> <span class='ocrx_word' id='word_1_38' title='bbox 499 781 705 839; x_wconf 76' lang='grc' dir='ltr'>ποδῶν</span> <span class='ocrx_word' id='word_1_39' title='bbox 731 784 948 839; x_wconf 78' lang='grc' dir='ltr'>αὑτοῦ·</span> <span class='ocrx_word' id='word_1_40' title='bbox 983 787 1076 838; x_wconf 79' lang='grc' dir='ltr'><strong>καὶ</strong></span> <span class='ocrx_word' id='word_1_41' title='bbox 1106 789 1194 841; x_wconf 72' lang='grc' dir='ltr'><strong>ἐπ’</strong></span> <span class='ocrx_word' id='word_1_42' title='bbox 1237 788 1498 858; x_wconf 72' lang='grc' dir='ltr'>ὀνόματος</span> <span class='ocrx_word' id='word_1_43' title='bbox 1539 791 1744 860; x_wconf 63' lang='grc' dir='ltr'>μέμνη.</span> 
     </span>
    </p>
   </div>
   <div class='ocr_carea' id='block_1_9' title="bbox 180 873 1746 950">
    <p class='ocr_par' dir='ltr' id='par_1_9' title="bbox 180 873 1746 950">
     <span class='ocr_line' id='line_1_9' title="bbox 180 873 1746 950; baseline 0.005 -24"><span class='ocrx_word' id='word_1_44' title='bbox 180 891 251 926; x_wconf 84' lang='grc' dir='ltr'><strong>ται</strong></span> <span class='ocrx_word' id='word_1_45' title='bbox 278 873 378 925; x_wconf 82' lang='grc' dir='ltr'>τῶν</span> <span class='ocrx_word' id='word_1_46' title='bbox 411 874 888 944; x_wconf 77' lang='grc' dir='ltr'><strong>ὑποτεταγμένων.</strong></span> <span class='ocrx_word' id='word_1_47' title='bbox 923 878 1077 930; x_wconf 82' lang='grc' dir='ltr'>Ἔστι</span> <span class='ocrx_word' id='word_1_48' title='bbox 1100 879 1262 932; x_wconf 83' lang='grc' dir='ltr'>πάλιν</span> <span class='ocrx_word' id='word_1_49' title='bbox 1289 880 1568 949; x_wconf 76' lang='grc' dir='ltr'><strong>ὑποταγῆς</strong></span> <span class='ocrx_word' id='word_1_50' title='bbox 1596 880 1746 950; x_wconf 75' lang='grc' dir='ltr'>παρὰ</span> 
     </span>
    </p>
   </div>
   <div class='ocr_carea' id='block_1_10' title="bbox 182 965 1746 1043">
    <p class='ocr_par' dir='ltr' id='par_1_10' title="bbox 182 965 1746 1043">
     <span class='ocr_line' id='line_1_10' title="bbox 182 965 1746 1043; baseline 0.006 -28"><span class='ocrx_word' id='word_1_51' title='bbox 182 968 232 1034; x_wconf 74' lang='grc' dir='ltr'>τῇ</span> <span class='ocrx_word' id='word_1_52' title='bbox 257 966 368 1034; x_wconf 64' lang='grc' dir='ltr'>θεία</span> <span class='ocrx_word' id='word_1_53' title='bbox 407 965 447 1016; x_wconf 91' lang='grc' dir='ltr'><strong><em>Γ</em></strong></span> <span class='ocrx_word' id='word_1_54' title='bbox 451 969 598 1036; x_wconf 74' lang='grc' dir='ltr'>ρατρῇ</span> <span class='ocrx_word' id='word_1_55' title='bbox 628 967 721 1018; x_wconf 64' lang='grc' dir='ltr'><strong>καὶ¹</strong></span> <span class='ocrx_word' id='word_1_56' title='bbox 764 966 892 1020; x_wconf 76' lang='grc' dir='ltr'>ἄλλο</span> <span class='ocrx_word' id='word_1_57' title='bbox 931 969 993 1020; x_wconf 79' lang='grc' dir='ltr'>τὸ</span> <span class='ocrx_word' id='word_1_58' title='bbox 1032 972 1447 1040; x_wconf 85' lang='grc' dir='ltr'>σημαινόμενον.</span> <span class='ocrx_word' id='word_1_59' title='bbox 1487 972 1606 1024; x_wconf 85' lang='grc' dir='ltr'><strong>Τῶν</strong></span> <span class='ocrx_word' id='word_1_60' title='bbox 1637 973 1746 1043; x_wconf 83' lang='grc' dir='ltr'>γὰρ</span> 
     </span>
    </p>
   </div>
   <div class='ocr_carea' id='block_1_11' title="bbox 180 1056 1744 1133">
    <p class='ocr_par' dir='ltr' id='par_1_11' title="bbox 180 1056 1744 1133">
     <span class='ocr_line' id='line_1_11' title="bbox 180 1056 1744 1133; baseline 0.003 -23"><span class='ocrx_word' id='word_1_61' title='bbox 180 1057 227 1110; x_wconf 68' lang='grc' dir='ltr'>ἐν</span> <span class='ocrx_word' id='word_1_62' title='bbox 252 1059 353 1118; x_wconf 78' lang='grc' dir='ltr'>τοῖς</span> <span class='ocrx_word' id='word_1_63' title='bbox 385 1056 646 1126; x_wconf 83' lang='grc' dir='ltr'>πολέμοις</span> <span class='ocrx_word' id='word_1_64' title='bbox 694 1057 1148 1127; x_wconf 81' lang='grc' dir='ltr'><strong>κατορθωθέντων</strong></span> <span class='ocrx_word' id='word_1_65' title='bbox 1179 1061 1347 1132; x_wconf 83' lang='grc' dir='ltr'>αὑτῷ,</span> <span class='ocrx_word' id='word_1_66' title='bbox 1387 1061 1467 1132; x_wconf 80' lang='grc' dir='ltr'>τῷ</span> <span class='ocrx_word' id='word_1_67' title='bbox 1492 1061 1609 1133; x_wconf 88' lang='grc' dir='ltr'><strong>Θεῷ</strong></span> <span class='ocrx_word' id='word_1_68' title='bbox 1634 1062 1744 1116; x_wconf 86' lang='grc' dir='ltr'><strong>τῶν</strong></span> 
     </span>
    </p>
   </div>
   <div class='ocr_carea' id='block_1_12' title="bbox 180 1150 1744 1224">
    <p class='ocr_par' dir='ltr' id='par_1_12' title="bbox 180 1150 1744 1224">
     <span class='ocr_line' id='line_1_12' title="bbox 180 1150 1744 1224; baseline 0.004 -22"><span class='ocrx_word' id='word_1_69' title='bbox 180 1152 294 1202; x_wconf 80' lang='grc' dir='ltr'>ἰλων</span> <span class='ocrx_word' id='word_1_70' title='bbox 326 1150 606 1214; x_wconf 78' lang='grc' dir='ltr'>ἀνατιθεὶς</span> <span class='ocrx_word' id='word_1_71' title='bbox 635 1150 732 1220; x_wconf 82' lang='grc' dir='ltr'>τὴν</span> <span class='ocrx_word' id='word_1_72' title='bbox 763 1151 963 1213; x_wconf 77' lang='grc' dir='ltr'>αἰτίαν,</span> <span class='ocrx_word' id='word_1_73' title='bbox 1001 1151 1280 1215; x_wconf 79' lang='grc' dir='ltr'><strong>’Υπέταξε</strong></span> <span class='ocrx_word' id='word_1_74' title='bbox 1316 1155 1525 1220; x_wconf 74' lang='grc' dir='ltr'>λαοὺς,</span> <span class='ocrx_word' id='word_1_75' title='bbox 1559 1155 1744 1224; x_wconf 75' lang='grc' dir='ltr'>φησὶν,</span> 
     </span>
    </p>
   </div>
   <div class='ocr_carea' id='block_1_13' title="bbox 179 1243 1742 1315">
    <p class='ocr_par' dir='ltr' id='par_1_13' title="bbox 179 1243 1742 1315">
     <span class='ocr_line' id='line_1_13' title="bbox 179 1243 1742 1315; baseline 0.004 -21"><span class='ocrx_word' id='word_1_76' title='bbox 179 1243 317 1312; x_wconf 72' lang='grc' dir='ltr'>ἡμῖν,</span> <span class='ocrx_word' id='word_1_77' title='bbox 349 1245 445 1296; x_wconf 77' lang='grc' dir='ltr'>καὶ</span> <span class='ocrx_word' id='word_1_78' title='bbox 490 1245 640 1311; x_wconf 80' lang='grc' dir='ltr'>ἔθνη</span> <span class='ocrx_word' id='word_1_79' title='bbox 672 1245 792 1300; x_wconf 79' lang='grc' dir='ltr'>ὑπὸ</span> <span class='ocrx_word' id='word_1_80' title='bbox 825 1246 966 1312; x_wconf 86' lang='grc' dir='ltr'>τοὺς</span> <span class='ocrx_word' id='word_1_81' title='bbox 991 1246 1182 1312; x_wconf 75' lang='grc' dir='ltr'>πόδας</span> <span class='ocrx_word' id='word_1_82' title='bbox 1208 1245 1406 1315; x_wconf 74' lang='grc' dir='ltr'>ἡμῶν·</span> <span class='ocrx_word' id='word_1_83' title='bbox 1441 1248 1533 1300; x_wconf 80' lang='grc' dir='ltr'><strong>καὶ</strong></span> <span class='ocrx_word' id='word_1_84' title='bbox 1561 1247 1742 1312; x_wconf 81' lang='grc' dir='ltr'>πάλιν,</span> 
     </span>
    </p>
   </div>
   <div class='ocr_carea' id='block_1_14' title="bbox 187 1335 1744 1407">
    <p class='ocr_par' dir='ltr' id='par_1_14' title="bbox 187 1335 1744 1407">
     <span class='ocr_line' id='line_1_14' title="bbox 187 1335 1744 1407; baseline 0.003 -20"><span class='ocrx_word' id='word_1_85' title='bbox 187 1337 232 1387; x_wconf 84' lang='grc' dir='ltr'><strong>ὐ</strong></span> <span class='ocrx_word' id='word_1_86' title='bbox 258 1335 624 1390; x_wconf 70' lang='grc' dir='ltr'>ὑποτάσσων</span> <span class='ocrx_word' id='word_1_87' title='bbox 667 1337 857 1404; x_wconf 71' lang='grc' dir='ltr'>λαοὺς</span> <span class='ocrx_word' id='word_1_88' title='bbox 894 1338 997 1393; x_wconf 83' lang='grc' dir='ltr'>ὑπ’</span> <span class='ocrx_word' id='word_1_89' title='bbox 1035 1337 1157 1407; x_wconf 83' lang='grc' dir='ltr'>ἐμέ.</span> <span class='ocrx_word' id='word_1_90' title='bbox 1191 1337 1299 1391; x_wconf 76' lang='grc' dir='ltr'><strong>Καὶ</strong></span> <span class='ocrx_word' id='word_1_91' title='bbox 1332 1337 1590 1402; x_wconf 84' lang='grc' dir='ltr'><strong>πολλάκις</strong></span> <span class='ocrx_word' id='word_1_92' title='bbox 1629 1339 1744 1392; x_wconf 76' lang='grc' dir='ltr'>ἐστι</span> 
     </span>
    </p>
   </div>
   <div class='ocr_carea' id='block_1_15' title="bbox 177 1427 1744 1502">
    <p class='ocr_par' dir='ltr' id='par_1_15' title="bbox 177 1427 1744 1502">
     <span class='ocr_line' id='line_1_15' title="bbox 177 1427 1744 1502; baseline 0.004 -24"><span class='ocrx_word' id='word_1_93' title='bbox 177 1427 258 1497; x_wconf 74' lang='grc' dir='ltr'><strong>τὴν</strong></span> <span class='ocrx_word' id='word_1_94' title='bbox 285 1427 462 1498; x_wconf 68' lang='grc' dir='ltr'>φωνὴν</span> <span class='ocrx_word' id='word_1_95' title='bbox 497 1428 708 1500; x_wconf 85' lang='grc' dir='ltr'>ταύτην</span> <span class='ocrx_word' id='word_1_96' title='bbox 739 1430 798 1481; x_wconf 82' lang='grc' dir='ltr'><strong>ὲν</strong></span> <span class='ocrx_word' id='word_1_97' title='bbox 830 1431 949 1493; x_wconf 84' lang='grc' dir='ltr'>ταῖς</span> <span class='ocrx_word' id='word_1_98' title='bbox 972 1428 1146 1491; x_wconf 80' lang='grc' dir='ltr'>θείαις</span> <span class='ocrx_word' id='word_1_99' title='bbox 1180 1430 1360 1501; x_wconf 81' lang='grc' dir='ltr'>εὑρεῖν</span> <span class='ocrx_word' id='word_1_100' title='bbox 1396 1430 1660 1502; x_wconf 86' lang='grc' dir='ltr'>Γραφαῖς,</span> <span class='ocrx_word' id='word_1_101' title='bbox 1683 1431 1744 1484; x_wconf 80' lang='grc' dir='ltr'>τὺ</span> 
     </span>
    </p>
   </div>
   <div class='ocr_carea' id='block_1_16' title="bbox 179 1519 1741 1592">
    <p class='ocr_par' dir='ltr' id='par_1_16' title="bbox 179 1519 1741 1592">
     <span class='ocr_line' id='line_1_16' title="bbox 179 1519 1741 1592; baseline 0.002 -20"><span class='ocrx_word' id='word_1_102' title='bbox 179 1520 296 1572; x_wconf 70' lang='grc' dir='ltr'>κατὰ</span> <span class='ocrx_word' id='word_1_103' title='bbox 323 1519 430 1572; x_wconf 85' lang='grc' dir='ltr'>τῶν</span> <span class='ocrx_word' id='word_1_104' title='bbox 475 1520 953 1590; x_wconf 81' lang='grc' dir='ltr'>ἀντιτεταγμένων</span> <span class='ocrx_word' id='word_1_105' title='bbox 996 1521 1194 1590; x_wconf 88' lang='grc' dir='ltr'>κράτος</span> <span class='ocrx_word' id='word_1_106' title='bbox 1237 1521 1741 1592; x_wconf 82' lang='grc' dir='ltr'>ἀποσημαίνουσαν.</span> 
     </span>
    </p>
   </div>
   <div class='ocr_carea' id='block_1_17' title="bbox 176 1611 1742 1686">
    <p class='ocr_par' dir='ltr' id='par_1_17' title="bbox 176 1611 1742 1686">
     <span class='ocr_line' id='line_1_17' title="bbox 176 1611 1742 1686; baseline 0.001 -22"><span class='ocrx_word' id='word_1_107' title='bbox 176 1613 236 1664; x_wconf 80' lang='grc' dir='ltr'><strong>Τὸ</strong></span> <span class='ocrx_word' id='word_1_108' title='bbox 261 1612 364 1682; x_wconf 77' lang='grc' dir='ltr'>γὰρ</span> <span class='ocrx_word' id='word_1_109' title='bbox 400 1611 496 1663; x_wconf 86' lang='grc' dir='ltr'><strong>τοῦ</strong></span> <span class='ocrx_word' id='word_1_110' title='bbox 543 1611 870 1664; x_wconf 83' lang='grc' dir='ltr'>Ἀποστόλου</span> <span class='ocrx_word' id='word_1_111' title='bbox 903 1612 995 1665; x_wconf 76' lang='grc' dir='ltr'>ἐπὶ</span> <span class='ocrx_word' id='word_1_112' title='bbox 1028 1612 1126 1682; x_wconf 81' lang='grc' dir='ltr'>τῆς</span> <span class='ocrx_word' id='word_1_113' title='bbox 1171 1613 1228 1664; x_wconf 81' lang='grc' dir='ltr'>ὲν</span> <span class='ocrx_word' id='word_1_114' title='bbox 1263 1613 1474 1686; x_wconf 87' lang='grc' dir='ltr'>ὑστέρῳ</span> <span class='ocrx_word' id='word_1_115' title='bbox 1517 1631 1742 1686; x_wconf 71' lang='grc' dir='ltr'>γενησοσ</span> 
     </span>
    </p>
   </div>
   <div class='ocr_carea' id='block_1_18' title="bbox 177 1703 1743 1776">
    <p class='ocr_par' dir='ltr' id='par_1_18' title="bbox 177 1703 1743 1776">
     <span class='ocr_line' id='line_1_18' title="bbox 177 1703 1743 1776; baseline 0 -18"><span class='ocrx_word' id='word_1_116' title='bbox 177 1706 320 1776; x_wconf 80' lang='grc' dir='ltr'>μένης</span> <span class='ocrx_word' id='word_1_117' title='bbox 341 1705 628 1776; x_wconf 81' lang='grc' dir='ltr'>ὑποταγῆς</span> <span class='ocrx_word' id='word_1_118' title='bbox 657 1704 874 1758; x_wconf 83' lang='grc' dir='ltr'>πάντων</span> <span class='ocrx_word' id='word_1_119' title='bbox 896 1703 1004 1757; x_wconf 86' lang='grc' dir='ltr'><strong>τῶν</strong></span> <span class='ocrx_word' id='word_1_120' title='bbox 1038 1703 1132 1757; x_wconf 84' lang='grc' dir='ltr'>ἀνθ</span> <span class='ocrx_word' id='word_1_121' title='bbox 1144 1703 1338 1774; x_wconf 86' lang='grc' dir='ltr'>ρώπων</span> <span class='ocrx_word' id='word_1_122' title='bbox 1369 1705 1502 1774; x_wconf 83' lang='grc' dir='ltr'>πρὸς</span> <span class='ocrx_word' id='word_1_123' title='bbox 1523 1707 1613 1759; x_wconf 86' lang='grc' dir='ltr'><strong>τὸν</strong></span> <span class='ocrx_word' id='word_1_124' title='bbox 1630 1707 1743 1759; x_wconf 87' lang='grc' dir='ltr'><strong>Μο-</strong></span> 
     </span>
    </p>
   </div>
   <div class='ocr_carea' id='block_1_19' title="bbox 175 1793 1743 1871">
    <p class='ocr_par' dir='ltr' id='par_1_19' title="bbox 175 1793 1743 1871">
     <span class='ocr_line' id='line_1_19' title="bbox 175 1793 1743 1871; baseline -0.001 -18"><span class='ocrx_word' id='word_1_125' title='bbox 175 1800 359 1870; x_wconf 78' lang='grc' dir='ltr'>νογενῆ,</span> <span class='ocrx_word' id='word_1_126' title='bbox 395 1802 491 1852; x_wconf 70' lang='grc' dir='ltr'><strong>καὶ</strong></span> <span class='ocrx_word' id='word_1_127' title='bbox 530 1798 600 1853; x_wconf 74' lang='grc' dir='ltr'>δι’</span> <span class='ocrx_word' id='word_1_128' title='bbox 634 1799 800 1854; x_wconf 81' lang='grc' dir='ltr'>αὑτοῦ</span> <span class='ocrx_word' id='word_1_129' title='bbox 835 1800 971 1870; x_wconf 80' lang='grc' dir='ltr'>πρὸς</span> <span class='ocrx_word' id='word_1_130' title='bbox 994 1798 1085 1852; x_wconf 86' lang='grc' dir='ltr'>τὸν</span> <span class='ocrx_word' id='word_1_131' title='bbox 1119 1799 1357 1871; x_wconf 82' lang='grc' dir='ltr'><strong>Πατέρα,</strong></span> <span class='ocrx_word' id='word_1_132' title='bbox 1393 1801 1448 1854; x_wconf 82' lang='grc' dir='ltr'>ἐν</span> <span class='ocrx_word' id='word_1_133' title='bbox 1481 1793 1561 1863; x_wconf 74' lang='grc' dir='ltr'><strong>οἷς</strong></span> <span class='ocrx_word' id='word_1_134' title='bbox 1589 1801 1644 1852; x_wconf 78' lang='grc' dir='ltr'>ἐν</span> <span class='ocrx_word' id='word_1_135' title='bbox 1665 1799 1743 1870; x_wconf 82' lang='grc' dir='ltr'>τῷ</span> 
     </span>
    </p>
   </div>
   <div class='ocr_carea' id='block_1_20' title="bbox 175 1889 1741 1963">
    <p class='ocr_par' dir='ltr' id='par_1_20' title="bbox 175 1889 1741 1963">
     <span class='ocr_line' id='line_1_20' title="bbox 175 1889 1741 1963; baseline -0.001 -17"><span class='ocrx_word' id='word_1_136' title='bbox 175 1892 304 1960; x_wconf 76' lang='grc' dir='ltr'>βάθει</span> <span class='ocrx_word' id='word_1_137' title='bbox 346 1893 444 1963; x_wconf 78' lang='grc' dir='ltr'>τῆς</span> <span class='ocrx_word' id='word_1_138' title='bbox 481 1893 681 1961; x_wconf 72' lang='grc' dir='ltr'>σοφίας</span> <span class='ocrx_word' id='word_1_139' title='bbox 712 1893 803 1945; x_wconf 80' lang='grc' dir='ltr'><strong>τὸν</strong></span> <span class='ocrx_word' id='word_1_140' title='bbox 845 1892 1071 1962; x_wconf 82' lang='grc' dir='ltr'>μεσίτην</span> <span class='ocrx_word' id='word_1_141' title='bbox 1116 1889 1251 1944; x_wconf 88' lang='grc' dir='ltr'>Θεοῦ</span> <span class='ocrx_word' id='word_1_142' title='bbox 1295 1893 1388 1944; x_wconf 72' lang='grc' dir='ltr'><strong>καὶ</strong></span> <span class='ocrx_word' id='word_1_143' title='bbox 1438 1891 1741 1962; x_wconf 83' lang='grc' dir='ltr'>ἀνθρώπων</span> 
     </span>
    </p>
   </div>
   <div class='ocr_carea' id='block_1_21' title="bbox 174 1981 1741 2054">
    <p class='ocr_par' dir='ltr' id='par_1_21' title="bbox 174 1981 1741 2054">
     <span class='ocr_line' id='line_1_21' title="bbox 174 1981 1741 2054; baseline 0 -19"><span class='ocrx_word' id='word_1_144' title='bbox 174 1985 309 2036; x_wconf 73' lang='grc' dir='ltr'>αὑτὸν</span> <span class='ocrx_word' id='word_1_145' title='bbox 352 1982 765 2036; x_wconf 78' lang='grc' dir='ltr'>ὑποτάσσεσθαι</span> <span class='ocrx_word' id='word_1_146' title='bbox 815 1983 893 2053; x_wconf 80' lang='grc' dir='ltr'>τῷ</span> <span class='ocrx_word' id='word_1_147' title='bbox 925 1984 1099 2054; x_wconf 77' lang='grc' dir='ltr'>Πατρὶ</span> <span class='ocrx_word' id='word_1_148' title='bbox 1151 1981 1302 2050; x_wconf 79' lang='grc' dir='ltr'>λέγει</span> <span class='ocrx_word' id='word_1_149' title='bbox 1357 1981 1474 2053; x_wconf 79' lang='grc' dir='ltr'>(τὴν</span> <span class='ocrx_word' id='word_1_150' title='bbox 1525 1983 1741 2036; x_wconf 84' lang='grc' dir='ltr'>πάντων</span> 
     </span>
    </p>
   </div>
   <div class='ocr_carea' id='block_1_22' title="bbox 173 2070 1742 2142">
    <p class='ocr_par' dir='ltr' id='par_1_22' title="bbox 173 2070 1742 2142">
     <span class='ocr_line' id='line_1_22' title="bbox 173 2070 1742 2142; baseline -0.002 -15"><span class='ocrx_word' id='word_1_151' title='bbox 173 2073 446 2142; x_wconf 80' lang='grc' dir='ltr'>ἀνθρώπων</span> <span class='ocrx_word' id='word_1_152' title='bbox 481 2073 759 2142; x_wconf 72' lang='grc' dir='ltr'>ὑπακοὴν,</span> <span class='ocrx_word' id='word_1_153' title='bbox 791 2072 879 2126; x_wconf 78' lang='grc' dir='ltr'>διὰ</span> <span class='ocrx_word' id='word_1_154' title='bbox 925 2070 1026 2141; x_wconf 81' lang='grc' dir='ltr'><strong>τῆς</strong></span> <span class='ocrx_word' id='word_1_155' title='bbox 1055 2070 1150 2124; x_wconf 88' lang='grc' dir='ltr'><strong>τοῦ</strong></span> <span class='ocrx_word' id='word_1_156' title='bbox 1183 2070 1310 2124; x_wconf 77' lang='grc' dir='ltr'>Υίοῦ</span> <span class='ocrx_word' id='word_1_157' title='bbox 1347 2072 1742 2142; x_wconf 85' lang='grc' dir='ltr'>μετεσχηκὸτος</span> 
     </span>
    </p>
   </div>
   <div class='ocr_carea' id='block_1_23' title="bbox 173 2163 1741 2236">
    <p class='ocr_par' dir='ltr' id='par_1_23' title="bbox 173 2163 1741 2236">
     <span class='ocr_line' id='line_1_23' title="bbox 173 2163 1741 2236; baseline -0.001 -18"><span class='ocrx_word' id='word_1_158' title='bbox 173 2165 252 2235; x_wconf 78' lang='grc' dir='ltr'>τῆς</span> <span class='ocrx_word' id='word_1_159' title='bbox 275 2165 700 2236; x_wconf 85' lang='grc' dir='ltr'>ἁνθρωπότητος</span> <span class='ocrx_word' id='word_1_160' title='bbox 735 2165 870 2235; x_wconf 83' lang='grc' dir='ltr'>πρὸς</span> <span class='ocrx_word' id='word_1_161' title='bbox 897 2163 987 2216; x_wconf 84' lang='grc' dir='ltr'>τὸν</span> <span class='ocrx_word' id='word_1_162' title='bbox 1010 2164 1231 2235; x_wconf 78' lang='grc' dir='ltr'>Πατέρα</span> <span class='ocrx_word' id='word_1_163' title='bbox 1258 2163 1536 2234; x_wconf 77' lang='grc' dir='ltr'>ὑποταγῆς</span> <span class='ocrx_word' id='word_1_164' title='bbox 1566 2164 1741 2216; x_wconf 72' lang='grc' dir='ltr'>αἰνισ-</span> 
     </span>
    </p>
   </div>
   <div class='ocr_carea' id='block_1_24' title="bbox 175 2256 1742 2329">
    <p class='ocr_par' dir='ltr' id='par_1_24' title="bbox 175 2256 1742 2329">
     <span class='ocr_line' id='line_1_24' title="bbox 175 2256 1742 2329; baseline -0.002 -17"><span class='ocrx_word' id='word_1_165' title='bbox 175 2257 423 2329; x_wconf 77' lang='grc' dir='ltr'>σόμενος),</span> <span class='ocrx_word' id='word_1_166' title='bbox 465 2257 552 2318; x_wconf 81' lang='grc' dir='ltr'><strong>ώς</strong></span> <span class='ocrx_word' id='word_1_167' title='bbox 594 2257 838 2320; x_wconf 79' lang='grc' dir='ltr'>πλείονος</span> <span class='ocrx_word' id='word_1_168' title='bbox 875 2257 967 2309; x_wconf 72' lang='grc' dir='ltr'>καὶ</span> <span class='ocrx_word' id='word_1_169' title='bbox 1013 2256 1451 2328; x_wconf 76' lang='grc' dir='ltr'>φιλοπονωτέρας</span> <span class='ocrx_word' id='word_1_170' title='bbox 1490 2256 1742 2326; x_wconf 84' lang='grc' dir='ltr'>δεόμενον</span> 
     </span>
    </p>
   </div>
   <div class='ocr_carea' id='block_1_25' title="bbox 172 2348 1739 2422">
    <p class='ocr_par' dir='ltr' id='par_1_25' title="bbox 172 2348 1739 2422">
     <span class='ocr_line' id='line_1_25' title="bbox 172 2348 1739 2422; baseline -0.001 -20"><span class='ocrx_word' id='word_1_171' title='bbox 172 2351 251 2421; x_wconf 74' lang='grc' dir='ltr'>τῆς</span> <span class='ocrx_word' id='word_1_172' title='bbox 276 2349 616 2420; x_wconf 74' lang='grc' dir='ltr'><strong>ἐξηγήσεως,</strong></span> <span class='ocrx_word' id='word_1_173' title='bbox 649 2351 784 2422; x_wconf 69' lang='grc' dir='ltr'>πρὸς</span> <span class='ocrx_word' id='word_1_174' title='bbox 825 2349 884 2402; x_wconf 83' lang='grc' dir='ltr'>τὸ</span> <span class='ocrx_word' id='word_1_175' title='bbox 927 2349 1099 2418; x_wconf 82' lang='grc' dir='ltr'>παρὸν</span> <span class='ocrx_word' id='word_1_176' title='bbox 1147 2349 1545 2420; x_wconf 83' lang='grc' dir='ltr'>ὑπερθήσομαι.</span> <span class='ocrx_word' id='word_1_177' title='bbox 1603 2348 1739 2400; x_wconf 79' lang='grc' dir='ltr'><strong>Ἀλλ’</strong></span> 
     </span>
    </p>
   </div>
   <div class='ocr_carea' id='block_1_26' title="bbox 175 2435 1742 2515">
    <p class='ocr_par' dir='ltr' id='par_1_26' title="bbox 175 2435 1742 2515">
     <span class='ocr_line' id='line_1_26' title="bbox 175 2435 1742 2515; baseline 0 -21"><span class='ocrx_word' id='word_1_178' title='bbox 175 2443 221 2495; x_wconf 71' lang='grc' dir='ltr'>ἐν</span> <span class='ocrx_word' id='word_1_179' title='bbox 243 2447 339 2506; x_wconf 77' lang='grc' dir='ltr'>τοῖς</span> <span class='ocrx_word' id='word_1_180' title='bbox 368 2441 689 2515; x_wconf 78' lang='grc' dir='ltr'>προδήλοις,</span> <span class='ocrx_word' id='word_1_181' title='bbox 726 2441 784 2493; x_wconf 79' lang='grc' dir='ltr'>ὲν</span> <span class='ocrx_word' id='word_1_182' title='bbox 811 2435 890 2505; x_wconf 81' lang='grc' dir='ltr'><strong>οἷς</strong></span> <span class='ocrx_word' id='word_1_183' title='bbox 915 2440 1168 2511; x_wconf 73' lang='grc' dir='ltr'>οὐδεμίαν</span> <span class='ocrx_word' id='word_1_184' title='bbox 1205 2440 1535 2510; x_wconf 77' lang='grc' dir='ltr'>ἀμφιϐολίαν</span> <span class='ocrx_word' id='word_1_185' title='bbox 1563 2440 1624 2494; x_wconf 82' lang='grc' dir='ltr'><strong>τὸ</strong></span> <span class='ocrx_word' id='word_1_186' title='bbox 1644 2441 1742 2513; x_wconf 82' lang='grc' dir='ltr'>τῆς</span> 
     </span>
    </p>
   </div>
   <div class='ocr_carea' id='block_1_27' title="bbox 172 2532 1742 2606">
    <p class='ocr_par' dir='ltr' id='par_1_27' title="bbox 172 2532 1742 2606">
     <span class='ocr_line' id='line_1_27' title="bbox 172 2532 1742 2606; baseline 0 -20"><span class='ocrx_word' id='word_1_187' title='bbox 172 2535 420 2606; x_wconf 77' lang='grc' dir='ltr'>ὑποταγῆς</span> <span class='ocrx_word' id='word_1_188' title='bbox 457 2534 869 2606; x_wconf 84' lang='grc' dir='ltr'>σημαινόμενον</span> <span class='ocrx_word' id='word_1_189' title='bbox 923 2532 1071 2602; x_wconf 80' lang='grc' dir='ltr'>ἔχει,</span> <span class='ocrx_word' id='word_1_190' title='bbox 1112 2532 1253 2585; x_wconf 86' lang='grc' dir='ltr'>κατὰ</span> <span class='ocrx_word' id='word_1_191' title='bbox 1283 2532 1404 2586; x_wconf 85' lang='grc' dir='ltr'>τίνα</span> <span class='ocrx_word' id='word_1_192' title='bbox 1450 2532 1572 2586; x_wconf 90' lang='grc' dir='ltr'>νοῦν</span> <span class='ocrx_word' id='word_1_193' title='bbox 1609 2532 1742 2587; x_wconf 88' lang='grc' dir='ltr'>ὑπο-</span> 
     </span>
    </p>
   </div>
   <div class='ocr_carea' id='block_1_28' title="bbox 171 2623 1740 2699">
    <p class='ocr_par' dir='ltr' id='par_1_28' title="bbox 171 2623 1740 2699">
     <span class='ocr_line' id='line_1_28' title="bbox 171 2623 1740 2699; baseline -0.002 -18"><span class='ocrx_word' id='word_1_194' title='bbox 171 2627 398 2697; x_wconf 75' lang='grc' dir='ltr'>τετάχθαι</span> <span class='ocrx_word' id='word_1_195' title='bbox 443 2628 558 2699; x_wconf 83' lang='grc' dir='ltr'>τὴν</span> <span class='ocrx_word' id='word_1_196' title='bbox 601 2625 697 2679; x_wconf 83' lang='grc' dir='ltr'><strong>τοῦ</strong></span> <span class='ocrx_word' id='word_1_197' title='bbox 749 2623 1067 2694; x_wconf 73' lang='grc' dir='ltr'>Πνεῦματος</span> <span class='ocrx_word' id='word_1_198' title='bbox 1109 2624 1298 2676; x_wconf 80' lang='grc' dir='ltr'>οὐσίαν</span> <span class='ocrx_word' id='word_1_199' title='bbox 1344 2627 1411 2696; x_wconf 83' lang='grc' dir='ltr'>τῇ</span> <span class='ocrx_word' id='word_1_200' title='bbox 1463 2624 1557 2678; x_wconf 88' lang='grc' dir='ltr'><strong>τοῦ</strong></span> <span class='ocrx_word' id='word_1_201' title='bbox 1608 2625 1740 2679; x_wconf 78' lang='grc' dir='ltr'>Υἱοῦ</span> 
     </span>
    </p>
   </div>
   <div class='ocr_carea' id='block_1_29' title="bbox 172 2716 1742 2790">
    <p class='ocr_par' dir='ltr' id='par_1_29' title="bbox 172 2716 1742 2790">
     <span class='ocr_line' id='line_1_29' title="bbox 172 2716 1742 2790; baseline -0.002 -18"><span class='ocrx_word' id='word_1_202' title='bbox 172 2720 355 2772; x_wconf 74' lang='grc' dir='ltr'>καὶτοῦ</span> <span class='ocrx_word' id='word_1_203' title='bbox 412 2719 643 2790; x_wconf 77' lang='grc' dir='ltr'>Πατρὸς</span> <span class='ocrx_word' id='word_1_204' title='bbox 687 2717 1091 2786; x_wconf 75' lang='grc' dir='ltr'>ἀποφαίνεται;</span> <span class='ocrx_word' id='word_1_205' title='bbox 1139 2717 1226 2780; x_wconf 83' lang='grc' dir='ltr'>Ὠς</span> <span class='ocrx_word' id='word_1_206' title='bbox 1275 2716 1404 2780; x_wconf 84' lang='grc' dir='ltr'>Υἱὸς</span> <span class='ocrx_word' id='word_1_207' title='bbox 1445 2716 1524 2786; x_wconf 82' lang='grc' dir='ltr'>τῷ</span> <span class='ocrx_word' id='word_1_208' title='bbox 1569 2717 1742 2788; x_wconf 75' lang='grc' dir='ltr'><strong>Πατρῖ⁵</strong></span> 
     </span>
    </p>
   </div>
   <div class='ocr_carea' id='block_1_30' title="bbox 174 2809 1739 2876">
    <p class='ocr_par' dir='ltr' id='par_1_30' title="bbox 174 2809 1739 2876">
     <span class='ocr_line' id='line_1_30' title="bbox 174 2809 1739 2876; baseline -0.001 -12"><span class='ocrx_word' id='word_1_209' title='bbox 174 2813 533 2871; x_wconf 76' lang='grc' dir='ltr'>ὑποτάσσεται.</span> <span class='ocrx_word' id='word_1_210' title='bbox 571 2811 754 2876; x_wconf 86' lang='grc' dir='ltr'>καθὼς</span> <span class='ocrx_word' id='word_1_211' title='bbox 778 2813 890 2863; x_wconf 82' lang='grc' dir='ltr'>νοεῖ</span> <span class='ocrx_word' id='word_1_212' title='bbox 914 2811 942 2862; x_wconf 86' lang='grc' dir='ltr'>ὁ</span> <span class='ocrx_word' id='word_1_213' title='bbox 988 2809 1330 2874; x_wconf 85' lang='grc' dir='ltr'>Ἀπόστολος;</span> <span class='ocrx_word' id='word_1_214' title='bbox 1357 2809 1568 2862; x_wconf 78' lang='grc' dir='ltr'>Οὐκοῦν</span> <span class='ocrx_word' id='word_1_215' title='bbox 1598 2809 1739 2863; x_wconf 74' lang='grc' dir='ltr'>κατὰ</span> 
     </span>
    </p>
   </div>
   <div class='ocr_carea' id='block_1_31' title="bbox 170 2901 1741 2972">
    <p class='ocr_par' dir='ltr' id='par_1_31' title="bbox 170 2901 1741 2972">
     <span class='ocr_line' id='line_1_31' title="bbox 170 2901 1741 2972; baseline -0.001 -15"><span class='ocrx_word' id='word_1_216' title='bbox 170 2905 303 2958; x_wconf 76' lang='grc' dir='ltr'>τοῦτο</span> <span class='ocrx_word' id='word_1_217' title='bbox 340 2902 812 2972; x_wconf 82' lang='grc' dir='ltr'>συντάσσεταιτῷ</span> <span class='ocrx_word' id='word_1_218' title='bbox 843 2902 956 2972; x_wconf 83' lang='grc' dir='ltr'>Υίῴ</span> <span class='ocrx_word' id='word_1_219' title='bbox 989 2902 1048 2954; x_wconf 83' lang='grc' dir='ltr'><strong>τὸ</strong></span> <span class='ocrx_word' id='word_1_220' title='bbox 1087 2901 1333 2972; x_wconf 78' lang='grc' dir='ltr'>Πνεῦμα,</span> <span class='ocrx_word' id='word_1_221' title='bbox 1363 2902 1461 2972; x_wconf 80' lang='grc' dir='ltr'><strong>οὐχ</strong></span> <span class='ocrx_word' id='word_1_222' title='bbox 1504 2903 1741 2956; x_wconf 84' lang='grc' dir='ltr'>ὑποτάσ-</span> 
     </span>
    </p>
   </div>
   <div class='ocr_carea' id='block_1_32' title="bbox 173 2991 1739 3068">
    <p class='ocr_par' dir='ltr' id='par_1_32' title="bbox 173 2991 1739 3068">
     <span class='ocr_line' id='line_1_32' title="bbox 173 2991 1739 3068; baseline -0.003 -17"><span class='ocrx_word' id='word_1_223' title='bbox 173 3015 319 3062; x_wconf 80' lang='grc' dir='ltr'>σεται,</span> <span class='ocrx_word' id='word_1_224' title='bbox 361 2999 528 3068; x_wconf 85' lang='grc' dir='ltr'>εἴπερ</span> <span class='ocrx_word' id='word_1_225' title='bbox 580 2997 650 3048; x_wconf 82' lang='grc' dir='ltr'><strong>τά</strong></span> <span class='ocrx_word' id='word_1_226' title='bbox 686 2995 779 3048; x_wconf 80' lang='grc' dir='ltr'><strong>δύο</strong></span> <span class='ocrx_word' id='word_1_227' title='bbox 820 2996 1087 3066; x_wconf 84' lang='grc' dir='ltr'>πρόσωπα</span> <span class='ocrx_word' id='word_1_228' title='bbox 1138 2991 1244 3044; x_wconf 83' lang='grc' dir='ltr'>τῶν</span> <span class='ocrx_word' id='word_1_229' title='bbox 1292 2994 1739 3063; x_wconf 85' lang='grc' dir='ltr'>ὑποταττομένων</span> 
     </span>
    </p>
   </div>
   <div class='ocr_carea' id='block_1_33' title="bbox 172 3082 1736 3158">
    <p class='ocr_par' dir='ltr' id='par_1_33' title="bbox 172 3082 1736 3158">
     <span class='ocr_line' id='line_1_33' title="bbox 172 3082 1736 3158; baseline -0.003 -16"><span class='ocrx_word' id='word_1_230' title='bbox 172 3091 314 3143; x_wconf 73' lang='grc' dir='ltr'>ἐστίν.</span> <span class='ocrx_word' id='word_1_231' title='bbox 349 3087 424 3143; x_wconf 86' lang='grc' dir='ltr'><strong>Ἦ</strong></span> <span class='ocrx_word' id='word_1_232' title='bbox 461 3090 572 3158; x_wconf 76' lang='grc' dir='ltr'><strong>οὐχ</strong></span> <span class='ocrx_word' id='word_1_233' title='bbox 609 3088 754 3142; x_wconf 68' lang='grc' dir='ltr'>οὕτω</span> <span class='ocrx_word' id='word_1_234' title='bbox 784 3088 923 3158; x_wconf 84' lang='grc' dir='ltr'>(πῶς</span> <span class='ocrx_word' id='word_1_235' title='bbox 949 3082 1043 3138; x_wconf 75' lang='grc' dir='ltr'><strong>οὖν</strong></span> <span class='ocrx_word' id='word_1_236' title='bbox 1077 3083 1319 3156; x_wconf 79' lang='grc' dir='ltr'>ἑτέρως),</span> <span class='ocrx_word' id='word_1_237' title='bbox 1352 3085 1428 3148; x_wconf 83' lang='grc' dir='ltr'>ὡς</span> <span class='ocrx_word' id='word_1_238' title='bbox 1455 3087 1518 3156; x_wconf 79' lang='grc' dir='ltr'>τῇ</span> <span class='ocrx_word' id='word_1_239' title='bbox 1547 3084 1736 3157; x_wconf 84' lang='grc' dir='ltr'>λογικῂ</span> 
     </span>
    </p>
   </div>
   <div class='ocr_carea' id='block_1_34' title="bbox 172 3173 1739 3274">
    <p class='ocr_par' dir='ltr' id='par_1_34' title="bbox 172 3178 1739 3255">
     <span class='ocr_line' id='line_1_34' title="bbox 172 3178 1739 3255; baseline -0.004 -18"><span class='ocrx_word' id='word_1_240' title='bbox 172 3184 304 3253; x_wconf 69' lang='grc' dir='ltr'>φύσει</span> <span class='ocrx_word' id='word_1_241' title='bbox 349 3185 448 3255; x_wconf 81' lang='grc' dir='ltr'>τὴν</span> <span class='ocrx_word' id='word_1_242' title='bbox 478 3183 682 3250; x_wconf 72' lang='grc' dir='ltr'>ἄλογον</span> <span class='ocrx_word' id='word_1_243' title='bbox 711 3184 769 3235; x_wconf 81' lang='grc' dir='ltr'>ὲν</span> <span class='ocrx_word' id='word_1_244' title='bbox 797 3179 874 3250; x_wconf 80' lang='grc' dir='ltr'>τῷ</span> <span class='ocrx_word' id='word_1_245' title='bbox 909 3179 1108 3250; x_wconf 77' lang='grc' dir='ltr'>ψαλμῷ</span> <span class='ocrx_word' id='word_1_246' title='bbox 1139 3178 1566 3249; x_wconf 78' lang='grc' dir='ltr'>μεμαθήκαμεν;</span> <span class='ocrx_word' id='word_1_247' title='bbox 1599 3180 1739 3232; x_wconf 86' lang='grc' dir='ltr'>Οὐκ-</span> 
     </span>
    </p>
   </div>
   <div class='ocr_carea' id='block_1_35' title="bbox 1844 3173 2891 3274">
    <p class='ocr_par' dir='ltr' id='par_1_35' title="bbox 1846 3173 2891 3245">
     <span class='ocr_line' id='line_1_35' title="bbox 1846 3173 2891 3245; baseline 0.005 -19"><span class='ocrx_word' id='word_1_248' title='bbox 1846 3173 2109 3245; x_wconf 90' lang='lat' dir='ltr'><strong>Spiritum</strong></span> <span class='ocrx_word' id='word_1_249' title='bbox 2200 3185 2450 3231; x_wconf 85' lang='lat' dir='ltr'><strong>sanctum</strong></span> <span class='ocrx_word' id='word_1_250' title='bbox 2551 3175 2688 3230; x_wconf 81' lang='lat' dir='ltr'><strong>Filio</strong></span> <span class='ocrx_word' id='word_1_251' title='bbox 2786 3195 2891 3232; x_wconf 86' lang='lat' dir='ltr'><strong>non</strong></span> 
     </span>
    </p>
   </div>
   <div class='ocr_carea' id='block_1_36' title="bbox 169 3268 1740 3341">
    <p class='ocr_par' dir='ltr' id='par_1_36' title="bbox 169 3268 1740 3341">
     <span class='ocr_line' id='line_1_36' title="bbox 169 3268 1740 3341; baseline -0.003 -14"><span class='ocrx_word' id='word_1_252' title='bbox 169 3275 246 3328; x_wconf 86' lang='grc' dir='ltr'><strong>οῦν</strong></span> <span class='ocrx_word' id='word_1_253' title='bbox 274 3274 532 3330; x_wconf 79' lang='grc' dir='ltr'>τοσοῦτον</span> <span class='ocrx_word' id='word_1_254' title='bbox 571 3270 974 3341; x_wconf 77' lang='grc' dir='ltr'>παρήλλακται,</span> <span class='ocrx_word' id='word_1_255' title='bbox 1011 3269 1133 3322; x_wconf 83' lang='grc' dir='ltr'>ὅσον</span> <span class='ocrx_word' id='word_1_256' title='bbox 1161 3271 1192 3339; x_wconf 78' lang='grc' dir='ltr'>ἡ</span> <span class='ocrx_word' id='word_1_257' title='bbox 1216 3268 1322 3320; x_wconf 84' lang='grc' dir='ltr'>τῶν</span> <span class='ocrx_word' id='word_1_258' title='bbox 1363 3268 1574 3340; x_wconf 84' lang='grc' dir='ltr'>κτηνῶν</span> <span class='ocrx_word' id='word_1_259' title='bbox 1604 3270 1740 3341; x_wconf 80' lang='grc' dir='ltr'>πρὸς</span> 
     </span>
    </p>
   </div>
   <div class='ocr_carea' id='block_1_37' title="bbox 167 3359 1740 3436">
    <p class='ocr_par' dir='ltr' id='par_1_37' title="bbox 167 3359 1740 3436">
     <span class='ocr_line' id='line_1_37' title="bbox 167 3359 1740 3436; baseline -0.003 -18"><span class='ocrx_word' id='word_1_260' title='bbox 167 3366 242 3418; x_wconf 74' lang='grc' dir='ltr'>τὸν</span> <span class='ocrx_word' id='word_1_261' title='bbox 270 3365 580 3436; x_wconf 74' lang='grc' dir='ltr'>ἄνθρωπον.</span> <span class='ocrx_word' id='word_1_262' title='bbox 633 3363 792 3416; x_wconf 75' lang='grc' dir='ltr'>Ἀλλὰ</span> <span class='ocrx_word' id='word_1_263' title='bbox 838 3361 1235 3432; x_wconf 71' lang='grc' dir='ltr'>περιγράφεται</span> <span class='ocrx_word' id='word_1_264' title='bbox 1267 3360 1360 3412; x_wconf 76' lang='grc' dir='ltr'><strong>καὶ</strong></span> <span class='ocrx_word' id='word_1_265' title='bbox 1386 3359 1571 3414; x_wconf 91' lang='grc' dir='ltr'>τοῦτον</span> <span class='ocrx_word' id='word_1_266' title='bbox 1609 3361 1740 3425; x_wconf 85' lang='grc' dir='ltr'>ῐσως</span> 
     </span>
    </p>
   </div>
   <div class='ocr_carea' id='block_1_38' title="bbox 169 3453 1739 3525">
    <p class='ocr_par' dir='ltr' id='par_1_38' title="bbox 169 3453 1739 3525">
     <span class='ocr_line' id='line_1_38' title="bbox 169 3453 1739 3525; baseline -0.001 -15"><span class='ocrx_word' id='word_1_267' title='bbox 169 3459 241 3510; x_wconf 67' lang='grc' dir='ltr'>τὸν</span> <span class='ocrx_word' id='word_1_268' title='bbox 260 3459 407 3525; x_wconf 80' lang='grc' dir='ltr'>λόγον</span> <span class='ocrx_word' id='word_1_269' title='bbox 431 3476 447 3524; x_wconf 89' lang='grc'>;</span> <span class='ocrx_word' id='word_1_270' title='bbox 477 3455 698 3509; x_wconf 70' lang='grc' dir='ltr'>Οὐκοῦν</span> <span class='ocrx_word' id='word_1_271' title='bbox 721 3455 814 3508; x_wconf 74' lang='grc' dir='ltr'>ἐπὶ</span> <span class='ocrx_word' id='word_1_272' title='bbox 842 3454 933 3507; x_wconf 84' lang='grc' dir='ltr'><strong>τὸν</strong></span> <span class='ocrx_word' id='word_1_273' title='bbox 960 3453 1277 3523; x_wconf 82' lang='grc' dir='ltr'>λειπόμενον</span> <span class='ocrx_word' id='word_1_274' title='bbox 1297 3453 1436 3523; x_wconf 78' lang='grc' dir='ltr'>ἥξει·</span> <span class='ocrx_word' id='word_1_275' title='bbox 1470 3454 1552 3507; x_wconf 81' lang='grc' dir='ltr'>ὅτι</span> <span class='ocrx_word' id='word_1_276' title='bbox 1593 3456 1739 3508; x_wconf 83' lang='grc' dir='ltr'>ἀντι·</span> 
     </span>
    </p>
   </div>
   <div class='ocr_carea' id='block_1_39' title="bbox 169 3543 1740 3618">
    <p class='ocr_par' dir='ltr' id='par_1_39' title="bbox 169 3543 1740 3618">
     <span class='ocr_line' id='line_1_39' title="bbox 169 3543 1740 3618; baseline -0.002 -16"><span class='ocrx_word' id='word_1_277' title='bbox 169 3551 453 3618; x_wconf 77' lang='grc' dir='ltr'>τεταγμένη</span> <span class='ocrx_word' id='word_1_278' title='bbox 515 3548 614 3601; x_wconf 76' lang='grc' dir='ltr'>καὶ</span> <span class='ocrx_word' id='word_1_279' title='bbox 673 3543 1100 3616; x_wconf 88' lang='grc' dir='ltr'>ὰντιστρατοῦσα</span> <span class='ocrx_word' id='word_1_280' title='bbox 1144 3543 1204 3597; x_wconf 85' lang='grc' dir='ltr'><strong>τὸ</strong></span> <span class='ocrx_word' id='word_1_281' title='bbox 1247 3545 1533 3616; x_wconf 75' lang='grc' dir='ltr'>πρότερον,</span> <span class='ocrx_word' id='word_1_282' title='bbox 1601 3545 1740 3616; x_wconf 78' lang='grc' dir='ltr'>μετὰ</span> 
     </span>
    </p>
   </div>
   <div class='ocr_carea' id='block_1_40' title="bbox 169 3635 1738 3708">
    <p class='ocr_par' dir='ltr' id='par_1_40' title="bbox 169 3635 1738 3708">
     <span class='ocr_line' id='line_1_40' title="bbox 169 3635 1738 3708; baseline -0.002 -14"><span class='ocrx_word' id='word_1_283' title='bbox 169 3642 317 3694; x_wconf 81' lang='grc' dir='ltr'>ταῦτα</span> <span class='ocrx_word' id='word_1_284' title='bbox 365 3641 457 3694; x_wconf 74' lang='grc' dir='ltr'><strong>διὰ</strong></span> <span class='ocrx_word' id='word_1_285' title='bbox 523 3637 877 3708; x_wconf 77' lang='grc' dir='ltr'>βεϐαιοτέρας</span> <span class='ocrx_word' id='word_1_286' title='bbox 924 3636 1170 3705; x_wconf 73' lang='grc' dir='ltr'>ἀνάγκης</span> <span class='ocrx_word' id='word_1_287' title='bbox 1223 3635 1556 3690; x_wconf 83' lang='grc' dir='ltr'>ὑποκύπτειν</span> <span class='ocrx_word' id='word_1_288' title='bbox 1605 3655 1738 3691; x_wconf 84' lang='grc' dir='ltr'>κατ-</span> 
     </span>
    </p>
   </div>
   <div class='ocr_carea' id='block_1_41' title="bbox 167 3729 1023 3804">
    <p class='ocr_par' dir='ltr' id='par_1_41' title="bbox 167 3729 1023 3804">
     <span class='ocr_line' id='line_1_41' title="bbox 167 3729 1023 3804; baseline -0.002 -20"><span class='ocrx_word' id='word_1_289' title='bbox 167 3733 464 3804; x_wconf 82' lang='grc' dir='ltr'>ηναγκάσθη</span> <span class='ocrx_word' id='word_1_290' title='bbox 483 3785 488 3792; x_wconf 76' lang='grc'><strong>,</strong></span> <span class='ocrx_word' id='word_1_291' title='bbox 505 3730 587 3801; x_wconf 83' lang='grc' dir='ltr'>τῷ</span> <span class='ocrx_word' id='word_1_292' title='bbox 614 3729 842 3800; x_wconf 83' lang='grc' dir='ltr'>κατισχύ</span> <span class='ocrx_word' id='word_1_293' title='bbox 851 3745 1023 3782; x_wconf 90' lang='grc' dir='ltr'>σαντι.</span> 
     </span>
    </p>
   </div>
   <div class='ocr_carea' id='block_1_42' title="bbox 1852 610 3432 684">
    <p class='ocr_par' dir='ltr' id='par_1_42' title="bbox 1852 610 3432 684">
     <span class='ocr_line' id='line_1_42' title="bbox 1852 610 3432 684; baseline 0.006 -22"><span class='ocrx_word' id='word_1_294' title='bbox 1852 610 2084 666; x_wconf 87' lang='lat' dir='ltr'><strong>rationis</strong></span> <span class='ocrx_word' id='word_1_295' title='bbox 2111 617 2388 681; x_wconf 79' lang='lat' dir='ltr'><strong>expertem</strong></span> <span class='ocrx_word' id='word_1_296' title='bbox 2444 618 2753 665; x_wconf 90' lang='lat' dir='ltr'><strong>creaturam</strong></span> <span class='ocrx_word' id='word_1_297' title='bbox 2788 612 3024 684; x_wconf 88' lang='lat' dir='ltr'><strong>subjecit</strong></span> <span class='ocrx_word' id='word_1_298' title='bbox 3064 615 3143 671; x_wconf 90' lang='lat' dir='ltr'><strong>illi</strong></span> <span class='ocrx_word' id='word_1_299' title='bbox 3177 619 3432 673; x_wconf 88' lang='lat' dir='ltr'><strong>conditor</strong></span> 
     </span>
    </p>
   </div>
   <div class='ocr_carea' id='block_1_43' title="bbox 1849 699 3429 774">
    <p class='ocr_par' dir='ltr' id='par_1_43' title="bbox 1849 699 3429 774">
     <span class='ocr_line' id='line_1_43' title="bbox 1849 699 3429 774; baseline 0.008 -22"><span class='ocrx_word' id='word_1_300' title='bbox 1849 699 2013 756; x_wconf 87' lang='lat' dir='ltr'><strong>Deus.</strong></span> <span class='ocrx_word' id='word_1_301' title='bbox 2081 699 2550 767; x_wconf 84' lang='lat' dir='ltr'><strong>Quemadmodum</strong></span> <span class='ocrx_word' id='word_1_302' title='bbox 2635 717 2867 774; x_wconf 86' lang='lat' dir='ltr'><strong>magnus</strong></span> <span class='ocrx_word' id='word_1_303' title='bbox 2925 706 3087 761; x_wconf 85' lang='lat' dir='ltr'><strong>etiam</strong></span> <span class='ocrx_word' id='word_1_304' title='bbox 3138 706 3308 764; x_wconf 84' lang='lat' dir='ltr'><strong>David</strong></span> <span class='ocrx_word' id='word_1_305' title='bbox 3373 710 3429 764; x_wconf 90' lang='lat' dir='ltr'><strong>in</strong></span> 
     </span>
    </p>
   </div>
   <div class='ocr_carea' id='block_1_44' title="bbox 1848 790 3424 866">
    <p class='ocr_par' dir='ltr' id='par_1_44' title="bbox 1848 790 3424 866">
     <span class='ocr_line' id='line_1_44' title="bbox 1848 790 3424 866; baseline 0.006 -21"><span class='ocrx_word' id='word_1_306' title='bbox 1848 790 2082 848; x_wconf 78' lang='lat' dir='ltr'><strong>Psalmis</strong></span> <span class='ocrx_word' id='word_1_307' title='bbox 2136 793 2281 846; x_wconf 90' lang='lat' dir='ltr'><strong>hanc</strong></span> <span class='ocrx_word' id='word_1_308' title='bbox 2347 793 2577 862; x_wconf 80' lang='lat' dir='ltr'><strong>gratiam</strong></span> <span class='ocrx_word' id='word_1_309' title='bbox 2625 791 2718 847; x_wconf 89' lang='lat' dir='ltr'><strong>Dei</strong></span> <span class='ocrx_word' id='word_1_310' title='bbox 2779 809 3045 852; x_wconf 87' lang='lat' dir='ltr'><strong>euarrans</strong></span> <span class='ocrx_word' id='word_1_311' title='bbox 3093 797 3424 866; x_wconf 73' lang='lat' dir='ltr'><strong>decantavit,</strong></span> 
     </span>
    </p>
   </div>
   <div class='ocr_carea' id='block_1_45' title="bbox 1851 881 3429 960">
    <p class='ocr_par' dir='ltr' id='par_1_45' title="bbox 1851 881 3429 960">
     <span class='ocr_line' id='line_1_45' title="bbox 1851 881 3429 960; baseline 0.008 -25"><span class='ocrx_word' id='word_1_312' title='bbox 1851 881 2066 949; x_wconf 83' lang='lat' dir='ltr'><strong>Omnia,</strong></span> <span class='ocrx_word' id='word_1_313' title='bbox 2123 883 2400 953; x_wconf 85' lang='lat' dir='ltr'><strong>inquiens,</strong></span> <span class='ocrx_word' id='word_1_314' title='bbox 2456 884 2677 953; x_wconf 71' lang='lat' dir='ltr'><strong>subjecit</strong></span> <span class='ocrx_word' id='word_1_315' title='bbox 2702 884 2797 938; x_wconf 77' lang='lat' dir='ltr'><strong>sub</strong></span> <span class='ocrx_word' id='word_1_316' title='bbox 2848 887 3063 955; x_wconf 79' lang='lat' dir='ltr'><strong>pedibus</strong></span> <span class='ocrx_word' id='word_1_317' title='bbox 3118 891 3317 960; x_wconf 72' lang='lat' dir='ltr'><strong>ejus&quot;,</strong></span> <span class='ocrx_word' id='word_1_318' title='bbox 3373 899 3429 948; x_wconf 84' lang='lat' dir='ltr'><strong>et</strong></span> 
     </span>
    </p>
   </div>
   <div class='ocr_carea' id='block_1_46' title="bbox 1849 973 3422 1051">
    <p class='ocr_par' dir='ltr' id='par_1_46' title="bbox 1849 973 3422 1051">
     <span class='ocr_line' id='line_1_46' title="bbox 1849 973 3422 1051; baseline 0.007 -24"><span class='ocrx_word' id='word_1_319' title='bbox 1849 973 2105 1044; x_wconf 85' lang='lat' dir='ltr'><strong>deinceps</strong></span> <span class='ocrx_word' id='word_1_320' title='bbox 2133 976 2462 1030; x_wconf 89' lang='lat' dir='ltr'><strong>nominatim</strong></span> <span class='ocrx_word' id='word_1_321' title='bbox 2498 980 2820 1046; x_wconf 74' lang='lat' dir='ltr'><strong>exsequitur</strong></span> <span class='ocrx_word' id='word_1_322' title='bbox 2856 979 2971 1045; x_wconf 91' lang='lat' dir='ltr'><strong>illa,</strong></span> <span class='ocrx_word' id='word_1_323' title='bbox 3026 997 3148 1051; x_wconf 67' lang='lat' dir='ltr'><strong>qum.</strong></span> <span class='ocrx_word' id='word_1_324' title='bbox 3175 984 3225 1037; x_wconf 90' lang='lat' dir='ltr'><strong>ei</strong></span> <span class='ocrx_word' id='word_1_325' title='bbox 3291 994 3422 1038; x_wconf 86' lang='lat' dir='ltr'><strong>sunt</strong></span> 
     </span>
    </p>
   </div>
   <div class='ocr_carea' id='block_1_47' title="bbox 1851 1065 3416 1139">
    <p class='ocr_par' dir='ltr' id='par_1_47' title="bbox 1851 1065 3416 1139">
     <span class='ocr_line' id='line_1_47' title="bbox 1851 1065 3416 1139; baseline 0.005 -19"><span class='ocrx_word' id='word_1_326' title='bbox 1851 1066 2116 1136; x_wconf 85' lang='lat' dir='ltr'><strong>subjecta.</strong></span> <span class='ocrx_word' id='word_1_327' title='bbox 2149 1065 2416 1122; x_wconf 63' lang='lat' dir='ltr'><strong>Praeterea</strong></span> <span class='ocrx_word' id='word_1_328' title='bbox 2457 1067 2603 1122; x_wconf 87' lang='lat' dir='ltr'><strong>aliud</strong></span> <span class='ocrx_word' id='word_1_329' title='bbox 2632 1069 2991 1139; x_wconf 89' lang='lat' dir='ltr'><strong>subjectionis</strong></span> <span class='ocrx_word' id='word_1_330' title='bbox 3016 1071 3070 1125; x_wconf 94' lang='lat' dir='ltr'><strong>in</strong></span> <span class='ocrx_word' id='word_1_331' title='bbox 3112 1075 3288 1129; x_wconf 88' lang='lat' dir='ltr'><strong>sacris</strong></span> <span class='ocrx_word' id='word_1_332' title='bbox 3312 1074 3416 1128; x_wconf 82' lang='lat' dir='ltr'><strong>Lit-</strong></span> 
     </span>
    </p>
   </div>
   <div class='ocr_carea' id='block_1_48' title="bbox 1847 1148 3426 1230">
    <p class='ocr_par' dir='ltr' id='par_1_48' title="bbox 1847 1148 3426 1230">
     <span class='ocr_line' id='line_1_48' title="bbox 1847 1148 3426 1230; baseline 0.006 -20"><span class='ocrx_word' id='word_1_333' title='bbox 1847 1158 1986 1212; x_wconf 86' lang='lat' dir='ltr'><strong>teris</strong></span> <span class='ocrx_word' id='word_1_334' title='bbox 2016 1159 2291 1227; x_wconf 86' lang='lat' dir='ltr'><strong>reperitur</strong></span> <span class='ocrx_word' id='word_1_335' title='bbox 2317 1158 2724 1230; x_wconf 80' lang='lat' dir='ltr'><strong>signiﬁcatum;</strong></span> <span class='ocrx_word' id='word_1_336' title='bbox 2767 1148 3140 1218; x_wconf 12' lang='lat' dir='ltr'><strong>rerum‘enim</strong></span> <span class='ocrx_word' id='word_1_337' title='bbox 3177 1166 3234 1218; x_wconf 91' lang='lat' dir='ltr'><strong>in</strong></span> <span class='ocrx_word' id='word_1_338' title='bbox 3279 1166 3426 1221; x_wconf 83' lang='lat' dir='ltr'><strong>bello</strong></span> 
     </span>
    </p>
   </div>
   <div class='ocr_carea' id='block_1_49' title="bbox 1851 1244 3425 1318">
    <p class='ocr_par' dir='ltr' id='par_1_49' title="bbox 1851 1244 3425 1318">
     <span class='ocr_line' id='line_1_49' title="bbox 1851 1244 3425 1318; baseline 0.008 -20"><span class='ocrx_word' id='word_1_339' title='bbox 1851 1244 2093 1300; x_wconf 79' lang='lat' dir='ltr'><strong>feliciter</strong></span> <span class='ocrx_word' id='word_1_340' title='bbox 2139 1247 2209 1300; x_wconf 84' lang='lat' dir='ltr'><strong>ab</strong></span> <span class='ocrx_word' id='word_1_341' title='bbox 2249 1247 2368 1317; x_wconf 84' lang='lat' dir='ltr'><strong>ipso</strong></span> <span class='ocrx_word' id='word_1_342' title='bbox 2397 1257 2676 1318; x_wconf 85' lang='lat' dir='ltr'><strong>gestarum</strong></span> <span class='ocrx_word' id='word_1_343' title='bbox 2724 1265 2948 1306; x_wconf 82' lang='lat' dir='ltr'><strong>causam</strong></span> <span class='ocrx_word' id='word_1_344' title='bbox 2998 1251 3108 1308; x_wconf 88' lang='lat' dir='ltr'><strong>Deo</strong></span> <span class='ocrx_word' id='word_1_345' title='bbox 3138 1256 3425 1313; x_wconf 56' lang='lat' dir='ltr'><strong>universo.</strong></span> 
     </span>
    </p>
   </div>
   <div class='ocr_carea' id='block_1_50' title="bbox 1847 1337 3422 1413">
    <p class='ocr_par' dir='ltr' id='par_1_50' title="bbox 1847 1337 3422 1413">
     <span class='ocr_line' id='line_1_50' title="bbox 1847 1337 3422 1413; baseline 0.008 -24"><span class='ocrx_word' id='word_1_346' title='bbox 1847 1351 1966 1390; x_wconf 86' lang='lat' dir='ltr'><strong>rum</strong></span> <span class='ocrx_word' id='word_1_347' title='bbox 2018 1337 2301 1392; x_wconf 86' lang='lat' dir='ltr'><strong>ascribens</strong></span> <span class='ocrx_word' id='word_1_348' title='bbox 2359 1338 2418 1394; x_wconf 85' lang='grc' dir='ltr'><strong>Β.</strong></span> <span class='ocrx_word' id='word_1_349' title='bbox 2471 1338 2634 1393; x_wconf 85' lang='lat' dir='ltr'><strong>David</strong></span> <span class='ocrx_word' id='word_1_350' title='bbox 2675 1338 2951 1409; x_wconf 80' lang='lat' dir='ltr'><strong>:Subjecit</strong></span> <span class='ocrx_word' id='word_1_351' title='bbox 2981 1344 3200 1412; x_wconf 82' lang='lat' dir='ltr'><strong>populos</strong></span> <span class='ocrx_word' id='word_1_352' title='bbox 3249 1347 3422 1413; x_wconf 70' lang='lat' dir='ltr'><strong>nobis,</strong></span> 
     </span>
    </p>
   </div>
   <div class='ocr_carea' id='block_1_51' title="bbox 1847 1429 3424 1502">
    <p class='ocr_par' dir='ltr' id='par_1_51' title="bbox 1847 1429 3424 1502">
     <span class='ocr_line' id='line_1_51' title="bbox 1847 1429 3424 1502; baseline 0.007 -20"><span class='ocrx_word' id='word_1_353' title='bbox 1847 1429 2023 1498; x_wconf 88' lang='lat' dir='ltr'><strong>inquit</strong></span> <span class='ocrx_word' id='word_1_354' title='bbox 2068 1431 2134 1494; x_wconf 79' lang='lat'><strong>&quot;,</strong></span> <span class='ocrx_word' id='word_1_355' title='bbox 2177 1440 2225 1484; x_wconf 83' lang='lat' dir='ltr'><strong>et</strong></span> <span class='ocrx_word' id='word_1_356' title='bbox 2273 1443 2450 1500; x_wconf 77' lang='lat' dir='ltr'><strong>gentes</strong></span> <span class='ocrx_word' id='word_1_357' title='bbox 2492 1431 2585 1485; x_wconf 82' lang='lat' dir='ltr'><strong>sub</strong></span> <span class='ocrx_word' id='word_1_358' title='bbox 2640 1431 2858 1500; x_wconf 79' lang='lat' dir='ltr'><strong>pedibus</strong></span> <span class='ocrx_word' id='word_1_359' title='bbox 2915 1437 3151 1502; x_wconf 78' lang='lat' dir='ltr'><strong>nostris;</strong></span> <span class='ocrx_word' id='word_1_360' title='bbox 3201 1440 3424 1493; x_wconf 90' lang='lat' dir='ltr'><strong>iterum-</strong></span> 
     </span>
    </p>
   </div>
   <div class='ocr_carea' id='block_1_52' title="bbox 1844 1519 3424 1596">
    <p class='ocr_par' dir='ltr' id='par_1_52' title="bbox 1844 1519 3424 1596">
     <span class='ocr_line' id='line_1_52' title="bbox 1844 1519 3424 1596; baseline 0.006 -22"><span class='ocrx_word' id='word_1_361' title='bbox 1844 1536 1951 1591; x_wconf 89' lang='lat' dir='ltr'><strong>que</strong></span> <span class='ocrx_word' id='word_1_362' title='bbox 1987 1543 1998 1576; x_wconf 88' lang='lat'><strong>:</strong></span> <span class='ocrx_word' id='word_1_363' title='bbox 2033 1519 2138 1587; x_wconf 81' lang='lat' dir='ltr'><strong>Qui</strong></span> <span class='ocrx_word' id='word_1_364' title='bbox 2159 1523 2370 1591; x_wconf 74' lang='lat' dir='ltr'><strong>subjicit</strong></span> <span class='ocrx_word' id='word_1_365' title='bbox 2397 1524 2614 1592; x_wconf 80' lang='lat' dir='ltr'><strong>populos</strong></span> <span class='ocrx_word' id='word_1_366' title='bbox 2636 1523 2784 1576; x_wconf 77' lang='lat' dir='ltr'><strong>mihi.</strong></span> <span class='ocrx_word' id='word_1_367' title='bbox 2827 1523 3146 1596; x_wconf 76' lang='lat' dir='ltr'><strong>Stepiusque</strong></span> <span class='ocrx_word' id='word_1_368' title='bbox 3176 1527 3424 1584; x_wconf 81' lang='lat' dir='ltr'><strong>invenire</strong></span> 
     </span>
    </p>
   </div>
   <div class='ocr_carea' id='block_1_53' title="bbox 1845 1614 3412 1686">
    <p class='ocr_par' dir='ltr' id='par_1_53' title="bbox 1845 1614 3412 1686">
     <span class='ocr_line' id='line_1_53' title="bbox 1845 1614 3412 1686; baseline 0.001 -18"><span class='ocrx_word' id='word_1_369' title='bbox 1845 1620 1928 1668; x_wconf 86' lang='lat' dir='ltr'><strong>est</strong></span> <span class='ocrx_word' id='word_1_370' title='bbox 1953 1628 2138 1669; x_wconf 85' lang='lat' dir='ltr'><strong>vocem</strong></span> <span class='ocrx_word' id='word_1_371' title='bbox 2161 1614 2303 1668; x_wconf 89' lang='lat' dir='ltr'><strong>hanc</strong></span> <span class='ocrx_word' id='word_1_372' title='bbox 2329 1615 2383 1668; x_wconf 91' lang='lat' dir='ltr'><strong>in</strong></span> <span class='ocrx_word' id='word_1_373' title='bbox 2417 1630 2574 1670; x_wconf 88' lang='lat' dir='ltr'><strong>sacra</strong></span> <span class='ocrx_word' id='word_1_374' title='bbox 2613 1615 2901 1686; x_wconf 87' lang='lat' dir='ltr'><strong>Scriptura</strong></span> <span class='ocrx_word' id='word_1_375' title='bbox 2929 1631 2993 1671; x_wconf 88' lang='lat' dir='ltr'><strong>ea</strong></span> <span class='ocrx_word' id='word_1_376' title='bbox 3041 1618 3282 1679; x_wconf 88' lang='lat' dir='ltr'><strong>notione,</strong></span> <span class='ocrx_word' id='word_1_377' title='bbox 3307 1631 3412 1684; x_wconf 88' lang='lat' dir='ltr'><strong>qua</strong></span> 
     </span>
    </p>
   </div>
   <div class='ocr_carea' id='block_1_54' title="bbox 1847 1703 3419 1782">
    <p class='ocr_par' dir='ltr' id='par_1_54' title="bbox 1847 1703 3419 1782">
     <span class='ocr_line' id='line_1_54' title="bbox 1847 1703 3419 1782; baseline 0.006 -24"><span class='ocrx_word' id='word_1_378' title='bbox 1847 1703 2124 1775; x_wconf 83' lang='lat' dir='ltr'><strong>signiﬁcat</strong></span> <span class='ocrx_word' id='word_1_379' title='bbox 2173 1705 2602 1761; x_wconf 82' lang='lat' dir='ltr'><strong>dominationem</strong></span> <span class='ocrx_word' id='word_1_380' title='bbox 2658 1707 2710 1761; x_wconf 92' lang='lat' dir='ltr'><strong>in</strong></span> <span class='ocrx_word' id='word_1_381' title='bbox 2768 1708 3122 1766; x_wconf 82' lang='lat' dir='ltr'><strong>adversarios</strong></span> <span class='ocrx_word' id='word_1_382' title='bbox 3166 1723 3419 1782; x_wconf 85' lang='lat' dir='ltr'><strong>partam:</strong></span> 
     </span>
    </p>
   </div>
   <div class='ocr_carea' id='block_1_55' title="bbox 1845 1794 3417 1866">
    <p class='ocr_par' dir='ltr' id='par_1_55' title="bbox 1845 1794 3417 1866">
     <span class='ocr_line' id='line_1_55' title="bbox 1845 1794 3417 1866; baseline 0.007 -18"><span class='ocrx_word' id='word_1_383' title='bbox 1845 1811 1970 1849; x_wconf 88' lang='lat' dir='ltr'><strong>nam</strong></span> <span class='ocrx_word' id='word_1_384' title='bbox 2005 1795 2136 1850; x_wconf 92' lang='lat' dir='ltr'><strong>illud</strong></span> <span class='ocrx_word' id='word_1_385' title='bbox 2168 1794 2415 1866; x_wconf 81' lang='lat' dir='ltr'><strong>Apostoli</strong></span> <span class='ocrx_word' id='word_1_386' title='bbox 2441 1797 2508 1850; x_wconf 86' lang='lat' dir='ltr'><strong>de</strong></span> <span class='ocrx_word' id='word_1_387' title='bbox 2538 1797 2721 1853; x_wconf 80' lang='lat' dir='ltr'><strong>futura</strong></span> <span class='ocrx_word' id='word_1_388' title='bbox 2753 1812 2857 1855; x_wconf 82' lang='lat' dir='ltr'><strong>suo</strong></span> <span class='ocrx_word' id='word_1_389' title='bbox 2888 1802 3046 1856; x_wconf 88' lang='lat' dir='ltr'><strong>ﬁnem</strong></span> <span class='ocrx_word' id='word_1_390' title='bbox 3074 1804 3260 1857; x_wconf 89' lang='lat' dir='ltr'><strong>mundi</strong></span> <span class='ocrx_word' id='word_1_391' title='bbox 3291 1805 3417 1859; x_wconf 90' lang='lat' dir='ltr'><strong>sub-</strong></span> 
     </span>
    </p>
   </div>
   <div class='ocr_carea' id='block_1_56' title="bbox 1773 1874 3422 1966">
    <p class='ocr_par' dir='ltr' id='par_1_56' title="bbox 1773 1874 3422 1966">
     <span class='ocr_line' id='line_1_56' title="bbox 1773 1874 3422 1966; baseline 0.004 -24"><span class='ocrx_word' id='word_1_392' title='bbox 1773 1874 1816 1934; x_wconf 81' lang='grc' dir='ltr'><strong>Β</strong></span> <span class='ocrx_word' id='word_1_393' title='bbox 1841 1887 2082 1957; x_wconf 89' lang='lat' dir='ltr'><strong>jectione</strong></span> <span class='ocrx_word' id='word_1_394' title='bbox 2129 1888 2374 1943; x_wconf 88' lang='lat' dir='ltr'><strong>omnium</strong></span> <span class='ocrx_word' id='word_1_395' title='bbox 2411 1889 2714 1954; x_wconf 87' lang='lat' dir='ltr'><strong>hominum,</strong></span> <span class='ocrx_word' id='word_1_396' title='bbox 2771 1907 2876 1961; x_wconf 89' lang='lat' dir='ltr'><strong>qua</strong></span> <span class='ocrx_word' id='word_1_397' title='bbox 2931 1892 3226 1963; x_wconf 87' lang='lat' dir='ltr'><strong>Unigcnito</strong></span> <span class='ocrx_word' id='word_1_398' title='bbox 3256 1897 3422 1966; x_wconf 67' lang='grc' dir='ltr'>ευὶῇίο</span> 
     </span>
    </p>
   </div>
   <div class='ocr_carea' id='block_1_57' title="bbox 1843 1981 3414 2055">
    <p class='ocr_par' dir='ltr' id='par_1_57' title="bbox 1843 1981 3414 2055">
     <span class='ocr_line' id='line_1_57' title="bbox 1843 1981 3414 2055; baseline 0.004 -21"><span class='ocrx_word' id='word_1_399' title='bbox 1843 1983 2078 2044; x_wconf 86' lang='lat' dir='ltr'><strong>cientur,</strong></span> <span class='ocrx_word' id='word_1_400' title='bbox 2125 1987 2181 2034; x_wconf 89' lang='lat' dir='ltr'><strong>et</strong></span> <span class='ocrx_word' id='word_1_401' title='bbox 2208 1995 2304 2050; x_wconf 91' lang='lat' dir='ltr'><strong>per</strong></span> <span class='ocrx_word' id='word_1_402' title='bbox 2339 1981 2518 2051; x_wconf 88' lang='lat' dir='ltr'><strong>ipsum</strong></span> <span class='ocrx_word' id='word_1_403' title='bbox 2555 1981 2726 2044; x_wconf 88' lang='lat' dir='ltr'><strong>Patri,</strong></span> <span class='ocrx_word' id='word_1_404' title='bbox 2780 1998 2905 2036; x_wconf 90' lang='lat' dir='ltr'><strong>cum</strong></span> <span class='ocrx_word' id='word_1_405' title='bbox 2941 1999 3046 2038; x_wconf 88' lang='lat' dir='ltr'><strong>non</strong></span> <span class='ocrx_word' id='word_1_406' title='bbox 3093 1985 3301 2055; x_wconf 85' lang='lat' dir='ltr'><strong>absque</strong></span> <span class='ocrx_word' id='word_1_407' title='bbox 3333 2001 3414 2040; x_wconf 78' lang='lat' dir='ltr'><strong>re-</strong></span> 
     </span>
    </p>
   </div>
   <div class='ocr_carea' id='block_1_58' title="bbox 1843 2069 3418 2141">
    <p class='ocr_par' dir='ltr' id='par_1_58' title="bbox 1843 2069 3418 2141">
     <span class='ocr_line' id='line_1_58' title="bbox 1843 2069 3418 2141; baseline 0.003 -17"><span class='ocrx_word' id='word_1_408' title='bbox 1843 2069 2060 2124; x_wconf 90' lang='lat' dir='ltr'><strong>condita</strong></span> <span class='ocrx_word' id='word_1_409' title='bbox 2093 2071 2360 2140; x_wconf 81' lang='lat' dir='ltr'><strong>sapientia</strong></span> <span class='ocrx_word' id='word_1_410' title='bbox 2392 2071 2526 2125; x_wconf 90' lang='lat' dir='ltr'><strong>dicit</strong></span> <span class='ocrx_word' id='word_1_411' title='bbox 2560 2090 2573 2125; x_wconf 91' lang='lat'><strong>:</strong></span> <span class='ocrx_word' id='word_1_412' title='bbox 2629 2072 2807 2141; x_wconf 91' lang='lat' dir='ltr'><strong>ipsum</strong></span> <span class='ocrx_word' id='word_1_413' title='bbox 2845 2075 3010 2128; x_wconf 88' lang='lat' dir='ltr'><strong>etiam</strong></span> <span class='ocrx_word' id='word_1_414' title='bbox 3062 2076 3418 2132; x_wconf 86' lang='lat' dir='ltr'><strong>mediatorem</strong></span> 
     </span>
    </p>
   </div>
   <div class='ocr_carea' id='block_1_59' title="bbox 1843 2160 3418 2232">
    <p class='ocr_par' dir='ltr' id='par_1_59' title="bbox 1843 2160 3418 2232">
     <span class='ocr_line' id='line_1_59' title="bbox 1843 2160 3418 2232; baseline 0.006 -18"><span class='ocrx_word' id='word_1_415' title='bbox 1843 2161 1941 2217; x_wconf 86' lang='lat' dir='ltr'><strong>Dei</strong></span> <span class='ocrx_word' id='word_1_416' title='bbox 1980 2172 2032 2217; x_wconf 91' lang='lat' dir='ltr'><strong>et</strong></span> <span class='ocrx_word' id='word_1_417' title='bbox 2061 2162 2345 2217; x_wconf 89' lang='lat' dir='ltr'><strong>hominum</strong></span> <span class='ocrx_word' id='word_1_418' title='bbox 2374 2160 2522 2218; x_wconf 88' lang='lat' dir='ltr'><strong>Patri</strong></span> <span class='ocrx_word' id='word_1_419' title='bbox 2571 2164 2878 2232; x_wconf 87' lang='lat' dir='ltr'><strong>subjectum</strong></span> <span class='ocrx_word' id='word_1_420' title='bbox 2925 2166 2989 2220; x_wconf 92' lang='lat' dir='ltr'><strong>iri</strong></span> <span class='ocrx_word' id='word_1_421' title='bbox 3009 2168 3074 2231; x_wconf 86' lang='lat'><strong>&quot;,</strong></span> <span class='ocrx_word' id='word_1_422' title='bbox 3113 2169 3418 2232; x_wconf 87' lang='lat' dir='ltr'><strong>insinuans,</strong></span> 
     </span>
    </p>
   </div>
   <div class='ocr_carea' id='block_1_60' title="bbox 1841 2251 3416 2324">
    <p class='ocr_par' dir='ltr' id='par_1_60' title="bbox 1841 2251 3416 2324">
     <span class='ocr_line' id='line_1_60' title="bbox 1841 2251 3416 2324; baseline 0.004 -18"><span class='ocrx_word' id='word_1_423' title='bbox 1841 2251 2095 2306; x_wconf 76' lang='lat' dir='ltr'><strong>videlicet</strong></span> <span class='ocrx_word' id='word_1_424' title='bbox 2126 2251 2376 2307; x_wconf 89' lang='lat' dir='ltr'><strong>onmium</strong></span> <span class='ocrx_word' id='word_1_425' title='bbox 2405 2252 2689 2307; x_wconf 89' lang='lat' dir='ltr'><strong>hominum</strong></span> <span class='ocrx_word' id='word_1_426' title='bbox 2725 2269 2853 2324; x_wconf 83' lang='lat' dir='ltr'><strong>erga</strong></span> <span class='ocrx_word' id='word_1_427' title='bbox 2893 2255 3108 2312; x_wconf 86' lang='lat' dir='ltr'><strong>Patrem</strong></span> <span class='ocrx_word' id='word_1_428' title='bbox 3154 2259 3416 2314; x_wconf 84' lang='lat' dir='ltr'><strong>obedien-</strong></span> 
     </span>
    </p>
   </div>
   <div class='ocr_carea' id='block_1_61' title="bbox 1843 2342 3419 2420">
    <p class='ocr_par' dir='ltr' id='par_1_61' title="bbox 1843 2342 3419 2420">
     <span class='ocr_line' id='line_1_61' title="bbox 1843 2342 3419 2420; baseline 0.004 -23"><span class='ocrx_word' id='word_1_429' title='bbox 1843 2343 1974 2397; x_wconf 89' lang='lat' dir='ltr'><strong>tiam</strong></span> <span class='ocrx_word' id='word_1_430' title='bbox 2012 2358 2107 2413; x_wconf 91' lang='lat' dir='ltr'><strong>per</strong></span> <span class='ocrx_word' id='word_1_431' title='bbox 2136 2342 2337 2399; x_wconf 85' lang='lat' dir='ltr'><strong>Filium</strong></span> <span class='ocrx_word' id='word_1_432' title='bbox 2397 2343 2757 2401; x_wconf 86' lang='lat' dir='ltr'><strong>humanitatis</strong></span> <span class='ocrx_word' id='word_1_433' title='bbox 2801 2355 3005 2402; x_wconf 69' lang='lat' dir='ltr'><strong>nostrae</strong></span> <span class='ocrx_word' id='word_1_434' title='bbox 3045 2349 3365 2420; x_wconf 71' lang='lat' dir='ltr'><strong>participem</strong></span> <span class='ocrx_word' id='word_1_435' title='bbox 3405 2368 3419 2403; x_wconf 93' lang='lat'><strong>:</strong></span> 
     </span>
    </p>
   </div>
   <div class='ocr_carea' id='block_1_62' title="bbox 1843 2437 3420 2512">
    <p class='ocr_par' dir='ltr' id='par_1_62' title="bbox 1843 2437 3420 2512">
     <span class='ocr_line' id='line_1_62' title="bbox 1843 2437 3420 2512; baseline 0.003 -20"><span class='ocrx_word' id='word_1_436' title='bbox 1843 2438 1896 2492; x_wconf 93' lang='lat' dir='ltr'><strong>in</strong></span> <span class='ocrx_word' id='word_1_437' title='bbox 1934 2437 2219 2507; x_wconf 65' lang='lat' dir='ltr'><strong>praesentia</strong></span> <span class='ocrx_word' id='word_1_438' title='bbox 2254 2437 2776 2506; x_wconf 68' lang='lat' dir='ltr'><strong>praetermittendum</strong></span> <span class='ocrx_word' id='word_1_439' title='bbox 2808 2455 3034 2504; x_wconf 85' lang='lat' dir='ltr'><strong>censeo,</strong></span> <span class='ocrx_word' id='word_1_440' title='bbox 3061 2444 3261 2512; x_wconf 87' lang='lat' dir='ltr'><strong>quippe</strong></span> <span class='ocrx_word' id='word_1_441' title='bbox 3276 2446 3420 2512; x_wconf 84' lang='lat' dir='ltr'><strong>quod</strong></span> 
     </span>
    </p>
   </div>
   <div class='ocr_carea' id='block_1_63' title="bbox 1842 2529 3417 2604">
    <p class='ocr_par' dir='ltr' id='par_1_63' title="bbox 1842 2529 3417 2604">
     <span class='ocr_line' id='line_1_63' title="bbox 1842 2529 3417 2604; baseline 0.006 -22"><span class='ocrx_word' id='word_1_442' title='bbox 1842 2530 2087 2599; x_wconf 76' lang='lat' dir='ltr'><strong>longiore</strong></span> <span class='ocrx_word' id='word_1_443' title='bbox 2116 2537 2172 2582; x_wconf 91' lang='lat' dir='ltr'><strong>ct</strong></span> <span class='ocrx_word' id='word_1_444' title='bbox 2200 2529 2542 2584; x_wconf 84' lang='lat' dir='ltr'><strong>accuratiore</strong></span> <span class='ocrx_word' id='word_1_445' title='bbox 2562 2530 2929 2587; x_wconf 88' lang='lat' dir='ltr'><strong>declaratione</strong></span> <span class='ocrx_word' id='word_1_446' title='bbox 2947 2541 3118 2604; x_wconf 84' lang='lat' dir='ltr'><strong>egeat.</strong></span> <span class='ocrx_word' id='word_1_447' title='bbox 3141 2534 3259 2590; x_wconf 78' lang='lat' dir='ltr'><strong>Non</strong></span> <span class='ocrx_word' id='word_1_448' title='bbox 3292 2537 3417 2592; x_wconf 89' lang='lat' dir='ltr'><strong>dis-</strong></span> 
     </span>
    </p>
   </div>
   <div class='ocr_carea' id='block_1_64' title="bbox 1841 2619 3418 2692">
    <p class='ocr_par' dir='ltr' id='par_1_64' title="bbox 1841 2619 3418 2692">
     <span class='ocr_line' id='line_1_64' title="bbox 1841 2619 3418 2692; baseline 0.004 -19"><span class='ocrx_word' id='word_1_449' title='bbox 1841 2621 2029 2675; x_wconf 88' lang='lat' dir='ltr'><strong>cedam</strong></span> <span class='ocrx_word' id='word_1_450' title='bbox 2066 2635 2095 2672; x_wconf 88' lang='lat' dir='ltr'><strong>a</strong></span> <span class='ocrx_word' id='word_1_451' title='bbox 2145 2619 2454 2690; x_wconf 89' lang='lat' dir='ltr'><strong>perspicuis</strong></span> <span class='ocrx_word' id='word_1_452' title='bbox 2477 2660 2490 2685; x_wconf 90' lang='lat'><strong>,</strong></span> <span class='ocrx_word' id='word_1_453' title='bbox 2521 2620 2698 2690; x_wconf 85' lang='lat' dir='ltr'><strong>iisque</strong></span> <span class='ocrx_word' id='word_1_454' title='bbox 2736 2620 2790 2675; x_wconf 93' lang='lat' dir='ltr'><strong>in</strong></span> <span class='ocrx_word' id='word_1_455' title='bbox 2823 2623 3027 2692; x_wconf 81' lang='lat' dir='ltr'><strong>quibus</strong></span> <span class='ocrx_word' id='word_1_456' title='bbox 3061 2625 3211 2679; x_wconf 90' lang='lat' dir='ltr'><strong>nulla</strong></span> <span class='ocrx_word' id='word_1_457' title='bbox 3243 2625 3418 2680; x_wconf 86' lang='lat' dir='ltr'><strong>ambi-</strong></span> 
     </span>
    </p>
   </div>
   <div class='ocr_carea' id='block_1_65' title="bbox 1841 2710 3413 2788">
    <p class='ocr_par' dir='ltr' id='par_1_65' title="bbox 1841 2710 3413 2788">
     <span class='ocr_line' id='line_1_65' title="bbox 1841 2710 3413 2788; baseline 0.005 -24"><span class='ocrx_word' id='word_1_458' title='bbox 1841 2711 2022 2783; x_wconf 86' lang='lat' dir='ltr'><strong>guitas</strong></span> <span class='ocrx_word' id='word_1_459' title='bbox 2043 2710 2110 2766; x_wconf 90' lang='lat' dir='ltr'><strong>de</strong></span> <span class='ocrx_word' id='word_1_460' title='bbox 2146 2711 2462 2782; x_wconf 87' lang='lat' dir='ltr'><strong>signiﬁcatu</strong></span> <span class='ocrx_word' id='word_1_461' title='bbox 2494 2711 2862 2782; x_wconf 74' lang='lat' dir='ltr'><strong>subiectionis</strong></span> <span class='ocrx_word' id='word_1_462' title='bbox 2895 2715 3122 2772; x_wconf 81' lang='lat' dir='ltr'><strong>residet.</strong></span> <span class='ocrx_word' id='word_1_463' title='bbox 3165 2717 3286 2784; x_wconf 89' lang='lat' dir='ltr'><strong>Quo</strong></span> <span class='ocrx_word' id='word_1_464' title='bbox 3315 2719 3413 2788; x_wconf 82' lang='lat' dir='ltr'><strong>igi-</strong></span> 
     </span>
    </p>
   </div>
   <div class='ocr_carea' id='block_1_66' title="bbox 1842 2802 3420 2874">
    <p class='ocr_par' dir='ltr' id='par_1_66' title="bbox 1842 2802 3420 2874">
     <span class='ocr_line' id='line_1_66' title="bbox 1842 2802 3420 2874; baseline 0.007 -17"><span class='ocrx_word' id='word_1_465' title='bbox 1842 2812 1932 2857; x_wconf 89' lang='lat' dir='ltr'><strong>tur</strong></span> <span class='ocrx_word' id='word_1_466' title='bbox 1964 2819 2128 2858; x_wconf 88' lang='lat' dir='ltr'><strong>sensu</strong></span> <span class='ocrx_word' id='word_1_467' title='bbox 2163 2802 2346 2868; x_wconf 90' lang='lat' dir='ltr'><strong>docet,</strong></span> <span class='ocrx_word' id='word_1_468' title='bbox 2397 2803 2640 2874; x_wconf 87' lang='lat' dir='ltr'><strong>Spiritus</strong></span> <span class='ocrx_word' id='word_1_469' title='bbox 2693 2805 3083 2874; x_wconf 88' lang='lat' dir='ltr'><strong>substantiam,</strong></span> <span class='ocrx_word' id='word_1_470' title='bbox 3135 2807 3313 2865; x_wconf 84' lang='lat' dir='ltr'><strong>Patris</strong></span> <span class='ocrx_word' id='word_1_471' title='bbox 3367 2826 3420 2868; x_wconf 86' lang='lat' dir='ltr'><strong>et</strong></span> 
     </span>
    </p>
   </div>
   <div class='ocr_carea' id='block_1_67' title="bbox 1842 2894 3420 2966">
    <p class='ocr_par' dir='ltr' id='par_1_67' title="bbox 1842 2894 3420 2966">
     <span class='ocr_line' id='line_1_67' title="bbox 1842 2894 3420 2966; baseline 0.005 -17"><span class='ocrx_word' id='word_1_472' title='bbox 1842 2894 1966 2949; x_wconf 83' lang='lat' dir='ltr'><strong>Filii</strong></span> <span class='ocrx_word' id='word_1_473' title='bbox 2031 2896 2351 2950; x_wconf 56' lang='lat' dir='ltr'><strong>substantiae</strong></span> <span class='ocrx_word' id='word_1_474' title='bbox 2386 2896 2687 2966; x_wconf 87' lang='lat' dir='ltr'><strong>subjectam</strong></span> <span class='ocrx_word' id='word_1_475' title='bbox 2744 2902 2905 2955; x_wconf 83' lang='lat' dir='ltr'><strong>esse?</strong></span> <span class='ocrx_word' id='word_1_476' title='bbox 2951 2899 3088 2954; x_wconf 82' lang='lat' dir='ltr'><strong>Num</strong></span> <span class='ocrx_word' id='word_1_477' title='bbox 3144 2910 3202 2954; x_wconf 87' lang='lat' dir='ltr'><strong>ut</strong></span> <span class='ocrx_word' id='word_1_478' title='bbox 3249 2899 3420 2957; x_wconf 63' lang='lat' dir='ltr'><strong>Filias</strong></span> 
     </span>
    </p>
   </div>
   <div class='ocr_carea' id='block_1_68' title="bbox 1845 2988 3412 3062">
    <p class='ocr_par' dir='ltr' id='par_1_68' title="bbox 1845 2988 3412 3062">
     <span class='ocr_line' id='line_1_68' title="bbox 1845 2988 3412 3062; baseline 0.003 -22"><span class='ocrx_word' id='word_1_479' title='bbox 1845 2988 1995 3042; x_wconf 87' lang='lat' dir='ltr'><strong>Patri</strong></span> <span class='ocrx_word' id='word_1_480' title='bbox 2031 2988 2347 3056; x_wconf 89' lang='lat' dir='ltr'><strong>subjicitur,</strong></span> <span class='ocrx_word' id='word_1_481' title='bbox 2368 2991 2645 3057; x_wconf 80' lang='lat' dir='ltr'><strong>quomodo</strong></span> <span class='ocrx_word' id='word_1_482' title='bbox 2680 2993 3039 3062; x_wconf 89' lang='lat' dir='ltr'><strong>subjectionis</strong></span> <span class='ocrx_word' id='word_1_483' title='bbox 3089 2996 3412 3049; x_wconf 78' lang='lat' dir='ltr'><strong>vocabulum</strong></span> 
     </span>
    </p>
   </div>
   <div class='ocr_carea' id='block_1_69' title="bbox 1842 3081 3420 3157">
    <p class='ocr_par' dir='ltr' id='par_1_69' title="bbox 1842 3081 3420 3157">
     <span class='ocr_line' id='line_1_69' title="bbox 1842 3081 3420 3157; baseline 0.007 -22"><span class='ocrx_word' id='word_1_484' title='bbox 1842 3090 2073 3150; x_wconf 88' lang='lat' dir='ltr'><strong>usurpat</strong></span> <span class='ocrx_word' id='word_1_485' title='bbox 2118 3082 2448 3153; x_wconf 86' lang='lat' dir='ltr'><strong>Apostolus?</strong></span> <span class='ocrx_word' id='word_1_486' title='bbox 2509 3081 2768 3152; x_wconf 81' lang='lat' dir='ltr'><strong>Sequitur</strong></span> <span class='ocrx_word' id='word_1_487' title='bbox 2843 3101 3016 3157; x_wconf 80' lang='lat' dir='ltr'><strong>ergo,</strong></span> <span class='ocrx_word' id='word_1_488' title='bbox 3075 3088 3252 3156; x_wconf 85' lang='lat' dir='ltr'><strong>quoad</strong></span> <span class='ocrx_word' id='word_1_489' title='bbox 3317 3091 3420 3146; x_wconf 87' lang='lat' dir='ltr'><strong>hoc</strong></span> 
     </span>
    </p>
   </div>
   <div class='ocr_carea' id='block_1_70' title="bbox 2999 3180 3405 3250">
    <p class='ocr_par' dir='ltr' id='par_1_70' title="bbox 2999 3180 3405 3250">
     <span class='ocr_line' id='line_1_70' title="bbox 2999 3180 3405 3250; baseline 0.012 -16"><span class='ocrx_word' id='word_1_490' title='bbox 2999 3180 3220 3250; x_wconf 85' lang='lat' dir='ltr'><strong>subjici,</strong></span> <span class='ocrx_word' id='word_1_491' title='bbox 3312 3185 3405 3238; x_wconf 88' lang='lat' dir='ltr'><strong>sed</strong></span> 
     </span>
    </p>
   </div>
   <div class='ocr_carea' id='block_1_71' title="bbox 1843 3267 3416 3344">
    <p class='ocr_par' dir='ltr' id='par_1_71' title="bbox 1843 3267 3416 3344">
     <span class='ocr_line' id='line_1_71' title="bbox 1843 3267 3416 3344; baseline 0.003 -22"><span class='ocrx_word' id='word_1_492' title='bbox 1843 3267 2088 3337; x_wconf 86' lang='lat' dir='ltr'><strong>ejusdem</strong></span> <span class='ocrx_word' id='word_1_493' title='bbox 2122 3269 2304 3337; x_wconf 88' lang='lat' dir='ltr'><strong>potius</strong></span> <span class='ocrx_word' id='word_1_494' title='bbox 2357 3285 2480 3323; x_wconf 90' lang='lat' dir='ltr'><strong>cum</strong></span> <span class='ocrx_word' id='word_1_495' title='bbox 2541 3272 2633 3324; x_wconf 89' lang='lat' dir='ltr'><strong>illo</strong></span> <span class='ocrx_word' id='word_1_496' title='bbox 2680 3272 2891 3328; x_wconf 87' lang='lat' dir='ltr'><strong>ordinis</strong></span> <span class='ocrx_word' id='word_1_497' title='bbox 2942 3287 3086 3336; x_wconf 84' lang='lat' dir='ltr'><strong>esse,</strong></span> <span class='ocrx_word' id='word_1_498' title='bbox 3145 3275 3416 3344; x_wconf 75' lang='lat' dir='ltr'><strong>siquidem</strong></span> 
     </span>
    </p>
   </div>
   <div class='ocr_carea' id='block_1_72' title="bbox 1845 3361 3405 3432">
    <p class='ocr_par' dir='ltr' id='par_1_72' title="bbox 1845 3361 3405 3432">
     <span class='ocr_line' id='line_1_72' title="bbox 1845 3361 3405 3432; baseline 0.004 -17"><span class='ocrx_word' id='word_1_499' title='bbox 1845 3361 1965 3415; x_wconf 73' lang='lat' dir='ltr'><strong>dure</strong></span> <span class='ocrx_word' id='word_1_500' title='bbox 1992 3375 2238 3429; x_wconf 76' lang='lat' dir='ltr'><strong>persona:</strong></span> <span class='ocrx_word' id='word_1_501' title='bbox 2268 3369 2417 3426; x_wconf 91' lang='lat' dir='ltr'><strong>sunt,</strong></span> <span class='ocrx_word' id='word_1_502' title='bbox 2449 3377 2569 3432; x_wconf 84' lang='lat' dir='ltr'><strong>quae</strong></span> <span class='ocrx_word' id='word_1_503' title='bbox 2597 3362 2988 3431; x_wconf 86' lang='lat' dir='ltr'><strong>subjiciuntur?</strong></span> <span class='ocrx_word' id='word_1_504' title='bbox 3037 3366 3120 3419; x_wconf 82' lang='lat' dir='ltr'><strong>An</strong></span> <span class='ocrx_word' id='word_1_505' title='bbox 3163 3381 3273 3420; x_wconf 89' lang='lat' dir='ltr'><strong>non</strong></span> <span class='ocrx_word' id='word_1_506' title='bbox 3303 3367 3405 3421; x_wconf 86' lang='lat' dir='ltr'><strong>hoc</strong></span> 
     </span>
    </p>
   </div>
   <div class='ocr_carea' id='block_1_73' title="bbox 1844 3454 3413 3524">
    <p class='ocr_par' dir='ltr' id='par_1_73' title="bbox 1844 3454 3413 3524">
     <span class='ocr_line' id='line_1_73' title="bbox 1844 3454 3413 3524; baseline 0.003 -14"><span class='ocrx_word' id='word_1_507' title='bbox 1844 3454 2191 3519; x_wconf 84' lang='lat' dir='ltr'><strong>sensu?Quo</strong></span> <span class='ocrx_word' id='word_1_508' title='bbox 2235 3455 2398 3524; x_wconf 81' lang='lat' dir='ltr'><strong>igitur</strong></span> <span class='ocrx_word' id='word_1_509' title='bbox 2431 3456 2568 3508; x_wconf 91' lang='lat' dir='ltr'><strong>alio?</strong></span> <span class='ocrx_word' id='word_1_510' title='bbox 2622 3455 2759 3510; x_wconf 83' lang='lat' dir='ltr'><strong>Num</strong></span> <span class='ocrx_word' id='word_1_511' title='bbox 2789 3465 2846 3510; x_wconf 94' lang='lat' dir='ltr'><strong>ut</strong></span> <span class='ocrx_word' id='word_1_512' title='bbox 2894 3457 3144 3512; x_wconf 85' lang='lat' dir='ltr'><strong>rationali</strong></span> <span class='ocrx_word' id='word_1_513' title='bbox 3197 3470 3413 3514; x_wconf 67' lang='lat' dir='ltr'><strong>natura:</strong></span> 
     </span>
    </p>
   </div>
   <div class='ocr_carea' id='block_1_74' title="bbox 1847 3545 3420 3616">
    <p class='ocr_par' dir='ltr' id='par_1_74' title="bbox 1847 3545 3420 3616">
     <span class='ocr_line' id='line_1_74' title="bbox 1847 3545 3420 3616; baseline 0.002 -17"><span class='ocrx_word' id='word_1_514' title='bbox 1847 3545 2078 3600; x_wconf 72' lang='lat' dir='ltr'><strong>rationis</strong></span> <span class='ocrx_word' id='word_1_515' title='bbox 2119 3557 2398 3614; x_wconf 81' lang='lat' dir='ltr'><strong>expertem</strong></span> <span class='ocrx_word' id='word_1_516' title='bbox 2455 3546 2656 3615; x_wconf 76' lang='lat' dir='ltr'><strong>subjici</strong></span> <span class='ocrx_word' id='word_1_517' title='bbox 2701 3563 2764 3600; x_wconf 83' lang='lat' dir='ltr'><strong>ex</strong></span> <span class='ocrx_word' id='word_1_518' title='bbox 2825 3547 3035 3616; x_wconf 88' lang='lat' dir='ltr'><strong>psalmo</strong></span> <span class='ocrx_word' id='word_1_519' title='bbox 3086 3548 3420 3604; x_wconf 88' lang='lat' dir='ltr'><strong>didicimus?</strong></span> 
     </span>
    </p>
   </div>
   <div class='ocr_carea' id='block_1_75' title="bbox 1844 3635 3417 3708">
    <p class='ocr_par' dir='ltr' id='par_1_75' title="bbox 1844 3635 3417 3708">
     <span class='ocr_line' id='line_1_75' title="bbox 1844 3635 3417 3708; baseline 0.003 -18"><span class='ocrx_word' id='word_1_520' title='bbox 1844 3636 2014 3708; x_wconf 87' lang='lat' dir='ltr'><strong>Igitur</strong></span> <span class='ocrx_word' id='word_1_521' title='bbox 2046 3645 2257 3690; x_wconf 85' lang='lat' dir='ltr'><strong>tantum</strong></span> <span class='ocrx_word' id='word_1_522' title='bbox 2293 3635 2492 3701; x_wconf 81' lang='lat' dir='ltr'><strong>diﬁert,</strong></span> <span class='ocrx_word' id='word_1_523' title='bbox 2537 3647 2804 3706; x_wconf 84' lang='lat' dir='ltr'><strong>quantum</strong></span> <span class='ocrx_word' id='word_1_524' title='bbox 2837 3638 3112 3708; x_wconf 87' lang='lat' dir='ltr'><strong>subjectio</strong></span> <span class='ocrx_word' id='word_1_525' title='bbox 3135 3640 3417 3694; x_wconf 90' lang='lat' dir='ltr'><strong>brutorum</strong></span> 
     </span>
    </p>
   </div>
   <div class='ocr_carea' id='block_1_76' title="bbox 1847 3725 3420 3798">
    <p class='ocr_par' dir='ltr' id='par_1_76' title="bbox 1847 3725 3420 3798">
     <span class='ocr_line' id='line_1_76' title="bbox 1847 3725 3420 3798; baseline 0.001 -15"><span class='ocrx_word' id='word_1_526' title='bbox 1847 3735 2099 3798; x_wconf 88' lang='lat' dir='ltr'><strong>respectu</strong></span> <span class='ocrx_word' id='word_1_527' title='bbox 2123 3725 2382 3782; x_wconf 89' lang='lat' dir='ltr'><strong>hominis.</strong></span> <span class='ocrx_word' id='word_1_528' title='bbox 2418 3725 2523 3780; x_wconf 91' lang='lat' dir='ltr'><strong>Sed</strong></span> <span class='ocrx_word' id='word_1_529' title='bbox 2558 3725 2698 3780; x_wconf 80' lang='lat' dir='ltr'><strong>forte</strong></span> <span class='ocrx_word' id='word_1_530' title='bbox 2727 3725 2869 3781; x_wconf 81' lang='lat' dir='ltr'><strong>hanc</strong></span> <span class='ocrx_word' id='word_1_531' title='bbox 2899 3742 3118 3798; x_wconf 85' lang='lat' dir='ltr'><strong>quoque</strong></span> <span class='ocrx_word' id='word_1_532' title='bbox 3141 3730 3420 3784; x_wconf 90' lang='lat' dir='ltr'><strong>notionem</strong></span> 
     </span>
    </p>
   </div>
   <div class='ocr_carea' id='block_1_77' title="bbox 168 3819 3413 3892">
    <p class='ocr_par' dir='ltr' id='par_1_77' title="bbox 168 3819 3413 3892">
     <span class='ocr_line' id='line_1_77' title="bbox 168 3819 3413 3892; baseline -0.003 -12"><span class='ocrx_word' id='word_1_533' title='bbox 168 3827 367 3882; x_wconf 81' lang='lat' dir='ltr'><strong>abnuet?</strong></span> <span class='ocrx_word' id='word_1_534' title='bbox 397 3823 483 3880; x_wconf 83' lang='lat' dir='ltr'><strong>Ad</strong></span> <span class='ocrx_word' id='word_1_535' title='bbox 521 3824 790 3892; x_wconf 86' lang='lat' dir='ltr'><strong>reliquam</strong></span> <span class='ocrx_word' id='word_1_536' title='bbox 846 3837 976 3892; x_wconf 83' lang='lat' dir='ltr'><strong>ergo</strong></span> <span class='ocrx_word' id='word_1_537' title='bbox 1007 3824 1452 3892; x_wconf 87' lang='lat' dir='ltr'><strong>veniatoportet.</strong></span> <span class='ocrx_word' id='word_1_538' title='bbox 1514 3831 1571 3876; x_wconf 89' lang='lat' dir='ltr'><strong>ut</strong></span> <span class='ocrx_word' id='word_1_539' title='bbox 1615 3822 1828 3879; x_wconf 83' lang='lat' dir='ltr'><strong>scilicet</strong></span> <span class='ocrx_word' id='word_1_540' title='bbox 1851 3823 1924 3876; x_wconf 82' lang='lat' dir='ltr'><strong>ita</strong></span> <span class='ocrx_word' id='word_1_541' title='bbox 1959 3820 2157 3890; x_wconf 86' lang='lat' dir='ltr'><strong>subjici</strong></span> <span class='ocrx_word' id='word_1_542' title='bbox 2225 3819 2395 3881; x_wconf 83' lang='lat' dir='ltr'><strong>dicat.</strong></span> <span class='ocrx_word' id='word_1_543' title='bbox 2468 3834 2580 3889; x_wconf 86' lang='lat' dir='ltr'><strong>quo</strong></span> <span class='ocrx_word' id='word_1_544' title='bbox 2647 3828 2809 3889; x_wconf 86' lang='lat' dir='ltr'><strong>pacto</strong></span> <span class='ocrx_word' id='word_1_545' title='bbox 2878 3821 2954 3885; x_wconf 88' lang='lat' dir='ltr'><strong>is,</strong></span> <span class='ocrx_word' id='word_1_546' title='bbox 3005 3823 3097 3891; x_wconf 85' lang='lat' dir='ltr'><strong>qui</strong></span> <span class='ocrx_word' id='word_1_547' title='bbox 3152 3830 3413 3889; x_wconf 83' lang='lat' dir='ltr'><strong>repugnat</strong></span> 
     </span>
    </p>
   </div>
   <div class='ocr_carea' id='block_1_78' title="bbox 167 3914 3310 3988">
    <p class='ocr_par' dir='ltr' id='par_1_78' title="bbox 167 3914 3310 3988">
     <span class='ocr_line' id='line_1_78' title="bbox 167 3914 3310 3988; baseline -0.001 -14"><span class='ocrx_word' id='word_1_548' title='bbox 167 3931 209 3974; x_wconf 86' lang='lat' dir='ltr'><strong>et</strong></span> <span class='ocrx_word' id='word_1_549' title='bbox 233 3923 555 3983; x_wconf 80' lang='lat' dir='ltr'><strong>reluctatur,</strong></span> <span class='ocrx_word' id='word_1_550' title='bbox 592 3917 793 3986; x_wconf 87' lang='lat' dir='ltr'><strong>subjici</strong></span> <span class='ocrx_word' id='word_1_551' title='bbox 827 3918 965 3972; x_wconf 84' lang='lat' dir='ltr'><strong>solet</strong></span> <span class='ocrx_word' id='word_1_552' title='bbox 1007 3929 1155 3980; x_wconf 85' lang='lat' dir='ltr'><strong>tunc,</strong></span> <span class='ocrx_word' id='word_1_553' title='bbox 1194 3934 1319 3971; x_wconf 83' lang='lat' dir='ltr'><strong>cum</strong></span> <span class='ocrx_word' id='word_1_554' title='bbox 1353 3933 1380 3970; x_wconf 86' lang='lat' dir='ltr'><strong>a</strong></span> <span class='ocrx_word' id='word_1_555' title='bbox 1423 3919 1730 3986; x_wconf 88' lang='lat' dir='ltr'><strong>potentiore</strong></span> <span class='ocrx_word' id='word_1_556' title='bbox 1767 3926 1993 3974; x_wconf 85' lang='lat' dir='ltr'><strong>coactus</strong></span> <span class='ocrx_word' id='word_1_557' title='bbox 2024 3931 2146 3972; x_wconf 89' lang='lat' dir='ltr'><strong>sese</strong></span> <span class='ocrx_word' id='word_1_558' title='bbox 2181 3914 2479 3977; x_wconf 88' lang='lat' dir='ltr'><strong>submittit,</strong></span> <span class='ocrx_word' id='word_1_559' title='bbox 2537 3915 2824 3983; x_wconf 86' lang='lat' dir='ltr'><strong>victusque</strong></span> <span class='ocrx_word' id='word_1_560' title='bbox 2854 3933 3050 3972; x_wconf 87' lang='lat' dir='ltr'><strong>manus</strong></span> <span class='ocrx_word' id='word_1_561' title='bbox 3086 3919 3310 3988; x_wconf 62' lang='lat' dir='ltr'><strong>pratbet.</strong></span> 
     </span>
    </p>
   </div>
   <div class='ocr_carea' id='block_1_79' title="bbox 236 4008 1739 4084">
    <p class='ocr_par' dir='ltr' id='par_1_79' title="bbox 236 4008 1739 4084">
     <span class='ocr_line' id='line_1_79' title="bbox 236 4008 1739 4084; baseline -0.004 -16"><span class='ocrx_word' id='word_1_562' title='bbox 236 4013 608 4080; x_wconf 80' lang='grc' dir='ltr'>Ἔπιλεξάσθω</span> <span class='ocrx_word' id='word_1_563' title='bbox 639 4011 748 4064; x_wconf 86' lang='grc' dir='ltr'><strong>τῶν</strong></span> <span class='ocrx_word' id='word_1_564' title='bbox 784 4011 1086 4084; x_wconf 76' lang='grc' dir='ltr'>εἰρημένων</span> <span class='ocrx_word' id='word_1_565' title='bbox 1120 4009 1148 4062; x_wconf 84' lang='grc' dir='ltr'>ὃ</span> <span class='ocrx_word' id='word_1_566' title='bbox 1180 4009 1424 4079; x_wconf 71' lang='grc' dir='ltr'>βούλεται</span> <span class='ocrx_word' id='word_1_567' title='bbox 1451 4025 1460 4037; x_wconf 91' lang='grc'><strong>·</strong></span> <span class='ocrx_word' id='word_1_568' title='bbox 1499 4008 1610 4062; x_wconf 76' lang='grc' dir='ltr'><strong>ἀλλ’</strong></span> <span class='ocrx_word' id='word_1_569' title='bbox 1638 4009 1739 4063; x_wconf 83' lang='grc' dir='ltr'><strong>οὑκ</strong></span> 
     </span>
    </p>
   </div>
   <div class='ocr_carea' id='block_1_80' title="bbox 165 4101 1737 4175">
    <p class='ocr_par' dir='ltr' id='par_1_80' title="bbox 165 4101 1737 4175">
     <span class='ocr_line' id='line_1_80' title="bbox 165 4101 1737 4175; baseline -0.003 -17"><span class='ocrx_word' id='word_1_570' title='bbox 165 4103 263 4161; x_wconf 77' lang='grc' dir='ltr'>οἶδα</span> <span class='ocrx_word' id='word_1_571' title='bbox 280 4109 328 4162; x_wconf 83' lang='grc' dir='ltr'><strong>τί</strong></span> <span class='ocrx_word' id='word_1_572' title='bbox 349 4108 566 4162; x_wconf 81' lang='grc' dir='ltr'>τούτων</span> <span class='ocrx_word' id='word_1_573' title='bbox 600 4106 874 4174; x_wconf 75' lang='grc' dir='ltr'>ἑλόμενος,</span> <span class='ocrx_word' id='word_1_574' title='bbox 903 4104 998 4175; x_wconf 79' lang='grc' dir='ltr'>τὴν</span> <span class='ocrx_word' id='word_1_575' title='bbox 1028 4103 1265 4174; x_wconf 79' lang='grc' dir='ltr'>ἄφυκτον</span> <span class='ocrx_word' id='word_1_576' title='bbox 1289 4101 1612 4172; x_wconf 73' lang='grc' dir='ltr'>κατάκρισιν</span> <span class='ocrx_word' id='word_1_577' title='bbox 1638 4102 1737 4173; x_wconf 83' lang='grc' dir='ltr'>τῆς</span> 
     </span>
    </p>
   </div>
   <div class='ocr_carea' id='block_1_81' title="bbox 169 4192 1737 4268">
    <p class='ocr_par' dir='ltr' id='par_1_81' title="bbox 169 4192 1737 4268">
     <span class='ocr_line' id='line_1_81' title="bbox 169 4192 1737 4268; baseline -0.003 -18"><span class='ocrx_word' id='word_1_578' title='bbox 169 4195 492 4268; x_wconf 80' lang='grc' dir='ltr'>βλασφημίας</span> <span class='ocrx_word' id='word_1_579' title='bbox 545 4195 900 4264; x_wconf 63' lang='grc' dir='ltr'>ἐκφεύξεταιο</span> <span class='ocrx_word' id='word_1_580' title='bbox 954 4193 1066 4246; x_wconf 82' lang='grc' dir='ltr'>εἴτε</span> <span class='ocrx_word' id='word_1_581' title='bbox 1118 4193 1176 4245; x_wconf 88' lang='grc' dir='ltr'>ὲν</span> <span class='ocrx_word' id='word_1_582' title='bbox 1223 4192 1321 4262; x_wconf 73' lang='grc' dir='ltr'>ἴσῳ</span> <span class='ocrx_word' id='word_1_583' title='bbox 1368 4194 1477 4254; x_wconf 81' lang='grc' dir='ltr'>τοῖς</span> <span class='ocrx_word' id='word_1_584' title='bbox 1521 4192 1737 4259; x_wconf 77' lang='grc' dir='ltr'>ἀλόγοις</span> 
     </span>
    </p>
   </div>
   <div class='ocr_carea' id='block_1_82' title="bbox 169 4283 1736 4360">
    <p class='ocr_par' dir='ltr' id='par_1_82' title="bbox 169 4283 1736 4360">
     <span class='ocr_line' id='line_1_82' title="bbox 169 4283 1736 4360; baseline -0.001 -20"><span class='ocrx_word' id='word_1_585' title='bbox 169 4289 517 4360; x_wconf 78' lang='grc' dir='ltr'>ὑποτετάχθαι</span> <span class='ocrx_word' id='word_1_586' title='bbox 541 4287 688 4356; x_wconf 80' lang='grc' dir='ltr'>λέγει</span> <span class='ocrx_word' id='word_1_587' title='bbox 724 4286 783 4340; x_wconf 81' lang='grc' dir='ltr'><strong>τὸ</strong></span> <span class='ocrx_word' id='word_1_588' title='bbox 814 4284 1058 4355; x_wconf 87' lang='grc' dir='ltr'>Πνεῦμα,</span> <span class='ocrx_word' id='word_1_589' title='bbox 1093 4283 1169 4347; x_wconf 84' lang='grc' dir='ltr'>ὡς</span> <span class='ocrx_word' id='word_1_590' title='bbox 1200 4284 1276 4353; x_wconf 82' lang='grc' dir='ltr'>τῷ</span> <span class='ocrx_word' id='word_1_591' title='bbox 1316 4285 1408 4338; x_wconf 80' lang='grc' dir='ltr'><strong>ἀνθ</strong></span> <span class='ocrx_word' id='word_1_592' title='bbox 1421 4284 1585 4356; x_wconf 84' lang='grc' dir='ltr'>ρώπῳ</span> <span class='ocrx_word' id='word_1_593' title='bbox 1610 4286 1736 4348; x_wconf 80' lang='grc' dir='ltr'>τοὺς</span> 
     </span>
    </p>
   </div>
   <div class='ocr_carea' id='block_1_83' title="bbox 170 4372 1735 4448">
    <p class='ocr_par' dir='ltr' id='par_1_83' title="bbox 170 4372 1735 4448">
     <span class='ocr_line' id='line_1_83' title="bbox 170 4372 1735 4448; baseline -0.002 -20"><span class='ocrx_word' id='word_1_594' title='bbox 170 4376 354 4448; x_wconf 74' lang='grc' dir='ltr'>ἰχθύας,</span> <span class='ocrx_word' id='word_1_595' title='bbox 382 4381 481 4432; x_wconf 75' lang='grc' dir='ltr'><strong>καὶ</strong></span> <span class='ocrx_word' id='word_1_596' title='bbox 519 4376 590 4430; x_wconf 84' lang='grc' dir='ltr'>τὰ</span> <span class='ocrx_word' id='word_1_597' title='bbox 623 4375 864 4436; x_wconf 82' lang='grc' dir='ltr'>πετεινὰ,</span> <span class='ocrx_word' id='word_1_598' title='bbox 901 4375 996 4427; x_wconf 75' lang='grc' dir='ltr'>καὶ</span> <span class='ocrx_word' id='word_1_599' title='bbox 1042 4374 1110 4426; x_wconf 82' lang='grc' dir='ltr'>τὰ</span> <span class='ocrx_word' id='word_1_600' title='bbox 1144 4373 1389 4442; x_wconf 80' lang='grc' dir='ltr'>πρόϐατα</span> <span class='ocrx_word' id='word_1_601' title='bbox 1415 4391 1426 4406; x_wconf 90' lang='grc'><strong>·</strong></span> <span class='ocrx_word' id='word_1_602' title='bbox 1465 4372 1571 4426; x_wconf 72' lang='grc' dir='ltr'>εἴτε</span> <span class='ocrx_word' id='word_1_603' title='bbox 1612 4373 1735 4426; x_wconf 82' lang='grc' dir='ltr'>καθ’</span> 
     </span>
    </p>
   </div>
   <div class='ocr_carea' id='block_1_84' title="bbox 166 4464 1735 4538">
    <p class='ocr_par' dir='ltr' id='par_1_84' title="bbox 166 4464 1735 4538">
     <span class='ocr_line' id='line_1_84' title="bbox 166 4464 1735 4538; baseline -0.004 -16"><span class='ocrx_word' id='word_1_604' title='bbox 166 4470 435 4538; x_wconf 74' lang='grc' dir='ltr'>ὁμοιότητα</span> <span class='ocrx_word' id='word_1_605' title='bbox 465 4469 582 4522; x_wconf 78' lang='grc' dir='ltr'>τῶν</span> <span class='ocrx_word' id='word_1_606' title='bbox 613 4465 943 4536; x_wconf 70' lang='grc' dir='ltr'>ἀφεστώτων</span> <span class='ocrx_word' id='word_1_607' title='bbox 971 4464 1159 4535; x_wconf 83' lang='grc' dir='ltr'>ὥσπερ</span> <span class='ocrx_word' id='word_1_608' title='bbox 1189 4464 1529 4534; x_wconf 77' lang='grc' dir='ltr'>αἰχμάλωτον</span> <span class='ocrx_word' id='word_1_609' title='bbox 1568 4481 1735 4536; x_wconf 86' lang='grc' dir='ltr'>προσ-</span> 
     </span>
    </p>
   </div>
   <div class='ocr_carea' id='block_1_85' title="bbox 166 4555 1734 4630">
    <p class='ocr_par' dir='ltr' id='par_1_85' title="bbox 166 4555 1734 4630">
     <span class='ocr_line' id='line_1_85' title="bbox 166 4555 1734 4630; baseline -0.003 -17"><span class='ocrx_word' id='word_1_610' title='bbox 166 4560 270 4628; x_wconf 82' lang='grc' dir='ltr'>άγοι</span> <span class='ocrx_word' id='word_1_611' title='bbox 295 4561 370 4630; x_wconf 79' lang='grc' dir='ltr'>τῷ</span> <span class='ocrx_word' id='word_1_612' title='bbox 403 4556 822 4611; x_wconf 75' lang='grc' dir='ltr'>πλεονεκτοῦντι</span> <span class='ocrx_word' id='word_1_613' title='bbox 856 4555 996 4609; x_wconf 85' lang='grc' dir='ltr'>κατὰ</span> <span class='ocrx_word' id='word_1_614' title='bbox 1020 4556 1117 4626; x_wconf 83' lang='grc' dir='ltr'><strong>τὴν</strong></span> <span class='ocrx_word' id='word_1_615' title='bbox 1141 4555 1387 4624; x_wconf 72' lang='grc' dir='ltr'>δύναμιν.</span> <span class='ocrx_word' id='word_1_616' title='bbox 1422 4556 1490 4608; x_wconf 87' lang='grc' dir='ltr'><strong>Ἦ</strong></span> <span class='ocrx_word' id='word_1_617' title='bbox 1530 4557 1734 4610; x_wconf 84' lang='grc' dir='ltr'>τούτων</span> 
     </span>
    </p>
   </div>
   <div class='ocr_carea' id='block_1_86' title="bbox 1915 4006 3420 4077">
    <p class='ocr_par' dir='ltr' id='par_1_86' title="bbox 1915 4006 3420 4077">
     <span class='ocr_line' id='line_1_86' title="bbox 1915 4006 3420 4077; baseline 0.001 -16"><span class='ocrx_word' id='word_1_618' title='bbox 1915 4008 2090 4077; x_wconf 79' lang='lat' dir='ltr'><strong>Eligat</strong></span> <span class='ocrx_word' id='word_1_619' title='bbox 2143 4023 2208 4059; x_wconf 77' lang='lat' dir='ltr'><strong>ex</strong></span> <span class='ocrx_word' id='word_1_620' title='bbox 2263 4006 2457 4070; x_wconf 71' lang='lat' dir='ltr'><strong>dictis,</strong></span> <span class='ocrx_word' id='word_1_621' title='bbox 2507 4007 2771 4076; x_wconf 87' lang='lat' dir='ltr'><strong>quidquid</strong></span> <span class='ocrx_word' id='word_1_622' title='bbox 2813 4009 3083 4070; x_wconf 85' lang='lat' dir='ltr'><strong>voluerit,</strong></span> <span class='ocrx_word' id='word_1_623' title='bbox 3132 4026 3241 4064; x_wconf 90' lang='lat' dir='ltr'><strong>non</strong></span> <span class='ocrx_word' id='word_1_624' title='bbox 3283 4012 3420 4064; x_wconf 83' lang='lat' dir='ltr'><strong>satis</strong></span> 
     </span>
    </p>
   </div>
   <div class='ocr_carea' id='block_1_87' title="bbox 1841 4100 3417 4171">
    <p class='ocr_par' dir='ltr' id='par_1_87' title="bbox 1841 4100 3417 4171">
     <span class='ocr_line' id='line_1_87' title="bbox 1841 4100 3417 4171; baseline -0.001 -15"><span class='ocrx_word' id='word_1_625' title='bbox 1841 4101 2097 4171; x_wconf 91' lang='lat' dir='ltr'><strong>dispicio,</strong></span> <span class='ocrx_word' id='word_1_626' title='bbox 2138 4113 2382 4168; x_wconf 87' lang='lat' dir='ltr'><strong>quonam</strong></span> <span class='ocrx_word' id='word_1_627' title='bbox 2421 4114 2610 4151; x_wconf 81' lang='lat' dir='ltr'><strong>eorum</strong></span> <span class='ocrx_word' id='word_1_628' title='bbox 2641 4100 2840 4158; x_wconf 85' lang='lat' dir='ltr'><strong>electo.</strong></span> <span class='ocrx_word' id='word_1_629' title='bbox 2879 4101 3251 4158; x_wconf 84' lang='lat' dir='ltr'><strong>inevitabilem</strong></span> <span class='ocrx_word' id='word_1_630' title='bbox 3285 4116 3417 4170; x_wconf 92' lang='lat' dir='ltr'><strong>pro-</strong></span> 
     </span>
    </p>
   </div>
   <div class='ocr_carea' id='block_1_88' title="bbox 1844 4190 3420 4264">
    <p class='ocr_par' dir='ltr' id='par_1_88' title="bbox 1844 4190 3420 4264">
     <span class='ocr_line' id='line_1_88' title="bbox 1844 4190 3420 4264; baseline -0.001 -13"><span class='ocrx_word' id='word_1_631' title='bbox 1844 4196 1968 4251; x_wconf 72' lang='lat' dir='ltr'><strong>latae</strong></span> <span class='ocrx_word' id='word_1_632' title='bbox 2015 4191 2365 4264; x_wconf 70' lang='lat' dir='ltr'><strong>blasphemia:</strong></span> <span class='ocrx_word' id='word_1_633' title='bbox 2467 4205 2636 4244; x_wconf 85' lang='lat' dir='ltr'><strong>causa</strong></span> <span class='ocrx_word' id='word_1_634' title='bbox 2699 4190 3113 4246; x_wconf 86' lang='lat' dir='ltr'><strong>damnationem</strong></span> <span class='ocrx_word' id='word_1_635' title='bbox 3182 4192 3420 4264; x_wconf 77' lang='lat' dir='ltr'><strong>eﬁugere</strong></span> 
     </span>
    </p>
   </div>
   <div class='ocr_carea' id='block_1_89' title="bbox 1831 4281 3420 4357">
    <p class='ocr_par' dir='ltr' id='par_1_89' title="bbox 1831 4281 3420 4357">
     <span class='ocr_line' id='line_1_89' title="bbox 1831 4281 3420 4357; baseline 0.007 -26"><span class='ocrx_word' id='word_1_636' title='bbox 1831 4291 2018 4350; x_wconf 87' lang='lat' dir='ltr'><strong>queat,</strong></span> <span class='ocrx_word' id='word_1_637' title='bbox 2054 4281 2168 4338; x_wconf 83' lang='lat' dir='ltr'><strong>sive</strong></span> <span class='ocrx_word' id='word_1_638' title='bbox 2203 4283 2350 4338; x_wconf 87' lang='lat' dir='ltr'><strong>dicat</strong></span> <span class='ocrx_word' id='word_1_639' title='bbox 2381 4281 2646 4352; x_wconf 85' lang='lat' dir='ltr'><strong>Spiritum</strong></span> <span class='ocrx_word' id='word_1_640' title='bbox 2679 4282 2875 4352; x_wconf 89' lang='lat' dir='ltr'><strong>subjici</strong></span> <span class='ocrx_word' id='word_1_641' title='bbox 2913 4284 2979 4338; x_wconf 87' lang='lat' dir='ltr'><strong>ad</strong></span> <span class='ocrx_word' id='word_1_642' title='bbox 3014 4285 3259 4350; x_wconf 86' lang='lat' dir='ltr'><strong>modum,</strong></span> <span class='ocrx_word' id='word_1_643' title='bbox 3309 4303 3420 4357; x_wconf 88' lang='lat' dir='ltr'><strong>quo</strong></span> 
     </span>
    </p>
   </div>
   <div class='ocr_carea' id='block_1_90' title="bbox 1845 4373 3420 4446">
    <p class='ocr_par' dir='ltr' id='par_1_90' title="bbox 1845 4373 3420 4446">
     <span class='ocr_line' id='line_1_90' title="bbox 1845 4373 3420 4446; baseline 0 -14"><span class='ocrx_word' id='word_1_644' title='bbox 1845 4375 2219 4445; x_wconf 88' lang='lat' dir='ltr'><strong>subjiciuntur</strong></span> <span class='ocrx_word' id='word_1_645' title='bbox 2252 4375 2408 4428; x_wconf 88' lang='lat' dir='ltr'><strong>bruta</strong></span> <span class='ocrx_word' id='word_1_646' title='bbox 2445 4373 2746 4427; x_wconf 89' lang='lat' dir='ltr'><strong>animantia</strong></span> <span class='ocrx_word' id='word_1_647' title='bbox 2782 4375 3011 4439; x_wconf 91' lang='lat' dir='ltr'><strong>homini,</strong></span> <span class='ocrx_word' id='word_1_648' title='bbox 3045 4377 3224 4446; x_wconf 88' lang='lat' dir='ltr'><strong>pisces</strong></span> <span class='ocrx_word' id='word_1_649' title='bbox 3255 4378 3420 4432; x_wconf 87' lang='lat' dir='ltr'><strong>nimi-</strong></span> 
     </span>
    </p>
   </div>
   <div class='ocr_carea' id='block_1_91' title="bbox 1843 4465 3419 4540">
    <p class='ocr_par' dir='ltr' id='par_1_91' title="bbox 1843 4465 3419 4540">
     <span class='ocr_line' id='line_1_91' title="bbox 1843 4465 3419 4540; baseline 0.003 -20"><span class='ocrx_word' id='word_1_650' title='bbox 1843 4483 1987 4533; x_wconf 84' lang='lat' dir='ltr'><strong>rum,</strong></span> <span class='ocrx_word' id='word_1_651' title='bbox 2021 4473 2276 4521; x_wconf 79' lang='lat' dir='ltr'><strong>volucres</strong></span> <span class='ocrx_word' id='word_1_652' title='bbox 2302 4475 2358 4521; x_wconf 91' lang='lat' dir='ltr'><strong>et</strong></span> <span class='ocrx_word' id='word_1_653' title='bbox 2384 4480 2535 4528; x_wconf 82' lang='lat' dir='ltr'><strong>oves,</strong></span> <span class='ocrx_word' id='word_1_654' title='bbox 2570 4465 2683 4520; x_wconf 88' lang='lat' dir='ltr'><strong>sive</strong></span> <span class='ocrx_word' id='word_1_655' title='bbox 2709 4467 2775 4521; x_wconf 91' lang='lat' dir='ltr'><strong>ad</strong></span> <span class='ocrx_word' id='word_1_656' title='bbox 2809 4467 3027 4520; x_wconf 90' lang='lat' dir='ltr'><strong>modum</strong></span> <span class='ocrx_word' id='word_1_657' title='bbox 3055 4483 3269 4534; x_wconf 90' lang='lat' dir='ltr'><strong>eorum,</strong></span> <span class='ocrx_word' id='word_1_658' title='bbox 3321 4471 3419 4540; x_wconf 87' lang='lat' dir='ltr'><strong>qui</strong></span> 
     </span>
    </p>
   </div>
   <div class='ocr_carea' id='block_1_92' title="bbox 1843 4558 3421 4630">
    <p class='ocr_par' dir='ltr' id='par_1_92' title="bbox 1843 4558 3421 4630">
     <span class='ocr_line' id='line_1_92' title="bbox 1843 4558 3421 4630; baseline 0.004 -18"><span class='ocrx_word' id='word_1_659' title='bbox 1843 4561 1913 4614; x_wconf 88' lang='lat' dir='ltr'><strong>ab</strong></span> <span class='ocrx_word' id='word_1_660' title='bbox 1943 4560 2175 4630; x_wconf 88' lang='lat' dir='ltr'><strong>imperio</strong></span> <span class='ocrx_word' id='word_1_661' title='bbox 2197 4558 2538 4621; x_wconf 81' lang='lat' dir='ltr'><strong>defecerunt,</strong></span> <span class='ocrx_word' id='word_1_662' title='bbox 2568 4574 2716 4622; x_wconf 88' lang='lat' dir='ltr'><strong>eum,</strong></span> <span class='ocrx_word' id='word_1_663' title='bbox 2751 4559 2899 4612; x_wconf 91' lang='lat' dir='ltr'><strong>velut</strong></span> <span class='ocrx_word' id='word_1_664' title='bbox 2927 4561 3225 4630; x_wconf 88' lang='lat' dir='ltr'><strong>captivum,</strong></span> <span class='ocrx_word' id='word_1_665' title='bbox 3252 4561 3421 4618; x_wconf 85' lang='lat' dir='ltr'><strong>addu-</strong></span> 
     </span>
    </p>
   </div>
   <div class='ocr_carea' id='block_1_93' title="bbox 166 4629 1739 4724">
    <p class='ocr_par' dir='ltr' id='par_1_93' title="bbox 166 4629 1734 4720">
     <span class='ocr_line' id='line_1_93' title="bbox 166 4629 1734 4720; baseline -0.001 -18"><span class='ocrx_word' id='word_1_666' title='bbox 166 4651 249 4717; x_wconf 79' lang='grc' dir='ltr'>μὲν</span> <span class='ocrx_word' id='word_1_667' title='bbox 277 4629 448 4712; x_wconf 77' lang='grc' dir='ltr'>οὐδὲν,</span> <span class='ocrx_word' id='word_1_668' title='bbox 487 4649 625 4720; x_wconf 72' lang='grc' dir='ltr'>φησὶ</span> <span class='ocrx_word' id='word_1_669' title='bbox 656 4648 714 4700; x_wconf 83' lang='grc' dir='ltr'>δὲ</span> <span class='ocrx_word' id='word_1_670' title='bbox 749 4646 824 4718; x_wconf 84' lang='grc' dir='ltr'>μὴ</span> <span class='ocrx_word' id='word_1_671' title='bbox 851 4645 993 4700; x_wconf 85' lang='grc' dir='ltr'><strong>κατὰ</strong></span> <span class='ocrx_word' id='word_1_672' title='bbox 1024 4645 1122 4717; x_wconf 80' lang='grc' dir='ltr'>τὴν</span> <span class='ocrx_word' id='word_1_673' title='bbox 1156 4647 1252 4717; x_wconf 83' lang='grc' dir='ltr'><strong>τῆς</strong></span> <span class='ocrx_word' id='word_1_674' title='bbox 1284 4647 1320 4697; x_wconf 87' lang='grc' dir='ltr'><strong><em>Γ</em></strong></span> <span class='ocrx_word' id='word_1_675' title='bbox 1326 4651 1505 4718; x_wconf 66' lang='grc' dir='ltr'>ραφῆς</span> <span class='ocrx_word' id='word_1_676' title='bbox 1527 4647 1734 4700; x_wconf 79' lang='grc' dir='ltr'>ἔννοιαν</span> 
     </span>
    </p>
   </div>
   <div class='ocr_carea' id='block_1_94' title="bbox 1844 4629 3422 4724">
    <p class='ocr_par' dir='ltr' id='par_1_94' title="bbox 1844 4650 3422 4724">
     <span class='ocr_line' id='line_1_94' title="bbox 1844 4650 3422 4724; baseline 0.003 -20"><span class='ocrx_word' id='word_1_677' title='bbox 1844 4651 1981 4704; x_wconf 83' lang='lat' dir='ltr'><strong>xerit</strong></span> <span class='ocrx_word' id='word_1_678' title='bbox 2025 4651 2089 4704; x_wconf 91' lang='lat' dir='ltr'><strong>ad</strong></span> <span class='ocrx_word' id='word_1_679' title='bbox 2121 4650 2240 4718; x_wconf 77' lang='lat' dir='ltr'><strong>rjus</strong></span> <span class='ocrx_word' id='word_1_680' title='bbox 2275 4650 2476 4705; x_wconf 89' lang='lat' dir='ltr'><strong>solium</strong></span> <span class='ocrx_word' id='word_1_681' title='bbox 2499 4690 2512 4713; x_wconf 88' lang='lat'><strong>,</strong></span> <span class='ocrx_word' id='word_1_682' title='bbox 2547 4653 2639 4720; x_wconf 89' lang='lat' dir='ltr'><strong>qui</strong></span> <span class='ocrx_word' id='word_1_683' title='bbox 2674 4650 2882 4705; x_wconf 86' lang='lat' dir='ltr'><strong>viribus</strong></span> <span class='ocrx_word' id='word_1_684' title='bbox 2913 4661 2966 4705; x_wconf 92' lang='lat' dir='ltr'><strong>et</strong></span> <span class='ocrx_word' id='word_1_685' title='bbox 3002 4653 3171 4708; x_wconf 91' lang='lat' dir='ltr'><strong>armis</strong></span> <span class='ocrx_word' id='word_1_686' title='bbox 3216 4670 3422 4724; x_wconf 64' lang='lat' dir='ltr'><strong>praavao</strong></span> 
     </span>
    </p>
   </div>
   <div class='ocr_carea' id='block_1_95' title="bbox 164 4742 1736 4818">
    <p class='ocr_par' dir='ltr' id='par_1_95' title="bbox 164 4742 1736 4818">
     <span class='ocr_line' id='line_1_95' title="bbox 164 4742 1736 4818; baseline 0.001 -21"><span class='ocrx_word' id='word_1_687' title='bbox 164 4745 229 4816; x_wconf 78' lang='grc' dir='ltr'>τῷ</span> <span class='ocrx_word' id='word_1_688' title='bbox 270 4748 365 4818; x_wconf 85' lang='grc' dir='ltr'>τῆς</span> <span class='ocrx_word' id='word_1_689' title='bbox 419 4743 711 4814; x_wconf 81' lang='grc' dir='ltr'>ὑποταγῆς</span> <span class='ocrx_word' id='word_1_690' title='bbox 759 4744 966 4814; x_wconf 78' lang='grc' dir='ltr'>ῥήματι</span> <span class='ocrx_word' id='word_1_691' title='bbox 1016 4742 1360 4813; x_wconf 79' lang='grc' dir='ltr'>χρήσασθαι,</span> <span class='ocrx_word' id='word_1_692' title='bbox 1418 4743 1555 4798; x_wconf 82' lang='grc' dir='ltr'><strong>ἀλλὰ</strong></span> <span class='ocrx_word' id='word_1_693' title='bbox 1616 4745 1736 4798; x_wconf 85' lang='grc' dir='ltr'>καθ’</span> 
     </span>
    </p>
   </div>
   <div class='ocr_carea' id='block_1_96' title="bbox 165 4834 1740 4910">
    <p class='ocr_par' dir='ltr' id='par_1_96' title="bbox 165 4834 1740 4910">
     <span class='ocr_line' id='line_1_96' title="bbox 165 4834 1740 4910; baseline 0.001 -21"><span class='ocrx_word' id='word_1_694' title='bbox 165 4838 324 4910; x_wconf 78' lang='grc' dir='ltr'>ἕτερον</span> <span class='ocrx_word' id='word_1_695' title='bbox 399 4836 804 4908; x_wconf 74' lang='grc' dir='ltr'>σημαινόμενον</span> <span class='ocrx_word' id='word_1_696' title='bbox 857 4834 1218 4904; x_wconf 69' lang='grc' dir='ltr'>ὑποτετάχθαι</span> <span class='ocrx_word' id='word_1_697' title='bbox 1267 4836 1326 4887; x_wconf 82' lang='grc' dir='ltr'><strong>τὸ</strong></span> <span class='ocrx_word' id='word_1_698' title='bbox 1378 4835 1600 4906; x_wconf 87' lang='grc' dir='ltr'>Πνεῦμα</span> <span class='ocrx_word' id='word_1_699' title='bbox 1663 4838 1740 4909; x_wconf 83' lang='grc' dir='ltr'>τῷ</span> 
     </span>
    </p>
   </div>
   <div class='ocr_carea' id='block_1_97' title="bbox 167 4923 1740 5000">
    <p class='ocr_par' dir='ltr' id='par_1_97' title="bbox 167 4923 1740 5000">
     <span class='ocr_line' id='line_1_97' title="bbox 167 4923 1740 5000; baseline -0.005 -18"><span class='ocrx_word' id='word_1_700' title='bbox 167 4929 318 5000; x_wconf 74' lang='grc' dir='ltr'>Πατρὶ</span> <span class='ocrx_word' id='word_1_701' title='bbox 349 4932 447 4984; x_wconf 71' lang='grc' dir='ltr'><strong>καὶ</strong></span> <span class='ocrx_word' id='word_1_702' title='bbox 493 4928 574 5000; x_wconf 83' lang='grc' dir='ltr'>τῷ</span> <span class='ocrx_word' id='word_1_703' title='bbox 610 4926 723 4998; x_wconf 80' lang='grc' dir='ltr'>Υίῷ</span> <span class='ocrx_word' id='word_1_704' title='bbox 764 4927 961 4994; x_wconf 86' lang='grc' dir='ltr'>λέγειν.</span> <span class='ocrx_word' id='word_1_705' title='bbox 999 4928 1063 4979; x_wconf 80' lang='grc' dir='ltr'>Τί</span> <span class='ocrx_word' id='word_1_706' title='bbox 1097 4924 1186 4980; x_wconf 73' lang='grc' dir='ltr'>οὖν</span> <span class='ocrx_word' id='word_1_707' title='bbox 1223 4929 1338 4980; x_wconf 80' lang='grc' dir='ltr'>ἐστι</span> <span class='ocrx_word' id='word_1_708' title='bbox 1366 4926 1554 4990; x_wconf 80' lang='grc' dir='ltr'>τοῦτο;</span> <span class='ocrx_word' id='word_1_709' title='bbox 1593 4923 1740 4995; x_wconf 70' lang='grc' dir='ltr'>*Αρα</span> 
     </span>
    </p>
   </div>
   <div class='ocr_carea' id='block_1_98' title="bbox 165 5017 1739 5093">
    <p class='ocr_par' dir='ltr' id='par_1_98' title="bbox 165 5017 1739 5093">
     <span class='ocr_line' id='line_1_98' title="bbox 165 5017 1739 5093; baseline -0.001 -22"><span class='ocrx_word' id='word_1_710' title='bbox 165 5022 229 5072; x_wconf 76' lang='grc' dir='ltr'>ἰτι</span> <span class='ocrx_word' id='word_1_711' title='bbox 258 5022 436 5093; x_wconf 85' lang='grc' dir='ltr'>τρίτον</span> <span class='ocrx_word' id='word_1_712' title='bbox 465 5018 613 5074; x_wconf 81' lang='grc' dir='ltr'>κατὰ</span> <span class='ocrx_word' id='word_1_713' title='bbox 649 5020 749 5089; x_wconf 80' lang='grc' dir='ltr'>τὴν</span> <span class='ocrx_word' id='word_1_714' title='bbox 781 5017 936 5083; x_wconf 77' lang='grc' dir='ltr'>τάξιν</span> <span class='ocrx_word' id='word_1_715' title='bbox 969 5017 1036 5087; x_wconf 78' lang='grc' dir='ltr'>ἣν</span> <span class='ocrx_word' id='word_1_716' title='bbox 1067 5018 1217 5087; x_wconf 79' lang='grc' dir='ltr'>παρὰ</span> <span class='ocrx_word' id='word_1_717' title='bbox 1248 5017 1340 5071; x_wconf 89' lang='grc' dir='ltr'><strong>τοῦ</strong></span> <span class='ocrx_word' id='word_1_718' title='bbox 1373 5018 1579 5088; x_wconf 83' lang='grc' dir='ltr'>Κυρίου</span> <span class='ocrx_word' id='word_1_719' title='bbox 1625 5021 1739 5082; x_wconf 87' lang='grc' dir='ltr'>τοῖς</span> 
     </span>
    </p>
   </div>
   <div class='ocr_carea' id='block_1_99' title="bbox 168 5109 1730 5183">
    <p class='ocr_par' dir='ltr' id='par_1_99' title="bbox 168 5109 1730 5183">
     <span class='ocr_line' id='line_1_99' title="bbox 168 5109 1730 5183; baseline -0.001 -20"><span class='ocrx_word' id='word_1_720' title='bbox 168 5111 412 5183; x_wconf 84' lang='grc' dir='ltr'>μαθηταῖς</span> <span class='ocrx_word' id='word_1_721' title='bbox 439 5109 736 5181; x_wconf 79' lang='grc' dir='ltr'>παρεδόθη,</span> <span class='ocrx_word' id='word_1_722' title='bbox 769 5109 854 5162; x_wconf 80' lang='grc' dir='ltr'>διὰ</span> <span class='ocrx_word' id='word_1_723' title='bbox 883 5109 1042 5162; x_wconf 87' lang='grc' dir='ltr'>τοῦτο</span> <span class='ocrx_word' id='word_1_724' title='bbox 1076 5109 1400 5164; x_wconf 86' lang='grc' dir='ltr'>ὑποτάσσειν</span> <span class='ocrx_word' id='word_1_725' title='bbox 1431 5111 1730 5179; x_wconf 78' lang='grc' dir='ltr'>νομοθετεῖ.</span> 
     </span>
    </p>
   </div>
   <div class='ocr_carea' id='block_1_100' title="bbox 165 5200 1730 5270">
    <p class='ocr_par' dir='ltr' id='par_1_100' title="bbox 165 5200 1730 5270">
     <span class='ocr_line' id='line_1_100' title="bbox 165 5200 1730 5270; baseline 0.001 -17"><span class='ocrx_word' id='word_1_726' title='bbox 165 5206 243 5256; x_wconf 75' lang='grc' dir='ltr'>καὶ</span> <span class='ocrx_word' id='word_1_727' title='bbox 271 5205 327 5256; x_wconf 81' lang='grc' dir='ltr'>οὑ</span> <span class='ocrx_word' id='word_1_728' title='bbox 363 5203 722 5265; x_wconf 86' lang='grc' dir='ltr'>συντάσσειν;</span> <span class='ocrx_word' id='word_1_729' title='bbox 755 5201 948 5255; x_wconf 74' lang='grc' dir='ltr'>οὐκοῦν</span> <span class='ocrx_word' id='word_1_730' title='bbox 977 5201 1072 5254; x_wconf 82' lang='grc' dir='ltr'><strong>καὶ</strong></span> <span class='ocrx_word' id='word_1_731' title='bbox 1119 5200 1208 5253; x_wconf 84' lang='grc' dir='ltr'><strong>τὸν</strong></span> <span class='ocrx_word' id='word_1_732' title='bbox 1237 5201 1456 5270; x_wconf 79' lang='grc' dir='ltr'>Πατέρα</span> <span class='ocrx_word' id='word_1_733' title='bbox 1501 5201 1576 5270; x_wconf 78' lang='grc' dir='ltr'>τῷ</span> <span class='ocrx_word' id='word_1_734' title='bbox 1615 5201 1730 5254; x_wconf 82' lang='grc' dir='ltr'><strong>Μο-</strong></span> 
     </span>
    </p>
   </div>
   <div class='ocr_carea' id='block_1_101' title="bbox 165 5291 1734 5363">
    <p class='ocr_par' dir='ltr' id='par_1_101' title="bbox 165 5291 1734 5363">
     <span class='ocr_line' id='line_1_101' title="bbox 165 5291 1734 5363; baseline -0.003 -16"><span class='ocrx_word' id='word_1_735' title='bbox 165 5297 352 5360; x_wconf 64' lang='lat' dir='ltr'><strong>meast</strong></span> <span class='ocrx_word' id='word_1_736' title='bbox 397 5295 542 5347; x_wconf 67' lang='grc' dir='ltr'>κατὰ</span> <span class='ocrx_word' id='word_1_737' title='bbox 595 5294 686 5347; x_wconf 72' lang='grc' dir='ltr'>τὸν</span> <span class='ocrx_word' id='word_1_738' title='bbox 715 5293 876 5346; x_wconf 84' lang='grc' dir='ltr'>αὐτὸν</span> <span class='ocrx_word' id='word_1_739' title='bbox 913 5293 1069 5361; x_wconf 80' lang='grc' dir='ltr'>λόγον</span> <span class='ocrx_word' id='word_1_740' title='bbox 1105 5291 1490 5346; x_wconf 81' lang='grc' dir='ltr'>ὑποτασσέτω’</span> <span class='ocrx_word' id='word_1_741' title='bbox 1545 5291 1734 5363; x_wconf 79' lang='grc' dir='ltr'>ἐπειδὴ</span> 
     </span>
    </p>
   </div>
   <div class='ocr_carea' id='block_1_102' title="bbox 167 5380 1736 5454">
    <p class='ocr_par' dir='ltr' id='par_1_102' title="bbox 167 5380 1736 5454">
     <span class='ocr_line' id='line_1_102' title="bbox 167 5380 1736 5454; baseline 0.001 -20"><span class='ocrx_word' id='word_1_742' title='bbox 167 5383 414 5453; x_wconf 67' lang='grc' dir='ltr'>πολλαχοῦ</span> <span class='ocrx_word' id='word_1_743' title='bbox 459 5381 777 5454; x_wconf 81' lang='grc' dir='ltr'>προτάξασα</span> <span class='ocrx_word' id='word_1_744' title='bbox 819 5381 913 5434; x_wconf 92' lang='grc' dir='ltr'><strong>τοῦ</strong></span> <span class='ocrx_word' id='word_1_745' title='bbox 961 5381 1167 5452; x_wconf 82' lang='grc' dir='ltr'>Κυρίου</span> <span class='ocrx_word' id='word_1_746' title='bbox 1217 5381 1278 5434; x_wconf 80' lang='grc' dir='ltr'><strong>τὸ</strong></span> <span class='ocrx_word' id='word_1_747' title='bbox 1325 5381 1495 5451; x_wconf 69' lang='grc' dir='ltr'>ονομα</span> <span class='ocrx_word' id='word_1_748' title='bbox 1537 5384 1568 5452; x_wconf 79' lang='grc' dir='ltr'>ἡ</span> <span class='ocrx_word' id='word_1_749' title='bbox 1616 5380 1736 5436; x_wconf 77' lang='grc' dir='ltr'>θεία</span> 
     </span>
    </p>
   </div>
   <div class='ocr_carea' id='block_1_103' title="bbox 168 5472 1734 5546">
    <p class='ocr_par' dir='ltr' id='par_1_103' title="bbox 168 5472 1734 5546">
     <span class='ocr_line' id='line_1_103' title="bbox 168 5472 1734 5546; baseline -0.001 -17"><span class='ocrx_word' id='word_1_750' title='bbox 168 5472 357 5545; x_wconf 67' lang='grc' dir='ltr'>Γραφὴ,</span> <span class='ocrx_word' id='word_1_751' title='bbox 390 5478 450 5527; x_wconf 79' lang='grc' dir='ltr'>ὲν</span> <span class='ocrx_word' id='word_1_752' title='bbox 483 5475 756 5546; x_wconf 72' lang='grc' dir='ltr'>δευτέροις</span> <span class='ocrx_word' id='word_1_753' title='bbox 787 5475 880 5528; x_wconf 88' lang='grc' dir='ltr'><strong>τοῦ</strong></span> <span class='ocrx_word' id='word_1_754' title='bbox 914 5476 1006 5528; x_wconf 79' lang='grc' dir='ltr'>ἐπὶ</span> <span class='ocrx_word' id='word_1_755' title='bbox 1034 5476 1249 5528; x_wconf 88' lang='grc' dir='ltr'>πάντων</span> <span class='ocrx_word' id='word_1_756' title='bbox 1291 5474 1425 5527; x_wconf 84' lang='grc' dir='ltr'>Θεοῦ</span> <span class='ocrx_word' id='word_1_757' title='bbox 1461 5473 1558 5545; x_wconf 83' lang='grc' dir='ltr'>τὴν</span> <span class='ocrx_word' id='word_1_758' title='bbox 1601 5477 1734 5544; x_wconf 78' lang='grc' dir='ltr'>μνή-</span> 
     </span>
    </p>
   </div>
   <div class='ocr_carea' id='block_1_104' title="bbox 169 5565 1731 5639">
    <p class='ocr_par' dir='ltr' id='par_1_104' title="bbox 169 5565 1731 5639">
     <span class='ocr_line' id='line_1_104' title="bbox 169 5565 1731 5639; baseline 0 -19"><span class='ocrx_word' id='word_1_759' title='bbox 169 5581 262 5635; x_wconf 75' lang='grc' dir='ltr'><strong>μην</strong></span> <span class='ocrx_word' id='word_1_760' title='bbox 282 5568 593 5638; x_wconf 87' lang='grc' dir='ltr'>πεποίηται.</span> <span class='ocrx_word' id='word_1_761' title='bbox 635 5568 783 5636; x_wconf 77' lang='grc' dir='ltr'><strong>Ἐγὼ</strong></span> <span class='ocrx_word' id='word_1_762' title='bbox 813 5567 908 5620; x_wconf 77' lang='grc' dir='ltr'>καὶ</span> <span class='ocrx_word' id='word_1_763' title='bbox 939 5571 970 5621; x_wconf 87' lang='grc' dir='ltr'><strong><em>ό</em></strong></span> <span class='ocrx_word' id='word_1_764' title='bbox 991 5566 1214 5634; x_wconf 83' lang='grc' dir='ltr'>Πατὴρ,</span> <span class='ocrx_word' id='word_1_765' title='bbox 1247 5567 1408 5639; x_wconf 68' lang='grc' dir='ltr'>φησιν</span> <span class='ocrx_word' id='word_1_766' title='bbox 1439 5569 1467 5619; x_wconf 81' lang='grc' dir='ltr'><strong><em>ὁ</em></strong></span> <span class='ocrx_word' id='word_1_767' title='bbox 1495 5565 1695 5638; x_wconf 81' lang='grc' dir='ltr'>Κύριος</span> <span class='ocrx_word' id='word_1_768' title='bbox 1716 5583 1731 5599; x_wconf 75' lang='grc' dir='ltr'><strong>ο</strong></span> 
     </span>
    </p>
   </div>
   <div class='ocr_carea' id='block_1_105' title="bbox 166 5647 1732 5730">
    <p class='ocr_par' dir='ltr' id='par_1_105' title="bbox 166 5647 1732 5730">
     <span class='ocr_line' id='line_1_105' title="bbox 166 5647 1732 5730; baseline 0.001 -20"><span class='ocrx_word' id='word_1_769' title='bbox 166 5656 217 5710; x_wconf 72' lang='grc' dir='ltr'><strong>τὸ</strong></span> <span class='ocrx_word' id='word_1_770' title='bbox 249 5659 358 5711; x_wconf 67' lang='grc' dir='ltr'>καθ’</span> <span class='ocrx_word' id='word_1_771' title='bbox 388 5660 577 5713; x_wconf 78' lang='grc' dir='ltr'>ἑαυτὸν</span> <span class='ocrx_word' id='word_1_772' title='bbox 600 5659 941 5730; x_wconf 83' lang='grc' dir='ltr'>προτάσσων.</span> <span class='ocrx_word' id='word_1_773' title='bbox 973 5647 1096 5722; x_wconf 57' lang='grc' dir='ltr'>Καὶ,</span> <span class='ocrx_word' id='word_1_774' title='bbox 1113 5659 1173 5714; x_wconf 84' lang='grc' dir='ltr'><strong>Ἠ</strong></span> <span class='ocrx_word' id='word_1_775' title='bbox 1189 5656 1362 5727; x_wconf 80' lang='grc' dir='ltr'>χάρις</span> <span class='ocrx_word' id='word_1_776' title='bbox 1382 5656 1490 5711; x_wconf 80' lang='grc' dir='ltr'><strong>τοῦ</strong></span> <span class='ocrx_word' id='word_1_777' title='bbox 1511 5657 1732 5725; x_wconf 79' lang='grc' dir='ltr'>Κυρίου</span> 
     </span>
    </p>
   </div>
   <div class='ocr_carea' id='block_1_106' title="bbox 258 5818 659 5884">
    <p class='ocr_par' dir='ltr' id='par_1_106' title="bbox 258 5818 659 5884">
     <span class='ocr_line' id='line_1_106' title="bbox 258 5818 659 5884; baseline 0 -12"><span class='ocrx_word' id='word_1_778' title='bbox 258 5821 302 5851; x_wconf 70' lang='grc'><strong><em>⁸⁵</em></strong></span> <span class='ocrx_word' id='word_1_779' title='bbox 331 5818 466 5874; x_wconf 78' lang='lat' dir='ltr'><strong>Gen.</strong></span> <span class='ocrx_word' id='word_1_780' title='bbox 493 5838 531 5884; x_wconf 86' lang='grc' dir='ltr'>ι.</span> <span class='ocrx_word' id='word_1_781' title='bbox 567 5819 659 5875; x_wconf 72' lang='grc'><strong>25.</strong></span> 
     </span>
    </p>
   </div>
   <div class='ocr_carea' id='block_1_107' title="bbox 757 5816 2498 5890">
    <p class='ocr_par' dir='ltr' id='par_1_107' title="bbox 757 5816 2498 5890">
     <span class='ocr_line' id='line_1_107' title="bbox 757 5816 2498 5890; baseline -0.003 -15"><span class='ocrx_word' id='word_1_782' title='bbox 757 5821 802 5854; x_wconf 82' lang='grc'><strong><em>⁸⁸</em></strong></span> <span class='ocrx_word' id='word_1_783' title='bbox 825 5820 966 5875; x_wconf 82' lang='lat' dir='ltr'><strong>Psal.</strong></span> <span class='ocrx_word' id='word_1_784' title='bbox 1002 5836 1118 5885; x_wconf 86' lang='lat' dir='ltr'><strong>vm,</strong></span> <span class='ocrx_word' id='word_1_785' title='bbox 1152 5819 1203 5873; x_wconf 88' lang='lat'><strong>8.</strong></span> <span class='ocrx_word' id='word_1_786' title='bbox 1285 5820 1325 5849; x_wconf 56' lang='grc' dir='ltr'>ἐ</span> <span class='ocrx_word' id='word_1_787' title='bbox 1353 5817 1497 5874; x_wconf 81' lang='lat' dir='ltr'><strong>Psal.</strong></span> <span class='ocrx_word' id='word_1_788' title='bbox 1533 5835 1676 5881; x_wconf 72' lang='lat' dir='ltr'><strong>nvi,</strong></span> <span class='ocrx_word' id='word_1_789' title='bbox 1711 5819 1743 5874; x_wconf 73' lang='grc'><strong>4</strong></span> <span class='ocrx_word' id='word_1_790' title='bbox 1781 5835 1899 5890; x_wconf 86' lang='lat' dir='ltr'><strong>sqq.</strong></span> <span class='ocrx_word' id='word_1_791' title='bbox 1947 5821 1988 5850; x_wconf 82' lang='grc'><strong><em>³⁷</em></strong></span> <span class='ocrx_word' id='word_1_792' title='bbox 2032 5821 2048 5872; x_wconf 94' lang='lat' dir='ltr'><strong>l</strong></span> <span class='ocrx_word' id='word_1_793' title='bbox 2081 5819 2206 5874; x_wconf 87' lang='lat' dir='ltr'><strong>Cor.</strong></span> <span class='ocrx_word' id='word_1_794' title='bbox 2281 5833 2368 5883; x_wconf 79' lang='lat' dir='ltr'><strong>xv,</strong></span> <span class='ocrx_word' id='word_1_795' title='bbox 2409 5816 2498 5870; x_wconf 65' lang='grc' dir='ltr'><strong>Ἠ.</strong></span> 
     </span>
    </p>
   </div>
   <div class='ocr_carea' id='block_1_108' title="bbox 1839 4741 3420 4812">
    <p class='ocr_par' dir='ltr' id='par_1_108' title="bbox 1839 4741 3420 4812">
     <span class='ocr_line' id='line_1_108' title="bbox 1839 4741 3420 4812; baseline 0.003 -18"><span class='ocrx_word' id='word_1_796' title='bbox 1839 4741 1958 4795; x_wconf 87' lang='lat' dir='ltr'><strong>lens</strong></span> <span class='ocrx_word' id='word_1_797' title='bbox 1983 4741 2267 4795; x_wconf 77' lang='lat' dir='ltr'><strong>victoriam</strong></span> <span class='ocrx_word' id='word_1_798' title='bbox 2299 4741 2542 4795; x_wconf 87' lang='lat' dir='ltr'><strong>obtinuit</strong></span> <span class='ocrx_word' id='word_1_799' title='bbox 2572 4783 2582 4794; x_wconf 94' lang='lat'><strong>.</strong></span> <span class='ocrx_word' id='word_1_800' title='bbox 2612 4741 2680 4795; x_wconf 81' lang='lat' dir='ltr'><strong>At</strong></span> <span class='ocrx_word' id='word_1_801' title='bbox 2711 4742 2844 4795; x_wconf 88' lang='lat' dir='ltr'><strong>nihil</strong></span> <span class='ocrx_word' id='word_1_802' title='bbox 2878 4742 3074 4797; x_wconf 87' lang='lat' dir='ltr'><strong>horum</strong></span> <span class='ocrx_word' id='word_1_803' title='bbox 3107 4746 3420 4812; x_wconf 84' lang='lat' dir='ltr'><strong>aﬁirmabit,</strong></span> 
     </span>
    </p>
   </div>
   <div class='ocr_carea' id='block_1_109' title="bbox 1837 4832 3418 4904">
    <p class='ocr_par' dir='ltr' id='par_1_109' title="bbox 1837 4832 3418 4904">
     <span class='ocr_line' id='line_1_109' title="bbox 1837 4832 3418 4904; baseline 0 -18"><span class='ocrx_word' id='word_1_804' title='bbox 1837 4834 1931 4886; x_wconf 88' lang='lat' dir='ltr'><strong>sed</strong></span> <span class='ocrx_word' id='word_1_805' title='bbox 1971 4833 2322 4901; x_wconf 80' lang='lat' dir='ltr'><strong>respondebit</strong></span> <span class='ocrx_word' id='word_1_806' title='bbox 2377 4833 2561 4902; x_wconf 88' lang='lat' dir='ltr'><strong>potius</strong></span> <span class='ocrx_word' id='word_1_807' title='bbox 2598 4849 2657 4888; x_wconf 90' lang='lat' dir='ltr'><strong>se</strong></span> <span class='ocrx_word' id='word_1_808' title='bbox 2715 4832 3080 4904; x_wconf 87' lang='lat' dir='ltr'><strong>subjectionis</strong></span> <span class='ocrx_word' id='word_1_809' title='bbox 3128 4836 3418 4902; x_wconf 78' lang='lat' dir='ltr'><strong>vocabulo,</strong></span> 
     </span>
    </p>
   </div>
   <div class='ocr_carea' id='block_1_110' title="bbox 1837 4923 3419 4996">
    <p class='ocr_par' dir='ltr' id='par_1_110' title="bbox 1837 4923 3419 4996">
     <span class='ocr_line' id='line_1_110' title="bbox 1837 4923 3419 4996; baseline 0.001 -18"><span class='ocrx_word' id='word_1_810' title='bbox 1837 4941 1946 4978; x_wconf 92' lang='lat' dir='ltr'><strong>non</strong></span> <span class='ocrx_word' id='word_1_811' title='bbox 1984 4941 2063 4977; x_wconf 69' lang='grc' dir='ltr'>ωι-</span> <span class='ocrx_word' id='word_1_812' title='bbox 2091 4923 2391 4994; x_wconf 68' lang='lat' dir='ltr'><strong>Scriptum</strong></span> <span class='ocrx_word' id='word_1_813' title='bbox 2431 4927 2756 4996; x_wconf 72' lang='lat' dir='ltr'><strong>praescripto</strong></span> <span class='ocrx_word' id='word_1_814' title='bbox 2799 4934 2854 4982; x_wconf 88' lang='lat' dir='ltr'><strong>et</strong></span> <span class='ocrx_word' id='word_1_815' title='bbox 2904 4927 3214 4996; x_wconf 87' lang='lat' dir='ltr'><strong>signiﬁcato</strong></span> <span class='ocrx_word' id='word_1_816' title='bbox 3257 4944 3419 4982; x_wconf 86' lang='lat' dir='ltr'><strong>nsum</strong></span> 
     </span>
    </p>
   </div>
   <div class='ocr_carea' id='block_1_111' title="bbox 1836 5015 3418 5089">
    <p class='ocr_par' dir='ltr' id='par_1_111' title="bbox 1836 5015 3418 5089">
     <span class='ocr_line' id='line_1_111' title="bbox 1836 5015 3418 5089; baseline 0 -19"><span class='ocrx_word' id='word_1_817' title='bbox 1836 5031 1988 5084; x_wconf 87' lang='lat' dir='ltr'><strong>esse,</strong></span> <span class='ocrx_word' id='word_1_818' title='bbox 2024 5015 2120 5072; x_wconf 89' lang='lat' dir='ltr'><strong>sed</strong></span> <span class='ocrx_word' id='word_1_819' title='bbox 2160 5017 2265 5071; x_wconf 88' lang='lat' dir='ltr'><strong>alia</strong></span> <span class='ocrx_word' id='word_1_820' title='bbox 2302 5018 2538 5087; x_wconf 86' lang='lat' dir='ltr'><strong>quadam</strong></span> <span class='ocrx_word' id='word_1_821' title='bbox 2584 5019 2807 5074; x_wconf 90' lang='lat' dir='ltr'><strong>notione</strong></span> <span class='ocrx_word' id='word_1_822' title='bbox 2851 5018 3117 5089; x_wconf 86' lang='lat' dir='ltr'><strong>Spiritum</strong></span> <span class='ocrx_word' id='word_1_823' title='bbox 3166 5031 3418 5074; x_wconf 85' lang='lat' dir='ltr'><strong>sanctum</strong></span> 
     </span>
    </p>
   </div>
   <div class='ocr_carea' id='block_1_112' title="bbox 1835 5108 3422 5180">
    <p class='ocr_par' dir='ltr' id='par_1_112' title="bbox 1835 5108 3422 5180">
     <span class='ocr_line' id='line_1_112' title="bbox 1835 5108 3422 5180; baseline 0.002 -18"><span class='ocrx_word' id='word_1_824' title='bbox 1835 5110 2139 5176; x_wconf 67' lang='lat' dir='ltr'><strong>subjectum</strong></span> <span class='ocrx_word' id='word_1_825' title='bbox 2188 5124 2310 5162; x_wconf 87' lang='lat' dir='ltr'><strong>esse</strong></span> <span class='ocrx_word' id='word_1_826' title='bbox 2349 5108 2495 5162; x_wconf 88' lang='lat' dir='ltr'><strong>Patri</strong></span> <span class='ocrx_word' id='word_1_827' title='bbox 2538 5119 2589 5163; x_wconf 91' lang='lat' dir='ltr'><strong>et</strong></span> <span class='ocrx_word' id='word_1_828' title='bbox 2619 5108 2778 5163; x_wconf 86' lang='lat' dir='ltr'><strong>Filio.</strong></span> <span class='ocrx_word' id='word_1_829' title='bbox 2813 5111 2944 5176; x_wconf 64' lang='lat' dir='ltr'><strong>Quae</strong></span> <span class='ocrx_word' id='word_1_830' title='bbox 2991 5111 3155 5180; x_wconf 85' lang='lat' dir='ltr'><strong>igitur</strong></span> <span class='ocrx_word' id='word_1_831' title='bbox 3189 5111 3301 5164; x_wconf 57' lang='lat' dir='ltr'><strong>hate</strong></span> <span class='ocrx_word' id='word_1_832' title='bbox 3337 5121 3422 5165; x_wconf 80' lang='lat' dir='ltr'><strong>est</strong></span> 
     </span>
    </p>
   </div>
   <div class='ocr_carea' id='block_1_113' title="bbox 1834 5199 3422 5271">
    <p class='ocr_par' dir='ltr' id='par_1_113' title="bbox 1834 5199 3422 5271">
     <span class='ocr_line' id='line_1_113' title="bbox 1834 5199 3422 5271; baseline 0.001 -19"><span class='ocrx_word' id='word_1_833' title='bbox 1834 5199 2022 5252; x_wconf 80' lang='lat' dir='ltr'><strong>notio?</strong></span> <span class='ocrx_word' id='word_1_834' title='bbox 2051 5199 2129 5250; x_wconf 79' lang='lat' dir='ltr'><strong>An</strong></span> <span class='ocrx_word' id='word_1_835' title='bbox 2166 5200 2292 5268; x_wconf 85' lang='lat' dir='ltr'><strong>quia</strong></span> <span class='ocrx_word' id='word_1_836' title='bbox 2321 5203 2486 5252; x_wconf 80' lang='lat' dir='ltr'><strong>tertio</strong></span> <span class='ocrx_word' id='word_1_837' title='bbox 2509 5200 2630 5254; x_wconf 84' lang='lat' dir='ltr'><strong>loco</strong></span> <span class='ocrx_word' id='word_1_838' title='bbox 2664 5201 2718 5254; x_wconf 87' lang='lat' dir='ltr'><strong>in</strong></span> <span class='ocrx_word' id='word_1_839' title='bbox 2744 5202 2936 5256; x_wconf 83' lang='lat' dir='ltr'><strong>ordine</strong></span> <span class='ocrx_word' id='word_1_840' title='bbox 2959 5200 3269 5264; x_wconf 81' lang='lat' dir='ltr'><strong>verborum,</strong></span> <span class='ocrx_word' id='word_1_841' title='bbox 3302 5218 3422 5271; x_wconf 71' lang='lat' dir='ltr'><strong>qua:</strong></span> 
     </span>
    </p>
   </div>
   <div class='ocr_carea' id='block_1_114' title="bbox 1833 5289 3419 5362">
    <p class='ocr_par' dir='ltr' id='par_1_114' title="bbox 1833 5289 3419 5362">
     <span class='ocr_line' id='line_1_114' title="bbox 1833 5289 3419 5362; baseline 0 -16"><span class='ocrx_word' id='word_1_842' title='bbox 1833 5291 2092 5360; x_wconf 76' lang='lat' dir='ltr'><strong>discipuli</strong></span> <span class='ocrx_word' id='word_1_843' title='bbox 2141 5306 2169 5345; x_wconf 90' lang='lat' dir='ltr'><strong>a</strong></span> <span class='ocrx_word' id='word_1_844' title='bbox 2206 5289 2440 5346; x_wconf 89' lang='lat' dir='ltr'><strong>Domino</strong></span> <span class='ocrx_word' id='word_1_845' title='bbox 2475 5301 2814 5362; x_wconf 84' lang='lat' dir='ltr'><strong>acceperunt</strong></span> <span class='ocrx_word' id='word_1_846' title='bbox 2856 5294 2922 5355; x_wconf 74' lang='grc'><strong>’⁸,</strong></span> <span class='ocrx_word' id='word_1_847' title='bbox 2965 5293 3272 5347; x_wconf 87' lang='lat' dir='ltr'><strong>collocatus</strong></span> <span class='ocrx_word' id='word_1_848' title='bbox 3312 5300 3419 5356; x_wconf 90' lang='lat' dir='ltr'><strong>est,</strong></span> 
     </span>
    </p>
   </div>
   <div class='ocr_carea' id='block_1_115' title="bbox 1835 5382 3420 5454">
    <p class='ocr_par' dir='ltr' id='par_1_115' title="bbox 1835 5382 3420 5454">
     <span class='ocr_line' id='line_1_115' title="bbox 1835 5382 3420 5454; baseline 0.001 -16"><span class='ocrx_word' id='word_1_849' title='bbox 1835 5383 1907 5438; x_wconf 88' lang='lat' dir='ltr'><strong>ob</strong></span> <span class='ocrx_word' id='word_1_850' title='bbox 1943 5384 1996 5437; x_wconf 89' lang='lat' dir='ltr'><strong>id</strong></span> <span class='ocrx_word' id='word_1_851' title='bbox 2029 5382 2188 5437; x_wconf 90' lang='lat' dir='ltr'><strong>docet</strong></span> <span class='ocrx_word' id='word_1_852' title='bbox 2222 5399 2346 5437; x_wconf 87' lang='lat' dir='ltr'><strong>eum</strong></span> <span class='ocrx_word' id='word_1_853' title='bbox 2391 5384 2616 5454; x_wconf 87' lang='lat' dir='ltr'><strong>subjici,</strong></span> <span class='ocrx_word' id='word_1_854' title='bbox 2648 5393 2702 5438; x_wconf 85' lang='lat' dir='ltr'><strong>et</strong></span> <span class='ocrx_word' id='word_1_855' title='bbox 2734 5401 2843 5438; x_wconf 93' lang='lat' dir='ltr'><strong>non</strong></span> <span class='ocrx_word' id='word_1_856' title='bbox 2873 5383 3116 5452; x_wconf 87' lang='lat' dir='ltr'><strong>ejusdem</strong></span> <span class='ocrx_word' id='word_1_857' title='bbox 3152 5398 3276 5438; x_wconf 80' lang='lat' dir='ltr'><strong>cum</strong></span> <span class='ocrx_word' id='word_1_858' title='bbox 3310 5384 3420 5439; x_wconf 90' lang='lat' dir='ltr'><strong>illis</strong></span> 
     </span>
    </p>
   </div>
   <div class='ocr_carea' id='block_1_116' title="bbox 1839 5473 3420 5548">
    <p class='ocr_par' dir='ltr' id='par_1_116' title="bbox 1839 5473 3420 5548">
     <span class='ocr_line' id='line_1_116' title="bbox 1839 5473 3420 5548; baseline 0.002 -21"><span class='ocrx_word' id='word_1_859' title='bbox 1839 5489 1964 5529; x_wconf 87' lang='lat' dir='ltr'><strong>esse</strong></span> <span class='ocrx_word' id='word_1_860' title='bbox 1993 5475 2246 5529; x_wconf 89' lang='lat' dir='ltr'><strong>ordinis?</strong></span> <span class='ocrx_word' id='word_1_861' title='bbox 2282 5473 2482 5528; x_wconf 83' lang='lat' dir='ltr'><strong>Eadem</strong></span> <span class='ocrx_word' id='word_1_862' title='bbox 2528 5476 2748 5529; x_wconf 86' lang='lat' dir='ltr'><strong>ratione</strong></span> <span class='ocrx_word' id='word_1_863' title='bbox 2781 5476 3000 5530; x_wconf 86' lang='lat' dir='ltr'><strong>Patrem</strong></span> <span class='ocrx_word' id='word_1_864' title='bbox 3037 5490 3258 5548; x_wconf 84' lang='lat' dir='ltr'><strong>quoque</strong></span> <span class='ocrx_word' id='word_1_865' title='bbox 3294 5476 3420 5530; x_wconf 63' lang='lat' dir='ltr'><strong>uni»</strong></span> 
     </span>
    </p>
   </div>
   <div class='ocr_carea' id='block_1_117' title="bbox 1837 5565 3414 5639">
    <p class='ocr_par' dir='ltr' id='par_1_117' title="bbox 1837 5565 3414 5639">
     <span class='ocr_line' id='line_1_117' title="bbox 1837 5565 3414 5639; baseline 0.002 -18"><span class='ocrx_word' id='word_1_866' title='bbox 1837 5569 2022 5639; x_wconf 82' lang='lat' dir='ltr'><strong>genito</strong></span> <span class='ocrx_word' id='word_1_867' title='bbox 2051 5565 2190 5622; x_wconf 81' lang='lat' dir='ltr'><strong>Filio</strong></span> <span class='ocrx_word' id='word_1_868' title='bbox 2230 5567 2509 5636; x_wconf 89' lang='lat' dir='ltr'><strong>subjiciat,</strong></span> <span class='ocrx_word' id='word_1_869' title='bbox 2553 5583 2676 5622; x_wconf 90' lang='lat' dir='ltr'><strong>cum</strong></span> <span class='ocrx_word' id='word_1_870' title='bbox 2706 5565 2993 5638; x_wconf 88' lang='lat' dir='ltr'><strong>Scriptura</strong></span> <span class='ocrx_word' id='word_1_871' title='bbox 3029 5584 3173 5639; x_wconf 67' lang='lat' dir='ltr'><strong>sape</strong></span> <span class='ocrx_word' id='word_1_872' title='bbox 3199 5567 3414 5624; x_wconf 77' lang='lat' dir='ltr'><strong>Domini</strong></span> 
     </span>
    </p>
   </div>
   <div class='ocr_carea' id='block_1_118' title="bbox 1840 5656 3415 5732">
    <p class='ocr_par' dir='ltr' id='par_1_118' title="bbox 1840 5656 3415 5732">
     <span class='ocr_line' id='line_1_118' title="bbox 1840 5656 3415 5732; baseline 0.001 -18"><span class='ocrx_word' id='word_1_873' title='bbox 1840 5659 2062 5716; x_wconf 90' lang='lat' dir='ltr'><strong>nomine</strong></span> <span class='ocrx_word' id='word_1_874' title='bbox 2089 5660 2239 5731; x_wconf 87' lang='lat' dir='ltr'><strong>prius</strong></span> <span class='ocrx_word' id='word_1_875' title='bbox 2272 5661 2470 5730; x_wconf 90' lang='lat' dir='ltr'><strong>posito,</strong></span> <span class='ocrx_word' id='word_1_876' title='bbox 2511 5656 2754 5716; x_wconf 89' lang='lat' dir='ltr'><strong>secundo</strong></span> <span class='ocrx_word' id='word_1_877' title='bbox 2795 5659 3011 5715; x_wconf 89' lang='lat' dir='ltr'><strong>demum</strong></span> <span class='ocrx_word' id='word_1_878' title='bbox 3036 5661 3156 5716; x_wconf 92' lang='lat' dir='ltr'><strong>loco</strong></span> <span class='ocrx_word' id='word_1_879' title='bbox 3178 5659 3296 5728; x_wconf 89' lang='lat' dir='ltr'><strong>Dei,</strong></span> <span class='ocrx_word' id='word_1_880' title='bbox 3322 5663 3415 5732; x_wconf 88' lang='lat' dir='ltr'><strong>qui</strong></span> 
     </span>
    </p>
   </div>
   <div class='ocr_carea' id='block_1_119' title="bbox 2582 5816 3198 5876">
    <p class='ocr_par' dir='ltr' id='par_1_119' title="bbox 2582 5816 3198 5876">
     <span class='ocr_line' id='line_1_119' title="bbox 2582 5816 3198 5876; baseline 0.002 -7"><span class='ocrx_word' id='word_1_881' title='bbox 2582 5816 2624 5848; x_wconf 64' lang='grc'><strong>’⁸</strong></span> <span class='ocrx_word' id='word_1_882' title='bbox 2661 5816 2847 5871; x_wconf 77' lang='lat' dir='ltr'><strong>Matth.</strong></span> <span class='ocrx_word' id='word_1_883' title='bbox 2892 5832 3082 5876; x_wconf 75' lang='lat' dir='ltr'><strong>uvm.</strong></span> <span class='ocrx_word' id='word_1_884' title='bbox 3122 5817 3198 5870; x_wconf 80' lang='lat' dir='ltr'><strong>l9.</strong></span> 
     </span>
    </p>
   </div>
  </div>
