3920 6490
535 365 636 424 ιιι

1738 359 1798 414 S.
1827 357 2156 414 GREGORII
2188 357 2478 416 NYSSENI
2515 395 2520 400 ο
3663 357 3752 414 5ίὲ

535 490 621 538 est
651 495 816 553 super
842 476 1027 536 omnia
1049 514 1063 540 .
1095 483 1425 536 mentionem
1465 475 1648 532 faciat.
1697 475 1807 546 Ego
1836 488 1890 531 et
1928 477 2085 531 Pater

2212 474 2379 543 ἡμῶν
2424 473 2622 542 Ἰησοῦ
2669 475 2924 543 Χριστοῦ
2977 474 3073 528 καί
3130 474 3168 541 ἡ
3202 473 3402 542 ἀγάπη
3453 473 3556 528 τοῦ
3589 476 3736 530 Θεοῦ·

535 573 720 642 inquit
760 569 1023 630 Dominus
1044 571 1114 634 ³³,
1151 569 1442 640 przeposito
1477 569 1667 639 utique
1711 585 1812 625 suo
1862 569 2103 627 nomine.

533 663 602 718 Et
638 679 651 714 :
690 660 882 718 Gratia
906 660 1120 718 Domini
1151 662 1322 715 nostri
1372 661 1504 715 Jesu
1538 659 1762 724 Christi,
1792 669 1842 716 et
1873 661 2106 715 charitu

533 753 632 808 Dei
649 750 695 784 ³ο
720 768 736 807 :
768 758 824 806 et
851 750 1064 808 inﬁnita
1089 751 1217 805 talia
1239 759 1532 806 occurrent
1573 749 1868 821 Scriptura:
1898 750 2108 806 studio-

535 844 635 908 sis,
663 843 758 911 qui
783 843 911 897 talia
931 843 1248 897 testimonia
1271 842 1530 912 colligere
1560 843 1758 896 volent.
1783 842 2104 910 Cujusmodi

535 943 616 988 est
651 943 705 987 et
746 932 878 989 illud
917 953 928 986 :
962 933 1255 987 Diuisione:
1285 935 1576 1004 gratiarum
1613 943 1735 987 sunt
1758 973 1772 995 ,
1808 933 1944 987 idem
1987 951 2105 988 vero

535 1020 1155 1089 Spiritus;etdiuisiones
1192 1025 1604 1079 ministeriorum
1629 1038 1750 1079 sunt
1771 1065 1786 1088 ,
1817 1027 1952 1079 idem
1986 1043 2103 1080 vero

541 1115 850 1180 Dominus;
899 1127 949 1174 et
998 1117 1279 1174 divisiones
1337 1119 1699 1187 operationum
1749 1129 1904 1186 sunt,
1963 1119 2100 1175 idem

534 1221 652 1262 vero
687 1205 822 1261 Dens
846 1207 910 1261 ³¹.
939 1205 1122 1276 Itaque
1153 1205 1454 1264 secundum
1481 1207 1642 1262 iSlam
1681 1211 1942 1278 rationem
1973 1210 2103 1264 sub-

528 1298 705 1364 jectus
733 1308 816 1354 est
848 1296 993 1355 Filio
1015 1307 1070 1352 et
1104 1297 1329 1368 Spiritui
1362 1308 1558 1352 sancto
1586 1299 1702 1368 ipse
1723 1316 1890 1370 super
1916 1301 2100 1356 omnia

535 1385 696 1453 Deus,
732 1391 890 1443 tertio
919 1391 1036 1448 loco
1059 1405 1089 1444 a
1125 1390 1292 1446 Paulo
1325 1394 1656 1447 recensitus.
1691 1391 1796 1450 Sed
1833 1393 2100 1448 hactenus

529 1480 800 1548 ejusmodi
835 1481 1239 1553 philosophiam
1273 1499 1551 1553 nunquam
1598 1484 1912 1540 audivimus
1933 1525 1946 1546 ,
1978 1501 2101 1556 qua:

529 1573 834 1630 secundum
861 1583 914 1628 et
943 1576 1184 1639 tertium,
1211 1591 1275 1630 ex
1299 1576 1696 1632 consecutione
1725 1578 1966 1647 quadam
2002 1593 2100 1649 po-

527 1665 690 1720 situm
711 1673 764 1720 et
792 1666 1203 1736 pronuntiatum
1237 1668 1496 1736 conjiciat
1524 1669 1577 1722 in
1614 1670 1860 1726 ordinem
1884 1686 2096 1736 eorum,

526 1770 648 1824 qua:
688 1755 852 1811 alteri
883 1765 1012 1812 sunt
1046 1757 1294 1828 subjecta
1327 1767 1382 1814 et
1415 1759 1673 1824 obnoxia,
1701 1769 1756 1817 et
1783 1771 1962 1820 tamen
1995 1764 2098 1820 iste

524 1848 1410 1919 enumerationempersonarum,
1440 1867 1505 1906 ex
1546 1851 1690 1908 serie
1728 1859 1784 1907 et
1824 1867 2094 1912 consecu-

526 1937 676 1994 tione
705 1939 967 2008 quadam,
1008 1941 1295 1998 contendit
1321 1957 1444 1997 esse
1472 1951 1797 2000 naturarum
1832 1948 2092 2017 majorem

524 2035 578 2080 et
615 2027 876 2082 minorem
909 2029 1305 2100 praestantiam.
1346 2031 1570 2086 Ordinis
1601 2034 1747 2090 enim.
1774 2036 1971 2092 seriem
2004 2035 2098 2091 do.-

523 2124 609 2172 cet
636 2131 759 2172 esse
783 2125 1164 2186 argumentum
1188 2119 1523 2178 diversitatis
1540 2131 1880 2187 naturarum,
1909 2125 2094 2180 nescio

523 2223 554 2259 a
604 2221 714 2277 quo
757 2207 813 2262 in
868 2207 984 2263 hinc
1031 2208 1210 2266 inania
1259 2211 1518 2280 ﬁgmenta
1562 2212 1851 2280 inductus,
1889 2222 1942 2270 et
1985 2232 2093 2290 qua

522 2298 684 2351 etiam
730 2299 1063 2354 necessitate
1105 2303 1428 2372 compulsus
1480 2303 1532 2358 in
1579 2305 1720 2360 hanc
1765 2309 2092 2364 sententiam

520 2389 897 2460 descenderit;
935 2410 1060 2450 nam
1098 2394 1238 2450 ordo
1278 2399 1499 2453 numeri
1523 2414 1630 2458 non
1663 2397 1825 2456 cﬂicit.
1866 2409 2092 2456 natura-

522 2495 644 2534 rum
669 2483 1069 2540 diversitatem.
1104 2485 1208 2542 Sed
1235 2503 1322 2543 res
1358 2499 1656 2545 numerata:
1691 2507 1845 2547 suam
1870 2494 2090 2563 quidem

521 2581 778 2628 naturam
831 2575 1160 2632 invariatam
1221 2579 1506 2642 retinent,
1548 2581 1663 2636 sive
1710 2595 2088 2652 numerentur,

519 2664 634 2720 sive
662 2680 793 2719 non.
821 2664 1094 2724 Numerus
1136 2677 1318 2724 autem
1355 2673 1571 2741 signum
1607 2680 1720 2734 est,
1757 2691 1866 2744 quo
1905 2693 2087 2732 rerum

517 2756 796 2822 quantitas
829 2755 1126 2812 inualescit
1153 2776 1168 2825 ;
1205 2776 1388 2828 neque
1423 2778 1507 2822 ea,
1539 2779 1658 2832 quae
1693 2764 1965 2825 inferioris
1993 2785 2090 2824 ua-

516 2853 653 2899 turae
677 2855 825 2912 sunt,
860 2848 912 2901 in
946 2849 1242 2904 secundam
1275 2855 1431 2922 quasi
1463 2855 1694 2910 classem
1720 2861 1968 2926 reponit;
1992 2861 2088 2918 sed

515 2931 748 2988 arbitrio
781 2951 992 3002 eorum,
1030 2938 1124 3006 qui
1159 2951 1470 3006 numerant,
1504 2959 1591 2997 res
1617 2961 1846 3002 numero
1875 2951 2086 3020 signiﬁ-

515 3035 692 3089 catas,
725 3027 1012 3082 immutata
1041 3032 1276 3102 quadam
1309 3035 1450 3088 serie
1487 3036 1734 3106 disponit
1766 3048 1819 3094 et
1847 3043 2083 3098 ordinat.

2213 568 2308 621 καὶ
2345 569 2510 638 μυρία
2539 566 2764 622 τοιαῦτα
2807 569 2920 634 τοῖς
2965 566 3271 635 φιλοπόνοις
3315 565 3630 636 ἀναζητοῦσι
3671 570 3753 634 τὰς

2210 660 2274 712 ἐκ
2310 659 2417 711 τῶν
2464 657 2694 729 Γραφῶν
2741 657 3042 730 μαρτυρίας
3094 657 3356 729 πάρεστιν
3402 658 3750 723 ἀναλέξασθαι,

2209 745 2318 804 οἷον
2357 750 2528 804 ἐκεῖνό
2571 752 2714 802 ἐστιν
2735 767 2747 779 ο
2781 748 3104 816 Διαιρέσεις
3137 747 3204 800 δὲ
3236 748 3610 817 χαρισμάτων
3631 751 3751 815 εἰσὶ,

2209 838 2274 890 τὸ
2314 836 2380 890 δὲ
2411 839 2553 890 αὐτὸ
2587 837 2842 905 Πνεῦμα·
2878 836 2977 890 καὶ
3007 835 3323 904 διαιρέσεις
3350 837 3656 892 διακονιῶν
3682 843 3750 893 ει-

2211 944 2349 994 σιν,
2381 932 2413 982 o'
2443 927 2512 979 δὲ
2544 929 2725 994 αὐτὸς
2763 931 3012 996 Κύριος⁸
3061 930 3155 982 καί
3198 928 3512 996 διαιρέσεις
3541 932 3754 1001 ἐνεργη-

2203 1017 2408 1088 μάτων
2445 1018 2619 1082 εἰσὶν,
2648 1023 2680 1071 o'
2709 1018 2777 1070 δὲ
2804 1019 2987 1084 αὐτὸς
3026 1020 3168 1085 Θεός
3188 1037 3200 1049 ⁸
3233 1020 3371 1072 ὥστε
3400 1022 3534 1074 κατὰ
3565 1023 3646 1074 τὸν
3681 1023 3754 1073 λό-

2207 1127 2301 1178 γον
2340 1108 2526 1161 τοῦτον
2561 1109 2909 1179 ὑποτετάχθω
2935 1111 3010 1183 τῷ
3045 1111 3179 1180 Υίῷ,
3217 1113 3310 1164 καὶ
3344 1112 3418 1183 τῷ
3448 1113 3753 1183 Πνεύματιό

2210 1201 2303 1252 ἐπὶ
2338 1201 2551 1253 πάντων
2586 1201 2736 1262 Θεὸς,
2772 1203 2828 1253 ἐν
2862 1201 3020 1275 τρίτῃ
3052 1203 3199 1266 τάξει
3244 1205 3390 1274 παρὰ
3435 1205 3524 1257 τοῦ
3564 1207 3750 1260 Παύλου

2210 1289 2620 1359 μνημονευθείς.
2670 1291 2808 1342 Ἀλλ’
2833 1292 3042 1348 assem
3076 1293 3167 1347 καί
3193 1293 3285 1347 νῦν
3309 1296 3508 1365 ταύτης
3535 1297 3749 1367 ἀκηκόα-

2207 1397 2306 1450 μεν
2349 1382 2445 1450 τῆς
2475 1380 2664 1448 σοφίας
2685 1397 2698 1412 ο
2739 1382 2772 1452 ἢ
2823 1382 2880 1434 τὸ
2910 1382 3158 1452 δεύτερον
3188 1383 3282 1436 καὶ
3321 1385 3503 1455 τρίτον
3544 1386 3602 1438 ἐκ
3627 1403 3750 1452 τινος

2205 1469 2521 1534 ἀκολουθίας
2561 1471 2872 1541 λεγόμενον,
2919 1473 2998 1536 είς
3035 1473 3132 1542 τὴν
3172 1474 3277 1526 τῶν
3321 1474 3638 1547 ὑποχειρίων
3671 1479 3748 1530 καὶ

2203 1563 2656 1632 ὑποτεταγμένων,
2693 1563 2991 1619 ἀπωθεῖται
3036 1565 3207 1630 τάξιν.
3246 1566 3422 1636 Ὅπερ
3461 1561 3608 1630 οὗτος
3639 1567 3746 1638 βού-

2200 1652 2350 1706 λεται
2385 1654 2482 1723 τὴν
2527 1653 2625 1723 τῆς
2671 1655 3017 1726 παραδόσεως
3057 1655 3162 1708 τῶν
3207 1655 3511 1726 προσώπων
3543 1659 3742 1716 ἀκολου-

2193 1729 2342 1810 θίαν,
2395 1745 2740 1815 ἀξιωμάτων,
2794 1747 2886 1800 καὶ
2942 1747 3188 1816 φύσεων,
3239 1748 3512 1818 ὑπεροχάς
3565 1767 3619 1807 τε
3668 1753 3744 1803 καὶ

2128 1821 2519 1902 Βὲλαττώσεις
2578 1839 2995 1902 κατασκευάζων
3051 1839 3434 1896 ἐνδείκνυσθαι.
3497 1841 3603 1913 Τῆς
3651 1844 3745 1917 γὰρ

2196 1927 2304 1980 τῶν
2357 1927 2569 1998 φύσεων
2617 1929 2930 1999 ἑτερότητος
2980 1928 3312 2000 ἐνδεικτικὴν
3360 1926 3499 1984 εἶναι
3540 1932 3631 2004 τὴν
3661 1935 3744 2005 τῆς

2195 2018 2398 2084 τάξεως
2423 2017 2743 2074 ἀκολουθίαν
2789 2019 3048 2092 ὁρίζεται,
3081 2023 3181 2076 οὑκ
3222 2018 3335 2074 οἶδα
3379 2023 3538 2082 πόθεν
3566 2043 3741 2094 φαντα-

2197 2110 2343 2174 σθεὶς
2383 2110 2452 2164 τὰ
2483 2110 2738 2177 τοιαῦτα,
2791 2113 2884 2164 καὶ
2921 2115 2990 2168 ὲκ
3038 2114 3196 2176 ποίας
3239 2115 3483 2188 ἀνάγκης
3535 2118 3625 2174 ἐπὶ
3661 2116 3742 2190 τὴν

2196 2201 2448 2256 ὑπόνοιαν
2489 2202 2691 2273 ταύτην
2739 2203 3082 2260 καταπεσών.
3136 2207 3214 2261 υὺ,
3255 2207 3362 2278 γὰρ
3416 2210 3450 2278 ή
3502 2209 3634 2261 κατὰ
3666 2209 3741 2261 τὸν

2193 2291 2423 2364 ἀριθμὸν
2458 2292 2608 2358 τάξις
2641 2292 2739 2368 τὴν
2764 2292 2871 2345 τῶν
2902 2293 3113 2363 φύσεων
3138 2294 3398 2366 διαφορὰν
3431 2298 3741 2369 κατεργάζε-

2192 2400 2313 2438 ται·
2357 2382 2493 2436 ma:
2522 2382 2590 2435 τὰ
2626 2383 2723 2453 μὲν
2770 2384 3163 2455 ἀριθμούμενα,
3204 2387 3279 2450 ὼς
3314 2389 3378 2440 ἂν
3421 2388 3516 2460 ἔχῃ
3552 2389 3740 2458 φύσεως

2193 2474 2278 2546 ἐφ’
2313 2474 2516 2530 ἑαυτῶν
2555 2475 2736 2545 μένεν
2791 2475 2892 2527 κᾶν
2946 2475 3275 2547 ἀριθμῆται,
3323 2477 3424 2531 κᾶν
3463 2481 3571 2551 μή·
3621 2483 3646 2534 ό
3689 2481 3738 2535 δὲ

2193 2563 2419 2636 ἀριθμὸς
2453 2565 2675 2635 σημεῖόν
2713 2567 2827 2618 ἐστι
2854 2567 3207 2637 γνωριστικδν
3235 2569 3334 2638 τῆς
3363 2569 3470 2622 τῶν
3508 2573 3742 2643 πραγμά-

2189 2675 2297 2710 των
2341 2658 2665 2728 ποσότητος’
2711 2659 2769 2710 οὑ
2819 2659 3032 2723 πάντως
3083 2661 3179 2713 ὅσα
3225 2661 3302 2731 τῷ
3347 2663 3614 2733 ἀξιώματι
3658 2665 3742 2734 τῆς

2190 2751 2404 2819 φύσεως
2453 2751 2790 2822 ὑποϐέϐηκεν
2829 2756 2907 2816 είς
2951 2753 3206 2825 δευτέραν
3248 2755 3400 2818 τάξιν
3439 2757 3742 2824 ἀποπεμπό-

2191 2861 2350 2914 μενος
2373 2883 2389 2908 ,
2427 2842 2561 2896 ἀλλὰ
2610 2843 2745 2914 πρὸς
2785 2845 2845 2898 ea
2887 2844 3134 2916 βούλημα
3164 2847 3269 2900 τῶν
3303 2849 3738 2919 ἐξαριθμούντων,

2187 2936 2284 3006 τὴν
2337 2936 2443 2989 τῶν
2513 2937 2921 3006 σημαινομένων
2979 2937 3071 2990 τοῦ
3132 2937 3364 3009 ἀριθμοῦ
3422 2940 3740 3011 πραγμάτων

2187 3026 2505 3082 ἀκολουθίαν
2571 3027 3209 3105 ποιούμενος-Παῦλος
3270 3030 3366 3083 καὶ
3434 3031 3740 3098 Σιλουανὸς

514 3115 720 3172 Paulus
754 3128 801 3171 et
833 3119 1092 3189 Sglvanus
1119 3132 1168 3175 et
1206 3122 1506 3178 Timotheus
1533 3125 1598 3182 ³⁸.
1628 3127 1761 3182 Cum
1795 3130 1956 3186 trium
1989 3131 2085 3187 h0-

2189 3117 2285 3170 καὶ
2317 3119 2618 3187 Τιμόθεοςο
2653 3120 2815 3189 τριῶν
2852 3119 3155 3191 προσώπων
3191 3121 3424 3174 ἐνταῦθα
3461 3139 3732 3192 μνημονευο

514 3210 718 3264 minum
753 3211 863 3275 hic,
898 3214 1088 3267 ordine
1114 3215 1374 3282 quodam,
1403 3217 1669 3272 arbitratu
1701 3220 1840 3287 ejus,
1867 3222 1957 3290 qui
1982 3238 2084 3276 nu-

511 3302 742 3354 meravit
780 3302 1110 3356 mentionem
1144 3303 1357 3369 fecerit,
1404 3303 1810 3377 Sylvanumque
1841 3312 2085 3364 secundo

510 3392 630 3446 loco
655 3402 774 3463 post
803 3393 1031 3449 Paulum
1061 3397 1304 3464 posuerit
1332 3415 1343 3451 :
1382 3414 1510 3451 num
1541 3400 1686 3454 aliud
1722 3401 1874 3470 quid,
1895 3411 1946 3457 et
1975 3421 2082 3459 non

510 3479 808 3546 hominem,
857 3482 1154 3553 Sylvanum
1199 3501 1321 3540 esse
1364 3487 1796 3543 demonstravit?
1841 3493 1904 3544 Et
1953 3509 2082 3549 num

509 3571 827 3630 Timotheus
859 3575 1022 3629 tertio
1057 3577 1248 3631 ordine
1274 3577 1598 3643 collocatus,
1633 3580 1858 3636 alterius
1891 3581 2078 3651 cujus-

509 3663 633 3716 dam
667 3673 877 3720 naturie
919 3667 1024 3720 erit
1057 3679 1285 3738 propter
1326 3670 1576 3724 ordinem
1623 3673 1886 3727 orationis
1937 3676 2076 3743 ejus,

507 3754 602 3823 qui
631 3762 742 3810 tres
771 3758 906 3812 istos
931 3761 1274 3814 nominavit?
1303 3761 1523 3816 Minime
1547 3777 1696 3816 vero.
1725 3763 1912 3828 Quiris
1932 3768 2077 3821 cnim

509 3843 727 3898 illorum
774 3846 936 3901 homo
967 3856 1072 3914 est,
1115 3858 1168 3904 et
1204 3859 1334 3906 ante
1371 3861 1422 3907 et
1466 3860 1583 3922 post
1621 3855 2073 3910 numerationem.

505 3934 695 3990 Oratio
727 3950 906 3992 autem
940 3957 1063 3995 cum
1094 3943 1254 3998 unica
1289 3958 1423 3997 voce
1450 3955 1562 4001 tres
1590 3946 2078 4019 simulsigniﬁcare

505 4041 760 4100 nequeat,
799 4035 1235 4104 uniuscujusque
1259 4035 1498 4101 divisim,
1532 4039 1744 4103 ordine,
1775 4056 1884 4108 quo
1907 4041 2072 4106 lubet,

503 4123 834 4176 mentionem
871 4124 998 4180 facit
1031 4145 1044 4180 :
1079 4127 1475 4196 conjungitque
1512 4129 1730 4182 nomina
1767 4131 1980 4199 copulis
2020 4141 2076 4187 et

503 4213 736 4267 nexibus
769 4215 1092 4283 iuterjeCtis,
1115 4228 1168 4271 et
1203 4217 1390 4281 trium,
1425 4225 1485 4272 ut
1519 4217 1779 4281 arbitror,
1814 4235 1934 4273 cum
1963 4238 2072 4275 uno

501 4317 831 4358 consensum
867 4317 918 4360 et
947 4310 1379 4364 convenientiam
1416 4310 1518 4364 hac
1551 4311 1828 4365 nominum
1850 4328 2073 4386 compo-

501 4395 701 4450 sitione
732 4398 994 4453 ostendit.

572 4483 770 4542 Verum
809 4489 922 4545 haec
965 4507 1106 4546 novo
1149 4493 1276 4548 huic
1319 4495 1556 4550 sectario
1601 4504 1656 4550 et
1697 4495 1905 4550 doctori
1959 4515 2065 4554 non
2100 4510 2143 4564 ι)

507 4577 739 4646 placent.
797 4579 986 4650 Itaque
1029 4581 1204 4638 or'dini
1257 4592 1311 4640 et
1369 4587 1714 4654 dispositioni
1763 4587 2070 4643 divinorum

499 4669 850 4723 oraculorum
892 4673 1116 4727 adversa
1163 4675 1364 4737 sancit,
1412 4693 1645 4748 eumque
1700 4679 1792 4748 qui
1843 4681 1909 4734 ab
1952 4680 2072 4750 ipso

495 4757 733 4814 Ooniino
775 4761 918 4815 Patri
953 4773 1006 4818 et
1036 4763 1173 4818 Filio
1208 4766 1538 4833 conjunctus
1577 4779 1681 4831 est,
1715 4770 1897 4825 avellit
1923 4787 1951 4824 a
1975 4789 2073 4825 na-

497 4849 661 4903 turali
697 4859 747 4904 ct
789 4854 1006 4921 propria
1043 4857 1199 4926 quasi
1239 4857 1478 4911 statione
1520 4867 1573 4911 et
1613 4860 1842 4923 ordine,
1877 4863 2071 4917 rebus-

497 4957 603 5009 que
631 4944 896 5010 subjectis
937 4956 1296 5011 aunumerat,
1331 4958 1384 5002 et
1429 4951 1712 5004 amborum
1768 4970 1906 5024 opus
1948 4969 2070 5009 esse

495 5032 630 5087 dicit
667 5051 678 5086 :
713 5033 894 5089 Patris
922 5037 1142 5104 quidem
1180 5048 1239 5092 ut
1283 5056 1508 5096 causam
1571 5043 1873 5100 eﬂ'ectionis
1922 5045 2070 5101 illius

495 5129 1004 5200 subministrantis;
1031 5137 1294 5205 unigeniti
1318 5155 1443 5194 vero
1472 5138 1617 5206 Filii,
1644 5151 1902 5214 tanquam
1927 5145 2066 5213 ejus,

493 5221 586 5292 qui
612 5222 814 5276 efﬁciat
845 5225 992 5279 illius
1018 5228 1337 5298 hypostasin
1365 5242 1417 5285 et
1441 5234 1871 5299 subsistentiam,
1900 5237 2068 5290 hanc-

493 5327 598 5381 que
629 5327 852 5368 causam
897 5316 1254 5384 subjectionis
1296 5335 1416 5375 esse
1444 5322 1767 5388 conﬁrmat,
1801 5339 1924 5376 cum
1983 5332 2066 5378 ta»

495 5419 617 5458 men
662 5404 1021 5474 subjectionis
1071 5409 1436 5478 signiﬁcatum
1481 5413 1718 5468 nondum
1761 5414 1918 5469 nobis
1965 5430 2062 5469 ex-

496 5491 748 5559 planarit.

569 5579 770 5638 Deinde
811 5584 946 5640 dicit
996 5606 1010 5643 :
1052 5587 1450 5659 Comprehensis
1500 5593 1731 5647 videlicet
1791 5595 1860 5647 ad
1905 5595 2062 5647 totius

571 5733 789 5793 "Joan.
825 5755 880 5806 ι,
915 5741 1002 5796 30.
1116 5741 1223 5795 "ll
1254 5745 1378 5799 Cor.
1411 5761 1532 5812 ιιιι,
1577 5747 1662 5802 15.

2187 3208 2405 3274 θέντων,
2439 3210 2580 3263 κατὰ
2610 3209 2667 3262 τὸ
2693 3209 2784 3263 τοῦ
2816 3211 3284 3280 μνημονεύσαντος
3314 3211 3578 3283 βούλημα.
3611 3209 3737 3283 Ἀρα

2180 3300 2261 3364 τὸ,
2292 3300 2597 3365 Σιλουανδν,
2623 3303 2678 3354 ἐν
2707 3302 2979 3373 δευτέροις
3006 3304 3270 3374 ταχθέντα
3303 3303 3440 3374 μετὰ
3482 3305 3570 3357 τὸν
3605 3303 3737 3358 Παῦ-

2179 3393 2288 3451 λον,
2314 3393 2439 3447 ἄλλο
2457 3411 2531 3456 τι,
2557 3394 2648 3446 καὶ
2675 3394 2793 3464 οὐχὶ
2819 3392 3099 3465 ἄνθρωπον
3123 3399 3150 3451 ό
3172 3397 3399 3468 ἀριθμὸς
3423 3399 3734 3462 ὲνεδείξατο;

2180 3484 2212 3556 ἢ
2245 3487 2273 3537 ό
2305 3484 2564 3554 Τιμόθεος
2593 3486 2650 3536 ἐν
2686 3486 2888 3556 τρίτοις
2911 3489 3147 3558 ταχθεὶς,
3191 3491 3268 3552 εἰς
3311 3491 3604 3562 ἑτερότητά
3633 3505 3737 3544 τινα

2185 3575 2398 3644 φύσεως
2425 3577 2488 3628 ὲκ
2516 3577 2612 3646 τῆς
2640 3577 2955 3640 ἀκολουθίας
2991 3579 3085 3631 τοῦ
3135 3581 3559 3650 μνημονεύοντος
3583 3581 3737 3643 οὕτως

2187 3668 2493 3738 ὑπενοήθη;
2543 3669 2654 3721 Οὑκ
2680 3669 2793 3722 ἔστι
2827 3670 3015 3725 ταῦτα.
3051 3673 3364 3742 ’Ἄνθρωπος
3415 3675 3526 3744 γὰρ
3553 3674 3737 3727 τούτων

2185 3759 2429 3822 ἕκαστος,
2458 3762 2548 3812 καὶ
2570 3761 2674 3832 πρὸ
2699 3760 2792 3814 τοῦ
2822 3762 3077 3833 ἀριθμοῦ,
3099 3765 3190 3816 καὶ
3221 3763 3360 3834 μετά
3402 3765 3590 3818 τοῦτο·
3632 3767 3659 3817 ὁ
3687 3763 3736 3816 δὲ

2184 3849 2338 3917 λόγος
2378 3851 2560 3923 ἐπειδὴ
2603 3854 2700 3924 μιᾷ
2729 3856 2877 3924 φωνῇ
2914 3854 3036 3917 τοὺς
3068 3857 3214 3924 τρεῖς
3259 3856 3397 3908 κατὰ
3441 3856 3631 3908 ταυτὸν
3677 3848 3737 3925 ἦν

2184 3939 2438 3993 ἀδύνατον
2495 3942 2860 4008 ἐνδείξασθαι,
2926 3945 3193 4016 μέμνηται
3257 3946 3353 4016 μὲν
3409 3945 3736 4020 διῃρημένως

2181 4033 2409 4086 ἑκάστου
2454 4034 2594 4088 κατὰ
2635 4037 2734 4106 τὴν
2779 4037 3052 4108 ἀρέσασαν
3079 4038 3248 4104 τάξιν,
3293 4039 3551 4092 συνάπτει
3588 4038 3640 4090 δὲ
3675 4036 3734 4088 τὰ

2179 4123 2413 4194 όνόματα
2439 4125 2526 4178 διὰ
2563 4127 2669 4180 τῶν
2699 4128 2783 4181 διὰ
2816 4130 2976 4199 μέσου
3004 4130 3331 4200 συνδέσμων,
3361 4130 3435 4194 ὡς
3464 4131 3549 4195 ἂν,
3575 4126 3731 4199 οἶμαι,

2179 4215 2278 4285 τὴν
2316 4215 2424 4267 τῶν
2453 4216 2618 4287 τριῶν
2664 4217 2799 4288 πρὸς
2831 4219 2890 4270 τὸ
2933 4220 2988 4270 ἓν
3037 4219 3340 4289 σύμπνοιαν
3381 4219 3472 4274 διὰ
3520 4216 3617 4288 τῆς
3638 4217 3735 4270 τῶν

2179 4306 2454 4374 ὀνομάτων
2484 4307 2776 4376 συναφείας
2813 4306 3128 4379 ἐνδείξηται.

2259 4490 2396 4543 Ἀλλ’
2434 4490 2534 4562 οὑχ
2570 4490 2742 4556 οὑτως
2779 4492 3007 4563 ἀρέσκει
3054 4493 3131 4563 τῷ
3178 4493 3345 4564 καινῷ
3387 4493 3727 4565 δογματιστῇ.

2187 4583 2610 4653 Ἀντινομοθετεῖ
2651 4584 2706 4638 δὲ
2738 4587 2803 4655 τῇ
2843 4585 3078 4650 διατάξει
3102 4589 3197 4658 τῆς
3223 4587 3372 4650 θείας
3399 4589 3580 4658 φωνῆς
3601 4601 3615 4615 ·
3647 4584 3730 4638 καὶ

2173 4674 2233 4727 τό
2278 4676 2702 4744 συντεταγμένον
2739 4677 2828 4728 ὑπ’
2853 4677 3016 4730 αὑτοῦ
3061 4677 3155 4731 τοῦ
3193 4679 3396 4750 Κυρίου
3437 4679 3607 4749 Πατρὶ
3647 4677 3730 4729 καὶ

2175 4764 2309 4834 Υίῷ,
2340 4765 2439 4834 τῆς
2477 4765 2680 4828 οἰκείας
2713 4765 2864 4835 αὑτῷ
2902 4768 2994 4819 καὶ
3031 4767 3169 4820 κατὰ
3212 4768 3370 4838 φύσιν
3407 4767 3610 4832 τάξεως
3645 4767 3729 4820 καὶ

2176 4857 2469 4924 συναφείας
2532 4857 2946 4927 άποσχοινίσας,
3001 4861 3056 4912 ὲν
3107 4861 3218 4922 τοῖς
3282 4859 3730 4929 ὑποτεταγμένοις

2173 4946 2470 5016 ἠρίθμησε.
2506 4947 2598 4999 καὶ
2631 4946 2788 5015 ἔργον
2824 4947 3097 5018 ἑκατέρων
3129 4943 3264 5001 εἷναί
3294 4966 3422 5019 φησι
3443 4967 3454 4978 ·
3501 4949 3592 5001 τοῦ
3638 4947 3728 5016 μὲν

2169 5037 2400 5108 Πατρός,
2436 5037 2510 5099 ὡς
2551 5035 2649 5106 τὴν
2687 5037 2863 5090 αἰτίαν
2895 5041 2990 5108 τῆς
3041 5040 3382 5108 κατασκευῆς
3413 5037 3727 5092 ὑποϐάλλον-

2166 5145 2289 5191 τοςο
2336 5128 2427 5180 τοῦ
2467 5129 2522 5181 δὲ
2557 5130 2909 5197 Μονογενοῦς,
2957 5129 3032 5193 ὡς
3078 5131 3541 5200 αὑτουργήσαντος
3572 5125 3726 5182 αὑτοῦ

2165 5220 2264 5287 τὴν
2305 5220 2620 5285 ὑπόστασιν,
2656 5223 2748 5274 καὶ
2791 5221 2993 5293 ταύτην
3021 5221 3202 5275 αἰτίαν
3237 5218 3375 5276 εἶναι
3406 5223 3501 5290 τῆς
3532 5222 3724 5273 ὑποτα-

2167 5311 2271 5381 γῆς
2302 5312 2611 5384 διορίζεται,
2653 5315 2820 5384 αὐτῆς
2861 5316 3023 5386 μήπω
3050 5315 3146 5385 τῆς
3190 5314 3468 5384 ὑποταγῆς
3508 5310 3725 5366 ἐκκαλύ-

2169 5405 2276 5473 ψας
2307 5403 2366 5456 τὸ
2403 5407 2819 5475 σημαινόμενον.

2238 5492 2375 5551 Εἶτά
2400 5514 2529 5566 φησι
2559 5515 2571 5528 ⁸
2601 5497 3325 5568 Συμπεριλαμϐανομέγων
3368 5494 3597 5564 δηλαδὴ
3631 5494 3718 5546 καὶ

2168 5586 2286 5641 τῶν
2313 5586 2444 5654 ταῖς
2471 5590 2706 5656 οὐσίαις
2751 5589 3054 5657 ἑπομένων
3083 5588 3418 5656 ἐνεργειῶν,
3480 5584 3574 5636 καί
3614 5582 3722 5634 τῶν

1773 5745 1814 5776 ³³
1848 5743 2024 5801 lCor.
2052 5748 2199 5814 “1,3
2231 5761 2350 5816 sqq.
2421 5745 2463 5776 ³⁸
2504 5741 2728 5801 ιτιιθεε.
2766 5762 2804 5806 ι,
2837 5747 2886 5800 1.
