3920 6486
170 417 255 472 515
1278 397 1563 459 CONTRA
1599 395 1718 453 ΕΗ)

1845 391 1987 458 IUM,
2031 390 2159 451 LIB.
2201 390 2240 443 1.
3290 388 3393 441 ’514

169 531 375 593 ταύταις
414 522 743 594 προσφυῶν
789 520 1115 591 ὀνομάτων.
1186 519 1405 577 Τούτων.
1439 518 1493 577 δὲ
1531 518 1558 569 6
1591 514 1715 579 νοῦς

1850 510 2074 571 rationis
2121 508 2552 572 complementum
2604 504 2766 558 etiam
2812 502 3238 572 operationibus,
3285 522 3396 573 qua:

169 626 260 673 in:
292 618 383 687 μὲν
428 617 488 669 οὐ
534 615 650 668 λίαν
684 612 1037 676 εὐσύνοπτος,
1070 609 1248 682 πολλῷ
1278 609 1355 681 τῷ
1396 607 1579 677 γνόφῳ
1619 608 1717 677 τῆς

1846 609 2042 665 narrant
2108 613 2172 653 ea:
2224 594 2570 659 substantiis,
2624 594 3054 664 nominibusque,
3114 612 3231 667 qua:
3284 595 3394 650 illis

169 708 389 770 ἀσεϐείας
419 705 865 775 κεκαλυμμένος’
899 703 973 765 ὡς
1013 702 1057 755 δ’
1098 700 1169 755 ἄν
1207 718 1289 764 τις
1330 699 1555 759 είκάσας
1591 698 1717 749 Cmo-

1852 701 2149 764 ompetunt;
2177 688 2378 748 Harum
2415 689 2725 742 orationum
2762 702 2958 743 sensus
2988 704 3095 741 non
3131 695 3214 742 est
3246 689 3398 744 intel-

167 804 369 871 νοήσειε,
464 796 706 859 τοιοῦτός
754 798 918 848 ἐστιν·
974 793 1281 865 Ἐνεργείας
1343 790 1538 845 οὐσιῶν
1597 789 1715 840 ὀνο-

1850 797 1958 843 actu
2004 783 2205 845 facilis,
2250 782 2451 855 quippe
2494 780 2663 833 multa
2703 778 2998 846 impietatis
3035 781 3263 849 caligine
3318 791 3398 835 te-

169 894 301 964 μείξει
340 890 434 953 τὰς
475 888 918 952 ἀποτελεστικὰς,
965 887 1041 951 ὠς
1076 881 1256 956 οἶμαι,
1302 882 1394 936 τοῦ
1442 879 1570 934 Υίοῦ
1622 879 1715 938 καὶ

1845 887 1968 934 :tus:
1995 876 2209 935 videtur
2261 880 2478 934 autem,
2520 878 2784 941 quantum
2822 871 3039 940 quidem
3076 872 3393 939 conjectura

165 962 239 1039 τοῦ
276 984 423 1051 ἁγίου
485 982 803 1050 Πνεύματος
867 979 1156 1048 δυνάμεις·
1203 976 1270 1028 δι’
1317 969 1391 1027 ὧν
1439 976 1471 1043 ἡ
1522 971 1711 1044 πρώτη

1853 968 2037 1037 ssequi
2078 967 2227 1028 licet,
2258 964 2528 1033 ejusmodi
2559 977 2718 1025 esse:
2751 962 3112 1031 Operationes
3140 965 3395 1017 substan-

166 1072 294 1126 οὐσία
351 1072 446 1140 τὴν
483 1072 741 1140 δευτέραν
784 1070 1095 1140 εἰργάσατο,
1143 1068 1236 1119 καὶ
1278 1069 1311 1135 ἡ
1352 1065 1577 1135 δευτέρα
1618 1063 1713 1136 τὴν

1848 1060 2014 1112 larum
2047 1058 2445 1126 productriccs,
2481 1065 2539 1111 ut
2568 1061 2720 1124 puto,
2766 1053 2943 1110 Patris
2968 1065 3023 1110 et
3061 1054 3183 1115 Filii
3222 1056 3396 1115 facul-

164 1165 352 1233 τρίτην·
401 1163 496 1216 καὶ
542 1161 613 1215 τὰ
661 1161 898 1231 ὀνόματα
948 1160 1054 1212 τῶν
1111 1155 1573 1212 ἀποτελεσθέντων
1621 1155 1712 1227 ἔρ-

1848 1161 1958 1205 ales
1996 1151 2278 1215 nominat,
2310 1166 2404 1220 per
2447 1165 2583 1221 quas
2624 1151 2799 1218 prima
2840 1148 3144 1207 substantia
3193 1166 3396 1207 secun-

163 1271 255 1321 γων
299 1252 586 1322 προσφυῶς
640 1248 1177 1318 συγκατεσκευὰσθαι
1228 1250 1338 1308 τοῖς
1382 1246 1565 1316 ἔργοις
1611 1262 1711 1316 (pq-

1847 1247 1942 1297 lam
1974 1244 2321 1312 produxit,et
2341 1241 2577 1297 soconda
2612 1241 2853 1302 tertiam,
2874 1250 2927 1296 et
2956 1243 3177 1297 nomina
3197 1242 3395 1305 horum

165 1346 257 1398 civ‘
289 1344 415 1397 ἀλλὰ
445 1344 549 1413 τὴν
580 1343 681 1410 μὲν
712 1342 839 1412 περὶ
865 1340 935 1393 τὰ
960 1340 1198 1410 ὀνόματα
1230 1337 1564 1408 κακουργίαν
1612 1335 1712 1405 ἤδη

1849 1350 2065 1404 iperum,
2087 1348 2206 1402 quze
2222 1332 2409 1387 eﬂecta
2441 1339 2588 1394 sunt,
2622 1340 2744 1401 apte
2775 1339 2828 1385 ct
2856 1334 3242 1393 convenienter
3264 1334 3397 1402 ipsis

164 1448 208 1482 τε
234 1431 359 1482 κατὰ
387 1430 446 1482 τὸ
475 1430 700 1482 δυνατὸν
730 1429 1103 1499 ὲξητάσαμεν’
1136 1428 1228 1482 καὶ
1255 1430 1382 1481 ὅταν
1420 1428 1499 1491 είς
1540 1427 1712 1478 ἐκεῖνο

1847 1427 2086 1494 iperibus
2121 1426 2374 1494 imposita
2418 1439 2539 1478 esse
2586 1422 2739 1476 dicit.
2790 1422 3056 1477 Caeterum
3105 1426 3395 1494 malignam

164 1524 211 1574 τὸ
237 1522 387 1593 μέρος
429 1524 532 1592 τῆς
573 1521 875 1589 ἐξετάσεως
918 1520 1178 1591 ἔλθωμεν,
1207 1519 1301 1574 ὲάν
1342 1521 1369 1571 6
1400 1517 1557 1589 λόγος
1588 1518 1712 1569 ἐπι-

1850 1518 2139 1583 ‘ersutiam,
2166 1533 2269 1585 qua
2301 1517 2353 1569 in
2378 1516 2513 1586 ipsis
2539 1515 2851 1573 nominibus
2874 1531 3009 1569 usus
3036 1526 3139 1578 est,
3159 1515 3271 1586 jam
3302 1532 3398 1586 pro

164 1614 293 1683 ζητῇ,
327 1612 487 1667 πάλιν
519 1614 928 1684 προσθήσομεν.

1850 1609 1964 1665 'irili
1995 1609 2354 1678 patefecimus
2391 1628 2404 1662 :
2446 1618 2500 1663 et
2541 1607 2980 1679 quotiescunque
3023 1608 3252 1665 materia
3300 1624 3398 1663 nos

164 1721 215 1761 eo
251 1708 533 1771 vocaverit.
584 1706 632 1769 si
672 1707 971 1761 necessitas
1011 1706 1267 1775 postulet,
1313 1719 1504 1759 rursus
1545 1701 1954 1773 patefaciamus.

219 1800 349 1862 Τέως
374 1799 430 1851 δὲ
460 1798 560 1853 νῦν
598 1799 749 1865 ἄξιόν
798 1800 910 1852 ἐστι
943 1798 1295 1866 λογίσασθαι·
1335 1796 1452 1860 πῶς
1496 1797 1716 1851 ἕπονται

1894 1794 2051 1851 Nunc
2081 1812 2177 1865 par
2235 1804 2318 1851 est
2369 1796 2697 1868 disquirere,
2737 1799 3011 1871 quomodo
3050 1807 3397 1870 operationes

165 1892 259 1952 ταῖς
297 1890 499 1953 οὐσίαις
548 1891 607 1942 αἱ
638 1890 943 1961 ἐνέργειαι;
991 1889 1044 1942 τι
1086 1884 1241 1942 οὖσαι
1278 1887 1417 1942 κατά
1455 1889 1554 1956 τὴν
1584 1887 1713 1941 ἰδίαν

1853 1898 2126 1959 cquantur
2156 1904 2223 1942 ex
2254 1888 2601 1953 substantiis,
2655 1899 2707 1945 et
2740 1892 3001 1960 quidnam
3046 1892 3157 1947 sint
3202 1908 3401 1957 scann—

167 1980 330 2047 φύσινς
363 1981 546 2034 ἀλλοτι
598 1983 749 2053 παρά
780 1980 880 2045 τὰς
928 1980 1117 2045 οὐσίας
1156 1974 1244 2046 αἷς
1288 1978 1647 2050 παρέπονται,
1686 1978 1715 2047 ἢ

1853 1998 1947 2036 μυιη
1984 1996 2138 2036 suam
2183 1981 2457 2050 propriam
2506 1993 2776 2037 naturam.
2806 1982 3059 2052 Nunquid
3092 1984 3236 2039 aliud
3273 1994 3401 2045 sunt

169 2072 305 2142 μέρος
350 2072 578 2125 ἐκείνων
626 2073 854 2143 καὶτῆς
904 2072 1152 2141 φύσεως
1200 2072 1291 2124 καὶ
1330 2074 1377 2124 εί
1425 2072 1522 2143 μὲν
1566 2071 1715 2136 ἄλλο,

1885 2073 2233 2139 substantiis,
2266 2089 2332 2128 ex
2367 2074 2567 2142 quibus
2602 2075 2863 2129 efﬂuunt?
2917 2075 3052 2129 Num
3114 2092 3237 2147 pars
3284 2079 3401 2133 illa-

167 2163 313 2233 τυῶςῆ
360 2165 512 2235 παρὰ
564 2164 710 2227 τινος
758 2164 1080 2233 γενόμεναι;
1132 2163 1267 2216 εἰδὲ
1313 2162 1374 2215 τὸ
1416 2163 1566 2225 αὐτὸ,
1602 2163 1715 2226 πῶς

1852 2181 1939 2218 um
1964 2172 2019 2219 et
2048 2165 2293 2219 naturae?
2326 2174 2379 2221 et
2400 2166 2443 2221 si
2468 2166 2687 2235 quidem
2722 2168 2869 2222 aliud
2905 2178 3066 2225 sunt:
3100 2171 3397 2239 quomodo,

167 2255 602 2326 ἀποτεμνόμενοι,
657 2257 750 2310 καὶ
797 2257 917 2310 ἀντὶ
975 2257 1070 2310 τοῦ
1120 2256 1479 2327 συνυπάρχειν
1530 2256 1715 2317 αὐταῖς

1857 2264 1914 2309 ut
1945 2271 1973 2309 a
2001 2272 2111 2326 quo
2142 2256 2349 2314 elfecta?
2387 2259 2553 2313 sunt?
2609 2258 2666 2314 Si
2716 2276 2849 2316 vero
2887 2261 3028 2317 idem
3061 2273 3212 2326 sunt,
3263 2280 3400 2334 quo-

167 2348 331 2412 ἔξωθεν
364 2349 799 2420 παρεπόμεναι;
847 2349 1014 2407 Οὐδὲν
1054 2348 1161 2418 γὰρ
1207 2347 1394 2411 ἁπλῶς
1437 2347 1607 2411 οὕτως
1655 2348 1715 2405 ἐκ

1853 2348 1983 2403 mdo
2030 2350 2293 2417 scjunctm
2326 2360 2477 2415 sunt,
2504 2352 2578 2406 ita
2630 2360 2687 2405 ut
2725 2369 2902 2421 neque
2935 2354 3127 2420 insint,
3176 2357 3273 2412 sed
3306 2375 3401 2412 ex-

168 2439 251 2493 τῶν
279 2440 581 2510 εἰρημένων
615 2439 732 2493 ἔστι
774 2439 965 2510 μαθεῖν
984 2458 997 2472 ·
1040 2439 1270 2509 πότερον
1302 2439 1547 2509 ἀνάγκης
1574 2437 1716 2502 τινὸς

1852 2443 2096 2498 rinsecus
2135 2443 2496 2501 substantiam
2551 2446 2918 2503 comitentur?
2943 2447 3088 2503 Nihil
3132 2450 3278 2505 enim
3308 2451 3400 2505 hor

168 2533 366 2603 φυσικῆς
392 2532 781 2603 ἀπροαιρέτως
808 2532 905 2602 τὴν
932 2532 1233 2602 ἐνέργειαν,
1266 2532 1387 2601 ἣτις
1413 2531 1543 2591 ποτὲ
1580 2530 1716 2601 αὕτη

1853 2549 1939 2586 um
1979 2550 2045 2591 ex
2074 2534 2237 2590 dictis
2267 2536 2555 2604 perSpicue
2582 2536 2718 2593 satis
2746 2538 3086 2608 intelligitur.
3128 2539 3269 2596 Num
3297 2560 3397 2600 ne-

168 2622 283 2674 ὲστὶν
312 2623 631 2681 ἀκολουθεῖν
649 2626 712 2694 τῇ
734 2623 892 2694 οὐσίᾳ
936 2622 1259 2693 βιαζομένης
1281 2662 1297 2686 ,
1321 2622 1395 2685 ὼς
1423 2622 1609 2679 ἕπεται
1640 2622 1716 2694 τῷ

1850 2626 2078 2683 essitate
2135 2627 2373 2696 quadam
2422 2628 2655 2685 naturali
2702 2638 2933 2699 cogente
2986 2635 3396 2701 Operationem,

166 2715 271 2785 πυρὶ
311 2717 343 2785 ἡ
373 2715 598 2780 καῦσις,
651 2715 746 2771 καὶ
776 2716 825 2769 οἱ
871 2714 1067 2785 ἀτμοὶ,
1113 2715 1205 2771 καὶ
1237 2716 1293 2767 αἱ
1326 2714 1714 2784 ἀναθυμιάσεις

1847 2719 2215 2788 [uatiscunque
2243 2718 2463 2774 demum
2491 2718 2579 2773 illa
2605 2718 2695 2785 sit,
2731 2721 2884 2790 sequi
2921 2723 2986 2775 ad
3008 2723 3395 2789 substantiam,

166 2808 253 2869 τοῖς
312 2807 399 2874 ἀφ’
440 2800 529 2860 ὧν
581 2805 756 2865 ταῦτα
804 2806 1042 2875 γίνονται
1087 2805 1354 2876 σώμασινς
1427 2807 1566 2861 Ἀλλ’
1617 2808 1714 2863 οὐκ

1852 2809 2034 2867 ublata
2093 2810 2241 2865 omni
2293 2810 2563 2867 libertatis
2627 2812 2880 2877 ratione,
2933 2816 3396 2883 quemadmodum

166 2897 218 2951 ἂν
235 2898 376 2953 αὐτὸν
398 2895 563 2969 οἶμαι
591 2897 751 2953 τοῦτο
780 2899 952 2951 εἰπεῖν
972 2916 985 2929 ·
1008 2898 1148 2952 ὥστε
1177 2898 1418 2953 ποικίλον
1445 2916 1497 2952 τι
1532 2900 1714 2972 χρῆμα

1850 2901 1967 2959 .stio
1995 2908 2046 2956 et
2074 2917 2242 2971 vapor
2273 2900 2339 2955 ad
2367 2902 2570 2971 ignem,
2592 2911 2645 2957 et
2689 2904 3071 2962 cxiialatioues
3104 2908 3171 2961 ad
3203 2923 3398 2979 corpo-

164 2988 241 3041 ιιὶ
270 2989 514 3048 σύνθετον
545 2989 787 3060 νομίζειν
816 2988 909 3043 τοῦ
948 2989 1084 3044 Θεοῦ
1121 2989 1221 3059 τὴν
1261 2989 1467 3056 οὐσίαν,
1509 2989 1712 3061 ἀχώριη

1851 3007 1901 3055 a,
1933 3008 1999 3047 ex
2046 2993 2247 3062 quibus
2283 2994 2585 3058 exsistunt,
2638 2998 3092 3065 consequuntur?
3132 2997 3235 3054 Sed
3289 3016 3398 3057 non

168 3098 265 3135 στον
315 3084 550 3153 ἔχουσαν
612 3083 707 3137 καὶ
769 3080 1341 3151 συνεπιθεωρουμὲνην
1393 3083 1563 3153 ἑαυτῇ
1619 3082 1716 3154 τὴν

1859 3082 2057 3143 rbitror
2080 3083 2232 3139 illum
2266 3083 2369 3137 hoc
2421 3086 2596 3141 velle:
2629 3092 2691 3139 ut
2740 3087 2844 3140 sibi
2889 3089 3217 3157 persuadeat
3258 3091 3401 3146 divi-

168 3174 437 3243 ἐνέργειαν,
470 3174 559 3236 ὣς
582 3192 637 3227 τι
670 3172 1013 3245 συμδεὸηκὸς
1043 3174 1099 3226 ὲν
1130 3174 1472 3245 ὑποκειμένῳ
1501 3174 1712 3227 δεικνύ-

1848 3187 1944 3229 ιοιη
1986 3184 2241 3231 naturam
2279 3190 2403 3231 esse
2448 3176 2578 3247 quid
2626 3179 2994 3247 compositum
3054 3189 3108 3235 et
3150 3184 3396 3249 varium,

170 3285 328 3337 μενον·
374 3269 517 3325 ἀλλὰ
564 3266 968 3339 προαιρετικιῖκ
1006 3268 1102 3321 καὶ¹
1136 3265 1499 3333 αὐτεξουσίως
1546 3284 1718 3320 κινου-

1849 3279 1940 3330 ςυω
1988 3263 2407 3333 inseparabilem
2470 3280 2501 3319 a
2561 3282 2623 3321 se
2665 3270 3045 3337 operationem
3100 3276 3397 3338 contineat.

170 3362 303 3429 μένος
335 3361 430 3425 τὰς
457 3360 655 3423 οὐσίας
682 3359 744 3413 τὸ
768 3359 961 3413 δοκοῦν
995 3376 1129 3431 φησι
1159 3360 1281 3415 καθ’
1312 3361 1511 3422 ἑαυτὰς
1548 3362 1718 3432 ἀπερ-

1850 3371 2094 3426 μιοιηιιιιο
2129 3373 2354 3413 necesse
2387 3358 2458 3413 sit
2487 3358 2539 3413 in
2582 3360 2699 3430 ipsa
2755 3360 2846 3416 Dei
2882 3363 3210 3429 substantia,
3240 3371 3398 3437 quasi

168 3452 406 3519 γάζεσθαι.
427 3454 550 3507 Καὶ
575 3453 660 3517 τίς
678 3452 740 3505 τὸ
765 3454 827 3505 ὲκ
850 3452 1102 3523 προνοίας
1132 3453 1393 3516 ἑκουσίως
1412 3453 1715 3523 γινόμενον,

1851 3451 2039 3505 usitata
2069 3451 2389 3520 concipere:
2443 3460 2701 3522 tanquam
2737 3455 2994 3511 accidens
3028 3455 3083 3510 in
3110 3457 3399 3529 subjecto;

168 3542 227 3606 ὣς
260 3562 309 3599 τι
340 3547 446 3599 τῶν
490 3545 701 3609 ἔξωθεν
731 3532 1237 3598 ἐπακολουθούντων
1271 3544 1499 3598 ’ἔπεσθαι
1528 3546 1716 3615 λέγει;

1853 3544 1951 3597 :uia
1977 3543 2112 3597 dicit
2138 3544 2482 3598 substantias
2518 3545 2652 3601 istas
2679 3562 2743 3600 cx
2786 3556 2938 3602 certo
2972 3550 3204 3605 consilio
3230 3562 3283 3607 et
3335 3553 3401 3606 li-

170 3636 277 3691 om
303 3638 405 3709 γὰρ
432 3637 584 3693 κατά
607 3638 708 3708 τὴν
736 3637 920 3706 κοινὴν
948 3637 1233 3708 συνήθειαν
1259 3637 1354 3690 ἐπὶ
1397 3637 1506 3692 τῶν
1542 3636 1718 3691 τοιού-

1856 3650 1950 3688 ere
1983 3634 2188 3693 moveri
2219 3633 2289 3688 ad
2332 3635 2601 3705 agendqu
2630 3637 2849 3706 quidvis
2882 3640 3150 3696 arbitratu
3182 3659 3304 3699 suo.
3339 3644 3404 3698 Et

170 3745 253 3782 των
302 3731 551 3801 ἱγνωμιν
597 3729 971 3801 τετριμμένην
1037 3729 1137 3801 τὴν
1199 3729 1376 3794 λέξιν·
1424 3729 1567 3783 ὥστε
1620 3729 1718 3801 τὴν

1861 3728 2074 3781 uisnam
2105 3725 2259 3790 illud,
2295 3727 2442 3796 quod
2465 3744 2532 3787 ex
2572 3731 2855 3799 proposito
2885 3741 2939 3786 et
2977 3734 3145 3790 libere
3178 3738 3405 3807 suscipi-

171 3821 406 3893 ὲνίργειαν
449 3823 555 3877 τοῦ
590 3823 720 3893 περί
751 3840 803 3875 τι
832 3821 1119 3885 πονοῦντος
1164 3822 1475 3876 ἀκολουθεῖν
1511 3822 1590 3892 τῷ
1622 3837 1719 3874 πο-

1852 3834 1932 3882 ur,
1971 3819 2123 3888 sequi
2170 3820 2246 3873 ait
2307 3820 2482 3875 instar
2538 3836 2753 3885 eorum,
2788 3839 2909 3893 quae
2949 3827 3292 3885 extrinsecus
3335 3831 3400 3886 ad

172 3913 316 3968 νοῦντι
346 3917 551 3985 λέγειν.
613 3916 752 3973 Οὐδὲ
789 3916 897 3987 γάρ
922 3918 1037 3969 ἐστι
1068 3916 1292 3970 δυνατὸν
1319 3917 1381 3969 τὸ
1416 3917 1600 3987 ἕτερον
1627 3915 1720 3969 τοῦ

1857 3911 2188 3965 ubstantiam
2239 3912 2392 3980 sequi
2429 3913 2649 3966 solent?
2692 3913 2881 3984 Neque
2931 3917 3076 3970 enim
3123 3922 3403 3976 communi

173 4003 327 4073 ἑτέρου
363 4006 747 4074 διαζεύξαντα,
787 4008 1109 4061 καταλαϐεῖν
1156 4009 1239 4077 ἐφ’
1273 4007 1468 4069 ἑαυτοῦ
1511 4009 1575 4061 τὸ
1614 4009 1721 4063 λει-

1854 4004 2105 4056 nominum
2163 4004 2564 4058 consuetudine
2591 4005 2695 4060 hoc
2745 4022 2913 4061 sensu
2966 4009 3108 4064 hunc
3147 4011 3402 4079 loquendi

172 4096 397 4166 θυόμενον·
432 4100 555 4153 ἀλλ’
580 4102 611 4153 6
644 4100 744 4170 τὴν
777 4101 1056 4172 ἐνέργειαν
1092 4102 1286 4166 εἰπὼν,
1318 4100 1379 4154 τὸ
1411 4104 1533 4155 κατ’
1552 4102 1720 4174 αὐτὴν

1854 4095 2046 4149 nedum
2071 4103 2392 4165 usurpatum
2424 4097 2696 4163 novimus,
2717 4108 2774 4151 ut
2797 4100 3005 4153 scilicet
3032 4105 3402 4171 Operationem

174 4191 450 4263 κινούμενον
480 4194 565 4263 τῷ
594 4192 739 4264 λόγῳ
780 4196 1181 4266 συμπεριέλαϐε
1202 4213 1215 4225 ο
1252 4196 1345 4248 καὶ
1387 4198 1416 4249 6
1447 4194 1541 4249 τοῦ
1572 4197 1722 4267 ἐνερ-

1854 4187 1965 4256 jus,
1991 4187 2083 4256 qui
2125 4186 2271 4242 circa
2304 4189 2539 4258 aiiquam
2574 4204 2691 4243 rem
2735 4200 3037 4259 occupatur
3068 4202 3120 4247 et
3172 4195 3402 4261 laborat,

176 4280 360 4347 γοῦντος
408 4285 696 4355 μνησθεὶς.
733 4286 829 4341 καὶ
870 4287 969 4358 τὴν
1018 4289 1296 4359 ἐνέργειαν
1327 4270 1545 4351 πάντως
1583 4288 1724 4345 κατά

1855 4280 1977 4349 equi
2002 4280 2127 4349 quis
2159 4279 2309 4333 dicat
2333 4280 2399 4333 ad
2426 4280 2792 4336 substantiam
2830 4283 2971 4352 ejus,
3003 4286 3096 4354 qui
3127 4296 3401 4356 operatur.

175 4371 221 4423 τὸ
260 4376 601 4447 σιωπώμενον
636 4382 999 4449 συνεσήμανε.
1035 4379 1373 4449 Σαφέττερον
1405 4380 1461 4433 δὲ
1496 4380 1583 4434 διὰ
1616 4380 1723 4435 τῶν

1855 4370 1937 4426 lec
1967 4373 2082 4427 ﬁeri
2113 4381 2309 4443 potest,
2333 4381 2390 4431 ut
2429 4373 2525 4443 qui
2548 4375 2782 4429 alterum
2812 4376 2881 4428 ab
2914 4378 3087 4433 altero
3139 4380 3403 4451 sojungit,

178 4466 554 4539 ὑποδειγμάτων
584 4469 645 4522 τὸ
674 4469 965 4540 λεγόμενον
995 4472 1165 4524 ἔσται·
1185 4469 1480 4525 Χαλκεύειν
1508 4472 1629 4526 τινὰ
1641 4472 1725 4527 λέ-

1858 4466 2121 4537 eparatim
2151 4475 2203 4520 et
2236 4482 2330 4536 per
2360 4482 2419 4521 se
2457 4467 2659 4533 solum,
2692 4468 2837 4536 quod
2866 4470 3213 4540 relinquitur,
3261 4474 3406 4526 acci-

178 4574 330 4629 γομεν,
378 4562 412 4634 ἢ
470 4562 873 4626 τεκταίνεσθαι,
936 4563 967 4634 ἢ
1035 4562 1161 4617 ἀλλο
1211 4580 1264 4617 τι
1324 4566 1566 4636 ἐνεργεῖν
1618 4565 1726 4619 τῶν

1855 4559 1976 4618 iiut;
2010 4558 2105 4613 sed
2168 4559 2260 4627 qui
2312 4560 2683 4628 operationem
2727 4562 2997 4626 nominat,
3041 4562 3087 4619 is
3126 4564 3287 4618 etiam
3330 4567 3403 4629 id,

178 4655 414 4708 τοιούτων.
472 4656 687 4709 Οὐκοῦν
734 4659 801 4727 τῇ
836 4657 937 4727 μιᾷ
967 4658 1137 4726 φωνῇ,
1191 4658 1291 4726 τήν
1338 4675 1396 4710 τε
1441 4658 1721 4729 ἐργασίαν,

1855 4647 1973 4716 [uod
2002 4663 2099 4717 per
2131 4649 2500 4718 Operationem
2529 4651 2725 4715 cietur,
2750 4652 2939 4706 animo
2968 4657 3403 4724 comprehendit,

177 4741 249 4793 καὶ
286 4743 372 4797 τὸν
402 4746 662 4816 μετιόντα
687 4748 789 4817 τὴν
838 4747 1030 4815 τέχνην
1074 4746 1214 4800 κατά
1251 4747 1447 4801 ταυτὸν
1495 4750 1524 4801 6
1569 4748 1725 4817 λόγος

1861 4741 1995 4811 tqui
2028 4741 2309 4809 operantis
2357 4743 2699 4798 mentionem
2730 4744 2881 4808 facit,
2940 4746 3035 4805 ille
3069 4749 3296 4803 omnino
3327 4760 3409 4803 ta—

182 4833 512 4904 παρέστησεν,
544 4834 685 4887 ὥστε
734 4836 782 4887 εί
829 4834 1120 4906 χωρισθείη
1170 4834 1231 4888 τὸ
1276 4835 1485 4907 ἕτερον,
1537 4835 1614 4908 μὴ
1658 4836 1724 4895 ἂν

1861 4832 1934 4887 ite
1984 4832 2367 4902 operationem
2395 4848 2612 4903 quoque
2667 4834 3018 4904 significavit.
3056 4836 3173 4892 Fiet
3225 4848 3405 4894 autem

181 4920 439 4994 ὑποστῆναι
473 4925 535 4978 τὸ
564 4925 900 4995 λειπόμενον.
954 4925 1016 4983 Ei
1046 4920 1139 4977 οὖν
1166 4925 1232 4978 τὰ
1277 4924 1370 4977 δύο
1405 4927 1521 4995 μετ’
1563 4925 1725 4997 ἀλλή-

1859 4925 1879 4978 1
1930 4923 2075 4994 quod
2132 4923 2432 4978 asserimus
2475 4925 2771 4980 dilucidius
2831 4927 3115 4997 exemplis.
3170 4927 3407 4984 Dicimus

180 5008 261 5064 λων
293 5018 508 5082 νοεῖται,
536 5017 673 5088 αὐτή
719 5033 779 5075 τε
814 5018 849 5087 ὴ
899 5017 1147 5088 ἐνέργεια
1190 5018 1283 5070 καὶ
1318 5019 1347 5070 6
1390 5017 1511 5071 κατ’
1556 5018 1724 5088 αὐτὴν

1856 5016 1993 5085 gitur
2046 5015 2281 5085 aliquem
2335 5030 2409 5077 :es
2458 5017 2655 5071 malleo
2686 5016 2940 5084 tundere,
2978 5019 3063 5073 vel
3116 5018 3404 5084 fabricare,

181 5106 477 5176 κινούμενος,
520 5110 638 5173 πῶς
668 5109 903 5163 ἐνταῦθα
942 5110 1167 5164 ἕπεσθαι
1196 5110 1411 5179 λέγεται
1456 5111 1520 5181 τῇ
1567 5108 1725 5180 οὐσίᾳ

1860 5110 1910 5166 el
1939 5110 2087 5164 aliud
2119 5110 2379 5179 quiddam
2415 5110 2483 5164 de
2532 5125 2729 5180 genere
2776 5110 2969 5166 eodem
3012 5126 3192 5183 agere.
3240 5110 3408 5183 Igitur

180 5199 230 5266 τῇ
256 5201 432 5275 πρώτῃ
454 5205 488 5274 ἡ
510 5203 611 5274 τὴν
634 5202 893 5274 δευτέραν
918 5203 1105 5257 οὐσίαν
1124 5202 1545 5275 ἀπεργαζομένη
1572 5202 1724 5273 ἐνέρ-

1856 5218 1938 5257 ιηο
1994 5202 2262 5256 vocabulo
2317 5210 2372 5257 et
2418 5202 2592 5271 ipsam
2638 5204 3019 5273 operationem
3062 5212 3118 5259 et
3151 5204 3404 5274 opificem

180 5306 295 5355 γεια.
331 5296 687 5365 μεσιτεύουσά
733 5314 850 5359 πως
890 5296 957 5349 δι’
986 5297 1185 5368 ἑαυτῆς
1227 5296 1583 5368 ἀμφοτέραις,
1628 5296 1723 5349 καὶ

1863 5296 2005 5355 ratio
2030 5295 2482 5365 repratsentavit:
2537 5295 2691 5353 itaut
2724 5295 2769 5350 si
2800 5296 3029 5350 alterum
3063 5296 3410 5367 sejungatur,

179 5381 277 5436 οὐτε
302 5389 363 5457 τῇ
402 5387 596 5461 πρώτῃ
625 5390 766 5441 κατά
814 5389 913 5459 τὴν
963 5389 1124 5458 φύσιν
1166 5388 1558 5458 συμϐαίνουσα,
1600 5387 1724 5443 οὐτε

1862 5389 2058 5443 lterum
2090 5387 2392 5443 subsistere
2428 5396 2680 5457 nequeat.
2715 5386 2769 5440 Si
2808 5388 2974 5457 igitur
3012 5387 3123 5443 duo
3165 5389 3280 5443 haec
3333 5392 3408 5445 si-

183 5473 291 5541 πρὸς
315 5478 407 5547 τὴν
438 5479 697 5548 δευτέραν
732 5480 1148 5551 συναπτομένη;
1186 5480 1301 5549 Τῆς
1342 5480 1440 5550 μὲν
1477 5480 1585 5552 γὰρ
1629 5498 1723 5534 κε-

1858 5482 1938 5535 nul
1968 5481 2366 5551 intelliguntur,
2402 5481 2651 5550 operatio
2678 5480 3025 5544 videlicet,et
3057 5482 3102 5537 is
3133 5482 3229 5552 qui
3276 5498 3406 5551 ope-

182 5561 408 5635 χὼρισται
446 5570 523 5641 τῷ
556 5570 631 5643 μὴ
666 5571 826 5640 φύσις
860 5567 1016 5637 εἶναι,
1056 5572 1191 5626 ἀλλὰ
1221 5571 1434 5641 φύσεως
1474 5573 1721 5643 κίνησις’

1862 5575 2043 5628 atione
2066 5574 2156 5627 illa
2192 5573 2323 5643 agit,
2352 5573 2628 5641 quomodo
2655 5570 2893 5627 afﬁrmat
2933 5573 3039 5628 iste
3069 5573 3137 5626 ad
3176 5574 3410 5642 primam

182 5656 234 5723 τῇ
274 5658 325 5711 δὲ
381 5662 492 5730 μεθ’
553 5664 757 5735 ἑαυτὴν
816 5665 875 5717 οὐ
930 5665 1253 5735 συμϐαίνειι
1304 5666 1385 5717 ὅτι
1447 5665 1507 5717 οὐ
1563 5664 1724 5737 ψιλὴν

1865 5666 2193 5723 obstantiam
2250 5665 2403 5735 sequi
2458 5665 2606 5719 illam
2642 5664 3040 5731 operationem,
3077 5683 3183 5737 qua
3232 5668 3413 5736 prima

186 5745 456 5817 ἐνέργειαν,
510 5757 623 5809 ἀλλ’
682 5757 904 5827 ἐνεργὸν
968 5757 1155 5811 οὐσίαν
1217 5757 1283 5809 δι’
1368 5758 1561 5820 ἑαυτῆς
1625 5758 1726 5809 ὑπ’·

1855 5758 2125 5814 ecundam
2178 5756 2543 5812 substantiam
2584 5755 2815 5817 efﬂuxit,
2850 5764 2905 5807 ut
2953 5758 3022 5808 sit
3055 5758 3229 5812 media
3271 5774 3403 5827 quo-

190 5843 435 5910 ιστῄσατο.
938 5843 943 5848 ’
1833 5847 2123 5906 dammodo
2152 5848 2292 5904 inter
2316 5856 2624 5917 utramque,
2667 5854 2721 5903 et
2776 5863 2952 5917 nequc.
2994 5849 3182 5919 prima:
3213 5862 3409 5904 secunt-
