3920 6484
544 407 652 463 515

1785 406 1841 460 s.
1877 373 2209 462 CREGORII
2243 402 2540 460 NYSSENI
3683 408 3766 464 ιιι

542 525 671 578 dum
709 527 958 576 naturam
1003 538 1334 593 congruens,
1381 539 1560 593 neque
1607 525 1748 576 cum'
1799 523 2041 577 secunda
2097 519 2390 591 copulata?
2423 518 2558 573 Nam
2607 519 2675 574 ab
2725 518 2816 572 illa
2885 523 3139 587 separata
3211 523 3316 580 est,
3359 516 3503 585 quod
3545 532 3646 572 non
3707 523 3766 576 sit

543 623 760 675 natura,
812 614 906 667 sed
964 624 1173 668 natura:
1222 614 1466 684 quardant
1514 615 1716 678 motio;
1778 613 1931 668 alteri
1984 627 2134 678 vero,
2171 628 2334 684 quam
2367 619 2515 690 ipost
2560 626 2620 666 se
2693 611 2977 680 relinquit,
3031 624 3140 662 non
3173 609 3450 678 competit,
3505 611 3625 681 quia
3677 627 3765 666 non

543 705 746 760 nudam
776 707 1173 774 operationem,
1206 705 1301 761 sed
1332 705 1694 760 substantiam
1727 706 1920 775 agendi
1947 705 2202 761 facultate
2225 705 2525 775 praeditam,
2545 704 2721 771 seipsa
2740 701 3016 772 produxit.

617 793 821 848 Deinde
857 795 961 847 hoc
1002 796 1165 848 etiam
1211 795 1598 863 disquisitione
1639 794 1861 864 dignum
1904 811 2113 850 censeo:

2299 789 2433 846 Εἶτα
2492 795 2710 846 κάκείνο
2771 791 2973 854 τούτοις
3033 790 3531 860 προσεξετάσωμεν·
3592 790 3764 863 Ἐργον

542 884 692 953 Opus
763 884 1082 939 substantiae
1147 892 1301 938 vocat
1374 885 1765 941 substantiam:
1829 885 2122 941 secundam

544 977 761 1047 quidem
823 979 1026 1046 primae,
1065 993 1256 1032 rursus
1318 979 1570 1032 secundae
1629 981 1863 1033 tertiam.
1919 983 1984 1032 At
2016 993 2121 1048 qua

545 1067 760 1120 ratione
818 1068 920 1121 hoc
970 1069 1396 1123 demonstravit?
1455 1070 1601 1136 Quas
1664 1071 2015 1142 probationes
2055 1071 2120 1124 ad

541 1157 648 1212 hoc
675 1159 1070 1213 ostendendum
1103 1161 1389 1214 adhibuit?
1419 1177 1481 1216 ex
1501 1177 1606 1231 qua
1639 1164 1892 1217 tnctliodo
1919 1175 1970 1216 ct
2006 1171 2120 1216 arte

539 1251 723 1310 evicit.
764 1251 912 1304 credi
954 1251 1154 1306 debere
1197 1253 1692 1321 posteriorcmcsse
1721 1255 1916 1323 prioris
1947 1254 2122 1322 opus?

542 1340 598 1394 Si
640 1343 783 1396 enim
814 1357 877 1395 ex
912 1342 1018 1406 his,
1049 1359 1168 1411 quae
1205 1345 1256 1396 in
1298 1345 1398 1397 hac
1430 1359 1609 1398 rerum
1650 1345 2004 1398 universitate
2039 1345 2120 1397 vi-

539 1445 758 1494 suntur,
792 1432 858 1485 dc
914 1433 1000 1486 his
1036 1433 1198 1486 etiam
1235 1434 1672 1487 ratiocinandum
1704 1444 1848 1488 esset
1881 1452 1894 1488 :
1943 1448 2120 1501 neque

538 1521 615 1574 sic
650 1521 867 1591 quidem
909 1523 1144 1587 deceret,
1178 1539 1243 1576 ex
1272 1524 1356 1578 his
1383 1523 1606 1577 caducis
1650 1535 1701 1578 et
1753 1526 1806 1578 in
1841 1525 1950 1578 imo
1980 1523 2120 1593 posi-

535 1613 607 1668 tis
641 1613 1016 1684 conjecturam
1058 1615 1125 1670 de
1158 1617 1268 1670 illis
1300 1616 1718 1671 sublimioribus
1755 1615 1965 1671 facere:
2022 1615 2116 1670 sed

536 1713 718 1760 tamen
781 1707 993 1761 veniam
1049 1716 1368 1772 mereretur,
1416 1709 1666 1778 quisquis
1721 1709 1823 1771 his,
1879 1724 1999 1777 qua:
2050 1709 2116 1761 ob

535 1795 728 1848 oculos
771 1795 1159 1856 obversantur,
1220 1795 1497 1858 inductus,
1564 1807 1771 1850 erraret
1807 1795 1952 1850 circa
2000 1796 2112 1862 illa,

535 1901 655 1955 qua:
685 1885 1072 1955 comprehendi
1105 1894 1403 1954 nequeunt.
1456 1886 1612 1940 Nunc
1641 1901 1766 1940 vero
1800 1885 1922 1954 quis
1967 1883 2116 1937 afﬁr-

537 1990 686 2029 mare
715 1975 878 2033 ausit,
936 1977 1134 2028 cmlum
1187 1991 1310 2029 esse
1357 1976 1574 2044 quidem
1619 1991 1756 2045 opus
1807 1974 1938 2041 Dei,
1988 1975 2113 2028 cmli

536 2083 664 2121 vero
695 2066 900 2121 solem?
931 2066 1072 2121 Solis
1107 2069 1315 2129 lunam,
1365 2068 1529 2137 hujus
1578 2068 1786 2131 stellas,
1832 2076 1885 2121 et
1919 2067 2110 2120 harum

2226 882 2480 952 ὀνομάζει
2519 883 2619 952 τῆς
2652 882 2840 943 ούσίας
2869 879 2967 948 τὴν
3015 878 3231 932 οὐσίαν·
3270 877 3367 948 τὴν
3399 877 3495 947 μὲν
3537 877 3764 948 δευτέραν

2225 978 2321 1044 τῆς
2355 973 2606 1045 πρώτηςο
2633 975 2728 1044 τῆς
2749 974 2805 1026 δὲ
2832 974 3083 1044 δευτέρας
3113 972 3289 1033 πάλιν,
3313 972 3409 1042 τὴν
3440 972 3637 1042 τρίτην.
3662 974 3763 1027 Τίνι

2223 1065 2409 1134 τρόπῳ
2453 1063 2843 1134 προαποδείξας
2890 1063 2980 1115 τὸν
3036 1062 3220 1129 λόγον;
3272 1061 3381 1112 τίσι
3436 1064 3765 1125 κατασκευαῖς

2224 1158 2301 1218 εἰς
2357 1154 2510 1207 τοῦτο
2569 1154 2943 1224 χρησάμενος;
3001 1157 3063 1205 ἐκ
3109 1152 3267 1214 ποίας
3313 1151 3532 1219 μεθόδου
3580 1151 3634 1204 τὸ
3673 1153 3763 1206 δεῖν

2222 1244 2500 1312 ἐνέργειαν
2521 1246 2620 1315 τῆς
2639 1243 3011 1315 προλαὸούσης
3033 1243 3130 1313 τὴν
3153 1243 3348 1313 ἐφεξῆς
3367 1239 3502 1295 εἶναι
3524 1244 3763 1296 πιστεύειν

2224 1336 2656 1404 συναναγκάσαςε
2705 1336 2765 1387 Ei
2800 1335 2896 1404 μὲν
2925 1337 3032 1404 γὰρ
3066 1336 3128 1386 ὲκ
3153 1333 3259 1386 τῶν
3284 1333 3481 1386 λοιπῶν
3507 1334 3610 1386 τῶν
3635 1337 3685 1387 ἐν

2221 1425 2392 1479 κτίσει
2423 1427 2806 1497 θεωρουμένων
2838 1425 2943 1479 ἔδει
2995 1425 3088 1477 καὶ
3137 1427 3262 1496 περὶ
3301 1424 3504 1478 τούτων
3545 1425 3764 1492 ἀναλογί-

2212 1519 2437 1582 ’σασθαι,
2473 1516 2583 1589 εἶχε
2617 1519 2714 1588 μὲν
2743 1518 2857 1570 οὗθ’
2887 1516 3056 1580 οὕτως
3087 1517 3263 1580 καλῶς
3297 1519 3360 1570 ὲκ
3398 1518 3505 1569 τῶν
3550 1519 3762 1572 κατωτέ-

2223 1625 2330 1679 ρων
2361 1609 2454 1661 καὶ
2488 1610 2595 1660 τῶν
2626 1607 3033 1680 ὑπερκειμένων
3077 1606 3427 1675 στοχάζεσθαι
3450 1622 3463 1638 '
3514 1607 3646 1678 πλὴν
3667 1608 3761 1660 ἀλλ’

2219 1695 2330 1768 εἶχέ
2364 1718 2414 1753 τι
2463 1700 2803 1768 συγγνωστὸν
2838 1700 2966 1761 ἴσως
2991 1699 3019 1751 ό
3052 1698 3238 1766 λόγος,
3277 1697 3360 1750 διὰ
3384 1698 3494 1750 τῶν
3534 1700 3763 1768 φαινομὲο

2217 1807 2324 1843 νων
2355 1792 2411 1843 ἐν
2440 1794 2550 1854 τοῖς
2575 1792 2995 1862 ’ἀκαταλήπτοις
3035 1788 3403 1860 πλανώμενος.
3449 1792 3580 1843 Νυνὶ
3607 1791 3659 1843 δὲ
3694 1792 3762 1853 τίς

2215 1880 2372 1934 τοῦτο
2417 1881 2593 1950 λέγειν
2643 1883 2997 1952 ἐπιχειρήσει,
3053 1881 3137 1933 ὅτι
3205 1880 3433 1951 οὐρανὸς
3495 1881 3587 1950 μὲν
3627 1882 3761 1951 ἔργον

2216 1971 2372 2034 Θεοῦ,
2403 1973 2629 2042 ούρανοῦ
2669 1972 2724 2025 δὲ
2753 1973 2902 2042 ἥλιος
2923 1987 2936 2000 ⁸
2968 1973 3058 2024 καὶ
3099 1971 3248 2042 ἡλίου
3277 1972 3497 2042 σελήνη,
3542 1972 3628 2025 καὶ
3652 1972 3763 2026 ταύ-

2215 2079 2314 2132 της
2348 2064 2594 2134 ἀστέρες,
2628 2065 2891 2117 κάκείνων
2938 2063 3065 2117 ἄλλο
3111 2081 3162 2117 τι
3203 2063 3311 2115 τῶν
3357 2065 3414 2115 ἐν
3467 2067 3531 2135 τῇ
3578 2065 3761 2128 κτίσει;

533 2158 696 2211 aliain
722 2158 1013 2228 quamdam
1048 2174 1112 2212 ex
1153 2174 1334 2212 rerum
1356 2169 1663 2213 creatarum
1696 2159 1963 2214 numero?
1986 2157 2112 2212 Om-

2227 2154 2372 2218 Ἐνὸς
2403 2156 2510 2226 γὰρ
2541 2156 2674 2226 ἔργα
2701 2155 2768 2208 τὰ
2802 2155 3001 2218 πάντα,
3031 2154 3214 2226 ἐπειδὴ
3253 2149 3344 2220 εἷς
3370 2155 3516 2220 Θεὸς
3537 2155 3637 2207 καὶ
3662 2159 3765 2208 Πα-

534 2247 623 2298 uia
647 2248 790 2300 enim
835 2249 997 2302 unius
1053 2258 1180 2301 sunt
1213 2265 1398 2316 opera,
1439 2265 1563 2302 cum
1601 2250 1670 2304 sit
1705 2267 1841 2303 unus
1893 2248 2030 2302 Deus
2063 2258 2112 2302 et

540 2343 700 2390 Pater
739 2340 996 2400 omnium,
1033 2355 1097 2392 ex
1147 2356 1247 2409 quo
1295 2342 1474 2392 omnia
1499 2341 1562 2396 ³⁸,
1597 2340 1751 2407 Quod
1785 2342 1829 2396 si
1865 2342 2110 2410 qumdam

530 2443 596 2482 ex
631 2445 689 2484 se
719 2439 907 2484 ηιυῐιιο
966 2431 1118 2496 ﬁunt,
1155 2441 1233 2497 ut,
1285 2434 1517 2502 exempli
1568 2450 1755 2496 causa,
1794 2435 2109 2487 animalium

533 2524 851 2589 generatio;
887 2538 1062 2592 neque
1093 2524 1172 2577 sic
1202 2525 1349 2577 aliud
1376 2540 1438 2578 ex
1490 2525 1598 2578 alio
1627 2524 1704 2588 ﬁt,
1743 2532 1994 2579 manente
2022 2539 2112 2578 ea-

531 2609 680 2672 dem,
723 2611 774 2664 in
811 2611 894 2665 his
917 2627 1037 2681 qua:
1076 2613 1392 2682 gignuntur,
1439 2620 1654 2668 natura.
1680 2615 1796 2679 Qua
1826 2614 1991 2684 igitur
2031 2629 2112 2666 ra-

532 2699 677 2754 tione
711 2699 784 2764 id,
818 2703 961 2771 quod
1013 2719 1111 2758 nec
1153 2704 1205 2756 in
1251 2705 1415 2757 rebus
1454 2705 1658 2758 creatis
1707 2705 2005 2770 invenitur,
2033 2705 2109 2758 illi

529 2807 804 2859 suprema:
828 2803 1039 2848 natura:
1062 2795 1332 2858 attribuit,
1364 2797 1552 2864 primae
1582 2795 1835 2850 videlicet
1861 2796 2111 2851 substan-

530 2883 619 2938 tia:
673 2885 970 2939 secundam
1040 2902 1164 2940 esse
1224 2902 1384 2955 opus,
1431 2895 1484 2942 et
1541 2889 1705 2954 hujus
1759 2889 2110 2958 sequentem?

530 2973 686 3037 Quod
721 2974 764 3027 si
792 2974 1038 3043 inspecto
1085 2975 1405 3028 animalium
1429 2984 1553 3029 ortu
1593 2984 1872 3044 permotus
1903 2985 2006 3040 est,
2049 2986 2110 3032 ut

531 3065 712 3120 simile
733 3067 863 3135 quid
914 3066 981 3120 de
1042 3067 1248 3120 illibata
1284 3067 1400 3129 illa,
1442 3077 1496 3120 et
1547 3068 1870 3122 intemerata
1911 3077 2107 3123 natura

528 3155 867 3219 decerneret,
925 3157 1124 3224 prioris
1196 3157 1410 3211 scilicet
1462 3173 1603 3227 opus
1656 3159 1928 3229 quoddam
1985 3176 2109 3216 esse

527 3246 928 3312 posteriorem,
991 3261 1058 3298 ne
1103 3246 1183 3298 sic
1237 3244 1457 3314 quidem
1507 3247 1675 3300 rebus
1724 3247 2108 3302 convenienter

527 3337 715 3392 sentit.
741 3335 875 3389 Nam
908 3353 1027 3404 quae
1051 3352 1113 3388 ex
1147 3351 1205 3391 se
1236 3337 1467 3392 invicem
1511 3339 1828 3408 gignuntur,
1877 3354 1941 3393 ea
1970 3339 2108 3408 ejus-

2213 2244 2324 2312 τὴρ
2361 2245 2619 2308 πάντων,
2653 2245 2722 2309 ἐξ
2750 2241 2821 2300 οὗ
2863 2245 2934 2299 τὰ
2967 2244 3180 2298 πάντα.
3227 2246 3287 2296 Et
3311 2245 3366 2297 δέ
3397 2262 3449 2296 τι
3478 2246 3568 2298 καὶ
3598 2246 3659 2298 δι’
3686 2246 3764 2299 ἀλ-

2213 2335 2388 2405 λήλων
2432 2336 2673 2405 γίνεται,
2725 2335 2912 2408 ὥσπερ
2957 2338 2988 2407 ἡ
3025 2336 3134 2389 τῶν
3183 2336 3338 2395 ζώων
3383 2337 3614 2403 γένεσις,
3662 2337 3761 2390 οὐδὲ

2213 2426 2369 2480 τοῦτο
2397 2428 2580 2499 ἕτερον
2609 2427 2667 2492 ἐξ
2715 2427 2900 2499 ἑτέρου
2935 2427 3164 2495 γίνεται,
3193 2426 3552 2496 διαμενούσης
3592 2429 3645 2480 ὲν
3669 2431 3762 2490 τοῖς

2213 2519 2604 2588 ἐπιγινομένοις
2631 2519 2730 2589 τῆς
2755 2519 2986 2589 φύσεως.
3020 2519 3144 2581 Πῶς
3158 2515 3251 2572 οὖν
3269 2521 3353 2571 ἐπ’
3369 2519 3583 2582 οὐδενὸς
3597 2519 3696 2571 τῶν
3715 2520 3762 2571 ὲν

2211 2612 2277 2680 τῇ
2322 2611 2493 2663 κτίσει
2539 2610 2928 2682 θεωρουμένων
2961 2610 3097 2682 ἔχων
3126 2611 3187 2663 τὸ
3215 2610 3453 2666 τοιοῦτον
3479 2608 3762 2678 είπεῖνῄπὶ

2210 2705 2308 2772 τῆς
2325 2702 2724 2772 ὑπερκειμένης
2738 2703 2922 2767 οὐσίας
2945 2695 3102 2756 τοῦτο
3120 2721 3257 2757 κατα
3267 2705 3541 2768 σκευάζει,
3556 2705 3611 2757 τὸ
3627 2704 3763 2775 ἔργον

2211 2788 2349 2843 εἶναι
2389 2791 2486 2862 τὴν
2537 2791 2794 2863 δευτέραν
2843 2792 2943 2862 τῆς
2988 2791 3242 2862 πρώτης,
3299 2794 3392 2846 καὶ
3434 2794 3634 2865 ταύτην
3680 2794 3764 2863 τῆς

2211 2880 2406 2950 ἐφεξῆς
2431 2896 2444 2943 ;
2476 2881 2540 2932 Εἰ
2563 2880 2620 2934 δὲ
2649 2880 2746 2948 τὴν
2777 2878 2964 2950 ζωὼδη
2995 2879 3201 2947 γένεσιν
3232 2882 3510 2953 ἐννοήσας,
3542 2882 3762 2935 ἐντεῦθεν

2211 2970 2520 3041 ὲφαντάσθη
2556 2972 2650 3024 καὶ
2676 2970 2800 3041 περὶ
2826 2972 2923 3040 τῆς
2965 2971 3241 3042 ἀκηράτου
3268 2971 3482 3040 φύσεως
3513 2973 3765 3044 ὁμοιότρο-

2211 3065 2312 3117 πόν
2341 3081 2392 3116 τι
2422 3062 2774 3132 λογίσασθαι.
2815 3061 2953 3114 ὥστε
2995 3061 3152 3132 ἔργον
3185 3063 3444 3135 νοηθῆναι
3487 3065 3545 3118 τὸ
3588 3065 3764 3135 ἐφεξῆς

2209 3154 2300 3207 τοῦ
2329 3155 2676 3225 προάγοντος,
2707 3153 2814 3206 οὐδ’
2837 3154 2893 3204 ὲν
2917 3152 3089 3223 τούτῳ
3128 3153 3190 3206 τὸ
3212 3155 3504 3208 ἀκόλουθον
3533 3154 3762 3218 διασώζει

2209 3245 2303 3299 τοῦ
2349 3247 2531 3314 λόγου.
2581 3245 2660 3298 Τὰ
2709 3244 2818 3316 γάρ
2850 3245 2909 3311 ἐξ
2947 3245 3146 3315 ἑτέρων
3177 3245 3459 3316 γινόμενα,
3501 3247 3761 3316 ὁμοιογενῆ

2207 3339 2426 3401 πάντως
2471 3337 2589 3390 ἐστὶ
2616 3341 2731 3402 τοῖς
2778 3337 2834 3404 se
2864 3331 2938 3390 ὧν
2980 3336 3210 3404 γίνεται.
3255 3336 3314 3390 '0
3350 3337 3408 3390 δὲ
3447 3339 3508 3392 τὸ
3552 3339 3688 3404 ξένον
3710 3355 3762 3391 τε

527 3428 650 3483 dem
691 3427 918 3480 omnino
980 3435 1189 3480 natura:
1239 3437 1390 3494 sunt,
1435 3441 1558 3480 cum
1619 3427 1746 3493 illis,
1783 3443 1845 3482 ex
1906 3429 2106 3498 quibus

2215 3430 2304 3481 καὶ
2336 3428 2629 3497 ἀλλόφυλον
2662 3431 2773 3492 τοῖς
2815 3429 2881 3482 δι’
2918 3427 3159 3498 ἀλλήλων
3189 3421 3575 3500 γεγενημένοις
3613 3447 3762 3502 προσ-

529 3521 850 3590 gignuntur.
883 3519 990 3573 Iste
1024 3528 1201 3572 autem
1230 3519 1463 3573 alienam
1490 3527 1546 3573 et
1569 3521 1908 3591 peregrinam
1941 3528 2105 3574 natu-

528 3629 646 3668 ram
672 3611 884 3682 attingit
906 3611 1037 3675 illis,
1069 3611 1162 3681 qui
1193 3628 1336 3666 exse
1369 3621 1562 3667 mutuo
1606 3613 1718 3666 nati
1756 3621 1905 3674 sunt,
1926 3620 1986 3666 ut
2017 3629 2110 3682 pa-

529 3705 750 3759 tefaciat
779 3703 1049 3758 mendacii
1085 3704 1404 3768 vanitatem,
1440 3714 1494 3759 et
1532 3713 1788 3775 tanquam
1827 3705 2110 3761 ambidex-

527 3804 614 3852 ter
647 3795 794 3866 pugil
841 3796 1061 3865 gemino
1093 3795 1201 3848 ictu
1239 3796 1523 3851 veritatem
1570 3804 1811 3867 appetat.
1861 3795 1933 3851 Ut
1963 3798 2106 3850 enim

535 3886 925 3953 subjectionem
961 3886 1353 3956 dignitatisque
1395 3889 1664 3943 naturalis
1710 3887 1831 3942 Filii
1865 3898 1917 3943 et
1947 3887 2113 3958 Spiri-

532 3988 620 4034 tus
651 3979 828 4034 sancti
863 3978 1299 4033 imminutionem
1348 3980 1609 4044 stabiliat,
1670 3981 1902 4035 alterum
1934 3998 1997 4036 ex
2034 3980 2110 4034 al-

531 4082 651 4125 tero
679 4070 886 4125 editum
917 4069 1071 4123 dicit.
1102 4069 1179 4124 Ne
1211 4086 1336 4125 vero
1377 4071 1505 4125 dum
1541 4073 1657 4127 haec
1687 4074 1904 4138 asserit,
1936 4073 1988 4127 in
2013 4088 2110 4126 co-

528 4162 826 4230 gnitionem
886 4162 1132 4232 ejusdem
1167 4164 1502 4219 exsistentia:
1559 4166 1612 4217 in
1665 4166 1854 4220 eadem
1917 4173 2111 4218 natura

529 4251 821 4306 deveniant
843 4254 917 4307 illi
941 4256 1034 4323 qui
1071 4256 1477 4324 generationem
1505 4272 1570 4310 ex
1603 4272 1661 4311 se
1690 4258 1921 4311 invicem
1955 4256 2109 4310 intel-

531 4342 724 4413 ligunt,
758 4359 880 4397 cum
909 4346 1025 4414 ipsa
1059 4355 1270 4400 naturae
1305 4348 1514 4400 ratione
1552 4358 1776 4418 pugnat,
1817 4349 1947 4401 dum
1977 4348 2112 4400 alte-

531 4447 652 4485 runt
688 4448 752 4486 ex
782 4433 959 4487 altero
989 4444 1414 4504 progeneratum
1455 4437 1703 4491 concedit
1733 4455 1748 4503 ;
1781 4437 2112 4507 diversaeque

530 4532 760 4589 naturae,
789 4536 842 4579 et
871 4527 1036 4594 quasi
1071 4528 1273 4595 spuria:
1310 4543 1456 4592 cum,
1492 4532 1584 4600 qui
1621 4537 1782 4584 natus
1809 4538 1912 4592 est,
1945 4545 1974 4583 a
2009 4545 2111 4586 suo

531 4616 776 4686 genitore
802 4615 991 4672 efﬁcit.

602 4712 894 4778 Caeterum,
925 4713 1070 4783 quod
1101 4715 1230 4768 mihi
1282 4725 1408 4772 ante
1446 4719 1630 4772 omnia
1665 4719 1888 4791 dignum
1928 4735 2109 4790 repre-
2139 4745 2184 4800 ι)

531 4804 796 4860 hensione
840 4805 1078 4870 videtur,
1129 4806 1234 4861 hoc
1287 4817 1371 4862 est
1411 4810 1514 4865 :Si
1552 4811 1783 4864 aliorum
1834 4811 2106 4880 quispiam

530 4896 762 4952 docendi
795 4897 1103 4968 imperitus,
1139 4909 1194 4954 et
1221 4900 1275 4954 in
1320 4901 1405 4956 his
1434 4902 1926 4958 exercitationibus
1955 4902 2110 4960 rudis

529 4995 586 5043 et
645 4987 844 5057 hospes
898 4990 1230 5044 sententiam
1282 5007 1471 5056 suam,
1520 5002 1682 5063 prout
1724 5008 1812 5048 res
1857 4993 2108 5052 tulisset.

528 5080 892 5143 enuntiasset,
939 5081 1133 5136 merito
1188 5083 1236 5136 ei
1282 5082 1704 5152 ignosceremus,
1727 5084 1872 5154 quod
1921 5085 2113 5153 hujus-

533 5167 678 5222 modi
705 5177 970 5238 apparatu
1005 5170 1071 5224 ad
1114 5171 1440 5227 stabilienda
1465 5172 1718 5242 dogmata
1754 5189 1890 5228 usus
1941 5182 2106 5228 esset.

2214 3523 2512 3592 μαρτυρεῖ,
2565 3521 2650 3574 ἵνα
2692 3521 2840 3594 δείξῃ
2889 3519 2985 3592 τὴν
3031 3520 3347 3588 περιουσίαν
3393 3521 3489 3575 τοῦ
3519 3522 3761 3592 ψεύδους,

2205 3612 2396 3682 ὥσπερ
2427 3611 2598 3677 δεξιὸς
2625 3612 2926 3681 ἀγωνιστὴς
2953 3611 3109 3682 διπλῇ
3151 3615 3216 3683 τῇ
3251 3614 3394 3684 χειρὶ
3421 3613 3629 3683 βάλλειν
3660 3617 3764 3667 ἑπι-

2209 3704 2406 3776 χειρῶν
2452 3703 2550 3776 τὴν
2598 3705 2871 3775 ἀλήθειαν.
2925 3704 3040 3757 ’Ὶνα
3090 3702 3198 3774 γὰρ
3247 3705 3308 3757 τὸ
3353 3706 3637 3776 ὑφειμένον
3682 3708 3763 3758 καὶ

2210 3799 2350 3852 κατά
2379 3799 2477 3868 τὴν
2509 3798 2744 3868 φυσικὴν
2788 3796 2941 3861 ἀξίαν
2976 3795 3350 3865 ἠλαττωμένον
3385 3797 3483 3850 τοῦ
3531 3795 3655 3850 Υίού
3683 3796 3763 3851 καὶ

2208 3889 2302 3943 τοῦ
2346 3889 2658 3960 Πνεύματος
2687 3888 2946 3958 ἐπιδείξῃ,
2979 3889 3162 3959 ἕτερον
3193 3887 3252 3953 ἐξ
3282 3889 3469 3959 ἑτέρου
3497 3889 3762 3960 γενόμενον

2209 3981 2393 4050 λέγει·
2429 3981 2502 4044 ὡς
2554 3981 2763 4050 μήποτε
2809 3981 2888 4040 είς
2933 3979 3260 4049 οἰκειότητος
3317 3977 3524 4031 ἔννοιαν
3572 3980 3632 4032 ἐκ
3682 3976 3761 4029 τοῦ

2207 4073 2448 4126 τοιούτου
2496 4071 2699 4142 τρόπου
2753 4071 2852 4140 τῆς
2893 4069 3176 4141 ὑπάρξεως
3209 4069 3411 4124 ἔλθοιεν
3482 4071 3530 4122 oi
3577 4069 3668 4140 τὴν
3712 4069 3762 4134 ὲε

2209 4164 2450 4234 ἀλλήλων
2477 4164 2688 4232 γένεσιν
2714 4162 3110 4233 μεμαθηκότες,
3140 4162 3231 4216 καὶ
3265 4161 3412 4231 αὐτῷ
3444 4163 3669 4232 μάχεται
3693 4160 3762 4231 τῷ

2207 4257 2307 4326 τῆς
2337 4256 2549 4324 φύσεως
2578 4255 2738 4325 λόγῳ,
2769 4257 2863 4309 καὶ
2883 4256 3068 4327 ἕτερον
3092 4251 3152 4318 ἐξ
3192 4256 3376 4326 ἐτέρου
3411 4254 3658 4323 γενέσθαι
3681 4254 3760 4306 λέ-

2212 4362 2345 4414 γων,
2388 4347 2483 4399 καὶ
2514 4344 2664 4398 νόθον
2699 4345 2789 4397 τὸν
2835 4343 3219 4414 γεγενημένον,
3267 4345 3343 4409 ὡς
3379 4346 3516 4418 πρὸς
3550 4345 3642 4417 τὴν
3679 4342 3759 4396 τού

2213 4437 2599 4508 γεγεννηκότος
2629 4434 2808 4504 φύσιν,
2840 4435 3289 4504 ἀποφαινόμενος.

2289 4714 2354 4767 ‘0
2389 4713 2446 4766 δέ
2495 4729 2583 4782 μοι
2613 4711 2759 4764 δοκεῖ
2797 4709 2904 4781 πρὸ
2941 4710 3142 4763 τούτων
3175 4709 3240 4764 ἄν
3271 4727 3354 4773 τις
3383 4709 3604 4771 εἰκότως
3637 4710 3761 4778 μέμ-

2212 4806 2442 4877 ψασθαι,
2488 4803 2644 4856 τοῦτό
2684 4805 2849 4855 ἐστιν’
2895 4804 2957 4858 Ei
3001 4801 3099 4871 μὲν
3141 4801 3249 4854 τῶν
3285 4801 3458 4854 ἄλλων
3507 4818 3589 4863 τις
3619 4796 3680 4870 ἧν
3715 4800 3763 4850 ἐν

2211 4896 2436 4967 ἀπειρίᾳ
2449 4895 2542 4947 τοῦ
2562 4893 2738 4962 λέγειν
2761 4892 2984 4962 ἀτριόὴς
3005 4889 3110 4944 τῶν
3131 4891 3384 4944 τοιούτων
3409 4888 3761 4947 κατασκευῶν,

2213 4987 2304 5040 καὶ
2328 4984 2672 5054 ἀγύμναστος
2690 5023 2705 5048 ,
2741 4981 2928 5034 ἔπειτα
2959 4980 3019 5033 τὸ
3059 4981 3342 5052 παραστάν
3377 4980 3526 5049 αὐτῷ
3555 4979 3689 5033 κατὰ
3714 4977 3764 5030 τὸ

2214 5077 2426 5148 συμϐάν
2457 5075 2804 5145 ἀπεφαίνετο,
2838 5072 3180 5141 συγγνωστὸς
3228 5072 3292 5126 ἂν
3325 5072 3452 5134 ἴσως
3481 5074 3598 5134 ταῖς
3634 5086 3762 5122 ν-νο-

2216 5166 2504 5237 μισμέναις
2544 5164 2671 5234 περὶ
2712 5162 2915 5216 τούτων
2948 5161 3154 5230 ἐφόδοις
3188 5163 3266 5224 είς
3298 5161 3395 5230 τὴν
3436 5160 3544 5212 τῶν
3575 5159 3763 5229 δογμά-

533 5259 746 5314 Atcum
781 5262 882 5317 iste
921 5279 984 5317 ea
1023 5263 1279 5320 facultate
1317 5266 1536 5334 polleat,
1579 5274 1636 5319 ut
1677 5275 1732 5322 et
1775 5266 1843 5321 ad
1885 5282 1947 5322 ca
1989 5283 2110 5338 quae

2215 5275 2313 5312 των
2345 5256 2684 5325 κατασκευὴν
2717 5254 2790 5324 μὴ
2824 5251 3223 5322 συγχρώμενος.
3269 5251 3419 5304 Ἐπεὶ
3447 5251 3500 5303 δὲ
3533 5251 3764 5305 τοσοῦτον

535 5350 696 5422 longe
726 5369 892 5423 supra
930 5361 1182 5408 naturam
1213 5365 1456 5412 nostram
1493 5360 1669 5428 posita
1701 5366 1853 5423 sunt,
1887 5360 2113 5414 investi-

2215 5347 2356 5419 αὐτῷ
2394 5347 2636 5418 περίεστι
2683 5346 2782 5416 τῆς
2826 5347 2882 5398 ὲν
2937 5343 3111 5414 τούτῳ
3157 5342 3464 5412 δυνάμεως,
3499 5341 3637 5395 ὥστε
3683 5341 3763 5395 καὶ

536 5443 713 5512 gauda
765 5444 1185 5513 perspicacitate
1228 5461 1327 5501 sua
1373 5463 1494 5504 sese
1546 5451 1820 5513 extendat,
1872 5465 2110 5519 quonam

2215 5441 2287 5502 είς
2319 5438 2385 5492 τὰ
2419 5438 2743 5509 ὑπερέκεινα
2787 5435 2886 5503 τῆς
2932 5433 3143 5502 φύσεως
3174 5433 3330 5503 ἡμῶν
3361 5432 3447 5485 διὰ
3477 5433 3576 5501 τῆς
3616 5448 3763 5485 καταο

538 5531 699 5584 modo
747 5532 1013 5601 ignoravit
1061 5536 1412 5607 principium,
1457 5554 1565 5608 quo
1603 5539 1656 5595 in
1690 5539 1774 5595 bis
1807 5555 1988 5594 rerum
2021 5555 2113 5595 oc-

2215 5532 2478 5603 ληπτικῆς
2507 5528 2691 5598 ἐφόδου
2724 5524 3229 5598 ὑπερεκτείνεσθαι,
3266 5524 3381 5587 πῶς
3413 5523 3641 5595 ἠγνόησε
3677 5523 3764 5592 τὴν

535 5623 806 5678 cultarum
873 5624 1352 5696 disquisitionibus
1417 5629 1697 5701 indagatio
1756 5631 2109 5688 instituitur?

2215 5623 2406 5696 ἀρχὴν,
2427 5622 2493 5676 δι’
2515 5616 2580 5691 ἦς
2604 5617 2803 5681 παντὸς
2827 5616 3209 5688 κεκρυμμένου
3235 5616 3553 5687 πράγματος
3583 5617 3638 5670 ἐν
3662 5616 3765 5677 ταῖς

605 5803 693 5859 ³³1
729 5805 856 5863 Cor.
887 5823 1003 5877 vni,
1027 5808 1082 5864 6.
