3920 6478
164 428 252 484 317

1265 419 1547 477 CONTRA
1574 413 1964 482 EUNOHIUM,
2009 414 2134 471 LIB.
2179 415 2217 470 I.

3293 411 3396 469 '5l8

163 541 375 610 λογικαες
399 537 618 602 ταύταις
657 537 1059 610 ὲπιχειρήσεσιν
1089 535 1123 605 ἡ
1139 533 1443 603 κατάληψις
1467 532 1678 600 γίνεται
1698 548 1713 596 ;

1826 527 1954 595 Quis
1982 528 2128 583 enim
2163 527 2344 582 nescit
2391 525 2696 581 orationem
2731 539 2799 579 ex
2842 522 3149 580 manifestis
3180 528 3384 596 perspi‘

164 632 239 694 τίς
262 630 361 698 γὰρ
390 629 494 681 οὐκ
519 624 676 692 οἶδεν,
702 629 786 681 ὅτι
823 627 929 690 πᾶς
956 625 1110 693 λόγος
1140 626 1202 677 ἐκ
1227 624 1332 677 τῶν
1373 622 1622 693 φανερῶν
1648 638 1709 674 τε

163 724 240 775 καὶ
276 720 431 773 πᾶσιν
481 719 840 788 ἐγνωσμένων
880 717 975 778 τὰς
1022 716 1196 786 ἀρχὰς
1239 715 1553 786 λαμϐάνων,
1600 717 1712 778 τοῖς

161 809 664 881 ἀμφισϐητουμένοις
702 809 772 861 δι’
813 807 980 862 αὑτοῦ
1024 808 1218 876 ὲπάγει
1251 808 1348 878 τὴν
1379 807 1580 871 πίστιν,
1618 806 1712 859 καί⁵

162 909 243 960 οὐκ
259 905 322 960 ἂν
345 905 550 976 ἑτέρως
572 922 625 956 τι
655 903 1029 974 καταληφθείη
1056 903 1167 956 τῶν
1191 902 1610 974 κεκρυμμένων,
1637 899 1712 972 μὴ

163 999 252 1053 τῶν
306 997 758 1068 ὁμολογουμένων
800 998 950 1068 ἡμᾶς
1006 997 1141 1066 πρὸς
1185 996 1284 1067 τὴν
1341 995 1448 1048 τῶν
1501 994 1712 1065 ἀδήλων

163 1092 348 1143 σύνεσιν
388 1087 914 1159 χειραγωγούντων;
945 1087 1006 1140 Ei
1032 1087 1089 1139 δὲ
1110 1086 1178 1140 τὰ
1206 1088 1262 1138 ὲν
1302 1087 1498 1158 ἀρχαῖς
1539 1084 1712 1152 λόγων

161 1182 272 1251 πρὸς
297 1180 387 1250 τὴν
405 1179 516 1232 τῶν
535 1179 920 1250 ἀγνοουμένων
955 1179 1260 1248 φανέρωσιν
1292 1177 1676 1248 λαμϐανόμενα
1695 1213 1711 1238 ,

159 1274 256 1335 ταῖς
284 1270 388 1322 τῶν
439 1269 654 1322 πολλῶν
687 1269 987 1339 ύπολήψεσι
1035 1271 1258 1338 μάχοιτο
1278 1310 1292 1332 ,
1347 1267 1510 1339 σχολῇ
1560 1267 1612 1335 γ’
1649 1266 1713 1319 ἂν

160 1365 234 1414 καὶ
257 1363 338 1414 διά
369 1359 578 1414 τούτων
615 1359 954 1432 φανερωθείη
980 1359 1040 1412 τὸ
1071 1359 1452 1428 ἀγνοούμενον.

212 1583 404 1638 Οὐκοῦν
431 1586 465 1654 ἡ
504 1586 657 1637 πᾶσα
699 1584 844 1654 μάχη
876 1585 968 1636 καὶ
1001 1583 1297 1652 ἀμφιϐολία
1328 1582 1422 1636 τοῦ
1447 1583 1718 1654 δόγματος

157 1680 248 1740 τοῖς
281 1676 792 1745 Ἐκκλησιαστικοίς
816 1676 950 1745 πρὸς
967 1676 1087 1738 τοὺς
1123 1675 1430 1745 Ἀνομοίους
1447 1676 1719 1746 ὲστὶ,περί

157 1786 203 1820 τε
235 1768 318 1820 τοῦ
346 1767 455 1820 δεῖν
488 1769 523 1839 ἢ
564 1768 783 1820 κτιστὸν
810 1769 947 1820 νοεῖν
979 1765 1070 1818 τὸν
1100 1766 1246 1832 Υίδν,
1278 1768 1370 1819 καὶ
1408 1768 1470 1819 τὸ
1496 1768 1720 1838 Πνεῦμα

1813 621 2040 688 cuisque
2082 617 2302 672 ductam
2351 616 2647 672 conciliare
2695 614 2854 670 ﬁdem
2901 616 3030 679 illis,
3085 615 3152 671 de
3195 618 3397 686 quibus

1813 711 2146 781 ambigitur:
2188 724 2363 778 neque
2393 709 2445 762 in
2467 706 2836 777 cognitionem
2873 722 3053 762 rerum
3085 709 3394 778 ignotarum

1810 810 1870 858 et
1912 801 2427 856 abstrusarutnnos
2466 790 2772 868 pervenire,
2801 797 2906 852 nisi
2943 813 3064 866 quae
3080 798 3399 867 plerumque

1811 890 2196 946 conceduntur
2222 897 2276 944 et
2306 889 2700 958 approbantur,
2740 886 2809 940 ad
2843 902 3026 941 rerum
3063 887 3395 940 incertarum

1813 983 2252 1056 perspicientiam
2287 998 2388 1036 nos
2421 981 2578 1051 quasi
2608 995 2772 1034 manu
2801 979 3040 1033 ducant?
3071 977 3126 1032 Si
3147 994 3295 1032 Ivero
3332 994 3396 1033 ea

1813 1093 1935 1147 quae
1960 1076 2015 1130 in
2049 1075 2319 1146 principio
2349 1074 2760 1144 disputationis,
2786 1072 2853 1125 ad
2889 1074 3104 1141 ignotas
3132 1085 3220 1125 res
3251 1070 3396 1123 noti-

1816 1169 2059 1224 ﬁcantlas
2098 1166 2480 1229 adhibuimus,
2528 1164 2806 1219 communi
2865 1162 3147 1216 hominum
3211 1161 3398 1214 sensui

1815 1267 2140 1329 repugnent.
2182 1274 2323 1328 aegre
2362 1256 2608 1326 profecto
2650 1256 2722 1320 id,
2775 1255 2922 1324 quod
2964 1255 3020 1308 in
3069 1252 3236 1306 dubio
3279 1269 3401 1306 ver-

1817 1362 1991 1413 satur,
2041 1359 2205 1419 atque
2248 1350 2383 1404 adeo
2419 1350 2635 1419 penitus
2675 1355 2924 1417 negatur,
2986 1346 3092 1399 illis
3141 1343 3400 1400 adhibitis

1817 1441 2220 1509 explanabitur.

1888 1569 1907 1623 Ι
1949 1577 2058 1629 itur
2088 1575 2268 1629 omnis
2299 1573 2672 1629 controversia
2715 1573 2856 1626 inter
2914 1571 3272 1635 orthodoxos,
3306 1588 3399 1640 qui

1819 1667 2119 1722 Ecclesium
2174 1676 2502 1736 sequuntur,
2553 1673 2607 1720 et
2651 1666 2793 1719 inter
2845 1665 3141 1719 Anontmos
3194 1665 3247 1717 in
3297 1663 3398 1716 hoc

1821 1757 2112 1812 consistit:
2153 1764 2336 1810 utrum
2380 1763 2625 1825 oporteat
2667 1754 2864 1809 Filium
2902 1755 2990 1808 Dei
3033 1763 3088 1808 et
3133 1753 3398 1825 Spiritum

162 1861 279 1914 κατὰ
319 1859 406 1912 τὸν
437 1860 605 1928 λόγον
649 1859 758 1911 τῶν
791 1856 1066 1920 ἐναντίων,
1112 1859 1146 1932 ἢ
1182 1857 1282 1927 τῆς
1315 1858 1569 1911 ἀκτίστου
1619 1858 1718 1928 φύ-

1826 1845 2074 1902 sanctum
2132 1863 2422 1902 numerare
2469 1849 2612 1903 inter
2668 1863 2754 1902 res
2809 1855 3048 1913 creatas,
3101 1856 3159 1899 ut
3211 1847 3400 1899 volunt

162 1970 290 2016 σεως,
320 1951 503 2016 καθὼς
542 1955 576 2025 ἡ
628 1952 923 2024 Ἐκκλησία
953 1951 1298 2004 πεπίστευκε.
1333 1945 1499 2015 Οὗτος
1543 1951 1720 2005 τοίνυν

160 2047 265 2099 αὐτὸ
287 2047 343 2098 τὸ
385 2045 548 2115 παρὰ
583 2047 801 2098 πάντων
841 2043 1272 2114 ἀντιλεγόμενον,
1322 2044 1398 2106 ὡς
1430 2045 1722 2114 ὁμολογού-

163 2155 293 2207 μενον
323 2137 718 2205 ἀποφαίνεται.
769 2137 879 2188 Καὶ
902 2135 1154 2207 οὐδεμίαν
1180 2134 1448 2201 ἀπόδειξιν
1485 2134 1722 2206 ἐξευρὼν

160 2229 233 2281 τοῦ
259 2227 406 2297 ἔργον
457 2223 610 2279 εἶναι
643 2227 740 2296 τῆς
783 2225 1128 2296 προαγούσης
1156 2224 1342 2288 οὐσίας
1369 2225 1469 2294 τὴν
1498 2224 1721 2295 ἐφεξῆς,

162 2319 345 2388 θαρσιῖιν
368 2315 698 2387 δογματίζει
729 2316 789 2369 τὸ
809 2315 981 2379 οὕτως
1005 2315 1168 2385 ἔχειν.
1199 2315 1312 2368 Ούκ
1336 2308 1452 2367 οἶδα
1476 2316 1540 2366 ἐκ
1565 2315 1724 2376 ποίας

162 2409 461 2473 ταιδεύσεως
497 2407 539 2478 ἢ
571 2409 763 2476 σοφίας
791 2406 950 2459 τοῦτο
988 2406 1286 2477 θαρσήσας.
1315 2405 1376 2458 Ei
1410 2405 1515 2477 γὰρ
1541 2405 1722 2476 πάσης

160 2503 471 2571 κατασκευῆς
516 2500 618 2553 καὶ
658 2498 982 2564 ἀποδείξεως
1016 2498 1228 2568 ἄμαχόν
1269 2515 1389 2552 τινα
1419 2499 1513 2550 καὶ
1550 2499 1722 2568 ἀναμ-

165 2594 343 2646 σίὸολον
381 2590 760 2662 προηγεῖσθαι
811 2590 916 2662 χρὴ
935 2590 1031 2660 τὴν
1077 2589 1398 2660 ὁμολογίαν.
1448 2588 1589 2643 ὥστε
1643 2589 1722 2660 τῷ

162 2683 669 2754 πῳκατειλημμὲνῳ
694 2682 755 2735 τὸ
783 2680 1142 2752 ἀγνοούμενον
1161 2682 1280 2743 ταῖς
1307 2679 1393 2734 διὰ
1428 2679 1591 2750 μέσου
1622 2698 1722 2734 κα-

162 2777 418 2836 τασκευαῖς
445 2772 674 2836 οἰκείως
695 2777 1100 2848 προσαγόμενον
1131 2770 1569 2837 ἀποδείκνυσθαι,
1601 2774 1630 2825 ὁ
1661 2772 1721 2826 τὸ

162 2864 455 2934 ζητούμενον
514 2861 601 2914 ἐτι
643 2860 724 2924 είς
763 2861 1106 2932 κατασκευὴν
1150 2860 1352 2932 ἐτέρων
1401 2860 1717 2931 προτείνων,

160 2953 284 3005 obbév
309 2954 496 3022 ἕτερον
549 2951 582 3022 ἢ
615 2952 682 3004 δι’
726 2952 946 3018 ἀγνοίας
991 2951 1232 3018 ἄγνοιαν,
1269 2951 1365 3004 καὶ
1411 2951 1475 3003 δι’
1504 2953 1721 3024 ἀπάτης

160 3045 340 3113 ἀπάτην
366 3039 801 3105 κατασκευάζει.
843 3039 1014 3094 Τοῦτό
1059 3042 1175 3094 ἐστι
1199 3040 1259 3094 τὸ
1287 3040 1485 3110 τυφλοῦ
1520 3043 1720 3111 τυφλὸν

160 3136 319 3206 ὁδηγὸν
360 3135 664 3197 ποιεῖσθαι,
718 3132 901 3197 καθώς
933 3134 1066 3204 φησί
1099 3151 1201 3188 που
1250 3133 1312 3188 τὸ
1361 3133 1717 3204 Εὑαγγὲλιον.

163 3228 336 3289 Ὄντω;
364 3227 474 3297 γάρ
515 3226 703 3295 τυφλῷ
748 3225 843 3280 καὶ
868 3224 1295 3296 κενεμϐατοῦντι
1331 3228 1407 3299 τῷ
1440 3229 1602 3299 λόγῳ,
1642 3229 1720 3300 τῷ

161 3316 334 3384 κτίσμα
395 3318 495 3369 καὶ
556 3315 766 3385 ποίημα
807 3315 898 3368 τὸν
942 3316 1158 3369 πάντων
1212 3316 1433 3388 κτίστην
1488 3320 1582 3372 καὶ
1630 3319 1722 3390 δη-

163 3409 391 3479 μιουργὸν
439 3405 592 3460 εἶναι
631 3407 873 3474 λέγοντι,
902 3405 1086 3478 ἕτερον
1122 3406 1318 3477 τυφλὸν
1356 3408 1512 3476 λόγον
1543 3427 1722 3480 παρα-

161 3498 448 3567 ζευγνύουσι
475 3541 492 3562 ,
539 3499 600 3550 τὸ
636 3496 914 3569 ἀλλότριον
957 3493 1095 3552 εἶναι
1127 3502 1192 3570 τῇ
1234 3498 1393 3567 φύσει
1444 3501 1540 3555 καὶ
1583 3502 1724 3556 κατά

159 3592 236 3662 τὴν
266 3593 447 3645 ούσίαν
483 3591 764 3661 ἀνόμοιον,
807 3590 902 3642 καὶ
931 3590 1108 3661 πάντη
1137 3591 1235 3662 τῆς
1267 3592 1500 3664 φυσικῆς
1529 3593 1724 3647 οἰκειό-

161 3701 291 3764 τητος
307 3683 602 3754 ἀμέτοχον,
623 3682 866 3740 εἶναιτοῦ
895 3682 1108 3753 [ἰατρὸς
1133 3683 1225 3738 τὸν
1255 3684 1398 3738 Υίὸν·
1432 3683 1546 3737 ἀλλ’
1570 3684 1724 3740 οὔπω

161 3777 266 3846 περὶ
289 3776 497 3828 τούτων
521 3791 537 3805 ο
569 3775 628 3829 ὲν
663 3768 744 3838 οἷς
786 3772 895 3846 γάρ
946 3774 1278 3847 γυμνότερον
1306 3776 1634 3831 ἐκκαλύπτει
1663 3777 1724 3831 τὸ

160 3867 325 3931 ἀσεὸὲς
345 3867 440 3921 τοῦ
474 3867 844 3938 φρονήματος,
872 3868 929 3919 ἐν
953 3865 1161 3929 τούτοις
1203 3866 1457 3940 εὔκαιρὸν
1487 3871 1601 3923 ἐστι
1631 3869 1724 3923 καὶ

160 3959 281 4027 ἡμᾶς
313 3956 653 4030 ὑπερθέσθαι
685 3956 786 4026 τῆς
824 3956 1075 4020 ἀσεϐείας
1115 3958 1204 4011 τὸν
1236 3959 1474 4028 ἔλεγχον.
1504 3961 1639 4012 Novi.
1666 3961 1724 4014 δὲ

159 4054 267 4119 ἡμῖν
287 4053 417 4123 πρὸς
442 4051 548 4122 τὴν
564 4049 897 4104 ἀκολουθίαν
923 4049 1031 4103 τῶν
1062 4051 1190 4122 παρ’
1217 4052 1424 4106 ἐκείνου
1452 4052 1726 4124 ῥηθέντων

161 4142 432 4196 ἐπανιτέον.

218 4295 398 4350 Πάλιν
428 4295 502 4349 δὲ
545 4289 624 4350 αὗ
674 4292 940 4362 ἑκάστης
973 4297 1199 4349 τούτων
1229 4298 1444 4364 οὺσίιις
1488 4301 1726 4367 sumpt-

162 4384 300 4452 νοῦς,
319 4387 445 4440 dmi
456 4381 668 4451 ῆςμπαὶ
686 4383 882 4453 πάντη
897 4385 1037 4454 μιᾶς
1061 4387 1249 4455 οὔσης
1272 4405 1336 4442 τε
1363 4389 1458 4443 καὶ
1482 4392 1726 4460 νοουμέ-

161 4490 253 4540 νης
302 4475 453 4528 κατὰ
494 4474 612 4541 τὴν
643 4474 803 4527 ιδίαν
831 4475 1031 4539 ἀξίαν,
1079 4481 1726 4550 συμπεριγραφομένων

163 4559 219 4615 δὲ
237 4566 349 4632 τοῖς
367 4567 572 4636 ἔργοις
606 4565 726 4620 τῶν
752 4566 1083 4636 ἐνεργειῶν,
1109 4569 1204 4622 καὶ
1236 4569 1354 4623 τῶν
1379 4570 1568 4640 ἔργων
1597 4573 1724 4640 ταῖς

162 4655 259 4710 τῶν
295 4658 726 4728 ἐργασαμένων
765 4659 1088 4731 ἐνεργείαις
1131 4663 1720 4733 παραμετρουμένων’

163 4747 366 4816 ἀνάγκη
398 4748 603 4816 δήπου
626 4749 814 4814 πᾶσα,
846 4751 943 4804 καὶ
968 4750 1072 4817 τὰς
1103 4752 1330 4822 ἑκάστῃ
1362 4754 1481 4808 τῶν
1506 4757 1730 4812 οὐσιῶν

163 4838 434 4908 ἑπομένας
465 4842 788 4912 ἐνεργείας,
831 4841 1120 4908 ἐλάττους
1156 4843 1224 4896 δὲ
1260 4845 1357 4899 καί
1385 4845 1620 4916 μείζους
1651 4845 1731 4903 εἷο

163 4945 260 4982 ναι·
291 4933 388 4985 καὶ
425 4933 536 4997 τὰς
558 4932 676 5002 μὲν
712 4931 971 5001 πρώτην,
1004 4934 1112 5001 τὰς
1149 4933 1217 4988 δὲ
1245 4935 1530 5006 δευτέραν
1559 4941 1732 5006 τάξιν

164 5023 396 5094 ἐπέχειν.
452 5027 518 5079 Ἡ
557 5027 654 5097 μὲν
695 5026 904 5080 διάνοια
950 5026 1037 5080 διὰ
1090 5027 1304 5083 πάντων
1346 5030 1454 5084 τῶν
1507 5033 1733 5104 εἰρημέ-

163 5133 267 5181 νων,
311 5119 414 5172 κᾶν
474 5120 534 5171 ἐν
585 5117 778 5188 πλήθει
837 5119 1097 5189 ῥημάτων
1155 5120 1304 5193 αὐτῷ
1353 5125 1722 5196 συμπεραίνη-

163 5226 254 5273 ται,
288 5212 382 5281 μία
414 5212 550 5264 ἐστί.
585 5211 660 5264 Τὸ
692 5211 1098 5266 κατασκευάσαι
1131 5214 1400 5286 μηδεμίαν
1430 5217 1725 5287 συνάφειαν

165 5295 375 5372 εἶναιτῷ
403 5304 581 5375 Πατρὶ
608 5304 746 5373 πρὸς
772 5302 861 5354 τὸν
886 5303 1036 5368 Υίὸν,
1064 5304 1096 5377 ἢ
1130 5307 1264 5378 πρὸς
1286 5308 1377 5361 τὸν
1405 5309 1534 5362 Υἱὸν
1566 5311 1724 5367 πάλιν

166 5389 227 5459 τῷ
255 5391 547 5463 Πνεύματιο
577 5393 693 5446 ἀλλ’
728 5393 1053 5463 ἀπεσχίσθαι
1092 5395 1189 5459 τὰς
1211 5397 1397 5462 οὐσίας
1427 5400 1521 5452 ἀπ’
1555 5401 1723 5473 ἀλλή-

164 5480 284 5548 λων,
321 5487 402 5548 είς
448 5484 866 5556 ἀπεξενωμένην
903 5487 1024 5541 τινὰ
1065 5487 1225 5556 φύσιν
1273 5491 1364 5542 καὶ
1408 5491 1723 5564 ἀσύμφυλον

167 5573 526 5647 ωλοτριότητα
543 5577 948 5647 διασπωμένας’
983 5579 1073 5632 καὶ
1100 5579 1162 5634 οὐ
1185 5580 1358 5652 τούτῳ
1383 5582 1562 5653 μόνον,
1590 5585 1724 5640 ἀλλά

167 5667 246 5719 καὶ
277 5667 614 5741 πηλικότητι,
649 5669 744 5724 καὶ
776 5668 1099 5741 ἀξιωμάτων
1125 5672 1313 5743 ὑφέσει
1341 5672 1718 5747 διαφερούσας·

231 5853 268 5882 ³³
307 5852 492 5908 Matth.
525 5870 619 5919 xv,
650 5854 753 5914 Νι
789 5853 1000 5921 Luc.vt,
1035 5852 1123 5908 39.

1827 1938 2148 2004 adversarii,
2167 1954 2236 1992 an
2264 1939 2403 1993 inter
2435 1955 2522 1994 res
2548 1939 2843 2004 iucreatas,
2865 1947 2922 1992 ut
2946 1940 3107 1994 sentit
3135 1937 3395 1992 Ecclesia.

1824 2027 1936 2084 iloc
1985 2028 2152 2098 igitur
2214 2030 2302 2084 cui
2331 2029 2399 2083 ab
2451 2029 2707 2084 omnibus
2758 2030 3174 2096 contradicitur,
3234 2029 3401 2084 sumit

1824 2117 1948 2188 ipse.
1968 2130 2224 2192 tanquam
2260 2137 2584 2178 concessum
2617 2122 2685 2177 ab
2721 2123 3017 2187 omnibus;
3051 2124 3217 2176 etiam
3252 2122 3400 2176 nulla

1824 2215 1984 2268 allata
2012 2214 2503 2279 demonstratione,
2531 2216 2674 2286 quod
2707 2216 2974 2285 posterior
3009 2216 3080 2270 sit
3117 2231 3257 2285 opus
3281 2217 3402 2270 sub-

1822 2309 2035 2363 stantia:
2087 2309 2312 2376 prioris,
2373 2307 2709 2363 conﬁdenter
2756 2309 2936 2370 docet,
2994 2324 3108 2362 rem
3159 2309 3231 2362 ita
3282 2322 3403 2362 sese

1823 2399 2046 2467 habere,
2087 2403 2272 2457 nescio
2320 2417 2425 2472 qua
2462 2401 2805 2456 institutione
2859 2409 2952 2454 aut
2996 2400 3287 2469 disciplina
3330 2400 3402 2452 ita

1822 2488 2066 2554 edoctus,
2099 2497 2153 2544 et
2177 2506 2244 2544 co
2272 2505 2446 2560 usque
2465 2490 2807 2544 conﬁdentia:
2833 2499 3144 2559 provectus.
3178 2488 3232 2542 Si
3261 2489 3402 2543 enim

1809 2579 1971 2633 'omni
2031 2579 2339 2649 probationi
2392 2588 2447 2636 et
2509 2580 2964 2636 demonstrationi
3030 2579 3405 2650 prazmittenda

1831 2683 1961 2723 sunt
1987 2677 2157 2733 certa,
2196 2671 2549 2741 omniumque
2598 2686 2869 2726 consensu
2920 2671 3293 2733 corroborata,
3347 2678 3404 2722 ut

1828 2760 2074 2830 ignotum
2111 2776 2235 2815 cum
2275 2761 2343 2816 iis
2369 2778 2487 2831 qua:
2519 2761 2799 2832 prta-missa
2833 2769 2982 2824 sunt,
3029 2773 3150 2832 apte
3191 2769 3241 2813 et
3269 2777 3405 2813 con-

1822 2853 2108 2907 venienter
2128 2868 2434 2907 connexum
2455 2853 2672 2923 pateﬁat
2689 2861 2742 2908 et
2760 2854 3054 2907 clarescat:
3088 2862 3220 2905 sane
3238 2853 3283 2923 iis
3309 2850 3400 2915 «tui

1823 2943 1969 3014 quod
1992 2943 2045 2997 in
2077 2945 2376 3014 quaestione
2393 2947 2628 3014 positum
2647 2953 2750 3008 est,
2772 2945 2837 2996 ad
2863 2945 2963 2998 alia
2983 2943 3406 2998 demonstranda

1828 3037 2079 3100 asciscit,
2113 3035 2252 3091 nihil
2290 3037 2432 3091 aliud
2465 3053 2626 3108 quam
2670 3038 3028 3108 ignorantiam
3075 3036 3405 3106 ignorantia,

1826 3128 2182 3199 fraudemque
2213 3127 2402 3184 fraude
2433 3129 2694 3185 cumulat.
2721 3127 2835 3184 Hoc
2867 3129 3077 3183 scilicet
3099 3137 3180 3182 est
3203 3144 3404 3182 caecum

1827 3235 1971 3276 caaco
1997 3236 2054 3275 se
2085 3221 2326 3290 prmbere
2347 3221 2564 3284 ducem,
2598 3227 2659 3274 ut
2697 3219 2898 3274 alicubi
2940 3219 3291 3289 Evangelium
3322 3220 3404 3272 lo-

1825 3315 2010 3385 quitur
2041 3313 2105 3368 ”.
2138 3311 2272 3368 Vere
2313 3314 2457 3368 enim
2498 3327 2645 3367 caeco
2675 3319 2730 3368 et
2775 3312 2934 3381 pleno
2985 3311 3240 3366 vanitatis
3287 3327 3406 3365 ser-

1824 3408 1994 3472 moni,
2020 3408 2111 3478 qui
2137 3407 2382 3462 omnium
2415 3415 2718 3462 creatorem
2767 3414 2822 3461 et
2866 3403 3202 3461 conditorem
3237 3405 3289 3458 in
3323 3421 3407 3458 re-

1825 3515 1946 3555 rum
1997 3510 2308 3555 creatarum
2356 3507 2410 3554 et
2463 3498 2780 3554 effectarum
2836 3497 3086 3552 ordinem
3145 3495 3404 3566 conjicit,

1826 3591 2129 3662 adjungunt
2161 3590 2327 3644 alimn
2373 3605 2526 3660 atque
2559 3603 2785 3653 caecum,
2814 3588 3004 3644 alienae
3027 3588 3275 3644 videlicet
3308 3605 3407 3643 na-

1825 3689 1961 3736 turae
1989 3697 2084 3736 eos
2113 3696 2256 3746 esse,
2289 3689 2344 3737 et
2367 3679 2670 3736 secundum
2703 3679 3065 3735 substantiam
3091 3680 3404 3750 inaequales,

1824 3769 2132 3842 Filiumque
2161 3771 2489 3841 cognatione
2503 3778 2712 3826 natura:
2741 3769 2887 3824 Patri
2916 3771 3066 3824 nullo
3093 3770 3254 3824 modo
3283 3784 3409 3823 con-

1826 3865 2064 3929 sociari;
2094 3863 2186 3918 sed
2222 3862 2289 3919 de
2319 3863 2402 3918 liis
2433 3873 2615 3933 postea
2643 3862 2978 3918 viderimus:
3012 3878 3108 3932 par
3129 3863 3273 3918 enim
3297 3871 3406 3926 est,

1826 3966 1886 4011 ut
1928 3972 2047 4026 (tua:
2088 3955 2517 4010 manifestiorem
2575 3970 2686 4025 prae
2731 3971 2790 4010 se
2828 3953 3010 4010 ferunt
3052 3955 3407 4028 impietatem,

1827 4065 1927 4105 nos
1951 4063 2169 4118 quoque
2202 4049 2323 4104 aliis
2356 4049 2488 4103 locis
2529 4047 2834 4118 indaganda
2866 4063 3222 4104 reservemus.
3256 4047 3409 4104 Nunc

1827 4146 1894 4200 ad
1919 4147 2221 4202 orationem
2253 4145 2502 4200 Eunomii
2534 4153 2889 4202 revertamur.

1899 4293 2104 4350 Rursus
2135 4311 2253 4350 vero
2281 4312 2397 4349 cum
2423 4294 2666 4366 quwtibet
2689 4309 2755 4348 ex
2783 4293 2864 4348 bis
2899 4293 3209 4350 substantiis
3237 4306 3287 4350 et
3323 4297 3407 4351 in-

1828 4387 2521 4461 telligaturpura,simplex,
2552 4396 2602 4440 et
2629 4387 2941 4452 simpliciter
2963 4402 3090 4452 una,
3120 4389 3408 4441 secundum

1825 4481 2089 4550 propriam
2113 4480 2449 4551 dignitatem,
2481 4480 2897 4547 circumscriptis
2923 4487 3100 4532 autent
3139 4481 3407 4548 operatio-

1829 4578 1981 4632 nibus
2024 4593 2116 4648 per
2157 4578 2272 4646 ipsa
2313 4591 2490 4644 opera,
2536 4585 2585 4630 et
2629 4576 2756 4644 ipsis
2795 4577 3035 4643 operibus
3077 4576 3406 4645 operantium

1828 4669 2120 4724 actionibus
2154 4668 2625 4722 commensuratis:
2665 4669 2878 4722 omnino
2924 4681 3128 4722 necesse
3168 4679 3246 4722 est
3281 4685 3406 4739 ope-

1826 4762 2077 4822 rationes,
2143 4775 2260 4830 qua!
2327 4769 2614 4829 sequuntur
2677 4759 2962 4829 quamlibet
3024 4759 3404 4823 substantiam,

1826 4853 2056 4922 majores
2079 4861 2130 4906 et
2174 4853 2402 4905 minores
2453 4869 2586 4916 esse,
2611 4862 2660 4906 et
2717 4852 2836 4906 illas
2889 4851 3095 4921 quidem
3125 4852 3179 4904 in
3208 4852 3402 4920 primo,

1827 4943 1951 4998 illas
1991 4945 2042 4997 in
2086 4943 2313 4998 secundo
2369 4942 2548 4997 ordine
2589 4944 2841 4996 collocari
2875 4944 3076 4996 debere.
3125 4939 3404 4996 Sententia

1827 5036 2070 5091 omnium
2102 5037 2296 5090 horum
2342 5035 2660 5099 verborum,
2700 5036 2823 5090 licet
2859 5034 3014 5090 valde
3053 5034 3222 5088 multa
3272 5033 3404 5097 sint,

1830 5135 1884 5183 et
1913 5128 2297 5194 redundantia,
2335 5144 2442 5183 una
2473 5137 2573 5190 est,
2604 5128 2838 5198 probare
2877 5127 3158 5191 nimirum,
3187 5123 3403 5178 Patrem

1829 5220 2037 5274 nullam
2077 5221 2470 5275 connexionem
2505 5221 2704 5276 habere
2741 5235 2865 5274 cum
2911 5217 3068 5278 Filio,
3102 5231 3406 5286 rursusque

1829 5310 2026 5366 Filium
2052 5326 2176 5367 cum
2215 5311 2420 5383 Spiritu
2464 5322 2673 5380 sancto,
2703 5312 2798 5368 sed
2843 5310 3179 5369 substantias
3220 5325 3248 5363 a
3285 5325 3406 5366 sese

1829 5412 2021 5459 mutuo
2044 5403 2323 5474 sejunctas
2355 5420 2494 5468 esse,
2522 5405 2764 5460 divulsus
2792 5412 2844 5458 et
2887 5403 3200 5467 dislractas,
3251 5417 3408 5472 pere-

1829 5496 1982 5567 grina
2008 5497 2239 5567 quadam
2263 5506 2316 5553 et
2339 5497 2640 5554 insociabili
2673 5503 2882 5551 naturae
2915 5495 3271 5551 diversitate:
3305 5510 3408 5550 nec

1829 5589 1933 5644 hoc
1960 5589 2160 5657 solum,
2183 5590 2277 5646 sed
2313 5600 2365 5645 et
2410 5588 2783 5661 magnitudine
2810 5595 2864 5642 et
2901 5587 3186 5658 dignitatis
3229 5587 3406 5658 impa-

1829 5681 1993 5738 ritate
2022 5682 2246 5748 divisas,
2276 5690 2328 5739 et
2357 5684 2459 5738 alia
2516 5681 2740 5752 majore,
2781 5681 2886 5736 alia
2920 5679 3151 5748 minore,
3203 5689 3263 5736 ut
3298 5681 3415 5752 ipse
