  <div class='ocr_page' id='page_1' title='image "/cluster/home/n/w/nwhite01/storage/ocr_20150623/45/hvd.32044019826437/167.png"; bbox 0 0 3920 6514; ppageno 0'>
   <div class='ocr_carea' id='block_1_1' title="bbox 522 384 626 441">
    <p class='ocr_par' dir='ltr' id='par_1_1' title="bbox 522 384 626 441">
     <span class='ocr_line' id='line_1_1' title="bbox 522 384 626 441; baseline 0 -1"><span class='ocrx_word' id='word_1_1' title='bbox 522 384 626 441; x_wconf 71' lang='grc'><strong>519</strong></span> 
     </span>
    </p>
   </div>
   <div class='ocr_carea' id='block_1_2' title="bbox 1761 382 3756 447">
    <p class='ocr_par' dir='ltr' id='par_1_2' title="bbox 1761 382 3756 447">
     <span class='ocr_line' id='line_1_2' title="bbox 1761 382 3756 447; baseline 0.005 -10"><span class='ocrx_word' id='word_1_2' title='bbox 1761 382 1818 438; x_wconf 83' lang='lat' dir='ltr'><strong>S.</strong></span> <span class='ocrx_word' id='word_1_3' title='bbox 1861 383 2186 443; x_wconf 73' lang='lat' dir='ltr'><strong>GREGOBII</strong></span> <span class='ocrx_word' id='word_1_4' title='bbox 2226 384 2512 445; x_wconf 68' lang='lat' dir='ltr'><strong>NYSSENI</strong></span> <span class='ocrx_word' id='word_1_5' title='bbox 2642 404 2645 407; x_wconf 66' lang='lat'><strong><em>‘</em></strong></span> <span class='ocrx_word' id='word_1_6' title='bbox 3666 391 3756 447; x_wconf 74' lang='lat'><strong>320</strong></span> 
     </span>
    </p>
   </div>
   <div class='ocr_carea' id='block_1_3' title="bbox 523 498 2108 575">
    <p class='ocr_par' dir='ltr' id='par_1_3' title="bbox 523 498 2107 572">
     <span class='ocr_line' id='line_1_3' title="bbox 523 498 2107 572; baseline -0.001 -13"><span class='ocrx_word' id='word_1_7' title='bbox 523 506 616 563; x_wconf 70' lang='lat' dir='ltr'><strong>ait,</strong></span> <span class='ocrx_word' id='word_1_8' title='bbox 634 514 688 560; x_wconf 89' lang='lat' dir='ltr'><strong>et</strong></span> <span class='ocrx_word' id='word_1_9' title='bbox 731 498 910 572; x_wconf 80' lang='lat' dir='ltr'><strong>quoad</strong></span> <span class='ocrx_word' id='word_1_10' title='bbox 942 498 1044 554; x_wconf 90' lang='lat' dir='ltr'><strong>alia</strong></span> <span class='ocrx_word' id='word_1_11' title='bbox 1101 498 1287 555; x_wconf 76' lang='lat' dir='ltr'><strong>omnia</strong></span> <span class='ocrx_word' id='word_1_12' title='bbox 1311 505 1537 554; x_wconf 64' lang='lat' dir='ltr'><strong>stultum</strong></span> <span class='ocrx_word' id='word_1_13' title='bbox 1568 498 1739 555; x_wconf 77' lang='lat' dir='ltr'><strong>etiam</strong></span> <span class='ocrx_word' id='word_1_14' title='bbox 1763 501 1906 555; x_wconf 82' lang='lat' dir='ltr'><strong>inter</strong></span> <span class='ocrx_word' id='word_1_15' title='bbox 1935 515 1996 556; x_wconf 81' lang='lat' dir='ltr'><strong>se</strong></span> <span class='ocrx_word' id='word_1_16' title='bbox 2021 502 2107 557; x_wconf 86' lang='lat' dir='ltr'><strong>di-</strong></span> 
     </span>
    </p>
   </div>
   <div class='ocr_carea' id='block_1_4' title="bbox 2212 498 3756 575">
    <p class='ocr_par' dir='ltr' id='par_1_4' title="bbox 2212 502 3756 575">
     <span class='ocr_line' id='line_1_4' title="bbox 2212 502 3756 575; baseline 0.001 -19"><span class='ocrx_word' id='word_1_17' title='bbox 2212 504 2349 557; x_wconf 83' lang='grc' dir='ltr'><strong>ὥστε</strong></span> <span class='ocrx_word' id='word_1_18' title='bbox 2381 505 2476 568; x_wconf 80' lang='grc' dir='ltr'><strong>τὰς</strong></span> <span class='ocrx_word' id='word_1_19' title='bbox 2529 504 2624 575; x_wconf 80' lang='grc' dir='ltr'><strong>μὲν</strong></span> <span class='ocrx_word' id='word_1_20' title='bbox 2669 503 2918 573; x_wconf 44' lang='lat' dir='ltr'><strong>pago-4;.</strong></span> <span class='ocrx_word' id='word_1_21' title='bbox 2969 502 3146 566; x_wconf 71' lang='grc' dir='ltr'><strong>καθὼς</strong></span> <span class='ocrx_word' id='word_1_22' title='bbox 3196 505 3356 568; x_wconf 75' lang='grc' dir='ltr'><strong>αὐτός</strong></span> <span class='ocrx_word' id='word_1_23' title='bbox 3404 521 3552 574; x_wconf 63' lang='grc' dir='ltr'><strong>φησι,</strong></span> <span class='ocrx_word' id='word_1_24' title='bbox 3586 505 3674 568; x_wconf 69' lang='grc' dir='ltr'><strong>τὰς</strong></span> <span class='ocrx_word' id='word_1_25' title='bbox 3710 509 3756 562; x_wconf 68' lang='grc' dir='ltr'><strong>δὲ</strong></span> 
     </span>
    </p>
   </div>
   <div class='ocr_carea' id='block_1_5' title="bbox 523 595 818 649">
    <p class='ocr_par' dir='ltr' id='par_1_5' title="bbox 523 595 818 649">
     <span class='ocr_line' id='line_1_5' title="bbox 523 595 818 649; baseline -0.007 -1"><span class='ocrx_word' id='word_1_26' title='bbox 523 595 818 649; x_wconf 84' lang='lat' dir='ltr'><strong>stantibus.</strong></span> 
     </span>
    </p>
   </div>
   <div class='ocr_carea' id='block_1_6' title="bbox 593 776 2102 845">
    <p class='ocr_par' dir='ltr' id='par_1_6' title="bbox 593 776 2102 845">
     <span class='ocr_line' id='line_1_6' title="bbox 593 776 2102 845; baseline 0 -14"><span class='ocrx_word' id='word_1_27' title='bbox 593 777 704 833; x_wconf 84' lang='lat' dir='ltr'><strong>Nos</strong></span> <span class='ocrx_word' id='word_1_28' title='bbox 733 793 884 838; x_wconf 72' lang='lat' dir='ltr'><strong>vero.</strong></span> <span class='ocrx_word' id='word_1_29' title='bbox 930 776 1058 832; x_wconf 85' lang='lat' dir='ltr'><strong>licet</strong></span> <span class='ocrx_word' id='word_1_30' title='bbox 1095 776 1280 833; x_wconf 85' lang='lat' dir='ltr'><strong>multis</strong></span> <span class='ocrx_word' id='word_1_31' title='bbox 1325 790 1793 845; x_wconf 79' lang='lat' dir='ltr'><strong>supervacaneum</strong></span> <span class='ocrx_word' id='word_1_32' title='bbox 1834 776 2102 842; x_wconf 65' lang='lat' dir='ltr'><strong>uideatur,</strong></span> 
     </span>
    </p>
   </div>
   <div class='ocr_carea' id='block_1_7' title="bbox 527 868 2105 938">
    <p class='ocr_par' dir='ltr' id='par_1_7' title="bbox 527 868 2105 938">
     <span class='ocr_line' id='line_1_7' title="bbox 527 868 2105 938; baseline -0.003 -13"><span class='ocrx_word' id='word_1_33' title='bbox 527 872 580 925; x_wconf 90' lang='lat' dir='ltr'><strong>in</strong></span> <span class='ocrx_word' id='word_1_34' title='bbox 615 873 701 925; x_wconf 84' lang='lat' dir='ltr'><strong>his</strong></span> <span class='ocrx_word' id='word_1_35' title='bbox 745 880 852 922; x_wconf 82' lang='lat' dir='ltr'><strong>tam</strong></span> <span class='ocrx_word' id='word_1_36' title='bbox 887 870 1139 924; x_wconf 81' lang='lat' dir='ltr'><strong>dilucidis</strong></span> <span class='ocrx_word' id='word_1_37' title='bbox 1169 868 1468 929; x_wconf 82' lang='lat' dir='ltr'><strong>immorari,</strong></span> <span class='ocrx_word' id='word_1_38' title='bbox 1515 878 1568 927; x_wconf 80' lang='lat' dir='ltr'><strong>et</strong></span> <span class='ocrx_word' id='word_1_39' title='bbox 1606 868 1793 921; x_wconf 86' lang='lat' dir='ltr'><strong>omnia</strong></span> <span class='ocrx_word' id='word_1_40' title='bbox 1830 868 2105 938; x_wconf 80' lang='lat' dir='ltr'><strong>sigillatim</strong></span> 
     </span>
    </p>
   </div>
   <div class='ocr_carea' id='block_1_8' title="bbox 524 958 2104 1030">
    <p class='ocr_par' dir='ltr' id='par_1_8' title="bbox 524 958 2104 1030">
     <span class='ocr_line' id='line_1_8' title="bbox 524 958 2104 1030; baseline -0.002 -16"><span class='ocrx_word' id='word_1_41' title='bbox 524 962 768 1017; x_wconf 85' lang='lat' dir='ltr'><strong>refutare</strong></span> <span class='ocrx_word' id='word_1_42' title='bbox 793 960 949 1025; x_wconf 83' lang='lat' dir='ltr'><strong>velle,</strong></span> <span class='ocrx_word' id='word_1_43' title='bbox 984 975 1106 1028; x_wconf 66' lang='lat' dir='ltr'><strong>qua:</strong></span> <span class='ocrx_word' id='word_1_44' title='bbox 1138 976 1167 1014; x_wconf 87' lang='lat' dir='ltr'><strong>a</strong></span> <span class='ocrx_word' id='word_1_45' title='bbox 1192 960 1462 1030; x_wconf 82' lang='lat' dir='ltr'><strong>plerisque</strong></span> <span class='ocrx_word' id='word_1_46' title='bbox 1497 958 1630 1014; x_wconf 76' lang='lat' dir='ltr'><strong>falsa</strong></span> <span class='ocrx_word' id='word_1_47' title='bbox 1660 968 1711 1013; x_wconf 87' lang='lat' dir='ltr'><strong>et</strong></span> <span class='ocrx_word' id='word_1_48' title='bbox 1749 961 2104 1023; x_wconf 76' lang='lat' dir='ltr'><strong>exsecranda,</strong></span> 
     </span>
    </p>
   </div>
   <div class='ocr_carea' id='block_1_9' title="bbox 524 1050 2107 1113">
    <p class='ocr_par' dir='ltr' id='par_1_9' title="bbox 524 1050 2107 1113">
     <span class='ocr_line' id='line_1_9' title="bbox 524 1050 2107 1113; baseline -0.003 -6"><span class='ocrx_word' id='word_1_49' title='bbox 524 1062 580 1107; x_wconf 88' lang='lat' dir='ltr'><strong>et</strong></span> <span class='ocrx_word' id='word_1_50' title='bbox 622 1055 822 1107; x_wconf 84' lang='lat' dir='ltr'><strong>nullius</strong></span> <span class='ocrx_word' id='word_1_51' title='bbox 863 1053 1086 1107; x_wconf 78' lang='lat' dir='ltr'><strong>omnino</strong></span> <span class='ocrx_word' id='word_1_52' title='bbox 1134 1052 1390 1104; x_wconf 80' lang='lat' dir='ltr'><strong>momenti</strong></span> <span class='ocrx_word' id='word_1_53' title='bbox 1436 1051 1860 1113; x_wconf 77' lang='lat' dir='ltr'><strong>existimentur:</strong></span> <span class='ocrx_word' id='word_1_54' title='bbox 1906 1050 2107 1105; x_wconf 72' lang='lat' dir='ltr'><strong>nihilo-</strong></span> 
     </span>
    </p>
   </div>
   <div class='ocr_carea' id='block_1_10' title="bbox 526 1140 2105 1212">
    <p class='ocr_par' dir='ltr' id='par_1_10' title="bbox 526 1140 2105 1212">
     <span class='ocr_line' id='line_1_10' title="bbox 526 1140 2105 1212; baseline -0.002 -13"><span class='ocrx_word' id='word_1_55' title='bbox 526 1146 708 1199; x_wconf 82' lang='lat' dir='ltr'><strong>minus</strong></span> <span class='ocrx_word' id='word_1_56' title='bbox 762 1160 829 1197; x_wconf 87' lang='lat' dir='ltr'><strong>ne</strong></span> <span class='ocrx_word' id='word_1_57' title='bbox 876 1151 1128 1212; x_wconf 83' lang='lat' dir='ltr'><strong>putemur</strong></span> <span class='ocrx_word' id='word_1_58' title='bbox 1177 1150 1400 1210; x_wconf 83' lang='lat' dir='ltr'><strong>pmpter</strong></span> <span class='ocrx_word' id='word_1_59' title='bbox 1450 1142 1687 1209; x_wconf 90' lang='lat' dir='ltr'><strong>inopiam</strong></span> <span class='ocrx_word' id='word_1_60' title='bbox 1742 1140 2105 1206; x_wconf 78' lang='lat' dir='ltr'><strong>refutationis,</strong></span> 
     </span>
    </p>
   </div>
   <div class='ocr_carea' id='block_1_11' title="bbox 525 1232 2109 1303">
    <p class='ocr_par' dir='ltr' id='par_1_11' title="bbox 525 1232 2109 1303">
     <span class='ocr_line' id='line_1_11' title="bbox 525 1232 2109 1303; baseline -0.003 -15"><span class='ocrx_word' id='word_1_61' title='bbox 525 1235 729 1303; x_wconf 82' lang='lat' dir='ltr'><strong>aliquid</strong></span> <span class='ocrx_word' id='word_1_62' title='bbox 779 1249 988 1296; x_wconf 88' lang='lat' dir='ltr'><strong>eorum,</strong></span> <span class='ocrx_word' id='word_1_63' title='bbox 1038 1248 1158 1301; x_wconf 66' lang='lat' dir='ltr'><strong>quae</strong></span> <span class='ocrx_word' id='word_1_64' title='bbox 1204 1233 1403 1294; x_wconf 81' lang='lat' dir='ltr'><strong>attulit,</strong></span> <span class='ocrx_word' id='word_1_65' title='bbox 1458 1232 1718 1285; x_wconf 88' lang='lat' dir='ltr'><strong>intactum</strong></span> <span class='ocrx_word' id='word_1_66' title='bbox 1768 1241 1821 1286; x_wconf 90' lang='lat' dir='ltr'><strong>et</strong></span> <span class='ocrx_word' id='word_1_67' title='bbox 1878 1233 2109 1300; x_wconf 85' lang='lat' dir='ltr'><strong>irreper-</strong></span> 
     </span>
    </p>
   </div>
   <div class='ocr_carea' id='block_1_12' title="bbox 524 1324 2108 1394">
    <p class='ocr_par' dir='ltr' id='par_1_12' title="bbox 524 1324 2108 1394">
     <span class='ocr_line' id='line_1_12' title="bbox 524 1324 2108 1394; baseline -0.001 -14"><span class='ocrx_word' id='word_1_68' title='bbox 524 1342 746 1381; x_wconf 89' lang='lat' dir='ltr'><strong>cussum</strong></span> <span class='ocrx_word' id='word_1_69' title='bbox 779 1326 1072 1394; x_wconf 63' lang='lat' dir='ltr'><strong>praeterire,</strong></span> <span class='ocrx_word' id='word_1_70' title='bbox 1097 1340 1196 1394; x_wconf 89' lang='lat' dir='ltr'><strong>pro</strong></span> <span class='ocrx_word' id='word_1_71' title='bbox 1222 1325 1433 1379; x_wconf 87' lang='lat' dir='ltr'><strong>viribus</strong></span> <span class='ocrx_word' id='word_1_72' title='bbox 1462 1325 1545 1378; x_wconf 86' lang='lat' dir='ltr'><strong>his</strong></span> <span class='ocrx_word' id='word_1_73' title='bbox 1572 1325 1758 1379; x_wconf 78' lang='lat' dir='ltr'><strong>itidem</strong></span> <span class='ocrx_word' id='word_1_74' title='bbox 1802 1324 2108 1383; x_wconf 73' lang='lat' dir='ltr'><strong>refellendis</strong></span> 
     </span>
    </p>
   </div>
   <div class='ocr_carea' id='block_1_13' title="bbox 525 1414 2109 1484">
    <p class='ocr_par' dir='ltr' id='par_1_13' title="bbox 525 1414 2109 1484">
     <span class='ocr_line' id='line_1_13' title="bbox 525 1414 2109 1484; baseline -0.004 -11"><span class='ocrx_word' id='word_1_75' title='bbox 525 1417 854 1473; x_wconf 80' lang='lat' dir='ltr'><strong>insistimus.</strong></span> <span class='ocrx_word' id='word_1_76' title='bbox 878 1415 1015 1468; x_wconf 89' lang='lat' dir='ltr'><strong>Dicit</strong></span> <span class='ocrx_word' id='word_1_77' title='bbox 1040 1432 1051 1467; x_wconf 93' lang='lat'><strong>:</strong></span> <span class='ocrx_word' id='word_1_78' title='bbox 1077 1414 1507 1484; x_wconf 82' lang='lat' dir='ltr'><strong>Unamquamque</strong></span> <span class='ocrx_word' id='word_1_79' title='bbox 1538 1415 1727 1466; x_wconf 84' lang='lat' dir='ltr'><strong>harum</strong></span> <span class='ocrx_word' id='word_1_80' title='bbox 1755 1414 2109 1469; x_wconf 73' lang='lat' dir='ltr'><strong>substantiam</strong></span> 
     </span>
    </p>
   </div>
   <div class='ocr_carea' id='block_1_14' title="bbox 528 1505 2108 1580">
    <p class='ocr_par' dir='ltr' id='par_1_14' title="bbox 528 1505 2108 1580">
     <span class='ocr_line' id='line_1_14' title="bbox 528 1505 2108 1580; baseline -0.003 -19"><span class='ocrx_word' id='word_1_81' title='bbox 528 1525 739 1578; x_wconf 84' lang='lat' dir='ltr'><strong>puram,</strong></span> <span class='ocrx_word' id='word_1_82' title='bbox 778 1506 1092 1575; x_wconf 76' lang='lat' dir='ltr'><strong>simplicem.</strong></span> <span class='ocrx_word' id='word_1_83' title='bbox 1130 1523 1390 1576; x_wconf 82' lang='lat' dir='ltr'><strong>unamque</strong></span> <span class='ocrx_word' id='word_1_84' title='bbox 1422 1522 1535 1559; x_wconf 79' lang='lat' dir='ltr'><strong>esse</strong></span> <span class='ocrx_word' id='word_1_85' title='bbox 1587 1514 1635 1557; x_wconf 89' lang='lat' dir='ltr'><strong>et</strong></span> <span class='ocrx_word' id='word_1_86' title='bbox 1682 1506 1924 1580; x_wconf 80' lang='lat' dir='ltr'><strong>intelligi.</strong></span> <span class='ocrx_word' id='word_1_87' title='bbox 1964 1505 2108 1565; x_wconf 80' lang='lat' dir='ltr'><strong>Rur-</strong></span> 
     </span>
    </p>
   </div>
   <div class='ocr_carea' id='block_1_15' title="bbox 524 1598 2109 1669">
    <p class='ocr_par' dir='ltr' id='par_1_15' title="bbox 524 1598 2109 1669">
     <span class='ocr_line' id='line_1_15' title="bbox 524 1598 2109 1669; baseline -0.003 -14"><span class='ocrx_word' id='word_1_88' title='bbox 524 1617 617 1656; x_wconf 87' lang='lat' dir='ltr'><strong>sus</strong></span> <span class='ocrx_word' id='word_1_89' title='bbox 647 1601 733 1655; x_wconf 92' lang='lat' dir='ltr'><strong>hic</strong></span> <span class='ocrx_word' id='word_1_90' title='bbox 756 1616 817 1654; x_wconf 85' lang='lat' dir='ltr'><strong>ea</strong></span> <span class='ocrx_word' id='word_1_91' title='bbox 850 1616 969 1669; x_wconf 68' lang='lat' dir='ltr'><strong>qua:</strong></span> <span class='ocrx_word' id='word_1_92' title='bbox 1000 1599 1161 1657; x_wconf 89' lang='lat' dir='ltr'><strong>dubia</strong></span> <span class='ocrx_word' id='word_1_93' title='bbox 1199 1608 1348 1664; x_wconf 89' lang='lat' dir='ltr'><strong>sunt,</strong></span> <span class='ocrx_word' id='word_1_94' title='bbox 1382 1614 1480 1666; x_wconf 86' lang='lat' dir='ltr'><strong>pro</strong></span> <span class='ocrx_word' id='word_1_95' title='bbox 1508 1598 1673 1649; x_wconf 89' lang='lat' dir='ltr'><strong>certis</strong></span> <span class='ocrx_word' id='word_1_96' title='bbox 1718 1607 1771 1649; x_wconf 88' lang='lat' dir='ltr'><strong>et</strong></span> <span class='ocrx_word' id='word_1_97' title='bbox 1814 1598 2109 1666; x_wconf 71' lang='lat' dir='ltr'><strong>compertis</strong></span> 
     </span>
    </p>
   </div>
   <div class='ocr_carea' id='block_1_16' title="bbox 524 1687 2149 1765">
    <p class='ocr_par' dir='ltr' id='par_1_16' title="bbox 524 1687 2149 1765">
     <span class='ocr_line' id='line_1_16' title="bbox 524 1687 2149 1765; baseline -0.004 -18"><span class='ocrx_word' id='word_1_98' title='bbox 524 1708 831 1754; x_wconf 87' lang='lat' dir='ltr'><strong>assumens,</strong></span> <span class='ocrx_word' id='word_1_99' title='bbox 871 1699 1023 1761; x_wconf 89' lang='lat' dir='ltr'><strong>putat</strong></span> <span class='ocrx_word' id='word_1_100' title='bbox 1074 1706 1134 1744; x_wconf 89' lang='lat' dir='ltr'><strong>se</strong></span> <span class='ocrx_word' id='word_1_101' title='bbox 1181 1690 1384 1757; x_wconf 79' lang='lat' dir='ltr'><strong>aliquid</strong></span> <span class='ocrx_word' id='word_1_102' title='bbox 1425 1688 1625 1749; x_wconf 80' lang='lat' dir='ltr'><strong>dicere,</strong></span> <span class='ocrx_word' id='word_1_103' title='bbox 1664 1687 1908 1749; x_wconf 85' lang='lat' dir='ltr'><strong>snilicere</strong></span> <span class='ocrx_word' id='word_1_104' title='bbox 1956 1694 2111 1741; x_wconf 76' lang='lat' dir='ltr'><strong>ratus</strong></span> <span class='ocrx_word' id='word_1_105' title='bbox 2148 1762 2149 1765; x_wconf 13' lang='grc' dir='ltr'><strong>η</strong></span> 
     </span>
    </p>
   </div>
   <div class='ocr_carea' id='block_1_17' title="bbox 524 1780 2109 1855">
    <p class='ocr_par' dir='ltr' id='par_1_17' title="bbox 524 1780 2109 1855">
     <span class='ocr_line' id='line_1_17' title="bbox 524 1780 2109 1855; baseline -0.002 -17"><span class='ocrx_word' id='word_1_106' title='bbox 524 1801 624 1855; x_wconf 90' lang='lat' dir='ltr'><strong>pro</strong></span> <span class='ocrx_word' id='word_1_107' title='bbox 675 1784 821 1837; x_wconf 90' lang='lat' dir='ltr'><strong>omni</strong></span> <span class='ocrx_word' id='word_1_108' title='bbox 876 1783 1365 1843; x_wconf 79' lang='lat' dir='ltr'><strong>demonstratione,</strong></span> <span class='ocrx_word' id='word_1_109' title='bbox 1409 1780 1453 1835; x_wconf 88' lang='lat' dir='ltr'><strong>si</strong></span> <span class='ocrx_word' id='word_1_110' title='bbox 1505 1781 1621 1851; x_wconf 88' lang='lat' dir='ltr'><strong>ipse</strong></span> <span class='ocrx_word' id='word_1_111' title='bbox 1675 1780 1923 1835; x_wconf 86' lang='lat' dir='ltr'><strong>allirmet.</strong></span> <span class='ocrx_word' id='word_1_112' title='bbox 1972 1780 2109 1835; x_wconf 85' lang='lat' dir='ltr'><strong>Tres</strong></span> 
     </span>
    </p>
   </div>
   <div class='ocr_carea' id='block_1_18' title="bbox 524 1862 2178 1933">
    <p class='ocr_par' dir='ltr' id='par_1_18' title="bbox 524 1862 2178 1933">
     <span class='ocr_line' id='line_1_18' title="bbox 524 1862 2178 1933; baseline -0.006 -2"><span class='ocrx_word' id='word_1_113' title='bbox 524 1875 863 1932; x_wconf 82' lang='lat' dir='ltr'><strong>substantias</strong></span> <span class='ocrx_word' id='word_1_114' title='bbox 902 1874 1054 1928; x_wconf 88' lang='lat' dir='ltr'><strong>dicit.</strong></span> <span class='ocrx_word' id='word_1_115' title='bbox 1098 1872 1211 1927; x_wconf 88' lang='lat' dir='ltr'><strong>Hoc</strong></span> <span class='ocrx_word' id='word_1_116' title='bbox 1246 1872 1388 1927; x_wconf 88' lang='lat' dir='ltr'><strong>enim</strong></span> <span class='ocrx_word' id='word_1_117' title='bbox 1424 1862 1679 1933; x_wconf 74' lang='lat' dir='ltr'><strong>ostendit,</strong></span> <span class='ocrx_word' id='word_1_118' title='bbox 1713 1874 1840 1925; x_wconf 90' lang='lat' dir='ltr'><strong>dum</strong></span> <span class='ocrx_word' id='word_1_119' title='bbox 1872 1873 1980 1927; x_wconf 89' lang='lat' dir='ltr'><strong>ait:</strong></span> <span class='ocrx_word' id='word_1_120' title='bbox 2013 1890 2104 1925; x_wconf 86' lang='lat' dir='ltr'><strong>cu-</strong></span> <span class='ocrx_word' id='word_1_121' title='bbox 2141 1862 2178 1921; x_wconf 82' lang='grc' dir='ltr'>Β</span> 
     </span>
    </p>
   </div>
   <div class='ocr_carea' id='block_1_19' title="bbox 515 1964 2109 2039">
    <p class='ocr_par' dir='ltr' id='par_1_19' title="bbox 515 1964 2109 2039">
     <span class='ocr_line' id='line_1_19' title="bbox 515 1964 2109 2039; baseline -0.002 -18"><span class='ocrx_word' id='word_1_122' title='bbox 515 1967 736 2039; x_wconf 85' lang='lat' dir='ltr'><strong>juslibet</strong></span> <span class='ocrx_word' id='word_1_123' title='bbox 774 1983 837 2021; x_wconf 72' lang='lat' dir='ltr'><strong>ex</strong></span> <span class='ocrx_word' id='word_1_124' title='bbox 878 1967 956 2019; x_wconf 76' lang='lat' dir='ltr'><strong>his</strong></span> <span class='ocrx_word' id='word_1_125' title='bbox 996 1965 1331 2019; x_wconf 74' lang='lat' dir='ltr'><strong>substantiw.</strong></span> <span class='ocrx_word' id='word_1_126' title='bbox 1375 1964 1559 2032; x_wconf 80' lang='lat' dir='ltr'><strong>Neque</strong></span> <span class='ocrx_word' id='word_1_127' title='bbox 1590 1965 1732 2018; x_wconf 89' lang='lat' dir='ltr'><strong>enim</strong></span> <span class='ocrx_word' id='word_1_128' title='bbox 1788 1964 1858 2019; x_wconf 92' lang='lat' dir='ltr'><strong>ita</strong></span> <span class='ocrx_word' id='word_1_129' title='bbox 1897 1964 2109 2018; x_wconf 85' lang='lat' dir='ltr'><strong>locutus</strong></span> 
     </span>
    </p>
   </div>
   <div class='ocr_carea' id='block_1_20' title="bbox 524 2058 2113 2129">
    <p class='ocr_par' dir='ltr' id='par_1_20' title="bbox 524 2058 2113 2129">
     <span class='ocr_line' id='line_1_20' title="bbox 524 2058 2113 2129; baseline 0.001 -17"><span class='ocrx_word' id='word_1_130' title='bbox 524 2068 692 2125; x_wconf 86' lang='lat' dir='ltr'><strong>esset,</strong></span> <span class='ocrx_word' id='word_1_131' title='bbox 723 2060 766 2111; x_wconf 89' lang='lat' dir='ltr'><strong>si</strong></span> <span class='ocrx_word' id='word_1_132' title='bbox 807 2073 967 2110; x_wconf 87' lang='lat' dir='ltr'><strong>unam</strong></span> <span class='ocrx_word' id='word_1_133' title='bbox 1013 2058 1402 2113; x_wconf 80' lang='lat' dir='ltr'><strong>cxistimasset.</strong></span> <span class='ocrx_word' id='word_1_134' title='bbox 1440 2059 1495 2113; x_wconf 89' lang='lat' dir='ltr'><strong>Si</strong></span> <span class='ocrx_word' id='word_1_135' title='bbox 1541 2061 1705 2129; x_wconf 77' lang='lat' dir='ltr'><strong>igitur</strong></span> <span class='ocrx_word' id='word_1_136' title='bbox 1736 2061 1808 2113; x_wconf 90' lang='lat' dir='ltr'><strong>ita</strong></span> <span class='ocrx_word' id='word_1_137' title='bbox 1853 2062 2113 2121; x_wconf 81' lang='lat' dir='ltr'><strong>substan-</strong></span> 
     </span>
    </p>
   </div>
   <div class='ocr_carea' id='block_1_21' title="bbox 525 2151 2110 2221">
    <p class='ocr_par' dir='ltr' id='par_1_21' title="bbox 525 2151 2110 2221">
     <span class='ocr_line' id='line_1_21' title="bbox 525 2151 2110 2221; baseline 0.001 -17"><span class='ocrx_word' id='word_1_138' title='bbox 525 2153 721 2206; x_wconf 86' lang='lat' dir='ltr'><strong>tiarnni</strong></span> <span class='ocrx_word' id='word_1_139' title='bbox 772 2151 911 2204; x_wconf 89' lang='lat' dir='ltr'><strong>inter</strong></span> <span class='ocrx_word' id='word_1_140' title='bbox 957 2168 1013 2204; x_wconf 87' lang='lat' dir='ltr'><strong>se</strong></span> <span class='ocrx_word' id='word_1_141' title='bbox 1047 2151 1456 2206; x_wconf 80' lang='lat' dir='ltr'><strong>distinctionem</strong></span> <span class='ocrx_word' id='word_1_142' title='bbox 1496 2153 1754 2221; x_wconf 79' lang='lat' dir='ltr'><strong>assignat,</strong></span> <span class='ocrx_word' id='word_1_143' title='bbox 1790 2163 1848 2205; x_wconf 89' lang='lat' dir='ltr'><strong>ut</strong></span> <span class='ocrx_word' id='word_1_144' title='bbox 1880 2168 1987 2215; x_wconf 88' lang='lat' dir='ltr'><strong>non</strong></span> <span class='ocrx_word' id='word_1_145' title='bbox 2026 2154 2110 2205; x_wconf 78' lang='lat' dir='ltr'><strong>vi-</strong></span> 
     </span>
    </p>
   </div>
   <div class='ocr_carea' id='block_1_22' title="bbox 522 2242 2109 2317">
    <p class='ocr_par' dir='ltr' id='par_1_22' title="bbox 522 2242 2109 2317">
     <span class='ocr_line' id='line_1_22' title="bbox 522 2242 2109 2317; baseline -0.001 -19"><span class='ocrx_word' id='word_1_146' title='bbox 522 2244 716 2298; x_wconf 88' lang='lat' dir='ltr'><strong>deatur</strong></span> <span class='ocrx_word' id='word_1_147' title='bbox 777 2243 830 2296; x_wconf 90' lang='lat' dir='ltr'><strong>in</strong></span> <span class='ocrx_word' id='word_1_148' title='bbox 892 2242 1114 2301; x_wconf 85' lang='lat' dir='ltr'><strong>Sabellii</strong></span> <span class='ocrx_word' id='word_1_149' title='bbox 1183 2244 1516 2312; x_wconf 83' lang='lat' dir='ltr'><strong>impietatem</strong></span> <span class='ocrx_word' id='word_1_150' title='bbox 1590 2245 1767 2300; x_wconf 80' lang='lat' dir='ltr'><strong>delabi</strong></span> <span class='ocrx_word' id='word_1_151' title='bbox 1853 2246 1944 2317; x_wconf 87' lang='lat' dir='ltr'><strong>qui</strong></span> <span class='ocrx_word' id='word_1_152' title='bbox 2015 2245 2109 2299; x_wconf 91' lang='lat' dir='ltr'><strong>uni</strong></span> 
     </span>
    </p>
   </div>
   <div class='ocr_carea' id='block_1_23' title="bbox 524 2337 2108 2408">
    <p class='ocr_par' dir='ltr' id='par_1_23' title="bbox 524 2337 2108 2408">
     <span class='ocr_line' id='line_1_23' title="bbox 524 2337 2108 2408; baseline 0.001 -17"><span class='ocrx_word' id='word_1_153' title='bbox 524 2338 771 2408; x_wconf 83' lang='lat' dir='ltr'><strong>subjecto</strong></span> <span class='ocrx_word' id='word_1_154' title='bbox 811 2346 920 2391; x_wconf 86' lang='lat' dir='ltr'><strong>tres</strong></span> <span class='ocrx_word' id='word_1_155' title='bbox 950 2337 1398 2395; x_wconf 83' lang='lat' dir='ltr'><strong>accommodabat</strong></span> <span class='ocrx_word' id='word_1_156' title='bbox 1437 2339 1868 2407; x_wconf 84' lang='lat' dir='ltr'><strong>appellationes;</strong></span> <span class='ocrx_word' id='word_1_157' title='bbox 1913 2354 2108 2394; x_wconf 82' lang='lat' dir='ltr'><strong>assen-</strong></span> 
     </span>
    </p>
   </div>
   <div class='ocr_carea' id='block_1_24' title="bbox 523 2429 2113 2503">
    <p class='ocr_par' dir='ltr' id='par_1_24' title="bbox 523 2429 2113 2503">
     <span class='ocr_line' id='line_1_24' title="bbox 523 2429 2113 2503; baseline 0.001 -19"><span class='ocrx_word' id='word_1_158' title='bbox 523 2431 692 2484; x_wconf 82' lang='lat' dir='ltr'><strong>timur</strong></span> <span class='ocrx_word' id='word_1_159' title='bbox 715 2436 767 2483; x_wconf 89' lang='lat' dir='ltr'><strong>et</strong></span> <span class='ocrx_word' id='word_1_160' title='bbox 799 2445 913 2493; x_wconf 90' lang='lat' dir='ltr'><strong>nos,</strong></span> <span class='ocrx_word' id='word_1_161' title='bbox 962 2445 1139 2498; x_wconf 87' lang='lat' dir='ltr'><strong>neque</strong></span> <span class='ocrx_word' id='word_1_162' title='bbox 1190 2429 1463 2498; x_wconf 80' lang='lat' dir='ltr'><strong>quiSpiam</strong></span> <span class='ocrx_word' id='word_1_163' title='bbox 1517 2431 1643 2491; x_wconf 83' lang='lat' dir='ltr'><strong>huic</strong></span> <span class='ocrx_word' id='word_1_164' title='bbox 1692 2431 1930 2503; x_wconf 81' lang='lat' dir='ltr'><strong>dogmati</strong></span> <span class='ocrx_word' id='word_1_165' title='bbox 1979 2448 2113 2486; x_wconf 64' lang='lat' dir='ltr'><strong>cono</strong></span> 
     </span>
    </p>
   </div>
   <div class='ocr_carea' id='block_1_25' title="bbox 523 2514 2109 2591">
    <p class='ocr_par' dir='ltr' id='par_1_25' title="bbox 523 2514 2109 2591">
     <span class='ocr_line' id='line_1_25' title="bbox 523 2514 2109 2591; baseline 0.004 -20"><span class='ocrx_word' id='word_1_166' title='bbox 523 2517 762 2579; x_wconf 71' lang='lat' dir='ltr'><strong>tradicit,</strong></span> <span class='ocrx_word' id='word_1_167' title='bbox 798 2518 899 2570; x_wconf 84' lang='lat' dir='ltr'><strong>nisi</strong></span> <span class='ocrx_word' id='word_1_168' title='bbox 943 2514 1085 2586; x_wconf 90' lang='lat' dir='ltr'><strong>quod</strong></span> <span class='ocrx_word' id='word_1_169' title='bbox 1120 2517 1251 2571; x_wconf 75' lang='lat' dir='ltr'><strong>solis</strong></span> <span class='ocrx_word' id='word_1_170' title='bbox 1301 2518 1636 2581; x_wconf 88' lang='lat' dir='ltr'><strong>nominibus,</strong></span> <span class='ocrx_word' id='word_1_171' title='bbox 1670 2530 1722 2572; x_wconf 86' lang='lat' dir='ltr'><strong>et</strong></span> <span class='ocrx_word' id='word_1_172' title='bbox 1770 2522 1884 2583; x_wconf 84' lang='lat' dir='ltr'><strong>sola</strong></span> <span class='ocrx_word' id='word_1_173' title='bbox 1923 2526 2109 2591; x_wconf 88' lang='lat' dir='ltr'><strong>prola-</strong></span> 
     </span>
    </p>
   </div>
   <div class='ocr_carea' id='block_1_26' title="bbox 524 2608 2110 2683">
    <p class='ocr_par' dir='ltr' id='par_1_26' title="bbox 524 2608 2110 2683">
     <span class='ocr_line' id='line_1_26' title="bbox 524 2608 2110 2683; baseline 0.004 -21"><span class='ocrx_word' id='word_1_174' title='bbox 524 2614 673 2665; x_wconf 86' lang='lat' dir='ltr'><strong>tione</strong></span> <span class='ocrx_word' id='word_1_175' title='bbox 722 2610 990 2664; x_wconf 87' lang='lat' dir='ltr'><strong>orationis</strong></span> <span class='ocrx_word' id='word_1_176' title='bbox 1031 2624 1218 2664; x_wconf 86' lang='lat' dir='ltr'><strong>errare</strong></span> <span class='ocrx_word' id='word_1_177' title='bbox 1270 2608 1564 2677; x_wconf 81' lang='lat' dir='ltr'><strong>videbitur,</strong></span> <span class='ocrx_word' id='word_1_178' title='bbox 1622 2614 1957 2668; x_wconf 89' lang='lat' dir='ltr'><strong>substantias</strong></span> <span class='ocrx_word' id='word_1_179' title='bbox 2012 2631 2110 2683; x_wconf 90' lang='lat' dir='ltr'><strong>pro</strong></span> 
     </span>
    </p>
   </div>
   <div class='ocr_carea' id='block_1_27' title="bbox 523 2701 2109 2773">
    <p class='ocr_par' dir='ltr' id='par_1_27' title="bbox 523 2701 2109 2773">
     <span class='ocr_line' id='line_1_27' title="bbox 523 2701 2109 2773; baseline 0.005 -18"><span class='ocrx_word' id='word_1_180' title='bbox 523 2701 908 2773; x_wconf 83' lang='lat' dir='ltr'><strong>hypostasibus</strong></span> <span class='ocrx_word' id='word_1_181' title='bbox 945 2717 1255 2770; x_wconf 88' lang='lat' dir='ltr'><strong>usurpans:</strong></span> <span class='ocrx_word' id='word_1_182' title='bbox 1294 2718 1401 2756; x_wconf 92' lang='lat' dir='ltr'><strong>non</strong></span> <span class='ocrx_word' id='word_1_183' title='bbox 1431 2702 1597 2765; x_wconf 88' lang='lat' dir='ltr'><strong>enim,</strong></span> <span class='ocrx_word' id='word_1_184' title='bbox 1627 2720 1747 2772; x_wconf 71' lang='lat' dir='ltr'><strong>qure</strong></span> <span class='ocrx_word' id='word_1_185' title='bbox 1788 2706 2109 2767; x_wconf 64' lang='lat' dir='ltr'><strong>substantiae</strong></span> 
     </span>
    </p>
   </div>
   <div class='ocr_carea' id='block_1_28' title="bbox 522 2792 2110 2857">
    <p class='ocr_par' dir='ltr' id='par_1_28' title="bbox 522 2792 2110 2857">
     <span class='ocr_line' id='line_1_28' title="bbox 522 2792 2110 2857; baseline 0.005 -12"><span class='ocrx_word' id='word_1_186' title='bbox 522 2795 783 2847; x_wconf 84' lang='lat' dir='ltr'><strong>rationem</strong></span> <span class='ocrx_word' id='word_1_187' title='bbox 812 2792 1053 2847; x_wconf 90' lang='lat' dir='ltr'><strong>eamdem</strong></span> <span class='ocrx_word' id='word_1_188' title='bbox 1087 2793 1305 2856; x_wconf 83' lang='lat' dir='ltr'><strong>habent,</strong></span> <span class='ocrx_word' id='word_1_189' title='bbox 1330 2794 1583 2850; x_wconf 87' lang='lat' dir='ltr'><strong>similiter</strong></span> <span class='ocrx_word' id='word_1_190' title='bbox 1613 2797 1775 2853; x_wconf 89' lang='lat' dir='ltr'><strong>etiam</strong></span> <span class='ocrx_word' id='word_1_191' title='bbox 1814 2798 1866 2857; x_wconf 91' lang='lat' dir='ltr'><strong>in</strong></span> <span class='ocrx_word' id='word_1_192' title='bbox 1898 2799 2110 2857; x_wconf 85' lang='lat' dir='ltr'><strong>ratione</strong></span> 
     </span>
    </p>
   </div>
   <div class='ocr_carea' id='block_1_29' title="bbox 524 2882 2107 2953">
    <p class='ocr_par' dir='ltr' id='par_1_29' title="bbox 524 2882 2107 2953">
     <span class='ocr_line' id='line_1_29' title="bbox 524 2882 2107 2953; baseline 0.003 -19"><span class='ocrx_word' id='word_1_193' title='bbox 524 2882 878 2953; x_wconf 87' lang='lat' dir='ltr'><strong>hypostaseos</strong></span> <span class='ocrx_word' id='word_1_194' title='bbox 929 2882 1295 2945; x_wconf 87' lang='lat' dir='ltr'><strong>conveniunt;</strong></span> <span class='ocrx_word' id='word_1_195' title='bbox 1348 2898 1469 2939; x_wconf 87' lang='lat' dir='ltr'><strong>nam</strong></span> <span class='ocrx_word' id='word_1_196' title='bbox 1512 2882 1725 2949; x_wconf 87' lang='lat' dir='ltr'><strong>Petrus,</strong></span> <span class='ocrx_word' id='word_1_197' title='bbox 1771 2882 2007 2940; x_wconf 70' lang='lat' dir='ltr'><strong>Iacobus</strong></span> <span class='ocrx_word' id='word_1_198' title='bbox 2053 2895 2107 2941; x_wconf 90' lang='lat' dir='ltr'><strong>et</strong></span> 
     </span>
    </p>
   </div>
   <div class='ocr_carea' id='block_1_30' title="bbox 520 2974 2106 3035">
    <p class='ocr_par' dir='ltr' id='par_1_30' title="bbox 520 2974 2106 3035">
     <span class='ocr_line' id='line_1_30' title="bbox 520 2974 2106 3035; baseline 0.003 -8"><span class='ocrx_word' id='word_1_199' title='bbox 520 2974 757 3029; x_wconf 79' lang='lat' dir='ltr'><strong>Joannes</strong></span> <span class='ocrx_word' id='word_1_200' title='bbox 805 2976 856 3028; x_wconf 92' lang='lat' dir='ltr'><strong>in</strong></span> <span class='ocrx_word' id='word_1_201' title='bbox 902 2975 1116 3028; x_wconf 88' lang='lat' dir='ltr'><strong>ratione</strong></span> <span class='ocrx_word' id='word_1_202' title='bbox 1165 2975 1484 3029; x_wconf 58' lang='lat' dir='ltr'><strong>substantiae</strong></span> <span class='ocrx_word' id='word_1_203' title='bbox 1513 2992 1680 3033; x_wconf 91' lang='lat' dir='ltr'><strong>unum</strong></span> <span class='ocrx_word' id='word_1_204' title='bbox 1723 2988 1776 3035; x_wconf 86' lang='lat' dir='ltr'><strong>et</strong></span> <span class='ocrx_word' id='word_1_205' title='bbox 1810 2978 1948 3035; x_wconf 83' lang='lat' dir='ltr'><strong>idem</strong></span> <span class='ocrx_word' id='word_1_206' title='bbox 1978 2986 2106 3034; x_wconf 87' lang='lat' dir='ltr'><strong>sunt</strong></span> 
     </span>
    </p>
   </div>
   <div class='ocr_carea' id='block_1_31' title="bbox 524 3065 2105 3136">
    <p class='ocr_par' dir='ltr' id='par_1_31' title="bbox 524 3065 2105 3136">
     <span class='ocr_line' id='line_1_31' title="bbox 524 3065 2105 3136; baseline 0.004 -18"><span class='ocrx_word' id='word_1_207' title='bbox 524 3067 664 3119; x_wconf 89' lang='lat' dir='ltr'><strong>inter</strong></span> <span class='ocrx_word' id='word_1_208' title='bbox 693 3082 751 3120; x_wconf 91' lang='lat' dir='ltr'><strong>se</strong></span> <span class='ocrx_word' id='word_1_209' title='bbox 783 3075 990 3130; x_wconf 87' lang='lat' dir='ltr'><strong>mutuo,</strong></span> <span class='ocrx_word' id='word_1_210' title='bbox 1022 3065 1251 3136; x_wconf 88' lang='lat' dir='ltr'><strong>quilibet</strong></span> <span class='ocrx_word' id='word_1_211' title='bbox 1278 3067 1422 3120; x_wconf 92' lang='lat' dir='ltr'><strong>enim</strong></span> <span class='ocrx_word' id='word_1_212' title='bbox 1460 3067 1653 3122; x_wconf 83' lang='lat' dir='ltr'><strong>horum</strong></span> <span class='ocrx_word' id='word_1_213' title='bbox 1689 3069 1852 3130; x_wconf 87' lang='lat' dir='ltr'><strong>homo</strong></span> <span class='ocrx_word' id='word_1_214' title='bbox 1876 3080 1979 3135; x_wconf 90' lang='lat' dir='ltr'><strong>est,</strong></span> <span class='ocrx_word' id='word_1_215' title='bbox 2009 3069 2105 3129; x_wconf 89' lang='lat' dir='ltr'><strong>sed</strong></span> 
     </span>
    </p>
   </div>
   <div class='ocr_carea' id='block_1_32' title="bbox 523 3156 2101 3228">
    <p class='ocr_par' dir='ltr' id='par_1_32' title="bbox 523 3156 2101 3228">
     <span class='ocr_line' id='line_1_32' title="bbox 523 3156 2101 3228; baseline 0.003 -18"><span class='ocrx_word' id='word_1_216' title='bbox 523 3159 576 3211; x_wconf 90' lang='lat' dir='ltr'><strong>in</strong></span> <span class='ocrx_word' id='word_1_217' title='bbox 608 3156 1029 3227; x_wconf 87' lang='lat' dir='ltr'><strong>proprietatibus</strong></span> <span class='ocrx_word' id='word_1_218' title='bbox 1061 3157 1437 3228; x_wconf 83' lang='lat' dir='ltr'><strong>hypostaticis,</strong></span> <span class='ocrx_word' id='word_1_219' title='bbox 1490 3159 1713 3214; x_wconf 88' lang='lat' dir='ltr'><strong>minime</strong></span> <span class='ocrx_word' id='word_1_220' title='bbox 1746 3162 2101 3221; x_wconf 86' lang='lat' dir='ltr'><strong>conveniunt.</strong></span> 
     </span>
    </p>
   </div>
   <div class='ocr_carea' id='block_1_33' title="bbox 521 3247 2112 3320">
    <p class='ocr_par' dir='ltr' id='par_1_33' title="bbox 521 3247 2112 3320">
     <span class='ocr_line' id='line_1_33' title="bbox 521 3247 2112 3320; baseline 0.003 -19"><span class='ocrx_word' id='word_1_221' title='bbox 521 3248 689 3318; x_wconf 80' lang='lat' dir='ltr'><strong>Igitur</strong></span> <span class='ocrx_word' id='word_1_222' title='bbox 712 3250 754 3302; x_wconf 88' lang='lat' dir='ltr'><strong>si</strong></span> <span class='ocrx_word' id='word_1_223' title='bbox 785 3248 886 3300; x_wconf 93' lang='lat' dir='ltr'><strong>hoc</strong></span> <span class='ocrx_word' id='word_1_224' title='bbox 910 3247 1210 3313; x_wconf 86' lang='lat' dir='ltr'><strong>contendit,</strong></span> <span class='ocrx_word' id='word_1_225' title='bbox 1236 3263 1342 3301; x_wconf 91' lang='lat' dir='ltr'><strong>non</strong></span> <span class='ocrx_word' id='word_1_226' title='bbox 1369 3264 1491 3303; x_wconf 85' lang='lat' dir='ltr'><strong>esse</strong></span> <span class='ocrx_word' id='word_1_227' title='bbox 1518 3249 1825 3307; x_wconf 83' lang='lat' dir='ltr'><strong>miscendas</strong></span> <span class='ocrx_word' id='word_1_228' title='bbox 1852 3267 2112 3320; x_wconf 80' lang='lat' dir='ltr'><strong>personas</strong></span> 
     </span>
    </p>
   </div>
   <div class='ocr_carea' id='block_1_34' title="bbox 522 3338 2112 3415">
    <p class='ocr_par' dir='ltr' id='par_1_34' title="bbox 522 3338 2112 3415">
     <span class='ocr_line' id='line_1_34' title="bbox 522 3338 2112 3415; baseline 0.003 -24"><span class='ocrx_word' id='word_1_229' title='bbox 522 3353 618 3391; x_wconf 90' lang='lat' dir='ltr'><strong>seu</strong></span> <span class='ocrx_word' id='word_1_230' title='bbox 672 3338 1039 3411; x_wconf 76' lang='lat' dir='ltr'><strong>hypostases,</strong></span> <span class='ocrx_word' id='word_1_231' title='bbox 1088 3354 1266 3406; x_wconf 81' lang='lat' dir='ltr'><strong>neque</strong></span> <span class='ocrx_word' id='word_1_232' title='bbox 1332 3338 1423 3391; x_wconf 91' lang='lat' dir='ltr'><strong>nni</strong></span> <span class='ocrx_word' id='word_1_233' title='bbox 1474 3354 1724 3411; x_wconf 72' lang='lat' dir='ltr'><strong>persona:</strong></span> <span class='ocrx_word' id='word_1_234' title='bbox 1776 3343 2112 3415; x_wconf 73' lang='lat' dir='ltr'><strong>atlaptandas</strong></span> 
     </span>
    </p>
   </div>
   <div class='ocr_carea' id='block_1_35' title="bbox 522 3428 2109 3502">
    <p class='ocr_par' dir='ltr' id='par_1_35' title="bbox 522 3428 2109 3502">
     <span class='ocr_line' id='line_1_35' title="bbox 522 3428 2109 3502; baseline 0.006 -23"><span class='ocrx_word' id='word_1_235' title='bbox 522 3438 639 3481; x_wconf 91' lang='lat' dir='ltr'><strong>tres</strong></span> <span class='ocrx_word' id='word_1_236' title='bbox 699 3428 1136 3497; x_wconf 88' lang='lat' dir='ltr'><strong>appellationes,</strong></span> <span class='ocrx_word' id='word_1_237' title='bbox 1194 3429 1366 3499; x_wconf 77' lang='lat' dir='ltr'><strong>ﬁdelis</strong></span> <span class='ocrx_word' id='word_1_238' title='bbox 1434 3431 1616 3493; x_wconf 81' lang='lat' dir='ltr'><strong>fuerit,</strong></span> <span class='ocrx_word' id='word_1_239' title='bbox 1663 3432 1817 3501; x_wconf 77' lang='lat' dir='ltr'><strong>juxta</strong></span> <span class='ocrx_word' id='word_1_240' title='bbox 1866 3433 2109 3502; x_wconf 85' lang='lat' dir='ltr'><strong>Apostoli</strong></span> 
     </span>
    </p>
   </div>
   <div class='ocr_carea' id='block_1_36' title="bbox 523 3520 2110 3593">
    <p class='ocr_par' dir='ltr' id='par_1_36' title="bbox 523 3520 2110 3593">
     <span class='ocr_line' id='line_1_36' title="bbox 523 3520 2110 3593; baseline 0.007 -23"><span class='ocrx_word' id='word_1_241' title='bbox 523 3520 771 3579; x_wconf 74' lang='lat' dir='ltr'><strong>verbum,</strong></span> <span class='ocrx_word' id='word_1_242' title='bbox 817 3535 1009 3579; x_wconf 77' lang='lat' dir='ltr'><strong>sermo.</strong></span> <span class='ocrx_word' id='word_1_243' title='bbox 1057 3529 1107 3577; x_wconf 86' lang='lat' dir='ltr'><strong>et</strong></span> <span class='ocrx_word' id='word_1_244' title='bbox 1140 3521 1283 3574; x_wconf 82' lang='grc' dir='ltr'><strong>οηιηὶ</strong></span> <span class='ocrx_word' id='word_1_245' title='bbox 1321 3523 1619 3593; x_wconf 79' lang='lat' dir='ltr'><strong>acceptione</strong></span> <span class='ocrx_word' id='word_1_246' title='bbox 1660 3524 1845 3593; x_wconf 79' lang='lat' dir='ltr'><strong>dignus</strong></span> <span class='ocrx_word' id='word_1_247' title='bbox 1876 3524 1938 3578; x_wconf 78' lang='grc'><strong>³⁵.</strong></span> <span class='ocrx_word' id='word_1_248' title='bbox 1973 3524 2110 3591; x_wconf 85' lang='lat' dir='ltr'><strong>Quia</strong></span> 
     </span>
    </p>
   </div>
   <div class='ocr_carea' id='block_1_37' title="bbox 522 3611 2112 3683">
    <p class='ocr_par' dir='ltr' id='par_1_37' title="bbox 522 3611 2112 3683">
     <span class='ocr_line' id='line_1_37' title="bbox 522 3611 2112 3683; baseline 0.004 -21"><span class='ocrx_word' id='word_1_249' title='bbox 522 3625 652 3665; x_wconf 81' lang='lat' dir='ltr'><strong>vero</strong></span> <span class='ocrx_word' id='word_1_250' title='bbox 682 3625 788 3663; x_wconf 90' lang='lat' dir='ltr'><strong>non</strong></span> <span class='ocrx_word' id='word_1_251' title='bbox 824 3611 927 3665; x_wconf 91' lang='lat' dir='ltr'><strong>huc</strong></span> <span class='ocrx_word' id='word_1_252' title='bbox 959 3612 1154 3675; x_wconf 87' lang='lat' dir='ltr'><strong>temlit,</strong></span> <span class='ocrx_word' id='word_1_253' title='bbox 1203 3630 1379 3683; x_wconf 88' lang='lat' dir='ltr'><strong>neque</strong></span> <span class='ocrx_word' id='word_1_254' title='bbox 1421 3616 1583 3668; x_wconf 88' lang='lat' dir='ltr'><strong>etiam</strong></span> <span class='ocrx_word' id='word_1_255' title='bbox 1625 3615 1738 3670; x_wconf 85' lang='lat' dir='ltr'><strong>haec</strong></span> <span class='ocrx_word' id='word_1_256' title='bbox 1784 3617 2002 3682; x_wconf 90' lang='lat' dir='ltr'><strong>asserit,</strong></span> <span class='ocrx_word' id='word_1_257' title='bbox 2056 3630 2112 3675; x_wconf 85' lang='lat' dir='ltr'><strong>ut</strong></span> 
     </span>
    </p>
   </div>
   <div class='ocr_carea' id='block_1_38' title="bbox 526 3703 2112 3778">
    <p class='ocr_par' dir='ltr' id='par_1_38' title="bbox 526 3703 2112 3778">
     <span class='ocr_line' id='line_1_38' title="bbox 526 3703 2112 3778; baseline 0.008 -24"><span class='ocrx_word' id='word_1_258' title='bbox 526 3703 850 3773; x_wconf 83' lang='lat' dir='ltr'><strong>hypostases</strong></span> <span class='ocrx_word' id='word_1_259' title='bbox 896 3705 1012 3759; x_wconf 85' lang='lat' dir='ltr'><strong>suis</strong></span> <span class='ocrx_word' id='word_1_260' title='bbox 1057 3706 1332 3767; x_wconf 80' lang='lat' dir='ltr'><strong>idimnatis</strong></span> <span class='ocrx_word' id='word_1_261' title='bbox 1374 3717 1427 3761; x_wconf 91' lang='lat' dir='ltr'><strong>et</strong></span> <span class='ocrx_word' id='word_1_262' title='bbox 1492 3709 1919 3778; x_wconf 85' lang='lat' dir='ltr'><strong>proprietatibus</strong></span> <span class='ocrx_word' id='word_1_263' title='bbox 1978 3726 2006 3763; x_wconf 90' lang='lat' dir='ltr'><strong>a</strong></span> <span class='ocrx_word' id='word_1_264' title='bbox 2052 3726 2112 3767; x_wconf 85' lang='lat' dir='ltr'><strong>se</strong></span> 
     </span>
    </p>
   </div>
   <div class='ocr_carea' id='block_1_39' title="bbox 528 3784 2111 3870">
    <p class='ocr_par' dir='ltr' id='par_1_39' title="bbox 528 3784 2111 3870">
     <span class='ocr_line' id='line_1_39' title="bbox 528 3784 2111 3870; baseline 0.008 -25"><span class='ocrx_word' id='word_1_265' title='bbox 528 3801 721 3848; x_wconf 89' lang='lat' dir='ltr'><strong>mutuo</strong></span> <span class='ocrx_word' id='word_1_266' title='bbox 765 3805 1054 3861; x_wconf 82' lang='lat' dir='ltr'><strong>secernat,</strong></span> <span class='ocrx_word' id='word_1_267' title='bbox 1109 3797 1203 3855; x_wconf 88' lang='lat' dir='ltr'><strong>sed</strong></span> <span class='ocrx_word' id='word_1_268' title='bbox 1242 3807 1300 3853; x_wconf 92' lang='lat' dir='ltr'><strong>ut</strong></span> <span class='ocrx_word' id='word_1_269' title='bbox 1342 3799 1395 3851; x_wconf 92' lang='lat' dir='ltr'><strong>in</strong></span> <span class='ocrx_word' id='word_1_270' title='bbox 1446 3784 1562 3867; x_wconf 88' lang='lat' dir='ltr'><strong>ipsa</strong></span> <span class='ocrx_word' id='word_1_271' title='bbox 1618 3808 1813 3854; x_wconf 89' lang='lat' dir='ltr'><strong>natura</strong></span> <span class='ocrx_word' id='word_1_272' title='bbox 1865 3801 2111 3870; x_wconf 83' lang='lat' dir='ltr'><strong>subjecta</strong></span> 
     </span>
    </p>
   </div>
   <div class='ocr_carea' id='block_1_40' title="bbox 524 3880 2109 3959">
    <p class='ocr_par' dir='ltr' id='par_1_40' title="bbox 524 3880 2109 3959">
     <span class='ocr_line' id='line_1_40' title="bbox 524 3880 2109 3959; baseline 0.008 -25"><span class='ocrx_word' id='word_1_273' title='bbox 524 3880 895 3943; x_wconf 72' lang='lat' dir='ltr'><strong>diversitatem</strong></span> <span class='ocrx_word' id='word_1_274' title='bbox 929 3886 997 3939; x_wconf 87' lang='lat' dir='ltr'><strong>ab</strong></span> <span class='ocrx_word' id='word_1_275' title='bbox 1034 3886 1162 3950; x_wconf 87' lang='lat' dir='ltr'><strong>alia,</strong></span> <span class='ocrx_word' id='word_1_276' title='bbox 1198 3886 1281 3941; x_wconf 83' lang='lat' dir='ltr'><strong>vel</strong></span> <span class='ocrx_word' id='word_1_277' title='bbox 1313 3888 1497 3958; x_wconf 86' lang='lat' dir='ltr'><strong>potius</strong></span> <span class='ocrx_word' id='word_1_278' title='bbox 1525 3903 1553 3941; x_wconf 91' lang='lat' dir='ltr'><strong>a</strong></span> <span class='ocrx_word' id='word_1_279' title='bbox 1588 3889 1765 3959; x_wconf 83' lang='lat' dir='ltr'><strong>seipsa</strong></span> <span class='ocrx_word' id='word_1_280' title='bbox 1805 3890 1986 3946; x_wconf 88' lang='lat' dir='ltr'><strong>inesse</strong></span> <span class='ocrx_word' id='word_1_281' title='bbox 2008 3893 2109 3947; x_wconf 90' lang='lat' dir='ltr'><strong>do-</strong></span> 
     </span>
    </p>
   </div>
   <div class='ocr_carea' id='block_1_41' title="bbox 524 3974 2109 4052">
    <p class='ocr_par' dir='ltr' id='par_1_41' title="bbox 524 3974 2109 4052">
     <span class='ocr_line' id='line_1_41' title="bbox 524 3974 2109 4052; baseline 0.004 -22"><span class='ocrx_word' id='word_1_282' title='bbox 524 3974 664 4040; x_wconf 74' lang='lat' dir='ltr'><strong>ceat,</strong></span> <span class='ocrx_word' id='word_1_283' title='bbox 703 3986 756 4030; x_wconf 89' lang='lat' dir='ltr'><strong>et</strong></span> <span class='ocrx_word' id='word_1_284' title='bbox 786 3977 854 4031; x_wconf 90' lang='lat' dir='ltr'><strong>ob</strong></span> <span class='ocrx_word' id='word_1_285' title='bbox 903 3977 955 4031; x_wconf 86' lang='lat' dir='ltr'><strong>id</strong></span> <span class='ocrx_word' id='word_1_286' title='bbox 1006 3978 1205 4034; x_wconf 87' lang='lat' dir='ltr'><strong>multas</strong></span> <span class='ocrx_word' id='word_1_287' title='bbox 1255 3978 1594 4034; x_wconf 85' lang='lat' dir='ltr'><strong>substantias</strong></span> <span class='ocrx_word' id='word_1_288' title='bbox 1640 3982 1908 4046; x_wconf 86' lang='lat' dir='ltr'><strong>nominat,</strong></span> <span class='ocrx_word' id='word_1_289' title='bbox 1952 3984 2109 4052; x_wconf 90' lang='lat' dir='ltr'><strong>quasi</strong></span> 
     </span>
    </p>
   </div>
   <div class='ocr_carea' id='block_1_42' title="bbox 525 4065 2111 4137">
    <p class='ocr_par' dir='ltr' id='par_1_42' title="bbox 525 4065 2111 4137">
     <span class='ocr_line' id='line_1_42' title="bbox 525 4065 2111 4137; baseline 0.006 -20"><span class='ocrx_word' id='word_1_290' title='bbox 525 4066 779 4134; x_wconf 66' lang='lat' dir='ltr'><strong>quaelibet</strong></span> <span class='ocrx_word' id='word_1_291' title='bbox 810 4065 1002 4119; x_wconf 88' lang='lat' dir='ltr'><strong>collata</strong></span> <span class='ocrx_word' id='word_1_292' title='bbox 1034 4079 1158 4118; x_wconf 86' lang='lat' dir='ltr'><strong>cum</strong></span> <span class='ocrx_word' id='word_1_293' title='bbox 1202 4066 1326 4122; x_wconf 88' lang='lat' dir='ltr'><strong>aliis</strong></span> <span class='ocrx_word' id='word_1_294' title='bbox 1370 4068 1646 4137; x_wconf 88' lang='lat' dir='ltr'><strong>propriam</strong></span> <span class='ocrx_word' id='word_1_295' title='bbox 1698 4071 1895 4125; x_wconf 79' lang='lat' dir='ltr'><strong>habeat</strong></span> <span class='ocrx_word' id='word_1_296' title='bbox 1930 4072 2111 4133; x_wconf 81' lang='lat' dir='ltr'><strong>diver-</strong></span> 
     </span>
    </p>
   </div>
   <div class='ocr_carea' id='block_1_43' title="bbox 528 4155 2109 4231">
    <p class='ocr_par' dir='ltr' id='par_1_43' title="bbox 528 4155 2109 4231">
     <span class='ocr_line' id='line_1_43' title="bbox 528 4155 2109 4231; baseline 0.004 -22"><span class='ocrx_word' id='word_1_297' title='bbox 528 4155 785 4209; x_wconf 82' lang='lat' dir='ltr'><strong>sitatem:</strong></span> <span class='ocrx_word' id='word_1_298' title='bbox 825 4164 1110 4224; x_wconf 81' lang='lat' dir='ltr'><strong>prapterea</strong></span> <span class='ocrx_word' id='word_1_299' title='bbox 1146 4155 1270 4209; x_wconf 92' lang='lat' dir='ltr'><strong>dico</strong></span> <span class='ocrx_word' id='word_1_300' title='bbox 1328 4158 1629 4212; x_wconf 87' lang='lat' dir='ltr'><strong>orationem</strong></span> <span class='ocrx_word' id='word_1_301' title='bbox 1666 4160 1810 4213; x_wconf 91' lang='lat' dir='ltr'><strong>illius</strong></span> <span class='ocrx_word' id='word_1_302' title='bbox 1841 4162 2109 4231; x_wconf 86' lang='lat' dir='ltr'><strong>principio</strong></span> 
     </span>
    </p>
   </div>
   <div class='ocr_carea' id='block_1_44' title="bbox 526 4247 2111 4322">
    <p class='ocr_par' dir='ltr' id='par_1_44' title="bbox 526 4247 2111 4322">
     <span class='ocr_line' id='line_1_44' title="bbox 526 4247 2111 4322; baseline 0.006 -21"><span class='ocrx_word' id='word_1_303' title='bbox 526 4255 579 4301; x_wconf 90' lang='lat' dir='ltr'><strong>et</strong></span> <span class='ocrx_word' id='word_1_304' title='bbox 607 4249 782 4319; x_wconf 87' lang='lat' dir='ltr'><strong>capite</strong></span> <span class='ocrx_word' id='word_1_305' title='bbox 813 4247 1129 4306; x_wconf 84' lang='lat' dir='ltr'><strong>destitutam</strong></span> <span class='ocrx_word' id='word_1_306' title='bbox 1163 4263 1304 4313; x_wconf 89' lang='lat' dir='ltr'><strong>esse,</strong></span> <span class='ocrx_word' id='word_1_307' title='bbox 1353 4266 1476 4303; x_wconf 81' lang='lat' dir='ltr'><strong>eum</strong></span> <span class='ocrx_word' id='word_1_308' title='bbox 1522 4251 1719 4307; x_wconf 81' lang='lat' dir='ltr'><strong>seriem</strong></span> <span class='ocrx_word' id='word_1_309' title='bbox 1758 4254 2111 4322; x_wconf 73' lang='lat' dir='ltr'><strong>blasphemiae</strong></span> 
     </span>
    </p>
   </div>
   <div class='ocr_carea' id='block_1_45' title="bbox 527 4341 2106 4413">
    <p class='ocr_par' dir='ltr' id='par_1_45' title="bbox 527 4341 2106 4413">
     <span class='ocr_line' id='line_1_45' title="bbox 527 4341 2106 4413; baseline 0.006 -24"><span class='ocrx_word' id='word_1_310' title='bbox 527 4351 640 4391; x_wconf 79' lang='lat' dir='ltr'><strong>sua:</strong></span> <span class='ocrx_word' id='word_1_311' title='bbox 672 4350 781 4393; x_wconf 87' lang='lat' dir='ltr'><strong>non</strong></span> <span class='ocrx_word' id='word_1_312' title='bbox 830 4350 894 4391; x_wconf 77' lang='lat' dir='ltr'><strong>ex</strong></span> <span class='ocrx_word' id='word_1_313' title='bbox 944 4343 1227 4394; x_wconf 84' lang='lat' dir='ltr'><strong>concessis</strong></span> <span class='ocrx_word' id='word_1_314' title='bbox 1274 4348 1328 4394; x_wconf 89' lang='lat' dir='ltr'><strong>et</strong></span> <span class='ocrx_word' id='word_1_315' title='bbox 1372 4341 1537 4394; x_wconf 89' lang='lat' dir='ltr'><strong>certis</strong></span> <span class='ocrx_word' id='word_1_316' title='bbox 1579 4350 1860 4410; x_wconf 83' lang='lat' dir='ltr'><strong>pertexere</strong></span> <span class='ocrx_word' id='word_1_317' title='bbox 1898 4354 2106 4413; x_wconf 83' lang='lat' dir='ltr'><strong>pergat.</strong></span> 
     </span>
    </p>
   </div>
   <div class='ocr_carea' id='block_1_46' title="bbox 525 4424 2109 4499">
    <p class='ocr_par' dir='ltr' id='par_1_46' title="bbox 525 4424 2109 4499">
     <span class='ocr_line' id='line_1_46' title="bbox 525 4424 2109 4499; baseline 0.008 -21"><span class='ocrx_word' id='word_1_318' title='bbox 525 4424 712 4496; x_wconf 78' lang='lat' dir='ltr'><strong>Neque</strong></span> <span class='ocrx_word' id='word_1_319' title='bbox 764 4426 907 4481; x_wconf 89' lang='lat' dir='ltr'><strong>enim</strong></span> <span class='ocrx_word' id='word_1_320' title='bbox 950 4428 1199 4498; x_wconf 89' lang='lat' dir='ltr'><strong>probatio</strong></span> <span class='ocrx_word' id='word_1_321' title='bbox 1245 4430 1392 4487; x_wconf 88' lang='lat' dir='ltr'><strong>illius</strong></span> <span class='ocrx_word' id='word_1_322' title='bbox 1449 4431 1522 4485; x_wconf 88' lang='lat' dir='ltr'><strong>ita</strong></span> <span class='ocrx_word' id='word_1_323' title='bbox 1571 4433 1840 4489; x_wconf 81' lang='lat' dir='ltr'><strong>instructa</strong></span> <span class='ocrx_word' id='word_1_324' title='bbox 1881 4447 1995 4499; x_wconf 88' lang='lat' dir='ltr'><strong>est,</strong></span> <span class='ocrx_word' id='word_1_325' title='bbox 2050 4446 2109 4490; x_wconf 81' lang='lat' dir='ltr'><strong>ut</strong></span> 
     </span>
    </p>
   </div>
   <div class='ocr_carea' id='block_1_47' title="bbox 527 4517 2181 4602">
    <p class='ocr_par' dir='ltr' id='par_1_47' title="bbox 527 4517 2181 4602">
     <span class='ocr_line' id='line_1_47' title="bbox 527 4517 2181 4602; baseline 0.01 -33"><span class='ocrx_word' id='word_1_326' title='bbox 527 4517 649 4584; x_wconf 89' lang='lat' dir='ltr'><strong>quis</strong></span> <span class='ocrx_word' id='word_1_327' title='bbox 685 4532 779 4585; x_wconf 86' lang='lat' dir='ltr'><strong>per</strong></span> <span class='ocrx_word' id='word_1_328' title='bbox 821 4517 965 4573; x_wconf 88' lang='lat' dir='ltr'><strong>illam</strong></span> <span class='ocrx_word' id='word_1_329' title='bbox 1006 4518 1075 4573; x_wconf 87' lang='lat' dir='ltr'><strong>ad</strong></span> <span class='ocrx_word' id='word_1_330' title='bbox 1121 4522 1527 4589; x_wconf 85' lang='lat' dir='ltr'><strong>persuasionem</strong></span> <span class='ocrx_word' id='word_1_331' title='bbox 1567 4524 1751 4580; x_wconf 90' lang='lat' dir='ltr'><strong>induci</strong></span> <span class='ocrx_word' id='word_1_332' title='bbox 1786 4528 1983 4594; x_wconf 81' lang='lat' dir='ltr'><strong>possit,</strong></span> <span class='ocrx_word' id='word_1_333' title='bbox 2013 4529 2103 4584; x_wconf 92' lang='lat' dir='ltr'><strong>sed</strong></span> <span class='ocrx_word' id='word_1_334' title='bbox 2138 4546 2181 4602; x_wconf 77' lang='grc' dir='ltr'><strong>ι)</strong></span> 
     </span>
    </p>
   </div>
   <div class='ocr_carea' id='block_1_48' title="bbox 527 4604 2109 4685">
    <p class='ocr_par' dir='ltr' id='par_1_48' title="bbox 527 4604 2109 4685">
     <span class='ocr_line' id='line_1_48' title="bbox 527 4604 2109 4685; baseline 0.011 -28"><span class='ocrx_word' id='word_1_335' title='bbox 527 4604 726 4665; x_wconf 86' lang='lat' dir='ltr'><strong>nudam</strong></span> <span class='ocrx_word' id='word_1_336' title='bbox 751 4611 803 4659; x_wconf 90' lang='lat' dir='ltr'><strong>et</strong></span> <span class='ocrx_word' id='word_1_337' title='bbox 866 4607 1058 4661; x_wconf 79' lang='lat' dir='ltr'><strong>exilem</strong></span> <span class='ocrx_word' id='word_1_338' title='bbox 1091 4607 1380 4677; x_wconf 82' lang='lat' dir='ltr'><strong>impietatis</strong></span> <span class='ocrx_word' id='word_1_339' title='bbox 1415 4615 1806 4685; x_wconf 62' lang='lat' dir='ltr'><strong>expositionem</strong></span> <span class='ocrx_word' id='word_1_340' title='bbox 1852 4619 2109 4684; x_wconf 86' lang='lat' dir='ltr'><strong>continet,</strong></span> 
     </span>
    </p>
   </div>
   <div class='ocr_carea' id='block_1_49' title="bbox 528 4698 2108 4768">
    <p class='ocr_par' dir='ltr' id='par_1_49' title="bbox 528 4698 2108 4768">
     <span class='ocr_line' id='line_1_49' title="bbox 528 4698 2108 4768; baseline 0.01 -18"><span class='ocrx_word' id='word_1_341' title='bbox 528 4698 671 4757; x_wconf 83' lang='lat' dir='ltr'><strong>sicut,</strong></span> <span class='ocrx_word' id='word_1_342' title='bbox 708 4698 761 4750; x_wconf 92' lang='lat' dir='ltr'><strong>in</strong></span> <span class='ocrx_word' id='word_1_343' title='bbox 795 4699 989 4751; x_wconf 88' lang='lat' dir='ltr'><strong>somnii</strong></span> <span class='ocrx_word' id='word_1_344' title='bbox 1029 4700 1264 4768; x_wconf 86' lang='lat' dir='ltr'><strong>alicujus</strong></span> <span class='ocrx_word' id='word_1_345' title='bbox 1306 4708 1640 4763; x_wconf 80' lang='lat' dir='ltr'><strong>narratione.</strong></span> <span class='ocrx_word' id='word_1_346' title='bbox 1685 4707 1817 4765; x_wconf 81' lang='lat' dir='ltr'><strong>Nam</strong></span> <span class='ocrx_word' id='word_1_347' title='bbox 1851 4727 1971 4764; x_wconf 88' lang='lat' dir='ltr'><strong>cum</strong></span> <span class='ocrx_word' id='word_1_348' title='bbox 2004 4711 2108 4766; x_wconf 86' lang='lat' dir='ltr'><strong>Ec-</strong></span> 
     </span>
    </p>
   </div>
   <div class='ocr_carea' id='block_1_50' title="bbox 526 4789 2107 4858">
    <p class='ocr_par' dir='ltr' id='par_1_50' title="bbox 526 4789 2107 4858">
     <span class='ocr_line' id='line_1_50' title="bbox 526 4789 2107 4858; baseline 0.011 -18"><span class='ocrx_word' id='word_1_349' title='bbox 526 4789 691 4843; x_wconf 84' lang='lat' dir='ltr'><strong>clesia</strong></span> <span class='ocrx_word' id='word_1_350' title='bbox 720 4789 911 4843; x_wconf 87' lang='lat' dir='ltr'><strong>doceat</strong></span> <span class='ocrx_word' id='word_1_351' title='bbox 944 4790 1099 4843; x_wconf 82' lang='lat' dir='ltr'><strong>(idem</strong></span> <span class='ocrx_word' id='word_1_352' title='bbox 1138 4793 1363 4848; x_wconf 87' lang='lat' dir='ltr'><strong>minime</strong></span> <span class='ocrx_word' id='word_1_353' title='bbox 1392 4796 1746 4857; x_wconf 84' lang='lat' dir='ltr'><strong>scindendam</strong></span> <span class='ocrx_word' id='word_1_354' title='bbox 1777 4808 1830 4857; x_wconf 85' lang='lat' dir='ltr'><strong>et</strong></span> <span class='ocrx_word' id='word_1_355' title='bbox 1860 4801 2107 4858; x_wconf 77' lang='lat' dir='ltr'><strong>dividen-</strong></span> 
     </span>
    </p>
   </div>
   <div class='ocr_carea' id='block_1_51' title="bbox 526 4880 2105 4953">
    <p class='ocr_par' dir='ltr' id='par_1_51' title="bbox 526 4880 2105 4953">
     <span class='ocr_line' id='line_1_51' title="bbox 526 4880 2105 4953; baseline 0.008 -21"><span class='ocrx_word' id='word_1_356' title='bbox 526 4880 649 4939; x_wconf 86' lang='lat' dir='ltr'><strong>dam</strong></span> <span class='ocrx_word' id='word_1_357' title='bbox 699 4880 751 4933; x_wconf 90' lang='lat' dir='ltr'><strong>in</strong></span> <span class='ocrx_word' id='word_1_358' title='bbox 790 4881 1152 4949; x_wconf 84' lang='lat' dir='ltr'><strong>pluralitatein</strong></span> <span class='ocrx_word' id='word_1_359' title='bbox 1199 4885 1651 4950; x_wconf 80' lang='lat' dir='ltr'><strong>substantiamm.</strong></span> <span class='ocrx_word' id='word_1_360' title='bbox 1696 4890 1791 4944; x_wconf 87' lang='lat' dir='ltr'><strong>sed</strong></span> <span class='ocrx_word' id='word_1_361' title='bbox 1829 4891 1881 4943; x_wconf 92' lang='lat' dir='ltr'><strong>in</strong></span> <span class='ocrx_word' id='word_1_362' title='bbox 1932 4892 2105 4953; x_wconf 86' lang='lat' dir='ltr'><strong>tribus</strong></span> 
     </span>
    </p>
   </div>
   <div class='ocr_carea' id='block_1_52' title="bbox 526 4972 2103 5045">
    <p class='ocr_par' dir='ltr' id='par_1_52' title="bbox 526 4972 2103 5045">
     <span class='ocr_line' id='line_1_52' title="bbox 526 4972 2103 5045; baseline 0.009 -22"><span class='ocrx_word' id='word_1_363' title='bbox 526 4972 777 5040; x_wconf 88' lang='lat' dir='ltr'><strong>personis</strong></span> <span class='ocrx_word' id='word_1_364' title='bbox 809 4982 861 5026; x_wconf 91' lang='lat' dir='ltr'><strong>et</strong></span> <span class='ocrx_word' id='word_1_365' title='bbox 896 4972 1282 5042; x_wconf 84' lang='lat' dir='ltr'><strong>liypostasibus</strong></span> <span class='ocrx_word' id='word_1_366' title='bbox 1313 4978 1445 5030; x_wconf 89' lang='lat' dir='ltr'><strong>nihil</strong></span> <span class='ocrx_word' id='word_1_367' title='bbox 1482 4981 1781 5037; x_wconf 85' lang='lat' dir='ltr'><strong>secundum</strong></span> <span class='ocrx_word' id='word_1_368' title='bbox 1812 4984 2103 5045; x_wconf 85' lang='lat' dir='ltr'><strong>essentiam</strong></span> 
     </span>
    </p>
   </div>
   <div class='ocr_carea' id='block_1_53' title="bbox 526 5060 2101 5133">
    <p class='ocr_par' dir='ltr' id='par_1_53' title="bbox 526 5060 2101 5133">
     <span class='ocr_line' id='line_1_53' title="bbox 526 5060 2101 5133; baseline 0.011 -21"><span class='ocrx_word' id='word_1_369' title='bbox 526 5060 843 5116; x_wconf 69' lang='lat' dir='ltr'><strong>dilTerentize</strong></span> <span class='ocrx_word' id='word_1_370' title='bbox 903 5062 1234 5117; x_wconf 76' lang='lat' dir='ltr'><strong>credendum</strong></span> <span class='ocrx_word' id='word_1_371' title='bbox 1297 5082 1453 5125; x_wconf 82' lang='lat' dir='ltr'><strong>esse:</strong></span> <span class='ocrx_word' id='word_1_372' title='bbox 1514 5071 1810 5128; x_wconf 74' lang='lat' dir='ltr'><strong>adversarii</strong></span> <span class='ocrx_word' id='word_1_373' title='bbox 1865 5089 1992 5128; x_wconf 82' lang='lat' dir='ltr'><strong>vero</strong></span> <span class='ocrx_word' id='word_1_374' title='bbox 2048 5075 2101 5133; x_wconf 92' lang='lat' dir='ltr'><strong>in</strong></span> 
     </span>
    </p>
   </div>
   <div class='ocr_carea' id='block_1_54' title="bbox 527 5152 2103 5233">
    <p class='ocr_par' dir='ltr' id='par_1_54' title="bbox 527 5152 2103 5233">
     <span class='ocr_line' id='line_1_54' title="bbox 527 5152 2103 5233; baseline 0.008 -26"><span class='ocrx_word' id='word_1_375' title='bbox 527 5152 660 5221; x_wconf 87' lang='lat' dir='ltr'><strong>ipsis</strong></span> <span class='ocrx_word' id='word_1_376' title='bbox 707 5152 1024 5211; x_wconf 79' lang='lat' dir='ltr'><strong>substantiis</strong></span> <span class='ocrx_word' id='word_1_377' title='bbox 1066 5157 1383 5211; x_wconf 83' lang='lat' dir='ltr'><strong>varietatem</strong></span> <span class='ocrx_word' id='word_1_378' title='bbox 1427 5168 1479 5214; x_wconf 87' lang='lat' dir='ltr'><strong>et</strong></span> <span class='ocrx_word' id='word_1_379' title='bbox 1526 5161 1944 5233; x_wconf 60' lang='lat' dir='ltr'><strong>inaequalitatem</strong></span> <span class='ocrx_word' id='word_1_380' title='bbox 1988 5174 2103 5219; x_wconf 76' lang='lat' dir='ltr'><strong>sta-</strong></span> 
     </span>
    </p>
   </div>
   <div class='ocr_carea' id='block_1_55' title="bbox 529 5244 2102 5315">
    <p class='ocr_par' dir='ltr' id='par_1_55' title="bbox 529 5244 2102 5315">
     <span class='ocr_line' id='line_1_55' title="bbox 529 5244 2102 5315; baseline 0.008 -18"><span class='ocrx_word' id='word_1_381' title='bbox 529 5253 705 5298; x_wconf 84' lang='lat' dir='ltr'><strong>tuant:</strong></span> <span class='ocrx_word' id='word_1_382' title='bbox 753 5245 851 5299; x_wconf 90' lang='lat' dir='ltr'><strong>iste</strong></span> <span class='ocrx_word' id='word_1_383' title='bbox 897 5244 971 5308; x_wconf 89' lang='lat' dir='ltr'><strong>id,</strong></span> <span class='ocrx_word' id='word_1_384' title='bbox 1023 5248 1165 5314; x_wconf 84' lang='lat' dir='ltr'><strong>quod</strong></span> <span class='ocrx_word' id='word_1_385' title='bbox 1220 5250 1366 5303; x_wconf 88' lang='lat' dir='ltr'><strong>nulla</strong></span> <span class='ocrx_word' id='word_1_386' title='bbox 1414 5253 1620 5307; x_wconf 90' lang='lat' dir='ltr'><strong>ratione</strong></span> <span class='ocrx_word' id='word_1_387' title='bbox 1671 5256 2102 5315; x_wconf 78' lang='lat' dir='ltr'><strong>demonstratum</strong></span> 
     </span>
    </p>
   </div>
   <div class='ocr_carea' id='block_1_56' title="bbox 527 5335 2101 5416">
    <p class='ocr_par' dir='ltr' id='par_1_56' title="bbox 527 5335 2101 5416">
     <span class='ocr_line' id='line_1_56' title="bbox 527 5335 2101 5416; baseline 0.01 -30"><span class='ocrx_word' id='word_1_388' title='bbox 527 5342 633 5399; x_wconf 88' lang='lat' dir='ltr'><strong>est,</strong></span> <span class='ocrx_word' id='word_1_389' title='bbox 687 5342 779 5388; x_wconf 86' lang='lat' dir='ltr'><strong>aut</strong></span> <span class='ocrx_word' id='word_1_390' title='bbox 827 5335 1196 5398; x_wconf 81' lang='lat' dir='ltr'><strong>demonstrari</strong></span> <span class='ocrx_word' id='word_1_391' title='bbox 1260 5350 1455 5410; x_wconf 89' lang='lat' dir='ltr'><strong>potest,</strong></span> <span class='ocrx_word' id='word_1_392' title='bbox 1513 5344 1789 5411; x_wconf 87' lang='lat' dir='ltr'><strong>audacter,</strong></span> <span class='ocrx_word' id='word_1_393' title='bbox 1843 5357 2101 5416; x_wconf 89' lang='lat' dir='ltr'><strong>tanquam</strong></span> 
     </span>
    </p>
   </div>
   <div class='ocr_carea' id='block_1_57' title="bbox 525 5425 2103 5501">
    <p class='ocr_par' dir='ltr' id='par_1_57' title="bbox 525 5425 2103 5501">
     <span class='ocr_line' id='line_1_57' title="bbox 525 5425 2103 5501; baseline 0.01 -25"><span class='ocrx_word' id='word_1_394' title='bbox 525 5425 635 5497; x_wconf 87' lang='lat' dir='ltr'><strong>jam</strong></span> <span class='ocrx_word' id='word_1_395' title='bbox 669 5426 976 5495; x_wconf 85' lang='lat' dir='ltr'><strong>probatum.</strong></span> <span class='ocrx_word' id='word_1_396' title='bbox 1009 5428 1213 5497; x_wconf 71' lang='lat' dir='ltr'><strong>profert</strong></span> <span class='ocrx_word' id='word_1_397' title='bbox 1238 5439 1289 5485; x_wconf 91' lang='lat' dir='ltr'><strong>et</strong></span> <span class='ocrx_word' id='word_1_398' title='bbox 1335 5435 1675 5501; x_wconf 85' lang='lat' dir='ltr'><strong>pronuntiat,</strong></span> <span class='ocrx_word' id='word_1_399' title='bbox 1713 5452 1833 5493; x_wconf 89' lang='lat' dir='ltr'><strong>cum</strong></span> <span class='ocrx_word' id='word_1_400' title='bbox 1878 5436 2103 5493; x_wconf 36' lang='lat' dir='ltr'><strong>forte‘id</strong></span> 
     </span>
    </p>
   </div>
   <div class='ocr_carea' id='block_1_58' title="bbox 533 5520 2105 5587">
    <p class='ocr_par' dir='ltr' id='par_1_58' title="bbox 533 5520 2105 5587">
     <span class='ocr_line' id='line_1_58' title="bbox 533 5520 2105 5587; baseline 0.009 -20"><span class='ocrx_word' id='word_1_401' title='bbox 533 5532 809 5587; x_wconf 80' lang='lat' dir='ltr'><strong>nunquam</strong></span> <span class='ocrx_word' id='word_1_402' title='bbox 866 5520 1098 5577; x_wconf 82' lang='lat' dir='ltr'><strong>antehac</strong></span> <span class='ocrx_word' id='word_1_403' title='bbox 1146 5537 1266 5577; x_wconf 89' lang='lat' dir='ltr'><strong>cum</strong></span> <span class='ocrx_word' id='word_1_404' title='bbox 1308 5524 1415 5577; x_wconf 88' lang='lat' dir='ltr'><strong>ullo</strong></span> <span class='ocrx_word' id='word_1_405' title='bbox 1457 5528 1765 5583; x_wconf 89' lang='lat' dir='ltr'><strong>mortalium</strong></span> <span class='ocrx_word' id='word_1_406' title='bbox 1801 5528 2105 5582; x_wconf 83' lang='lat' dir='ltr'><strong>communi-</strong></span> 
     </span>
    </p>
   </div>
   <div class='ocr_carea' id='block_1_59' title="bbox 529 5609 2103 5686">
    <p class='ocr_par' dir='ltr' id='par_1_59' title="bbox 529 5609 2103 5686">
     <span class='ocr_line' id='line_1_59' title="bbox 529 5609 2103 5686; baseline 0.008 -27"><span class='ocrx_word' id='word_1_407' title='bbox 529 5609 973 5681; x_wconf 84' lang='lat' dir='ltr'><strong>casset;&#39;alioqui</strong></span> <span class='ocrx_word' id='word_1_408' title='bbox 1004 5612 1071 5665; x_wconf 86' lang='lat' dir='ltr'><strong>ab</strong></span> <span class='ocrx_word' id='word_1_409' title='bbox 1109 5613 1196 5676; x_wconf 91' lang='lat' dir='ltr'><strong>iis,</strong></span> <span class='ocrx_word' id='word_1_410' title='bbox 1242 5613 1332 5685; x_wconf 89' lang='lat' dir='ltr'><strong>qui</strong></span> <span class='ocrx_word' id='word_1_411' title='bbox 1368 5624 1511 5670; x_wconf 87' lang='lat' dir='ltr'><strong>recte</strong></span> <span class='ocrx_word' id='word_1_412' title='bbox 1551 5625 1603 5671; x_wconf 91' lang='lat' dir='ltr'><strong>et</strong></span> <span class='ocrx_word' id='word_1_413' title='bbox 1658 5616 1824 5686; x_wconf 82' lang='lat' dir='ltr'><strong>probe</strong></span> <span class='ocrx_word' id='word_1_414' title='bbox 1869 5615 2103 5673; x_wconf 89' lang='lat' dir='ltr'><strong>instituti</strong></span> 
     </span>
    </p>
   </div>
   <div class='ocr_carea' id='block_1_60' title="bbox 639 5782 1089 5852">
    <p class='ocr_par' dir='ltr' id='par_1_60' title="bbox 639 5782 1089 5852">
     <span class='ocr_line' id='line_1_60' title="bbox 639 5782 1089 5852; baseline 0.011 -15"><span class='ocrx_word' id='word_1_415' title='bbox 639 5782 682 5813; x_wconf 84' lang='lat'><strong>&quot;</strong></span> <span class='ocrx_word' id='word_1_416' title='bbox 715 5783 897 5839; x_wconf 83' lang='lat' dir='ltr'><strong>lTini.</strong></span> <span class='ocrx_word' id='word_1_417' title='bbox 934 5804 971 5852; x_wconf 86' lang='lat' dir='ltr'><strong>t,</strong></span> <span class='ocrx_word' id='word_1_418' title='bbox 1015 5789 1089 5841; x_wconf 25' lang='lat' dir='ltr'><strong>l5.</strong></span> 
     </span>
    </p>
   </div>
   <div class='ocr_carea' id='block_1_61' title="bbox 2216 595 3757 672">
    <p class='ocr_par' dir='ltr' id='par_1_61' title="bbox 2216 595 3757 672">
     <span class='ocr_line' id='line_1_61' title="bbox 2216 595 3757 672; baseline 0.003 -24"><span class='ocrx_word' id='word_1_419' title='bbox 2216 596 2544 667; x_wconf 71' lang='grc' dir='ltr'><strong>μικροτέρας</strong></span> <span class='ocrx_word' id='word_1_420' title='bbox 2584 595 2846 657; x_wconf 74' lang='grc' dir='ltr'>νοεῖσθαι,</span> <span class='ocrx_word' id='word_1_421' title='bbox 2893 596 2985 647; x_wconf 71' lang='grc' dir='ltr'><strong>καὶ</strong></span> <span class='ocrx_word' id='word_1_422' title='bbox 3018 596 3157 649; x_wconf 83' lang='grc' dir='ltr'><strong>κατὰ</strong></span> <span class='ocrx_word' id='word_1_423' title='bbox 3182 598 3248 656; x_wconf 77' lang='grc' dir='ltr'><strong>τά</strong></span> <span class='ocrx_word' id='word_1_424' title='bbox 3285 596 3446 650; x_wconf 82' lang='grc' dir='ltr'><strong>λοιπά</strong></span> <span class='ocrx_word' id='word_1_425' title='bbox 3488 602 3651 659; x_wconf 79' lang='grc' dir='ltr'><strong>πάντα</strong></span> <span class='ocrx_word' id='word_1_426' title='bbox 3677 603 3757 672; x_wconf 76' lang='grc' dir='ltr'><strong>τὴν</strong></span> 
     </span>
    </p>
   </div>
   <div class='ocr_carea' id='block_1_62' title="bbox 2213 686 2759 755">
    <p class='ocr_par' dir='ltr' id='par_1_62' title="bbox 2213 686 2759 755">
     <span class='ocr_line' id='line_1_62' title="bbox 2213 686 2759 755; baseline 0.002 -18"><span class='ocrx_word' id='word_1_427' title='bbox 2213 686 2570 755; x_wconf 84' lang='grc' dir='ltr'><strong>παραλλαγὴν</strong></span> <span class='ocrx_word' id='word_1_428' title='bbox 2598 687 2759 755; x_wconf 71' lang='grc' dir='ltr'><strong>ἔχειν.</strong></span> 
     </span>
    </p>
   </div>
   <div class='ocr_carea' id='block_1_63' title="bbox 2297 776 3758 851">
    <p class='ocr_par' dir='ltr' id='par_1_63' title="bbox 2297 776 3758 851">
     <span class='ocr_line' id='line_1_63' title="bbox 2297 776 3758 851; baseline 0.003 -21"><span class='ocrx_word' id='word_1_429' title='bbox 2297 776 2481 845; x_wconf 78' lang='grc' dir='ltr'><strong>Ἡμεῖς</strong></span> <span class='ocrx_word' id='word_1_430' title='bbox 2509 776 2567 830; x_wconf 80' lang='grc' dir='ltr'><strong>δὲ</strong></span> <span class='ocrx_word' id='word_1_431' title='bbox 2598 778 2701 829; x_wconf 76' lang='grc' dir='ltr'><strong>κᾶν</strong></span> <span class='ocrx_word' id='word_1_432' title='bbox 2734 776 2983 845; x_wconf 78' lang='grc' dir='ltr'><strong>περιττὸν</strong></span> <span class='ocrx_word' id='word_1_433' title='bbox 3010 780 3123 839; x_wconf 80' lang='grc' dir='ltr'><strong>τοῖς</strong></span> <span class='ocrx_word' id='word_1_434' title='bbox 3157 777 3369 842; x_wconf 73' lang='grc' dir='ltr'><strong>πολλοῖς</strong></span> <span class='ocrx_word' id='word_1_435' title='bbox 3396 776 3534 832; x_wconf 83' lang='grc' dir='ltr'><strong>εἶναι</strong></span> <span class='ocrx_word' id='word_1_436' title='bbox 3563 781 3679 851; x_wconf 80' lang='grc' dir='ltr'><strong>δοκῇ</strong></span> <span class='ocrx_word' id='word_1_437' title='bbox 3710 786 3758 835; x_wconf 85' lang='grc' dir='ltr'><strong>τὸ</strong></span> 
     </span>
    </p>
   </div>
   <div class='ocr_carea' id='block_1_64' title="bbox 2211 867 3759 937">
    <p class='ocr_par' dir='ltr' id='par_1_64' title="bbox 2211 867 3759 937">
     <span class='ocr_line' id='line_1_64' title="bbox 2211 867 3759 937; baseline 0.005 -18"><span class='ocrx_word' id='word_1_438' title='bbox 2211 870 2323 929; x_wconf 87' lang='grc' dir='ltr'><strong>τοῖς</strong></span> <span class='ocrx_word' id='word_1_439' title='bbox 2350 867 2633 937; x_wconf 80' lang='grc' dir='ltr'><strong>προδήλοις</strong></span> <span class='ocrx_word' id='word_1_440' title='bbox 2661 867 3029 937; x_wconf 57' lang='grc' dir='ltr'><strong>ὲιῶιατρίὸειν,</strong></span> <span class='ocrx_word' id='word_1_441' title='bbox 3060 870 3152 923; x_wconf 75' lang='grc' dir='ltr'><strong>καὶ</strong></span> <span class='ocrx_word' id='word_1_442' title='bbox 3174 870 3244 925; x_wconf 78' lang='grc' dir='ltr'><strong>τὰ</strong></span> <span class='ocrx_word' id='word_1_443' title='bbox 3282 871 3403 924; x_wconf 80' lang='grc' dir='ltr'><strong>καθ’</strong></span> <span class='ocrx_word' id='word_1_444' title='bbox 3436 872 3651 925; x_wconf 76' lang='grc' dir='ltr'><strong>ἕκαστον</strong></span> <span class='ocrx_word' id='word_1_445' title='bbox 3697 874 3759 927; x_wconf 83' lang='grc' dir='ltr'><strong>δι-</strong></span> 
     </span>
    </p>
   </div>
   <div class='ocr_carea' id='block_1_65' title="bbox 2215 958 3759 1030">
    <p class='ocr_par' dir='ltr' id='par_1_65' title="bbox 2215 958 3759 1030">
     <span class='ocr_line' id='line_1_65' title="bbox 2215 958 3759 1030; baseline 0.002 -18"><span class='ocrx_word' id='word_1_446' title='bbox 2215 958 2455 1028; x_wconf 83' lang='grc' dir='ltr'><strong>ελέγχειν</strong></span> <span class='ocrx_word' id='word_1_447' title='bbox 2506 958 2793 1029; x_wconf 77' lang='grc' dir='ltr'><strong>πειρᾶσθαι</strong></span> <span class='ocrx_word' id='word_1_448' title='bbox 2814 1000 2827 1021; x_wconf 89' lang='grc'><strong>,</strong></span> <span class='ocrx_word' id='word_1_449' title='bbox 2856 960 2954 1011; x_wconf 79' lang='grc' dir='ltr'><strong>ὅσα</strong></span> <span class='ocrx_word' id='word_1_450' title='bbox 2983 962 3131 1030; x_wconf 74' lang='grc' dir='ltr'><strong>παρὰ</strong></span> <span class='ocrx_word' id='word_1_451' title='bbox 3170 965 3280 1023; x_wconf 81' lang='grc' dir='ltr'><strong>τοῖς</strong></span> <span class='ocrx_word' id='word_1_452' title='bbox 3309 961 3522 1024; x_wconf 80' lang='grc' dir='ltr'><strong>πολλοῖς</strong></span> <span class='ocrx_word' id='word_1_453' title='bbox 3564 964 3759 1017; x_wconf 78' lang='grc' dir='ltr'><strong>αὐτόθεν</strong></span> 
     </span>
    </p>
   </div>
   <div class='ocr_carea' id='block_1_66' title="bbox 2214 1050 3759 1125">
    <p class='ocr_par' dir='ltr' id='par_1_66' title="bbox 2214 1050 3759 1125">
     <span class='ocr_line' id='line_1_66' title="bbox 2214 1050 3759 1125; baseline 0.005 -23"><span class='ocrx_word' id='word_1_454' title='bbox 2214 1050 2399 1119; x_wconf 60' lang='grc' dir='ltr'><strong>ψευδῆ,</strong></span> <span class='ocrx_word' id='word_1_455' title='bbox 2438 1052 2530 1111; x_wconf 65' lang='grc' dir='ltr'><strong>καὶ</strong></span> <span class='ocrx_word' id='word_1_456' title='bbox 2562 1050 2840 1120; x_wconf 59' lang='lat' dir='ltr'><strong>postuma.</strong></span> <span class='ocrx_word' id='word_1_457' title='bbox 2873 1052 2964 1109; x_wconf 74' lang='grc' dir='ltr'><strong>καὶ</strong></span> <span class='ocrx_word' id='word_1_458' title='bbox 2998 1053 3251 1121; x_wconf 78' lang='grc' dir='ltr'><strong>οὐδεμίαν</strong></span> <span class='ocrx_word' id='word_1_459' title='bbox 3279 1054 3432 1122; x_wconf 77' lang='grc' dir='ltr'><strong>ίσχύν</strong></span> <span class='ocrx_word' id='word_1_460' title='bbox 3460 1054 3596 1125; x_wconf 80' lang='grc' dir='ltr'><strong>ἔχειν</strong></span> <span class='ocrx_word' id='word_1_461' title='bbox 3630 1055 3759 1125; x_wconf 79' lang='grc' dir='ltr'><strong>νομί-</strong></span> 
     </span>
    </p>
   </div>
   <div class='ocr_carea' id='block_1_67' title="bbox 2217 1136 3757 1215">
    <p class='ocr_par' dir='ltr' id='par_1_67' title="bbox 2217 1136 3757 1215">
     <span class='ocr_line' id='line_1_67' title="bbox 2217 1136 3757 1215; baseline 0.003 -28"><span class='ocrx_word' id='word_1_462' title='bbox 2217 1138 2385 1201; x_wconf 81' lang='grc' dir='ltr'><strong>ζεται,</strong></span> <span class='ocrx_word' id='word_1_463' title='bbox 2422 1138 2568 1206; x_wconf 76' lang='grc' dir='ltr'><strong>ὅμως</strong></span> <span class='ocrx_word' id='word_1_464' title='bbox 2600 1137 2737 1208; x_wconf 70' lang='grc' dir='ltr'><strong>ὑπὲρ</strong></span> <span class='ocrx_word' id='word_1_465' title='bbox 2762 1136 2855 1190; x_wconf 77' lang='grc' dir='ltr'><strong>τοῦ</strong></span> <span class='ocrx_word' id='word_1_466' title='bbox 2885 1138 2958 1215; x_wconf 69' lang='grc' dir='ltr'><strong>μὴ</strong></span> <span class='ocrx_word' id='word_1_467' title='bbox 2988 1138 3162 1199; x_wconf 76' lang='grc' dir='ltr'><strong>δοκεῖν</strong></span> <span class='ocrx_word' id='word_1_468' title='bbox 3188 1138 3253 1191; x_wconf 76' lang='grc' dir='ltr'><strong>δι’</strong></span> <span class='ocrx_word' id='word_1_469' title='bbox 3288 1140 3521 1209; x_wconf 74' lang='grc' dir='ltr'><strong>ἀπορίαν</strong></span> <span class='ocrx_word' id='word_1_470' title='bbox 3550 1141 3757 1209; x_wconf 73' lang='grc' dir='ltr'><strong>ἐλέγχων</strong></span> 
     </span>
    </p>
   </div>
   <div class='ocr_carea' id='block_1_68' title="bbox 2218 1231 3756 1303">
    <p class='ocr_par' dir='ltr' id='par_1_68' title="bbox 2218 1231 3756 1303">
     <span class='ocr_line' id='line_1_68' title="bbox 2218 1231 3756 1303; baseline -0.001 -18"><span class='ocrx_word' id='word_1_471' title='bbox 2218 1232 2568 1303; x_wconf 72' lang='grc' dir='ltr'><strong>ἀνεξέταστον</strong></span> <span class='ocrx_word' id='word_1_472' title='bbox 2594 1249 2643 1282; x_wconf 90' lang='grc' dir='ltr'><strong>τι</strong></span> <span class='ocrx_word' id='word_1_473' title='bbox 2679 1235 2923 1303; x_wconf 81' lang='grc' dir='ltr'><strong>παρορᾷν</strong></span> <span class='ocrx_word' id='word_1_474' title='bbox 2957 1231 3069 1287; x_wconf 77' lang='grc' dir='ltr'><strong>τῶν</strong></span> <span class='ocrx_word' id='word_1_475' title='bbox 3100 1232 3226 1302; x_wconf 76' lang='grc' dir='ltr'><strong>παρ’</strong></span> <span class='ocrx_word' id='word_1_476' title='bbox 3257 1234 3467 1287; x_wconf 74' lang='grc' dir='ltr'><strong>ἐκείνου</strong></span> <span class='ocrx_word' id='word_1_477' title='bbox 3493 1233 3756 1301; x_wconf 76' lang='grc' dir='ltr'><strong>ῥηθέντων,</strong></span> 
     </span>
    </p>
   </div>
   <div class='ocr_carea' id='block_1_69' title="bbox 2217 1324 3759 1397">
    <p class='ocr_par' dir='ltr' id='par_1_69' title="bbox 2217 1324 3759 1397">
     <span class='ocr_line' id='line_1_69' title="bbox 2217 1324 3759 1397; baseline 0.002 -20"><span class='ocrx_word' id='word_1_478' title='bbox 2217 1327 2359 1377; x_wconf 81' lang='grc' dir='ltr'><strong>κατὰ</strong></span> <span class='ocrx_word' id='word_1_479' title='bbox 2389 1324 2615 1391; x_wconf 79' lang='grc' dir='ltr'><strong>δύναμιν</strong></span> <span class='ocrx_word' id='word_1_480' title='bbox 2646 1325 2736 1377; x_wconf 71' lang='grc' dir='ltr'><strong>καὶ</strong></span> <span class='ocrx_word' id='word_1_481' title='bbox 2764 1324 2970 1397; x_wconf 77' lang='grc' dir='ltr'><strong>τούτοις</strong></span> <span class='ocrx_word' id='word_1_482' title='bbox 3003 1324 3439 1396; x_wconf 75' lang='grc' dir='ltr'><strong>ἐπελευσόμεθα.</strong></span> <span class='ocrx_word' id='word_1_483' title='bbox 3488 1326 3759 1393; x_wconf 69' lang='grc' dir='ltr'><strong>Ἐλιάστηγ</strong></span> 
     </span>
    </p>
   </div>
   <div class='ocr_carea' id='block_1_70' title="bbox 2218 1415 3755 1486">
    <p class='ocr_par' dir='ltr' id='par_1_70' title="bbox 2218 1415 3755 1486">
     <span class='ocr_line' id='line_1_70' title="bbox 2218 1415 3755 1486; baseline 0.003 -19"><span class='ocrx_word' id='word_1_484' title='bbox 2218 1418 2350 1486; x_wconf 72' lang='grc' dir='ltr'><strong>φησὶ</strong></span> <span class='ocrx_word' id='word_1_485' title='bbox 2380 1418 2602 1469; x_wconf 76' lang='grc' dir='ltr'><strong>τούτων</strong></span> <span class='ocrx_word' id='word_1_486' title='bbox 2621 1417 2839 1467; x_wconf 71' lang='grc' dir='ltr'><strong>οὐσίαν</strong></span> <span class='ocrx_word' id='word_1_487' title='bbox 2869 1415 3180 1482; x_wconf 58' lang='grc' dir='ltr'><strong>εἰλικρινῆ,</strong></span> <span class='ocrx_word' id='word_1_488' title='bbox 3206 1416 3436 1484; x_wconf 75' lang='grc' dir='ltr'><strong>ἁπλῆν,</strong></span> <span class='ocrx_word' id='word_1_489' title='bbox 3471 1421 3566 1470; x_wconf 81' lang='grc' dir='ltr'><strong>καὶ</strong></span> <span class='ocrx_word' id='word_1_490' title='bbox 3588 1419 3755 1483; x_wconf 79' lang='grc' dir='ltr'><strong>πάντη</strong></span> 
     </span>
    </p>
   </div>
   <div class='ocr_carea' id='block_1_71' title="bbox 2211 1506 3754 1576">
    <p class='ocr_par' dir='ltr' id='par_1_71' title="bbox 2211 1506 3754 1576">
     <span class='ocr_line' id='line_1_71' title="bbox 2211 1506 3754 1576; baseline -0.002 -15"><span class='ocrx_word' id='word_1_491' title='bbox 2211 1510 2358 1576; x_wconf 82' lang='grc' dir='ltr'><strong>μίαν</strong></span> <span class='ocrx_word' id='word_1_492' title='bbox 2380 1506 2533 1565; x_wconf 65' lang='grc' dir='ltr'><strong>εἷναί</strong></span> <span class='ocrx_word' id='word_1_493' title='bbox 2555 1524 2619 1559; x_wconf 81' lang='grc' dir='ltr'><strong>τε</strong></span> <span class='ocrx_word' id='word_1_494' title='bbox 2642 1506 2736 1559; x_wconf 81' lang='grc' dir='ltr'><strong>καὶ</strong></span> <span class='ocrx_word' id='word_1_495' title='bbox 2768 1506 3032 1559; x_wconf 81' lang='grc' dir='ltr'><strong>νοεῖσθαι</strong></span> <span class='ocrx_word' id='word_1_496' title='bbox 3070 1514 3219 1560; x_wconf 76' lang='grc' dir='ltr'><strong>κατὰ</strong></span> <span class='ocrx_word' id='word_1_497' title='bbox 3254 1508 3369 1575; x_wconf 76' lang='grc' dir='ltr'><strong>τὴν</strong></span> <span class='ocrx_word' id='word_1_498' title='bbox 3409 1508 3563 1565; x_wconf 69' lang='grc' dir='ltr'><strong>ιδίαγ</strong></span> <span class='ocrx_word' id='word_1_499' title='bbox 3580 1509 3754 1572; x_wconf 78' lang='grc' dir='ltr'><strong>ἀξίαν,</strong></span> 
     </span>
    </p>
   </div>
   <div class='ocr_carea' id='block_1_72' title="bbox 2219 1596 3757 1669">
    <p class='ocr_par' dir='ltr' id='par_1_72' title="bbox 2219 1596 3757 1669">
     <span class='ocr_line' id='line_1_72' title="bbox 2219 1596 3757 1669; baseline -0.001 -17"><span class='ocrx_word' id='word_1_500' title='bbox 2219 1600 2377 1653; x_wconf 85' lang='grc' dir='ltr'><strong>πάλιν</strong></span> <span class='ocrx_word' id='word_1_501' title='bbox 2403 1597 2632 1651; x_wconf 75' lang='grc' dir='ltr'><strong>ἐνταῦθα</strong></span> <span class='ocrx_word' id='word_1_502' title='bbox 2666 1598 2740 1659; x_wconf 86' lang='grc' dir='ltr'><strong>ὡς</strong></span> <span class='ocrx_word' id='word_1_503' title='bbox 2776 1596 3176 1666; x_wconf 72' lang='grc' dir='ltr'><strong>ὁμολογούμενα</strong></span> <span class='ocrx_word' id='word_1_504' title='bbox 3218 1600 3286 1651; x_wconf 86' lang='grc' dir='ltr'><strong>τά</strong></span> <span class='ocrx_word' id='word_1_505' title='bbox 3341 1596 3757 1669; x_wconf 70' lang='grc' dir='ltr'><strong>ἀμφιϐαλλόμενσ</strong></span> 
     </span>
    </p>
   </div>
   <div class='ocr_carea' id='block_1_73' title="bbox 2219 1688 3756 1762">
    <p class='ocr_par' dir='ltr' id='par_1_73' title="bbox 2219 1688 3756 1762">
     <span class='ocr_line' id='line_1_73' title="bbox 2219 1688 3756 1762; baseline -0.003 -18"><span class='ocrx_word' id='word_1_506' title='bbox 2219 1690 2647 1762; x_wconf 77' lang='grc' dir='ltr'><strong>προτεινόμενος,</strong></span> <span class='ocrx_word' id='word_1_507' title='bbox 2661 1688 2828 1741; x_wconf 73' lang='grc' dir='ltr'><strong>οἴεταί</strong></span> <span class='ocrx_word' id='word_1_508' title='bbox 2851 1706 2902 1745; x_wconf 87' lang='grc' dir='ltr'><strong>τι</strong></span> <span class='ocrx_word' id='word_1_509' title='bbox 2921 1689 3116 1757; x_wconf 83' lang='grc' dir='ltr'><strong>λέγειν,</strong></span> <span class='ocrx_word' id='word_1_510' title='bbox 3130 1690 3248 1743; x_wconf 69' lang='grc' dir='ltr'><strong>ἀντὶ</strong></span> <span class='ocrx_word' id='word_1_511' title='bbox 3265 1690 3447 1759; x_wconf 85' lang='grc' dir='ltr'><strong>πάσης</strong></span> <span class='ocrx_word' id='word_1_512' title='bbox 3466 1689 3756 1754; x_wconf 76' lang='grc' dir='ltr'><strong>ἀποδείξεως</strong></span> 
     </span>
    </p>
   </div>
   <div class='ocr_carea' id='block_1_74' title="bbox 2219 1781 3757 1855">
    <p class='ocr_par' dir='ltr' id='par_1_74' title="bbox 2219 1781 3757 1855">
     <span class='ocr_line' id='line_1_74' title="bbox 2219 1781 3757 1855; baseline -0.002 -20"><span class='ocrx_word' id='word_1_513' title='bbox 2219 1785 2465 1852; x_wconf 71' lang='grc' dir='ltr'><strong>ἐξαρκεῖν</strong></span> <span class='ocrx_word' id='word_1_514' title='bbox 2483 1782 2713 1854; x_wconf 79' lang='grc' dir='ltr'><strong>νομίζων</strong></span> <span class='ocrx_word' id='word_1_515' title='bbox 2729 1781 2788 1841; x_wconf 74' lang='grc' dir='ltr'><strong>τὸ</strong></span> <span class='ocrx_word' id='word_1_516' title='bbox 2816 1781 2974 1844; x_wconf 70' lang='grc' dir='ltr'><strong>αὐτὸς</strong></span> <span class='ocrx_word' id='word_1_517' title='bbox 2997 1781 3393 1855; x_wconf 73' lang='grc' dir='ltr'><strong>ἀποφήνασθαι.</strong></span> <span class='ocrx_word' id='word_1_518' title='bbox 3418 1782 3573 1850; x_wconf 82' lang='grc' dir='ltr'><strong>Τρεῖς</strong></span> <span class='ocrx_word' id='word_1_519' title='bbox 3600 1782 3757 1845; x_wconf 72' lang='grc' dir='ltr'><strong>οὐσίας</strong></span> 
     </span>
    </p>
   </div>
   <div class='ocr_carea' id='block_1_75' title="bbox 2212 1868 3756 1943">
    <p class='ocr_par' dir='ltr' id='par_1_75' title="bbox 2212 1868 3756 1943">
     <span class='ocr_line' id='line_1_75' title="bbox 2212 1868 3756 1943; baseline -0.003 -19"><span class='ocrx_word' id='word_1_520' title='bbox 2212 1872 2360 1943; x_wconf 71' lang='grc' dir='ltr'><strong>φησί.</strong></span> <span class='ocrx_word' id='word_1_521' title='bbox 2383 1870 2551 1924; x_wconf 85' lang='grc' dir='ltr'><strong>Τοῦτο</strong></span> <span class='ocrx_word' id='word_1_522' title='bbox 2567 1871 2675 1939; x_wconf 79' lang='grc' dir='ltr'><strong>γάρ</strong></span> <span class='ocrx_word' id='word_1_523' title='bbox 2696 1870 3023 1922; x_wconf 73' lang='grc' dir='ltr'><strong>ἐνδείκνυται</strong></span> <span class='ocrx_word' id='word_1_524' title='bbox 3041 1870 3116 1939; x_wconf 77' lang='grc' dir='ltr'><strong>τῷ</strong></span> <span class='ocrx_word' id='word_1_525' title='bbox 3139 1872 3330 1930; x_wconf 77' lang='grc' dir='ltr'><strong>εἰπεῖν,</strong></span> <span class='ocrx_word' id='word_1_526' title='bbox 3346 1868 3632 1933; x_wconf 81' lang='grc' dir='ltr'><strong>Ἐκάστης</strong></span> <span class='ocrx_word' id='word_1_527' title='bbox 3654 1868 3756 1920; x_wconf 82' lang='grc' dir='ltr'><strong>τού·</strong></span> 
     </span>
    </p>
   </div>
   <div class='ocr_carea' id='block_1_76' title="bbox 2212 1956 3753 2031">
    <p class='ocr_par' dir='ltr' id='par_1_76' title="bbox 2212 1956 3753 2031">
     <span class='ocr_line' id='line_1_76' title="bbox 2212 1956 3753 2031; baseline -0.004 -14"><span class='ocrx_word' id='word_1_528' title='bbox 2212 1982 2329 2017; x_wconf 79' lang='grc' dir='ltr'><strong>των</strong></span> <span class='ocrx_word' id='word_1_529' title='bbox 2346 1967 2581 2027; x_wconf 77' lang='grc' dir='ltr'><strong>οὐσίας.</strong></span> <span class='ocrx_word' id='word_1_530' title='bbox 2618 1961 2750 2014; x_wconf 81' lang='grc' dir='ltr'><strong>Οὐδὲ</strong></span> <span class='ocrx_word' id='word_1_531' title='bbox 2782 1960 2888 2031; x_wconf 82' lang='grc' dir='ltr'><strong>γὰρ</strong></span> <span class='ocrx_word' id='word_1_532' title='bbox 2915 1960 2979 2013; x_wconf 83' lang='grc' dir='ltr'><strong>ἂν</strong></span> <span class='ocrx_word' id='word_1_533' title='bbox 2997 1960 3166 2023; x_wconf 75' lang='grc' dir='ltr'><strong>οὕτως</strong></span> <span class='ocrx_word' id='word_1_534' title='bbox 3194 1956 3369 2021; x_wconf 80' lang='grc' dir='ltr'><strong>εἶπεν,</strong></span> <span class='ocrx_word' id='word_1_535' title='bbox 3401 1961 3449 2011; x_wconf 80' lang='grc' dir='ltr'><strong>εξ</strong></span> <span class='ocrx_word' id='word_1_536' title='bbox 3481 1960 3601 2028; x_wconf 86' lang='grc' dir='ltr'><strong>μίαν</strong></span> <span class='ocrx_word' id='word_1_537' title='bbox 3622 1959 3753 2027; x_wconf 64' lang='lat' dir='ltr'><strong>(pero.</strong></span> 
     </span>
    </p>
   </div>
   <div class='ocr_carea' id='block_1_77' title="bbox 2212 2048 3755 2123">
    <p class='ocr_par' dir='ltr' id='par_1_77' title="bbox 2212 2048 3755 2123">
     <span class='ocr_line' id='line_1_77' title="bbox 2212 2048 3755 2123; baseline -0.006 -16"><span class='ocrx_word' id='word_1_538' title='bbox 2212 2056 2274 2107; x_wconf 81' lang='lat' dir='ltr'><strong>El</strong></span> <span class='ocrx_word' id='word_1_539' title='bbox 2305 2054 2401 2123; x_wconf 76' lang='grc' dir='ltr'><strong>μὲν</strong></span> <span class='ocrx_word' id='word_1_540' title='bbox 2429 2048 2520 2106; x_wconf 76' lang='grc' dir='ltr'><strong>οὖν</strong></span> <span class='ocrx_word' id='word_1_541' title='bbox 2552 2051 2693 2104; x_wconf 78' lang='grc' dir='ltr'><strong>οὑτω</strong></span> <span class='ocrx_word' id='word_1_542' title='bbox 2724 2051 2869 2118; x_wconf 82' lang='grc' dir='ltr'><strong>λέγει</strong></span> <span class='ocrx_word' id='word_1_543' title='bbox 2893 2050 2989 2121; x_wconf 77' lang='grc' dir='ltr'><strong>τὴν</strong></span> <span class='ocrx_word' id='word_1_544' title='bbox 3011 2050 3116 2102; x_wconf 81' lang='grc' dir='ltr'><strong>τῶν</strong></span> <span class='ocrx_word' id='word_1_545' title='bbox 3157 2050 3357 2103; x_wconf 78' lang='grc' dir='ltr'><strong>οὐσιῶν</strong></span> <span class='ocrx_word' id='word_1_546' title='bbox 3391 2049 3525 2118; x_wconf 66' lang='grc' dir='ltr'><strong>πρὸς</strong></span> <span class='ocrx_word' id='word_1_547' title='bbox 3552 2048 3755 2117; x_wconf 81' lang='grc' dir='ltr'><strong>ἀλλήλας</strong></span> 
     </span>
    </p>
   </div>
   <div class='ocr_carea' id='block_1_78' title="bbox 2210 2138 3754 2215">
    <p class='ocr_par' dir='ltr' id='par_1_78' title="bbox 2210 2138 3754 2215">
     <span class='ocr_line' id='line_1_78' title="bbox 2210 2138 3754 2215; baseline -0.005 -17"><span class='ocrx_word' id='word_1_548' title='bbox 2210 2145 2490 2215; x_wconf 71' lang='grc' dir='ltr'><strong>διαφοράν.</strong></span> <span class='ocrx_word' id='word_1_549' title='bbox 2524 2145 2596 2207; x_wconf 81' lang='grc' dir='ltr'><strong>ὡς</strong></span> <span class='ocrx_word' id='word_1_550' title='bbox 2654 2143 2726 2214; x_wconf 79' lang='grc' dir='ltr'><strong>μὴ</strong></span> <span class='ocrx_word' id='word_1_551' title='bbox 2768 2144 2941 2195; x_wconf 86' lang='grc' dir='ltr'><strong>δοκεῖν</strong></span> <span class='ocrx_word' id='word_1_552' title='bbox 2984 2146 3050 2212; x_wconf 82' lang='grc' dir='ltr'><strong>τῇ</strong></span> <span class='ocrx_word' id='word_1_553' title='bbox 3097 2141 3319 2211; x_wconf 67' lang='grc' dir='ltr'><strong>ἀσεϐείᾳ</strong></span> <span class='ocrx_word' id='word_1_554' title='bbox 3354 2140 3450 2199; x_wconf 68' lang='grc' dir='ltr'><strong>τοῦ</strong></span> <span class='ocrx_word' id='word_1_555' title='bbox 3500 2138 3754 2192; x_wconf 73' lang='grc' dir='ltr'><strong>Σαϐελλίου</strong></span> 
     </span>
    </p>
   </div>
   <div class='ocr_carea' id='block_1_79' title="bbox 2213 2230 3755 2304">
    <p class='ocr_par' dir='ltr' id='par_1_79' title="bbox 2213 2230 3755 2304">
     <span class='ocr_line' id='line_1_79' title="bbox 2213 2230 3755 2304; baseline -0.003 -18"><span class='ocrx_word' id='word_1_556' title='bbox 2213 2235 2601 2304; x_wconf 78' lang='grc' dir='ltr'><strong>συμφέρεσθαι,</strong></span> <span class='ocrx_word' id='word_1_557' title='bbox 2629 2234 2707 2285; x_wconf 77' lang='grc' dir='ltr'><strong>ὲνὶ</strong></span> <span class='ocrx_word' id='word_1_558' title='bbox 2736 2232 2811 2301; x_wconf 79' lang='grc' dir='ltr'><strong>τῷ</strong></span> <span class='ocrx_word' id='word_1_559' title='bbox 2838 2231 3179 2301; x_wconf 80' lang='grc' dir='ltr'><strong>ὑποκειμένῳ</strong></span> <span class='ocrx_word' id='word_1_560' title='bbox 3208 2234 3355 2301; x_wconf 81' lang='grc' dir='ltr'><strong>τρεῖς</strong></span> <span class='ocrx_word' id='word_1_561' title='bbox 3386 2230 3755 2300; x_wconf 67' lang='grc' dir='ltr'><strong>ὲφαρμόζοντος</strong></span> 
     </span>
    </p>
   </div>
   <div class='ocr_carea' id='block_1_80' title="bbox 2215 2323 3756 2397">
    <p class='ocr_par' dir='ltr' id='par_1_80' title="bbox 2215 2323 3756 2397">
     <span class='ocr_line' id='line_1_80' title="bbox 2215 2323 3756 2397; baseline -0.003 -19"><span class='ocrx_word' id='word_1_562' title='bbox 2215 2327 2601 2397; x_wconf 74' lang='grc' dir='ltr'><strong>προσηγορίας,</strong></span> <span class='ocrx_word' id='word_1_563' title='bbox 2632 2324 2725 2377; x_wconf 76' lang='grc' dir='ltr'><strong>καὶ</strong></span> <span class='ocrx_word' id='word_1_564' title='bbox 2756 2325 2914 2394; x_wconf 80' lang='grc' dir='ltr'><strong>ἡμεῖς</strong></span> <span class='ocrx_word' id='word_1_565' title='bbox 2954 2323 3330 2393; x_wconf 78' lang='grc' dir='ltr'><strong>συντιθέμεθα·</strong></span> <span class='ocrx_word' id='word_1_566' title='bbox 3364 2324 3456 2377; x_wconf 69' lang='grc' dir='ltr'><strong>καὶ</strong></span> <span class='ocrx_word' id='word_1_567' title='bbox 3482 2323 3644 2384; x_wconf 73' lang='grc' dir='ltr'><strong>οὐδεὶς</strong></span> <span class='ocrx_word' id='word_1_568' title='bbox 3665 2323 3756 2374; x_wconf 84' lang='grc' dir='ltr'><strong>τῶν</strong></span> 
     </span>
    </p>
   </div>
   <div class='ocr_carea' id='block_1_81' title="bbox 2210 2414 3756 2486">
    <p class='ocr_par' dir='ltr' id='par_1_81' title="bbox 2210 2414 3756 2486">
     <span class='ocr_line' id='line_1_81' title="bbox 2210 2414 3756 2486; baseline -0.003 -17"><span class='ocrx_word' id='word_1_569' title='bbox 2210 2417 2569 2471; x_wconf 74' lang='grc' dir='ltr'><strong>εὐσεϐούντων</strong></span> <span class='ocrx_word' id='word_1_570' title='bbox 2597 2416 2864 2483; x_wconf 75' lang='grc' dir='ltr'><strong>ἀντιλέγει</strong></span> <span class='ocrx_word' id='word_1_571' title='bbox 2895 2415 2971 2486; x_wconf 79' lang='grc' dir='ltr'><strong>τῷ</strong></span> <span class='ocrx_word' id='word_1_572' title='bbox 2998 2416 3246 2486; x_wconf 71' lang='grc' dir='ltr'><strong>δόγματι*</strong></span> <span class='ocrx_word' id='word_1_573' title='bbox 3285 2415 3423 2485; x_wconf 79' lang='grc' dir='ltr'><strong>πλὴν</strong></span> <span class='ocrx_word' id='word_1_574' title='bbox 3454 2416 3572 2468; x_wconf 83' lang='grc' dir='ltr'><strong>ὅσον</strong></span> <span class='ocrx_word' id='word_1_575' title='bbox 3602 2414 3756 2483; x_wconf 76' lang='grc' dir='ltr'><strong>μόνοις</strong></span> 
     </span>
    </p>
   </div>
   <div class='ocr_carea' id='block_1_82' title="bbox 2209 2505 3755 2579">
    <p class='ocr_par' dir='ltr' id='par_1_82' title="bbox 2209 2505 3755 2579">
     <span class='ocr_line' id='line_1_82' title="bbox 2209 2505 3755 2579; baseline -0.004 -17"><span class='ocrx_word' id='word_1_576' title='bbox 2209 2512 2321 2572; x_wconf 88' lang='grc' dir='ltr'><strong>τοῖς</strong></span> <span class='ocrx_word' id='word_1_577' title='bbox 2361 2509 2583 2579; x_wconf 81' lang='grc' dir='ltr'><strong>ὀνόμασι</strong></span> <span class='ocrx_word' id='word_1_578' title='bbox 2623 2510 2713 2562; x_wconf 74' lang='grc' dir='ltr'><strong>καὶ</strong></span> <span class='ocrx_word' id='word_1_579' title='bbox 2758 2511 2826 2578; x_wconf 80' lang='grc' dir='ltr'><strong>τῇ</strong></span> <span class='ocrx_word' id='word_1_580' title='bbox 2856 2509 3105 2579; x_wconf 80' lang='grc' dir='ltr'><strong>προφορᾷ</strong></span> <span class='ocrx_word' id='word_1_581' title='bbox 3130 2506 3223 2559; x_wconf 77' lang='grc' dir='ltr'><strong>τοῦ</strong></span> <span class='ocrx_word' id='word_1_582' title='bbox 3250 2507 3408 2574; x_wconf 85' lang='grc' dir='ltr'><strong>λόγου</strong></span> <span class='ocrx_word' id='word_1_583' title='bbox 3454 2505 3755 2575; x_wconf 79' lang='grc' dir='ltr'><strong>πλημμελεῖν</strong></span> 
     </span>
    </p>
   </div>
   <div class='ocr_carea' id='block_1_83' title="bbox 2209 2595 3754 2667">
    <p class='ocr_par' dir='ltr' id='par_1_83' title="bbox 2209 2595 3754 2667">
     <span class='ocr_line' id='line_1_83' title="bbox 2209 2595 3754 2667; baseline -0.005 -13"><span class='ocrx_word' id='word_1_584' title='bbox 2209 2602 2356 2654; x_wconf 86' lang='grc' dir='ltr'><strong>δοκεῖ</strong></span> <span class='ocrx_word' id='word_1_585' title='bbox 2399 2601 2581 2663; x_wconf 81' lang='grc' dir='ltr'><strong>οὐσίας</strong></span> <span class='ocrx_word' id='word_1_586' title='bbox 2640 2600 2759 2651; x_wconf 70' lang='grc' dir='ltr'><strong>ἀντὶ</strong></span> <span class='ocrx_word' id='word_1_587' title='bbox 2799 2600 3147 2652; x_wconf 85' lang='grc' dir='ltr'><strong>ὐποστάσεων</strong></span> <span class='ocrx_word' id='word_1_588' title='bbox 3197 2598 3498 2667; x_wconf 76' lang='grc' dir='ltr'><strong>ὀνομάζων,</strong></span> <span class='ocrx_word' id='word_1_589' title='bbox 3556 2598 3624 2649; x_wconf 91' lang='grc' dir='ltr'><strong>Οὐ</strong></span> <span class='ocrx_word' id='word_1_590' title='bbox 3670 2595 3754 2667; x_wconf 82' lang='grc' dir='ltr'><strong>γὰρ</strong></span> 
     </span>
    </p>
   </div>
   <div class='ocr_carea' id='block_1_84' title="bbox 2209 2687 3757 2759">
    <p class='ocr_par' dir='ltr' id='par_1_84' title="bbox 2209 2687 3757 2759">
     <span class='ocr_line' id='line_1_84' title="bbox 2209 2687 3757 2759; baseline -0.003 -17"><span class='ocrx_word' id='word_1_591' title='bbox 2209 2691 2307 2743; x_wconf 81' lang='grc' dir='ltr'><strong>ὅσα</strong></span> <span class='ocrx_word' id='word_1_592' title='bbox 2333 2689 2422 2742; x_wconf 81' lang='grc' dir='ltr'><strong>τὸν</strong></span> <span class='ocrx_word' id='word_1_593' title='bbox 2450 2690 2548 2759; x_wconf 77' lang='grc' dir='ltr'><strong>τῆς</strong></span> <span class='ocrx_word' id='word_1_594' title='bbox 2585 2689 2767 2751; x_wconf 88' lang='grc' dir='ltr'><strong>οὐσίας</strong></span> <span class='ocrx_word' id='word_1_595' title='bbox 2796 2688 2951 2755; x_wconf 88' lang='grc' dir='ltr'><strong>λόγον</strong></span> <span class='ocrx_word' id='word_1_596' title='bbox 2982 2687 3073 2739; x_wconf 83' lang='grc' dir='ltr'><strong>τὸν</strong></span> <span class='ocrx_word' id='word_1_597' title='bbox 3099 2688 3258 2740; x_wconf 80' lang='grc' dir='ltr'><strong>αὐτὸν</strong></span> <span class='ocrx_word' id='word_1_598' title='bbox 3290 2688 3404 2757; x_wconf 76' lang='grc' dir='ltr'><strong>ἔχει</strong></span> <span class='ocrx_word' id='word_1_599' title='bbox 3424 2727 3439 2749; x_wconf 95' lang='grc'><strong>,</strong></span> <span class='ocrx_word' id='word_1_600' title='bbox 3468 2687 3656 2757; x_wconf 83' lang='grc' dir='ltr'><strong>ὁμοίως</strong></span> <span class='ocrx_word' id='word_1_601' title='bbox 3680 2688 3757 2738; x_wconf 72' lang='grc' dir='ltr'><strong>καὶ</strong></span> 
     </span>
    </p>
   </div>
   <div class='ocr_carea' id='block_1_85' title="bbox 2209 2777 3759 2851">
    <p class='ocr_par' dir='ltr' id='par_1_85' title="bbox 2209 2777 3759 2851">
     <span class='ocr_line' id='line_1_85' title="bbox 2209 2777 3759 2851; baseline -0.003 -18"><span class='ocrx_word' id='word_1_602' title='bbox 2209 2781 2302 2833; x_wconf 74' lang='grc' dir='ltr'><strong>ἐπὶ</strong></span> <span class='ocrx_word' id='word_1_603' title='bbox 2334 2783 2398 2851; x_wconf 85' lang='grc' dir='ltr'><strong>τῇ</strong></span> <span class='ocrx_word' id='word_1_604' title='bbox 2445 2779 2736 2832; x_wconf 73' lang='grc' dir='ltr'><strong>ὑποστάσει</strong></span> <span class='ocrx_word' id='word_1_605' title='bbox 2770 2782 2834 2849; x_wconf 82' lang='grc' dir='ltr'><strong>τῇ</strong></span> <span class='ocrx_word' id='word_1_606' title='bbox 2865 2779 3113 2832; x_wconf 79' lang='grc' dir='ltr'><strong>ἀποδόσει</strong></span> <span class='ocrx_word' id='word_1_607' title='bbox 3145 2777 3237 2831; x_wconf 80' lang='grc' dir='ltr'><strong>τοῦ</strong></span> <span class='ocrx_word' id='word_1_608' title='bbox 3270 2778 3431 2846; x_wconf 80' lang='grc' dir='ltr'><strong>λόγου</strong></span> <span class='ocrx_word' id='word_1_609' title='bbox 3474 2778 3759 2847; x_wconf 80' lang='grc' dir='ltr'><strong>συνενεχθή-</strong></span> 
     </span>
    </p>
   </div>
   <div class='ocr_carea' id='block_1_86' title="bbox 2211 2866 3757 2938">
    <p class='ocr_par' dir='ltr' id='par_1_86' title="bbox 2211 2866 3757 2938">
     <span class='ocr_line' id='line_1_86' title="bbox 2211 2866 3757 2938; baseline 0 -19"><span class='ocrx_word' id='word_1_610' title='bbox 2211 2884 2379 2920; x_wconf 84' lang='grc' dir='ltr'><strong>σεται.</strong></span> <span class='ocrx_word' id='word_1_611' title='bbox 2424 2868 2627 2938; x_wconf 82' lang='grc' dir='ltr'><strong>Πετρὸς</strong></span> <span class='ocrx_word' id='word_1_612' title='bbox 2661 2867 2768 2935; x_wconf 80' lang='grc' dir='ltr'><strong>γὰρ</strong></span> <span class='ocrx_word' id='word_1_613' title='bbox 2801 2869 2894 2919; x_wconf 71' lang='grc' dir='ltr'><strong>καὶ</strong></span> <span class='ocrx_word' id='word_1_614' title='bbox 2933 2866 3145 2929; x_wconf 77' lang='grc' dir='ltr'><strong>Ἰακὼϐ,</strong></span> <span class='ocrx_word' id='word_1_615' title='bbox 3181 2868 3273 2920; x_wconf 75' lang='grc' dir='ltr'><strong>καὶ</strong></span> <span class='ocrx_word' id='word_1_616' title='bbox 3312 2868 3568 2938; x_wconf 78' lang='grc' dir='ltr'><strong>Ἰωάννης</strong></span> <span class='ocrx_word' id='word_1_617' title='bbox 3592 2871 3645 2920; x_wconf 81' lang='grc' dir='ltr'><strong>ὲν</strong></span> <span class='ocrx_word' id='word_1_618' title='bbox 3675 2869 3757 2938; x_wconf 83' lang='grc' dir='ltr'><strong>μὲν</strong></span> 
     </span>
    </p>
   </div>
   <div class='ocr_carea' id='block_1_87' title="bbox 2208 2954 3759 3029">
    <p class='ocr_par' dir='ltr' id='par_1_87' title="bbox 2208 2954 3759 3029">
     <span class='ocr_line' id='line_1_87' title="bbox 2208 2954 3759 3029; baseline -0.001 -18"><span class='ocrx_word' id='word_1_619' title='bbox 2208 2959 2285 3029; x_wconf 85' lang='grc' dir='ltr'><strong>τῷ</strong></span> <span class='ocrx_word' id='word_1_620' title='bbox 2312 2959 2453 3029; x_wconf 79' lang='grc' dir='ltr'><strong>λόγῳ</strong></span> <span class='ocrx_word' id='word_1_621' title='bbox 2485 2959 2583 3029; x_wconf 78' lang='grc' dir='ltr'><strong>τῆς</strong></span> <span class='ocrx_word' id='word_1_622' title='bbox 2609 2958 2794 3019; x_wconf 86' lang='grc' dir='ltr'><strong>οὐσίας</strong></span> <span class='ocrx_word' id='word_1_623' title='bbox 2818 2999 2832 3023; x_wconf 90' lang='grc'><strong>,</strong></span> <span class='ocrx_word' id='word_1_624' title='bbox 2863 2959 2911 3010; x_wconf 82' lang='grc' dir='ltr'><strong>οἱ</strong></span> <span class='ocrx_word' id='word_1_625' title='bbox 2941 2958 3091 3011; x_wconf 74' lang='grc' dir='ltr'><strong>αὐτοὶ</strong></span> <span class='ocrx_word' id='word_1_626' title='bbox 3121 2954 3259 3028; x_wconf 80' lang='grc' dir='ltr'><strong>ἦσαν</strong></span> <span class='ocrx_word' id='word_1_627' title='bbox 3281 2958 3531 3029; x_wconf 81' lang='grc' dir='ltr'><strong>ἀλλήλοις</strong></span> <span class='ocrx_word' id='word_1_628' title='bbox 3560 2959 3759 3029; x_wconf 83' lang='grc' dir='ltr'><strong>(ἄνθρω-</strong></span> 
     </span>
    </p>
   </div>
   <div class='ocr_carea' id='block_1_88' title="bbox 2209 3049 3756 3121">
    <p class='ocr_par' dir='ltr' id='par_1_88' title="bbox 2209 3049 3756 3121">
     <span class='ocr_line' id='line_1_88' title="bbox 2209 3049 3756 3121; baseline -0.001 -17"><span class='ocrx_word' id='word_1_629' title='bbox 2209 3067 2311 3114; x_wconf 85' lang='grc' dir='ltr'><strong>πος</strong></span> <span class='ocrx_word' id='word_1_630' title='bbox 2344 3052 2451 3121; x_wconf 81' lang='grc' dir='ltr'><strong>γάρ</strong></span> <span class='ocrx_word' id='word_1_631' title='bbox 2480 3050 2681 3103; x_wconf 87' lang='grc' dir='ltr'><strong>τούτων</strong></span> <span class='ocrx_word' id='word_1_632' title='bbox 2724 3051 2994 3120; x_wconf 74' lang='grc' dir='ltr'><strong>ἕκαστος),</strong></span> <span class='ocrx_word' id='word_1_633' title='bbox 3028 3052 3082 3101; x_wconf 81' lang='grc' dir='ltr'><strong>ὲν</strong></span> <span class='ocrx_word' id='word_1_634' title='bbox 3131 3049 3186 3101; x_wconf 81' lang='grc' dir='ltr'><strong>δὲ</strong></span> <span class='ocrx_word' id='word_1_635' title='bbox 3234 3052 3346 3112; x_wconf 86' lang='grc' dir='ltr'><strong>τοῖς</strong></span> <span class='ocrx_word' id='word_1_636' title='bbox 3400 3049 3640 3119; x_wconf 85' lang='grc' dir='ltr'><strong>ίδιώμασι</strong></span> <span class='ocrx_word' id='word_1_637' title='bbox 3674 3051 3756 3119; x_wconf 79' lang='grc' dir='ltr'><strong>τῆς</strong></span> 
     </span>
    </p>
   </div>
   <div class='ocr_carea' id='block_1_89' title="bbox 2213 3140 3758 3212">
    <p class='ocr_par' dir='ltr' id='par_1_89' title="bbox 2213 3140 3758 3212">
     <span class='ocr_line' id='line_1_89' title="bbox 2213 3140 3758 3212; baseline -0.003 -16"><span class='ocrx_word' id='word_1_638' title='bbox 2213 3145 2442 3196; x_wconf 75' lang='grc' dir='ltr'><strong>ἑκάστου</strong></span> <span class='ocrx_word' id='word_1_639' title='bbox 2498 3142 2674 3195; x_wconf 80' lang='grc' dir='ltr'><strong>αὐτῶν</strong></span> <span class='ocrx_word' id='word_1_640' title='bbox 2733 3143 3120 3204; x_wconf 80' lang='grc' dir='ltr'><strong>ὑποστάσεως,</strong></span> <span class='ocrx_word' id='word_1_641' title='bbox 3169 3140 3419 3212; x_wconf 82' lang='grc' dir='ltr'><strong>ἀλλήλοις</strong></span> <span class='ocrx_word' id='word_1_642' title='bbox 3462 3142 3523 3193; x_wconf 91' lang='grc' dir='ltr'><strong>οὐ</strong></span> <span class='ocrx_word' id='word_1_643' title='bbox 3561 3141 3758 3207; x_wconf 67' lang='grc' dir='ltr'><strong>συνεφέ-</strong></span> 
     </span>
    </p>
   </div>
   <div class='ocr_carea' id='block_1_90' title="bbox 2218 3230 3757 3306">
    <p class='ocr_par' dir='ltr' id='par_1_90' title="bbox 2218 3230 3757 3306">
     <span class='ocr_line' id='line_1_90' title="bbox 2218 3230 3757 3306; baseline -0.004 -19"><span class='ocrx_word' id='word_1_644' title='bbox 2218 3252 2389 3306; x_wconf 87' lang='grc' dir='ltr'><strong>ροντο.</strong></span> <span class='ocrx_word' id='word_1_645' title='bbox 2424 3234 2629 3287; x_wconf 77' lang='grc' dir='ltr'><strong>Οὐκοῦν</strong></span> <span class='ocrx_word' id='word_1_646' title='bbox 2662 3236 2709 3286; x_wconf 87' lang='grc' dir='ltr'><strong>εἰ</strong></span> <span class='ocrx_word' id='word_1_647' title='bbox 2752 3235 2849 3303; x_wconf 78' lang='grc' dir='ltr'><strong>μὲν</strong></span> <span class='ocrx_word' id='word_1_648' title='bbox 2872 3230 3027 3285; x_wconf 79' lang='grc' dir='ltr'><strong>τοῦτο</strong></span> <span class='ocrx_word' id='word_1_649' title='bbox 3069 3232 3460 3296; x_wconf 76' lang='grc' dir='ltr'><strong>κατεσκεύαζε,</strong></span> <span class='ocrx_word' id='word_1_650' title='bbox 3481 3232 3540 3285; x_wconf 79' lang='grc' dir='ltr'><strong>τὸ</strong></span> <span class='ocrx_word' id='word_1_651' title='bbox 3580 3233 3646 3303; x_wconf 79' lang='grc' dir='ltr'><strong>μὴ</strong></span> <span class='ocrx_word' id='word_1_652' title='bbox 3667 3232 3757 3286; x_wconf 81' lang='grc' dir='ltr'><strong>δεῖν</strong></span> 
     </span>
    </p>
   </div>
   <div class='ocr_carea' id='block_1_91' title="bbox 2216 3321 3757 3395">
    <p class='ocr_par' dir='ltr' id='par_1_91' title="bbox 2216 3321 3757 3395">
     <span class='ocr_line' id='line_1_91' title="bbox 2216 3321 3757 3395; baseline -0.003 -18"><span class='ocrx_word' id='word_1_653' title='bbox 2216 3325 2404 3395; x_wconf 81' lang='grc' dir='ltr'><strong>φύρειν</strong></span> <span class='ocrx_word' id='word_1_654' title='bbox 2450 3327 2548 3386; x_wconf 76' lang='grc' dir='ltr'><strong>τὰς</strong></span> <span class='ocrx_word' id='word_1_655' title='bbox 2578 3323 2925 3384; x_wconf 86' lang='grc' dir='ltr'><strong>ὑποστάσεις,</strong></span> <span class='ocrx_word' id='word_1_656' title='bbox 2959 3323 3049 3374; x_wconf 80' lang='grc' dir='ltr'><strong>καὶ</strong></span> <span class='ocrx_word' id='word_1_657' title='bbox 3093 3321 3171 3373; x_wconf 74' lang='grc' dir='ltr'><strong>ἐνὶ</strong></span> <span class='ocrx_word' id='word_1_658' title='bbox 3206 3321 3480 3392; x_wconf 78' lang='grc' dir='ltr'><strong>προσώπῳ</strong></span> <span class='ocrx_word' id='word_1_659' title='bbox 3517 3322 3607 3383; x_wconf 79' lang='grc' dir='ltr'><strong>τὰς</strong></span> <span class='ocrx_word' id='word_1_660' title='bbox 3631 3323 3757 3390; x_wconf 81' lang='grc' dir='ltr'><strong>τρεῖς</strong></span> 
     </span>
    </p>
   </div>
   <div class='ocr_carea' id='block_1_92' title="bbox 2214 3409 3757 3486">
    <p class='ocr_par' dir='ltr' id='par_1_92' title="bbox 2214 3409 3757 3486">
     <span class='ocr_line' id='line_1_92' title="bbox 2214 3409 3757 3486; baseline -0.003 -19"><span class='ocrx_word' id='word_1_661' title='bbox 2214 3414 2542 3485; x_wconf 72' lang='grc' dir='ltr'><strong>ἐφαρμόζειν</strong></span> <span class='ocrx_word' id='word_1_662' title='bbox 2582 3414 2951 3486; x_wconf 84' lang='grc' dir='ltr'><strong>προσηγορίας</strong></span> <span class='ocrx_word' id='word_1_663' title='bbox 2974 3455 2987 3477; x_wconf 93' lang='grc'><strong>,</strong></span> <span class='ocrx_word' id='word_1_664' title='bbox 3036 3413 3255 3477; x_wconf 80' lang='grc' dir='ltr'><strong>Πιστὸς</strong></span> <span class='ocrx_word' id='word_1_665' title='bbox 3284 3413 3350 3466; x_wconf 88' lang='grc' dir='ltr'><strong>ἂν</strong></span> <span class='ocrx_word' id='word_1_666' title='bbox 3385 3409 3473 3484; x_wconf 78' lang='grc' dir='ltr'><strong>ἦν,</strong></span> <span class='ocrx_word' id='word_1_667' title='bbox 3512 3412 3645 3466; x_wconf 79' lang='grc' dir='ltr'><strong>κατὰ</strong></span> <span class='ocrx_word' id='word_1_668' title='bbox 3676 3413 3757 3481; x_wconf 76' lang='grc' dir='ltr'><strong>τὴν</strong></span> 
     </span>
    </p>
   </div>
   <div class='ocr_carea' id='block_1_93' title="bbox 2211 3502 3759 3576">
    <p class='ocr_par' dir='ltr' id='par_1_93' title="bbox 2211 3502 3759 3576">
     <span class='ocr_line' id='line_1_93' title="bbox 2211 3502 3759 3576; baseline -0.001 -18"><span class='ocrx_word' id='word_1_669' title='bbox 2211 3507 2304 3559; x_wconf 80' lang='grc' dir='ltr'><strong>τοῦ</strong></span> <span class='ocrx_word' id='word_1_670' title='bbox 2340 3506 2655 3559; x_wconf 86' lang='grc' dir='ltr'><strong>’Λποστόλου</strong></span> <span class='ocrx_word' id='word_1_671' title='bbox 2692 3505 3017 3576; x_wconf 86' lang='grc' dir='ltr'><strong>μαρτυρίαν,</strong></span> <span class='ocrx_word' id='word_1_672' title='bbox 3055 3508 3086 3558; x_wconf 86' lang='grc' dir='ltr'><em>ὀ</em></span> <span class='ocrx_word' id='word_1_673' title='bbox 3118 3505 3298 3574; x_wconf 71' lang='grc' dir='ltr'><strong>λόγος</strong></span> <span class='ocrx_word' id='word_1_674' title='bbox 3326 3504 3507 3570; x_wconf 79' lang='grc' dir='ltr'><strong>αὐτῷ,</strong></span> <span class='ocrx_word' id='word_1_675' title='bbox 3546 3504 3634 3557; x_wconf 82' lang='grc' dir='ltr'><strong>καί</strong></span> <span class='ocrx_word' id='word_1_676' title='bbox 3667 3502 3759 3556; x_wconf 68' lang='grc' dir='ltr'><strong>πάι</strong></span> 
     </span>
    </p>
   </div>
   <div class='ocr_carea' id='block_1_94' title="bbox 2212 3596 3756 3668">
    <p class='ocr_par' dir='ltr' id='par_1_94' title="bbox 2212 3596 3756 3668">
     <span class='ocr_line' id='line_1_94' title="bbox 2212 3596 3756 3668; baseline -0.004 -17"><span class='ocrx_word' id='word_1_677' title='bbox 2212 3614 2329 3667; x_wconf 83' lang='grc' dir='ltr'><strong>σης</strong></span> <span class='ocrx_word' id='word_1_678' title='bbox 2345 3596 2648 3668; x_wconf 74' lang='grc' dir='ltr'><strong>ἀποδοχῆς</strong></span> <span class='ocrx_word' id='word_1_679' title='bbox 2669 3598 2857 3662; x_wconf 76' lang='grc' dir='ltr'><strong>ἄξιος.</strong></span> <span class='ocrx_word' id='word_1_680' title='bbox 2901 3597 3049 3649; x_wconf 76' lang='grc' dir='ltr'><strong>Ἐπεὶ</strong></span> <span class='ocrx_word' id='word_1_681' title='bbox 3071 3596 3125 3648; x_wconf 73' lang='grc' dir='ltr'><strong>δὲ</strong></span> <span class='ocrx_word' id='word_1_682' title='bbox 3150 3597 3209 3649; x_wconf 86' lang='grc' dir='ltr'><strong>οὐ</strong></span> <span class='ocrx_word' id='word_1_683' title='bbox 3233 3597 3369 3666; x_wconf 70' lang='grc' dir='ltr'><strong>πρὸς</strong></span> <span class='ocrx_word' id='word_1_684' title='bbox 3398 3596 3551 3649; x_wconf 79' lang='grc' dir='ltr'><strong>τοῦτο</strong></span> <span class='ocrx_word' id='word_1_685' title='bbox 3578 3596 3756 3668; x_wconf 83' lang='grc' dir='ltr'><strong>βλέπει,</strong></span> 
     </span>
    </p>
   </div>
   <div class='ocr_carea' id='block_1_95' title="bbox 2211 3672 3758 3758">
    <p class='ocr_par' dir='ltr' id='par_1_95' title="bbox 2211 3672 3758 3758">
     <span class='ocr_line' id='line_1_95' title="bbox 2211 3672 3758 3758; baseline -0.003 -15"><span class='ocrx_word' id='word_1_686' title='bbox 2211 3691 2328 3743; x_wconf 79' lang='grc' dir='ltr'><strong>οὐδὲ</strong></span> <span class='ocrx_word' id='word_1_687' title='bbox 2357 3690 2457 3753; x_wconf 72' lang='grc' dir='ltr'><strong>τὰς</strong></span> <span class='ocrx_word' id='word_1_688' title='bbox 2487 3690 2811 3751; x_wconf 79' lang='grc' dir='ltr'><strong>ὑποστάσεις</strong></span> <span class='ocrx_word' id='word_1_689' title='bbox 2852 3690 2944 3741; x_wconf 80' lang='grc' dir='ltr'><strong>ἀπ’</strong></span> <span class='ocrx_word' id='word_1_690' title='bbox 2973 3687 3215 3757; x_wconf 78' lang='grc' dir='ltr'><strong>ἀλλήλων</strong></span> <span class='ocrx_word' id='word_1_691' title='bbox 3243 3672 3354 3751; x_wconf 79' lang='grc' dir='ltr'><strong>τοῖς</strong></span> <span class='ocrx_word' id='word_1_692' title='bbox 3390 3685 3758 3758; x_wconf 81' lang='grc' dir='ltr'><strong>ὲπιθεωρουμέ-</strong></span> 
     </span>
    </p>
   </div>
   <div class='ocr_carea' id='block_1_96' title="bbox 2212 3763 3756 3851">
    <p class='ocr_par' dir='ltr' id='par_1_96' title="bbox 2212 3776 3756 3851">
     <span class='ocr_line' id='line_1_96' title="bbox 2212 3776 3756 3851; baseline -0.005 -17"><span class='ocrx_word' id='word_1_693' title='bbox 2212 3799 2321 3846; x_wconf 89' lang='grc' dir='ltr'><strong>νοις</strong></span> <span class='ocrx_word' id='word_1_694' title='bbox 2351 3780 2920 3851; x_wconf 79' lang='grc' dir='ltr'><strong>ἰδιώμασιδιακρίνων,</strong></span> <span class='ocrx_word' id='word_1_695' title='bbox 2952 3778 3124 3832; x_wconf 81' lang='grc' dir='ltr'><strong>ταῦτά</strong></span> <span class='ocrx_word' id='word_1_696' title='bbox 3152 3795 3336 3849; x_wconf 79' lang='grc' dir='ltr'><strong>φησιν,</strong></span> <span class='ocrx_word' id='word_1_697' title='bbox 3367 3779 3482 3831; x_wconf 80' lang='grc' dir='ltr'><strong>ἀλλ’</strong></span> <span class='ocrx_word' id='word_1_698' title='bbox 3501 3780 3658 3847; x_wconf 79' lang='grc' dir='ltr'><strong>αὐτὴν</strong></span> <span class='ocrx_word' id='word_1_699' title='bbox 3677 3776 3756 3844; x_wconf 71' lang='grc' dir='ltr'><strong>τὴν</strong></span> 
     </span>
    </p>
   </div>
   <div class='ocr_carea' id='block_1_97' title="bbox 2213 3866 3757 3944">
    <p class='ocr_par' dir='ltr' id='par_1_97' title="bbox 2213 3866 3757 3944">
     <span class='ocr_line' id='line_1_97' title="bbox 2213 3866 3757 3944; baseline -0.005 -18"><span class='ocrx_word' id='word_1_700' title='bbox 2213 3874 2575 3944; x_wconf 82' lang='grc' dir='ltr'><strong>ὑποκειμένην</strong></span> <span class='ocrx_word' id='word_1_701' title='bbox 2606 3872 2790 3924; x_wconf 85' lang='grc' dir='ltr'><strong>οὐσίαν</strong></span> <span class='ocrx_word' id='word_1_702' title='bbox 2816 3870 3107 3942; x_wconf 87' lang='grc' dir='ltr'><strong>ἀλλοτρίως</strong></span> <span class='ocrx_word' id='word_1_703' title='bbox 3133 3870 3266 3942; x_wconf 87' lang='grc' dir='ltr'><strong>πρὸς</strong></span> <span class='ocrx_word' id='word_1_704' title='bbox 3289 3869 3391 3940; x_wconf 80' lang='grc' dir='ltr'><strong>τὴν</strong></span> <span class='ocrx_word' id='word_1_705' title='bbox 3414 3870 3617 3940; x_wconf 80' lang='grc' dir='ltr'><strong>ἑτέραν,</strong></span> <span class='ocrx_word' id='word_1_706' title='bbox 3646 3866 3757 3937; x_wconf 73' lang='grc' dir='ltr'><strong>μᾶλ-</strong></span> 
     </span>
    </p>
   </div>
   <div class='ocr_carea' id='block_1_98' title="bbox 2210 3957 3756 4038">
    <p class='ocr_par' dir='ltr' id='par_1_98' title="bbox 2210 3957 3756 4038">
     <span class='ocr_line' id='line_1_98' title="bbox 2210 3957 3756 4038; baseline -0.006 -21"><span class='ocrx_word' id='word_1_707' title='bbox 2210 3965 2298 4019; x_wconf 89' lang='grc' dir='ltr'><strong>λον</strong></span> <span class='ocrx_word' id='word_1_708' title='bbox 2323 3966 2378 4019; x_wconf 81' lang='grc' dir='ltr'><strong>δὲ</strong></span> <span class='ocrx_word' id='word_1_709' title='bbox 2405 3965 2542 4038; x_wconf 76' lang='grc' dir='ltr'><strong>πρὸς</strong></span> <span class='ocrx_word' id='word_1_710' title='bbox 2570 3963 2768 4034; x_wconf 79' lang='grc' dir='ltr'><strong>ἑαυτὴν</strong></span> <span class='ocrx_word' id='word_1_711' title='bbox 2792 3962 2932 4032; x_wconf 75' lang='grc' dir='ltr'><strong>ἔχειν</strong></span> <span class='ocrx_word' id='word_1_712' title='bbox 2956 3962 3374 4026; x_wconf 78' lang='grc' dir='ltr'><strong>κατασκευάζει,</strong></span> <span class='ocrx_word' id='word_1_713' title='bbox 3407 3963 3498 4014; x_wconf 75' lang='grc' dir='ltr'><strong>καὶ</strong></span> <span class='ocrx_word' id='word_1_714' title='bbox 3518 3959 3601 4012; x_wconf 83' lang='grc' dir='ltr'><strong>διὰ</strong></span> <span class='ocrx_word' id='word_1_715' title='bbox 3622 3957 3756 4011; x_wconf 86' lang='grc' dir='ltr'><strong>τοῦτο</strong></span> 
     </span>
    </p>
   </div>
   <div class='ocr_carea' id='block_1_99' title="bbox 2213 4050 3756 4125">
    <p class='ocr_par' dir='ltr' id='par_1_99' title="bbox 2213 4050 3756 4125">
     <span class='ocr_line' id='line_1_99' title="bbox 2213 4050 3756 4125; baseline -0.008 -13"><span class='ocrx_word' id='word_1_716' title='bbox 2213 4059 2409 4121; x_wconf 79' lang='grc' dir='ltr'><strong>πολλὰς</strong></span> <span class='ocrx_word' id='word_1_717' title='bbox 2429 4058 2615 4119; x_wconf 81' lang='grc' dir='ltr'><strong>οὐσίας</strong></span> <span class='ocrx_word' id='word_1_718' title='bbox 2632 4054 2903 4125; x_wconf 74' lang='grc' dir='ltr'><strong>ὀνομάζει,</strong></span> <span class='ocrx_word' id='word_1_719' title='bbox 2932 4052 3006 4115; x_wconf 82' lang='grc' dir='ltr'><strong>ὡς</strong></span> <span class='ocrx_word' id='word_1_720' title='bbox 3036 4052 3269 4120; x_wconf 78' lang='grc' dir='ltr'><strong>ἑκάστης</strong></span> <span class='ocrx_word' id='word_1_721' title='bbox 3302 4052 3601 4115; x_wconf 78' lang='grc' dir='ltr'><strong>ἰδιάζουσαν</strong></span> <span class='ocrx_word' id='word_1_722' title='bbox 3627 4050 3756 4118; x_wconf 77' lang='grc' dir='ltr'><strong>ἐχού-</strong></span> 
     </span>
    </p>
   </div>
   <div class='ocr_carea' id='block_1_100' title="bbox 2212 4136 3756 4220">
    <p class='ocr_par' dir='ltr' id='par_1_100' title="bbox 2212 4136 3756 4220">
     <span class='ocr_line' id='line_1_100' title="bbox 2212 4136 3756 4220; baseline -0.01 -17"><span class='ocrx_word' id='word_1_723' title='bbox 2212 4168 2309 4220; x_wconf 85' lang='grc' dir='ltr'><strong>σης</strong></span> <span class='ocrx_word' id='word_1_724' title='bbox 2334 4148 2453 4201; x_wconf 80' lang='grc' dir='ltr'><strong>τινὰ</strong></span> <span class='ocrx_word' id='word_1_725' title='bbox 2478 4148 2575 4217; x_wconf 77' lang='grc' dir='ltr'><strong>τὴν</strong></span> <span class='ocrx_word' id='word_1_726' title='bbox 2614 4144 2749 4213; x_wconf 73' lang='grc' dir='ltr'><strong>πρὸς</strong></span> <span class='ocrx_word' id='word_1_727' title='bbox 2779 4144 2877 4206; x_wconf 81' lang='grc' dir='ltr'><strong>τὰς</strong></span> <span class='ocrx_word' id='word_1_728' title='bbox 2905 4142 3068 4205; x_wconf 78' lang='grc' dir='ltr'><strong>ἄλλας</strong></span> <span class='ocrx_word' id='word_1_729' title='bbox 3093 4141 3498 4213; x_wconf 85' lang='grc' dir='ltr'><strong>ἀλλοτριότητα,</strong></span> <span class='ocrx_word' id='word_1_730' title='bbox 3525 4141 3605 4194; x_wconf 73' lang='grc' dir='ltr'><strong>διὰ</strong></span> <span class='ocrx_word' id='word_1_731' title='bbox 3624 4136 3756 4192; x_wconf 83' lang='grc' dir='ltr'><strong>τοῦτό</strong></span> 
     </span>
    </p>
   </div>
   <div class='ocr_carea' id='block_1_101' title="bbox 2211 4229 3753 4313">
    <p class='ocr_par' dir='ltr' id='par_1_101' title="bbox 2211 4229 3753 4313">
     <span class='ocr_line' id='line_1_101' title="bbox 2211 4229 3753 4313; baseline -0.016 -8"><span class='ocrx_word' id='word_1_732' title='bbox 2211 4260 2352 4313; x_wconf 77' lang='grc' dir='ltr'><strong>φημι</strong></span> <span class='ocrx_word' id='word_1_733' title='bbox 2393 4240 2626 4309; x_wconf 82' lang='grc' dir='ltr'><strong>ἄναρχον</strong></span> <span class='ocrx_word' id='word_1_734' title='bbox 2672 4234 2818 4305; x_wconf 76' lang='grc' dir='ltr'><strong>αὐτῷ</strong></span> <span class='ocrx_word' id='word_1_735' title='bbox 2860 4237 2952 4297; x_wconf 76' lang='grc' dir='ltr'><strong>καὶ</strong></span> <span class='ocrx_word' id='word_1_736' title='bbox 2990 4234 3261 4301; x_wconf 79' lang='grc' dir='ltr'><strong>ἀκέφαλον</strong></span> <span class='ocrx_word' id='word_1_737' title='bbox 3307 4229 3449 4287; x_wconf 79' lang='grc' dir='ltr'><strong>εἶναι</strong></span> <span class='ocrx_word' id='word_1_738' title='bbox 3481 4234 3568 4287; x_wconf 82' lang='grc' dir='ltr'><strong>τὸν</strong></span> <span class='ocrx_word' id='word_1_739' title='bbox 3600 4232 3753 4299; x_wconf 87' lang='grc' dir='ltr'><strong>λόγον,</strong></span> 
     </span>
    </p>
   </div>
   <div class='ocr_carea' id='block_1_102' title="bbox 2211 4322 3755 4399">
    <p class='ocr_par' dir='ltr' id='par_1_102' title="bbox 2211 4322 3755 4399">
     <span class='ocr_line' id='line_1_102' title="bbox 2211 4322 3755 4399; baseline -0.009 -12"><span class='ocrx_word' id='word_1_740' title='bbox 2211 4334 2317 4387; x_wconf 77' lang='grc' dir='ltr'><strong>ἀπὸ</strong></span> <span class='ocrx_word' id='word_1_741' title='bbox 2349 4331 2558 4394; x_wconf 75' lang='grc' dir='ltr'><strong>οὐδενὸς</strong></span> <span class='ocrx_word' id='word_1_742' title='bbox 2588 4328 3012 4399; x_wconf 83' lang='grc' dir='ltr'><strong>ὁμολογουμένου</strong></span> <span class='ocrx_word' id='word_1_743' title='bbox 3034 4367 3049 4391; x_wconf 89' lang='grc'><strong>,</strong></span> <span class='ocrx_word' id='word_1_744' title='bbox 3079 4325 3217 4381; x_wconf 67' lang='grc' dir='ltr'><strong>κατὰ</strong></span> <span class='ocrx_word' id='word_1_745' title='bbox 3245 4325 3306 4379; x_wconf 80' lang='grc' dir='ltr'><strong>τὸ</strong></span> <span class='ocrx_word' id='word_1_746' title='bbox 3343 4325 3643 4384; x_wconf 85' lang='grc' dir='ltr'><strong>ἀκόλουθον,</strong></span> <span class='ocrx_word' id='word_1_747' title='bbox 3672 4322 3755 4389; x_wconf 78' lang='grc' dir='ltr'><strong>τὴν</strong></span> 
     </span>
    </p>
   </div>
   <div class='ocr_carea' id='block_1_103' title="bbox 2212 4415 3753 4497">
    <p class='ocr_par' dir='ltr' id='par_1_103' title="bbox 2212 4415 3753 4497">
     <span class='ocr_line' id='line_1_103' title="bbox 2212 4415 3753 4497; baseline -0.009 -17"><span class='ocrx_word' id='word_1_748' title='bbox 2212 4423 2555 4497; x_wconf 64' lang='grc' dir='ltr'><strong>βλασφημίαν</strong></span> <span class='ocrx_word' id='word_1_749' title='bbox 2600 4418 3093 4482; x_wconf 77' lang='grc' dir='ltr'><strong>κατασκευάζοντα.</strong></span> <span class='ocrx_word' id='word_1_750' title='bbox 3145 4418 3217 4470; x_wconf 81' lang='grc' dir='ltr'><strong>Οὐ</strong></span> <span class='ocrx_word' id='word_1_751' title='bbox 3253 4416 3364 4493; x_wconf 85' lang='grc' dir='ltr'><strong>γὰρ</strong></span> <span class='ocrx_word' id='word_1_752' title='bbox 3404 4418 3548 4479; x_wconf 81' lang='grc' dir='ltr'><strong>ὅπως</strong></span> <span class='ocrx_word' id='word_1_753' title='bbox 3587 4415 3646 4469; x_wconf 81' lang='grc' dir='ltr'><strong>ἄν</strong></span> <span class='ocrx_word' id='word_1_754' title='bbox 3684 4430 3753 4475; x_wconf 83' lang='grc' dir='ltr'><strong>τις</strong></span> 
     </span>
    </p>
   </div>
   <div class='ocr_carea' id='block_1_104' title="bbox 2212 4509 3754 4591">
    <p class='ocr_par' dir='ltr' id='par_1_104' title="bbox 2212 4509 3754 4591">
     <span class='ocr_line' id='line_1_104' title="bbox 2212 4509 3754 4591; baseline -0.007 -21"><span class='ocrx_word' id='word_1_755' title='bbox 2212 4515 2541 4591; x_wconf 79' lang='grc' dir='ltr'><strong>προσαχθείη</strong></span> <span class='ocrx_word' id='word_1_756' title='bbox 2584 4516 2648 4584; x_wconf 81' lang='grc' dir='ltr'><strong>τῇ</strong></span> <span class='ocrx_word' id='word_1_757' title='bbox 2680 4510 2898 4581; x_wconf 84' lang='grc' dir='ltr'><strong>τοιαύτῃ</strong></span> <span class='ocrx_word' id='word_1_758' title='bbox 2943 4510 3034 4567; x_wconf 84' lang='grc' dir='ltr'><strong>τοῦ</strong></span> <span class='ocrx_word' id='word_1_759' title='bbox 3071 4510 3339 4579; x_wconf 84' lang='grc' dir='ltr'><strong>δόγματος</strong></span> <span class='ocrx_word' id='word_1_760' title='bbox 3372 4509 3642 4579; x_wconf 69' lang='grc' dir='ltr'><strong>ὑπολήψει,</strong></span> <span class='ocrx_word' id='word_1_761' title='bbox 3676 4523 3754 4559; x_wconf 77' lang='grc' dir='ltr'><strong>κα-</strong></span> 
     </span>
    </p>
   </div>
   <div class='ocr_carea' id='block_1_105' title="bbox 2210 4602 3751 4679">
    <p class='ocr_par' dir='ltr' id='par_1_105' title="bbox 2210 4602 3751 4679">
     <span class='ocr_line' id='line_1_105' title="bbox 2210 4602 3751 4679; baseline -0.006 -17"><span class='ocrx_word' id='word_1_762' title='bbox 2210 4608 2476 4679; x_wconf 82' lang='grc' dir='ltr'><strong>τασκευὴν</strong></span> <span class='ocrx_word' id='word_1_763' title='bbox 2521 4606 2651 4676; x_wconf 73' lang='grc' dir='ltr'><strong>ἔχει·</strong></span> <span class='ocrx_word' id='word_1_764' title='bbox 2708 4605 2819 4661; x_wconf 84' lang='grc' dir='ltr'><strong>ἀλλ’</strong></span> <span class='ocrx_word' id='word_1_765' title='bbox 2863 4602 3049 4673; x_wconf 75' lang='grc' dir='ltr'><strong>ὥσπερ</strong></span> <span class='ocrx_word' id='word_1_766' title='bbox 3093 4604 3179 4656; x_wconf 74' lang='grc' dir='ltr'><strong>ἐπ’</strong></span> <span class='ocrx_word' id='word_1_767' title='bbox 3208 4604 3417 4674; x_wconf 83' lang='grc' dir='ltr'><strong>ὀνείρου</strong></span> <span class='ocrx_word' id='word_1_768' title='bbox 3457 4602 3751 4673; x_wconf 79' lang='grc' dir='ltr'><strong>διηγήσεως.</strong></span> 
     </span>
    </p>
   </div>
   <div class='ocr_carea' id='block_1_106' title="bbox 2208 4690 3754 4772">
    <p class='ocr_par' dir='ltr' id='par_1_106' title="bbox 2208 4690 3754 4772">
     <span class='ocr_line' id='line_1_106' title="bbox 2208 4690 3754 4772; baseline -0.009 -18"><span class='ocrx_word' id='word_1_769' title='bbox 2208 4700 2367 4772; x_wconf 75' lang='grc' dir='ltr'><strong>ψιλὴν</strong></span> <span class='ocrx_word' id='word_1_770' title='bbox 2401 4699 2493 4758; x_wconf 72' lang='grc' dir='ltr'><strong>καὶ</strong></span> <span class='ocrx_word' id='word_1_771' title='bbox 2535 4698 2905 4753; x_wconf 80' lang='grc' dir='ltr'><strong>ἀκατάσκευον</strong></span> <span class='ocrx_word' id='word_1_772' title='bbox 2932 4694 3246 4764; x_wconf 74' lang='grc' dir='ltr'><strong>ἐμπεριέχει</strong></span> <span class='ocrx_word' id='word_1_773' title='bbox 3277 4694 3375 4764; x_wconf 82' lang='grc' dir='ltr'><strong>τῆς</strong></span> <span class='ocrx_word' id='word_1_774' title='bbox 3405 4693 3645 4751; x_wconf 75' lang='grc' dir='ltr'><strong>ἀσεϐείας</strong></span> <span class='ocrx_word' id='word_1_775' title='bbox 3671 4690 3754 4758; x_wconf 72' lang='grc' dir='ltr'><strong>τὴν</strong></span> 
     </span>
    </p>
   </div>
   <div class='ocr_carea' id='block_1_107' title="bbox 2210 4781 3754 4859">
    <p class='ocr_par' dir='ltr' id='par_1_107' title="bbox 2210 4781 3754 4859">
     <span class='ocr_line' id='line_1_107' title="bbox 2210 4781 3754 4859; baseline -0.008 -13"><span class='ocrx_word' id='word_1_776' title='bbox 2210 4794 2440 4847; x_wconf 73' lang='grc' dir='ltr'><strong>ἔκθεσιν.</strong></span> <span class='ocrx_word' id='word_1_777' title='bbox 2475 4790 2585 4859; x_wconf 71' lang='grc' dir='ltr'><strong>Τῆς</strong></span> <span class='ocrx_word' id='word_1_778' title='bbox 2614 4788 2718 4858; x_wconf 70' lang='grc' dir='ltr'><strong>γὰρ</strong></span> <span class='ocrx_word' id='word_1_779' title='bbox 2754 4786 3071 4855; x_wconf 70' lang='grc' dir='ltr'><strong>Ἑκκλησίας</strong></span> <span class='ocrx_word' id='word_1_780' title='bbox 3099 4786 3560 4857; x_wconf 72' lang='grc' dir='ltr'><strong>δ’),γματιζούσης,</strong></span> <span class='ocrx_word' id='word_1_781' title='bbox 3595 4782 3664 4854; x_wconf 82' lang='grc' dir='ltr'><strong>μὴ</strong></span> <span class='ocrx_word' id='word_1_782' title='bbox 3688 4781 3754 4841; x_wconf 82' lang='grc' dir='ltr'><strong>είς</strong></span> 
     </span>
    </p>
   </div>
   <div class='ocr_carea' id='block_1_108' title="bbox 2208 4875 3753 4955">
    <p class='ocr_par' dir='ltr' id='par_1_108' title="bbox 2208 4875 3753 4955">
     <span class='ocr_line' id='line_1_108' title="bbox 2208 4875 3753 4955; baseline -0.01 -17"><span class='ocrx_word' id='word_1_783' title='bbox 2208 4883 2410 4955; x_wconf 80' lang='grc' dir='ltr'><strong>πλῆθος</strong></span> <span class='ocrx_word' id='word_1_784' title='bbox 2448 4882 2645 4935; x_wconf 85' lang='grc' dir='ltr'><strong>οὐσιῶν</strong></span> <span class='ocrx_word' id='word_1_785' title='bbox 2684 4880 2977 4950; x_wconf 70' lang='grc' dir='ltr'><strong>διασχίζειν</strong></span> <span class='ocrx_word' id='word_1_786' title='bbox 3021 4878 3117 4950; x_wconf 82' lang='grc' dir='ltr'><strong>τὴν</strong></span> <span class='ocrx_word' id='word_1_787' title='bbox 3150 4880 3349 4942; x_wconf 84' lang='grc' dir='ltr'><strong>πίστιν,</strong></span> <span class='ocrx_word' id='word_1_788' title='bbox 3380 4880 3494 4933; x_wconf 85' lang='grc' dir='ltr'><strong>ἀλλ’</strong></span> <span class='ocrx_word' id='word_1_789' title='bbox 3532 4880 3588 4930; x_wconf 73' lang='grc' dir='ltr'><strong>ὲν</strong></span> <span class='ocrx_word' id='word_1_790' title='bbox 3625 4875 3753 4945; x_wconf 59' lang='grc' dir='ltr'><strong>τρισὶ⁵</strong></span> 
     </span>
    </p>
   </div>
   <div class='ocr_carea' id='block_1_109' title="bbox 2207 4962 3752 5047">
    <p class='ocr_par' dir='ltr' id='par_1_109' title="bbox 2207 4962 3752 5047">
     <span class='ocr_line' id='line_1_109' title="bbox 2207 4962 3752 5047; baseline -0.006 -18"><span class='ocrx_word' id='word_1_791' title='bbox 2207 4974 2515 5047; x_wconf 85' lang='grc' dir='ltr'><strong>προσώποις</strong></span> <span class='ocrx_word' id='word_1_792' title='bbox 2546 4974 2642 5030; x_wconf 74' lang='grc' dir='ltr'><strong>καὶ,</strong></span> <span class='ocrx_word' id='word_1_793' title='bbox 2691 4972 3015 5027; x_wconf 82' lang='grc' dir='ltr'><strong>ὑποστάσεσι</strong></span> <span class='ocrx_word' id='word_1_794' title='bbox 3062 4971 3331 5043; x_wconf 82' lang='grc' dir='ltr'><strong>μηδεμίαν</strong></span> <span class='ocrx_word' id='word_1_795' title='bbox 3382 4971 3478 5042; x_wconf 77' lang='grc' dir='ltr'><strong>τὴν</strong></span> <span class='ocrx_word' id='word_1_796' title='bbox 3528 4968 3661 5022; x_wconf 79' lang='grc' dir='ltr'><strong>κατὰ</strong></span> <span class='ocrx_word' id='word_1_797' title='bbox 3702 4962 3752 5015; x_wconf 81' lang='grc' dir='ltr'><strong>τὸ</strong></span> 
     </span>
    </p>
   </div>
   <div class='ocr_carea' id='block_1_110' title="bbox 2209 5057 3751 5137">
    <p class='ocr_par' dir='ltr' id='par_1_110' title="bbox 2209 5057 3751 5137">
     <span class='ocr_line' id='line_1_110' title="bbox 2209 5057 3751 5137; baseline -0.01 -16"><span class='ocrx_word' id='word_1_798' title='bbox 2209 5064 2346 5122; x_wconf 77' lang='grc' dir='ltr'><strong>εἶναι</strong></span> <span class='ocrx_word' id='word_1_799' title='bbox 2379 5063 2639 5137; x_wconf 73' lang='grc' dir='ltr'><strong>διαφορὰν</strong></span> <span class='ocrx_word' id='word_1_800' title='bbox 2668 5063 2962 5129; x_wconf 80' lang='grc' dir='ltr'><strong>πιστεύειν,</strong></span> <span class='ocrx_word' id='word_1_801' title='bbox 2992 5063 3098 5116; x_wconf 84' lang='grc' dir='ltr'><strong>τῶν</strong></span> <span class='ocrx_word' id='word_1_802' title='bbox 3131 5064 3187 5116; x_wconf 87' lang='grc' dir='ltr'><strong>δὲ</strong></span> <span class='ocrx_word' id='word_1_803' title='bbox 3214 5063 3464 5117; x_wconf 83' lang='grc' dir='ltr'><strong>ἐναντίων</strong></span> <span class='ocrx_word' id='word_1_804' title='bbox 3506 5062 3559 5113; x_wconf 80' lang='grc' dir='ltr'><strong>ὲν</strong></span> <span class='ocrx_word' id='word_1_805' title='bbox 3587 5057 3751 5115; x_wconf 84' lang='grc' dir='ltr'><strong>αὐταῖς</strong></span> 
     </span>
    </p>
   </div>
   <div class='ocr_carea' id='block_1_111' title="bbox 2208 5148 3750 5228">
    <p class='ocr_par' dir='ltr' id='par_1_111' title="bbox 2208 5148 3750 5228">
     <span class='ocr_line' id='line_1_111' title="bbox 2208 5148 3750 5228; baseline -0.011 -16"><span class='ocrx_word' id='word_1_806' title='bbox 2208 5162 2327 5223; x_wconf 84' lang='grc' dir='ltr'><strong>ταῖς</strong></span> <span class='ocrx_word' id='word_1_807' title='bbox 2352 5158 2560 5219; x_wconf 87' lang='grc' dir='ltr'><strong>οὐσίαις</strong></span> <span class='ocrx_word' id='word_1_808' title='bbox 2600 5156 2700 5228; x_wconf 82' lang='grc' dir='ltr'><strong>τὴν</strong></span> <span class='ocrx_word' id='word_1_809' title='bbox 2735 5152 3107 5225; x_wconf 80' lang='grc' dir='ltr'><strong>παραλλαγὴν,</strong></span> <span class='ocrx_word' id='word_1_810' title='bbox 3155 5153 3247 5207; x_wconf 70' lang='grc' dir='ltr'><strong>καὶ</strong></span> <span class='ocrx_word' id='word_1_811' title='bbox 3293 5153 3395 5223; x_wconf 82' lang='grc' dir='ltr'><strong>τὴν</strong></span> <span class='ocrx_word' id='word_1_812' title='bbox 3423 5148 3750 5220; x_wconf 82' lang='grc' dir='ltr'><strong>ἀνομοιότητα</strong></span> 
     </span>
    </p>
   </div>
   <div class='ocr_carea' id='block_1_112' title="bbox 2206 5237 3750 5322">
    <p class='ocr_par' dir='ltr' id='par_1_112' title="bbox 2206 5237 3750 5322">
     <span class='ocr_line' id='line_1_112' title="bbox 2206 5237 3750 5322; baseline -0.01 -17"><span class='ocrx_word' id='word_1_813' title='bbox 2206 5251 2520 5322; x_wconf 83' lang='grc' dir='ltr'><strong>τιθεμένων,</strong></span> <span class='ocrx_word' id='word_1_814' title='bbox 2548 5242 2699 5309; x_wconf 72' lang='grc' dir='ltr'><strong>οὗτος</strong></span> <span class='ocrx_word' id='word_1_815' title='bbox 2729 5248 2786 5301; x_wconf 81' lang='grc' dir='ltr'><strong>τὸ</strong></span> <span class='ocrx_word' id='word_1_816' title='bbox 2817 5245 3003 5314; x_wconf 83' lang='grc' dir='ltr'><strong>μηδενὶ</strong></span> <span class='ocrx_word' id='word_1_817' title='bbox 3024 5246 3183 5315; x_wconf 84' lang='grc' dir='ltr'><strong>λόγῳ,</strong></span> <span class='ocrx_word' id='word_1_818' title='bbox 3219 5246 3353 5315; x_wconf 82' lang='grc' dir='ltr'><strong>μήτε</strong></span> <span class='ocrx_word' id='word_1_819' title='bbox 3377 5242 3595 5313; x_wconf 82' lang='grc' dir='ltr'><strong>δειχθὲν,</strong></span> <span class='ocrx_word' id='word_1_820' title='bbox 3625 5237 3750 5305; x_wconf 81' lang='grc' dir='ltr'><strong>μήτε</strong></span> 
     </span>
    </p>
   </div>
   <div class='ocr_carea' id='block_1_113' title="bbox 2207 5327 3750 5413">
    <p class='ocr_par' dir='ltr' id='par_1_113' title="bbox 2207 5327 3750 5413">
     <span class='ocr_line' id='line_1_113' title="bbox 2207 5327 3750 5413; baseline -0.012 -18"><span class='ocrx_word' id='word_1_821' title='bbox 2207 5342 2477 5413; x_wconf 78' lang='grc' dir='ltr'><strong>δειχθῆναι</strong></span> <span class='ocrx_word' id='word_1_822' title='bbox 2506 5340 2818 5408; x_wconf 85' lang='grc' dir='ltr'><strong>δυνάμενον,</strong></span> <span class='ocrx_word' id='word_1_823' title='bbox 2864 5336 2938 5399; x_wconf 82' lang='grc' dir='ltr'><strong>ὡς</strong></span> <span class='ocrx_word' id='word_1_824' title='bbox 2986 5334 3608 5407; x_wconf 82' lang='grc' dir='ltr'><strong>προκατεσκευασμένον,</strong></span> <span class='ocrx_word' id='word_1_825' title='bbox 3636 5327 3750 5394; x_wconf 85' lang='grc' dir='ltr'><strong>θαρ·</strong></span> 
     </span>
    </p>
   </div>
   <div class='ocr_carea' id='block_1_114' title="bbox 2211 5422 3747 5501">
    <p class='ocr_par' dir='ltr' id='par_1_114' title="bbox 2211 5422 3747 5501">
     <span class='ocr_line' id='line_1_114' title="bbox 2211 5422 3747 5501; baseline -0.011 -12"><span class='ocrx_word' id='word_1_826' title='bbox 2211 5435 2318 5495; x_wconf 86' lang='grc' dir='ltr'><strong>σῶν</strong></span> <span class='ocrx_word' id='word_1_827' title='bbox 2338 5432 2715 5501; x_wconf 74' lang='grc' dir='ltr'><strong>ἀποφαίνεται,</strong></span> <span class='ocrx_word' id='word_1_828' title='bbox 2742 5430 2877 5498; x_wconf 78' lang='grc' dir='ltr'><strong>τάχα</strong></span> <span class='ocrx_word' id='word_1_829' title='bbox 2904 5429 3113 5483; x_wconf 87' lang='grc' dir='ltr'><strong>οὐδέπω</strong></span> <span class='ocrx_word' id='word_1_830' title='bbox 3137 5428 3225 5483; x_wconf 73' lang='grc' dir='ltr'><strong>καὶ</strong></span> <span class='ocrx_word' id='word_1_831' title='bbox 3258 5427 3352 5483; x_wconf 79' lang='grc' dir='ltr'><strong>νῦν</strong></span> <span class='ocrx_word' id='word_1_832' title='bbox 3378 5430 3453 5499; x_wconf 85' lang='grc' dir='ltr'><strong>είς</strong></span> <span class='ocrx_word' id='word_1_833' title='bbox 3476 5422 3747 5479; x_wconf 83' lang='grc' dir='ltr'><strong>ἀκουόντων</strong></span> 
     </span>
    </p>
   </div>
   <div class='ocr_carea' id='block_1_115' title="bbox 2209 5508 3747 5594">
    <p class='ocr_par' dir='ltr' id='par_1_115' title="bbox 2209 5508 3747 5594">
     <span class='ocr_line' id='line_1_115' title="bbox 2209 5508 3747 5594; baseline -0.01 -16"><span class='ocrx_word' id='word_1_834' title='bbox 2209 5520 2321 5581; x_wconf 77' lang='grc' dir='ltr'><strong>ὦτα</strong></span> <span class='ocrx_word' id='word_1_835' title='bbox 2351 5524 2607 5594; x_wconf 82' lang='grc' dir='ltr'><strong>λαλήσας.</strong></span> <span class='ocrx_word' id='word_1_836' title='bbox 2637 5517 2711 5573; x_wconf 83' lang='grc' dir='ltr'>Ἦ</span> <span class='ocrx_word' id='word_1_837' title='bbox 2745 5521 2851 5588; x_wconf 82' lang='grc' dir='ltr'><strong>γὰρ</strong></span> <span class='ocrx_word' id='word_1_838' title='bbox 2876 5518 2942 5575; x_wconf 85' lang='grc' dir='ltr'><strong>ἂν</strong></span> <span class='ocrx_word' id='word_1_839' title='bbox 2973 5518 3218 5590; x_wconf 77' lang='grc' dir='ltr'><strong>ἐδιδάχθη</strong></span> <span class='ocrx_word' id='word_1_840' title='bbox 3252 5518 3384 5591; x_wconf 82' lang='grc' dir='ltr'><strong>πρὸς</strong></span> <span class='ocrx_word' id='word_1_841' title='bbox 3413 5517 3515 5571; x_wconf 84' lang='grc' dir='ltr'><strong>τῶν</strong></span> <span class='ocrx_word' id='word_1_842' title='bbox 3539 5508 3747 5571; x_wconf 79' lang='grc' dir='ltr'><strong>συνετῶς</strong></span> 
     </span>
    </p>
   </div>
   <div class='ocr_carea' id='block_1_116' title="bbox 2212 5601 3745 5689">
    <p class='ocr_par' dir='ltr' id='par_1_116' title="bbox 2212 5601 3745 5689">
     <span class='ocr_line' id='line_1_116' title="bbox 2212 5601 3745 5689; baseline -0.013 -15"><span class='ocrx_word' id='word_1_843' title='bbox 2212 5615 2595 5689; x_wconf 82' lang='grc' dir='ltr'><strong>ἀκροωμένων,</strong></span> <span class='ocrx_word' id='word_1_844' title='bbox 2646 5613 2726 5667; x_wconf 82' lang='grc' dir='ltr'><strong>ὅτι</strong></span> <span class='ocrx_word' id='word_1_845' title='bbox 2772 5613 2878 5677; x_wconf 81' lang='grc' dir='ltr'><strong>πᾶς</strong></span> <span class='ocrx_word' id='word_1_846' title='bbox 2922 5610 3073 5681; x_wconf 86' lang='grc' dir='ltr'><strong>λόγος</strong></span> <span class='ocrx_word' id='word_1_847' title='bbox 3116 5612 3218 5674; x_wconf 73' lang='grc' dir='ltr'><strong>ἕως</strong></span> <span class='ocrx_word' id='word_1_848' title='bbox 3267 5611 3333 5665; x_wconf 83' lang='grc' dir='ltr'><strong>ἂν</strong></span> <span class='ocrx_word' id='word_1_849' title='bbox 3362 5610 3493 5687; x_wconf 82' lang='grc' dir='ltr'><strong>κατ’</strong></span> <span class='ocrx_word' id='word_1_850' title='bbox 3530 5601 3745 5672; x_wconf 60' lang='grc' dir='ltr'><strong>ἐξουσίαν</strong></span> 
     </span>
    </p>
   </div>
  </div>
