3920 6476
180 262 256 318 331

176 380 517 441 ἀναπόδεικτος
562 376 784 447 φέρηται
817 418 830 439 ,

175 475 314 531 ἐστιν,
345 468 589 536 οὐδεμίαν
616 470 768 536 ἰσχὺν
798 466 936 537 ἔχων
966 470 1098 537 πρὸς
1122 468 1181 521 τὸ
1211 467 1379 532 δεῖξαι
1420 464 1484 520 δι’
1515 464 1705 519 ἑαυτοῦ

174 563 221 614 τὸ
252 558 578 628 ζητούμενον
630 560 758 613 ὅταν
808 560 1044 629 μηδεμία
1088 560 1415 629 συνηγορία.
1468 560 1602 630 μήτε
1646 562 1711 611 ὲκ

172 650 258 703 τῶν
298 648 446 701 θείων
493 649 703 717 φωνῶν.
761 651 898 720 μήτε
943 652 1006 703 ὲκ
1045 647 1319 719 λογισμῶν
1356 647 1711 717 ἀνθρωπίνων

172 745 258 803 τοῖς
304 741 606 811 λεγομένοις
658 743 954 810 ὲπάγηται.
995 742 1103 794 Καὶ
1148 741 1320 794 ταῦτα
1354 739 1455 809 μὲν
1501 739 1583 801 εἰς
1625 754 1713 790 το-

174 850 344 885 σοντον.

237 1104 405 1175 Ἡμεῖς
420 1103 477 1158 δὲ
492 1104 562 1157 τὰ
575 1105 698 1173 είνρνη
706 1104 844 1173 μένα
862 1104 1282 1174 διασκεψώμεθα
1292 1142 1307 1162 .
1333 1107 1380 1160 Ἀ
1390 1102 1715 1176 πλῆνεϊναι

169 1199 246 1251 καί
272 1197 458 1264 πάντη
472 1199 622 1266 μίαν
643 1200 777 1268 φησι
800 1199 1026 1251 τούτων
1041 1198 1310 1267 ἑκάστην
1330 1199 1448 1252 τῶν
1467 1202 1714 1265 οὐσιῶν,

170 1293 219 1353 Et;
232 1288 296 1359 τῷ
314 1289 449 1358 λόγῳ
470 1289 883 1343 άνετυπώσατο.
903 1290 1064 1343 Ἀλλὰ
1083 1292 1141 1343 τὺ
1162 1293 1257 1361 μὲν
1273 1292 1448 1361 ἁπλῆν
1465 1289 1716 1364 εἶναιτὴν

169 1382 288 1434 θείαν
305 1398 358 1433 τε
380 1379 473 1433 καὶ
510 1382 814 1453 μακαρίαν,
842 1384 933 1435 καὶ
964 1383 1141 1436 πάντα
1166 1383 1289 1437 νοῦν
1317 1384 1718 1456 ὑπεραίρουσαν

168 1473 314 1542 οὔτιν’
330 1473 446 1525 οὐδὲ
462 1476 591 1537 τοὺς
606 1475 745 1542 ἇγαν
767 1475 1073 1545 κτηνώδεις,
1092 1479 1183 1530 καὶ
1195 1478 1479 1541 ταπεινοὺς
1493 1478 1589 1549 τὴν
1608 1477 1722 1533 διά-

166 1582 286 1618 νοιαν
310 1564 607 1632 ἀντιλέγειν
640 1566 888 1635 οἰόμεθα.
915 1567 1026 1635 Τὴν
1058 1570 1166 1638 γὰρ
1182 1568 1331 1638 ἀειδῆ
1356 1586 1415 1621 τε
1438 1571 1529 1622 καὶ
1552 1573 1721 1640 άσχηα

169 1658 389 1727 μάτιστον
407 1657 771 1728 πηλικότητός
798 1676 856 1711 τε
879 1658 1076 1730 πάσης,
1102 1661 1195 1713 καὶ⁸
1213 1662 1311 1731 τῆς
1331 1664 1386 1714 ὲν
1402 1662 1479 1731 τῷ
1504 1661 1718 1731 μεγέθει

1333 252 1610 313 CONIRA
1652 248 2042 316 EUNOMlUM,
2088 252 2214 307 ωδ.
2252 253 2270 304 1

871 376 930 429 τὸ
974 377 1279 446 λεγόμενον,
1333 376 1517 445 γραῶν
1549 368 1707 436 ὗθλός

1823 380 1956 434 sunt,
2020 370 2321 432 didicisset,
2381 380 2594 424 onmem
2653 374 2976 433 orationem,
3032 370 3273 439 quandiu
3323 387 3389 428 ex

3282 254 3390 308 διε

1816 476 1961 518 mera
1988 462 2236 519 libidine,
2263 471 2317 515 et
2346 463 2462 516 sine
2488 461 2596 513 ulla
2625 462 2943 529 probatione
2973 460 3239 525 etfutitur,
3269 482 3393 521 esse

1812 555 1955 625 quod
1982 554 2093 609 dici
2128 554 2287 613 solet,
2333 568 2509 621 nugas
2537 553 2730 614 aniles,
2770 562 2821 606 et
2863 568 3050 623 gerras
3078 570 3389 624 germanas,

1813 648 2021 701 nullius
2067 661 2292 716 prorsus
2345 645 2601 699 momenti
2646 654 2702 698 et
2746 644 3005 699 efticaciaa
3051 650 3117 699 ait
3164 647 3393 700 demon-

1814 740 2099 793 strandam
2140 739 2216 801 id,
2252 739 2396 807 quod
2440 752 2539 807 per
2576 752 2694 790 eam
2727 739 3012 806 quaeritur,
3045 741 3267 807 quando
3305 740 3389 794 vi-

1813 831 2008 886 delicet
2036 832 2169 884 nihil
2206 831 2530 885 ﬁrmamenti
2567 845 2739 900 neque
2786 846 2851 884 ex
2886 845 3044 884 sacra
3082 829 3387 902 Scriptura,

1814 939 1989 991 neque
2009 939 2072 976 ex
2104 922 2615 977 ratiocinationibus
2639 922 2863 976 humani
2896 922 3118 993 ingenii,
3151 922 3239 990 iis,
3270 941 3390 995 quae

1815 1025 2155 1077 asseruntur,
2190 1016 2416 1069 accedit.
2449 1014 2514 1069 Et
2546 1015 2663 1069 lucc
2700 1015 2918 1085 quidem
2954 1016 3243 1070 hactenus.

1888 1108 1996 1162 Nos
2039 1120 2170 1161 vero
2203 1108 2368 1162 verba
2390 1107 2643 1162 Eunomii
2673 1108 3043 1163 excutiamus.
3086 1106 3392 1179 Simpliccm

1816 1216 1925 1254 esse
1952 1209 2002 1253 et
2032 1200 2173 1252 omni
2218 1199 2372 1253 modo
2412 1216 2572 1252 unam
2606 1199 2888 1269 quamlibet
2928 1201 3118 1253 harant
3143 1202 3395 1256 substan-

1821 1295 2015 1345 tiarum
2040 1291 2272 1344 aﬂirmat
2306 1308 2319 1345 :
2355 1307 2493 1360 quas
2526 1292 2776 1346 oratione
2822 1307 2920 1345 sua
2956 1295 3245 1363 expressit.
3278 1295 3394 1348 (Eze-

1818 1395 1993 1439 tcrum
2044 1384 2351 1453 simplicem
2397 1398 2519 1437 esse
2565 1382 2806 1436 divinam
2842 1384 2988 1437 illam
3044 1392 3102 1439 et
3148 1386 3389 1448 beatim,

1818 1476 2186 1543 omnibusque
2203 1474 2701 1543 supereminentem
2721 1481 2969 1527 naturam
2992 1518 3006 1541 ,
3036 1491 3209 1545 neque
3234 1492 3391 1548 agre-

1820 1576 1933 1622 stes
1974 1566 2267 1620 admodum
2298 1574 2352 1620 et
2413 1566 2634 1621 hebetes
2684 1566 2902 1636 ingenio
2938 1578 3232 1637 negaturos
3270 1586 3395 1627 esse

1824 1667 1976 1727 puto.
2013 1656 2300 1723 Quomodo
2342 1658 2485 1711 enim
2525 1658 2651 1727 quis
2684 1667 2936 1712 naturam
2993 1660 3138 1713 illam
3188 1663 3393 1732 speciei

168 1752 425 1820 ποσότητος
455 1753 905 1822 κεχωρισμένην,
939 1752 1053 1817 πῶς
1086 1753 1151 1807 ἄν
1204 1730 1287 1817 τις
1331 1754 1582 1826 πολυειδῆ
1624 1752 1719 1808 καὶ

1823 1760 1875 1805 et
1914 1753 2209 1821 figurarum
2262 1750 2542 1805 varietatis
2573 1760 2871 1820 expertem,
2912 1759 2967 1805 et
3000 1753 3145 1806 omni
3174 1730 3395 1822 quanti-

169 1843 385 1895 σύνθετον
417 1843 730 1907 ὑπολάῦοις
792 1845 912 1897 Ὅτι
939 1845 995 1897 δὲ
1035 1847 1095 1898 ού
1132 1846 1416 1915 συμϐαίνει
1465 1846 1543 1916 τῷ
1587 1848 1716 1919 παρ’

168 1933 314 1985 αὐτῶν
363 1934 900 2004 κατασκευαζομένῳ
948 1936 1198 2005 δόγματι,
1252 1938 1312 1989 τὸ
1352 1937 1527 2007 ἁπλῆν
1576 1933 1717 1992 εἶναι

166 2024 243 2091 τὴν
268 2024 672 2095 ὑπερκειμένην
705 2026 894 2080 οὐσίαν
921 2026 1147 2094 οἴεσθαι,
1202 2028 1302 2081 κᾶν
1336 2028 1410 2099 τῷ
1452 2028 1596 2099 λόγῳ
1623 2046 1719 2099 χα-

170 2115 533 2182 ρεντίζωνται,
585 2118 820 2187 φανερὰ
862 2117 1014 2172 ἔσται
1048 2118 1122 2189 τῷ
1156 2119 1251 2173 καὶ
1280 2121 1472 2191 μικρὸν
1494 2123 1720 2193 ἐπιστή-

170 2228 311 2263 exim.
336 2212 428 2273 Τίς
456 2211 575 2283 γὰρ
600 2214 701 2265 ούκ
750 2207 889 2265 οἶδεν
918 2213 1000 2266 ὅτι
1034 2214 1174 2267 κατὰ
1210 2214 1301 2267 τὸν
1334 2215 1464 2268 ἴδιον
1499 2215 1654 2283 λόγον
1684 2218 1716 2286 ἡ

170 2302 371 2371 ἁπλότης
407 2306 506 2356 ἐπὶ
543 2304 643 2372 τῆς
679 2304 841 2371 ἁγίας
873 2304 1101 2375 Τριάδος
1135 2306 1195 2358 τὸ
1250 2306 1450 2376 μᾶλλον
1520 2308 1614 2360 καὶ
1657 2308 1719 2361 τὸ

166 2384 296 2458 ἦττον
320 2389 415 2443 οὐκ
451 2391 813 2461 ἐπιδέχεται;
859 2393 990 2464 Περὶ
1025 2394 1093 2465 ἢν
1129 2395 1236 2466 γάρ
1273 2395 1374 2449 οὐκ
1424 2398 1539 2450 ἔστι
1573 2397 1718 2467 μίξιν

167 2484 263 2534 τινὰ
286 2486 591 2564 ποιοτήτων
651 2487 745 2539 καὶ
774 2487 1077 2558 συνδρομὴν
1103 2489 1373 2559 ἐννοῆσαι,
1401 2492 1515 2544 ἀλλ’
1537 2492 1717 2564 ἀμερῆ

168 2592 277 2634 τινα,
303 2577 392 2629 καὶ
422 2554 731 2630 ἀσύνθετον
760 2554 986 2648 δύναμιν
1014 2554 1422 2650 καταλαμϐάνει
1451 2584 1484 2652 ἠ
1520 2554 1715 2648 ἔννοια,

168 2668 260 2729 πῶς
281 2669 340 2719 ἄν
361 2687 445 2732 τις
482 2670 586 2723 καὶ
618 2669 758 2722 κατὰ
784 2669 904 2722 τίνα
932 2671 1089 2740 λόγον
1111 2674 1209 2743 τὴν
1240 2675 1387 2745 παρὰ
1420 2675 1480 2729 τὸ
1515 2675 1717 2739 πλεῖον,

168 2760 239 2811 καὶ
251 2761 303 2812 τὸ
317 2761 540 2815 ἔλαττον
557 2762 819 2835 διαφορὰν
832 2765 1137 2835 καταμάθοι
1153 2784 1167 2832 ;
1194 2767 1428 2838 Ἀνάγκη
1444 2768 1551 2840 γάρ
1572 2770 1718 2821 πᾶσα

166 2853 239 2903 τὸν
252 2854 627 2923 παρηλλάχθαι
640 2855 811 2908 ταῦτα
827 2856 1214 2927 διοριζόμενον,
1238 2860 1538 2929 ποιοτήτων
1558 2859 1720 2912 τινῶν

165 2941 441 3010 ἐμπτώσεις
480 2945 618 3014 περὶ
663 2945 728 2997 τὺ
772 2947 1127 3017 ὑποκείμενον
1168 2949 1365 3001 ἐννοεῖν
1394 2965 1406 2979 ·
1460 2950 1578 3020 ἤτοι
1611 2949 1721 3020 γὰρ

165 3035 266 3089 καθ’
290 3039 384 3090 ύπε
394 3038 602 3109 ρὸθλὴν
624 3041 717 3091 καὶ
744 3040 1039 3093 ἐλάττωσιν
1063 3041 1122 3094 τδ
1140 3041 1395 3112 διάφορον
1424 3043 1481 3094 ὲν
1506 3042 1715 3107 τούτοις
1747 3066 1789 3125 c

166 3128 355 3193 ἐπινοεῖ,
392 3131 494 3184 καὶ
531 3130 616 3183 διὰ
650 3131 841 3185 τούτου
867 3133 965 3203 τὴν
1008 3134 1104 3203 τῆς
1134 3134 1492 3204 πηλικότητος
1516 3134 1722 3189 ἔννοιαν

165 3224 513 3296 ἐπεισάγειτῷ
528 3224 860 3295 ζητουμένῳ,
874 3226 906 3294 ἢ
920 3226 1127 3279 κατὰτὸ
1139 3226 1356 3294 ἀγαθὸν,
1372 3225 1465 3279 καὶ
1480 3227 1720 3291 δυνατὸν,

165 3319 241 3369 καὶ
260 3318 537 3389 σοφὸνμαδ
559 3320 613 3370 εἴ
629 3334 681 3370 τι
707 3317 836 3370 ἄλλο
860 3318 983 3387 περὶ
999 3320 1059 3373 τὸ
1078 3317 1230 3373 Θεῖον
1244 3318 1482 3383 εὐσεϐῶς
1504 3321 1720 3384 νοεῖται,

166 3410 474 3475 πλεονάζειν,
503 3411 538 3479 ἦ
566 3409 962 3479 ύποδεϐηκέναι
997 3410 1397 3475 κατασκευάζει
1419 3426 1433 3439 ’
1465 3412 1559 3464 καὶ
1583 3410 1725 3464 οὓτω

166 3500 237 3550 τὸν
259 3501 351 3568 τῆς
392 3499 708 3561 συνθέσεως
731 3499 888 3566 λόγον
920 3499 982 3552 ού
1020 3498 1387 3568 διαφεύξεται.
1419 3501 1583 3554 Οὐδὲν
1617 3500 1723 3573 γὰρ

164 3586 369 3652 ἐλλιπῶς
403 3588 555 3643 κατὰ
599 3588 809 3657 σοφίαν.
843 3588 875 3657 ἦ
911 3586 1216 3659 δύναμιν,ἢ
1250 3591 1369 3642 κατ’
1392 3588 1518 3642 ἄλλο
1544 3591 1724 3641 τιτῶν

166 3680 355 3745 ἀγαθῶν
377 3682 521 3751 ἔχει,
558 3676 603 3748 ᾦ
637 3683 711 3751 μὴ
741 3682 1032 3752 ἐπίκτητον
1066 3685 1180 3735 ἐστι
1231 3682 1291 3734 τὸ
1326 3681 1560 3749 ἀγαθόν’
1608 3681 1723 3734 ἀλλ’

165 3773 275 3824 αὐτὸ
314 3775 448 3827 καθό
499 3776 617 3828 ἐστι
662 3774 901 3827 τοιοῦτον
950 3775 1215 3844 πέφυκεν.
1272 3775 1432 3827 Ὥστε
1479 3776 1507 3827 ὁ
1550 3774 1723 3841 λέγων

165 3864 389 3930 ἐλάττους
414 3884 476 3919 τε
518 3867 612 3918 καὶ
656 3865 875 3935 μείζους
907 3868 963 3920 ὲν
1003 3870 1071 3937 τῇ
1100 3864 1222 3938 θείᾳ
1260 3865 1419 3936 φύσει
1448 3867 1725 3937 καταλαμ-

166 3958 322 4009 ϐάνειν
352 3959 451 4021 τὰς
503 3957 713 4021 οὐσίας,
752 3958 971 4029 λέληθεν
1017 3961 1209 4013 ἑαυτὸν
1246 3958 1497 4013 σύνθετον
1521 3960 1577 4026 ἐξ
1603 3962 1725 4013 ἀνοι-

168 4049 312 4116 μοίων
336 4051 773 4114 κατασκευάζων
803 4052 860 4103 τὸ
892 4053 1063 4105 Θεῖον·
1112 4052 1188 4116 ὡς
1213 4053 1338 4107 ἄλλο
1372 4053 1469 4122 μέν
1498 4070 1550 4105 τι
1584 4056 1724 4106 νοεῖν

165 4136 357 4195 εἶναιτὸ
390 4144 758 4212 ὑποκείμενον
786 4161 796 4172 ·
852 4144 1035 4214 ἕτερον
1058 4144 1115 4197 δὲ
1142 4144 1301 4198 πάλιν
1333 4144 1393 4197 τὸ
1426 4144 1725 4215 μετεχόμε-

166 4249 237 4283 νον
262 4251 274 4263 ·
310 4228 370 4291 οὗ
402 4235 549 4287 κατὰ
586 4236 875 4303 μετουσίαν
906 4238 964 4288 ὲν
996 4235 1073 4306 τῷ
1100 4236 1288 4307 ἀγαθῷ
1306 4238 1625 4301 γίνεται,“τὸ
1651 4235 1725 4308 μὴ

166 4325 379 4377 τοιοῦτον
408 4327 493 4381 ὃν.
560 4327 625 4379 Ei
667 4326 723 4379 δὲ
774 4326 986 4397 ἀληθῶς
1014 4328 1212 4398 άπλῆν,
1270 4330 1365 4381 καὶ
1394 4329 1568 4398 πάντη
1598 4330 1725 4396 μίαν

1819 1852 1957 1905 tate,
1996 1858 2116 1912 qua:
2154 1843 2207 1895 in
2244 1842 2619 1912 magnitudine
2649 1842 2866 1905 visitur,
2903 1850 3231 1911 separatam,
3279 1861 3397 1901 cre-

1819 1933 1907 1985 dat
1933 1948 2054 1988 esse
2078 1931 2462 1986 multiformem
2486 1940 2539 1987 et
2559 1934 2923 2002 compositam
2946 1932 3024 2003 (a)
3040 1936 3063 1987 ’ί
3080 1933 3236 2000 Quod
3264 1952 3393 1992 vero

1814 2026 1969 2095 juxta
2003 2026 2200 2096 dogma
2255 2026 2322 2079 ab
2373 2024 2496 2079 istis
2534 2026 2825 2079 confictam
2883 2027 3133 2083 sublimis
3173 2029 3289 2093 illa,
3338 2041 3394 2084 et

1820 2134 1984 2188 super
2025 2120 2253 2172 aliarum
2312 2132 2493 2172 rerum
2543 2119 2791 2172 ordinem
2850 2119 3024 2187 posita
3084 2121 3393 2176 substantia

1819 2212 2049 2280 simplex
2082 2222 2190 2264 non
2230 2212 2299 2264 sit
2332 2210 2481 2278 (licet
2506 2210 2749 2280 alioquin
2779 2211 2955 2266 verbis
3009 2213 3231 2282 pulchre
3259 2215 3400 2270 sime

1819 2303 2120 2372 plicitatem
2168 2302 2460 2371 asscrant),
2485 2300 2645 2356 facile
2697 2302 3083 2371 deprehendet,
3140 2306 3400 2377 quisquis

1820 2395 2100 2464 paululum
2150 2404 2387 2448 mentem
2440 2394 2727 2448 advertere
2774 2396 3022 2451 voluerit.
3079 2396 3213 2451 Nam
3268 2400 3399 2469 quis

1822 2488 2056 2557 ignorat,
2109 2486 2252 2556 quod
2318 2486 2642 2554 simplicitas
2695 2489 2997 2542 secundum
3068 2507 3223 2543 suam
3273 2507 3399 2561 pro-

1820 2576 1992 2644 priam
2037 2576 2301 2629 rationem
2353 2576 2408 2627 in
2437 2576 2785 2629 sanctissima
2819 2575 3086 2632 Trinitatc
3113 2582 3395 2637 remissio-

1820 2680 1943 2720 nem
1979 2674 2032 2719 et
2062 2667 2425 2720 intensionem
2464 2676 2571 2719 non
2604 2667 2870 2735 recipiat?
2899 2669 2951 2720 in
2981 2684 3087 2738 qua
3117 2671 3264 2725 enim
3296 2688 3391 2726 na-

1822 2770 1941 2812 tura
1985 2759 2295 2812 tnistionem
2328 2766 2383 2811 et
2420 2773 2752 2811 concursum
2789 2760 3114 2828 qualitatum
3152 2760 3397 2818 invenire

1822 2867 1930 2906 non
1989 2860 2092 2913 est,
2159 2852 2291 2920 quin
2347 2852 2529 2919 potius
2590 2851 2641 2905 in
2714 2867 2819 2921 qua
2876 2853 3281 2922 impartibilem.
3344 2865 3400 2911 et

1821 2943 2237 3011 compositionis
2298 2942 2458 3011 plane
2504 2954 2782 3011 expertem
2840 2941 3158 2999 facultatem
3213 2947 3401 3000 animo

1822 3034 2160 3102 concipimus
2198 3051 2210 3087 :
2247 3032 2524 3102 quomodo
2567 3032 2695 3102 quis
2742 3034 3074 3090 intensionis
3104 3046 3157 3090 et
3203 3036 3403 3091 temis-

1826 3122 1999 3178 sionis
2036 3123 2412 3177 diversitatem
2461 3124 2648 3193 aliquo
2690 3124 2852 3177 modo
2885 3127 3213 3196 cogitatione
3247 3144 3400 3183 como-

1827 3216 2132 3286 plectetur?
2160 3216 2393 3272 Necesse
2416 3217 2559 3271 enim
2581 3226 2686 3280 est,
2706 3227 2767 3272 ut
2804 3218 2871 3283 is,
2904 3222 2995 3289 qui
3032 3221 3395 3278 differentiam

1826 3309 1878 3360 in
1919 3308 2004 3364 his
2045 3309 2263 3371 statuit,
2318 3310 2641 3380 qualitatum
2668 3313 3032 3380 quarumdam
3084 3314 3399 3369 conductum

1824 3401 1968 3455 circa
2018 3401 2330 3468 subjectum
2363 3404 2663 3465 concedat:
2700 3405 2826 3473 quia
2859 3406 2938 3459 vel
2969 3423 3062 3475 per
3086 3423 3400 3473 excessum,

1824 3495 1906 3547 vel
1961 3509 2056 3564 per
2101 3495 2372 3549 defectum
2412 3495 2775 3551 diﬁcrentiam
2819 3498 2872 3552 in
2924 3499 3009 3554 his
3053 3502 3397 3568 considerat;

1824 3594 1877 3638 et
1906 3598 2003 3655 per
2038 3587 2141 3639 hoc
2171 3588 2499 3656 quantitatis
2535 3591 2802 3643 rationem
2836 3591 2910 3652 ei,
2936 3594 3080 3659 quod
3113 3594 3401 3661 qttmritur,

1825 3678 2239 3747 superinducit;
2283 3680 2364 3733 vel
2402 3680 2456 3733 in
2500 3682 2761 3741 bonitate.
2801 3683 3063 3752 potentia,
3104 3687 3399 3754 sapientia,

1826 3769 1907 3822 vel
1965 3770 2009 3823 si
2059 3769 2188 3838 quid
2239 3768 2387 3822 aliud
2436 3769 2489 3822 in
2533 3768 2715 3822 divina
2764 3778 2958 3823 natura
3009 3772 3192 3828 inesse
3236 3789 3400 3844 posse

1826 3862 2117 3929 cogitatur,
2148 3859 2591 3923 redundantiam,
2612 3862 2693 3915 vel
2710 3862 3144 3919 imminutionem
3163 3870 3398 3936 astruit;

1826 3960 1879 4007 et
1931 3953 2014 4006 sic
2048 3953 2471 4022 compositionis
2518 3955 2781 4007 rationein
2824 3970 2933 4008 non
2974 3957 3233 4023 evitabit;
3272 3976 3397 4015 nam

1825 4044 2173 4113 sapientiam,
2218 4044 2517 4112 potentiam
2545 4052 2600 4098 et
2635 4045 2799 4112 hujus
2830 4048 3047 4114 generis
3091 4048 3199 4101 alia
3236 4051 3399 4113 bona,

1828 4134 1947 4190 sine
1988 4133 2372 4187 imminutione
2410 4148 2474 4188 ac
2520 4134 2732 4190 defectu
2794 4138 3035 4204 possidet
3082 4139 3156 4204 id,
3185 4142 3271 4194 cui
3307 4142 3401 4196 bo-

1827 4238 1957 4280 num
1992 4240 2099 4279 non
2136 4232 2219 4280 est
2252 4225 2646 4292 adventitium;
2705 4227 2797 4281 sed
2860 4228 3038 4298 ipsum
3078 4233 3241 4299 quale
3294 4245 3399 4298 est,

1828 4320 1937 4373 tale
1986 4328 2179 4372 natura
2228 4333 2327 4371 sua
2380 4326 2483 4372 est.
2533 4316 2720 4386 Itaque
2778 4320 2870 4388 qui
2916 4324 3114 4375 asserit
3165 4322 3402 4397 majores

166 4418 338 4470 ἐνενόει
364 4419 466 4489 τὴν
495 4420 702 4479 οὐσίαν,
726 4420 856 4473 αὐτὸ
882 4421 1020 4491 ὅπερ
1049 4421 1195 4473 ἐστὶν
1217 4419 1419 4487 ἀγαθὸν
1442 4414 1626 4482 οὖσαν,
1657 4420 1718 4473 οὗ

1834 4419 1887 4465 et
1938 4411 2180 4464 minores
2232 4425 2355 4465 esse
2407 4412 2460 4463 in
2498 4410 2683 4463 divina
2726 4420 2920 4465 natura
2958 4412 3318 4475 substantias.
3358 4417 3403 4470 is

166 4512 432 4582 γινομένην
474 4513 538 4576 ἐξ
578 4514 939 4581 ὲπικτήσεως,
982 4514 1080 4565 οὐκ
1110 4512 1174 4565 ἂν
1214 4513 1276 4564 τὸ
1308 4510 1512 4581 μεῖζον,
1540 4514 1633 4564 καὶ
1664 4512 1723 4564 τὸ

168 4600 362 4655 ἔλαττον
390 4619 460 4653 πε
471 4604 525 4672 pi.
544 4603 715 4665 αὐτὴν
738 4603 1027 4669 ἐλογίζετο.
1056 4602 1254 4673 Εἵρητο
1277 4603 1383 4673 γάρ
1407 4605 1501 4656 καὶ
1527 4604 1585 4655 ὲν
1610 4605 1724 4666 τοῖς

168 4690 477 4764 ἔμπροσθεν,
507 4693 592 4746 ὅτι
632 4696 767 4765 μόνῃ
792 4696 856 4763 τῇ
884 4692 978 4745 τοῦ
1005 4688 1173 4745 κακοῦ
1198 4694 1466 4763 παρουσίᾳ
1494 4694 1561 4746 τά
1585 4695 1645 4761 ἀγ
1659 4710 1721 4745 α-

164 4782 221 4837 bi
254 4786 778 4856 κατασμικρύνεται.
820 4786 933 4854 Ἐφ’
954 4779 1029 4838 ὧν
1050 4786 1105 4838 δὲ
1134 4787 1167 4855 ἡ
1193 4785 1358 4853 φύσις
1377 4785 1722 4845 ἁνεπίδεκτός

164 4876 261 4926 ἐστι
285 4877 379 4929 τοῦ
412 4878 680 4947 χείρονος,
716 4877 839 4944 ἔαρος
870 4876 973 4928 ούκ
1006 4876 1295 4927 ἐπινοεῖται
1318 4873 1418 4943 τῆς
1450 4872 1719 4942 ἀγαθότηο

164 4983 237 5030 τος
262 4986 272 4997 ·
299 4970 360 5022 τὺ
388 4971 446 5023 δὲ
480 4969 753 5041 ἀόριστον,
786 4968 848 5020 ού
871 4971 935 5038 τῇ
968 4967 1103 5039 πρὸς
1126 4966 1313 5037 ἕτερον
1344 4966 1526 5035 σχέσει
1549 4963 1722 5018 τοιοῦ-

163 5061 236 5112 τὸν
252 5063 421 5125 ἐστιν,
434 5061 551 5114 ἀλλ’
564 5061 696 5114 αὐτὸ
714 5060 775 5112 τὸ
794 5058 915 5112 καθ’
942 5059 1105 5112 ἑαυτὸ
1138 5058 1446 5128 νοούμενον,
1464 5056 1719 5126 ἐκφεύγει⁹

162 5153 235 5205 τὸν
258 5158 380 5226 ὅρον
402 5173 414 5185 ·
449 5155 677 5223 ἄπειρον
701 5155 758 5206 δὲ
787 5153 1035 5222 ἀπείρου,
1066 5151 1225 5205 πλέον
1252 5152 1344 5205 καὶ
1380 5150 1596 5204 ἔλαττον
1624 5149 1719 5201 1&-

163 5263 282 5311 γειν,
312 5249 412 5299 οὐκ
437 5242 552 5298 οἶδα
582 5246 658 5307 ὡς
680 5243 1058 5311 λελογισμένον
1094 5242 1417 5311 συνθήσεται
1442 5256 1453 5265 ·
1505 5240 1642 5293 ὣστε
1670 5240 1718 5291 εἰ

162 5337 319 5410 ἁπλῆν
339 5340 593 5409 ὁμολογεῖ
613 5338 713 5405 τὴν
734 5336 1134 5407 ὑπερκειμένην
1159 5333 1366 5395 οὐσίαν,
1386 5332 1481 5385 καὶ
1505 5331 1719 5394 οἰκείως

164 5430 286 5498 ἔχειν
334 5433 503 5502 αὐτὴν
551 5430 691 5502 πρὸς
734 5429 956 5499 ἑαυτὴν,
1002 5424 1327 5480 συπιθέσθω
1370 5426 1436 5495 τῇ
1473 5422 1615 5476 κατὰ
1660 5424 1721 5476 τὸ

162 5522 369 5589 ἁπλοῦν,
384 5524 478 5579 καὶ
498 5523 724 5594 ἄπειρον
746 5521 997 5591 κοινωνίᾳ
1022 5515 1449 5587 συναπτομένην.
1476 5516 1537 5568 Εἰ
1564 5515 1618 5567 δὲ
1638 5516 1718 5569 δι-

226 5706 293 5773 (a)
346 5704 559 5763 Profert
624 5705 772 5759 hunc
810 5704 990 5761 locum
1039 5702 1321 5776 Cypariss.
1374 5697 1566 5755 decad.
1624 5710 1703 5760 ιι,
1744 5708 1795 5750 c.

1827 4504 2148 4573 imprudens
2184 4504 2427 4556 divinum
2461 4516 2663 4556 numen
2693 4520 2758 4557 ex
2797 4505 3155 4575 inaequalibus
3178 4524 3403 4577 compo-

1826 4597 1990 4651 situm
2015 4596 2197 4659 etlicit,
2223 4603 2280 4649 ut
2311 4596 2455 4649 aliud
2483 4596 2867 4667 concipiamus
2911 4612 3036 4653 esse
3065 4598 3404 4668 subjectum,

1825 4686 1974 4741 aliud
2012 4698 2142 4740 vo‘ro
2178 4687 2252 4748 id,
2285 4687 2429 4755 quod
2471 4690 2833 4759 participatur
2867 4706 2879 4741 :
2918 4689 3077 4757 cujus
3098 4693 3406 4747 secundum

1828 4780 2380 4834 communicationem
2428 4780 2481 4833 in
2534 4781 2682 4833 ibono
2734 4780 2825 4833 fiat
2866 4780 2942 4843 id,
2998 4783 3143 4851 quod
3178 4800 3284 4837 non
3316 4791 3402 4839 est

1827 4871 1957 4924 tale.
1992 4868 2146 4934 Quod
2185 4870 2230 4923 si
2259 4886 2381 4923 vere
2414 4870 2715 4936 simplicem
2746 4870 3007 4940 omnique
3043 4871 3206 4927 modo
3238 4889 3403 4927 unam

1827 4962 2198 5017 existimasset
2255 4962 2653 5026 substantiam,
2721 4962 3003 5031 ipsamque
3065 4963 3228 5017 sicuti
3283 4973 3400 5028 est,

1826 5052 2152 5111 bonitatem,
2182 5065 2291 5105 non
2334 5066 2398 5103 ex
2437 5050 2805 5119 acquis‘itione
2832 5051 3095 5106 bonitatis
3120 5053 3400 5119 ejusmodi

1827 5138 2028 5193 factam
2049 5154 2173 5193 esse
2204 5139 2555 5201 credidisset,
2579 5138 3006 5209 haudquaquam
3034 5143 3403 5197 intensioncm

1825 5240 1877 5285 et
1916 5232 2293 5286 remissionem
2329 5232 2383 5283 in
2423 5248 2487 5285 ea
2532 5234 2852 5294 statuisset;
2900 5249 3025 5285 nam
3059 5236 3213 5299 prius
3259 5252 3394 5302 quu-

1825 5341 1932 5395 que
1976 5325 2218 5380 diximus
2264 5325 2436 5381 solam
2471 5326 2598 5379 mali
2634 5325 2981 5395 praesentiam
3031 5326 3172 5380 bona
3219 5327 3402 5381 immi—

1826 5438 2016 5477 nuere.
2067 5422 2121 5476 In
2178 5422 2263 5475 his
2314 5430 2519 5480 autem.
2559 5435 2793 5490 quorum
2857 5428 3055 5474 natura
3111 5421 3401 5477 deterioris

1825 5530 1936 5570 non
1974 5522 2058 5571 est
2106 5528 2302 5584 capax,
2335 5530 2444 5569 non
2489 5514 2617 5568 licet
2664 5512 2958 5567 terminum
2996 5512 3255 5569 bonitatis
3282 5515 3399 5568 ani-

1854 5713 1887 5747 ο
