3920 6482
523 232 627 287 525

1799 235 1854 289 S.
1890 235 2216 291 GREGORH
2242 236 2535 294 NYSSEM
3667 252 3749 306 5‘25

522 366 611 405 mo
652 349 1137 420 comprehendere.
1176 350 1242 404 At
1270 349 1549 406 inﬁnitum
1598 367 1706 407 non
1744 362 1829 407 est
1876 355 1971 408 tali
2003 355 2088 409 ba-

2209 360 2406 430 ίστησι,
2422 362 2512 413 καὶ
2532 361 2783 425 ἁποξενοῖ
2798 359 2893 422 τὰς
2909 362 3094 423 οὐσίας
3117 363 3209 414 ἀπ’
3228 362 3489 435 ἀλλήλων,
3505 366 3660 438 ἄλλην
3674 372 3753 423 τοῦ

520 443 768 497 bitudine
799 441 865 495 ad
900 433 1096 507 'aliud;
1138 443 1233 496 sed
1284 444 1467 511 ipsum
1525 445 1824 498 secundum
1863 448 2104 515 seipsnm

518 544 849 605 spectatum,
889 536 1043 589 nullo
1095 536 1329 589 termino
1368 548 1674 593 coercetur.
1711 536 1885 593 Porro
1921 541 2102 593 inlini-

516 635 631 680 tum
674 626 890 679 inﬁnito
916 629 1038 696 plus
1060 628 1311 680 minusve
1341 628 1563 691 habere,
1608 632 1798 683 nescio
1826 634 2103 701 quomodo

515 734 888 773 CttllCBSSlll‘uS
912 719 984 772 sit
1007 720 1075 780 is,
1108 720 1199 787 qui
1238 736 1349 773 rctn
1383 721 1701 775 accuratius
1728 725 2096 791 perpenderit.

519 816 705 880 Itaque
743 814 787 867 si
818 813 1185 867 substantiam
1216 813 1362 864 illam
1400 828 1696 882 supernam
1740 814 1946 869 fatetur
1976 832 2099 872 esse

2205 452 2539 520 Μονογενοῦς
2564 451 2713 521 παρὰ
2736 452 2823 504 τὸν
2841 453 3079 523 Πατέρα,
3102 455 3186 506 ὲτέ
3194 471 3291 524 ραν
3310 455 3362 508 δὲ
3382 456 3478 526 τὴν
3498 457 3587 510 τοῦ
3612 460 3755 513 Πνεύ-

2207 563 2372 615 ματος
2396 563 2471 598 πα
2479 547 2545 616 ρὰ
2566 545 2663 615 τὴν
2683 546 2775 598 τοῦ
2800 547 3134 613 Μονογενοῦς
3164 547 3378 610 ἐννοῶν,
3396 550 3489 601 καὶ
3514 550 3570 602 τὸ
3615 550 3755 603 πλέον

2201 636 2295 687 καὶ
2312 634 2372 686 τὸ
2400 636 2617 687 ἔλαττον
2644 636 2727 686 ἐπ’
2759 635 2935 688 αὐτῶν
2954 634 3122 702 λέγει,
3147 635 3220 705 μὴ
3245 636 3546 690 λανθανέτω
3576 640 3646 709 τῷ
3673 642 3755 709 μὲν

2200 726 2376 779 δοκεῖν
2405 727 2466 778 τὸ
2507 726 2710 779 ἁπλοῦν
2735 725 3089 797 χαριζόμενος
3108 766 3122 788 ,
3171 730 3237 798 τῇ
3266 727 3323 780 δὲ
3358 728 3581 798 ἀληθείᾳ
3608 747 3755 784 κατα-

2200 818 2478 882 σκευάζων
2500 818 2560 871 τὸ
2590 818 2840 871 σύνθετον

516 908 845 978 simplicem,
910 922 1205 974 secumque
1235 906 1408 971 ipsam
1443 907 1561 959 sine
1592 906 1936 962 dissensione
1962 910 2402 976 convenientem,
2456 925 2685 965 necesse
2733 918 2837 975 est,
2895 917 2953 963 ut
3010 911 3276 965 concedat
3305 928 3422 966 eam
3468 929 3671 983 quoque
3708 916 3754 970 in

515 1000 1016 1055 communicatione
1049 1000 1443 1069 simplicitatis,
1473 1008 1523 1053 et
1561 1000 1850 1055 infinitatis
1885 1002 2118 1069 junctim
2160 1003 2475 1058 convenire.
2526 1002 2583 1058 Si
2627 1020 2756 1057 vero
2815 1004 3155 1058 substantias
3192 1005 3260 1057 ab
3309 1006 3539 1060 invicem
3581 1009 3757 1061 discri-

516 1092 713 1154 minat,
772 1098 826 1144 et
873 1090 1030 1159 quasi
1069 1089 1271 1142 alienat
1342 1089 1505 1142 aliam
1557 1090 1837 1159 Unigeniti
1875 1106 1904 1143 a
1952 1092 2264 1148 substantia
2312 1092 2535 1157 Patris,
2587 1104 2640 1149 et
2685 1096 2849 1149 aliam
2898 1094 3136 1164 Spiritus
3186 1098 3359 1151 sancti
3402 1114 3434 1151 a
3474 1099 3753 1154 substantia

518 1190 640 1243 Filii
666 1197 932 1249 statuens,
968 1186 1441 1255 intensionemque
1472 1194 1522 1239 ct
1550 1189 1929 1243 remissionem
1965 1190 2099 1258 ipsis
2127 1192 2410 1257 attribuit;
2444 1208 2553 1246 non
2582 1193 2735 1246 fallat
2769 1208 2869 1247 nos
2901 1194 3133 1247 occultis
3168 1193 3406 1257 insidiis,
3440 1194 3567 1247 dum
3608 1195 3755 1249 verbo

516 1279 734 1348 quidem
773 1276 1176 1344 simplicitatem
1213 1276 1432 1338 asserit,
1476 1277 1654 1344 reipsa
1709 1292 1836 1331 vero
1880 1282 2332 1349 compositionem
2383 1283 2474 1339 Dei
2512 1284 2745 1354 afﬁngit.

588 1373 691 1427 Sed
725 1372 835 1439 jam
873 1386 1069 1423 rursus
1117 1368 1281 1421 verba
1310 1368 1455 1423 illius
1490 1370 1686 1423 ordine
1721 1385 2092 1425 resumamus.

516 1466 603 1519 Ait
640 1483 651 1518 :
684 1463 815 1517 Cum
846 1463 1052 1515 sincera
1075 1461 1201 1513 silet
1233 1460 1454 1527 simplex
1474 1460 1774 1513 substantia
1795 1478 1856 1514 ac
1879 1478 2096 1530 prorsus

513 1573 641 1619 una,
680 1556 904 1624 talisque
934 1555 1190 1623 cogitetur
1219 1563 1265 1605 et
1302 1553 1630 1623 intelligatur
1658 1554 1940 1606 secundum
1972 1572 2099 1623 pro-

513 1652 686 1719 priam
729 1648 1059 1717 dignitatem.
1109 1644 1250 1711 Quid
1303 1646 1406 1700 sibi
1459 1646 1569 1699 vult
1623 1644 1777 1710 illud,
1811 1646 2095 1699 secundum

512 1743 780 1811 propriam
834 1740 1186 1810 dignitatem?
1224 1738 1280 1791 Si
1326 1739 1470 1792 enim
1514 1738 1797 1793 existimat
1842 1740 2099 1793 substan-
2131 1781 2170 1836 Β

514 1834 619 1887 tias
647 1847 770 1886 esse
806 1832 1070 1901 dignitate
1100 1844 1282 1898 pares,
1314 1829 1494 1884 inanis
1532 1837 1681 1884 certe
1716 1838 1770 1884 et
1814 1828 2089 1898 superﬂua

516 1926 679 1979 fuerit
713 1925 907 1979 borum
956 1924 1252 1977 verborum
1285 1924 1576 1993 appositio,
1612 1930 1799 1992 utpote
1831 1922 1884 1976 itt
1922 1922 2091 1977 rebus

512 2016 703 2079 certis,
758 2022 813 2069 et
861 2015 1107 2068 omnium
1161 2012 1506 2067 confessione
1548 2014 1851 2082 perspicuis
1895 2015 2092 2069 immo-

512 2122 684 2172 rans;
738 2106 830 2159 sed
886 2106 1063 2159 danda
1089 2112 1174 2159 est
1230 2104 1390 2159 venia
1433 2104 1687 2160 fortassis
1721 2105 1984 2160 dictionis
2016 2108 2091 2159 in-

513 2204 856 2272 tempestivae
896 2199 1268 2268 usurpationi,
1297 2213 1419 2252 cum
1475 2197 1667 2252 melior
1704 2204 1757 2251 et
1802 2198 1990 2253 sanior
2022 2198 2090 2253 de

512 2293 625 2347 Deo
680 2292 1017 2346 existimatio
1086 2305 1194 2343 non
1268 2288 1525 2358 repudiet
1596 2288 1739 2341 lianc
1819 2289 2089 2343 orationis

511 2386 828 2438 inanitatem
864 2394 917 2437 et
962 2380 1423 2451 superliuitatem.
1458 2378 1658 2434 Verum
1688 2395 1797 2433 non
1840 2381 2088 2433 imminet

510 2480 558 2532 ei
592 2478 893 2547 periculum
920 2473 1295 2529 committendi
1322 2482 1545 2543 peccata
1578 2474 1866 2527 verborum
1906 2472 2089 2541 (facile

511 2571 659 2624 enim
716 2567 1059 2621 medicabilis
1104 2564 1328 2620 morbus
1365 2564 1492 2632 est),
1552 2565 1644 2619 sed
1695 2565 1851 2632 longe
1903 2563 2088 2633 pejora

511 2660 756 2723 molitur,
806 2667 860 2712 et
899 2657 1065 2727 impie
1103 2655 1322 2726 aggredi
1371 2661 1568 2707 tentat.
1610 2652 1742 2705 Nam
1786 2651 2087 2720 simplicem

510 2752 649 2807 dicit
702 2750 998 2821 quamlibet
1048 2749 1218 2802 trium
1290 2745 1725 2801 substantiarum
1784 2742 2087 2799 secundum

510 2842 787 2914 propriam
837 2840 1184 2908 dignitatem,
1234 2849 1295 2893 ut
1364 2836 1598 2890 decretis
1654 2834 1791 2895 suis,
1842 2847 1963 2901 quae
2021 2830 2090 2885 ab

512 2935 670 2988 initio
713 2932 968 2991 sancivit,
1026 2930 1095 2983 de
1128 2929 1326 2997 prima,
1360 2924 1621 2986 secunda,
1660 2931 1713 2976 et
1772 2922 1929 2974 tertia
1956 2921 2086 2976 sub-

514 3026 740 3086 stantia,
764 3030 1107 3091 pervertatur
1131 3032 1350 3086 quoque
1367 3013 1735 3083 simplicitatis
1760 3012 1922 3065 ratio.
1951 3010 2087 3065 Nam

2274 1375 2441 1427 Πάλιν
2479 1376 2535 1428 δὲ
2582 1377 2673 1429 τὸν
2710 1376 2939 1447 ρηθέντα
2983 1378 3110 1447 παρ’
3144 1376 3308 1429 αὐτοῦ
3353 1377 3509 1445 λόγον
3546 1378 3755 1449 καθεξῆς

2200 1465 2556 1534 ἀναλάϐωμεν
2577 1508 2589 1520 .
2628 1467 3027 1535 Εὶλικρινοῦς,
3078 1468 3272 1539 φησὶν,
3304 1467 3510 1536 ἁπλῆς
3541 1467 3645 1536 τῆς
3673 1473 3755 1524 οὐ·

2200 1558 2360 1623 σίας,
2385 1558 2482 1611 καὶ
2509 1558 2703 1625 πάντη
2739 1556 2883 1627 μιᾶς
2916 1558 3110 1625 οὔσης
3139 1559 3237 1612 καὶ
3265 1560 3595 1627 νοουμένης
3627 1563 3754 1614 κατὰ

2199 1647 2313 1715 τὴν
2350 1648 2507 1701 ίδίαν
2540 1650 2738 1713 ἀξίαν.
2794 1649 2858 1702 Τί
2898 1649 3143 1719 βούλεται
3181 1650 3240 1703 τὸ
3278 1652 3428 1704 κατὰ
3469 1650 3580 1718 τὴν
3618 1652 3753 1704 ἰδίαν

2200 1740 2410 1804 ἁξίαν;
2438 1742 2497 1793 El
2525 1742 2622 1811 μὲν
2648 1741 2756 1812 γὰρ
2786 1744 2842 1795 ἐν
2870 1744 3137 1812 κοινότητι
3160 1744 3254 1813 τῆς
3278 1743 3436 1806 ἀξίας
3464 1743 3651 1814 θεωρεῖ
3670 1745 3753 1808 τὰς

2198 1833 2403 1897 οὐσίας,
2439 1834 2670 1904 περισσὴ
2716 1835 2815 1903 μὲν
2846 1837 2939 1887 καὶ
2970 1834 3141 1897 οὕτως
3175 1831 3263 1904 ἦν,
3294 1837 3387 1888 καὶ
3433 1837 3752 1908 παρέλκουσα

2197 1925 2231 1994 ἡ
2263 1924 2549 1995 προσθήκη
2582 1925 2673 1978 τοῦ
2719 1925 2877 1993 λόγου
2918 1930 3029 1989 τοῖς
3079 1927 3528 1997 ὁμολογουμένοις
3566 1930 3753 1997 γένεσιν

2198 2016 2603 2087 ἐνδιατρίϐουσα
2628 2034 2640 2046 ⁸
2695 2018 2834 2089 πλὴν
2861 2018 2974 2071 ἀλλ’
3017 2014 3130 2088 εἶχέ
3172 2038 3223 2071 τι
3268 2021 3609 2087 συγγνωστὸν
3638 2024 3751 2084 lam;

2198 2108 2230 2178 ἡ
2258 2108 2484 2178 ἀκαιρία
2503 2108 2607 2191 τῆς
2641 2106 2859 2173 λέξεως,
2892 2110 2989 2178 τῆς
3022 2109 3417 2179 εὐσεϐεστέρας
3445 2110 3647 2174 ἐννοίας
3671 2113 3754 2164 οὐκ

2196 2201 2500 2271 ἀπόϐλητον
2541 2202 2805 2272 ποιούσης
2833 2202 2893 2255 τὸ
2934 2202 3182 2273 μάταιον,
3225 2204 3315 2256 καὶ
3366 2203 3649 2273 περιρρέον
3675 2204 3753 2256 τοῦ

2197 2291 2374 2359 λόγου.
2417 2293 2529 2347 Νῦν
2557 2295 2612 2347 δὲ
2651 2296 2710 2349 οὐ
2751 2294 2912 2366 μέχρι
2957 2294 3056 2365 τῆς
3086 2296 3192 2346 τῶν
3234 2294 3496 2365 ῥημάτων
3527 2294 3665 2364 αὐτῴ
3688 2294 3752 2347 διο

2197 2384 2471 2454 ἁμαρτίας
2507 2386 2652 2439 ἐστὶν
2670 2387 2698 2437 ὁ
2720 2385 2961 2448 κίνδυνος
2990 2402 3003 2415 ·
3042 2388 3059 2455 (
3088 2378 3123 2455 ἦ
3161 2386 3267 2454 γὰρ
3288 2384 3352 2437 ἂν
3379 2385 3593 2437 εὐίατον
3620 2381 3681 2456 ἦν
3704 2386 3754 2439 τὸ

2197 2468 2591 2545 ἀρρώστημαο)
2609 2470 2718 2526 ἀλλ’
2737 2471 2817 2525 ἔτι
2845 2472 2953 2525 τῶν
2981 2473 3229 2541 πονηρῶν
3264 2473 3446 2541 ἔχεται
3474 2474 3753 2543 τεχνασμὰ·

2194 2580 2323 2618 των.
2377 2563 2580 2633 Ἀπλῆν
2614 2563 2723 2633 γὰρ
2760 2564 2908 2635 λέγει
2946 2564 3054 2615 τῶν
3098 2563 3261 2632 τριῶν
3299 2546 3497 2617 οὐσιῶν
3545 2565 3756 2633 ἑκάστην

2196 2652 2338 2706 κατὰ
2382 2652 2479 2723 τὴν
2526 2654 2658 2706 ἰδίαν
2699 2653 2853 2719 ἀξίαν
2879 2670 2891 2682 ·
2943 2654 3032 2707 ἵνα
3070 2657 3179 2716 τοῖς
3213 2652 3271 2719 ἐξ
3314 2654 3493 2725 ἀρχῆς
3543 2654 3756 2725 ῥηθεῖσιν

2196 2743 2346 2814 αὐτῷ
2375 2744 2697 2815 διορισμοῖς,
2734 2746 2859 2817 περὶ
2900 2746 2999 2814 τῆς
3033 2745 3253 2817 πρώτης
3281 2763 3339 2798 τε
3379 2746 3753 2816 καὶδευτέρας,

2197 2837 2292 2889 καὶ
2326 2837 2513 2907 τρίτης
2545 2838 2752 2901 οὐσίας,
2783 2838 2877 2890 καὶ
2919 2841 2945 2890 ό
2979 2841 3076 2907 τῆς
3102 2838 3398 2908 ἁπλότητος
3439 2854 3757 2909 συγκακουρ-

2196 2927 2360 2996 γῆται
2385 2928 2556 2995 λόγος.
2610 2930 2821 3000 ’Ὠσπερ
2845 2929 2951 2999 γὰρ
2986 2930 3150 2999 μόνην
3184 2929 3468 2993 ἀνωτάτω,
3498 2930 3586 2983 καὶ
3611 2930 3757 3001 μόνην

2198 3020 2397 3091 κυρίαν
2428 3020 2524 3090 τὴν
2559 3017 2651 3072 τοῦ
2678 3020 2888 3091 Πατρός
2917 3021 3358 3091 προσηγόρευσεν
3386 3022 3595 3085 οὐσίαν,
3626 3019 3756 3075 οὐδὲν

511 3115 974 3188 quemadmodum
1025 3113 1196 3166 solam
1246 3123 1581 3178 supremam,
1636 3113 1690 3159 et
1736 3104 1907 3159 solam
1960 3116 2085 3171 pro-

2197 3111 2398 3165 τούτων
2420 3113 2511 3165 ἐπὶ
2536 3111 2628 3165 τοῦ
2657 3111 2807 3175 Υἱοῦ,
2838 3114 2931 3165 καὶ
2953 3112 3044 3165 τοῦ
3068 3114 3381 3183 Πνεύματος
3408 3114 3751 3184 ὁμολογήσας,

511 3212 685 3281 priatn
735 3207 913 3261 Patris
968 3205 1332 3260 substantiam
1368 3196 1692 3259 nominavit,
1730 3194 1864 3248 nihil
1894 3192 2087 3246 ltorum

510 3303 653 3356 Filio
683 3301 766 3354 vel
797 3296 1024 3368 Spiritui
1058 3302 1252 3350 sancto
1275 3292 1589 3360 assignans,
1627 3286 1883 3341 videlicet
1913 3299 2089 3353 neque

511 3408 800 3463 supremae,
850 3404 1026 3458 neque
1075 3384 1311 3439 maxime
1353 3380 1588 3452 propria:
1627 3377 2087 3447 appellationem;

510 3488 700 3541 eodem
743 3480 903 3534 modo
939 3494 1064 3532 cum
1106 3474 1448 3532 substantias
1499 3473 1773 3541 simplices
1824 3469 2087 3532 nominat,

512 3576 817 3629 arbitratur
858 3571 1084 3625 cuilibet
1140 3567 1517 3637 simplicitatis
1578 3566 1849 3619 rationem
1894 3578 2089 3617 conce-

511 3669 745 3723 dendam
806 3680 948 3727 csse,
1001 3659 1307 3717 secundum
1376 3658 1599 3711 modum
1653 3664 1705 3709 et
1773 3669 2085 3709 mensuram

512 3758 817 3829 dignitatis,
845 3772 949 3824 qua
990 3754 1175 3823 pollet,
1224 3762 1283 3805 ut
1317 3751 1491 3820 prima
1523 3748 1741 3817 quidem
1773 3756 1828 3802 et
1856 3748 2088 3801 maxime

511 3850 734 3921 propria
767 3846 1073 3903 substantia
1098 3844 1255 3915 quasi
1288 3844 1341 3896 in
1377 3856 1504 3895 arce
1533 3849 1585 3895 et
1609 3840 1846 3895 culmine
1878 3838 2090 3909 simpli-

510 3943 694 3997 citatis
733 3942 1123 4003 constituatur;
1158 3935 1419 3997 secunda,
1448 3933 1809 4003 proportione
1850 3932 2085 4001 quadam

509 4035 809 4091 secundum
847 4047 1159 4087 mensuram
1199 4028 1476 4082 distantize
1514 4042 1543 4079 a
1586 4026 1779 4095 prima,
1827 4023 2092 4093 simplici-

510 4128 639 4182 tatis
661 4128 925 4180 rationem
966 4122 1251 4192 participet
1275 4137 1289 4184 ;
1320 4127 1373 4174 et
1400 4119 1562 4172 tertia
1590 4118 1846 4171 similiter
1869 4124 2084 4169 tantum

511 4235 539 4272 a
583 4217 820 4287 perfecta
860 4214 1208 4284 simplicitate
1251 4211 1492 4274 recedat,
1548 4217 1815 4280 quantum
1862 4221 2089 4262 necesse

510 4322 595 4365 est
648 4308 1053 4378 proportionem
1106 4315 1160 4359 et
1217 4312 1420 4358 statum
1463 4301 1751 4371 dignitatis
1809 4300 2087 4364 imminui,

510 4400 647 4452 adeo
681 4406 738 4450 ut
779 4412 845 4451 ex
874 4395 976 4448 hoc
1007 4400 1288 4461 sequatur,
1321 4389 1501 4445 Patris
1553 4390 1773 4460 quidem
1826 4390 2087 4444 substan-

2195 3202 2316 3257 οὔτε
2332 3204 2432 3275 τὴν
2458 3204 2570 3258 ἀνω
2598 3206 2802 3274 φωνὴν,
2831 3206 2954 3257 οὐτε
2982 3204 3075 3276 τὴν
3106 3203 3453 3277 κυριωτάτην
3477 3222 3492 3237 ·
3527 3207 3658 3260 κατὰ
3681 3205 3757 3259 τὸν

2194 3296 2356 3349 αὐτὸν
2386 3296 2567 3364 λόγον,
2606 3296 2701 3350 καὶ
2737 3296 2911 3360 ἁπλᾶς
2943 3295 3253 3365 προσειπὼν
3270 3296 3367 3360 τάς
3396 3298 3604 3361 οὐσίας,
3636 3296 3759 3350 κατὰ

2192 3387 2254 3439 τὸ
2294 3387 2488 3457 μέτρον
2523 3389 2621 3458 τῆς
2662 3388 3135 3460 ἐπιθεωρουμένης
3184 3389 3423 3459 ἑκάστης
3466 3389 3636 3453 ἀξίας,
3680 3390 3758 3440 καὶ

2194 3478 2292 3548 τὴν
2324 3478 2420 3547 τῆς
2442 3478 2742 3548 ἁπλότητος
2766 3478 2971 3531 ἔννοιαν
2991 3480 3322 3550 ἐφαρμόζειν
3353 3480 3528 3533 οἴεται
3550 3484 3753 3550 χρῆναι·

2193 3569 2267 3633 ὡς
2296 3573 2396 3640 τῆς
2423 3570 2522 3641 μὲν
2551 3571 2914 3642 κυριωτάτης,
2950 3573 3043 3624 καὶ
3067 3571 3306 3642 πρώτης,
3340 3573 3397 3623 ἐν
3424 3576 3492 3642 τῇ
3521 3574 3658 3643 ἄκρᾳ
3679 3571 3759 3623 καὶ

2192 3663 2372 3733 τελείᾳ.
2390 3663 2765 3734 θεωρουμένης
2787 3663 3075 3733 ἁπλότητι,
3091 3664 3189 3734 τῆς
3210 3664 3263 3717 δέ
3296 3664 3556 3736 δευτέρας
3588 3664 3758 3717 ἁναλό-

2193 3772 2329 3823 γως,
2362 3754 2499 3807 κατὰ
2518 3752 2579 3807 τὸ
2604 3754 2801 3826 μέτρον
2824 3757 2922 3825 τῆς
2952 3755 3058 3807 τῶν
3090 3755 3371 3825 πρωτείων
3395 3757 3657 3824 ὐφέσεως,
3678 3752 3758 3807 καὶ

2193 3846 2284 3899 τὸν
2312 3845 2410 3916 τῆς
2442 3846 2742 3918 ἁπλότητος
2763 3846 2921 3914 λόγον
2944 3846 3375 3916 ὐποστελλούσης
3395 3864 3408 3876 ·
3440 3848 3534 3901 καὶ
3560 3847 3647 3899 ἐπὶ
3671 3845 3758 3914 τῆς

2193 3937 2505 4001 τελευταίας
2534 3938 2795 4001 ὡσαύτως
2828 3939 3080 3993 τοσοῦτον
3106 3938 3530 3992 ὐποκαταϐαίνει
3563 3940 3655 4008 τῆς
3679 3954 3755 3989 τε-

2193 4028 2343 4092 λείας
2372 4030 2693 4101 ἁπλότητος,
2726 4032 2847 4083 ὂσον
2874 4033 2966 4084 καὶ
2996 4034 3026 4100 ἡ
3060 4032 3319 4097 ἀναλογία
3343 4031 3439 4083 τοῦ
3469 4030 3757 4101 ἀξιώματος

2193 4119 2408 4173 ἐπὶτῶν
2432 4121 2675 4190 ἐσχάτων
2698 4120 3198 4191 κατασμικρύνεται
3220 4138 3232 4151 ο
3255 4122 3328 4185 ὼς
3352 4122 3416 4174 ἐκ
3438 4122 3624 4175 τούτου
3648 4137 3758 4188 cup.-

2195 4212 2400 4265 σαίνειν
2437 4213 2533 4284 τὴν
2573 4214 2668 4284 μὲν
2710 4214 2804 4267 τοῦ
2831 4215 3041 4283 Πατρός
3072 4214 3259 4267 οὐσίαν
3294 4214 3473 4283 ἁπλῆν
3524 4211 3757 4282 καθαρῶς

2195 4304 2536 4358 ὑπονοεῖσθαι
2561 4324 2572 4334 ·
2628 4307 2727 4375 τὴν
2768 4304 2823 4358 δὲ
2872 4306 2967 4358 τοῦ
3002 4305 3153 4367 Υίού,
3193 4305 3267 4375 μὴ
3305 4305 3548 4375 ἀκριϐῶς
3576 4304 3754 4372 ἁπλῆν,

2195 4396 2328 4449 ἀλλὰ
2364 4397 2456 4449 καὶ
2490 4397 2586 4466 τῆς
2614 4396 2868 4450 συνθέτου
2897 4397 3111 4466 φύσεως
3149 4397 3285 4465 αὐτῇ
3322 4394 3754 4466 παραμεμίχθαι·

508 4493 664 4547 tiam.
725 4502 860 4557 pure
910 4496 962 4540 et
1003 4500 1152 4539 mere
1209 4483 1510 4551 simplicem
1567 4497 1724 4549 esse;
1779 4480 1899 4534 Filii
1950 4497 2080 4536 vero

2197 4488 2282 4542 τοῦ
2316 4489 2371 4541 δὲ
2414 4489 2568 4556 ἁγίου
2601 4489 2913 4558 Πνεύματος
2947 4487 3261 4551 πλεονάζειν
3311 4491 3367 4540 ἐν
3410 4488 3486 4556 τῷ
3530 4485 3756 4553 συνθέτῳ

506 4582 875 4639 sobstantiam
923 4593 1029 4631 non
1078 4576 1400 4644 simpliciter
1442 4575 1745 4644 simplicem
1789 4590 1931 4635 esse,
1987 4575 2081 4629 sed

506 4674 711 4741 aliquid
779 4670 1196 4739 compositionis
1256 4668 1548 4720 admistutn
1598 4666 1845 4733 habere;
1908 4668 2083 4721 sancti

508 4768 743 4836 Spiritus
807 4773 986 4819 autem
1022 4763 1384 4819 substantiam
1437 4764 1729 4832 plurimum
1760 4762 1826 4817 de
1857 4778 2083 4831 compoo

505 4861 724 4915 sitionis
753 4866 945 4911 natura
978 4856 1325 4927 participare,
1377 4871 1501 4907 cum
1549 4855 1914 4923 simplicitatis
1943 4857 2085 4909 ratio

505 4958 559 5009 in
600 4950 857 5006 extremis
904 4948 1163 5018 paulatim
1203 4946 1602 5001 imminuatur:
1634 4952 1687 4998 et
1726 4945 1887 5000 sicuti
1927 4946 2079 5012 illud,

2186 4580 2285 4650 τὴν
2304 4577 2586 4647 quam—:05
2610 4579 2707 4647 τῆς
2731 4578 3031 4646 ἁπλότητος
3057 4577 3214 4644 λόγου
3235 4574 3353 4628 κατ’
3380 4574 3558 4641 ὀλίγον
3586 4574 3639 4624 ἐν
3659 4571 3757 4630 toi;

2188 4671 2438 4741 ἐσχάτοις
2472 4669 2884 4738 ἐλαττουμένου.
2944 4668 3155 4737 Ὥσπερ
3202 4667 3309 4738 γὰρ
3342 4666 3402 4719 τὸ
3446 4665 3521 4734 μὴ
3558 4660 3760 4718 τελείως

2187 4763 2389 4830 ἀγαθὸν
2430 4763 2584 4833 μέρει
2614 4764 2721 4816 τιν)⁸
2750 4764 2847 4834 τῆς
2876 4765 3123 4826 ἐναντίας
3156 4764 3324 4829 ἕξεως
3358 4760 3609 4831 μετέχειν
3640 4757 3754 4823 ὁμο-

2188 4854 2444 4922 λογεῖται,
2478 4856 2648 4919 οὕτως
2674 4856 2703 4908 ὃ
2730 4856 2804 4926 μὴ
2830 4856 3107 4919 παντελῶς
3140 4858 3286 4908 ἐστιν
3313 4851 3538 4916 ἁπλοῦν,
3570 4850 3627 4901 οὐ
3650 4848 3756 4899 διας

2194 4947 2385 5016 φεύγει
2409 4948 2468 5002 τὸ
2497 4949 2571 5019 μὴ
2607 4949 2858 5002 σύνθετον
2889 4946 3026 5002 εἶναι
3049 4949 3239 5001 δοκεῖν.

504 5046 647 5115 quod
696 5060 803 5099 non
855 5052 939 5098 est
986 5041 1227 5112 perfecte
1273 5042 1474 5095 bonum
1506 5080 1521 5101 ,
1592 5040 1644 5094 in
1698 5048 1847 5107 parte
1891 5040 2126 5109 quadam
2203 5043 2469 5096 contrarii
2521 5042 2739 5097 habitus
2784 5057 3013 5096 consors
3056 5056 3200 5103 esse,
3258 5039 3501 5093 onmium
3552 5032 3756 5090 confes-

503 5144 675 5207 sione,
710 5141 974 5197 asseritur
1008 5156 1019 5190 :
1062 5140 1134 5191 ita
1166 5136 1240 5202 id,
1266 5137 1412 5207 quod
1464 5152 1571 5191 non
1604 5137 1828 5189 omnino
1859 5118 2114 5205 simplex.
2131 5144 2237 5200 est,
2268 5136 2505 5208 ellugere
2536 5138 2681 5191 haud
2717 5145 2917 5207 pctest,
2952 5136 3253 5206 quominus
3317 5132 3567 5186 videatur
3625 5138 3760 5181 com.

502 5237 639 5306 posit
653 5251 740 5288 um
797 5248 935 5289 esse.

572 5329 727 5397 Quod
754 5336 932 5383 autem
967 5327 1082 5382 haec
1113 5332 1391 5395 spectans,
1428 5322 1536 5376 isto
1570 5320 1832 5390 loquendi
1872 5335 2075 5390 genere

503 5422 573 5476 sit
628 5437 784 5481 usus,
836 5417 1177 5472 manifestius
1241 5416 1330 5469 fiet
1398 5429 1466 5468 ex
1530 5413 1913 5480 sequentibus,
1985 5412 2076 5465 ubi

504 5514 746 5583 apertius
776 5521 830 5567 et
866 5511 1071 5565 clarius
1103 5508 1557 5564 existimationem
1584 5505 1724 5561 Filio
1754 5514 1807 5559 et
1847 5504 2076 5576 Spiritui

499 5618 693 5662 sincto
722 5605 956 5658 debitam
1013 5604 1078 5657 ad
1123 5602 1355 5656 humiles
1392 5600 1656 5671 quasdam
1723 5607 1777 5652 et
1831 5596 2076 5666 abiectas

503 5689 787 5760 Opinioncs
818 5692 1054 5748 deducit.
1086 5690 1220 5748 Cum
1251 5691 1412 5755 enim,
1444 5690 1643 5759 inquit,
1676 5686 1917 5755 operibus
1961 5687 2067 5738 cir—

2228 5322 2232 5329 '
2255 5318 2364 5370 Καὶ
2384 5319 2464 5370 ὅτι
2484 5318 2656 5371 ταῦτα
2678 5318 2813 5370 νοῶν
2832 5317 3039 5380 τούτοις
3056 5320 3166 5381 τοῖς
3186 5318 3361 5383 λόγοις
3385 5314 3664 5384 κέχρηται,
3682 5310 3760 5363 διὰ

2185 5411 2293 5464 τῶν
2314 5411 2511 5480 ἐφεξῆς
2533 5414 2863 5481 σαφέστερον
2884 5412 3178 5474 δείκνυται,
3200 5411 3263 5462 δι’
3289 5400 3362 5460 ὧν
3388 5405 3749 5476 φανερώτερον

2186 5502 2265 5564 είς
2301 5500 2669 5571 χαμαιζήλους
2697 5500 2869 5563 τινὰς,
2904 5500 2998 5553 καὶ
3030 5499 3289 5560 ταπεινὰς
3322 5495 3611 5565 ὑπολήψεις
3638 5508 3754 5545 κατ-

2185 5588 2306 5651 άγει
2335 5592 2430 5661 τὴν
2458 5591 2697 5662 περὶτοῦ
2726 5591 2852 5644 Υίοῦ
2883 5592 2974 5645 καὶ
2996 5589 3309 5659 Πνεύματος
3343 5587 3565 5639 ἔννοιαν.
3614 5586 3756 5648 Συμ-

2182 5680 2724 5750 περιγραφομένων,
2752 5682 2905 5752 φησὶ,
2936 5681 3057 5746 τοῖς
3084 5682 3277 5749 ἔργοις
3301 5676 3417 5733 τῶν
3434 5671 3751 5743 ἐνεργειῶν
