3920 6476
190 245 273 298 5ἰέ

1295 232 1572 290 CONTRA
1617 229 2001 299 LUNOMIUM,
2047 231 2172 287 LIB.
2215 231 2254 284 l.

3301 236 3404 290 3'26

186 359 262 414 καὶ
295 355 399 408 τῶν
432 356 618 423 ἔργων
644 351 766 417 ταῖς
804 350 920 404 τῶν
945 350 1374 421 ἐργασαμένων
1402 353 1728 422 ἐνεργείαις

1832 349 2258 404 cumscribantur
2285 349 2510 418 energia’
2533 365 2621 402 seu
2646 350 2998 418 operationes,
3022 361 3072 404 et
3101 353 3226 420 ipsis
3245 356 3406 407 etiam

187 445 736 518 παραμετρουμένων,
760 444 994 513 ἀνάγκη
1023 443 1222 512 δήπου
1247 445 1343 498 καὶ
1374 445 1479 512 τὰς
1499 443 1723 513 ἑκάστῃ

186 543 278 597 τῶν
305 536 515 593 οὐσιῶν
547 535 841 604 ἑπομένας
869 535 1195 604 ἐνεργείας,
1217 537 1510 602 ἐλάττους
1545 554 1610 590 τε
1629 535 1727 590 καὶ

179 632 375 705 μείζους
401 626 547 684 εἶναι
573 646 585 659 ’
618 627 713 681 καὶ
741 630 846 693 τὰς
866 626 984 697 μὲν
1015 628 1278 696 πρώτην,
1306 631 1414 695 τὰς
1435 629 1502 682 δὲ
1531 629 1730 683 δευτέ-

176 743 270 796 ραν
295 722 521 789 ἐπέχειν
550 720 737 785 τάξιν.
771 719 957 772 Ταῦτα
987 720 1095 791 γὰρ
1127 722 1176 773 εἰ
1210 721 1305 773 καὶ
1329 715 1629 789 φιλοπόνως
1661 722 1726 791 τῇ

181 817 341 888 ὁμίχλῃ
377 814 469 884 τῆς
508 812 707 878 λέξεως
754 811 1106 882 συγκαλύψας
1165 813 1504 884 δυσθήρατον
1550 812 1728 865 αὐτῶν

182 910 254 978 τὴν
273 908 461 959 ἔννοιαν
496 901 633 958 εἶναι
656 906 766 968 τοῖς
790 904 999 966 πολλοῖς
1022 905 1431 975 παρεσκεύασεν
1456 925 1466 936 ·
1493 905 1605 958 ἀλλ’
1637 901 1730 960 οῦν

183 1005 229 1053 ἐκ
253 1001 336 1068 τῆς
362 997 678 1061 ἀκολουθίας
700 997 809 1050 τῶν
841 996 1227 1067 ἐξητασμένων
1291 997 1530 1062 εὐκόλως
1561 1015 1731 1068 σαφη-

181 1091 468 1160 νιοθὴσεται.
502 1090 546 1141 Σ
549 1087 1178 1158 υμπεριγιοαφομένων,
1204 1089 1359 1158 φησι,
1385 1087 1512 1152 τοῖς
1536 1089 1732 1157 ἔργοις

180 1178 272 1233 τῶν
286 1173 607 1246 ἐνεργειῶν.
630 1178 808 1247 Ἔργα
830 1175 1083 1247 ὀνομάζει
1099 1176 1189 1228 τὸν
1206 1177 1353 1239 Υἰὸν,
1372 1176 1464 1229 καὶ
1483 1176 1622 1229 Πνεῦ
1632 1193 1728 1247 μα’

176 1271 429 1341 ἐνεργείας
441 1267 497 1320 δὲ
526 1269 625 1330 τὰς
659 1267 1088 1331 ἀποτελεστικὰς
1112 1268 1316 1320 τούτων
1343 1268 1632 1337 δυνάμεις,
1663 1270 1729 1323 δι’

179 1357 235 1413 ὧν
261 1358 696 1430 ἀπειργάσθησαν
718 1401 733 1424 ,
779 1358 959 1430 ἇσπερ
1015 1359 1196 1429 μικρῷ
1243 1359 1477 1430 πρόσθεν
1503 1359 1731 1413 ἕπεσθαί

181 1468 285 1521 φησι
322 1452 432 1512 ταῖς
469 1450 704 1513 οὐσίαις.
776 1450 840 1502 'H
887 1449 944 1502 δὲ
1003 1447 1098 1500 τοῦ
1137 1449 1734 1519 συμπεριγςράφεσθαι

178 1544 292 1608 λέξις
318 1542 460 1612 δηλοῖ
490 1541 550 1593 τὸ
585 1541 892 1595 ἰσοστάσιον
932 1543 1030 1610 τῆς
1061 1541 1516 1612 ἀποτελεσθείσης
1546 1541 1733 1606 οὐσίας

178 1633 286 1705 πρὸς
315 1631 404 1702 τὴν
439 1633 835 1702 ύποστήσασαν
861 1631 1090 1702 δύναμιν
1121 1647 1136 1662 ο
1182 1631 1382 1703 μᾶλλον
1408 1633 1464 1686 δὲ
1491 1634 1610 1704 οὐχὶ
1639 1634 1730 1688 δύο

1830 441 2074 506 operibus
2105 441 2435 508 operantium
2478 446 2806 507 operatione:
2842 455 3336 497 commensurentur
3359 456 3411 498 et

1829 533 2194 601 adloquantur,
2230 547 2435 586 necesse
2460 540 2537 583 est
2562 533 2914 597 operationes.
2945 551 3063 602 qua:
3113 540 3182 588 ad
3223 555 3412 606 quam-

1832 625 1953 678 libet
1983 624 2406 678 subslantiarum
2436 632 2847 691 consequuntur,
2889 625 3118 693 majores
3157 638 3206 680 et
3246 630 3410 681 mino-

1831 731 1913 769 res
1943 731 2076 774 esse.
2105 724 2153 767 et
2193 713 2288 768 has
2318 713 2528 783 quidem
2559 714 2783 782 primas,
2825 715 2950 769 illas
2999 733 3116 771 vero
3149 719 3409 774 secundus

1834 817 2025 860 tenere.
2068 806 2192 859 Haec
2227 807 2372 859 enim
2407 807 2532 859 licet
2562 805 2808 860 studiose
2840 809 3134 862 verborum
3175 813 3410 883 caligine

1835 904 2096 967 coOperta
2128 913 2350 951 sensum
2389 897 2709 951 contineant
2745 897 3027 950 intellectu
3057 907 3111 953 et
3139 901 3410 970 explicatn

1836 989 2021 1043 multis
2053 989 2207 1041 valde
2237 987 2534 1049 dillicilem,
2594 998 2772 1042 tamen
2826 1002 2891 1041 ex
2927 1003 3220 1057 progressu
3263 992 3411 1047 refu-

1835 1081 2062 1134 tatiouis
2093 1079 2252 1133 facile
2308 1080 2640 1133 eluccscent.
2702 1076 2836 1131 Cum
2883 1079 3411 1147 circumscribantur,

1835 1172 2032 1241 inquit,
2065 1172 2307 1238 operibus
2341 1170 2698 1239 operationes.
2730 1170 2903 1239 Opera
2938 1172 3183 1225 nominat
3213 1173 3409 1229 Filium

1832 1272 1887 1318 et
1911 1264 2196 1332 Spiritum,
2225 1265 2550 1331 operatione:
2606 1277 2732 1315 vero
2781 1262 3161 1331 productrices
3213 1265 3408 1321 horum

1836 1355 2144 1419 facultates,
2181 1353 2384 1422 quibus
2413 1354 2660 1422 prnducti
2694 1362 2842 1418 sunt,
2873 1371 3010 1424 quas
3049 1358 3209 1424 paulo
3254 1367 3412 1413 antea

1833 1447 1972 1502 dixit
2001 1446 2157 1516 sequi
2185 1446 2251 1499 ad
2288 1445 2648 1500 substantias.
2687 1446 2756 1498 At
2788 1461 2916 1500 vero
2945 1463 3046 1502 vox
3078 1448 3416 1506 circumscri-

1835 1538 1988 1592 bendi
2022 1538 2292 1608 signilicat
2318 1538 2580 1606 azqualcm
2613 1547 2811 1591 statum
2840 1539 3119 1607 producta:
3149 1543 3416 1598 substan-

1835 1633 1921 1686 tiae
1961 1647 2083 1687 cum
2139 1630 2417 1693 facultate,
2475 1646 2596 1698 qua:
2654 1632 2800 1684 illam
2838 1633 3141 1701 producere
3190 1643 3411 1704 potest;

179 1743 328 1795 ναμιν,
357 1725 489 1777 ἀλλὰ
519 1724 808 1795 δυνάμεως
843 1725 1124 1794 ἐνέργειαν
1151 1743 1166 1756 ·
1212 1725 1395 1787 καθὼς
1422 1727 1582 1789 αὐτὸς
1613 1729 1731 1781 ὀνο-

1834 1723 1916 1778 vel
1955 1722 2138 1792 potius
2170 1737 2279 1774 non
2325 1737 2449 1774 cum
2489 1723 2766 1783 facultate,
2806 1724 2899 1778 sed
2956 1740 3078 1778 cum
3138 1726 3415 1783 facultatis

180 1819 308 1889 μάζει
329 1834 341 1847 ο
383 1819 463 1870 ἵνα
495 1816 572 1888 μὴ
607 1817 788 1887 πάσης
818 1818 914 1886 τῆς
947 1817 1041 1869 τοῦ
1075 1816 1420 1889 ἐνεργοῦντος
1451 1819 1730 1890 δυνάμεως

178 1912 302 1981 ἔργον
374 1909 431 1960 τὸ
457 1909 835 1978 ἀποτέλεσμα,
855 1907 989 1962 ἀλλά
1008 1926 1153 1972 τινος
1177 1912 1408 1981 μερικῆς
1431 1912 1728 1982 ἐνεργείας,

177 2001 390 2054 τοσοῦτον
410 2001 512 2070 τῆς
544 2002 732 2073 πάσης
763 2001 1044 2071 δυνάμεως
1069 2002 1405 2075 κινηθείσης,
1441 2005 1563 2057 ὅσον
1595 2004 1732 2074 σύμ-

179 2110 339 2163 μετρον
409 2079 603 2160 ἔμελλε
641 2095 707 2164 τῇ
759 2093 1073 2165 ἀπεργασίᾳ
1103 2093 1196 2147 τοῦ
1241 2097 1531 2166 γινομένου
1556 2099 1730 2169 φανή-
1761 2146 1778 2168 ,

180 2184 348 2237 σεσθαι.
385 2184 492 2238 Καὶ
519 2185 690 2239 πάλιν
721 2183 780 2238 τὸ
811 2187 944 2239 αὐτὸ
980 2188 1400 2257 ἐπαναστρέψας
1432 2189 1585 2259 φησὶ,
1622 2189 1732 2244 Καὶ

179 2272 266 2325 τῶν
278 2273 453 2342 ἔργων
468 2273 604 2340 ταῖς
621 2274 741 2328 τῶν
761 2274 1188 2345 ἐργασαμένων
1207 2277 1522 2346 ἐνεργείαις
1546 2293 1734 2346 παρα-

173 2363 570 2433 μετρουμένων.
619 2365 836 2419 Τούτων
869 2365 923 2419 δὲ
954 2367 982 2419 ὁ
1009 2366 1131 2431 νοῦς
1161 2368 1371 2436 γένοιτο
1396 2369 1462 2421 ἂν
1492 2371 1623 2440 ἡμῖν
1665 2371 1731 2422 δι’

178 2457 526 2528 ὑποδείγματος
571 2458 1017 2531 γνωριμώτερος.
1085 2459 1446 2531 ’Υποθώμεθα
1486 2461 1595 2532 γὰρ
1641 2463 1733 2516 ἐπὶ

176 2549 365 2619 ὀργάνου
415 2549 562 2615 τινὸς
602 2551 713 2604 τῶν
767 2553 1176 2623 σκυτοτομικῶν
1237 2548 1378 2608 εἶναι
1433 2555 1524 2609 τὸν
1577 2554 1733 2624 λόγον

176 2641 285 2697 οὔτω
303 2661 314 2672 ·
350 2642 408 2696 τδ
431 2643 653 2716 σμίλιον
681 2645 759 2708 εἰς
789 2644 988 2698 κύκλου
1015 2647 1196 2716 σκῆμα
1225 2645 1613 2717 περιηγμένον,
1637 2646 1733 2700 ἐὰν

177 2735 396 2807 ἐπισληθῇ
426 2753 531 2790 τινι
561 2728 614 2802 ᾧ
639 2735 744 2806 χρὴ
783 2735 874 2789 τὸν
905 2736 1143 2790 τοιοῦτον
1175 2737 1493 2805 ἐγγενέσθαι
1539 2736 1732 2802 τύπον,

178 2826 656 2897 συμπεριγραςρεται
697 2825 778 2896 τῷ
816 2831 1054 2898 σχήματι
1079 2829 1169 2881 τοῦ
1199 2831 1422 2900 σιδήρου
1452 2830 1514 2882 τὸ
1534 2829 1600 2883 δι’
1630 2830 1728 2883 αὐ-

175 2919 246 2971 τοῦ
269 2920 672 2990 ἐπιμελόμενον,
703 2919 796 2970 καὶ
825 2919 1079 2984 τοσοῦτος
1110 2924 1137 2975 ὁ
1177 2924 1235 2975 ἐν
1266 2926 1332 2994 τῇ
1360 2926 1499 2994 τομῇ
1535 2922 1734 2987 κύκλος

173 3009 492 3082 δειχθήσεται,
529 3013 662 3076 ὅσος
701 3013 759 3064 ἐν
787 3011 865 3081 τῷ
904 3013 1119 3082 ὀργάνῳ
1134 3011 1267 3065 ἐστί·
1289 3014 1384 3067 καὶ
1416 3015 1725 3082 πάλιν,ὂσῳ

174 3103 459 3174 διαστήματι
484 3103 791 3174 ⁸ιιιεριῆιιιται
829 3104 888 3157 τὸ
920 3105 1172 3176 ὄργανον,
1212 3106 1463 3160 τοσοῦτον
1504 3108 1598 3161 καὶ
1636 3107 1724 3160 διὰ
1758 3071 1800 3128 c

176 3195 251 3265 τῆς
275 3197 429 3268 τομῆς
466 3195 809 3268 περιγράψει
845 3195 933 3249 τὸν
961 3196 1177 3250 κύκλον.
1219 3197 1455 3268 Τοιαύτη
1484 3197 1576 3251 τοῦ
1606 3198 1725 3252 θεο-

174 3287 299 3356 λόγον
329 3291 358 3358 ἡ
391 3290 574 3344 ἔννοια
608 3290 737 3358 περὶ
769 3289 869 3358 τῆς
910 3290 1060 3353 θείας
1091 3289 1184 3343 τοῦ
1228 3289 1559 3357 Μονογενοῦς
1593 3291 1719 3343 ὑπο-

176 3383 394 3445 στάσεως.
414 3381 762 3452 Ἐνέργειάν
782 3399 916 3435 τινα
931 3381 1194 3451 καθάπερ
1215 3382 1470 3451 ὄργανον
1489 3381 1562 3450 τῇ
1581 3381 1729 3452 πρώ-

174 3491 228 3540 τῃ
248 3476 408 3542 οὐσίᾳ
430 3473 862 3543 παρεπομένην
883 3474 1226 3544 σύμμετρόν
1251 3491 1413 3546 φησιν
1436 3476 1601 3546 ἐαυτῇ
1635 3476 1726 3548 ἕρ-

175 3581 246 3632 γον
270 3568 624 3638 πεποιηκέναι
642 3567 732 3620 τὸν
755 3567 958 3639 Κύριον
979 3585 992 3598 ·
1033 3567 1205 3630 οὕτως
1226 3563 1332 3620 εἶδε
1365 3569 1456 3620 τὸν
1480 3567 1607 3622 Υἱὸν
1631 3567 1725 3621 τοῦ

174 3657 280 3711 Θεοῦ
302 3657 562 3725 δοξάζειν,
592 3660 682 3712 τὸν
738 3657 812 3712 ἐν
841 3659 911 3726 τῇ
937 3659 1087 3726 δόξῃ
1115 3660 1220 3714 τοῦ
1257 3662 1485 3728 Πατρὸς
1526 3661 1618 3715 νῦν
1645 3661 1728 3714 δο-

175 3747 450 3820 ξαζόμενον,
480 3754 580 3806 καὶ
610 3753 666 3805 ἐν
689 3749 768 3821 τῷ
793 3750 969 3821 καιρῷ
995 3752 1093 3821 τῆς
1119 3751 1353 3822 κρίσεως
1383 3751 1727 3823 ἐκκαλυφθη-

175 3841 363 3911 αὑμενον
389 3859 403 3874 ·
446 3841 644 3895 τοῦτον
677 3857 841 3912 φησιν
866 3841 1040 3910 ἔργον
1083 3844 1232 3901 ὄντα,
1267 3845 1332 3911 τῇ
1377 3841 1724 3914 ἐργασαμένη

174 3931 302 3984 αὑτὸν
327 3932 580 4004 ἐνεργείᾳ
621 3932 1135 4002 παραμετρεῖσθαι.
1166 3931 1261 3995 Τίς
1294 3933 1470 3985 τοίνυν
1498 3934 1530 4002 ή
1579 3932 1727 4003 ἐνέρ-

173 4039 286 4089 γεια,
320 4025 351 4094 ἡ
385 4023 464 4096 τῷ
491 4022 616 4094 Θεῷ
650 4006 752 4093 μὲν
792 4023 899 4076 τῶν
932 4022 1070 4076 ὅλων
1108 4021 1497 4092 παρεπομένη·
1540 4022 1644 4094 πρὸ
1672 4023 1728 4076 δὲ

173 4114 245 4167 τοῦ
275 4113 611 4184 Μονογενοῦς
642 4114 930 4186 νοουμένη,
978 4115 1073 4167 καὶ
1117 4116 1530 4186 περιγράφουσα
1564 4113 1725 4167 αὑτοῦ

172 4206 248 4277 τὴν
277 4209 494 4272 etiam;
541 4204 784 4276 Δύναμις
809 4223 894 4269 τις
940 4205 1206 4277 οὐσιώδης
1245 4208 1366 4260 καθ’
1392 4207 1589 4275 ἑαυτὴν
1635 4208 1729 4276 ὑφ-

174 4299 380 4366 εστῶσα,
429 4299 530 4354 καὶ
574 4299 636 4352 τὸ
664 4297 856 4350 δοκοῦν
892 4296 1236 4368 ἐργαζομένη
1269 4298 1336 4351 δι’
1379 4299 1724 4365 αὐτεξούσιον

172 4389 462 4459 κινήματος
499 4389 708 4442 Οὐκοῦν
734 4388 892 4458 αὑτὴ,
934 4389 1121 4460 Πατὴρ
1154 4388 1242 4441 τοῦ
1277 4391 1480 4461 Κυρίου
1505 4406 1518 4420 ·
1549 4392 1642 4445 καὶ
1673 4392 1725 4444 τι

173 4475 235 4529 ἔτι
256 4479 649 4549 ὲπιθρυλλεῖται
691 4479 769 4549 τῷ
798 4480 886 4531 ἐπὶ
935 4479 1153 4532 πάντων
1177 4478 1294 4549 Θεῷ
1329 4481 1480 4552 ἢτοῦ
1517 4482 1728 4554 Πατρὸς

174 4566 350 4638 κλῆσις,
376 4572 424 4623 εἰ
458 4571 537 4642 μὴ
568 4572 798 4634 ἐκεῖνος.
837 4569 974 4625 ἀλλά
1000 4588 1082 4635 τις
1111 4572 1358 4643 ἐνέργεια
1397 4574 1504 4627 τῶν
1535 4574 1732 4638 ἔξωθεν

175 4664 548 4734 παρεπομένων
581 4664 671 4716 τὸν
706 4663 832 4717 Υἰὺν
859 4664 1232 4736 ἀπειργάσατο
1258 4683 1271 4730 ;
1308 4665 1425 4729 πῶς
1452 4666 1510 4719 δὲ
1532 4665 1679 4730 Υἱὸς,
1706 4667 1734 4718 ὁ

175 4750 277 4817 Υἱός
301 4772 314 4785 υ
340 4755 396 4808 ὃν
423 4756 492 4808 δι’
518 4755 708 4825 ἐτέρου
731 4757 827 4826 μέν
865 4772 1010 4820 τινος
1035 4757 1338 4827 ὑποστῆναι
1371 4757 1539 4827 λέγει,
1567 4758 1737 4811 καθά-

174 4862 259 4917 περ
281 4850 334 4903 δέ
354 4868 477 4905 τινα
501 4851 610 4904 τῶν
637 4849 1040 4920 ὑποδολιμαίων
1079 4859 1094 4924 (
1115 4852 1271 4916 ἵλεως
1297 4853 1354 4906 δὲ
1379 4854 1465 4924 εἴη
1487 4854 1564 4925 τῷ
1587 4853 1731 4924 λόγῳ

173 4937 195 4989 ό
211 4939 437 5011 Κύριος),
453 4941 598 4994 οὕτω
613 4941 719 5011 τὴν
736 4943 1043 5012 οἰκειότητα
1063 4943 1156 4996 τοῦ
1181 4944 1393 5013 Πατρὸς
1409 4943 1732 4998 ὑποδύεσθαι

176 5033 285 5104 μόνῃ
308 5038 370 5105 τῇ
411 5035 757 5106 προσηγορία
787 5035 880 5088 τοῦ
909 5035 1038 5088 Υἱοῦ
1074 5038 1464 5108 τετιμημένον;
1513 5037 1632 5100 πῶς
1673 5038 1732 5091 δὲ

175 5126 287 5191 μετὰ
310 5125 400 5178 τὸν
424 5127 558 5179 Θεὸν
592 5125 700 5180 τῶν
729 5127 885 5190 ὅλων,
921 5127 1015 5181 καὶ
1039 5128 1129 5181 τὸν
1159 5126 1362 5200 Κύριον
1387 5131 1542 5196 τάξει
1564 5131 1592 5183 ό
1612 5129 1730 5200 τρί-

172 5233 244 5268 τον
265 5219 323 5271 ἐκ
342 5218 435 5271 τοῦ
467 5219 684 5291 Πατρὸς
711 5220 802 5272 τὸν
834 5221 962 5275 Υἱδν
987 5221 1256 5292 ἀριθμῶν,
1285 5225 1385 5293 τῆς
1414 5220 1727 5294 μεσιτευού-

175 5323 252 5374 σης
293 5311 568 5380 ἐνεργείας
615 5311 832 5379 ἐκείνης
876 5313 932 5365 ἐν
979 5313 1208 5385 δευτέρᾳ
1255 5313 1407 5381 τάξει
1459 5314 1597 5384 μετὰ
1633 5313 1726 5366 τὸν

175 5397 250 5449 ἐπὶ
270 5400 475 5454 πάντων
503 5402 638 5454 Θεὸν
671 5403 1099 5473 ἀριθμουμένης,
1132 5403 1272 5457 κατὰ
1298 5396 1477 5474 δὲτὴν
1503 5403 1727 5456 ἀκολου-

176 5486 274 5541 θίαν
300 5491 518 5563 ταύτην,
553 5495 649 5546 καὶ
677 5493 900 5566 Πνεῦμα
927 5496 988 5550 τὸ
1013 5496 1168 5566 ἆγιον
1202 5496 1419 5558 πάντως
1455 5496 1636 5548 οὐκέτι
1668 5495 1727 5548 ἐν

236 5674 274 5704 ³⁸
308 5675 534 5750 Philipp.
572 5694 636 5745 ιι,
662 5677 744 5730 Η.

1835 1816 2182 1885 operatione,
2219 1813 2682 1882 quemadmodum
2717 1814 2832 1882 ipse
2877 1816 3146 1878 nominat,
3182 1833 3247 1870 ne
3289 1819 3414 1870 uni-

1832 1923 2009 1962 versa:
2039 1907 2315 1962 facultatis
2348 1906 2491 1976 ejus.
2528 1907 2620 1974 qui
2661 1915 2941 1974 operatur,
2977 1922 3117 1977 opus
3177 1910 3268 1970 sit,
3319 1909 3414 1966 sed

1834 1997 2121 2068 cujusdam
2155 1998 2507 2067 particularis
2529 1998 2891 2066 operationis.
2915 2008 3124 2054 tantum
3163 2002 3416 2056 videlicet

1833 2105 1900 2144 ex
1942 2090 2113 2144 totius
2148 2087 2425 2143 facultatis
2451 2087 2663 2142 viribus
2703 2098 2959 2143 manante
2990 2107 3004 2143 :
3038 2099 3303 2158 quantum
3332 2092 3415 2144 vi-

1821 2180 1950 2236 .deri
1983 2190 2162 2250 potest
2189 2195 2288 2250 par
2316 2187 2371 2235 et
2432 2193 2498 2233 ex
2546 2194 2706 2250 aequo
2736 2180 3078 2250 respondens
3138 2182 3417 2237 cﬂectioni

1832 2273 1976 2342 ejus,
2007 2273 2150 2342 quod
2183 2271 2512 2342 productum
2555 2271 3019 2341 esLRursumque
3051 2273 3195 2328 idem
3239 2273 3419 2328 incul-

1817 2377 1967 2432 catis
1995 2363 2072 2416 ait
2105 2381 2118 2416 :
2155 2361 2390 2432 Cumque
2427 2378 2586 2429 opera
2637 2362 2768 2430 ipsis
2807 2364 2968 2416 etiam
3022 2365 3416 2432 operationibus

1831 2465 2324 2510 commensurentnr
2355 2464 2403 2508 et
2437 2454 2824 2524 admouentur;
2859 2471 3090 2524 quorum
3124 2457 3412 2512 verborum

1835 2563 2035 2605 sensus
2085 2547 2289 2602 clarior
2343 2547 2434 2600 fiet
2483 2547 2664 2601 allatis
2702 2548 2988 2616 exemplis.
3046 2549 3320 2603 Ponamns
3351 2550 3418 2604 de

1835 2642 2208 2696 instrumento
2237 2640 2422 2708 aliquo
2454 2629 2666 2693 sutorio
2683 2654 2992 2694 sermonem
3027 2655 3152 2695 esse
3184 2642 3237 2695 in
3270 2643 3417 2697 hunc

1815 2733 2057 2788 modum
2082 2750 2098 2792 ;
2123 2731 2398 2801 scalprum
2431 2730 2484 2784 in
2515 2729 2708 2783 circuli
2744 2731 2963 2784 modmn
2987 2731 3414 2798 conformatum,

1817 2826 1879 2898 ,εἰ
1913 2825 2224 2893 imponatur
2257 2821 2447 2883 alicui,
2486 2820 2539 2874 in
2566 2835 2674 2889 quo
2710 2820 2833 2889 quis
2863 2828 3052 2891 typum
3085 2821 3204 2889 ejus
3265 2832 3319 2876 et
3355 2823 3418 2877 li-

1833 2932 2024 2988 guram
2080 2915 2385 2985 exprimere
2425 2913 2572 2973 velit,
2629 2921 2760 2964 tunc
2812 2911 2864 2964 id
2922 2912 3066 2980 qttod
3124 2913 3414 2978 scinditur,

1837 3006 2063 3059 formam
2093 3015 2145 3059 et
2183 3004 2410 3074 ﬁguram
2467 3002 2597 3056 ferri
2638 3001 2867 3070 recipit;
2920 3009 2974 3056 et
3015 3011 3202 3058 tantus
3241 3012 3324 3058 est
3358 3005 3414 3058 in

1835 3095 2078 3151 seetione
2111 3094 2372 3159 ambitus,
2428 3101 2670 3162 quantus
2706 3092 2760 3145 iu
2823 3092 3208 3160 instrumento,
3241 3111 3418 3164 quan-

1837 3200 1999 3258 toque
2031 3187 2322 3242 intervallo
2367 3184 2809 3239 circumductum
2844 3193 2928 3240 est
2963 3186 3414 3252 instrumentmn,

1837 3289 2048 3334 tantum
2085 3280 2137 3332 in
2165 3279 2408 3332 sectione
2447 3278 2609 3331 etiam
2641 3277 2908 3330 circulum
2933 3277 3229 3334 describet.
3269 3279 3418 3335 Talis

1834 3380 1919 3425 est
1955 3370 2194 3440 theologi
2248 3368 2412 3437 hujus
2462 3367 2723 3439 cogitatio
2769 3368 2837 3422 de
2903 3369 3086 3424 divina
3151 3371 3417 3442 unigeniti

1836 3461 1956 3516 Filii
1994 3461 2298 3532 hypostasi.
2339 3461 2448 3522 Ait,
2498 3460 2868 3530 Operationem
2901 3460 3210 3530 quamdam,
3265 3465 3421 3533 quasi

1835 3555 2261 3615 instrumentum,
2288 3569 2405 3623 qua:
2430 3551 2497 3606 ad
2519 3553 2748 3621 printam
2770 3551 3124 3619 substantiam
3147 3564 3417 3624 sequatur,

1833 3647 2066 3716 effecisse
2081 3661 2208 3712 opus
2222 3645 2324 3700 sibi
2339 3655 2841 3706 commensuratum,
2859 3645 3107 3702 videlicet
3130 3647 3417 3701 Dominum

1817 3746 2127 3793 mostrum:
2169 3738 2248 3792 sic
2281 3738 2426 3791 enim
2459 3736 2731 3806 gloriﬁcat
2781 3737 2884 3792 iste
2919 3736 3114 3794 Filium
3164 3738 3281 3802 Dei,
3322 3742 3415 3809 qui

1835 3832 1887 3885 in
1919 3831 2091 3901 gloria
2120 3830 2301 3883 Patris
2327 3831 2370 3860 ³⁸
2403 3846 2551 3885 nunc
2601 3831 2963 3901 glorificatur,
3028 3832 3173 3885 hunc
3223 3834 3420 3887 asserit

1836 3939 1964 3992 opus
1994 3930 2500 3985 commensuratum,
2530 3929 2584 3975 ct
2613 3933 2760 3976 certa
2794 3925 3142 3992 proportione
3192 3939 3418 3993 respon-

1835 4017 1970 4071 dens
2002 4015 2074 4080 ei,
2111 4030 2217 4083 qua
2263 4014 2491 4068 eﬂ'cctus
2551 4015 2645 4076 sit,
2698 4015 3022 4083 operationi.
3081 4013 3212 4079 Quae
3251 4015 3420 4083 igitur

1835 4116 1918 4163 est
1984 4107 2098 4162 haec
2151 4106 2372 4174 encrgia
2409 4113 2460 4158 et
2499 4106 2766 4172 operatio,
2817 4123 2932 4175 qua:
2991 4106 3157 4160 Deum
3195 4107 3416 4174 quidem

1835 4201 2219 4255 universorum
2273 4206 2562 4267 sequatur,
2619 4205 2673 4252 et
2707 4207 2830 4250 ante
2869 4195 3215 4268 Unigenitum
3283 4215 3415 4270 pra-

1835 4293 2182 4361 concipiatur
2241 4289 2707 4345 circumscribens
2778 4290 2950 4358 ipsius
3006 4291 3419 4347 substantiam?

1836 4385 2006 4440 Estne
2034 4383 2347 4438 essentialis
2407 4381 2659 4451 quat-dam
2725 4383 2988 4451 potentia,
3023 4397 3119 4452 per
3177 4383 3413 4452 seipsam

1835 4477 2165 4538 subsistens,
2223 4484 2276 4529 et
2339 4475 2610 4528 arbitratu
2659 4489 2780 4532 suo,
2818 4488 2913 4542 per
2951 4475 3177 4528 liberam
3219 4475 3414 4528 volun-

1832 4568 1960 4622 tatis
1989 4567 2262 4621 actionem
2317 4565 2392 4628 id,
2429 4563 2576 4633 quod
2639 4565 2835 4634 placet,
2906 4565 3191 4632 operans"
3244 4563 3416 4634 Igitur

1830 4662 1948 4730 ipsa
2002 4667 2107 4720 est,
2171 4658 2334 4712 Pater
2396 4655 2640 4714 Domini:
2701 4663 2756 4711 ct
2789 4671 2889 4709 cur
2936 4657 3174 4725 amplius
3216 4673 3414 4711 nomen

1835 4750 2016 4806 Patris
2058 4750 2168 4808 Deo
2198 4751 2578 4804 universorum
2602 4748 2953 4802 attribuimus
2979 4791 2994 4813 ,
3042 4750 3088 4802 si
3122 4765 3229 4802 non
3278 4749 3412 4817 ipse,

1836 4846 1930 4902 sed
1965 4845 2187 4915 energia
2222 4844 2498 4914 quaedam,
2532 4849 2586 4898 et
2617 4841 2864 4912 operatio
2887 4843 3229 4896 extrinsecus
3276 4856 3412 4894 con—

1837 4951 2076 5008 sequens
2139 4943 2194 4990 et
2254 4933 2553 4990 adveniens
2586 4932 2783 4988 Filitnn
2823 4933 3070 5002 producit
3094 4933 3116 4984 ’ἓ
3153 4931 3216 4985 Et
3273 4949 3412 5001 quo-

1835 5030 1996 5085 modo
2029 5029 2201 5084 Filius
2229 5035 2314 5083 est
2349 5025 2543 5088 Filius,
2573 5041 2734 5096 quem
2798 5041 2893 5092 per
2953 5025 3099 5079 aliud
3155 5024 3413 5094 quiddam

1835 5123 2159 5186 subsistere.
2191 5129 2244 5176 et
2267 5121 2441 5175 instar
2473 5119 2808 5189 supposititii
2843 5118 3126 5187 cujusdam
3155 5126 3210 5172 ct
3241 5121 3412 5188 spurii

1835 5216 1958 5288 (det
1986 5217 2204 5270 veniam
2238 5213 2470 5268 orationi
2514 5211 2820 5280 Dominus)
2853 5212 2906 5264 in
2941 5209 3122 5264 Patris
3180 5226 3411 5264 consor-

1834 5309 1969 5362 tium
2001 5306 2308 5376 irrepsisse,
2336 5315 2392 5360 et
2441 5305 2558 5360 sola
2590 5301 2712 5356 Filii
2744 5301 3112 5371 appellatione
3143 5302 3402 5356 honesta-

1819 5407 1950 5454 tum
1977 5415 2101 5454 esse
2159 5399 2335 5453 dicit?
2388 5396 2673 5463 Quomodo
2725 5394 3022 5449 collocahit
3059 5402 3180 5462 post
3243 5393 3410 5448 Deum

1835 5493 2248 5558 universorum,
2281 5489 2478 5545 Filium
2506 5506 2521 5557 ;
2551 5489 2645 5558 qui
2667 5486 2887 5543 tertium
2918 5501 2950 5542 a
2985 5491 3144 5549 Patre
3166 5502 3418 5546 numerat
