3920 6490
530 244 632 296 527
1721 240 1779 294 s.
1822 240 2147 297 cn-econu
2188 242 2477 298 NYSSEM
3653 253 3740 308 ωε

528 362 747 426 Filium,
781 361 1047 416 collocata
1078 362 1255 415 media
1286 360 1375 415 illa
1398 377 1617 432 energia
1653 378 1748 417 seu
1784 365 2091 433 operatione

2205 368 2383 437 τρίτῃ,
2422 366 2536 420 ἀλλ’
2562 368 2623 419 ὲν
2664 368 2887 441 πέμπτῃ
2931 366 3081 432 τάξει
3132 371 3621 442 καταληφθήσεται,
3660 379 3740 446 τῆς

528 455 770 508 secundo
803 454 965 507 loco?
1001 453 1112 508 Hac
1144 456 1288 508 serie
1323 448 1562 523 Spiritus
1596 461 1820 509 sanctus
1854 469 1963 508 non
2013 463 2091 510 te-

2201 457 2477 527 ἐνεργείας
2502 457 2713 526 ἐκείνης
2739 460 2795 510 ἐν
2828 458 3053 529 δευτέρᾳ
3083 459 3230 525 τάξει
3260 458 3392 530 μετὰ
3411 463 3501 514 τὸν
3529 466 3614 516 ἐπὶ
3632 469 3741 520 πάν-

525 542 676 597 nebit
705 542 939 613 amplius
970 544 1148 596 locum
1178 544 1424 605 tertium,
1462 543 1552 596 sed
1585 542 1871 610 quintum:
1905 558 2091 612 opera-

2199 564 2306 600 των
2341 549 2472 601 Θεὸν
2498 549 2728 619 ἀριθμου
2738 550 2924 619 μένης,
2945 549 3085 602 κατὰ
3104 550 3160 603 δὲ
3185 552 3282 622 τὴν
3304 552 3609 609 ἀκολουθίαν
3631 560 3742 611 ταύ-

525 634 696 700 tione,
727 648 847 703 qua:
880 634 947 688 ad
988 634 1354 688 substantiam
1414 631 1688 701 Unigeniti
1722 633 1990 702 sequitur,
2045 641 2091 687 el

2199 655 2319 707 την,
2347 639 2439 693 καὶ
2470 640 2530 692 τὸ
2562 638 2781 709 Πνεῦμα
2806 641 2866 693 τὸ
2891 641 3043 708 ἅγιον
3067 642 3281 707 πάντως
3303 644 3480 697 οὐκέτι
3511 647 3564 698 ἐν
3586 650 3740 720 τρίτῃ,

525 741 623 795 per
652 742 812 795 quam
843 725 1082 795 Spiritus
1124 736 1350 779 sanctus
1384 726 1657 791 subsistit,
1690 735 1750 778 ut
1797 725 2091 780 Eunomius

2199 728 2313 782 ἀλλ’
2340 730 2397 782 ἐν
2425 730 2651 801 πέμπτῃ
2676 730 2823 794 τάξει
2845 731 3333 803 καταληφθήσεται.
3365 734 3473 804 Τῆς
3494 737 3743 806 ἐνεργείας

526 826 703 887 putat,
746 819 917 873 media
948 819 1255 888 interjecta.

2202 820 2303 890 τῆς
2340 820 2419 891 τῷ
2444 822 2740 891 Μονογενεῖ
2767 825 3172 895 παρεπομένης,
3214 824 3334 877 καθ’
3363 828 3428 896 ἢν
3461 827 3653 900 ὑπέστη
3692 831 3743 883 τὸ

2200 910 2421 981 Πνεῦμα
2467 912 2527 963 τὸ
2562 915 2733 981 ἅγιον,
2774 914 2846 976 ὼς
2894 916 2921 967 ὁ
2949 915 3214 986 Εὑνομίου
3244 916 3419 985 λόγος,
3457 916 3552 972 ⁷διὰ
3596 922 3740 992 μέσον

2200 1002 2415 1059 πάντως
2442 1003 2673 1073 ἀριθμου
2683 1004 2868 1074 μένης.

2286 1093 2446 1145 Ἀλλὰ
2486 1093 2695 1158 καὶτὸ,
2740 1094 2942 1147 Πάντα
2980 1094 3076 1147 διὰ
3118 1096 3224 1150 τοῦ
3263 1092 3397 1150 Υἱοὗ
3418 1099 3743 1167 γεγενῆσθαι

2198 1185 2393 1252 λέγειν,
2414 1186 2711 1238 ἀσύστατον
2739 1186 2826 1239 διά
2851 1188 3055 1242 τούτων
3081 1190 3540 1261 ἐπιδειχθήσεται·
3576 1194 3742 1264 ἐτέρας

2196 1277 2338 1338 τινὸς
2369 1277 2715 1340 ὑποστάσεως
2744 1278 3119 1352 πρεσὸυτέρας
3144 1279 3237 1333 τοῦ
3270 1282 3597 1351 Μονογενοῦς
3626 1301 3743 1355 προ-

2198 1365 2633 1436 αναπλασθείσης
2668 1367 2772 1419 ὑπὸ
2816 1368 2907 1421 τοῦ
2938 1370 3123 1423 καινοῦ
3156 1370 3429 1440 θεολόγου,
3470 1373 3551 1437 εἰς
3586 1377 3645 1445 ἠν
3675 1379 3740 1430 el.-

2198 1455 2368 1516 κὸτως
2395 1457 2426 1525 ἡ
2459 1456 2604 1509 αἰτία
2635 1458 2735 1528 τῆς
2766 1458 2994 1522 κτίσεως
3032 1459 3139 1513 τῶν
3171 1463 3386 1516 πάντων
3410 1464 3742 1537 νάνενεχθήσε-

599 1092 707 1149 Sed
736 1105 788 1151 et
828 1094 956 1147 illud
985 1089 1334 1162 evangelista:
1356 1133 1370 1158 ,
1407 1090 1599 1146 Omnia
1622 1106 1712 1159 per
1740 1092 1909 1159 ipsum
1951 1091 2097 1159 facta

527 1186 726 1251 sunt“,
763 1187 863 1240 liae
893 1186 1100 1237 ratione
1135 1198 1330 1236 vanum
1368 1192 1421 1236 et
1453 1178 1647 1236 falsum
1679 1182 1957 1244 cllicietur,
1993 1184 2096 1235 alia

524 1275 755 1345 quadam
788 1274 1094 1330 substantia
1127 1273 1456 1342 antiquiore,
1492 1288 1653 1341 quam
1709 1276 1781 1327 sit
1834 1272 2095 1343 Unigeni-

526 1380 648 1432 tus,
685 1368 751 1421 ab
785 1368 887 1421 hoc
914 1381 1052 1419 novo
1093 1365 1349 1433 theologo
1400 1368 1664 1431 conllcta,
1730 1366 1818 1419 cui
1876 1367 2098 1420 meliore

519 1460 640 1528 jure
669 1472 833 1511 causa
864 1458 1044 1511 omnis
1106 1458 1400 1511 creatio'nis
1432 1467 1487 1511 et
1544 1467 1812 1511 creatum
1873 1466 2094 1526 accepta

524 1550 746 1607 feratur.
784 1564 907 1601 cum
946 1548 1120 1618 ipsius
1148 1549 1313 1603 etiam
1343 1547 1619 1618 Unigeniti
1661 1548 1949 1617 productio
2003 1563 2091 1602 se-

2197 1558 2285 1594 nt
2311 1558 2323 1569 '
2382 1543 2515 1596 διότι
2553 1547 2647 1598 καὶ
2693 1546 2858 1599 αὑτοῦ
2899 1552 2989 1601 τοῦ
3018 1550 3350 1618 Μονογενοῦς
3391 1555 3426 1624 ὴ
3457 1557 3739 1626 κατασκευὴ

521 1642 756 1695 cundum
786 1642 927 1695 lianc
956 1641 1269 1709 opinionem
1302 1641 1371 1695 ab
1407 1641 1498 1693 illa
1530 1641 1748 1709 energia
1808 1649 1861 1693 et
1895 1654 2090 1709 opera-

2198 1635 2338 1687 κατὰ
2359 1635 2447 1688 τὸν
2476 1636 2695 1690 ἐκείνων
2717 1637 2891 1706 λόγον,
2918 1640 3016 1709 τῆς
3051 1642 3329 1711 ἐνεργείας
3361 1644 3572 1716 ἐκείνης
3596 1648 3740 1718 ἢρτη-

521 1731 666 1784 tione
699 1730 949 1799 pendeat.
982 1729 1137 1795 Quod
1168 1730 1211 1784 si
1253 1731 1351 1785 bas
1387 1731 1757 1784 absurditates
1794 1730 1966 1782 vitare
1993 1744 2084 1781 vo-

2196 1743 2301 1779 ται.
2353 1724 2414 1779 El
2448 1727 2505 1779 δὲ
2535 1727 2703 1781 ταῦτα
2747 1729 2814 1782 τὰ
2850 1730 3025 1783 ἄτοπα
3054 1732 3272 1800 φεύγων
3316 1711 3673 1790 ἀνυπόστατόν
3697 1757 3739 1791 τι

521 1820 659 1881 lens,
706 1828 912 1872 asserat
944 1820 1316 1889 Operatiouem
1348 1820 1492 1872 illam
1526 1835 1647 1873 esse
1677 1834 1791 1873 rem
1821 1834 1926 1872 non
1962 1821 2091 1873 sub-

519 1910 823 1972 sistentem,
877 1920 1071 1965 rursus
1102 1911 1340 1979 explicet
1375 1911 1564 1974 nobis,
1596 1912 1880 1980 quomodo
1916 1910 1981 1964 ad
2014 1910 2090 1977 id,

519 2005 661 2071 quod
681 2004 913 2068 exsistit,
946 2013 1207 2071 sequatur
1239 2002 1309 2058 id.
1333 2001 1475 2069 quod
1500 2017 1603 2054 non
1625 2003 1929 2065 exsistit,et
1950 2017 2090 2071 quos

520 2094 681 2149 modo
702 2094 776 2155 id,
797 2096 940 2164 quod
960 2110 1066 2147 non
1083 2094 1567 2157 subsistit,'elliciat
1584 2110 1731 2156 eum,
1747 2096 1837 2163 qui
1856 2096 2090 2150 exsistit.

521 2186 596 2239 Ex
612 2186 696 2240 bis
716 2195 866 2240 certe
882 2185 1111 2240 ellieitur
1136 2201 1165 2239 a
1183 2184 1291 2239 Deo
1318 2187 1537 2253 prodire
1565 2199 1787 2254 ea,quae
1800 2194 1911 2242 non
1942 2189 2092 2242 exsi-

521 2285 753 2340 stunt,et
770 2290 987 2331 causam
1004 2295 1181 2334 rerum
1193 2287 1881 2347 esse‘ea,quaan0nsunt:et
1897 2294 1959 2333 ea
1974 2292 2094 2348 quae

520 2378 719 2422 natura
760 2383 858 2423 sua
883 2382 989 2422 non
1025 2368 1354 2431 subsistunt,
1385 2368 1837 2423 circumscribere
1880 2382 2092 2434 eorum,

512 2478 641 2532 qua:
676 2463 1006 2523 subsistunt,
1057 2470 1327 2517 naturam:
1369 2460 1660 2529 omnisque
1704 2469 1968 2516 creaturae
2010 2464 2094 2517 vis

519 2555 757 2609 t-tl‘ectrix
793 2563 846 2608 et
888 2552 1203 2623 productrix
1249 2550 1622 2605 continebitur
1642 2553 1942 2606 secundum
1962 2567 2092 2622 pro-

519 2645 690 2716 priam
710 2659 863 2699 suam
882 2645 1144 2698 rationem
1165 2657 1228 2697 eo
1240 2643 1381 2711 quod
1401 2658 1509 2696 non
1524 2642 1952 2698 subSiStitJ‘alia
1966 2651 2095 2699 sunt

518 2738 679 2792 istius
708 2738 943 2808 theologi
993 2737 1191 2806 placita
1217 2775 1230 2801 ,
1264 2737 1355 2805 qui
1396 2734 1682 2788 Dominum
1729 2737 1854 2790 ctuti
1901 2746 1954 2791 et
1982 2744 2094 2791 ter-

2194 1821 2425 1889 πρᾶγμα
2448 1819 2594 1889 λέγοι
2637 1821 2732 1891 τὴν
2751 1822 3052 1893 ἐνέργειαν,
3074 1820 3140 1895 ἧς
3167 1827 3512 1897 ἀποτέλεσμα
3526 1829 3612 1882 τὸν
3632 1830 3741 1883 Titii

2193 1912 2502 1981 διορίζεται,
2522 1914 2681 1967 πάλιν
2694 1916 2923 1979 εἰπάτω,
2946 1917 3059 1979 πῶς
3077 1917 3265 1971 ἕπεται
3283 1920 3490 1990 ripam
3508 1923 3567 1974 τὸ
3588 1924 3654 1994 μὴ
3671 1924 3737 1976 ὃν.

2194 2002 2317 2065 Πῶς
2346 2003 2401 2055 δὲ
2429 2004 2821 2076 κατεργάζεται
2846 2008 2938 2060 τὸν
2965 2010 3264 2076 ὑφεστῶτα,
3287 2011 3346 2063 τὸ
3382 2012 3457 2082 μὴ
3493 2014 3738 2080 ὑφεστὼς.

2194 2094 2562 2167 Εὑρεθήσεται
2591 2097 2698 2169 γὰρ
2732 2099 2819 2153 διὰ
2867 2100 3091 2163 τούτων,
3121 2103 3517 2157 ἀκολουθοῦντα
3550 2105 3640 2175 μὲν
3677 2106 3741 2175 τῷ

2194 2187 2312 2259 Θεῷ
2336 2188 2405 2241 τὰ
2428 2189 2749 2264 ἅνύπαρκτα
2772 2208 2784 2223 ³
2841 2194 2988 2246 αἴτια
3013 2193 3069 2247 δὲ
3100 2188 3206 2247 τῶν
3224 2194 3400 2248 ὅντων
3443 2195 3510 2248 τὰ
3541 2196 3610 2267 μὴ
3632 2197 3740 2250 ὅντα

2193 2282 2473 2351 γινόμενα,
2503 2282 2595 2334 καὶ
2618 2284 3023 2353 περιγράφοντα
3057 2284 3154 2355 τὴν
3180 2285 3286 2338 τῶν
3310 2285 3633 2354 ὑφεστώτων
3658 2288 3741 2357 φύ-

2193 2384 2302 2436 σιν,
2329 2370 2365 2424 ἃ
2384 2374 2449 2443 τῇ
2480 2372 2684 2425 ἑαυτῶν
2707 2375 2805 2443 οὑχ
2832 2373 3103 2444 ὑφέστηκε
3122 2374 3299 2443 φύσει,
3323 2376 3418 2428 καὶ
3441 2378 3473 2446 ὴ
3499 2377 3637 2430 πᾶσα
3657 2377 3742 2444 τῆς

2189 2455 2423 2531 κτίσεως
2456 2466 2866 2539 άποτελεστικὴ,
2923 2469 3019 2521 καὶ
3063 2469 3396 2539 δημιουργὸς
3431 2470 3649 2540 δύναμις
3678 2470 3743 2541 τῷ

2186 2555 2524 2628 »ἀνυπάρκτῳ
2568 2558 2707 2611 κατὰ
2745 2558 2835 2611 τὸν
2897 2559 3029 2612 ἴδιον
3075 2559 3234 2628 λόγον
3280 2561 3740 2632 περιληφθήσεται.

2194 2644 2431 2701 Τοιαῦτα
2468 2648 2560 2701 τοῦ
2594 2648 2842 2716 θεολόγον
2866 2649 2933 2702 τὰ.
2962 2649 3226 2719 δόγματα,
3247 2650 3305 2713 ὃς
3329 2652 3424 2705 τὸν
3446 2652 3642 2723 Κύριον
3665 2651 3742 2706 τοῦ

2194 2737 2423 2811 οὐρανοῦ
2456 2740 2549 2792 καὶ
2576 2742 2675 2810 τῆς
2700 2739 2823 2810 γῆς,
2855 2739 3036 2809 πάσης
3060 2739 3158 2810 τῆς
3173 2738 3401 2805 κτίσεως
3417 2740 3743 2815 δημιουργὸν,

518 2845 613 2892 rze,
650 2840 703 2885 et
735 2830 916 2885 omnis
957 2837 1228 2884 creaturae
1282 2829 1645 2891 conditorem,
1695 2827 1928 2883 Verbum
1977 2828 2090 2896 Dei,

2191 2833 2284 2885 ’τὸν
2319 2835 2375 2885 ἐν
2406 2833 2546 2903 ἀρχῇ
2581 2832 2711 2887 ὄντα
2748 2832 2923 2900 Λόγον
2953 2831 3112 2898 Θεοῦ,
3161 2833 3253 2886 τὸν
3290 2832 3357 2885 δι’
3384 2828 3450 2887 οῦ
3474 2836 3540 2887 τὰ
3569 2835 3743 2901 πάντα,

517 2922 663 2989 quod
700 2923 752 2975 in
808 2921 1082 2991 principio
1137 2929 1272 2985 erat,
1326 2929 1379 2974 et
1411 2934 1507 2989 per
1537 2918 1683 2989 quod
1711 2920 1894 2973 omnia
1943 2919 2088 2975 facta

2192 2923 2378 2977 τοῦτον
2411 2924 2742 2995 ἀνυπάρκτῳ
2764 2926 2870 2977 τινὶ
2894 2924 2987 2977 καὶ
3019 2925 3375 2996 ἀνυποστάτῳ
3395 2926 3689 2997 πράγματι,
3716 2926 3743 2994 ἢ

518 3022 665 3075 sunt,
702 3014 1006 3068 subsistere
1050 3013 1211 3067 docet
1249 3027 1313 3066 ex
1342 3026 1451 3064 non
1498 3012 1797 3066 exsistente
1817 3010 1904 3066 vel
1962 3012 2091 3066 sub-

2194 3018 2293 3071 οὑκ
2324 3015 2421 3070 οἶδ’
2440 3017 2587 3081 ὅπως
2606 3018 2879 3088 ὀνομάσαι
2907 3019 3173 3089 προσήκει
3204 3017 3303 3089 τὴν
3328 3021 3461 3088 παρ’
3480 3016 3637 3072 αὑτοῦ
3664 3016 3745 3070 νῦν

518 3109 747 3162 sistente
782 3119 841 3160 re
876 3106 1109 3176 quadam
1143 3105 1224 3160 vel
1256 3105 1636 3173 conceptione,
1665 3104 1749 3156 vel
1774 3104 1959 3159 nescio
1982 3120 2091 3174 quo

2191 3108 2624 3162 ἀναπλασθείσαν
2668 3108 2975 3179 ἐνέργειαν,
3017 3108 3311 3178 ὑποστῆναι
3354 3108 3534 3177 λέγει,
3582 3108 3668 3161 καὶ
3695 3108 3745 3159 ιν

518 3198 625 3252 alio
658 3198 880 3252 nomine
910 3196 1090 3250 ﬁctam
1126 3194 1193 3249 ab
1231 3194 1353 3264 ipso
1405 3196 1680 3264 energiam
1712 3202 1765 3248 et
1820 3197 2094 3265 operatio-

520 3302 640 3343 nem
678 3289 951 3358 appellare
980 3288 1166 3348 liceat,
1192 3285 1419 3355 ipsaque
1442 3300 1549 3339 non
1579 3285 1921 3349 exsistentia,
1947 3287 2094 3340 velut

519 3390 672 3450 septo
707 3381 942 3450 quodam
972 3387 1026 3433 et
1074 3378 1272 3443 limite,
1315 3377 1558 3446 undique
1605 3377 2089 3445 circumscriptum

518 3481 573 3527 et
596 3477 887 3541 obseptum
920 3486 1041 3525 esse
1071 3487 1082 3523 :
1116 3478 1168 3522 at
1200 3484 1308 3523 non
1339 3470 1596 3538 intelligit
1631 3470 1681 3523 is
1714 3470 1806 3538 qui
1839 3469 2094 3523 invisibi-

520 3562 589 3617 lia
621 3577 679 3618 se
709 3563 885 3617 videre
935 3562 1170 3629 jactitat,
1206 3561 1259 3614 in
1321 3561 1579 3630 quidnam
1643 3561 1818 3614 oratio
1872 3560 2090 3615 tandem

520 3655 755 3709 desinat.
794 3652 849 3706 Si
902 3655 1046 3707 enim
1093 3653 1339 3722 operatio
1370 3653 1459 3707 Dei
1510 3667 1618 3705 non
1656 3652 1927 3717 subsistit,
1962 3652 2093 3705 liac-

521 3760 626 3815 que
654 3743 1129 3798 circumscribitur
1164 3752 1215 3797 et
1246 3743 1400 3813 quasi
1439 3743 1697 3805 ambitur,
1751 3742 1906 3804 illud,
1945 3743 2089 3812 quod

518 3854 550 3890 ο
578 3854 684 3891 non
718 3837 1032 3891 exsistentia
1066 3836 1389 3905 producitur
1417 3877 1431 3899 ,
1460 3835 1685 3888 omnino
1719 3848 1946 3889 necesse
1972 3844 2086 3899 est,

518 3939 578 3981 ut
609 3927 910 3982 secundum
946 3936 1196 3980 naturam
1238 3938 1391 3979 suam
1422 3924 1653 3980 ell‘ectus
1679 3924 1947 3994 ejusmodi
2002 3926 2091 3995 ju-

518 4018 752 4079 dicetur,
780 4016 958 4085 qualis
992 4024 1071 4073 est
1107 4022 1303 4068 natura
1342 4014 1485 4082 ejus,
1520 4013 1664 4083 quod
1715 4015 1813 4067 iste
1860 4014 2092 4067 commi-

519 4113 765 4174 niscitur,
807 4110 1057 4166 ellectum
1096 4109 1465 4178 produxisse;
1530 4122 1653 4160 nam
1706 4107 1850 4175 quod
1907 4118 2097 4159 anon-

512 4201 837 4255 exsistentia
868 4199 1119 4254 eﬂ‘cctum
1167 4206 1273 4261 est,
1302 4211 1476 4265 eaque
1512 4196 1970 4264 comprehensum
2007 4194 2092 4247 in-

519 4292 779 4354 cluditur,
813 4290 866 4343 id
899 4290 1063 4359 quale
1112 4288 1203 4353 sit,
1239 4289 1373 4342 satis
1427 4288 1631 4356 liquet:
1669 4285 1925 4339 nimirum
1981 4300 2087 4339 non

2188 3201 2330 3271 αὑτῇ
2366 3199 2823 3269 περιγεγράφθω,
2859 3194 2968 3253 οἷόν
3007 3217 3112 3254 τινι
3154 3199 3320 3269 ἐρκίῳ
3361 3202 3429 3271 τῇ
3462 3198 3746 3269 ἅνυπαρξίᾳ

2188 3292 2523 3361 πανταχόθεν
2537 3292 2705 3362 διειλη
2716 3292 2933 3362 μμένον.
2959 3293 3069 3345 Καὶ
3082 3293 3145 3345 οὑ
3166 3294 3411 3362 συνίησιν
3429 3294 3461 3345 ὁ
3476 3292 3545 3345 τὰ
3562 3291 3744 3344 ἀθέατα

2195 3379 2427 3450 βλέπων,
2454 3385 2532 3446 είς
2549 3377 2660 3436 οἷον
2690 3382 3053 3453 καταστρέφει
3087 3383 3261 3452 πέρας
3288 3385 3320 3453 ἠ
3354 3381 3641 3437 ἀκολουθία
3666 3380 3744 3433 τοῦ

2192 3474 2369 3542 λόγου.
2398 3477 2460 3529 El
2482 3475 2590 3546 γὰρ
2622 3476 2989 3539 ἀνυπόστατος
3019 3474 3116 3544 μὲν
3145 3476 3179 3545 ἡ
3214 3476 3465 3545 ἐνέργεια
3490 3475 3581 3528 τοῦ
3603 3472 3745 3539 Θεοῦ,

2191 3566 2362 3639 ταύτῃ
2393 3566 2449 3619 δὲ
2477 3568 2946 3638 ὲμπεριγράφεται
2974 3567 3036 3619 τὸ
3063 3569 3126 3620 ἐκ
3153 3567 3250 3635 τῆς
3272 3566 3605 3638 ἁνυπαρξίας
3624 3566 3746 3618 ἀπο·

2188 3656 2439 3709 τελεσθὲν
2474 3656 2659 3727 ἔργονο
2714 3659 2933 3718 πάντως
2961 3659 3044 3711 ὅτι
3087 3658 3325 3710 τοιοῦτόν
3350 3670 3401 3710 τι
3443 3658 3745 3729 νοηθήσεται

2188 3748 2254 3817 τῇ
2283 3744 2438 3814 φύσει
2459 3746 2518 3798 τὸ
2536 3735 3004 3817 ἀποτέλεσμα-,οἶα
3025 3748 3119 3801 καὶ
3142 3745 3175 3816 ἡ
3199 3746 3292 3799 τοῦ
3318 3746 3745 3817 ὑποστησαμένου

2188 3838 2250 3891 ’τὸ
2284 3838 2443 3908 ἔργον
2468 3837 2628 3906 φύσις
2665 3837 2974 3906 ἀνεπλάσθη
3012 3837 3087 3907 τῷ
3120 3837 3278 3907 λόγῳ.
3343 3832 3414 3890 Τὸ
3438 3838 3547 3910 γάρ
3574 3838 3745 3890 ἀποτε-

2186 3925 2376 3980 ολεσθὲν
2426 3928 2490 3980 ὲκ
2528 3928 2627 3997 τῆς
2674 3926 3010 3998 ἀνυπασρξίας
3030 3965 3045 3990 ,
3102 3927 3197 3981 καὶ
3236 3927 3745 3999 ἐνμπεριέιλημμένον

2186 4016 2381 4091 ταύτῃ,
2410 4019 2572 4071 παντὶ
2599 4018 2767 4088 δήπου
2801 4018 3080 4089 πρόδηλον,
3115 4020 3168 4072 τί
3189 4022 3385 4072 νοεῖται
3418 4036 3433 4049 ο
3475 4022 3556 4073 ὅτι
3585 4018 3740 4071 οὐδέν.

2190 4106 2325 4158 Οὐδὲ
2366 4107 2475 4176 γὰρ
2507 4106 2618 4176 ἔχει
2660 4107 2820 4175 φύσιν
2859 4108 2964 4160 ὑπὸ
3004 4107 3112 4161 τῶν
3146 4108 3402 4161 ἐναντίων
3436 4109 3504 4163 τὰ
3546 4107 3745 4161 ἐναντία

2192 4195 2576 4266 περιέχεσθαι·
2616 4196 2738 4250 οὔτε
2766 4197 2874 4268 γὰρ
2915 4198 3019 4250 ὑπὸ
3052 4198 3241 4268 πυρὸς,
3279 4197 3422 4269 ὕδωρ
3450 4215 3467 4230 ·
3510 4198 3626 4252 οὔτε
3654 4196 3744 4250 ὑπὸ

2182 4285 2443 4350 θανάτου,
2474 4288 2618 4359 ζωήν
2641 4304 2654 4317 ⁸
2715 4289 2838 4343 οὔτε
2876 4289 2980 4341 ὑπὸ
3020 4290 3259 4352 σκότους,
3293 4290 3407 4359 φῶς
3433 4306 3449 4321 ·
3502 4290 3620 4343 οὔτε
3650 4286 3745 4341 ὑπὸ

521 4393 751 4437 ειιδιερυ
773 4382 923 4434 nihil.
955 4379 1142 4450 Neque
1176 4380 1320 4433 enim
1354 4381 1424 4431 ita
1450 4389 1646 4431 natura
1704 4386 2078 4445 comparatum

2191 4378 2282 4431 τοῦ
2304 4381 2380 4451 μὴ
2405 4381 2575 4445 ὄντος,
2606 4382 2665 4434 τὸ
2687 4382 2765 4434 ὅν.
2804 4380 2963 4433 Ἀλλὰ
2991 4381 3165 4435 ταῦτα
3192 4381 3291 4452 μὲν
3323 4382 3426 4436 ὑπὸ
3455 4384 3552 4453 τῆς
3572 4396 3745 4453 περιτ-

519 4480 621 4533 est,
656 4481 713 4524 ut
747 4472 1024 4525 contraria
1085 4470 1382 4524 contrariis
1441 4468 1976 4537 comprehendantur
2031 4477 2087 4521 et

520 4564 1067 4626 t-ircutnscribantur,
1101 4570 1231 4631 puta
1258 4562 1325 4614 ab
1352 4562 1477 4630 igne
1502 4575 1663 4628 aqua,
1693 4574 1722 4611 a
1744 4568 1919 4612 morte
1954 4559 2082 4624 vita,

2189 4471 2450 4541 τευούσης
2494 4471 2642 4542 αὑτῷ
2675 4474 2865 4539 σοφίας
2888 4512 2901 4531 ,
2940 4472 2973 4542 ἢ
3012 4475 3071 4526 οὐ
3103 4474 3365 4544 συνίησιν,
3418 4476 3450 4545 ἢ
3492 4475 3626 4528 ἑκὼν
3653 4476 3745 4542 ἀμ·

2193 4561 2452 4615 ὀλυώττει
2488 4564 2621 4634 πρὸς
2638 4563 2745 4633 τὴν
2772 4563 3049 4632 ἀλήθειαν.

518 4669 547 4706 a
579 4656 814 4710 tenebris
859 4656 1059 4720 lumen,
1092 4655 1161 4707 ab
1190 4662 1315 4707 ente
1365 4669 1472 4706 non
1508 4666 1626 4707 eus.
1661 4653 1767 4706 Sed
1805 4654 1918 4706 haec
1956 4652 2179 4723 quidem
2213 4670 2323 4723 [me
2388 4657 2554 4709 nimia
2631 4656 2924 4724 sapientia.
2988 4665 3087 4711 aut
3138 4672 3251 4711 non
3324 4658 3595 4728 intelligit,
3656 4663 3741 4710 aut

517 4750 695 4803 sciens
716 4750 1009 4817 volensque
1064 4748 1281 4802 crecutit
1322 4747 1389 4800 ad
1441 4748 1751 4801 veritatem.

571 4839 744 4893 Porro
764 4853 827 4893 ex
849 4839 1172 4892 necessitate
1187 4837 1419 4907 quadam
1434 4838 1873 4891 imminutionem
1898 4836 1952 4890 in
1972 4835 2098 4890 sub-

515 4931 714 4986 stantia
735 4942 789 4984 et
837 4930 1116 5000 bypostasi
1160 4927 1285 4981 Filii
1338 4928 1520 4997 ponit;
1550 4928 1937 4997 ‘iterumquein
1972 4925 2095 4997 Spi-

517 5024 624 5075 ritu
650 5026 865 5082 sancto.
902 5027 1151 5089 respectu
1176 5017 1324 5080 Filii,
1356 5020 1589 5073 similem
1616 5018 1972 5087 perfectionis
2000 5020 2097 5073 de-

516 5112 815 5165 cretionem
848 5111 1038 5165 statuit
1077 5130 1089 5164 :
1136 5124 1259 5163 nam
1298 5111 1410 5164 haec
1430 5119 1555 5164 sunt
1586 5110 1708 5179 ejus
1735 5112 1900 5165 verba
1938 5128 1953 5164 :
1993 5110 2095 5165 Ne-

515 5205 805 5255 cessarium
836 5204 1047 5257 omnino
1078 5211 1249 5264 est,ut
1269 5202 1619 5269 operation“,
1648 5219 1763 5272 qua?
1814 5202 1883 5255 ad
1913 5218 2100 5271 quam-

526 5292 647 5345 libet
694 5293 1113 5346 substantiamm
1156 5301 1566 5360 consequuntur,
1613 5294 1717 5346 sint
1770 5294 1999 5363 majores
2033 5302 2084 5346 et

516 5385 766 5438 minores.
786 5384 935 5437 lianc
956 5391 1136 5438 autem
1155 5383 1535 5439 necessitatem
1557 5394 1677 5451 qua:
1695 5384 1749 5438 in
1768 5385 1949 5438 divina
1985 5399 2086 5438 na»

517 5483 636 5526 tura
669 5474 781 5528 haec
806 5473 1004 5528 elliciat
1029 5514 1043 5539 ,
1074 5474 1555 5543 intcnsiouemque
1600 5482 1656 5528 et
1704 5474 2081 5530 remissionem

586 5589 625 5617 ³⁷
667 5587 824 5640 Juan.
869 5605 899 5644 ι.
940 5590 990 5642 5.

2273 4834 2362 4900 Ἐξ
2379 4834 2621 4905 ἀνάγκης
2644 4833 2701 4886 δέ
2722 4850 2864 4897 τινος
2887 4834 2948 4886 τὸ
2971 4835 3187 4889 ἔλαττον
3219 4837 3310 4889 ἐπὶ
3333 4837 3431 4908 τῆς
3466 4836 3559 4889 τοῦ
3577 4837 3739 4890 Moveo

2188 4926 2377 4997 γενοῦς
2408 4926 2758 4988 ὑποστάσεως
2785 4928 2923 4979 νοεῖν
2948 4941 2961 4954 ·
3017 4928 3110 4979 καὶ
3148 4926 3329 4990 πάλιν,
3355 4927 3602 4981 ὲπίτασίν
3630 4942 3741 4980 τινα

2186 5021 2286 5089 τῆς
2322 5017 2667 5081 ἐλαττώσεως
2706 5018 2857 5088 παρὰ
2886 5018 2976 5070 τὸν
3017 5018 3143 5071 Υίὸν
3182 5018 3463 5091 ἐνθεωρεῖν
3507 5018 3583 5089 τῷ
3613 5016 3742 5086 ἁγίῳ

2186 5109 2465 5179 Πνεύματι
2490 5108 2910 5172 κατασκευάζειο
2968 5106 3111 5167 οὕτω
3145 5109 3315 5176 λέγων
3340 5112 3449 5171 τοῖς
3474 5110 3705 5179 ῥήμασιν
3725 5123 3738 5136 ·

2203 5198 2443 5267 Ἀνάγκη
2475 5197 2641 5250 πᾶσα
2676 5198 2779 5264 τὰς
2815 5199 3039 5267 ἑκάστῃ
3065 5200 3183 5253 τῶν
3208 5200 3428 5255 οὐσιῶν
3458 5200 3741 5269 ἑπομένας

2191 5289 2488 5357 ἐνεργείας
2520 5288 2811 5356 ἐλάττους
2849 5289 2944 5354 δὲ,
2983 5291 3079 5343 καὶ
3126 5290 3364 5361 μείζους
3402 5289 3570 5347 εἶναι.
3639 5292 3740 5357 Τὴν

2195 5382 2294 5453 μὲν
2322 5377 2412 5434 οὖν
2446 5380 2691 5451 ἀνάγκην
2732 5383 2830 5452 τὴν
2857 5383 3029 5437 ταῦτα
3059 5385 3117 5436 ἐν
3143 5386 3206 5455 τῇ
3237 5382 3355 5454 θείᾳ
3393 5382 3547 5452 φύσει
3568 5379 3740 5451 ’βιαζο-

2193 5476 2379 5535 μέντιν.
2411 5473 2505 5526 καὶ
2534 5473 2596 5527 τὸ
2635 5473 2817 5545 μεῖζον
2836 5518 2850 5541 ,
2892 5476 2983 5531 καὶ
3006 5475 3067 5529 τὸ
3093 5476 3309 5532 ἔλαττον
3332 5473 3741 5536 διακληοοῦσαν,
