  <div class='ocr_page' id='page_1' title='image "/cluster/home/n/w/nwhite01/storage/ocr_20150623/45/hvd.32044019826437/172.png"; bbox 0 0 3920 6494; ppageno 0'>
   <div class='ocr_carea' id='block_1_1' title="bbox 210 282 2372 372">
    <p class='ocr_par' dir='ltr' id='par_1_1' title="bbox 210 282 2372 372">
     <span class='ocr_line' id='line_1_1' title="bbox 210 282 2372 372; baseline 0.008 -26"><span class='ocrx_word' id='word_1_1' title='bbox 210 292 300 362; x_wconf 64' lang='lat'><strong>339</strong></span> <span class='ocrx_word' id='word_1_2' title='bbox 1414 282 1696 360; x_wconf 74' lang='lat' dir='ltr'><strong>CONTRA</strong></span> <span class='ocrx_word' id='word_1_3' title='bbox 1730 291 2116 372; x_wconf 74' lang='lat' dir='ltr'><strong>EUNOMIUM,</strong></span> <span class='ocrx_word' id='word_1_4' title='bbox 2157 307 2288 362; x_wconf 87' lang='lat' dir='ltr'><strong>LIB.</strong></span> <span class='ocrx_word' id='word_1_5' title='bbox 2330 308 2372 364; x_wconf 82' lang='grc' dir='ltr'><strong>ι.</strong></span> 
     </span>
    </p>
   </div>
   <div class='ocr_carea' id='block_1_2' title="bbox 3334 308 3438 363">
    <p class='ocr_par' dir='ltr' id='par_1_2' title="bbox 3334 308 3438 363">
     <span class='ocr_line' id='line_1_2' title="bbox 3334 308 3438 363; baseline -0.019 0"><span class='ocrx_word' id='word_1_6' title='bbox 3334 308 3438 363; x_wconf 76' lang='lat'><strong>550</strong></span> 
     </span>
    </p>
   </div>
   <div class='ocr_carea' id='block_1_3' title="bbox 202 399 1758 497">
    <p class='ocr_par' dir='ltr' id='par_1_3' title="bbox 202 415 1750 492">
     <span class='ocr_line' id='line_1_3' title="bbox 202 415 1750 492; baseline -0.002 -15"><span class='ocrx_word' id='word_1_7' title='bbox 202 426 307 478; x_wconf 72' lang='grc' dir='ltr'><strong>οὔτε</strong></span> <span class='ocrx_word' id='word_1_8' title='bbox 347 422 472 492; x_wconf 75' lang='grc' dir='ltr'><strong>παρ’</strong></span> <span class='ocrx_word' id='word_1_9' title='bbox 492 419 652 475; x_wconf 85' lang='grc' dir='ltr'><strong>αὑτοῦ</strong></span> <span class='ocrx_word' id='word_1_10' title='bbox 678 420 1096 491; x_wconf 77' lang='grc' dir='ltr'><strong>μεμαθήκαμεν,</strong></span> <span class='ocrx_word' id='word_1_11' title='bbox 1121 415 1243 470; x_wconf 78' lang='grc' dir='ltr'><strong>οὔτε</strong></span> <span class='ocrx_word' id='word_1_12' title='bbox 1270 418 1362 486; x_wconf 83' lang='grc' dir='ltr'><strong>ἀφ’</strong></span> <span class='ocrx_word' id='word_1_13' title='bbox 1389 421 1421 488; x_wconf 87' lang='grc' dir='ltr'><strong>ἡ</strong></span> <span class='ocrx_word' id='word_1_14' title='bbox 1432 419 1546 489; x_wconf 90' lang='grc' dir='ltr'><strong>μῶν</strong></span> <span class='ocrx_word' id='word_1_15' title='bbox 1572 420 1750 474; x_wconf 86' lang='grc' dir='ltr'><strong>αὑτῶν</strong></span> 
     </span>
    </p>
   </div>
   <div class='ocr_carea' id='block_1_4' title="bbox 1865 399 3436 497">
    <p class='ocr_par' dir='ltr' id='par_1_4' title="bbox 1865 425 3436 497">
     <span class='ocr_line' id='line_1_4' title="bbox 1865 425 3436 497; baseline 0.004 -20"><span class='ocrx_word' id='word_1_16' title='bbox 1865 430 2003 477; x_wconf 77' lang='lat' dir='ltr'><strong>sorte</strong></span> <span class='ocrx_word' id='word_1_17' title='bbox 2025 425 2419 494; x_wconf 85' lang='lat' dir='ltr'><strong>quasidividat,</strong></span> <span class='ocrx_word' id='word_1_18' title='bbox 2439 440 2615 496; x_wconf 84' lang='lat' dir='ltr'><strong>neque</strong></span> <span class='ocrx_word' id='word_1_19' title='bbox 2638 426 2705 480; x_wconf 90' lang='lat' dir='ltr'><strong>ab</strong></span> <span class='ocrx_word' id='word_1_20' title='bbox 2722 426 2841 497; x_wconf 88' lang='lat' dir='ltr'><strong>ipso</strong></span> <span class='ocrx_word' id='word_1_21' title='bbox 2857 426 3166 486; x_wconf 84' lang='lat' dir='ltr'><strong>didicimus.</strong></span> <span class='ocrx_word' id='word_1_22' title='bbox 3193 442 3366 496; x_wconf 82' lang='lat' dir='ltr'><strong>neque</strong></span> <span class='ocrx_word' id='word_1_23' title='bbox 3382 428 3436 484; x_wconf 89' lang='lat' dir='ltr'><strong>in</strong></span> 
     </span>
    </p>
   </div>
   <div class='ocr_carea' id='block_1_5' title="bbox 204 507 1753 583">
    <p class='ocr_par' dir='ltr' id='par_1_5' title="bbox 204 507 1753 583">
     <span class='ocr_line' id='line_1_5' title="bbox 204 507 1753 583; baseline -0.001 -16"><span class='ocrx_word' id='word_1_24' title='bbox 204 516 415 568; x_wconf 69' lang='grc' dir='ltr'><strong>συνεῖναι</strong></span> <span class='ocrx_word' id='word_1_25' title='bbox 449 512 611 583; x_wconf 81' lang='grc' dir='ltr'><strong>μέχρι</strong></span> <span class='ocrx_word' id='word_1_26' title='bbox 644 511 736 564; x_wconf 77' lang='grc' dir='ltr'><strong>τοῦ</strong></span> <span class='ocrx_word' id='word_1_27' title='bbox 769 511 859 560; x_wconf 77' lang='grc' dir='ltr'><strong>νῦν</strong></span> <span class='ocrx_word' id='word_1_28' title='bbox 892 507 1245 579; x_wconf 82' lang='grc' dir='ltr'><strong>δεδυνήμεθα.</strong></span> <span class='ocrx_word' id='word_1_29' title='bbox 1283 508 1431 572; x_wconf 86' lang='grc' dir='ltr'><strong>Τέως</strong></span> <span class='ocrx_word' id='word_1_30' title='bbox 1460 510 1569 582; x_wconf 85' lang='grc' dir='ltr'><strong>γὰρ</strong></span> <span class='ocrx_word' id='word_1_31' title='bbox 1602 511 1753 581; x_wconf 85' lang='grc' dir='ltr'><strong>παρά</strong></span> 
     </span>
    </p>
   </div>
   <div class='ocr_carea' id='block_1_6' title="bbox 202 598 1754 673">
    <p class='ocr_par' dir='ltr' id='par_1_6' title="bbox 202 598 1754 673">
     <span class='ocr_line' id='line_1_6' title="bbox 202 598 1754 673; baseline -0.002 -17"><span class='ocrx_word' id='word_1_32' title='bbox 202 606 317 657; x_wconf 76' lang='grc' dir='ltr'><strong>πᾶσι</strong></span> <span class='ocrx_word' id='word_1_33' title='bbox 344 605 538 673; x_wconf 78' lang='grc' dir='ltr'><strong>κρατεῖ</strong></span> <span class='ocrx_word' id='word_1_34' title='bbox 566 601 624 653; x_wconf 81' lang='grc' dir='ltr'><strong>τὸ</strong></span> <span class='ocrx_word' id='word_1_35' title='bbox 648 601 823 667; x_wconf 81' lang='grc' dir='ltr'><strong>δόγμα</strong></span> <span class='ocrx_word' id='word_1_36' title='bbox 851 598 965 660; x_wconf 86' lang='grc' dir='ltr'><strong>τοῖς</strong></span> <span class='ocrx_word' id='word_1_37' title='bbox 993 598 1085 650; x_wconf 82' lang='grc' dir='ltr'><strong>τὸν</strong></span> <span class='ocrx_word' id='word_1_38' title='bbox 1122 598 1428 669; x_wconf 82' lang='grc' dir='ltr'><strong>ίδιωτισμὺν</strong></span> <span class='ocrx_word' id='word_1_39' title='bbox 1462 601 1754 671; x_wconf 88' lang='grc' dir='ltr'><strong>καταδεχο-</strong></span> 
     </span>
    </p>
   </div>
   <div class='ocr_carea' id='block_1_7' title="bbox 200 686 1754 767">
    <p class='ocr_par' dir='ltr' id='par_1_7' title="bbox 200 686 1754 767">
     <span class='ocr_line' id='line_1_7' title="bbox 200 686 1754 767; baseline -0.003 -19"><span class='ocrx_word' id='word_1_40' title='bbox 200 696 364 767; x_wconf 83' lang='grc' dir='ltr'><strong>μένοις</strong></span> <span class='ocrx_word' id='word_1_41' title='bbox 389 693 481 745; x_wconf 83' lang='grc' dir='ltr'><strong>τοῦ</strong></span> <span class='ocrx_word' id='word_1_42' title='bbox 506 687 869 757; x_wconf 77' lang='grc' dir='ltr'><strong>ἁπλουστέρου</strong></span> <span class='ocrx_word' id='word_1_43' title='bbox 904 686 1257 760; x_wconf 82' lang='grc' dir='ltr'><strong>κηρύγματος</strong></span> <span class='ocrx_word' id='word_1_44' title='bbox 1275 707 1289 719; x_wconf 74' lang='grc' dir='ltr'><strong>ο</strong></span> <span class='ocrx_word' id='word_1_45' title='bbox 1317 691 1397 744; x_wconf 83' lang='grc' dir='ltr'><strong>ὅτι</strong></span> <span class='ocrx_word' id='word_1_46' title='bbox 1417 692 1641 763; x_wconf 78' lang='grc' dir='ltr'><strong>οὐδεμία</strong></span> <span class='ocrx_word' id='word_1_47' title='bbox 1669 710 1754 756; x_wconf 87' lang='grc' dir='ltr'><strong>τις</strong></span> 
     </span>
    </p>
   </div>
   <div class='ocr_carea' id='block_1_8' title="bbox 197 778 1757 855">
    <p class='ocr_par' dir='ltr' id='par_1_8' title="bbox 197 778 1757 855">
     <span class='ocr_line' id='line_1_8' title="bbox 197 778 1757 855; baseline -0.002 -15"><span class='ocrx_word' id='word_1_48' title='bbox 197 787 385 855; x_wconf 81' lang='grc' dir='ltr'><strong>ἀνάγκη</strong></span> <span class='ocrx_word' id='word_1_49' title='bbox 410 780 503 849; x_wconf 71' lang='grc' dir='ltr'><strong>τῆς</strong></span> <span class='ocrx_word' id='word_1_50' title='bbox 534 778 681 841; x_wconf 81' lang='grc' dir='ltr'><strong>θείας</strong></span> <span class='ocrx_word' id='word_1_51' title='bbox 714 779 1033 849; x_wconf 80' lang='grc' dir='ltr'><strong>ὑπέρκειται</strong></span> <span class='ocrx_word' id='word_1_52' title='bbox 1058 780 1342 853; x_wconf 80' lang='grc' dir='ltr'><strong>φύσεως,ἢ</strong></span> <span class='ocrx_word' id='word_1_53' title='bbox 1366 783 1503 853; x_wconf 84' lang='grc' dir='ltr'><strong>πρὸς</strong></span> <span class='ocrx_word' id='word_1_54' title='bbox 1518 784 1579 837; x_wconf 83' lang='grc' dir='ltr'><strong>τὸ</strong></span> <span class='ocrx_word' id='word_1_55' title='bbox 1601 784 1757 838; x_wconf 80' lang='grc' dir='ltr'><strong>ἔλατ-</strong></span> 
     </span>
    </p>
   </div>
   <div class='ocr_carea' id='block_1_9' title="bbox 196 868 1754 948">
    <p class='ocr_par' dir='ltr' id='par_1_9' title="bbox 196 868 1754 948">
     <span class='ocr_line' id='line_1_9' title="bbox 196 868 1754 948; baseline 0.002 -20"><span class='ocrx_word' id='word_1_56' title='bbox 196 899 271 936; x_wconf 76' lang='grc' dir='ltr'><strong>τον</strong></span> <span class='ocrx_word' id='word_1_57' title='bbox 306 880 563 945; x_wconf 76' lang='grc' dir='ltr'><strong>κάμπτει,</strong></span> <span class='ocrx_word' id='word_1_58' title='bbox 610 875 705 929; x_wconf 73' lang='grc' dir='ltr'><strong>καὶ</strong></span> <span class='ocrx_word' id='word_1_59' title='bbox 739 868 983 945; x_wconf 77' lang='grc' dir='ltr'><strong>βιάζεται</strong></span> <span class='ocrx_word' id='word_1_60' title='bbox 1026 875 1274 946; x_wconf 79' lang='grc' dir='ltr'><strong>καθάπερ</strong></span> <span class='ocrx_word' id='word_1_61' title='bbox 1306 875 1426 929; x_wconf 82' lang='grc' dir='ltr'><strong>τινὰ</strong></span> <span class='ocrx_word' id='word_1_62' title='bbox 1452 876 1557 930; x_wconf 87' lang='grc' dir='ltr'><strong>τῶν</strong></span> <span class='ocrx_word' id='word_1_63' title='bbox 1584 877 1754 948; x_wconf 76' lang='grc' dir='ltr'><strong>ἀργυο·</strong></span> 
     </span>
    </p>
   </div>
   <div class='ocr_carea' id='block_1_10' title="bbox 198 962 1752 1040">
    <p class='ocr_par' dir='ltr' id='par_1_10' title="bbox 198 962 1752 1040">
     <span class='ocr_line' id='line_1_10' title="bbox 198 962 1752 1040; baseline 0.003 -25"><span class='ocrx_word' id='word_1_64' title='bbox 198 968 425 1040; x_wconf 70' lang='grc' dir='ltr'><strong>ρυνήτων</strong></span> <span class='ocrx_word' id='word_1_65' title='bbox 452 964 545 1016; x_wconf 78' lang='grc' dir='ltr'><strong>τὸν</strong></span> <span class='ocrx_word' id='word_1_66' title='bbox 589 963 871 1033; x_wconf 82' lang='grc' dir='ltr'><strong>Μονογενῆ</strong></span> <span class='ocrx_word' id='word_1_67' title='bbox 895 979 909 993; x_wconf 77' lang='grc'>⁶</span> <span class='ocrx_word' id='word_1_68' title='bbox 959 962 1094 1016; x_wconf 87' lang='grc' dir='ltr'><strong>ἀλλά</strong></span> <span class='ocrx_word' id='word_1_69' title='bbox 1128 963 1283 1017; x_wconf 86' lang='grc' dir='ltr'><strong>τοῦτο</strong></span> <span class='ocrx_word' id='word_1_70' title='bbox 1324 966 1540 1035; x_wconf 70' lang='grc' dir='ltr'><strong>παρεὶς,</strong></span> <span class='ocrx_word' id='word_1_71' title='bbox 1576 967 1752 1020; x_wconf 85' lang='grc' dir='ltr'><strong>καίτοι</strong></span> 
     </span>
    </p>
   </div>
   <div class='ocr_carea' id='block_1_11' title="bbox 189 1056 1753 1131">
    <p class='ocr_par' dir='ltr' id='par_1_11' title="bbox 189 1056 1753 1131">
     <span class='ocr_line' id='line_1_11' title="bbox 189 1056 1753 1131; baseline -0.001 -17"><span class='ocrx_word' id='word_1_72' title='bbox 189 1062 240 1115; x_wconf 66' lang='grc' dir='ltr'><strong>οὐ</strong></span> <span class='ocrx_word' id='word_1_73' title='bbox 289 1061 487 1131; x_wconf 71' lang='grc' dir='ltr'><strong>μικρᾶς</strong></span> <span class='ocrx_word' id='word_1_74' title='bbox 537 1058 821 1129; x_wconf 80' lang='grc' dir='ltr'><strong>ζητήσεως</strong></span> <span class='ocrx_word' id='word_1_75' title='bbox 869 1056 1039 1125; x_wconf 79' lang='grc' dir='ltr'><strong>ἀξιον,</strong></span> <span class='ocrx_word' id='word_1_76' title='bbox 1094 1058 1254 1128; x_wconf 83' lang='grc' dir='ltr'><strong>μόνον</strong></span> <span class='ocrx_word' id='word_1_77' title='bbox 1295 1058 1354 1111; x_wconf 84' lang='grc' dir='ltr'><strong>τὸ</strong></span> <span class='ocrx_word' id='word_1_78' title='bbox 1384 1058 1492 1111; x_wconf 86' lang='grc' dir='ltr'><strong>δεῖν</strong></span> <span class='ocrx_word' id='word_1_79' title='bbox 1534 1059 1753 1113; x_wconf 75' lang='grc' dir='ltr'><strong>ἔλαττον</strong></span> 
     </span>
    </p>
   </div>
   <div class='ocr_carea' id='block_1_12' title="bbox 190 1136 1752 1223">
    <p class='ocr_par' dir='ltr' id='par_1_12' title="bbox 190 1136 1752 1223">
     <span class='ocr_line' id='line_1_12' title="bbox 190 1136 1752 1223; baseline -0.001 -18"><span class='ocrx_word' id='word_1_80' title='bbox 190 1153 309 1205; x_wconf 84' lang='grc' dir='ltr'><strong>νοεῖν</strong></span> <span class='ocrx_word' id='word_1_81' title='bbox 335 1136 676 1219; x_wconf 78' lang='grc' dir='ltr'><strong>δογματίζει.</strong></span> <span class='ocrx_word' id='word_1_82' title='bbox 741 1150 847 1205; x_wconf 73' lang='grc' dir='ltr'><strong>Καὶ</strong></span> <span class='ocrx_word' id='word_1_83' title='bbox 897 1149 1023 1220; x_wconf 79' lang='grc' dir='ltr'><strong>μὴν,</strong></span> <span class='ocrx_word' id='word_1_84' title='bbox 1070 1150 1169 1202; x_wconf 88' lang='grc' dir='ltr'><strong>οὑκ</strong></span> <span class='ocrx_word' id='word_1_85' title='bbox 1203 1150 1280 1212; x_wconf 84' lang='grc' dir='ltr'><strong>είς</strong></span> <span class='ocrx_word' id='word_1_86' title='bbox 1324 1149 1479 1203; x_wconf 83' lang='grc' dir='ltr'><strong>τοῦτο</strong></span> <span class='ocrx_word' id='word_1_87' title='bbox 1514 1155 1675 1220; x_wconf 86' lang='grc' dir='ltr'><strong>μόνον</strong></span> <span class='ocrx_word' id='word_1_88' title='bbox 1720 1154 1752 1223; x_wconf 81' lang='grc' dir='ltr'>ἠ</span> 
     </span>
    </p>
   </div>
   <div class='ocr_carea' id='block_1_13' title="bbox 190 1239 1755 1311">
    <p class='ocr_par' dir='ltr' id='par_1_13' title="bbox 190 1239 1755 1311">
     <span class='ocr_line' id='line_1_13' title="bbox 190 1239 1755 1311; baseline -0.001 -15"><span class='ocrx_word' id='word_1_89' title='bbox 190 1243 378 1309; x_wconf 83' lang='grc' dir='ltr'><strong>ἀνάγκη</strong></span> <span class='ocrx_word' id='word_1_90' title='bbox 408 1239 502 1293; x_wconf 82' lang='grc' dir='ltr'><strong>τὸν</strong></span> <span class='ocrx_word' id='word_1_91' title='bbox 537 1240 697 1309; x_wconf 84' lang='grc' dir='ltr'><strong>λόγον</strong></span> <span class='ocrx_word' id='word_1_92' title='bbox 724 1241 1067 1311; x_wconf 81' lang='grc' dir='ltr'><strong>καθίστησιν,</strong></span> <span class='ocrx_word' id='word_1_93' title='bbox 1096 1241 1233 1295; x_wconf 84' lang='grc' dir='ltr'><strong>ἀλλά</strong></span> <span class='ocrx_word' id='word_1_94' title='bbox 1258 1259 1309 1294; x_wconf 90' lang='grc' dir='ltr'><strong>τι</strong></span> <span class='ocrx_word' id='word_1_95' title='bbox 1346 1242 1437 1293; x_wconf 78' lang='grc' dir='ltr'><strong>καὶ</strong></span> <span class='ocrx_word' id='word_1_96' title='bbox 1464 1243 1644 1296; x_wconf 85' lang='grc' dir='ltr'><strong>πλεῖον</strong></span> <span class='ocrx_word' id='word_1_97' title='bbox 1676 1244 1755 1306; x_wconf 81' lang='grc' dir='ltr'><strong>εἰς</strong></span> 
     </span>
    </p>
   </div>
   <div class='ocr_carea' id='block_1_14' title="bbox 192 1332 1757 1407">
    <p class='ocr_par' dir='ltr' id='par_1_14' title="bbox 192 1332 1757 1407">
     <span class='ocr_line' id='line_1_14' title="bbox 192 1332 1757 1407; baseline 0.001 -21"><span class='ocrx_word' id='word_1_98' title='bbox 192 1332 515 1402; x_wconf 71' lang='grc' dir='ltr'><strong>βλασφημίαν</strong></span> <span class='ocrx_word' id='word_1_99' title='bbox 548 1332 981 1398; x_wconf 72' lang='grc' dir='ltr'><strong>κατασκευάζει,</strong></span> <span class='ocrx_word' id='word_1_100' title='bbox 1014 1332 1196 1396; x_wconf 63' lang='grc' dir='ltr'><strong>καθὼς</strong></span> <span class='ocrx_word' id='word_1_101' title='bbox 1222 1334 1321 1404; x_wconf 75' lang='grc' dir='ltr'><strong>ἤδη</strong></span> <span class='ocrx_word' id='word_1_102' title='bbox 1360 1334 1598 1407; x_wconf 82' lang='grc' dir='ltr'><strong>μερικῶς</strong></span> <span class='ocrx_word' id='word_1_103' title='bbox 1623 1352 1757 1406; x_wconf 77' lang='grc' dir='ltr'><strong>προ-</strong></span> 
     </span>
    </p>
   </div>
   <div class='ocr_carea' id='block_1_15' title="bbox 190 1422 1755 1494">
    <p class='ocr_par' dir='ltr' id='par_1_15' title="bbox 190 1422 1755 1494">
     <span class='ocr_line' id='line_1_15' title="bbox 190 1422 1755 1494; baseline 0.003 -19"><span class='ocrx_word' id='word_1_104' title='bbox 190 1425 474 1493; x_wconf 78' lang='grc' dir='ltr'><strong>εξήτασται.</strong></span> <span class='ocrx_word' id='word_1_105' title='bbox 507 1423 574 1474; x_wconf 68' lang='lat' dir='ltr'><strong>Et</strong></span> <span class='ocrx_word' id='word_1_106' title='bbox 596 1422 706 1491; x_wconf 79' lang='grc' dir='ltr'><strong>γὰρ</strong></span> <span class='ocrx_word' id='word_1_107' title='bbox 736 1422 809 1494; x_wconf 81' lang='grc' dir='ltr'><strong>μὴ</strong></span> <span class='ocrx_word' id='word_1_108' title='bbox 843 1425 907 1476; x_wconf 81' lang='grc' dir='ltr'><strong>ἐκ</strong></span> <span class='ocrx_word' id='word_1_109' title='bbox 928 1424 1139 1493; x_wconf 81' lang='grc' dir='ltr'><strong>Πατρὸς</strong></span> <span class='ocrx_word' id='word_1_110' title='bbox 1163 1427 1191 1477; x_wconf 91' lang='grc' dir='ltr'>ὀ</span> <span class='ocrx_word' id='word_1_111' title='bbox 1218 1425 1364 1489; x_wconf 67' lang='grc' dir='ltr'><strong>Υἱὸς,</strong></span> <span class='ocrx_word' id='word_1_112' title='bbox 1392 1426 1506 1479; x_wconf 86' lang='grc' dir='ltr'><strong>ἀλλ’</strong></span> <span class='ocrx_word' id='word_1_113' title='bbox 1524 1426 1587 1479; x_wconf 76' lang='grc' dir='ltr'><strong>ἐκ</strong></span> <span class='ocrx_word' id='word_1_114' title='bbox 1612 1443 1755 1490; x_wconf 91' lang='grc' dir='ltr'><strong>τινος</strong></span> 
     </span>
    </p>
   </div>
   <div class='ocr_carea' id='block_1_16' title="bbox 190 1508 1755 1585">
    <p class='ocr_par' dir='ltr' id='par_1_16' title="bbox 190 1508 1755 1585">
     <span class='ocr_line' id='line_1_16' title="bbox 190 1508 1755 1585; baseline 0.002 -19"><span class='ocrx_word' id='word_1_115' title='bbox 190 1513 546 1566; x_wconf 80' lang='grc' dir='ltr'><strong>άνυποστάτου</strong></span> <span class='ocrx_word' id='word_1_116' title='bbox 582 1508 863 1582; x_wconf 81' lang='grc' dir='ltr'><strong>ἐνεργείας</strong></span> <span class='ocrx_word' id='word_1_117' title='bbox 896 1513 1175 1582; x_wconf 75' lang='grc' dir='ltr'><strong>ἀνεφύετο,</strong></span> <span class='ocrx_word' id='word_1_118' title='bbox 1205 1516 1303 1567; x_wconf 89' lang='grc' dir='ltr'><strong>οὑκ</strong></span> <span class='ocrx_word' id='word_1_119' title='bbox 1337 1516 1571 1570; x_wconf 80' lang='grc' dir='ltr'><strong>ἐλάττων</strong></span> <span class='ocrx_word' id='word_1_120' title='bbox 1598 1518 1755 1585; x_wconf 86' lang='grc' dir='ltr'><strong>μόνον</strong></span> 
     </span>
    </p>
   </div>
   <div class='ocr_carea' id='block_1_17' title="bbox 188 1598 1756 1675">
    <p class='ocr_par' dir='ltr' id='par_1_17' title="bbox 188 1598 1756 1675">
     <span class='ocr_line' id='line_1_17' title="bbox 188 1598 1756 1675; baseline 0.004 -20"><span class='ocrx_word' id='word_1_121' title='bbox 188 1604 266 1657; x_wconf 86' lang='grc' dir='ltr'><strong>τοῦ</strong></span> <span class='ocrx_word' id='word_1_122' title='bbox 288 1602 496 1671; x_wconf 82' lang='grc' dir='ltr'><strong>Πατρὸς</strong></span> <span class='ocrx_word' id='word_1_123' title='bbox 516 1598 867 1672; x_wconf 55' lang='grc' dir='ltr'><strong>νοηθήσεταις</strong></span> <span class='ocrx_word' id='word_1_124' title='bbox 887 1603 1023 1656; x_wconf 84' lang='grc' dir='ltr'><strong>ἀλλά</strong></span> <span class='ocrx_word' id='word_1_125' title='bbox 1054 1604 1115 1657; x_wconf 86' lang='grc' dir='ltr'><strong>τὸ</strong></span> <span class='ocrx_word' id='word_1_126' title='bbox 1148 1607 1407 1675; x_wconf 86' lang='grc' dir='ltr'><strong>παράπαν</strong></span> <span class='ocrx_word' id='word_1_127' title='bbox 1449 1607 1756 1671; x_wconf 81' lang='grc' dir='ltr'><strong>Ἰουδαΐζειν</strong></span> 
     </span>
    </p>
   </div>
   <div class='ocr_carea' id='block_1_18' title="bbox 189 1692 1757 1767">
    <p class='ocr_par' dir='ltr' id='par_1_18' title="bbox 189 1692 1757 1767">
     <span class='ocr_line' id='line_1_18' title="bbox 189 1692 1757 1767; baseline 0.005 -23"><span class='ocrx_word' id='word_1_128' title='bbox 189 1695 377 1761; x_wconf 76' lang='grc' dir='ltr'><strong>ἀνάγκη</strong></span> <span class='ocrx_word' id='word_1_129' title='bbox 410 1692 492 1762; x_wconf 81' lang='grc' dir='ltr'><strong>τῷ</strong></span> <span class='ocrx_word' id='word_1_130' title='bbox 523 1692 782 1763; x_wconf 83' lang='grc' dir='ltr'><strong>δόγματι.</strong></span> <span class='ocrx_word' id='word_1_131' title='bbox 844 1692 916 1747; x_wconf 85' lang='grc' dir='ltr'>Τὸ</span> <span class='ocrx_word' id='word_1_132' title='bbox 941 1696 1047 1767; x_wconf 84' lang='grc' dir='ltr'><strong>γὰρ</strong></span> <span class='ocrx_word' id='word_1_133' title='bbox 1074 1696 1166 1749; x_wconf 86' lang='grc' dir='ltr'><strong>τοῦ</strong></span> <span class='ocrx_word' id='word_1_134' title='bbox 1208 1697 1282 1767; x_wconf 83' lang='grc' dir='ltr'><strong>μὴ</strong></span> <span class='ocrx_word' id='word_1_135' title='bbox 1317 1697 1467 1762; x_wconf 75' lang='grc' dir='ltr'><strong>ὄντος</strong></span> <span class='ocrx_word' id='word_1_136' title='bbox 1498 1699 1757 1752; x_wconf 77' lang='grc' dir='ltr'><strong>ἀποτέλε-</strong></span> 
     </span>
    </p>
   </div>
   <div class='ocr_carea' id='block_1_19' title="bbox 1863 516 3435 589">
    <p class='ocr_par' dir='ltr' id='par_1_19' title="bbox 1863 516 3435 589">
     <span class='ocr_line' id='line_1_19' title="bbox 1863 516 3435 589; baseline 0.003 -20"><span class='ocrx_word' id='word_1_137' title='bbox 1863 516 2008 570; x_wconf 91' lang='lat' dir='ltr'><strong>hunc</strong></span> <span class='ocrx_word' id='word_1_138' title='bbox 2040 532 2209 586; x_wconf 89' lang='lat' dir='ltr'><strong>usque</strong></span> <span class='ocrx_word' id='word_1_139' title='bbox 2237 516 2382 573; x_wconf 89' lang='lat' dir='ltr'><strong>diem</strong></span> <span class='ocrx_word' id='word_1_140' title='bbox 2432 516 2656 587; x_wconf 91' lang='lat' dir='ltr'><strong>proprio</strong></span> <span class='ocrx_word' id='word_1_141' title='bbox 2691 517 2874 573; x_wconf 89' lang='lat' dir='ltr'><strong>studio</strong></span> <span class='ocrx_word' id='word_1_142' title='bbox 2905 517 3213 589; x_wconf 76' lang='lat' dir='ltr'><strong>intelligere</strong></span> <span class='ocrx_word' id='word_1_143' title='bbox 3246 523 3435 589; x_wconf 85' lang='lat' dir='ltr'><strong>potui-</strong></span> 
     </span>
    </p>
   </div>
   <div class='ocr_carea' id='block_1_20' title="bbox 1862 605 3439 679">
    <p class='ocr_par' dir='ltr' id='par_1_20' title="bbox 1862 605 3439 679">
     <span class='ocr_line' id='line_1_20' title="bbox 1862 605 3439 679; baseline 0.004 -19"><span class='ocrx_word' id='word_1_144' title='bbox 1862 621 2006 661; x_wconf 90' lang='lat' dir='ltr'><strong>mus.</strong></span> <span class='ocrx_word' id='word_1_145' title='bbox 2040 605 2336 677; x_wconf 83' lang='lat' dir='ltr'><strong>Hucusque</strong></span> <span class='ocrx_word' id='word_1_146' title='bbox 2360 608 2504 661; x_wconf 91' lang='lat' dir='ltr'><strong>enim</strong></span> <span class='ocrx_word' id='word_1_147' title='bbox 2537 607 2679 676; x_wconf 90' lang='lat' dir='ltr'><strong>apud</strong></span> <span class='ocrx_word' id='word_1_148' title='bbox 2730 623 2943 672; x_wconf 88' lang='lat' dir='ltr'><strong>omnes,</strong></span> <span class='ocrx_word' id='word_1_149' title='bbox 2979 610 3073 679; x_wconf 89' lang='lat' dir='ltr'><strong>qui</strong></span> <span class='ocrx_word' id='word_1_150' title='bbox 3122 610 3439 679; x_wconf 89' lang='lat' dir='ltr'><strong>suscipiunt</strong></span> 
     </span>
    </p>
   </div>
   <div class='ocr_carea' id='block_1_21' title="bbox 1860 697 3437 768">
    <p class='ocr_par' dir='ltr' id='par_1_21' title="bbox 1860 697 3437 768">
     <span class='ocr_line' id='line_1_21' title="bbox 1860 697 3437 768; baseline 0.003 -18"><span class='ocrx_word' id='word_1_151' title='bbox 1860 698 2187 767; x_wconf 68' lang='lat' dir='ltr'><strong>evangelica:</strong></span> <span class='ocrx_word' id='word_1_152' title='bbox 2224 698 2626 768; x_wconf 79' lang='lat' dir='ltr'><strong>praedicationis</strong></span> <span class='ocrx_word' id='word_1_153' title='bbox 2679 697 3109 767; x_wconf 73' lang='lat' dir='ltr'><strong>simplicitatem,</strong></span> <span class='ocrx_word' id='word_1_154' title='bbox 3163 702 3437 756; x_wconf 83' lang='lat' dir='ltr'><strong>sententia</strong></span> 
     </span>
    </p>
   </div>
   <div class='ocr_carea' id='block_1_22' title="bbox 1862 787 3433 853">
    <p class='ocr_par' dir='ltr' id='par_1_22' title="bbox 1862 787 3433 853">
     <span class='ocr_line' id='line_1_22' title="bbox 1862 787 3433 853; baseline 0.005 -13"><span class='ocrx_word' id='word_1_155' title='bbox 1862 787 1953 841; x_wconf 89' lang='lat' dir='ltr'><strong>illa</strong></span> <span class='ocrx_word' id='word_1_156' title='bbox 2006 787 2238 853; x_wconf 87' lang='lat' dir='ltr'><strong>obtinet,</strong></span> <span class='ocrx_word' id='word_1_157' title='bbox 2304 788 2439 843; x_wconf 87' lang='lat' dir='ltr'><strong>nulli</strong></span> <span class='ocrx_word' id='word_1_158' title='bbox 2505 788 2823 842; x_wconf 86' lang='lat' dir='ltr'><strong>necessitati</strong></span> <span class='ocrx_word' id='word_1_159' title='bbox 2873 788 3117 844; x_wconf 86' lang='lat' dir='ltr'><strong>divinam</strong></span> <span class='ocrx_word' id='word_1_160' title='bbox 3176 800 3433 849; x_wconf 85' lang='lat' dir='ltr'><strong>naturam</strong></span> 
     </span>
    </p>
   </div>
   <div class='ocr_carea' id='block_1_23' title="bbox 1862 877 3437 947">
    <p class='ocr_par' dir='ltr' id='par_1_23' title="bbox 1862 877 3437 947">
     <span class='ocr_line' id='line_1_23' title="bbox 1862 877 3437 947; baseline 0.003 -15"><span class='ocrx_word' id='word_1_161' title='bbox 1862 877 2170 947; x_wconf 90' lang='lat' dir='ltr'><strong>subjacere,</strong></span> <span class='ocrx_word' id='word_1_162' title='bbox 2201 893 2323 947; x_wconf 71' lang='lat' dir='ltr'><strong>qua:</strong></span> <span class='ocrx_word' id='word_1_163' title='bbox 2351 878 2419 933; x_wconf 91' lang='lat' dir='ltr'><strong>ad</strong></span> <span class='ocrx_word' id='word_1_164' title='bbox 2457 879 2777 933; x_wconf 82' lang='lat' dir='ltr'><strong>substantiae</strong></span> <span class='ocrx_word' id='word_1_165' title='bbox 2828 879 3265 936; x_wconf 91' lang='lat' dir='ltr'><strong>imminutionem</strong></span> <span class='ocrx_word' id='word_1_166' title='bbox 3302 881 3437 937; x_wconf 85' lang='lat' dir='ltr'><strong>Uni-</strong></span> 
     </span>
    </p>
   </div>
   <div class='ocr_carea' id='block_1_24' title="bbox 1860 972 3437 1043">
    <p class='ocr_par' dir='ltr' id='par_1_24' title="bbox 1860 972 3437 1043">
     <span class='ocr_line' id='line_1_24' title="bbox 1860 972 3437 1043; baseline -0.001 -15"><span class='ocrx_word' id='word_1_167' title='bbox 1860 973 2107 1042; x_wconf 84' lang='lat' dir='ltr'><strong>genitum</strong></span> <span class='ocrx_word' id='word_1_168' title='bbox 2174 972 2374 1027; x_wconf 88' lang='lat' dir='ltr'><strong>Filium</strong></span> <span class='ocrx_word' id='word_1_169' title='bbox 2434 980 2696 1041; x_wconf 86' lang='lat' dir='ltr'><strong>tanquam</strong></span> <span class='ocrx_word' id='word_1_170' title='bbox 2766 973 3099 1041; x_wconf 85' lang='lat' dir='ltr'><strong>mancipium</strong></span> <span class='ocrx_word' id='word_1_171' title='bbox 3163 973 3437 1043; x_wconf 78' lang='lat' dir='ltr'><strong>quoddam</strong></span> 
     </span>
    </p>
   </div>
   <div class='ocr_carea' id='block_1_25' title="bbox 1863 1060 3438 1136">
    <p class='ocr_par' dir='ltr' id='par_1_25' title="bbox 1863 1060 3438 1136">
     <span class='ocr_line' id='line_1_25' title="bbox 1863 1060 3438 1136; baseline -0.002 -15"><span class='ocrx_word' id='word_1_172' title='bbox 1863 1066 2170 1136; x_wconf 87' lang='lat' dir='ltr'><strong>emptitium</strong></span> <span class='ocrx_word' id='word_1_173' title='bbox 2202 1072 2363 1133; x_wconf 78' lang='lat' dir='ltr'><strong>cogat</strong></span> <span class='ocrx_word' id='word_1_174' title='bbox 2410 1071 2464 1117; x_wconf 91' lang='lat' dir='ltr'><strong>et</strong></span> <span class='ocrx_word' id='word_1_175' title='bbox 2522 1062 2763 1131; x_wconf 91' lang='lat' dir='ltr'><strong>dejiciat.</strong></span> <span class='ocrx_word' id='word_1_176' title='bbox 2816 1060 2921 1117; x_wconf 89' lang='lat' dir='ltr'><strong>Sed</strong></span> <span class='ocrx_word' id='word_1_177' title='bbox 2959 1063 3082 1129; x_wconf 92' lang='lat' dir='ltr'><strong>hoc,</strong></span> <span class='ocrx_word' id='word_1_178' title='bbox 3145 1062 3274 1117; x_wconf 90' lang='lat' dir='ltr'><strong>licet</strong></span> <span class='ocrx_word' id='word_1_179' title='bbox 3326 1077 3438 1118; x_wconf 85' lang='lat' dir='ltr'><strong>non</strong></span> 
     </span>
    </p>
   </div>
   <div class='ocr_carea' id='block_1_26' title="bbox 1862 1150 3438 1227">
    <p class='ocr_par' dir='ltr' id='par_1_26' title="bbox 1862 1150 3438 1227">
     <span class='ocr_line' id='line_1_26' title="bbox 1862 1150 3438 1227; baseline -0.004 -13"><span class='ocrx_word' id='word_1_180' title='bbox 1862 1158 2059 1226; x_wconf 82' lang='lat' dir='ltr'><strong>exigua</strong></span> <span class='ocrx_word' id='word_1_181' title='bbox 2086 1156 2471 1227; x_wconf 86' lang='lat' dir='ltr'><strong>disquisitione</strong></span> <span class='ocrx_word' id='word_1_182' title='bbox 2503 1150 2724 1225; x_wconf 85' lang='lat' dir='ltr'><strong>dignum</strong></span> <span class='ocrx_word' id='word_1_183' title='bbox 2756 1155 2849 1219; x_wconf 88' lang='lat' dir='ltr'><strong>sit,</strong></span> <span class='ocrx_word' id='word_1_184' title='bbox 2898 1154 3127 1217; x_wconf 89' lang='lat' dir='ltr'><strong>omisso,</strong></span> <span class='ocrx_word' id='word_1_185' title='bbox 3165 1154 3217 1208; x_wconf 92' lang='lat' dir='ltr'><strong>id</strong></span> <span class='ocrx_word' id='word_1_186' title='bbox 3270 1168 3438 1208; x_wconf 89' lang='lat' dir='ltr'><strong>unum</strong></span> 
     </span>
    </p>
   </div>
   <div class='ocr_carea' id='block_1_27' title="bbox 1861 1244 3436 1318">
    <p class='ocr_par' dir='ltr' id='par_1_27' title="bbox 1861 1244 3436 1318">
     <span class='ocr_line' id='line_1_27' title="bbox 1861 1244 3436 1318; baseline -0.006 -13"><span class='ocrx_word' id='word_1_187' title='bbox 1861 1249 2127 1313; x_wconf 85' lang='lat' dir='ltr'><strong>elaborat,</strong></span> <span class='ocrx_word' id='word_1_188' title='bbox 2187 1255 2247 1301; x_wconf 94' lang='lat' dir='ltr'><strong>ut</strong></span> <span class='ocrx_word' id='word_1_189' title='bbox 2302 1246 2648 1318; x_wconf 86' lang='lat' dir='ltr'><strong>persuadeat,</strong></span> <span class='ocrx_word' id='word_1_190' title='bbox 2689 1244 2963 1300; x_wconf 83' lang='lat' dir='ltr'><strong>defectum</strong></span> <span class='ocrx_word' id='word_1_191' title='bbox 3018 1244 3436 1314; x_wconf 89' lang='lat' dir='ltr'><strong>concipiendum</strong></span> 
     </span>
    </p>
   </div>
   <div class='ocr_carea' id='block_1_28' title="bbox 1861 1338 3438 1409">
    <p class='ocr_par' dir='ltr' id='par_1_28' title="bbox 1861 1338 3438 1409">
     <span class='ocr_line' id='line_1_28' title="bbox 1861 1338 3438 1409; baseline -0.004 -13"><span class='ocrx_word' id='word_1_192' title='bbox 1861 1356 1983 1397; x_wconf 88' lang='lat' dir='ltr'><strong>esse</strong></span> <span class='ocrx_word' id='word_1_193' title='bbox 2022 1360 2034 1395; x_wconf 92' lang='lat'>:</span> <span class='ocrx_word' id='word_1_194' title='bbox 2069 1356 2245 1409; x_wconf 90' lang='lat' dir='ltr'><strong>neque</strong></span> <span class='ocrx_word' id='word_1_195' title='bbox 2301 1340 2408 1393; x_wconf 93' lang='lat' dir='ltr'><strong>huc</strong></span> <span class='ocrx_word' id='word_1_196' title='bbox 2463 1338 2727 1391; x_wconf 69' lang='lat' dir='ltr'><strong>duntaxat</strong></span> <span class='ocrx_word' id='word_1_197' title='bbox 2784 1338 3087 1391; x_wconf 72' lang='lat' dir='ltr'><strong>necessitas</strong></span> <span class='ocrx_word' id='word_1_198' title='bbox 3135 1338 3438 1392; x_wconf 88' lang='lat' dir='ltr'><strong>orationem</strong></span> 
     </span>
    </p>
   </div>
   <div class='ocr_carea' id='block_1_29' title="bbox 1868 1428 3438 1501">
    <p class='ocr_par' dir='ltr' id='par_1_29' title="bbox 1868 1428 3438 1501">
     <span class='ocr_line' id='line_1_29' title="bbox 1868 1428 3438 1501; baseline -0.004 -15"><span class='ocrx_word' id='word_1_199' title='bbox 1868 1433 2061 1501; x_wconf 89' lang='lat' dir='ltr'><strong>adigit,</strong></span> <span class='ocrx_word' id='word_1_200' title='bbox 2093 1432 2187 1485; x_wconf 90' lang='lat' dir='ltr'><strong>sed</strong></span> <span class='ocrx_word' id='word_1_201' title='bbox 2219 1432 2283 1484; x_wconf 90' lang='lat' dir='ltr'><strong>ad</strong></span> <span class='ocrx_word' id='word_1_202' title='bbox 2309 1430 2574 1498; x_wconf 82' lang='lat' dir='ltr'><strong>majorem</strong></span> <span class='ocrx_word' id='word_1_203' title='bbox 2611 1428 2941 1497; x_wconf 90' lang='lat' dir='ltr'><strong>impietatem</strong></span> <span class='ocrx_word' id='word_1_204' title='bbox 2971 1432 3023 1482; x_wconf 87' lang='lat' dir='ltr'><strong>et</strong></span> <span class='ocrx_word' id='word_1_205' title='bbox 3047 1428 3438 1497; x_wconf 89' lang='lat' dir='ltr'><strong>blasphemiam</strong></span> 
     </span>
    </p>
   </div>
   <div class='ocr_carea' id='block_1_30' title="bbox 1864 1520 3440 1594">
    <p class='ocr_par' dir='ltr' id='par_1_30' title="bbox 1864 1520 3440 1594">
     <span class='ocr_line' id='line_1_30' title="bbox 1864 1520 3440 1594; baseline -0.003 -18"><span class='ocrx_word' id='word_1_206' title='bbox 1864 1521 2229 1594; x_wconf 76' lang='lat' dir='ltr'><strong>progreditur,</strong></span> <span class='ocrx_word' id='word_1_207' title='bbox 2270 1522 2731 1591; x_wconf 86' lang='lat' dir='ltr'><strong>quemadmodum</strong></span> <span class='ocrx_word' id='word_1_208' title='bbox 2778 1522 2892 1591; x_wconf 89' lang='lat' dir='ltr'><strong>jam</strong></span> <span class='ocrx_word' id='word_1_209' title='bbox 2932 1520 3214 1590; x_wconf 87' lang='lat' dir='ltr'><strong>speciatim</strong></span> <span class='ocrx_word' id='word_1_210' title='bbox 3264 1520 3440 1588; x_wconf 68' lang='lat' dir='ltr'><strong>explio</strong></span> 
     </span>
    </p>
   </div>
   <div class='ocr_carea' id='block_1_31' title="bbox 1863 1608 3439 1672">
    <p class='ocr_par' dir='ltr' id='par_1_31' title="bbox 1863 1608 3439 1672">
     <span class='ocr_line' id='line_1_31' title="bbox 1863 1608 3439 1672; baseline -0.001 -7"><span class='ocrx_word' id='word_1_211' title='bbox 1863 1622 2042 1665; x_wconf 90' lang='lat' dir='ltr'><strong>catum</strong></span> <span class='ocrx_word' id='word_1_212' title='bbox 2076 1619 2181 1668; x_wconf 88' lang='lat' dir='ltr'><strong>est.</strong></span> <span class='ocrx_word' id='word_1_213' title='bbox 2236 1611 2291 1665; x_wconf 90' lang='lat' dir='ltr'><strong>Si</strong></span> <span class='ocrx_word' id='word_1_214' title='bbox 2332 1612 2477 1665; x_wconf 90' lang='lat' dir='ltr'><strong>enim</strong></span> <span class='ocrx_word' id='word_1_215' title='bbox 2508 1609 2681 1666; x_wconf 88' lang='lat' dir='ltr'><strong>Filius</strong></span> <span class='ocrx_word' id='word_1_216' title='bbox 2727 1623 2836 1664; x_wconf 91' lang='lat' dir='ltr'><strong>non</strong></span> <span class='ocrx_word' id='word_1_217' title='bbox 2885 1625 2948 1664; x_wconf 79' lang='lat' dir='ltr'><strong>ex</strong></span> <span class='ocrx_word' id='word_1_218' title='bbox 2991 1608 3172 1672; x_wconf 82' lang='lat' dir='ltr'><strong>Patre,</strong></span> <span class='ocrx_word' id='word_1_219' title='bbox 3228 1609 3323 1663; x_wconf 88' lang='lat' dir='ltr'><strong>sed</strong></span> <span class='ocrx_word' id='word_1_220' title='bbox 3369 1624 3439 1664; x_wconf 82' lang='lat' dir='ltr'><strong>ex</strong></span> 
     </span>
    </p>
   </div>
   <div class='ocr_carea' id='block_1_32' title="bbox 1863 1699 3439 1771">
    <p class='ocr_par' dir='ltr' id='par_1_32' title="bbox 1863 1699 3439 1771">
     <span class='ocr_line' id='line_1_32' title="bbox 1863 1699 3439 1771; baseline 0.001 -17"><span class='ocrx_word' id='word_1_221' title='bbox 1863 1701 2096 1771; x_wconf 84' lang='lat' dir='ltr'><strong>quadam</strong></span> <span class='ocrx_word' id='word_1_222' title='bbox 2127 1717 2235 1755; x_wconf 88' lang='lat' dir='ltr'><strong>non</strong></span> <span class='ocrx_word' id='word_1_223' title='bbox 2269 1702 2569 1755; x_wconf 76' lang='lat' dir='ltr'><strong>exsistente</strong></span> <span class='ocrx_word' id='word_1_224' title='bbox 2606 1700 2825 1769; x_wconf 84' lang='lat' dir='ltr'><strong>energia</strong></span> <span class='ocrx_word' id='word_1_225' title='bbox 2856 1699 3162 1769; x_wconf 90' lang='lat' dir='ltr'><strong>productus</strong></span> <span class='ocrx_word' id='word_1_226' title='bbox 3194 1708 3299 1760; x_wconf 88' lang='lat' dir='ltr'><strong>est,</strong></span> <span class='ocrx_word' id='word_1_227' title='bbox 3328 1716 3439 1755; x_wconf 91' lang='lat' dir='ltr'><strong>non</strong></span> 
     </span>
    </p>
   </div>
   <div class='ocr_carea' id='block_1_33' title="bbox 188 1779 1758 1858">
    <p class='ocr_par' dir='ltr' id='par_1_33' title="bbox 188 1781 1751 1858">
     <span class='ocr_line' id='line_1_33' title="bbox 188 1781 1751 1858; baseline 0.005 -24"><span class='ocrx_word' id='word_1_228' title='bbox 188 1799 301 1852; x_wconf 82' lang='grc' dir='ltr'><strong>σμα,</strong></span> <span class='ocrx_word' id='word_1_229' title='bbox 326 1783 445 1852; x_wconf 84' lang='grc' dir='ltr'><strong>οὑχὶ</strong></span> <span class='ocrx_word' id='word_1_230' title='bbox 476 1781 685 1853; x_wconf 67' lang='grc' dir='ltr'><strong>μικρὸν</strong></span> <span class='ocrx_word' id='word_1_231' title='bbox 726 1786 759 1856; x_wconf 76' lang='grc' dir='ltr'><strong>ἡ</strong></span> <span class='ocrx_word' id='word_1_232' title='bbox 804 1786 903 1855; x_wconf 83' lang='grc' dir='ltr'><strong>τῆς</strong></span> <span class='ocrx_word' id='word_1_233' title='bbox 948 1784 1193 1856; x_wconf 79' lang='grc' dir='ltr'><strong>ἀνάγκης</strong></span> <span class='ocrx_word' id='word_1_234' title='bbox 1232 1785 1433 1858; x_wconf 81' lang='grc' dir='ltr'><strong>ταύτης</strong></span> <span class='ocrx_word' id='word_1_235' title='bbox 1463 1789 1751 1843; x_wconf 73' lang='grc' dir='ltr'><strong>ἀκολουθία</strong></span> 
     </span>
    </p>
   </div>
   <div class='ocr_carea' id='block_1_34' title="bbox 1865 1779 3434 1858">
    <p class='ocr_par' dir='ltr' id='par_1_34' title="bbox 1865 1788 3434 1858">
     <span class='ocr_line' id='line_1_34' title="bbox 1865 1788 3434 1858; baseline -0.002 -12"><span class='ocrx_word' id='word_1_236' title='bbox 1865 1791 2034 1846; x_wconf 81' lang='lat' dir='ltr'><strong>solum</strong></span> <span class='ocrx_word' id='word_1_237' title='bbox 2069 1790 2248 1843; x_wconf 91' lang='lat' dir='ltr'><strong>minor</strong></span> <span class='ocrx_word' id='word_1_238' title='bbox 2266 1789 2371 1843; x_wconf 88' lang='lat' dir='ltr'><strong>erit</strong></span> <span class='ocrx_word' id='word_1_239' title='bbox 2396 1788 2578 1848; x_wconf 84' lang='lat' dir='ltr'><strong>Patre.</strong></span> <span class='ocrx_word' id='word_1_240' title='bbox 2607 1790 2701 1844; x_wconf 89' lang='lat' dir='ltr'><strong>sed</strong></span> <span class='ocrx_word' id='word_1_241' title='bbox 2740 1789 2858 1857; x_wconf 91' lang='lat' dir='ltr'><strong>ipsa</strong></span> <span class='ocrx_word' id='word_1_242' title='bbox 2889 1788 3217 1844; x_wconf 81' lang='lat' dir='ltr'><strong>necessitate</strong></span> <span class='ocrx_word' id='word_1_243' title='bbox 3242 1803 3434 1858; x_wconf 82' lang='lat' dir='ltr'><strong>cogen-</strong></span> 
     </span>
    </p>
   </div>
   <div class='ocr_carea' id='block_1_35' title="bbox 187 1874 1758 1951">
    <p class='ocr_par' dir='ltr' id='par_1_35' title="bbox 187 1874 1753 1951">
     <span class='ocr_line' id='line_1_35' title="bbox 187 1874 1753 1951; baseline 0.006 -24"><span class='ocrx_word' id='word_1_244' title='bbox 187 1874 448 1929; x_wconf 77' lang='grc' dir='ltr'><strong>δείκνυσιν.</strong></span> <span class='ocrx_word' id='word_1_245' title='bbox 492 1875 639 1928; x_wconf 79' lang='grc' dir='ltr'><strong>Ἀλλ’</strong></span> <span class='ocrx_word' id='word_1_246' title='bbox 664 1876 801 1947; x_wconf 82' lang='grc' dir='ltr'><strong>ὅπερ</strong></span> <span class='ocrx_word' id='word_1_247' title='bbox 828 1876 947 1929; x_wconf 77' lang='grc' dir='ltr'><strong>οὑδὲ</strong></span> <span class='ocrx_word' id='word_1_248' title='bbox 976 1879 1366 1951; x_wconf 77' lang='grc' dir='ltr'><strong>κατηγοροῦντι</strong></span> <span class='ocrx_word' id='word_1_249' title='bbox 1392 1881 1571 1950; x_wconf 86' lang='grc' dir='ltr'><strong>λέγειν</strong></span> <span class='ocrx_word' id='word_1_250' title='bbox 1595 1883 1753 1936; x_wconf 78' lang='grc' dir='ltr'><strong>ἀκίνο</strong></span> 
     </span>
    </p>
   </div>
   <div class='ocr_carea' id='block_1_36' title="bbox 1865 1874 3442 1951">
    <p class='ocr_par' dir='ltr' id='par_1_36' title="bbox 1865 1877 3442 1951">
     <span class='ocr_line' id='line_1_36' title="bbox 1865 1877 3442 1951; baseline -0.002 -15"><span class='ocrx_word' id='word_1_251' title='bbox 1865 1893 1925 1947; x_wconf 77' lang='lat' dir='ltr'><strong>Le,</strong></span> <span class='ocrx_word' id='word_1_252' title='bbox 1951 1881 2226 1951; x_wconf 87' lang='lat' dir='ltr'><strong>oportebit</strong></span> <span class='ocrx_word' id='word_1_253' title='bbox 2280 1880 2345 1934; x_wconf 90' lang='lat' dir='ltr'><strong>ad</strong></span> <span class='ocrx_word' id='word_1_254' title='bbox 2383 1880 2718 1949; x_wconf 88' lang='lat' dir='ltr'><strong>judaismum</strong></span> <span class='ocrx_word' id='word_1_255' title='bbox 2750 1878 3059 1933; x_wconf 86' lang='lat' dir='ltr'><strong>doctrinam</strong></span> <span class='ocrx_word' id='word_1_256' title='bbox 3102 1877 3246 1931; x_wconf 88' lang='lat' dir='ltr'><strong>hanc</strong></span> <span class='ocrx_word' id='word_1_257' title='bbox 3273 1877 3442 1933; x_wconf 86' lang='lat' dir='ltr'><strong>delle-</strong></span> 
     </span>
    </p>
   </div>
   <div class='ocr_carea' id='block_1_37' title="bbox 186 1967 1758 2041">
    <p class='ocr_par' dir='ltr' id='par_1_37' title="bbox 186 1967 1757 2041">
     <span class='ocr_line' id='line_1_37' title="bbox 186 1967 1757 2041; baseline 0.006 -24"><span class='ocrx_word' id='word_1_258' title='bbox 186 1967 333 2020; x_wconf 74' lang='grc' dir='ltr'><strong>δννον.</strong></span> <span class='ocrx_word' id='word_1_259' title='bbox 374 1968 594 2038; x_wconf 83' lang='grc' dir='ltr'><strong>Ὠσπερ</strong></span> <span class='ocrx_word' id='word_1_260' title='bbox 641 1968 747 2039; x_wconf 76' lang='grc' dir='ltr'><strong>γὰρ</strong></span> <span class='ocrx_word' id='word_1_261' title='bbox 782 1970 1091 2037; x_wconf 76' lang='grc' dir='ltr'><strong>ἀναγκαίως</strong></span> <span class='ocrx_word' id='word_1_262' title='bbox 1121 1971 1462 2041; x_wconf 79' lang='grc' dir='ltr'><strong>ὁμολογεῖται</strong></span> <span class='ocrx_word' id='word_1_263' title='bbox 1504 1971 1663 2041; x_wconf 74' lang='grc' dir='ltr'><strong>εἶναι,</strong></span> <span class='ocrx_word' id='word_1_264' title='bbox 1697 1975 1757 2027; x_wconf 88' lang='grc' dir='ltr'><strong>τὸ</strong></span> 
     </span>
    </p>
   </div>
   <div class='ocr_carea' id='block_1_38' title="bbox 1865 1967 3443 2041">
    <p class='ocr_par' dir='ltr' id='par_1_38' title="bbox 1865 1968 3443 2039">
     <span class='ocr_line' id='line_1_38' title="bbox 1865 1968 3443 2039; baseline -0.004 -11"><span class='ocrx_word' id='word_1_265' title='bbox 1865 1981 2032 2037; x_wconf 83' lang='lat' dir='ltr'><strong>:tere;</strong></span> <span class='ocrx_word' id='word_1_266' title='bbox 2079 1987 2201 2024; x_wconf 90' lang='lat' dir='ltr'><strong>nam</strong></span> <span class='ocrx_word' id='word_1_267' title='bbox 2228 1969 2373 2039; x_wconf 89' lang='lat' dir='ltr'><strong>quod</strong></span> <span class='ocrx_word' id='word_1_268' title='bbox 2410 1985 2519 2024; x_wconf 91' lang='lat' dir='ltr'><strong>nou</strong></span> <span class='ocrx_word' id='word_1_269' title='bbox 2547 1972 2689 2025; x_wconf 88' lang='lat' dir='ltr'><strong>entis</strong></span> <span class='ocrx_word' id='word_1_270' title='bbox 2719 1968 2945 2025; x_wconf 75' lang='lat' dir='ltr'><strong>effectus</strong></span> <span class='ocrx_word' id='word_1_271' title='bbox 2986 1978 3089 2035; x_wconf 84' lang='lat' dir='ltr'><strong>est,</strong></span> <span class='ocrx_word' id='word_1_272' title='bbox 3134 1968 3265 2023; x_wconf 89' lang='lat' dir='ltr'><strong>illud</strong></span> <span class='ocrx_word' id='word_1_273' title='bbox 3300 1968 3443 2022; x_wconf 81' lang='lat' dir='ltr'><strong>ratio</strong></span> 
     </span>
    </p>
   </div>
   <div class='ocr_carea' id='block_1_39' title="bbox 188 2057 1758 2135">
    <p class='ocr_par' dir='ltr' id='par_1_39' title="bbox 188 2057 1758 2135">
     <span class='ocr_line' id='line_1_39' title="bbox 188 2057 1758 2135; baseline 0.006 -25"><span class='ocrx_word' id='word_1_274' title='bbox 188 2059 240 2111; x_wconf 74' lang='grc' dir='ltr'><strong>ἐκ</strong></span> <span class='ocrx_word' id='word_1_275' title='bbox 262 2057 346 2112; x_wconf 90' lang='grc' dir='ltr'><strong>τοῦ</strong></span> <span class='ocrx_word' id='word_1_276' title='bbox 374 2058 535 2121; x_wconf 73' lang='grc' dir='ltr'><strong>ὕντος</strong></span> <span class='ocrx_word' id='word_1_277' title='bbox 574 2058 693 2129; x_wconf 77' lang='grc' dir='ltr'><strong>ἕχον</strong></span> <span class='ocrx_word' id='word_1_278' title='bbox 725 2061 823 2130; x_wconf 79' lang='grc' dir='ltr'><strong>τὴν</strong></span> <span class='ocrx_word' id='word_1_279' title='bbox 866 2061 1152 2131; x_wconf 85' lang='grc' dir='ltr'><strong>γέννησιν,</strong></span> <span class='ocrx_word' id='word_1_280' title='bbox 1184 2061 1308 2115; x_wconf 73' lang='grc' dir='ltr'><strong>οὔτε</strong></span> <span class='ocrx_word' id='word_1_281' title='bbox 1342 2063 1401 2116; x_wconf 83' lang='grc' dir='ltr'><strong>τὸ</strong></span> <span class='ocrx_word' id='word_1_282' title='bbox 1429 2063 1665 2135; x_wconf 78' lang='grc' dir='ltr'><strong>ἔμπαλιν</strong></span> <span class='ocrx_word' id='word_1_283' title='bbox 1700 2066 1758 2130; x_wconf 80' lang='grc' dir='ltr'>ἐξ</span> 
     </span>
    </p>
   </div>
   <div class='ocr_carea' id='block_1_40' title="bbox 1865 2057 3435 2135">
    <p class='ocr_par' dir='ltr' id='par_1_40' title="bbox 1865 2059 3435 2131">
     <span class='ocr_line' id='line_1_40' title="bbox 1865 2059 3435 2131; baseline -0.003 -12"><span class='ocrx_word' id='word_1_284' title='bbox 1865 2064 2203 2120; x_wconf 85' lang='lat' dir='ltr'><strong>necessitatis</strong></span> <span class='ocrx_word' id='word_1_285' title='bbox 2234 2062 2423 2131; x_wconf 90' lang='lat' dir='ltr'><strong>hujus,</strong></span> <span class='ocrx_word' id='word_1_286' title='bbox 2462 2076 2574 2116; x_wconf 91' lang='lat' dir='ltr'><strong>non</strong></span> <span class='ocrx_word' id='word_1_287' title='bbox 2612 2075 2842 2131; x_wconf 83' lang='lat' dir='ltr'><strong>parvum</strong></span> <span class='ocrx_word' id='word_1_288' title='bbox 2874 2067 2969 2113; x_wconf 91' lang='lat' dir='ltr'><strong>aut</strong></span> <span class='ocrx_word' id='word_1_289' title='bbox 2996 2060 3180 2114; x_wconf 90' lang='lat' dir='ltr'><strong>minus</strong></span> <span class='ocrx_word' id='word_1_290' title='bbox 3225 2059 3435 2130; x_wconf 89' lang='lat' dir='ltr'><strong>arguit,</strong></span> 
     </span>
    </p>
   </div>
   <div class='ocr_carea' id='block_1_41' title="bbox 189 2150 1758 2227">
    <p class='ocr_par' dir='ltr' id='par_1_41' title="bbox 189 2150 1758 2227">
     <span class='ocr_line' id='line_1_41' title="bbox 189 2150 1758 2227; baseline 0.005 -24"><span class='ocrx_word' id='word_1_291' title='bbox 189 2150 407 2221; x_wconf 81' lang='grc' dir='ltr'><strong>ἀνάγκης</strong></span> <span class='ocrx_word' id='word_1_292' title='bbox 446 2151 944 2222; x_wconf 81' lang='grc' dir='ltr'><strong>ὁμολογηθήσεται,</strong></span> <span class='ocrx_word' id='word_1_293' title='bbox 995 2153 1057 2206; x_wconf 86' lang='grc' dir='ltr'><strong>τὸ</strong></span> <span class='ocrx_word' id='word_1_294' title='bbox 1097 2154 1163 2207; x_wconf 78' lang='grc' dir='ltr'><strong>ὲκ</strong></span> <span class='ocrx_word' id='word_1_295' title='bbox 1205 2155 1298 2208; x_wconf 88' lang='grc' dir='ltr'><strong>τοῦ</strong></span> <span class='ocrx_word' id='word_1_296' title='bbox 1330 2156 1404 2227; x_wconf 82' lang='grc' dir='ltr'><strong>μὴ</strong></span> <span class='ocrx_word' id='word_1_297' title='bbox 1439 2156 1589 2221; x_wconf 73' lang='grc' dir='ltr'><strong>ὅντος</strong></span> <span class='ocrx_word' id='word_1_298' title='bbox 1625 2158 1758 2211; x_wconf 81' lang='grc' dir='ltr'><strong>ἀνα-</strong></span> 
     </span>
    </p>
   </div>
   <div class='ocr_carea' id='block_1_42' title="bbox 1865 2150 3441 2227">
    <p class='ocr_par' dir='ltr' id='par_1_42' title="bbox 1865 2150 3441 2225">
     <span class='ocr_line' id='line_1_42' title="bbox 1865 2150 3441 2225; baseline -0.006 -12"><span class='ocrx_word' id='word_1_299' title='bbox 1865 2156 1954 2213; x_wconf 85' lang='lat' dir='ltr'><strong>sed</strong></span> <span class='ocrx_word' id='word_1_300' title='bbox 1975 2155 2157 2225; x_wconf 88' lang='lat' dir='ltr'><strong>potius</strong></span> <span class='ocrx_word' id='word_1_301' title='bbox 2192 2154 2325 2209; x_wconf 92' lang='lat' dir='ltr'><strong>illud</strong></span> <span class='ocrx_word' id='word_1_302' title='bbox 2352 2168 2477 2209; x_wconf 89' lang='lat' dir='ltr'><strong>esse</strong></span> <span class='ocrx_word' id='word_1_303' title='bbox 2514 2151 2778 2218; x_wconf 83' lang='lat' dir='ltr'><strong>declarat,</strong></span> <span class='ocrx_word' id='word_1_304' title='bbox 2809 2151 2957 2220; x_wconf 92' lang='lat' dir='ltr'><strong>quod</strong></span> <span class='ocrx_word' id='word_1_305' title='bbox 2989 2166 3059 2206; x_wconf 91' lang='lat' dir='ltr'><strong>ne</strong></span> <span class='ocrx_word' id='word_1_306' title='bbox 3089 2151 3192 2220; x_wconf 87' lang='lat' dir='ltr'><strong>ipsi</strong></span> <span class='ocrx_word' id='word_1_307' title='bbox 3217 2150 3441 2221; x_wconf 88' lang='lat' dir='ltr'><strong>quidem</strong></span> 
     </span>
    </p>
   </div>
   <div class='ocr_carea' id='block_1_43' title="bbox 190 2240 1758 2317">
    <p class='ocr_par' dir='ltr' id='par_1_43' title="bbox 190 2240 1758 2317">
     <span class='ocr_line' id='line_1_43' title="bbox 190 2240 1758 2317; baseline 0.006 -26"><span class='ocrx_word' id='word_1_308' title='bbox 190 2242 449 2312; x_wconf 66' lang='grc' dir='ltr'><strong>φυόμενον.</strong></span> <span class='ocrx_word' id='word_1_309' title='bbox 508 2242 687 2295; x_wconf 83' lang='grc' dir='ltr'><strong>Ὀταν</strong></span> <span class='ocrx_word' id='word_1_310' title='bbox 724 2242 830 2314; x_wconf 84' lang='grc' dir='ltr'><strong>γάρ</strong></span> <span class='ocrx_word' id='word_1_311' title='bbox 854 2242 983 2295; x_wconf 92' lang='grc' dir='ltr'><strong>αὑτό</strong></span> <span class='ocrx_word' id='word_1_312' title='bbox 1010 2260 1062 2296; x_wconf 92' lang='grc' dir='ltr'><strong>τι</strong></span> <span class='ocrx_word' id='word_1_313' title='bbox 1107 2244 1181 2315; x_wconf 82' lang='grc' dir='ltr'><strong>μὴ</strong></span> <span class='ocrx_word' id='word_1_314' title='bbox 1216 2240 1282 2317; x_wconf 81' lang='grc' dir='ltr'><strong>ᾖ,</strong></span> <span class='ocrx_word' id='word_1_315' title='bbox 1336 2247 1451 2310; x_wconf 86' lang='grc' dir='ltr'><strong>πῶς</strong></span> <span class='ocrx_word' id='word_1_316' title='bbox 1484 2248 1668 2317; x_wconf 77' lang='grc' dir='ltr'><strong>ἕτερον</strong></span> <span class='ocrx_word' id='word_1_317' title='bbox 1698 2246 1758 2311; x_wconf 78' lang='grc' dir='ltr'><strong>ἐξ</strong></span> 
     </span>
    </p>
   </div>
   <div class='ocr_carea' id='block_1_44' title="bbox 1865 2240 3442 2317">
    <p class='ocr_par' dir='ltr' id='par_1_44' title="bbox 1865 2242 3442 2316">
     <span class='ocr_line' id='line_1_44' title="bbox 1865 2242 3442 2316; baseline -0.005 -13"><span class='ocrx_word' id='word_1_318' title='bbox 1865 2246 2172 2305; x_wconf 89' lang='lat' dir='ltr'><strong>accusatori</strong></span> <span class='ocrx_word' id='word_1_319' title='bbox 2236 2243 2484 2316; x_wconf 84' lang='lat' dir='ltr'><strong>proferre</strong></span> <span class='ocrx_word' id='word_1_320' title='bbox 2556 2251 2734 2298; x_wconf 92' lang='lat' dir='ltr'><strong>tutum</strong></span> <span class='ocrx_word' id='word_1_321' title='bbox 2791 2250 2897 2298; x_wconf 90' lang='lat' dir='ltr'><strong>est.</strong></span> <span class='ocrx_word' id='word_1_322' title='bbox 2972 2242 3442 2308; x_wconf 86' lang='lat' dir='ltr'><strong>Quemadmodum</strong></span> 
     </span>
    </p>
   </div>
   <div class='ocr_carea' id='block_1_45' title="bbox 190 2332 1758 2405">
    <p class='ocr_par' dir='ltr' id='par_1_45' title="bbox 190 2332 706 2404">
     <span class='ocr_line' id='line_1_45' title="bbox 190 2332 706 2404; baseline -0.004 -18"><span class='ocrx_word' id='word_1_323' title='bbox 190 2332 330 2386; x_wconf 75' lang='grc' dir='ltr'><strong>αὑτοῦ</strong></span> <span class='ocrx_word' id='word_1_324' title='bbox 356 2333 669 2404; x_wconf 75' lang='grc' dir='ltr'><strong>ὑποστήσει</strong></span> <span class='ocrx_word' id='word_1_325' title='bbox 693 2350 706 2395; x_wconf 89' lang='grc'>;</span> 
     </span>
    </p>
   </div>
   <div class='ocr_carea' id='block_1_46' title="bbox 1865 2332 3443 2405">
    <p class='ocr_par' dir='ltr' id='par_1_46' title="bbox 1865 2334 3443 2405">
     <span class='ocr_line' id='line_1_46' title="bbox 1865 2334 3443 2405; baseline -0.004 -10"><span class='ocrx_word' id='word_1_326' title='bbox 1865 2340 2008 2395; x_wconf 90' lang='lat' dir='ltr'><strong>enim</strong></span> <span class='ocrx_word' id='word_1_327' title='bbox 2038 2338 2282 2394; x_wconf 91' lang='lat' dir='ltr'><strong>omnium</strong></span> <span class='ocrx_word' id='word_1_328' title='bbox 2321 2350 2599 2391; x_wconf 89' lang='lat' dir='ltr'><strong>consensu</strong></span> <span class='ocrx_word' id='word_1_329' title='bbox 2646 2336 2885 2401; x_wconf 77' lang='lat' dir='ltr'><strong>exsistit,</strong></span> <span class='ocrx_word' id='word_1_330' title='bbox 2920 2334 2972 2389; x_wconf 92' lang='lat' dir='ltr'><strong>id</strong></span> <span class='ocrx_word' id='word_1_331' title='bbox 3005 2335 3151 2405; x_wconf 88' lang='lat' dir='ltr'><strong>quod</strong></span> <span class='ocrx_word' id='word_1_332' title='bbox 3206 2351 3274 2391; x_wconf 80' lang='lat' dir='ltr'><strong>ex</strong></span> <span class='ocrx_word' id='word_1_333' title='bbox 3318 2343 3443 2391; x_wconf 83' lang='lat' dir='ltr'><strong>ente</strong></span> 
     </span>
    </p>
   </div>
   <div class='ocr_carea' id='block_1_47' title="bbox 189 2424 3440 2503">
    <p class='ocr_par' dir='ltr' id='par_1_47' title="bbox 189 2424 3440 2503">
     <span class='ocr_line' id='line_1_47' title="bbox 189 2424 3440 2503; baseline 0.001 -24"><span class='ocrx_word' id='word_1_334' title='bbox 189 2434 339 2479; x_wconf 85' lang='lat' dir='ltr'><strong>ortum</strong></span> <span class='ocrx_word' id='word_1_335' title='bbox 372 2424 538 2480; x_wconf 89' lang='lat' dir='ltr'><strong>ducit</strong></span> <span class='ocrx_word' id='word_1_336' title='bbox 568 2445 581 2481; x_wconf 91' lang='lat'>:</span> <span class='ocrx_word' id='word_1_337' title='bbox 644 2426 726 2481; x_wconf 89' lang='lat' dir='ltr'><strong>sic</strong></span> <span class='ocrx_word' id='word_1_338' title='bbox 780 2428 1060 2484; x_wconf 88' lang='lat' dir='ltr'><strong>contraria</strong></span> <span class='ocrx_word' id='word_1_339' title='bbox 1111 2432 1323 2488; x_wconf 84' lang='lat' dir='ltr'><strong>ratione</strong></span> <span class='ocrx_word' id='word_1_340' title='bbox 1377 2432 1445 2489; x_wconf 91' lang='lat' dir='ltr'><strong>de</strong></span> <span class='ocrx_word' id='word_1_341' title='bbox 1476 2434 1584 2491; x_wconf 91' lang='lat' dir='ltr'><strong>isto</strong></span> <span class='ocrx_word' id='word_1_342' title='bbox 1650 2434 1997 2491; x_wconf 86' lang='lat' dir='ltr'><strong>sentiendum</strong></span> <span class='ocrx_word' id='word_1_343' title='bbox 2028 2436 2154 2498; x_wconf 90' lang='lat' dir='ltr'><strong>erit,</strong></span> <span class='ocrx_word' id='word_1_344' title='bbox 2186 2433 2329 2503; x_wconf 89' lang='lat' dir='ltr'><strong>quod</strong></span> <span class='ocrx_word' id='word_1_345' title='bbox 2360 2446 2428 2487; x_wconf 81' lang='lat' dir='ltr'><strong>ex</strong></span> <span class='ocrx_word' id='word_1_346' title='bbox 2455 2446 2565 2487; x_wconf 90' lang='lat' dir='ltr'><strong>non</strong></span> <span class='ocrx_word' id='word_1_347' title='bbox 2587 2432 2886 2487; x_wconf 80' lang='lat' dir='ltr'><strong>exsistente</strong></span> <span class='ocrx_word' id='word_1_348' title='bbox 2917 2431 3185 2486; x_wconf 88' lang='lat' dir='ltr'><strong>nascitur.</strong></span> <span class='ocrx_word' id='word_1_349' title='bbox 3212 2430 3268 2483; x_wconf 90' lang='lat' dir='ltr'><strong>Si</strong></span> <span class='ocrx_word' id='word_1_350' title='bbox 3296 2432 3440 2484; x_wconf 89' lang='lat' dir='ltr'><strong>enim</strong></span> 
     </span>
    </p>
   </div>
   <div class='ocr_carea' id='block_1_48' title="bbox 190 2509 2027 2597">
    <p class='ocr_par' dir='ltr' id='par_1_48' title="bbox 190 2509 2027 2597">
     <span class='ocr_line' id='line_1_48' title="bbox 190 2509 2027 2597; baseline 0.005 -28"><span class='ocrx_word' id='word_1_351' title='bbox 190 2509 339 2589; x_wconf 85' lang='lat' dir='ltr'><strong>ipsum</strong></span> <span class='ocrx_word' id='word_1_352' title='bbox 373 2532 486 2572; x_wconf 90' lang='lat' dir='ltr'><strong>non</strong></span> <span class='ocrx_word' id='word_1_353' title='bbox 555 2518 629 2573; x_wconf 89' lang='lat' dir='ltr'><strong>sit</strong></span> <span class='ocrx_word' id='word_1_354' title='bbox 655 2518 883 2590; x_wconf 90' lang='lat' dir='ltr'><strong>aliquid,</strong></span> <span class='ocrx_word' id='word_1_355' title='bbox 941 2522 1217 2591; x_wconf 89' lang='lat' dir='ltr'><strong>quomodo</strong></span> <span class='ocrx_word' id='word_1_356' title='bbox 1280 2524 1425 2580; x_wconf 91' lang='lat' dir='ltr'><strong>aliud</strong></span> <span class='ocrx_word' id='word_1_357' title='bbox 1482 2540 1546 2581; x_wconf 79' lang='lat' dir='ltr'><strong>ex</strong></span> <span class='ocrx_word' id='word_1_358' title='bbox 1611 2526 1731 2597; x_wconf 90' lang='lat' dir='ltr'><strong>ipso</strong></span> <span class='ocrx_word' id='word_1_359' title='bbox 1760 2520 2027 2583; x_wconf 80' lang='lat' dir='ltr'><strong>exsistet?</strong></span> 
     </span>
    </p>
   </div>
   <div class='ocr_carea' id='block_1_49' title="bbox 245 2606 1751 2686">
    <p class='ocr_par' dir='ltr' id='par_1_49' title="bbox 245 2606 1751 2686">
     <span class='ocr_line' id='line_1_49' title="bbox 245 2606 1751 2686; baseline 0.005 -26"><span class='ocrx_word' id='word_1_360' title='bbox 245 2609 298 2660; x_wconf 78' lang='lat' dir='ltr'><strong>El</strong></span> <span class='ocrx_word' id='word_1_361' title='bbox 319 2606 411 2662; x_wconf 70' lang='grc' dir='ltr'><strong>οὖν</strong></span> <span class='ocrx_word' id='word_1_362' title='bbox 437 2610 551 2662; x_wconf 85' lang='grc' dir='ltr'><strong>οῦκ</strong></span> <span class='ocrx_word' id='word_1_363' title='bbox 577 2609 723 2663; x_wconf 76' lang='grc' dir='ltr'><strong>ἔστιν</strong></span> <span class='ocrx_word' id='word_1_364' title='bbox 751 2611 808 2662; x_wconf 78' lang='grc' dir='ltr'><strong>ὲν</strong></span> <span class='ocrx_word' id='word_1_365' title='bbox 840 2611 947 2681; x_wconf 80' lang='grc' dir='ltr'><strong>ίδίᾳ,</strong></span> <span class='ocrx_word' id='word_1_366' title='bbox 978 2611 1155 2683; x_wconf 75' lang='grc' dir='ltr'><strong>οὐσία,</strong></span> <span class='ocrx_word' id='word_1_367' title='bbox 1181 2615 1215 2684; x_wconf 85' lang='grc' dir='ltr'>ή</span> <span class='ocrx_word' id='word_1_368' title='bbox 1252 2614 1327 2685; x_wconf 83' lang='grc' dir='ltr'><strong>τῷ</strong></span> <span class='ocrx_word' id='word_1_369' title='bbox 1352 2614 1470 2685; x_wconf 83' lang='grc' dir='ltr'><strong>Θεῷ</strong></span> <span class='ocrx_word' id='word_1_370' title='bbox 1494 2615 1590 2686; x_wconf 85' lang='grc' dir='ltr'><strong>μὲν</strong></span> <span class='ocrx_word' id='word_1_371' title='bbox 1618 2632 1751 2686; x_wconf 72' lang='grc' dir='ltr'><strong>’παρ⁴</strong></span> 
     </span>
    </p>
   </div>
   <div class='ocr_carea' id='block_1_50' title="bbox 1933 2608 3442 2685">
    <p class='ocr_par' dir='ltr' id='par_1_50' title="bbox 1933 2608 3442 2685">
     <span class='ocr_line' id='line_1_50' title="bbox 1933 2608 3442 2685; baseline -0.003 -18"><span class='ocrx_word' id='word_1_372' title='bbox 1933 2615 2009 2685; x_wconf 80' lang='grc' dir='ltr'><strong>(α)</strong></span> <span class='ocrx_word' id='word_1_373' title='bbox 2039 2613 2097 2667; x_wconf 92' lang='lat' dir='ltr'><strong>Si</strong></span> <span class='ocrx_word' id='word_1_374' title='bbox 2132 2613 2298 2683; x_wconf 82' lang='lat' dir='ltr'><strong>igitur</strong></span> <span class='ocrx_word' id='word_1_375' title='bbox 2355 2626 2465 2666; x_wconf 87' lang='lat' dir='ltr'><strong>non</strong></span> <span class='ocrx_word' id='word_1_376' title='bbox 2523 2609 2739 2666; x_wconf 80' lang='lat' dir='ltr'><strong>exsistit</strong></span> <span class='ocrx_word' id='word_1_377' title='bbox 2790 2608 3104 2664; x_wconf 86' lang='lat' dir='ltr'><strong>secundum</strong></span> <span class='ocrx_word' id='word_1_378' title='bbox 3161 2608 3442 2677; x_wconf 87' lang='lat' dir='ltr'><strong>propriam</strong></span> 
     </span>
    </p>
   </div>
   <div class='ocr_carea' id='block_1_51' title="bbox 190 2698 1758 2776">
    <p class='ocr_par' dir='ltr' id='par_1_51' title="bbox 190 2702 1758 2776">
     <span class='ocr_line' id='line_1_51' title="bbox 190 2702 1758 2776; baseline 0.005 -24"><span class='ocrx_word' id='word_1_379' title='bbox 190 2703 401 2771; x_wconf 80' lang='grc' dir='ltr'><strong>επομένη</strong></span> <span class='ocrx_word' id='word_1_380' title='bbox 435 2702 722 2772; x_wconf 80' lang='grc' dir='ltr'><strong>ἐνέργεια,</strong></span> <span class='ocrx_word' id='word_1_381' title='bbox 758 2702 849 2755; x_wconf 82' lang='grc' dir='ltr'><strong>τὸν</strong></span> <span class='ocrx_word' id='word_1_382' title='bbox 884 2702 940 2755; x_wconf 86' lang='grc' dir='ltr'><strong>δὲ</strong></span> <span class='ocrx_word' id='word_1_383' title='bbox 964 2702 1090 2756; x_wconf 84' lang='grc' dir='ltr'><strong>Υίὸν</strong></span> <span class='ocrx_word' id='word_1_384' title='bbox 1112 2706 1480 2776; x_wconf 80' lang='grc' dir='ltr'><strong>ἐργαζομένη,</strong></span> <span class='ocrx_word' id='word_1_385' title='bbox 1511 2707 1595 2771; x_wconf 91' lang='grc' dir='ltr'><strong>τίς</strong></span> <span class='ocrx_word' id='word_1_386' title='bbox 1616 2707 1758 2760; x_wconf 80' lang='grc' dir='ltr'><strong>οὕτω</strong></span> 
     </span>
    </p>
   </div>
   <div class='ocr_carea' id='block_1_52' title="bbox 1865 2698 3443 2776">
    <p class='ocr_par' dir='ltr' id='par_1_52' title="bbox 1865 2698 3443 2771">
     <span class='ocr_line' id='line_1_52' title="bbox 1865 2698 3443 2771; baseline -0.005 -10"><span class='ocrx_word' id='word_1_387' title='bbox 1865 2706 2183 2762; x_wconf 73' lang='lat' dir='ltr'><strong>substantia:</strong></span> <span class='ocrx_word' id='word_1_388' title='bbox 2214 2718 2327 2759; x_wconf 72' lang='lat' dir='ltr'><strong>sua:</strong></span> <span class='ocrx_word' id='word_1_389' title='bbox 2349 2703 2621 2757; x_wconf 89' lang='lat' dir='ltr'><strong>rationem</strong></span> <span class='ocrx_word' id='word_1_390' title='bbox 2682 2701 2904 2771; x_wconf 90' lang='lat' dir='ltr'><strong>energia</strong></span> <span class='ocrx_word' id='word_1_391' title='bbox 2941 2700 3054 2765; x_wconf 89' lang='lat' dir='ltr'><strong>illa,</strong></span> <span class='ocrx_word' id='word_1_392' title='bbox 3083 2715 3207 2770; x_wconf 63' lang='lat' dir='ltr'><strong>quae</strong></span> <span class='ocrx_word' id='word_1_393' title='bbox 3272 2698 3443 2753; x_wconf 91' lang='lat' dir='ltr'><strong>Deum</strong></span> 
     </span>
    </p>
   </div>
   <div class='ocr_carea' id='block_1_53' title="bbox 188 2792 1761 2868">
    <p class='ocr_par' dir='ltr' id='par_1_53' title="bbox 188 2792 1761 2868">
     <span class='ocr_line' id='line_1_53' title="bbox 188 2792 1761 2868; baseline 0.003 -21"><span class='ocrx_word' id='word_1_394' title='bbox 188 2792 379 2861; x_wconf 75' lang='grc' dir='ltr'><strong>τυφλὸς,</strong></span> <span class='ocrx_word' id='word_1_395' title='bbox 426 2793 510 2856; x_wconf 82' lang='grc' dir='ltr'><strong>ὡς</strong></span> <span class='ocrx_word' id='word_1_396' title='bbox 553 2794 626 2866; x_wconf 81' lang='grc' dir='ltr'><strong>μὴ</strong></span> <span class='ocrx_word' id='word_1_397' title='bbox 667 2794 895 2848; x_wconf 86' lang='grc' dir='ltr'><strong>συνιδεῖν</strong></span> <span class='ocrx_word' id='word_1_398' title='bbox 944 2794 1045 2865; x_wconf 81' lang='grc' dir='ltr'><strong>τὴν</strong></span> <span class='ocrx_word' id='word_1_399' title='bbox 1080 2796 1179 2865; x_wconf 85' lang='grc' dir='ltr'><strong>τῆς</strong></span> <span class='ocrx_word' id='word_1_400' title='bbox 1216 2796 1560 2868; x_wconf 83' lang='grc' dir='ltr'><strong>βλασφημίας</strong></span> <span class='ocrx_word' id='word_1_401' title='bbox 1597 2815 1761 2852; x_wconf 80' lang='grc' dir='ltr'><strong>κατα·</strong></span> 
     </span>
    </p>
   </div>
   <div class='ocr_carea' id='block_1_54' title="bbox 191 2884 1758 2958">
    <p class='ocr_par' dir='ltr' id='par_1_54' title="bbox 191 2884 1758 2958">
     <span class='ocr_line' id='line_1_54' title="bbox 191 2884 1758 2958; baseline 0.003 -21"><span class='ocrx_word' id='word_1_402' title='bbox 191 2885 366 2955; x_wconf 76' lang='grc' dir='ltr'><strong>σκευὴν</strong></span> <span class='ocrx_word' id='word_1_403' title='bbox 384 2926 399 2949; x_wconf 90' lang='grc'><em>,</em></span> <span class='ocrx_word' id='word_1_404' title='bbox 456 2885 555 2937; x_wconf 79' lang='grc' dir='ltr'><strong>ὅτι</strong></span> <span class='ocrx_word' id='word_1_405' title='bbox 583 2884 723 2955; x_wconf 84' lang='grc' dir='ltr'><strong>πρὸς</strong></span> <span class='ocrx_word' id='word_1_406' title='bbox 744 2884 842 2955; x_wconf 79' lang='grc' dir='ltr'><strong>τὴν</strong></span> <span class='ocrx_word' id='word_1_407' title='bbox 871 2884 1040 2956; x_wconf 78' lang='grc' dir='ltr'><strong>αὑτὴν</strong></span> <span class='ocrx_word' id='word_1_408' title='bbox 1072 2887 1167 2938; x_wconf 89' lang='grc' dir='ltr'><strong>τοῦ</strong></span> <span class='ocrx_word' id='word_1_409' title='bbox 1198 2887 1446 2958; x_wconf 82' lang='grc' dir='ltr'><strong>Σωτῆρος</strong></span> <span class='ocrx_word' id='word_1_410' title='bbox 1478 2887 1633 2957; x_wconf 79' lang='grc' dir='ltr'><strong>ἡμῶν</strong></span> <span class='ocrx_word' id='word_1_411' title='bbox 1661 2888 1758 2958; x_wconf 84' lang='grc' dir='ltr'><strong>ἀρ-</strong></span> 
     </span>
    </p>
   </div>
   <div class='ocr_carea' id='block_1_55' title="bbox 190 2971 1759 3047">
    <p class='ocr_par' dir='ltr' id='par_1_55' title="bbox 190 2971 1759 3047">
     <span class='ocr_line' id='line_1_55' title="bbox 190 2971 1759 3047; baseline 0.003 -21"><span class='ocrx_word' id='word_1_412' title='bbox 190 2991 321 3043; x_wconf 84' lang='grc' dir='ltr'><strong>νησιν</strong></span> <span class='ocrx_word' id='word_1_413' title='bbox 342 2976 370 3026; x_wconf 81' lang='grc' dir='ltr'>ὁ</span> <span class='ocrx_word' id='word_1_414' title='bbox 402 2972 620 3035; x_wconf 75' lang='grc' dir='ltr'><strong>σκοπὸς</strong></span> <span class='ocrx_word' id='word_1_415' title='bbox 645 2971 795 3043; x_wconf 85' lang='grc' dir='ltr'><strong>αὑτῷ</strong></span> <span class='ocrx_word' id='word_1_416' title='bbox 825 2971 1009 3041; x_wconf 82' lang='grc' dir='ltr'><strong>βλέπει</strong></span> <span class='ocrx_word' id='word_1_417' title='bbox 1036 2989 1052 3039; x_wconf 90' lang='grc'><strong>;</strong></span> <span class='ocrx_word' id='word_1_418' title='bbox 1110 2974 1219 3026; x_wconf 79' lang='grc' dir='ltr'><strong>Καὶ</strong></span> <span class='ocrx_word' id='word_1_419' title='bbox 1270 2976 1319 3027; x_wconf 87' lang='grc' dir='ltr'><strong>εί</strong></span> <span class='ocrx_word' id='word_1_420' title='bbox 1358 2974 1452 3029; x_wconf 91' lang='grc' dir='ltr'><strong>τοῦ</strong></span> <span class='ocrx_word' id='word_1_421' title='bbox 1482 2975 1612 3029; x_wconf 81' lang='grc' dir='ltr'><strong>Υἱοῦ</strong></span> <span class='ocrx_word' id='word_1_422' title='bbox 1660 2977 1759 3047; x_wconf 81' lang='grc' dir='ltr'><strong>τὴν</strong></span> 
     </span>
    </p>
   </div>
   <div class='ocr_carea' id='block_1_56' title="bbox 190 3062 1759 3136">
    <p class='ocr_par' dir='ltr' id='par_1_56' title="bbox 190 3062 1759 3136">
     <span class='ocr_line' id='line_1_56' title="bbox 190 3062 1759 3136; baseline 0.002 -18"><span class='ocrx_word' id='word_1_423' title='bbox 190 3065 468 3118; x_wconf 75' lang='grc' dir='ltr'><strong>ὑπόστασιν</strong></span> <span class='ocrx_word' id='word_1_424' title='bbox 501 3066 544 3136; x_wconf 84' lang='grc' dir='ltr'><strong>ἡ</strong></span> <span class='ocrx_word' id='word_1_425' title='bbox 574 3062 668 3117; x_wconf 88' lang='grc' dir='ltr'><strong>τοῦ</strong></span> <span class='ocrx_word' id='word_1_426' title='bbox 696 3062 965 3135; x_wconf 78' lang='grc' dir='ltr'><strong>δόγματος</strong></span> <span class='ocrx_word' id='word_1_427' title='bbox 994 3065 1172 3120; x_wconf 83' lang='grc' dir='ltr'><strong>αὐτῶν</strong></span> <span class='ocrx_word' id='word_1_428' title='bbox 1206 3066 1496 3122; x_wconf 83' lang='grc' dir='ltr'><strong>ἀκολουθία</strong></span> <span class='ocrx_word' id='word_1_429' title='bbox 1528 3068 1759 3122; x_wconf 85' lang='grc' dir='ltr'><strong>ὑποκλέ-</strong></span> 
     </span>
    </p>
   </div>
   <div class='ocr_carea' id='block_1_57' title="bbox 190 3155 1761 3229">
    <p class='ocr_par' dir='ltr' id='par_1_57' title="bbox 190 3155 1761 3229">
     <span class='ocr_line' id='line_1_57' title="bbox 190 3155 1761 3229; baseline 0.004 -21"><span class='ocrx_word' id='word_1_430' title='bbox 190 3174 292 3209; x_wconf 84' lang='grc' dir='ltr'><strong>πτει</strong></span> <span class='ocrx_word' id='word_1_431' title='bbox 330 3157 427 3228; x_wconf 80' lang='grc' dir='ltr'><strong>τῆς</strong></span> <span class='ocrx_word' id='word_1_432' title='bbox 475 3155 746 3219; x_wconf 82' lang='grc' dir='ltr'><strong>πίστεως,</strong></span> <span class='ocrx_word' id='word_1_433' title='bbox 792 3155 941 3210; x_wconf 80' lang='grc' dir='ltr'><strong>οὐδὲν</strong></span> <span class='ocrx_word' id='word_1_434' title='bbox 980 3157 1127 3227; x_wconf 86' lang='grc' dir='ltr'><strong>αὑτῷ</strong></span> <span class='ocrx_word' id='word_1_435' title='bbox 1176 3158 1315 3227; x_wconf 79' lang='grc' dir='ltr'><strong>πλὴν</strong></span> <span class='ocrx_word' id='word_1_436' title='bbox 1363 3158 1518 3226; x_wconf 80' lang='grc' dir='ltr'><strong>ψιλοῦ</strong></span> <span class='ocrx_word' id='word_1_437' title='bbox 1562 3160 1761 3229; x_wconf 73' lang='grc' dir='ltr'><strong>ὀνόμα-</strong></span> 
     </span>
    </p>
   </div>
   <div class='ocr_carea' id='block_1_58' title="bbox 187 3236 1833 3317">
    <p class='ocr_par' dir='ltr' id='par_1_58' title="bbox 187 3236 1833 3317">
     <span class='ocr_line' id='line_1_58' title="bbox 187 3236 1833 3317; baseline -0.002 -18"><span class='ocrx_word' id='word_1_438' title='bbox 187 3263 263 3309; x_wconf 82' lang='grc' dir='ltr'><strong>τος</strong></span> <span class='ocrx_word' id='word_1_439' title='bbox 308 3245 759 3301; x_wconf 84' lang='grc' dir='ltr'><strong>καταλείπουσα’</strong></span> <span class='ocrx_word' id='word_1_440' title='bbox 814 3245 972 3317; x_wconf 78' lang='grc' dir='ltr'><strong>σχολῇ</strong></span> <span class='ocrx_word' id='word_1_441' title='bbox 1017 3247 1070 3314; x_wconf 86' lang='grc' dir='ltr'><strong>γ’</strong></span> <span class='ocrx_word' id='word_1_442' title='bbox 1105 3245 1171 3299; x_wconf 85' lang='grc' dir='ltr'><strong>ἂν</strong></span> <span class='ocrx_word' id='word_1_443' title='bbox 1234 3242 1371 3298; x_wconf 78' lang='grc' dir='ltr'><strong>εἶναι</strong></span> <span class='ocrx_word' id='word_1_444' title='bbox 1440 3249 1557 3300; x_wconf 86' lang='grc' dir='ltr'><strong>κατ’</strong></span> <span class='ocrx_word' id='word_1_445' title='bbox 1625 3247 1760 3301; x_wconf 71' lang='grc' dir='ltr'><strong>ἰδίαν</strong></span> <span class='ocrx_word' id='word_1_446' title='bbox 1788 3236 1833 3296; x_wconf 84' lang='lat' dir='ltr'><strong><em>C</em></strong></span> 
     </span>
    </p>
   </div>
   <div class='ocr_carea' id='block_1_59' title="bbox 189 3335 1763 3409">
    <p class='ocr_par' dir='ltr' id='par_1_59' title="bbox 189 3335 1763 3409">
     <span class='ocr_line' id='line_1_59' title="bbox 189 3335 1763 3409; baseline 0 -18"><span class='ocrx_word' id='word_1_447' title='bbox 189 3340 463 3392; x_wconf 71' lang='grc' dir='ltr'><strong>ὑπόστασιν</strong></span> <span class='ocrx_word' id='word_1_448' title='bbox 503 3335 827 3405; x_wconf 81' lang='grc' dir='ltr'><strong>πιστευθείη</strong></span> <span class='ocrx_word' id='word_1_449' title='bbox 848 3337 906 3390; x_wconf 84' lang='grc' dir='ltr'><strong>τὺ</strong></span> <span class='ocrx_word' id='word_1_450' title='bbox 931 3336 1153 3407; x_wconf 78' lang='grc' dir='ltr'><strong>Πνεῦμα</strong></span> <span class='ocrx_word' id='word_1_451' title='bbox 1188 3337 1242 3390; x_wconf 79' lang='grc' dir='ltr'><strong>τὸ</strong></span> <span class='ocrx_word' id='word_1_452' title='bbox 1270 3336 1443 3406; x_wconf 83' lang='grc' dir='ltr'><strong>ἆγιον,</strong></span> <span class='ocrx_word' id='word_1_453' title='bbox 1469 3338 1530 3391; x_wconf 86' lang='grc' dir='ltr'><strong>τὸ</strong></span> <span class='ocrx_word' id='word_1_454' title='bbox 1558 3338 1644 3392; x_wconf 81' lang='grc' dir='ltr'><strong>διὰ</strong></span> <span class='ocrx_word' id='word_1_455' title='bbox 1664 3339 1763 3409; x_wconf 80' lang='grc' dir='ltr'><strong>τῆς</strong></span> 
     </span>
    </p>
   </div>
   <div class='ocr_carea' id='block_1_60' title="bbox 188 3427 1763 3500">
    <p class='ocr_par' dir='ltr' id='par_1_60' title="bbox 188 3427 1763 3500">
     <span class='ocr_line' id='line_1_60' title="bbox 188 3427 1763 3500; baseline -0.001 -17"><span class='ocrx_word' id='word_1_456' title='bbox 188 3430 277 3483; x_wconf 79' lang='grc' dir='ltr'><strong>τῶν</strong></span> <span class='ocrx_word' id='word_1_457' title='bbox 298 3430 680 3498; x_wconf 76' lang='grc' dir='ltr'><strong>ἀνυπάρκτων</strong></span> <span class='ocrx_word' id='word_1_458' title='bbox 703 3427 1027 3491; x_wconf 83' lang='grc' dir='ltr'><strong>ἀκολουθίας</strong></span> <span class='ocrx_word' id='word_1_459' title='bbox 1050 3427 1558 3500; x_wconf 82' lang='grc' dir='ltr'><strong>γενεαλογούμενον.</strong></span> <span class='ocrx_word' id='word_1_460' title='bbox 1595 3430 1763 3483; x_wconf 88' lang='grc' dir='ltr'><strong>Ὅταν</strong></span> 
     </span>
    </p>
   </div>
   <div class='ocr_carea' id='block_1_61' title="bbox 186 3519 1763 3594">
    <p class='ocr_par' dir='ltr' id='par_1_61' title="bbox 186 3519 1763 3594">
     <span class='ocr_line' id='line_1_61' title="bbox 186 3519 1763 3594; baseline 0.003 -22"><span class='ocrx_word' id='word_1_461' title='bbox 186 3523 277 3592; x_wconf 73' lang='grc' dir='ltr'><strong>γὰρ</strong></span> <span class='ocrx_word' id='word_1_462' title='bbox 301 3523 371 3593; x_wconf 82' lang='grc' dir='ltr'><strong>μὴ</strong></span> <span class='ocrx_word' id='word_1_463' title='bbox 406 3522 645 3592; x_wconf 79' lang='grc' dir='ltr'><strong>ὑπάρχῃ</strong></span> <span class='ocrx_word' id='word_1_464' title='bbox 691 3519 789 3590; x_wconf 83' lang='grc' dir='ltr'><strong>μὲν</strong></span> <span class='ocrx_word' id='word_1_465' title='bbox 831 3520 949 3573; x_wconf 88' lang='grc' dir='ltr'><strong>κατ’</strong></span> <span class='ocrx_word' id='word_1_466' title='bbox 992 3520 1176 3575; x_wconf 75' lang='grc' dir='ltr'><strong>οὐσίαν</strong></span> <span class='ocrx_word' id='word_1_467' title='bbox 1218 3521 1251 3591; x_wconf 86' lang='grc' dir='ltr'><strong>ἡ</strong></span> <span class='ocrx_word' id='word_1_468' title='bbox 1297 3523 1650 3594; x_wconf 87' lang='grc' dir='ltr'><strong>παρεπομένη</strong></span> <span class='ocrx_word' id='word_1_469' title='bbox 1686 3522 1763 3593; x_wconf 85' lang='grc' dir='ltr'><strong>τῷ</strong></span> 
     </span>
    </p>
   </div>
   <div class='ocr_carea' id='block_1_62' title="bbox 186 3609 1762 3684">
    <p class='ocr_par' dir='ltr' id='par_1_62' title="bbox 186 3609 1762 3684">
     <span class='ocr_line' id='line_1_62' title="bbox 186 3609 1762 3684; baseline 0 -19"><span class='ocrx_word' id='word_1_470' title='bbox 186 3612 287 3681; x_wconf 79' lang='grc' dir='ltr'><strong>Θεῷ</strong></span> <span class='ocrx_word' id='word_1_471' title='bbox 315 3613 599 3684; x_wconf 77' lang='grc' dir='ltr'><strong>ἐνέργεια,</strong></span> <span class='ocrx_word' id='word_1_472' title='bbox 632 3609 978 3682; x_wconf 77' lang='grc' dir='ltr'><strong>ἀνύπαρκτον</strong></span> <span class='ocrx_word' id='word_1_473' title='bbox 1005 3610 1064 3664; x_wconf 80' lang='grc' dir='ltr'><strong>δὲ</strong></span> <span class='ocrx_word' id='word_1_474' title='bbox 1095 3611 1155 3664; x_wconf 80' lang='grc' dir='ltr'><strong>τὸ</strong></span> <span class='ocrx_word' id='word_1_475' title='bbox 1190 3611 1395 3682; x_wconf 80' lang='grc' dir='ltr'><strong>ταύτης</strong></span> <span class='ocrx_word' id='word_1_476' title='bbox 1416 3612 1762 3683; x_wconf 85' lang='grc' dir='ltr'><strong>ἀποτέλεσμα</strong></span> 
     </span>
    </p>
   </div>
   <div class='ocr_carea' id='block_1_63' title="bbox 188 3701 1763 3775">
    <p class='ocr_par' dir='ltr' id='par_1_63' title="bbox 188 3701 1763 3775">
     <span class='ocr_line' id='line_1_63' title="bbox 188 3701 1763 3775; baseline 0 -18"><span class='ocrx_word' id='word_1_477' title='bbox 188 3703 575 3775; x_wconf 78' lang='grc' dir='ltr'><strong>καταλαμϐάνῃ</strong></span> <span class='ocrx_word' id='word_1_478' title='bbox 614 3701 672 3767; x_wconf 76' lang='grc' dir='ltr'>ἐξ</span> <span class='ocrx_word' id='word_1_479' title='bbox 704 3701 951 3772; x_wconf 80' lang='grc' dir='ltr'><strong>ἀνάγκης</strong></span> <span class='ocrx_word' id='word_1_480' title='bbox 979 3704 1008 3754; x_wconf 86' lang='grc' dir='ltr'><strong>ό</strong></span> <span class='ocrx_word' id='word_1_481' title='bbox 1057 3701 1245 3771; x_wconf 83' lang='grc' dir='ltr'><strong>λόγος,</strong></span> <span class='ocrx_word' id='word_1_482' title='bbox 1306 3703 1481 3773; x_wconf 87' lang='grc' dir='ltr'><strong>τούτῳ</strong></span> <span class='ocrx_word' id='word_1_483' title='bbox 1513 3702 1567 3756; x_wconf 84' lang='grc' dir='ltr'><strong>δὲ</strong></span> <span class='ocrx_word' id='word_1_484' title='bbox 1604 3703 1763 3757; x_wconf 84' lang='grc' dir='ltr'><strong>πάλιν</strong></span> 
     </span>
    </p>
   </div>
   <div class='ocr_carea' id='block_1_64' title="bbox 188 3790 1764 3867">
    <p class='ocr_par' dir='ltr' id='par_1_64' title="bbox 188 3790 1764 3867">
     <span class='ocr_line' id='line_1_64' title="bbox 188 3790 1764 3867; baseline 0 -19"><span class='ocrx_word' id='word_1_485' title='bbox 188 3796 300 3867; x_wconf 73' lang='grc' dir='ltr'><strong>ἀλλη</strong></span> <span class='ocrx_word' id='word_1_486' title='bbox 328 3812 415 3859; x_wconf 85' lang='grc' dir='ltr'><strong>τις</strong></span> <span class='ocrx_word' id='word_1_487' title='bbox 454 3793 748 3864; x_wconf 81' lang='grc' dir='ltr'><strong>ἐνεργείας</strong></span> <span class='ocrx_word' id='word_1_488' title='bbox 776 3792 1087 3864; x_wconf 82' lang='grc' dir='ltr'><strong>ἀνυπαρξία</strong></span> <span class='ocrx_word' id='word_1_489' title='bbox 1122 3792 1439 3864; x_wconf 86' lang='grc' dir='ltr'><strong>παρέπηται</strong></span> <span class='ocrx_word' id='word_1_490' title='bbox 1464 3809 1478 3825; x_wconf 73' lang='grc' dir='ltr'><strong>ο</strong></span> <span class='ocrx_word' id='word_1_491' title='bbox 1516 3790 1635 3848; x_wconf 78' lang='grc' dir='ltr'><strong>εἶτα</strong></span> <span class='ocrx_word' id='word_1_492' title='bbox 1676 3794 1764 3849; x_wconf 82' lang='grc' dir='ltr'><strong>διά</strong></span> 
     </span>
    </p>
   </div>
   <div class='ocr_carea' id='block_1_65' title="bbox 185 3882 1764 3956">
    <p class='ocr_par' dir='ltr' id='par_1_65' title="bbox 185 3882 1764 3956">
     <span class='ocr_line' id='line_1_65' title="bbox 185 3882 1764 3956; baseline 0.001 -19"><span class='ocrx_word' id='word_1_493' title='bbox 185 3885 325 3938; x_wconf 84' lang='grc' dir='ltr'><strong>τοῦτο</strong></span> <span class='ocrx_word' id='word_1_494' title='bbox 356 3884 697 3954; x_wconf 78' lang='grc' dir='ltr'><strong>γεγενῆσθαι</strong></span> <span class='ocrx_word' id='word_1_495' title='bbox 739 3882 799 3936; x_wconf 76' lang='grc' dir='ltr'><strong>τὸ</strong></span> <span class='ocrx_word' id='word_1_496' title='bbox 843 3883 1067 3954; x_wconf 87' lang='grc' dir='ltr'><strong>Πνεῦμα</strong></span> <span class='ocrx_word' id='word_1_497' title='bbox 1118 3884 1612 3956; x_wconf 75' lang='grc' dir='ltr'><strong>κατασκευάζηται,</strong></span> <span class='ocrx_word' id='word_1_498' title='bbox 1645 3886 1764 3949; x_wconf 85' lang='grc' dir='ltr'><strong>πῶς</strong></span> 
     </span>
    </p>
   </div>
   <div class='ocr_carea' id='block_1_66' title="bbox 186 3976 1763 4049">
    <p class='ocr_par' dir='ltr' id='par_1_66' title="bbox 186 3976 1763 4049">
     <span class='ocr_line' id='line_1_66' title="bbox 186 3976 1763 4049; baseline 0.001 -19"><span class='ocrx_word' id='word_1_499' title='bbox 186 3980 271 4031; x_wconf 77' lang='grc' dir='ltr'><strong>οὑκ</strong></span> <span class='ocrx_word' id='word_1_500' title='bbox 298 3978 530 4049; x_wconf 70' lang='grc' dir='ltr'><strong>εὔδηλον</strong></span> <span class='ocrx_word' id='word_1_501' title='bbox 567 3979 733 4030; x_wconf 76' lang='grc' dir='ltr'><strong>πᾶσιν</strong></span> <span class='ocrx_word' id='word_1_502' title='bbox 762 3979 793 4047; x_wconf 84' lang='grc' dir='ltr'><strong>ή</strong></span> <span class='ocrx_word' id='word_1_503' title='bbox 834 3976 1171 4048; x_wconf 80' lang='grc' dir='ltr'><strong>βλασφημία,</strong></span> <span class='ocrx_word' id='word_1_504' title='bbox 1212 3978 1293 4030; x_wconf 80' lang='grc' dir='ltr'><strong>ὅτι</strong></span> <span class='ocrx_word' id='word_1_505' title='bbox 1325 3978 1465 4048; x_wconf 79' lang='grc' dir='ltr'><strong>μετὰ</strong></span> <span class='ocrx_word' id='word_1_506' title='bbox 1486 3978 1576 4031; x_wconf 83' lang='grc' dir='ltr'><strong>τὸν</strong></span> <span class='ocrx_word' id='word_1_507' title='bbox 1604 3980 1763 4047; x_wconf 81' lang='grc' dir='ltr'><strong>ἀγεν-</strong></span> 
     </span>
    </p>
   </div>
   <div class='ocr_carea' id='block_1_67' title="bbox 186 4068 1763 4141">
    <p class='ocr_par' dir='ltr' id='par_1_67' title="bbox 186 4068 1763 4141">
     <span class='ocr_line' id='line_1_67' title="bbox 186 4068 1763 4141; baseline 0.012 -36"><span class='ocrx_word' id='word_1_508' title='bbox 186 4073 343 4141; x_wconf 38' lang='lat' dir='ltr'><strong>manu;</strong></span> <span class='ocrx_word' id='word_1_509' title='bbox 388 4072 529 4123; x_wconf 71' lang='grc' dir='ltr'><strong>δντα,</strong></span> <span class='ocrx_word' id='word_1_510' title='bbox 580 4069 744 4133; x_wconf 76' lang='grc' dir='ltr'><strong>Θεὸν,</strong></span> <span class='ocrx_word' id='word_1_511' title='bbox 797 4068 947 4122; x_wconf 76' lang='grc' dir='ltr'><strong>οὐδὲν</strong></span> <span class='ocrx_word' id='word_1_512' title='bbox 991 4068 1203 4140; x_wconf 84' lang='grc' dir='ltr'><strong>ἀληθῶς</strong></span> <span class='ocrx_word' id='word_1_513' title='bbox 1252 4069 1547 4139; x_wconf 83' lang='grc' dir='ltr'><strong>ὑφεστάναι</strong></span> <span class='ocrx_word' id='word_1_514' title='bbox 1597 4087 1763 4124; x_wconf 85' lang='grc' dir='ltr'><strong>κατα-</strong></span> 
     </span>
    </p>
   </div>
   <div class='ocr_carea' id='block_1_68' title="bbox 188 4162 1763 4235">
    <p class='ocr_par' dir='ltr' id='par_1_68' title="bbox 188 4162 1763 4235">
     <span class='ocr_line' id='line_1_68' title="bbox 188 4162 1763 4235; baseline 0.003 -20"><span class='ocrx_word' id='word_1_515' title='bbox 188 4164 504 4227; x_wconf 81' lang='grc' dir='ltr'><strong>σκευάζουσι</strong></span> <span class='ocrx_word' id='word_1_516' title='bbox 522 4212 537 4230; x_wconf 81' lang='grc'>,</span> <span class='ocrx_word' id='word_1_517' title='bbox 560 4163 650 4221; x_wconf 83' lang='grc' dir='ltr'><strong>διὰ</strong></span> <span class='ocrx_word' id='word_1_518' title='bbox 673 4166 842 4219; x_wconf 80' lang='grc' dir='ltr'><strong>σκιῶν</strong></span> <span class='ocrx_word' id='word_1_519' title='bbox 862 4162 955 4216; x_wconf 78' lang='grc' dir='ltr'><strong>καὶ</strong></span> <span class='ocrx_word' id='word_1_520' title='bbox 994 4162 1359 4233; x_wconf 82' lang='grc' dir='ltr'><strong>ἀνυπάρκτων</strong></span> <span class='ocrx_word' id='word_1_521' title='bbox 1395 4163 1763 4235; x_wconf 86' lang='grc' dir='ltr'><strong>ἁναπλασμῶν</strong></span> 
     </span>
    </p>
   </div>
   <div class='ocr_carea' id='block_1_69' title="bbox 187 4256 1763 4326">
    <p class='ocr_par' dir='ltr' id='par_1_69' title="bbox 187 4256 1763 4326">
     <span class='ocr_line' id='line_1_69' title="bbox 187 4256 1763 4326; baseline 0.001 -19"><span class='ocrx_word' id='word_1_522' title='bbox 187 4258 454 4326; x_wconf 79' lang='grc' dir='ltr'><strong>προίόντος</strong></span> <span class='ocrx_word' id='word_1_523' title='bbox 491 4256 674 4309; x_wconf 77' lang='grc' dir='ltr'><strong>αὑτῶν</strong></span> <span class='ocrx_word' id='word_1_524' title='bbox 713 4256 806 4308; x_wconf 85' lang='grc' dir='ltr'><strong>τοῦ</strong></span> <span class='ocrx_word' id='word_1_525' title='bbox 844 4256 1129 4325; x_wconf 75' lang='grc' dir='ltr'><strong>δόγματος,</strong></span> <span class='ocrx_word' id='word_1_526' title='bbox 1174 4256 1268 4308; x_wconf 78' lang='grc' dir='ltr'><strong>καὶ</strong></span> <span class='ocrx_word' id='word_1_527' title='bbox 1306 4256 1480 4308; x_wconf 76' lang='grc' dir='ltr'><strong>οὑδενὶ</strong></span> <span class='ocrx_word' id='word_1_528' title='bbox 1511 4256 1620 4309; x_wconf 90' lang='grc' dir='ltr'><strong>τῶν</strong></span> <span class='ocrx_word' id='word_1_529' title='bbox 1645 4259 1763 4311; x_wconf 83' lang='grc' dir='ltr'><strong>κατ’</strong></span> 
     </span>
    </p>
   </div>
   <div class='ocr_carea' id='block_1_70' title="bbox 186 4344 1763 4417">
    <p class='ocr_par' dir='ltr' id='par_1_70' title="bbox 186 4344 1763 4417">
     <span class='ocr_line' id='line_1_70' title="bbox 186 4344 1763 4417; baseline 0 -18"><span class='ocrx_word' id='word_1_530' title='bbox 186 4346 424 4416; x_wconf 77' lang='grc' dir='ltr'><strong>ἀλήθειαν</strong></span> <span class='ocrx_word' id='word_1_531' title='bbox 472 4345 803 4413; x_wconf 72' lang='grc' dir='ltr'><strong>ὑφεστώτων</strong></span> <span class='ocrx_word' id='word_1_532' title='bbox 899 4344 1346 4415; x_wconf 75' lang='grc' dir='ltr'><strong>ἐπερειδομένουο</strong></span> <span class='ocrx_word' id='word_1_533' title='bbox 1407 4346 1521 4399; x_wconf 86' lang='grc' dir='ltr'><strong>ἀλλ’</strong></span> <span class='ocrx_word' id='word_1_534' title='bbox 1574 4349 1606 4416; x_wconf 83' lang='grc' dir='ltr'>ἡ</span> <span class='ocrx_word' id='word_1_535' title='bbox 1666 4347 1763 4417; x_wconf 84' lang='grc' dir='ltr'><strong>μὲν</strong></span> 
     </span>
    </p>
   </div>
   <div class='ocr_carea' id='block_1_71' title="bbox 185 4436 1764 4508">
    <p class='ocr_par' dir='ltr' id='par_1_71' title="bbox 185 4436 1764 4508">
     <span class='ocr_line' id='line_1_71' title="bbox 185 4436 1764 4508; baseline -0.001 -14"><span class='ocrx_word' id='word_1_536' title='bbox 185 4439 490 4508; x_wconf 77' lang='grc' dir='ltr'><strong>κατασκευὴ</strong></span> <span class='ocrx_word' id='word_1_537' title='bbox 522 4437 632 4490; x_wconf 91' lang='grc' dir='ltr'><strong>τῶν</strong></span> <span class='ocrx_word' id='word_1_538' title='bbox 655 4438 724 4489; x_wconf 75' lang='grc' dir='ltr'><strong>τὰ</strong></span> <span class='ocrx_word' id='word_1_539' title='bbox 750 4437 976 4490; x_wconf 83' lang='grc' dir='ltr'><strong>τοιαῦτα</strong></span> <span class='ocrx_word' id='word_1_540' title='bbox 1002 4436 1458 4508; x_wconf 75' lang='grc' dir='ltr'><strong>δογματιζόντων,</strong></span> <span class='ocrx_word' id='word_1_541' title='bbox 1486 4440 1564 4501; x_wconf 83' lang='grc' dir='ltr'><strong>εἰς</strong></span> <span class='ocrx_word' id='word_1_542' title='bbox 1592 4439 1764 4492; x_wconf 89' lang='grc' dir='ltr'><strong>τοιαὺ-</strong></span> 
     </span>
    </p>
   </div>
   <div class='ocr_carea' id='block_1_72' title="bbox 183 4528 1143 4598">
    <p class='ocr_par' dir='ltr' id='par_1_72' title="bbox 183 4528 1143 4598">
     <span class='ocr_line' id='line_1_72' title="bbox 183 4528 1143 4598; baseline 0.002 -16"><span class='ocrx_word' id='word_1_543' title='bbox 183 4546 269 4596; x_wconf 77' lang='grc' dir='ltr'><strong>την</strong></span> <span class='ocrx_word' id='word_1_544' title='bbox 291 4531 528 4584; x_wconf 85' lang='grc' dir='ltr'><strong>ἀτοπίαν</strong></span> <span class='ocrx_word' id='word_1_545' title='bbox 565 4528 816 4582; x_wconf 76' lang='grc' dir='ltr'><strong>ἐκϐάλλει</strong></span> <span class='ocrx_word' id='word_1_546' title='bbox 844 4528 936 4581; x_wconf 81' lang='grc' dir='ltr'><strong>τὸν</strong></span> <span class='ocrx_word' id='word_1_547' title='bbox 967 4528 1143 4598; x_wconf 82' lang='grc' dir='ltr'><strong>λόγον.</strong></span> 
     </span>
    </p>
   </div>
   <div class='ocr_carea' id='block_1_73' title="bbox 1858 2790 3445 2867">
    <p class='ocr_par' dir='ltr' id='par_1_73' title="bbox 1858 2790 3445 2867">
     <span class='ocr_line' id='line_1_73' title="bbox 1858 2790 3445 2867; baseline -0.006 -14"><span class='ocrx_word' id='word_1_548' title='bbox 1858 2796 2132 2867; x_wconf 87' lang='lat' dir='ltr'><strong>sequitur,</strong></span> <span class='ocrx_word' id='word_1_549' title='bbox 2162 2804 2217 2850; x_wconf 91' lang='lat' dir='ltr'><strong>et</strong></span> <span class='ocrx_word' id='word_1_550' title='bbox 2254 2810 2377 2865; x_wconf 77' lang='lat' dir='ltr'><strong>qua:</strong></span> <span class='ocrx_word' id='word_1_551' title='bbox 2436 2792 2633 2848; x_wconf 84' lang='lat' dir='ltr'><strong>Filium</strong></span> <span class='ocrx_word' id='word_1_552' title='bbox 2670 2792 2924 2862; x_wconf 87' lang='lat' dir='ltr'><strong>producit</strong></span> <span class='ocrx_word' id='word_1_553' title='bbox 2954 2810 2967 2845; x_wconf 89' lang='lat'><strong>:</strong></span> <span class='ocrx_word' id='word_1_554' title='bbox 3004 2791 3131 2860; x_wconf 87' lang='lat' dir='ltr'><strong>quis</strong></span> <span class='ocrx_word' id='word_1_555' title='bbox 3179 2790 3316 2846; x_wconf 89' lang='lat' dir='ltr'><strong>adeo</strong></span> <span class='ocrx_word' id='word_1_556' title='bbox 3345 2806 3445 2844; x_wconf 70' lang='lat' dir='ltr'><strong>ae-</strong></span> 
     </span>
    </p>
   </div>
   <div class='ocr_carea' id='block_1_74' title="bbox 1856 2882 3440 2954">
    <p class='ocr_par' dir='ltr' id='par_1_74' title="bbox 1856 2882 3440 2954">
     <span class='ocr_line' id='line_1_74' title="bbox 1856 2882 3440 2954; baseline -0.004 -12"><span class='ocrx_word' id='word_1_557' title='bbox 1856 2902 1957 2943; x_wconf 88' lang='lat' dir='ltr'><strong>cus</strong></span> <span class='ocrx_word' id='word_1_558' title='bbox 1982 2895 2089 2950; x_wconf 89' lang='lat' dir='ltr'><strong>est,</strong></span> <span class='ocrx_word' id='word_1_559' title='bbox 2126 2895 2186 2941; x_wconf 93' lang='lat' dir='ltr'><strong>ut</strong></span> <span class='ocrx_word' id='word_1_560' title='bbox 2216 2900 2326 2941; x_wconf 87' lang='lat' dir='ltr'><strong>non</strong></span> <span class='ocrx_word' id='word_1_561' title='bbox 2358 2884 2625 2954; x_wconf 77' lang='lat' dir='ltr'><strong>intelligat</strong></span> <span class='ocrx_word' id='word_1_562' title='bbox 2671 2883 2837 2951; x_wconf 80' lang='lat' dir='ltr'><strong>hujus</strong></span> <span class='ocrx_word' id='word_1_563' title='bbox 2866 2882 3223 2952; x_wconf 66' lang='lat' dir='ltr'><strong>blasphemiae</strong></span> <span class='ocrx_word' id='word_1_564' title='bbox 3282 2883 3440 2936; x_wconf 69' lang='lat' dir='ltr'><strong>molio</strong></span> 
     </span>
    </p>
   </div>
   <div class='ocr_carea' id='block_1_75' title="bbox 1865 2974 3439 3047">
    <p class='ocr_par' dir='ltr' id='par_1_75' title="bbox 1865 2974 3439 3047">
     <span class='ocr_line' id='line_1_75' title="bbox 1865 2974 3439 3047; baseline -0.005 -12"><span class='ocrx_word' id='word_1_565' title='bbox 1865 2980 2072 3035; x_wconf 89' lang='lat' dir='ltr'><strong>tionem</strong></span> <span class='ocrx_word' id='word_1_566' title='bbox 2104 2996 2117 3032; x_wconf 91' lang='lat'><strong>:</strong></span> <span class='ocrx_word' id='word_1_567' title='bbox 2149 2977 2297 3047; x_wconf 91' lang='lat' dir='ltr'><strong>quod</strong></span> <span class='ocrx_word' id='word_1_568' title='bbox 2329 2976 2587 3031; x_wconf 83' lang='lat' dir='ltr'><strong>videlicet</strong></span> <span class='ocrx_word' id='word_1_569' title='bbox 2616 2974 2818 3045; x_wconf 86' lang='lat' dir='ltr'><strong>dirigat</strong></span> <span class='ocrx_word' id='word_1_570' title='bbox 2841 2989 3058 3030; x_wconf 79' lang='lat' dir='ltr'><strong>omnem</strong></span> <span class='ocrx_word' id='word_1_571' title='bbox 3092 2990 3248 3030; x_wconf 85' lang='lat' dir='ltr'><strong>suam</strong></span> <span class='ocrx_word' id='word_1_572' title='bbox 3275 2974 3439 3028; x_wconf 79' lang='lat' dir='ltr'><strong>indu-</strong></span> 
     </span>
    </p>
   </div>
   <div class='ocr_carea' id='block_1_76' title="bbox 1864 3063 3444 3139">
    <p class='ocr_par' dir='ltr' id='par_1_76' title="bbox 1864 3063 3444 3139">
     <span class='ocr_line' id='line_1_76' title="bbox 1864 3063 3444 3139; baseline -0.004 -13"><span class='ocrx_word' id='word_1_573' title='bbox 1864 3072 2056 3127; x_wconf 85' lang='lat' dir='ltr'><strong>striam</strong></span> <span class='ocrx_word' id='word_1_574' title='bbox 2082 3079 2137 3125; x_wconf 86' lang='lat' dir='ltr'><strong>et</strong></span> <span class='ocrx_word' id='word_1_575' title='bbox 2164 3069 2554 3139; x_wconf 89' lang='lat' dir='ltr'><strong>cogitationem</strong></span> <span class='ocrx_word' id='word_1_576' title='bbox 2598 3067 2665 3121; x_wconf 91' lang='lat' dir='ltr'><strong>ad</strong></span> <span class='ocrx_word' id='word_1_577' title='bbox 2694 3066 2824 3130; x_wconf 86' lang='lat' dir='ltr'><strong>hoc,</strong></span> <span class='ocrx_word' id='word_1_578' title='bbox 2862 3074 2920 3119; x_wconf 94' lang='lat' dir='ltr'><strong>ut</strong></span> <span class='ocrx_word' id='word_1_579' title='bbox 2950 3063 3203 3121; x_wconf 83' lang='lat' dir='ltr'><strong>Salvator</strong></span> <span class='ocrx_word' id='word_1_580' title='bbox 3257 3073 3444 3121; x_wconf 87' lang='lat' dir='ltr'><strong>noster</strong></span> 
     </span>
    </p>
   </div>
   <div class='ocr_carea' id='block_1_77' title="bbox 1863 3155 3436 3235">
    <p class='ocr_par' dir='ltr' id='par_1_77' title="bbox 1863 3155 3436 3235">
     <span class='ocr_line' id='line_1_77' title="bbox 1863 3155 3436 3235; baseline -0.005 -16"><span class='ocrx_word' id='word_1_581' title='bbox 1863 3166 2080 3235; x_wconf 86' lang='lat' dir='ltr'><strong>penitus</strong></span> <span class='ocrx_word' id='word_1_582' title='bbox 2130 3158 2467 3232; x_wconf 86' lang='lat' dir='ltr'><strong>abnegetur?</strong></span> <span class='ocrx_word' id='word_1_583' title='bbox 2516 3158 2672 3226; x_wconf 86' lang='lat' dir='ltr'><strong>Quod</strong></span> <span class='ocrx_word' id='word_1_584' title='bbox 2718 3158 2765 3213; x_wconf 91' lang='lat' dir='ltr'><strong>si</strong></span> <span class='ocrx_word' id='word_1_585' title='bbox 2824 3155 2947 3212; x_wconf 89' lang='lat' dir='ltr'><strong>Filii</strong></span> <span class='ocrx_word' id='word_1_586' title='bbox 3019 3156 3436 3212; x_wconf 89' lang='lat' dir='ltr'><strong>subsistentiam</strong></span> 
     </span>
    </p>
   </div>
   <div class='ocr_carea' id='block_1_78' title="bbox 1864 3249 3443 3322">
    <p class='ocr_par' dir='ltr' id='par_1_78' title="bbox 1864 3249 3443 3322">
     <span class='ocr_line' id='line_1_78' title="bbox 1864 3249 3443 3322; baseline -0.004 -12"><span class='ocrx_word' id='word_1_587' title='bbox 1864 3254 2037 3310; x_wconf 85' lang='lat' dir='ltr'><strong>series</strong></span> <span class='ocrx_word' id='word_1_588' title='bbox 2071 3251 2479 3322; x_wconf 87' lang='lat' dir='ltr'><strong>disputationis,</strong></span> <span class='ocrx_word' id='word_1_589' title='bbox 2510 3265 2674 3320; x_wconf 87' lang='lat' dir='ltr'><strong>quam</strong></span> <span class='ocrx_word' id='word_1_590' title='bbox 2711 3249 2800 3305; x_wconf 91' lang='lat' dir='ltr'><strong>isti</strong></span> <span class='ocrx_word' id='word_1_591' title='bbox 2850 3255 3065 3311; x_wconf 81' lang='lat' dir='ltr'><strong>texunt,</strong></span> <span class='ocrx_word' id='word_1_592' title='bbox 3120 3264 3188 3302; x_wconf 79' lang='lat' dir='ltr'><strong>ex</strong></span> <span class='ocrx_word' id='word_1_593' title='bbox 3241 3249 3443 3303; x_wconf 85' lang='lat' dir='ltr'><strong>animis</strong></span> 
     </span>
    </p>
   </div>
   <div class='ocr_carea' id='block_1_79' title="bbox 1863 3338 3443 3404">
    <p class='ocr_par' dir='ltr' id='par_1_79' title="bbox 1863 3338 3443 3404">
     <span class='ocr_line' id='line_1_79' title="bbox 1863 3338 3443 3404; baseline -0.003 -4"><span class='ocrx_word' id='word_1_594' title='bbox 1863 3354 1916 3400; x_wconf 85' lang='lat' dir='ltr'><strong>et</strong></span> <span class='ocrx_word' id='word_1_595' title='bbox 1949 3345 2051 3399; x_wconf 85' lang='lat' dir='ltr'><strong>fide</strong></span> <span class='ocrx_word' id='word_1_596' title='bbox 2078 3342 2320 3398; x_wconf 86' lang='lat' dir='ltr'><strong>ﬁdelium</strong></span> <span class='ocrx_word' id='word_1_597' title='bbox 2348 3340 2580 3404; x_wconf 82' lang='lat' dir='ltr'><strong>auferat,</strong></span> <span class='ocrx_word' id='word_1_598' title='bbox 2610 3341 2745 3394; x_wconf 88' lang='lat' dir='ltr'><strong>nihil</strong></span> <span class='ocrx_word' id='word_1_599' title='bbox 2775 3340 2847 3404; x_wconf 86' lang='lat' dir='ltr'><strong>ei,</strong></span> <span class='ocrx_word' id='word_1_600' title='bbox 2876 3339 2980 3395; x_wconf 90' lang='lat' dir='ltr'><strong>nisi</strong></span> <span class='ocrx_word' id='word_1_601' title='bbox 3009 3338 3215 3393; x_wconf 89' lang='lat' dir='ltr'><strong>nudum</strong></span> <span class='ocrx_word' id='word_1_602' title='bbox 3244 3354 3443 3395; x_wconf 88' lang='lat' dir='ltr'><strong>nomen</strong></span> 
     </span>
    </p>
   </div>
   <div class='ocr_carea' id='block_1_80' title="bbox 1865 3431 3442 3507">
    <p class='ocr_par' dir='ltr' id='par_1_80' title="bbox 1865 3431 3442 3507">
     <span class='ocr_line' id='line_1_80' title="bbox 1865 3431 3442 3507; baseline -0.003 -15"><span class='ocrx_word' id='word_1_603' title='bbox 1865 3438 2209 3507; x_wconf 88' lang='lat' dir='ltr'><strong>relinquens,</strong></span> <span class='ocrx_word' id='word_1_604' title='bbox 2248 3434 2391 3488; x_wconf 87' lang='lat' dir='ltr'><strong>haud</strong></span> <span class='ocrx_word' id='word_1_605' title='bbox 2424 3434 2664 3502; x_wconf 86' lang='lat' dir='ltr'><strong>proclive</strong></span> <span class='ocrx_word' id='word_1_606' title='bbox 2718 3432 2931 3487; x_wconf 89' lang='lat' dir='ltr'><strong>creditu</strong></span> <span class='ocrx_word' id='word_1_607' title='bbox 2987 3431 3113 3495; x_wconf 90' lang='lat' dir='ltr'><strong>erit,</strong></span> <span class='ocrx_word' id='word_1_608' title='bbox 3176 3431 3442 3501; x_wconf 85' lang='lat' dir='ltr'><strong>Spiritum</strong></span> 
     </span>
    </p>
   </div>
   <div class='ocr_carea' id='block_1_81' title="bbox 1864 3524 3444 3596">
    <p class='ocr_par' dir='ltr' id='par_1_81' title="bbox 1864 3524 3444 3596">
     <span class='ocr_line' id='line_1_81' title="bbox 1864 3524 3444 3596; baseline -0.004 -10"><span class='ocrx_word' id='word_1_609' title='bbox 1864 3538 2116 3587; x_wconf 85' lang='lat' dir='ltr'><strong>sanctum</strong></span> <span class='ocrx_word' id='word_1_610' title='bbox 2151 3527 2472 3592; x_wconf 88' lang='lat' dir='ltr'><strong>subsistere,</strong></span> <span class='ocrx_word' id='word_1_611' title='bbox 2500 3528 2703 3596; x_wconf 90' lang='lat' dir='ltr'><strong>quippe</strong></span> <span class='ocrx_word' id='word_1_612' title='bbox 2730 3525 2893 3594; x_wconf 86' lang='lat' dir='ltr'><strong>cujus</strong></span> <span class='ocrx_word' id='word_1_613' title='bbox 2918 3524 3208 3595; x_wconf 89' lang='lat' dir='ltr'><strong>productio</strong></span> <span class='ocrx_word' id='word_1_614' title='bbox 3262 3538 3290 3577; x_wconf 89' lang='lat' dir='ltr'><strong>a</strong></span> <span class='ocrx_word' id='word_1_615' title='bbox 3333 3541 3444 3580; x_wconf 81' lang='lat' dir='ltr'><strong>non</strong></span> 
     </span>
    </p>
   </div>
   <div class='ocr_carea' id='block_1_82' title="bbox 1863 3612 3445 3684">
    <p class='ocr_par' dir='ltr' id='par_1_82' title="bbox 1863 3612 3445 3684">
     <span class='ocr_line' id='line_1_82' title="bbox 1863 3612 3445 3684; baseline -0.006 -8"><span class='ocrx_word' id='word_1_616' title='bbox 1863 3619 2259 3676; x_wconf 79' lang='lat' dir='ltr'><strong>exsistentibus</strong></span> <span class='ocrx_word' id='word_1_617' title='bbox 2287 3616 2609 3671; x_wconf 89' lang='lat' dir='ltr'><strong>deducatur.</strong></span> <span class='ocrx_word' id='word_1_618' title='bbox 2647 3615 2704 3669; x_wconf 93' lang='lat' dir='ltr'><strong>Si</strong></span> <span class='ocrx_word' id='word_1_619' title='bbox 2756 3615 2903 3670; x_wconf 90' lang='lat' dir='ltr'><strong>enim</strong></span> <span class='ocrx_word' id='word_1_620' title='bbox 2954 3612 3257 3668; x_wconf 90' lang='lat' dir='ltr'><strong>secundum</strong></span> <span class='ocrx_word' id='word_1_621' title='bbox 3318 3630 3445 3684; x_wconf 76' lang='lat' dir='ltr'><strong>pro-</strong></span> 
     </span>
    </p>
   </div>
   <div class='ocr_carea' id='block_1_83' title="bbox 1864 3706 3443 3782">
    <p class='ocr_par' dir='ltr' id='par_1_83' title="bbox 1864 3706 3443 3782">
     <span class='ocr_line' id='line_1_83' title="bbox 1864 3706 3443 3782; baseline -0.003 -17"><span class='ocrx_word' id='word_1_622' title='bbox 1864 3712 2041 3782; x_wconf 88' lang='lat' dir='ltr'><strong>priam</strong></span> <span class='ocrx_word' id='word_1_623' title='bbox 2089 3724 2243 3765; x_wconf 89' lang='lat' dir='ltr'><strong>suam</strong></span> <span class='ocrx_word' id='word_1_624' title='bbox 2295 3708 2660 3764; x_wconf 88' lang='lat' dir='ltr'><strong>substantiam</strong></span> <span class='ocrx_word' id='word_1_625' title='bbox 2710 3722 2820 3761; x_wconf 90' lang='lat' dir='ltr'><strong>non</strong></span> <span class='ocrx_word' id='word_1_626' title='bbox 2853 3707 3069 3761; x_wconf 83' lang='lat' dir='ltr'><strong>exsistit</strong></span> <span class='ocrx_word' id='word_1_627' title='bbox 3115 3724 3179 3763; x_wconf 90' lang='lat' dir='ltr'><strong>ea</strong></span> <span class='ocrx_word' id='word_1_628' title='bbox 3205 3723 3327 3775; x_wconf 60' lang='lat' dir='ltr'><strong>qua!</strong></span> <span class='ocrx_word' id='word_1_629' title='bbox 3374 3706 3443 3761; x_wconf 87' lang='lat' dir='ltr'><strong>ad</strong></span> 
     </span>
    </p>
   </div>
   <div class='ocr_carea' id='block_1_84' title="bbox 1864 3796 3440 3869">
    <p class='ocr_par' dir='ltr' id='par_1_84' title="bbox 1864 3796 3440 3869">
     <span class='ocr_line' id='line_1_84' title="bbox 1864 3796 3440 3869; baseline -0.004 -14"><span class='ocrx_word' id='word_1_630' title='bbox 1864 3801 2034 3857; x_wconf 85' lang='lat' dir='ltr'><strong>Deum</strong></span> <span class='ocrx_word' id='word_1_631' title='bbox 2063 3799 2422 3869; x_wconf 86' lang='lat' dir='ltr'><strong>consequitur</strong></span> <span class='ocrx_word' id='word_1_632' title='bbox 2468 3796 2735 3869; x_wconf 87' lang='lat' dir='ltr'><strong>operatio,</strong></span> <span class='ocrx_word' id='word_1_633' title='bbox 2785 3798 3099 3853; x_wconf 82' lang='lat' dir='ltr'><strong>necessario</strong></span> <span class='ocrx_word' id='word_1_634' title='bbox 3132 3798 3440 3858; x_wconf 83' lang='lat' dir='ltr'><strong>conficitur,</strong></span> 
     </span>
    </p>
   </div>
   <div class='ocr_carea' id='block_1_85' title="bbox 1863 3886 3429 3959">
    <p class='ocr_par' dir='ltr' id='par_1_85' title="bbox 1863 3886 3429 3959">
     <span class='ocr_line' id='line_1_85' title="bbox 1863 3886 3429 3959; baseline -0.003 -14"><span class='ocrx_word' id='word_1_635' title='bbox 1863 3891 2025 3947; x_wconf 86' lang='lat' dir='ltr'><strong>etiam</strong></span> <span class='ocrx_word' id='word_1_636' title='bbox 2065 3888 2117 3943; x_wconf 90' lang='lat' dir='ltr'><strong>id</strong></span> <span class='ocrx_word' id='word_1_637' title='bbox 2150 3889 2295 3959; x_wconf 89' lang='lat' dir='ltr'><strong>quod</strong></span> <span class='ocrx_word' id='word_1_638' title='bbox 2335 3888 2404 3941; x_wconf 90' lang='lat' dir='ltr'><strong>ah</strong></span> <span class='ocrx_word' id='word_1_639' title='bbox 2432 3887 2533 3942; x_wconf 90' lang='lat' dir='ltr'><strong>hac</strong></span> <span class='ocrx_word' id='word_1_640' title='bbox 2554 3886 2895 3956; x_wconf 89' lang='lat' dir='ltr'><strong>producitur,</strong></span> <span class='ocrx_word' id='word_1_641' title='bbox 2957 3901 3079 3942; x_wconf 88' lang='lat' dir='ltr'><strong>esse</strong></span> <span class='ocrx_word' id='word_1_642' title='bbox 3121 3887 3252 3957; x_wconf 88' lang='lat' dir='ltr'><strong>quid</strong></span> <span class='ocrx_word' id='word_1_643' title='bbox 3317 3902 3429 3943; x_wconf 85' lang='lat' dir='ltr'><strong>non</strong></span> 
     </span>
    </p>
   </div>
   <div class='ocr_carea' id='block_1_86' title="bbox 1865 3978 3439 4049">
    <p class='ocr_par' dir='ltr' id='par_1_86' title="bbox 1865 3978 3439 4049">
     <span class='ocr_line' id='line_1_86' title="bbox 1865 3978 3439 4049; baseline -0.006 -12"><span class='ocrx_word' id='word_1_644' title='bbox 1865 3983 2291 4046; x_wconf 87' lang='lat' dir='ltr'><strong>subsistens;et</strong></span> <span class='ocrx_word' id='word_1_645' title='bbox 2317 3980 2363 4035; x_wconf 91' lang='lat' dir='ltr'><strong>si</strong></span> <span class='ocrx_word' id='word_1_646' title='bbox 2400 3980 2467 4034; x_wconf 87' lang='lat' dir='ltr'><strong>ab</strong></span> <span class='ocrx_word' id='word_1_647' title='bbox 2493 3980 2597 4032; x_wconf 91' lang='lat' dir='ltr'><strong>hoc</strong></span> <span class='ocrx_word' id='word_1_648' title='bbox 2645 3993 2842 4034; x_wconf 87' lang='lat' dir='ltr'><strong>rursus</strong></span> <span class='ocrx_word' id='word_1_649' title='bbox 2882 3981 3129 4047; x_wconf 87' lang='lat' dir='ltr'><strong>operatio</strong></span> <span class='ocrx_word' id='word_1_650' title='bbox 3188 3978 3439 4049; x_wconf 76' lang='lat' dir='ltr'><strong>quaedam</strong></span> 
     </span>
    </p>
   </div>
   <div class='ocr_carea' id='block_1_87' title="bbox 1864 4069 3443 4144">
    <p class='ocr_par' dir='ltr' id='par_1_87' title="bbox 1864 4069 3443 4144">
     <span class='ocr_line' id='line_1_87' title="bbox 1864 4069 3443 4144; baseline -0.004 -13"><span class='ocrx_word' id='word_1_651' title='bbox 1864 4092 1976 4131; x_wconf 88' lang='lat' dir='ltr'><strong>non</strong></span> <span class='ocrx_word' id='word_1_652' title='bbox 2008 4076 2283 4130; x_wconf 77' lang='lat' dir='ltr'><strong>cxsistens</strong></span> <span class='ocrx_word' id='word_1_653' title='bbox 2312 4072 2581 4144; x_wconf 88' lang='lat' dir='ltr'><strong>procedit,</strong></span> <span class='ocrx_word' id='word_1_654' title='bbox 2614 4086 2711 4141; x_wconf 86' lang='lat' dir='ltr'><strong>per</strong></span> <span class='ocrx_word' id='word_1_655' title='bbox 2737 4085 2903 4141; x_wconf 89' lang='lat' dir='ltr'><strong>quam</strong></span> <span class='ocrx_word' id='word_1_656' title='bbox 2943 4069 3184 4139; x_wconf 84' lang='lat' dir='ltr'><strong>Spiritus</strong></span> <span class='ocrx_word' id='word_1_657' title='bbox 3218 4078 3443 4125; x_wconf 85' lang='lat' dir='ltr'><strong>sanctus</strong></span> 
     </span>
    </p>
   </div>
   <div class='ocr_carea' id='block_1_88' title="bbox 1867 4162 3444 4234">
    <p class='ocr_par' dir='ltr' id='par_1_88' title="bbox 1867 4162 3444 4234">
     <span class='ocr_line' id='line_1_88' title="bbox 1867 4162 3444 4234; baseline -0.004 -11"><span class='ocrx_word' id='word_1_658' title='bbox 1867 4168 1939 4223; x_wconf 88' lang='lat' dir='ltr'><strong>sit</strong></span> <span class='ocrx_word' id='word_1_659' title='bbox 1967 4166 2194 4223; x_wconf 74' lang='lat' dir='ltr'><strong>allectus</strong></span> <span class='ocrx_word' id='word_1_660' title='bbox 2228 4173 2282 4221; x_wconf 92' lang='lat' dir='ltr'><strong>et</strong></span> <span class='ocrx_word' id='word_1_661' title='bbox 2320 4164 2660 4234; x_wconf 86' lang='lat' dir='ltr'><strong>productus:</strong></span> <span class='ocrx_word' id='word_1_662' title='bbox 2716 4162 2991 4233; x_wconf 87' lang='lat' dir='ltr'><strong>quomodo</strong></span> <span class='ocrx_word' id='word_1_663' title='bbox 3047 4177 3158 4216; x_wconf 90' lang='lat' dir='ltr'><strong>non</strong></span> <span class='ocrx_word' id='word_1_664' title='bbox 3188 4162 3444 4217; x_wconf 87' lang='lat' dir='ltr'><strong>omnibus</strong></span> 
     </span>
    </p>
   </div>
   <div class='ocr_carea' id='block_1_89' title="bbox 1866 4250 3445 4327">
    <p class='ocr_par' dir='ltr' id='par_1_89' title="bbox 1866 4250 3445 4327">
     <span class='ocr_line' id='line_1_89' title="bbox 1866 4250 3445 4327; baseline -0.005 -15"><span class='ocrx_word' id='word_1_665' title='bbox 1866 4257 2074 4327; x_wconf 87' lang='lat' dir='ltr'><strong>liquido</strong></span> <span class='ocrx_word' id='word_1_666' title='bbox 2097 4262 2315 4309; x_wconf 88' lang='lat' dir='ltr'><strong>constat</strong></span> <span class='ocrx_word' id='word_1_667' title='bbox 2347 4251 2685 4323; x_wconf 85' lang='lat' dir='ltr'><strong>blasphemia</strong></span> <span class='ocrx_word' id='word_1_668' title='bbox 2719 4270 2731 4304; x_wconf 91' lang='lat'>:</span> <span class='ocrx_word' id='word_1_669' title='bbox 2774 4250 2920 4321; x_wconf 91' lang='lat' dir='ltr'><strong>quod</strong></span> <span class='ocrx_word' id='word_1_670' title='bbox 2980 4251 3212 4315; x_wconf 90' lang='lat' dir='ltr'><strong>scilicet,</strong></span> <span class='ocrx_word' id='word_1_671' title='bbox 3249 4260 3445 4320; x_wconf 69' lang='lat' dir='ltr'><strong>praater</strong></span> 
     </span>
    </p>
   </div>
   <div class='ocr_carea' id='block_1_90' title="bbox 1866 4342 3446 4417">
    <p class='ocr_par' dir='ltr' id='par_1_90' title="bbox 1866 4342 3446 4417">
     <span class='ocr_line' id='line_1_90' title="bbox 1866 4342 3446 4417; baseline -0.004 -15"><span class='ocrx_word' id='word_1_672' title='bbox 1866 4348 2038 4402; x_wconf 89' lang='lat' dir='ltr'><strong>Deum</strong></span> <span class='ocrx_word' id='word_1_673' title='bbox 2068 4345 2392 4417; x_wconf 87' lang='lat' dir='ltr'><strong>ingenitum,</strong></span> <span class='ocrx_word' id='word_1_674' title='bbox 2434 4350 2701 4399; x_wconf 89' lang='lat' dir='ltr'><strong>conentur</strong></span> <span class='ocrx_word' id='word_1_675' title='bbox 2736 4342 3089 4412; x_wconf 83' lang='lat' dir='ltr'><strong>persuadere,</strong></span> <span class='ocrx_word' id='word_1_676' title='bbox 3124 4342 3261 4397; x_wconf 92' lang='lat' dir='ltr'><strong>nihil</strong></span> <span class='ocrx_word' id='word_1_677' title='bbox 3296 4342 3446 4397; x_wconf 90' lang='lat' dir='ltr'><strong>aliud</strong></span> 
     </span>
    </p>
   </div>
   <div class='ocr_carea' id='block_1_91' title="bbox 1867 4431 3445 4503">
    <p class='ocr_par' dir='ltr' id='par_1_91' title="bbox 1867 4431 3445 4503">
     <span class='ocr_line' id='line_1_91' title="bbox 1867 4431 3445 4503; baseline -0.004 -9"><span class='ocrx_word' id='word_1_678' title='bbox 1867 4439 2193 4500; x_wconf 89' lang='lat' dir='ltr'><strong>subsistere,</strong></span> <span class='ocrx_word' id='word_1_679' title='bbox 2222 4452 2332 4492; x_wconf 92' lang='lat' dir='ltr'><strong>non</strong></span> <span class='ocrx_word' id='word_1_680' title='bbox 2360 4433 2739 4489; x_wconf 76' lang='lat' dir='ltr'><strong>exsisteulium</strong></span> <span class='ocrx_word' id='word_1_681' title='bbox 2783 4431 3164 4503; x_wconf 84' lang='lat' dir='ltr'><strong>figmentorum</strong></span> <span class='ocrx_word' id='word_1_682' title='bbox 3189 4449 3445 4489; x_wconf 83' lang='lat' dir='ltr'><strong>sermone</strong></span> 
     </span>
    </p>
   </div>
   <div class='ocr_carea' id='block_1_92' title="bbox 1866 4524 3442 4599">
    <p class='ocr_par' dir='ltr' id='par_1_92' title="bbox 1866 4524 3442 4599">
     <span class='ocr_line' id='line_1_92' title="bbox 1866 4524 3442 4599; baseline -0.003 -12"><span class='ocrx_word' id='word_1_683' title='bbox 1866 4541 1921 4587; x_wconf 91' lang='lat' dir='ltr'><strong>et</strong></span> <span class='ocrx_word' id='word_1_684' title='bbox 1982 4531 2340 4599; x_wconf 89' lang='lat' dir='ltr'><strong>prohamento</strong></span> <span class='ocrx_word' id='word_1_685' title='bbox 2375 4543 2472 4597; x_wconf 89' lang='lat' dir='ltr'><strong>per</strong></span> <span class='ocrx_word' id='word_1_686' title='bbox 2515 4526 2698 4581; x_wconf 86' lang='lat' dir='ltr'><strong>varios</strong></span> <span class='ocrx_word' id='word_1_687' title='bbox 2738 4532 2793 4581; x_wconf 93' lang='lat' dir='ltr'><strong>et</strong></span> <span class='ocrx_word' id='word_1_688' title='bbox 2842 4528 3111 4581; x_wconf 88' lang='lat' dir='ltr'><strong>obscuros</strong></span> <span class='ocrx_word' id='word_1_689' title='bbox 3158 4524 3442 4583; x_wconf 79' lang='lat' dir='ltr'><strong>anfractus</strong></span> 
     </span>
    </p>
   </div>
   <div class='ocr_carea' id='block_1_93' title="bbox 184 4616 3439 4690">
    <p class='ocr_par' dir='ltr' id='par_1_93' title="bbox 184 4616 3439 4690">
     <span class='ocr_line' id='line_1_93' title="bbox 184 4616 3439 4690; baseline -0.001 -15"><span class='ocrx_word' id='word_1_690' title='bbox 184 4621 429 4687; x_wconf 88' lang='lat' dir='ltr'><strong>deducto,</strong></span> <span class='ocrx_word' id='word_1_691' title='bbox 459 4632 516 4678; x_wconf 90' lang='lat' dir='ltr'><strong>et</strong></span> <span class='ocrx_word' id='word_1_692' title='bbox 545 4623 679 4677; x_wconf 92' lang='lat' dir='ltr'><strong>nulli</strong></span> <span class='ocrx_word' id='word_1_693' title='bbox 714 4636 929 4680; x_wconf 90' lang='lat' dir='ltr'><strong>eorum.</strong></span> <span class='ocrx_word' id='word_1_694' title='bbox 966 4637 1089 4690; x_wconf 70' lang='lat' dir='ltr'><strong>qua:</strong></span> <span class='ocrx_word' id='word_1_695' title='bbox 1109 4622 1411 4679; x_wconf 90' lang='lat' dir='ltr'><strong>secundum</strong></span> <span class='ocrx_word' id='word_1_696' title='bbox 1437 4621 1517 4679; x_wconf 89' lang='lat' dir='ltr'><strong>rei</strong></span> <span class='ocrx_word' id='word_1_697' title='bbox 1554 4622 1836 4678; x_wconf 82' lang='lat' dir='ltr'><strong>veritatem</strong></span> <span class='ocrx_word' id='word_1_698' title='bbox 1871 4622 2203 4685; x_wconf 83' lang='lat' dir='ltr'><strong>subsistunt,</strong></span> <span class='ocrx_word' id='word_1_699' title='bbox 2226 4620 2437 4675; x_wconf 80' lang='lat' dir='ltr'><strong>innixo.</strong></span> <span class='ocrx_word' id='word_1_700' title='bbox 2507 4617 2573 4671; x_wconf 82' lang='lat' dir='ltr'><strong>Et</strong></span> <span class='ocrx_word' id='word_1_701' title='bbox 2642 4623 2874 4672; x_wconf 88' lang='lat' dir='ltr'><strong>conatus</strong></span> <span class='ocrx_word' id='word_1_702' title='bbox 2946 4616 3165 4686; x_wconf 87' lang='lat' dir='ltr'><strong>quidem</strong></span> <span class='ocrx_word' id='word_1_703' title='bbox 3225 4631 3439 4682; x_wconf 89' lang='lat' dir='ltr'><strong>eorum,</strong></span> 
     </span>
    </p>
   </div>
   <div class='ocr_carea' id='block_1_94' title="bbox 184 4710 2514 4784">
    <p class='ocr_par' dir='ltr' id='par_1_94' title="bbox 184 4710 2514 4784">
     <span class='ocr_line' id='line_1_94' title="bbox 184 4710 2514 4784; baseline -0.004 -14"><span class='ocrx_word' id='word_1_704' title='bbox 184 4717 265 4784; x_wconf 84' lang='lat' dir='ltr'><strong>qui</strong></span> <span class='ocrx_word' id='word_1_705' title='bbox 290 4717 438 4770; x_wconf 89' lang='lat' dir='ltr'><strong>hanc</strong></span> <span class='ocrx_word' id='word_1_706' title='bbox 483 4714 797 4768; x_wconf 89' lang='lat' dir='ltr'><strong>doctrinam</strong></span> <span class='ocrx_word' id='word_1_707' title='bbox 857 4722 1181 4784; x_wconf 82' lang='lat' dir='ltr'><strong>pr0pagant,</strong></span> <span class='ocrx_word' id='word_1_708' title='bbox 1220 4714 1328 4769; x_wconf 92' lang='lat' dir='ltr'><strong>huc</strong></span> <span class='ocrx_word' id='word_1_709' title='bbox 1376 4714 1672 4784; x_wconf 89' lang='lat' dir='ltr'><strong>impietatis</strong></span> <span class='ocrx_word' id='word_1_710' title='bbox 1705 4723 1759 4768; x_wconf 92' lang='lat' dir='ltr'><strong>et</strong></span> <span class='ocrx_word' id='word_1_711' title='bbox 1797 4712 2158 4770; x_wconf 88' lang='lat' dir='ltr'><strong>absurditatis</strong></span> <span class='ocrx_word' id='word_1_712' title='bbox 2184 4710 2514 4781; x_wconf 90' lang='lat' dir='ltr'><strong>prorumpit.</strong></span> 
     </span>
    </p>
   </div>
   <div class='ocr_carea' id='block_1_95' title="bbox 241 4797 1758 4878">
    <p class='ocr_par' dir='ltr' id='par_1_95' title="bbox 241 4804 1754 4878">
     <span class='ocr_line' id='line_1_95' title="bbox 241 4804 1754 4878; baseline -0.003 -17"><span class='ocrx_word' id='word_1_713' title='bbox 241 4808 483 4863; x_wconf 80' lang='grc' dir='ltr'><strong>Διδὸσθω</strong></span> <span class='ocrx_word' id='word_1_714' title='bbox 535 4806 593 4860; x_wconf 78' lang='grc' dir='ltr'><strong>δὲ</strong></span> <span class='ocrx_word' id='word_1_715' title='bbox 633 4804 755 4859; x_wconf 81' lang='grc' dir='ltr'><strong>καθ’</strong></span> <span class='ocrx_word' id='word_1_716' title='bbox 803 4804 1058 4858; x_wconf 87' lang='grc' dir='ltr'><strong>ὑπόθεσιν</strong></span> <span class='ocrx_word' id='word_1_717' title='bbox 1102 4806 1175 4876; x_wconf 85' lang='grc' dir='ltr'><strong>μὴ</strong></span> <span class='ocrx_word' id='word_1_718' title='bbox 1219 4805 1391 4871; x_wconf 82' lang='grc' dir='ltr'><strong>οὑτως</strong></span> <span class='ocrx_word' id='word_1_719' title='bbox 1438 4806 1601 4878; x_wconf 78' lang='grc' dir='ltr'><strong>ἔχειν.</strong></span> <span class='ocrx_word' id='word_1_720' title='bbox 1644 4806 1754 4859; x_wconf 79' lang='grc' dir='ltr'><strong>Καὶ</strong></span> 
     </span>
    </p>
   </div>
   <div class='ocr_carea' id='block_1_96' title="bbox 1865 4797 3434 4878">
    <p class='ocr_par' dir='ltr' id='par_1_96' title="bbox 1930 4797 3434 4871">
     <span class='ocr_line' id='line_1_96' title="bbox 1930 4797 3434 4871; baseline -0.005 -12"><span class='ocrx_word' id='word_1_721' title='bbox 1930 4804 2225 4859; x_wconf 82' lang='lat' dir='ltr'><strong>Faciamus</strong></span> <span class='ocrx_word' id='word_1_722' title='bbox 2266 4802 2673 4871; x_wconf 89' lang='lat' dir='ltr'><strong>tamen,posita</strong></span> <span class='ocrx_word' id='word_1_723' title='bbox 2705 4799 3018 4871; x_wconf 85' lang='lat' dir='ltr'><strong>hypothesi,</strong></span> <span class='ocrx_word' id='word_1_724' title='bbox 3066 4815 3183 4853; x_wconf 89' lang='lat' dir='ltr'><strong>rem</strong></span> <span class='ocrx_word' id='word_1_725' title='bbox 3212 4813 3320 4853; x_wconf 91' lang='lat' dir='ltr'><strong>non</strong></span> <span class='ocrx_word' id='word_1_726' title='bbox 3356 4797 3434 4852; x_wconf 83' lang='lat' dir='ltr'><strong>ita</strong></span> 
     </span>
    </p>
   </div>
   <div class='ocr_carea' id='block_1_97' title="bbox 184 4895 1757 4973">
    <p class='ocr_par' dir='ltr' id='par_1_97' title="bbox 184 4895 1757 4973">
     <span class='ocr_line' id='line_1_97' title="bbox 184 4895 1757 4973; baseline -0.005 -18"><span class='ocrx_word' id='word_1_727' title='bbox 184 4900 281 4973; x_wconf 86' lang='grc' dir='ltr'><strong>γάρ</strong></span> <span class='ocrx_word' id='word_1_728' title='bbox 320 4897 653 4971; x_wconf 69' lang='grc' dir='ltr'><strong>ὁμολογοῦσι</strong></span> <span class='ocrx_word' id='word_1_729' title='bbox 695 4896 855 4967; x_wconf 78' lang='grc' dir='ltr'><strong>δῆθεν</strong></span> <span class='ocrx_word' id='word_1_730' title='bbox 890 4895 983 4949; x_wconf 71' lang='grc' dir='ltr'><strong>καὶ</strong></span> <span class='ocrx_word' id='word_1_731' title='bbox 1012 4895 1090 4966; x_wconf 84' lang='grc' dir='ltr'><strong>τῷ</strong></span> <span class='ocrx_word' id='word_1_732' title='bbox 1114 4895 1258 4966; x_wconf 85' lang='grc' dir='ltr'><strong>λόγῳ</strong></span> <span class='ocrx_word' id='word_1_733' title='bbox 1288 4895 1757 4968; x_wconf 86' lang='grc' dir='ltr'><strong>φιλανθρωπεὺον-</strong></span> 
     </span>
    </p>
   </div>
   <div class='ocr_carea' id='block_1_98' title="bbox 184 4983 1759 5061">
    <p class='ocr_par' dir='ltr' id='par_1_98' title="bbox 184 4983 1759 5061">
     <span class='ocr_line' id='line_1_98' title="bbox 184 4983 1759 5061; baseline -0.004 -16"><span class='ocrx_word' id='word_1_734' title='bbox 184 5011 261 5046; x_wconf 82' lang='grc' dir='ltr'><strong>ται</strong></span> <span class='ocrx_word' id='word_1_735' title='bbox 294 4988 712 5061; x_wconf 73' lang='grc' dir='ltr'><strong>συγχωροῦντες</strong></span> <span class='ocrx_word' id='word_1_736' title='bbox 741 4983 881 5039; x_wconf 77' lang='grc' dir='ltr'><strong>εἶναι</strong></span> <span class='ocrx_word' id='word_1_737' title='bbox 922 4987 999 5056; x_wconf 81' lang='grc' dir='ltr'><strong>τῷ</strong></span> <span class='ocrx_word' id='word_1_738' title='bbox 1034 4989 1312 5057; x_wconf 89' lang='grc' dir='ltr'><strong>μονογενεῖ</strong></span> <span class='ocrx_word' id='word_1_739' title='bbox 1353 4987 1465 5058; x_wconf 81' lang='grc' dir='ltr'><strong>Υἱῷ</strong></span> <span class='ocrx_word' id='word_1_740' title='bbox 1546 4986 1640 5040; x_wconf 78' lang='grc' dir='ltr'><strong>καὶ</strong></span> <span class='ocrx_word' id='word_1_741' title='bbox 1682 4985 1759 5056; x_wconf 84' lang='grc' dir='ltr'><strong>τῷ</strong></span> 
     </span>
    </p>
   </div>
   <div class='ocr_carea' id='block_1_99' title="bbox 186 5080 1759 5157">
    <p class='ocr_par' dir='ltr' id='par_1_99' title="bbox 186 5080 1759 5157">
     <span class='ocr_line' id='line_1_99' title="bbox 186 5080 1759 5157; baseline -0.005 -18"><span class='ocrx_word' id='word_1_742' title='bbox 186 5084 459 5157; x_wconf 76' lang='grc' dir='ltr'><strong>Πνεῦματι</strong></span> <span class='ocrx_word' id='word_1_743' title='bbox 501 5084 580 5154; x_wconf 83' lang='grc' dir='ltr'><strong>τῷ</strong></span> <span class='ocrx_word' id='word_1_744' title='bbox 629 5082 770 5152; x_wconf 84' lang='grc' dir='ltr'><strong>ἁγίῳ</strong></span> <span class='ocrx_word' id='word_1_745' title='bbox 813 5081 930 5134; x_wconf 80' lang='grc' dir='ltr'><strong>κατ’</strong></span> <span class='ocrx_word' id='word_1_746' title='bbox 981 5081 1114 5133; x_wconf 82' lang='grc' dir='ltr'><strong>ἰδίαν</strong></span> <span class='ocrx_word' id='word_1_747' title='bbox 1159 5080 1473 5137; x_wconf 77' lang='grc' dir='ltr'><strong>ὑπόστασιν.</strong></span> <span class='ocrx_word' id='word_1_748' title='bbox 1527 5080 1668 5132; x_wconf 80' lang='grc' dir='ltr'><strong>Ἀλλ’</strong></span> <span class='ocrx_word' id='word_1_749' title='bbox 1711 5081 1759 5132; x_wconf 82' lang='grc' dir='ltr'><strong>εί</strong></span> 
     </span>
    </p>
   </div>
   <div class='ocr_carea' id='block_1_100' title="bbox 187 5169 1761 5245">
    <p class='ocr_par' dir='ltr' id='par_1_100' title="bbox 187 5169 1761 5245">
     <span class='ocr_line' id='line_1_100' title="bbox 187 5169 1761 5245; baseline -0.004 -17"><span class='ocrx_word' id='word_1_750' title='bbox 187 5174 275 5245; x_wconf 78' lang='grc' dir='ltr'><strong>μὲν</strong></span> <span class='ocrx_word' id='word_1_751' title='bbox 316 5172 715 5245; x_wconf 74' lang='grc' dir='ltr'><strong>ὁμολογοῦντες</strong></span> <span class='ocrx_word' id='word_1_752' title='bbox 753 5171 926 5225; x_wconf 87' lang='grc' dir='ltr'><strong>ταῦτα</strong></span> <span class='ocrx_word' id='word_1_753' title='bbox 949 5212 962 5232; x_wconf 84' lang='grc'>,</span> <span class='ocrx_word' id='word_1_754' title='bbox 1000 5171 1092 5224; x_wconf 75' lang='grc' dir='ltr'><strong>καὶ</strong></span> <span class='ocrx_word' id='word_1_755' title='bbox 1123 5170 1221 5233; x_wconf 81' lang='grc' dir='ltr'><strong>τὰς</strong></span> <span class='ocrx_word' id='word_1_756' title='bbox 1252 5172 1377 5242; x_wconf 70' lang='grc' dir='ltr'><strong>περὶ</strong></span> <span class='ocrx_word' id='word_1_757' title='bbox 1413 5170 1595 5224; x_wconf 89' lang='grc' dir='ltr'><strong>αὑτῶν</strong></span> <span class='ocrx_word' id='word_1_758' title='bbox 1629 5169 1761 5223; x_wconf 75' lang='grc' dir='ltr'><strong>ὑποο</strong></span> 
     </span>
    </p>
   </div>
   <div class='ocr_carea' id='block_1_101' title="bbox 185 5260 1758 5335">
    <p class='ocr_par' dir='ltr' id='par_1_101' title="bbox 185 5260 1758 5335">
     <span class='ocr_line' id='line_1_101' title="bbox 185 5260 1758 5335; baseline -0.003 -19"><span class='ocrx_word' id='word_1_759' title='bbox 185 5264 362 5335; x_wconf 51' lang='grc' dir='ltr'><strong>λήςεις</strong></span> <span class='ocrx_word' id='word_1_760' title='bbox 395 5263 833 5333; x_wconf 81' lang='grc' dir='ltr'><strong>συνωμολόγουν,</strong></span> <span class='ocrx_word' id='word_1_761' title='bbox 860 5262 966 5314; x_wconf 85' lang='grc' dir='ltr'><strong>οὑδ⁹</strong></span> <span class='ocrx_word' id='word_1_762' title='bbox 995 5260 1061 5313; x_wconf 82' lang='grc' dir='ltr'><strong>ἂν</strong></span> <span class='ocrx_word' id='word_1_763' title='bbox 1092 5260 1358 5329; x_wconf 78' lang='grc' dir='ltr'><strong>ἐμάχοντο</strong></span> <span class='ocrx_word' id='word_1_764' title='bbox 1383 5262 1597 5322; x_wconf 83' lang='grc' dir='ltr'><strong>πάντως</strong></span> <span class='ocrx_word' id='word_1_765' title='bbox 1631 5260 1758 5333; x_wconf 79' lang='grc' dir='ltr'><strong>περὶ</strong></span> 
     </span>
    </p>
   </div>
   <div class='ocr_carea' id='block_1_102' title="bbox 186 5350 1757 5427">
    <p class='ocr_par' dir='ltr' id='par_1_102' title="bbox 186 5350 1757 5427">
     <span class='ocr_line' id='line_1_102' title="bbox 186 5350 1757 5427; baseline -0.004 -18"><span class='ocrx_word' id='word_1_766' title='bbox 186 5356 239 5411; x_wconf 74' lang='grc' dir='ltr'><strong>τὸ</strong></span> <span class='ocrx_word' id='word_1_767' title='bbox 271 5358 453 5427; x_wconf 74' lang='grc' dir='ltr'><strong>δόγμα</strong></span> <span class='ocrx_word' id='word_1_768' title='bbox 494 5357 593 5425; x_wconf 83' lang='grc' dir='ltr'><strong>τῆς</strong></span> <span class='ocrx_word' id='word_1_769' title='bbox 645 5353 996 5423; x_wconf 83' lang='grc' dir='ltr'><strong>Ἐκκλησίας,</strong></span> <span class='ocrx_word' id='word_1_770' title='bbox 1043 5351 1163 5404; x_wconf 79' lang='grc' dir='ltr'><strong>οὑδὲ</strong></span> <span class='ocrx_word' id='word_1_771' title='bbox 1195 5352 1295 5421; x_wconf 78' lang='grc' dir='ltr'><strong>τῆς</strong></span> <span class='ocrx_word' id='word_1_772' title='bbox 1325 5351 1507 5421; x_wconf 85' lang='grc' dir='ltr'><strong>κοινῆς</strong></span> <span class='ocrx_word' id='word_1_773' title='bbox 1547 5350 1757 5413; x_wconf 84' lang='grc' dir='ltr'><strong>ἐλπίδος</strong></span> 
     </span>
    </p>
   </div>
   <div class='ocr_carea' id='block_1_103' title="bbox 186 5442 1757 5518">
    <p class='ocr_par' dir='ltr' id='par_1_103' title="bbox 186 5442 1757 5518">
     <span class='ocr_line' id='line_1_103' title="bbox 186 5442 1757 5518; baseline -0.005 -17"><span class='ocrx_word' id='word_1_774' title='bbox 186 5450 284 5501; x_wconf 82' lang='grc' dir='ltr'><strong>τῶν</strong></span> <span class='ocrx_word' id='word_1_775' title='bbox 333 5446 681 5518; x_wconf 83' lang='grc' dir='ltr'><strong>Χριστιανῶν</strong></span> <span class='ocrx_word' id='word_1_776' title='bbox 730 5445 1116 5516; x_wconf 76' lang='grc' dir='ltr'><strong>ἀπεσχίζοντο·</strong></span> <span class='ocrx_word' id='word_1_777' title='bbox 1164 5446 1211 5496; x_wconf 90' lang='grc' dir='ltr'><strong>εί</strong></span> <span class='ocrx_word' id='word_1_778' title='bbox 1243 5444 1299 5497; x_wconf 82' lang='grc' dir='ltr'><strong>δὲ</strong></span> <span class='ocrx_word' id='word_1_779' title='bbox 1342 5443 1593 5513; x_wconf 86' lang='grc' dir='ltr'><strong>καθάπερ</strong></span> <span class='ocrx_word' id='word_1_780' title='bbox 1626 5442 1757 5511; x_wconf 83' lang='grc' dir='ltr'><strong>ὓλην</strong></span> 
     </span>
    </p>
   </div>
   <div class='ocr_carea' id='block_1_104' title="bbox 187 5534 1753 5611">
    <p class='ocr_par' dir='ltr' id='par_1_104' title="bbox 187 5534 1753 5611">
     <span class='ocr_line' id='line_1_104' title="bbox 187 5534 1753 5611; baseline -0.006 -16"><span class='ocrx_word' id='word_1_781' title='bbox 187 5542 329 5601; x_wconf 68' lang='grc' dir='ltr'><strong>τινὰ.</strong></span> <span class='ocrx_word' id='word_1_782' title='bbox 368 5542 466 5594; x_wconf 82' lang='grc' dir='ltr'><strong>καί</strong></span> <span class='ocrx_word' id='word_1_783' title='bbox 508 5540 762 5611; x_wconf 76' lang='grc' dir='ltr'><strong>ἀφορμὴν</strong></span> <span class='ocrx_word' id='word_1_784' title='bbox 810 5537 1154 5608; x_wconf 80' lang='grc' dir='ltr'><strong>βλασφημίας</strong></span> <span class='ocrx_word' id='word_1_785' title='bbox 1180 5539 1393 5599; x_wconf 76' lang='grc' dir='ltr'><strong>ἑαυτοῖς</strong></span> <span class='ocrx_word' id='word_1_786' title='bbox 1428 5534 1753 5589; x_wconf 81' lang='grc' dir='ltr'><strong>ὑποϐάλλον-</strong></span> 
     </span>
    </p>
   </div>
   <div class='ocr_carea' id='block_1_105' title="bbox 1866 4890 3438 4962">
    <p class='ocr_par' dir='ltr' id='par_1_105' title="bbox 1866 4890 3438 4962">
     <span class='ocr_line' id='line_1_105' title="bbox 1866 4890 3438 4962; baseline -0.007 -10"><span class='ocrx_word' id='word_1_787' title='bbox 1866 4913 1926 4952; x_wconf 87' lang='lat' dir='ltr'><strong>se</strong></span> <span class='ocrx_word' id='word_1_788' title='bbox 1953 4895 2151 4950; x_wconf 90' lang='lat' dir='ltr'><strong>habere</strong></span> <span class='ocrx_word' id='word_1_789' title='bbox 2188 4894 2427 4949; x_wconf 82' lang='lat' dir='ltr'><strong>:etenim</strong></span> <span class='ocrx_word' id='word_1_790' title='bbox 2462 4894 2628 4946; x_wconf 85' lang='lat' dir='ltr'><strong>verbo</strong></span> <span class='ocrx_word' id='word_1_791' title='bbox 2664 4890 2887 4962; x_wconf 89' lang='lat' dir='ltr'><strong>quidem</strong></span> <span class='ocrx_word' id='word_1_792' title='bbox 2920 4890 3274 4945; x_wconf 91' lang='lat' dir='ltr'><strong>humaniores</strong></span> <span class='ocrx_word' id='word_1_793' title='bbox 3300 4904 3438 4943; x_wconf 88' lang='lat' dir='ltr'><strong>non-</strong></span> 
     </span>
    </p>
   </div>
   <div class='ocr_carea' id='block_1_106' title="bbox 1866 4977 3435 5052">
    <p class='ocr_par' dir='ltr' id='par_1_106' title="bbox 1866 4977 3435 5052">
     <span class='ocr_line' id='line_1_106' title="bbox 1866 4977 3435 5052; baseline -0.008 -11"><span class='ocrx_word' id='word_1_794' title='bbox 1866 4986 2002 5041; x_wconf 88' lang='lat' dir='ltr'><strong>nihil</strong></span> <span class='ocrx_word' id='word_1_795' title='bbox 2034 4992 2184 5047; x_wconf 88' lang='lat' dir='ltr'><strong>sunt,</strong></span> <span class='ocrx_word' id='word_1_796' title='bbox 2217 4982 2641 5052; x_wconf 87' lang='lat' dir='ltr'><strong>conceduntque</strong></span> <span class='ocrx_word' id='word_1_797' title='bbox 2661 4981 2946 5052; x_wconf 86' lang='lat' dir='ltr'><strong>unigenito</strong></span> <span class='ocrx_word' id='word_1_798' title='bbox 2971 4977 3108 5032; x_wconf 86' lang='lat' dir='ltr'><strong>Filio</strong></span> <span class='ocrx_word' id='word_1_799' title='bbox 3132 4986 3186 5033; x_wconf 89' lang='lat' dir='ltr'><strong>et</strong></span> <span class='ocrx_word' id='word_1_800' title='bbox 3205 4977 3435 5046; x_wconf 90' lang='lat' dir='ltr'><strong>Spiritui</strong></span> 
     </span>
    </p>
   </div>
   <div class='ocr_carea' id='block_1_107' title="bbox 1867 5070 3440 5147">
    <p class='ocr_par' dir='ltr' id='par_1_107' title="bbox 1867 5070 3440 5147">
     <span class='ocr_line' id='line_1_107' title="bbox 1867 5070 3440 5147; baseline -0.008 -14"><span class='ocrx_word' id='word_1_801' title='bbox 1867 5085 2058 5133; x_wconf 89' lang='lat' dir='ltr'><strong>sancto</strong></span> <span class='ocrx_word' id='word_1_802' title='bbox 2090 5075 2369 5147; x_wconf 88' lang='lat' dir='ltr'><strong>propriam</strong></span> <span class='ocrx_word' id='word_1_803' title='bbox 2412 5072 2737 5144; x_wconf 80' lang='lat' dir='ltr'><strong>hypostasin</strong></span> <span class='ocrx_word' id='word_1_804' title='bbox 2772 5080 2829 5127; x_wconf 91' lang='lat' dir='ltr'><strong>et</strong></span> <span class='ocrx_word' id='word_1_805' title='bbox 2886 5070 3332 5128; x_wconf 89' lang='lat' dir='ltr'><strong>subsistentiam.</strong></span> <span class='ocrx_word' id='word_1_806' title='bbox 3370 5070 3440 5121; x_wconf 87' lang='lat' dir='ltr'><strong>At</strong></span> 
     </span>
    </p>
   </div>
   <div class='ocr_carea' id='block_1_108' title="bbox 1866 5159 3437 5231">
    <p class='ocr_par' dir='ltr' id='par_1_108' title="bbox 1866 5159 3437 5231">
     <span class='ocr_line' id='line_1_108' title="bbox 1866 5159 3437 5231; baseline -0.004 -8"><span class='ocrx_word' id='word_1_807' title='bbox 1866 5169 1912 5224; x_wconf 85' lang='lat' dir='ltr'><strong>si</strong></span> <span class='ocrx_word' id='word_1_808' title='bbox 1940 5170 2055 5223; x_wconf 65' lang='lat' dir='ltr'><strong>haec</strong></span> <span class='ocrx_word' id='word_1_809' title='bbox 2084 5183 2194 5222; x_wconf 91' lang='lat' dir='ltr'><strong>non</strong></span> <span class='ocrx_word' id='word_1_810' title='bbox 2226 5166 2626 5227; x_wconf 87' lang='lat' dir='ltr'><strong>inficiarentur,</strong></span> <span class='ocrx_word' id='word_1_811' title='bbox 2662 5176 3127 5231; x_wconf 88' lang='lat' dir='ltr'><strong>communemque</strong></span> <span class='ocrx_word' id='word_1_812' title='bbox 3177 5160 3247 5215; x_wconf 88' lang='lat' dir='ltr'><strong>de</strong></span> <span class='ocrx_word' id='word_1_813' title='bbox 3297 5159 3437 5231; x_wconf 90' lang='lat' dir='ltr'><strong>ipsis</strong></span> 
     </span>
    </p>
   </div>
   <div class='ocr_carea' id='block_1_109' title="bbox 1865 5252 3433 5329">
    <p class='ocr_par' dir='ltr' id='par_1_109' title="bbox 1865 5252 3433 5329">
     <span class='ocr_line' id='line_1_109' title="bbox 1865 5252 3433 5329; baseline -0.008 -11"><span class='ocrx_word' id='word_1_814' title='bbox 1865 5262 2331 5318; x_wconf 74' lang='lat' dir='ltr'><strong>existimationem</strong></span> <span class='ocrx_word' id='word_1_815' title='bbox 2362 5259 2759 5329; x_wconf 87' lang='lat' dir='ltr'><strong>approbarent,</strong></span> <span class='ocrx_word' id='word_1_816' title='bbox 2792 5254 2982 5324; x_wconf 79' lang='lat' dir='ltr'><strong>utique</strong></span> <span class='ocrx_word' id='word_1_817' title='bbox 3014 5268 3127 5308; x_wconf 91' lang='lat' dir='ltr'><strong>non</strong></span> <span class='ocrx_word' id='word_1_818' title='bbox 3161 5252 3433 5308; x_wconf 79' lang='lat' dir='ltr'><strong>adversa-</strong></span> 
     </span>
    </p>
   </div>
   <div class='ocr_carea' id='block_1_110' title="bbox 1864 5344 3435 5416">
    <p class='ocr_par' dir='ltr' id='par_1_110' title="bbox 1864 5344 3435 5416">
     <span class='ocr_line' id='line_1_110' title="bbox 1864 5344 3435 5416; baseline -0.008 -6"><span class='ocrx_word' id='word_1_819' title='bbox 1864 5362 2056 5410; x_wconf 87' lang='lat' dir='ltr'><strong>rentur</strong></span> <span class='ocrx_word' id='word_1_820' title='bbox 2086 5352 2343 5407; x_wconf 77' lang='lat' dir='ltr'><strong>Ecclesia:</strong></span> <span class='ocrx_word' id='word_1_821' title='bbox 2378 5351 2432 5404; x_wconf 93' lang='lat' dir='ltr'><strong>in</strong></span> <span class='ocrx_word' id='word_1_822' title='bbox 2457 5350 2563 5406; x_wconf 87' lang='lat' dir='ltr'><strong>isto</strong></span> <span class='ocrx_word' id='word_1_823' title='bbox 2586 5348 2864 5416; x_wconf 82' lang='lat' dir='ltr'><strong>dogmate,</strong></span> <span class='ocrx_word' id='word_1_824' title='bbox 2890 5360 3071 5415; x_wconf 89' lang='lat' dir='ltr'><strong>neque</strong></span> <span class='ocrx_word' id='word_1_825' title='bbox 3094 5360 3121 5397; x_wconf 89' lang='lat' dir='ltr'><strong>a</strong></span> <span class='ocrx_word' id='word_1_826' title='bbox 3148 5344 3435 5399; x_wconf 89' lang='lat' dir='ltr'><strong>communi</strong></span> 
     </span>
    </p>
   </div>
   <div class='ocr_carea' id='block_1_111' title="bbox 1865 5436 3435 5511">
    <p class='ocr_par' dir='ltr' id='par_1_111' title="bbox 1865 5436 3435 5511">
     <span class='ocr_line' id='line_1_111' title="bbox 1865 5436 3435 5511; baseline -0.006 -12"><span class='ocrx_word' id='word_1_827' title='bbox 1865 5443 2302 5499; x_wconf 88' lang='lat' dir='ltr'><strong>Christianorum</strong></span> <span class='ocrx_word' id='word_1_828' title='bbox 2335 5456 2432 5511; x_wconf 84' lang='lat' dir='ltr'><strong>spe</strong></span> <span class='ocrx_word' id='word_1_829' title='bbox 2462 5454 2583 5495; x_wconf 90' lang='lat' dir='ltr'><strong>sese</strong></span> <span class='ocrx_word' id='word_1_830' title='bbox 2625 5436 3043 5507; x_wconf 76' lang='lat' dir='ltr'><strong>abjunxissent:</strong></span> <span class='ocrx_word' id='word_1_831' title='bbox 3080 5436 3125 5490; x_wconf 91' lang='lat' dir='ltr'><strong>si</strong></span> <span class='ocrx_word' id='word_1_832' title='bbox 3172 5448 3300 5488; x_wconf 90' lang='lat' dir='ltr'><strong>vero</strong></span> <span class='ocrx_word' id='word_1_833' title='bbox 3335 5447 3435 5489; x_wconf 92' lang='lat' dir='ltr'><strong>ceu</strong></span> 
     </span>
    </p>
   </div>
   <div class='ocr_carea' id='block_1_112' title="bbox 1870 5521 3437 5597">
    <p class='ocr_par' dir='ltr' id='par_1_112' title="bbox 1870 5521 3437 5597">
     <span class='ocr_line' id='line_1_112' title="bbox 1870 5521 3437 5597; baseline -0.005 -10"><span class='ocrx_word' id='word_1_834' title='bbox 1870 5533 2151 5588; x_wconf 85' lang='lat' dir='ltr'><strong>materiam</strong></span> <span class='ocrx_word' id='word_1_835' title='bbox 2194 5540 2249 5587; x_wconf 89' lang='lat' dir='ltr'><strong>et</strong></span> <span class='ocrx_word' id='word_1_836' title='bbox 2288 5528 2706 5585; x_wconf 87' lang='lat' dir='ltr'><strong>fundamentum</strong></span> <span class='ocrx_word' id='word_1_837' title='bbox 2765 5524 3118 5597; x_wconf 70' lang='lat' dir='ltr'><strong>blasphemiae</strong></span> <span class='ocrx_word' id='word_1_838' title='bbox 3161 5538 3273 5579; x_wconf 71' lang='lat' dir='ltr'><strong>sua:</strong></span> <span class='ocrx_word' id='word_1_839' title='bbox 3306 5521 3437 5579; x_wconf 84' lang='lat' dir='ltr'><strong>sub-</strong></span> 
     </span>
    </p>
   </div>
   <div class='ocr_carea' id='block_1_113' title="bbox 256 5711 1973 5792">
    <p class='ocr_par' dir='ltr' id='par_1_113' title="bbox 256 5711 1973 5792">
     <span class='ocr_line' id='line_1_113' title="bbox 256 5711 1973 5792; baseline -0.005 -21"><span class='ocrx_word' id='word_1_840' title='bbox 256 5722 333 5792; x_wconf 91' lang='lat' dir='ltr'><strong>(a)</strong></span> <span class='ocrx_word' id='word_1_841' title='bbox 398 5719 610 5773; x_wconf 83' lang='lat' dir='ltr'><strong>Profert</strong></span> <span class='ocrx_word' id='word_1_842' title='bbox 665 5718 812 5771; x_wconf 90' lang='lat' dir='ltr'><strong>hunc</strong></span> <span class='ocrx_word' id='word_1_843' title='bbox 866 5716 1046 5770; x_wconf 85' lang='lat' dir='ltr'><strong>locum</strong></span> <span class='ocrx_word' id='word_1_844' title='bbox 1102 5716 1379 5785; x_wconf 78' lang='lat' dir='ltr'><strong>Cypariss.</strong></span> <span class='ocrx_word' id='word_1_845' title='bbox 1438 5713 1629 5769; x_wconf 89' lang='lat' dir='ltr'><strong>decad.</strong></span> <span class='ocrx_word' id='word_1_846' title='bbox 1678 5728 1731 5777; x_wconf 70' lang='grc' dir='ltr'><strong>ς,</strong></span> <span class='ocrx_word' id='word_1_847' title='bbox 1757 5726 1875 5781; x_wconf 88' lang='lat' dir='ltr'><strong>cap.</strong></span> <span class='ocrx_word' id='word_1_848' title='bbox 1918 5711 1973 5763; x_wconf 73' lang='grc'><strong>4.</strong></span> 
     </span>
    </p>
   </div>
   <div class='ocr_carea' id='block_1_114' title="bbox 523 5838 1202 5903">
    <p class='ocr_par' dir='ltr' id='par_1_114' title="bbox 523 5838 1202 5903">
     <span class='ocr_line' id='line_1_114' title="bbox 523 5838 1202 5903; baseline -0.006 -3"><span class='ocrx_word' id='word_1_849' title='bbox 523 5842 794 5903; x_wconf 67' lang='lat' dir='ltr'><strong>Parnm.</strong></span> <span class='ocrx_word' id='word_1_850' title='bbox 842 5840 961 5899; x_wconf 79' lang='lat' dir='ltr'><strong>Gn.</strong></span> <span class='ocrx_word' id='word_1_851' title='bbox 1006 5838 1202 5899; x_wconf 80' lang='lat' dir='ltr'><strong>XLV.</strong></span> 
     </span>
    </p>
   </div>
   <div class='ocr_carea' id='block_1_115' title="bbox 3091 5818 3159 5881">
    <p class='ocr_par' dir='ltr' id='par_1_115' title="bbox 3091 5818 3159 5881">
     <span class='ocr_line' id='line_1_115' title="bbox 3091 5818 3159 5881; baseline 0 0"><span class='ocrx_word' id='word_1_852' title='bbox 3091 5818 3159 5881; x_wconf 83' lang='grc'>11</span> 
     </span>
    </p>
   </div>
  </div>
