3920 6500
519 291 613 345 551
1758 300 1815 353 S.
1841 292 2164 354 GREGOllll
2208 299 2499 355 NYSSENI
3637 307 3738 368 ~53‘2

519 413 755 463 struant.
789 403 924 458 Filio
958 417 1010 460 et
1033 406 1267 478 Spiritui
1307 418 1498 465 sancto
1541 412 1922 488 exsistentiam
1975 414 2076 466 lar-

2184 432 2305 477 τες,
2350 415 2436 467 διὰ
2472 413 2630 466 τοῦτο
2678 414 2756 484 τῷ
2791 414 2930 484 Υἱῷ,
2968 420 3059 468 καλ¹
3100 419 3175 489 τῷ
3209 419 3483 490 Πνεύματι
3509 422 3570 473 τὸ
3611 417 3738 478 εἶναι

517 496 768 565 giuntur,
821 496 1096 563 fortassis,
1159 499 1284 554 licet
1334 500 1598 556 audacius
1647 502 1853 556 dierum
1905 503 2078 558 videri

516 595 682 656 queat
707 629 720 648 ,
759 588 1330 662 conducibiliusipsis
1351 602 1517 655 esset,
1573 595 1823 662 abjurata
1859 593 1984 654 ﬁde,
2013 594 2080 646 ad

515 677 830 733 Judworum
863 681 1070 734 cultum
1127 685 1384 745 transire,
1433 701 1597 752 quam
1643 686 2079 738 Christianorum

516 785 714 823 nomen
737 779 792 826 et
833 773 1232 842 professionem
1277 790 1373 842 per
1400 777 1831 830 commentitiam
1864 774 2083 830 confes-

515 863 729 915 sionem
797 865 1018 917 violare.
1069 862 1149 918 llli
1186 866 1329 918 enim
1385 865 1504 920 tidei
1575 867 1740 934 hujus
1799 867 2081 934 hucusque

515 956 865 1022 expertes,in
899 973 963 1010 eo
1003 965 1214 1011 tantum
1267 958 1546 1029 impietate
1595 966 1879 1022 notantur,
1931 959 2078 1027 quod

515 1045 765 1099 abnuunt
795 1048 1039 1100 confiteri
1093 1046 1374 1102 Christum
1412 1050 1522 1117 jam
1555 1049 1811 1114 venisse;
1852 1059 1905 1102 at
1948 1065 2078 1102 ven-

517 1142 700 1187 turum
744 1145 990 1204 sperant,
1043 1152 1222 1205 neque
1261 1140 1552 1207 quisquam
1589 1155 1616 1191 a
1649 1152 1920 1208 quoquam
1957 1139 2082 1190 illn-

516 1240 636 1278 rum
673 1227 822 1280 audit
851 1229 1173 1282 sententiam
1209 1245 1547 1299 perversam,
1583 1241 1638 1284 et
1684 1245 1808 1300 qua:
1839 1229 2077 1283 debitam

513 1315 1000 1381 existimationem,
1052 1333 1213 1386 quam
1271 1319 1475 1371 habent
1510 1320 1575 1370 de
1619 1319 1734 1377 illo,
1782 1334 1942 1387 quem
1984 1333 2080 1371 ex-

516 1415 791 1476 spectant,
844 1409 1016 1460 tollat.
1079 1409 1173 1461 Isti
1224 1425 1354 1463 vero
1412 1425 1564 1462 norm
1615 1409 2077 1467 circumcisionis,

515 1499 596 1550 vel
633 1497 833 1567 potius,
893 1510 952 1553 ut
1017 1501 1308 1569 Apostolus
1361 1501 1680 1568 loquitur”,
1740 1500 2076 1563 concisionis,

513 1606 658 1652 enirn,
698 1591 790 1659 qui
849 1592 1272 1660 exspectabatur
1326 1591 1548 1646 venisse
1595 1606 1708 1644 non
1765 1590 2079 1643 inficiantur

513 1682 770 1747 quidem;
814 1681 1098 1736 imitantur
1138 1691 1314 1737 autem
1353 1683 1496 1745 illos,
1522 1683 1613 1751 qui
1641 1680 1849 1734 Domini
1875 1697 2078 1736 secun-

2183 501 2492 572 χαρίζονται
2519 503 2679 571 τάχα,
2697 501 2799 553 κάν
2823 501 3091 572 τολμηρὸν
3115 505 3282 563 εἰπεῖν
3308 505 3362 579 ᾖ,
3392 509 3740 565 λυσιτελέστε-

2187 610 2276 662 ρον
2301 589 2368 662 ἦν
2401 594 2580 656 αὑτοῖς
2618 592 2986 662 αὐτομολῆσαι
3032 593 3167 662 πρὸς
3201 594 3299 661 τὴν
3331 598 3440 651 τῶν
3479 601 3736 656 Ἰουδαίων

2182 683 2434 754 λατρείαν
2482 684 2902 754 ἐξομοσαμένοις
2949 684 3047 753 τὴν
3092 683 3293 749 πίστιν,
3334 685 3367 754 ἢ
3402 691 3733 763 καθυϐρίζειν

2181 773 2268 826 διὰ
2316 775 2414 844 τῆς
2463 774 2723 845 δοκούσης
2764 776 3054 846 ὁμολογίας
3106 775 3214 828 τῶν
3266 777 3598 845 Χριστιανῶν
3647 787 3737 856 τὴν

2185 865 2573 935 προσηγορίαν.
2642 866 2864 918 Ἐκεῖνοι
2927 867 3024 936 μὲν
3077 865 3185 938 γὰρ
3239 867 3601 937 ἀπαράδεκτοι
3649 875 3736 929 τοῦ

2183 953 2339 1020 λόγου
2369 954 2528 1025 μέχρι
2547 954 2639 1006 τοῦ
2663 955 2756 1008 νῦν
2787 954 3178 1024 διαμείναντες,
3210 957 3460 1011 τοσοῦτον
3487 959 3728 1017 ἀπὸοὖει

2186 1045 2364 1114 μόνον,
2395 1047 2517 1097 ὅσον
2555 1046 2643 1098 τὸν
2676 1045 2896 1100 ἐλθόντα
2928 1046 3158 1117 Χριστὸν
3192 1048 3264 1118 μὴ
3295 1048 3593 1117 ὁμολογεῖν,
3633 1052 3740 1104 ἀλλ’

2183 1137 2419 1200 ἐλπίζειν
2451 1137 2762 1190 ἐλεύσεσθαι
2784 1155 2797 1168 ο
2832 1138 3075 1209 πονηρὰν
3101 1139 3156 1191 δέ
3189 1157 3309 1193 τινα
3329 1179 3340 1200 ,
3377 1142 3468 1193 καὶ
3494 1143 3740 1212 καθαιρε-

2181 1230 2336 1299 τικὴν
2377 1230 2582 1282 ἔννοιαν
2611 1230 2709 1299 τῆς
2756 1229 2849 1281 τοῦ
2895 1230 3341 1302 προσδοκωμένου
3391 1236 3520 1303 παρ’
3570 1235 3740 1299 αὑτοῖς

2181 1319 2338 1390 δόξης
2381 1320 2632 1390 οὐδεμίαν
2685 1319 2799 1372 ἔστι
2845 1319 3111 1388 λεγόντων
3167 1320 3416 1375 ἀκούειν·
3467 1327 3514 1376 οἱ
3551 1325 3606 1378 δὲ
3650 1327 3738 1395 τῆς

2181 1411 2304 1470 νέας
2358 1411 2686 1480 περιτομῆς,
2751 1409 2949 1479 μᾶλλον
2999 1410 3053 1463 δέ
3103 1411 3230 1479 τῆς,
3291 1412 3469 1475 καθώς
3519 1433 3676 1485 φησιν
3710 1418 3736 1467 ό

2193 1500 2536 1564 Ἀπόστολος,
2590 1499 2967 1568 κατατομῆς,
3015 1500 3331 1570 ἐληλυθέναι
3377 1503 3474 1572 μὲν
3506 1507 3602 1559 οὑκ
3642 1508 3733 1578 ἀρ-

2181 1591 2392 1644 νοῦνται
2424 1591 2515 1645 τὸν
2551 1591 2994 1662 προσδοκώμενον
3015 1608 3028 1620 °
3077 1591 3364 1662 μιμοῦνται
3393 1592 3448 1644 δέ
3493 1595 3615 1656 τοὺς
3645 1598 3733 1667 τὴν

2181 1681 2320 1735 κατά
2359 1682 2534 1752 σάρκα
2584 1681 2674 1734 τοῦ
2706 1683 2910 1752 Κυρίου
2944 1683 3245 1752 παρουσίαν
3284 1683 3350 1735 δι’
3375 1684 3630 1747 ἀπιστίας
3655 1688 3738 1739 καὶ

513 1771 643 1824 dum
695 1787 914 1825 carnem
970 1775 1331 1842 praesentiam,
1385 1789 1481 1843 per
1538 1773 1968 1827 incredulitatem
2013 1779 2069 1825 et

2183 1772 2389 1844 ὕϐρεως
2420 1773 2777 1843 ἀτιμάζοντας
2802 1789 2815 1802 ⁸
2852 1775 3049 1826 ἐκεῖνοι
3098 1772 3267 1837 λίθοις
3311 1773 3492 1843 βαλεῖν
3539 1777 3739 1846 ἐπεχεί-

514 1862 772 1929 injuriam
839 1862 1274 1931 iuhonorarunt;
1330 1865 1408 1918 illi
1470 1863 1760 1918 Dominum
1803 1863 2076 1934 lapidibus

513 1953 746 2009 obruere
776 1955 1114 2011 conabantur
1131 1955 1196 2022 ”,
1235 1957 1326 2012 isti
1356 1956 1538 2027 impiis
1566 1965 1620 2011 et
1651 1957 1876 2012 nefariis
1928 1956 2079 2012 voci-

2183 1883 2308 1937 ρουν
2337 1865 2428 1917 τὸν
2461 1864 2664 1935 Κύριον
2691 1881 2704 1894 ο
2735 1858 2880 1919 οὗτοι
2911 1866 3027 1927 ταῖς
3054 1863 3388 1934 βλασφήμοις
3422 1868 3625 1932 φωναῖς
3664 1867 3738 1921 τὸν

2179 1957 2277 2028 τῆς
2321 1955 2575 2027 ἀληθείας
2629 1955 2783 2023 λόγον
2835 1952 3308 2017 καταλιθάζουσιν.
3351 1955 3578 2007 Ἐκεῖνοι
3615 1971 3737 2025 προ-

513 2045 617 2099 bus
652 2046 901 2102 veritatis
940 2062 1248 2103 sermonem
1299 2048 1563 2112 obruunt,
1607 2058 1659 2103 et
1683 2050 1840 2117 quasi
1886 2047 2076 2117 lapidi-

2183 2048 2374 2118 έφερον
2398 2048 2494 2118 τῆς
2526 2047 2664 2100 κατά
2686 2047 2861 2118 σάρκα
2895 2047 3195 2117 γεννήσεως
3212 2045 3272 2098 τὺ
3292 2046 3541 2100 ταπεινόν
3570 2063 3627 2098 τε
3653 2047 3737 2100 καὶ

513 2135 616 2190 bus
637 2137 930 2206 sepeliunt.
974 2138 1057 2192 Illi
1089 2139 1420 2208 objiciehant
1452 2140 1817 2194 humilitatem
1851 2147 1906 2193 et
1935 2137 2077 2208 abje-

513 2226 747 2279 ctionem
792 2229 1155 2295 generationis
1185 2230 1484 2284 secundum
1506 2245 1724 2284 carnem
1749 2229 1818 2292 “,
1852 2230 2075 2283 minime

515 2318 791 2386 progressi
826 2318 890 2372 ad
927 2319 1168 2373 divinam
1200 2321 1344 2374 illam
1403 2328 1458 2374 et
1505 2321 1945 2383 antesaecularem
1979 2335 2076 2373 na-

513 2409 778 2464 tivitatem
819 2429 832 2464 :
875 2411 1126 2466 similiter
1164 2422 1218 2466 et
1251 2412 1338 2468 isti
1391 2413 1720 2483 abnegantes
1771 2411 2078 2468 confessio-

512 2517 638 2556 nem
667 2503 966 2572 magnitica:
1023 2504 1192 2564 illius,
1254 2505 1504 2559 sublimis
1557 2513 1611 2559 et
1667 2503 1956 2559 ineffabilis
2013 2521 2078 2559 ex

512 2591 674 2647 Patre
708 2594 1098 2660 generationis,
1131 2593 1401 2649 afﬁrmant
1431 2596 1581 2648 illum
1610 2611 1707 2665 per
1735 2597 2074 2650 creationem

519 2697 645 2738 esse
673 2685 972 2754 accepisse,
1009 2702 1073 2741 ex
1107 2702 1215 2756 qua
1270 2685 1506 2740 humana
1559 2688 1813 2756 quzelibet
1857 2694 2074 2749 natura,

511 2783 564 2828 et
595 2777 776 2830 omnia
799 2792 919 2846 qua:
949 2776 1089 2833 facta
1118 2787 1267 2838 sunt.
1293 2778 1559 2846 originem
1596 2779 1829 2831 ducunt.

581 2873 749 2938 Atgre
805 2868 1060 2924 ferebant
1105 2868 1281 2924 Judaei
1335 2869 1622 2924 Dominum
1668 2878 1917 2925 nostrum
1955 2885 2078 2926 esse

510 2958 705 3012 Filium
738 2958 911 3023 Dei“,
949 2961 1038 3014 cui
1070 2962 1257 3015 omnia
1281 2969 1495 3030 parent.
1526 2959 1884 3030 Indignamur
1905 2969 1960 3015 et
1987 2960 2077 3014 isti

2180 2138 2396 2203 ἄδοξον,
2443 2139 2539 2209 τὴν
2579 2138 2729 2192 θείαν
2807 2139 2899 2192 καὶ
2945 2137 3268 2208 προαιώνιον
3311 2138 3370 2190 οὑ
3404 2139 3737 2210 προσιέμενοι

2179 2232 2426 2300 γέννησιν
2449 2249 2462 2262 ·
2489 2232 2627 2286 κατά
2655 2231 2826 2285 ταῦτα
2855 2230 2949 2284 καὶ
2974 2222 3116 2283 οὗτοι
3144 2230 3241 2299 τῆς
3272 2229 3733 2300 μεγαλοπρεποῦς,

2181 2323 2273 2375 καὶ
2305 2323 2531 2394 ὑψηλῆς,
2562 2323 2656 2376 κοιλ⁸
2691 2323 2930 2394 ἀρρήτου
2961 2325 3024 2375 ἐκ
3058 2321 3269 2392 Πατρὸς
3305 2322 3613 2390 γεννήσεως
3648 2323 3735 2394 τὴν

2179 2414 2464 2484 ὁμολογίαν
2497 2415 2847 2486 ἀρνούμενοι,
2897 2413 2985 2466 διὰ
3028 2411 3254 2475 κτίσεως
3307 2413 3465 2466 αὑτὸν
3509 2412 3646 2483 ἔχειν
3682 2415 3734 2468 τὸ

2181 2502 2316 2558 εἶναι
2341 2504 2838 2570 κατασκευάζουσιν
2860 2523 2873 2536 ’
2896 2504 3017 2558 ὅθεν
3037 2505 3128 2558 καὶ
3153 2508 3218 2575 τῇ
3235 2503 3330 2557 ἀνθ
3341 2503 3547 2574 ρωπίνῃ
3571 2504 3730 2572 φύσει,

2181 2597 2275 2652 καὶ
2309 2599 2441 2651 πᾶσι
2469 2599 2576 2660 τοῖς
2604 2599 2880 2666 γεγονόσιν
2906 2597 3053 2651 ἐστὶν
3080 2599 3115 2666 ἡ
3141 2596 3368 2663 γένεσις.

2253 2869 2544 2939 Ἔγκλημα
2591 2869 2701 2931 τοῖς
2757 2867 3026 2930 Ἰουδαίοις
3073 2863 3174 2938 ἦν,
3207 2866 3295 2928 τὸ,
3352 2866 3475 2919 Υίὸν
3511 2865 3604 2919 τοῦ
3656 2867 3737 2918 ἐπὶ

2179 2962 2393 3015 πάντων
2424 2959 2558 3014 Θεοῦ
2599 2958 2935 3030 θεωρηθῆναι
2986 2959 3075 3012 τὸν
3110 2958 3312 3030 Κύριον
3335 2975 3349 2989 ο
3382 2958 3736 3026 ἀγανακτοῦσι

510 3051 776 3107 adversus
811 3051 955 3115 illos,
978 3054 1071 3122 qui
1097 3053 1239 3107 hanc
1266 3052 1672 3107 confessionem
1709 3052 1776 3106 de
1813 3052 1952 3106 Filio
1993 3055 2076 3106 in-

2183 3055 2271 3105 xai
2302 3049 2446 3104 οὗτοι
2475 3051 2617 3104 κατά
2641 3051 2746 3104 τῶν
2775 3053 2831 3104 ἐν
2863 3050 3088 3120 ἀληθείᾳ
3116 3052 3210 3122 τὴν
3234 3051 3528 3122 ὁμολογίαν
3550 3051 3736 3123 ταύτην

509 3142 773 3195 violatam
829 3143 1169 3198 custodiunt.
1221 3141 1300 3196 Illi
1356 3143 1626 3213 putabant
1681 3158 1740 3197 se
1799 3142 2075 3199 honorare

510 3232 747 3295 Patrem,
781 3233 828 3287 si
856 3233 924 3286 ab
948 3233 1261 3302 aequalitate
1287 3231 1512 3288 honoris
1549 3242 1603 3288 et
1643 3233 1947 3303 majestatis
1984 3234 2072 3290 Fi-

511 3325 644 3377 lium
680 3325 1065 3388 excluderent;
1098 3325 1184 3378 isti
1215 3323 1379 3378 etiam
1409 3325 1709 3394 gratificari
1756 3342 1815 3380 se
1839 3326 2074 3380 credunt

510 3416 893 3471 universorum
929 3415 1059 3478 Deo,
1091 3418 1137 3472 si
1166 3419 1364 3471 tollant
1399 3419 1732 3473 etaboleant
1761 3418 2074 3488 opinionem

511 3509 652 3562 hanc
689 3509 757 3562 de
779 3507 939 3571 Filio,
977 3508 1127 3564 Patri
1163 3510 1266 3565 soli
1291 3510 1392 3565 hoc
1422 3510 1634 3566 honore
1675 3519 1984 3575 reservato,
2016 3520 2076 3566 ut

512 3606 722 3652 taceam
755 3599 809 3652 id
835 3615 1009 3668 genus
1043 3601 1172 3663 alia,
1200 3616 1321 3670 quae
1359 3602 1483 3671 quis
1507 3617 1605 3671 pro
1622 3602 1889 3669 dignitate
1919 3619 2077 3658 enar-

513 3691 644 3746 ret?
693 3691 896 3761 quibus
941 3707 1094 3747 suam
1139 3694 1400 3749 adversus
1461 3693 1812 3766 Uuigenitum
1852 3694 1946 3750 Dei
1981 3695 2072 3750 Fi-

513 3782 646 3838 lium
687 3783 940 3852 injuriam
967 3791 1021 3836 et
1044 3786 1430 3840 contumeliam
1476 3788 1744 3856 produnt;
1781 3787 2074 3841 conﬁctam

509 3873 883 3942 operationem
918 3873 1212 3942 quamdam
1236 3875 1648 3944 productricem
1697 3875 2076 3930 subsistentia:

509 3964 712 4019 Christi
745 3964 1251 4028 comminiscentes,
1293 3965 1525 4035 ejusque
1566 3982 1704 4035 opus
1738 3973 1792 4021 et
1821 3965 2074 4021 effectum

507 4058 689 4125 ipsum
733 4072 860 4115 esse
911 4056 1458 4126 aﬂirrnanteszquod
1519 4072 1764 4112 asset-ere
1807 4059 2076 4114 hactenus

507 4147 680 4202 Judaei
707 4148 828 4203 ausi
858 4164 966 4203 non
1002 4149 1246 4204 fuerunt.
1275 4148 1476 4204 Deinde
1507 4151 1841 4203 concludunt
1885 4157 1940 4205 et
1975 4151 2076 4204 cir-

511 4241 897 4293 cumscribunt
926 4239 1138 4295 Domini
1169 4251 1419 4295 naturam
1448 4242 1700 4296 terminis
1749 4243 2074 4310 quibusdam

508 4337 564 4384 et
591 4331 858 4385 limitibus
882 4331 1000 4399 ejus
1029 4331 1329 4397 facultatis,
1372 4348 1400 4386 a
1435 4349 1541 4402 qua
1570 4333 1839 4402 producta
1867 4341 1970 4396 est,
1995 4333 2078 4387 in-

2178 3147 2262 3198 ἐπ’
2316 3144 2478 3196 αὑτοῦ
2523 3143 2877 3214 ποιουμένων.
2926 3143 3180 3196 Κάκεῖνοι
3224 3145 3386 3214 τιμᾷν
3435 3143 3604 3213 ᾤοντο
3657 3143 3737 3195 τὸν

2177 3234 2306 3287 Θεὸν
2344 3234 2450 3286 τῶν
2491 3233 2645 3299 ὅλων,
2677 3235 2776 3304 τῆς
2807 3234 2940 3304 πρὸς
2969 3234 3129 3288 αὑτὸν
3165 3234 3450 3305 ὁμοτιμίας
3481 3235 3574 3288 τὸν
3623 3234 3738 3287 Υίδν

2177 3325 2586 3387 ἀποκλείοντες·
2634 3321 2800 3376 ταῦτα
2845 3324 2939 3376 καὶ
2984 3318 3125 3378 οὗτοι
3173 3324 3250 3393 τῷ
3283 3323 3374 3378 ἐπὶ
3403 3324 3623 3378 πάντων
3651 3341 3738 3394 χα-

2181 3417 2444 3487 ρίζονται,
2475 3416 2532 3467 ἐν
2554 3417 2620 3485 τῇ
2661 3415 2974 3481 καθαιρέσει
3013 3415 3108 3485 τῆς
3132 3414 3225 3467 τοῦ
3255 3415 3454 3484 Κυρίου
3489 3415 3648 3485 δόξης
3668 3413 3738 3483 τῷ

2179 3508 2349 3577 Πατρὶ
2389 3507 2485 3574 τὴν
2517 3505 2678 3575 τιμὴν
2708 3504 3086 3575 χαριζόμενοι.
3118 3505 3198 3558 Τὰ
3238 3505 3293 3558 δὲ
3341 3506 3494 3569 ἄλλα,
3542 3505 3653 3568 πῶς
3679 3505 3738 3559 ἄν

2176 3615 2258 3660 τις
2285 3597 2417 3667 πρὸς
2453 3597 2606 3662 ἀξίαν
2628 3596 2881 3660 διεξέλθοι
2903 3613 2916 3661 ;
2939 3597 3004 3649 δι’
3044 3597 3182 3650 ὅσων
3209 3597 3301 3650 καὶ
3339 3597 3462 3651 οἵων
3479 3597 3581 3668 τὴν
3607 3596 3737 3650 κατά

2176 3691 2269 3744 τοῦ
2298 3689 2634 3757 Μονυγενοῦς
2680 3689 2835 3758 ὕϐριν
2882 3689 3276 3744 ἐνδείκνυνται·
3313 3689 3597 3761 ἐνέργειαν
3628 3709 3736 3744 τινα

2178 3782 2719 3854 προαναπλάσσοντες
2765 3781 2862 3851 τῆς
2914 3780 3007 3834 τοῦ
3072 3782 3307 3853 Χριστοῦ
3361 3783 3734 3846 ὑποστάσεως.

2177 3876 2388 3946 ἐκείνης
2443 3875 2600 3946 ἔργον
2658 3873 2816 3927 αὑτὸν
2902 3873 2996 3926 καὶ
3055 3871 3402 3942 ἀποτέλεσμα
3461 3872 3732 3941 λέγουσιν’

2177 3969 2314 4040 ὅπερ
2354 3969 2463 4030 τοῖς
2515 3965 2786 4028 Ἰουδαίοις
2838 3963 2988 4017 οὑπω
3047 3963 3205 4035 μέχρι
3251 3962 3340 4015 τοῦ
3374 3962 3534 4034 δεῦρο
3570 3962 3738 4016 τετόλ-

2183 4075 2377 4128 μηται⁸
2438 4052 2554 4110 εἶτα
2605 4055 3001 4126 περιγράφουσι
3039 4053 3129 4106 τοῦ
3176 4053 3377 4124 Κυρίου
3425 4053 3528 4125 τὴν
3567 4054 3734 4123 φύσιν,

2179 4149 2326 4210 ἐντὸς
2370 4148 2510 4217 ὅρων
2541 4145 2701 4199 τινῶν
2735 4145 2832 4215 τῆς
2865 4144 3236 4214 ποιησαμένης
3273 4144 3552 4214 δυνάμεως
3587 4143 3736 4196 αὑτὸν

2180 4238 2592 4300 ἀποκλείοντεςο
2639 4237 2731 4289 καὶ
2778 4235 2938 4288 οἱονεὶ
2984 4233 3166 4305 μέτρῳ
3213 4234 3319 4287 τιν1¹
3345 4237 3411 4305 τῇ
3457 4233 3733 4302 ποσότητι,

2178 4330 2274 4399 τῆς
2319 4326 2772 4397 ὑποστησαμένης
2809 4325 2968 4378 αὑτὸν
3003 4324 3281 4395 ἐνεργείας
3324 4324 3737 4395 περισχοινίζον-

510 4438 676 4494 super
710 4421 1043 4492 perfectione
1073 4434 1126 4478 et
1152 4426 1418 4495 qualitate
1445 4425 1688 4488 virtutis,
1719 4439 1786 4478 ac
1815 4429 2074 4494 potentiae

2183 4437 2294 4484 τες,
2329 4420 2513 4491 ὥσπερ
2552 4418 2736 4490 χιτῶνί
2764 4435 2868 4470 τινι
2905 4419 2970 4487 τῇ
3021 4416 3365 4488 ἐπινοηθείσῃ
3407 4419 3536 4487 παρ’
3569 4415 3735 4469 αὑτῶν

511 4514 906 4585 productricis,
941 4516 1092 4570 velut
1122 4532 1380 4572 mensura
1402 4527 1455 4572 et
1480 4517 1788 4587 quantitate
1833 4518 2075 4588 quadam

510 4619 634 4660 eum
667 4604 1051 4671 dimetiuntur,
1086 4614 1140 4660 et
1161 4607 1312 4661 velut
1351 4607 1536 4661 tunica
1565 4608 1822 4676 quadam,
1857 4609 2078 4678 energia

512 4697 578 4751 ab
613 4697 745 4766 ipsis
777 4699 1085 4768 excogitata
1127 4699 1371 4768 undique
1401 4706 1703 4754 coarctant.
1752 4698 1812 4754 In
1839 4699 1928 4756 his
1967 4716 2077 4754 non

512 4805 806 4861 possumus
827 4804 1094 4845 accusare
1127 4787 1376 4846 Judreos.

576 4881 848 4935 Praeterea
906 4881 1344 4937 contractionem
1415 4881 1706 4952 quamdam
1773 4884 2073 4940 secundum

427 5023 432 5030 ,
510 4969 946 5025 imminutionem
965 4972 1020 5025 in
1035 4969 1338 5026 substantia
1356 4973 1532 5029 inesse
1545 4975 1936 5044 cogitant,cum
1949 5017 1962 5040 ,
1979 4990 2045 5028 ne
2057 5004 2075 5012 -

510 5061 628 5115 scio
656 5074 764 5130 qua
786 5061 1156 5125 ratione,eum
1185 5067 1279 5130 qui
1311 5073 1452 5113 mule
1487 5071 1540 5113 et
1584 5064 1962 5131 magnitudine
1983 5079 2076 5117 ca-

509 5152 752 5212 ret,suis
779 5149 1210 5222 cogitationibus
1245 5159 1300 5205 et
1333 5151 1790 5220 persuasionibus
1837 5154 2076 5206 metian-

509 5249 632 5295 tur:
655 5251 708 5295 at
739 5240 1016 5312 quomodo
1043 5243 1286 5311 reperire
1318 5249 1542 5312 queant,
1565 5251 1834 5312 quantum
1869 5246 1936 5298 ad
1965 5249 2074 5297 vir-

511 5333 644 5388 tutis
679 5331 1064 5402 perfectionem
1084 5334 1222 5388 desit
1254 5335 1550 5404 Uuigenito
1592 5333 1765 5398 Filio,
1804 5351 1915 5405 quo
1949 5351 2073 5390 cum

509 5426 807 5482 destitutus
866 5427 973 5491 sit,
1013 5427 1070 5483 in
1126 5426 1325 5481 minori
1377 5435 1430 5481 et
1485 5427 1876 5496 imperfectiori
1932 5437 2074 5484 statu

510 5520 1067 5576 versatur?utsileam
1091 5519 1142 5575 id
1169 5535 1341 5592 genus
1385 5519 1486 5573 alia
1540 5520 1795 5590 plurima,
1840 5535 2073 5590 quorum

588 5627 630 5658 ³⁸
658 5625 891 5695 Philipp.
939 5645 1020 5697 ιιι,
1065 5631 1116 5685 5.
1176 5630 1217 5663 ³⁹
1267 5629 1426 5687 Joan.
1466 5628 1711 5694 “11,59;
1756 5643 1810 5694 Χ,
1847 5628 1934 5683 51.

513 5696 670 5753 Joan.
695 5713 809 5764 xix,
834 5699 884 5750 7.

2175 4514 2422 4584 ἐνεργείᾳ
2453 4511 2787 4582 πανταχόθεν
2817 4509 3275 4580 περιειργόμενον.
3304 4511 3345 4561 Τ
3351 4509 3483 4561 σῦτα
3507 4524 3735 4579 κατηγο-

2180 4607 2290 4674 ρεῖν
2315 4603 2421 4656 τῶν
2462 4602 2727 4656 Ἰουδαίων
2758 4601 2855 4654 οὑκ
2887 4599 3101 4669 ἔχομεν.

2253 4874 2386 4932 Εἶτα
2422 4875 2733 4947 βραχύτητα
2760 4892 2878 4927 τινα
2902 4877 2967 4944 τῇ
3000 4874 3155 4943 οὐσία
3189 4874 3306 4925 κατ’
3336 4873 3624 4925 ἐλάττωσιν
3654 4873 3734 4925 ἐν·

2182 4969 2505 5044 θεωροῦσιν·
2549 4969 2648 5021 οὑκ
2675 4963 2788 5019 οἶδα
2816 4967 2919 5018 τίνι
2954 4965 3156 5035 μεθόδῳ
3180 4964 3269 5017 τὸν
3305 4964 3503 5018 άποσόν
3548 4981 3606 5017 τε
3649 4964 3735 5018 καὶ

2181 5061 2425 5132 ἀμεγέθη
2454 5062 2520 5131 τῇ
2551 5057 2757 5110 ἑαυτῶν
2791 5056 3054 5126 ὑπολήψει
3085 5065 3612 5128 περιμετρησαντες,
3649 5054 3736 5107 καὶ

2182 5155 2359 5224 εὑρεῖν
2385 5151 2698 5220 δυνηθέντες
2726 5149 2889 5202 πόσον
2923 5148 3062 5200 ἐνδεῖ
3101 5147 3178 5218 τῷ
3209 5148 3425 5218 μεγέθει
3453 5148 3542 5201 τοῦ
3574 5147 3732 5200 Μονο-

2181 5244 2371 5313 γενοῦς
2395 5242 2530 5295 Θεοῦ
2568 5243 2704 5312 πρὸς
2753 5242 2849 5312 τὴν
2884 5239 3191 5293 τελείωσιν
3237 5232 3297 5292 οὗ
3336 5239 3408 5310 μὴ
3456 5239 3734 5310 προσόντος

2184 5340 2239 5390 ἐν
2271 5335 2346 5406 τῷ
2387 5334 2692 5406 μικροτέρῳ
2717 5350 2775 5385 τε
2801 5332 2892 5384 καὶ
2921 5331 3100 5385 ἀτελεῖ
3126 5331 3429 5402 θεωρεῖται,
3462 5330 3550 5383 καὶ
3575 5327 3733 5382 πολλὰ

2182 5431 2369 5497 ἕτερα,
2404 5427 2471 5480 τὰ
2513 5427 2607 5497 μὲν
2651 5428 2713 5477 ἐκ
2757 5424 2847 5476 τοῦ
2883 5423 3190 5495 προφανοῦς
3235 5421 3639 5493 ὁμολογοῦντες,
3671 5418 3734 5470 τὰ

2183 5522 2237 5574 δὲ
2275 5519 2411 5573 κατά
2453 5517 2512 5568 τὸ
2551 5515 2807 5569 λανθάνον
2840 5517 3353 5579 κατασκευάζοντες,
3387 5511 3726 5583 ἐμμελέτημα

2015 5631 2059 5661 ⁸ο
2125 5630 2313 5686 Matth.
2354 5645 2468 5686 xm.
2527 5624 2622 5692 35;
2670 5623 2834 5679 Marc.
2876 5641 2949 5689 vr,
2984 5626 3036 5682 5.
3094 5626 3136 5657 ⁸⁸
3169 5625 3356 5678 Matth.
3414 5637 3579 5690 nvu,
3631 5618 3728 5684 45;
