3920 6486
211 322 300 380 533

1310 317 1589 375 CONTRA
1627 321 2014 388 EUNOMIUM,
2053 321 2177 375 LIB.
2220 322 2257 374 l.

3311 325 3416 381 εει

210 443 291 508 τῆς
332 434 584 505 πονηρίας
613 433 816 487 ἑαυτῶν
858 435 957 504 τὴν
996 434 1285 505 ὁμολογίαν
1316 438 1412 492 τοῦ
1440 438 1569 492 Υἱοῦ
1589 480 1604 504 ,
1654 442 1748 494 καὶ

1855 440 2021 495 multa
2052 438 2339 495 manifeste
2369 438 2724 505 confitentur,
2780 438 2887 493 alia
2916 454 3045 492 retu
3093 439 3410 494 clanculum

210 530 285 584 τοῦ
303 530 444 597 ἀγίου
468 527 608 580 Πνεὺ
618 543 778 596 ματος
798 528 1138 596 ἐποιήσαντο.
1156 527 1280 591 Πῶς
1297 525 1389 583 οὖν
1405 531 1505 584 οὑκ
1524 531 1746 584 ἐλεεινό-

208 640 331 693 τεροι
367 622 459 689 τῆς
504 618 797 688 Ἰουδαϊκῆς
841 620 1248 688 κατακρίσεως,
1294 621 1451 691 είπερ
1477 621 1545 675 τὰ
1586 622 1746 693 μηδέ.-

210 731 316 767 me
362 711 485 778 παρ’
535 710 758 763 ἐκείνων
813 711 1221 781 τετολμημένα,
1276 714 1557 785 προδήλως
1605 714 1747 767 οὕτω

210 805 333 873 παρὰ
356 799 554 851 τούτων
589 800 1084 867 κατασκευάζεται;
1135 803 1191 855 '0
1236 803 1343 875 γὰρ
1380 803 1617 859 ὲλαττῶν
1649 807 1746 876 τὴν

208 894 362 947 οὐσίαν
385 890 475 942 τοῦ
515 891 855 958 Μονογενοῦς
884 893 975 945 καὶ
1003 893 1095 945 τοῦ
1128 894 1281 961 ἁγίου
1309 894 1642 961 Πνεὺματος,
1672 896 1748 959 ὼς

207 986 287 1052 μὲν
316 984 480 1033 εἰπεῖν
518 982 551 1052 ἢ
608 982 872 1045 ἀκοῦσαι,
905 984 1096 1054 μικρὸν
1137 985 1351 1038 ἀσεϐεῖν
1402 987 1529 1049 ἴσως
1570 988 1743 1041 δοκεῖ’

204 1074 307 1128 εξδέ
329 1090 405 1135 τις
433 1074 679 1143 ἀκριϐῶς
719 1074 810 1127 τὸν
846 1075 999 1143 λόγον
1031 1076 1467 1140 κατεξετάσειεν,
1504 1082 1583 1140 είς
1616 1081 1746 1132 αὑτὸ

201 1167 249 1217 τὸ
290 1164 572 1233 κεφάλαιον
606 1166 941 1236 βλασφημῶν
981 1168 1392 1238 ἐλεγχθήσεται.
1434 1170 1642 1222 υὺτωσὶ
1687 1171 1745 1222 δὲ

203 1255 566 1324 σκοπήσωμεν,
616 1256 709 1309 καί
756 1273 845 1325 μοι
910 1258 1346 1329 συγκεχωρήσθω
1402 1258 1746 1320 διδασκαλίας

202 1348 335 1417 χάριν
364 1347 455 1399 καὶ
497 1348 802 1418 σαφηνείας
838 1348 931 1401 τοῦ
964 1348 1114 1418 παρὰ
1153 1348 1259 1400 τῶν
1293 1349 1546 1402 ἐναντίων
1575 1367 1743 1403 κατα-

202 1438 568 1507 σκευαζομένου
599 1439 858 1508 ψεύδους,
908 1440 1003 1492 ἐπὶ
1028 1440 1123 1510 τὴν
1162 1439 1372 1493 ἔκθεσιν
1405 1439 1512 1492 τῶν
1548 1441 1747 1511 ἡμετέ-

200 1544 290 1595 ρων
313 1525 633 1595 ὑπολήψεων
650 1527 743 1581 τὸν
776 1528 931 1596 λόγον
967 1527 1281 1599 προάγοντι.

1848 530 2274 596 machinantur;
2333 530 2513 599 posita
2564 529 2710 584 velut
2747 544 2847 598 pro
2878 530 3249 599 improbitatis
3301 546 3417 587 suae

1848 623 2298 685 exercitamento,
2338 620 2685 689 professione
2718 620 2839 675 fidei
2872 622 2940 676 de
2963 621 3101 676 Filio
3126 633 3181 676 et
3206 624 3416 693 Spiritu

1851 720 2065 765 sancto.
2101 711 2388 776 Quomodo
2426 725 2556 777 ergo
2586 710 2802 765 censeri
2854 726 2963 765 non
3017 711 3219 767 debent
3270 712 3409 781 ipsis

1850 802 2071 871 perfidis
2100 800 2305 856 Iudaeis
2344 801 2795 864 miserabiliores,
2846 816 2970 855 cum
2999 818 3085 875 ea,
3152 819 3275 872 qua:
3319 802 3417 857 Ju-

1850 894 1951 948 daei
1984 909 2329 964 nequaquam
2364 892 2487 948 ausi
2536 891 2783 957 fuerunt,
2830 893 2954 948 luce
2999 895 3199 963 palam,
3249 904 3304 949 et
3356 895 3413 949 in

1848 989 2094 1041 omnium
2133 995 2429 1057 conspectu
2465 986 2533 1040 ab
2575 987 2711 1054 ipsis
2754 984 2925 1040 ﬁant?
2978 986 3081 1053 Qui
3114 988 3263 1041 enim
3310 987 3416 1041 im—

1850 1077 2049 1130 minuit
2076 1076 2437 1130 substantiam
2473 1074 2599 1129 Filii
2626 1084 2681 1131 et
2712 1077 2952 1144 Spiritus
2989 1078 3193 1139 sancti,
3239 1086 3298 1130 ut
3321 1091 3413 1130 so-

1847 1166 2122 1221 lummodo
2148 1167 2354 1235 aliquid
2389 1166 2535 1219 dicat
2572 1167 2656 1220 vel
2696 1167 2901 1232 audiat,
2937 1167 2985 1220 is
3016 1166 3269 1223 fortassis
3303 1183 3413 1221 non

1847 1274 2043 1328 magno
2102 1258 2396 1327 impietatis
2454 1258 2658 1313 scelere
2733 1273 2855 1313 sese
2906 1259 3285 1313 obstrinxerit.
3346 1260 3416 1310 At

1850 1351 1942 1420 qui
1979 1352 2082 1405 hoc
2143 1360 2403 1405 accurato
2431 1348 2619 1405 studio
2654 1358 2709 1404 et
2748 1349 3045 1405 meditatus
3092 1352 3224 1421 agit,
3266 1351 3313 1404 is
3346 1349 3416 1403 ad

1853 1455 2169 1509 supremum
2204 1440 2497 1509 impietatis
2547 1441 2766 1496 culmen
2828 1444 3166 1511 pervenisse,
3216 1443 3416 1496 merito

1851 1530 2151 1586 existimari
2191 1538 2389 1601 potest.
2436 1530 2528 1585 Sic
2607 1547 2736 1586 vero
2778 1532 3225 1601 disquisitionem
3258 1533 3418 1587 insti-

200 1632 406 1683 luamus,
436 1625 792 1692 primumque
822 1624 953 1677 mihi
986 1624 1199 1693 ignosci
1229 1623 1416 1693 cupio,
1459 1624 1507 1680 si
1542 1625 1609 1679 ad
1638 1624 1972 1681 declaranda
2006 1628 2179 1697 magis
2219 1637 2271 1682 et
2315 1627 2659 1695 explananda
2724 1628 2838 1690 illa,
2916 1644 3038 1699 quae
3111 1629 3414 1683 adversarii

198 1712 501 1770 mendaciter
544 1715 938 1769 machinantur
969 1722 1024 1769 et
1076 1715 1386 1784 proferunt,
1429 1716 1830 1787 expositionem
1894 1733 2106 1781 eorum,
2166 1734 2293 1789 quae
2348 1735 2452 1775 nos
2514 1718 2604 1773 hic
2652 1718 2925 1774 sentimus
3001 1728 3055 1774 et
3129 1717 3410 1782 docemus,

197 1811 241 1864 in
267 1808 489 1863 medium
533 1810 836 1878 protulero.

253 1903 457 1955 Πάντων
487 1899 603 1955 τῶν
632 1901 801 1953 ὄντων
838 1902 871 1971 η
903 1900 1161 1955 ἀνωτάτω
1190 1900 1450 1971 διαίρεσις
1483 1902 1560 1964 είς
1596 1918 1655 1955 τε
1678 1901 1739 1953 τὸ

1908 1895 2162 1951 Omnium
2193 1911 2373 1952 rerum
2406 1896 2641 1951 maxime
2668 1896 2980 1951 communis
3030 1905 3086 1951 et
3126 1900 3413 1968 generalis

198 1993 374 2063 νοητὸν,
413 1993 509 2044 καὶ
540 1991 608 2044 τὸ
637 1990 891 2061 αἰσθητὸν
936 1991 1039 2061 τὴν
1068 1990 1237 2061 τομὴν
1266 1990 1394 2061 ἔχει.
1424 1992 1533 2045 Καὶ
1572 1992 1604 2061 ἡ
1641 1992 1737 2060 μὲν

1855 1989 2038 2044 iivisio
2059 1996 2143 2043 est
2176 1988 2230 2042 in
2249 2004 2363 2053 eas,
2388 2004 2509 2058 quae
2526 1988 2825 2051 intellectu,
2852 1996 2904 2042 et
2920 1987 3085 2044 ineas
3112 2005 3234 2059 qua:
3249 2006 3414 2047 sensu

205 2083 403 2153 αἰσθητὴ
434 2081 601 2151 φύσις
637 2080 869 2149 γενικῶς
912 2080 1015 2134 ὑπὸ
1050 2080 1143 2134 τοῦ
1207 2081 1525 2135 Ἀποστόλου
1555 2081 1736 2149 ὁρατὴ

1855 2080 2237 2150 percipiuntur.
2268 2078 2334 2132 Et
2364 2079 2640 2134 sensibilis
2666 2078 2883 2147 quidem
2921 2088 3115 2133 natura
3172 2079 3241 2135 ab
3266 2081 3416 2151 Apo-

199 2174 608 2243 κατωνόμασται.
657 2172 873 2243 Ἐπειδὴ
899 2173 1006 2243 γὰρ
1033 2175 1141 2226 πᾶν
1178 2172 1335 2243 σῶμα
1360 2174 1415 2225 ὲν
1454 2172 1735 2243 χρώματι,

1855 2170 1987 2224 stolo
2010 2169 2308 2238 generatim
2334 2169 2476 2223 dicta
2501 2169 2816 2223 estoisibilis
2837 2168 2880 2200 “
2910 2184 2924 2222 :
2949 2183 3074 2223 cum
3090 2169 3233 2224 enim
3255 2184 3417 2227 omne

200 2266 355 2319 τούτου
377 2264 433 2316 δὲ
474 2266 507 2333 ἡ
545 2264 742 2333 ὅρασις
781 2263 881 2333 τὴν
915 2263 1197 2334 ἀντίληψιν
1243 2262 1387 2333 ἔχει·
1424 2262 1739 2316 καταλιπὼν

1855 2275 2044 2329 corpus
2070 2260 2370 2313 coloratum
2416 2260 2509 2325 sit,
2534 2260 2748 2329 hocque
2774 2258 2917 2314 visio
2962 2259 3083 2329 ipsa
3114 2261 3413 2331 percipiat;

198 2358 276 2419 τὰς
303 2355 624 2418 ὑπολοίπους
673 2354 987 2424 ποιότητας,
1038 2356 1159 2407 ὅσαι
1203 2354 1475 2418 οὑσιωδῶς
1535 2372 1741 2424 συμπε-

1855 2351 2054 2406 relictis
2076 2352 2199 2407 aliis
2231 2352 2606 2422 qualitatibus,
2641 2366 2762 2421 quae
2795 2352 3118 2407 substantia:
3145 2354 3416 2407 naturali-

204 2449 422 2518 ςὺκασιν,
451 2449 517 2500 ὲκ
550 2447 651 2500 τοῦ
681 2447 967 2517 προχείρου
991 2446 1131 2499 κατά
1172 2445 1268 2517 τὴν
1309 2446 1581 2517 αἴσθησιν,
1609 2449 1744 2515 ὀρα-

1855 2428 2224 2505 ιθτὶηὴωτοηι,
2243 2455 2309 2494 ex
2326 2454 2390 2493 eo
2405 2440 2548 2508 quod
2574 2441 2759 2496 sensui
2781 2448 3090 2510 promptum
3111 2450 3167 2496 et
3194 2444 3414 2499 obvium

1845 2539 1959 2597 est,
1990 2532 2247 2585 visibilem
2277 2532 2569 2602 appellavit
2610 2550 2622 2586 :
2656 2532 2987 2587 intellectilis
3030 2548 3163 2588 vero
3204 2542 3417 2589 naturae

1846 2638 2042 2678 nomen
2060 2637 2367 2687 commune,
2383 2633 2440 2677 ut
2453 2624 2527 2677 ait
2540 2625 2853 2693 Apostolus,
2868 2636 2950 2678 est
2970 2624 3229 2679 invisibile
3246 2626 3290 2658 ⁸³
3311 2642 3416 2691 ;re-

1848 2715 2087 2770 motione
2102 2715 2246 2769 enim
2268 2724 2479 2770 naturae
2497 2716 2794 2778 sensibilis,
2811 2724 3046 2771 mentem
3072 2716 3137 2769 ad
3162 2725 3416 2771 naturam

1849 2806 2221 2877 incorporeum
2239 2819 2287 2863 et
2333 2808 2700 2863 intellectilem
2716 2810 2870 2879 quasi
2886 2824 3047 2863 manu
3068 2810 3237 2863 ducit.
3256 2808 3417 2863 Ratio

1848 2914 2014 2967 porro
2044 2900 2099 2953 in
2124 2899 2261 2954 duas
2291 2916 2480 2955 rursus
2518 2910 2701 2970 partes
2743 2901 2908 2968 hujus
2963 2903 3245 2957 notionem
3276 2902 3420 2957 divi-

1851 2989 1951 3052 dit,
1985 3005 2216 3059 qnarum
2252 2991 2421 3045 altera
2449 2992 2714 3055 increata,
2765 2992 3161 3051 altera.crcata
3198 3003 3417 3057 natura,

1856 3092 1923 3131 ex
1942 3077 2058 3145 ipsa
2087 3076 2352 3131 orationis
2388 3077 2779 3131 consecutione
2808 3077 3128 3146 appellanda
3156 3086 3241 3133 est
3268 3096 3284 3146 ;
3335 3078 3420 3132 in-

1853 3176 2335 3236 creata,rreatura:
2362 3168 2742 3236 eilectrixest;
2768 3181 2974 3232 creata,
3027 3185 3149 3239 quae
3186 3186 3282 3239 per
3328 3170 3417 3225 in-

201 2540 291 2605 rirr
320 2538 751 2609 προσηγόρευσε.
798 2538 909 2606 Τῆς
954 2537 1012 2589 δὲ
1052 2538 1248 2607 νοητῆς
1304 2537 1516 2605 φύσεως
1562 2537 1743 2608 πάσης

203 2631 341 2699 ὄνομα
370 2629 464 2699 μὲν
496 2628 681 2681 κοινόν
718 2628 862 2691 ἐστι,
895 2626 1073 2690 καθώς
1100 2644 1261 2696 φησιν
1304 2628 1650 2693 ’Δι’-νόστολος,
1675 2627 1743 2681 τὸ

203 2724 421 2790 ἀόρατον
464 2723 570 2793 ιτῇ
617 2719 724 2790 γὰρ
757 2718 1101 2789 ὑπεξαιρέσει
1148 2721 1245 2789 τῆς
1279 2719 1598 2790 αἰσθητικῆς
1648 2737 1747 2773 κα-

200 2814 468 2884 ταλήψεως,
523 2812 624 2865 ἐπὶ
670 2812 731 2865 τὸ
768 2810 1054 2880 ἀσώματόν
1098 2827 1159 2863 τε
1218 2812 1312 2864 καὶ
1363 2811 1550 2880 νοητὸν
1595 2829 1745 2883 χειρ-

201 2905 373 2970 αγωγεί
413 2902 512 2973 τὴν
552 2901 855 2971 διάνοιαν).
902 2902 958 2953 '0
1008 2902 1063 2953 δὲ
1097 2900 1252 2968 λόγος
1302 2901 1382 2964 εἰς
1441 2900 1532 2954 δύο
1561 2902 1746 2972 τέμνει

201 2994 275 3045 καὶ
314 2991 508 3061 ταὺτης
547 2991 653 3059 τὴν
700 2990 935 3042 ἔννοιανο
971 2991 1003 3060 ἡ
1037 2990 1133 3059 μὲν
1182 2990 1289 3060 γὰρ
1324 2990 1595 3053 ἄκτιστος,
1630 2993 1661 3060 ἡ
1692 2991 1748 3043 δὲ

201 3086 359 3152 κτιστὴ
383 3084 486 3137 ὑπὸ
510 3083 615 3153 τῆς
646 3081 1025 3145 εὑακολουθίας
1057 3080 1531 3151 καταλαμϐάνεται
1554 3097 1566 3111 ·
1597 3081 1749 3135 ἄκτι-

201 3192 299 3239 στος
329 3176 421 3247 μὲν
451 3178 485 3247 ἡ
536 3174 799 3245 ποιητικὴ
836 3175 933 3244 τῆς
963 3174 1220 3237 κτίσεως·
1262 3174 1451 3246 κτιστὴ
1488 3175 1565 3241 δὲ,
1596 3177 1631 3245 ἡ
1661 3176 1747 3230 διὰ

201 3269 281 3340 τῆς
312 3269 563 3321 ἀκτίστου
611 3266 821 3335 φύσεως
854 3266 951 3335 τὴν
995 3265 1172 3320 αἰτίαν
1256 3268 1349 3319 καὶ
1388 3266 1485 3336 τὴν
1521 3268 1748 3338 δύναμιν

1855 3267 2091 3314 creatam
2122 3268 2376 3313 naturam
2416 3276 2570 3315 suam
2605 3261 2983 3316 exsistentiam
3018 3271 3071 3316 et
3102 3261 3416 3316 facultatem

200 3358 274 3411 τοῦ
302 3358 429 3412 εἶναι
473 3360 696 3428 ἔχουσα.
744 3358 830 3409 Ἐν
866 3357 963 3426 μὲν
1011 3352 1103 3410 οὖν
1148 3359 1260 3419 τοῖς
1319 3358 1592 3427 αἰσθητοῖς
1632 3360 1747 3410 ἐστι

202 3451 350 3504 πάντα
375 3452 474 3504 ὅσα
503 3448 598 3501 διὰ
631 3447 737 3500 τῶν
771 3447 865 3499 τοῦ
898 3445 1144 3517 σώματος
1178 3446 1543 3519 αἰσθητηρίων
1573 3466 1743 3500 κατα-

201 3542 558 3613 λαμόάνομεν,
610 3541 693 3609 ἐφ’
724 3532 797 3593 ὧν
847 3540 901 3592 αἱ
953 3538 1059 3591 τῶν
1113 3540 1410 3611 ποιοτήτων
1459 3539 1747 3609 διαφοραὶ,

202 3633 275 3685 τὸν
298 3634 381 3687 τοῦ
410 3634 659 3704 μείζονάς
693 3650 750 3685 τε
780 3632 873 3685 καὶ
899 3631 1179 3696 ἐλάττονος
1208 3632 1543 3701 ἐπιδέχονται
1571 3630 1748 3699 λόγον,

204 3727 321 3780 κατὰ
345 3728 401 3780 τὸ
442 3727 612 3779 ποσὸν
635 3768 649 3789 ,
683 3726 777 3779 καὶ
801 3724 861 3777 τό
890 3725 1037 3777 ποιὸν
1056 3765 1070 3789 ,
1102 3723 1196 3777 καὶ
1230 3723 1422 3787 λοιπὰς
1457 3723 1748 3794 ἰδιότητας,

204 3820 282 3889 τῆς
305 3819 561 3890 διαφορᾶς
595 3820 651 3871 ἐν
686 3816 891 3879 τούτοις
922 3815 1322 3887 θεωρουμένης.

271 3912 380 3964 Ἐπὶ
399 3912 455 3964 δὲ
482 3913 587 3981 τῆς
610 3910 804 3978 νοητῆς
828 3909 1060 3977 φύσεως,
1084 3909 1182 3976 τῆς
1201 3909 1259 3960 ὲν
1287 3909 1353 3979 τῇ
1382 3906 1554 3960 κτίσει
1584 3907 1748 3976 λέγω,

205 4000 230 4052 ὁ
259 4001 345 4071 μὲν
382 4002 628 4064 τοιοῦτος
668 4001 769 4070 τῆς
812 4000 1072 4071 διαφορᾶς
1119 3999 1308 4067 λόγος,
1362 3993 1471 4062 οἷος
1519 3998 1611 4052 ἐπὶ
1645 3998 1753 4053 τῶν

205 4091 450 4162 αἰσθητῶν
470 4090 791 4160 κατελήφθη
812 4131 824 4152 ,
848 4089 1030 4161 χώραν
1064 4090 1163 4142 οὑκ
1188 4089 1298 4160 ἔχει
1324 4106 1337 4119 ο
1378 4089 1561 4159 ἔτερος
1586 4088 1643 4143 δέ
1669 4107 1753 4153 τις

206 4184 497 4253 εὑρίσκεται
524 4183 743 4253 τρόπος,
768 4181 865 4249 τὴν
895 4182 989 4235 τοῦ
1021 4182 1264 4250 μείζονος
1290 4179 1425 4251 πρὸς
1452 4183 1513 4233 τὸ
1538 4180 1755 4235 ἔλαττον

205 4274 438 4346 διαφορὰν
492 4274 840 4344 ἐξευρίσκων.
903 4273 1116 4344 Ἐπειδὴ
1166 4271 1273 4341 γὰρ
1318 4271 1515 4334 παντὸς
1552 4270 1754 4339 ἀγαθοῦ

208 4368 354 4437 πηγὴ,
387 4367 485 4421 καὶ
514 4364 677 4436 ἀρχὴ,
706 4366 801 4417 καὶ
830 4362 1062 4434 χορηγία
1090 4364 1146 4415 ὲν
1177 4366 1238 4433 τῇ
1271 4363 1507 4434 ἀκτίστῳ
1539 4362 1758 4433 θεωρεῖ-

207 4476 281 4512 ται
306 4460 458 4528 φύσει
481 4475 495 4489 ⁸
549 4460 697 4509 πᾶσα
744 4457 800 4510 δὲ
836 4456 969 4527 πρὸς
1002 4456 1175 4509 ἐκεῖνο
1216 4456 1467 4510 νένευκεν
1506 4457 1537 4526 ή
1583 4454 1755 4519 κτίσις

207 4551 279 4606 διὰ
307 4554 401 4623 τῆς
443 4550 733 4611 κοινωνίας
775 4548 867 4600 τοῦ
911 4546 1125 4617 πρώτου
1175 4546 1379 4615 ἀγαθοῦ
1407 4546 1506 4616 τῆς
1551 4544 1757 4616 ὑψηλῆς

1851 3352 2032 3407 habet.
2073 3351 2131 3405 ln
2190 3355 2542 3409 sensibilibus
2612 3354 2775 3425 igitur
2832 3364 3189 3409 numerantur
3234 3359 3419 3410 omnia

1852 3445 1962 3510 illa,
2006 3462 2341 3516 quaecunque
2413 3449 2663 3517 corporis
2716 3447 2970 3503 sensibus
3022 3448 3417 3518 percipiuntur,

1850 3554 2080 3608 quorum
2114 3540 2401 3609 qualitates
2432 3539 2803 3596 diversimode
2834 3540 2955 3609 plus
3008 3548 3062 3595 et
3092 3541 3275 3597 minus
3315 3541 3418 3596 ad-

1852 3629 2108 3696 mittunt;
2158 3629 2461 3687 differentia
2496 3632 2551 3685 in
2604 3631 2689 3688 liis
2728 3632 3075 3688 considerata
3119 3632 3420 3688 secundum

1852 3720 2195 3791 quantitatis.
2226 3730 2321 3776 aut
2368 3724 2652 3794 qualitatis
2704 3730 2799 3778 aut
2847 3724 3077 3778 aliarum
3116 3727 3422 3795 proprieta-

1854 3823 1968 3869 tum
1998 3817 2283 3871 rationem.

1928 3907 1983 3962 ln
2014 3918 2204 3962 natura
2236 3922 2366 3962 vero
2400 3908 2720 3971 intellectili,
2767 3915 2970 3974 creata,
2997 3908 3241 3978 inquam,
3296 3908 3423 3963 talis

1855 4000 2190 4057 diversitatis
2224 4004 2385 4064 ratio,
2423 4001 2602 4070 qualis
2641 4002 2912 4071 reperitur
2944 4003 3000 4056 in
3027 4002 3190 4056 rebus
3233 4001 3421 4056 sensui

1857 4091 2112 4160 objectis,
2148 4091 2330 4145 locum
2363 4107 2469 4147 non
2501 4091 2700 4157 habet;
2745 4091 2886 4146 alius
2917 4099 3095 4147 tamen
3145 4092 3421 4147 invenitur

1858 4184 2072 4249 modus,
2106 4183 2159 4237 in
2190 4200 2298 4252 quo
2326 4184 2554 4254 majoris
2583 4190 2637 4237 et
2659 4184 2891 4239 minoris
2917 4182 3222 4239 differentia
3258 4200 3424 4255 appa-

1857 4284 1960 4331 ret.
1992 4275 2129 4330 Cum
2157 4274 2303 4329 enim
2343 4274 2522 4329 omnis
2552 4274 2681 4329 boni
2721 4275 2842 4329 fons
2872 4282 2925 4328 et
2952 4274 3108 4345 origo
3136 4286 3189 4329 et
3210 4276 3425 4346 largitio

1860 4368 1914 4420 in
1957 4377 2153 4421 natura
2204 4367 2447 4420 increata
2511 4366 2661 4429 insit,
2713 4367 3001 4436 omnisque
3049 4374 3303 4421 creatura
3356 4370 3427 4420 ad

1860 4460 2031 4530 ipsam
2055 4460 2229 4515 oculis
2262 4458 2414 4527 quasi
2448 4459 2677 4513 intentis
2712 4460 3002 4528 suspiciat,
3048 4474 3145 4529 per
3177 4474 3425 4513 commn-

1860 4550 2080 4606 niunem
2106 4551 2347 4619 supremi
2378 4550 2504 4603 boni
2532 4551 2599 4603 ab
2628 4550 2813 4603 eadem
2837 4565 3129 4620 suspensa,
3153 4540 3427 4620 ejusdem-

210 4619 431 4708 φύσεως,
464 4640 817 4711 ἐφαπτομένη
855 4640 910 4692 δε
951 4640 1042 4691 καὶ
1091 4637 1396 4707 μετέχουσα
1428 4635 1487 4701 ἐξ
1514 4635 1749 4706 ἀνάγκης

1861 4656 1967 4712 que
1996 4642 2266 4710 particeps
2318 4638 2530 4705 eﬂ‘ecta,
2579 4641 2899 4696 necessario
2951 4641 3257 4697 secundum
3298 4658 3427 4711 pro-

210 4736 333 4788 κατὰ
358 4735 453 4806 τὴν
485 4734 777 4801 ἀναλογίαν
805 4732 903 4801 τῆς
932 4731 1038 4784 τῶν
1068 4729 1285 4801 ὑψηλῶν
1319 4729 1624 4799 μετουσίας,
1653 4730 1749 4781 τῶκ

1860 4732 2167 4803 portionem
2209 4731 2648 4801 participationis
2688 4747 2872 4787 rerum
2922 4732 3259 4795 sublimium,
3296 4732 3426 4786 dum

213 4827 294 4893 μὲν
322 4826 607 4891 πλειόνως,
635 4823 741 4877 τῶν
768 4823 824 4875 δὲ
854 4820 1149 4884 ἐλαττόνως
1172 4820 1312 4874 κατά
1337 4819 1399 4873 τὸ
1423 4819 1749 4886 αὑτεξοὺσιοπ

1861 4825 1982 4878 alite
2014 4824 2158 4894 plus,
2196 4823 2316 4877 alia:
2340 4823 2657 4893 minus,pro
2685 4823 2937 4879 libertate
2965 4823 3177 4878 arbitrii
3206 4832 3261 4878 et
3290 4838 3425 4877 con-
3484 4808 3497 4817 ’

210 4919 293 4986 τῆς
345 4916 717 4988 προαιρέσεως
763 4913 1309 4984 μεταλαμόανόντων,
1357 4912 1417 4965 τὸ
1449 4912 1627 4965 πλεῖον
1672 4930 1749 4965 και

1860 4916 1970 4972 silii
1998 4918 2105 4980 sui,
2139 4915 2453 4985 accipiunt;
2489 4916 2611 4984 plus
2634 4924 2686 4970 et
2716 4916 2899 4970 minus
2935 4916 2989 4969 in
3036 4915 3305 4970 creaturis
3334 4916 3413 4967 ad-

212 5007 263 5059 τὸ
303 5004 459 5080 ἦττον
515 5010 574 5061 ὲν
627 5009 691 5076 τῇ
743 5006 912 5057 κτίσει
961 5003 1283 5075 γνωρίζεται
1348 5004 1621 5072 ἀναλόγως
1668 5004 1749 5074 τῆς

1862 5006 2190 5062 mittendum
2244 5014 2349 5072 est,
2410 5006 2822 5061 accommodate
2854 5005 3221 5076 quarumlibet
3264 5021 3424 5075 appe-

214 5100 421 5155 ἑκάστου
466 5102 662 5170 ὁρμῆς.
714 5098 825 5167 Τῆς
872 5098 979 5167 γὰρ
1018 5095 1229 5167 φύσεως
1273 5095 1370 5166 τῆς
1401 5098 1457 5148 ὲν
1484 5098 1549 5167 τῇ
1590 5096 1749 5149 κτίσει

1868 5098 2069 5152 titioni.
2100 5098 2305 5153 Natura
2333 5100 2479 5153 enim
2515 5108 2719 5160 creata,
2776 5098 2933 5167 quasi
2964 5097 3018 5150 in
3044 5095 3285 5150 confinio
3329 5096 3400 5149 bo

215 5195 487 5261 νοουμένης
523 5194 579 5243 ἐν
631 5188 866 5260 μεθορίῳ
898 5188 1002 5240 τῶν
1035 5187 1279 5255 ἀγαθῶν,
1338 5189 1429 5241 καὶ
1459 5188 1565 5243 τῶν
1608 5189 1749 5240 ἐναν-

1869 5205 2063 5246 norum
2093 5199 2143 5245 et
2175 5190 2439 5244 malorum
2485 5193 2781 5244 constituta
2813 5197 2917 5252 est,
2968 5197 3028 5240 ut
3061 5202 3231 5256 capax
3275 5200 3412 5241 utro-

213 5284 329 5337 τίων
378 5284 653 5351 ἑστώσης,
712 5282 786 5342 ὡς
836 5279 1082 5349 δεκτικὴν
1134 5280 1406 5351 ἑκατέρων
1455 5275 1593 5333 εἶναι
1643 5280 1764 5332 κατ’

220 5375 467 5439 ἐξουσίαν,
495 5379 606 5439 τοῖς
655 5374 793 5428 κατά
815 5374 1035 5443 γνώμην
1069 5372 1523 5444 προσκλινομένην
1542 5413 1555 5435 ,
1586 5371 1766 5435 καθὼς

221 5472 353 5540 παρὰ
391 5470 483 5539 τῆς
526 5468 565 5520 Γ
570 5468 746 5537 ραφῆς
790 5464 1239 5535 μεμαθήκαμεν”
1272 5462 1405 5533 πρὶς
1456 5462 1611 5552 λόγον
1668 5462 1766 5532 τῆς

222 5578 272 5617 τι
295 5562 394 5615 τῶν
423 5562 679 5633 χειρόνων
707 5558 1053 5619 ἀποστάσεως
1116 5556 1208 5608 καὶ
1240 5554 1333 5608 τοῦ
1364 5554 1765 5624 προσεγγισμοὺ

298 5729 337 5756 ⁵²
360 5724 566 5779 Culuss.
592 5740 630 5789 ι,
658 5724 742 5779 16.
810 5718 997 5773 “ibid.
1028 5720 1111 5779 i5-

1869 5298 2100 5352 rumque
2130 5284 2400 5338 arbitratu
2459 5299 2580 5346 suo,
2635 5282 2837 5352 quibus
2862 5282 3101 5335 animum
3135 5281 3424 5350 adjungerr

1870 5374 2125 5438 voluerit,
2152 5374 2293 5429 sicut
2322 5390 2388 5428 ex
2421 5373 2624 5427 divinis
2650 5371 2873 5426 Litteris
2898 5368 3213 5427 didicimus.
3241 5369 3424 5439 Itaque

1873 5464 2281 5533 comparatione
2340 5472 2387 5519 et
2413 5476 2658 5532 respectu
2692 5464 2755 5518 ad
2790 5463 3012 5527 malum,
3074 5463 3159 5517 vel
3206 5463 3430 5534 prapin-

1874 5557 2134 5628 quatione
2159 5557 2226 5614 ad
2264 5558 2488 5625 bonum,
2524 5556 2791 5612 afﬁrmare
2818 5569 3137 5627 possumus,
3167 5554 3440 5611 intensio-
