3920 6534
457 302 564 357 355

1695 302 1753 357 S.
1784 301 2112 359 GREGORII
2147 303 2191 359 Ν
2200 303 2442 359 YSSENI

3602 321 3694 378 536

458 431 583 474 nem
636 424 690 471 et
731 415 1118 472 remissionem
1167 416 1354 471 locum
1415 416 1619 473 habere
1669 416 1727 472 in
1754 419 2031 490 eo,'quod

2136 420 2245 474 τῶν
2278 421 2487 488 καλῶν,
2538 422 2599 475 rb
2633 421 2821 490 πλέον,
2851 426 2944 478 καὶ
2981 426 3041 478 τὸ
3080 426 3298 483 ἔλαττον
3333 430 3512 498 λέγειν
3543 434 3596 485 ἐν
3626 437 3696 508 τῷ

462 512 664 567 virtute
696 509 939 565 excellit.
986 510 1057 564 At
1093 509 1341 565 increata
1391 518 1589 565 natura
1630 513 1820 582 procul
1878 512 2035 567 abest

461 604 531 658 ab
559 600 943 673 hujuscemodi
966 601 1293 667 differentia,
1320 605 1523 675 quippe
1560 606 1649 659 cui
1672 605 1893 661 bonitas
1924 620 2034 658 non

460 704 542 750 est
567 696 889 757 adventitia,
943 710 1120 765 neque
1150 704 1378 766 accepta
1424 696 1780 765 pulchritudo
1833 706 1888 752 et
1932 696 2033 751 ho-

463 796 648 843 nestas
665 803 732 842 ex
757 789 1143 843 communione
1169 787 1716 858 supereminentioris
1738 788 2028 858 cujusdam

462 877 889 949 pulchritudinis
918 888 970 934 et
1001 878 1342 945 honestatis;
1402 877 1498 935 sed
1532 879 1586 932 in
1619 894 1699 942 se,
1753 886 1805 932 et
1855 879 1909 932 in
1938 894 2037 932 na-

462 979 583 1025 tura
621 986 719 1026 sua
744 971 847 1024 hoc
868 969 1011 1040 quod
1042 978 1147 1033 est,
1176 970 1385 1024 bonum
1414 980 1521 1034 e31,
1568 977 1623 1023 et
1669 979 1726 1029 ut
1751 969 1892 1023 bona
1946 970 2029 1023 iu-

462 1065 753 1135 telligitur,
786 1063 909 1118 fons
936 1062 1222 1128 bonitatis,
1265 1062 1499 1132 simplex
1523 1070 1577 1117 et
1602 1062 1913 1124 uniformis,
1938 1077 2034 1116 ex-

462 1171 592 1224 pers
632 1156 814 1209 omnis
861 1154 1299 1223 compositionis,
1357 1154 1525 1208 etiam
1586 1154 2031 1209 adversariorum

462 1256 780 1302 nostrorum
820 1246 1155 1301 testimonio.
1219 1244 1638 1301 Distinctionem
1700 1262 1829 1301 vero
1874 1246 1928 1300 in
1965 1261 2031 1301 eo

464 1338 628 1391 habet
674 1336 953 1405 majestati
1003 1342 1217 1389 naturae
1267 1348 1382 1389 sua:
1438 1340 1842 1403 competentem
1879 1350 1893 1386 :
1926 1348 2031 1385 non

460 1444 583 1498 quae
614 1429 667 1482 in
702 1428 1013 1483 intensione
1039 1437 1092 1482 et
1122 1427 1447 1483 remissione
1478 1426 1770 1491 consistat,
1813 1432 1873 1478 ut
1916 1425 2033 1479 vult

458 1517 764 1573 Eunomius
818 1517 933 1587 (qui
971 1516 1119 1572 enim
1168 1516 1634 1572 existimationem
1676 1515 1745 1569 de
1794 1514 2036 1569 bonitate

461 1609 740 1677 imminuit
763 1607 819 1661 in
852 1608 1058 1677 aliquo,
1107 1608 1254 1675 quod
1293 1606 1362 1660 de
1406 1603 1507 1658 SS.
1548 1604 1817 1659 Trinitate
1867 1603 2037 1658 credi-

458 1707 571 1763 tur,
623 1700 671 1754 is
696 1699 834 1753 nihil
884 1699 1034 1753 aliud
1085 1698 1390 1762 contendit,
1450 1712 1614 1767 quam
1651 1695 1859 1765 aliquid
1905 1708 2038 1748 con-

2136 514 2256 565 κατ’
2290 514 2491 585 ἀρετὴν
2542 514 2892 586 ὑπερέχοντι,
2941 516 3125 589 χώραν
3176 520 3305 590 ἔχει.
3361 523 3427 576 ’Π
3467 525 3522 576 δὲ
3556 528 3695 581 ἄκτι-

2141 621 2263 669 στος
2300 607 2459 675 φύσις
2504 608 2603 677 τῆς
2654 608 2752 676 μὲν
2803 608 3057 678 τοιαύτης
3110 610 3374 682 διαφορᾶς
3427 618 3697 687 πόρρωθεν

2139 696 2364 749 ἄπεστιν
2382 738 2399 765 ,
2430 698 2523 751 ἅτε
2552 699 2650 752 οὑκ
2688 698 2981 770 ἐπίκτητον
3012 701 3208 771 ἔχουσα
3233 704 3293 755 τὸ
3326 704 3528 769 ἀγαθὸν
3546 751 3560 773 ,
3586 711 3697 764 οὑδι

2138 787 2279 841 κατὰ
2330 790 2563 861 μετοχὴν
2605 790 2997 862 ὑπερκειμένου
3047 792 3193 856 τινος
3239 792 3411 847 καλοῦ
3453 795 3514 846 rb
3547 801 3697 854 καλὸν

2137 882 2196 933 ὲν
2226 882 2390 950 ἑαυτῇ
2433 881 2724 953 δεχομένη·
2757 883 2869 937 ἀλλ’
2921 882 3053 938 αὑτὸ
3100 886 3238 955 ὅπερ
3269 886 3390 938 ἐστὶ
3442 891 3508 959 τῇ
3552 892 3693 956 φύσει

2138 974 2231 1026 καὶ
2267 974 2468 1041 ἀγαθὸν
2509 972 2673 1040 οὖσα,
2722 979 2816 1030 καὶ
2849 977 3047 1046 ἀγαθὸν
3080 981 3342 1051 νοουμένη
3370 1021 3382 1044 ,
3438 982 3529 1033 καὶ
3573 983 3700 1050 ἁγα-

2139 1064 2232 1117 Θοῦ
2270 1065 2447 1136 πηγὴ,
2474 1067 2620 1137 ἁπλῆ
2647 1084 2737 1131 τε,
2781 1068 2875 1121 καὶ
2910 1069 3186 1140 μονοειδὴς
3206 1111 3220 1134 ,
3250 1072 3346 1124 καὶ
3387 1072 3696 1139 ἁσύνθετος,

2139 1157 2243 1209 ὑπὸ
2280 1158 2387 1211 τῶν
2424 1159 2742 1229 μαχομένων
2770 1161 2901 1231 ἡμῖν
2949 1164 3393 1236 μαρτυρουμένη.
3438 1166 3700 1237 Διαφορᾶν

2136 1249 2193 1301 δὲ
2258 1250 2394 1320 πρὸς
2463 1250 2657 1321 ἑαυτὴν
2704 1251 2815 1321 ἔχει
2883 1252 2960 1324 τῷ
3027 1254 3296 1325 μεγαλείῳ
3341 1256 3443 1325 τῆς
3501 1257 3700 1325 φύσεως

2137 1340 2486 1409 πρέπουσαν,
2534 1340 2595 1392 οὑ
2644 1341 2778 1412 πρὸς
2831 1342 2892 1394 τὸ
2941 1343 3125 1413 μεῖζον
3180 1344 3273 1397 καὶ
3306 1345 3530 1399 ἔλαττον
3573 1347 3697 1403 θεω-

2140 1434 2434 1505 ρουμένην,
2477 1435 2549 1497 ὡς
2596 1438 2625 1488 ὁ
2676 1436 2938 1507 Εὑνόμιος
2970 1438 3170 1505 οἴεται,
3220 1442 3248 1494 ὀ
3278 1442 3390 1512 γὰρ
3442 1443 3538 1513 τὴν
3584 1444 3700 1517 περὶ

2136 1525 2228 1577 τοῦ
2288 1526 2487 1593 ἀγαθοῦ
2548 1527 2752 1582 ἔννοιαν
2809 1529 3048 1583 ἐλαττῶν
3109 1531 3164 1584 ἓν
3224 1549 3328 1585 τινι
3372 1534 3481 1587 τῶν
3523 1538 3578 1589 ὲν
3636 1540 3696 1609 τῇ

2138 1615 2268 1687 ἁγίᾳ
2297 1617 2483 1684 Τριάδι
2518 1621 2993 1691 πεπιστευμένων,
3048 1623 3310 1694 μεμίχθαι
3348 1642 3402 1678 τι
3436 1627 3533 1697 τῆς
3560 1628 3698 1681 ἐναν-

2137 1708 2254 1770 ria;
2282 1708 2446 1772 ἕξεως
2484 1710 2559 1779 τῷ
2592 1711 2733 1766 κατὰ
2762 1712 2823 1765 τὸ
2854 1713 3057 1781 ἀγαθὸν
3095 1715 3477 1789 ὑστερουμένῳ
3499 1719 3699 1784 πάντως

458 1792 612 1847 trarii
646 1791 867 1846 habitus
907 1791 980 1854 ei,
1044 1790 1101 1844 in
1149 1805 1259 1859 quo
1290 1788 1538 1843 defectus
1572 1786 1833 1841 bonitatis
1865 1801 2025 1854 appa-

2136 1802 2713 1875 παρασκευάσει-ὅπερ
2749 1804 2867 1857 οὑτε
2915 1807 3005 1859 ἐπὶ
3041 1807 3132 1860 τοῦ
3184 1809 3544 1875 Μονογενοῦς,
3584 1810 3695 1864 οὔτε

458 1893 565 1947 ret,
598 1878 893 1939 admistum
939 1896 1106 1948 esse;
1142 1881 1285 1950 quod
1327 1881 1414 1935 vel
1443 1880 1515 1935 de
1551 1879 1832 1948 unigenito
1872 1878 2029 1945 Filio,

458 1976 545 2030 vel
576 1974 785 2045 Spiritu
837 1984 1032 2029 sancto
1068 1972 1332 2042 cogitare,
1370 1971 1651 2043 impietate
1683 1985 1793 2024 non
1834 1971 2030 2039 caret),

459 2067 556 2123 sed
592 2068 830 2136 positam
866 2065 921 2118 in
960 2078 1176 2119 summa
1205 2060 1569 2132 perfectione,
1621 2070 1676 2115 et
1724 2060 2033 2128 incompre-

458 2160 719 2217 hensibili
746 2158 1089 2222 excellentia,
1140 2170 1261 2225 quae
1313 2153 1564 2224 cujusvis
1622 2167 1870 2223 persona:
1907 2167 2035 2222 pro-

458 2249 785 2319 prietatibus
822 2247 1005 2302 inesse
1044 2244 1420 2315 cegnoscitur,
1468 2242 1926 2312 inconfusamque
1979 2250 2032 2297 et

458 2342 699 2398 discreta
721 2338 1029 2394 differentia
1060 2344 1428 2391 constantem.
1452 2336 1594 2389 Hinc
1613 2345 1803 2389 natura
1822 2335 2028 2400 divina,

456 2434 513 2488 in
572 2432 697 2497 hoc,
758 2429 902 2499 quod
941 2436 1027 2484 est
1086 2428 1396 2481 increatum
1441 2441 1583 2487 esse,
1640 2427 2032 2479 communione

456 2525 694 2597 quadam
746 2536 934 2577 secum
977 2519 1396 2574 immutabiliter
1423 2519 1709 2586 convenit;
1772 2518 1829 2571 in
1872 2533 2034 2588 pecu-

458 2618 691 2673 liaribus
724 2624 909 2670 autem
947 2613 1295 2684 singularum
1322 2626 1682 2683 personarum
1723 2614 2033 2682 proprieta-

455 2711 605 2766 tibus
633 2709 783 2763 nulla
806 2706 1197 2763 communione
1224 2703 1497 2775 jungitur.
1522 2703 1838 2773 Proprietas
1855 2706 2025 2767 enim,

457 2819 579 2876 quae
607 2801 788 2857 cuivis
820 2798 1100 2871 hypostasi
1132 2805 1187 2852 et
1208 2811 1459 2866 persona:
1488 2796 1689 2851 divinae
1729 2796 1909 2852 inesse
1946 2795 2030 2849 in—

455 2896 740 2967 telligitur,
771 2892 1061 2947 manifeste
1107 2900 1163 2945 et
1201 2906 1335 2960 pure
1364 2891 1598 2945 alterum
1640 2889 1708 2943 ab
1747 2890 1919 2944 altero
1940 2889 2030 2945 di-

458 2988 709 3057 stinguit,
735 2994 793 3039 ut
823 2984 1063 3053 exempli
1088 2983 1471 3053 gratia,Pater
1486 2982 1793 3052 appellatur
1822 2982 2032 3036 increa-

456 3093 547 3138 tus
580 3090 635 3137 et
675 3081 975 3152 ingenitus,
1006 3093 1187 3149 neque
1219 3077 1366 3133 enim
1402 3076 1622 3147 genitus
1646 3090 1828 3145 neque
1871 3090 2028 3131 crea-

456 3184 547 3230 tus
584 3181 689 3228 est.
719 3172 1025 3226 lncreatum
1049 3168 1216 3239 igitur
1233 3182 1357 3223 esse
1384 3180 1676 3222 commune
1706 3166 1871 3220 habet
1901 3181 2027 3219 cum

456 3264 597 3320 Filio
646 3272 701 3319 et
753 3262 963 3333 Spiritu
1002 3269 1213 3316 sancto.
1249 3259 1356 3314 Sed
1406 3259 1711 3329 ingenitum
1734 3267 1787 3313 et
1814 3258 2027 3312 Patrem

456 3372 601 3419 esse,
622 3356 724 3410 hoc
753 3354 1041 3425 proprium
1075 3360 1160 3407 est
1186 3364 1239 3406 et
1263 3350 1822 3415 incommunicabile;
1852 3363 2031 3417 neque

459 3448 514 3501 in
550 3447 659 3501 ulla
699 3446 929 3500 aliarum
960 3458 1321 3515 personarum
1377 3442 1676 3512 reperitur.
1729 3440 1902 3496 Filius
1933 3456 2031 3494 au-

458 3551 567 3596 tem
596 3553 718 3594 cum
741 3537 901 3592 Patre
928 3544 981 3593 et
1008 3536 1213 3607 Spiritu
1238 3544 1433 3591 sancto
1454 3536 1708 3604 jungitur
1727 3535 1780 3588 in
1803 3549 1870 3589 eo
1885 3534 2029 3604 quod

458 3634 741 3688 increatus
769 3640 882 3696 est;
920 3629 1069 3701 quod
1097 3644 1229 3685 vero
1271 3628 1590 3698 unigenitus
1644 3625 1816 3681 Filius
1868 3634 1920 3679 et
1957 3626 2031 3678 sit

457 3735 510 3782 et
541 3725 845 3796 appelletur
869 3767 885 3780 .
915 3723 969 3778 id
1004 3732 1064 3777 ut
1090 3721 1372 3792 proprium
1422 3719 1529 3774 sibi
1559 3719 1828 3785 vindicat,
1870 3717 2029 3787 quod

456 3833 631 3889 neque
655 3817 721 3871 de
746 3816 1130 3871 universorum
1165 3815 1292 3875 Deo,
1332 3829 1507 3883 neque
1542 3812 1609 3865 de
1640 3811 1846 3881 Spiritu
1901 3826 2029 3864 sau-

458 3918 547 3966 cto
583 3909 840 3964 aflirmari
872 3918 1073 3979 potest.
1136 3906 1377 3978 Spiritus
1407 3913 1629 3962 sanctus
1679 3904 2029 3958 communio-

457 4019 580 4059 nem
617 4004 778 4059 habet
810 4016 936 4056 cum
970 4000 1133 4056 Patre
1187 4006 1243 4054 et
1273 3998 1429 4063 Filio,
1481 3998 1535 4051 in
1565 3998 1691 4060 hoc,
1745 3994 1892 4066 quod
1948 4003 2033 4049 est

457 4099 697 4152 increata
757 4102 958 4149 natura
1031 4092 1321 4163 praeditum
1364 4106 1487 4146 esse
1529 4107 1543 4144 :
1594 4090 1961 4144 nihilominus
1999 4097 2043 4142 a‘

455 4188 618 4244 Patre
642 4198 696 4242 et
732 4185 877 4241 Filio
909 4184 1150 4257 propriis
1205 4185 1322 4239 suis
1362 4183 1683 4238 notionibus
1742 4180 2033 4251 distingui-

454 4288 567 4333 tur.
602 4277 763 4332 Notio
783 4279 928 4332 enim
961 4277 1113 4332 illius
1143 4283 1196 4330 et
1227 4277 1446 4345 signum
1483 4274 1723 4328 maxime
1742 4274 2025 4344 praprium

456 4386 562 4435 est,
578 4379 637 4425 ut
664 4370 797 4424 uihil
821 4384 1010 4425 eorum
1029 4369 1121 4432 sit,
1141 4384 1262 4438 qua:
1290 4366 1439 4420 Patri
1453 4376 1506 4421 et
1533 4364 1671 4419 Filio
1694 4366 1872 4420 inesse
1891 4365 2030 4419 ratio

2134 1890 2227 1941 ἐπὶ
2254 1890 2348 1943 τοῦ
2384 1891 2541 1959 ἁγίου
2589 1894 2899 1965 Πνεὺματος
2942 1899 3164 1963 εὐσεϐές
3199 1903 3316 1954 ἐστι
3365 1902 3694 1969 λογίζεσθαιο

2134 1981 2248 2035 ἀλλ’
2276 1984 2332 2034 ὲν
2362 1983 2507 2054 ἄκρᾳ
2529 1988 2593 2053 τῇ
2620 1986 2946 2057 τελειότητι,
2994 1991 3087 2044 κα)⁹
3136 1994 3191 2044 έν
3228 1994 3594 2067 ἁκαταλήπτῳ
3635 2000 3695 2068 τῇ

2135 2074 2374 2146 ὑπεροχῇ
2403 2076 2750 2148 θεωρουμένη
2781 2083 2892 2144 τοῖς
2931 2083 3329 2155 ἐνυπάρχουσιν
3362 2086 3564 2158 ἑκάστῃ
3597 2088 3699 2141 τῶν

2135 2166 2483 2219 ὑποστάσεων
2545 2168 2860 2239 ἰδιώμασιν,
2910 2171 3241 2242 ἀσὺγχυτον.
3291 2176 3385 2227 καί
3433 2175 3695 2249 διακεκρι-

2136 2258 2305 2328 μένην
2331 2259 2430 2329 τὴν
2456 2260 2716 2330 διαφορὰν
2757 2260 2888 2331 ἔχει.
2942 2263 3030 2315 Ἐν
3068 2264 3165 2333 μὲν
3194 2268 3258 2336 τῇ
3288 2266 3435 2319 κατὰ
3468 2267 3526 2320 τὸ
3553 2270 3689 2322 ἄκτι-

2136 2367 2258 2403 στον
2288 2352 2567 2423 κοινωνίᾳ,
2599 2353 2659 2406 τὸ
2704 2354 3121 2423 ἀπαράλλακτον
3155 2357 3354 2427 ἔχουσα
3373 2399 3388 2422 ,
3422 2360 3477 2411 ἐν
3516 2359 3569 2412 δὲ
3594 2362 3697 2423 τοίς

2134 2439 2427 2512 ἐξαιρέτοις
2460 2442 2566 2496 τῶν
2604 2443 2906 2509 ἰδιωμάτων
2940 2446 3169 2521 ἑκάστου
3212 2448 3271 2500 τὸ
3319 2448 3693 2520 ἀκοινώνητον.

2146 2532 2209 2583 Ἢ
2262 2530 2370 2603 γὰρ
2440 2532 2880 2605 ὲπιθεωρουμένη
2938 2536 3142 2609 ἑκάστῃ
3192 2538 3300 2591 τῶν
3363 2541 3697 2596 ὑποστάσεων

2137 2621 2351 2692 ἰδιότης,
2381 2624 2592 2695 τρανῶς
2619 2625 2713 2679 καὶ⁸
2735 2626 2987 2697 καθαρῶς
3016 2629 3075 2681 rb
3108 2630 3293 2701 ἕτερον
3322 2634 3435 2687 ἀπὸ
3468 2634 3556 2686 τοῦ
3585 2636 3687 2688 ἑτέ-

2135 2731 2229 2784 ρου
2271 2715 2559 2785 διῖστησιν·
2591 2710 2704 2769 οἷον
2749 2720 2778 2770 ὁ
2823 2719 3008 2790 Πατὴρ
3060 2719 3311 2786 ἄκτιστος
3348 2721 3489 2779 εἶναι
3519 2727 3693 2795 ὁμολο-

2132 2808 2343 2871 γεῖται,
2388 2806 2483 2858 καὶ
2526 2806 2851 2877 ὁιγιὲννητος⁸
2886 2807 3007 2862 οὔτε
3042 2810 3150 2883 γὰρ
3190 2813 3536 2885 γεγέννηται,
3582 2816 3693 2871 οὔτε

2132 2896 2394 2950 ἔκτισται.
2429 2897 2599 2950 Τοῦτο
2627 2894 2718 2951 οῦν
2759 2898 2819 2952 τὸ
2863 2899 3146 2967 ἄκτιστον,
3179 2905 3359 2957 κοινὸν
3393 2909 3538 2977 αὑτῷ
3572 2909 3693 2978 πρὸς

2131 2989 2223 3041 τὸν
2266 2988 2393 3041 Υἰόν
2440 2991 2554 3043 ἐστι
2609 2990 2701 3042 καὶ
2752 2990 2815 3044 rb
2846 2992 3066 3061 Πνεῦμα
3105 2994 3165 3046 rb
3197 2994 3351 3062 ἅγιον
3376 3014 3388 3026 ·
3437 2998 3568 3051 ἀλλὰ
3612 3000 3693 3051 καὶ

2132 3080 2424 3151 ἀγέννητος
2462 3082 2557 3134 καὶ
2598 3081 2820 3152 Πατήρ*
2852 3082 3009 3137 τοῦτο
3036 3084 3166 3138 ἴδιόν
3196 3104 3251 3140 τι
3286 3090 3385 3141 καὶ
3421 3089 3695 3159 ἀκοινώνηο

2131 3189 2221 3224 τον
2240 3212 2253 3235 ,
2283 3172 2419 3241 ὅπερ
2446 3173 2504 3224 ὲν
2536 3170 2712 3225 οὐδενὶ
2736 3172 2848 3225 τῶν
2874 3174 3181 3229 ὑπολοίπων
3205 3179 3688 3250 καταλαμϐάνεται·

2131 3265 2160 3315 ὁ
2196 3262 2252 3315 δὲ
2284 3261 2409 3324 Υἱὸς
2438 3263 2576 3315 κατὰ
2606 3262 2666 3315 τὸ
2696 3261 2949 3317 ἇκτιστον
2977 3264 3053 3334 τῷ
3080 3266 3272 3337 Πατρὶ,
3300 3271 3397 3321 καὶ
3420 3270 3496 3338 τῷ
3533 3269 3689 3322 Ilvati-

2136 3355 2269 3425 ματί
2312 3354 2744 3423 συναπτόμενος,
2796 3357 2854 3409 ὲν
2900 3357 2978 3426 τῷ
3034 3358 3195 3421 Υἱὸς,
3248 3362 3340 3412 καὶ
3398 3362 3693 3431 Μονογενὴς

2133 3443 2272 3499 εἶναί
2298 3464 2358 3499 τε
2390 3447 2483 3499 καὶ
2512 3446 2900 3517 ὀνομάζεσθαι,
2935 3449 2996 3501 τὸ
3027 3449 3223 3514 ἰδιάζον
3252 3451 3389 3521 ἔχει,
3422 3455 3552 3524 ὅπερ
3580 3451 3691 3507 οὔτε

2133 3542 2227 3593 ἐπὶ
2276 3540 2492 3592 πάντων
2535 3539 2670 3591 Θεοῦ
2692 3580 2707 3603 ,
2747 3539 2868 3594 οὒτε
2897 3541 2988 3593 τοῦ
3024 3542 3177 3610 ἁγίου
3206 3544 3521 3616 Πνεῦματός
3566 3549 3687 3600 ἐστι.

2133 3633 2204 3685 Τὸ
2230 3632 2284 3683 δὲ
2324 3630 2547 3701 Πνεῦμα
2584 3631 2644 3683 rb
2678 3632 2832 3700 ἅγιον
2866 3634 2923 3685 ὲν
2972 3632 3049 3704 τῷ
3080 3635 3319 3707 ἀκτίστῳ
3363 3638 3465 3705 τῆς
3494 3638 3689 3706 φύσεως

2131 3724 2229 3794 τὴν
2275 3724 2555 3777 κοινωνίαν
2601 3723 2721 3794 ἔχον
2772 3724 2907 3795 πρὸς
2949 3726 3111 3791 Υἰὸν,
3149 3729 3242 3781 καὶ
3286 3730 3537 3802 Πατέρα.
3589 3728 3690 3789 τοῖς

2135 3815 2282 3876 ἰδίοις
2331 3813 2492 3868 πάλιν
2546 3814 2919 3884 γνωρίσμασιν
2967 3816 3063 3867 ἀπ’
3115 3818 3293 3871 αὑτῶν
3348 3819 3686 3890 διακρίνεται.

2132 3907 2424 3977 Γνώρισμα
2452 3904 2561 3976 γὰρ
2587 3904 2747 3959 αὑτοῦ
2770 3945 2783 3969 ,
2825 3906 2919 3957 καὶ
2956 3908 3178 3977 σημεῖόν
3212 3911 3357 3962 ἐστιν
3395 3910 3685 3969 ἰδιαίτατον,

2131 4000 2191 4052 rb
2223 3998 2387 4069 μηδὲν
2430 3998 2653 4050 ἐκείνων
2693 3994 2827 4051 εἶναι
2850 4041 2863 4061 ,
2895 3998 3037 4069 ἅπερ
3069 4001 3211 4063 ἰδίως
3250 4001 3327 4072 τῷ
3359 4001 3565 4073 Πατρὶ,
3603 3998 3689 4052 καὶ

2130 4092 2208 4162 τῷ
2240 4091 2353 4161 Υἰῷ
2378 4094 2406 4144 ὁ
2444 4090 2599 4157 λόγος
2627 4091 2975 4161 ἐνεθεώρησε.
3008 4091 3080 4143 Tb
3109 4092 3215 4163 γὰρ
3238 4100 3369 4164 μήτε
3402 4092 3689 4161 ἀγεννήτως

2131 4181 2266 4239 εἶναι
2301 4185 2435 4254 μήτε
2465 4182 2784 4252 μονογενῶς,
2817 4178 2953 4236 εἶναι
2996 4183 3053 4237 δὲ
3082 4184 3247 4249 ὅλως,
3284 4184 3379 4255 τὴν
3432 4185 3691 4256 ἐξαίρετον

2135 4275 2297 4331 αὑτοῦ
2338 4275 2572 4343 ἰδιότητα
2611 4273 2745 4342 πρὸς
2789 4273 2857 4326 τὰ
2909 4276 3173 4346 εἰρημένα
3221 4277 3562 4347 παρίστησιν.
3608 4271 3691 4342 Τῷ

2134 4369 2241 4440 γὰρ
2275 4368 2450 4438 Πατρὶ
2480 4364 2618 4419 κατὰ
2660 4364 2720 4417 rb
2767 4365 3017 4419 ἇκτιστον
3066 4368 3504 4438 συναπτόμενον,
3544 4364 3691 4419 πάλιν

456 4466 650 4519 dictat.
677 4461 811 4517 Nam
833 4461 975 4532 quod
996 4477 1104 4515 non
1124 4463 1195 4515 sit
1214 4460 1485 4530 ingenitus
1502 4461 1681 4512 et'non
1706 4458 2031 4528 unigenitus,

2144 4463 2237 4515 ἀπ’
2265 4458 2427 4513 αὑτοῦ
2458 4456 2533 4528 τῷ
2580 4458 2652 4527 μὴ
2682 4458 2870 4528 Πατὴρ
2906 4454 3062 4520 εἶναι,
3094 4459 3342 4530 καθάπερ
3372 4451 3525 4522 οὗτός
3550 4460 3689 4516 ἐστι’.

456 4568 510 4614 ει
532 4567 717 4612 tamen
744 4571 867 4611 vero
888 4556 980 4618 sit,
1022 4556 1127 4607 hoc
1162 4554 1337 4623 ipsius
1364 4553 1694 4623 peculiarem
1728 4553 2037 4620 proprieta-

457 4660 709 4719 tem,qua
728 4665 756 4701 a
776 4647 1049 4716 praedictis
1065 4645 1443 4715 distinguitur,
1467 4650 1837 4714 repraesentat.
1861 4641 2036 4711 Spiri-

459 4752 547 4799 tus
564 4743 707 4798 enim
730 4739 880 4793 Patri
903 4739 1232 4808 conjunctus
1266 4744 1373 4801 est,
1402 4735 1699 4791 secundum
1724 4735 1870 4805 quod
1893 4743 2039 4789 uter-

456 4851 565 4906 que
594 4834 875 4889 increatus
900 4836 983 4883 est
1017 4846 1031 4894 ;
1089 4843 1287 4883 rursus
1330 4828 1400 4882 ab
1432 4842 1497 4881 eo
1540 4828 1922 4897 distinguitur,
1964 4843 2032 4883 eo

456 4926 605 4999 quod
635 4939 745 4979 non
778 4931 863 4977 cst
895 4921 1076 4981 Pater,
1134 4928 1297 4991 prout
1324 4921 1413 4975 ille
1458 4928 1541 4974 est
1571 4934 1586 4972 :
1622 4918 1759 4974 Filio
1800 4936 1929 4977 vero
1951 4920 2029 4991 (α)

457 5027 512 5074 ει
539 5015 841 5073 secundum
870 5012 1015 5084 quod
1048 5020 1277 5083 uterque
1309 5012 1589 5067 increatus
1617 5022 1722 5076 est,
1745 5020 1801 5068 et
1835 5026 2032 5068 secun-

458 5111 588 5165 dum
626 5106 772 5179 quod
804 5114 1032 5175 uterque
1060 5119 1129 5160 ex
1182 5104 1362 5175 primo
1396 5105 1671 5175 principio
1717 5120 1869 5161 suam
1902 5106 2032 5160 sub-

458 5199 759 5254 sistentiam
790 5197 975 5258 habet,
1028 5195 1395 5264 conjunctus;
1436 5196 1790 5263 distinguitur
1840 5198 1911 5251 ab
1968 5213 2033 5252 eo

460 5308 557 5346 sua
586 5292 938 5362 proprietate,
968 5305 1088 5359 quae
1113 5298 1217 5352 est,
1236 5289 1380 5360 quod
1410 5305 1511 5344 nec
1546 5299 1601 5343 ut
1635 5289 1945 5359 unigenitus
1966 5306 2027 5344 ex

458 5382 620 5438 Patre
652 5382 947 5453 productus
969 5390 1072 5447 est,
1102 5390 1156 5437 et
1181 5383 1325 5451 quod
1372 5397 1468 5451 per
1495 5382 1671 5452 ipsum
1718 5379 1913 5434 Filium
1963 5382 2032 5435 sit

458 5476 859 5532 manifestatus.
894 5474 960 5530 Et
993 5493 1115 5532 cum
1144 5485 1392 5533 creatura
1421 5492 1517 5546 per
1547 5474 1743 5530 Filiqu
1783 5476 1853 5532 sit
1901 5490 2028 5547 pro-

2096 4556 2101 4561 λ
2145 4551 2549 4624 διαχωρίζεταιο
2572 4552 2635 4621 τῇ
2660 4550 2795 4621 πρὸς
2815 4551 2904 4603 τὸν
2927 4550 3053 4603 Υἱὺν
3071 4551 3209 4604 κατὰ
3230 4553 3289 4604 τὸ
3310 4554 3555 4607 ἄκτιστον
3584 4563 3692 4601 συνο

2146 4647 2328 4716 αφείᾳ,
2352 4643 2445 4696 καὶ
2463 4644 2518 4694 ὲν
2547 4641 2623 4710 τῷ
2642 4640 2739 4711 τὴν
2759 4640 2933 4695 αἰτίαν
2958 4642 3056 4711 τῆς
3079 4642 3361 4713 ὑπάρξεως
3382 4644 3447 4695 ἐκ
3464 4640 3553 4694 τοῦ
3572 4636 3690 4693 Θεοῦ

2145 4738 2253 4790 τῶν
2299 4734 2432 4787 ὅλων
2464 4731 2606 4803 ἔχειν
2644 4732 2962 4801 ἑνούμενον,
2999 4734 3289 4803 ἀφίσταται
3334 4733 3493 4785 πάλιν
3528 4733 3582 4784 ὲν
3622 4725 3692 4796 τῷ

2151 4831 2421 4895 ἰδιάζοντισ
2444 4828 2499 4878 ὲν
2539 4824 2614 4894 τῷ
2640 4824 2771 4895 μήτε
2798 4825 3097 4894 μονογενῶς
3124 4827 3187 4877 ὲκ
3215 4824 3307 4877 τοῦ
3345 4822 3549 4893 Πατρὸς
3574 4818 3691 4872 ὁποι

2137 4925 2361 4991 στῆναι,
2418 4921 2511 4975 καὶ
2543 4922 2600 4974 ὲν
2627 4919 2702 4989 τῷ
2751 4919 2816 4971 δι’
2844 4917 3008 4970 αὑτοῦ
3051 4916 3144 4970 τοῦ
3187 4916 3317 4969 Υἰοῦ
3363 4912 3649 4984 πεφηνέναι
3674 4924 3685 4938 ’

2138 5016 2298 5069 πάλιν
2318 5014 2374 5068 δὲ
2403 5014 2500 5082 τῆς
2529 5011 2757 5072 κτίσεως
2782 5008 2869 5061 διὰ
2887 5006 2981 5061 τοῦ
3013 5005 3347 5074 Μονογενοῦς
3373 5002 3684 5070 ὑποστάσης.

2136 5110 2211 5168 ὡς
2246 5107 2310 5160 ἂν
2342 5105 2415 5176 μὴ
2444 5103 2729 5172 κοινότητά
2754 5118 2875 5154 τινα
2917 5099 3049 5171 πρὸς
3072 5098 3274 5169 ταύτην
3297 5097 3438 5168 ἔχειν
3474 5089 3684 5164 νομισθῇ

2136 5198 2196 5249 rb
2252 5194 2473 5265 Πνεῦμα
2534 5194 2597 5246 ὲκ
2632 5191 2724 5244 τοῦ
2756 5191 2843 5243 διὰ
2880 5191 2970 5243 τοῦ
3010 5188 3140 5241 Υἱοῦ
3186 5186 3479 5256 πεφηνέναι
3524 5184 3578 5235 ὲν
3615 5177 3686 5245 τῷ

2139 5288 2425 5359 ἀτρέπτῳ,
2459 5286 2553 5338 καὶ
2595 5282 2936 5353 ἁναλλοιώτῳ
2957 5324 2969 5346 ,
3015 5282 3102 5335 καὶ
3128 5279 3417 5354 ἀπροσδεεῖ
3445 5276 3539 5344 τῆς
3584 5268 3684 5359 ert-

2142 5357 2309 5451 ρωδεν
2350 5375 2680 5446 ἀγαθότητος
2700 5414 2714 5438 ,
2760 5372 3090 5444 διακρίνεται
3121 5369 3183 5423 τὸ
3224 5368 3445 5438 Πνεῦμα
3475 5362 3577 5418 ἀπὸ
3596 5357 3687 5451 τῆς

2134 5448 2383 5531 κτίσεως.
2415 5468 2487 5519 Tb
2508 5466 2612 5537 γὰρ
2644 5464 2961 5535 ἅτρεπτονή
3003 5461 3179 5525 κτίσις
3208 5461 3264 5513 ὲν
3319 5461 3386 5529 τῇ
3424 5455 3573 5526 φύσει
3596 5448 3687 5502 οὐκ

530 5680 608 5746 (α)
672 5679 813 5733 Citat
850 5680 992 5737 hunc
1025 5683 1198 5739 locum
1244 5681 1526 5737 Bessarion
1573 5679 1629 5733 in
1652 5680 1803 5737 Orat.
1841 5681 2013 5751 dogm.
2045 5693 2098 5732 c.
2138 5676 2192 5741 6,
2215 5683 2271 5730 et
2304 5669 2546 5728 Gennail.
2575 5667 2726 5735 Apol.
2753 5680 2847 5734 pro
2882 5664 3085 5720 Concil.
3117 5661 3356 5718 Floreat.
3400 5659 3462 5712 de
3491 5650 3685 5723 Spiﬂu

460 5752 680 5817 Sancto,
699 5760 829 5805 sect.
854 5750 907 5808 6.
