  <div class='ocr_page' id='page_1' title='image "/cluster/home/n/w/nwhite01/storage/ocr_20150623/45/hvd.32044019826437/176.png"; bbox 0 0 3920 6480; ppageno 0'>
   <div class='ocr_carea' id='block_1_1' title="bbox 192 359 3443 427">
    <p class='ocr_par' dir='ltr' id='par_1_1' title="bbox 192 359 3443 427">
     <span class='ocr_line' id='line_1_1' title="bbox 192 359 3443 427; baseline -0.001 -8"><span class='ocrx_word' id='word_1_1' title='bbox 192 368 284 419; x_wconf 73' lang='lat'><strong>357</strong></span> <span class='ocrx_word' id='word_1_2' title='bbox 1315 364 1590 421; x_wconf 68' lang='lat' dir='ltr'><strong>CONTRA</strong></span> <span class='ocrx_word' id='word_1_3' title='bbox 1632 362 2023 427; x_wconf 77' lang='lat' dir='ltr'><strong>EUNOMIUM,</strong></span> <span class='ocrx_word' id='word_1_4' title='bbox 2059 364 2187 419; x_wconf 84' lang='lat' dir='ltr'><strong>LIB.</strong></span> <span class='ocrx_word' id='word_1_5' title='bbox 2222 363 2259 418; x_wconf 82' lang='grc' dir='ltr'><strong>ῐ.</strong></span> <span class='ocrx_word' id='word_1_6' title='bbox 3337 359 3443 417; x_wconf 73' lang='lat'><strong>538</strong></span> 
     </span>
    </p>
   </div>
   <div class='ocr_carea' id='block_1_2' title="bbox 191 456 1768 555">
    <p class='ocr_par' dir='ltr' id='par_1_2' title="bbox 191 481 1759 555">
     <span class='ocr_line' id='line_1_2' title="bbox 191 481 1759 555; baseline 0 -19"><span class='ocrx_word' id='word_1_7' title='bbox 191 486 321 555; x_wconf 77' lang='grc' dir='ltr'>εχει,</span> <span class='ocrx_word' id='word_1_8' title='bbox 379 481 563 546; x_wconf 66' lang='grc' dir='ltr'>καθώς</span> <span class='ocrx_word' id='word_1_9' title='bbox 610 483 853 553; x_wconf 75' lang='grc' dir='ltr'>φησινὴ</span> <span class='ocrx_word' id='word_1_10' title='bbox 913 482 1137 554; x_wconf 80' lang='grc' dir='ltr'>Γραφὴ,</span> <span class='ocrx_word' id='word_1_11' title='bbox 1184 481 1275 535; x_wconf 72' lang='grc' dir='ltr'>τοῦ</span> <span class='ocrx_word' id='word_1_12' title='bbox 1337 484 1612 554; x_wconf 77' lang='grc' dir='ltr'>ἑωσφόρον</span> <span class='ocrx_word' id='word_1_13' title='bbox 1660 482 1759 555; x_wconf 84' lang='grc' dir='ltr'>τὴν</span> 
     </span>
    </p>
   </div>
   <div class='ocr_carea' id='block_1_3' title="bbox 1879 456 3441 555">
    <p class='ocr_par' dir='ltr' id='par_1_3' title="bbox 1879 456 3441 550">
     <span class='ocr_line' id='line_1_3' title="bbox 1879 456 3441 550; baseline -0.003 -12"><span class='ocrx_word' id='word_1_14' title='bbox 1879 483 2047 545; x_wconf 89' lang='lat' dir='ltr'><strong>lucta,</strong></span> <span class='ocrx_word' id='word_1_15' title='bbox 2072 497 2142 536; x_wconf 88' lang='lat' dir='ltr'><strong>ne</strong></span> <span class='ocrx_word' id='word_1_16' title='bbox 2168 482 2290 550; x_wconf 91' lang='lat' dir='ltr'><strong>quis</strong></span> <span class='ocrx_word' id='word_1_17' title='bbox 2323 487 2473 549; x_wconf 86' lang='lat' dir='ltr'><strong>putet</strong></span> <span class='ocrx_word' id='word_1_18' title='bbox 2498 478 2703 547; x_wconf 86' lang='lat' dir='ltr'><strong>aliquid</strong></span> <span class='ocrx_word' id='word_1_19' title='bbox 2732 494 3021 533; x_wconf 85' lang='lat' dir='ltr'><strong>commune</strong></span> <span class='ocrx_word' id='word_1_20' title='bbox 3056 456 3178 534; x_wconf 85' lang='lat' dir='ltr'><strong>esse</strong></span> <span class='ocrx_word' id='word_1_21' title='bbox 3207 477 3441 548; x_wconf 76' lang='lat' dir='ltr'><strong>Spiritui</strong></span> 
     </span>
    </p>
   </div>
   <div class='ocr_carea' id='block_1_4' title="bbox 192 569 1768 646">
    <p class='ocr_par' dir='ltr' id='par_1_4' title="bbox 192 569 1758 646">
     <span class='ocr_line' id='line_1_4' title="bbox 192 569 1758 646; baseline 0.002 -20"><span class='ocrx_word' id='word_1_22' title='bbox 192 574 384 631; x_wconf 76' lang='grc' dir='ltr'>πτῶσιν</span> <span class='ocrx_word' id='word_1_23' title='bbox 424 575 790 644; x_wconf 79' lang='grc' dir='ltr'>διηγουμένη,</span> <span class='ocrx_word' id='word_1_24' title='bbox 837 574 967 646; x_wconf 79' lang='grc' dir='ltr'>περὶ</span> <span class='ocrx_word' id='word_1_25' title='bbox 1014 569 1073 627; x_wconf 74' lang='grc' dir='ltr'><strong>οὗ</strong></span> <span class='ocrx_word' id='word_1_26' title='bbox 1104 577 1195 627; x_wconf 74' lang='grc' dir='ltr'><strong>καὶ</strong></span> <span class='ocrx_word' id='word_1_27' title='bbox 1228 576 1257 627; x_wconf 99' lang='lat'><strong>6</strong></span> <span class='ocrx_word' id='word_1_28' title='bbox 1303 574 1508 646; x_wconf 82' lang='grc' dir='ltr'>Κύριος</span> <span class='ocrx_word' id='word_1_29' title='bbox 1546 577 1758 629; x_wconf 79' lang='grc' dir='ltr'>ἀποκα-</span> 
     </span>
    </p>
   </div>
   <div class='ocr_carea' id='block_1_5' title="bbox 1879 569 3444 646">
    <p class='ocr_par' dir='ltr' id='par_1_5' title="bbox 1879 570 3444 642">
     <span class='ocr_line' id='line_1_5' title="bbox 1879 570 3444 642; baseline -0.002 -16"><span class='ocrx_word' id='word_1_30' title='bbox 1879 586 1909 628; x_wconf 78' lang='lat' dir='ltr'><strong>:t</strong></span> <span class='ocrx_word' id='word_1_31' title='bbox 1964 581 2252 637; x_wconf 71' lang='lat' dir='ltr'><strong>creaturae,</strong></span> <span class='ocrx_word' id='word_1_32' title='bbox 2318 578 2603 642; x_wconf 88' lang='lat' dir='ltr'><strong>pr0pterea</strong></span> <span class='ocrx_word' id='word_1_33' title='bbox 2645 570 2788 639; x_wconf 88' lang='lat' dir='ltr'><strong>quod</strong></span> <span class='ocrx_word' id='word_1_34' title='bbox 2843 570 3047 625; x_wconf 90' lang='lat' dir='ltr'><strong>dicitur</strong></span> <span class='ocrx_word' id='word_1_35' title='bbox 3101 587 3195 640; x_wconf 89' lang='lat' dir='ltr'><strong>per</strong></span> <span class='ocrx_word' id='word_1_36' title='bbox 3244 570 3444 625; x_wconf 85' lang='lat' dir='ltr'><strong>Filium</strong></span> 
     </span>
    </p>
   </div>
   <div class='ocr_carea' id='block_1_6' title="bbox 190 661 1768 735">
    <p class='ocr_par' dir='ltr' id='par_1_6' title="bbox 190 663 1751 735">
     <span class='ocr_line' id='line_1_6' title="bbox 190 663 1751 735; baseline 0 -15"><span class='ocrx_word' id='word_1_37' title='bbox 190 667 392 720; x_wconf 74' lang='grc' dir='ltr'>λὺπτων</span> <span class='ocrx_word' id='word_1_38' title='bbox 428 667 545 726; x_wconf 87' lang='grc' dir='ltr'>τοῖς</span> <span class='ocrx_word' id='word_1_39' title='bbox 583 663 851 734; x_wconf 82' lang='grc' dir='ltr'><strong>μαθηταῖς</strong></span> <span class='ocrx_word' id='word_1_40' title='bbox 876 666 945 718; x_wconf 80' lang='grc' dir='ltr'><strong>τά</strong></span> <span class='ocrx_word' id='word_1_41' title='bbox 1000 666 1272 735; x_wconf 76' lang='grc' dir='ltr'>μυστήρια</span> <span class='ocrx_word' id='word_1_42' title='bbox 1292 665 1510 734; x_wconf 79' lang='grc' dir='ltr'>ἔλεγεν·</span> <span class='ocrx_word' id='word_1_43' title='bbox 1553 665 1751 720; x_wconf 82' lang='grc' dir='ltr'>Ἐθεώ-</span> 
     </span>
    </p>
   </div>
   <div class='ocr_carea' id='block_1_7' title="bbox 1879 661 3445 735">
    <p class='ocr_par' dir='ltr' id='par_1_7' title="bbox 1879 661 3445 718">
     <span class='ocr_line' id='line_1_7' title="bbox 1879 661 3445 718; baseline -0.001 -1"><span class='ocrx_word' id='word_1_44' title='bbox 1879 662 2295 718; x_wconf 78' lang='lat' dir='ltr'><strong>nanifestatus:</strong></span> <span class='ocrx_word' id='word_1_45' title='bbox 2348 661 2791 715; x_wconf 88' lang='lat' dir='ltr'><strong>immutabilitate</strong></span> <span class='ocrx_word' id='word_1_46' title='bbox 2868 670 2924 715; x_wconf 92' lang='lat' dir='ltr'><strong>et</strong></span> <span class='ocrx_word' id='word_1_47' title='bbox 2977 663 3361 717; x_wconf 90' lang='lat' dir='ltr'><strong>immobilitate</strong></span> <span class='ocrx_word' id='word_1_48' title='bbox 3412 677 3445 715; x_wconf 70' lang='grc' dir='ltr'><strong>ιι</strong></span> 
     </span>
    </p>
   </div>
   <div class='ocr_carea' id='block_1_8' title="bbox 184 752 1768 825">
    <p class='ocr_par' dir='ltr' id='par_1_8' title="bbox 184 753 1758 825">
     <span class='ocr_line' id='line_1_8' title="bbox 184 753 1758 825; baseline -0.001 -14"><span class='ocrx_word' id='word_1_49' title='bbox 184 774 322 825; x_wconf 74' lang='lat' dir='ltr'><strong>pavr</strong></span> <span class='ocrx_word' id='word_1_50' title='bbox 368 754 482 809; x_wconf 74' lang='grc' dir='ltr'>τὸν</span> <span class='ocrx_word' id='word_1_51' title='bbox 523 753 822 820; x_wconf 78' lang='grc' dir='ltr'><strong>Σατανᾶν,</strong></span> <span class='ocrx_word' id='word_1_52' title='bbox 882 755 965 821; x_wconf 85' lang='grc' dir='ltr'><strong>ὡς</strong></span> <span class='ocrx_word' id='word_1_53' title='bbox 1015 755 1336 823; x_wconf 80' lang='grc' dir='ltr'>ἀστραπὴν</span> <span class='ocrx_word' id='word_1_54' title='bbox 1389 757 1653 810; x_wconf 80' lang='grc' dir='ltr'><strong>πεσόντα</strong></span> <span class='ocrx_word' id='word_1_55' title='bbox 1689 758 1758 809; x_wconf 83' lang='grc' dir='ltr'><strong><em>ἐκ</em></strong></span> 
     </span>
    </p>
   </div>
   <div class='ocr_carea' id='block_1_9' title="bbox 1879 752 3444 825">
    <p class='ocr_par' dir='ltr' id='par_1_9' title="bbox 1879 752 3444 822">
     <span class='ocr_line' id='line_1_9' title="bbox 1879 752 3444 822; baseline -0.001 -14"><span class='ocrx_word' id='word_1_56' title='bbox 1879 763 2114 810; x_wconf 84' lang='lat' dir='ltr'><strong>:reatura</strong></span> <span class='ocrx_word' id='word_1_57' title='bbox 2151 754 2531 822; x_wconf 86' lang='lat' dir='ltr'><strong>distinguitur.</strong></span> <span class='ocrx_word' id='word_1_58' title='bbox 2569 752 2702 808; x_wconf 85' lang='lat' dir='ltr'><strong>Nam</strong></span> <span class='ocrx_word' id='word_1_59' title='bbox 2735 761 2985 808; x_wconf 81' lang='lat' dir='ltr'><strong>creatura</strong></span> <span class='ocrx_word' id='word_1_60' title='bbox 3016 769 3081 808; x_wconf 80' lang='lat' dir='ltr'><strong>ex</strong></span> <span class='ocrx_word' id='word_1_61' title='bbox 3119 768 3216 808; x_wconf 88' lang='lat' dir='ltr'><strong>sua</strong></span> <span class='ocrx_word' id='word_1_62' title='bbox 3250 764 3444 807; x_wconf 90' lang='lat' dir='ltr'><strong>natura</strong></span> 
     </span>
    </p>
   </div>
   <div class='ocr_carea' id='block_1_10' title="bbox 186 837 1768 915">
    <p class='ocr_par' dir='ltr' id='par_1_10' title="bbox 186 837 1762 915">
     <span class='ocr_line' id='line_1_10' title="bbox 186 837 1762 915; baseline 0.001 -18"><span class='ocrx_word' id='word_1_63' title='bbox 186 847 279 899; x_wconf 75' lang='grc' dir='ltr'>τοῦ</span> <span class='ocrx_word' id='word_1_64' title='bbox 321 844 614 911; x_wconf 76' lang='grc' dir='ltr'>οὐρανοῦ.</span> <span class='ocrx_word' id='word_1_65' title='bbox 647 844 723 895; x_wconf 88' lang='grc' dir='ltr'><strong>Δι’</strong></span> <span class='ocrx_word' id='word_1_66' title='bbox 754 837 830 896; x_wconf 84' lang='grc' dir='ltr'>ὧν</span> <span class='ocrx_word' id='word_1_67' title='bbox 858 844 916 897; x_wconf 82' lang='grc' dir='ltr'>δὲ</span> <span class='ocrx_word' id='word_1_68' title='bbox 942 846 1039 914; x_wconf 85' lang='grc' dir='ltr'><strong>τῆς</strong></span> <span class='ocrx_word' id='word_1_69' title='bbox 1068 845 1298 907; x_wconf 79' lang='grc' dir='ltr'><strong>κτίσεως</strong></span> <span class='ocrx_word' id='word_1_70' title='bbox 1318 846 1643 915; x_wconf 82' lang='grc' dir='ltr'><strong>ἀφίσταται,</strong></span> <span class='ocrx_word' id='word_1_71' title='bbox 1672 846 1762 899; x_wconf 83' lang='grc' dir='ltr'>διὰ</span> 
     </span>
    </p>
   </div>
   <div class='ocr_carea' id='block_1_11' title="bbox 1879 837 3445 915">
    <p class='ocr_par' dir='ltr' id='par_1_11' title="bbox 1879 842 3445 914">
     <span class='ocr_line' id='line_1_11' title="bbox 1879 842 3445 914; baseline -0.002 -14"><span class='ocrx_word' id='word_1_72' title='bbox 1879 863 1967 901; x_wconf 80' lang='lat' dir='ltr'><strong>ton</strong></span> <span class='ocrx_word' id='word_1_73' title='bbox 1992 854 2076 903; x_wconf 92' lang='lat' dir='ltr'><strong>est</strong></span> <span class='ocrx_word' id='word_1_74' title='bbox 2108 846 2487 909; x_wconf 82' lang='lat' dir='ltr'><strong>immutabilis,</strong></span> <span class='ocrx_word' id='word_1_75' title='bbox 2542 855 2600 899; x_wconf 93' lang='lat' dir='ltr'><strong>ut</strong></span> <span class='ocrx_word' id='word_1_76' title='bbox 2653 842 2938 914; x_wconf 80' lang='lat' dir='ltr'><strong>Scriptura</strong></span> <span class='ocrx_word' id='word_1_77' title='bbox 2976 852 3213 899; x_wconf 81' lang='lat' dir='ltr'><strong>testatur</strong></span> <span class='ocrx_word' id='word_1_78' title='bbox 3250 860 3445 898; x_wconf 90' lang='lat' dir='ltr'><strong>casum</strong></span> 
     </span>
    </p>
   </div>
   <div class='ocr_carea' id='block_1_12' title="bbox 184 934 1768 1007">
    <p class='ocr_par' dir='ltr' id='par_1_12' title="bbox 184 934 1762 1007">
     <span class='ocr_line' id='line_1_12' title="bbox 184 934 1762 1007; baseline 0.001 -18"><span class='ocrx_word' id='word_1_79' title='bbox 184 937 277 989; x_wconf 81' lang='grc' dir='ltr'>τῶν</span> <span class='ocrx_word' id='word_1_80' title='bbox 303 934 489 987; x_wconf 74' lang='grc' dir='ltr'>αὐτῶν</span> <span class='ocrx_word' id='word_1_81' title='bbox 528 936 737 989; x_wconf 79' lang='grc' dir='ltr'>τούτων</span> <span class='ocrx_word' id='word_1_82' title='bbox 777 936 913 1006; x_wconf 76' lang='grc' dir='ltr'>πρὸς</span> <span class='ocrx_word' id='word_1_83' title='bbox 934 936 1022 987; x_wconf 73' lang='grc' dir='ltr'><strong>τὸν</strong></span> <span class='ocrx_word' id='word_1_84' title='bbox 1046 936 1264 1006; x_wconf 82' lang='grc' dir='ltr'><strong>Πατέρα</strong></span> <span class='ocrx_word' id='word_1_85' title='bbox 1288 954 1345 989; x_wconf 77' lang='grc' dir='ltr'><strong>τε</strong></span> <span class='ocrx_word' id='word_1_86' title='bbox 1372 939 1465 990; x_wconf 72' lang='grc' dir='ltr'>καὶ</span> <span class='ocrx_word' id='word_1_87' title='bbox 1490 938 1614 991; x_wconf 75' lang='grc' dir='ltr'>Υἱὸν</span> <span class='ocrx_word' id='word_1_88' title='bbox 1648 937 1762 1007; x_wconf 80' lang='grc' dir='ltr'>ἔχει</span> 
     </span>
    </p>
   </div>
   <div class='ocr_carea' id='block_1_13' title="bbox 1879 934 3450 1007">
    <p class='ocr_par' dir='ltr' id='par_1_13' title="bbox 1879 934 3450 1006">
     <span class='ocr_line' id='line_1_13' title="bbox 1879 934 3450 1006; baseline -0.002 -17"><span class='ocrx_word' id='word_1_89' title='bbox 1879 937 2099 993; x_wconf 52' lang='lat' dir='ltr'><strong>guciferi</strong></span> <span class='ocrx_word' id='word_1_90' title='bbox 2126 951 2393 991; x_wconf 90' lang='lat' dir='ltr'><strong>enarrans</strong></span> <span class='ocrx_word' id='word_1_91' title='bbox 2413 936 2459 967; x_wconf 74' lang='lat'><strong>“</strong></span> <span class='ocrx_word' id='word_1_92' title='bbox 2492 936 2599 991; x_wconf 90' lang='lat' dir='ltr'><strong>:de</strong></span> <span class='ocrx_word' id='word_1_93' title='bbox 2645 950 2754 1006; x_wconf 90' lang='lat' dir='ltr'><strong>quo</strong></span> <span class='ocrx_word' id='word_1_94' title='bbox 2790 934 3056 988; x_wconf 88' lang='lat' dir='ltr'><strong>Dominus</strong></span> <span class='ocrx_word' id='word_1_95' title='bbox 3092 948 3313 1004; x_wconf 80' lang='lat' dir='ltr'><strong>qunque</strong></span> <span class='ocrx_word' id='word_1_96' title='bbox 3352 947 3450 986; x_wconf 73' lang='lat' dir='ltr'><strong>ex-</strong></span> 
     </span>
    </p>
   </div>
   <div class='ocr_carea' id='block_1_14' title="bbox 182 1023 1768 1099">
    <p class='ocr_par' dir='ltr' id='par_1_14' title="bbox 182 1025 1763 1098">
     <span class='ocr_line' id='line_1_14' title="bbox 182 1025 1763 1098; baseline 0.002 -19"><span class='ocrx_word' id='word_1_97' title='bbox 182 1029 267 1097; x_wconf 74' lang='grc' dir='ltr'><strong>τὴν</strong></span> <span class='ocrx_word' id='word_1_98' title='bbox 293 1028 629 1097; x_wconf 79' lang='grc' dir='ltr'>οἰκειότητα.</span> <span class='ocrx_word' id='word_1_99' title='bbox 664 1025 760 1091; x_wconf 74' lang='grc' dir='ltr'><strong>Εἷς</strong></span> <span class='ocrx_word' id='word_1_100' title='bbox 796 1030 905 1098; x_wconf 80' lang='grc' dir='ltr'><strong>γάρ</strong></span> <span class='ocrx_word' id='word_1_101' title='bbox 938 1027 1031 1079; x_wconf 74' lang='grc' dir='ltr'><strong>καὶ</strong></span> <span class='ocrx_word' id='word_1_102' title='bbox 1070 1030 1097 1080; x_wconf 95' lang='lat'><strong>6</strong></span> <span class='ocrx_word' id='word_1_103' title='bbox 1136 1028 1297 1090; x_wconf 79' lang='grc' dir='ltr'>αὐτὸς</span> <span class='ocrx_word' id='word_1_104' title='bbox 1337 1030 1428 1081; x_wconf 71' lang='grc' dir='ltr'><strong>ἐπὶ</strong></span> <span class='ocrx_word' id='word_1_105' title='bbox 1465 1029 1572 1082; x_wconf 81' lang='grc' dir='ltr'><strong>τῶν</strong></span> <span class='ocrx_word' id='word_1_106' title='bbox 1620 1029 1763 1082; x_wconf 74' lang='grc' dir='ltr'>κατὰ</span> 
     </span>
    </p>
   </div>
   <div class='ocr_carea' id='block_1_15' title="bbox 1879 1023 3444 1099">
    <p class='ocr_par' dir='ltr' id='par_1_15' title="bbox 1879 1023 3444 1099">
     <span class='ocr_line' id='line_1_15' title="bbox 1879 1023 3444 1099; baseline -0.003 -18"><span class='ocrx_word' id='word_1_107' title='bbox 1879 1030 2075 1090; x_wconf 62' lang='lat' dir='ltr'><strong>plicans</strong></span> <span class='ocrx_word' id='word_1_108' title='bbox 2098 1028 2383 1097; x_wconf 88' lang='lat' dir='ltr'><strong>discipulis</strong></span> <span class='ocrx_word' id='word_1_109' title='bbox 2413 1028 2530 1083; x_wconf 88' lang='lat' dir='ltr'><strong>suis</strong></span> <span class='ocrx_word' id='word_1_110' title='bbox 2561 1028 2840 1099; x_wconf 82' lang='lat' dir='ltr'><strong>mysteria,</strong></span> <span class='ocrx_word' id='word_1_111' title='bbox 2899 1026 3078 1081; x_wconf 81' lang='lat' dir='ltr'><strong>aiebat</strong></span> <span class='ocrx_word' id='word_1_112' title='bbox 3107 1044 3119 1080; x_wconf 91' lang='lat'><strong>:</strong></span> <span class='ocrx_word' id='word_1_113' title='bbox 3158 1024 3283 1079; x_wconf 82' lang='lat' dir='ltr'><strong>Vidi</strong></span> <span class='ocrx_word' id='word_1_114' title='bbox 3339 1023 3444 1078; x_wconf 81' lang='lat' dir='ltr'><strong>Sa-</strong></span> 
     </span>
    </p>
   </div>
   <div class='ocr_carea' id='block_1_16' title="bbox 178 1115 1768 1192">
    <p class='ocr_par' dir='ltr' id='par_1_16' title="bbox 178 1119 1758 1192">
     <span class='ocr_line' id='line_1_16' title="bbox 178 1119 1758 1192; baseline 0.002 -22"><span class='ocrx_word' id='word_1_115' title='bbox 178 1120 332 1187; x_wconf 71' lang='grc' dir='ltr'>φὺσιν</span> <span class='ocrx_word' id='word_1_116' title='bbox 380 1119 760 1171; x_wconf 82' lang='grc' dir='ltr'>ἀνεπιδέκτων</span> <span class='ocrx_word' id='word_1_117' title='bbox 804 1120 899 1171; x_wconf 82' lang='grc' dir='ltr'><strong>τοῦ</strong></span> <span class='ocrx_word' id='word_1_118' title='bbox 940 1121 1215 1190; x_wconf 86' lang='grc' dir='ltr'>χείρονος,</span> <span class='ocrx_word' id='word_1_119' title='bbox 1266 1123 1295 1173; x_wconf 92' lang='lat'><strong>6</strong></span> <span class='ocrx_word' id='word_1_120' title='bbox 1330 1120 1425 1173; x_wconf 75' lang='grc' dir='ltr'>τοῦ</span> <span class='ocrx_word' id='word_1_121' title='bbox 1455 1121 1758 1192; x_wconf 85' lang='grc' dir='ltr'>άτρέπτου,</span> 
     </span>
    </p>
   </div>
   <div class='ocr_carea' id='block_1_17' title="bbox 1879 1115 3443 1192">
    <p class='ocr_par' dir='ltr' id='par_1_17' title="bbox 1879 1115 3443 1189">
     <span class='ocr_line' id='line_1_17' title="bbox 1879 1115 3443 1189; baseline -0.003 -15"><span class='ocrx_word' id='word_1_122' title='bbox 1879 1137 2042 1174; x_wconf 81' lang='lat' dir='ltr'><strong>‘anam</strong></span> <span class='ocrx_word' id='word_1_123' title='bbox 2095 1130 2344 1189; x_wconf 84' lang='lat' dir='ltr'><strong>tanquam</strong></span> <span class='ocrx_word' id='word_1_124' title='bbox 2387 1119 2570 1189; x_wconf 75' lang='lat' dir='ltr'><strong>fulgur</strong></span> <span class='ocrx_word' id='word_1_125' title='bbox 2592 1119 2865 1172; x_wconf 82' lang='lat' dir='ltr'><strong>cadentem</strong></span> <span class='ocrx_word' id='word_1_126' title='bbox 2893 1133 2959 1172; x_wconf 79' lang='lat' dir='ltr'><strong>ea:</strong></span> <span class='ocrx_word' id='word_1_127' title='bbox 2985 1119 3116 1172; x_wconf 63' lang='lat' dir='ltr'><strong>caelo</strong></span> <span class='ocrx_word' id='word_1_128' title='bbox 3131 1118 3198 1171; x_wconf 73' lang='lat'><strong>“.</strong></span> <span class='ocrx_word' id='word_1_129' title='bbox 3228 1115 3443 1182; x_wconf 83' lang='lat' dir='ltr'><strong>Quibus</strong></span> 
     </span>
    </p>
   </div>
   <div class='ocr_carea' id='block_1_18' title="bbox 176 1209 1768 1279">
    <p class='ocr_par' dir='ltr' id='par_1_18' title="bbox 176 1210 867 1279">
     <span class='ocr_line' id='line_1_18' title="bbox 176 1210 867 1279; baseline 0.001 -15"><span class='ocrx_word' id='word_1_130' title='bbox 176 1212 263 1264; x_wconf 78' lang='lat' dir='ltr'><strong>xui</strong></span> <span class='ocrx_word' id='word_1_131' title='bbox 290 1210 664 1264; x_wconf 83' lang='grc' dir='ltr'>άναλλοιὼτου</span> <span class='ocrx_word' id='word_1_132' title='bbox 689 1213 867 1279; x_wconf 85' lang='grc' dir='ltr'><strong>λόγος.</strong></span> 
     </span>
    </p>
   </div>
   <div class='ocr_carea' id='block_1_19' title="bbox 1879 1209 3452 1279">
    <p class='ocr_par' dir='ltr' id='par_1_19' title="bbox 1879 1209 3452 1279">
     <span class='ocr_line' id='line_1_19' title="bbox 1879 1209 3452 1279; baseline -0.002 -13"><span class='ocrx_word' id='word_1_133' title='bbox 1879 1223 2043 1266; x_wconf 80' lang='lat' dir='ltr'><strong>intem</strong></span> <span class='ocrx_word' id='word_1_134' title='bbox 2079 1227 2108 1265; x_wconf 91' lang='lat' dir='ltr'><strong>a</strong></span> <span class='ocrx_word' id='word_1_135' title='bbox 2138 1212 2410 1266; x_wconf 86' lang='lat' dir='ltr'><strong>creaturis</strong></span> <span class='ocrx_word' id='word_1_136' title='bbox 2452 1211 2651 1276; x_wconf 78' lang='lat' dir='ltr'><strong>diﬂ‘ert,</strong></span> <span class='ocrx_word' id='word_1_137' title='bbox 2712 1211 2798 1265; x_wconf 89' lang='lat' dir='ltr'><strong>his</strong></span> <span class='ocrx_word' id='word_1_138' title='bbox 2841 1210 2977 1279; x_wconf 81' lang='lat' dir='ltr'><strong>ipsis</strong></span> <span class='ocrx_word' id='word_1_139' title='bbox 3008 1226 3131 1264; x_wconf 90' lang='lat' dir='ltr'><strong>cum</strong></span> <span class='ocrx_word' id='word_1_140' title='bbox 3192 1209 3355 1263; x_wconf 84' lang='lat' dir='ltr'><strong>Patre</strong></span> <span class='ocrx_word' id='word_1_141' title='bbox 3396 1218 3452 1263; x_wconf 82' lang='lat' dir='ltr'><strong>et</strong></span> 
     </span>
    </p>
   </div>
   <div class='ocr_carea' id='block_1_20' title="bbox 174 1298 3451 1377">
    <p class='ocr_par' dir='ltr' id='par_1_20' title="bbox 174 1298 3451 1377">
     <span class='ocr_line' id='line_1_20' title="bbox 174 1298 3451 1377; baseline -0.002 -20"><span class='ocrx_word' id='word_1_142' title='bbox 174 1303 309 1359; x_wconf 77' lang='lat' dir='ltr'><strong>Filio</strong></span> <span class='ocrx_word' id='word_1_143' title='bbox 344 1304 734 1374; x_wconf 82' lang='lat' dir='ltr'><strong>cognationem</strong></span> <span class='ocrx_word' id='word_1_144' title='bbox 768 1306 950 1369; x_wconf 89' lang='lat' dir='ltr'><strong>habet,</strong></span> <span class='ocrx_word' id='word_1_145' title='bbox 988 1321 1097 1360; x_wconf 92' lang='lat' dir='ltr'><strong>una</strong></span> <span class='ocrx_word' id='word_1_146' title='bbox 1126 1307 1273 1361; x_wconf 89' lang='lat' dir='ltr'><strong>enim</strong></span> <span class='ocrx_word' id='word_1_147' title='bbox 1348 1307 1649 1377; x_wconf 84' lang='lat' dir='ltr'><strong>eademque</strong></span> <span class='ocrx_word' id='word_1_148' title='bbox 1715 1305 2176 1360; x_wconf 86' lang='lat' dir='ltr'><strong>immutabilitatis</strong></span> <span class='ocrx_word' id='word_1_149' title='bbox 2244 1314 2298 1358; x_wconf 92' lang='lat' dir='ltr'><strong>et</strong></span> <span class='ocrx_word' id='word_1_150' title='bbox 2330 1304 2775 1358; x_wconf 88' lang='lat' dir='ltr'><strong>invariabilitatis</strong></span> <span class='ocrx_word' id='word_1_151' title='bbox 2826 1302 2968 1356; x_wconf 86' lang='lat' dir='ltr'><strong>ratio</strong></span> <span class='ocrx_word' id='word_1_152' title='bbox 3036 1309 3125 1356; x_wconf 90' lang='lat' dir='ltr'><strong>est</strong></span> <span class='ocrx_word' id='word_1_153' title='bbox 3167 1302 3220 1354; x_wconf 93' lang='lat' dir='ltr'><strong>in</strong></span> <span class='ocrx_word' id='word_1_154' title='bbox 3271 1298 3451 1354; x_wconf 70' lang='lat' dir='ltr'><strong>omni~</strong></span> 
     </span>
    </p>
   </div>
   <div class='ocr_carea' id='block_1_21' title="bbox 175 1397 2047 1470">
    <p class='ocr_par' dir='ltr' id='par_1_21' title="bbox 175 1397 2047 1470">
     <span class='ocr_line' id='line_1_21' title="bbox 175 1397 2047 1470; baseline 0.001 -17"><span class='ocrx_word' id='word_1_155' title='bbox 175 1400 272 1453; x_wconf 84' lang='lat' dir='ltr'><strong>bus</strong></span> <span class='ocrx_word' id='word_1_156' title='bbox 331 1397 466 1462; x_wconf 89' lang='lat' dir='ltr'><strong>illis,</strong></span> <span class='ocrx_word' id='word_1_157' title='bbox 534 1413 659 1468; x_wconf 64' lang='lat' dir='ltr'><strong>quae</strong></span> <span class='ocrx_word' id='word_1_158' title='bbox 710 1408 905 1453; x_wconf 90' lang='lat' dir='ltr'><strong>natura</strong></span> <span class='ocrx_word' id='word_1_159' title='bbox 958 1416 1056 1455; x_wconf 90' lang='lat' dir='ltr'><strong>sua</strong></span> <span class='ocrx_word' id='word_1_160' title='bbox 1110 1400 1402 1455; x_wconf 87' lang='lat' dir='ltr'><strong>deterioris</strong></span> <span class='ocrx_word' id='word_1_161' title='bbox 1465 1417 1570 1455; x_wconf 92' lang='lat' dir='ltr'><strong>non</strong></span> <span class='ocrx_word' id='word_1_162' title='bbox 1636 1411 1763 1455; x_wconf 86' lang='lat' dir='ltr'><strong>sunt</strong></span> <span class='ocrx_word' id='word_1_163' title='bbox 1801 1402 2047 1470; x_wconf 83' lang='lat' dir='ltr'><strong>capacia.</strong></span> 
     </span>
    </p>
   </div>
   <div class='ocr_carea' id='block_1_22' title="bbox 240 1489 1763 1565">
    <p class='ocr_par' dir='ltr' id='par_1_22' title="bbox 240 1489 1763 1565">
     <span class='ocr_line' id='line_1_22' title="bbox 240 1489 1763 1565; baseline 0.002 -22"><span class='ocrx_word' id='word_1_164' title='bbox 240 1489 468 1543; x_wconf 79' lang='grc' dir='ltr'>Τούτων</span> <span class='ocrx_word' id='word_1_165' title='bbox 499 1490 559 1543; x_wconf 81' lang='grc' dir='ltr'>δὲ</span> <span class='ocrx_word' id='word_1_166' title='bbox 597 1492 729 1561; x_wconf 77' lang='grc' dir='ltr'>ἡμῖν</span> <span class='ocrx_word' id='word_1_167' title='bbox 765 1492 908 1545; x_wconf 78' lang='grc' dir='ltr'>οὓτω</span> <span class='ocrx_word' id='word_1_168' title='bbox 956 1493 1407 1565; x_wconf 79' lang='grc' dir='ltr'><strong>προειρημένων,</strong></span> <span class='ocrx_word' id='word_1_169' title='bbox 1458 1493 1649 1564; x_wconf 83' lang='grc' dir='ltr'>καιρὸς</span> <span class='ocrx_word' id='word_1_170' title='bbox 1698 1494 1763 1546; x_wconf 85' lang='grc' dir='ltr'><strong>ἂν</strong></span> 
     </span>
    </p>
   </div>
   <div class='ocr_carea' id='block_1_23' title="bbox 172 1581 1765 1652">
    <p class='ocr_par' dir='ltr' id='par_1_23' title="bbox 172 1581 1765 1652">
     <span class='ocr_line' id='line_1_23' title="bbox 172 1581 1765 1652; baseline 0.003 -18"><span class='ocrx_word' id='word_1_171' title='bbox 172 1582 255 1649; x_wconf 81' lang='grc' dir='ltr'><strong>εἴη</strong></span> <span class='ocrx_word' id='word_1_172' title='bbox 285 1581 483 1634; x_wconf 81' lang='grc' dir='ltr'>λοιπὸν</span> <span class='ocrx_word' id='word_1_173' title='bbox 530 1582 625 1636; x_wconf 87' lang='lat' dir='ltr'><strong>xui</strong></span> <span class='ocrx_word' id='word_1_174' title='bbox 656 1583 748 1637; x_wconf 86' lang='grc' dir='ltr'>τὸν</span> <span class='ocrx_word' id='word_1_175' title='bbox 778 1584 887 1636; x_wconf 83' lang='grc' dir='ltr'>τῶν</span> <span class='ocrx_word' id='word_1_176' title='bbox 916 1584 1172 1638; x_wconf 77' lang='grc' dir='ltr'>ἐναντίων</span> <span class='ocrx_word' id='word_1_177' title='bbox 1195 1583 1551 1647; x_wconf 82' lang='grc' dir='ltr'>κατεξετάσαι</span> <span class='ocrx_word' id='word_1_178' title='bbox 1584 1584 1765 1652; x_wconf 86' lang='grc' dir='ltr'>λόγον.</span> 
     </span>
    </p>
   </div>
   <div class='ocr_carea' id='block_1_24' title="bbox 183 1670 1768 1741">
    <p class='ocr_par' dir='ltr' id='par_1_24' title="bbox 183 1670 1768 1741">
     <span class='ocr_line' id='line_1_24' title="bbox 183 1670 1768 1741; baseline 0.003 -17"><span class='ocrx_word' id='word_1_179' title='bbox 183 1670 435 1739; x_wconf 73' lang='grc' dir='ltr'>Ἀνάγκη</span> <span class='ocrx_word' id='word_1_180' title='bbox 465 1711 480 1733; x_wconf 88' lang='grc'><strong><em>,</em></strong></span> <span class='ocrx_word' id='word_1_181' title='bbox 542 1673 714 1741; x_wconf 71' lang='grc' dir='ltr'>φησὶ,</span> <span class='ocrx_word' id='word_1_182' title='bbox 764 1671 1001 1741; x_wconf 82' lang='grc' dir='ltr'><strong>μείζους</strong></span> <span class='ocrx_word' id='word_1_183' title='bbox 1057 1692 1121 1726; x_wconf 82' lang='grc' dir='ltr'><strong>τε</strong></span> <span class='ocrx_word' id='word_1_184' title='bbox 1175 1674 1271 1727; x_wconf 79' lang='grc' dir='ltr'><strong>καὶ</strong></span> <span class='ocrx_word' id='word_1_185' title='bbox 1317 1673 1605 1740; x_wconf 77' lang='grc' dir='ltr'><strong>ἐλάττους</strong></span> <span class='ocrx_word' id='word_1_186' title='bbox 1664 1675 1768 1741; x_wconf 81' lang='grc' dir='ltr'>τὰς</span> 
     </span>
    </p>
   </div>
   <div class='ocr_carea' id='block_1_25' title="bbox 1936 1485 3451 1560">
    <p class='ocr_par' dir='ltr' id='par_1_25' title="bbox 1936 1485 3451 1560">
     <span class='ocr_line' id='line_1_25' title="bbox 1936 1485 3451 1560; baseline -0.003 -16"><span class='ocrx_word' id='word_1_187' title='bbox 1936 1491 2032 1547; x_wconf 84' lang='lat' dir='ltr'><strong>His</strong></span> <span class='ocrx_word' id='word_1_188' title='bbox 2073 1491 2146 1545; x_wconf 89' lang='lat' dir='ltr'><strong>ita</strong></span> <span class='ocrx_word' id='word_1_189' title='bbox 2185 1491 2531 1560; x_wconf 75' lang='lat' dir='ltr'><strong>explanatis,</strong></span> <span class='ocrx_word' id='word_1_190' title='bbox 2573 1497 2795 1558; x_wconf 88' lang='lat' dir='ltr'><strong>tempus</strong></span> <span class='ocrx_word' id='word_1_191' title='bbox 2822 1486 3076 1557; x_wconf 82' lang='lat' dir='ltr'><strong>ﬂagitare</strong></span> <span class='ocrx_word' id='word_1_192' title='bbox 3106 1485 3352 1547; x_wconf 88' lang='lat' dir='ltr'><strong>videtur,</strong></span> <span class='ocrx_word' id='word_1_193' title='bbox 3390 1493 3451 1539; x_wconf 89' lang='lat' dir='ltr'><strong>ut</strong></span> 
     </span>
    </p>
   </div>
   <div class='ocr_carea' id='block_1_26' title="bbox 1864 1580 3446 1653">
    <p class='ocr_par' dir='ltr' id='par_1_26' title="bbox 1864 1580 3446 1653">
     <span class='ocr_line' id='line_1_26' title="bbox 1864 1580 3446 1653; baseline -0.003 -16"><span class='ocrx_word' id='word_1_194' title='bbox 1864 1584 2137 1653; x_wconf 84' lang='lat' dir='ltr'><strong>reliquam</strong></span> <span class='ocrx_word' id='word_1_195' title='bbox 2186 1582 2636 1637; x_wconf 85' lang='lat' dir='ltr'><strong>adversariorum</strong></span> <span class='ocrx_word' id='word_1_196' title='bbox 2688 1580 2996 1635; x_wconf 88' lang='lat' dir='ltr'><strong>orationem</strong></span> <span class='ocrx_word' id='word_1_197' title='bbox 3042 1580 3446 1632; x_wconf 75' lang='lat' dir='ltr'><strong>examinemus.</strong></span> 
     </span>
    </p>
   </div>
   <div class='ocr_carea' id='block_1_27' title="bbox 1870 1673 3452 1745">
    <p class='ocr_par' dir='ltr' id='par_1_27' title="bbox 1870 1673 3452 1745">
     <span class='ocr_line' id='line_1_27' title="bbox 1870 1673 3452 1745; baseline -0.005 -14"><span class='ocrx_word' id='word_1_198' title='bbox 1870 1675 2276 1741; x_wconf 74' lang='lat' dir='ltr'><strong>Necessarium,</strong></span> <span class='ocrx_word' id='word_1_199' title='bbox 2314 1677 2527 1745; x_wconf 87' lang='lat' dir='ltr'><strong>inquit,</strong></span> <span class='ocrx_word' id='word_1_200' title='bbox 2580 1684 2657 1728; x_wconf 81' lang='lat' dir='ltr'><strong>est</strong></span> <span class='ocrx_word' id='word_1_201' title='bbox 2690 1673 2921 1741; x_wconf 76' lang='lat' dir='ltr'><strong>majores</strong></span> <span class='ocrx_word' id='word_1_202' title='bbox 2972 1681 3024 1725; x_wconf 89' lang='lat' dir='ltr'><strong>et</strong></span> <span class='ocrx_word' id='word_1_203' title='bbox 3064 1674 3294 1725; x_wconf 79' lang='lat' dir='ltr'><strong>minores</strong></span> <span class='ocrx_word' id='word_1_204' title='bbox 3339 1686 3452 1724; x_wconf 82' lang='lat' dir='ltr'><strong>esse</strong></span> 
     </span>
    </p>
   </div>
   <div class='ocr_carea' id='block_1_28' title="bbox 171 1761 1768 1837">
    <p class='ocr_par' dir='ltr' id='par_1_28' title="bbox 171 1761 1768 1837">
     <span class='ocr_line' id='line_1_28' title="bbox 171 1761 1768 1837; baseline 0.003 -20"><span class='ocrx_word' id='word_1_205' title='bbox 171 1766 392 1828; x_wconf 73' lang='grc' dir='ltr'>οὐσίας</span> <span class='ocrx_word' id='word_1_206' title='bbox 428 1761 588 1818; x_wconf 76' lang='grc' dir='ltr'>εἶναι</span> <span class='ocrx_word' id='word_1_207' title='bbox 613 1766 684 1819; x_wconf 75' lang='grc' dir='ltr'><strong>ἐν</strong></span> <span class='ocrx_word' id='word_1_208' title='bbox 714 1767 791 1835; x_wconf 76' lang='grc' dir='ltr'>τῇ</span> <span class='ocrx_word' id='word_1_209' title='bbox 821 1767 953 1836; x_wconf 74' lang='grc' dir='ltr'>περὶ</span> <span class='ocrx_word' id='word_1_210' title='bbox 991 1768 1097 1821; x_wconf 88' lang='grc' dir='ltr'>τοῦ</span> <span class='ocrx_word' id='word_1_211' title='bbox 1141 1768 1296 1829; x_wconf 80' lang='grc' dir='ltr'><strong>Υίοῦ,</strong></span> <span class='ocrx_word' id='word_1_212' title='bbox 1333 1768 1431 1821; x_wconf 80' lang='grc' dir='ltr'><strong>καὶ</strong></span> <span class='ocrx_word' id='word_1_213' title='bbox 1459 1769 1565 1821; x_wconf 83' lang='grc' dir='ltr'>τοῦ</span> <span class='ocrx_word' id='word_1_214' title='bbox 1596 1769 1768 1837; x_wconf 73' lang='grc' dir='ltr'>ἁγίου</span> 
     </span>
    </p>
   </div>
   <div class='ocr_carea' id='block_1_29' title="bbox 1879 1761 3451 1837">
    <p class='ocr_par' dir='ltr' id='par_1_29' title="bbox 1879 1763 3451 1835">
     <span class='ocr_line' id='line_1_29' title="bbox 1879 1763 3451 1835; baseline -0.004 -13"><span class='ocrx_word' id='word_1_215' title='bbox 1879 1768 2003 1823; x_wconf 79' lang='lat' dir='ltr'><strong>Filii</strong></span> <span class='ocrx_word' id='word_1_216' title='bbox 2032 1777 2080 1822; x_wconf 90' lang='lat' dir='ltr'><strong>et</strong></span> <span class='ocrx_word' id='word_1_217' title='bbox 2108 1768 2341 1835; x_wconf 79' lang='lat' dir='ltr'><strong>Spiritus</strong></span> <span class='ocrx_word' id='word_1_218' title='bbox 2383 1769 2555 1821; x_wconf 85' lang='lat' dir='ltr'><strong>sancti</strong></span> <span class='ocrx_word' id='word_1_219' title='bbox 2585 1766 2940 1820; x_wconf 81' lang='lat' dir='ltr'><strong>substantias.</strong></span> <span class='ocrx_word' id='word_1_220' title='bbox 2973 1763 3088 1817; x_wconf 86' lang='lat' dir='ltr'><strong>Hoc</strong></span> <span class='ocrx_word' id='word_1_221' title='bbox 3118 1764 3353 1827; x_wconf 89' lang='lat' dir='ltr'><strong>asserit,</strong></span> <span class='ocrx_word' id='word_1_222' title='bbox 3393 1763 3451 1816; x_wconf 88' lang='lat' dir='ltr'><strong>in</strong></span> 
     </span>
    </p>
   </div>
   <div class='ocr_carea' id='block_1_30' title="bbox 170 1852 1768 1949">
    <p class='ocr_par' dir='ltr' id='par_1_30' title="bbox 170 1857 1766 1929">
     <span class='ocr_line' id='line_1_30' title="bbox 170 1857 1766 1929; baseline 0.003 -22"><span class='ocrx_word' id='word_1_223' title='bbox 170 1857 528 1924; x_wconf 79' lang='grc' dir='ltr'>Πνεύματος</span> <span class='ocrx_word' id='word_1_224' title='bbox 562 1859 933 1926; x_wconf 75' lang='grc' dir='ltr'>τεχνολογίᾳ.</span> <span class='ocrx_word' id='word_1_225' title='bbox 981 1859 1353 1929; x_wconf 83' lang='grc' dir='ltr'>Σκοπὴσωμεν</span> <span class='ocrx_word' id='word_1_226' title='bbox 1398 1861 1576 1911; x_wconf 79' lang='grc' dir='ltr'>τοίνυν</span> <span class='ocrx_word' id='word_1_227' title='bbox 1627 1860 1766 1912; x_wconf 68' lang='grc' dir='ltr'>κατὰ</span> 
     </span>
    </p>
   </div>
   <div class='ocr_carea' id='block_1_31' title="bbox 1879 1852 3453 1949">
    <p class='ocr_par' dir='ltr' id='par_1_31' title="bbox 1879 1852 3453 1927">
     <span class='ocr_line' id='line_1_31' title="bbox 1879 1852 3453 1927; baseline -0.004 -14"><span class='ocrx_word' id='word_1_228' title='bbox 1879 1875 1967 1913; x_wconf 73' lang='lat' dir='ltr'><strong>sua</strong></span> <span class='ocrx_word' id='word_1_229' title='bbox 2012 1859 2081 1914; x_wconf 91' lang='lat' dir='ltr'><strong>de</strong></span> <span class='ocrx_word' id='word_1_230' title='bbox 2124 1858 2266 1912; x_wconf 88' lang='lat' dir='ltr'><strong>Filio</strong></span> <span class='ocrx_word' id='word_1_231' title='bbox 2307 1867 2362 1912; x_wconf 88' lang='lat' dir='ltr'><strong>et</strong></span> <span class='ocrx_word' id='word_1_232' title='bbox 2418 1856 2627 1927; x_wconf 90' lang='lat' dir='ltr'><strong>Spiritu</strong></span> <span class='ocrx_word' id='word_1_233' title='bbox 2674 1864 2869 1910; x_wconf 82' lang='lat' dir='ltr'><strong>sancto</strong></span> <span class='ocrx_word' id='word_1_234' title='bbox 2906 1854 3321 1909; x_wconf 88' lang='lat' dir='ltr'><strong>dissertatione.</strong></span> <span class='ocrx_word' id='word_1_235' title='bbox 3357 1852 3453 1906; x_wconf 86' lang='lat' dir='ltr'><strong>Vi-</strong></span> 
     </span>
    </p>
   </div>
   <div class='ocr_carea' id='block_1_32' title="bbox 172 1946 1762 2021">
    <p class='ocr_par' dir='ltr' id='par_1_32' title="bbox 172 1946 1762 2021">
     <span class='ocr_line' id='line_1_32' title="bbox 172 1946 1762 2021; baseline 0.004 -23"><span class='ocrx_word' id='word_1_236' title='bbox 172 1946 292 1998; x_wconf 85' lang='grc' dir='ltr'>τίνα</span> <span class='ocrx_word' id='word_1_237' title='bbox 336 1946 584 2000; x_wconf 81' lang='grc' dir='ltr'>διάνοιαν</span> <span class='ocrx_word' id='word_1_238' title='bbox 634 1950 842 2000; x_wconf 76' lang='grc' dir='ltr'>ἐπινοεῖ</span> <span class='ocrx_word' id='word_1_239' title='bbox 887 1948 985 2019; x_wconf 80' lang='grc' dir='ltr'>τῆς</span> <span class='ocrx_word' id='word_1_240' title='bbox 1034 1949 1289 2019; x_wconf 76' lang='grc' dir='ltr'>τοιαύτης</span> <span class='ocrx_word' id='word_1_241' title='bbox 1346 1950 1610 2020; x_wconf 79' lang='grc' dir='ltr'>διαφορᾶς</span> <span class='ocrx_word' id='word_1_242' title='bbox 1663 1952 1762 2021; x_wconf 80' lang='grc' dir='ltr'><strong>τὴν</strong></span> 
     </span>
    </p>
   </div>
   <div class='ocr_carea' id='block_1_33' title="bbox 170 2038 1764 2112">
    <p class='ocr_par' dir='ltr' id='par_1_33' title="bbox 170 2038 1764 2112">
     <span class='ocr_line' id='line_1_33' title="bbox 170 2038 1764 2112; baseline 0.003 -22"><span class='ocrx_word' id='word_1_243' title='bbox 170 2038 424 2106; x_wconf 78' lang='grc' dir='ltr'>ἀνάγκην</span> <span class='ocrx_word' id='word_1_244' title='bbox 447 2055 463 2067; x_wconf 77' lang='grc'><strong>⁸</strong></span> <span class='ocrx_word' id='word_1_245' title='bbox 517 2039 748 2108; x_wconf 79' lang='grc' dir='ltr'>πότερον</span> <span class='ocrx_word' id='word_1_246' title='bbox 795 2042 1110 2110; x_wconf 80' lang='grc' dir='ltr'><strong>σωματικῆς</strong></span> <span class='ocrx_word' id='word_1_247' title='bbox 1141 2058 1287 2105; x_wconf 87' lang='grc' dir='ltr'>τινος</span> <span class='ocrx_word' id='word_1_248' title='bbox 1329 2042 1627 2111; x_wconf 82' lang='grc' dir='ltr'>γενομένης</span> <span class='ocrx_word' id='word_1_249' title='bbox 1664 2043 1764 2112; x_wconf 83' lang='grc' dir='ltr'>τῆς</span> 
     </span>
    </p>
   </div>
   <div class='ocr_carea' id='block_1_34' title="bbox 172 2129 1760 2202">
    <p class='ocr_par' dir='ltr' id='par_1_34' title="bbox 172 2129 1760 2202">
     <span class='ocr_line' id='line_1_34' title="bbox 172 2129 1760 2202; baseline 0.014 -32"><span class='ocrx_word' id='word_1_250' title='bbox 172 2129 312 2199; x_wconf 73' lang='grc' dir='ltr'>πρὸς</span> <span class='ocrx_word' id='word_1_251' title='bbox 348 2130 558 2199; x_wconf 74' lang='grc' dir='ltr'>ἄλληλα</span> <span class='ocrx_word' id='word_1_252' title='bbox 590 2131 698 2182; x_wconf 83' lang='grc' dir='ltr'><strong>τῶν</strong></span> <span class='ocrx_word' id='word_1_253' title='bbox 726 2132 1261 2202; x_wconf 86' lang='grc' dir='ltr'>παραμετρουμένων</span> <span class='ocrx_word' id='word_1_254' title='bbox 1300 2133 1642 2202; x_wconf 80' lang='grc' dir='ltr'><strong>συγκρίσεως</strong></span> <span class='ocrx_word' id='word_1_255' title='bbox 1663 2174 1677 2197; x_wconf 89' lang='grc'><em>,</em></span> <span class='ocrx_word' id='word_1_256' title='bbox 1726 2133 1760 2202; x_wconf 83' lang='grc' dir='ltr'>ἦ</span> 
     </span>
    </p>
   </div>
   <div class='ocr_carea' id='block_1_35' title="bbox 173 2221 1764 2294">
    <p class='ocr_par' dir='ltr' id='par_1_35' title="bbox 173 2221 1764 2294">
     <span class='ocr_line' id='line_1_35' title="bbox 173 2221 1764 2294; baseline 0.002 -22"><span class='ocrx_word' id='word_1_257' title='bbox 173 2222 315 2273; x_wconf 67' lang='grc' dir='ltr'>κατὰ</span> <span class='ocrx_word' id='word_1_258' title='bbox 347 2222 407 2273; x_wconf 79' lang='grc' dir='ltr'><strong>τὸ</strong></span> <span class='ocrx_word' id='word_1_259' title='bbox 436 2221 632 2292; x_wconf 83' lang='grc' dir='ltr'>νοητὸν</span> <span class='ocrx_word' id='word_1_260' title='bbox 660 2222 718 2274; x_wconf 87' lang='grc' dir='ltr'>ὲν</span> <span class='ocrx_word' id='word_1_261' title='bbox 742 2222 819 2291; x_wconf 84' lang='grc' dir='ltr'><strong>τῷ</strong></span> <span class='ocrx_word' id='word_1_262' title='bbox 854 2225 969 2276; x_wconf 80' lang='grc' dir='ltr'>κατ’</span> <span class='ocrx_word' id='word_1_263' title='bbox 1003 2223 1204 2293; x_wconf 77' lang='grc' dir='ltr'>ἀρετὴν</span> <span class='ocrx_word' id='word_1_264' title='bbox 1227 2223 1641 2294; x_wconf 81' lang='grc' dir='ltr'>ὑπερϐάλλοντι,</span> <span class='ocrx_word' id='word_1_265' title='bbox 1670 2225 1764 2278; x_wconf 80' lang='lat' dir='ltr'><strong>xui</strong></span> 
     </span>
    </p>
   </div>
   <div class='ocr_carea' id='block_1_36' title="bbox 173 2311 1762 2386">
    <p class='ocr_par' dir='ltr' id='par_1_36' title="bbox 173 2311 1762 2386">
     <span class='ocr_line' id='line_1_36' title="bbox 173 2311 1762 2386; baseline 0.003 -24"><span class='ocrx_word' id='word_1_266' title='bbox 173 2312 415 2364; x_wconf 77' lang='grc' dir='ltr'>ἐνδέοντι</span> <span class='ocrx_word' id='word_1_267' title='bbox 456 2311 878 2383; x_wconf 79' lang='grc' dir='ltr'>θεωρουμένης.</span> <span class='ocrx_word' id='word_1_268' title='bbox 921 2313 1125 2384; x_wconf 60' lang='lat' dir='ltr'><strong>ﬁxura</strong></span> <span class='ocrx_word' id='word_1_269' title='bbox 1172 2315 1271 2385; x_wconf 81' lang='grc' dir='ltr'>τὴν</span> <span class='ocrx_word' id='word_1_270' title='bbox 1316 2315 1503 2369; x_wconf 84' lang='grc' dir='ltr'>οὐσίαν</span> <span class='ocrx_word' id='word_1_271' title='bbox 1551 2316 1762 2386; x_wconf 83' lang='grc' dir='ltr'>αὑτήν;</span> 
     </span>
    </p>
   </div>
   <div class='ocr_carea' id='block_1_37' title="bbox 186 2404 1766 2477">
    <p class='ocr_par' dir='ltr' id='par_1_37' title="bbox 186 2404 1766 2477">
     <span class='ocr_line' id='line_1_37' title="bbox 186 2404 1766 2477; baseline 0.003 -21"><span class='ocrx_word' id='word_1_272' title='bbox 186 2404 330 2456; x_wconf 69' lang='grc' dir='ltr'>Ἀλλ’</span> <span class='ocrx_word' id='word_1_273' title='bbox 365 2404 463 2455; x_wconf 66' lang='grc' dir='ltr'><strong>ἐπὶ</strong></span> <span class='ocrx_word' id='word_1_274' title='bbox 519 2404 619 2472; x_wconf 84' lang='grc' dir='ltr'><strong>μὲν</strong></span> <span class='ocrx_word' id='word_1_275' title='bbox 675 2404 773 2473; x_wconf 82' lang='grc' dir='ltr'><strong>τῆς</strong></span> <span class='ocrx_word' id='word_1_276' title='bbox 830 2405 1015 2468; x_wconf 83' lang='grc' dir='ltr'>οὐσίας</span> <span class='ocrx_word' id='word_1_277' title='bbox 1064 2406 1277 2477; x_wconf 82' lang='grc' dir='ltr'><strong>ἐδείχθη</strong></span> <span class='ocrx_word' id='word_1_278' title='bbox 1334 2408 1485 2477; x_wconf 78' lang='grc' dir='ltr'>παρὰ</span> <span class='ocrx_word' id='word_1_279' title='bbox 1540 2408 1647 2461; x_wconf 82' lang='grc' dir='ltr'><strong>τῶν</strong></span> <span class='ocrx_word' id='word_1_280' title='bbox 1701 2407 1766 2461; x_wconf 86' lang='grc' dir='ltr'>τὰ</span> 
     </span>
    </p>
   </div>
   <div class='ocr_carea' id='block_1_38' title="bbox 173 2496 1768 2570">
    <p class='ocr_par' dir='ltr' id='par_1_38' title="bbox 173 2496 1768 2570">
     <span class='ocr_line' id='line_1_38' title="bbox 173 2496 1768 2570; baseline 0.003 -22"><span class='ocrx_word' id='word_1_281' title='bbox 173 2496 401 2549; x_wconf 68' lang='grc' dir='ltr'>τοιαῦτα</span> <span class='ocrx_word' id='word_1_282' title='bbox 445 2496 757 2567; x_wconf 76' lang='grc' dir='ltr'>φιλοσοφεῖν</span> <span class='ocrx_word' id='word_1_283' title='bbox 789 2498 1027 2568; x_wconf 77' lang='grc' dir='ltr'>εἰδότων,</span> <span class='ocrx_word' id='word_1_284' title='bbox 1059 2500 1330 2570; x_wconf 85' lang='grc' dir='ltr'>μηδεμίαν</span> <span class='ocrx_word' id='word_1_285' title='bbox 1362 2500 1621 2554; x_wconf 79' lang='grc' dir='ltr'>δύνασθαι</span> <span class='ocrx_word' id='word_1_286' title='bbox 1656 2500 1768 2553; x_wconf 87' lang='grc' dir='ltr'>δια-</span> 
     </span>
    </p>
   </div>
   <div class='ocr_carea' id='block_1_39' title="bbox 176 2591 1766 2669">
    <p class='ocr_par' dir='ltr' id='par_1_39' title="bbox 176 2591 1766 2669">
     <span class='ocr_line' id='line_1_39' title="bbox 176 2591 1766 2669; baseline 0.002 -26"><span class='ocrx_word' id='word_1_287' title='bbox 176 2592 353 2660; x_wconf 66' lang='grc' dir='ltr'>φορὰν</span> <span class='ocrx_word' id='word_1_288' title='bbox 380 2591 634 2660; x_wconf 79' lang='grc' dir='ltr'>ἐννοῆσαι</span> <span class='ocrx_word' id='word_1_289' title='bbox 663 2631 678 2656; x_wconf 87' lang='grc'><em>,</em></span> <span class='ocrx_word' id='word_1_290' title='bbox 712 2591 806 2644; x_wconf 74' lang='grc' dir='ltr'>ἐάν</span> <span class='ocrx_word' id='word_1_291' title='bbox 855 2607 941 2654; x_wconf 87' lang='grc' dir='ltr'><strong>τις</strong></span> <span class='ocrx_word' id='word_1_292' title='bbox 971 2592 1137 2669; x_wconf 82' lang='grc' dir='ltr'>αὐτὴν</span> <span class='ocrx_word' id='word_1_293' title='bbox 1176 2591 1417 2661; x_wconf 58' lang='lat' dir='ltr'><strong>causa;</strong></span> <span class='ocrx_word' id='word_1_294' title='bbox 1437 2632 1453 2655; x_wconf 90' lang='lat'><strong>,</strong></span> <span class='ocrx_word' id='word_1_295' title='bbox 1502 2594 1597 2646; x_wconf 83' lang='lat' dir='ltr'><strong>xui</strong></span> <span class='ocrx_word' id='word_1_296' title='bbox 1628 2594 1766 2646; x_wconf 83' lang='grc' dir='ltr'>ἀπο-</span> 
     </span>
    </p>
   </div>
   <div class='ocr_carea' id='block_1_40' title="bbox 174 2679 1767 2755">
    <p class='ocr_par' dir='ltr' id='par_1_40' title="bbox 174 2679 1767 2755">
     <span class='ocr_line' id='line_1_40' title="bbox 174 2679 1767 2755; baseline 0.003 -23"><span class='ocrx_word' id='word_1_297' title='bbox 174 2679 479 2749; x_wconf 72' lang='grc' dir='ltr'>γυμνώσας</span> <span class='ocrx_word' id='word_1_298' title='bbox 524 2680 636 2734; x_wconf 85' lang='grc' dir='ltr'>τῶν</span> <span class='ocrx_word' id='word_1_299' title='bbox 688 2681 1176 2753; x_wconf 83' lang='grc' dir='ltr'>ὲπιθεωρουμένων</span> <span class='ocrx_word' id='word_1_300' title='bbox 1225 2684 1527 2755; x_wconf 83' lang='grc' dir='ltr'>ποιοτήτων</span> <span class='ocrx_word' id='word_1_301' title='bbox 1567 2701 1627 2737; x_wconf 91' lang='grc' dir='ltr'><strong>τε</strong></span> <span class='ocrx_word' id='word_1_302' title='bbox 1676 2685 1767 2738; x_wconf 82' lang='grc' dir='ltr'><strong>καί</strong></span> 
     </span>
    </p>
   </div>
   <div class='ocr_carea' id='block_1_41' title="bbox 176 2769 1764 2845">
    <p class='ocr_par' dir='ltr' id='par_1_41' title="bbox 176 2769 1764 2845">
     <span class='ocr_line' id='line_1_41' title="bbox 176 2769 1764 2845; baseline 0.005 -25"><span class='ocrx_word' id='word_1_303' title='bbox 176 2769 497 2838; x_wconf 76' lang='grc' dir='ltr'>ἰδιωμάτων</span> <span class='ocrx_word' id='word_1_304' title='bbox 523 2770 715 2841; x_wconf 77' lang='grc' dir='ltr'>αὐτὴν,</span> <span class='ocrx_word' id='word_1_305' title='bbox 741 2770 827 2840; x_wconf 77' lang='grc' dir='ltr'><strong>ἐφ’</strong></span> <span class='ocrx_word' id='word_1_306' title='bbox 857 2773 1055 2842; x_wconf 79' lang='grc' dir='ltr'>ἑαυτῆς</span> <span class='ocrx_word' id='word_1_307' title='bbox 1090 2772 1317 2845; x_wconf 78' lang='grc' dir='ltr'>ἐξετάζῃ</span> <span class='ocrx_word' id='word_1_308' title='bbox 1342 2815 1356 2837; x_wconf 85' lang='grc'>,</span> <span class='ocrx_word' id='word_1_309' title='bbox 1388 2774 1528 2827; x_wconf 85' lang='grc' dir='ltr'>κατὰ</span> <span class='ocrx_word' id='word_1_310' title='bbox 1555 2775 1644 2827; x_wconf 81' lang='grc' dir='ltr'><strong>τὸν</strong></span> <span class='ocrx_word' id='word_1_311' title='bbox 1670 2775 1764 2827; x_wconf 78' lang='grc' dir='ltr'><strong>τοῦ</strong></span> 
     </span>
    </p>
   </div>
   <div class='ocr_carea' id='block_1_42' title="bbox 169 2857 1768 2936">
    <p class='ocr_par' dir='ltr' id='par_1_42' title="bbox 169 2857 1768 2936">
     <span class='ocr_line' id='line_1_42' title="bbox 169 2857 1768 2936; baseline 0.004 -25"><span class='ocrx_word' id='word_1_312' title='bbox 169 2857 318 2913; x_wconf 77' lang='grc' dir='ltr'>εἶναι</span> <span class='ocrx_word' id='word_1_313' title='bbox 346 2860 506 2927; x_wconf 77' lang='grc' dir='ltr'>λόγον</span> <span class='ocrx_word' id='word_1_314' title='bbox 532 2878 545 2890; x_wconf 93' lang='grc'>·</span> <span class='ocrx_word' id='word_1_315' title='bbox 579 2863 828 2914; x_wconf 77' lang='grc' dir='ltr'>ἐπιτάσει</span> <span class='ocrx_word' id='word_1_316' title='bbox 857 2863 912 2915; x_wconf 86' lang='grc' dir='ltr'>δὲ</span> <span class='ocrx_word' id='word_1_317' title='bbox 942 2865 1034 2917; x_wconf 87' lang='lat' dir='ltr'><strong>xui</strong></span> <span class='ocrx_word' id='word_1_318' title='bbox 1075 2864 1265 2932; x_wconf 75' lang='grc' dir='ltr'>ὑφέσει</span> <span class='ocrx_word' id='word_1_319' title='bbox 1303 2868 1401 2934; x_wconf 83' lang='grc' dir='ltr'><strong>τῆς</strong></span> <span class='ocrx_word' id='word_1_320' title='bbox 1438 2866 1639 2936; x_wconf 84' lang='grc' dir='ltr'>ἀρετῆς</span> <span class='ocrx_word' id='word_1_321' title='bbox 1669 2865 1768 2936; x_wconf 78' lang='grc' dir='ltr'>τὴν</span> 
     </span>
    </p>
   </div>
   <div class='ocr_carea' id='block_1_43' title="bbox 170 2953 1768 3026">
    <p class='ocr_par' dir='ltr' id='par_1_43' title="bbox 170 2953 1768 3026">
     <span class='ocr_line' id='line_1_43' title="bbox 170 2953 1768 3026; baseline 0.005 -23"><span class='ocrx_word' id='word_1_322' title='bbox 170 2953 438 3021; x_wconf 38' lang='grc' dir='ltr'>τοιαὴν</span> <span class='ocrx_word' id='word_1_323' title='bbox 472 2953 736 3024; x_wconf 57' lang='grc' dir='ltr'>διαφορὰν</span> <span class='ocrx_word' id='word_1_324' title='bbox 767 2956 964 3008; x_wconf 76' lang='grc' dir='ltr'>ἐννοεῖν</span> <span class='ocrx_word' id='word_1_325' title='bbox 996 2957 1123 3026; x_wconf 79' lang='grc' dir='ltr'>περὶ</span> <span class='ocrx_word' id='word_1_326' title='bbox 1158 2957 1252 3010; x_wconf 79' lang='grc' dir='ltr'>τοῦ</span> <span class='ocrx_word' id='word_1_327' title='bbox 1302 2959 1635 3026; x_wconf 85' lang='grc' dir='ltr'>Μονογενοῦς</span> <span class='ocrx_word' id='word_1_328' title='bbox 1676 2959 1768 3011; x_wconf 84' lang='lat' dir='ltr'><strong>xui</strong></span> 
     </span>
    </p>
   </div>
   <div class='ocr_carea' id='block_1_44' title="bbox 169 3044 1767 3121">
    <p class='ocr_par' dir='ltr' id='par_1_44' title="bbox 169 3044 1767 3121">
     <span class='ocr_line' id='line_1_44' title="bbox 169 3044 1767 3121; baseline 0.004 -24"><span class='ocrx_word' id='word_1_329' title='bbox 169 3044 264 3097; x_wconf 72' lang='grc' dir='ltr'>τοῦ</span> <span class='ocrx_word' id='word_1_330' title='bbox 312 3044 671 3115; x_wconf 81' lang='grc' dir='ltr'>Πνεύματος,</span> <span class='ocrx_word' id='word_1_331' title='bbox 722 3049 817 3099; x_wconf 80' lang='lat' dir='ltr'><strong>xui</strong></span> <span class='ocrx_word' id='word_1_332' title='bbox 848 3047 934 3101; x_wconf 79' lang='grc' dir='ltr'>διὰ</span> <span class='ocrx_word' id='word_1_333' title='bbox 980 3049 1137 3101; x_wconf 81' lang='grc' dir='ltr'>τοῦτο</span> <span class='ocrx_word' id='word_1_334' title='bbox 1185 3050 1544 3121; x_wconf 81' lang='grc' dir='ltr'>μεταπτωτὴν</span> <span class='ocrx_word' id='word_1_335' title='bbox 1596 3052 1767 3119; x_wconf 74' lang='grc' dir='ltr'><strong>ἀναιγ⁹</strong></span> 
     </span>
    </p>
   </div>
   <div class='ocr_carea' id='block_1_45' title="bbox 169 3136 1769 3208">
    <p class='ocr_par' dir='ltr' id='par_1_45' title="bbox 169 3136 1769 3208">
     <span class='ocr_line' id='line_1_45' title="bbox 169 3136 1769 3208; baseline 0.004 -21"><span class='ocrx_word' id='word_1_336' title='bbox 169 3136 353 3198; x_wconf 66' lang='lat' dir='ltr'><strong>acuit»;</strong></span> <span class='ocrx_word' id='word_1_337' title='bbox 372 3136 461 3203; x_wconf 68' lang='grc' dir='ltr'><strong>ἐφ’</strong></span> <span class='ocrx_word' id='word_1_338' title='bbox 492 3137 727 3208; x_wconf 80' lang='grc' dir='ltr'>ἑκάτερα</span> <span class='ocrx_word' id='word_1_339' title='bbox 760 3137 856 3207; x_wconf 85' lang='grc' dir='ltr'><strong>τὴν</strong></span> <span class='ocrx_word' id='word_1_340' title='bbox 885 3138 1044 3207; x_wconf 75' lang='grc' dir='ltr'>φύσιν</span> <span class='ocrx_word' id='word_1_341' title='bbox 1070 3141 1249 3192; x_wconf 77' lang='grc' dir='ltr'>αὐτῶν</span> <span class='ocrx_word' id='word_1_342' title='bbox 1283 3140 1653 3204; x_wconf 80' lang='grc' dir='ltr'>ὑποτίθεσθαι,</span> <span class='ocrx_word' id='word_1_343' title='bbox 1693 3141 1769 3206; x_wconf 86' lang='grc' dir='ltr'>ὼς</span> 
     </span>
    </p>
   </div>
   <div class='ocr_carea' id='block_1_46' title="bbox 1871 1947 3452 2021">
    <p class='ocr_par' dir='ltr' id='par_1_46' title="bbox 1871 1947 3452 2021">
     <span class='ocr_line' id='line_1_46' title="bbox 1871 1947 3452 2021; baseline -0.002 -17"><span class='ocrx_word' id='word_1_344' title='bbox 1871 1952 2101 2006; x_wconf 91' lang='lat' dir='ltr'><strong>deamus</strong></span> <span class='ocrx_word' id='word_1_345' title='bbox 2135 1951 2324 2021; x_wconf 80' lang='lat' dir='ltr'><strong>igitur,</strong></span> <span class='ocrx_word' id='word_1_346' title='bbox 2359 1965 2470 2019; x_wconf 93' lang='lat' dir='ltr'><strong>quo</strong></span> <span class='ocrx_word' id='word_1_347' title='bbox 2504 1965 2672 2003; x_wconf 90' lang='lat' dir='ltr'><strong>sensu</strong></span> <span class='ocrx_word' id='word_1_348' title='bbox 2711 1949 2855 2002; x_wconf 77' lang='lat' dir='ltr'><strong>lianc</strong></span> <span class='ocrx_word' id='word_1_349' title='bbox 2887 1948 3226 2002; x_wconf 80' lang='lat' dir='ltr'><strong>diversitatis</strong></span> <span class='ocrx_word' id='word_1_350' title='bbox 3258 1947 3452 2015; x_wconf 88' lang='lat' dir='ltr'><strong>hujus-</strong></span> 
     </span>
    </p>
   </div>
   <div class='ocr_carea' id='block_1_47' title="bbox 1872 2040 3450 2109">
    <p class='ocr_par' dir='ltr' id='par_1_47' title="bbox 1872 2040 3450 2109">
     <span class='ocr_line' id='line_1_47' title="bbox 1872 2040 3450 2109; baseline -0.006 -11"><span class='ocrx_word' id='word_1_351' title='bbox 1872 2045 2020 2098; x_wconf 89' lang='lat' dir='ltr'><strong>modi</strong></span> <span class='ocrx_word' id='word_1_352' title='bbox 2055 2044 2436 2098; x_wconf 77' lang='lat' dir='ltr'><strong>necessitatem</strong></span> <span class='ocrx_word' id='word_1_353' title='bbox 2471 2052 2654 2095; x_wconf 86' lang='lat' dir='ltr'><strong>mente</strong></span> <span class='ocrx_word' id='word_1_354' title='bbox 2683 2040 2991 2109; x_wconf 90' lang='lat' dir='ltr'><strong>concipiat;</strong></span> <span class='ocrx_word' id='word_1_355' title='bbox 3022 2056 3153 2092; x_wconf 89' lang='lat' dir='ltr'><strong>num</strong></span> <span class='ocrx_word' id='word_1_356' title='bbox 3186 2052 3450 2108; x_wconf 87' lang='lat' dir='ltr'><strong>corporea</strong></span> 
     </span>
    </p>
   </div>
   <div class='ocr_carea' id='block_1_48' title="bbox 1872 2130 3454 2206">
    <p class='ocr_par' dir='ltr' id='par_1_48' title="bbox 1872 2130 3454 2206">
     <span class='ocr_line' id='line_1_48' title="bbox 1872 2130 3454 2206; baseline -0.006 -18"><span class='ocrx_word' id='word_1_357' title='bbox 1872 2136 2109 2206; x_wconf 87' lang='lat' dir='ltr'><strong>quadam</strong></span> <span class='ocrx_word' id='word_1_358' title='bbox 2143 2135 2435 2188; x_wconf 86' lang='lat' dir='ltr'><strong>collatione</strong></span> <span class='ocrx_word' id='word_1_359' title='bbox 2462 2132 2604 2186; x_wconf 80' lang='lat' dir='ltr'><strong>facta</strong></span> <span class='ocrx_word' id='word_1_360' title='bbox 2632 2146 2856 2195; x_wconf 90' lang='lat' dir='ltr'><strong>eorum,</strong></span> <span class='ocrx_word' id='word_1_361' title='bbox 2890 2145 3010 2197; x_wconf 73' lang='lat' dir='ltr'><strong>quae</strong></span> <span class='ocrx_word' id='word_1_362' title='bbox 3042 2130 3188 2183; x_wconf 87' lang='lat' dir='ltr'><strong>inter</strong></span> <span class='ocrx_word' id='word_1_363' title='bbox 3213 2145 3273 2184; x_wconf 90' lang='lat' dir='ltr'><strong>se</strong></span> <span class='ocrx_word' id='word_1_364' title='bbox 3298 2142 3454 2181; x_wconf 90' lang='lat' dir='ltr'><strong>com-</strong></span> 
     </span>
    </p>
   </div>
   <div class='ocr_carea' id='block_1_49' title="bbox 1876 2220 3451 2309">
    <p class='ocr_par' dir='ltr' id='par_1_49' title="bbox 1876 2220 3451 2309">
     <span class='ocr_line' id='line_1_49' title="bbox 1876 2220 3451 2309; baseline -0.005 -29"><span class='ocrx_word' id='word_1_365' title='bbox 1876 2235 2290 2309; x_wconf 63' lang='lat' dir='ltr'><strong>mensurantpr,</strong></span> <span class='ocrx_word' id='word_1_366' title='bbox 2321 2241 2389 2277; x_wconf 84' lang='lat' dir='ltr'><strong>an</strong></span> <span class='ocrx_word' id='word_1_367' title='bbox 2423 2224 2675 2278; x_wconf 87' lang='lat' dir='ltr'><strong>instituta</strong></span> <span class='ocrx_word' id='word_1_368' title='bbox 2707 2220 3119 2289; x_wconf 90' lang='lat' dir='ltr'><strong>comparatione</strong></span> <span class='ocrx_word' id='word_1_369' title='bbox 3147 2220 3451 2275; x_wconf 87' lang='lat' dir='ltr'><strong>secundum</strong></span> 
     </span>
    </p>
   </div>
   <div class='ocr_carea' id='block_1_50' title="bbox 1876 2311 3452 2389">
    <p class='ocr_par' dir='ltr' id='par_1_50' title="bbox 1876 2311 3452 2389">
     <span class='ocr_line' id='line_1_50' title="bbox 1876 2311 3452 2389; baseline -0.006 -16"><span class='ocrx_word' id='word_1_370' title='bbox 1876 2318 2295 2389; x_wconf 82' lang='lat' dir='ltr'><strong>intelligentiam</strong></span> <span class='ocrx_word' id='word_1_371' title='bbox 2329 2317 2382 2370; x_wconf 92' lang='lat' dir='ltr'><strong>in</strong></span> <span class='ocrx_word' id='word_1_372' title='bbox 2416 2330 2646 2370; x_wconf 77' lang='lat' dir='ltr'><strong>excessu</strong></span> <span class='ocrx_word' id='word_1_373' title='bbox 2682 2314 2768 2368; x_wconf 88' lang='lat' dir='ltr'><strong>vel</strong></span> <span class='ocrx_word' id='word_1_374' title='bbox 2817 2312 3037 2368; x_wconf 80' lang='lat' dir='ltr'><strong>defectu</strong></span> <span class='ocrx_word' id='word_1_375' title='bbox 3078 2311 3304 2366; x_wconf 87' lang='lat' dir='ltr'><strong>virtutis</strong></span> <span class='ocrx_word' id='word_1_376' title='bbox 3334 2354 3348 2377; x_wconf 89' lang='lat'><strong>,</strong></span> <span class='ocrx_word' id='word_1_377' title='bbox 3384 2325 3452 2363; x_wconf 90' lang='lat' dir='ltr'><strong>an</strong></span> 
     </span>
    </p>
   </div>
   <div class='ocr_carea' id='block_1_51' title="bbox 1875 2402 3454 2477">
    <p class='ocr_par' dir='ltr' id='par_1_51' title="bbox 1875 2402 3454 2477">
     <span class='ocr_line' id='line_1_51' title="bbox 1875 2402 3454 2477; baseline -0.006 -11"><span class='ocrx_word' id='word_1_378' title='bbox 1875 2428 2057 2466; x_wconf 88' lang='lat' dir='ltr'><strong>rerum</strong></span> <span class='ocrx_word' id='word_1_379' title='bbox 2093 2409 2422 2465; x_wconf 83' lang='lat' dir='ltr'><strong>substantiis</strong></span> <span class='ocrx_word' id='word_1_380' title='bbox 2450 2426 2466 2475; x_wconf 87' lang='lat'><strong>;</strong></span> <span class='ocrx_word' id='word_1_381' title='bbox 2503 2408 2598 2463; x_wconf 91' lang='lat' dir='ltr'><strong>sed</strong></span> <span class='ocrx_word' id='word_1_382' title='bbox 2628 2409 2697 2461; x_wconf 88' lang='lat' dir='ltr'><strong>ab</strong></span> <span class='ocrx_word' id='word_1_383' title='bbox 2725 2407 2811 2461; x_wconf 89' lang='lat' dir='ltr'><strong>his</strong></span> <span class='ocrx_word' id='word_1_384' title='bbox 2834 2447 2848 2469; x_wconf 91' lang='lat'><strong>,</strong></span> <span class='ocrx_word' id='word_1_385' title='bbox 2882 2406 2977 2477; x_wconf 89' lang='lat' dir='ltr'><strong>qui</strong></span> <span class='ocrx_word' id='word_1_386' title='bbox 3010 2404 3113 2458; x_wconf 90' lang='lat' dir='ltr'><strong>hoc</strong></span> <span class='ocrx_word' id='word_1_387' title='bbox 3142 2402 3454 2457; x_wconf 82' lang='lat' dir='ltr'><strong>accuratius</strong></span> 
     </span>
    </p>
   </div>
   <div class='ocr_carea' id='block_1_52' title="bbox 1875 2496 3457 2573">
    <p class='ocr_par' dir='ltr' id='par_1_52' title="bbox 1875 2496 3457 2573">
     <span class='ocr_line' id='line_1_52' title="bbox 1875 2496 3457 2573; baseline -0.005 -16"><span class='ocrx_word' id='word_1_388' title='bbox 1875 2510 2321 2573; x_wconf 86' lang='lat' dir='ltr'><strong>perscrutantur,</strong></span> <span class='ocrx_word' id='word_1_389' title='bbox 2349 2501 2789 2555; x_wconf 88' lang='lat' dir='ltr'><strong>demonstratum</strong></span> <span class='ocrx_word' id='word_1_390' title='bbox 2818 2506 2941 2564; x_wconf 87' lang='lat' dir='ltr'><strong>est,</strong></span> <span class='ocrx_word' id='word_1_391' title='bbox 2985 2496 3195 2550; x_wconf 89' lang='lat' dir='ltr'><strong>nullam</strong></span> <span class='ocrx_word' id='word_1_392' title='bbox 3239 2496 3457 2563; x_wconf 80' lang='lat' dir='ltr'><strong>ejusce-</strong></span> 
     </span>
    </p>
   </div>
   <div class='ocr_carea' id='block_1_53' title="bbox 1875 2586 3454 2660">
    <p class='ocr_par' dir='ltr' id='par_1_53' title="bbox 1875 2586 3454 2660">
     <span class='ocr_line' id='line_1_53' title="bbox 1875 2586 3454 2660; baseline -0.006 -11"><span class='ocrx_word' id='word_1_393' title='bbox 1875 2594 2023 2649; x_wconf 90' lang='lat' dir='ltr'><strong>modi</strong></span> <span class='ocrx_word' id='word_1_394' title='bbox 2054 2593 2415 2649; x_wconf 74' lang='lat' dir='ltr'><strong>diﬂerentiant</strong></span> <span class='ocrx_word' id='word_1_395' title='bbox 2452 2591 2678 2660; x_wconf 84' lang='lat' dir='ltr'><strong>reperiri</strong></span> <span class='ocrx_word' id='word_1_396' title='bbox 2730 2590 2785 2644; x_wconf 91' lang='lat' dir='ltr'><strong>in</strong></span> <span class='ocrx_word' id='word_1_397' title='bbox 2838 2587 3184 2652; x_wconf 88' lang='lat' dir='ltr'><strong>substantia,</strong></span> <span class='ocrx_word' id='word_1_398' title='bbox 3233 2586 3278 2641; x_wconf 87' lang='lat' dir='ltr'><strong>si</strong></span> <span class='ocrx_word' id='word_1_399' title='bbox 3330 2586 3454 2655; x_wconf 90' lang='lat' dir='ltr'><strong>quis</strong></span> 
     </span>
    </p>
   </div>
   <div class='ocr_carea' id='block_1_54' title="bbox 1874 2679 3455 2753">
    <p class='ocr_par' dir='ltr' id='par_1_54' title="bbox 1874 2679 3455 2753">
     <span class='ocr_line' id='line_1_54' title="bbox 1874 2679 3455 2753; baseline -0.006 -14"><span class='ocrx_word' id='word_1_400' title='bbox 1874 2700 1996 2739; x_wconf 89' lang='lat' dir='ltr'><strong>eam</strong></span> <span class='ocrx_word' id='word_1_401' title='bbox 2031 2684 2175 2740; x_wconf 87' lang='lat' dir='ltr'><strong>nude</strong></span> <span class='ocrx_word' id='word_1_402' title='bbox 2204 2692 2257 2738; x_wconf 90' lang='lat' dir='ltr'><strong>et</strong></span> <span class='ocrx_word' id='word_1_403' title='bbox 2291 2700 2387 2753; x_wconf 84' lang='lat' dir='ltr'><strong>per</strong></span> <span class='ocrx_word' id='word_1_404' title='bbox 2418 2699 2507 2747; x_wconf 86' lang='lat' dir='ltr'><strong>se,</strong></span> <span class='ocrx_word' id='word_1_405' title='bbox 2544 2682 2849 2737; x_wconf 88' lang='lat' dir='ltr'><strong>secundum</strong></span> <span class='ocrx_word' id='word_1_406' title='bbox 2897 2679 3157 2735; x_wconf 62' lang='lat' dir='ltr'><strong>essentiae</strong></span> <span class='ocrx_word' id='word_1_407' title='bbox 3202 2693 3316 2733; x_wconf 73' lang='lat' dir='ltr'><strong>suae</strong></span> <span class='ocrx_word' id='word_1_408' title='bbox 3363 2692 3455 2730; x_wconf 58' lang='lat' dir='ltr'><strong>ra-</strong></span> 
     </span>
    </p>
   </div>
   <div class='ocr_carea' id='block_1_55' title="bbox 1874 2767 3452 2841">
    <p class='ocr_par' dir='ltr' id='par_1_55' title="bbox 1874 2767 3452 2841">
     <span class='ocr_line' id='line_1_55' title="bbox 1874 2767 3452 2841; baseline -0.007 -12"><span class='ocrx_word' id='word_1_409' title='bbox 1874 2776 2079 2830; x_wconf 90' lang='lat' dir='ltr'><strong>tionem</strong></span> <span class='ocrx_word' id='word_1_410' title='bbox 2101 2817 2115 2840; x_wconf 96' lang='lat'><strong>,</strong></span> <span class='ocrx_word' id='word_1_411' title='bbox 2150 2785 2202 2829; x_wconf 91' lang='lat' dir='ltr'><strong>et</strong></span> <span class='ocrx_word' id='word_1_412' title='bbox 2236 2775 2304 2829; x_wconf 91' lang='lat' dir='ltr'><strong>ab</strong></span> <span class='ocrx_word' id='word_1_413' title='bbox 2336 2773 2595 2827; x_wconf 87' lang='lat' dir='ltr'><strong>omnibus</strong></span> <span class='ocrx_word' id='word_1_414' title='bbox 2629 2769 2991 2841; x_wconf 88' lang='lat' dir='ltr'><strong>qualitatibus</strong></span> <span class='ocrx_word' id='word_1_415' title='bbox 3043 2776 3098 2824; x_wconf 91' lang='lat' dir='ltr'><strong>et</strong></span> <span class='ocrx_word' id='word_1_416' title='bbox 3137 2767 3452 2839; x_wconf 87' lang='lat' dir='ltr'><strong>proprieta-</strong></span> 
     </span>
    </p>
   </div>
   <div class='ocr_carea' id='block_1_56' title="bbox 1875 2861 3455 2936">
    <p class='ocr_par' dir='ltr' id='par_1_56' title="bbox 1875 2861 3455 2936">
     <span class='ocr_line' id='line_1_56' title="bbox 1875 2861 3455 2936; baseline -0.006 -15"><span class='ocrx_word' id='word_1_417' title='bbox 1875 2869 2022 2921; x_wconf 88' lang='lat' dir='ltr'><strong>tibus</strong></span> <span class='ocrx_word' id='word_1_418' title='bbox 2060 2869 2367 2936; x_wconf 88' lang='lat' dir='ltr'><strong>sejunctam</strong></span> <span class='ocrx_word' id='word_1_419' title='bbox 2404 2863 2736 2921; x_wconf 84' lang='lat' dir='ltr'><strong>consideret.</strong></span> <span class='ocrx_word' id='word_1_420' title='bbox 2792 2862 2862 2916; x_wconf 85' lang='lat' dir='ltr'><strong>At</strong></span> <span class='ocrx_word' id='word_1_421' title='bbox 2897 2876 3026 2916; x_wconf 90' lang='lat' dir='ltr'><strong>vero</strong></span> <span class='ocrx_word' id='word_1_422' title='bbox 3060 2861 3372 2915; x_wconf 86' lang='lat' dir='ltr'><strong>intensione</strong></span> <span class='ocrx_word' id='word_1_423' title='bbox 3401 2867 3455 2913; x_wconf 88' lang='lat' dir='ltr'><strong>et</strong></span> 
     </span>
    </p>
   </div>
   <div class='ocr_carea' id='block_1_57' title="bbox 1874 2953 3457 3029">
    <p class='ocr_par' dir='ltr' id='par_1_57' title="bbox 1874 2953 3457 3029">
     <span class='ocr_line' id='line_1_57' title="bbox 1874 2953 3457 3029; baseline -0.004 -14"><span class='ocrx_word' id='word_1_424' title='bbox 1874 2962 2203 3016; x_wconf 85' lang='lat' dir='ltr'><strong>remissione</strong></span> <span class='ocrx_word' id='word_1_425' title='bbox 2257 2960 2478 3015; x_wconf 88' lang='lat' dir='ltr'><strong>virtutis</strong></span> <span class='ocrx_word' id='word_1_426' title='bbox 2523 2966 2580 3015; x_wconf 90' lang='lat' dir='ltr'><strong>et</strong></span> <span class='ocrx_word' id='word_1_427' title='bbox 2632 2957 2892 3029; x_wconf 70' lang='lat' dir='ltr'><strong>potentia:</strong></span> <span class='ocrx_word' id='word_1_428' title='bbox 2936 2955 3255 3023; x_wconf 79' lang='lat' dir='ltr'><strong>huiusmodi</strong></span> <span class='ocrx_word' id='word_1_429' title='bbox 3300 2953 3457 3009; x_wconf 69' lang='lat' dir='ltr'><strong>dilic-</strong></span> 
     </span>
    </p>
   </div>
   <div class='ocr_carea' id='block_1_58' title="bbox 1875 3045 3456 3120">
    <p class='ocr_par' dir='ltr' id='par_1_58' title="bbox 1875 3045 3456 3120">
     <span class='ocr_line' id='line_1_58' title="bbox 1875 3045 3456 3120; baseline -0.005 -13"><span class='ocrx_word' id='word_1_430' title='bbox 1875 3053 2109 3107; x_wconf 87' lang='lat' dir='ltr'><strong>rentiam</strong></span> <span class='ocrx_word' id='word_1_431' title='bbox 2135 3092 2149 3115; x_wconf 91' lang='lat'><strong>,</strong></span> <span class='ocrx_word' id='word_1_432' title='bbox 2182 3052 2236 3106; x_wconf 94' lang='lat' dir='ltr'><strong>in</strong></span> <span class='ocrx_word' id='word_1_433' title='bbox 2282 3050 2571 3120; x_wconf 86' lang='lat' dir='ltr'><strong>unigenito</strong></span> <span class='ocrx_word' id='word_1_434' title='bbox 2614 3049 2757 3103; x_wconf 88' lang='lat' dir='ltr'><strong>Filio</strong></span> <span class='ocrx_word' id='word_1_435' title='bbox 2792 3059 2847 3105; x_wconf 92' lang='lat' dir='ltr'><strong>et</strong></span> <span class='ocrx_word' id='word_1_436' title='bbox 2882 3047 3094 3118; x_wconf 91' lang='lat' dir='ltr'><strong>Spiritu</strong></span> <span class='ocrx_word' id='word_1_437' title='bbox 3130 3055 3322 3103; x_wconf 90' lang='lat' dir='ltr'><strong>sancto</strong></span> <span class='ocrx_word' id='word_1_438' title='bbox 3358 3045 3456 3100; x_wconf 87' lang='lat' dir='ltr'><strong>de-</strong></span> 
     </span>
    </p>
   </div>
   <div class='ocr_carea' id='block_1_59' title="bbox 1878 3137 3457 3210">
    <p class='ocr_par' dir='ltr' id='par_1_59' title="bbox 1878 3137 3457 3210">
     <span class='ocr_line' id='line_1_59' title="bbox 1878 3137 3457 3210; baseline -0.006 -11"><span class='ocrx_word' id='word_1_439' title='bbox 1878 3143 2033 3199; x_wconf 78' lang='lat' dir='ltr'><strong>finire</strong></span> <span class='ocrx_word' id='word_1_440' title='bbox 2060 3143 2231 3207; x_wconf 84' lang='lat' dir='ltr'><strong>velle,</strong></span> <span class='ocrx_word' id='word_1_441' title='bbox 2272 3150 2327 3197; x_wconf 85' lang='lat' dir='ltr'><strong>et</strong></span> <span class='ocrx_word' id='word_1_442' title='bbox 2358 3143 2427 3197; x_wconf 93' lang='lat' dir='ltr'><strong>ob</strong></span> <span class='ocrx_word' id='word_1_443' title='bbox 2460 3142 2563 3197; x_wconf 89' lang='lat' dir='ltr'><strong>hoc</strong></span> <span class='ocrx_word' id='word_1_444' title='bbox 2598 3156 2883 3205; x_wconf 87' lang='lat' dir='ltr'><strong>asserere,</strong></span> <span class='ocrx_word' id='word_1_445' title='bbox 2919 3140 3064 3210; x_wconf 91' lang='lat' dir='ltr'><strong>quod</strong></span> <span class='ocrx_word' id='word_1_446' title='bbox 3096 3137 3309 3209; x_wconf 67' lang='lat' dir='ltr'><strong>praediti</strong></span> <span class='ocrx_word' id='word_1_447' title='bbox 3345 3137 3457 3192; x_wconf 89' lang='lat' dir='ltr'><strong>sint</strong></span> 
     </span>
    </p>
   </div>
   <div class='ocr_carea' id='block_1_60' title="bbox 167 3222 1768 3309">
    <p class='ocr_par' dir='ltr' id='par_1_60' title="bbox 167 3222 1768 3303">
     <span class='ocr_line' id='line_1_60' title="bbox 167 3222 1768 3303; baseline 0.004 -24"><span class='ocrx_word' id='word_1_448' title='bbox 167 3227 439 3297; x_wconf 74' lang='grc' dir='ltr'>δεκτιχὴν</span> <span class='ocrx_word' id='word_1_449' title='bbox 475 3222 640 3280; x_wconf 76' lang='grc' dir='ltr'>οὖσαν</span> <span class='ocrx_word' id='word_1_450' title='bbox 673 3228 869 3298; x_wconf 77' lang='grc' dir='ltr'>ἐπίσης</span> <span class='ocrx_word' id='word_1_451' title='bbox 889 3229 997 3282; x_wconf 81' lang='grc' dir='ltr'><strong>τῶν</strong></span> <span class='ocrx_word' id='word_1_452' title='bbox 1024 3231 1299 3291; x_wconf 80' lang='grc' dir='ltr'>ἐναντίων,</span> <span class='ocrx_word' id='word_1_453' title='bbox 1329 3234 1421 3285; x_wconf 80' lang='lat' dir='ltr'><strong>xu‘t</strong></span> <span class='ocrx_word' id='word_1_454' title='bbox 1443 3235 1497 3284; x_wconf 82' lang='grc' dir='ltr'><strong>ἐν</strong></span> <span class='ocrx_word' id='word_1_455' title='bbox 1531 3232 1768 3303; x_wconf 80' lang='grc' dir='ltr'>μεθορίῳ</span> 
     </span>
    </p>
   </div>
   <div class='ocr_carea' id='block_1_61' title="bbox 1879 3222 3457 3309">
    <p class='ocr_par' dir='ltr' id='par_1_61' title="bbox 1879 3230 3457 3304">
     <span class='ocr_line' id='line_1_61' title="bbox 1879 3230 3457 3304; baseline -0.004 -15"><span class='ocrx_word' id='word_1_456' title='bbox 1879 3242 2105 3301; x_wconf 89' lang='lat' dir='ltr'><strong>natura,</strong></span> <span class='ocrx_word' id='word_1_457' title='bbox 2143 3250 2264 3304; x_wconf 73' lang='lat' dir='ltr'><strong>qua:</strong></span> <span class='ocrx_word' id='word_1_458' title='bbox 2296 3233 2605 3287; x_wconf 88' lang='lat' dir='ltr'><strong>mutatione</strong></span> <span class='ocrx_word' id='word_1_459' title='bbox 2652 3230 2831 3296; x_wconf 83' lang='lat' dir='ltr'><strong>facta,</strong></span> <span class='ocrx_word' id='word_1_460' title='bbox 2879 3231 2945 3285; x_wconf 89' lang='lat' dir='ltr'><strong>ad</strong></span> <span class='ocrx_word' id='word_1_461' title='bbox 2992 3238 3223 3300; x_wconf 84' lang='lat' dir='ltr'><strong>utraque</strong></span> <span class='ocrx_word' id='word_1_462' title='bbox 3255 3238 3457 3283; x_wconf 82' lang='lat' dir='ltr'><strong>trans-</strong></span> 
     </span>
    </p>
   </div>
   <div class='ocr_carea' id='block_1_62' title="bbox 170 3310 1767 3393">
    <p class='ocr_par' dir='ltr' id='par_1_62' title="bbox 170 3310 1767 3393">
     <span class='ocr_line' id='line_1_62' title="bbox 170 3310 1767 3393; baseline 0.006 -27"><span class='ocrx_word' id='word_1_463' title='bbox 170 3310 351 3366; x_wconf 77' lang='grc' dir='ltr'>καλοῦ</span> <span class='ocrx_word' id='word_1_464' title='bbox 400 3329 465 3365; x_wconf 86' lang='grc' dir='ltr'><strong>τε</strong></span> <span class='ocrx_word' id='word_1_465' title='bbox 502 3314 594 3366; x_wconf 85' lang='lat' dir='ltr'><strong>xui</strong></span> <span class='ocrx_word' id='word_1_466' title='bbox 620 3314 716 3367; x_wconf 74' lang='grc' dir='ltr'>τοῦ</span> <span class='ocrx_word' id='word_1_467' title='bbox 768 3316 1010 3369; x_wconf 75' lang='grc' dir='ltr'>ἐναντίου</span> <span class='ocrx_word' id='word_1_468' title='bbox 1050 3319 1309 3389; x_wconf 80' lang='grc' dir='ltr'>κειμένην</span> <span class='ocrx_word' id='word_1_469' title='bbox 1336 3358 1351 3381; x_wconf 84' lang='grc'><em>,</em></span> <span class='ocrx_word' id='word_1_470' title='bbox 1390 3321 1488 3389; x_wconf 82' lang='grc' dir='ltr'>τῆς</span> <span class='ocrx_word' id='word_1_471' title='bbox 1532 3323 1767 3393; x_wconf 76' lang='grc' dir='ltr'>ἐσχάτης</span> 
     </span>
    </p>
   </div>
   <div class='ocr_carea' id='block_1_63' title="bbox 168 3404 1767 3482">
    <p class='ocr_par' dir='ltr' id='par_1_63' title="bbox 168 3404 1767 3482">
     <span class='ocr_line' id='line_1_63' title="bbox 168 3404 1767 3482; baseline 0.006 -25"><span class='ocrx_word' id='word_1_472' title='bbox 168 3404 441 3468; x_wconf 81' lang='grc' dir='ltr'>ἀσεϐείας</span> <span class='ocrx_word' id='word_1_473' title='bbox 471 3406 637 3460; x_wconf 77' lang='grc' dir='ltr'>ἐστίν.</span> <span class='ocrx_word' id='word_1_474' title='bbox 673 3407 835 3460; x_wconf 85' lang='grc' dir='ltr'><strong>Ἀλλο</strong></span> <span class='ocrx_word' id='word_1_475' title='bbox 872 3409 980 3482; x_wconf 84' lang='grc' dir='ltr'><strong>γάρ</strong></span> <span class='ocrx_word' id='word_1_476' title='bbox 1012 3428 1063 3463; x_wconf 90' lang='grc' dir='ltr'><strong>τι</strong></span> <span class='ocrx_word' id='word_1_477' title='bbox 1113 3407 1250 3463; x_wconf 79' lang='grc' dir='ltr'>εἶναι</span> <span class='ocrx_word' id='word_1_478' title='bbox 1294 3411 1460 3482; x_wconf 82' lang='grc' dir='ltr'>αὐτὴν</span> <span class='ocrx_word' id='word_1_479' title='bbox 1491 3413 1630 3465; x_wconf 78' lang='grc' dir='ltr'>κατά</span> <span class='ocrx_word' id='word_1_480' title='bbox 1676 3414 1767 3467; x_wconf 87' lang='grc' dir='ltr'><strong>τὸν</strong></span> 
     </span>
    </p>
   </div>
   <div class='ocr_carea' id='block_1_64' title="bbox 170 3500 1767 3576">
    <p class='ocr_par' dir='ltr' id='par_1_64' title="bbox 170 3500 1767 3576">
     <span class='ocr_line' id='line_1_64' title="bbox 170 3500 1767 3576; baseline 0.004 -23"><span class='ocrx_word' id='word_1_481' title='bbox 170 3501 307 3553; x_wconf 77' lang='grc' dir='ltr'>ἴδιον</span> <span class='ocrx_word' id='word_1_482' title='bbox 360 3500 522 3567; x_wconf 84' lang='grc' dir='ltr'>λόγον</span> <span class='ocrx_word' id='word_1_483' title='bbox 545 3541 561 3561; x_wconf 88' lang='grc'><strong>.</strong></span> <span class='ocrx_word' id='word_1_484' title='bbox 596 3500 689 3554; x_wconf 84' lang='lat' dir='ltr'><strong>xui</strong></span> <span class='ocrx_word' id='word_1_485' title='bbox 732 3501 860 3554; x_wconf 79' lang='grc' dir='ltr'>ἄλλο</span> <span class='ocrx_word' id='word_1_486' title='bbox 910 3520 962 3555; x_wconf 88' lang='grc' dir='ltr'><strong>τι</strong></span> <span class='ocrx_word' id='word_1_487' title='bbox 1010 3501 1255 3570; x_wconf 87' lang='grc' dir='ltr'>γίνεσθαι</span> <span class='ocrx_word' id='word_1_488' title='bbox 1282 3506 1350 3574; x_wconf 80' lang='grc' dir='ltr'>τῇ</span> <span class='ocrx_word' id='word_1_489' title='bbox 1386 3504 1645 3576; x_wconf 82' lang='grc' dir='ltr'>μετουσίᾳ</span> <span class='ocrx_word' id='word_1_490' title='bbox 1672 3506 1767 3560; x_wconf 80' lang='grc' dir='ltr'><strong>τοῦ</strong></span> 
     </span>
    </p>
   </div>
   <div class='ocr_carea' id='block_1_65' title="bbox 169 3591 1770 3665">
    <p class='ocr_par' dir='ltr' id='par_1_65' title="bbox 169 3591 1770 3665">
     <span class='ocr_line' id='line_1_65' title="bbox 169 3591 1770 3665; baseline 0.004 -19"><span class='ocrx_word' id='word_1_491' title='bbox 169 3591 375 3655; x_wconf 69' lang='grc' dir='ltr'>καλοῦ,</span> <span class='ocrx_word' id='word_1_492' title='bbox 413 3594 511 3645; x_wconf 88' lang='lat' dir='ltr'><strong>xui</strong></span> <span class='ocrx_word' id='word_1_493' title='bbox 542 3593 635 3646; x_wconf 76' lang='grc' dir='ltr'>τοῦ</span> <span class='ocrx_word' id='word_1_494' title='bbox 668 3596 910 3665; x_wconf 83' lang='grc' dir='ltr'>χείρονος</span> <span class='ocrx_word' id='word_1_495' title='bbox 932 3635 947 3659; x_wconf 89' lang='grc'><em>,</em></span> <span class='ocrx_word' id='word_1_496' title='bbox 978 3597 1006 3648; x_wconf 91' lang='lat'><strong>6</strong></span> <span class='ocrx_word' id='word_1_497' title='bbox 1034 3596 1207 3649; x_wconf 82' lang='grc' dir='ltr'>ταῦτα</span> <span class='ocrx_word' id='word_1_498' title='bbox 1229 3595 1403 3663; x_wconf 90' lang='grc' dir='ltr'>λέγων</span> <span class='ocrx_word' id='word_1_499' title='bbox 1430 3600 1770 3653; x_wconf 82' lang='grc' dir='ltr'>κατασκευά-</span> 
     </span>
    </p>
   </div>
   <div class='ocr_carea' id='block_1_66' title="bbox 174 3678 1769 3756">
    <p class='ocr_par' dir='ltr' id='par_1_66' title="bbox 174 3678 1769 3756">
     <span class='ocr_line' id='line_1_66' title="bbox 174 3678 1769 3756; baseline 0.005 -20"><span class='ocrx_word' id='word_1_500' title='bbox 174 3703 252 3737; x_wconf 76' lang='grc' dir='ltr'><strong>σει</strong></span> <span class='ocrx_word' id='word_1_501' title='bbox 281 3703 301 3716; x_wconf 77' lang='grc' dir='ltr'><strong>ο</strong></span> <span class='ocrx_word' id='word_1_502' title='bbox 337 3678 457 3737; x_wconf 76' lang='grc' dir='ltr'>οἷον</span> <span class='ocrx_word' id='word_1_503' title='bbox 484 3686 575 3737; x_wconf 79' lang='grc' dir='ltr'><strong>ἐπὶ</strong></span> <span class='ocrx_word' id='word_1_504' title='bbox 605 3685 700 3738; x_wconf 80' lang='grc' dir='ltr'>τοῦ</span> <span class='ocrx_word' id='word_1_505' title='bbox 742 3686 963 3755; x_wconf 84' lang='grc' dir='ltr'>σιδήρου</span> <span class='ocrx_word' id='word_1_506' title='bbox 1011 3686 1327 3756; x_wconf 88' lang='grc' dir='ltr'>συμϐαίνει·</span> <span class='ocrx_word' id='word_1_507' title='bbox 1373 3688 1430 3751; x_wconf 82' lang='grc' dir='ltr'>ὃς</span> <span class='ocrx_word' id='word_1_508' title='bbox 1462 3689 1554 3742; x_wconf 76' lang='grc' dir='ltr'>ἐπὶ</span> <span class='ocrx_word' id='word_1_509' title='bbox 1587 3691 1769 3745; x_wconf 82' lang='grc' dir='ltr'>πλεῖον</span> 
     </span>
    </p>
   </div>
   <div class='ocr_carea' id='block_1_67' title="bbox 174 3778 1767 3851">
    <p class='ocr_par' dir='ltr' id='par_1_67' title="bbox 174 3778 1767 3851">
     <span class='ocr_line' id='line_1_67' title="bbox 174 3778 1767 3851; baseline 0.001 -20"><span class='ocrx_word' id='word_1_510' title='bbox 174 3780 275 3847; x_wconf 78' lang='grc' dir='ltr'>μὲν</span> <span class='ocrx_word' id='word_1_511' title='bbox 301 3778 391 3846; x_wconf 79' lang='grc' dir='ltr'>τῷ</span> <span class='ocrx_word' id='word_1_512' title='bbox 420 3778 559 3849; x_wconf 72' lang='grc' dir='ltr'>πυρὶ</span> <span class='ocrx_word' id='word_1_513' title='bbox 582 3778 957 3849; x_wconf 82' lang='grc' dir='ltr'>καθομιλήσας</span> <span class='ocrx_word' id='word_1_514' title='bbox 974 3819 989 3842; x_wconf 85' lang='grc'><em>,</em></span> <span class='ocrx_word' id='word_1_515' title='bbox 1024 3778 1123 3849; x_wconf 85' lang='grc' dir='ltr'>τὴν</span> <span class='ocrx_word' id='word_1_516' title='bbox 1149 3779 1411 3849; x_wconf 86' lang='grc' dir='ltr'>ποιότητα</span> <span class='ocrx_word' id='word_1_517' title='bbox 1434 3780 1529 3833; x_wconf 79' lang='grc' dir='ltr'>τοῦ</span> <span class='ocrx_word' id='word_1_518' title='bbox 1562 3780 1767 3851; x_wconf 81' lang='grc' dir='ltr'>θερμοῦ</span> 
     </span>
    </p>
   </div>
   <div class='ocr_carea' id='block_1_68' title="bbox 172 3864 1768 3941">
    <p class='ocr_par' dir='ltr' id='par_1_68' title="bbox 172 3864 1768 3941">
     <span class='ocr_line' id='line_1_68' title="bbox 172 3864 1768 3941; baseline 0.002 -18"><span class='ocrx_word' id='word_1_519' title='bbox 172 3870 503 3931; x_wconf 72' lang='grc' dir='ltr'>ὑποδύεται,</span> <span class='ocrx_word' id='word_1_520' title='bbox 535 3869 711 3939; x_wconf 86' lang='grc' dir='ltr'>μένων</span> <span class='ocrx_word' id='word_1_521' title='bbox 740 3871 797 3922; x_wconf 84' lang='grc' dir='ltr'>ὲν</span> <span class='ocrx_word' id='word_1_522' title='bbox 819 3870 895 3940; x_wconf 83' lang='grc' dir='ltr'><strong>τῷ</strong></span> <span class='ocrx_word' id='word_1_523' title='bbox 921 3869 1136 3939; x_wconf 88' lang='grc' dir='ltr'>σίδηρος</span> <span class='ocrx_word' id='word_1_524' title='bbox 1169 3864 1311 3922; x_wconf 83' lang='grc' dir='ltr'>εἶναι</span> <span class='ocrx_word' id='word_1_525' title='bbox 1337 3887 1349 3899; x_wconf 74' lang='grc' dir='ltr'><strong>ο</strong></span> <span class='ocrx_word' id='word_1_526' title='bbox 1382 3873 1432 3923; x_wconf 79' lang='grc' dir='ltr'>εἰ</span> <span class='ocrx_word' id='word_1_527' title='bbox 1460 3871 1516 3923; x_wconf 85' lang='grc' dir='ltr'>δὲ</span> <span class='ocrx_word' id='word_1_528' title='bbox 1551 3874 1609 3924; x_wconf 80' lang='grc' dir='ltr'>ὲν</span> <span class='ocrx_word' id='word_1_529' title='bbox 1631 3874 1768 3941; x_wconf 85' lang='grc' dir='ltr'>χιόνι</span> 
     </span>
    </p>
   </div>
   <div class='ocr_carea' id='block_1_69' title="bbox 170 3956 1771 4032">
    <p class='ocr_par' dir='ltr' id='par_1_69' title="bbox 170 3956 1771 4032">
     <span class='ocr_line' id='line_1_69' title="bbox 170 3956 1771 4032; baseline 0.002 -20"><span class='ocrx_word' id='word_1_530' title='bbox 170 3961 396 4027; x_wconf 78' lang='grc' dir='ltr'>γένοιτο</span> <span class='ocrx_word' id='word_1_531' title='bbox 418 4002 435 4023; x_wconf 87' lang='grc'><em>,</em></span> <span class='ocrx_word' id='word_1_532' title='bbox 467 3956 499 4027; x_wconf 82' lang='grc' dir='ltr'>ἢ</span> <span class='ocrx_word' id='word_1_533' title='bbox 542 3957 862 4028; x_wconf 71' lang='grc' dir='ltr'>κρυστάλλῳ</span> <span class='ocrx_word' id='word_1_534' title='bbox 882 3998 895 4018; x_wconf 86' lang='grc'><em>,</em></span> <span class='ocrx_word' id='word_1_535' title='bbox 933 3958 1253 4028; x_wconf 81' lang='grc' dir='ltr'>μεταϐάλλει</span> <span class='ocrx_word' id='word_1_536' title='bbox 1285 3959 1419 4028; x_wconf 80' lang='grc' dir='ltr'>πρὸς</span> <span class='ocrx_word' id='word_1_537' title='bbox 1448 3960 1509 4013; x_wconf 80' lang='grc' dir='ltr'><strong>τὸ</strong></span> <span class='ocrx_word' id='word_1_538' title='bbox 1541 3964 1771 4032; x_wconf 78' lang='grc' dir='ltr'>ἐπικρα-</span> 
     </span>
    </p>
   </div>
   <div class='ocr_carea' id='block_1_70' title="bbox 168 4049 1769 4121">
    <p class='ocr_par' dir='ltr' id='par_1_70' title="bbox 168 4049 1769 4121">
     <span class='ocr_line' id='line_1_70' title="bbox 168 4049 1769 4121; baseline 0.002 -18"><span class='ocrx_word' id='word_1_539' title='bbox 168 4051 300 4103; x_wconf 75' lang='grc' dir='ltr'>τοῦν</span> <span class='ocrx_word' id='word_1_540' title='bbox 336 4050 441 4120; x_wconf 71' lang='grc' dir='ltr'>τὴν</span> <span class='ocrx_word' id='word_1_541' title='bbox 483 4049 745 4118; x_wconf 83' lang='grc' dir='ltr'>ποιότητα</span> <span class='ocrx_word' id='word_1_542' title='bbox 770 4089 784 4111; x_wconf 83' lang='grc'>,</span> <span class='ocrx_word' id='word_1_543' title='bbox 812 4050 871 4104; x_wconf 84' lang='grc' dir='ltr'><strong>τὸ</strong></span> <span class='ocrx_word' id='word_1_544' title='bbox 892 4050 1098 4121; x_wconf 77' lang='grc' dir='ltr'>ψυχρὸν</span> <span class='ocrx_word' id='word_1_545' title='bbox 1126 4051 1224 4120; x_wconf 79' lang='grc' dir='ltr'>τῆς</span> <span class='ocrx_word' id='word_1_546' title='bbox 1268 4053 1442 4121; x_wconf 86' lang='grc' dir='ltr'>χιόνος</span> <span class='ocrx_word' id='word_1_547' title='bbox 1476 4056 1586 4116; x_wconf 86' lang='grc' dir='ltr'>τοῖς</span> <span class='ocrx_word' id='word_1_548' title='bbox 1620 4053 1769 4119; x_wconf 74' lang='grc' dir='ltr'>ἰδίοις</span> 
     </span>
    </p>
   </div>
   <div class='ocr_carea' id='block_1_71' title="bbox 174 4140 850 4214">
    <p class='ocr_par' dir='ltr' id='par_1_71' title="bbox 174 4140 850 4214">
     <span class='ocr_line' id='line_1_71' title="bbox 174 4140 850 4214; baseline 0 -19"><span class='ocrx_word' id='word_1_549' title='bbox 174 4143 401 4214; x_wconf 75' lang='grc' dir='ltr'>μορίοις</span> <span class='ocrx_word' id='word_1_550' title='bbox 430 4140 850 4213; x_wconf 77' lang='grc' dir='ltr'>ἀναδεξάμενος.</span> 
     </span>
    </p>
   </div>
   <div class='ocr_carea' id='block_1_72' title="bbox 241 4322 1771 4401">
    <p class='ocr_par' dir='ltr' id='par_1_72' title="bbox 241 4322 1771 4401">
     <span class='ocr_line' id='line_1_72' title="bbox 241 4322 1771 4401; baseline 0.001 -20"><span class='ocrx_word' id='word_1_551' title='bbox 241 4329 478 4397; x_wconf 84' lang='grc' dir='ltr'>Ὠσπερ</span> <span class='ocrx_word' id='word_1_552' title='bbox 500 4322 594 4380; x_wconf 79' lang='grc' dir='ltr'><strong>οὖν</strong></span> <span class='ocrx_word' id='word_1_553' title='bbox 622 4326 723 4379; x_wconf 70' lang='grc' dir='ltr'><strong>οὐκ</strong></span> <span class='ocrx_word' id='word_1_554' title='bbox 749 4327 812 4378; x_wconf 81' lang='grc' dir='ltr'><strong>ὲκ</strong></span> <span class='ocrx_word' id='word_1_555' title='bbox 840 4325 939 4395; x_wconf 84' lang='grc' dir='ltr'>τῆς</span> <span class='ocrx_word' id='word_1_556' title='bbox 967 4326 1441 4399; x_wconf 78' lang='grc' dir='ltr'>ὲπιθεωρουμένης</span> <span class='ocrx_word' id='word_1_557' title='bbox 1460 4327 1539 4399; x_wconf 84' lang='grc' dir='ltr'>τῷ</span> <span class='ocrx_word' id='word_1_558' title='bbox 1568 4329 1771 4401; x_wconf 83' lang='grc' dir='ltr'>σιδήρῳ</span> 
     </span>
    </p>
   </div>
   <div class='ocr_carea' id='block_1_73' title="bbox 172 4402 1804 4493">
    <p class='ocr_par' dir='ltr' id='par_1_73' title="bbox 172 4402 1804 4493">
     <span class='ocr_line' id='line_1_73' title="bbox 172 4402 1804 4493; baseline 0.002 -22"><span class='ocrx_word' id='word_1_559' title='bbox 172 4421 479 4487; x_wconf 56' lang='grc' dir='ltr'>ποιότητος</span> <span class='ocrx_word' id='word_1_560' title='bbox 520 4414 792 4488; x_wconf 69' lang='grc' dir='ltr'>τῆν’ὖλην</span> <span class='ocrx_word' id='word_1_561' title='bbox 838 4419 1351 4489; x_wconf 79' lang='grc' dir='ltr'>προσαγορεύομεν·</span> <span class='ocrx_word' id='word_1_562' title='bbox 1399 4421 1460 4473; x_wconf 85' lang='grc' dir='ltr'><strong>οὐ</strong></span> <span class='ocrx_word' id='word_1_563' title='bbox 1518 4421 1624 4492; x_wconf 78' lang='grc' dir='ltr'>γὰρ</span> <span class='ocrx_word' id='word_1_564' title='bbox 1660 4402 1804 4493; x_wconf 43' lang='grc' dir='ltr'>πῦρ·</span> 
     </span>
    </p>
   </div>
   <div class='ocr_carea' id='block_1_74' title="bbox 170 4512 1763 4582">
    <p class='ocr_par' dir='ltr' id='par_1_74' title="bbox 170 4512 1763 4582">
     <span class='ocr_line' id='line_1_74' title="bbox 170 4512 1763 4582; baseline 0 -15"><span class='ocrx_word' id='word_1_565' title='bbox 170 4514 371 4576; x_wconf 65' lang='grc' dir='ltr'>αὐτὸν,</span> <span class='ocrx_word' id='word_1_566' title='bbox 406 4512 440 4582; x_wconf 84' lang='grc' dir='ltr'>ἦ</span> <span class='ocrx_word' id='word_1_567' title='bbox 483 4512 815 4582; x_wconf 74' lang='grc' dir='ltr'>κρύσταλλον</span> <span class='ocrx_word' id='word_1_568' title='bbox 841 4512 1177 4581; x_wconf 77' lang='grc' dir='ltr'>ὀνομάζομεν</span> <span class='ocrx_word' id='word_1_569' title='bbox 1205 4513 1299 4565; x_wconf 83' lang='grc' dir='ltr'><strong>τὸν</strong></span> <span class='ocrx_word' id='word_1_570' title='bbox 1327 4512 1407 4565; x_wconf 77' lang='grc' dir='ltr'>ἑνὶ</span> <span class='ocrx_word' id='word_1_571' title='bbox 1437 4514 1640 4567; x_wconf 79' lang='grc' dir='ltr'>τούτων</span> <span class='ocrx_word' id='word_1_572' title='bbox 1664 4533 1763 4567; x_wconf 88' lang='grc' dir='ltr'>πε-</span> 
     </span>
    </p>
   </div>
   <div class='ocr_carea' id='block_1_75' title="bbox 1877 3319 3457 3394">
    <p class='ocr_par' dir='ltr' id='par_1_75' title="bbox 1877 3319 3457 3394">
     <span class='ocr_line' id='line_1_75' title="bbox 1877 3319 3457 3394; baseline -0.005 -15"><span class='ocrx_word' id='word_1_573' title='bbox 1877 3325 2009 3379; x_wconf 81' lang='lat' dir='ltr'><strong>ferri</strong></span> <span class='ocrx_word' id='word_1_574' title='bbox 2054 3332 2256 3394; x_wconf 86' lang='lat' dir='ltr'><strong>queat,</strong></span> <span class='ocrx_word' id='word_1_575' title='bbox 2313 3323 2387 3377; x_wconf 89' lang='lat' dir='ltr'><strong>ita</strong></span> <span class='ocrx_word' id='word_1_576' title='bbox 2426 3331 2484 3376; x_wconf 93' lang='lat' dir='ltr'><strong>ut</strong></span> <span class='ocrx_word' id='word_1_577' title='bbox 2520 3338 2586 3377; x_wconf 79' lang='lat' dir='ltr'><strong>ex</strong></span> <span class='ocrx_word' id='word_1_578' title='bbox 2615 3337 2775 3391; x_wconf 73' lang='lat' dir='ltr'><strong>tequo</strong></span> <span class='ocrx_word' id='word_1_579' title='bbox 2824 3319 3237 3375; x_wconf 88' lang='lat' dir='ltr'><strong>contrariorum</strong></span> <span class='ocrx_word' id='word_1_580' title='bbox 3283 3333 3457 3388; x_wconf 84' lang='lat' dir='ltr'><strong>capax</strong></span> 
     </span>
    </p>
   </div>
   <div class='ocr_carea' id='block_1_76' title="bbox 1877 3408 3449 3481">
    <p class='ocr_par' dir='ltr' id='par_1_76' title="bbox 1877 3408 3449 3481">
     <span class='ocr_line' id='line_1_76' title="bbox 1877 3408 3449 3481; baseline -0.006 -9"><span class='ocrx_word' id='word_1_581' title='bbox 1877 3418 1949 3473; x_wconf 90' lang='lat' dir='ltr'><strong>sit</strong></span> <span class='ocrx_word' id='word_1_582' title='bbox 1978 3417 2279 3471; x_wconf 88' lang='lat' dir='ltr'><strong>constituta</strong></span> <span class='ocrx_word' id='word_1_583' title='bbox 2309 3415 2365 3469; x_wconf 92' lang='lat' dir='ltr'><strong>in</strong></span> <span class='ocrx_word' id='word_1_584' title='bbox 2401 3412 2645 3470; x_wconf 84' lang='lat' dir='ltr'><strong>conﬁnio</strong></span> <span class='ocrx_word' id='word_1_585' title='bbox 2679 3412 2943 3468; x_wconf 89' lang='lat' dir='ltr'><strong>bonitatis</strong></span> <span class='ocrx_word' id='word_1_586' title='bbox 2967 3450 2983 3474; x_wconf 92' lang='lat'><strong>,</strong></span> <span class='ocrx_word' id='word_1_587' title='bbox 3023 3411 3256 3481; x_wconf 85' lang='lat' dir='ltr'><strong>ejusque</strong></span> <span class='ocrx_word' id='word_1_588' title='bbox 3302 3408 3449 3480; x_wconf 86' lang='lat' dir='ltr'><strong>quod</strong></span> 
     </span>
    </p>
   </div>
   <div class='ocr_carea' id='block_1_77' title="bbox 1876 3502 3455 3574">
    <p class='ocr_par' dir='ltr' id='par_1_77' title="bbox 1876 3502 3455 3574">
     <span class='ocr_line' id='line_1_77' title="bbox 1876 3502 3455 3574; baseline -0.004 -11"><span class='ocrx_word' id='word_1_589' title='bbox 1876 3509 2008 3565; x_wconf 86' lang='lat' dir='ltr'><strong>huic</strong></span> <span class='ocrx_word' id='word_1_590' title='bbox 2059 3508 2426 3569; x_wconf 82' lang='lat' dir='ltr'><strong>adversatur:</strong></span> <span class='ocrx_word' id='word_1_591' title='bbox 2485 3513 2747 3561; x_wconf 62' lang='lat' dir='ltr'><strong>extrema:</strong></span> <span class='ocrx_word' id='word_1_592' title='bbox 2800 3503 3090 3574; x_wconf 88' lang='lat' dir='ltr'><strong>cujusdam</strong></span> <span class='ocrx_word' id='word_1_593' title='bbox 3157 3502 3455 3569; x_wconf 88' lang='lat' dir='ltr'><strong>impietatis</strong></span> 
     </span>
    </p>
   </div>
   <div class='ocr_carea' id='block_1_78' title="bbox 1878 3593 3456 3671">
    <p class='ocr_par' dir='ltr' id='par_1_78' title="bbox 1878 3593 3456 3671">
     <span class='ocr_line' id='line_1_78' title="bbox 1878 3593 3456 3671; baseline -0.006 -16"><span class='ocrx_word' id='word_1_594' title='bbox 1878 3608 2268 3671; x_wconf 90' lang='lat' dir='ltr'><strong>argumentum</strong></span> <span class='ocrx_word' id='word_1_595' title='bbox 2297 3606 2401 3653; x_wconf 89' lang='lat' dir='ltr'><strong>est.</strong></span> <span class='ocrx_word' id='word_1_596' title='bbox 2438 3596 2603 3651; x_wconf 87' lang='lat' dir='ltr'><strong>Aliud</strong></span> <span class='ocrx_word' id='word_1_597' title='bbox 2633 3597 2781 3652; x_wconf 91' lang='lat' dir='ltr'><strong>enim</strong></span> <span class='ocrx_word' id='word_1_598' title='bbox 2810 3596 2961 3650; x_wconf 89' lang='lat' dir='ltr'><strong>illam</strong></span> <span class='ocrx_word' id='word_1_599' title='bbox 2993 3610 3118 3651; x_wconf 85' lang='lat' dir='ltr'><strong>esse</strong></span> <span class='ocrx_word' id='word_1_600' title='bbox 3153 3593 3456 3650; x_wconf 89' lang='lat' dir='ltr'><strong>secundum</strong></span> 
     </span>
    </p>
   </div>
   <div class='ocr_carea' id='block_1_79' title="bbox 1878 3683 3459 3761">
    <p class='ocr_par' dir='ltr' id='par_1_79' title="bbox 1878 3683 3459 3761">
     <span class='ocr_line' id='line_1_79' title="bbox 1878 3683 3459 3761; baseline -0.005 -18"><span class='ocrx_word' id='word_1_601' title='bbox 1878 3692 2152 3761; x_wconf 89' lang='lat' dir='ltr'><strong>propriam</strong></span> <span class='ocrx_word' id='word_1_602' title='bbox 2190 3706 2345 3745; x_wconf 87' lang='lat' dir='ltr'><strong>suam</strong></span> <span class='ocrx_word' id='word_1_603' title='bbox 2378 3689 2647 3742; x_wconf 91' lang='lat' dir='ltr'><strong>rationem</strong></span> <span class='ocrx_word' id='word_1_604' title='bbox 2673 3728 2688 3752; x_wconf 94' lang='lat'><strong>,</strong></span> <span class='ocrx_word' id='word_1_605' title='bbox 2718 3694 2774 3741; x_wconf 88' lang='lat' dir='ltr'><strong>et</strong></span> <span class='ocrx_word' id='word_1_606' title='bbox 2802 3685 2949 3740; x_wconf 91' lang='lat' dir='ltr'><strong>aliud</strong></span> <span class='ocrx_word' id='word_1_607' title='bbox 2984 3685 3131 3739; x_wconf 89' lang='lat' dir='ltr'><strong>illam</strong></span> <span class='ocrx_word' id='word_1_608' title='bbox 3164 3683 3459 3754; x_wconf 88' lang='lat' dir='ltr'><strong>participa-</strong></span> 
     </span>
    </p>
   </div>
   <div class='ocr_carea' id='block_1_80' title="bbox 1879 3774 3459 3847">
    <p class='ocr_par' dir='ltr' id='par_1_80' title="bbox 1879 3774 3459 3847">
     <span class='ocr_line' id='line_1_80' title="bbox 1879 3774 3459 3847; baseline -0.006 -11"><span class='ocrx_word' id='word_1_609' title='bbox 1879 3784 2028 3836; x_wconf 86' lang='lat' dir='ltr'><strong>tione</strong></span> <span class='ocrx_word' id='word_1_610' title='bbox 2054 3782 2316 3837; x_wconf 76' lang='lat' dir='ltr'><strong>bonitatis</strong></span> <span class='ocrx_word' id='word_1_611' title='bbox 2344 3780 2460 3833; x_wconf 85' lang='lat' dir='ltr'><strong>ﬁeri</strong></span> <span class='ocrx_word' id='word_1_612' title='bbox 2494 3822 2509 3846; x_wconf 92' lang='lat'><strong>,</strong></span> <span class='ocrx_word' id='word_1_613' title='bbox 2540 3779 2617 3843; x_wconf 91' lang='lat' dir='ltr'><strong>is,</strong></span> <span class='ocrx_word' id='word_1_614' title='bbox 2645 3778 2737 3847; x_wconf 89' lang='lat' dir='ltr'><strong>qui</strong></span> <span class='ocrx_word' id='word_1_615' title='bbox 2771 3778 2903 3830; x_wconf 89' lang='lat' dir='ltr'><strong>talia</strong></span> <span class='ocrx_word' id='word_1_616' title='bbox 2929 3776 3096 3829; x_wconf 90' lang='lat' dir='ltr'><strong>tradit</strong></span> <span class='ocrx_word' id='word_1_617' title='bbox 3126 3774 3459 3845; x_wconf 86' lang='lat' dir='ltr'><strong>persuadere</strong></span> 
     </span>
    </p>
   </div>
   <div class='ocr_carea' id='block_1_81' title="bbox 1877 3865 3461 3939">
    <p class='ocr_par' dir='ltr' id='par_1_81' title="bbox 1877 3865 3461 3939">
     <span class='ocr_line' id='line_1_81' title="bbox 1877 3865 3461 3939; baseline -0.006 -10"><span class='ocrx_word' id='word_1_618' title='bbox 1877 3882 2135 3929; x_wconf 87' lang='lat' dir='ltr'><strong>conatur:</strong></span> <span class='ocrx_word' id='word_1_619' title='bbox 2160 3882 2220 3925; x_wconf 88' lang='lat' dir='ltr'><strong>ut</strong></span> <span class='ocrx_word' id='word_1_620' title='bbox 2251 3872 2305 3925; x_wconf 93' lang='lat' dir='ltr'><strong>in</strong></span> <span class='ocrx_word' id='word_1_621' title='bbox 2341 3870 2486 3925; x_wconf 82' lang='lat' dir='ltr'><strong>ferro</strong></span> <span class='ocrx_word' id='word_1_622' title='bbox 2524 3870 2725 3924; x_wconf 88' lang='lat' dir='ltr'><strong>accidit</strong></span> <span class='ocrx_word' id='word_1_623' title='bbox 2745 3911 2759 3933; x_wconf 87' lang='lat'><strong>,</strong></span> <span class='ocrx_word' id='word_1_624' title='bbox 2788 3868 2933 3939; x_wconf 89' lang='lat' dir='ltr'><strong>quod</strong></span> <span class='ocrx_word' id='word_1_625' title='bbox 2966 3868 3021 3921; x_wconf 94' lang='lat' dir='ltr'><strong>in</strong></span> <span class='ocrx_word' id='word_1_626' title='bbox 3051 3867 3176 3937; x_wconf 89' lang='lat' dir='ltr'><strong>igne</strong></span> <span class='ocrx_word' id='word_1_627' title='bbox 3206 3866 3297 3919; x_wconf 91' lang='lat' dir='ltr'><strong>diu</strong></span> <span class='ocrx_word' id='word_1_628' title='bbox 3332 3865 3461 3920; x_wconf 87' lang='lat' dir='ltr'><strong>reli-</strong></span> 
     </span>
    </p>
   </div>
   <div class='ocr_carea' id='block_1_82' title="bbox 1877 3958 3458 4034">
    <p class='ocr_par' dir='ltr' id='par_1_82' title="bbox 1877 3958 3458 4034">
     <span class='ocr_line' id='line_1_82' title="bbox 1877 3958 3458 4034; baseline -0.006 -13"><span class='ocrx_word' id='word_1_629' title='bbox 1877 3975 2026 4022; x_wconf 87' lang='lat' dir='ltr'><strong>ctum</strong></span> <span class='ocrx_word' id='word_1_630' title='bbox 2048 4005 2063 4028; x_wconf 93' lang='lat'><strong>,</strong></span> <span class='ocrx_word' id='word_1_631' title='bbox 2092 3964 2295 4019; x_wconf 89' lang='lat' dir='ltr'><strong>caloris</strong></span> <span class='ocrx_word' id='word_1_632' title='bbox 2324 3963 2648 4034; x_wconf 88' lang='lat' dir='ltr'><strong>qualitatem</strong></span> <span class='ocrx_word' id='word_1_633' title='bbox 2682 3961 2896 4025; x_wconf 85' lang='lat' dir='ltr'><strong>induit,</strong></span> <span class='ocrx_word' id='word_1_634' title='bbox 2922 3960 3015 4016; x_wconf 86' lang='lat' dir='ltr'><strong>sed</strong></span> <span class='ocrx_word' id='word_1_635' title='bbox 3045 3968 3223 4013; x_wconf 89' lang='lat' dir='ltr'><strong>tamen</strong></span> <span class='ocrx_word' id='word_1_636' title='bbox 3254 3958 3458 4013; x_wconf 78' lang='lat' dir='ltr'><strong>ferrum</strong></span> 
     </span>
    </p>
   </div>
   <div class='ocr_carea' id='block_1_83' title="bbox 1878 4051 3459 4124">
    <p class='ocr_par' dir='ltr' id='par_1_83' title="bbox 1878 4051 3459 4124">
     <span class='ocr_line' id='line_1_83' title="bbox 1878 4051 3459 4124; baseline -0.007 -11"><span class='ocrx_word' id='word_1_637' title='bbox 1878 4066 2062 4123; x_wconf 84' lang='lat' dir='ltr'><strong>manet</strong></span> <span class='ocrx_word' id='word_1_638' title='bbox 2088 4075 2101 4123; x_wconf 89' lang='lat'><strong>;</strong></span> <span class='ocrx_word' id='word_1_639' title='bbox 2127 4057 2173 4110; x_wconf 86' lang='lat' dir='ltr'><strong>si</strong></span> <span class='ocrx_word' id='word_1_640' title='bbox 2202 4072 2332 4111; x_wconf 87' lang='lat' dir='ltr'><strong>vero</strong></span> <span class='ocrx_word' id='word_1_641' title='bbox 2362 4056 2646 4124; x_wconf 86' lang='lat' dir='ltr'><strong>injiciatur</strong></span> <span class='ocrx_word' id='word_1_642' title='bbox 2666 4055 2779 4107; x_wconf 89' lang='lat' dir='ltr'><strong>nivi</strong></span> <span class='ocrx_word' id='word_1_643' title='bbox 2813 4054 2897 4108; x_wconf 88' lang='lat' dir='ltr'><strong>vel</strong></span> <span class='ocrx_word' id='word_1_644' title='bbox 2921 4051 3143 4122; x_wconf 87' lang='lat' dir='ltr'><strong>glaciei,</strong></span> <span class='ocrx_word' id='word_1_645' title='bbox 3172 4059 3304 4103; x_wconf 93' lang='lat' dir='ltr'><strong>tunc</strong></span> <span class='ocrx_word' id='word_1_646' title='bbox 3330 4064 3459 4118; x_wconf 88' lang='lat' dir='ltr'><strong>qua-</strong></span> 
     </span>
    </p>
   </div>
   <div class='ocr_carea' id='block_1_84' title="bbox 1877 4139 3456 4223">
    <p class='ocr_par' dir='ltr' id='par_1_84' title="bbox 1877 4139 3456 4223">
     <span class='ocr_line' id='line_1_84' title="bbox 1877 4139 3456 4223; baseline -0.01 -20"><span class='ocrx_word' id='word_1_647' title='bbox 1877 4151 2100 4223; x_wconf 75' lang='lat' dir='ltr'><strong>litatem,</strong></span> <span class='ocrx_word' id='word_1_648' title='bbox 2131 4161 2286 4200; x_wconf 89' lang='lat' dir='ltr'><strong>suam</strong></span> <span class='ocrx_word' id='word_1_649' title='bbox 2338 4143 2637 4198; x_wconf 84' lang='lat' dir='ltr'><strong>valentiore</strong></span> <span class='ocrx_word' id='word_1_650' title='bbox 2682 4142 2826 4196; x_wconf 85' lang='lat' dir='ltr'><strong>nivis</strong></span> <span class='ocrx_word' id='word_1_651' title='bbox 2875 4139 3078 4210; x_wconf 81' lang='lat' dir='ltr'><strong>frigore</strong></span> <span class='ocrx_word' id='word_1_652' title='bbox 3122 4142 3456 4198; x_wconf 90' lang='lat' dir='ltr'><strong>commutat,</strong></span> 
     </span>
    </p>
   </div>
   <div class='ocr_carea' id='block_1_85' title="bbox 1878 4233 2840 4311">
    <p class='ocr_par' dir='ltr' id='par_1_85' title="bbox 1878 4233 2840 4311">
     <span class='ocr_line' id='line_1_85' title="bbox 1878 4233 2840 4311; baseline -0.01 -14"><span class='ocrx_word' id='word_1_653' title='bbox 1878 4241 2043 4311; x_wconf 74' lang='lat' dir='ltr'><strong>idque</strong></span> <span class='ocrx_word' id='word_1_654' title='bbox 2075 4240 2214 4293; x_wconf 91' lang='lat' dir='ltr'><strong>intra</strong></span> <span class='ocrx_word' id='word_1_655' title='bbox 2250 4247 2434 4309; x_wconf 89' lang='lat' dir='ltr'><strong>partes</strong></span> <span class='ocrx_word' id='word_1_656' title='bbox 2465 4251 2596 4291; x_wconf 89' lang='lat' dir='ltr'><strong>suas</strong></span> <span class='ocrx_word' id='word_1_657' title='bbox 2620 4233 2840 4303; x_wconf 88' lang='lat' dir='ltr'><strong>recipit.</strong></span> 
     </span>
    </p>
   </div>
   <div class='ocr_carea' id='block_1_86' title="bbox 1949 4320 3459 4398">
    <p class='ocr_par' dir='ltr' id='par_1_86' title="bbox 1949 4320 3459 4398">
     <span class='ocr_line' id='line_1_86' title="bbox 1949 4320 3459 4398; baseline -0.009 -13"><span class='ocrx_word' id='word_1_658' title='bbox 1949 4330 2419 4398; x_wconf 88' lang='lat' dir='ltr'><strong>Quemadmodum</strong></span> <span class='ocrx_word' id='word_1_659' title='bbox 2446 4328 2614 4397; x_wconf 89' lang='lat' dir='ltr'><strong>igitur</strong></span> <span class='ocrx_word' id='word_1_660' title='bbox 2636 4341 2745 4380; x_wconf 91' lang='lat' dir='ltr'><strong>non</strong></span> <span class='ocrx_word' id='word_1_661' title='bbox 2771 4340 2838 4379; x_wconf 82' lang='lat' dir='ltr'><strong>ex</strong></span> <span class='ocrx_word' id='word_1_662' title='bbox 2861 4323 3130 4394; x_wconf 91' lang='lat' dir='ltr'><strong>impressa</strong></span> <span class='ocrx_word' id='word_1_663' title='bbox 3157 4320 3302 4377; x_wconf 83' lang='lat' dir='ltr'><strong>ferro</strong></span> <span class='ocrx_word' id='word_1_664' title='bbox 3325 4335 3459 4389; x_wconf 89' lang='lat' dir='ltr'><strong>qua-</strong></span> 
     </span>
    </p>
   </div>
   <div class='ocr_carea' id='block_1_87' title="bbox 1879 4411 3459 4484">
    <p class='ocr_par' dir='ltr' id='par_1_87' title="bbox 1879 4411 3459 4484">
     <span class='ocr_line' id='line_1_87' title="bbox 1879 4411 3459 4484; baseline -0.009 -7"><span class='ocrx_word' id='word_1_665' title='bbox 1879 4424 2030 4477; x_wconf 89' lang='lat' dir='ltr'><strong>litate</strong></span> <span class='ocrx_word' id='word_1_666' title='bbox 2068 4422 2351 4477; x_wconf 86' lang='lat' dir='ltr'><strong>materiam</strong></span> <span class='ocrx_word' id='word_1_667' title='bbox 2405 4418 2867 4483; x_wconf 89' lang='lat' dir='ltr'><strong>denominamus,</strong></span> <span class='ocrx_word' id='word_1_668' title='bbox 2920 4430 3100 4484; x_wconf 89' lang='lat' dir='ltr'><strong>neque</strong></span> <span class='ocrx_word' id='word_1_669' title='bbox 3153 4412 3331 4483; x_wconf 83' lang='lat' dir='ltr'><strong>ignem</strong></span> <span class='ocrx_word' id='word_1_670' title='bbox 3375 4411 3459 4464; x_wconf 89' lang='lat' dir='ltr'><strong>vel</strong></span> 
     </span>
    </p>
   </div>
   <div class='ocr_carea' id='block_1_88' title="bbox 1882 4504 3459 4586">
    <p class='ocr_par' dir='ltr' id='par_1_88' title="bbox 1882 4504 3459 4586">
     <span class='ocr_line' id='line_1_88' title="bbox 1882 4504 3459 4586; baseline -0.007 -19"><span class='ocrx_word' id='word_1_671' title='bbox 1882 4515 2111 4586; x_wconf 77' lang='lat' dir='ltr'><strong>glaciem</strong></span> <span class='ocrx_word' id='word_1_672' title='bbox 2143 4526 2436 4573; x_wconf 80' lang='lat' dir='ltr'><strong>vocamus,</strong></span> <span class='ocrx_word' id='word_1_673' title='bbox 2473 4524 2538 4564; x_wconf 87' lang='lat' dir='ltr'><strong>eo</strong></span> <span class='ocrx_word' id='word_1_674' title='bbox 2567 4507 2715 4578; x_wconf 91' lang='lat' dir='ltr'><strong>quod</strong></span> <span class='ocrx_word' id='word_1_675' title='bbox 2750 4506 3072 4562; x_wconf 86' lang='lat' dir='ltr'><strong>alterutrius</strong></span> <span class='ocrx_word' id='word_1_676' title='bbox 3102 4504 3459 4575; x_wconf 87' lang='lat' dir='ltr'><strong>qualitatibus</strong></span> 
     </span>
    </p>
   </div>
   <div class='ocr_carea' id='block_1_89' title="bbox 176 4596 1768 4681">
    <p class='ocr_par' dir='ltr' id='par_1_89' title="bbox 176 4603 1768 4675">
     <span class='ocr_line' id='line_1_89' title="bbox 176 4603 1768 4675; baseline 0.003 -17"><span class='ocrx_word' id='word_1_677' title='bbox 176 4605 497 4675; x_wconf 67' lang='grc' dir='ltr'>’τοιωμένον</span> <span class='ocrx_word' id='word_1_678' title='bbox 521 4621 535 4634; x_wconf 78' lang='lat'><strong><em>°</em></strong></span> <span class='ocrx_word' id='word_1_679' title='bbox 568 4603 739 4667; x_wconf 72' lang='grc' dir='ltr'>οὕτως</span> <span class='ocrx_word' id='word_1_680' title='bbox 778 4606 827 4656; x_wconf 80' lang='grc' dir='ltr'>εἰ</span> <span class='ocrx_word' id='word_1_681' title='bbox 868 4604 1044 4673; x_wconf 81' lang='grc' dir='ltr'>δοθείη</span> <span class='ocrx_word' id='word_1_682' title='bbox 1065 4645 1079 4669; x_wconf 88' lang='grc'><em>,</em></span> <span class='ocrx_word' id='word_1_683' title='bbox 1118 4604 1257 4658; x_wconf 72' lang='grc' dir='ltr'>κατὰ</span> <span class='ocrx_word' id='word_1_684' title='bbox 1306 4606 1395 4658; x_wconf 76' lang='grc' dir='ltr'><strong>τὸν</strong></span> <span class='ocrx_word' id='word_1_685' title='bbox 1427 4607 1534 4661; x_wconf 85' lang='grc' dir='ltr'><strong>τῶν</strong></span> <span class='ocrx_word' id='word_1_686' title='bbox 1562 4608 1768 4663; x_wconf 82' lang='grc' dir='ltr'>ἀσεϐῶν</span> 
     </span>
    </p>
   </div>
   <div class='ocr_carea' id='block_1_90' title="bbox 1879 4596 3457 4681">
    <p class='ocr_par' dir='ltr' id='par_1_90' title="bbox 1880 4596 3457 4666">
     <span class='ocr_line' id='line_1_90' title="bbox 1880 4596 3457 4666; baseline -0.01 -5"><span class='ocrx_word' id='word_1_687' title='bbox 1880 4606 2133 4661; x_wconf 82' lang='lat' dir='ltr'><strong>aﬂ&#39;ectmn</strong></span> <span class='ocrx_word' id='word_1_688' title='bbox 2188 4604 2260 4660; x_wconf 92' lang='lat' dir='ltr'><strong>sit</strong></span> <span class='ocrx_word' id='word_1_689' title='bbox 2298 4622 2310 4657; x_wconf 90' lang='lat'><strong>:</strong></span> <span class='ocrx_word' id='word_1_690' title='bbox 2351 4604 2427 4656; x_wconf 86' lang='lat' dir='ltr'><strong>ita</strong></span> <span class='ocrx_word' id='word_1_691' title='bbox 2462 4603 2509 4656; x_wconf 91' lang='lat' dir='ltr'><strong>si</strong></span> <span class='ocrx_word' id='word_1_692' title='bbox 2541 4598 2898 4660; x_wconf 87' lang='lat' dir='ltr'><strong>concedatur,</strong></span> <span class='ocrx_word' id='word_1_693' title='bbox 2932 4604 2993 4651; x_wconf 92' lang='lat' dir='ltr'><strong>ut</strong></span> <span class='ocrx_word' id='word_1_694' title='bbox 3030 4597 3181 4666; x_wconf 90' lang='lat' dir='ltr'><strong>impii</strong></span> <span class='ocrx_word' id='word_1_695' title='bbox 3231 4596 3457 4655; x_wconf 90' lang='lat' dir='ltr'><strong>volunt,</strong></span> 
     </span>
    </p>
   </div>
   <div class='ocr_carea' id='block_1_91' title="bbox 170 4694 1851 4771">
    <p class='ocr_par' dir='ltr' id='par_1_91' title="bbox 170 4694 1851 4771">
     <span class='ocr_line' id='line_1_91' title="bbox 170 4694 1851 4771; baseline 0.002 -18"><span class='ocrx_word' id='word_1_696' title='bbox 170 4704 365 4771; x_wconf 60' lang='grc' dir='ltr'>λόγον,</span> <span class='ocrx_word' id='word_1_697' title='bbox 394 4699 491 4751; x_wconf 71' lang='grc' dir='ltr'>ἐπὶ</span> <span class='ocrx_word' id='word_1_698' title='bbox 517 4700 615 4764; x_wconf 86' lang='grc' dir='ltr'>τῆς</span> <span class='ocrx_word' id='word_1_699' title='bbox 656 4696 921 4762; x_wconf 59' lang='grc' dir='ltr'>ζωοποιοῦ</span> <span class='ocrx_word' id='word_1_700' title='bbox 955 4697 1236 4768; x_wconf 85' lang='grc' dir='ltr'>δυνάμεως</span> <span class='ocrx_word' id='word_1_701' title='bbox 1262 4737 1277 4763; x_wconf 83' lang='grc'><em>,</em></span> <span class='ocrx_word' id='word_1_702' title='bbox 1316 4700 1389 4769; x_wconf 84' lang='grc' dir='ltr'>μὴ</span> <span class='ocrx_word' id='word_1_703' title='bbox 1435 4702 1555 4753; x_wconf 83' lang='grc' dir='ltr'>κατ’</span> <span class='ocrx_word' id='word_1_704' title='bbox 1583 4703 1770 4757; x_wconf 80' lang='grc' dir='ltr'>οὐσίαν</span> <span class='ocrx_word' id='word_1_705' title='bbox 1823 4694 1851 4721; x_wconf 87' lang='grc'><strong><em>⁸</em></strong></span> 
     </span>
    </p>
   </div>
   <div class='ocr_carea' id='block_1_92' title="bbox 170 4788 1771 4867">
    <p class='ocr_par' dir='ltr' id='par_1_92' title="bbox 170 4788 1771 4867">
     <span class='ocr_line' id='line_1_92' title="bbox 170 4788 1771 4867; baseline 0.003 -23"><span class='ocrx_word' id='word_1_706' title='bbox 170 4791 519 4860; x_wconf 74' lang='grc' dir='ltr'>ἐνυπάρχειν</span> <span class='ocrx_word' id='word_1_707' title='bbox 552 4790 687 4860; x_wconf 77' lang='grc' dir='ltr'>αὐτῇ</span> <span class='ocrx_word' id='word_1_708' title='bbox 709 4788 770 4841; x_wconf 83' lang='grc' dir='ltr'>τὸ</span> <span class='ocrx_word' id='word_1_709' title='bbox 801 4789 1003 4856; x_wconf 83' lang='grc' dir='ltr'>ἀγαθόν</span> <span class='ocrx_word' id='word_1_710' title='bbox 1028 4808 1041 4820; x_wconf 76' lang='grc' dir='ltr'><strong><em>ο</em></strong></span> <span class='ocrx_word' id='word_1_711' title='bbox 1065 4790 1178 4843; x_wconf 86' lang='grc' dir='ltr'>ἀλλ’</span> <span class='ocrx_word' id='word_1_712' title='bbox 1200 4793 1265 4845; x_wconf 82' lang='grc' dir='ltr'>ἐκ</span> <span class='ocrx_word' id='word_1_713' title='bbox 1293 4795 1580 4862; x_wconf 80' lang='grc' dir='ltr'>μετουσίας</span> <span class='ocrx_word' id='word_1_714' title='bbox 1610 4813 1771 4867; x_wconf 90' lang='grc' dir='ltr'>προσ-</span> 
     </span>
    </p>
   </div>
   <div class='ocr_carea' id='block_1_93' title="bbox 171 4881 1771 4959">
    <p class='ocr_par' dir='ltr' id='par_1_93' title="bbox 171 4881 1771 4959">
     <span class='ocr_line' id='line_1_93' title="bbox 171 4881 1771 4959; baseline 0.003 -23"><span class='ocrx_word' id='word_1_715' title='bbox 171 4883 435 4951; x_wconf 79' lang='grc' dir='ltr'>γίνεσθαι</span> <span class='ocrx_word' id='word_1_716' title='bbox 462 4898 477 4910; x_wconf 81' lang='grc'><em>’</em></span> <span class='ocrx_word' id='word_1_717' title='bbox 523 4881 704 4934; x_wconf 79' lang='grc' dir='ltr'>οὐκέτι</span> <span class='ocrx_word' id='word_1_718' title='bbox 760 4882 824 4933; x_wconf 83' lang='grc' dir='ltr'><strong>ὲκ</strong></span> <span class='ocrx_word' id='word_1_719' title='bbox 863 4883 960 4947; x_wconf 81' lang='grc' dir='ltr'>τῆς</span> <span class='ocrx_word' id='word_1_720' title='bbox 1013 4882 1107 4934; x_wconf 80' lang='grc' dir='ltr'>τοῦ</span> <span class='ocrx_word' id='word_1_721' title='bbox 1140 4882 1344 4951; x_wconf 77' lang='grc' dir='ltr'>ἀγαθοῦ</span> <span class='ocrx_word' id='word_1_722' title='bbox 1399 4888 1771 4959; x_wconf 87' lang='grc' dir='ltr'>προσηγορίας</span> 
     </span>
    </p>
   </div>
   <div class='ocr_carea' id='block_1_94' title="bbox 171 4971 1771 5051">
    <p class='ocr_par' dir='ltr' id='par_1_94' title="bbox 171 4971 1771 5051">
     <span class='ocr_line' id='line_1_94' title="bbox 171 4971 1771 5051; baseline 0.004 -25"><span class='ocrx_word' id='word_1_723' title='bbox 171 4977 397 5046; x_wconf 77' lang='grc' dir='ltr'>κυρίως</span> <span class='ocrx_word' id='word_1_724' title='bbox 454 4971 908 5043; x_wconf 79' lang='grc' dir='ltr'>ὀνομασθήσεται.</span> <span class='ocrx_word' id='word_1_725' title='bbox 954 4972 1113 5027; x_wconf 86' lang='grc' dir='ltr'>Ἀλλά</span> <span class='ocrx_word' id='word_1_726' title='bbox 1159 4991 1211 5026; x_wconf 90' lang='grc' dir='ltr'><strong>τι</strong></span> <span class='ocrx_word' id='word_1_727' title='bbox 1262 4974 1446 5046; x_wconf 76' lang='grc' dir='ltr'>ἕτερον</span> <span class='ocrx_word' id='word_1_728' title='bbox 1495 4979 1694 5032; x_wconf 73' lang='grc' dir='ltr'>ἐννοεῖν</span> <span class='ocrx_word' id='word_1_729' title='bbox 1738 4983 1771 5051; x_wconf 83' lang='grc' dir='ltr'>ἡ</span> 
     </span>
    </p>
   </div>
   <div class='ocr_carea' id='block_1_95' title="bbox 171 5064 1774 5144">
    <p class='ocr_par' dir='ltr' id='par_1_95' title="bbox 171 5064 1774 5144">
     <span class='ocr_line' id='line_1_95' title="bbox 171 5064 1774 5144; baseline 0.003 -24"><span class='ocrx_word' id='word_1_730' title='bbox 171 5068 421 5134; x_wconf 72' lang='grc' dir='ltr'>τοιαύτη</span> <span class='ocrx_word' id='word_1_731' title='bbox 448 5064 716 5135; x_wconf 73' lang='grc' dir='ltr'>ὑπόληψις</span> <span class='ocrx_word' id='word_1_732' title='bbox 748 5064 1068 5133; x_wconf 83' lang='grc' dir='ltr'>ἀναγκάσει,</span> <span class='ocrx_word' id='word_1_733' title='bbox 1104 5066 1179 5130; x_wconf 83' lang='grc' dir='ltr'>ὡς</span> <span class='ocrx_word' id='word_1_734' title='bbox 1223 5069 1357 5139; x_wconf 81' lang='grc' dir='ltr'>μήτε</span> <span class='ocrx_word' id='word_1_735' title='bbox 1392 5068 1577 5133; x_wconf 81' lang='grc' dir='ltr'>ἀϊδίως</span> <span class='ocrx_word' id='word_1_736' title='bbox 1623 5073 1774 5144; x_wconf 77' lang='grc' dir='ltr'>αὐτῷ</span> 
     </span>
    </p>
   </div>
   <div class='ocr_carea' id='block_1_96' title="bbox 170 5154 1772 5231">
    <p class='ocr_par' dir='ltr' id='par_1_96' title="bbox 170 5154 1772 5231">
     <span class='ocr_line' id='line_1_96' title="bbox 170 5154 1772 5231; baseline 0.007 -26"><span class='ocrx_word' id='word_1_737' title='bbox 170 5161 230 5211; x_wconf 69' lang='grc' dir='ltr'>τὸ</span> <span class='ocrx_word' id='word_1_738' title='bbox 258 5155 486 5224; x_wconf 78' lang='grc' dir='ltr'>ἀγαθὸν</span> <span class='ocrx_word' id='word_1_739' title='bbox 516 5154 920 5226; x_wconf 80' lang='grc' dir='ltr'>ὲνθεωρείσθαι.</span> <span class='ocrx_word' id='word_1_740' title='bbox 958 5157 1097 5226; x_wconf 85' lang='grc' dir='ltr'>μήτε</span> <span class='ocrx_word' id='word_1_741' title='bbox 1136 5158 1288 5223; x_wconf 82' lang='grc' dir='ltr'>αὐτὸ,</span> <span class='ocrx_word' id='word_1_742' title='bbox 1329 5162 1466 5231; x_wconf 80' lang='grc' dir='ltr'>ὅπερ</span> <span class='ocrx_word' id='word_1_743' title='bbox 1490 5162 1671 5226; x_wconf 75' lang='grc' dir='ltr'>ἐστὶν,</span> <span class='ocrx_word' id='word_1_744' title='bbox 1712 5166 1772 5218; x_wconf 82' lang='grc' dir='ltr'>ἐν</span> 
     </span>
    </p>
   </div>
   <div class='ocr_carea' id='block_1_97' title="bbox 171 5244 1771 5320">
    <p class='ocr_par' dir='ltr' id='par_1_97' title="bbox 171 5244 1771 5320">
     <span class='ocr_line' id='line_1_97' title="bbox 171 5244 1771 5320; baseline 0.003 -20"><span class='ocrx_word' id='word_1_745' title='bbox 171 5254 235 5320; x_wconf 76' lang='grc' dir='ltr'>τῇ</span> <span class='ocrx_word' id='word_1_746' title='bbox 283 5245 396 5301; x_wconf 79' lang='grc' dir='ltr'>τοῦ</span> <span class='ocrx_word' id='word_1_747' title='bbox 465 5244 671 5312; x_wconf 78' lang='grc' dir='ltr'>ἀγαθοῦ</span> <span class='ocrx_word' id='word_1_748' title='bbox 708 5244 867 5313; x_wconf 83' lang='grc' dir='ltr'>φύσει</span> <span class='ocrx_word' id='word_1_749' title='bbox 917 5247 1469 5316; x_wconf 83' lang='grc' dir='ltr'>καταλαμϐάνεσθαι·</span> <span class='ocrx_word' id='word_1_750' title='bbox 1535 5251 1649 5303; x_wconf 88' lang='grc' dir='ltr'>ἀλλ’</span> <span class='ocrx_word' id='word_1_751' title='bbox 1695 5253 1771 5317; x_wconf 88' lang='grc' dir='ltr'><strong>ὡς</strong></span> 
     </span>
    </p>
   </div>
   <div class='ocr_carea' id='block_1_98' title="bbox 173 5337 1769 5418">
    <p class='ocr_par' dir='ltr' id='par_1_98' title="bbox 173 5337 1769 5418">
     <span class='ocr_line' id='line_1_98' title="bbox 173 5337 1769 5418; baseline 0.031 -24"><span class='ocrx_word' id='word_1_752' title='bbox 173 5344 271 5394; x_wconf 63' lang='grc' dir='ltr'><strong>καις</strong></span> <span class='ocrx_word' id='word_1_753' title='bbox 324 5338 465 5392; x_wconf 60' lang='grc' dir='ltr'><strong>τ,τηε</strong></span> <span class='ocrx_word' id='word_1_754' title='bbox 508 5338 580 5409; x_wconf 79' lang='grc' dir='ltr'><strong>μὴ</strong></span> <span class='ocrx_word' id='word_1_755' title='bbox 628 5337 688 5391; x_wconf 78' lang='grc' dir='ltr'>δν</span> <span class='ocrx_word' id='word_1_756' title='bbox 726 5340 783 5390; x_wconf 72' lang='grc' dir='ltr'>έν</span> <span class='ocrx_word' id='word_1_757' title='bbox 830 5338 966 5410; x_wconf 73' lang='grc' dir='ltr'>αὐτῇ</span> <span class='ocrx_word' id='word_1_758' title='bbox 1011 5340 1070 5393; x_wconf 79' lang='grc' dir='ltr'><strong>τὸ</strong></span> <span class='ocrx_word' id='word_1_759' title='bbox 1105 5341 1324 5409; x_wconf 65' lang='grc' dir='ltr'><strong>ἀγαθὸν»</strong></span> <span class='ocrx_word' id='word_1_760' title='bbox 1380 5342 1473 5396; x_wconf 62' lang='grc' dir='ltr'><strong>καὶ</strong></span> <span class='ocrx_word' id='word_1_761' title='bbox 1513 5345 1643 5398; x_wconf 61' lang='grc' dir='ltr'>ποτὲ</span> <span class='ocrx_word' id='word_1_762' title='bbox 1696 5347 1769 5418; x_wconf 70' lang='grc' dir='ltr'><strong>μὴ</strong></span> 
     </span>
    </p>
   </div>
   <div class='ocr_carea' id='block_1_99' title="bbox 171 5428 1773 5505">
    <p class='ocr_par' dir='ltr' id='par_1_99' title="bbox 171 5428 1773 5505">
     <span class='ocr_line' id='line_1_99' title="bbox 171 5428 1773 5505; baseline 0.005 -22"><span class='ocrx_word' id='word_1_763' title='bbox 171 5432 473 5500; x_wconf 59' lang='grc' dir='ltr'>ἐσόμενον.</span> <span class='ocrx_word' id='word_1_764' title='bbox 518 5428 581 5481; x_wconf 78' lang='lat' dir='ltr'><strong>Ei</strong></span> <span class='ocrx_word' id='word_1_765' title='bbox 603 5428 711 5499; x_wconf 75' lang='grc' dir='ltr'><strong>γὰρ</strong></span> <span class='ocrx_word' id='word_1_766' title='bbox 749 5429 827 5500; x_wconf 84' lang='grc' dir='ltr'>τῷ</span> <span class='ocrx_word' id='word_1_767' title='bbox 859 5431 1108 5501; x_wconf 82' lang='grc' dir='ltr'>μετέχειν</span> <span class='ocrx_word' id='word_1_768' title='bbox 1128 5431 1220 5486; x_wconf 77' lang='grc' dir='ltr'><strong>τοῦ</strong></span> <span class='ocrx_word' id='word_1_769' title='bbox 1250 5433 1555 5503; x_wconf 88' lang='grc' dir='ltr'>κρείττονος</span> <span class='ocrx_word' id='word_1_770' title='bbox 1595 5436 1773 5505; x_wconf 84' lang='grc' dir='ltr'>ἀγαθὰ</span> 
     </span>
    </p>
   </div>
   <div class='ocr_carea' id='block_1_100' title="bbox 172 5518 1775 5593">
    <p class='ocr_par' dir='ltr' id='par_1_100' title="bbox 172 5518 1775 5593">
     <span class='ocr_line' id='line_1_100' title="bbox 172 5518 1775 5593; baseline 0.005 -21"><span class='ocrx_word' id='word_1_771' title='bbox 172 5523 442 5588; x_wconf 81' lang='grc' dir='ltr'>γίνεται,</span> <span class='ocrx_word' id='word_1_772' title='bbox 516 5518 674 5587; x_wconf 74' lang='grc' dir='ltr'>δῆλον</span> <span class='ocrx_word' id='word_1_773' title='bbox 719 5520 801 5571; x_wconf 81' lang='grc' dir='ltr'><strong>ὅτι</strong></span> <span class='ocrx_word' id='word_1_774' title='bbox 854 5518 961 5591; x_wconf 80' lang='grc' dir='ltr'><strong>πρὸ</strong></span> <span class='ocrx_word' id='word_1_775' title='bbox 1039 5522 1139 5591; x_wconf 86' lang='grc' dir='ltr'>τῆς</span> <span class='ocrx_word' id='word_1_776' title='bbox 1204 5522 1489 5593; x_wconf 86' lang='grc' dir='ltr'>μετουσίας</span> <span class='ocrx_word' id='word_1_777' title='bbox 1551 5524 1775 5580; x_wconf 78' lang='grc' dir='ltr'>τοιαῦτα</span> 
     </span>
    </p>
   </div>
   <div class='ocr_carea' id='block_1_101' title="bbox 171 5606 1777 5685">
    <p class='ocr_par' dir='ltr' id='par_1_101' title="bbox 171 5606 1777 5685">
     <span class='ocr_line' id='line_1_101' title="bbox 171 5606 1777 5685; baseline 0.004 -22"><span class='ocrx_word' id='word_1_778' title='bbox 171 5613 278 5664; x_wconf 71' lang='grc' dir='ltr'>οὐκ</span> <span class='ocrx_word' id='word_1_779' title='bbox 316 5606 412 5679; x_wconf 83' lang='grc' dir='ltr'><strong>ἧν.</strong></span> <span class='ocrx_word' id='word_1_780' title='bbox 480 5610 588 5662; x_wconf 79' lang='grc' dir='ltr'>Καὶ</span> <span class='ocrx_word' id='word_1_781' title='bbox 637 5612 687 5662; x_wconf 85' lang='grc' dir='ltr'><strong>εί</strong></span> <span class='ocrx_word' id='word_1_782' title='bbox 715 5610 843 5663; x_wconf 80' lang='grc' dir='ltr'>ἄλλο</span> <span class='ocrx_word' id='word_1_783' title='bbox 874 5627 928 5663; x_wconf 88' lang='grc' dir='ltr'><strong>τι</strong></span> <span class='ocrx_word' id='word_1_784' title='bbox 954 5609 1081 5664; x_wconf 73' lang='grc' dir='ltr'>ὄντα</span> <span class='ocrx_word' id='word_1_785' title='bbox 1109 5615 1173 5685; x_wconf 79' lang='grc' dir='ltr'>τῇ</span> <span class='ocrx_word' id='word_1_786' title='bbox 1205 5613 1479 5685; x_wconf 76' lang='grc' dir='ltr'>παρουσίᾳ</span> <span class='ocrx_word' id='word_1_787' title='bbox 1512 5615 1605 5670; x_wconf 77' lang='grc' dir='ltr'>τοῦ</span> <span class='ocrx_word' id='word_1_788' title='bbox 1644 5617 1777 5685; x_wconf 68' lang='grc' dir='ltr'>ὁσία-</span> 
     </span>
    </p>
   </div>
   <div class='ocr_carea' id='block_1_102' title="bbox 214 5781 1173 5851">
    <p class='ocr_par' dir='ltr' id='par_1_102' title="bbox 214 5781 1173 5851">
     <span class='ocr_line' id='line_1_102' title="bbox 214 5781 1173 5851; baseline 0.003 -16"><span class='ocrx_word' id='word_1_789' title='bbox 214 5783 263 5816; x_wconf 68' lang='grc'><strong>⁸⁸</strong></span> <span class='ocrx_word' id='word_1_790' title='bbox 291 5781 400 5842; x_wconf 83' lang='lat' dir='ltr'><strong>lsa.</strong></span> <span class='ocrx_word' id='word_1_791' title='bbox 451 5799 560 5850; x_wconf 80' lang='lat' dir='ltr'><strong>xw,</strong></span> <span class='ocrx_word' id='word_1_792' title='bbox 596 5785 701 5841; x_wconf 39' lang='grc' dir='ltr'>ην</span> <span class='ocrx_word' id='word_1_793' title='bbox 764 5786 809 5818; x_wconf 71' lang='grc'><strong>⁸⁸</strong></span> <span class='ocrx_word' id='word_1_794' title='bbox 848 5784 981 5841; x_wconf 85' lang='lat' dir='ltr'><strong>Luc.</strong></span> <span class='ocrx_word' id='word_1_795' title='bbox 1012 5802 1065 5851; x_wconf 71' lang='grc' dir='ltr'><strong>χ,</strong></span> <span class='ocrx_word' id='word_1_796' title='bbox 1093 5786 1173 5841; x_wconf 88' lang='lat' dir='ltr'><strong>l8.</strong></span> 
     </span>
    </p>
   </div>
   <div class='ocr_carea' id='block_1_103' title="bbox 1879 4686 3460 4765">
    <p class='ocr_par' dir='ltr' id='par_1_103' title="bbox 1879 4686 3460 4765">
     <span class='ocr_line' id='line_1_103' title="bbox 1879 4686 3460 4765; baseline -0.011 -10"><span class='ocrx_word' id='word_1_797' title='bbox 1879 4702 1935 4755; x_wconf 92' lang='lat' dir='ltr'><strong>in</strong></span> <span class='ocrx_word' id='word_1_798' title='bbox 1966 4697 2320 4753; x_wconf 83' lang='lat' dir='ltr'><strong>viviﬁcatrice</strong></span> <span class='ocrx_word' id='word_1_799' title='bbox 2350 4696 2439 4749; x_wconf 86' lang='lat' dir='ltr'><strong>illa</strong></span> <span class='ocrx_word' id='word_1_800' title='bbox 2469 4699 2745 4765; x_wconf 86' lang='lat' dir='ltr'><strong>potestate</strong></span> <span class='ocrx_word' id='word_1_801' title='bbox 2769 4732 2783 4757; x_wconf 96' lang='lat'><strong>,</strong></span> <span class='ocrx_word' id='word_1_802' title='bbox 2822 4707 2933 4745; x_wconf 88' lang='lat' dir='ltr'><strong>non</strong></span> <span class='ocrx_word' id='word_1_803' title='bbox 2965 4706 3030 4745; x_wconf 78' lang='lat' dir='ltr'><strong>ex</strong></span> <span class='ocrx_word' id='word_1_804' title='bbox 3065 4700 3263 4743; x_wconf 87' lang='lat' dir='ltr'><strong>natura</strong></span> <span class='ocrx_word' id='word_1_805' title='bbox 3298 4686 3460 4741; x_wconf 83' lang='lat' dir='ltr'><strong>boni—</strong></span> 
     </span>
    </p>
   </div>
   <div class='ocr_carea' id='block_1_104' title="bbox 1879 4778 3490 4856">
    <p class='ocr_par' dir='ltr' id='par_1_104' title="bbox 1879 4778 3490 4856">
     <span class='ocr_line' id='line_1_104' title="bbox 1879 4778 3490 4856; baseline -0.009 -10"><span class='ocrx_word' id='word_1_806' title='bbox 1879 4800 2046 4848; x_wconf 87' lang='lat' dir='ltr'><strong>tatem</strong></span> <span class='ocrx_word' id='word_1_807' title='bbox 2090 4790 2305 4852; x_wconf 87' lang='lat' dir='ltr'><strong>inesse,</strong></span> <span class='ocrx_word' id='word_1_808' title='bbox 2337 4786 2430 4841; x_wconf 89' lang='lat' dir='ltr'><strong>sed</strong></span> <span class='ocrx_word' id='word_1_809' title='bbox 2472 4802 2538 4841; x_wconf 87' lang='lat' dir='ltr'><strong>ex</strong></span> <span class='ocrx_word' id='word_1_810' title='bbox 2575 4784 3003 4856; x_wconf 89' lang='lat' dir='ltr'><strong>participatione</strong></span> <span class='ocrx_word' id='word_1_811' title='bbox 3038 4781 3140 4851; x_wconf 91' lang='lat' dir='ltr'><strong>ipsi</strong></span> <span class='ocrx_word' id='word_1_812' title='bbox 3189 4778 3490 4833; x_wconf 83' lang='lat' dir='ltr'><strong>accidere:-</strong></span> 
     </span>
    </p>
   </div>
   <div class='ocr_carea' id='block_1_105' title="bbox 1881 4870 3455 4949">
    <p class='ocr_par' dir='ltr' id='par_1_105' title="bbox 1881 4870 3455 4949">
     <span class='ocr_line' id='line_1_105' title="bbox 1881 4870 3455 4949; baseline -0.01 -11"><span class='ocrx_word' id='word_1_813' title='bbox 1881 4900 1988 4938; x_wconf 90' lang='lat' dir='ltr'><strong>non</strong></span> <span class='ocrx_word' id='word_1_814' title='bbox 2025 4881 2286 4937; x_wconf 87' lang='lat' dir='ltr'><strong>sortietur</strong></span> <span class='ocrx_word' id='word_1_815' title='bbox 2322 4878 2541 4949; x_wconf 89' lang='lat' dir='ltr'><strong>proprie</strong></span> <span class='ocrx_word' id='word_1_816' title='bbox 2587 4875 3025 4931; x_wconf 87' lang='lat' dir='ltr'><strong>nominationem</strong></span> <span class='ocrx_word' id='word_1_817' title='bbox 3074 4888 3139 4927; x_wconf 75' lang='lat' dir='ltr'><strong>ex</strong></span> <span class='ocrx_word' id='word_1_818' title='bbox 3184 4870 3455 4935; x_wconf 89' lang='lat' dir='ltr'><strong>bonitate,</strong></span> 
     </span>
    </p>
   </div>
   <div class='ocr_carea' id='block_1_106' title="bbox 1882 4961 3458 5040">
    <p class='ocr_par' dir='ltr' id='par_1_106' title="bbox 1882 4961 3458 5040">
     <span class='ocr_line' id='line_1_106' title="bbox 1882 4961 3458 5040; baseline -0.01 -10"><span class='ocrx_word' id='word_1_819' title='bbox 1882 4974 1977 5031; x_wconf 92' lang='lat' dir='ltr'><strong>scd</strong></span> <span class='ocrx_word' id='word_1_820' title='bbox 2014 4973 2328 5028; x_wconf 87' lang='lat' dir='ltr'><strong>necessario</strong></span> <span class='ocrx_word' id='word_1_821' title='bbox 2363 4985 2649 5040; x_wconf 85' lang='lat' dir='ltr'><strong>cogemur,</strong></span> <span class='ocrx_word' id='word_1_822' title='bbox 2694 4967 2843 5021; x_wconf 91' lang='lat' dir='ltr'><strong>aliud</strong></span> <span class='ocrx_word' id='word_1_823' title='bbox 2888 4964 3147 5035; x_wconf 85' lang='lat' dir='ltr'><strong>quiddam</strong></span> <span class='ocrx_word' id='word_1_824' title='bbox 3185 4961 3372 5016; x_wconf 91' lang='lat' dir='ltr'><strong>animo</strong></span> <span class='ocrx_word' id='word_1_825' title='bbox 3404 4967 3458 5015; x_wconf 92' lang='lat' dir='ltr'><strong>et</strong></span> 
     </span>
    </p>
   </div>
   <div class='ocr_carea' id='block_1_107' title="bbox 1881 5050 3459 5139">
    <p class='ocr_par' dir='ltr' id='par_1_107' title="bbox 1881 5050 3459 5139">
     <span class='ocr_line' id='line_1_107' title="bbox 1881 5050 3459 5139; baseline -0.012 -16"><span class='ocrx_word' id='word_1_826' title='bbox 1881 5067 2209 5139; x_wconf 85' lang='lat' dir='ltr'><strong>cogitatione</strong></span> <span class='ocrx_word' id='word_1_827' title='bbox 2238 5063 2566 5118; x_wconf 77' lang='lat' dir='ltr'><strong>cll&#39;ormare:</strong></span> <span class='ocrx_word' id='word_1_828' title='bbox 2605 5062 2673 5114; x_wconf 89' lang='lat' dir='ltr'><strong>ab</strong></span> <span class='ocrx_word' id='word_1_829' title='bbox 2706 5068 2914 5114; x_wconf 61' lang='lat' dir='ltr'><strong>aeterno</strong></span> <span class='ocrx_word' id='word_1_830' title='bbox 2950 5056 3206 5110; x_wconf 80' lang='lat' dir='ltr'><strong>videlicet</strong></span> <span class='ocrx_word' id='word_1_831' title='bbox 3240 5050 3459 5107; x_wconf 87' lang='lat' dir='ltr'><strong>bonita-</strong></span> 
     </span>
    </p>
   </div>
   <div class='ocr_carea' id='block_1_108' title="bbox 1881 5145 3459 5227">
    <p class='ocr_par' dir='ltr' id='par_1_108' title="bbox 1881 5145 3459 5227">
     <span class='ocr_line' id='line_1_108' title="bbox 1881 5145 3459 5227; baseline -0.011 -12"><span class='ocrx_word' id='word_1_832' title='bbox 1881 5169 1988 5215; x_wconf 87' lang='lat' dir='ltr'><strong>tem</strong></span> <span class='ocrx_word' id='word_1_833' title='bbox 2025 5162 2074 5214; x_wconf 88' lang='lat' dir='ltr'><strong>ei</strong></span> <span class='ocrx_word' id='word_1_834' title='bbox 2122 5172 2299 5227; x_wconf 88' lang='lat' dir='ltr'><strong>neque</strong></span> <span class='ocrx_word' id='word_1_835' title='bbox 2338 5164 2687 5225; x_wconf 89' lang='lat' dir='ltr'><strong>competere,</strong></span> <span class='ocrx_word' id='word_1_836' title='bbox 2732 5166 2912 5221; x_wconf 88' lang='lat' dir='ltr'><strong>neque</strong></span> <span class='ocrx_word' id='word_1_837' title='bbox 2944 5157 3199 5203; x_wconf 88' lang='lat' dir='ltr'><strong>naturam</strong></span> <span class='ocrx_word' id='word_1_838' title='bbox 3244 5145 3364 5215; x_wconf 90' lang='lat' dir='ltr'><strong>ejus</strong></span> <span class='ocrx_word' id='word_1_839' title='bbox 3402 5152 3459 5200; x_wconf 88' lang='lat' dir='ltr'><strong>et</strong></span> 
     </span>
    </p>
   </div>
   <div class='ocr_carea' id='block_1_109' title="bbox 1877 5234 3457 5313">
    <p class='ocr_par' dir='ltr' id='par_1_109' title="bbox 1877 5234 3457 5313">
     <span class='ocr_line' id='line_1_109' title="bbox 1877 5234 3457 5313; baseline -0.013 -7"><span class='ocrx_word' id='word_1_840' title='bbox 1877 5250 2210 5313; x_wconf 87' lang='lat' dir='ltr'><strong>essentiam,</strong></span> <span class='ocrx_word' id='word_1_841' title='bbox 2264 5253 2319 5300; x_wconf 89' lang='lat' dir='ltr'><strong>et</strong></span> <span class='ocrx_word' id='word_1_842' title='bbox 2373 5246 2474 5299; x_wconf 88' lang='lat' dir='ltr'><strong>hoc</strong></span> <span class='ocrx_word' id='word_1_843' title='bbox 2519 5244 2697 5313; x_wconf 91' lang='lat' dir='ltr'><strong>ipsum</strong></span> <span class='ocrx_word' id='word_1_844' title='bbox 2742 5241 2889 5311; x_wconf 91' lang='lat' dir='ltr'><strong>quod</strong></span> <span class='ocrx_word' id='word_1_845' title='bbox 2943 5246 3056 5302; x_wconf 87' lang='lat' dir='ltr'><strong>est,</strong></span> <span class='ocrx_word' id='word_1_846' title='bbox 3093 5236 3149 5290; x_wconf 90' lang='lat' dir='ltr'><strong>in</strong></span> <span class='ocrx_word' id='word_1_847' title='bbox 3206 5234 3457 5289; x_wconf 83' lang='lat' dir='ltr'><strong>bonitate</strong></span> 
     </span>
    </p>
   </div>
   <div class='ocr_carea' id='block_1_110' title="bbox 1880 5328 3457 5411">
    <p class='ocr_par' dir='ltr' id='par_1_110' title="bbox 1880 5328 3457 5411">
     <span class='ocr_line' id='line_1_110' title="bbox 1880 5328 3457 5411; baseline -0.011 -13"><span class='ocrx_word' id='word_1_848' title='bbox 1880 5343 2182 5399; x_wconf 84' lang='lat' dir='ltr'><strong>consistere</strong></span> <span class='ocrx_word' id='word_1_849' title='bbox 2202 5381 2218 5405; x_wconf 96' lang='lat'><strong>,</strong></span> <span class='ocrx_word' id='word_1_850' title='bbox 2252 5339 2411 5411; x_wconf 90' lang='lat' dir='ltr'><strong>quasi</strong></span> <span class='ocrx_word' id='word_1_851' title='bbox 2448 5336 2745 5407; x_wconf 92' lang='lat' dir='ltr'><strong>aliquando</strong></span> <span class='ocrx_word' id='word_1_852' title='bbox 2776 5334 3023 5390; x_wconf 89' lang='lat' dir='ltr'><strong>bonitate</strong></span> <span class='ocrx_word' id='word_1_853' title='bbox 3058 5328 3334 5393; x_wconf 88' lang='lat' dir='ltr'><strong>caruerit,</strong></span> <span class='ocrx_word' id='word_1_854' title='bbox 3363 5341 3457 5383; x_wconf 89' lang='lat' dir='ltr'><strong>ea-</strong></span> 
     </span>
    </p>
   </div>
   <div class='ocr_carea' id='block_1_111' title="bbox 1879 5415 3457 5503">
    <p class='ocr_par' dir='ltr' id='par_1_111' title="bbox 1879 5415 3457 5503">
     <span class='ocr_line' id='line_1_111' title="bbox 1879 5415 3457 5503; baseline -0.013 -14"><span class='ocrx_word' id='word_1_855' title='bbox 1879 5434 2113 5503; x_wconf 87' lang='lat' dir='ltr'><strong>demque</strong></span> <span class='ocrx_word' id='word_1_856' title='bbox 2155 5432 2318 5487; x_wconf 87' lang='lat' dir='ltr'><strong>etiam</strong></span> <span class='ocrx_word' id='word_1_857' title='bbox 2365 5427 2568 5483; x_wconf 81' lang='lat' dir='ltr'><strong>futuris</strong></span> <span class='ocrx_word' id='word_1_858' title='bbox 2601 5425 2946 5495; x_wconf 77' lang='lat' dir='ltr'><strong>temporibus</strong></span> <span class='ocrx_word' id='word_1_859' title='bbox 2977 5418 3277 5490; x_wconf 89' lang='lat' dir='ltr'><strong>aliquando</strong></span> <span class='ocrx_word' id='word_1_860' title='bbox 3306 5415 3457 5471; x_wconf 85' lang='lat' dir='ltr'><strong>cari-</strong></span> 
     </span>
    </p>
   </div>
   <div class='ocr_carea' id='block_1_112' title="bbox 1881 5506 3456 5578">
    <p class='ocr_par' dir='ltr' id='par_1_112' title="bbox 1881 5506 3456 5578">
     <span class='ocr_line' id='line_1_112' title="bbox 1881 5506 3456 5578; baseline -0.012 0"><span class='ocrx_word' id='word_1_861' title='bbox 1881 5531 2002 5578; x_wconf 89' lang='lat' dir='ltr'><strong>tura</strong></span> <span class='ocrx_word' id='word_1_862' title='bbox 2032 5522 2121 5577; x_wconf 86' lang='lat' dir='ltr'><strong>sit.</strong></span> <span class='ocrx_word' id='word_1_863' title='bbox 2167 5520 2223 5573; x_wconf 89' lang='lat' dir='ltr'><strong>Si</strong></span> <span class='ocrx_word' id='word_1_864' title='bbox 2269 5519 2414 5574; x_wconf 87' lang='lat' dir='ltr'><strong>enim</strong></span> <span class='ocrx_word' id='word_1_865' title='bbox 2448 5514 2835 5571; x_wconf 90' lang='lat' dir='ltr'><strong>communione</strong></span> <span class='ocrx_word' id='word_1_866' title='bbox 2858 5511 3030 5575; x_wconf 86' lang='lat' dir='ltr'><strong>boni,</strong></span> <span class='ocrx_word' id='word_1_867' title='bbox 3074 5509 3131 5563; x_wconf 91' lang='lat' dir='ltr'><strong>in</strong></span> <span class='ocrx_word' id='word_1_868' title='bbox 3162 5506 3323 5563; x_wconf 87' lang='lat' dir='ltr'><strong>bonis</strong></span> <span class='ocrx_word' id='word_1_869' title='bbox 3354 5521 3456 5560; x_wconf 90' lang='lat' dir='ltr'><strong>nu-</strong></span> 
     </span>
    </p>
   </div>
   <div class='ocr_carea' id='block_1_113' title="bbox 1882 5599 3457 5677">
    <p class='ocr_par' dir='ltr' id='par_1_113' title="bbox 1882 5599 3457 5677">
     <span class='ocr_line' id='line_1_113' title="bbox 1882 5599 3457 5677; baseline -0.013 -8"><span class='ocrx_word' id='word_1_870' title='bbox 1882 5622 2165 5671; x_wconf 74' lang='lat' dir='ltr'><strong>merantur</strong></span> <span class='ocrx_word' id='word_1_871' title='bbox 2206 5609 2378 5665; x_wconf 88' lang='lat' dir='ltr'><strong>Filius</strong></span> <span class='ocrx_word' id='word_1_872' title='bbox 2410 5616 2464 5664; x_wconf 88' lang='lat' dir='ltr'><strong>et</strong></span> <span class='ocrx_word' id='word_1_873' title='bbox 2514 5606 2753 5677; x_wconf 85' lang='lat' dir='ltr'><strong>Spiritus</strong></span> <span class='ocrx_word' id='word_1_874' title='bbox 2785 5599 3290 5667; x_wconf 83' lang='lat' dir='ltr'><strong>sanctus,clarum</strong></span> <span class='ocrx_word' id='word_1_875' title='bbox 3325 5604 3413 5651; x_wconf 87' lang='lat' dir='ltr'><strong>est</strong></span> <span class='ocrx_word' id='word_1_876' title='bbox 3438 5634 3457 5659; x_wconf 85' lang='lat'><strong>,</strong></span> 
     </span>
    </p>
   </div>
  </div>
