3920 6480
552 305 661 365 339
1795 325 1853 382 S.
1894 327 2224 386 GREGORII
2261 330 2559 389 NYSSENI
3659 358 3740 419 340

550 440 647 482 eos
671 434 796 482 ante
824 428 963 484 hanc
992 435 1434 494 communionem
1462 440 1597 497 tales
1628 457 1971 515 nequaquam
2002 448 2098 504 fuit

2191 450 2329 515 ιθοῦ
2376 453 2716 525 ἑπεχρώσθη,
2760 454 2979 519 πάντως
3025 456 3125 510 κάν
3178 460 3384 533 μονωθῇ
3425 464 3609 534 τούτου,
3642 475 3739 532 ἄλλο

551 532 635 573 se:
662 529 716 575 et
740 522 808 587 si,
841 536 967 577 cum
998 524 1147 579 aliud
1176 529 1435 598 quiddam
1465 544 1672 599 essent,
1706 541 1994 607 praesentia
2027 540 2096 595 bo

2229 557 2282 592 τι
2312 540 2372 593 τὸ
2396 522 2598 608 ἀγαθὸν
2627 522 3012 614 νομισθήσεται
3035 563 3049 576 ’
3089 522 3189 600 καὶ.
3228 551 3322 603 ἐὰν
3352 522 3498 609 τοῦτο

547 610 770 678 uitatis,
814 615 975 683 quasi
1019 617 1204 673 colore
1247 622 1482 690 quodam
1515 625 1673 680 tincti
1704 637 1862 694 sunt,
1894 632 2095 684 omnim

2229 631 2289 683 οὺ
2331 632 2529 702 μᾶλλον
2572 610 2792 703 ἀγαθῶν
2828 610 3134 710 παρεκτικὴ
3178 642 3210 710 ή
3265 641 3379 697 θεία
3421 610 3738 715 numqvam:

548 701 965 773 sequitur,eos,
1016 708 1062 762 si
1112 723 1142 762 a
1188 710 1432 768 bonitate
1466 726 1809 785 separentur,
1845 719 2096 775 diversun

550 792 797 812 __-:.,-,,
847 810 858 812 -
902 796 916 812 .
1016 799 1049 812 ..
1095 807 1107 812 -
1399 804 1410 812 .
1686 807 1727 812 _
1812 809 1870 812 __

2228 701 2561 795 ληφθήσεται
2584 767 2597 790 ,
2622 701 2665 803 ii]
2736 729 2827 781 καὶ
2870 701 3005 802 cirri;
3043 701 3406 807 προσέεομένη
3432 701 3738 812 ’τοῦιάνᾶ⁴

546 792 804 860 quiddam
840 810 869 849 a
902 796 1146 854 bonitate
1174 804 1479 858 censendos
1511 822 1651 862 esse.
1686 807 1753 861 Et
1779 809 1824 864 si
1856 809 1971 865 haec
1998 812 2087 882 Opi

546 882 637 909 "in
671 882 975 909 :-...-I----.
1051 888 1155 909 2A.“
1197 906 1258 909 _s
1292 908 1298 909 ,
1472 895 1482 905 ο
1551 898 1561 909 .
1924 901 1935 909 .
2018 902 2027 909 .
2077 902 2088 909 .

2229 792 2437 876 νοντας,
2488 814 2611 878 Πῶς
2642 792 2752 887 ἧάρ
2790 818 2855 872 ἄν
2900 792 3005 883 τις.
3029 792 3203 893 ἑτέρῳ
3232 792 3493 897 παράσχοι
3530 792 3602 885 ’τὸῂ
3616 792 3738 909 ξἐξὴ

544 882 638 936 nio
671 882 1013 951 invalescat,
1046 888 1159 959 jam
1196 906 1309 946 non
1340 895 1517 964 magis
1549 898 1815 951 bonorum
1852 901 2090 955 submini

2228 904 2389 968 αὐτὸς
2430 906 2582 976 Exn;
2658 882 2733 961 Εί
2776 911 2875 980 μὲν
2931 909 3023 967 οὖν
3074 882 3293 979 τελείως
3316 882 3470 988 ἔχει,
3532 882 3740 995 ουδεμᾷν

544 978 776 1033 stratrix
813 989 869 1034 et
904 983 1305 1053 suppeditatrix
1345 989 1754 1046 existimabitur
1788 992 1975 1049 divina
2014 1011 2082 1049 na

2228 995 2417 1063 ὕφεσιν
2462 999 2554 1051 ἐπὶ
2604 999 2703 1070 τῆς
2753 978 3086 1076 τελειότητος
3146 978 3497 1080 ἐννοήσοιμεν·
3539 978 3740 1086 nimii;

541 1075 666 1120 tura
691 1109 706 1132 ,
742 1086 905 1140 quam
944 1089 1006 1128 ea
1042 1090 1070 1129 a
1103 1092 1208 1145 qua
1250 1078 1370 1148 ipsa
1412 1082 1562 1135 velut
1607 1082 1792 1151 indiga
1834 1084 2083 1141 beneﬁcii

2224 1107 2374 1155 ταιος
2405 1094 2433 1145 ὁ
2462 1096 2895 1160 κατασκευάζων
2911 1099 2967 1151 ἐν
2989 1099 3065 1169 τῷ
3094 1101 3282 1170 τελείῳ
3303 1103 3362 1155 τὸ
3388 1103 3602 1160 ἔλαττον.
3628 1110 3678 1161 Ei
3699 1111 3742 1163 δὲ

541 1160 797 1217 aﬂicitur.
828 1163 1116 1230 Quomodo
1141 1170 1287 1223 enim
1318 1171 1442 1241 quis
1469 1173 1624 1227 alteri
1654 1175 1866 1230 dederit
1892 1176 1945 1230 id
1966 1220 1980 1243 ,
2008 1193 2089 1247 qui

2226 1182 2419 1253 ἀτελὴς
2470 1187 2527 1237 ὲν
2572 1186 2755 1250 αὐτοῖς
2797 1190 2828 1259 ἡ
2870 1189 2961 1241 τοῦ
3012 1160 3215 1259 ἀγαθοῦ
3255 1160 3521 1263 ,μετουσία
3564 1160 3741 1267 νομίζε-ζ

540 1252 660 1321 ipse
693 1255 892 1309 caret?
936 1257 990 1312 Si
1030 1261 1197 1330 igitur
1230 1262 1471 1332 perfecte
1496 1266 1792 1321 bonitatem
1827 1270 2072 1338 possidet

2223 1290 2333 1338 ται,
2384 1277 2478 1329 καὶ
2518 1275 2658 1329 κατά
2707 1277 2861 1331 τοῦτο
2901 1280 2961 1331 τὸ
3014 1281 3230 1335 ἔλαττον
3260 1284 3486 1352 λέγουσι.
3514 1289 3742 1358 σκὸπησον

539 1346 751 1398 nullum
784 1363 913 1418 ergo
943 1349 1213 1406 defectum
1263 1355 1316 1407 in
1366 1355 1467 1410 hac
1501 1360 1836 1426 perfectione
1874 1361 2087 1415 admitti

2223 1364 2324 1433 τὴν
2361 1365 2679 1419 ἀκολουθίαν
2705 1383 2720 1399 ο
2762 1368 2844 1420 ὅτι
2865 1369 2924 1420 τὸ
2955 1370 3125 1433 οὕτως
3152 1372 3293 1441 ἕχον,
3329 1346 3444 1443 οὐχὶ
3480 1377 3537 1428 τὸ
3566 1346 3743 1433 ὑποδεέ-

532 1452 691 1503 mus,
747 1442 1061 1513 stultusque
1107 1450 1304 1504 merito
1350 1449 1651 1518 judicatur,
1685 1452 1779 1519 qui
1836 1454 1889 1508 in
1934 1454 2080 1524 perte

2226 1475 2414 1529 στερον
2441 1460 2813 1532 εὐεργετήσευ
2846 1462 2960 1515 ἀλλ’
3009 1464 3156 1528 ὅπως
3182 1466 3242 1519 τὸ
3270 1468 3446 1538 ἑαυτῷ
3467 1472 3624 1523 ἐνδέον
3642 1476 3743 1527 ἀνα-

535 1526 718 1583 ctione
752 1530 1193 1591 imminutionem
1229 1540 1489 1594 collocat.
1528 1542 1597 1595 At
1632 1532 1680 1597 si
1720 1544 1849 1599 boni
1884 1547 2080 1616 partici

2225 1550 2506 1623 πληρώσῃ,
2529 1554 2629 1624 τὴν
2646 1554 2879 1625 σπουδὴν
2894 1553 3004 1619 ἔξει
3025 1573 3038 1588 ·
3062 1556 3202 1611 ὥστε
3217 1560 3415 1631 ψευδὴς
3435 1564 3545 1614 κατ’
3579 1561 3738 1625 αὐτοὺς

537 1621 688 1689 patio
716 1621 852 1693 ipsis
884 1627 1203 1697 imperfecta
1234 1633 1484 1698 obvenit,
1517 1644 1575 1689 ut
1603 1636 1674 1689 ob
1709 1637 1761 1691 id
1794 1639 2085 1695 remissiou

2223 1644 2438 1713 καὶτῆς
2467 1644 2721 1715 προνοὶας
2759 1648 2787 1699 ὁ
2810 1646 2985 1716 λόγος,
3029 1652 3122 1704 καὶ
3157 1651 3258 1721 τῆς
3293 1654 3536 1725 κρίσεως,
3560 1658 3640 1711 καὶ
3666 1659 3742 1729 τῆς

538 1712 766 1769 obnoxii
798 1716 1077 1788 dicantur,
1110 1724 1235 1779 vide
1281 1727 1411 1795 quid
1453 1727 1582 1783 inde
1611 1738 1913 1799 sequatur:
1948 1734 2078 1787 nimi

2221 1736 2549 1806 οἰκονομίας,
2587 1740 2679 1791 καὶ
2726 1740 2940 1793 πάντων
2986 1741 3094 1794 τῶν
3136 1745 3286 1814 παρά
3329 1745 3422 1798 τοῦ
3456 1745 3745 1816 Μονογενοὸς

535 1819 659 1858 rum
697 1806 789 1871 id,
826 1811 972 1878 quod
1011 1812 1084 1866 ita
1136 1826 1332 1869 natura
1384 1828 1760 1889 comparatum
1804 1830 1923 1891 est,
1975 1826 2083 1880 nilii

2220 1827 2545 1899 γεγενῆσθαι
2623 1831 2715 1882 καὶ
2749 1833 2920 1884 εἰσαεὶ
2949 1833 3193 1900 γίνεσθαι
3224 1839 3672 1907 πεπιστευμένων,
3701 1842 3744 1891 ἐν

530 1894 783 1955 beneﬁcii
840 1901 895 1957 in
948 1919 1072 1959 eum
1131 1909 1225 1977 qui
1275 1910 1556 1968 inferioris
1603 1915 1941 1972 conditionis
1988 1928 2075 1974 est

2218 1890 2454 1993 rﬁ'ﬁspt
2490 1921 2553 1973 τὸ
2590 1922 2719 1975 ἴδιον
2753 1890 2973 1993 ἀγαθὸν.
2997 1926 3305 2000 ἐπιμελείᾳ.
3343 1890 3575 1983 κατάιτὸ
3613 1890 3746 1995 εἰκὸς.

531 1990 818 2059 conferet,
858 1996 953 2051 sed
995 1999 1302 2055 elaborabit
1328 2043 1343 2066 ,
1393 1990 1475 2057 ut.
1502 2021 1659 2060 suam
1703 2010 1986 2078 penuriam
2017 2010 2079 2065 de

2219 1990 2641 2082 ἀσχολουμένου,
2674 2015 2768 2068 καὶ
2802 1990 2900 2087 τὴν
2927 2016 3021 2069 τοῦ
3051 1990 3270 2084 ’παντὸς⁸
3293 2022 3599 2077 ἐπιστασίαν
3626 1990 3750 2092 διαοξ

530 2082 732 2151 pellat,
767 2085 932 2157 idque
962 2091 1107 2159 quod
1144 2092 1299 2147 deest
1332 2097 1618 2165 suppleat,
1648 2106 1709 2151 ut
1738 2100 1984 2169 proinde,
2018 2103 2116 2157 ho-
2223 2104 2415 2168 ιέντος.

530 2191 652 2231 rum
710 2184 1017 2248 sententia,
1074 2187 1273 2241 falsum
1321 2205 1443 2244 esse
1493 2201 1776 2262 oporteat,
1830 2196 2101 2266 quidquid
2138 2199 2381 2253 traditur
2450 2202 2518 2257 de
2550 2202 2938 2273 providentia,
2973 2203 3041 2261 de
3072 2204 3319 2276 judicio,
3393 2207 3748 2267 incarnatione.

530 2271 894 2343 omnibusque
931 2276 1071 2339 illis,
1105 2296 1225 2348 quae
1278 2290 1371 2336 aut
1416 2299 1511 2353 per
1556 2283 1911 2355 Uuigenitum
1992 2289 2137 2344 facta
2179 2303 2342 2356 sunt,
2372 2303 2465 2347 aut
2494 2271 2677 2352 adhuc
2710 2297 3022 2367 peragenda
3051 2271 3396 2357 creduntur:
3450 2302 3631 2371 quippe
3654 2301 3753 2372 qui,

531 2369 594 2414 ut
633 2378 729 2433 par
766 2374 885 2428 est,
948 2370 1003 2423 in
1052 2374 1261 2443 proprii
1305 2382 1359 2431 et
1401 2379 1597 2448 privati
1632 2381 1760 2435 boni
1803 2385 2193 2453 procuratione
2230 2398 2533 2458 occupatus
2581 2390 2685 2456 sit,
2730 2390 2957 2447 dimissa
2988 2390 3153 2463 hujus
3200 2393 3567 2451 universitatis
3613 2394 3752 2450 admi-

529 2461 880 2520 nistratione.

604 2559 659 2613 Si
689 2563 833 2617 enim
880 2568 1046 2621 semel
1083 2568 1312 2627 ﬁrmiter
1349 2573 1405 2629 in
1453 2576 1657 2633 animis
1691 2578 1973 2635 hominum
2026 2581 2109 2635 in-

2288 2579 2350 2632 Εἰ
2374 2576 2481 2647 γὰρ
2508 2576 2644 2648 αὕτη
2670 2579 2996 2649 κρατήσειεν
3025 2580 3056 2649 ἡ
3085 2580 3329 2646 ὑπόνοια,
3348 2581 3406 2635 τὸ
3436 2580 3506 2652 μὴ
3522 2582 3758 2635 τετελειῶ-

530 2652 709 2708 sideat
749 2660 1034 2725 persuasio
1060 2661 1195 2727 Inec,
1254 2662 1675 2737 Redemptorem
1709 2680 1959 2727 nostrum
1997 2688 2078 2728 nm

2218 2670 2340 2724 σθαι
2378 2669 2467 2722 τὸν
2506 2668 2709 2740 Κύριον
2745 2671 2802 2721 ἐν
2842 2672 3005 2724 παντὶ
3044 2671 3265 2742 ἀγαθῷ,
3325 2675 3506 2727 οὐκέτι
3540 2674 3756 2726 δύσκολον

530 2759 656 2800 esse
691 2745 745 2801 in
778 2750 958 2806 omnis
984 2752 1245 2811 bonitatis
1276 2760 1610 2815 abundantia
1638 2764 2078 2832 perfectissimuu

2217 2763 2447 2817 συνιδεῖν
2491 2763 2570 2825 εἰς
2605 2763 2633 2814 ὃ
2661 2781 2707 2815 τι
2740 2763 3103 2835 καταστρέφει
3132 2767 3164 2834 ἡ
3202 2765 3533 2836 βλασφημία.
3586 2767 3755 2818 Ὄντων

534 2848 588 2893 et
611 2846 1239 2913 consummatissimum,
1262 2850 1489 2908 difﬁcile
1512 2869 1623 2909 non
1650 2857 1753 2909 erit
1776 2860 2082 2926 perspicere

2217 2854 2326 2925 γὰρ
2362 2852 2468 2906 τῶν
2491 2851 2767 2915 τοιούτων,
2807 2854 3011 2923 ματαία
3041 2855 3139 2926 μὲν
3169 2858 3202 2927 ἠ
3236 2856 3440 2920 πίστις,
3477 2856 3617 2909 κενὸν
3641 2856 3688 2909 δὲ’
3711 2856 3758 2907 τὸ

532 2945 799 2998 quorsum
831 2949 1063 2991 evasura
1096 2939 1171 2992 sit
1200 2939 1316 2995 hmo
1344 2942 1708 3013 blasphemia.
1743 2945 1876 3001 Nam
1913 2950 1959 3003 si
1998 2950 2079 3003 hac

2221 2948 2504 3018 κήρυγμα,
2547 2945 2910 2999 ἀνυπόστατοι
2930 2946 2997 3027 ’δὲ
3026 2950 3080 3000 αἱ
3127 2948 3366 3013 ἐλπίδες,
3398 2949 3453 3002 αἳ
3474 2949 3555 3003 διὰ
3576 2951 3662 3018 τῆς
3685 2948 3756 3000 πί-

529 3022 608 3076 ila
639 3040 761 3080 sese
789 3025 1011 3091 habent,
1046 3046 1187 3085 vana
1222 3042 1306 3088 est
1339 3034 1495 3101 ﬁdes,
1547 3038 1730 3093 inanis
1768 3042 2077 3109 pnedicatio

2240 3055 2386 3100 ττεως
2411 3036 2509 3108 τὴν
2536 3036 2832 3090 ὑπόστασιν
2861 3038 3060 3108 ἔχουσι.
3108 3039 3172 3091 Τί
3195 3040 3304 3111 γὰρ
3346 3040 3672 3110 βαπτίζονται
3698 3040 3761 3099 εἰς
3786 3060 3788 3062 ·

534 3114 729 3172 inanes
765 3134 892 3188 spes
925 3132 1148 3186 nostrae,
1194 3142 1317 3195 quae
1357 3128 1461 3184 ﬁde
1494 3131 1642 3185 velut
1674 3132 1792 3186 basi
1827 3141 1880 3187 et
1913 3133 2077 3188 funda

2216 3128 2469 3199 Χριστὸν,
2574 3129 2648 3199 μὴ
2683 3128 2785 3181 ἰδία
2819 3128 3053 3199 δύναμις
3094 3130 3478 3201 ἀγαθοσυνηςζ
3519 3128 3761 3183 ’Δπίτωδὲ

534 3216 722 3262 mento
752 3210 989 3279 quodam
1023 3214 1295 3272 nituntur.
1330 3216 1401 3273 Ut
1427 3221 1557 3290 quid
1589 3221 1733 3275 enim
1767 3224 2082 3293 baptizantu

2216 3219 2311 3273 τοῦ
2343 3220 2610 3289 στόματός
2641 3237 2741 3291 μου
2786 3220 2847 3272 τὸ
2888 3221 3225 3293 βλάσφημον.
3275 3224 3343 3276 Τί
3372 3224 3427 3277 δὲ
3459 3224 3761 3276 πιστεύουσιν

534 3297 591 3352 in
617 3299 825 3356 Christi
876 3307 1119 3371 nomine,
1178 3324 1301 3363 cum
1335 3322 1521 3367 careat
1572 3314 1793 3384 propria
1846 3316 2079 3372 bonitati

2221 3313 2301 3374 είς
2332 3312 2391 3364 τὸ
2434 3310 2658 3381 Πνεῦμα
2699 3312 2756 3364 τὸ
2796 3312 2968 3380 ἅγιον,
3006 3314 3051 3365 εἰ
3098 3314 3225 3384 περὶ
3264 3316 3456 3368 τούτου
3490 3315 3619 3369 αὑτά
3642 3311 3762 3412 lori:

534 3394 823 3461 potentia?
852 3396 1074 3453 Avertat
1112 3399 1258 3457 Deus
1291 3403 1430 3458 hanc
1465 3406 1533 3459 ab
1562 3422 1660 3461 ore
1706 3423 1826 3461 meo
1859 3409 2082 3479 blasphe

2223 3403 2402 3466 ζονται
2428 3421 2442 3470 ;
2491 3403 2615 3466 Πῶς
2642 3402 2698 3457 δὲ
2723 3405 2831 3457 ἀπὸ
2862 3405 2963 3475 τῆς
2994 3405 3239 3477 φθαρτῆς
3267 3410 3568 3479 γεννήσεως
3589 3406 3668 3459 διὰ
3688 3400 3762 3455 τοῦ

533 3486 729 3543 miaml
756 3487 869 3543 Cur
891 3492 1121 3546 credant
1155 3494 1207 3548 in
1232 3493 1494 3565 Spiritum
1523 3506 1801 3561 sanctum.
1844 3501 1890 3556 si
1919 3503 2081 3557 eadem

538 3577 600 3600 .8-
645 3578 746 3600 ι--
804 3582 909 3600 ,ειφ
951 3598 972 3600 ᾉ
1170 3586 1184 3600 1
1268 3589 1324 3600 ,ιι
1376 3587 1412 3600 Α
1608 3589 1622 3600 1

2224 3495 2595 3565 βαπτίσματος
2615 3497 3033 3566 ἀναγεννῶνται,
3059 3499 3177 3553 οὐδὲ
3202 3501 3575 3571 ἀναγεννώσης
3600 3498 3764 3557 αὐτοὺς

533 3577 603 3632 de
645 3578 750 3634 hoc
800 3582 909 3636 sibi
950 3586 1325 3653 persuadent?
1372 3587 1661 3654 Quomodo
1716 3603 2081 3663 regenerantu

2220 3586 2500 3656 δυνάμεως
2525 3586 2586 3639 τὸ
2614 3588 2862 3641 ἄπτωτον
2908 3590 3004 3641 καὶ
3026 3590 3323 3661 ἀπροσδεὲς
3350 3590 3588 3661 φυσικῶς
3616 3586 3764 3647 καθὼς

534 3685 633 3739 per
652 3670 1011 3742 baptismum,
1043 3684 1098 3731 et
1120 3678 1186 3732 ab
1212 3678 1303 3733 illa
1329 3683 1671 3751 corruptioni
1695 3685 1928 3741 obnoxia
1951 3703 2082 3758 gene

2220 3676 2423 3731 οἴονται
2477 3678 2857 3749 κεκτημένης;
2926 3679 3051 3742 Πῶς
3099 3681 3155 3734 δὲ
3204 3680 3679 3752 μετασχηιαιτίζὲι
3714 3678 3765 3729 τὸ

534 3762 748 3818 ratione
779 3768 1173 3833 restituuntur,
1211 3772 1281 3839 si,
1318 3779 1377 3825 ut
1408 3773 1497 3827 isti
1535 3784 1784 3841 censent,
1811 3779 1897 3833 vis
1930 3787 1984 3833 et
2019 3796 2082 3850 po

2222 3769 2394 3840 σῶμα
2439 3770 2551 3839 τῆς
2600 3771 3012 3838 ταπεινώσεως
3062 3773 3274 3839 αὐτῶν,
3323 3775 3451 3829 ὅταν
3498 3774 3647 3827 αὑτὸν
3694 3772 3765 3823 τὸν

533 3862 729 3923 testas,
770 3875 865 3927 pcr
898 3876 1060 3929 quam
1092 3874 1508 3932 regenerantur,
1542 3882 1651 3920 non
1697 3869 1982 3938 possident
2014 3887 2081 3927 na

2225 3861 2767 3935 μετασχηματίζων-τα
2795 3865 2894 3935 τῆς
2922 3865 3060 3935 πρὸς
3098 3865 3159 3918 τὸ
3201 3870 3449 3938 κρεῖττον
3470 3865 3767 3925 ἀλλοιώσεως

531 3951 788 4007 turaliter
812 3953 1343 4022 immutabilitatem,
1394 3959 1514 4013 sine
1554 3959 1702 4016 illius
1739 3961 1866 4016 boni
1898 3962 2076 4018 defcct

2222 3954 2519 4008 ἐπιδεῖσθαι
2550 3955 2861 4025 νομίζωσιν,
2884 3955 3043 4009 ἄλλου
3078 3956 3240 4011 πάλιν
3264 3959 3359 4011 τοῦ
3397 3961 3489 4013 καὶ
3515 3957 3665 4011 αὐτὸν
3690 3972 3767 4025 με·

532 4052 588 4099 ει
618 4044 965 4116 indigentia?
1005 4045 1292 4113 Quomodo
1323 4052 1673 4122 transﬁgurat
1707 4071 1898 4124 corpus
1944 4055 2080 4109 lmmi

2221 4046 2718 4118 τασχηματίζοντος
2764 4048 3179 4119 προσδεόμενον.
3247 4051 3393 4114 Ἕως
3456 4051 3561 4121 γὰρ
3620 4051 3671 4101 ὲν
3706 4044 3769 4114 τῷ

2226 4137 2308 4156 I‘!
2491 4135 2513 4156 ἵ
2553 4137 2577 4156 δ
2612 4136 2623 4156 l
2697 4137 2711 4156 \
2770 4139 2782 4156 9
2859 4137 2921 4156 γΛὶ
3042 4138 3099 4156 ‘9‘,
3191 4138 3242 4156 ’τί
3488 4139 3510 4149 ⁸
3548 4139 3739 4156 τί--.--.

534 4136 706 4192 litatis
739 4154 929 4194 eorum
953 4141 1021 4205 ⁸⁸,
1048 4158 1171 4195 cum
1209 4144 1383 4213 ipsum
1416 4148 1579 4200 etiam
1608 4148 1926 4204 existiment
1952 4166 2082 4219 eger

2224 4135 2519 4210 ἐλάττονιῇ
2548 4136 2635 4191 διὰ
2663 4137 2721 4191 τὸ
2759 4137 2962 4206 ἀγαθὸν
3005 4138 3105 4208 τῆς
3136 4138 3373 4206 φύσεως,
3420 4139 3514 4192 τοῦ
3540 4139 3767 4207 ὑπερκει-

531 4231 839 4285 mutatione
872 4234 924 4287 in
960 4235 1177 4299 melius,
1213 4251 1277 4289 ac
1307 4237 1536 4305 proinde
1578 4253 1719 4308 Opus
1753 4240 1953 4296 habere
1983 4243 2079 4296 alio

2225 4231 2387 4300 μένου
2418 4231 2695 4284 ἄπαυστον
2720 4247 2841 4283 τινα
2870 4231 3004 4302 πρὸς
3038 4231 3197 4284 ἑαυτὸ
3224 4232 3324 4302 τὴν
3357 4232 3520 4301 ὁλκὴν
3542 4233 3645 4293 τοῖς

533 4333 565 4372 a
596 4335 706 4389 quo
735 4328 789 4376 et
815 4322 932 4391 ipse
961 4325 1405 4395 transﬁguretur.
1434 4326 1688 4393 Quaudiu
1714 4330 1859 4384 enim
1890 4330 2081 4386 inferio

2222 4323 2520 4392 δεεστέροις
2562 4322 2802 4390 φυσικῶς
2836 4323 3158 4386 ἐντιθέντος,
3195 4323 3378 4377 οὐδενὶ
3413 4324 3594 4393 τρόπῳ
3625 4322 3665 4391 ἡ,
3692 4322 3768 4370 του

532 4412 614 4467 ris
647 4414 813 4468 sortis
865 4415 1047 4485 quoad
1094 4418 1394 4471 bonitatem
1453 4420 1638 4483 fuerit,
1694 4435 1820 4475 cum
1878 4420 1931 4475 id
1968 4438 2077 4493 quo

2226 4415 2467 4477 πλείονος
2507 4412 2695 4482 ἔφεσις
2740 4415 3015 4482 στήσεται.
3077 4414 3237 4466 Ἀλλά
3264 4416 3402 4485 πρὸς
3434 4415 3495 4468 τὸ
3521 4415 3673 4484 μήπω
3695 4409 3773 4477 λη-

534 4519 853 4574 supremum
901 4516 1009 4569 est,
1068 4509 1469 4565 indesinentem
1509 4512 1823 4581 quamdam,
1872 4521 1926 4568 et
1976 4514 2082 4568 irre

2225 4506 2355 4576 φθὲν
2397 4505 2851 4577 ὑπερτεινομένης
2905 4506 2988 4557 ἀεὶ
3030 4505 3131 4575 τῆς
3176 4505 3431 4576 ὀρέξεως,
3476 4506 3691 4558 πάντοτε
3723 4500 3773 4551 τὸ

533 4597 777 4667 quietam
829 4600 911 4653 sui
951 4601 1306 4669 cupiditatem
1345 4604 1511 4657 rebus
1542 4603 1900 4660 inferioribus
1948 4615 2077 4659 natu

2226 4597 2606 4668 ἐλαττούμενον
2629 4597 2721 4650 τοῦ
2754 4598 2993 4661 πλείονος
3022 4599 3400 4669 ὀρεχθήσεταιέ,
3434 4600 3526 4651 καὶ
3547 4598 3628 4650 ἀεὶ
3660 4591 3774 4663 πρὸς

533 4691 724 4746 raliter
770 4691 1058 4755 indidetit,
1121 4696 1273 4749 nullo
1327 4696 1489 4750 modo
1535 4712 1797 4752 excessus
1852 4699 2074 4768 appetiti

2224 4692 2277 4744 τὸ
2320 4691 2501 4761 μεῖζον
2535 4688 2978 4759 ἀλλοιωθήσεται,
3024 4691 3118 4742 καὶ
3150 4691 3405 4744 οὐδέποτε
3434 4690 3568 4761 πρὸς
3596 4687 3772 4740 τέλειον

533 4782 911 4851 conquiescet,
951 4784 1045 4839 sed
1096 4802 1218 4839 cum
1253 4787 1320 4840 ad
1374 4787 1451 4852 id,
1507 4789 1650 4858 quod
1690 4791 1930 4843 nondum
1966 4792 2079 4844 obti

2226 4782 2417 4853 φθάσει
2460 4782 2535 4853 τῷ
2586 4782 2660 4853 μὴ
2700 4781 2972 4852 εὑρίσκειν
3022 4782 3082 4833 τὸ
3122 4782 3312 4853 πέρας,
3357 4774 3419 4835 οὗ
3470 4778 3774 4852 δραξάμενον

534 4874 739 4935 nuerit,
797 4876 1153 4945 cupiditatem
1204 4895 1422 4949 semper
1463 4881 1680 4935 extendi
1735 4883 2082 4938 necessariur

534 4964 603 4994 ..ἕο
674 4972 939 4994 ..ην-..ημυι
989 4966 1041 4994 :A
1076 4967 1219 4994 ...ηυι
1274 4968 1484 4994 ,ιιι-ΛΑ...
1524 4970 1733 4994 μάνη...
1841 4972 2076 4994 ,1--:.L..:

2221 4879 2473 4947 στήσεται
2497 4878 2594 4946 τῆς
2625 4875 2834 4931 ἀνόδου.
2874 4874 3090 4944 Ἐπειδὴ
3121 4875 3229 4943 γάρ
3257 4875 3484 4946 ἄπειρον
3517 4876 3572 4926 ὲν
3604 4873 3663 4940 τῇ
3692 4873 3769 4994 φύς

2227 4986 2299 4994 ρ-.
2331 4969 2386 4994 -λ
2419 4968 2632 4994 ..-7.-..η
2661 4965 2858 4994 Δηικηλ..
2915 4965 3137 4994 ιρι-..κλμ
3159 4965 3215 4994 2.:
3247 4966 3494 4994 λ....ι.......-
3532 4965 3669 4994 κρυ...
3695 4975 3751 4994 νη

533 4964 627 5027 sit,
674 4972 940 5035 perpetuo
989 4966 1041 5020 id
1074 4967 1219 5037 quod
1270 4968 1485 5023 defectu
1523 4970 1777 5039 laborat,
1838 4972 2076 5027 desideri

2226 4986 2304 5021 σει
2331 4969 2389 5020 τὸ
2419 4968 2632 5038 πρῶτον
2658 4965 2880 5033 ἀγαθὸν,
2913 4965 3137 5036 ἄπειρον
3159 4965 3217 5032 ἐξ
3245 4966 3494 5036 ἀνάγκης
3531 4965 3673 5017 ἔσται
3695 4964 3774 5011 καὶ

534 5056 764 5125 majoris
818 5067 871 5112 et
917 5059 1322 5115 excellentioris
1353 5060 1619 5130 ﬁagrabit,
1672 5071 1725 5118 ct
1774 5064 1981 5134 absque
2014 5064 2082 5117 ﬁn

2227 5063 2254 5131 ἡ
2292 5062 2549 5132 μετουσία
2581 5059 2673 5113 τοῦ
2710 5058 3091 5118 ἀπολαύοντος,
3133 5059 3281 5111 ὲσαε)⁸
3316 5059 3377 5111 τὸ
3427 5057 3589 5111 πλέον
3630 5068 3775 5108 κατα-

536 5161 759 5202 sursum
789 5147 856 5201 ad
896 5148 1103 5218 majora
1142 5151 1367 5214 nitetur,
1418 5169 1593 5222 neque
1622 5171 1862 5226 unquam
1900 5156 1965 5209 ad
1999 5171 2084 5225 per

2227 5151 2594 5220 λαμϐάνουσα,
2646 5148 2742 5201 καὶ
2782 5148 3012 5199 πάντοτε
3058 5146 3384 5215 εὑρίσκουσα
3428 5146 3521 5199 τοῦ
3566 5142 3775 5244 καταλη-

536 5238 742 5294 fectum
793 5256 969 5310 usque
1001 5244 1299 5311 perveniet.
1337 5260 1404 5299 eo
1443 5249 1584 5315 quod
1635 5248 1906 5301 terminus
1957 5248 2084 5301 desii

2229 5243 2446 5314 φθέντος
2476 5242 2539 5294 τὸ
2560 5240 2964 5313 περισσότερον,
2993 5240 3085 5291 καὶ
3110 5239 3376 5309 μηδέποτε
3425 5235 3777 5333 παρισωθῆναι

538 5345 650 5400 quo
699 5332 1063 5401 apprehenso,
1120 5350 1385 5391 ascensus
1443 5346 1496 5391 ct
1533 5339 1761 5393 ulterior
1792 5354 2084 5409 progressu

2228 5334 2377 5404 αὑτῷ
2410 5333 2705 5403 δυναμένη,
2758 5332 2837 5400 τῷ
2867 5331 3003 5401 μήτε
3047 5330 3109 5382 τὸ
3144 5331 3504 5402 μετεχόμενον
3535 5330 3776 5429 περατοῦ-

540 5422 917 5491 proltibcatur.
960 5424 1097 5480 Cum
1140 5428 1286 5482 enim
1331 5443 1649 5500 supremum
1683 5429 1888 5483 bonum
1924 5440 2085 5483 natur

2232 5426 2385 5491 σθαι.
2452 5426 2588 5497 μήτε
2634 5424 2694 5477 τὸ
2738 5422 2826 5476 διὰ
2874 5424 2973 5492 τῆς
3023 5423 3311 5492 μετουσίας
3363 5418 3776 5488 ἐπαυξανόμενον

546 5529 646 5568 sua
700 5514 969 5571 inﬁnitum
1021 5517 1115 5583 sit,
1174 5520 1488 5576 necessario
1549 5519 1803 5591 sequitur
1852 5518 2120 5573 inﬁnitam
2230 5517 2502 5572 ἵστασθαι.

549 5626 765 5681 quoque
795 5628 917 5669 csse
962 5615 1461 5688 participationem,
1496 5628 1551 5674 et
1598 5617 1916 5675 fruitioncm
1959 5615 2123 5687 hujus
2158 5614 2307 5682 boni,
2336 5623 2521 5685 utpote
2544 5613 2633 5669 cui
2658 5626 2873 5682 semper
2891 5612 3033 5681 plus,
3058 5609 3203 5682 quod
3262 5606 3553 5680 percipiat,
3608 5603 3777 5657 restet.

622 5787 667 5818 ⁸⁸
699 5787 930 5863 Philipp.
956 5809 1034 5859 tu,
1065 5794 1154 5847 "2|.
