3920 6482
205 335 278 390 3H
1269 335 1546 393 CONTRA
1587 339 1985 411 EUNOMIUM,
2032 348 2162 404 Lib".
2201 350 2240 403 Ι.

3309 361 3414 416 352

206 461 344 518 eoque
374 443 506 515 quod
533 443 644 544 jam
685 444 917 514 accepit,
955 456 1219 544 perpetuo
1252 449 1459 544 aliquid
1488 454 1722 523 amplius
1763 461 2024 527 supersit,
2056 463 2143 516 cui
2175 467 2446 533 exmquari
2485 476 2743 537 nequeat,
2789 469 2914 539 quia
2960 471 3011 527 id
3081 473 3222 540 quod
3259 479 3418 544 parti-

205 543 379 604 ripatur
435 536 662 590 termino
706 543 913 600 careat,
956 535 1120 607 idque
1159 538 1305 608 quod
1345 555 1441 608 per
1497 544 1971 614 participationem
2049 555 2290 620 augescit
2320 595 2333 617 ,
2387 535 2728 626 nequaquam
2791 535 3015 614 sistatur
3052 535 3111 615 ut
3157 535 3414 635 conquie-

204 639 310 690 δαί.

254 722 458 779 Τοιαῦτα
487 722 584 794 μὲν
611 717 701 778 οῦν
733 725 880 780 ἐστιν
907 726 972 780 ὲκ
1006 726 1105 798 τῆς
1130 728 1270 780 κατὰ
1300 729 1362 782 τὸ
1384 729 1586 798 ἀγαθὸν
1609 729 1724 782 δια·
1759 737 1804 792 Α

203 817 339 887 φορᾶς
369 814 736 868 ἀνακύπτοντα
766 817 832 868 ὲκ
874 815 968 870 τοῦ
998 816 1157 885 λόγου
1203 818 1273 870 τὰ
1300 819 1614 890 βλάσφημα.
1666 821 1730 873 Εί

201 907 384 963 δὲκατά·
410 923 526 959 τινα
575 907 890 978 σωματικὴν
925 910 1194 980 πρόληψιν
1222 912 1284 963 τὸ
1329 913 1510 982 μεῖζόν
1544 929 1602 964 τε
1637 912 1732 966 καὶ

200 1000 378 1053 ἔλαττον
412 999 498 1050 ἐπ’
535 998 712 1052 αὐτῶν
757 999 1076 1068 θεωροῦσιν,
1125 1003 1349 1057 αὐτόθεν
1393 1004 1732 1075 ὁμολογεῖται

197 1088 268 1144 τοῦ
295 1088 436 1156 λόγου
480 1087 540 1140 τὺ
586 1090 806 1148 ἄτοπον,
850 1091 954 1142 κᾶν
1011 1091 1083 1159 μὴ
1115 1090 1447 1144 καθέκαστον
1493 1091 1733 1161 ἀκριϐῶς

198 1182 485 1250 ἐξετάζηται.
571 1181 808 1250 Ἀνάγκη
855 1182 963 1254 γάρ
1014 1184 1166 1236 πᾶσα
1216 1183 1510 1254 ποιότητας
1557 1201 1730 1246 τινας,

196 1272 474 1334 διαστάσεις,
521 1270 721 1339 ὄγκους
753 1290 814 1326 τε
847 1273 937 1325 καὶ
993 1274 1268 1343 σχήματα,
1309 1275 1402 1326 καὶ
1441 1274 1636 1338 πάντα,
1667 1274 1731 1326 δι’

194 1357 542 1433 ὧνπληροῦται
577 1366 607 1417 ὁ
650 1364 746 1416 τοῦ
788 1364 1038 1435 σώματος
1085 1365 1260 1433 λόγος,
1303 1369 1426 1429 ταῖς
1459 1367 1732 1430 ὑπονοίαις

196 1453 396 1519 τσόταις.
431 1457 524 1508 καὶ
571 1455 664 1507 ἐπὶ
704 1459 803 1527 τῆς
846 1456 995 1519 Θείας
1040 1456 1255 1524 φύσεως
1296 1455 1728 1523 συνεισάγεσθαι.

196 1551 334 1600 Ὅπου
357 1547 407 1598 δὲ
436 1547 492 1599 τὸ
519 1547 778 1600 σύνθετον
825 1548 1060 1615 λέγεται,
1107 1549 1319 1610 πάντως
1360 1551 1475 1600 ἐκεῖ
1508 1565 1733 1616 συνομο-

193 1639 386 1707 λογεῖται
425 1642 516 1692 καὶ
557 1642 590 1710 ή
638 1639 729 1694 τοῦ
765 1641 1016 1694 συνθέτου
1048 1640 1308 1702 διάλυσις.
1370 1640 1508 1692 ’Κλλυ
1540 1642 1602 1692 ὲκ
1635 1641 1732 1708 μὲν

194 1735 268 1803 τῆς
289 1735 370 1787 τοῦ
407 1733 680 1804 δόγματος
723 1734 952 1797 ἀτοπίας
992 1733 1093 1802 τῆς
1134 1734 1199 1785 τὸ’
1243 1733 1482 1793 ἔλαττον,
1529 1733 1621 1784 καὶ
1677 1731 1734 1782 τὸ

195 1827 415 1896 ὑπερέχον
454 1827 512 1878 ἐν
545 1828 664 1889 τοῖς
701 1826 1016 1896 ἀμεγέθεσι,
1065 1825 1159 1878 καὶ
1204 1825 1556 1896 άσυγκρίτοις
1600 1825 1735 1876 ἁπο-

195 1920 432 1989 οαίνεσθαι
469 1921 782 1991 τολμώσης.
824 1921 995 1974 ταῦτα
1044 1921 1139 1973 καὶ
1191 1920 1257 1972 τὰ
1298 1917 1521 1971 τοιαῦτα
1567 1935 1733 1969 κατα-

195 2013 488 2076 σκευάζεται,
522 2012 604 2076 ὠς
635 2013 790 2081 ὀλίγα
825 2015 888 2066 ἐκ
931 2011 1140 2066 πολλῶν
1175 2013 1202 2063 ὁ
1246 2011 1402 2079 λόγος
1431 2009 1728 2074 ὑπέδειξεν.

194 2105 298 2157 Οὔτε
321 2106 419 2174 γάρ
452 2104 679 2158 εὔκολον
722 2107 897 2159 πάντα
930 2107 1019 2158 τον
1052 2103 1498 2174 ἐγκεκρυμμένον
1528 2101 1606 2172 τῷ
1645 2103 1733 2156 δό-

193 2213 323 2265 γματι
339 2198 479 2250 δόλον
505 2193 903 2266 διανακαλῦψαι
930 2196 1008 2266 τῷ
1031 2197 1172 2266 λόγῳ
1195 2213 1208 2225 ·
1239 2197 1333 2248 καὶ
1358 2196 1425 2248 δι’
1447 2195 1644 2262 ὀλίγων
1669 2195 1727 2248 δὲ

194 2288 274 2340 τιῖιν
305 2288 623 2359 εἰρημένων,
664 2289 816 2342 οὐδὲν
857 2285 1018 2360 ἦττον
1061 2289 1093 2356 ἡ
1133 2287 1330 2340 ἀτοπία
1369 2287 1474 2340 τῶν
1499 2287 1639 2339 κατὰ
1673 2285 1732 2339 τὸ

194 2379 436 2434 ἀκόλουθον
449 2383 549 2452 τῆς
575 2379 927 2450 βλασφημίας
956 2379 1401 2448 άναφαινομένων
1429 2377 1734 2447 ἐπιδειχθή-

195 2493 324 2530 σεται.
365 2476 554 2544 Ἡμεῖς
585 2474 644 2526 δὲ
679 2473 814 2545 πρὸς
839 2473 906 2526 τά
934 2473 1128 2542 ἑφεξῆς
1157 2473 1252 2525 τοῦ
1275 2472 1435 2540 λόγου
1465 2472 1726 2544 προέλθω-

195 2587 297 2640 μεν,
328 2569 528 2640 μικρῶν
559 2567 644 2621 ἕτι
669 2567 805 2638 πρὸς
836 2566 1093 2620 σύστασιν
1113 2564 1206 2618 τοῦ
1235 2567 1503 2636 ἡμετέρου
1521 2566 1731 2635 δόγμα-

192 2682 258 2725 τος
271 2660 816 2732 προσδιορθωθέντων.
837 2659 1053 2729 Ἐπειδὴ
1073 2659 1180 2729 γὰρ
1197 2660 1477 2728 κριτήριον
1494 2657 1732 2726 άσςςαλὲς

191 2755 267 2823 τῆς
300 2754 541 2825 ἀληθείας
590 2753 686 2804 ἐπὶ
734 2752 932 2814 παντὸς
980 2751 1248 2821 δόγματος
1300 2753 1331 2820 ἡ
1378 2750 1731 2812 θεόπνευστός

193 2850 278 2900 ἐστι
309 2844 594 2915 μαρτυρία,
651 2841 832 2904 καλῶς
876 2842 1019 2910 ἔχειν
1056 2842 1296 2911 ἠγοῦμαι
1333 2844 1397 2911 τῇ
1436 2840 1731 2913 παραθέσει

192 2937 273 2989 τῶν
294 2937 454 3000 θείων,
480 2937 578 2988 καὶ
609 2935 701 2988 τὸν
733 2933 999 3004 ἡμέτερον
1030 2933 1186 3001 λόγον
1211 2931 1619 2985 πιστώσασθαι.

242 3213 420 3268 θύκοῦν
439 3213 652 3275 ταύτας
682 3211 925 3282 ἔγνωμεν
949 3213 1005 3262 ὲν
1036 3213 1100 3281 τῇ
1129 3209 1391 3282 διαιρέσει
1413 3210 1529 3262 τῶν
1557 3211 1725 3266 ὄντων

188 3307 264 3370 τὰς
281 3307 548 3378 διαφοράς.
582 3303 803 3375 Πρῶτον
830 3303 891 3356 τὸ
923 3303 999 3366 ὼς
1033 3303 1169 3374 πρὸς
1196 3304 1293 3372 τὴν
1320 3303 1593 3374 ἡμετέραν
1630 3322 1730 3357 και-

1909 730 2036 786 Haec
2091 732 2259 800 igitur
2311 736 2400 788 illa
2451 748 2578 790 sunt
2632 737 2982 806 blasphemiae
3011 751 3066 795 et
3117 743 3418 812 impietatis

1837 824 2034 893 capita,
2077 841 2197 894 qua:
2225 828 2570 882 exdoctrina
2602 830 2724 893 hac,
2754 830 2822 886 de
2851 830 3224 902 inaequalitate
3255 837 3414 891 boni-

1837 911 1991 976 tatis,
2027 921 2194 983 caput
2246 915 2401 984 quasi
2428 918 2712 970 extollunt.
2745 918 2900 984 Quod
2936 922 2981 974 si
3016 923 3192 991 majus
3221 931 3274 977 et
3304 927 3413 979 mi-

1838 1020 1962 1069 nus,
2013 1021 2280 1077 corporeo
2312 1008 2545 1078 quodam
2575 1011 2754 1072 modo,
2805 1011 2986 1067 inesse
3025 1012 3131 1068 Deo
3161 1016 3418 1071 conside-

1835 1108 1980 1161 rant,
2032 1101 2168 1155 satis
2207 1117 2305 1170 per
2334 1117 2394 1157 se
2428 1118 2582 1156 suam
2620 1105 2816 1174 suique
2850 1107 3124 1177 dogmatis
3160 1111 3415 1166 absurdi-

1836 1196 2001 1244 tatem
2033 1192 2293 1259 produnt,
2324 1193 2485 1247 etiam
2515 1194 2633 1249 sine
2656 1199 3003 1254 accuratiore
3027 1200 3418 1271 disquisitione

1835 1292 1890 1337 et
1941 1282 2270 1339 refutatione
2312 1304 2324 1338 :
2373 1287 2744 1343 necessarium
2788 1289 2930 1343 enim
2991 1301 3075 1346 est
3123 1295 3415 1361 qualitates

1837 1373 2125 1441 quasdam,
2184 1375 2496 1441 distantias,
2547 1378 2828 1448 molesque
2873 1388 2926 1434 et
2972 1383 3196 1453 ﬁguras,
3249 1394 3304 1441 et
3361 1387 3411 1440 id

1836 1481 2008 1534 genus
2052 1467 2180 1527 alia,
2215 1469 2416 1537 quibus
2463 1470 2714 1538 corporis
2758 1473 2898 1526 ratio
2924 1476 3260 1538 continetur.
3295 1495 3411 1545 cos,

1838 1560 1928 1627 qui
1963 1558 2077 1612 haec
2106 1559 2213 1614 sibi
2255 1560 2651 1630 imaginantur,
2694 1564 2856 1618 etiam
2903 1566 2956 1618 in
3001 1577 3196 1622 natura
3229 1569 3409 1624 divina

1836 1650 2194 1706 constituere.
2228 1651 2296 1704 At
2325 1652 2413 1706 ubi
2447 1655 2709 1707 statuitur
2739 1657 3091 1725 compositio,
3145 1659 3216 1713 ibi
3250 1661 3411 1714 etiam

1836 1740 2187 1796 concedenda
2222 1751 2308 1796 est
2345 1742 2592 1813 ejusdem
2641 1748 3059 1815 compositionis
3097 1750 3410 1807 dissolutio.

1838 1828 2039 1885 Verum
2065 1847 2131 1885 ex
2160 1831 2502 1888 absurditate
2547 1833 2840 1903 dogmatis,
2874 1838 3018 1906 quod
3049 1838 3099 1891 in
3135 1841 3414 1908 magnitu-

1836 1922 2004 1989 dinis,
2035 1924 2322 1994 omnisque
2352 1926 2723 1980 concretionis
2750 1929 3067 1997 expertibus
3096 1931 3257 1985 rebus
3297 1948 3415 1988 ma-

1835 2016 1919 2087 gis
1942 2024 1997 2071 et
2035 2016 2218 2071 minus
2264 2016 2523 2083 admittit,
2569 2019 2681 2072 haec
2730 2032 2780 2074 et
2817 2021 2944 2074 talia
2975 2033 3411 2093 consequuntur.

1837 2125 1900 2162 ex
1933 2108 2131 2178 quibus
2162 2110 2348 2163 multis
2380 2125 2556 2178 pauca
2589 2111 2855 2166 hactenus
2895 2113 3411 2170 demonstravimus.

1835 2199 2022 2269 Neque
2047 2201 2193 2255 enim
2221 2201 2380 2255 facile
2413 2200 2576 2256 fuerit
2601 2217 2791 2258 omnes
2822 2202 3044 2258 fraudes
3070 2216 3124 2260 et
3159 2205 3414 2275 impostu-

1837 2307 1943 2352 ras.
1975 2307 2096 2361 quae
2129 2292 2228 2346 hac
2259 2291 2510 2347 doctrina
2546 2294 2812 2358 velantur,
2847 2297 3096 2352 oratione
3133 2299 3410 2367 persequi.

1835 2380 2199 2435 Nihilominus
2231 2391 2409 2435 tamen
2458 2397 2523 2434 ex
2557 2381 2641 2436 his
2673 2383 2865 2451 paucis
2898 2385 3033 2439 satis
3065 2386 3230 2438 etiam
3263 2394 3414 2454 pate-

1836 2472 1940 2526 scit
1989 2471 2299 2527 absurditas
2352 2472 2605 2535 aliorum,
2665 2489 2786 2542 qua:
2833 2491 2897 2529 ex
2948 2477 3048 2531 hac
3106 2477 3411 2546 impietate,

1837 2564 1982 2619 serie
2013 2564 2277 2634 quadam,
2306 2571 2551 2627 manant,
2578 2573 2632 2619 et
2656 2581 2684 2618 a
2713 2567 2910 2634 quovis
2929 2567 3123 2622 deduci
3156 2579 3412 2639 possunt.

1833 2654 1946 2710 Nos
1971 2671 2101 2710 vero
2145 2655 2211 2708 ad
2247 2657 2455 2725 reliqua
2489 2657 2755 2711 orationis
2792 2661 3156 2715 examinanda
3187 2665 3415 2718 acceda-

1834 2763 1978 2811 mus,
2004 2747 2095 2801 ubi
2133 2749 2285 2817 prius
2321 2749 2548 2817 paucula
2575 2751 2821 2819 quaedam
2851 2750 2918 2805 (le
2949 2761 3138 2807 nostro
3162 2753 3415 2824 dogmate

1836 2840 2200 2894 attulerimus.
2248 2840 2384 2892 Cum
2437 2841 2580 2894 enim
2622 2841 2676 2895 in
2713 2841 2860 2895 omni
2904 2841 3158 2913 dogmate
3213 2849 3415 2914 optima

1829 2931 2111 3000 judicandi
2169 2932 2310 2985 ratio
2351 2933 2423 2986 sit
2471 2931 2736 2986 divinitus
2792 2933 3057 3004 inspirata
3113 2934 3413 3006 Scriptura,

1834 3039 2016 3093 operte
2066 3024 2297 3094 pretium
2333 3025 2612 3089 existimo,
2647 3026 2956 3081 divinorum
2983 3029 3415 3084 testimoniorum

1833 3115 2194 3170 ﬁrmamentis
2224 3116 2530 3170 doctrinam
2569 3129 2810 3172 nostram
2844 3120 3228 3174 corroborare.

1909 3205 2019 3262 llas
2068 3207 2235 3278 igitur
2281 3209 2333 3262 in
2380 3208 2650 3265 divisione
2695 3226 2877 3265 rerum
2937 3212 3118 3268 inesse
3166 3214 3418 3270 novimus

1833 3297 2193 3354 diﬁerentias.
2227 3298 2408 3355 Prima
2437 3301 2739 3356 secundum
2773 3312 3019 3358 nostrum
3053 3306 3272 3374 quidem
3303 3322 3421 3377 per-

188 3397 655 3469 τάληψιν’πρῶτον,
673 3395 735 3448 τὸ
758 3394 1009 3464 αἰσθητὸν
1035 3394 1174 3462 λέγω
1192 3412 1203 3424 -
1236 3395 1374 3465 μετὰ
1396 3393 1552 3447 τοῦτο
1572 3395 1648 3457 δὲ,
1664 3395 1726 3448 τὸ

1836 3391 2067 3460 cipiendi
2109 3392 2350 3456 modum,
2382 3401 2466 3469 est
2503 3410 2590 3449 res
2613 3394 2922 3458 sensibilis;
2984 3405 3106 3466 post
3146 3399 3288 3453 hanc
3323 3399 3417 3452 illa

187 3489 253 3542 διὰ
272 3491 356 3560 τῆς
374 3489 478 3542 τῶν
500 3485 778 3556 αἰσθητῶν
811 3485 1179 3556 χειραγωγίας
1206 3485 1309 3538 ὑπο
1340 3486 1435 3539 τοῦ
1461 3485 1554 3539 νοῦ
1594 3487 1728 3541 θεω-

189 3581 548 3653 ρούμενον,δδὴ
576 3575 926 3651 νοητὸνεὶναι
948 3579 1125 3647 φαμέν
1141 3595 1153 3606 ο
1190 3578 1394 3631 καὶτοῦ
1420 3579 1610 3650 νοητοῦ
1630 3580 1733 3634 πά-

187 3672 250 3723 λιν
268 3673 440 3744 ἑτέραν
458 3671 727 3742 διαφορὰν
754 3669 1145 3740 κατελάϐομεν,
1200 3671 1278 3732 εἰς
1311 3669 1370 3722 τὸ
1400 3671 1615 3723 κτιστὸν
1637 3672 1732 3725 xui.

185 3762 398 3817 ᾶκτιστον
422 3763 833 3834 διαιρουμένην.
865 3760 970 3814 Καὶ
984 3761 1083 3832 τῆς
1107 3761 1214 3830 μὲν
1231 3762 1486 3815 ἁκτίστου
1518 3763 1732 3832 φύσεως

185 3859 260 3927 τὴν
277 3858 424 3925 ἁγίαν
455 3856 669 3927 Τριάδα
702 3850 840 3907 εἶναι
865 3851 1234 3924 διωρισάμεθα
1258 3869 1272 3884 ⁸
1304 3853 1402 3924 τῆς
1421 3853 1479 3906 δὲ
1511 3855 1732 3925 κτιστῆς

187 3950 328 4003 πάντα
353 3951 450 4002 ὅσα
491 3949 612 4019 μετ’
644 3947 860 4016 ἐκείνην
887 3946 1100 4014 λέγεταί
1128 3963 1187 3999 τε
1230 3947 1324 3998 καί
1353 3945 1466 3998 ἐστι
1492 3948 1586 3999 καὶ
1614 3947 1731 4000 ὀνο-

187 4043 398 4111 μάζετσι.
468 4044 589 4095 Ἱνα
637 4040 816 4092 τοίνυν
852 4039 926 4109 μὴ
965 4038 1349 4101 ἀναπόδεικτος
1382 4037 1537 4109 ἡμῶν
1581 4041 1609 4092 ό
1656 4039 1732 4092 δι-

182 4135 370 4204 ορισμὸς
405 4135 652 4204 ὑπάρχῃ,
683 4133 815 4185 ἀλλὰ
857 4135 973 4195 ταῖς
1013 4132 1110 4201 τῆς
1146 4131 1364 4202 Γραφῆς
1407 4131 1732 4204 μαρτυρίαις

183 4227 571 4297 ἠσφαλισμένος,
617 4224 772 4277 τοῦτο
819 4227 925 4287 τοῖς
965 4223 1272 4293 εἰρημένοις
1317 4223 1727 4294 προσθήσομεψ

184 4319 248 4371 δτι
277 4321 368 4372 οὐκ
412 4319 641 4389 ἐκτίσθη
687 4319 715 4371 ὁ
749 4317 970 4385 Κύριος,
1002 4316 1115 4369 ἀλλ’
1155 4317 1218 4369 ἐκ
1266 4315 1359 4369 τοῦ
1393 4318 1601 4387 Πατρός
1646 4317 1732 4382 ἐξ·

183 4411 286 4480 ἦλθε
307 4429 319 4441 ·
360 4411 542 4474 καθὼς
573 4413 601 4465 ὁ
626 4410 758 4469 Θεὸς
777 4408 950 4477 Λόγος
972 4407 1412 4478 αὐτοπροσώπως
1440 4411 1497 4462 ὲν
1539 4410 1614 4480 τῷ
1631 4412 1734 4462 Εὑ-

185 4503 389 4575 αγγελίῳ
447 4503 804 4575 μαρτύρεται,
837 4501 978 4554 κατὰ
1009 4501 1098 4554 τὸν
1123 4501 1358 4573 ἄρρητον
1403 4503 1606 4556 ἐκεῖνον
1640 4503 1732 4555 καὶ

183 4593 541 4665 ἀνεκδιήγητον
566 4591 666 4661 τῆς
693 4592 1018 4662 γεννήσεως,
1042 4592 1158 4661 ἦτοι
1176 4591 1276 4660 τῆς
1297 4591 1470 4656 ἐξόδου
1511 4594 1728 4664 τρόπον.

182 4685 282 4738 Καὶ
306 4689 385 4750 τίς
422 4686 488 4740 ἂν
528 4683 776 4756 εὑρεθείη
826 4683 1036 4754 μάρτυς
1087 4681 1444 4753 ἀληθέστερος
1493 4683 1592 4752 τῆς
1635 4683 1729 4738 τοῦ

1836 3484 1901 3538 ad
1935 3484 2094 3554 cujus
2146 3484 2587 3556 intelligentiam,
2642 3503 2738 3556 per
2773 3489 2913 3541 hanc
2953 3492 3110 3559 quasi
3149 3493 3422 3546 manuuluu

1833 3576 2030 3640 cimur,
2063 3592 2185 3646 quae
2222 3586 2404 3632 mente
2432 3587 2485 3631 et
2518 3579 2846 3650 cogitatione
2872 3583 3193 3651 percipitur,
3223 3600 3419 3654 quam-

1833 3668 2325 3739 queintellectilem
2361 3670 2728 3724 nominamus.
2754 3669 2970 3728 Rursus
3005 3674 3408 3730 intellectilium

1833 3761 1996 3814 aliam
2030 3760 2328 3830 quamdam
2353 3760 2711 3816 diﬁerentiam
2742 3763 3089 3832 assignamus
3124 3765 3418 3833 (dividitur

1833 3849 1977 3903 enim
2034 3849 2087 3902 in
2139 3864 2251 3902 rem
2307 3859 2545 3905 creatam
2607 3861 2660 3906 ct
2713 3853 3038 3916 increatam,
3101 3864 3153 3910 et
3202 3858 3256 3911 iu
3315 3860 3417 3914 hac

1835 3942 2237 3997 sanctissimam
2267 3941 2590 3996 Trinitatem
2626 3959 3017 4001 numeramus:
3052 3949 3254 4004 creatis
3289 3966 3416 4005 vero

1835 4036 1999 4090 rebus
2032 4041 2228 4089 extera
2263 4035 2446 4088 omnia
2486 4035 2822 4104 deputantur
2851 4077 2864 4098 ,
2913 4055 3251 4108 (“utcunque
3293 4051 3416 4110 pust

1838 4128 1982 4180 illam
2005 4136 2058 4181 et
2083 4134 2209 4180 sunt
2231 4134 2285 4181 et
2319 4127 2728 4198 nominantur).
2765 4127 2842 4181 Ne
2865 4146 2992 4184 vero
3025 4138 3213 4185 nostra
3235 4147 3412 4187 asser-

1836 4221 1910 4274 tio
1946 4221 2150 4288 absque
2183 4219 2504 4289 probatione
2536 4229 2771 4285 maneat,
2809 4222 2903 4275 sed
2938 4221 3238 4294 Scriptum.
3269 4226 3414 4279 testi-

1835 4313 2035 4366 uicinis
2057 4313 2265 4366 ﬁrmata
2298 4312 2570 4380 persistat,
2602 4313 2704 4367 hoc
2730 4314 3009 4383 praedictis
3041 4315 3410 4385 adjiciendum

1835 4404 2082 4460 videtur:
2121 4405 2381 4459 nimirum
2416 4402 2704 4459 Dominum
2737 4420 2844 4459 non
2873 4422 2995 4462 esse
3021 4414 3288 4475 creatum,
3316 4409 3412 4465 sed

1835 4515 1899 4556 ex
1927 4498 2088 4554 Patre
2117 4498 2485 4568 progenitum,
2517 4499 2659 4552 sicut
2689 4498 2868 4568 ipsum
2899 4499 3130 4554 Verbum
3165 4501 3412 4554 divinum

1836 4601 2029 4661 suapte
2081 4591 2460 4646 testiﬁcatione
2512 4591 2566 4644 in
2612 4593 2904 4662 Evangelio
2936 4593 3195 4661 ostendit,
3253 4595 3414 4648 modo

1837 4683 2206 4754 generationis
2238 4693 2291 4738 et
2319 4683 2690 4752 processionis
2723 4684 3118 4754 inexplicabili,
3147 4695 3201 4740 et
3231 4687 3414 4742 inclia-

181 4775 356 4849 Κυρίου
382 4777 568 4846 φωνῆς
603 4775 691 4829 διὰ
723 4775 925 4838 παντὸς
975 4767 1069 4821 τοῦ
1127 4769 1457 4840 Εὑαγγελίου
1484 4812 1498 4838 ,
1545 4776 1729 4828 Πατέ-

1836 4775 1966 4828 bili:
1998 4781 2053 4828 et
2083 4773 2206 4843 quis
2244 4772 2351 4827 ﬁde
2374 4773 2592 4842 dignior
2619 4775 2776 4830 testis
2809 4777 3034 4845 reperiri
3067 4785 3228 4844 queat
3295 4778 3413 4846 ipso

174 4868 478 4938 ρα,κα“ιοὺχὶ
509 4866 763 4936 κτίστην
791 4865 982 4918 ἑαυτοῦ
1004 4864 1092 4918 τὸν
1117 4864 1366 4934 ἀληθινὸν
1393 4866 1724 4919 ἀποκαλοῦνο

178 4970 251 5017 τκ
279 4957 490 5027 Πατέρα
515 4978 528 4986 ε
565 4960 656 5008 καὶ
693 4956 812 5026 οὐχὶ
868 4958 1053 5024 ἔργον
1079 4953 1236 5020 Θεοῦ,
1272 4954 1386 5008 ἀλλ’
1424 4956 1560 5010 Υίόν
1586 4955 1723 5010 Θεοῦ

180 5047 341 5099 ἑαυτὸν
354 5046 743 5118 δνομάζοντος;
762 5048 972 5118 Ὠσπερ
988 5046 1095 5117 γάρ
1113 5046 1210 5118 τὴν
1231 5047 1372 5100 κατὰ
1391 5047 1567 5118 σάρκα
1589 5048 1726 5120 πρὸς

177 5134 226 5186 τὸ
243 5137 567 5208 ἀνθρώπινον
588 5137 873 5191 κοινωνίαν
898 5136 1197 5208 σημαίνων,
1250 5139 1385 5192 flor
1414 5138 1724 5207 ἀνθρώπου

178 5225 227 5277 τὸ
247 5229 556 5298 φαινόμενον
592 5231 988 5304 προσηγόρευε,
1019 5229 1232 5292 δεικνὺς
1261 5230 1361 5300 τὴν
1395 5230 1536 5282 κατὰ
1569 5229 1730 5296 φύσιν

179 5317 257 5387 τῆς
282 5321 476 5390 σαρκὸς
502 5322 665 5376 αὐτοῦ
691 5322 826 5393 πρὸς
854 5322 951 5391 τὴν
975 5321 1035 5386 ἐξ
1057 5318 1123 5394 ἦς
1151 5323 1357 5394 amor,
1383 5324 1728 5393 συγγένειανο

180 5409 299 5465 οῦτω
343 5413 437 5467 καὶ
469 5413 566 5483 τὴν
597 5414 734 5484 πρὸς
766 5414 859 5467 τὸν
891 5413 1000 5468 τῶν
1036 5414 1174 5470 ὅλων
1210 5415 1340 5468 Θεὸν
1381 5415 1556 5486 άληθῆ
1581 5456 1595 5482 ,
1631 5417 1726 5471 καὶ

181 5503 381 5572 γνησίαν
413 5507 591 5578 σχέσιν
618 5509 686 5576 τῇ
712 5507 1050 5579 προσηγορίᾳ
1077 5505 1171 5560 τοῦ
1197 5506 1327 5559 Υίοῦ
1354 5508 1723 5577 διασημαίνει,

185 5589 232 5640 τι
265 5593 396 5645 κατὰ
426 5591 524 5663 τὴν
549 5595 711 5664 φύσιν
750 5598 950 5650 οἰκεῖον
987 5597 1076 5650 διὰ
1109 5596 1205 5666 τῆς
1250 5596 1343 5649 τοῦ
1383 5597 1511 5650 Υίοῦ
1541 5599 1724 5668 φωνῆς

179 5677 572 5754 ἐνδεικνύμενος,
607 5689 707 5742 κᾶν
731 5705 868 5751 τινες
892 5689 954 5741 ἐκ
972 5689 1068 5756 τῆς
1095 5687 1494 5758 παροιμιώδους
1517 5691 1725 5759 ῥήσεως

181 5769 237 5820 τά
265 5779 316 5823 εν
346 5777 620 5851 παραϐολῇ
655 5778 941 5844 σκοτεινῶς
987 5778 1053 5832 δι’
1089 5779 1406 5848 αἰνίγματος
1438 5778 1720 5849 εἰρημένα,

1837 4865 2088 4932 Domino,
2115 4865 2208 4935 qui
2247 4866 2304 4919 in
2344 4872 2461 4919 toto
2501 4863 2812 4935 Evangelio,
2849 4865 3066 4920 Patrem
3109 4885 3213 4921 non
3251 4885 3408 4922 suum

1837 4970 2150 5020 creatorem,
2202 4959 2294 5012 sed
2345 4958 2564 5011 Patrem
2613 4960 2879 5021 nominat,
2940 4976 3117 5030 neque
3169 4961 3408 5028 scipsum

1838 5067 1987 5119 opus,
2017 5049 2110 5104 sed
2133 5047 2335 5102 Filium
2353 5048 2447 5102 Dei
2473 5049 2743 5118 appellat?
2765 5049 3234 5114 Quemadmodum
3261 5050 3405 5103 enim

1835 5143 2276 5198 communionem
2329 5150 2384 5194 et
2430 5141 2867 5196 convenientiam
2921 5157 3045 5193 cum
3087 5151 3278 5194 natura
3307 5142 3408 5195 litt-

1829 5252 1988 5288 mana
2021 5233 2152 5287 Filii
2184 5233 2411 5286 hominis
2451 5233 2814 5302 appellatione
2840 5231 3186 5301 signiﬁcavit,
3219 5240 3407 5286 osten-

1826 5325 1962 5380 dens
1988 5341 2142 5380 suam
2171 5325 2548 5395 cognationem
2572 5323 2872 5378 secundum
2895 5337 3112 5376 carnem
3140 5338 3264 5376 cum
3291 5325 3402 5387 illa,

1826 5435 1891 5473 ex
1918 5435 2024 5488 qua
2057 5433 2278 5472 carnem
2324 5424 2734 5487 assumpserat:
2788 5416 2867 5470 sic
2899 5430 3054 5469 suam
3084 5430 3301 5485 quoque
3336 5418 3404 5472 ad

1828 5507 2206 5561 universorum
2231 5505 2397 5560 Deum
2423 5520 2606 5560 veram
2633 5513 2688 5558 et
2708 5505 2999 5574 genuinam
3028 5505 3402 5561 habitudinem

1827 5597 1949 5652 Filii
1985 5599 2347 5669 appellatione
2401 5598 2773 5652 demonstrat:
2825 5604 3034 5651 naturae
3079 5599 3404 5668 cognatione

1814 5704 1910 5758 per
1922 5690 2042 5747 Filii
2061 5690 2380 5744 vocabulum
2412 5696 2655 5750 ostensa,
2679 5688 2802 5743 licet
2828 5687 3048 5759 quidam
3070 5704 3134 5744 ex
3171 5705 3369 5760 prover
3385 5720 3401 5730 -

1817 5781 1942 5836 biali
1976 5796 2223 5838 sermone
2259 5796 2318 5836 ca
2346 5797 2463 5851 qum
2495 5797 2586 5851 per
2615 5779 2928 5850 parabolam
2963 5790 3016 5839 et
3045 5782 3396 5853 acnigmaob—
