3920 6482
545 294 649 354 545

1790 312 1849 368 s.
1890 311 2529 372 enseoanmsssm
3647 335 3732 402 εις

546 423 710 465 scure
745 409 886 466 dicta
931 423 1081 479 sunt,
1124 417 1271 474 nude
1293 428 1346 476 et
1374 418 1496 481 'sine
1531 425 1915 496 explicatione,
1973 430 2080 485 veri

2187 476 2191 486 _
2217 427 2346 497 ψιλὰ
2401 432 2494 484 καὶ
2518 432 2896 503 ἀνερμήνευτα
2918 433 3055 505 πρὸς
3087 435 3396 510 ἀνατροπὴν
3415 438 3508 510 τῆς
3519 444 3732 524 ἀληθείας

543 501 673 556 ι.ιιίε
706 504 1012 561 evertenda:
1039 509 1233 579 gratia,
1272 514 1569 582 proferant,
1606 533 1816 586 vocem,
1863 521 2111 592 inquam,

532 593 750 654 creavit,
779 609 940 663 quam
974 613 1037 653 ex
1079 617 1310 668 persona
1367 603 1658 674 Sapientiae
1691 608 2112 667 l‘roverbiorum

532 693 726 739 auctor
757 689 1004 756 protulit.
1046 687 2002 760 Quodsiillud:Dominuscreavitme
2038 706 2105 771 ιτ,

531 790 632 843 pro
677 779 760 831 sui
801 779 1071 849 dogmatis
1105 785 1432 853 patrocinio,
1481 790 1653 846 velint
1684 807 1809 850 esse
1846 803 2107 867 tanquam

532 869 928 937 testimonium,
967 875 1112 943 quod
1145 875 1410 935 Dominus
1434 892 1653 942 creatus
1677 887 1768 949 sit,
1801 889 1958 958 quasi
1991 891 2109 961 ipse

531 958 859 1030 Unigenitus
900 963 1004 1019 hac
1050 982 1184 1024 voce
1218 969 1363 1027 istud
1404 974 1627 1030 minime
1670 986 1848 1052 neget,
1900 958 2106 1052 nequa-

525 1066 690 1120 quam
720 1053 976 1111 audiendi
1004 1066 1151 1114 sunt.
1171 1059 1358 1130 Neque
1385 1066 1528 1119 enim
1559 1067 1841 1125 evidenter
1870 1073 2106 1148 probant

523 1141 640 1196 inec
671 1144 836 1198 verba
864 1149 1090 1203 omnino
1120 1151 1187 1222 ad
1217 1152 1506 1210 Dominum
1540 1167 1789 1214 nostrum
1819 1163 2102 1219 referenda

521 1249 685 1303 esse;
742 1252 922 1307 neque
973 1241 1137 1306 etiam
1179 1255 1411 1313 possunt
1461 1261 1682 1304 sensum
1734 1253 1880 1308 hunc
1917 1257 2102 1315 verbis

520 1333 710 1395 aptare
742 1343 808 1382 ex
848 1328 1117 1387 Hebraico
1145 1350 1421 1403 sermone,
1454 1354 1578 1394 cum
1605 1343 1798 1414 reliqui
1835 1347 2102 1417 interpre-

518 1427 601 1472 tes
631 1419 752 1475 loco
781 1423 930 1477 verbi
963 1427 1180 1492 creavit,
1224 1431 1565 1487 reddiderint
1587 1438 1810 1492 verbum
1843 1442 2097 1510 possedit,

516 1509 602 1563 vel
645 1515 961 1588 constituit;
1022 1532 1201 1587 neque
1237 1527 1420 1579 tamen
1455 1523 1498 1577 si
1532 1524 1586 1579 in
1639 1527 1964 1599 primigenia
2007 1509 2098 1587 illa

517 1602 802 1674 Scriptura
832 1606 998 1663 dictio
1030 1609 1143 1665 haec
1165 1626 1425 1683 expresse
1452 1615 1650 1674 fuisset
1675 1622 1875 1691 posita,
1901 1624 2097 1699 planus

513 1695 649 1751 satis
696 1704 751 1751 et
785 1697 961 1763 facilis
1009 1717 1207 1760 sensus
1236 1707 1563 1773 exstitisset,
1612 1726 1737 1768 cum
1782 1697 2095 1786 parabolica

511 1787 758 1844 doctrina
790 1793 964 1848 soleat
988 1809 1096 1850 non
1131 1799 1437 1868 manifeste,
1469 1804 1564 1860 sed
1589 1809 1822 1874 occulte,
1854 1817 1910 1865 et
1935 1815 2091 1882 quasi

510 1880 618 1938 sub
655 1885 950 1951 velamine,
1005 1897 1060 1944 et
1101 1892 1323 1962 obliqua
1373 1897 1764 1969 insinuatione,
1818 1904 2090 1972 dictorum

509 1989 737 2046 scopum
775 1981 996 2050 vimque
1042 1990 1098 2038 et
1145 1989 1426 2045 notionem
1458 1995 1770 2051 ostendere.
1809 1997 1995 2070 Itaque
2026 2019 2089 2056 ex

507 2066 628 2134 ipso
657 2071 969 2138 verborum,
1003 2088 1125 2142 quze
1161 2075 1264 2131 hoc
1297 2079 1418 2134 loco
1470 2094 1771 2152 ponuntur,
1808 2097 2089 2158 contextu,

506 2161 687 2217 cuivis
711 2162 762 2214 in
791 2174 1040 2236 promptu
1066 2172 1438 2228 estorationis
1459 2175 1837 2233 diflicultatem
1860 2199 2092 2253 cognos-

504 2265 652 2305 cere.
683 2251 750 2307 Ut
777 2269 901 2309 cum
920 2246 1074 2322 dicit,
1107 2264 1327 2332 quando
1351 2264 1639 2321 Constituit
1666 2270 1910 2325 thronum
1934 2291 2089 2328 suum

502 2357 660 2410 super
688 2355 886 2412 ventos,
926 2362 983 2406 et
1016 2353 1074 2410 id
1111 2371 1283 2424 genus
1324 2358 1464 2422 alia;
1511 2360 1639 2429 quis
1681 2365 1824 2417 enim
1855 2365 2088 2422 thronus

503 2429 624 2498 Dei,
653 2435 768 2491 sive
798 2442 1121 2508 materialis,
1155 2446 1268 2501 sive
1295 2448 1669 2528 intellectilis?
1709 2462 1764 2508 et
1793 2456 1887 2525 qui
1921 2461 2083 2525 venti,

502 2531 689 2580 utrum
723 2532 975 2588 consueti
1003 2535 1095 2592 isti
1135 2537 1400 2609 nobisque
1429 2541 1566 2608 uoti,
1599 2559 1740 2613 quos
1769 2546 2084 2622 philosophi

499 2626 566 2672 ex
590 2618 1033 2683 exbalationibus
1075 2637 1131 2683 et
1177 2630 1477 2698 vaporibus
1511 2634 1666 2695 nasci
1713 2636 1961 2705 tradunt,
1991 2618 2083 2698 van

499 2709 724 2769 alterius
754 2715 1040 2786 cujusdam
1073 2722 1308 2778 rationis
1349 2735 1477 2778 sunt
1517 2725 1592 2779 illi
1625 2730 1795 2792 venti,
1840 2747 1980 2800 quos
2008 2735 2082 2789 ait

496 2803 692 2862 baseos
717 2817 770 2861 et
821 2808 978 2866 fulcri
1009 2811 1184 2868 vicem
1237 2816 1436 2872 throno
1487 2823 1791 2888 praestare?
1842 2823 1907 2877 Et
1958 2841 2080 2896 quae

494 2896 756 2952 cathedra
814 2900 1121 2972 incorporei
1172 2917 1226 2961 et
1275 2907 1745 2981 incircumscripti
1798 2915 2080 2988 figuraque

493 2989 736 3044 carentis
766 2987 903 3045 Dei?
942 2991 1070 3047 Hice
1113 3003 1166 3047 et
1204 2996 1405 3051 similia
1445 3008 1650 3055 cuncta
1693 3004 1818 3073 quis
1848 3021 1917 3072 ex
1945 2987 2078 3064 con-

494 3085 650 3133 sueta
690 3081 1080 3138 vocabulorum
1107 3085 1509 3160 significatione
1537 3091 1846 3165 intelligat?

560 3352 785 3416 Clarum
845 3356 1012 3426 igitur
1055 3362 1258 3428 evadit,
1321 3369 1436 3422 haec
1483 3383 1606 3438 qua)
1650 3369 1774 3427 istic
1815 3374 2077 3434 dicuntur

488 3446 802 3516 :enigmata,
828 3450 1160 3520 aliquorum,
1181 3463 1235 3508 et
1261 3457 1481 3525 quidem
1507 3461 1760 3529 obscura,
1789 3466 2074 3534 involucra

489 3549 648 3600 esse;
687 3537 1083 3594 abstrusiorem
1116 3545 1432 3612 quamdam,
1467 3565 1632 3619 quam
1659 3555 1730 3609 sit
1762 3563 2072 3618 communis

488 3633 543 3679 et
592 3624 754 3689 trita,
790 3626 1202 3699 intelligentiam
1261 3639 1700 3707 complectentis.
1766 3647 1954 3720 Itaque
2004 3669 2073 3708 ex

487 3715 576 3773 bis
615 3719 766 3777 nulla
809 3723 1024 3780 ratione
1061 3727 1194 3781 oriri
1246 3737 1426 3804 potest
1459 3737 1722 3806 su5picio,
1780 3715 2068 3801 Dominum

488 3821 734 3868 creatum
770 3829 916 3881 esse,
967 3821 1110 3891 apud
1143 3836 1259 3890 eos,
1308 3825 1400 3894 qui
1437 3825 1551 3882 haec
1589 3829 1675 3900 pie
1718 3835 2071 3894 considerant

487 3913 541 3958 et
579 3907 915 3975 expendunt,
957 3914 1260 3980 p.ra:sertim
1311 3917 1452 3986 apud
1485 3933 1601 3984 eos,
1647 3925 1739 3992 qui
1778 3941 1842 3979 ex
1887 3927 2069 3985 Eran-

487 3997 629 4064 gelio
661 3999 841 4054 edocti
871 4011 1020 4068 sunt,
1058 4006 1242 4060 omnia
1270 4022 1392 4079 qua:
1425 4010 1568 4073 facta
1599 4025 1852 4086 suut.per
1886 4021 2065 4090 ipsum

487 4088 632 4143 facta
653 4105 795 4156 esse,
818 4103 872 4149 et
895 4095 951 4149 in
973 4095 1090 4165 ipso
1111 4091 1437 4156 subsistere.
1464 4102 1658 4160 Omnia
1681 4110 1850 4177 enim,
1868 4088 2064 4184 inquit,

485 4197 577 4249 per
613 4183 787 4251 ipsum
817 4185 964 4254 facta
999 4198 1144 4256 sunt,
1197 4201 1247 4245 et
1276 4194 1389 4247 sine
1419 4195 1532 4262 ipso
1567 4196 1766 4264 factum
1800 4211 1877 4254 est
1908 4187 2062 4272 ιιίΙιίι,

483 4275 624 4345 quod
658 4277 861 4342 factum
886 4289 964 4334 est
995 4281 1048 4334 in
1077 4284 1190 4352 ipso
1215 4284 1284 4339 “.
1320 4285 1439 4341 Non
1467 4289 1655 4359 utique
1689 4291 1790 4346 hoc
1817 4294 2065 4368 dicturus

486 4369 683 4424 fuisset
715 4375 1079 4444 evangelista,
1124 4378 1171 4433 si
1206 4377 1492 4436 Dominum
1525 4399 1742 4457 quoque
1778 4403 1947 4441 unum
1996 4405 2063 4445 ex

2217 521 2609 590 προφέροντες,
2647 524 2742 594 τὴν
2783 525 2878 580 τοῦ
2911 525 3182 580 ἐκτίσθαι
3205 528 3400 600 φωνήν,
3434 532 3495 602 ἢν
3521 536 3578 588 ὲκ
3601 521 3734 609 προσέ

2214 612 2364 666 ώπου
2411 615 2508 684 τῆς
2548 615 2746 684 Σοφίας
2785 619 2814 671 δ
2865 618 3276 690 Παροιμιαστὴς
3323 623 3632 694 ἐποιήσατο,
3669 635 3733 695 εἰς

2216 705 2545 779 συνηγορίαν
2567 707 2666 778 τῆς
2687 708 2780 760 τοῦ
2800 708 3073 778 δόγματος
3102 711 3280 764 αὐτῶν
3307 713 3609 787 διαστροφῆς
3632 739 3735 792 προ-

2212 795 2561 866 χειρίζονται,
2596 797 2844 866 λέγοντες
2902 800 2982 866 τὸ,
3008 801 3226 868 Κύριος
3251 802 3450 859 ἐκτισέ
3463 823 3552 875 με,
3576 811 3734 879 ὁμολο-

2209 886 2334 954 γίαν
2364 883 2502 940 εἶναι
2533 889 2595 942 τὸ
2622 889 2865 944 ἐκτίσθαι
2884 890 2976 944 τὸν
3005 891 3232 962 Κύριον·
3261 893 3337 957 ὡς
3361 896 3515 950 αὑτοῦ
3537 899 3620 952 τοῦ
3639 904 3731 955 Mo-

2208 979 2458 1045 νογενοῦς
2481 980 2567 1034 διὰ
2587 981 2687 1050 τῆς
2704 982 2890 1052 φωνῆς
2911 983 3116 1054 ταύτης
3136 984 3195 1038 τὸ
3215 985 3448 1040 τοιοῦτον
3467 989 3558 1044 οὐκ
3571 992 3732 1063 ἀρνου-

2210 1069 2394 1139 μένου,
2422 1073 2555 1142 ήμῖν
2583 1074 2643 1126 ού
2671 1076 3002 1144 προσεκτέον
3035 1076 3113 1146 τῷ
3159 1077 3322 1150 λόγῳ.
3362 1080 3489 1134 Οὐδὲ
3523 1084 3621 1154 γὰρ
3652 1087 3732 1139 τοῦ

2211 1161 2424 1225 πάντως
2452 1164 2562 1217 δεῖν
2596 1167 2675 1228 εζς
2699 1167 2791 1220 τὸν
2824 1167 3029 1239 Κύριον
3054 1170 3275 1238 ἀνάγειν
3297 1170 3387 1224 τὸν
3419 1172 3564 1242 λόγον
3580 1177 3734 1231 τοῦτον

2207 1251 2308 1317 τὰς
2355 1254 2655 1323 ἀποδείξεις
2686 1258 3035 1328 παρέχονται·
3065 1261 3185 1315 οὐδὲ
3211 1262 3304 1316 τοῦ
3336 1265 3494 1335 ῥητοῦ
3532 1269 3620 1338 τὴν
3643 1270 3735 1322 διὰ-

2204 1357 2350 1395 νοιαν
2385 1347 2449 1404 ὲκ
2478 1346 2576 1416 τῆς
2599 1348 2707 1401 τῶν
2754 1349 3020 1420 Ἑϐραίων
3055 1352 3278 1424 Γραφῆς
3308 1356 3386 1417 είς
3411 1355 3558 1429 τοῦτο
3583 1359 3636 1411 τὸ
3657 1377 3736 1430 ση-

2205 1433 2526 1504 μαινόμενον
2557 1439 2830 1509 φέρουσαν
2872 1441 3133 1509 ὲπιδεῖξαι
3163 1444 3495 1515 δυνήσονται,
3524 1449 3622 1503 τῶν
3645 1451 3734 1504 λοι-

2200 1523 2318 1576 πῶν
2355 1526 2637 1596 ἑρμηνέων
2688 1530 2750 1583 τὸ
2819 1531 3151 1601 Ἐκτήσατο
3174 1576 3190 1600 ,
3243 1538 3338 1590 καὶ
3370 1540 3733 1608 Κατέστησεν,

2199 1615 2322 1669 ἀντὶ
2355 1617 2450 1670 τοῦ
2500 1621 2804 1688 "Exstat-'1',
2835 1624 3209 1680 ἐκδεδωκότων
3234 1645 3246 1659 ·
3284 1627 3410 1683 οὔτε
3433 1631 3489 1684 δὲ
3519 1635 3564 1685 εί
3593 1633 3734 1697 οὓτως

2200 1704 2344 1781 εἶχεν
2370 1713 2403 1782 ἡ
2438 1712 2582 1778 λέξις
2607 1717 2664 1768 ὲν
2691 1719 2755 1787 τῇ
2787 1720 3130 1792 πρωτοτύπῳ
3158 1723 3371 1794 Γραφῇ,
3402 1725 3665 1796 πρόχειρος
3683 1729 3736 1781 ἂν

2127 1797 2168 1851 Β
2195 1796 2263 1870 ἦν
2297 1804 2391 1856 καὶ
2429 1806 2607 1875 σαφὴς
2635 1809 2667 1877 ἡ
2711 1808 2938 1874 διάνοια,
2975 1815 3074 1883 τῆς
3113 1817 3487 1886 παροιμιακῆς
3517 1817 3734 1872 διδασκαο

2198 1894 2316 1958 λίας
2345 1896 2406 1948 ού
2439 1900 2751 1971 προδήλως,
2803 1902 2939 1956 ἀλλά
2980 1907 3099 1974 μετ’
3141 1906 3486 1978 ἐπικρύψεως
3519 1909 3603 1962 τὸν
3644 1911 3734 1963 τῶν

2195 1985 2502 2057 λεγομένων
2532 1993 2734 2045 σκοπὸν
2767 1993 3186 2068 ἐνδεικνυμένης
3209 1997 3300 2051 διὰ
3321 1998 3548 2068 πλαγίας
3581 2000 3733 2070 ἐμφά-

2195 2093 2351 2142 σεως,
2380 2078 2457 2142 ὡς
2487 2081 2550 2133 ὲκ
2581 2081 2680 2152 τῆς
2716 2085 2845 2155 περῖ⁹
2863 2085 2956 2139 τὸν
3000 2085 3164 2140 τόπον
3193 2086 3382 2142 τοῦτον
3415 2090 3737 2160 συμφράσεως

2191 2167 2300 2222 τῶν
2316 2170 2620 2240 εἰρημένων
2637 2174 2900 2246 πάρεστιν
2929 2177 3226 2246 ἐπιγνῶναι
3249 2181 3344 2233 τοῦ
3373 2180 3525 2249 λόγου
3552 2182 3607 2234 τὸ
3628 2181 3737 2251 δυστ-

2193 2260 2498 2333 θεὼρητονσ
2540 2265 2598 2317 ὲν
2631 2260 2712 2332 οἷς
2767 2285 2962 2339 φησιν,
2991 2269 3155 2339 ἡνίκα
3194 2271 3467 2340 Ἀφώριζε
3499 2272 3599 2326 τὸν
3627 2270 3738 2326 ἑαυ-

2189 2349 2297 2404 τοῦ
2334 2354 2552 2420 θρόνον
2587 2354 2682 2407 ἐπ’
2717 2355 2971 2425 ἀνέμων,
3005 2359 3100 2412 καὶ
3131 2359 3232 2414 ὅσα
3263 2360 3507 2414 τοιαῦτα.
3539 2363 3626 2427 Τίς
3646 2364 3736 2433 γὰρ

2188 2442 2324 2495 Θεοῦ
2355 2443 2578 2513 θρόνος;
2615 2445 2724 2498 εἴτε
2775 2447 2977 2512 ὑλικὸς,
3034 2448 3144 2503 εἴτε
3197 2452 3424 2522 νοητός;
3473 2455 3577 2507 Kal
3613 2453 3736 2517 τίνες

2190 2529 2399 2599 ἄνεμοι
2427 2545 2444 2593 ;
2498 2531 2724 2602 πότερον
2773 2534 2822 2585 οἱ
2856 2534 3105 2604 συνήθεις
3131 2527 3278 2592 οὗτοι
3301 2577 3318 2602 ,
3349 2538 3443 2591 καὶ
3480 2538 3736 2610 γνώριμοι,

2185 2619 2280 2682 οὓς
2301 2622 2367 2673 ὲκ
2392 2609 2501 2673 τῶν
2521 2622 2710 2692 ἀτμῶν
2729 2641 2789 2677 τε
2815 2627 2908 2678 καὶ
2935 2625 3044 2678 τῶν
3073 2627 3490 2699 ἀναθυμιάσεων
3517 2629 3737 2685 συνίστα-

2189 2711 2312 2763 σθαι
2336 2711 2584 2781 λέγουσιν
2611 2715 2660 2766 οἰ
2683 2714 2856 2769 ταῦτα
2883 2718 3352 2789 φυσιολογοῦντες;
3380 2723 3487 2776 είτε
3510 2723 3622 2777 καθ’
3640 2724 3738 2776 ’ἐτεο

2185 2821 2278 2873 ρον
2293 2807 2492 2874 τρόπον
2514 2806 2914 2879 ὑπονοούμενοι,
2939 2809 2996 2863 ὃν
3013 2811 3112 2864 οὐκ
3133 2813 3486 2882 ἐπιγινώσκει
3509 2815 3542 2884 ἡ
3562 2813 3737 2884 ἀνθρωι

2183 2892 2311 2964 πίνη
2346 2894 2602 2962 συνήθεια
2623 2914 2636 2928 ·
2671 2897 2764 2961 οῦς
2793 2917 2956 2969 φησιν
2984 2901 3104 2954 ἀντὶ
3137 2902 3350 2972 βάσεως
3376 2905 3455 2974 τῷ
3475 2905 3636 2975 θρόνῳ
3664 2905 3736 2972 γί-

2181 2983 2404 3049 νεσθαι;
2440 2987 2550 3061 Καὶ
2583 2985 2667 3049 τίς
2701 2988 2939 3059 καθέδρα
2971 2989 3064 3043 τοῦ
3097 2992 3415 3062 ἀσωμάτου,
3450 2994 3541 3047 καὶ
3571 2994 3744 3062 ἀπεριτ

2178 3075 2461 3146 γρὰπτου,
2507 3059 2599 3130 καὶ
2645 3081 3052 3150 ἀσχηματίστου
3101 3083 3275 3150 Θεοῦ,
3322 3087 3416 3140 καὶ
3463 3086 3630 3140 πάντα
3679 3086 3736 3139 τὰ

2103 3139 2145 3211 c
2179 3166 2404 3221 τοιαῦτα
2471 3169 2555 3233 τίς
2588 3170 2653 3224 ἂν
2678 3173 2742 3224 ἐκ
2769 3173 2870 3244 τῆς
2906 3174 3171 3245 συνήθους
3203 3177 3314 3230 τῶν
3356 3179 3608 3250 ῥημάτων
3629 3177 3738 3245 τούτ

2177 3276 2286 3325 των
2319 3260 2593 3329 σημασίας
2622 3265 2976 3334 κατανοήσειε
3001 3283 3014 3331 ;

2248 3349 2416 3419 Δῆλον
2445 3347 2537 3428 οῦν
2566 3352 2647 3404 ὅτι
2677 3353 2975 3422 αἰνίγματά
3014 3355 3178 3410 τινών
3212 3358 3332 3414 ἐστι
3365 3359 3435 3413 τά
3466 3359 3734 3428 λεγόμενα,

2178 3438 2480 3510 βαθυτέραν
2501 3423 2639 3496 ¹τινὰ
2668 3445 2764 3514 τῆς
2803 3447 3092 3518 προχείρου
3127 3448 3369 3514 διανοίας
3400 3451 3496 3522 τὴν
3529 3423 3748 3524 θεωρίαν,

2175 3533 2600 3603 ἐμπεριέχοντα·
2643 3535 2718 3602 ὡς
2752 3535 2816 3588 ἐκ
2851 3536 3056 3596 τούτων
3111 3525 3301 3610 μηδενὶ
3350 3542 3494 3613 λόγῳ
3530 3543 3624 3612 τὴν
3653 3538 3736 3594 τοῦ

2173 3624 2416 3678 ἐκτίσθαι
2442 3621 2535 3678 ’τὸν
2560 3626 2762 3698 Κύριον
2792 3629 3045 3684 ὑπόνοιαν
3080 3633 3144 3686 ἐκ
3172 3631 3273 3704 τῆς
3307 3635 3530 3706 Γραφῆς
3556 3632 3740 3702 ταύτης

2171 3719 2283 3780 τοῖς
2312 3716 2549 3781 εὐσεϐῶς
2573 3718 2938 3789 λογιζομένοις
2967 3722 3298 3790 ἐγγίνεσθαι,
3326 3729 3439 3798 τοῖς
3471 3725 3739 3778 πεπαιδευ-

2176 3790 2355 3879 μένοις
2385 3809 2615 3878 μάλιστα
2644 3810 2732 3864 διὰ
2758 3812 2854 3882 τῆς
2898 3813 3285 3882 εὐαγγελιστοῦ
3322 3795 3737 3888 μεγαλοφωνίας,

2171 3901 2231 3953 τὸ
2266 3901 2442 3956 πάντα
2479 3900 2546 3954 τὰ
2590 3903 2851 3971 γεγονότα
2889 3904 2956 3956 δι’
2989 3905 3151 3958 αὐτοῦ
3184 3909 3544 3980 γεγενῆσθαι,
3579 3908 3664 3960 καὶ
3689 3907 3737 3958 ὲν

2171 3992 2318 4064 αὑτῷ
2367 3994 2712 4056 συνεστάναι,
2739 3995 2984 4073 λέγοντος
3001 4008 3021 4048 ⁸.
3041 3997 3244 4066 Πάντα
3289 4003 3403 4071 γάρ
3425 4044 3438 4065 ,
3474 4001 3636 4072 φησὶ,
3671 3998 3736 4052 δι’

2167 4084 2353 4150 αὑτοῦ
2383 4083 2637 4155 ἐγένετο,
2671 4087 2768 4139 καὶ
2800 4088 2980 4156 χωρὶς
3010 4091 3195 4145 αὑτοῦ
3227 4092 3471 4164 erait-61:0
3499 4092 3636 4146 οὐδὲ
3657 4090 3736 4153 ἓν,

2168 4176 2200 4228 ὃ
2233 4175 2479 4246 γέγονεν
2515 4177 2584 4230 ἐν
2615 4177 2792 4242 αὐτῷ.
2827 4180 2940 4233 Οὐκ
2967 4179 3033 4251 ἂν
3074 4181 3233 4234 τοῦτο
3260 4183 3658 4262 διορισάμενος,
3689 4183 3731 4232 εἰ

2167 4269 2261 4320 καὶ
2303 4267 2463 4320 αὐτὸν
2490 4267 2581 4320 τὸν
2617 4267 2824 4340 Κύριον
2873 4269 2930 4322 ἓν
2980 4271 3088 4348 τῶν
3119 4273 3426 4342 γεγονότων
3475 4273 3733 4327 ἐπίστευε.

2167 4359 2292 4422 Πῶς
2318 4359 2425 4430 γάρ
2466 4343 2533 4413 δι’
2569 4360 2776 4413 ἐκείνου
2805 4362 2873 4415 τὰ
2906 4345 3084 4435 πάντα
3119 4365 3350 4432 γίνεται,
3382 4367 3480 4419 καὶ
3515 4367 3572 4418 ἐν
3604 4360 3737 4432 αὐτῷ

489 4459 575 4515 his
592 4476 714 4531 quae
747 4463 887 4518 facta
918 4473 1065 4530 sunt,
1093 4483 1216 4534 esse
1239 4469 1586 4528 credidisset.
1613 4473 1898 4541 Quomodo
1919 4481 2063 4534 enim

2187 4448 2232 4502 ςά
2260 4450 2517 4518 γεγονότα
2542 4452 2640 4523 τὴν
2666 4451 2922 4508 σύστασιν
2953 4454 3088 4526 ἔχει,
3117 4458 3165 4508 εί
3192 4457 3265 4526 μὴ
3301 4457 3525 4520 πάντως
3556 4456 3676 4510 ἄλλο
3694 4472 3737 4506 τι

489 4566 585 4619 per
613 4551 765 4607 illum
811 4556 994 4610 omnia
1045 4556 1200 4623 (lunt,
1235 4568 1290 4615 et
1323 4563 1597 4631 quomodo
1643 4566 1827 4621 omnia
1871 4568 1926 4622 in
1969 4570 2064 4626 illo

486 4642 817 4706 subsistunt,
853 4645 901 4699 si
934 4646 1002 4710 is,
1053 4650 1147 4718 qui
1183 4652 1366 4706 omnia
1403 4653 1549 4718 fecit,
1593 4656 1809 4714 diversa
1841 4663 2058 4733 penitus

485 4750 518 4789 a
557 4735 721 4792 rebus
759 4735 918 4798 factis
957 4749 1154 4796 natura
1187 4752 1466 4811 constans,
1513 4763 1621 4802 non
1665 4751 1924 4827 seipsum,
1963 4757 2057 4812 sed

485 4834 795 4884 creaturam
843 4827 1004 4886 fecit?
1040 4831 1098 4886 Si
1141 4834 1285 4889 enim
1319 4845 1569 4893 creatura
1605 4856 1702 4911 per
1745 4845 1922 4915 ipsum
1951 4856 2059 4913 est,

486 4919 604 4988 ipse
627 4936 758 4974 vero
793 4919 1054 4980 Dominus
1086 4940 1195 4980 non
1238 4936 1321 4982 est
1372 4943 1468 5000 per
1500 4925 1781 5002 seipsum:
1836 4941 2060 4995 omnino

483 5012 731 5081 sequitur
757 5011 1032 5068 diversum
1059 5018 1316 5087 quiddam
1345 5035 1374 5073 ιι
1399 5012 1648 5077 creatura
1694 5041 1836 5092 esse,
1887 5043 2058 5084 cvan-

481 5104 675 5173 gelista
707 5103 894 5174 utique
921 5107 1098 5176 palam
1131 5109 1439 5167 afﬁrmante
1479 5133 1491 5167 :
1529 5114 1727 5171 Omnia
1765 5135 1857 5187 per
1886 5121 2058 5195 ipsum

482 5192 626 5261 facta
648 5211 779 5257 esse,
808 5204 857 5248 et
879 5197 992 5251 sine
1013 5199 1128 5266 ipso
1149 5199 1350 5269 factum
1372 5219 1484 5258 esse
1513 5206 1668 5276 nihil,
1692 5207 1830 5277 quod
1856 5192 2058 5278 factum

481 5291 558 5337 est
587 5284 641 5336 in
672 5284 820 5352 ipso:
865 5294 920 5340 et
951 5289 1224 5359 praecipue
1257 5290 1689 5358 demonstrante,
1733 5297 1786 5350 in
1826 5296 1963 5351 Filio
1993 5315 2056 5354 ea

481 5391 604 5445 qua:
645 5375 786 5431 facta
834 5389 981 5443 sunt,
1033 5379 1176 5447 facta
1215 5397 1360 5449 esse,
1424 5401 1601 5458 neque
1633 5387 1701 5440 ab
1739 5389 1845 5441 alio
1875 5399 2053 5467 ortum

481 5481 639 5522 suum
668 5477 720 5522 et
749 5469 1074 5541 principium
1102 5472 1321 5529 ducere.

554 5556 766 5623 Quibus
811 5563 1026 5634 egregie
1074 5562 1137 5620 D.
1175 5566 1378 5624 Paulus
1427 5570 1693 5640 concinit,
1751 5576 2052 5635 orationem

557 5745 604 5779 δ’
629 5747 784 5816 Prov.
816 5766 933 5816 vui,
973 5752 1062 5808 ‘22.
1142 5755 1362 5814 "103“.
1395 5774 1441 5837 ί»,
1475 5759 1527 5834 5.‘

2175 4541 2328 4612 παρά
2364 4542 2464 4613 τὴν
2501 4543 2610 4597 τῶν
2655 4547 3039 4616 πεποιημένων
3073 4548 3235 4615 φύσιν
3263 4550 3290 4602 ό
3321 4548 3554 4621 ποιητὴς
3579 4547 3738 4616 ὑπάρ-

2171 4651 2302 4704 χων,
2329 4634 2427 4704 οὐχ
2461 4635 2674 4704 ἑαυτὸν,
2705 4637 2838 4690 ἀλλὰ
2863 4640 2960 4708 τὴν
2995 4639 3170 4692 κτίσιν
3193 4641 3496 4711 εἰργάσατο
3525 4658 3539 4706 ;
3571 4642 3618 4692 εἰ
3643 4639 3740 4707 γὰρ

2177 4728 2210 4800 ἠ
2242 4727 2414 4792 κτίσις
2443 4728 2509 4781 δι’
2538 4728 2744 4794 ἐκείνου
2767 4768 2781 4790 ,
2811 4731 2972 4814 αὐτὸς
2995 4731 3052 4808 δὲ
3076 4734 3104 4785 ό
3126 4733 3327 4803 Κύριος
3348 4733 3411 4786 οὐ
3437 4733 3502 4786 δι’
3533 4729 3737 4789 ἑαυτοῦ,

2174 4820 2300 4874 ἄλλο
2321 4837 2371 4874 τι
2393 4821 2608 4887 πάντως
2629 4822 2720 4876 καὶ
2741 4823 2861 4892 οὐχὶ
2883 4823 3058 4888 κτίσις
3087 4825 3223 4882 ἐστί.
3248 4825 3357 4896 Τοῦ
3379 4827 3561 4880 τοίνυν
3590 4827 3740 4892 εὐαγ-

2171 4909 2415 4978 γελιστοῦ
2465 4914 2730 4982 φήσαντος
2749 4951 2764 4971 ,
2794 4915 2874 4966 ὅτι
2921 4914 3122 4988 [hirta
3147 4915 3222 4970 δι’
3252 4917 3445 4971 αὐτοῦ
3491 4917 3735 4986 ἐγένετο.

2158 5003 2254 5057 καί
2269 5005 2444 5080 χωρίς
2457 5005 2641 5060 αὐτοῦ
2656 5005 2890 5074 ἐγένετο
2903 5008 3041 5062 οὐδὲ
3057 5009 3144 5075 ἒν,
3163 5008 3194 5062 ὃ
3214 5009 3466 5080 γέγονεν
3478 5012 3550 5065 ἐν
3568 5008 3736 5074 αὐτῷ·

2158 5096 2250 5149 καὶ
2282 5096 2529 5167 φανερῶς
2552 5097 2638 5151 διὰ
2662 5099 2867 5153 τούτων
2897 5100 3270 5172 ὲνδειιξαμένου
3290 5143 3304 5162 .
3336 5104 3422 5156 ὅτι
3453 5104 3550 5157 καὶ
3577 5105 3633 5155 ἐν
3663 5100 3734 5170 τῷ

2159 5188 2272 5258 Υἱῷ
2301 5187 2368 5240 τὰ
2391 5189 2656 5259 γενόμενα
2685 5191 2898 5259 γέγονε,
2931 5193 3028 5254 καὶ
3050 5194 3110 5246 οὺ
3139 5192 3204 5245 δι’
3235 5194 3429 5276 ἑτέρου
3476 5195 3624 5257 τινὸς
3647 5192 3739 5263 τὴν

2163 5279 2240 5342 εἰς
2272 5279 2330 5331 τὸ
2357 5279 2604 5348 γενέσθαι
2633 5280 2865 5352 πάροδον
2891 5283 3065 5352 ἔσχεν.

2243 5597 2548 5668 Ἐκδέχεται
2581 5596 2851 5674 τὸνλόγον
2883 5596 3068 5653 τοῦτον
3091 5601 3118 5652 ὁ
3141 5597 3347 5662 Παῦλος
3374 5616 3388 5629 ·
3435 5598 3534 5654 καί⁸
3569 5598 3642 5662 ὡς
3675 5596 3737 5657 ἂν
