3920 6476
221 332 335 388 365
1399 323 1680 383 CONTRA
1700 324 1827 380 ΕΗΒ

1935 323 2090 389 ιιυΜ,
2118 321 2247 379 LIB.
2289 323 2328 376 1.
3386 324 3492 381 546

225 441 502 516 μηδεμίαν
551 438 842 495 καταλίποι
885 438 1157 511 πρόφασιν
1203 441 1270 509 τῇ
1325 438 1629 510 βλασφήμῳ
1663 441 1812 509 φωνῇ

1935 436 2265 507 evangelista:
2328 435 2637 504 excipiens;
2701 442 2755 489 et
2792 449 2860 490 ne
2889 435 3030 491 ullus
3064 436 3242 506 impiis
3279 437 3493 493 subter-

219 535 318 586 τοῦ
337 531 696 602 συναριθμεῖν
721 533 833 594 τοῖς
856 531 1100 599 γεγονόσι
1126 530 1218 582 καὶ
1252 529 1350 601 τὴν
1382 529 1477 583 τοῦ
1500 529 1814 599 Πνεῦματος

1935 528 2157 597 'ugiendi
2186 527 2339 582 locus
2378 528 2738 596 relinquatur,
2772 526 3008 597 Spiritus
3036 530 3209 599 sancti
3241 538 3491 584 naturam

217 626 414 695 ρὺσιν,
447 624 540 677 ὑπ’
568 622 803 695 ἀριθμὸν
839 622 963 691 ἄγει
994 622 1063 675 τὰ
1085 622 1283 683 πάντα,
1318 622 1445 675 ποῖά
1475 623 1591 674 ἐστι
1623 620 1812 685 ταῦτα,

1935 621 2084 675 'ebus
2139 619 2340 674 creatis
2398 620 2819 681 annumerandi,
2876 620 3151 690 sigillatim
3208 632 3494 691 percenset

217 717 257 770 ἃ.
280 714 496 768 πάντα
518 714 597 783 τῷ
639 712 997 784 εὐαγγελιστῇ
1040 713 1133 766 καὶ
1164 713 1377 784 εἴρηται
1416 713 1508 765 καὶ
1547 712 1815 783 νενόηται.

1935 711 2101 765 nnnia
2128 710 2242 775 illa,
2274 710 2458 779 qualia
2490 712 2619 771 sint,
2651 726 2771 781 qua:
2796 712 2864 764 ab
2895 711 3224 780 evangelista
3261 712 3493 764 omnium

214 809 337 861 Καὶ
376 805 630 876 καθάπερ
662 805 692 857 ὁ
721 804 897 875 μέγας
925 803 1103 866 Δαυῒδ,
1136 804 1314 857 πάντα
1348 802 1712 872 ὑποτετάχθαι
1738 800 1817 871 τῷ

1935 803 2138 856 tomine
2167 802 2312 855 dicta
2344 808 2397 853 et
2424 802 2815 871 comprehensa
2848 811 3012 856 sunt:
3055 809 3109 856 et
3136 801 3493 869 quemadmo-

213 893 507 965 ἀνθρώπῳ
542 896 742 964 φήσας,
776 894 871 947 καὶ
896 894 957 945 τὸ
984 895 1105 946 κατ’
1143 889 1279 954 εἶδος
1315 892 1655 962 προσέθηκε,
1691 895 1818 943 ποῖα

1935 893 2047 948 lum
2090 892 2150 948 Β.
2200 892 2367 948 David
2416 910 2539 948 cum
2581 893 3011 963 pronuntiasset,
3057 888 3236 948 Omnia
3286 893 3494 948 homini

208 980 283 1055 ἦν
338 984 417 1035 τά
459 982 1053 1054 ἐμπεριλαμϐανόμενα
1095 985 1162 1052 τῇ
1212 982 1332 1035 τῶν
1363 982 1605 1035 πάντων
1633 984 1817 1052 φωνῇ,

1935 999 2041 1039 esse
2076 984 2346 1054 subjecta,
2397 987 2558 1040 etiam
2602 986 2655 1040 in
2691 985 2871 1056 specie
2904 985 3218 1049 declaravit,
3247 1002 3497 1055 qmrnant

208 1081 502 1139 τουτέστι,
529 1081 600 1133 τὰ
630 1081 882 1151 χερσαῖα,
914 1080 1006 1132 καὶ
1034 1078 1101 1132 τά
1134 1079 1348 1151 ἔνυδρα,
1378 1080 1471 1132 καὶ
1502 1076 1572 1131 τὰ
1603 1077 1819 1148 ὲναέρια

1935 1076 2029 1130 sint
2075 1077 2189 1141 illa,
2224 1093 2345 1146 quae
2376 1079 2611 1133 omnium
2646 1078 2916 1132 vocabulo
2957 1078 3357 1132 intellexisset:
3398 1077 3500 1131 hoc

208 1172 340 1236 ζῶα
367 1189 387 1204 ⁸
423 1173 569 1225 οὕτω
607 1173 701 1225 καὶ
740 1173 769 1223 ὁ
817 1170 925 1223 τῶν
972 1170 1130 1224 θείων
1162 1170 1449 1241 δογμάτων
1496 1167 1764 1239 ἐξηγητὴς
1791 1169 1820 1222 ὁ

1935 1175 2025 1232 :st,
2057 1170 2360 1233 terrestria,
2391 1170 2671 1238 aquatilia,
2699 1177 2752 1224 et
2775 1169 2919 1224 aeria
2946 1169 3201 1223 animalia
3225 1167 3301 1215 ":
3341 1168 3420 1223 sic
3446 1177 3500 1222 et

204 1266 531 1326 ἀπόστολος
560 1264 791 1328 Παῦλος,
823 1265 1001 1318 πάντα
1029 1265 1086 1317 ὲν
1108 1263 1257 1333 αὑτῷ
1283 1262 1609 1333 γεγενῆσθαι
1630 1261 1816 1327 εἰπὼν,

1935 1256 2229 1312 iivinorum
2260 1259 2607 1313 oraculorum
2639 1258 2906 1328 interpres
2955 1258 3237 1326 apostolus
3272 1256 3496 1319 Paulus,

207 1355 577 1424 περιγράφει
608 1358 720 1417 τοῖς
752 1353 1099 1423 ἀριθμηθεῖσι
1149 1353 1270 1407 τῶν
1320 1353 1561 1407 πάντων
1597 1353 1695 1421 τὴν
1738 1351 1819 1404 ἓν-

1935 1365 2045 1404 :um
2073 1349 2323 1413 dixisset,
2367 1350 2629 1403 omniain
2662 1350 2782 1420 ipso
2816 1364 2939 1405 esse
2971 1350 3133 1415 facta,
3176 1350 3365 1403 definit
3399 1364 3503 1403 no-

203 1460 400 1497 νοιαν.
446 1443 655 1511 Ὁρατὰ
674 1443 803 1516 γὰρ,
854 1445 1010 1514 φησὶ,
1044 1446 1143 1497 καὶ
1173 1444 1417 1512 ἀόρατα.
1448 1443 1545 1497 Διὰ
1583 1442 1682 1513 μὲν
1712 1442 1821 1495 τῶν

1935 1439 2125 1493 ,ionem
2188 1440 2443 1500 omnium,
2512 1440 2755 1508 ipsarum
2819 1455 3002 1494 rerum
3064 1438 3499 1495 enumeratione.

203 1536 469 1605 ὁρατῶν,
514 1534 696 1599 καθὼς
743 1536 999 1607 εἴρηται,
1046 1535 1115 1587 τὰ
1159 1537 1225 1605 τῇ
1274 1535 1521 1606 αἰσθήσει
1570 1533 1822 1605 γνώριμα

1935 1530 2203 1597 Visibilia,
2266 1532 2465 1600 inquit,
2533 1541 2583 1585 et
2634 1530 2925 1584 invisibilia
2950 1531 3017 1583 ⁸⁸.
3072 1530 3501 1597 Aspemabilium

204 1624 551 1696 αριλαὸὼν
578 1626 657 1695 τῷ
679 1626 905 1695 ὀνόματι
924 1644 937 1657 ο
960 1625 1049 1678 διά
1075 1626 1132 1680 δὲ
1155 1624 1267 1679 τῶν
1293 1625 1564 1699 ἀοράτων,
1586 1625 1685 1695 τὴν
1711 1623 1821 1676 τῶν

1935 1623 2145 1675 nomine
2180 1620 2247 1675 iis
2278 1620 2708 1691 comprehensis,
2744 1636 2865 1691 quae
2894 1621 2996 1675 sub
3020 1635 3241 1675 sensum
3275 1620 3501 1682 cadunt,

203 1719 441 1788 νοητῶν
472 1718 819 1789 αἰνιξάμενος
854 1717 1036 1787 φύσιν,

1935 1723 1983 1768 ut
2024 1723 2183 1769 antea
2237 1714 2481 1768 diximus
2530 1731 2542 1767 :
2585 1714 2804 1767 nomine
2850 1728 2979 1767 vero
3029 1711 3502 1781 inaspectabilium

1850 1799 1893 1855 B
1924 1821 2113 1859 eorum
2150 1812 2405 1858 naturam
2455 1804 2792 1875 significans,
2828 1819 2950 1873 quae
2991 1803 3109 1857 sola
3146 1801 3505 1871 intelligentia

1924 1896 2322 1969 percipiuntur.

1998 2077 2101 2133 Sed
2145 2078 2211 2133 de
2253 2076 2606 2132 sensibilihus
2648 2075 2865 2145 quidem
2904 2076 3207 2138 enucleate,
3238 2083 3291 2129 et
3326 2074 3504 2129 nomi-

1925 2173 2099 2226 natim
2154 2171 2403 2240 exsequi,
2445 2170 2593 2223 nulla
2653 2168 2954 2223 necessitas
3007 2167 3293 2236 exigebat;
3350 2181 3508 2220 nemo

1928 2264 2084 2318 enim
2134 2262 2269 2317 adeo
2310 2262 2551 2317 carnalis
2578 2268 2631 2315 et
2662 2260 2915 2329 stupidus
2942 2269 3045 2323 est,
3077 2260 3168 2328 qui
3196 2258 3509 2327 suspicetur

1931 2355 2194 2425 Spiritum
2234 2364 2482 2409 sanctum
2526 2368 2708 2407 rerum
2749 2352 3091 2407 sensibilium
3145 2351 3338 2404 ordine
3378 2365 3510 2403 con-

1930 2448 2119 2502 tineri.
2147 2448 2217 2500 At
2258 2462 2380 2501 cum
2406 2444 2879 2515 inaspectabilium
2906 2443 3236 2497 mentionem
3269 2440 3509 2506 fecisset,

1930 2555 2054 2595 cum
2077 2539 2196 2610 ipsa
2223 2538 2388 2593 etiam
2426 2536 2666 2607 Spiritus
2696 2536 2869 2590 sancti
2903 2545 3097 2589 natura
3118 2535 3187 2588 sit
3219 2533 3511 2589 intellecti-

1931 2632 2001 2685 lis
2044 2641 2098 2686 et
2142 2632 2495 2699 incorporea,
2541 2644 2610 2684 ne
2666 2630 2792 2698 quis
2826 2628 3078 2681 fortassis
3125 2627 3303 2696 ipsum
3342 2625 3510 2679 etiam

1934 2722 2203 2793 Spiritum
2256 2728 2509 2777 sanctum
2559 2720 2610 2774 in
2665 2720 2859 2773 harum
2910 2720 3140 2772 classem
3190 2717 3510 2787 conjiceret,

1933 2820 2005 2874 ob
2030 2816 2475 2873 communionem
2500 2829 2624 2868 cum
2649 2814 2817 2868 rebus
2845 2813 2913 2867 ab
2955 2813 3243 2868 oculorum
3283 2821 3510 2883 aspectu

1935 2910 2177 2974 remotis,
2218 2908 2685 2963 evidentissimam
2708 2906 3123 2961 distinctionem
3155 2905 3283 2960 facit
3323 2921 3512 2961 eorum

300 2088 484 2141 Ἀλλὰ
525 2087 651 2158 περὶ
686 2086 784 2157 μὲν
811 2085 921 2140 τῶν
963 2083 1260 2155 αἰσθητῶν,
1296 2084 1447 2138 οὐδὲν
1501 2083 1691 2155 ἐδέησε
1728 2086 1820 2139 λε-

204 2180 532 2253 πτομερῶς
571 2179 858 2246 διεξελθεῖν
884 2180 969 2231 ἐπ’
1008 2176 1287 2247 ὀνόματος.
1320 2177 1505 2239 Οὐδεὶς
1545 2176 1650 2247 γὰρ
1682 2179 1820 2233 οὕτω

208 2274 501 2343 σάρκινος
532 2270 650 2323 οὐδὲ
700 2267 978 2340 κτηνώδης
1003 2267 1171 2329 ἐστὶν,
1206 2266 1282 2330 ὼς
1322 2266 1380 2318 ὲν
1409 2268 1521 2328 τοῖς
1550 2263 1822 2334 αἰσθητοῖς

208 2359 583 2414 ὑποπτεῦσαι
634 2360 729 2411 καὶ
770 2358 832 2410 τὸ
872 2357 1097 2427 Πνεῦμα
1124 2356 1185 2410 τὸ
1213 2356 1369 2425 ἆγιον
1397 2350 1557 2409 εἶναι.
1606 2354 1724 2408 Τῶν
1765 2354 1822 2408 δὲ

207 2454 490 2524 ἀοράτων
525 2449 801 2521 μνησθεὶς,
831 2449 1018 2519 ἐπειδὴ
1048 2448 1233 2521 νοερὰ,
1262 2450 1356 2502 καὶ
1385 2447 1693 2519 ἀσώματος,
1730 2448 1824 2500 καὶ

208 2550 248 2617 ἡ
288 2543 406 2598 τοῦ
445 2542 763 2612 Πνεῦματος
798 2542 960 2611 φύσις
1003 2542 1169 2603 ἐστὶν,
1201 2540 1275 2603 ὡς
1303 2540 1368 2593 ἂν
1405 2542 1478 2611 μή
1507 2558 1591 2601 τις
1614 2542 1671 2593 ὲν
1700 2539 1825 2593 τού-

208 2655 339 2700 τοις
379 2636 737 2704 ὑπονοήσειεν
764 2632 1061 2702 ὑφεστάναι
1093 2632 1157 2685 τὸ
1183 2631 1407 2702 Πνεῦμα
1444 2631 1531 2685 διὰ
1562 2632 1660 2703 τὴν
1688 2630 1827 2684 κατά

210 2731 278 2783 τὸ
330 2728 583 2798 ἀόρατον
629 2725 934 2789 κοινωνίαν,
986 2725 1389 2796 ἐναργεστάτην
1443 2726 1680 2777 ποιεῖται
1728 2724 1827 2791 τὴν

208 2822 507 2891 διαίρεσιν
554 2818 660 2872 τῶν
680 2835 740 2871 τε
766 2816 853 2870 διὰ
878 2817 978 2888 τῆς
1000 2817 1229 2879 κτίσεως
1249 2814 1570 2884 γεγονότων,
1606 2815 1701 2868 καὶ
1726 2814 1828 2884 τῆς

210 2914 379 2982 ὑπὲρ
404 2910 504 2981 τὴν
540 2909 712 2963 κτίσιν
740 2908 946 2971 οὐσίας.
994 2907 1078 2961 Τὰ
1107 2908 1206 2979 μὲν
1226 2907 1335 2979 γὰρ
1378 2906 1661 2961 κτισθέντα
1695 2923 1827 2960 κατ-

211 3003 564 3074 αριθμείται
594 3000 672 3070 τῷ
697 2999 861 3069 λόγῳ,
884 3000 1147 3067 Θρόνους
1170 2998 1342 3063 τινὰς,
1370 2999 1464 3051 καὶ
1496 2998 1716 3067 Ἀρχὰς,
1736 2996 1827 3050 καὶ

1936 3017 2057 3071 qua!
2111 3016 2209 3071 per
2265 3000 2600 3055 creationem
2636 2998 2775 3053 facta
2806 3006 2954 3065 sunt,
2986 2999 3214 3067 ejusque
3257 2999 3515 3053 substan-

225 3093 584 3157 Ἐξουσίας
616 3132 632 3157 ,
664 3092 758 3145 καὶ
806 3091 1173 3157 Κυριότητας
1200 3089 1374 3157 λέγων
1399 3106 1413 3121 ο
1444 3091 1681 3157 γενικοῖς
1720 3104 1827 3140 τισι

1939 3096 2045 3158 tiae,
2093 3108 2213 3163 quae
2245 3094 2527 3148 creatione
2562 3093 2817 3162 superior
2840 3100 2944 3146 est.
2976 3092 3169 3147 Creata
3208 3094 3351 3147 enim
3393 3108 3516 3163 per-

213 3190 321 3239 καὶ
371 3184 796 3256 περιληπτικοῖς
823 3182 1049 3251 ὀνόμασι
1077 3181 1186 3234 τῶν
1229 3181 1478 3253 ἀοράτων
1511 3180 1714 3233 τούτων
1732 3180 1824 3232 δυ-

1935 3194 2119 3240 censet
2165 3185 2258 3239 illa
2305 3185 2579 3248 oratione,
2623 3200 2747 3237 cum
2806 3184 3063 3247 Thronos,
3110 3185 3401 3254 quosdam,
3461 3190 3516 3239 et

210 3282 461 3349 ναμεων
492 3276 590 3347 τὴν
623 3274 968 3340 διδασκαλίαν
993 3273 1333 3343 ποιούμενος,
1364 3274 1432 3326 τά
1466 3273 1523 3326 δὲ
1557 3273 1699 3342 ὑπὲρ
1726 3271 1827 3343 τὴν

218 3373 450 3433 κτίσιν,
500 3370 569 3422 δι’
601 3368 769 3438 αὐτῆς
810 3367 908 3436 τῆς
958 3366 1166 3436 σιωπῆς
1205 3364 1535 3437 ἀποχωρίζει
1581 3364 1677 3418 τοῦ
1718 3366 1828 3436 ἀρι·

218 3464 384 3535 θμοῦ
418 3462 532 3515 τῶν
577 3460 921 3529 κτισθέντων.
951 3459 1161 3529 Ὥσπερ
1190 3458 1257 3511 ἂν
1289 3459 1341 3511 ετ
1363 3476 1443 3521 τις
1472 3458 1828 3528 προσταχθεὶς

220 3560 327 3611 ἐπὶ
376 3552 742 3624 στρατοπέδου
780 3552 879 3615 τὰς
912 3552 1267 3621 λεπτομερεῖς
1310 3550 1402 3603 καὶ
1431 3547 1829 3618 ὑποδεδηκυίας

220 3647 422 3718 ἀρχὰς
454 3648 630 3697 εἰπεῖν
657 3645 743 3697 ἐπ’
768 3644 1052 3714 ὀνόματος,
1072 3642 1389 3712 ταξιάρχας,
1421 3644 1516 3695 καὶ
1543 3641 1827 3712 λοχαγοὺς,

227 3740 691 3808 ἑκατοντάρχους
724 3754 781 3789 τε
816 3735 911 3790 καὶ
941 3734 1273 3805 χιλιάρχους,
1298 3735 1390 3787 καὶ
1420 3733 1473 3785 εἴ
1502 3750 1641 3795 τινες
1675 3732 1829 3786 ἄλλαι

220 3832 345 3883 τῶν
384 3828 532 3881 κατὰ
562 3828 725 3898 μέρος
747 3825 1076 3881 δυναστειῶν
1099 3825 1479 3895 ὠνομασμέναι
1509 3825 1632 3889 εἰσὶ,
1652 3824 1830 3886 πάσας

224 4032 339 4067 σαν
370 4012 474 4082 τὴν
505 4010 731 4079 δύναμιν
775 4010 1063 4079 διεπούσης
1090 4008 1266 4080 ἀρχῆς
1307 4008 1575 4078 μηδεμίαν
1612 4009 1832 4078 μνήμην

221 4107 567 4176 ποιήσειαν
602 4102 662 4154 οὑ
689 4102 757 4154 δι’
800 4101 1119 4173 ὑπεροψίαν,
1152 4100 1378 4170 ἢλήθην
1416 4099 1512 4171 τὴν
1545 4099 1833 4169 ὒπερέχου-

224 4218 338 4253 σαν
372 4195 555 4267 ἀρχὴν
584 4197 896 4263 σιωπήσας,
930 4193 1045 4245 ἀλλ’
1080 4194 1160 4245 ὅτι
1190 4191 1349 4262 μόνον
1375 4191 1471 4252 τὴν
1504 4191 1743 4261 ὑπήκοόν
1774 4208 1832 4243 τε

220 3920 539 3986 διεξελθὼν
566 3918 643 3989 τῷ
671 3919 833 3989 λόγῳ,
857 3919 957 3988 τῆς
986 3917 1201 3971 πάντων
1234 3915 1562 3987 κρατούσης,
1608 3917 1701 3968 καὶ
1733 3916 1833 3967 πᾶ·

1931 3277 2295 3346 Prinnipatus,
2350 3286 2405 3332 et
2437 3277 2756 3343 Poteslates,
2805 3284 2858 3331 et
2895 3276 3287 3331 Dominaliones
3345 3278 3519 3331 nomi-

1932 3377 2026 3423 nat
2054 3370 2100 3401 ⁸¹
2126 3388 2139 3423 :
2166 3370 2517 3439 generalibus
2554 3370 2883 3439 quibusdam
2917 3379 2971 3425 et
3000 3372 3104 3424 vim
3139 3372 3514 3427 multitudinis

1931 3462 2283 3522 habentibus,
2315 3461 2625 3516 doctrinam
2669 3462 2862 3516 harum
2896 3463 3367 3532 inaspectabilium
3406 3464 3517 3518 vir-

1933 3560 2109 3606 ιιιιυηι
2164 3552 2427 3619 tradens;
2480 3569 2544 3609 ea
2611 3569 2763 3619 vero,
2839 3570 2962 3625 qua:
3013 3570 3179 3625 supra
3246 3568 3516 3610 creaturzc

1932 3660 2159 3699 censum
2193 3652 2383 3699 evecta
2428 3654 2578 3709 sunt,
2615 3646 2734 3715 ipso
2768 3644 2987 3701 silentio
3016 3662 3080 3700 ex
3114 3662 3343 3701 numero
3366 3662 3514 3701 crea-

1932 3746 2180 3791 turarum
2225 3744 2494 3808 segregat.
2544 3737 3011 3803 Quemadmodum
3062 3740 3108 3793 si
3165 3740 3289 3809 quis
3318 3739 3511 3807 jussus

1932 3829 2191 3884 distincte
2238 3838 2291 3883 et
2339 3829 2661 3882 nominatim
2695 3845 3022 3885 enumerans
3074 3832 3315 3885 minores
3352 3844 3405 3886 et
3438 3833 3515 3885 in-

1936 3921 2166 3977 feriores
2200 3921 2515 3975 functiones
2546 3921 2790 3985 bellicas,
2822 3922 3074 3975 ordinum
3107 3924 3388 3988 ductores,
3424 3925 3516 3977 de.

1934 4014 2212 4075 curiones,
2262 4014 2637 4077 centuriones,
2685 4014 3039 4078 chiliarchas,
3073 4023 3125 4067 et
3161 4016 3204 4068 si
3233 4030 3353 4083 quae
3387 4028 3516 4071 sunt

1936 4105 2041 4158 alia
2063 4104 2250 4158 munia
2272 4103 2556 4173 speciatim
2586 4113 2954 4173 percenseret,
2991 4107 3356 4175 omnibusth
3378 4122 3516 4160 enu~

1936 4196 2160 4251 meratis
2211 4210 2545 4264 supremam,
2582 4203 2636 4250 et
2686 4212 2809 4266 qum
2842 4197 2977 4250 alias
3024 4212 3215 4252 omnes
3244 4198 3512 4261 continet,

220 4295 331 4347 ’.ταὶ
356 4289 678 4359 ὑποχείριον
700 4285 851 4352 τάξιν
871 4281 1156 4348 διεξελθεῖν
1179 4282 1212 4353 ἢ
1238 4281 1615 4352 προσταχθεὶς,
1646 4281 1677 4351 ἢ
1702 4299 1827 4353 προ-

1936 4296 2269 4359 potestatem
2312 4288 2533 4341 silentio
2569 4288 2893 4357 prteteriret,
2931 4304 3039 4343 non
3085 4298 3401 4359 contemptu
3429 4294 3515 4345 vel

224 4384 479 4453 θέμενος
509 4396 525 4409 ·
558 4378 829 4450 ὑϐρίσειεν
854 4376 919 4429 ἂν
948 4378 1004 4427 ὲν
1031 4378 1096 4444 τῇ
1121 4374 1224 4426 τῶν
1252 4374 1622 4443 ὑποκειμένων
1648 4374 1827 4445 μνήμῃ

1936 4382 2213 4435 oblivione
2261 4396 2422 4435 suum
2471 4380 2713 4434 officium
2747 4382 3186 4451 praetermittens,
3240 4382 3512 4451 sedquod

226 4469 680 4544 συμπεριλαϐὼν
697 4470 792 4525 καὶ
807 4468 904 4537 τὴν
928 4467 1197 4536 ἄρχουσαν
1222 4481 1233 4492 ·
1256 4464 1397 4517 οὕτω
1419 4480 1505 4534 μοι
1522 4464 1669 4517 δοκεῖ
1692 4464 1784 4515 καὶ
1808 4465 1827 4515 ἐ

1938 4472 2023 4527 vel
2066 4474 2278 4542 jussus,
2334 4472 2419 4525 vel
2474 4470 2658 4525 dedita
2707 4486 2872 4541 opera
2929 4479 3141 4526 tantum
3189 4489 3518 4530 enumerare

225 4571 291 4620 ἑν
324 4562 658 4635 παραδείσῳ
688 4560 913 4630 μυηθεὶς
943 4558 1011 4611 τὰ
1038 4556 1321 4628 ἀπόρρητα
1353 4554 1581 4617 Παῦλος,
1616 4556 1703 4608 ὅτε
1736 4557 1827 4625 ἁρ-

1943 4566 2101 4618 vellet
2144 4578 2369 4618 munera
2415 4562 2671 4620 inferiora
2706 4572 2760 4619 et
2811 4564 2879 4618 ab
2929 4564 3051 4620 aliis
3100 4566 3391 4635 pendentia
3424 4585 3439 4622 :
3472 4567 3519 4621 is

230 4656 455 4722 παγεὶς
491 4655 551 4705 ὲν
578 4651 725 4722 αὐτῷ
757 4651 973 4718 ἐγένετο
1007 4649 1099 4701 καὶ
1128 4649 1235 4701 τῶν
1276 4648 1680 4719 ὑπερουρανίων
1708 4647 1827 4701 θαυ-

1941 4656 2145 4725 injuria
2187 4655 2576 4725 imperatorem
2623 4654 2887 4721 afﬁceret,
2943 4658 2986 4711 si
3036 4672 3162 4711 eum
3221 4659 3274 4712 in
3323 4659 3518 4715 ordine

231 4751 445 4820 μάτων
489 4745 687 4815 θεατὴς
722 4741 1025 4804 καταστὰς,
1062 4740 1130 4793 τὰ
1160 4738 1463 4810 ἀνθρώποις
1494 4740 1704 4811 ἄρρητα
1750 4740 1827 4793 κα¹

1940 4764 2151 4807 eorum.
2194 4749 2287 4817 qui
2339 4747 2618 4803 inferioris
2669 4758 2793 4803 sunt
2838 4748 3141 4814 dignitatis,
3188 4759 3513 4819 reponeret:

229 4838 389 4901 εἶδε,
426 4837 525 4890 καὶ
552 4836 783 4905 ἤκουσεν
810 4853 822 4865 ο
856 4829 1010 4896 οὗτος
1039 4832 1107 4886 τὰ
1132 4831 1209 4903 τῷ
1238 4832 1426 4903 Κυρίῳ
1453 4832 1737 4885 κτισθέντα
1769 4832 1827 4885 δι⁴

1942 4839 2016 4891 ita
2066 4839 2279 4893 videtur
2323 4839 2455 4892 mihi
2501 4840 2663 4894 etiam
2712 4840 2773 4893 ι).
2828 4840 3029 4897 Paulus
3074 4858 3161 4896 res
3210 4841 3426 4897 abditas
3462 4842 3516 4895 in

232 4933 418 4995 δὰξαι
459 4928 817 4998 προθέμενος,
869 4926 1055 4996 ἐπειδὴ
1108 4924 1350 4994 διεξῆλθε
1400 4924 1570 4977 ταῦτα
1598 4924 1674 4994 τῷ
1705 4923 1827 4994 λόγρ

1946 4931 2201 4999 paradiso
2254 4931 2504 4993 edoctus,
2543 4933 2761 5001 quando
2801 4934 2853 4987 in
2895 4950 3018 4987 eum
3062 4946 3272 5003 raptus,
3308 4942 3362 4989 et
3410 4950 3522 4989 ca:-

232 5024 685 5095 ττεριληπτικαῖς
708 5037 817 5076 τισι
839 5021 1062 5088 φωναῖς,
1088 5018 1273 5086 διαδρα
1283 5016 1396 5087 μων
1412 5016 1506 5085 τὴν
1527 5016 1823 5086 ἀγγελικὴν

1948 5020 2168 5073 lestium
2220 5033 2545 5073 arcanorum
2600 5029 2877 5090 spectator
2924 5022 3148 5077 cfl'ectus
3200 5030 3305 5083 cst,
3346 5039 3523 5092 caque

234 5119 345 5170 καὶ
379 5113 752 5183 ῦπερκὸσμιον
775 5112 1023 5181 δύναμιν,
1059 5110 1283 5178 ἔστησεν
1314 5112 1371 5161 ὲν
1404 5111 1513 5170 τοῖς
1546 5123 1827 5177 μνημονευ-

1944 5111 2079 5189 vidit
2128 5117 2182 5164 et
2230 5110 2459 5172 audivit,
2495 5126 2616 5180 qua}
2642 5112 2851 5165 homini
2885 5113 3038 5167 nefas
3068 5113 3247 5181 eloqui
3288 5114 3356 5178 ⁸³,
3395 5130 3519 5168 cum

236 5211 402 5263 θεῖσι
437 5207 529 5258 τὸν
582 5205 763 5272 λόγον,
795 5203 902 5256 τῶν
943 5204 1083 5273 ὑπὲρ
1115 5202 1212 5271 τὴν
1245 5202 1421 5254 κτίσιν
1456 5199 1606 5253 οὐδὲν
1638 5200 1717 5262 εἰς
1760 5199 1827 5251 τδε

1942 5217 2204 5258 enarrare
2227 5203 2603 5271 proposuisset
2637 5219 2725 5258 res
2760 5204 2812 5257 in
2843 5204 3075 5259 Domino
3114 5215 3332 5260 creatas
3365 5215 3521 5276 post-

236 5296 565 5364 κατάλογον
603 5296 711 5348 τῶν
746 5292 978 5348 κτιστῶν
1015 5291 1351 5354 καθελκύσας
1376 5306 1388 5320 ·
1431 5288 1507 5352 ὼς
1541 5290 1603 5341 ἐκ
1659 5288 1827 5341 τούτοε

1945 5308 2107 5362 quam
2155 5296 2538 5351 communibus
2590 5296 2919 5366 quibusdam
2950 5296 3232 5352 vocabulis
3257 5314 3351 5354 eas
3391 5315 3527 5353 enu~

241 5388 452 5457 σαφῶς
476 5387 586 5440 ἄνω
606 5387 705 5457 τῆς
731 5386 959 5448 κτίσεως
989 5379 1209 5437 εἶναιτὸ
1232 5382 1457 5452 Πνεῦμα
1483 5380 1544 5434 τὸ
1572 5380 1723 5449 ἆγιον
1744 5380 1827 5433 ὐπό

1951 5394 2219 5440 merasset
2244 5404 2256 5439 :
2278 5397 2604 5459 pervagatus
2629 5391 2926 5460 angelicam
2946 5397 2999 5444 et
3024 5390 3526 5459 supermundanam

236 5484 357 5552 τῆς
392 5480 611 5552 Γραεὲἧς
643 5478 1059 5550 μαρτυρεῖσθαι.

1952 5476 2101 5529 illam
2147 5486 2493 5546 potestatem,
2529 5483 2831 5535 orationem
2875 5480 2929 5533 in
2976 5479 3310 5549 supradictis
3344 5483 3527 5537 termi-

242 5576 440 5636 navit,
487 5575 619 5627 nihil
670 5589 886 5637 eorum,
936 5587 1059 5642 qure
1113 5586 1277 5640 supra
1322 5577 1628 5624 creaturam
1692 5576 1840 5629 sunt,
1883 5568 1937 5623 in
1987 5570 2235 5625 ordinem
2283 5583 2658 5627 creaturarum
2709 5575 2958 5641 trahens,
3004 5582 3062 5628 ut
3104 5589 3168 5635 ex
3240 5573 3344 5630 hoc
3408 5578 3531 5645 ipso

372 5688 422 5721 δ’
448 5689 592 5744 Psal.
626 5706 742 5755 vnn,
774 5687 809 5743 8
839 5704 960 5759 sqq.
1040 5688 1083 5720 ⁵ο
1115 5688 1325 5743 Coloss.
1355 5702 1396 5751 ι,
1427 5686 1512 5743 16.
1624 5686 1673 5729 ⁸¹‹
1698 5684 1827 5740 ibid-

1954 5687 1999 5718 ⁸³
2031 5684 2075 5740 ll
2097 5687 2224 5745 Cor.
2261 5703 2355 5751 xu,
2379 5688 2413 5741 2
2454 5705 2573 5778 sqq‘.
