3920 6514
487 292 587 349 547

1719 290 1793 345 ὃν
1819 288 2150 348 GREGORII
2187 291 2498 349 NYSSENI’

3633 303 3729 360 348

484 404 841 462 manifestum
871 402 1263 459 testimonium.
1307 417 1338 455 a
1395 400 1572 458 sacris
1630 400 1852 459 Litteris
1919 405 2288 474 perhibeatur,
2360 408 2623 479 Spiritum
2675 418 2949 465 sanctum‘
2992 418 3147 467 extra
3195 410 3509 467 creatarum
3560 430 3722 474 rerum

486 512 771 554 numerum
827 496 1134 552 habendum
1190 512 1332 552 esse.

554 586 712 655 Quod
758 589 803 643 si
854 588 981 658 quis
1030 585 1307 641 refutandi
1352 587 1524 656 gratia
1556 587 1801 658 objiciat,
1836 603 1905 643 ne
1938 587 2069 642 chec

2246 589 2308 641 EE
2338 586 2393 640 δέ
2443 603 2526 650 τις
2579 587 2881 658 ἁνατρέποι
2910 588 3000 640 τὸν
3034 588 3212 657 λόγον,
3253 587 3332 651 ὡς
3360 590 3483 643 οὐδὲ
3511 591 3615 644 τῶν
3638 594 3725 646 Xe-

483 680 808 734 ruhinorum
859 676 1082 747 quidem
1137 676 1476 731 mentionem
1532 691 1561 730 a
1603 676 1669 731 D.
1724 676 1895 732 Paulo
1943 694 2065 734 esse

486 770 708 835 factam,
748 785 936 825 verum
985 779 1037 823 et
1069 769 1170 823 hos
1204 785 1420 839 quoque
1457 784 1581 823 cum
1615 768 1821 840 Spiritu
1873 780 2065 825 sancto

485 862 540 916 in
565 863 809 917 ordinem
833 870 1211 916 creaturarum
1239 862 1357 933 ipsa
1380 862 1749 931 praeteritioue
1777 862 2066 932 conjectos

483 970 628 1018 esse,
673 953 947 1020 simulque
1003 952 1235 1022 probare
1292 961 1543 1017 conetur,
1592 954 1678 1007 vel
1729 954 1831 1010 hos
1875 955 2061 1021 etiam,

484 1058 551 1099 eo
596 1042 739 1113 quod
788 1042 909 1096 sint
966 1042 1345 1111 prmtermissi,
1400 1057 1568 1112 super
1615 1051 1900 1099 creaturas
1943 1059 2067 1099 eve-

486 1134 717 1201 hendos,
774 1135 857 1188 vel
908 1150 1083 1204 neque
1128 1132 1395 1204 Spiritum
1446 1142 1698 1189 sanctum
1751 1151 1817 1191 ex
1850 1136 2067 1191 illorum

485 1228 677 1283 ordine
718 1227 1062 1282 eximendum
1098 1243 1222 1283 esse
1266 1247 1279 1282 :
1329 1227 1376 1282 is
1408 1227 1753 1298 diligentius,
1784 1243 1905 1293 oro,
1944 1243 2069 1298 per-

484 1316 686 1388 pendat
725 1330 945 1371 sensum
988 1330 1201 1379 eorum,
1256 1330 1376 1386 qua:
1413 1316 1484 1369 in.
1520 1316 1631 1370 illa.
1652 1317 2069 1372 enumeratione

485 1410 664 1481 posita
714 1417 864 1469 sunt,
912 1406 1076 1476 idque
1125 1407 1271 1477 quod
1325 1407 1595 1463 omissum
1651 1408 1888 1473 videtur,
1943 1410 2068 1479 quia

485 1500 807 1556 nominatim
861 1514 969 1553 non
1010 1506 1095 1554 est
1138 1513 1482 1569 expressum,
1528 1500 1766 1556 inveniet
1798 1515 1923 1555 cum
1973 1517 2067 1556 su-

486 1592 744 1663 pradictis
814 1591 1075 1661 positum.
1125 1589 1231 1655 Qui
1290 1591 1435 1645 enim
1486 1590 1700 1645 thronos
1749 1577 2069 1658 nominavit,

486 1682 536 1737 is
589 1682 699 1735 alio
752 1680 968 1735 nomine
1014 1680 1278 1735 cherubim
1332 1685 1643 1753 expressit,
1696 1684 2069 1741 obscuriorem

496 1774 739 1830 videlicet
780 1789 965 1829 vocem
1013 1773 1341 1829 Hebraicam
1384 1776 1617 1829 clariore
1663 1774 1852 1830 Grmca
1896 1777 2064 1846 signi-

496 1881 698 1921 ucans:
727 1881 852 1920 cum
880 1866 1123 1937 legisset,
1150 1866 1319 1922 Deum
1348 1868 1538 1922 sedere
1571 1884 1737 1937 super
1779 1869 2088 1937 cherubim,

2172 679 2370 750 ρουϐὶμ
2403 677 2507 731 ὑπὸ
2534 677 2628 731 τοῦ
2673 677 2887 731 Παύλου
2925 677 3418 749 μνημονευθέντων
3439 698 3451 711 ’
3493 673 3621 736 ἀλλὰ
3646 687 3724 739 καὶ

2167 770 2372 823 τούτων
2406 768 2546 840 μετὰ
2590 768 2682 822 τοῦ
2728 768 3044 840 Πνεύματος
3085 770 3142 822 ὲν
3180 774 3252 842 τῇ
3300 771 3410 824 τῶν
3451 776 3727 842 γεγονότων

2169 860 2966 933 ἁπαριθμήσεισιωπηθὲντων,
2997 862 3093 916 καὶ
3122 864 3519 927 κατασκευάζει
3543 865 3625 920 διὰ
3644 868 3725 923 τοῦ

2170 953 2596 1025 παραλελεῖφθαι
2616 953 2713 1024 τὴν
2736 955 2863 1025 περὶ
2886 954 3089 1008 τούτων
3113 956 3360 1027 μνήμην,
3385 957 3418 1026 ἢ
3444 958 3534 1011 καὶ
3576 956 3730 1014 ταῦτα

2172 1046 2311 1118 ὑπὲρ
2335 1048 2433 1117 τὴν
2463 1047 2662 1112 κτίσιν,
2683 1047 2717 1116 ἢ
2743 1046 2876 1118 μηδὲ
2888 1046 2947 1100 τὸ
2972 1046 3194 1118 Πνεῦμα
3215 1047 3331 1102 δεῖν
3352 1046 3576 1112 οἴεσθαι,
3593 1051 3727 1120 λογι-

2172 1140 2356 1193 σάσθω
2397 1139 2494 1210 τὴν
2523 1139 2632 1193 τῶν
2667 1138 2873 1210 ἀπηριθ
2882 1157 2955 1210 μη
2964 1141 3140 1210 μένων
3162 1140 3428 1205 διάνοιαν,
3450 1143 3542 1195 καὶ
3562 1142 3619 1195 τὸ
3639 1160 3729 1196 πα-

2172 1233 2381 1303 ρεῖσθαι
2408 1230 2621 1296 δοκοῦν,
2656 1232 2737 1285 ὅτι
2768 1230 2844 1302 μὴ
2873 1230 3215 1301 ὲξ-ὀνόματος
3233 1231 3268 1301 ἡ
3290 1232 3481 1302 μνήμη
3510 1232 3726 1300 γέγονεν,

2170 1327 2228 1378 ὲν
2257 1328 2368 1388 τοῖς
2400 1322 2707 1394 εἰρημένοις
2734 1322 3048 1391 κατόψεται.
3102 1322 3159 1375 'U
3188 1320 3320 1392 γὰρι
3338 1324 3575 1390 Θρόνων
3608 1341 3725 1394 μνη⁶

2174 1414 2462 1485 μονεύσας,
2489 1411 2636 1483 ἄλλῳ
2665 1410 2893 1481 ὀνόματι
2921 1409 2993 1463 τὰ
3020 1408 3311 1478 Χερουϐὶμ
3342 1410 3647 1481 διηγήσατο,
3671 1412 3726 1479 τῇ

2171 1504 2570 1577 γνωριμωτέρα
2621 1503 2965 1574 προσηγορίᾳ
2989 1502 3049 1555 τὸ
3083 1503 3293 1572 ἀσαφὲς
3330 1504 3432 1575 τῆς
3476 1502 3727 1572 Ἐὀραῒδος

2171 1596 2533 1667 ἐξελληνὼας.
2554 1594 2840 1667 Καθῆσθαι
2861 1594 3084 1664 γὰριτὸν
3103 1594 3235 1647 Θεὸν
3262 1594 3358 1647 ἐπὶ
3394 1593 3500 1647 τῶν
3535 1597 3728 1661 Χερου-

2174 1690 2272 1759 ϐὶμ
2302 1687 2539 1752 ἀκούσας
2563 1728 2578 1753 ,
2622 1688 2722 1751 τὰς
2762 1687 3019 1756 δυνάμεις
3046 1686 3251 1750 ταύτας
3290 1684 3387 1739 τοῦ
3437 1688 3529 1738 ἐπ’·
3568 1686 3726 1738 αὐτῶν

2173 1779 2536 1851 καθεζομένου
2576 1780 2797 1850 θρόνους
2822 1779 3101 1851 ὠνόμασεν
3124 1796 3137 1808 ’
3169 1778 3439 1843 ὡσαύτως
3473 1780 3527 1833 δὲ
3558 1782 3643 1833 καὶ
3672 1782 3728 1834 τὰ

2175 1870 2323 1940 παρὰ
2357 1868 2434 1940 τῷ
2478 1870 2674 1941 Ἡσαΐᾳ
2708 1870 2957 1940 Σεραφὶμ
2982 1909 2994 1931 ,
3028 1869 3155 1939 παρ’
3185 1862 3263 1922 ὧν
3291 1869 3535 1940 ἐναργῶς
3560 1870 3617 1922 τὸ
3643 1869 3727 1939 τῆς

496 1959 724 2014 virtutes
766 1960 903 2015 istas
936 1960 1077 2029 ejus,
1116 1960 1209 2028 qui
1248 1976 1410 2030 supra
1440 1961 1588 2029 ipsas
1624 1960 1796 2027 sedet,
1839 1963 2067 2018 thronos

2181 1964 2402 2033 Τριάδος
2433 1961 2708 2034 ἐκηρύχθη
2742 1962 3036 2033 μυστήριον
3061 1977 3073 1989 ·
3103 1962 3191 2015 ὅτε
3214 1961 3315 2032 τὴν
3346 1961 3540 2030 Ἄγιος
3568 1962 3727 2031 φωνὴν

497 2052 815 2122 appellavit;
869 2052 1123 2107 similiter
1166 2060 1221 2107 et
1270 2052 1545 2121 seraphin]
1586 2052 1730 2123 apud
1778 2052 1999 2117 lsaiam,
2036 2069 2064 2107 a

498 2143 694 2214 quibus
732 2144 1057 2215 mysterium
1085 2150 1289 2198 sanctae
1325 2142 1614 2197 Trinitatis
1644 2145 1931 2213 perspicue
1968 2160 2066 2198 ana-

498 2237 802 2291 nuntiatum
855 2245 938 2293 est
972 2256 983 2291 :
1030 2238 1252 2308 quando
1296 2237 1561 2309 hymnum
1602 2238 1781 2303 illum,
1823 2238 2069 2301 Sanctus,

498 2343 548 2382 in
595 2328 839 2397 qualibet
881 2338 1085 2384 sanctae
1133 2329 1420 2385 Trinitatis
1474 2344 1707 2398 persona
1759 2329 2079 2398 pulchritu-

499 2418 675 2473 dinem
704 2429 759 2473 et
790 2419 1044 2475 decorem
1079 2421 1554 2489 obstupescentes,
1584 2420 1909 2476 mirabiliter
1937 2437 2071 2476 con-

499 2513 811 2578 einuerunt,
865 2514 1252 2583 comprehensi
1308 2522 1437 2568 sunt
1486 2515 1539 2568 in
1597 2516 1848 2586 catalogo
1884 2531 2076 2585 supra-

499 2602 674 2672 posito
732 2620 763 2657 ιι
803 2620 996 2673 magno
1048 2604 1236 2667 Paulo,
1297 2613 1352 2660 et
1413 2606 1631 2675 quidem
1695 2606 1916 2662 nomine
1953 2608 2078 2660 vir—

499 2702 672 2748 tutum
705 2714 719 2747 :
751 2704 804 2749 et
830 2703 954 2750 ante
993 2711 1022 2749 a
1060 2697 1325 2767 propheta
1356 2695 1578 2758 Doride,
1613 2698 1706 2767 qui
1736 2699 1811 2751 ait
1851 2717 1864 2752 :
1900 2697 2075 2752 Bene-

499 2783 652 2838 dicite
696 2783 1003 2851 Dominum,
1042 2803 1218 2839 omnes
1255 2787 1469 2839 virtutes
1495 2787 1641 2855 ejus;
1684 2788 1913 2841 ministri
1941 2788 2095 2856 ejusr

499 2877 587 2945 qui
633 2875 810 2945 facitis
859 2879 1177 2930 voluntatem
1212 2876 1326 2945 ejus
1374 2877 1419 2908 ⁵⁸
1457 2897 1470 2933 :
1522 2878 1695 2932 Isaias
1740 2889 1918 2935 autem
1958 2880 2078 2935 loco

500 2966 649 3021 verbi
674 2966 992 3033 Benedicite,
1026 2968 1143 3037 ipsa
1168 2967 1567 3023 benedictionis
1613 2977 1672 3023 et
1702 2969 1888 3041 hymni
1920 2972 2080 3023 verba

502 3059 683 3127 posuit
718 3077 732 3113 :
770 3058 1021 3123 Sanctus,
1060 3058 1292 3115 Sanctus
1362 3058 1589 3115 Sanctus
1650 3059 1906 3114 Dominus
1944 3061 2081 3114 Deus

502 3147 739 3203 Sabaoth
782 3162 801 3201 :
854 3149 1011 3218 plena
1058 3158 1137 3203 est
1175 3152 1345 3204 omnis
1399 3158 1541 3203 terra
1596 3150 1768 3220 gloria
1819 3151 1933 3219 ejus
1989 3151 2078 3206 lu:

508 3239 797 3296 ministros
824 3256 955 3296 vero
981 3256 1105 3295 esse
1126 3240 1227 3295 has
1254 3240 1509 3305 virtutes,
1547 3240 1809 3295 facientes
1837 3241 2093 3294 volunta-

504 3339 611 3386 tem
645 3332 762 3397 Dei,
800 3350 895 3404 per
914 3345 1261 3403 peccatorum
1287 3333 1753 3393 emundationem.
1779 3332 2077 3387 secundum

503 3427 841 3483 voluntatem
879 3427 1170 3493 mittentis,
1203 3426 1271 3481 ab
1293 3442 1404 3480 uno
1452 3443 1516 3481 ex
1550 3426 1961 3496 seraphinorum
1991 3441 2079 3479 or-

2172 2057 2231 2110 τὸ
2264 2059 2320 2108 ὲν
2351 2056 2565 2127 ἑκάστῳ
2597 2056 2704 2111 τῶν
2732 2059 2790 2110 ὲν
2821 2060 2886 2127 τῇ
2928 2058 3116 2127 Τριάδι
3145 2056 3344 2119 κάλλος
3373 2056 3726 2128 καταπλησσό-

2175 2165 2344 2219 μενα.
2400 2147 2787 2218 θαυμαστικῶς
2844 2146 3171 2217 ἐξεϐόησαν·
3235 2147 3633 2220 περιείληπται
3662 2143 3743 2215 τῷ.

2172 2238 2457 2309 καταλόγῳ
2495 2238 2603 2293 τῶν
2636 2239 3137 2310 μνημνευθέντων,
3170 2242 3238 2311 τῇ
3276 2238 3607 2311 προσηγορίᾳ
3636 2236 3728 2290 τῶν

2173 2330 2453 2400 δυνάμεων
2472 2330 2838 2400 ὀνομασθέντα
2860 2332 3010 2401 παρὰ
3034 2348 3093 2384 τε
3115 2331 3209 2385 τοῦ
3239 2331 3478 2402 μεγάλου
3504 2328 3716 2388 Παύλου,

2175 2422 2269 2472 καὶ
2308 2421 2415 2491 πρὸ
2454 2420 2643 2472 τούτου
2692 2422 2841 2491 παρὰ
2885 2420 2979 2474 τοῦ
3043 2423 3324 2493 προφήτου
3364 2421 3549 2475 Δαθίδ·
3593 2422 3618 2473 ὁ
3648 2420 3745 2490 μὲν

2177 2511 2283 2581 γάρ
2319 2529 2481 2581 φησιν
2505 2528 2519 2542 ο
2553 2511 2871 2580 Εὐλογεῖτε
2916 2512 3022 2566 τὸν
3051 2514 3295 2580 Κύριον,
3336 2512 3525 2567 πᾶσαι
3560 2514 3613 2564 al
3648 2511 3732 2563 δυ·

2177 2596 2384 2664 νάμεις
2423 2597 2648 2661 αὐτού,
2686 2597 3018 2666 λειτουργοί
3067 2597 3290 2662 αὐτοῦ,
3344 2597 3643 2661 ποιοῦντες
3674 2593 3729 2647 τὸ

2179 2671 2409 2754 θέλημα
2441 2688 2647 2743 αὐτοῦ.
2696 2686 2756 2743 Ὀ
2786 2689 2842 2743 δὲ
2887 2689 3114 2751 Ἡσαΐας
3140 2690 3265 2742 ἀντὶ
3306 2689 3401 2741 τοῦ
3444 2680 3730 2757 eum?“

2180 2780 2374 2843 εἰπεῖν,
2404 2778 2474 2832 τὰ
2512 2781 2734 2851 ῥήματα
2761 2780 2861 2849 τῆς
2888 2780 3137 2849 εὐλογίας
3166 2780 3498 2852 ἀνέγραψεν,
3530 2779 3728 2846 Ἀγιος,

2183 2872 2416 2940 Ἄγιος,
2457 2872 2649 2941 Ἄγιος
2674 2873 2888 2939 Κύριος
2924 2871 3196 2926 Σαϐαὼθ·
3230 2871 3471 2939 πλήρης
3512 2867 3664 2924 πᾶσα
3697 2867 3729 2933 ἡ

2190 2961 2266 3031 γῆ
2295 2962 2408 3030 τῆς
2439 2962 2627 3031 δόξης
2658 2965 2872 3018 αὑτοῦ·
2920 2964 2981 3016 τὸ
3009 2964 3065 3017 δὲ
3102 2963 3447 3035 λειτουργοὺς
3485 2958 3613 3014 εἶναι
3646 2959 3749 3020 τὰς·

2182 3054 2437 3124 δυνάμεις
2468 3054 2669 3118 ταύτας
2715 3057 2971 3119 ποιούσας
3012 3056 3073 3108 τὸ
3103 3056 3319 3127 θέλημα
3352 3056 3445 3109 τοῦ
3472 3054 3630 3116 Θεοῦ,
3656 3052 3730 3104 διὰ

2182 3147 2282 3218 τῆς
2305 3146 2603 3217 γενομένης
2629 3147 2909 3219 ἁμαρτιῶν
2931 3146 3253 3219 καθάρσεως
3272 3147 3413 3202 κατὰ
3434 3146 3493 3199 τὸ
3514 3144 3749 3215 βούλημα

2185 3239 2297 3293 τοῦ.
2327 3239 2743 3302 ἀποστείλαντος
2769 3280 2782 3304 ,
2816 3242 2945 3311 παρ’
2981 3240 3099 3303 ἐνὸς
3138 3239 3247 3293 τῶν
3297 3240 3541 3311 Σεραφὶμ
3565 3233 3731 3307 ὑπῃνί-

2192 3334 2319 3399 ξατο
2339 3349 2352 3363 ’
2390 3332 2527 3403 αὕτη
2575 3332 2682 3403 γάρ
2711 3334 2857 3386 ἐστιν
2892 3334 2924 3403 ἡ
2957 3333 3272 3404 λειτουργία
3300 3332 3409 3386 τῶν
3440 3329 3749 3400 πνευμάτων-

2190 3425 2411 3486 τούτων,
2438 3425 2531 3476 ἐπὶ
2555 3426 2797 3496 σωτηρίᾳ
2836 3423 2943 3477 τῶν
2978 3422 3303 3495 σωζομένων
3328 3421 3701 3496 ἐκπέμπεσθαι.

503 3516 634 3572 dine
678 3518 1012 3573 insinuatum
1062 3527 1163 3576 est.
1212 3518 1327 3574 lloc
1367 3518 1514 3573 enim
1556 3526 1640 3573 est
1714 3518 2079 3573 ministerium
2122 3518 2315 3572 horum
2356 3518 2673 3588 spirituum,
2718 3517 2869 3571 mitti.
2888 3516 3144 3572 videlicet
3172 3516 3253 3571 ad
3280 3516 3507 3573 salutem
3565 3526 3745 3568 eorum-

503 3606 801 3662 curandam
840 3608 932 3676 qui
967 3607 1271 3663 salvantur.

580 3786 736 3855 Quod
772 3786 904 3840 mihi
958 3785 1408 3842 animadvertisse
1450 3787 1664 3843 videtur
1696 3787 1915 3842 divinus
1942 3790 2089 3857 Apo-

508 3882 704 3945 stolus,
753 3888 807 3935 et
842 3879 1177 3934 intellexisse
1208 3880 1455 3935 eamdem
1489 3897 1602 3934 rem
1650 3897 1679 3935 a
1708 3881 1923 3935 duohus
1956 3896 2082 3951 pro-

507 3971 688 4040 phetis
727 3968 961 4024 diversis
1000 3968 1469 4037 appellationibus
1510 3969 1831 4039 signiﬁcari,
1863 3980 2087 4039 accepta

502 4079 567 4118 cx
602 4064 688 4127 iis,
719 4078 838 4132 qua:
869 4062 1111 4115 omnium
1147 4067 1265 4115 erat
1300 4061 1603 4129 aptissima,
1636 4061 1957 4131 seraphinos
1983 4076 2079 4130 ap—

503 4156 725 4225 pellavit
768 4156 995 4210 virtutes
1025 4174 1037 4208 :
1076 4161 1133 4206 ut
1164 4153 1312 4207 nulla
1347 4152 1568 4207 occasio
1600 4153 1959 4224 syc0phantis
1990 4169 2079 4207 re-

506 4249 632 4301 licta
656 4247 748 4312 sit,
775 4246 1054 4301 assereudi
1084 4245 1347 4315 Spiritum
1378 4252 1630 4299 sanctum
1662 4245 1912 4299 relictum
1937 4260 2077 4310 esse,

508 4339 682 4394 instar
701 4338 896 4392 horum
921 4339 1176 4408 alicujus,
1200 4340 1250 4391 in
1277 4337 1469 4391 ordine
1487 4347 1879 4392 creaturarum.
1898 4336 2081 4393 Nomi-

511 4430 624 4483 nati
648 4430 791 4484 enim
826 4438 977 4495 sunt,
1006 4430 1197 4498 utjam
1221 4439 1501 4484 ostensum
1526 4438 1611 4483 est
1636 4448 1650 4495 ;
1674 4430 1761 4482 illa
1795 4444 1922 4483 vero
1943 4445 2080 4499 prae-

510 4522 669 4578 terita
701 4533 847 4585 sunt,
876 4521 1333 4592 quemadmodum
1360 4538 1423 4575 ex
1460 4522 1575 4590 ipsa
1603 4520 1845 4576 Paulinae
1872 4538 2084 4584 ,narra-

511 4614 677 4669 tionis
705 4615 847 4668 serie
873 4627 1209 4684 cognoscere
1234 4613 1382 4674 licet,
1415 4613 1506 4681 qui
1532 4627 1748 4665 omnem
1779 4622 2082 4666 creaturam

514 4721 745 4759 numero
775 4703 1145 4759 multitudinis
1175 4703 1405 4759 extulit:
1433 4719 1621 4757 eorum
1650 4719 1801 4764 vero,
1826 4719 1945 4773 qua:
1981 4704 2087 4757 sin-

515 4796 779 4863 gulariter
806 4796 1086 4861 dii-untur,
1112 4796 1463 4864 singulariter
1493 4812 1718 4864 quoque
1754 4796 2083 4863 mentionem

2255 3785 2331 3837 ’Ἃ
2370 3800 2455 3853 μοι
2502 3783 2651 3837 δοκεῖ
2692 3784 3030 3855 κατανοήσας
3058 3784 3085 3837 ό
3117 3783 3262 3847 θεῖος
3297 3779 3628 3844 Ἀπόστολος,
3652 3776 3729 3829 καὶ

2187 3875 2372 3945 μαθὼν
2401 3876 2481 3927 ὅτι
2504 3872 2566 3927 τὸ
2604 3874 2736 3926 αὐτὸ
2764 3876 2995 3946 πρᾶγμα
3030 3875 3180 3945 παρὰ
3208 3875 3319 3928 τῶν
3352 3874 3443 3927 δύο
3467 3867 3729 3942 προφητῶν

2185 3967 2242 4017 ὲν
2292 3964 2571 4036 διαφόροις
2609 3967 2732 4027 ταῖς
2785 3965 3181 4035 προσηγορίαις
3239 3965 3597 4035 σημαίνεται,
3644 3958 3730 4027 τὴν

2186 4056 2623 4126 γνωριμωτάτην
2653 4056 2761 4108 τῶν
2790 4057 2982 4124 φωνῶν
3013 4053 3392 4125 ἐκλεξάμενος,
3411 4052 3650 4121 δυνάμεις
3672 4046 3732 4099 τά

2186 4148 2437 4217 Σεραφὶμ
2460 4147 2761 4217 ὠνόμασεν,
2787 4147 2861 4210 ὡς
2890 4146 3156 4217 μηδεμίαν
3184 4145 3437 4217 ἀφορμὴν
3464 4146 3569 4205 τοῖς
3596 4154 3732 4193 συκο-

2187 4241 2412 4309 φάνταις
2434 4239 2852 4308 καταλελεῖφθαι
2885 4239 2977 4291 τοῦ
3014 4238 3154 4291 κατὰ
3175 4239 3233 4291 τὸ
3269 4241 3381 4292 ἴσον
3405 4235 3600 4290 τούτων
3632 4231 3743 4293 ἐνὸς

2187 4332 2279 4384 καὶ
2296 4332 2355 4383 τὸ
2380 4330 2603 4401 Πνεῦμα
2642 4330 2703 4382 τὸ
2734 4329 2886 4398 ἆγιον
2915 4332 2971 4383 ὲν
2993 4329 3072 4399 τῷ
3100 4329 3385 4400 καταλόγῳ
3412 4328 3505 4398 τῆς
3534 4323 3732 4380 κτίσεως

2187 4422 2825 4493 παραλελεῖφθαιλέγεινο
2849 4420 2917 4474 τὰ
2941 4421 3037 4491 μὲν
3068 4420 3398 4493 γὰρεῖρηται
3426 4417 3594 4478 καθὼς
3612 4415 3729 4466 ἀπο-

2186 4517 2472 4579 δέδεικται,
2504 4514 2572 4567 τὰ
2592 4515 2648 4568 δὲ
2678 4513 3034 4584 σεσιώπηται,
3055 4513 3231 4576 καθὼς
3250 4515 3395 4568 ἔστιν
3418 4513 3478 4564 ὲκ
3494 4508 3592 4562 τῶν
3618 4518 3728 4558 κατ-

2189 4608 2514 4678 ειλεγμένων
2554 4606 2659 4659 ὑπὸ
2693 4604 2785 4658 τοῦ
2819 4604 3032 4658 Παύλου
3071 4604 3281 4674 μαθεῖν,
3311 4602 3403 4657 τοῦ
3434 4602 3601 4653 πᾶσαν
3649 4593 3731 4663 μὲν

2193 4700 2567 4772 πληθυντικῶς
2608 4697 3126 4769 ἀναριθμησαμένου
3177 4697 3275 4767 τὴν
3315 4696 3517 4749 κτίσιν’
3563 4687 3658 4740 τῶν
3684 4682 3731 4735 δὲ

2197 4792 2495 4863 μοναδικῶς
2527 4791 2832 4861 λεγομένων
2859 4789 3053 4853 ἑνικῶς
3084 4788 3563 4861 μνημονεύσαντος.
3586 4776 3747 4831 Τοῦτο-

519 4881 683 4933 t'acit:
722 4879 827 4934 hoc
878 4879 1023 4933 enim
1060 4879 1346 4948 preprium
1387 4887 1470 4933 cst
1519 4878 1805 4937 Trinitatis
1851 4886 2075 4954 singula.

2194 4882 2301 4951 γὰρ
2325 4883 2453 4935 ἴδιον
2484 4881 2584 4952 τῆς
2610 4880 2769 4949 ἁγίας
2797 4880 3025 4952 Τριάδος
3052 4880 3170 4932 ἐστὶ
3193 4922 3206 4943 ,
3229 4880 3289 4932 τὸ
3316 4875 3555 4951 μοναχῶς
3591 4868 3729 4933 ἔξαγ’

520 4967 652 5021 riter
708 4964 1022 5029 enuntiari;
1081 4982 1227 5021 unus
1278 4965 1461 5033 Pater,
1508 4985 1647 5025 unus
1694 4969 1888 5038 Filius,
1950 4991 2075 5029 uuu:

2192 4973 2479 5042 γέλλεσθαι
2504 4989 2516 5001 ·
2555 4967 2633 5036 εἷς
2668 4972 2858 5041 Πατὴρ
2877 5012 2893 5037 ,
2923 4972 3016 5025 καὶ
3039 4965 3119 5034 εἷς
3153 4971 3300 5035 Υἱὸς,
3335 4970 3426 5025 καὶ
3452 4967 3505 5019 ἓν
3534 4958 3728 5027 Πνεῦμα

520 5058 757 5128 Spiritus
808 5068 1055 5114 sanctus.
1108 5062 1176 5113 At
1235 5062 1417 5115 omnia
1466 5065 1717 5133 superius
1748 5077 2066 5122 enumerata

2192 5065 2361 5133 ἆγιον.
2430 5062 2512 5117 Τὰ
2548 5062 2605 5117 δὲ
2642 5062 2908 5133 εἰρημένα
2955 5062 3131 5116 πάντα
3190 5062 3247 5113 ὲν
3288 5059 3475 5131 πλήθει
3517 5048 3728 5108 κατείλε-

519 5151 573 5203 in
627 5148 997 5205 multitudinis
1031 5167 1262 5206 numero
1298 5154 1568 5208 recensita
1621 5163 1751 5209 sunt
1783 5156 2072 5226 :Principa

2194 5132 2339 5219 κται,
2381 5154 2594 5224 Ἀρχαὶ,
2623 5132 2719 5208 καὶ
2756 5132 3065 5215 Ἔεουσίαι
3089 5194 3106 5217 ,
3133 5153 3226 5205 καὶ
3260 5150 3622 5219 Κυριότητες,
3651 5132 3729 5226 κᾷὶ

521 5250 624 5303 tus,
656 5250 962 5308 potestates,
997 5241 1387 5297 dominationes
1424 5251 1480 5298 ct
1507 5247 1769 5307 virtutes;
1814 5258 1874 5303 ut
1912 5252 2075 5304 nullus

2196 5245 2500 5316 Δυνάμεις,
2544 5246 2618 5310 ὡς
2669 5245 2939 5317 μηδεμίαν
2989 5244 3247 5315 παρέχειν
3280 5243 3522 5295 ὑπόνοιαν
3559 5224 3729 5317 Iosue"

519 5327 823 5397 praebeatur
870 5331 1188 5400 suspicandi
1224 5333 1395 5399 locus,
1429 5349 1590 5388 unam
1633 5340 1943 5409 quampiam
1977 5356 2071 5395 ren

2196 5314 2400 5392 τούτῶν
2443 5333 2583 5391 εἶναι
2636 5314 2821 5391 καὶντδ
2870 5333 3094 5405 Πνεῦμα
3144 5333 3329 5402 ἆγιον·
3377 5325 3506 5385 ἀλλὰ
3546 5314 3728 5409 Παῦλος

519 5433 585 5470 ex
624 5418 707 5471 his
754 5436 877 5473 esse
924 5421 1108 5475 itidem
1148 5422 1327 5492 ipsum
1375 5403 1924 5493 Spiritum—sanetum
1960 5447 2075 5487 :set

2203 5432 2300 5501 μὲν
2334 5431 2513 5500 σιωπᾷ
2538 5428 2607 5482 τὰ
2635 5429 2943 5499 ἀπόρρητα,
2982 5403 3077 5479 καὶ
3107 5424 3284 5487 καλῶς
3318 5421 3486 5474 ποιεῖ’
3517 5408 3611 5466 οἶδε
3634 5403 3729 5473 γὰρ

521 5505 727 5562 Paulus
782 5510 1000 5566 silentio
1056 5514 1296 5583 praeterit
1355 5514 1787 5586 inexplicabilia,
1848 5529 1901 5575 et
1958 5522 2075 5577 bent

2202 5523 2417 5578 ἀκούειν
2483 5524 2576 5590 μὲν
2634 5523 2689 5573 ἐν
2754 5518 3066 5588 παραδείσῳ
3123 5517 3190 5570 τὰ
3240 5518 3444 5590 ἄρρητα
3497 5506 3726 5579 ῥήματα’

593 5687 638 5715 ⁸³
664 5685 804 5740 Psal.
833 5705 925 5753 cu,
951 5690 1036 5744 2|.
1187 5696 1284 5750 lsa.
1324 5712 1398 5761 vt,
1436 5699 1485 5751 5.
