3920 6522
256 336 368 395 διο

253 454 545 524 φείδεσθαι
571 453 629 507 δὲ
658 455 759 525 τῆς
802 453 909 508 τῶν
961 451 1371 525 ἁνεκφωνήτων
1403 452 1814 525 ἐξαγορεύσεως
1840 491 1855 518 ,
1887 461 1934 516 Α
1962 453 2096 507 facit
2148 472 2160 507 :

253 549 391 601 ὅταν
440 548 573 619 περὶ
606 547 717 600 τῶν
749 547 1080 618 κατωτέρων
1110 548 1333 617 ποιῆται
1381 548 1472 601 τὸν
1498 548 1675 616 λόγον.

322 732 393 786 Οἱ
428 733 487 785 δὲ
528 733 631 803 τῆς
670 731 931 802 ἀληθείας
979 731 1265 803 πολέμιοι,
1308 733 1403 785 καὶ
1454 732 1569 786 τῶν
1599 733 1855 805 ἀρρήτων

247 826 652 895 κατατολμῶσι
673 865 687 888 ,
721 826 795 877 τὸν
813 826 1098 896 μεγαλεῖον
1130 824 1226 878 τοῦ
1258 825 1566 895 Πνεῦματος
1753 842 1853 877 τα·-

242 918 434 987 ττεινῷ
468 917 570 987 τῆς
605 917 837 980 κτίσεως
882 915 1337 988 καθυϐρίζοντες·
1367 916 1557 987 ὥσπερ
1581 922 1683 975 οὐκ
1715 918 1855 987 ἀκηη

240 1006 486 1071 κοότες,
537 1007 620 1059 ὅτι
652 1007 815 1069 αὐτὸς
866 1008 906 1059 ὁε
938 1006 1070 1069 Θεὸς
1107 1006 1315 1075 Λόγος,
1360 1006 1688 1078 παραδιδοὺς
1741 1010 1854 1070 τοῖς

241 1098 540 1169 μαθηταῖς
604 1098 665 1151 τὸ
706 1099 806 1168 τῆς
860 1099 1189 1168 θεογνωσίας
1242 1100 1560 1169 μυστήριον,
1599 1098 1669 1151 ἐν
1718 1099 1853 1150 ὀνό-

229 1204 391 1255 ματι
442 1188 708 1255 Πατρός,
767 1189 867 1243 καὶ
921 1190 1054 1243 Υἱοῦ
1082 1230 1096 1251 ,
1145 1189 1244 1243 καὶ
1286 1189 1459 1257 ἁγίου
1506 1188 1854 1256 Πνεύματος

230 1281 366 1341 τοῖς
430 1280 901 1350 ἁναγεννωμένοις
962 1278 1083 1333 εἷπε
1127 1280 1229 1352 τὴν
1288 1279 1433 1351 ζωὴν
1503 1278 1849 1350 συμπληροῦο

236 1369 421 1432 σθαι,
475 1372 573 1425 καὶ
623 1370 1021 1441 παραγίνεσθαι
1099 1372 1192 1425 καὶ
1254 1370 1345 1424 διὰ
1386 1371 1545 1423 τοῦτο
1591 1360 1854 1434 συντάξας

231 1462 322 1531 τῷ
352 1463 579 1534 Πατρὶ,
607 1463 702 1516 καὶ
732 1462 911 1533 ἐαυτῷ
929 1503 944 1526 ,
968 1463 1068 1534 τῆς
1104 1464 1233 1534 περὶ
1266 1464 1365 1533 τὴν
1394 1462 1572 1516 κτίσιν
1600 1463 1855 1526 ὑπονοίας

234 1555 301 1607 τὸ
340 1555 588 1625 Πνεῦμα
615 1554 900 1626 ἐχώρισεν,
935 1556 1011 1619 ὼς
1043 1552 1103 1620 ἐξ
1141 1556 1466 1626 ἀμφοτέρων
1497 1555 1693 1626 suat-26?]
1760 1555 1854 1608 καὶ

234 1646 589 1717 πρέπουσαν
618 1647 863 1715 γίνεσθαι
897 1648 1025 1720 περὶ
1055 1648 1220 1702 αὑτοῦ
1244 1649 1343 1721 τὴν
1386 1649 1683 1719 ὑπόληψινηο
1708 1651 1854 1704 Παύ-

232 1737 341 1791 λου
396 1740 501 1810 μὲν
537 1741 593 1794 ἐν
619 1743 685 1811 τῇ
732 1741 921 1813 μνήμῃ
952 1742 1051 1813 τῆς
1085 1742 1316 1804 κτίσεως
1344 1740 1440 1812 τὴν
1472 1744 1692 1813 μνήμην
1719 1744 1853 1795 ἀπορ

1400 334 1681 392 CONTRA
1714 333 2110 402 EUNOMIUM,
2150 335 2299 391 ΜΒ..
2323 334 2367 391 1.

3430 334 3536 391 350

2792 404 2809 425 θ

2213 454 2364 510 novit
2410 452 2553 508 enim
2588 451 2644 506 in
2694 449 2956 522 paradiso
3003 450 3196 506 audire
3237 446 3536 506 ineffabilia

1957 543 2145 604 verba.
2164 554 2217 600 et
2232 546 2506 604 abstinere
2521 546 2590 601 ab
2606 544 2798 601 iisdem
2815 543 3193 612 expromendis
3206 534 3259 597 et
3278 540 3541 610 eloquen-

1956 632 2065 697 dis,
2111 633 2332 701 quando
2367 634 2433 686 de
2464 632 2631 686 rebus
2663 630 2944 686 inferioris
2981 631 3319 687 conditionis
3348 628 3543 688 etsta-

1957 732 2048 780 tus
2088 721 2396 780 sermonem
2434 725 2691 778 instituit.
3400 782 3419 797 Ι

2027 818 2099 870 At
2145 817 2396 872 veritatis
2436 817 2741 872 adversarii
2808 817 2975 873 etiam
3019 816 3392 874 ineffabilibus
3429 833 3540 875 non

1956 910 2257 976 abstinent,
2310 910 2655 979 majestatem
2716 910 2956 981 Spiritus
3015 910 3206 964 humili
3278 918 3544 966 creatura:

1956 1004 2269 1059 conditione
2328 1005 2623 1070 violantes,
2672 1005 2830 1075 quasi
2883 1003 3057 1073 ignari
3112 1014 3298 1058 essent
3363 1004 3539 1072 ipsum

1962 1094 2202 1151 Verbum
2230 1096 2419 1158 Deum,
2443 1096 2666 1166 quando
2680 1096 2968 1165 discipulis
2992 1098 3313 1166 mysterium
3344 1097 3543 1151 divina:

1956 1188 2256 1259 agnitionis
2304 1188 2576 1253 tradebat,
2631 1189 2964 1252 asseruisse,
3009 1189 3065 1241 in
3104 1188 3313 1243 nomine
3360 1187 3542 1242 Patris

1955 1290 2005 1334 et
2045 1278 2179 1334 Filii
2224 1289 2273 1334 et
2323 1278 2561 1349 Spiritus
2625 1282 2797 1335 sancti
2851 1281 2931 1343 ⁸⁵,
2983 1280 3320 1350 regeneratis
3372 1282 3540 1334 vitam

1955 1369 2194 1425 conferri
2247 1378 2302 1425 et
2337 1372 2710 1426 consummari
2754 1390 2767 1426 :
2804 1386 2868 1425 ac
2900 1370 3129 1441 proinde
3164 1371 3289 1440 quia
3329 1386 3539 1435 secum,

1954 1466 2009 1513 et
2043 1473 2165 1513 cum
2213 1457 2375 1514 Patre
2410 1460 2679 1529 Spiritum
2728 1469 2980 1516 sanctum
3026 1462 3339 1530 conjunxit,
3384 1477 3541 1516 eum-

1954 1551 2079 1606 dem
2116 1566 2146 1604 a
2192 1566 2373 1606 rerum
2404 1561 2719 1608 creatarum
2748 1553 2942 1609 ordine
2971 1555 3171 1610 exemit
3207 1571 3221 1608 :
3272 1566 3329 1609 ut
3358 1569 3433 1609 ex.
3456 1554 3544 1610 his

1954 1642 2173 1698 duobus
2225 1643 2368 1700 locis
2423 1644 2570 1700 inter
2618 1661 2677 1702 se
2726 1648 3062 1717 comparatis
3116 1655 3434 1716 competens
3487 1654 3541 1700 et

1956 1733 2118 1805 digna
2159 1734 2227 1791 de
2263 1736 2470 1806 Spiritu
2508 1744 2704 1792 sancto
2737 1737 3074 1793 existimatio
3107 1739 3380 1795 exsistat:
3414 1754 3538 1793 cum

234 1798 627 1901 σιγήσαντος·
659 1798 761 1886 ’τοῦ
892 1798 1102 1904 Rudini)
1142 1834 1200 1885 ἐν
1237 1798 1311 1903 τῂ
1712 1832 1849 1897 ζωορ

1961 1826 2161 1882 Paulus
2204 1828 2258 1883 in
2288 1832 2704 1886 enumeratione
2745 1840 3123 1887 creaturarum
3156 1832 3276 1902 ejus
3312 1835 3541 1888 mentio—

234 1924 419 1978 ποιοῦ
450 1924 757 1995 δυνάμεως,
794 1924 855 1977 τὸ
894 1923 1118 1994 Πνεῦμα
1143 1924 1205 1977 τὸ
1233 1923 1387 1992 ἅγιον
1417 1925 1495 1995 τῷ
1525 1925 1700 1994 [Ia-cpi
1756 1926 1852 1979 καὶ

235 2014 440 2085 ἐαυτῷ
475 2014 942 2086 συναρμόσαντος.
997 2013 1182 2078 υῦτως
1212 2016 1344 2085 ἡμῖν
1392 2017 1420 2068 ὁ
1448 2015 1603 2084 λόγος
1640 2014 1727 2069 διὰ
1753 2019 1851 2085 τῆς

236 2107 425 2174 ἁγίας
476 2107 705 2177 Γραφῆς
758 2106 1119 2177 ὁδηγούμενος
1197 2108 1529 2179 ὑπερτίθησι
1590 2109 1691 2177 μὲν
1726 2110 1852 2179 τῆς

236 2200 499 2263 κτίσεως
539 2199 630 2252 τὸν
674 2200 982 2271 Μονογενῆ,
1031 2200 1124 2253 καὶ
1163 2200 1225 2254 τὸ
1272 2200 1495 2271 Πνεῦμα
1547 2201 1608 2254 τὸ
1655 2202 1846 2271 ἅγιον·

236 2292 407 2345 κατὰ
444 2292 505 2345 δὲ
535 2291 633 2361 τὴν
659 2290 750 2343 τοῦ
798 2292 1049 2362 Σωτῆρος
1090 2291 1382 2360 ἀπόφασιν,
1415 2294 1472 2346 ἐν
1509 2296 1573 2363 τῇ
1596 2295 1857 2366 ,μακαρίᾳ

236 2401 304 2437 τε
352 2384 458 2437 καὶ
496 2381 746 2453 ζωοποιῴ
769 2421 784 2445 ,
815 2383 908 2436 καὶ
938 2384 1179 2454 ἀκτίστῳ
1208 2384 1367 2453 φύσει
1392 2384 1614 2456 θεωρεῖν
1638 2385 1723 2441 διὰ
1765 2386 1863 2439 πίι

239 2493 437 2539 στεως
467 2475 818 2529 ὑποτίθεται·
841 2474 980 2527 ὥστε
1009 2475 1068 2527 τὸ
1099 2475 1221 2529 ἂνω.
1240 2478 1339 2546 τῆς
1361 2476 1609 2542 κτίσεως,
1635 2478 1728 2530 καὶ
1750 2476 1852 2547 τῆς

162 2620 163 2623 η
237 2567 693 2639 πρωτευούσης,
743 2568 838 2621 καὶ
874 2567 963 2621 διὰ
1000 2566 1219 2619 πάντων
1266 2568 1479 2629 τελείας
1524 2566 1743 2636 φύσεως
1793 2568 1850 2621 ἓν

237 2660 692 2730 πιστευόμενον,
742 2659 933 2729 μηδενὶ
972 2658 1192 2728 τρόπῳ,
1231 2658 1322 2711 τὸν
1361 2659 1461 2728 τῆς
1505 2657 1852 2723 ἐλαττώσεως

237 2751 667 2825 παραδέχεσθαι
700 2752 856 2819 λόγον
875 2766 888 2779 ·
919 2750 1021 2803 κᾶν
1052 2752 1080 2802 ὁ
1107 2751 1208 2820 τῆς
1239 2751 1505 2822 αἱρέσεως
1539 2752 1852 2823 προστάτης

238 2844 594 2913 περικόπτει
624 2842 688 2895 τὸ
717 2843 966 2913 ἀόριστον
1002 2844 1060 2895 ἐν
1081 2845 1148 2914 τῇ
1179 2842 1272 2895 τοῦ
1309 2843 1589 2906 ἐλάττονος
1617 2845 1849 2915 ἐπινοίᾳ,

235 2935 424 2988 οἱονεὶ
448 2934 779 2988 διακολοὸῶν
796 2935 892 2988 καὶ
918 2934 1219 2987 συστέλλων
1241 2936 1340 3005 τῆς
1360 2934 1509 2999 θείας
1531 2936 1720 2999 οὐσίας
1748 2935 1846 3006 τὴν

234 3027 579 3098 τελειότητα
625 3029 681 3079 ἐν
708 3026 821 3097 τῷ,
868 3026 929 3080 τὸ
960 3027 1145 3097 μεῖζον
1178 3028 1272 3081 καὶ
1315 3027 1376 3081 τὸ
1406 3027 1622 3081 ἔλαττον
1669 3028 1851 3091 αὐτοῖς

235 3117 572 3188 ἐνθεωρείν,
598 3115 943 3188 διορίζεσθαι.
1878 3164 1921 3221 c

321 3302 401 3356 Τί
429 3303 611 3356 τοίνυν
644 3300 965 3372 προστίθησι
982 3304 1047 3371 τῇ
1070 3300 1360 3374 ἀκολουθίᾳ
1398 3303 1505 3356 τῶν
1528 3302 1854 3375 εἰρημένων,

241 3396 655 3467 σκοπήσωμεν.
711 3384 863 3448 Μετὰ
902 3394 963 3446 τὸ
1006 3397 1203 3461 εἰπεῖν,
1262 3394 1334 3458 ἐξ
1368 3394 1659 3464 ἀνάγκης,
1688 3395 1859 3449 ἐλάτ-

237 3508 409 3554 τους
428 3504 498 3541 τε
522 3487 617 3540 καὶ
630 3484 866 3557 μείζους
899 3487 1005 3552 τὰς
1027 3489 1242 3552 οὐσίας
1261 3486 1489 3541 οἴεσθαι
1509 3487 1637 3541 δεῖν
1668 3483 1820 3542 εἷναι
1839 3504 1853 3519 ·

240 3580 355 3634 καὶ
385 3579 487 3643 τὰς
535 3578 631 3649 μὲν
683 3576 905 3648 πρώτην
940 3578 1156 3648 ἐπέχειν
1180 3577 1332 3642 τάξιν
1371 3578 1513 3631 κατά
1549 3594 1668 3631 τινα
1698 3577 1859 3648 μεγέ-

241 3674 395 3736 θους
422 3672 522 3725 καὶ¹
547 3670 701 3736 ἀξίας
730 3670 992 3741 διαφορὰν
1020 3672 1082 3723 ἐν
1125 3674 1191 3740 τῇ
1229 3673 1556 3742 προτιμήσει
1588 3671 1858 3742 τεταγμέ-

238 3785 357 3827 νας
375 3782 390 3795 ο
431 3766 534 3827 τὰς
560 3763 615 3816 δὲ
642 3763 917 3834 δευτέρας,
944 3763 1032 3816 διὰ
1059 3762 1118 3815 τὸ
1146 3762 1483 3832 ὑποϐεϐηκὺς
1514 3763 1613 3834 τῆς
1643 3764 1858 3832 φύσεώς

240 3877 311 3911 τε
379 3858 477 3910 καὶ
534 3856 634 3925 τῆς
679 3855 835 3922 ἀξίας
890 3856 1268 3925 ἀπεωσμένας,
1326 3855 1498 3908 ταῦτα
1542 3837 1853 3926 ἐπήγαῆενο

251 3945 429 4018 πρὸς
458 3946 763 4012 τοσαύτην
786 3946 951 4016 φησὶν
975 3945 1337 4010 ἐξικνεῖσθαι
1364 3946 1676 4015 διαφορὰν,
1707 3947 1858 4015 πρὸς

238 4041 510 4103 ὁπόσην
538 4036 615 4089 ἂν
636 4034 940 4102 ἐξικνῆται
964 4035 1037 4088 τὰ
1058 4035 1222 4105 ἔργα.
1259 4035 1414 4087 Ἐπεὶ
1441 4034 1597 4103 μηδέ
1619 4037 1859 4105 θεμιτὸν

237 4133 379 4199 τὴν
430 4129 626 4195 αὐτὴν
673 4128 979 4197 ἐνέργειαν
1010 4127 1202 4182 εἰπεῖν
1248 4132 1374 4181 καθ’
1408 4128 1488 4196 ἣν
1516 4128 1657 4195 τοὺς
1687 4128 1859 4198 ἀγγέ-

236 4230 415 4289 λους
433 4223 745 4290 ἐποίησεν,
777 4220 815 4290 ἢ
849 4220 991 4286 τοὺς
1011 4220 1270 4289 ἀστέρας
1312 4219 1413 4273 καὶ
1446 4221 1554 4275 τὸν
1574 4221 1855 4289 οίιρανὸν,

236 4320 284 4387 ἢ
318 4318 437 4372 τὸν
485 4316 819 4385 ἄνθρωπον.
862 4314 1015 4367 Ἀλλ’
1051 4312 1176 4379 ὅσῳ
1212 4313 1284 4367 τὰ
1332 4311 1475 4382 ἔργα
1511 4313 1631 4367 τῶν
1670 4315 1858 4385 ἔργων

236 4410 657 4479 πρεσϐύτερα,
680 4406 777 4461 καὶ
794 4405 1121 4476 τιμιώτερα,
1146 4407 1412 4471 τοσούτῳ
1438 4406 1538 4460 καὶ
1565 4406 1679 4477 τὴν
1697 4408 1859 4477 ἐνέρ-

1958 1935 2082 1976 nem
2132 1922 2341 1976 nullam
2377 1922 2606 1990 fecerit;
2643 1933 2697 1979 et
2727 1924 3012 1987 Dominus,
3049 1942 3171 1981 cum
3202 1926 3413 1979 vivil‘tca
3447 1926 3539 1979 illa

1957 2014 2391 2084 regenerationis
2430 2016 2596 2071 verba
2622 2015 2984 2081 describeret,
3018 2018 3270 2072 eumdem
3306 2016 3453 2071 Patri
3485 2024 3540 2071 ct

1958 2107 2062 2162 sibi
2110 2109 2405 2177 copularit.
2454 2108 2574 2174 Quo
2614 2108 2693 2172 lit,
2722 2116 2782 2162 ut
2824 2110 2986 2173 ratio,
3040 2109 3341 2179 Scripturae
3370 2125 3547 2165 sacras

1958 2202 2222 2271 auspiciis
2264 2211 2319 2256 et
2351 2201 2520 2257 ductu
2550 2202 2787 2265 directa,
2817 2218 2984 2273 supra
3012 2214 3279 2259 creatura:
3332 2217 3534 2265 sortem

1957 2294 2150 2350 evehat
2200 2293 2547 2363 Unigenitum
2599 2304 2654 2349 et
2703 2295 2966 2365 Spiritum
3010 2307 3284 2360 sanctum,
3337 2305 3392 2352 et
3446 2314 3534 2351 se-

1958 2386 2196 2441 cundum
2241 2385 2543 2441 Salvatoris
2569 2387 2909 2452 mandatum,
2947 2389 2999 2442 in
3050 2390 3206 2444 beata
3243 2390 3358 2450 illa,
3401 2391 3541 2444 vivi-

1958 2476 2201 2531 ﬁcatrice
2231 2485 2283 2531 et
2306 2477 2552 2531 increata
2588 2486 2785 2531 natura
2822 2479 2998 2547 ipsum
3038 2480 3140 2534 ﬁde
3176 2484 3538 2552 contemplari

1953 2567 2129 2637 jubet.
2180 2566 2369 2637 Itaque
2400 2567 2476 2630 id,
2515 2569 2659 2636 quod
2709 2569 2954 2624 creditur
2995 2587 3164 2625 unum
3207 2588 3271 2627 ex
3310 2574 3376 2629 iis
3421 2590 3545 2644 qua:

1959 2675 2125 2731 supra
2169 2670 2480 2714 creaturam
2528 2669 2680 2727 sunt,
2736 2668 3054 2732 natumque
3089 2666 3297 2733 prima),
3329 2675 3382 2720 et
3418 2682 3535 2720 om-

1958 2753 2121 2807 nibus
2148 2752 2392 2805 numeris
2424 2751 2709 2812 absolutae.
2744 2754 2894 2807 nullo
2933 2755 3098 2809 modo
3137 2756 3542 2813 imminutionis

1959 2844 2226 2898 rationem
2259 2843 2446 2898 subire
2499 2852 2677 2913 potest
2722 2864 2733 2898 :
2769 2846 2987 2901 etiamsi
3028 2847 3299 2905 haereseos
3351 2862 3544 2906 auctor

1958 2936 2418 2991 circumscribere
2456 2945 2510 2991 ct
2545 2939 2703 3008 quasi
2740 2941 3086 2997 circumdare
3112 2944 3239 2997 velit
3271 2945 3543 3000 infinitum

1959 3029 2189 3085 minoris
2238 3030 2518 3098 opinione,
2574 3032 2725 3086 velut
2778 3033 3043 3089 mutilans
3108 3042 3163 3088 et
3213 3038 3545 3094 contrahens

1958 3120 2156 3175 divina:
2201 3129 2412 3175 natura:
2462 3120 2887 3187 perfectionem;
2928 3124 3055 3179 dum
3101 3127 3224 3196 plus
3265 3135 3319 3183 et
3361 3130 3546 3186 minus

1959 3209 2011 3263 in
2058 3224 2121 3263 ea
2163 3210 2623 3265 considerandum
2673 3227 2797 3267 esse
2841 3212 3022 3267 docet.

2029 3302 2324 3358 Videamus
2353 3304 2517 3374 igitur
2543 3304 2673 3373 quid
2717 3305 2955 3374 amplius
2995 3304 3211 3370 afferat,
3239 3307 3369 3362 dum
3419 3324 3545 3364 ora-

1960 3394 2126 3449 tionis
2168 3410 2281 3449 suze
2323 3396 2524 3449 seriem
2563 3404 2849 3466 pertexere
2880 3396 3078 3466 pergit.
3126 3395 3264 3452 Cum
3308 3398 3543 3455 dixisset

1959 3501 2023 3540 ex
2060 3487 2368 3540 necessitate
2389 3485 2619 3555 quadam
2656 3489 2882 3542 minores
2916 3497 2964 3543 et
3014 3488 3246 3558 majores
3289 3490 3543 3545 substan-

1960 3573 2063 3626 tias
2105 3572 2490 3628 existimandus
2528 3590 2672 3637 esse;
2706 3584 2762 3628 et
2798 3577 2895 3629 bas
2925 3576 3147 3647 quidem
3184 3579 3419 3648 primum
3465 3593 3546 3637 te-

1960 3686 2092 3725 nere
2128 3673 2332 3733 locum,
2380 3671 2686 3726 secundum
2731 3673 3131 3741 magnitudinis
3174 3683 3229 3731 et
3255 3675 3544 3748 dignitatis

1959 3761 2347 3824 diil'erentiam,
2389 3761 2444 3815 in
2480 3762 2711 3816 honoris
2746 3764 3116 3833 praecellentia
3167 3766 3458 3823 ordinatas
3491 3774 3546 3823 et

1960 3848 2260 3920 dispositas
2296 3867 2310 3903 :
2345 3849 2444 3904 has
2491 3864 2623 3905 vero
2678 3851 3008 3918 secundum,
3057 3862 3285 3925 pr0pter
3330 3864 3545 3911 natura:

1960 3941 2275 3995 inferiorem
2323 3942 2717 4021 conditignem,
2771 3944 3161 4015 delectumque
3205 3947 3541 4018 dignitatis:

1959 4034 2074 4089 haec
2119 4033 2354 4102 subjecit
2388 4052 2400 4086 :
2435 4032 2607 4088 Tanto
2633 4035 2940 4090 discrimine
2980 4038 3116 4091 inter
3157 4054 3212 4092 se
3261 4038 3541 4107 dissidere,

1958 4134 2155 4194 quanto
2203 4124 2459 4178 dissident
2506 4126 2624 4193 ipsa
2656 4143 2834 4197 opera,
2879 4145 2998 4181 cum
3032 4128 3180 4197 nefas
3228 4130 3299 4183 sit
3349 4130 3542 4198 dicere,

1958 4218 2196 4273 eamdem
2218 4234 2330 4272 esse
2358 4219 2734 4286 operationem,
2771 4237 2877 4289 qua
2906 4220 3118 4289 angelos
3142 4221 3287 4290 fecit,
3314 4222 3394 4277 vel
3419 4226 3547 4279 stel-

1961 4310 2040 4364 las
2068 4320 2116 4363 et
2145 4309 2354 4372 caelum,
2390 4310 2464 4364 vel
2493 4311 2759 4365 hominem
2794 4326 2812 4364 :
2843 4311 2933 4365 sed
2958 4324 3159 4383 quanto
3183 4329 3340 4383 opera
3373 4317 3545 4384 operi-

1960 4401 2055 4455 bus
2085 4401 2459 4456 excellentiam
2499 4413 2547 4457 et
2580 4405 2959 4471 prwstantiora
3000 4415 3147 4473 sunt,
3195 4416 3245 4462 et
3279 4412 3539 4477 operatio-

234 4518 430 4573 γειαν
482 4500 592 4567 τῆς
632 4499 935 4570 ἐνεργείας
975 4497 1407 4565 ἀναϐεϐηκέναι
1465 4501 1611 4568 φαίη
1656 4500 1733 4554 ἄν
1765 4519 1854 4568 τις

1961 4510 2075 4546 nem
2123 4495 2416 4562 operationi
2464 4504 2730 4550 antestare
2764 4499 2950 4553 merito
2987 4501 3108 4571 quis
3146 4508 3541 4573 asseveraverit,

236 4596 393 4663 περὶ
431 4596 652 4648 τούτου
709 4592 1232 4661 διαϐεϐαιούμενος
1251 4608 1264 4621 °
1297 4590 1400 4645 ἅτε
1423 4590 1498 4659 δὴ
1519 4591 1638 4644 τῶν
1660 4590 1860 4646 αὐτῶν

233 4685 574 4757 ἐνεργειῶν
590 4686 703 4753 τὴν
717 4687 1050 4752 ταυτότητα
1064 4683 1182 4737 τῶν
1198 4685 1388 4753 ἔργων
1404 4684 1853 4750 ἀποτελουσῶν,

235 4779 355 4834 καὶ
398 4777 521 4831 τῶν
544 4776 1064 4847 παρηλλαῃιένων
1090 4776 1300 4846 ἔργων,
1352 4776 1856 4846 παρηλλαγμένας

233 4871 356 4926 καὶ
379 4872 489 4935 τὰς
510 4869 812 4939 ἐνεργείας
837 4870 1270 4939 ἐμφαινόντων.

320 4961 519 5015 Ταῦτα
570 4962 753 5014 τοίνυν
791 4960 905 5029 ἐγὼ
952 4960 1051 5032 μὲν
1081 4958 1471 5031 ὑπολαμϐάνω,
1513 4960 1647 5031 μηδὲ
1691 4961 1853 5015 αὑτὸν

235 5058 347 5110 τὸν
385 5053 713 5124 συγγραφέα.
739 5052 997 5106 δύνασθαι
1020 5053 1085 5106 ἂν
1106 5052 1353 5124 εὐπόρως
1373 5055 1569 5119 εἰπεῖν,
1595 5057 1625 5110 ὃ
1644 5071 1697 5107 τι
1724 5053 1855 5107 ποτὲ

236 5148 462 5215 νοήσας
532 5136 1143 5217 συνέγραψεν-ὀὕτως
1191 5145 1591 5200 ἁνατεθὸλωται
1643 5147 1708 5216 τῇ
1750 5145 1856 5198 ἰλύϊ

235 5242 361 5311 τῆς
423 5240 676 5310 φράσεως
728 5240 762 5309 ἡ
807 5238 1016 5293 διάνοια
1044 5239 1151 5292 τῶν
1178 5238 1507 5310 εἰρημένων,
1538 5237 1613 5301 ὡς
1653 5236 1855 5309 μηδένα

237 5336 318 5387 ἂν
380 5331 563 5384 snam
619 5329 859 5393 εὐκόλως
915 5332 980 5384 ἐν
1010 5329 1088 5402 τῷ
1133 5330 1381 5402 βορϐόρῳ
1416 5329 1517 5399 τῆς
1558 5330 1855 5401 ἑρμηνείας

240 5421 554 5492 δυνηθῆναι
581 5420 645 5474 τὸ
673 5420 942 5491 βούλημα.
979 5420 1053 5474 Τὸ
1083 5420 1209 5492 γὰρ,
1226 5419 1380 5488 πρὸς
1418 5419 1723 5486 τοσαύτην
1765 5419 1854 5483 ἐξ·

240 5534 309 5569 rx
321 5513 552 5568 νεῖσθαι
570 5513 887 5583 διαφορὰν,
913 5514 1063 5581 πρὸς
1084 5514 1324 5579 ὁπόσην
1352 5512 1430 5566 ἂν
1452 5511 1757 5580 ἐξικνῆται
1782 5512 1851 5566 τὰ

237 5606 635 5676 ἔργαμκοξίου
681 5605 827 5669 τινὸς
868 5606 1009 5660 κατὰ
1049 5604 1141 5659 τὸν
1189 5604 1387 5672 ἔξωθεν
1421 5603 1588 5674 μῦθον
1618 5604 1848 5673 ὑπονοή-

333 5784 378 5815 ⁸⁸
418 5780 606 5840 Μσιιι).
639 5798 831 5841 xxviii.
877 5784 962 5837 l9.

1956 4587 2047 4657 qui
2074 4586 2157 4655 pie
2187 4587 2251 4641 de
2273 4586 2369 4640 hoc
2392 4588 2625 4658 cogitare
2655 4589 2773 4643 velit
2805 4607 2823 4644 :
2845 4607 2960 4644 cum
2986 4594 3181 4649 eadem
3213 4601 3543 4667 operationes

1954 4679 2163 4733 eosdem
2219 4682 2379 4734 etiam
2438 4681 2652 4750 e/fectus
2699 4682 3035 4751 producant;
3073 4704 3292 4759 cumque
3338 4690 3543 4748 diuersa

1956 4788 2115 4842 opera
2143 4772 2381 4828 diversas
2420 4776 2580 4828 etiam
2608 4778 2940 4845 operationes
2961 4778 3337 4837 demonstrent.

2026 4952 2151 5009 Ilaec
2209 4969 2278 5007 ne
2334 4953 2515 5023 ipsum
2565 4953 2786 5025 quidem
2839 4966 3124 5013 auctorem
3178 4958 3540 5028 intelligentia

1955 5048 2198 5118 assequi,
2255 5056 2408 5102 certo
2464 5046 2596 5101 mihi
2666 5049 2992 5118 persuadeo,
3054 5050 3190 5106 adeo
3247 5051 3539 5105 verborum

1954 5143 2115 5213 quasi
2146 5156 2306 5198 emno
2332 5142 2605 5197 sententia
2644 5143 2825 5198 omnis
2856 5144 3142 5213 inquinata
3172 5152 3225 5199 et
3259 5145 3540 5200 sordidata

1954 5246 2059 5299 est,
2096 5247 2156 5290 ut
2204 5251 2364 5291 nemo
2395 5237 2488 5300 sit,
2518 5237 2609 5306 qui
2658 5237 2711 5289 in
2750 5235 2852 5291 hoc
2889 5237 3216 5293 elocutionis
3255 5253 3415 5293 (ια)ηο
3457 5241 3539 5293 di-

1958 5330 2173 5399 spicere
2223 5337 2392 5398 queat
2453 5343 2706 5398 quamam
2756 5327 2828 5382 sit
2874 5328 3127 5398 subjecta
3183 5329 3358 5385 notio.
3403 5331 3538 5385 Illud

1956 5422 2103 5478 enim
2134 5440 2148 5477 :
2185 5421 2357 5477 Tanto
2389 5420 2693 5476 discrimine
2720 5420 2939 5485 distare,
2963 5432 3161 5492 quanto
3192 5424 3396 5478 distant
3424 5426 3538 5494 ipsa
3570 5407 3581 5417 ’

1958 5532 2139 5584 opera,
2192 5515 2409 5570 videtur
2464 5529 2590 5569 esse
2647 5512 2914 5582 Apollinis
2973 5514 3263 5583 cujusdam
3316 5516 3540 5585 oblique

1955 5608 2328 5673 vaticinantis,
2384 5615 2440 5662 ut
2473 5614 2790 5661 exterarum
2840 5606 3064 5677 scriptis
3112 5608 3304 5676 fertur,
3339 5620 3395 5665 et
3449 5624 3539 5663 au-
