3920 6524
466 306 566 363 851

1710 299 1767 354 S.
1804 296 2131 355 GREGUBII
2152 301 2442 360 NYSSENI

3608 312 3708 367 352v

466 422 672 477 ditores
721 434 778 471 ιιι
840 416 1093 471 fraudem
1143 427 1198 473 et
1252 416 1627 488 deceptionem
1689 417 2046 488 ambiguitate

2151 436 2294 473 σειεν
2323 421 2389 475 ἀν
2422 438 2504 484 τις
2542 415 2682 473 εἶναι
2718 419 2849 491 πρὸς
2874 422 3088 491 ἀπάτην
3127 420 3229 476 τῶν
3256 421 3557 475 ἀκουόντων
3584 426 3703 496 φληι

464 510 806 583 gairulitatis
845 509 1108 565 inducere
1156 511 1409 565 volemis.
1445 507 1501 563 Si
1533 521 1665 563 vero
1694 522 1782 563 me
1821 508 1890 564 iis
1920 521 2042 578 quae

466 606 736 657 hactenus
776 601 1040 665 discussi,
1106 602 1471 663 insistentem,
1516 599 1893 669 conjecturam
1958 597 2046 652 fa-

466 709 591 749 cere
633 700 850 764 Oportet
885 694 952 749 de
1000 694 1091 755 iis,
1148 708 1272 763 quae
1306 692 1410 747 hoc
1453 692 1577 746 loco
1614 690 1847 747 subdole
1884 690 2053 760 texit,

464 784 571 839 hoc
600 782 856 839 videlicet
885 784 1002 837 vult
1044 797 1316 844 asserere,
1376 793 1582 839 tantam
1655 778 2042 850 operationuut

465 876 843 930 diversitatem
888 874 1235 930 statuendam
1281 888 1423 937 esse,
1460 881 1665 944 quanta
1695 873 1766 927 sit
1797 872 2041 943 ipsorum

466 983 689 1040 Operum
726 968 867 1022 inter
919 982 978 1020 se
1012 974 1200 1019 mutuo
1241 964 1571 1028 differentia.
1605 964 1676 1017 At
1708 964 1776 1018 de
1816 962 2046 1033 quibus-

465 1072 594 1109 natn
625 1057 888 1125 operibus
930 1056 1017 1111 hic
1061 1071 1370 1111 sermonem
1424 1056 1611 1119 faciat,
1646 1070 1753 1109 non
1788 1062 1875 1109 est
1912 1068 2048 1123 pro—

466 1148 604 1201 clive
633 1162 699 1202 ex
739 1148 901 1204 dictis
932 1148 1191 1219 colligere
1235 1166 1250 1205 :
1282 1149 1327 1204 si
1374 1150 1521 1202 enim
1560 1148 1802 1217 loquitur
1858 1146 1927 1202 de
1956 1161 2045 1202 re-

467 1239 592 1305 bus,
620 1256 743 1309 qua:
772 1241 827 1294 in
868 1251 1248 1295 creaturarum
1288 1240 1484 1297 ordine
1525 1240 1892 1304 collocantur,
1930 1254 2041 1293 non

468 1331 603 1385 satis
631 1332 885 1400 dispicio,
920 1334 1145 1407 quinam
1189 1334 1499 1387 cohaereant
1539 1333 1652 1388 haec
1686 1347 1810 1386 cum
1844 1346 2044 1402 praecev

467 1422 747 1477 dentibus.
793 1423 929 1483 Cum
968 1425 1114 1478 enim
1145 1425 1377 1494 qumstio
1407 1425 1479 1479 sit
1507 1425 1575 1478 de
1608 1424 1767 1480 Patre
1813 1431 1867 1478 et
1900 1424 2044 1477 Filio

465 1522 519 1567 et
551 1512 758 1584 Spiritu
793 1525 1007 1582 sancto,
1041 1531 1150 1572 non
1184 1526 1432 1587 apparet,
1461 1532 1567 1586 qua
1605 1518 1894 1571 occasione
1922 1516 2040 1571 dis-

466 1614 615 1659 serat
643 1606 711 1672 de
740 1614 907 1670 terra,
941 1623 1107 1676 aqua,
1139 1622 1284 1675 aere,
1323 1609 1467 1679 igne,
1506 1609 1935 1678 animaliumque
1956 1607 2043 1661 di-

465 1697 821 1754 versitatibus
848 1717 864 1761 ;
894 1699 1186 1771 verbisque
1205 1701 1465 1770 explicet,
1498 1708 1551 1755 et
1574 1700 1851 1755 describat
1874 1714 2039 1771 opera

2149 512 2507 581 ναφουμένου.
2535 512 2597 564 Εἰ
2618 511 2674 564 δὲ
2712 512 2817 581 χρὴ
2860 516 2971 575 τοῖς
3010 511 3503 583 προεξητασμένοις
3526 514 3704 585 ἑπόμες

2149 622 2236 660 νον
2266 606 2360 659 καὶ
2383 604 2489 658 τῶν
2512 605 2742 658 ἐνταῦθα
2782 604 2929 676 αὐτῷ
2961 604 3515 676 κατασκευαζομένων
3539 610 3708 676 στοχά-

2150 695 2369 758 σασθαι,
2432 695 2591 748 τοῦτό
2650 697 2818 758 ἐστιν,
2864 694 2893 745 ὂ
2932 692 3296 756 ἐνδείκνυται,
3358 696 3441 750 ὅτι
3470 694 3564 762 ὅση
3612 695 3705 748 τῶν

2147 785 2381 857 ἕργωνή
2424 786 2559 857 πρὸς
2602 781 2807 855 ἀλληλά
2851 787 2968 838 ἐστι
3002 783 3345 855 παραλλαγὴ,
3381 785 3605 855 τοσαύτη
3631 787 3710 840 καὶ

2146 877 2255 931 τῶν
2286 877 2575 949 ἐνεργειῶν
2621 878 2655 948 ἡ
2697 878 2928 949 διαφορά
2958 877 3093 948 πρὸς
3125 876 3361 947 ἀλλήλας
3394 877 3713 950 ἐπιγνωσθῇ-ι

2148 983 2318 1035 σεται,
2350 967 2485 1037 Περὶ
2520 966 2887 1029 τίνωντοίνυν
2919 965 3095 1038 ἔργων
3123 965 3358 1019 ἐνταῦθα
3385 970 3608 1020 ποιεῖται
3633 969 3712 1019 τὸν

2145 1058 2322 1125 λόγον,
2353 1059 2453 1121 ούκ
2504 1058 2650 1111 ἔστιν
2702 1060 2766 1119 ὲκ
2808 1057 2916 1111 τῶν
2950 1057 3252 1128 εἰρημένων
3302 1057 3502 1129 εὑρεῖν.
3532 1058 3590 1110 ΕΞ
3627 1059 3712 1129 μὲν

2144 1148 2254 1218 γὰρ
2274 1148 2403 1219 περὶ
2429 1148 2537 1201 τῶν
2566 1150 2624 1200 ἐν
2664 1151 2731 1218 τῇ
2777 1149 2952 1201 κτίσει
2991 1147 3150 1215 λέγει
3175 1147 3579 1217 θεωρουμένων,
3627 1148 3714 1200 οὐκ

2144 1237 2260 1299 οἶδα
2282 1241 2440 1296 ποίαν
2464 1241 2785 1295 ἀκολουθίαν
2812 1241 2922 1311 ἔχει
2950 1239 3122 1294 ταῦτα
3148 1240 3285 1311 πρὸς
3313 1240 3383 1293 τά
3400 1242 3708 1312 προάγοντα,

2142 1334 2256 1404 Τῆς
2285 1334 2393 1404 γὰρ
2421 1333 2700 1403 ζητήσεως
2719 1335 2848 1404 περὶ
2882 1332 3115 1404 Πατρίις,
3142 1333 3236 1385 καὶ
3262 1331 3417 1393 Υίοῦ,
3452 1332 3544 1384 καὶ
3571 1332 3709 1397 ἁγίου

2141 1424 2460 1495 Πνεύματος
2490 1424 2656 1495 οῦσης
2677 1465 2693 1491 ,
2758 1425 2882 1478 τίνα
2919 1424 3108 1496 καιρὸν
3135 1424 3248 1495 ἔχει
3282 1425 3408 1494 γῆν,
3446 1426 3536 1477 καὶ
3568 1424 3709 1494 ὕδωρ,

2140 1516 2235 1577 καὶ
2256 1518 2414 1588 ἀέρα,
2438 1517 2530 1571 καὶ
2574 1516 2705 1589 πῦρ,
2754 1517 2846 1570 καὶ
2874 1517 2975 1581 τὰς
3013 1516 3120 1572 τῶν
3152 1516 3307 1581 ζώων
3332 1517 3588 1588 διαφορὰς
3612 1534 3699 1584 φυ-

2145 1608 2431 1677 σιολογεῖν,
2478 1611 2576 1662 καὶ
2622 1608 2878 1676 διεξιέναι
2922 1608 3001 1680 τῷ
3050 1608 3229 1678 λόγῳ.
3274 1609 3371 1661 καὶ
3417 1608 3712 1677 διαγράφειν

2147 1697 2285 1769 ἔργα
2314 1698 2493 1769 ἔργων
2550 1698 2920 1770 πρεσϐύτερα,
2968 1698 3061 1752 καὶ
3106 1697 3432 1769 τιμιώτερα,
3464 1700 3554 1751 καὶ
3584 1699 3712 1767 ἐνέρ-

466 1789 724 1858 operibus
766 1790 1034 1861 dignitate
1062 1799 1118 1846 et
1165 1793 1490 1847 excellentia
1536 1794 1942 1861 praastantiora,
1996 1799 2046 1847 et

2151 1806 2307 1858 γεισιν
2345 1790 2625 1860 ἐνεργείας
2686 1789 3080 1861 ἀναϐεϐηκέναι
3120 1789 3301 1856 λέγειν
3340 1789 3572 1857 εὐλόγως
3610 1790 3711 1843 δια-

466 1896 630 1955 quam
679 1882 841 1936 etiam
879 1882 1201 1952 prudenter,
1249 1891 1303 1939 et
1347 1897 1472 1937 cum
1510 1884 1726 1938 ratione
1767 1884 2046 1953 operatio-

468 1989 591 2026 nem
622 1975 932 2043 operationi
956 1978 1286 2031 antecellere
1317 1984 1616 2031 asseveret.
1659 1977 1715 2030 Si
1757 1992 1888 2030 vero
1920 1976 2047 2030 uni-

466 2067 707 2136 genitum
731 2067 930 2121 Filium
954 2078 1008 2123 et
1033 2068 1300 2139 Spiritum
1321 2077 1569 2124 sanctum
1591 2070 1837 2123 nominat
1857 2084 2046 2139 Opera,

465 2172 736 2226 quasnam
767 2158 1005 2227 appellat
1040 2160 1419 2228 operationum
1450 2158 1811 2219 diﬂ‘erentias,
1845 2158 2049 2226 quibus

466 2263 633 2317 opera
668 2248 783 2302 haec
828 2248 1179 2303 eiiiciuntur?
1221 2249 1485 2315 Quaznam
1520 2250 1637 2304 ista:
1682 2251 1815 2319 ipsa:
1853 2264 2047 2317 opera-

464 2338 670 2401 tiones,
698 2353 822 2407 qua
858 2339 994 2394 alias
1026 2340 1379 2407 Operationes
1411 2340 1730 2409 praestantia
1761 2347 2050 2392 transcen-

466 2432 651 2486 dunt?
692 2430 879 2501 Neque
916 2433 1180 2501 explicat,
1214 2431 1477 2501 quidnam
1510 2431 1782 2501 intelligat
1824 2430 2050 2483 nomine

469 2527 904 2593 lt'attscensionis,
940 2540 1048 2595 qua
1078 2541 1186 2578 una
1222 2525 1473 2594 operatio
1504 2525 1732 2578 alteram
1767 2532 2051 2575 transcen-

466 2619 569 2680 dit,
615 2635 794 2689 neque
829 2619 1129 2689 quidquam
1180 2617 1250 2672 de
1293 2626 1489 2677 natura
1513 2617 1893 2687 operationtnn
1934 2622 2049 2668 tra-

466 2709 628 2773 didit,
664 2712 760 2766 sed
824 2711 1110 2780 hucusque
1154 2711 1293 2765 nihil
1329 2724 1497 2780 agens
1530 2710 1779 2764 oratione
1819 2721 2049 2777 proces-

466 2806 558 2869 sit,
596 2819 719 2859 cum
766 2820 943 2875 neque
993 2805 1331 2858 demonstret
1380 2818 1475 2857 eas
1521 2800 1828 2859 secundum
1868 2815 2048 2855 essen-

467 2898 599 2949 tiam
635 2912 791 2950 suam
839 2898 1165 2961 subsistere,
1203 2912 1383 2965 neque
1414 2895 1718 2949 voluntatis
1750 2892 2044 2962 quamdam

466 2991 762 3044 motionem
790 3006 887 3060 per
916 3006 976 3045 se
1012 3006 1119 3043 non
1154 2989 1545 3043 subsistentem
1578 3002 1723 3041 esse.
1762 2984 2045 3039 Sententia

465 3082 609 3135 enim
644 3097 859 3145 eorum,
887 3098 1009 3152 quas
1043 3081 1328 3142 disseruit,
1355 3081 1497 3145 inter
1530 3088 1821 3147 utramque
1851 3076 2042 3129 barum

467 3174 786 3241 opinionum
825 3174 1121 3238 ﬂuctuans,
1162 3182 1217 3226 et
1248 3172 1406 3242 quasi
1438 3172 1491 3224 in
1544 3170 1728 3225 medio
1753 3183 2042 3238 suspensa,

466 3264 533 3316 ad
571 3272 859 3333 utramque
891 3263 1307 3333 persuasionem
1338 3262 1590 3315 inclinat.

538 3355 704 3409 Addit
735 3370 887 3420 vero,
924 3354 1079 3409 nefas
1114 3369 1240 3409 esse
1273 3354 1612 3417 existimare,
1640 3350 1887 3407 eamdem
1927 3363 2052 3404 esse

464 3449 870 3519 operationem,
918 3463 1026 3518 qua
1087 3446 1311 3516 angelos
1361 3444 1515 3509 fecit,
1561 3446 1647 3498 vel
1702 3443 1917 3505 stellas,
1967 3439 2051 3495 vel

466 3543 719 3601 cwlutn,‘
747 3540 833 3594 vel
864 3540 1136 3593 homines.
1173 3537 1391 3592 Rursus
1432 3552 1537 3605 qua
1593 3537 1922 3591 necessitate
1963 3531 2047 3586 vel

467 3635 614 3690 serie
670 3633 1065 3703 disputationis
1122 3639 1379 3693 coactus,
1433 3631 1547 3684 bare
1601 3628 1883 3699 praedictis
1948 3626 2049 3679 ad-

465 3727 741 3796 iunxerit?
764 3724 874 3780 Nec
907 3725 1176 3794 intelligo,
1208 3722 1488 3793 quomodo
1528 3733 1651 3790 apte
1682 3719 2046 3775 conﬁciatur:

407 3862 414 3873 .
470 3819 697 3875 Tantum
730 3819 931 3873 distare
973 3836 1003 3871 a
1041 3836 1095 3871 se
1130 3817 1480 3884 operationes,
1517 3824 1713 3886 quanto
1743 3814 2050 3867 discrimine

466 3916 581 3983 ipsa
613 3928 771 3981 opera
813 3914 951 3965 inter
1000 3928 1054 3965 se
1096 3910 1381 3976 dissident,
1412 3926 1478 3964 ex
1516 3909 1618 3961 hoc
1658 3906 1801 3977 quod
1854 3905 2051 3975 probat

464 4021 577 4059 non
613 4019 806 4057 omnes
840 4001 1066 4057 eli'ectus
1104 4018 1169 4055 ex
1214 4001 1428 4065 eodem,
1487 3998 1583 4054 sed
1632 3998 1770 4051 alios
1809 4013 1871 4050 ex
1924 3996 2048 4049 aliis

464 4097 766 4150 exstitisse.
812 4092 948 4147 Nam
1003 4094 1227 4159 cmlum,
1272 4104 1326 4147 et
1370 4092 1643 4159 angelum,
1674 4098 1727 4142 et
1768 4089 2048 4152 stellas,et

466 4187 767 4251 hominem,
802 4195 856 4239 et
889 4186 1097 4249 omnia,
1133 4200 1255 4254 quae
1286 4185 1341 4237 in
1370 4183 1639 4237 creaturis
1665 4187 2045 4246 numerantur,

466 4278 632 4331 unius
674 4293 797 4332 esse
832 4292 1023 4347 opera,
1071 4290 1101 4329 a
1138 4277 1316 4331 sacris
1361 4274 1585 4328 Litteris
1615 4274 1793 4327 edocti
1831 4286 2044 4326 sumus.

466 4370 535 4423 At
563 4385 690 4425 vero
718 4370 823 4424 iste
855 4384 979 4423 cum
1024 4382 1125 4422 suo
1174 4369 1447 4437 dogmate,
1488 4371 1723 4419 conatur
1760 4361 2049 4417 ostendere

2154 1882 2461 1953 νοούμενον.
2519 1884 2583 1940 Εἰ
2625 1881 2681 1935 δὲ
2731 1882 2821 1935 τὸν
2845 1882 3125 1951 Μονογενῆ
3166 1881 3317 1944 Υἱὸν,
3363 1881 3459 1935 καὶ
3488 1880 3546 1934 τὸ
3578 1881 3710 1948 ἀγιον

2152 1974 2378 2044 Πνεῦμα
2402 1976 2795 2047 προσαγορεύει
2819 1974 2888 2028 τὰ
2917 1974 3073 2046 ἔργα,
3095 1975 3249 2039 τίνας
3278 1975 3429 2044 λέγει
3457 1974 3610 2027 πάλιν
3628 1972 3712 2034 τὰς

2150 2065 2258 2119 τῶν
2289 2066 2577 2137 ἐνεργειῶν
2603 2066 2883 2136 διαφορὰς,
2916 2066 2983 2119 δι’
3004 2060 3079 2120 ὧν
3111 2066 3179 2133 τά
3220 2065 3361 2135 ἔργα
3399 2065 3564 2132 ταῦτα
3590 2067 3706 2118 dm-

2150 2157 2419 2223 τελεῖται;.
2466 2156 2619 2221 Τίνες
2660 2158 2716 2212 δὲ
2762 2159 3010 2211 κάκεῖναι
3054 2153 3212 2212 αὗται
3244 2160 3302 2211 αἰ
3352 2158 3630 2229 ἐνέργειαι,
3663 2157 3709 2208 αἱ

2150 2250 2249 2313 τὰς
2278 2250 2557 2319 ἐνεργείας
2587 2250 3017 2317 ἁναϐαίνουσαις
3061 2250 3197 2304 Οὔτε
3237 2250 3348 2320 γάρ
3378 2248 3473 2318 τὴν
3525 2246 3711 2301 ἀνάϐα-

2150 2358 2255 2395 σιν
2297 2342 2363 2412 ἢν
2395 2341 2705 2407 ἀναϐαίνει,
2748 2341 2932 2405 καθώς
2972 2359 3135 2414 φησιν
3178 2341 3376 2405 αὐτὸς,
3412 2343 3445 2409 ἡ
3490 2340 3709 2409 ἐνέργεια

2148 2432 2247 2501 τὴν
2264 2432 2560 2502 ἐνέργειαν,
2583 2434 2611 2486 ὅ
2632 2451 2683 2485 τι
2706 2433 2836 2487 ποτὲ
2865 2435 2976 2487 νοεῖ
2999 2433 3348 2505 διεσάφησεν,
3377 2431 3497 2485 οὔτε
3525 2447 3573 2484 τι
3601 2428 3711 2500 περὶ

2149 2523 2249 2591 τῆς
2282 2524 2497 2592 φύσεως
2541 2526 2652 2579 τῶν
2697 2526 2988 2597 ἐνεργειῶν
3011 2525 3279 2596 διελέχθη,
3321 2525 3435 2579 ἀλλ’
3468 2526 3550 2577 ἐπ’
3581 2523 3710 2576 οῦδε-

2149 2614 2237 2677 νδς
2261 2617 2420 2686 μέχρι
2450 2617 2542 2670 τοῦ
2577 2620 2671 2671 νῦν
2699 2618 2927 2688 βέϐηκεν
2969 2620 2997 2671 ὁ
3018 2618 3173 2684 λόγος
3208 2618 3381 2688 αὐτῷ,
3417 2616 3537 2671 οὔτε
3562 2616 3616 2669 τὸ
3633 2616 3710 2669 ού-

2152 2708 2362 2772 σιωδῶς
2420 2710 2716 2778 ὑφεστάναι
2774 2709 3215 2775 κατασκευάζων,
3265 2710 3391 2765 οῦτε
3437 2707 3715 2779 θελήματὸςν

2146 2820 2269 2857 τινα
2309 2804 2521 2876 κίνησιν
2547 2804 2913 2858 ἀνυπόστατον
2941 2803 3370 2875 ἐνδεικνύμενος.
3393 2804 3468 2855 Δι’
3495 2801 3606 2854 ὅλου
3618 2798 3710 2869 γὰρ

2146 2897 2181 2965 ἡ
2220 2896 2423 2950 διάνοια
2470 2896 2574 2949 τῶν
2605 2897 2911 2967 εἰρημένων
2959 2897 3052 2949 ἐπὶ
3083 2896 3175 2949 τοῦ
3210 2896 3378 2965 μέσου
3405 2893 3509 2949 τῶν
3532 2891 3709 2958 ὑπολή-

2146 2989 2290 3059 ea.»
2314 2992 2550 3061 ῥιφεῖσα,
2584 2989 2716 3062 πρὸς
2745 2989 3009 3060 ἑκατέρας
3038 2989 3135 3053 τάς
3199 2989 3453 3051 ὑπονοίας
3482 2984 3710 3057 μεταρρί-

2148 3081 2382 3144 πίςεται.

2221 3355 2551 3427 Προστίθησι
2578 3355 2654 3421 δὲ,
2687 3356 2769 3409 ὅτι
2794 3355 2913 3409 οὐδὲ
2938 3355 3094 3425 θέμις
3132 3356 3231 3427 τὴν
3260 3356 3435 3424 αὐτὴν
3460 3352 3707 3423 ἐνέργειαν

2151 3449 2346 3509 εἰπεῖν,
2382 3448 2503 3500 καθ’
2534 3448 2600 3519 ἢν
2634 3448 2757 3510 τοὺς
2782 3447 3044 3515 ἀγγέλους
3076 3447 3401 3517 ἐποίησεν,ῆ
3435 3446 3554 3507 τοὺς
3577 3441 3708 3496 ἀστέ-

2155 3557 2271 3610 ρας,
2311 3542 2403 3593 καὶ
2422 3540 2512 3592 τὸν
2545 3539 2791 3611 οὐρανὸν,
2828 3539 2861 3609 ἢ
2891 3538 2981 3591 τὸν
3001 3538 3308 3609 ἄνθρωπον.
3342 3539 3505 3593 Πάλιν
3550 3526 3707 3584 ταῦτα

2151 3634 2217 3689 ὲκ
2245 3632 2402 3695 ποίας
2420 3631 2741 3702 ἀνάγκης,ἢ
2774 3629 3091 3694 ἀκολουθίας
3125 3634 3237 3693 τοῖς
3280 3630 3581 3703 εἰρημένοις
3621 3627 3705 3677 ὲπ-

2152 3724 2358 3794 ήγαγεν
2386 3722 2455 3793 ςῆ
2480 3724 2530 3776 τί
2563 3722 2762 3793 μᾶλλον
2795 3722 2884 3776 διὰ
2925 3722 3127 3776 τούτων
3149 3712 3706 3784 κατασκευάζεταωτδ,

2149 3815 2579 3883 Παρηλλάχθαι
2611 3816 2717 3881 τὰς
2764 3814 3065 3883 ἐνεργείας
3104 3814 3254 3867 κατὰ
3300 3815 3576 3874 τοσοῦτον
3610 3808 3703 3861 ἁλ-

2150 3910 2378 3972 λήλων,
2408 3907 2522 3973 ὅση
2556 3907 2653 3959 καὶ
2695 3906 2814 3959 τῶν
2839 3906 3027 3975 ἔργων
3055 3906 3226 3959 ἐστίν
3251 3906 3289 3972 ή
3321 3905 3467 3974 πρὸς
3489 3902 3704 3965 ἄλληλα

2148 3998 2422 4067 διαφορὰ,
2454 3998 2529 4067 τῷ
2554 3996 2627 4068 μὴ
2655 3996 2750 4050 τοῦ
2774 3996 2937 4051 αὑτοῦ
2961 3997 3246 4067 τυγχάνειν
3277 3998 3414 4068 ἔργα
3440 3995 3505 4047 τὰ
3530 3994 3699 4051 πάντα,

2151 4094 2265 4147 ἀλλ’
2298 4094 2459 4162 ἕτερα
2488 4092 2545 4157 ἐξ
2575 4091 2764 4162 ἑτέρου
2795 4089 3118 4160 γεγενῆσθαι
3146 4088 3579 4151 κατασκευάζειν,
3609 4082 3703 4149 ἐγὼ

2153 4186 2251 4256 μὲν
2276 4186 2338 4238 ού
2359 4183 2588 4255 συνορῶ.
2613 4184 2853 4253 Οὐρανὸν
2866 4182 2995 4253 γὰρ,
3019 4183 3111 4235 καὶ
3132 4182 3381 4249 ἄγγελον,
3400 4181 3489 4234 καὶ
3503 4177 3701 4243 ἀστέρα,

2148 4276 2243 4330 καὶ
2276 4276 2580 4346 ἄνθρωπον,
2610 4274 2703 4328 καὶ
2720 4274 2896 4326 πάντα
2917 4274 3016 4325 ὅσα
3038 4272 3185 4325 ἐστὶν
3202 4274 3259 4326 ἐν
3284 4274 3350 4343 τῇ
3378 4270 3543 4329 κτίσει
3571 4263 3701 4319 νοού-

2153 4385 2309 4439 μενα,
2340 4369 2456 4432 ἐνὸς
2494 4368 2633 4439 ἔργα
2665 4371 2735 4421 τὰ
2784 4370 2961 4423 πάντα
2990 4372 3139 4441 παρά
3182 4371 3279 4440 τῆς
3305 4369 3517 4443 Γραφῆς
3544 4380 3699 4436 μεμα-

466 4480 575 4518 non
608 4462 772 4515 unius
789 4474 953 4530 Opera
992 4473 1115 4512 esse
1152 4457 1347 4510 Filium
1378 4464 1432 4510 et
1464 4454 1724 4523 Spiritum
1752 4461 2044 4515 sanetum;

2152 4460 2420 4530 θήκαμεν.
2466 4460 2522 4513 '0
2578 4460 2634 4513 δὲ
2686 4461 2780 4514 τοῦ
2811 4462 3075 4531 δόγματος
3115 4462 3294 4523 αὐτῶν
3335 4454 3698 4518 κατασκευάζει

470 4556 565 4611 sed
598 4552 794 4607 Filium
833 4550 1052 4620 quidem
1090 4565 1214 4605 esse
1244 4565 1384 4619 opus
1418 4548 1777 4618 operationis,
1832 4560 1953 4615 qua:
1983 4559 2048 4597 ex

472 4648 645 4719 prima
680 4644 989 4699 substantia
1026 4651 1244 4705 manat;
1280 4640 1549 4710 Spiritum
1581 4647 1761 4693 autem
1795 4644 2047 4691 sanctum

469 4739 651 4809 operis
676 4736 839 4805 hujus
869 4735 1012 4789 aliud
1037 4750 1160 4789 esse
1197 4750 1357 4805 Opus.
1396 4734 1550 4787 Dicat
1592 4733 1761 4802 igitur
1792 4734 1931 4801 ipse,
1965 4728 2047 4783 vel

470 4836 513 4886 si
559 4831 683 4901 quis
731 4829 873 4883 alius
907 4827 1205 4883 reconditm
1259 4827 1409 4879 illius
1459 4825 1743 4894 sapientia:
1777 4823 2049 4891 particeps

469 4930 572 4986 est,
630 4936 793 4991 quam
837 4924 1056 4974 tandem
1111 4934 1236 4973 cum
1308 4919 1501 4971 borum
1556 4916 1858 4970 assertione
1916 4930 2052 4967 eon-

473 5017 759 5070 nexionem
780 5022 832 5067 et
856 5012 1299 5067 emnmunionem
1325 5011 1546 5075 habeat,
1564 5012 1762 5065 caelum
1783 5017 1837 5061 et
1860 5009 2045 5071 homo,

471 5110 697 5177 angelus
727 5114 781 5160 et
812 5107 1002 5167 stellas,
1037 5120 1158 5175 quae
1197 5104 1379 5158 omnia
1430 5104 1532 5158 iste
1574 5102 1641 5156 ad
1673 5102 2047 5171 probationem

470 5215 618 5255 nunc
667 5198 938 5253 assumit?
990 5198 1048 5251 ln
1107 5197 1194 5251 bis
1246 5197 1393 5251 enim
1446 5195 1741 5250 manifeste
1792 5194 2047 5262 impietas

471 5301 717 5363 apparet,
755 5300 808 5345 et
852 5305 950 5361 per
1005 5304 1065 5345 se
1113 5290 1411 5358 conspicua
1461 5297 1581 5355 est;
1638 5295 1692 5341 at
1750 5286 2048 5356 impietatis

470 5386 719 5454 probatio
748 5393 799 5438 et
826 5383 1118 5439 aﬂirmatio
1151 5382 1253 5438 sibi
1292 5383 1411 5452 ipsa
1450 5396 1679 5451 prorsus
1723 5386 1807 5434 est
1835 5377 2050 5433 dissen-

470 5484 649 5530 tanea.
682 5476 917 5531 Credere
948 5477 1094 5531 enim
1146 5475 1200 5530 in
1252 5475 1604 5530 sanctissima
1639 5471 1907 5525 Trinitate
1933 5480 2052 5524 tan-

471 5576 581 5619 tam
616 5583 737 5622 esse
762 5568 1162 5634 diversitatem,
1186 5576 1391 5638 quanta
1419 5563 1762 5634 conspicitur
1795 5564 1847 5618 in
1883 5569 2046 5626 cocto,

471 5659 618 5727 quod
650 5658 856 5713 ambitu
901 5675 1003 5713 suo
1031 5676 1250 5713 omnem
1299 5667 1607 5713 creaturam
1644 5657 2045 5726 complectitur,

472 5751 672 5816 collato
700 5767 821 5805 cutn
849 5752 1013 5806 unico
1046 5753 1287 5819 homine,
1320 5752 1557 5824 velcth
1592 5749 2043 5828 stellaoquapiant

2150 4552 2327 4620 λόγος,
2356 4554 2435 4605 ὅτι
2467 4554 2562 4623 ούχ
2592 4553 2707 4616 ἑνὸς
2739 4554 2872 4625 ἔργα
2902 4556 2929 4605 ὁ
2956 4554 3101 4619 Υἱὸς,
3134 4555 3224 4608 καὶ
3248 4556 3308 4608 τὸ
3337 4555 3549 4623 Πνεῦμα
3568 4567 3579 4579 ·
3601 4545 3698 4601 ἀλλ’

2149 4645 2176 4696 ὁ
2204 4645 2303 4716 μὲν
2342 4645 2468 4708 Υἱὸς
2500 4646 2598 4713 τῆς
2640 4646 3022 4717 παρεπομένης
3049 4649 3114 4717 τῇ
3152 4648 3342 4720 πρώτῃ
3387 4646 3535 4714 ούσίᾳ
3572 4644 3697 4707 ἐνερσ

2150 4737 2297 4807 γείας
2335 4738 2493 4809 ἔργον
2519 4738 2631 4790 ὲστί
2651 4755 2663 4768 ⁸
2696 4738 2756 4791 τὸ
2783 4739 2835 4792 δὲ
2862 4740 3082 4810 Πνεῦμα
3108 4740 3202 4792 τοῦ
3232 4740 3392 4810 ἔργου
3427 4737 3574 4789 πάλιν
3597 4732 3696 4783 ’ἐτεο

2152 4848 2244 4902 ρον
2286 4831 2465 4901 ἔργον.
2520 4831 2561 4882 Τ
2570 4832 2651 4883 ἱνα
2690 4829 2782 4885 οῦν
2825 4833 3106 4885 κοινωνίαν
3155 4833 3265 4903 ἔχει
3312 4832 3446 4903 πρὸς
3484 4828 3575 4897 τὴν
3600 4821 3699 4875 ἐκεῖ

2151 4923 2492 4993 κατασκευὴν
2522 4924 2767 4994 οὐρανὸς,
2819 4929 2911 4976 καὶ
2950 4924 3250 4993 ἄνθρωπος.
3291 4921 3514 4991 ἄγγελός
3542 4933 3595 4978 τε
3620 4909 3696 4965 καὶ

2152 5014 2327 5083 ἀστὴρ
2358 5014 2451 5066 νῦν
2491 5014 3046 5084 συμπαραληφθέντες
3079 5015 3183 5066 ὑπὸ
3218 5014 3310 5067 τοῦ
3339 5014 3511 5080 λόγου,
3557 5002 3695 5062 αὐτὸς

2152 5108 2377 5169 εἰπάτω,
2405 5108 2436 5178 ἢ
2465 5108 2516 5159 εί
2543 5125 2627 5170 τις
2657 5108 2756 5177 τῆς
2785 5096 3097 5179 ἀπορρήτου
3128 5107 3315 5174 σοφίας
3342 5103 3500 5159 αὑτοῦ
3531 5112 3697 5153 xmth-

2150 5200 2238 5263 νός
2263 5202 2439 5267 festiv;
2477 5202 2565 5254 Ἐν
2613 5201 2823 5263 τούτοις
2862 5201 2969 5269 γὰρ
3018 5200 3079 5252 τὸ
3129 5200 3227 5269 μὲν
3257 5199 3447 5260 ἀσεϐὲς
3476 5184 3695 5263 φανερῶς

2150 5294 2261 5354 τοῖς
2281 5293 2587 5363 εἰρημένοις
2615 5292 2910 5361 ἐμφέρεται
2936 5308 2948 5319 ·
2991 5291 3023 5360 ἡ
3048 5290 3104 5341 δὲ
3131 5292 3229 5359 τῆς
3266 5288 3508 5346 ἀσεϐείας
3544 5292 3690 5330 κατα-

2154 5383 2340 5454 σκευὴ,
2392 5383 2484 5435 καὶ
2555 5382 2688 5453 πρὸς
2733 5382 2932 5451 ἑαυτήν
2970 5382 3124 5433 ,ἐστιν
3151 5379 3489 5449 ἀσύμφωνος.
3519 5369 3584 5423 Τὸ
3609 5364 3693 5435 μὲν

2151 5474 2259 5544 γὰρ
2287 5473 2493 5526 οἴεσθαι
2548 5471 2814 5542 τοσαύτην
2859 5472 2916 5523 ὲν
2952 5473 3020 5540 τῇ
3077 5470 3208 5540 ἁγίᾳ.
3235 5468 3421 5541 Τριάδι
3459 5454 3692 5526 διαφορὰν

2153 5564 2491 5634 θεωρεῖσθαι,
2516 5564 2638 5616 ὅσον
2668 5563 2781 5616 ἐστί
2810 5562 3142 5632 κατανοῆσαι
3170 5559 3395 5632 ούρανοῦ
3416 5553 3503 5608 τοῦ
3537 5549 3690 5616 πᾶσαν

2151 5659 2249 5728 τὴν
2267 5633 2452 5711 κτίσιν
2470 5656 2951 5728 έμπεριειληφὸτος
2980 5656 3115 5727 πρὸς
3152 5654 3239 5707 τὸν
3280 5653 3372 5707 ἕνα
3404 5648 3477 5719 τῷ
3502 5633 3689 5713 ἀριθμῷ

2153 5750 2456 5821 ἄνθρωπον,
2481 5748 2515 5819 ἢ
2541 5750 2631 5803 τὺν
2662 5750 2717 5804 ἐν
2742 5747 2953 5820 ούρανῷ
2971 5748 3289 5819 φαινόμενον
3313 5742 3522 5813 ἀστέρα,
3552 5740 3684 5803 φανε“
