3920 6480
150 337 233 392 535

1261 320 1538 379 CONTRA
1577 318 1975 382 EUNOMIUM,
2015 312 2139 377 LIB.
2181 312 2222 377 ῐ.

3246 310 3351 372 558

153 452 228 520 ράν
276 443 364 515 τήν
410 439 658 495 ἀσέϐειαν
707 436 821 507 ἔχει
848 453 861 465 ·
897 435 958 490 τὸ
994 435 1050 489 δὲ
1095 436 1523 506 συντεταγμένον
1567 436 1674 488 τῶν

1785 451 1842 489 εχ
1886 434 1955 488 iis
1983 448 2104 503 quae
2153 432 2209 485 in
2258 428 2461 486 aethere
2513 427 2719 495 lucent,
2764 428 3111 501 perspicuam
3144 444 3256 500 prie
3290 442 3352 486 se

150 535 407 607 νυημάτων,
441 530 534 582 καὶ
565 527 853 581 ἀκόλουθον
881 527 979 596 τῆς
1008 527 1137 596 περὶ
1166 526 1296 579 αὐτὸ
1321 526 1479 579 τοῦτο
1513 543 1676 580 κατα·

151 628 341 694 σκευῆς,
386 620 533 674 τοῦτό
580 638 736 690 φημι,
789 619 927 689 μήτε
977 619 1121 687 ἐμοὶ,
1162 620 1299 689 μήτε
1352 618 1501 690 αὑτῷ
1534 618 1675 689 τάχα

148 723 192 775 τὸ
208 715 309 791 {ab}
328 716 487 783 πατρὶ
505 712 605 781 τῆς
617 710 962 781 βλασφημίας
982 709 1306 762 εὐσύνοπτον
1322 706 1477 765 εἶναι.
1495 710 1557 765 Εἰ
1577 711 1675 780 μὲν

147 815 229 880 γὰρ
250 807 453 860 τοιαῦτα
484 805 614 873 περὶ
642 805 737 874 τῆς
768 802 997 865 κτίσεως
1014 802 1307 870 ἐλογίζετο,
1342 804 1423 855 ὅτι
1450 804 1676 873 οὐρανὸς

148 907 223 975 μὲν
246 902 388 972 ¹ἔργον
421 900 571 951 ἐστὶν
618 896 1019 966 ὑπερκειμένης
1057 896 1204 958 τινὸς
1245 896 1543 967 ἐνεργείας,
1577 896 1677 966 τῆς

208 991 273 1058 τῷ
298 986 501 1058 οὐρανῷ
535 986 924 1055 παρεπομένης
961 986 1241 1054 ἐνεργείας
1271 986 1613 1056 ἀποτέλεσμα
1648 989 1678 1041 ὁ

146 1084 300 1154 ἀςτὴρ,
340 1080 544 1132 ἐκείνου
572 1079 626 1130 δὲ
656 1078 904 1146 ἄγγελος,
958 1077 1053 1131 καὶ
1082 1076 1291 1141 τούτου,
1316 1079 1343 1129 ὁ
1367 1077 1673 1148 ἄνθρωπος·

143 1175 253 1245 εἶχεν
281 1175 338 1227 ἄν
361 1189 412 1224 τι
452 1173 481 1223 ὁ
518 1171 679 1238 λόγος
716 1169 860 1240 αὑτῷ
882 1168 972 1223 διὰ
1001 1170 1099 1239 τῆς
1135 1169 1245 1223 τῶν
1273 1170 1470 1241 ὁμοίων
1499 1188 1679 1242 παρα-

145 1270 305 1328 θέσεως
327 1260 755 1326 κατασκευάζειν
777 1262 837 1314 τὸ
865 1261 1062 1331 δόγμα.
1106 1262 1168 1314 Ei
1192 1260 1248 1314 δὲ
1281 1262 1455 1316 ταῦτα
1485 1263 1582 1333 μὲν
1610 1263 1677 1316 δι’

144 1358 231 1419 ἑνὸς
291 1353 615 1423 γεγενῆσθαι
692 1353 785 1405 καὶ
832 1353 996 1415 αὐτὸς
1046 1352 1350 1406 συντίθεται
1403 1354 1563 1422 (εἴγε
1605 1354 1678 1424 μὴ

144 1446 374 1508 παντελῶς
396 1448 462 1515 τῇ
496 1446 609 1497 τῶν
640 1442 870 1514 Γραφῶν
893 1446 1041 1512 φωνῇ
1075 1443 1398 1513 διαμάχεται
1424 1445 1463 1515 ),
1494 1445 1593 1513 τῆς
1621 1445 1678 1497 δὲ

146 1540 322 1591 ἐκείνων
368 1534 723 1605 κατασκευῆς
800 1534 983 1604 ἕτερόν
1034 1551 1155 1588 τινα
1220 1535 1506 1605 διορίζεται
1561 1536 1680 1607 τρό-

145 1648 243 1685 πον’
272 1631 348 1692 τίς
384 1631 416 1699 ἡ
447 1629 708 1682 κοινωνία
745 1628 853 1681 τῶν
898 1628 1244 1698 ἐπαχθέντων
1284 1629 1419 1701 πρὸς
1447 1629 1514 1682 τά
1548 1645 1681 1700 προ-

146 1729 301 1794 άγοντι
318 1739 335 1789 ;
1713 1780 1756 1834 Β

193 1905 403 1960 Δεδόσθω
421 1904 481 1959 δέ
510 1922 569 1959 τι
596 1904 691 1959 καὶ
712 1904 889 1957 κοινὸν
915 1904 1060 1975 ἔχειν
1088 1904 1261 1959 ταῦτα
1291 1906 1425 1977 πρὸς
1468 1906 1683 1959 ἀπόδει-

146 2001 203 2064 ξιν
219 2001 301 2066 τῆς
323 1999 426 2051 τῶν
459 1997 669 2051 οὐσιῶν
712 1997 1066 2068 παραλλαγῆς
1091 2011 1108 2030 ·
1139 1998 1312 2051 ταῦτα
1349 1998 1458 2069 γάρ
1491 1998 1679 2051 ἐπιθυ-

148 2092 281 2161 μείδι’
302 2084 370 2144 ὧν
398 2089 552 2157 λέγει
582 2088 1012 2153 κατασκευάζειν
1036 2104 1049 2117 ·
1075 2088 1208 2141 ἀλλά
1228 2089 1296 2142 τὰ
1329 2089 1527 2159 ἐφεξῆς
1564 2089 1682 2152 πῶς

148 2184 393 2252 τδνήρτησε
426 2183 541 2243 τοῖς
569 2179 902 2250 εἰρημένοις,
939 2179 1280 2250 ἀκούσωμεν.
1318 2182 1498 2248 Ὂσῳ,
1523 2183 1678 2252 φησὶ,

147 2273 197 2326 τὰ
232 2272 355 2340 ἔργα
394 2268 514 2327 τῶν
555 2271 752 2338 ἔργων
790 2271 1163 2338 πρεσϐύτερα
1203 2271 1301 2325 καὶ
1354 2270 1677 2341 τιμιώτερα,

150 2366 357 2428 τοσούτῳ
382 2364 479 2419 καί
527 2362 652 2430 τὴν
678 2363 981 2432 ἐνέργειαν
1012 2362 1121 2431 τῆς
1149 2365 1449 2434 ἐνεργείας
1472 2366 1684 2419 ἀναϐε-

148 2456 335 2523 ϐηκέναι
356 2457 503 2525 φαίη
524 2455 613 2508 ἄν
629 2472 719 2518 τις
741 2454 1002 2521 εὐσεϐῶς
1030 2455 1473 2526 διανοούμενος.
1498 2458 1683 2513 Ταῦτα

151 2550 221 2617 μὲν
237 2549 276 2601 εξ
303 2549 391 2617 μὲν
413 2548 543 2617 περὶ
568 2545 683 2599 τῶν
708 2545 978 2616 αἰσθητῶν
1001 2545 1170 2614 λέγει,
1202 2548 1389 2619 πόρῤω
1415 2548 1521 2601 τῶν
1551 2566 1684 2621 προ·-

147 2638 355 2692 τεθέντων
388 2638 593 2692 ἐστὶνὸ
623 2637 812 2705 λόγος·
849 2638 931 2701 τίς
968 2638 1078 2710 γὰρ
1116 2640 1150 2708 ἡ
1180 2640 1390 2711 ἀνάγκη
1430 2641 1520 2693 τὸν
1552 2642 1683 2712 περὶ

147 2731 225 2782 τῶν
248 2731 510 2801 δογμάτων
538 2731 721 2782 εἰπεῖν
752 2746 807 2783 τι
828 2729 1181 2800 προθέμενον,
1210 2733 1336 2802 περὶ
1361 2734 1456 2801 τῆς
1478 2731 1685 2797 τάξεως

146 2823 225 2875 τῶν
248 2826 296 2875 ὲν
318 2827 377 2894 τῇ
411 2824 755 2894 κοσμογονίᾳ
792 2823 1300 2895 δημιουργηθέντων
1353 2827 1681 2896 φιλοσοφεῖν,

148 2916 575 2985 ιιὶὺᾲηλοτέρας.
629 2916 723 2967 καὶ
787 2914 1078 2985 ὑφειμένας
1122 2916 1221 2980 τὰς
1260 2917 1536 2987 ἐνεργείας
1588 2919 1682 2972 τοῦ

147 3008 379 3071 κτίσαντος
426 3007 571 3078 πρὸς
628 3007 787 3075 λόγον
829 3008 929 3077 τῆς
978 3009 1207 3062 ἑκάστου
1245 3009 1355 3062 τῶν
1385 3010 1685 3077 γεγονότων

149 3098 450 3168 πηλικότητος
471 3095 621 3151 εἶναι
652 3098 1106 3169 διισχυρίζεσθαις
1135 3101 1195 3154 Εἰ
1224 3100 1281 3152 δὲ
1306 3101 1432 3171 περὶ
1462 3101 1684 3154 ἐκείνων
1711 3124 1753 3182 c

150 3194 333 3243 ποιεῖται
362 3193 449 3244 τὸν
489 3192 678 3259 λόγον,
719 3193 809 3243 καὶ
864 3192 1001 3261 ἔργα
1040 3192 1215 3261 ἔργων
1256 3193 1601 3265 πρεσϐύτερά
1625 3212 1686 3247 τε

150 3282 218 3331 καὶ
263 3282 550 3353 τιμιώτερα
606 3281 752 3349 λέγει
789 3282 857 3333 τὰ
885 3282 1281 3337 διαπλασθέντα
1331 3287 1459 3355 παρ’
1494 3285 1685 3350 αὑτοῦ,

151 3370 219 3423 νΞν
243 3374 289 3424 ἐν
308 3374 378 3443 τῷ
397 3374 655 3443 δόγματι,
676 3374 817 3426 τοῦτ’
841 3374 954 3426 ἐστι
979 3374 1069 3427 τὸν
1093 3375 1239 3437 Υἰδν,
1267 3376 1359 3428 καὶ
1389 3376 1449 3429 τὸ
1466 3377 1688 3447 Πνεῦμα

150 3464 194 3514 τὸ
218 3465 367 3530 ᾰγιον,
395 3468 538 3535 τάχα
574 3464 755 3527 καλῶς
800 3464 931 3535 ἔχει,
978 3470 1152 3537 σιωπῇ
1186 3468 1384 3537 μᾶλλον
1423 3470 1513 3521 τὸν
1534 3469 1687 3537 λόγον

152 3555 472 3621 βδελύξασθαι,
524 3558 561 3627 ἢ
587 3556 674 3610 διὰ
703 3556 795 3609 τοῦ
819 3558 1199 3629 συμπλακῆναι
1228 3560 1287 3611 τὸ
1305 3560 1479 3613 δοκεῖν
1502 3562 1685 3624 αὑτὸν,

152 3648 221 3698 καὶ
243 3648 380 3715 λόγον
407 3644 550 3702 εἶναι
578 3649 1003 3701 κατασκευάσαι.
1050 3650 1173 3712 Πῶς
1203 3650 1310 3719 γὰρ
1341 3651 1407 3704 ἂν
1439 3652 1685 3723 εὑρεθείη

150 3741 517 3810 προτιμότερον,
555 3733 715 3802 ὲνοῖς
753 3742 851 3792 οὑκ
882 3740 996 3792 ἔστι
1029 3742 1089 3792 τὸ
1124 3743 1469 3813 ἁτιμότερον;
1501 3745 1560 3797 Et
1588 3745 1687 3815 μὲν

150 3830 229 3900 γὰρ
270 3833 419 3904 μέχρι
470 3833 667 3886 τούτου
713 3835 780 3903 τῇ
820 3832 955 3903 πρὸς
999 3832 1060 3885 τὸ
1098 3834 1265 3887 κακὸν
1306 3834 1545 3905 εὐκολία,
1595 3838 1689 3889 καὶ

153 3926 407 3996 ὲτοιμότητι
449 3928 723 3999 πρόεισιν,
754 3926 891 3981 ὥστε
938 3928 1031 3981 τοῦ
1087 3928 1433 3997 ἀτιμοτέρου
1468 3931 1561 3983 καὶ
1588 3932 1687 4001 τὴν

150 4016 290 4087 φωνὴν
312 4020 398 4073 καὶ
421 4021 520 4089 τὴν
536 4019 746 4072 ἔννοιαν
768 4018 856 4072 ἐπί
882 4037 1021 4083 τινος
1048 4023 1154 4074 τῶν
1177 4023 1232 4074 ἐν
1253 4025 1316 4092 τῇ
1353 4024 1477 4094 ἁγία
1498 4026 1685 4094 Τριάδι

146 4104 599 4179 ὁιαπιστευομένων
644 4111 957 4181 ὑπονοῆσαι,
990 4110 1147 4179 βῦσαι
1190 4112 1256 4165 τὰ
1280 4107 1395 4167 ὦτα
1422 4117 1685 4186 προσήκει

148 4198 217 4249 καὶ
258 4203 454 4269 φυγεῖν,
508 4203 612 4270 ὅση
661 4201 908 4271 δύναμις,
959 4202 1067 4254 ἀπὸ
1111 4204 1280 4275 ἀκοῆς
1311 4209 1580 4277 πονηρᾶς’
1611 4207 1686 4271 ὡς

148 4288 198 4339 ἂν
227 4293 287 4362 μὴ
308 4295 559 4347 κοινωνία
594 4310 678 4357 τις
730 4295 821 4347 τοῦ
850 4295 1154 4366 μιάσματος
1185 4297 1391 4364 γένοιτο
1419 4298 1494 4368 τῷ
1527 4298 1686 4352 ἀκού·

147 4396 257 4435 οντι·
287 4385 532 4459 καθάπερ
564 4387 623 4453 ἐξ
651 4387 873 4455 ἀγγείου
905 4389 1048 4451 τινὸς
1074 4389 1313 4460 πλήρους
1346 4390 1684 4461 ἀκαθαρσίας

149 4474 209 4535 εἰς
242 4474 328 4547 τὴν
368 4478 475 4530 τῶν
522 4478 830 4532 ἀκουόντων
878 4479 1104 4550 καρδίαν
1131 4481 1530 4552 μεταχεομὲνου
1582 4482 1675 4536 τοῦ
1709 4480 1753 4535 D

146 4560 288 4631 λόγον.

197 4745 303 4809 Πῶς
330 4750 435 4819 γὰρ
465 4749 530 4802 ἄν
552 4767 636 4813 τις
665 4751 755 4801 ἐπὶ
784 4751 882 4821 τῆς
912 4751 1060 4815 θείας
1082 4770 1141 4804 τε
1162 4755 1255 4807 καὶ
1283 4754 1683 4827 ὑπερκειμένης

149 4835 320 4903 φύσεως
358 4844 531 4893 εἰπεῖν
578 4860 629 4894 τι
682 4842 890 4895 τοιοῦτο
940 4845 1258 4916 τολμήσειε,
1289 4848 1353 4899 δι’
1396 4842 1455 4900 οὗ
1482 4849 1541 4901 τὸ
1569 4851 1686 4901 ἀτι-

151 4927 334 5001 μότερον
398 4934 766 5004 συγκριτικῶς
818 4934 922 4986 ὑπὸ
969 4934 1124 5005 λόγου
1186 4938 1680 5003 κατασκευάζεταις

148 5018 248 5074 'b‘a
267 5024 504 5091 πάντες,
537 5027 692 5096 φησὶ,
719 5026 928 5095 τιμῶσι
956 5028 1062 5082 τὸν
1091 5030 1243 5095 Υἱόν,
1270 5030 1460 5098 καθὼς
1474 5033 1685 5101 τιμῶσι

146 5110 226 5164 τὸν
250 5117 490 5184 Πατέρα.
538 5116 648 5188 Τῆς
682 5114 773 5172 οὖν
805 5123 989 5192 φωνῆς
1023 5123 1222 5193 ταύτης
1250 5124 1308 5177 τὸ
1336 5119 1451 5178 ἶσον
1478 5128 1574 5196 τῆς
1606 5144 1684 5179 τι-

150 5205 227 5291 μῆς
248 5208 629 5280 νομοθετούσης
658 5227 673 5243 ’
728 5212 889 5283 νόμος
934 5215 1041 5283 γάρ
1086 5218 1230 5269 ἐστιν
1269 5218 1301 5288 ἡ
1336 5216 1454 5270 θεία
1496 5220 1679 5291 φωνή’

147 5288 267 5362 οὗτος
295 5305 496 5357 καὶτὸν
531 5307 693 5377 νόμον
724 5307 815 5359 καὶ
848 5306 937 5358 τὸν
970 5307 1262 5377 νομοθέτην
1309 5308 1469 5362 αὑτὸν
1507 5288 1685 5379 παρα-

149 5394 376 5461 γράφεται
404 5440 417 5463 ,
444 5399 537 5450 καὶ
559 5399 637 5469 τῷ
674 5400 772 5470 μὲν
814 5400 1054 5463 πλείονα,
1085 5400 1162 5471 τῷ
1213 5401 1269 5454 δὲ
1303 5402 1559 5455 ἐλάττονα
1588 5402 1685 5473 τὴν

146 5486 276 5554 τιμὴν
302 5489 561 5556 διανέμει,
586 5493 688 5544 οὑκ
741 5488 857 5545 οἶδα
884 5492 1030 5556 ὅπως
1056 5494 1125 5547 τὰ
1154 5492 1327 5565 μέτρα
1350 5493 1441 5546 τοῦ
1464 5493 1686 5547 πλεονά-

149 5572 295 5642 ζοντος
320 5584 415 5650 τῆς
464 5584 627 5654 τιμῆς
667 5584 995 5656 ἐξευρίσκων
1019 5604 1031 5618 ο
1058 5586 1151 5639 ἐπὶ
1193 5586 1291 5657 μὲν
1320 5586 1426 5657 γάρ
1457 5588 1557 5657 τῆς
1586 5587 1678 5641 ἀν-

201 5777 239 5807 ¹⁶
273 5774 423 5835 hau.
451 5797 502 5842 ν,
529 5779 615 5837 25η.

1780 526 1886 581 fert
1931 526 2293 595 impietatem;
2347 523 2745 578 connexionem
2780 538 2910 578 vero
2961 523 3351 593 disputationis

1778 627 1832 672 et
1867 617 2115 673 ordinem
2148 617 2553 688 probationum,
2587 615 2655 671 ad
2683 615 2784 669 hoc
2812 616 2989 684 ipsum
3017 616 3351 670 concluden-

1778 708 1907 762 dum
1958 715 2013 764 et
2062 706 2575 769 demonstrandum,
2623 706 2709 759 aio
2758 720 2937 774 neque
2978 705 3132 769 mihi,
3176 720 3353 775 neque

1779 799 2035 857 fortassis
2068 800 2170 870 ipsi
2206 800 2503 870 impietatis
2542 799 2754 869 parenti
2792 799 2925 853 satis
2952 798 3180 868 liquere.
3214 796 3350 851 Nam

1780 896 1827 948 si
1877 895 1951 948 ita
1984 894 2053 947 de
2098 895 2264 948 rebus
2305 893 2507 947 creatis
2539 892 2844 955 statuisset,
2894 892 3095 945 omium
3130 890 3352 960 quidem

1780 1002 1919 1056 opus
1961 1000 2086 1040 esse
2112 999 2380 1053 suprema:
2409 983 2699 1053 cujusdam
2735 981 3071 1051 operationis
3095 1020 3109 1044 ,
3141 980 3351 1034 stellam

1780 1095 1909 1133 vero
1938 1078 2272 1148 operationis
2304 1077 2444 1146 ejus,
2482 1091 2605 1146 qua:
2631 1084 2885 1131 naturam
2911 1075 3039 1129 caeli
3070 1074 3354 1141 sequitur,

1780 1172 1949 1241 hujus
1990 1182 2172 1225 autem
2216 1170 2495 1240 angelum,
2519 1180 2567 1223 et
2602 1168 2767 1237 hujus
2795 1166 3072 1222 hominem
3101 1184 3115 1221 :
3149 1165 3351 1235 potuis-

1782 1274 1865 1320 set
1899 1265 2155 1319 fortassis
2184 1264 2362 1318 oratio
2384 1263 2505 1331 ejus
2535 1262 2742 1331 aliquid
2779 1261 3032 1316 evincere
3066 1275 3161 1328 per
3201 1259 3357 1314 simi-

1783 1359 1915 1412 lium
1948 1359 2109 1412 allata
2139 1365 2480 1427 argumenta.
2530 1356 2586 1409 Si
2627 1363 2807 1409 autem
2850 1355 2964 1407 haec
2990 1352 3174 1407 omnia
3205 1350 3354 1421 ipse-

1784 1459 1894 1503 met
1925 1450 1992 1503 ab
2040 1464 2151 1503 uno
2186 1448 2376 1504 effecta
2409 1448 2610 1502 fatetur
2634 1447 2764 1511 (nisi
2804 1445 3029 1500 omnino
3069 1456 3355 1498 sacrarum

1783 1539 2116 1595 Litterarum
2165 1542 2407 1595 oraculis
2444 1539 2830 1595 contradicere
2860 1538 3034 1605 velit),
3084 1545 3139 1590 et
3173 1544 3356 1590 tamen

1757 1618 2095 1687 'eil'ectionis
2122 1649 2305 1687 rerum
2340 1634 2553 1687 illarum
2603 1633 2769 1685 alium
2798 1629 3091 1701 quemdam
3130 1628 3356 1683 modum

1786 1725 2108 1787 introducit,
2143 1741 2252 1779 non
2292 1734 2516 1795 apparet
2558 1722 2833 1795 quomodo
2860 1722 2975 1776 haec
3000 1736 3123 1776 cum
3154 1735 3357 1791 praece-

1782 1819 2040 1872 dentibus
2076 1819 2410 1875 cohaereant.

1855 1911 1960 1965 Sed
1995 1910 2259 1965 faciamus
2300 1911 2414 1964 base
2447 1918 2573 1981 apta
2603 1926 2726 1966 esse
2775 1909 2843 1965 ad
2876 1909 3359 1966 demonstrandam

1781 2000 2145 2054 diversitatem
2199 2001 2675 2055 substantiarum:
2721 2002 2823 2055 hoc
2896 2000 3040 2054 enim
3108 2001 3361 2055 obtinere“

1781 2091 1972 2161 cupit:
2023 2101 2260 2147 attamen
2320 2092 2593 2163 quomodo
2626 2108 2745 2162 quae
2781 2100 3083 2161 sequuntur
3120 2108 3243 2147 cum
3288 2091 3358 2146 iis

1783 2196 1903 2249 mia:
1966 2196 2129 2251 supra
2187 2181 2475 2245 disseruit,
2527 2198 2775 2238 connexa
2826 2184 2979 2247 sint,
3045 2184 3354 2238 audiamus.

1784 2272 1995 2337 Quanto
2022 2274 2184 2344 igitur
2221 2288 2380 2342 opera
2431 2274 2671 2343 operibus
2702 2275 2947 2346 digniora
3001 2284 3051 2329 et
3095 2284 3359 2347 prastan-

1782 2366 1921 2417 tiara
1959 2374 2101 2427 sunt,
2139 2374 2286 2418 tanto
2339 2366 2500 2419 etiam
2544 2366 2901 2431 operationem
2939 2363 3006 2419 ab
3058 2365 3359 2433 operatione

1783 2460 2019 2525 superari
2040 2459 2209 2511 omnis
2236 2457 2328 2512 ille
2349 2474 2453 2512 non
2479 2468 2693 2528 gravate
2722 2458 2892 2521 dabit,
2922 2459 3013 2528 qui
3042 2460 3128 2528 pie
3174 2458 3238 2512 de
3274 2457 3357 2513 his

1783 2551 2125 2619 cogitaverit:
2158 2551 2272 2605 haec
2305 2550 2450 2604 enim
2500 2550 2545 2605 si
2578 2551 2645 2605 de
2686 2551 2850 2605 rebus
2880 2551 2983 2605 sub
3018 2566 3238 2606 sensum
3266 2566 3357 2605 ca-

1783 2642 2039 2697 dentibus
2059 2643 2276 2705 asserit,
2311 2642 2472 2713 longe
2524 2658 2554 2696 a
2585 2644 2869 2713 proposito
2899 2643 3117 2697 aberrat
3138 2644 3355 2710 oratio;

1784 2752 1908 2790 nam
1941 2752 2062 2805 qua:
2106 2736 2409 2790 necessitas
2453 2737 2598 2804 c0git
2656 2736 2806 2788 illum
2865 2736 2956 2805 qui
3008 2735 3076 2789 de
3106 2736 3358 2789 doctrina

1785 2823 1905 2877 ﬁdei
1935 2824 2215 2893 disputare
2246 2823 2571 2893 ingreditur,
2606 2824 2878 2879 disserere
2912 2824 2979 2879 de
3007 2825 3216 2888 ordine,
3247 2841 3360 2895 quo

1785 2932 1874 2972 res
1928 2917 2085 2970 initio
2128 2917 2313 2970 mundi
2374 2916 2579 2970 fuerint
2624 2915 2938 2985 dispositae,
2971 2916 3360 2988 Creatorisque

1785 3009 2131 3078 operationes
2163 3009 2477 3075 superiores
2504 3016 2557 3061 et
2578 3007 2869 3063 inferiores
2912 3007 3081 3063 fuisse
3110 3024 3360 3065 asserere

1786 3116 1886 3171 pro
1914 3100 2247 3171 perfectione
2301 3100 2558 3155 nimirum
2603 3118 2781 3155 rerum
2810 3104 3159 3157 creatarum?
3200 3102 3361 3169 Quod

1788 3193 1833 3249 si
1858 3194 1926 3247 de
1952 3194 2060 3249 illis
2112 3209 2418 3249 sermonem
2468 3193 2616 3257 facit,
2664 3208 2839 3265 eaque
2883 3210 3047 3266 opera
3095 3197 3358 3266 operibus

1786 3285 2032 3356 digniora
2068 3294 2120 3340 et
2148 3289 2526 3357 praestantiora
2558 3288 2709 3353 dicit,
2737 3304 2856 3358 qua:
2896 3289 3013 3359 ipse
3054 3306 3200 3345 nunc
3245 3292 3360 3361 pri-

1786 3394 1932 3432 mum
1964 3388 2307 3435 commentus
2335 3388 2419 3435 est
2445 3382 2592 3435 circa
2620 3382 2741 3435 fidei
2764 3382 3091 3447 doctrinam,
3119 3384 3223 3440 hoc
3251 3393 3357 3447 est,

1786 3464 1853 3520 de
1880 3464 2017 3519 Filio
2053 3475 2107 3521 et
2140 3464 2341 3535 Spiritu
2373 3477 2581 3530 sancto,
2620 3483 2799 3537 opera:
2827 3470 3060 3539 pretium
3106 3469 3362 3529 fortassis

1786 3556 1959 3625 magis
1990 3555 2173 3619 fuerit,
2198 3558 2416 3612 silentio
2446 3560 2771 3613 sententiam
2791 3560 2931 3615 hanc
2957 3564 3254 3626 exsecrari,
3289 3580 3361 3621 ne

1786 3648 1855 3701 ob
1888 3647 2267 3703 refutationem
2296 3650 2547 3703 videatur
2575 3650 2782 3720 aliquid
2839 3653 3242 3722 probabilitatis
3295 3672 3361 3712 ac

1786 3740 2019 3793 rationis
2049 3741 2270 3795 habere.
2302 3739 2589 3805 Quomodo
2616 3745 2761 3796 enim
2791 3743 2845 3799 in
2881 3744 2955 3799 iis
3008 3747 3360 3815 priestantius

1784 3838 1839 3886 et
1884 3832 2105 3900 dignius
2158 3833 2481 3900 reperiatur.
2537 3834 2627 3888 ubi
2686 3851 2794 3903 non
2837 3836 3115 3891 invenitur
3173 3841 3358 3895 minus

1784 3932 2054 3994 praestans
2076 3931 2130 3978 et
2159 3926 2341 3979 minus
2364 3926 2589 3994 dignum
2620 3927 2643 3979 ἱ)
2676 3925 2731 3980 Si
2762 3928 2906 3981 enim
2939 3943 3036 3982 sua
3065 3929 3131 3983 ad
3155 3933 3358 4001 impro-

1789 4016 2006 4069 bitatem
2038 4014 2297 4069 facilitate
2344 4026 2398 4071 et
2429 4018 2710 4073 alacritate
2740 4034 2805 4073 eo
2860 4035 3033 4090 usque
3061 4022 3348 4090 processit.

1786 4117 1844 4160 ut
1872 4107 2187 4177 indiguioris
2218 4122 2436 4177 quoque
2472 4124 2659 4164 vocem
2682 4118 2738 4165 et
2767 4111 3017 4166 notitiam
3069 4114 3125 4166 in
3163 4128 3356 4169 eorum

1762 4191 1990 4268 aliquo,
2041 4215 2162 4270 qua:
2196 4201 2250 4254 in
2290 4202 2640 4259 sanctissima
2672 4201 2945 4258 Trinitate
3002 4204 3186 4261 inesse
3239 4222 3358 4263 cre-

1785 4294 2009 4357 duntur,
2036 4294 2310 4360 admittat,
2340 4311 2437 4365 par
2466 4303 2569 4351 est.
2600 4304 2657 4347 ut
2691 4296 2963 4350 obturatis
2996 4297 3221 4352 auribus
3256 4313 3359 4368 pro

1786 4388 1929 4441 virili
1957 4396 2144 4441 nostra
2175 4396 2326 4456 parte
2379 4386 2650 4456 fugiamus
2676 4387 2743 4440 ab
2777 4386 3058 4443 auditione
3083 4390 3224 4443 mala
3250 4407 3265 4443 :
3291 4406 3360 4445 no

1784 4481 2096 4535 communio
2130 4481 2307 4550 aliqua
2331 4482 2465 4534 tanti
2510 4481 2713 4553 piaculi
2742 4480 2809 4534 ad
2840 4482 3149 4538 audientem
3180 4491 3361 4538 trans-

1785 4573 1992 4625 feratur
2020 4573 2287 4635 oratione,
2338 4573 2488 4627 velut
2539 4587 2607 4627 ex
2646 4587 2776 4627 vase
2808 4574 2988 4628 omnis
3020 4574 3359 4644 impuritatis

1787 4665 2105 4734 plenissimo
2132 4664 2190 4719 in
2218 4665 2551 4720 audientium
2597 4665 2811 4722 animos
2838 4664 3139 4721 transfusa.

1857 4756 1989 4809 Nam
2021 4756 2295 4826 quomodo
2352 4756 2477 4826 quis
2534 4757 2587 4810 in
2633 4757 2817 4811 divina
2869 4758 2960 4810 illa
3002 4766 3057 4813 et
3104 4758 3359 4813 omnibus

1785 4852 2143 4907 eminentiore
2165 4862 2357 4905 natura
2393 4851 2501 4905 tale
2530 4850 2734 4921 aliquid
2787 4849 2988 4920 tingere
3043 4850 3261 4908 audeat.
3299 4861 3358 4903 ut

1786 4939 1968 4994 minus
2030 4938 2251 5009 dignum
2328 4953 2423 5008 per
2486 4938 2946 5008 comparationem
3030 4940 3087 4994 in
3155 4938 3357 4995 divinis

1788 5031 2036 5086 adstruat
2066 5032 2089 5084 ?
2134 5029 2201 5085 Ut
2230 5048 2440 5097 omnes,
2475 5031 2675 5101 inquit,
2731 5032 3075 5101 honori/ierat
3112 5030 3313 5085 Filium
3337 5072 3353 5096 ,

1785 5124 2227 5191 quemadmodum
2285 5123 2635 5191 honoriﬁcam
2687 5122 2905 5176 Patrem
2928 5124 2994 5176 ⁸⁸.
3025 5122 3158 5177 Cum
3194 5124 3363 5193 igitur

1784 5234 1885 5271 vox
1910 5218 2025 5272 haec
2066 5218 2429 5288 aequalitatem
2465 5216 2711 5282 honoris,
2742 5217 2901 5286 quasi
2950 5216 3066 5286 lege
3102 5216 3208 5270 lata
3239 5232 3358 5272 san-

1783 5313 1894 5367 ciat
1921 5331 1936 5367 :
1966 5312 2050 5368 lex
2084 5314 2229 5367 enim
2256 5321 2339 5369 est
2372 5328 2475 5367 vox
2509 5313 2696 5367 divina
2728 5331 2742 5367 :
2777 5313 2883 5369 iste
2911 5320 2965 5367 et
2988 5313 3161 5384 legem
3202 5323 3256 5370 et
3280 5315 3359 5370 le-

1783 5405 2093 5475 gislatorem
2133 5406 2311 5477 ipsum
2339 5406 2599 5472 traducit,
2656 5416 2711 5461 et
2751 5406 2878 5461 huic
2922 5406 3141 5475 quidem
3182 5407 3357 5477 majo-

1785 5512 1921 5559 rem,
1958 5496 2085 5551 huic
2116 5512 2245 5551 vero
2272 5498 2537 5553 minorem
2564 5498 2823 5551 honorem
2854 5496 3199 5566 impertitur,
3260 5514 3359 5553 ne-

1787 5590 1902 5643 seio
1936 5588 2155 5646 ubinam
2181 5589 2404 5659 majoris
2426 5598 2479 5643 et
2507 5588 2737 5643 minoris
2761 5602 3018 5643 mensura
3047 5592 3367 5660 repertam:
