3920 6476
596 300 702 357 555

596 414 876 471 hominum
922 412 1067 467 enim
1117 412 1392 467 communi
1428 411 1705 467 societate
1736 411 2031 470 diversitas
2070 416 2153 469 di-

596 504 865 575 gnitatum
938 503 1172 558 honores
1221 503 1405 558 itidem
1460 504 1813 573 optimatibus
1854 506 2154 568 dimetitur,

596 594 669 646 ita
695 600 751 646 ut
782 592 985 647 subditi
1019 607 1130 646 non
1176 594 1364 647 eodem
1424 602 1579 663 gestu
1639 602 1694 649 et
1749 596 1903 649 vultu
1960 597 2159 651 adeant

599 697 750 753 reges
790 699 899 752 quo
950 683 1186 738 minores
1243 684 1613 755 magistratus.
1680 684 1784 740 Sed
1840 686 2155 741 adeuntium

597 774 770 843 major
804 773 1020 843 quidem
1051 782 1103 828 et
1147 775 1478 829 submissior
1506 776 1721 832 timoris
1752 784 1807 832 et
1840 778 2159 834 reverentia:

597 864 925 933 signiﬁcatio
960 864 1196 919 ostendit
1252 880 1470 933 quoque
1506 866 1766 934 majorem
1805 873 1859 919 et
1892 867 2155 921 minorem

598 972 785 1011 eorum
871 958 963 1028 qui
1065 957 1409 1010 honorantur
1470 956 1791 1028 dignitatem
1849 965 1904 1012 et
1973 959 2158 1013 excel-

598 1048 856 1113 lentiam,
924 1048 1125 1118 quique
1188 1048 1448 1118 dignitate
1496 1047 1704 1116 priores
1777 1048 1919 1113 sint,
1980 1050 2156 1102 maxi-

598 1154 682 1193 me
747 1138 987 1192 declarat
1027 1138 1375 1192 subditorum
1430 1138 1649 1192 habitus
1694 1147 1747 1193 et
1782 1140 1847 1193 ad
1895 1139 2156 1194 honorem

596 1231 956 1286 exhibendum
1013 1229 1395 1296 conformatio,
1445 1229 1669 1298 quando
1730 1230 1854 1299 quis
1892 1231 2157 1299 proximis

595 1323 916 1377 metuendus
946 1336 1229 1391 apparere,
1278 1330 1331 1376 et
1365 1321 1574 1390 majore
1626 1324 1955 1388 reverentia,
1994 1336 2156 1392 quam

595 1415 707 1477 alii,
740 1413 882 1467 aftici
928 1414 1098 1482 cupit.
1139 1411 1196 1465 ln
1227 1413 1410 1467 divina
1466 1421 1647 1467 autem
1683 1420 1878 1466 natura
1935 1420 2158 1483 propter

592 1506 960 1563 Omnimodam
988 1505 1248 1561 bonitatis
1280 1505 1691 1575 perfectionem,
1724 1521 1846 1575 quae
1896 1507 1948 1559 in
1971 1507 2157 1559 divino

593 1598 815 1653 numine
842 1598 1005 1661 inest,
1062 1614 1130 1651 ne
1174 1598 1473 1653 secundum
1522 1605 1765 1652 nostram
1822 1598 2038 1667 quidem
2074 1598 2157 1651 in-

593 1688 871 1758 telligendi
923 1688 1187 1743 rationem
1224 1689 1605 1759 praecellentia:
1641 1688 1877 1757 alicujus
1935 1688 2155 1742 modum

594 1780 838 1834 invenire
864 1780 1009 1833 licet.
1047 1779 1255 1845 Quibus
1283 1779 1426 1833 enim
1466 1794 1642 1849 neque
1670 1779 1949 1848 potentiae,
1980 1793 2155 1848 neque

593 1871 799 1940 gloriae,
826 1885 1000 1941 neque
1031 1871 1329 1940 sapientiae,
1361 1885 1536 1939 neque
1571 1870 1948 1940 benignitatis,
1977 1885 2157 1939 neque

592 1963 817 2017 alterius
864 1963 1186 2032 cujusquam
1230 1962 1577 2039 perfectionis
1611 1977 1871 2017 excessus
1937 1962 2020 2016 vel
2065 1962 2158 2015 de-

595 2054 770 2108 fectus
800 2055 974 2117 adest,
1026 2055 1117 2109 sed
1151 2055 1332 2124 potius
1383 2057 1567 2109 omnia
1628 2054 1789 2119 bona,
1814 2068 1935 2123 qua:
1988 2051 2156 2107 Filius

594 2146 775 2207 habet,
802 2144 981 2198 Patris
1035 2146 1220 2200 itidem
1252 2154 1400 2212 sunt,
1442 2157 1496 2202 et
1531 2162 1651 2217 qua:
1693 2145 1852 2200 Pater
1891 2145 2151 2215 possidet,

594 2238 648 2291 in
678 2237 813 2291 Filio
847 2252 1061 2307 quoque
1089 2239 1433 2306 reperiuntur
1466 2258 1479 2292 :
1529 2254 1763 2308 quanam
1809 2240 2019 2292 ratione
2059 2240 2157 2293 bo~

593 2331 744 2385 noris
767 2345 877 2399 prae
907 2328 1045 2384 Filio
1076 2331 1491 2400 praerogativam
1521 2330 1673 2383 Patri
1717 2330 2054 2385 tribuemus?
2099 2329 2156 2385 Si

594 2421 795 2491 regiam
830 2430 1154 2491 potestatem
1195 2431 1248 2477 et
1276 2423 1655 2477 excellentiam
1690 2433 1872 2478 mente
1908 2422 2157 2477 eﬂorme-

596 2530 731 2574 mus.
792 2529 882 2569 rex
920 2523 1001 2568 est
1025 2513 1233 2569 Filius:
1288 2515 1595 2585 sijudicem
1641 2516 1961 2585 cogitemus,
1995 2530 2156 2570 onme

591 2603 855 2671 judicium
882 2602 1229 2669 Filiiest”-";
1259 2604 1304 2658 si
1334 2605 1756 2675 magnitudinem
1787 2606 2007 2660 creandi
2042 2607 2157 2659 ani-

592 2707 681 2746 mo
719 2694 1113 2762 concipiamus,
1145 2695 1327 2748 omnia
1370 2710 1463 2764 per
1517 2697 1692 2764 ipsum
1730 2695 1871 2749 facta
1920 2706 2048 2751 sunt
2067 2697 2151 2749 ²³ε

592 2784 639 2837 si
684 2783 737 2836 in
765 2785 1081 2837 memoriam
1128 2800 1444 2841 revocemus
1495 2796 1697 2842 nostrae
1737 2789 1862 2842 vita:
1909 2803 2151 2854 causam,

591 2875 841 2929 novimus
870 2890 1051 2929 veram
1110 2876 1254 2929 illam
1285 2878 1474 2942 vitam,
1527 2894 1648 2948 qua}
1708 2895 1878 2948 usque
1940 2879 2008 2933 ad
2058 2894 2156 2932 no—

591 2975 760 3019 strain
802 2976 1049 3020 naturam
1102 2982 1223 3022 sese
1257 2968 1505 3023 demisit:
1570 2969 1615 3023 si
1644 2971 2051 3025 translationem
2091 2986 2155 3025 ex

590 3060 829 3114 tenebris
862 3059 1021 3113 nobis
1046 3060 1115 3113 ob
1144 3061 1333 3115 oculos
1379 3075 1666 3130 ponamus,
1696 3077 1803 3115 non
1841 3063 2154 3131 ignoramus

591 3150 770 3204 lumen
803 3164 1013 3211 verum,
1059 3164 1167 3218 quo
1217 3164 1249 3202 a
1282 3151 1630 3204 tenebrarum
1668 3152 1901 3221 caligine
1939 3152 2154 3206 liberati

590 3257 810 3296 sumus:
846 3240 991 3310 quod
1019 3241 1064 3295 si
1098 3239 1183 3294 cui
1223 3241 1488 3309 sapientia
1524 3241 1860 3296 honorabilis
1886 3242 2101 3296 videtur
2137 3261 2150 3296 :

587 3348 655 3386 en
685 3330 934 3385 Christus
964 3330 1058 3384 Dei
1086 3328 1349 3399 sapientia
1368 3340 1417 3384 et
1443 3332 1605 3385 virtus
1632 3341 1710 3385 est
1742 3332 1807 3385 ".

660 3423 856 3476 Animo
881 3423 1044 3492 igitur
1078 3431 1265 3477 nostro
1315 3422 1380 3476 ad
1431 3422 1544 3477 haec
1597 3431 1651 3478 et
1698 3424 1896 3479 similia
1947 3423 2152 3479 Christi

589 3514 873 3578 miracula,
906 3522 1068 3583 prout
1095 3529 1191 3584 par
1211 3521 1317 3580 est,
1336 3524 1598 3584 quantum
1613 3516 1776 3579 valet,
1811 3524 2020 3570 tantum
2051 3519 2154 3569 mi-

590 3608 743 3661 rifico
779 3606 1015 3676 quodam
1068 3606 1229 3661 modo
1282 3607 1615 3670 attendente,
1668 3609 1889 3676 quinam
1925 3608 2152 3662 honoris

585 3714 866 3763 excessus,
885 3706 939 3753 et
969 3714 1089 3768 quae
1112 3699 1516 3769 praeeminentia
1542 3700 1779 3770 relinqui
1814 3710 2008 3769 potest,
2032 3716 2153 3770 qua:

588 3789 736 3844 Patri
778 3791 877 3846 soli
914 3792 1193 3860 speciatim
1234 3797 1289 3844 et
1324 3791 1540 3860 proprie
1571 3800 1863 3862 competat,
1903 3801 1956 3845 et
1993 3793 2150 3860 cujus

583 3882 706 3953 jure
734 3897 928 3951 expers
958 3882 1028 3935 sit
1057 3881 1268 3937 Filius?
1300 3880 1410 3938 Nec
1448 3882 1721 3938 humanus
1747 3898 1872 3951 erga
1906 3882 2147 3937 divinum

586 3990 785 4029 numen
818 3973 990 4029 bonos
1028 3983 1176 4028 recta
1204 3974 1414 4029 ratione
1458 3975 1834 4030 consideratus
1867 3973 2013 4029 aliud
2041 3982 2146 4039 est,

583 4082 747 4137 quam
805 4064 1018 4121 affectio
1063 4064 1309 4136 quaedam
1372 4067 1576 4121 amoris
1633 4068 1813 4136 plena,
1860 4074 1914 4121 et
1959 4082 2145 4122 earum

583 4158 1001 4228 perfectionum,
1028 4174 1150 4229 quae
1203 4157 1281 4212 illi
1325 4159 1534 4222 insunt,
1571 4157 1867 4219 confessio,
1906 4157 2148 4225 mihique

586 4249 818 4313 videtur,
857 4250 931 4304 ita
974 4250 1349 4305 honorandum
1400 4263 1521 4303 esse
1552 4247 1771 4312 Filium,
1804 4248 1944 4302 sicut
1978 4248 2148 4301 hono-

591 4352 743 4395 ratur
763 4340 940 4407 Pater,
976 4341 1077 4395 sub
1102 4340 1394 4394 dilectionis
1420 4340 1638 4393 nomine
1670 4338 1962 4391 indicatum
2002 4353 2141 4392 esse.

1850 301 1915 357 S.
1942 300 2265 358 GREGORH
2292 302 2586 365 NYSSENI

3677 335 3757 389 356

2182 424 2228 479 Α
2256 418 2529 492 θρωπίνης
2557 422 2859 491 συνηθείας,
2893 427 2947 477 αἱ
2971 426 3109 479 κατὰ
3132 425 3241 492 ’τὰς
3266 430 3413 495 ἀξίας
3429 433 3664 509 διαφοραὶ,
3682 448 3758 512 τὰς

2258 514 2420 580 τιμὰς
2448 517 2558 577 τοῖς
2586 516 2874 585 κρατοῦσιν
2916 518 3206 588 ὁρίζονται,
3238 520 3310 585 ὡς
3353 525 3421 595 μὴ
3444 528 3496 578 ὲν
3527 531 3669 603 ὁμοίῳ
3688 540 3759 591 καὶ

2262 603 2360 672 ἴσῳ
2410 603 2487 674 τῷ
2538 607 2795 675 σχήματι,
2862 610 2989 670 τοὺς
3051 609 3385 682 ὑποχειρίους
3438 614 3674 683 βασιλεῦσί
3713 644 3759 680 τε

2260 694 2564 787 προσιέναι,
2617 698 2711 750 καὶ
2753 700 2873 761 ταῖς
2916 699 3334 770 ὑποϐεϐηκυίαις
3376 706 3585 777 ἀρχαῖς·
3609 713 3759 787 ἀλλ’ἢ

2258 783 2455 837 πλείων
2482 801 2541 837 τε
2565 787 2657 839 καὶ
2684 787 2944 860 ὑφειμένη
2973 789 3065 842 τοῦ
3097 791 3256 858 φόὸου
3289 794 3379 847 καὶ
3400 796 3492 865 τῆς
3512 800 3666 865 αἰδοῦς
3681 783 3761 858 τῶν

2257 877 2582 943 προσιόντων
2626 879 2880 943 ἐπίδειξις
2944 881 3001 933 τὸ
3039 882 3213 936 ὲνδέον
3246 887 3335 938 καὶ
3388 893 3665 959 περιττεῦον
3685 899 3762 965 τῆς

2257 968 2417 1037 τιμῆς
2453 968 2543 1020 ἐπὶ
2586 969 2693 1022 τῶν
2739 972 3064 1041 τιμωμένων
3114 973 3468 1038 ἐνδείκνυται·
3510 982 3591 1033 καὶ
3626 985 3762 1056 τούτῳ

2261 1058 2492 1128 μάλιστα
2516 1062 2641 1124 τοὺς
2662 1063 3085 1134 προτιμοτέρους
3124 1066 3181 1116 ὲν
3214 1068 3277 1136 τῇ
3302 1067 3521 1121 διαθέσει
3545 1073 3638 1124 τῶν
3662 1076 3763 1128 ὑπι-

2258 1151 2478 1219 χειρίων
2510 1152 2661 1205 ἔστιν
2710 1155 2909 1224 εὑρεῖν,
2964 1156 3092 1208 ὅταν
3124 1174 3208 1219 τις
3247 1158 3380 1228 ὑπὲρ
3400 1160 3486 1212 τοῦ
3511 1165 3611 1225 τοῖς
3634 1166 3763 1229 πέλας

2259 1243 2503 1314 φοϐερῶς
2551 1240 2688 1298 εἶναι
2738 1246 2955 1315 μᾶλλον,
3016 1248 3111 1301 καὶ
3172 1247 3411 1312 πλείονος
3455 1255 3545 1321 τῆς
3566 1254 3761 1327 αἰδοῦςῆ

2258 1336 2399 1388 κατὰ
2422 1338 2545 1398 τοὺς
2567 1335 2784 1399 λοιποὺς
2816 1338 3095 1401 ἀξιοῦσθαι
3119 1340 3281 1393 δοκεῖ.
3328 1340 3443 1392 Ἐπὶ
3464 1342 3516 1395 δὲ
3540 1347 3624 1413 τῆς
3649 1348 3763 1410 θείας

2258 1427 2489 1494 φύσεως,
2520 1427 2608 1480 διὰ
2633 1429 2694 1480 τὸ
2728 1430 2906 1481 πᾶσαν
2934 1429 3030 1500 τὴν
3051 1430 3264 1484 κατὰτὸ
3292 1432 3486 1500 ἀγαθὸν
3512 1435 3763 1505 τελειότητι

2260 1517 2715 1586 συνεμφαίνεσθαι
2742 1518 2820 1588 τῷ
2845 1518 2938 1572 τοῦ
2966 1521 3123 1574 Θείου
3160 1525 3518 1593 προσρήματι,
3538 1526 3625 1578 οὐκ
3651 1527 3763 1579 ἔστιν

2257 1610 2455 1680 εὑρεῖν,
2491 1611 2631 1663 κατά
2665 1627 2728 1679 γε
2757 1610 2853 1682 τὴν
2887 1613 3162 1683 ἡμετέραν
3206 1615 3453 1678 διάνοιαν,
3486 1616 3566 1668 τὸν
3608 1618 3762 1687 τρόπον

2255 1701 2354 1771 τῆς
2383 1703 2778 1773 προτιμήσεως.
2811 1704 2896 1755 Ἐν
2923 1699 3002 1763 οἷς
3026 1704 3131 1776 γὰρ
3161 1705 3222 1757 οὐ
3244 1706 3530 1775 δυνάμεως,
3548 1709 3600 1760 οὐ
3623 1708 3760 1777 δόξης,

2256 1791 2317 1843 οὐ
2346 1791 2555 1860 σοφίας,
2573 1792 2634 1844 οὐ
2665 1792 3091 1864 φιλανθρωπίας,
3113 1795 3233 1847 οὐδέ
3255 1814 3393 1861 τινος
3416 1797 3541 1861 ὅλως
3558 1800 3640 1867 τῆς
3658 1799 3763 1851 κατὰ

2256 1882 2316 1935 τὸ
2361 1882 2561 1951 ἀγαθὸν
2610 1885 2820 1949 ἑννοίας
2906 1886 3243 1958 πλεονασμὸς
3292 1889 3324 1960 ἢ
3374 1889 3640 1952 ἐλάττωσις
3673 1892 3763 1941 ἐπι-

2256 1976 2475 2037 νοεῖται,
2506 1973 2639 2027 ἀλλὰ
2668 1976 2862 2039 πάντα,
2900 1976 3000 2029 ὅσα
3030 1976 3140 2047 ἔχει
3165 1979 3193 2030 ὁ
3215 1978 3339 2040 Υἱὸς
3360 1977 3545 2046 ἀγαθὰ,
3575 1978 3652 2030 τοῦ
3677 1979 3764 2030 ﬂa-

2255 2065 2380 2135 τρός
2399 2067 2533 2129 ἐστι,
2562 2066 2655 2119 καὶ
2689 2067 2762 2119 τὰ
2790 2067 2883 2120 τοῦ
2909 2068 3120 2140 Πατρὸς
3144 2070 3324 2123 πάντα
3348 2071 3402 2121 ὲν
3422 2070 3493 2140 τῷ
3519 2069 3618 2137 Υίῷ
3659 2068 3763 2121 καθ-

2256 2160 2445 2228 ορᾶται
2466 2176 2480 2190 ·
2509 2159 2626 2219 πῶς
2668 2160 3000 2223 διατεθέντες
3026 2161 3087 2213 τὸ
3121 2160 3285 2214 πλέον
3298 2162 3393 2230 τῆς
3416 2162 3566 2230 τιμῆς
3593 2162 3670 2213 ἐπὶ
3692 2159 3764 2212 τοῦ

2257 2251 2468 2321 Πατρός
2494 2250 2834 2321 ὲνδειξόμεθα
2856 2269 2870 2317 ;
2899 2254 2961 2304 Εἰ
2988 2251 3268 2324 βασιλικὴν
3291 2252 3508 2323 δύναμιν
3521 2254 3625 2306 κατ’
3644 2252 3765 2316 ἀξίαν

2256 2346 2321 2413 τῇ
2353 2342 2560 2413 διανοίᾳ
2609 2343 2887 2413 λάϐοιμεν,
2924 2343 3173 2413 βασιλεὺς
3231 2348 3258 2398 ὁ
3301 2344 3454 2405 Υἱόςο
3501 2344 3585 2396 ἐὰν
3615 2342 3764 2413 κριτὴν

2257 2433 2614 2503 ἐννοήσωμεν,
2646 2435 2678 2504 ἠ
2737 2434 2914 2504 κρίσις
2958 2436 3107 2487 πᾶσα
3139 2435 3234 2487 τοῦ
3274 2436 3399 2489 Υίοῦ
3433 2439 3593 2488 ἐστιν’
3614 2435 3691 2485 ἐὰν
3719 2430 3765 2481 τὸ

2260 2523 2538 2593 μεγαλεῖον
2575 2524 2674 2593 τῆς
2699 2523 2926 2585 κτίσεως
2955 2525 3021 2592 τῇ
3054 2522 3198 2593 ψυχῇ
3226 2522 3518 2591 δεξώμεθα,
3543 2521 3692 2573 πάντα
3714 2515 3763 2567 δι’

2255 2613 2416 2667 αὑτοῦ
2468 2615 2712 2682 ἐγένετο·
2771 2613 2864 2667 ἐὰν
2914 2614 3010 2683 τῆς
3045 2615 3320 2685 ἡμετέρας
3359 2614 3495 2683 ζωῆς
3520 2612 3607 2681 τὴν
3626 2608 3764 2662 αἰτίαν

2257 2706 2692 2774 κατανοήσωμεν,
2747 2704 2964 2774 οἴδαμεν
3009 2704 3107 2775 τὴν
3152 2705 3328 2774 ἀληθῆ
3361 2704 3499 2773 ζωὴν
3528 2704 3613 2772 τὴν
3639 2699 3764 2768 μέχρι

2255 2784 2595 2864 τῆςφύσεως
2637 2792 2792 2863 ἡμῶν
2855 2792 3166 2847 καταϐᾶσαν
3200 2811 3212 2824 ’
3251 2796 3349 2848 κᾶν
3387 2796 3448 2847 ὲκ
3472 2791 3555 2844 τοῦ
3587 2791 3765 2849 σκότους

2259 2886 2584 2955 μετάστασιν
2611 2885 3031 2955 καταμάθωμεν,
3065 2886 3162 2939 οὐκ
3200 2885 3495 2956 ἀγνοοῦμεν
3526 2882 3579 2935 τὺ
3604 2880 3699 2949 φῶς
3721 2877 3764 2929 τὸ

2255 2976 2524 3048 ἀληθινὸν,
2578 2975 2643 3028 δι’
2690 2968 2748 3029 οῦ
2796 2975 2888 3029 τοῦ
2929 2978 3152 3040 σκότους
3183 2974 3628 3047 ὴλλοτριώθημεν·
3654 2971 3693 3021 εί
3719 2967 3763 3020 δέ

2181 3092 2222 3148 c
2256 3090 2354 3125 τινι
2402 3072 2641 3142 τίμιονὴ
2696 3071 2853 3140 σοφία
2887 3071 3052 3135 δοκεῖ,
3100 3071 3339 3143 Χριστὸς
3387 3067 3525 3123 Θεοῦ
3560 3065 3765 3131 δύναμις

2254 3164 2352 3219 καὶ
2380 3165 2524 3218 Θεοῦ
2555 3163 2758 3233 σοφία.

2188 1757 2229 1811 Β

2325 3426 2465 3497 Πρὸς
2494 3428 2670 3479 τοίνυν
2694 3426 2760 3479 τὰ
2781 3425 3001 3481 τοιαῦτα
3022 3427 3115 3479 καὶ
3138 3428 3437 3497 τηλικαῦτα
3455 3425 3541 3478 τοῦ
3568 3426 3763 3494 Χριστοῦ

2254 3516 2523 3586 θαύματα,
2582 3518 2681 3585 τῆς
2730 3518 2906 3588 ψυχῆς
2965 3516 3140 3589 ἡμῶν,
3198 3519 3341 3572 κατὰ
3395 3517 3453 3570 τὸ
3497 3516 3628 3577 εἰκὸς
3670 3513 3766 3564 ὅσον

2252 3611 2438 3679 χωρεῖ,
2464 3607 2710 3662 τοσοῦτον
2728 3609 3108 3679 θαυμαστικῶς
3137 3608 3525 3680 διατιθεμένης,
3546 3606 3619 3667 τίς
3640 3604 3768 3672 ὑπερ-

2253 3700 2381 3770 ϐολὴ
2414 3701 2575 3771 τιμῆς
2611 3701 3015 3772 καταληφθῆναι
3046 3703 3358 3773 δυνήσεται,
3398 3704 3491 3769 τῆς
3533 3697 3601 3767 τῷ
3628 3694 3768 3762 Πατρὶ

2254 3790 2397 3860 μόνῳ
2460 3790 2838 3861 κατεξαίρετον
2899 3794 3353 3864 προσαγομένης,
3409 3785 3473 3861 ἧς
3524 3786 3765 3857 ἀμοιρήσει

2251 3882 2565 3949 πρεπόντως
2598 3884 2626 3935 ὁ
2666 3881 2896 3953 Κύριος;
2947 3884 3086 3938 Αὐτὸ
3112 3885 3219 3956 γὰρ
3248 3886 3405 3939 τοῦτο
3433 3885 3465 3956 ἡ
3501 3878 3765 3954 ἀνθρωπίνη

2250 3973 2385 4043 πρὸς
2416 3973 2476 4025 τὸ
2516 3974 2667 4027 Θεῖον
2714 3975 2877 4044 τιμὴ,
2930 3975 3068 4028 κατὰ
3099 3976 3188 4029 τὸν
3218 3978 3400 4031 εἰκότα
3431 3975 3549 4030 νοῦν
3575 3975 3766 4043 θεωρου-

2252 4062 2385 4133 μένη
2413 4105 2427 4125 ,
2468 4064 2689 4133 οὐδεμία
2733 4081 2815 4127 τις
2859 4063 2991 4135 ἄλλη
3036 4066 3220 4130 ἐστὶν,
3270 4067 3383 4122 ἀλλ’
3427 4067 3457 4138 ἢ
3499 4061 3766 4134 ἀγαπητικὴ

2250 4153 2448 4223 σχέσις,
2489 4155 2584 4207 καὶ
2622 4156 2654 4225 ὴ
2705 4156 2810 4207 τῶν
2839 4156 3146 4225 προσόντων
3202 4158 3349 4228 αὐτῴ
3378 4156 3587 4226 ἀγαθῶν
3614 4152 3767 4223 ὁμολο-

2247 4245 2361 4312 γία,
2407 4245 2498 4299 καί
2529 4264 2618 4316 μοι
2649 4247 2794 4300 δοκεῖ
2822 4248 2883 4301 τὸ
2908 4247 3048 4302 οῦτω
3078 4249 3186 4303 δεῖν
3228 4251 3485 4321 τιμᾶσθαι
3540 4249 3621 4302 τὸν
3648 4246 3764 4304 Υίὸν,

2245 4336 2319 4399 ὼς
2347 4337 2375 4388 ὁ
2423 4338 2610 4409 Πατὴρ
2639 4340 2882 4407 τιμᾶται,
2922 4339 3042 4391 ἀντὶ
3072 4338 3177 4406 τῆς
3209 4340 3444 4409 ἀγάπης
3474 4339 3571 4393 ὑπὸ
3596 4335 3676 4390 τοῦ
3700 4334 3767 4384 λό·

586 4434 692 4488 Lex
717 4435 858 4489 enim
882 4434 1121 4496 mandat,
1142 4442 1200 4487 ut
1232 4431 1396 4486 Deum
1428 4447 1494 4485 ex
1526 4438 1641 4484 toto
1656 4428 1820 4483 corde
1853 4439 1906 4483 et
1935 4430 2142 4483 viribus

2248 4446 2344 4497 γου
2369 4430 2641 4501 τετάχθαι.
2685 4432 2743 4484 ὐ
2788 4433 2895 4502 γὰρ
2921 4431 3081 4502 νόμος
3113 4434 3171 4485 ὲν
3209 4434 3287 4504 τῷ
3319 4435 3533 4503 ἀγαπᾷν
3556 4432 3637 4484 τὸν
3660 4427 3767 4481 Θεὸν

582 4525 892 4594 diligamus,
916 4539 1024 4594 quo
1050 4524 1379 4578 conveniens
1409 4524 1456 4577 ei
1505 4523 1679 4577 honor
1711 4521 2053 4584 exhibeatur,
2089 4529 2142 4575 et

584 4626 925 4687 praeceptum,
953 4616 1095 4685 quod
1145 4616 1233 4669 hic
1262 4615 1627 4685 aequalitatem
1686 4613 1992 4669 dileCtionis
2031 4614 2144 4669 vel-

583 4718 641 4764 ut
680 4710 789 4780 lege
825 4710 928 4763 lata
955 4709 1147 4775 sancit,
1202 4709 1283 4764 sic
1323 4710 1397 4763 ait
1449 4716 1698 4776 Oportere
1736 4706 1927 4761 Filium
1976 4709 2143 4762 hono-

580 4818 723 4865 rare,
744 4800 883 4855 sicut
934 4801 1236 4855 honoratur
1270 4800 1448 4855 Pater.
1481 4799 1634 4854 Hunc
1668 4800 1891 4855 honoris
1923 4802 2140 4855 modum

578 4890 883 4946 observavit
935 4892 1099 4947 etiam
1161 4907 1287 4960 erga
1345 4891 1631 4944 Dominum
1677 4907 1905 4961 magnus
1943 4890 2134 4952 David,

579 4981 632 5035 in
660 4982 921 5050 prooemio
980 4981 1260 5051 cujusdam
1301 4982 1491 5051 psalmi
1545 4984 1610 5047 ’⁵,
1658 4982 1784 5036 dum
1847 4982 2137 5035 confitetur

577 5074 799 5143 diligere
833 5089 890 5127 se
918 5072 1224 5136 Dominum,
1274 5073 1543 5142 simulque
1593 5072 1899 5127 dilectionis
1939 5086 2135 5126 causas

575 5167 828 5232 explicat,
860 5165 1001 5233 quod
1050 5166 1257 5220 scilicet
1314 5165 1412 5219 sibi
1445 5175 1588 5220 esset
1633 5166 1912 5232 fortitudo,
1952 5164 2135 5231 ﬁrma-

575 5263 825 5317 mentum,
866 5263 919 5307 et
946 5254 1223 5323 refugium,
1257 5263 1309 5310 et
1346 5255 1612 5319 liberator,
1643 5266 1695 5310 et
1743 5256 1875 5309 Deus
1899 5255 2132 5309 auxilia-

577 5353 677 5406 tor,
707 5350 761 5397 et
788 5352 1065 5411 protector,
1099 5352 1152 5397 et
1193 5361 1351 5397 cornu
1389 5347 1602 5407 salutis,
1636 5355 1688 5401 et
1738 5346 1960 5413 adjutor
1990 5346 2057 5408 ³⁸,
2079 5355 2133 5399 et

574 5433 629 5486 id
670 5449 837 5504 genus
868 5435 995 5488 alia.
1031 5434 1087 5488 Si
1117 5436 1282 5506 igitur
1332 5437 1643 5506 unigenitus
1684 5438 1772 5490 Dei
1804 5435 1971 5489 Filius
2018 5437 2132 5489 haec

570 5524 755 5579 omnia
782 5540 883 5581 nec
914 5536 1019 5593 est,
1043 5542 1143 5583 nec
1175 5537 1413 5601 praestat,
1453 5528 1769 5598 negeturilli
1804 5542 1933 5581 sane
1952 5528 2130 5580 bono-

604 5695 721 5735 ⁸³·¹’
742 5701 895 5757 Joan.
929 5721 978 5769 ι’,
1016 5705 1105 5759 ἓῖ.

1216 5707 1259 5738 ’³
1296 5706 1451 5759 Jnan.
1486 5724 1520 5769 I,
1550 5708 1601 5761 '5.
1677 5706 1763 5759 “I
1799 5707 1920 5762 Cor.
1968 5707 2114 5773 1,24.

2240 4519 2299 4585 ἐξ
2317 4520 2444 4590 ὅλης
2473 4521 2697 4591 καρδίας
2746 4520 3140 4592 καὶδυνάμεως
3194 4524 3293 4594 τὴν
3327 4517 3764 4595 πρέπουσαν²αὺτῷ

2239 4611 2400 4682 τιμὴν
2430 4612 2719 4683 ἀπονέμειν
2750 4612 2993 4666 κελεύει·
3036 4618 3127 4668 καὶ
3155 4617 3387 4670 ἐνταῦθα
3415 4617 3474 4669 τὸ
3508 4612 3767 4669 ἰσοστάσιον

2238 4704 2338 4774 τῆς
2367 4705 2612 4775 ἀγάπης,
2660 4705 2688 4758 ὃ
2725 4705 2752 4757 ὁ
2795 4705 2949 4774 λόγος
3006 4707 3304 4777 νομοθετῶν
3354 4708 3492 4761 οὕτω
3526 4706 3645 4777 φησὶ
3677 4703 3767 4757 δεῖν

2239 4795 2499 4863 τιμᾶσθαι
2529 4796 2620 4849 τὸν
2649 4796 2795 4861 Υίὺν,
2830 4795 2905 4859 ὡς
2935 4800 2963 4850 ὁ
2988 4796 3173 4869 Πατὴρ
3202 4801 3446 4867 τιμᾶται.
3494 4797 3675 4851 Τοῦτον
3695 4792 3768 4845 τὸν

2240 4885 2438 4955 τρόπον
2465 4886 2563 4954 τῆς
2586 4886 2746 4956 τιμῆς
2778 4887 3012 4957 ἐπλήρου
3052 4889 3144 4940 καὶ
3183 4890 3211 4941 ὀ
3261 4889 3432 4958 μέγας
3470 4886 3622 4941 Δαὸὶδ
3657 4880 3768 4951 πρὸς

2240 4975 2329 5028 τὸν
2356 4976 2555 5047 Κύριον
2590 4976 2645 5028 ἕν
2674 4994 2775 5028 τινι
2803 4979 3067 5049 προοιμίῳ
3096 4980 3189 5050 τῆς
3218 4979 3550 5050 ψαλμῳδὶας,
3584 4973 3769 5043 ἀγαπᾷν

2241 5066 2513 5137 ὁμολογῶν
2559 5065 2648 5119 τὸν
2682 5066 2915 5138 Κύριον,
2950 5068 3042 5119 καὶ
3083 5068 3289 5132 διεξιὼν
3336 5072 3403 5121 τὰ
3449 5069 3541 5137 τῆς
3583 5064 3768 5132 ἀγάπης

2242 5160 2406 5223 αἴτια,
2456 5159 2656 5226 ἰσχὺν,
2699 5161 2791 5212 καὶ
2873 5161 3222 5228 κραταίωμα.
3268 5163 3360 5213 καὶ
3432 5151 3766 5224 καταφυγὴνο

2236 5252 2327 5303 καὶ
2344 5252 2603 5319 ρυστὴν,
2650 5253 2743 5303 καὶ
2791 5253 2937 5304 Θεὸν
2988 5252 3238 5318 βοηθὸν,
3282 5254 3377 5306 καὶ
3417 5248 3640 5309 ἐλπίδα,
3694 5240 3768 5294 καὶ

2235 5340 2709 5410 ὐπερασπιστὴν,
2739 5344 2832 5395 καὶ
2878 5346 3171 5411 σωτηρίας
3207 5346 3402 5411 κέρας,
3436 5342 3524 5395 καὶ
3566 5330 3769 5398 ἀντιλή·

2235 5448 2437 5498 πτορα,
2464 5432 2556 5483 καὶ
2585 5430 2653 5482 τὰ
2682 5430 2904 5483 τοιαῦτα
2936 5431 3131 5486 καλῶν.
3163 5434 3222 5485 Et
3253 5434 3351 5500 μὲν
3381 5428 3471 5485 οῦν
3501 5430 3593 5483 οὐκ
3647 5424 3769 5487 ἔστιν

2234 5520 2261 5571 ὁ
2291 5521 2578 5590 μονογενὴς
2619 5520 2745 5583 Υἱὸς
2789 5522 2957 5573 ταῦτα
3000 5525 3109 5583 τοῖς
3156 5521 3463 5591 ἀνθρώποις
3494 5516 3768 5588 γενόμενος»

2193 5707 2238 5738 ³⁵
2262 5705 2406 5760 Psal.
2443 5724 2534 5769 vn,
2577 5708 2627 5762 1.
2704 5710 2750 5740 ¹⁶
2788 5706 2932 5763 Psal.
2965 5724 3095 5774 ιτιι,
3133 5710 3188 5774 2,
3226 5710 3258 5763 ὅ
