3920 6470
177 351 259 407 357

1295 341 1573 401 CONTRA
1598 339 2014 418 'E}UNOMIUM,
2052 341 2177 396 LIB.
2215 341 2253 396 Ι.

3275 337 3383 393 558

178 461 524 521 ὑποστελλέσθω
548 461 610 515 τὸ
639 459 930 526 πλεονάζον
976 459 1076 532 τῆς
1119 459 1286 530 τιμῆς
1330 461 1424 514 ἐπὶ
1473 459 1688 524 τούτου,

1798 459 1870 513 ris
1910 472 2050 528 praee
2075 456 2319 518 ellentia,
2354 464 2411 509 ut
2455 455 2817 511 haeresiarcha
2846 458 3162 526 conlendit;
3199 461 3244 517 si
3276 477 3369 518 au-

176 557 284 611 κατά
305 557 383 608 τὸν
409 555 499 626 τῆς
521 554 783 625 αἱρέσεως
806 552 969 623 νόμον
989 568 1002 581 ⁸
1030 553 1078 606 εί
1107 551 1162 606 δὲ
1183 552 1360 606 πάντα
1383 551 1574 618 ταῦτα,
1598 552 1692 606 καὶ

175 649 284 718 ὑπὲρ
307 646 461 700 ταῦτα
508 646 598 699 τὸν
628 645 890 716 μονογενῆ
924 643 1058 698 Θεὸν
1084 639 1222 698 εἷναί
1269 662 1326 698 τε
1367 646 1460 698 καὶ
1491 645 1689 715 ὀνομά-

175 741 321 806 ζεσθαι
366 735 837 807 πεπιστεύκαμεν,
882 736 1023 790 κατὰ
1069 737 1250 790 πᾶσαν
1305 736 1511 806 ἀγαθοῦ
1553 737 1694 808 πρά-

171 847 335 899 γματος
369 827 456 881 καὶ
494 830 763 899 νοήματος
821 827 1083 891 ἐπίνοιαν,
1125 826 1261 897 πρὸς
1306 827 1366 879 τὸ
1411 826 1693 897 μεγαλεῖον

171 923 245 989 τῆς
267 922 312 971 ἐν
337 917 407 988 τῷ
437 919 609 988 Πατρὶ
635 916 969 988 ἀγαθότητος
999 908 1378 988 ἐξισαζόμενον
1412 935 1425 948 °
1477 918 1592 982 πῶς
1627 920 1693 972 ἄν

170 1029 232 1074 τις
247 1010 444 1076 εὔλογον
472 1007 607 1063 εἶναι
651 1011 821 1080 λέγοι,
854 1011 886 1080 ἢ
922 1011 995 1080 μὴ
1036 1011 1254 1081 ἀγαπᾷν
1281 1010 1343 1063 τὸ
1367 1010 1626 1072 τοιοῦτον,
1657 1012 1690 1080 ἢ

170 1103 403 1173 ἀτιμάζειν
427 1102 485 1155 τὺ
512 1102 910 1172 ἀγαπώμενον;
979 1105 1051 1156 Οὑ
1089 1105 1196 1173 γὰρ
1227 1102 1292 1156 ἂν
1317 1104 1459 1156 εἴποι
1487 1121 1571 1167 τις
1593 1105 1692 1174 τὴν

169 1197 246 1266 μὲν
267 1196 465 1265 ἀγάπην
486 1195 595 1248 δεῖν
624 1197 682 1262 ἐξ
709 1197 835 1266 ὅλης
863 1195 1142 1266 ἐρχεσθαι¹
1180 1198 1279 1266 τῆς
1310 1195 1533 1267 καρδίας
1599 1195 1693 1248 καὶ

168 1287 242 1356 τῆς
262 1287 538 1358 δυνάμεως,
572 1286 672 1359 τὴν
717 1288 774 1340 δὲ
816 1287 978 1359 τιμὴν
1008 1288 1065 1354 ἐξ
1105 1288 1380 1358 ἡμισείας.
1422 1289 1485 1340 Ei
1515 1283 1606 1342 οὖν
1634 1289 1694 1353 ἐξ

168 1381 265 1448 ὅλης
286 1379 374 1448 τῆς
399 1379 621 1449 καρδίας
644 1381 871 1450 τιμᾶται
900 1382 928 1433 ὁ
955 1380 1104 1443 Υἱὸς,
1129 1379 1217 1432 διὰ
1242 1379 1334 1432 τοῦ
1364 1383 1542 1434 πᾶσαν
1561 1382 1692 1434 ἀνα-

174 1470 335 1524 τιθέναι
364 1469 505 1541 αὑτῷ
558 1471 803 1542 ἀγάπην,
838 1471 920 1534 τίς
960 1471 1170 1524 ἐπίνοια
1199 1471 1259 1524 τὸ
1291 1471 1450 1525 πλέον
1483 1471 1582 1542 τῆς
1610 1490 1693 1524 τι-

171 1563 251 1634 μῆς
268 1562 705 1633 ὲξευρήσει,·ὃλης
738 1563 838 1632 1?};
867 1563 1112 1633 καρδίας,
1139 1562 1259 1614 ὅσον
1290 1565 1477 1634 χωρεῖ,
1505 1563 1694 1616 10305-

168 1655 373 1726 ωναὺτῷ
393 1653 476 1707 διὰ
501 1655 600 1724 τῆς
628 1654 851 1724 ἀγάπης
905 1655 964 1706 τὸ
990 1655 1091 1724 τῆς
1113 1656 1276 1726 τιμῆς
1303 1655 1498 1726 μέτρον
1525 1655 1695 1726 δωρο-

171 1746 421 1817 φοροὺσης;
450 1746 614 1798 Ὥστε
661 1745 886 1816 μάταιος
930 1746 1021 1799 ἐπὶ
1065 1745 1171 1798 τῶν
1222 1747 1361 1799 κατὰ
1407 1747 1568 1815 φύσιν
1612 1765 1695 1799 τι-

171 1840 278 1911 μίων
317 1840 342 1890 ὁ
385 1839 447 1911 τδ
490 1839 892 1910 προτιμότερον
937 1838 1296 1910 δογματίζων,
1339 1840 1434 1892 καὶ
1471 1839 1557 1893 διά
1597 1839 1696 1909 1?};

168 1930 372 2000 τοιαύτης
411 1907 755 2000 συγκρίσεως
786 1926 880 1982 105
923 1929 1244 2000 ἀτιμοτέρου
1294 1928 1570 2000 παριστῶν
1599 1929 1696 2002 τὴν

170 2024 350 2077 ἔννοιαν.

227 2205 359 2258 Ἀλλά
398 2205 490 2259 καὶ
524 2203 587 2256 τὸ
616 2203 1025 2272 πρεσϐύτερον
1080 2202 1174 2256 ἐπὶ
1203 2201 1300 2273 μὲν
1327 2201 1422 2272 τῆς
1468 2201 1697 2266 κτίσεως

170 2298 305 2365 λέγειν
334 2295 521 2367 ἀληθές
555 2297 676 2348 ἐστι
703 2312 719 2327 '
770 2295 870 2365 1?};
899 2295 1008 2366 γὰρ
1036 2293 1355 2358 ἀκολουθίας
1385 2293 1492 2348 τῶν
1520 2294 1696 2366 ἔργων

169 2391 210 2442 ὲν
243 2391 296 2458 τῇ
337 2387 476 2452 τάξει
516 2382 634 2441 τῶν
662 2386 883 2456 ἡμερῶν
922 2386 1300 2456 δεικνυμένης,
1347 2385 1491 2440 εἴποι
1523 2405 1604 2450 τις
1631 2386 1696 2439 ἂν

167 2480 241 2550 1i};
277 2480 357 2534 105
407 2479 699 2551 ἀνθρώπου
763 2481 1105 2550 κατασκευῆς
1167 2478 1377 2532 τόσονδε
1437 2478 1696 2550 προγενέ-

169 2587 312 2639 στερον
346 2567 478 2624 εἶναι
516 2572 616 2624 τὸν
657 2570 906 2639 οὐρανὸν,
951 2571 1044 2623 καὶ
1088 2569 1440 2640 διαμετρήσει
1476 2569 1574 2640 τὸν
1609 2568 1696 2622 διὰ

169 2637 296 2731 μέσον
334 2662 512 2732 χρόνον
554 2661 637 2732 τῷ
669 2637 780 2715 τῶν
810 2660 1034 2732 ἡμερῶν
1079 2637 1427 2730 διαστήματι.
1473 2637 1609 2734 (fici
1637 2658 1694 2711 δὲ
1735 2735 1737 2740 Ι

168 2755 240 2823 1?};
261 2755 458 2826 πρώτης
484 2755 708 2824 φύσεως
732 2756 830 2825 τῆς
860 2756 1040 2807 πᾶσαν
1070 2753 1168 2822 μὲν
1204 2752 1458 2823 χρονικὴν
1489 2751 1694 2804 ἔννοιαν
1730 2755 1732 2788 ῖ

169 2845 533 2916 ὑπεραιροὺσης,
571 2847 753 2898 πᾶσαν
785 2845 828 2898 δ’
859 2846 1098 2898 ἐπίνοιαν
1122 2845 1532 2916 καταληπτικὴν
1564 2845 1699 2897 ἀπο-

166 2934 423 3008 λειπούσης,
455 2938 516 2991 τδ
555 2939 657 3009 μέν
691 2955 745 2990 τι
773 2939 1032 3007 προάγειν
1059 2939 1115 2991 ἐν
1140 2941 1252 3000 τοῖς
1293 2936 1433 2990 κατὰ
1459 2937 1548 2989 τὸν
1574 2938 1697 3008 χρό-
1721 2947 1730 3002 ,’

167 3042 233 3079 νον
256 3027 613 3115 πρεσϐείοιςρϋ
629 3027 691 3080 τὸ
727 3028 784 3082 δὲ
815 3027 1188 3099 ὲφυστερίζειν
1217 3028 1443 3090 οἴεσθαι,
1474 3029 1572 3098 τῆς
1603 3011 1728 3080 v5};|

167 3117 470 3191 ἀναφανείσης
519 3121 719 3188 σοφίας
753 3121 934 3198 ἐστίν-δ,
979 3119 1038 3172 '0
1070 3120 1178 3190 γὰρ
1209 3119 1476 3191 πρεσϐὑτε
1489 3139 1576 3190 ρον
1605 3118 1696 3172 τὸν

168 3210 335 3282 Πατέρα
362 3217 455 3284 τῆς
485 3212 585 3266 105
633 3213 969 3282 Μονογενοῦς
1011 3213 1362 3276 ὑποστάσεως
1401 3214 1698 3282 ἀποφαινό-

170 3320 320 3371 μενος,
360 3305 503 3359 οὐδὲν
553 3306 683 3359 ἄλλο
737 3306 770 3377 ἦ
827 3304 1087 3374 νεώτερον
1133 3305 1240 3357 τῶν
1283 3303 1373 3356 διὰ
1423 3303 1517 3356 105
1564 3302 1692 3356 T205

168 3396 417 3465 γινομένων
465 3397 636 3451 αὑτὸν
671 3397 760 3450 τὸν
786 3397 913 3452 Υίὸν
941 3395 1327 3464 ἀποφαίνεταν
1367 3397 1524 3465 εἴπερ
1559 3394 1693 3465 ἀλη-

169 3483 234 3548 θδς
254 3488 435 3552 πάντας
484 3489 692 3551 αἰῶνας
732 3488 824 3540 καὶ
854 3488 962 3540 πᾶν
987 3487 1259 3558 διάστημα
1284 3487 1530 3559 χρονικὺν
1559 3487 1693 3557 μετά

167 3575 233 3632 τὸν
257 3579 388 3645 Υἱδν,
419 3583 511 3635 καὶ
564 3581 651 3636 διὰ
679 3581 773 3634 105
812 3580 940 3634 Υἱοῦ
969 3580 1293 3650 γεγενῆσθαι
1335 3580 1532 3648 λέγειν.
1584 3579 1694 3633 Καὶ

167 3669 224 3725 ίτι
258 3675 372 3744 πρὸς
416 3675 652 3739 τούτοις,
701 3675 837 3746 ὅπερ
879 3675 974 3728 κοιλ¹
1010 3673 1212 3744 μᾶλλον
1257 3674 1550 3744 ἀπελέγχει
1595 3672 1693 3742 τὴν

168 3763 349 3819 ἀτοπίαν
373 3769 462 3820 τοῦ
486 3767 781 3838 δόγματος,
816 3767 876 3820 οὑ
907 3766 1066 3836 μόνον
1098 3765 1176 3836 τῷ
1203 3765 1314 3836 Υἱῷ
1354 3782 1693 3818 κατασκευα-

167 3851 373 3923 σθήσεται
414 3856 643 3926 χρονική
681 3873 765 3919 τις
805 3856 839 3926 ἡ
884 3855 1028 3926 ἀρχὴ
1069 3858 1168 3927 τῆς
1195 3855 1478 3927 ὑπάρξεως
1505 3857 1568 3907 ἐκ
1598 3855 1692 3908 105

165 3945 355 4000 τοιούτου
379 3947 566 4018 λόγου,
588 3947 701 4002 ἀλλ’
730 3947 848 4000 οὐδὲ
870 3947 960 4001 105
988 3947 1199 4018 Πατρὺς
1228 3950 1292 4000 ἐκ
1318 3947 1416 4017 τῆς
1440 3946 1692 4016 τοιαύτης

166 4035 434 4105 ἀκολουθίας
460 4039 763 4109 φείσονται,
809 4041 870 4093 τὸ
905 4039 980 4111 μὴ
1009 4041 1130 4110 οὐχὶ
1156 4040 1405 4093 κάκεῖνον
1432 4041 1540 4092 ἀπὸ
1569 4039 1694 4109 χρό-

165 4143 231 4179 νου
254 4131 340 4202 τὴν
367 4132 538 4204 ἀρχὴν
583 4133 875 4202 ἐσχηκέναι
911 4131 1313 4186 κατασκευάσαι
1345 4147 1358 4162 ⁸
1406 4133 1454 4184 εἰ
1498 4131 1606 4201 γάρ
1641 4148 1691 4183 τι

165 4224 340 4289 σημεῖον
369 4225 690 4294 ὑπέρκειται
708 4224 1064 4293 γνωριστικὸν
1095 4224 1191 4295 τῆς
1223 4223 1315 4277 τοῦ
1343 4222 1472 4277 Υἱοῦ
1501 4225 1693 4294 γεννή-

165 4328 286 4378 σεως,
310 4317 473 4372 έκεῖνο
495 4317 743 4388 δηλονότι
773 4321 867 4372 καὶ
890 4317 969 4388 τῷ
1001 4318 1172 4389 Πατρὶ
1198 4316 1295 4388 τὴν
1320 4317 1492 4389 ἀρχὴν
1519 4317 1690 4389 ὁρίσει

161 4400 237 4470 τῆς
261 4405 618 4470 ὑποστάσεως.

1723 3169 1764 3223 C

1795 557 1900 604 tem
1929 551 2223 612 credimus,
2255 550 2436 601 omnia
2471 548 2604 610 haec,
2647 557 2699 602 et
2725 548 2812 604 his
2845 551 3004 620 longe
3039 556 3214 622 plura,
3252 557 3380 610 uni-

1790 641 2034 710 genitum
2073 639 2269 694 Filium
2309 647 2529 703 etesse,
2557 647 2610 694 et
2643 647 2789 694 recte
2841 641 2970 703 dici,
3012 647 3384 717 aequalemque

1791 731 1939 786 Patri
1965 731 2168 786 factum
2203 731 2257 786 in
2286 732 2433 785 omni
2471 731 2827 802 perfectione,
2854 743 2906 788 et
2954 739 3379 806 magniﬁcentia,

1793 824 1847 877 in
1888 824 2036 877 omni
2093 838 2254 893 opere
2305 832 2452 878 recto
2510 835 2562 878 et
2612 826 2960 895 cogitatione,
2995 845 3115 898 quae
3183 832 3235 884 in
3286 847 3382 886 uo-

1793 925 1961 970 stram
1987 915 2394 984 intelligentiam
2427 916 2620 970 cadere
2659 921 3154 989 possitzquomodo
3184 924 3381 993 aliquis

1797 1008 1991 1060 rationi
2019 1016 2443 1062 consentaneum
2497 1026 2618 1066 esse
2647 1011 2854 1077 credat,
2884 1012 2964 1065 vel
3021 1028 3127 1066 non
3159 1014 3381 1083 diligere

1795 1100 1980 1164 talem,
2031 1101 2109 1152 vel
2156 1115 2316 1167 quem
2347 1101 2538 1172 diligas
2589 1103 2950 1158 inhonorare?
2995 1103 3180 1174 Neque
3234 1108 3380 1161 enim

1796 1202 1943 1245 recte
1975 1191 2098 1260 quis
2133 1190 2332 1244 dixerit
2377 1206 2616 1246 amorem
2657 1207 2720 1247 ex
2751 1202 2863 1246 toto
2902 1195 3066 1249 corde
3125 1203 3180 1251 et
3209 1212 3271 1250 ex
3305 1206 3382 1252 to—

1794 1284 1862 1336 tis
1893 1282 2102 1337 viribus
2131 1283 2403 1353 proﬁcisci
2437 1284 2655 1344 debere.
2712 1285 2973 1340 honorem
3010 1303 3140 1341 vero
3163 1304 3229 1342 ex
3267 1304 3379 1343 me-

1795 1372 1920 1427 diis.
1953 1372 2007 1426 Si
2042 1373 2208 1444 igitur
2233 1375 2536 1427 honoratur
2575 1374 2745 1429 Filius
2779 1393 2842 1429 ex
2875 1384 2989 1430 toto
3015 1379 3201 1441 corde,
3230 1377 3379 1448 quod

1796 1473 1944 1520 totus
1977 1481 2130 1519 amor
2166 1467 2219 1520 in
2251 1481 2376 1521 eum
2426 1469 2496 1521 sit
2527 1469 2914 1532 conferendas,
2943 1485 3192 1538 quaenam
3228 1473 3378 1539 cogi-

1796 1558 1930 1610 tatio
1973 1571 2255 1613 excessum
2314 1559 2537 1614 honoris
2586 1560 2840 1621 inveniet.
2895 1576 3019 1614 cum
3062 1568 3236 1615 totum
3282 1577 3379 1616 cor

1799 1656 2061 1718 quantam
2095 1658 2294 1720 potest,
2326 1659 2531 1706 tantam
2575 1653 2676 1722 ipsi
2724 1669 2820 1723 per
2868 1669 3106 1709 amorem
3151 1655 3376 1710 honoris

1799 1755 2108 1795 mensuram
2142 1737 2502 1797 admetiatur?
2547 1745 2730 1814 itaque
2760 1761 2931 1800 vanus
2969 1754 3051 1800 est
3085 1754 3138 1800 et
3169 1746 3375 1812 fatuus,

1730 1811 1771 1870 Β
1801 1832 1893 1902 qui
1929 1847 1995 1887 ex
2021 1833 2185 1889 rebus
2220 1835 2273 1889 in
2311 1835 2412 1889 hac
2458 1850 2639 1890 rerum
2677 1837 3032 1892 universitate
3056 1837 3264 1893 honore
3295 1839 3378 1892 di-

1798 1923 1920 1992 gnis
1981 1922 2208 1979 honoris
2249 1925 2668 1995 inatqualitatem
2701 1926 2754 1980 iu
2799 1927 3000 1982 divinis
3024 1929 3250 1997 colligit,
3280 1929 3379 1981 ha-

1797 2029 2027 2084 rumque
2055 2018 2462 2086 comparatione
2501 2019 2729 2075 minoris
2778 2019 3064 2088 cujusdam
3095 2020 3377 2090 dignitatis

1796 2104 2255 2160 existimationem
2294 2107 2518 2162 invehit.

1866 2194 2132 2251 Caaterum
2180 2203 2235 2250 et
2282 2197 2607 2252 vocabulum
2639 2199 2905 2268 antiquius
2938 2199 2990 2253 in
3019 2199 3182 2254 rebus
3222 2214 3377 2253 crea-

1798 2288 1869 2342 tis
1917 2299 2067 2343 recte
2117 2299 2492 2358 usurparetur.
2528 2290 2661 2345 Cum
2713 2292 2855 2345 enim
2910 2291 3044 2346 ordo
3092 2299 3145 2346 et
3205 2291 3378 2348 series

1798 2393 1980 2434 rerum
2003 2381 2074 2435 sit
2123 2390 2176 2435 et
2202 2389 2413 2435 constet
2433 2384 2624 2436 ordine
2652 2390 2706 2438 et
2736 2384 2877 2438 serie
2893 2383 3104 2437 dierum
3133 2384 3176 2414 ³⁷
3205 2401 3217 2439 2
3249 2384 3377 2453 jure

1799 2469 2082 2524 affirmarit
2111 2472 2234 2542 quis
2262 2471 2499 2528 hominis
2533 2474 2813 2528 creatione
2845 2483 2994 2528 tanto
3024 2483 3075 2530 et
3099 2482 3250 2528 tanto
3281 2491 3378 2529 au-

1797 2565 2033 2634 tiquius,
2058 2571 2111 2619 et
2140 2565 2293 2634 prius
2324 2581 2450 2620 esse
2505 2566 2728 2632 caelum,
2767 2565 3190 2638 dimetieturque
3242 2576 3381 2623 tem-

1800 2673 1902 2727 pus
1937 2658 2279 2726 interjectum
2311 2658 2596 2713 intervallo
2647 2659 2879 2713 dierum.
2925 2659 2980 2712 In
3024 2661 3196 2729 prima
3248 2676 3379 2715 vero

1797 2749 1888 2802 illa
1947 2759 2166 2815 natura,
2229 2766 2350 2821 qua:
2401 2766 2617 2804 omnem
2684 2752 3066 2820 temporariam
3107 2752 3377 2806 rationem

1799 2841 2178 2904 transcendit,
2216 2857 2550 2912 omnemque
2598 2842 3008 2910 intelligentiam
3058 2843 3378 2916 longissime

1797 2942 2107 3002 exsuperat,
2135 2934 2281 2988 aliud
2337 2935 2555 3003 quidem
2610 2935 2762 3005 prius
2793 2935 3018 2990 credere
3073 2936 3374 3002 etdecere,

1799 3025 2098 3080 secundum
2127 3025 2389 3096 temporis
2425 3025 2770 3080 durationem
2819 3035 2872 3080 et
2927 3027 3376 3096 praecellentiam,
3460 3025 3461 3028 “

1800 3117 1944 3171 aliud
1987 3133 2116 3172 vero
2157 3119 2450 3187 posterius,
2488 3119 2772 3187 proprium
2805 3126 2889 3171 est
2919 3119 3038 3187 ejus
3073 3121 3376 3189 sapientia),

1803 3226 1922 3278 quae
1951 3209 2062 3278 jam
2091 3224 2262 3279 nuper
2286 3209 2485 3280 prodiit
2517 3210 2570 3262 in
2599 3209 2797 3264 lucem.
2847 3208 2948 3275 Qui
2984 3210 3127 3265 enim
3163 3211 3379 3268 Patrem

1803 3301 2162 3370 antiquiorem
2209 3302 2416 3364 statuit,
2458 3315 2619 3370 quam
2673 3301 3009 3370 unigenitum
3067 3301 3284 3369 Filium,
3333 3306 3381 3362 is

1803 3393 1936 3447 nihil
1967 3393 2115 3447 aliud
2147 3394 2277 3462 agit,
2319 3405 2482 3463 quam
2508 3393 2654 3463 quod
2683 3394 2962 3462 juniorem
2996 3395 3193 3452 Filium
3244 3396 3381 3453 facit

1803 3484 1892 3549 iis,
1920 3500 2041 3554 quae
2073 3501 2166 3554 per
2208 3487 2386 3556 ipsum
2418 3486 2557 3540 facta
2589 3494 2718 3540 sunt
2750 3505 2762 3540 :
2800 3487 2846 3542 si
2875 3503 3066 3542 verum
3121 3501 3226 3553 est,
3264 3506 3384 3546 om-

1804 3575 1893 3628 nia
1958 3576 2157 3631 saecula
2209 3585 2262 3632 et
2317 3592 2480 3633 omne
2525 3577 2868 3632 intervallum
2917 3583 3214 3649 temporale
3257 3590 3384 3652 post

1794 3666 2021 3735 Filium,
2081 3677 2135 3724 et
2166 3685 2263 3738 per
2303 3669 2501 3725 Filium
2541 3670 2682 3725 facta
2729 3687 2872 3727 esse.
2909 3670 3198 3740 Praeterea,
3237 3676 3383 3746 quod

1801 3760 2006 3815 clarius
2035 3761 2430 3817 absurditatem
2462 3763 2735 3833 dogmatis
2765 3765 3036 3834 coarguit,
3061 3782 3167 3820 non
3200 3769 3379 3825 solum

1801 3853 1904 3908 hac
1930 3856 2139 3909 ratione
2168 3854 2287 3908 Filii
2314 3856 2594 3927 hypostasi
2621 3866 2675 3912 et
2701 3858 3035 3913 cxsistentia:
3080 3864 3382 3931 temporale

1800 3946 2020 4016 aliquod
2056 3948 2385 4018 principium
2433 3949 2799 4004 attribuemus
2825 3990 2838 4014 ,
2873 3951 2966 4005 sed
3020 3960 3074 4005 et
3129 3952 3290 4009 Pater
3323 3956 3377 4009 in

1801 4038 2040 4106 periculo
2073 4040 2200 4099 erit,
2251 4056 2318 4094 ne
2355 4051 2407 4094 et
2467 4040 2582 4109 ipse
2631 4040 2940 4095 afﬁrmetur
2981 4042 3246 4112 originem
3310 4047 3381 4101 ab

1801 4130 1983 4200 aliquo
2019 4133 2280 4201 temporis
2332 4132 2488 4186 initio
2543 4133 2808 4198 traxisse;
2841 4134 2888 4186 si
2933 4134 3076 4188 enim
3113 4135 3378 4192 indicium

1801 4221 2021 4292 aliquod
2070 4231 2175 4287 est,
2209 4238 2318 4296 quo
2356 4224 2670 4280 innotescat
2723 4223 2848 4279 Filii
2898 4227 3204 4296 generatio,
3242 4229 3379 4285 illud

1799 4314 2025 4369 omnino
2067 4313 2246 4372 Patris
2275 4331 2493 4388 quoque
2527 4324 2707 4372 ortum
2737 4324 2794 4373 et
2820 4319 3198 4375 exsistentiam
3252 4321 3381 4377 deli-

1801 4407 1912 4461 niet
1936 4422 2000 4461 ac
2026 4408 2462 4463 circumscribet.

213 4495 489 4570 Σαφηνείας
518 4499 577 4552 δὲ
611 4498 770 4571 χάριν
797 4499 896 4553 οὐκ
923 4500 1144 4570 ἄκαιρον
1178 4499 1306 4562 ἴσως
1334 4498 1696 4568 φιλοπονώτε-

1873 4498 2152 4553 Claritatis
2188 4515 2354 4568 porro
2389 4501 2564 4570 gratia
2600 4501 2742 4557 forte
2777 4517 2884 4558 non
2923 4503 3379 4576 intempestivum

163 4600 231 4652 ρον
270 4587 506 4653 ἐξετάσαι
558 4589 649 4643 τὸν
694 4589 868 4658 λόγον.
936 4589 992 4642 'U
1035 4590 1406 4661 πρεσϐυτέραν
1450 4591 1550 4661 τῆς
1595 4589 1690 4642 τοῦ

161 4677 260 4732 Ποῦ
286 4681 421 4752 ζωῆς
450 4683 549 4754 τὴν
577 4681 673 4735 τοῦ
715 4682 930 4753 Πατρὸς
972 4681 1334 4751 δογματίζων.
1366 4681 1694 4754 διαστήματι

160 4784 238 4822 τινι
275 4771 357 4826 τὸν
403 4773 683 4843 Μονογενῆ
733 4771 826 4826 105
880 4773 974 4826 ἐπὶ
1025 4772 1240 4826 πάντων
1265 4773 1399 4826 Θεοῦ
1438 4773 1690 4844 διΐστησιο

160 4860 283 4916 τοῦτο
310 4865 362 4917 δὲ
393 4865 426 4936 ἢ
469 4865 694 4936 ἀπειρόν
723 4882 775 4918 τι
811 4864 1141 4937 ὑποθήσεται
1175 4864 1237 4918 τδ
1261 4864 1349 4918 διὰ
1385 4864 1548 4936 μέσου
1580 4864 1693 4918 διά-

162 4968 324 5026 στημα,
367 4959 399 5028 ἡ
443 4975 552 5012 τισι
584 4957 784 5027 πέρασι
837 4957 930 5010 καὶ
961 4958 1210 5028 σημείοις
1237 4961 1486 5028 φανεροῖς
1513 4957 1690 5029 ὁριζό-

162 5061 304 5112 μενον.
369 5049 505 5103 Ἀλλ’
558 5049 783 5122 ἄπειρον
835 5051 934 5121 μὲν
980 5051 1154 5104 εἰπεῖν
1186 5051 1286 5105 οὑκ
1335 5051 1482 5105 ἐάσει
1529 5053 1558 5104 ὁ
1595 5051 1690 5120 τῆς

161 5137 412 5209 μεσότητος
443 5141 621 5211 λόγος,
653 5142 686 5212 ἢ
738 5141 1015 5204 παντελῶς
1050 5141 1148 5214 τὴν
1170 5141 1264 5196 105
1291 5142 1499 5213 Πατρός
1518 5159 1577 5195 τε
1598 5141 1693 5195 καὶ

160 5218 258 5275 Υἱοῦ
288 5226 486 5282 ἔννοιαν
531 5229 823 5301 διαγράφει
872 5231 951 5303 τῷ
983 5231 1128 5303 λόγῳ
1161 5249 1174 5264 ο
1226 5234 1319 5286 καὶ
1365 5235 1484 5288 οὑδὲ
1532 5236 1692 5304 μέσον

159 5311 260 5367 αὐτὸ
288 5320 480 5390 νοήσει,
504 5322 609 5385 ’έως
637 5321 703 5374 ἂν
736 5322 962 5395 ἄπειρον
1058 5325 1194 5396 πρὸς
1219 5325 1501 5397 οὐθέτερον
1521 5326 1692 5396 ὁριζό-

162 5419 320 5473 μενον,
367 5410 486 5465 οὑτε
535 5413 628 5466 ἐπὶ
674 5413 733 5466 τὸ
779 5414 891 5468 ἄνω
936 5415 1033 5485 τῆς
1080 5417 1173 5470 105
1223 5417 1436 5488 Πατρὸς
1484 5419 1690 5481 ἑννοίας

158 5498 522 5577 ἀπκεμνοὺσης
547 5505 643 5560 τοῦ
670 5505 899 5580 ἀπείρου
932 5508 1028 5578 τὴν
1053 5509 1333 5582 πρόσοδον,
1365 5509 1485 5563 οὔτε
1518 5511 1609 5562 ἐπί
1632 5511 1690 5568 τὸ

157 5589 280 5646 κάτω
304 5596 393 5650 105
426 5597 552 5652 Υίοῦ
579 5599 680 5670 τὴν
708 5600 964 5656 ἀπειθίαν
990 5602 1350 5667 ὲκκόπτοντος
1375 5622 1387 5634 ο
1422 5602 1558 5674 αὕτη
1581 5604 1689 5674 γὰρ

239 5774 278 5807 ⁸⁷
303 5775 429 5832 Gen.
461 5794 499 5849 t,
526 5780 559 5835 5
591 5797 711 5853 sqq.

1798 4587 1961 4642 fuerit
1992 4590 2311 4646 accuratius
2344 4592 2665 4647 examinare
2695 4595 3085 4650 assertionem.
3129 4596 3232 4662 Qui
3272 4595 3379 4650 Pa-

1795 4682 1898 4734 tris
1927 4680 2308 4735 exsistcntiam
2344 4682 2505 4738 docet
2540 4685 2914 4755 antiquiorem
2946 4701 3071 4741 esse
3101 4688 3379 4742 exsisten-

1794 4772 1868 4826 tia
1902 4772 2055 4835 Filii,
2097 4776 2143 4830 is
2179 4776 2472 4832 intervallo
2503 4776 2741 4847 quodam
2777 4777 3122 4847 unigenitum
3172 4777 3374 4833 Filium

1793 4877 2010 4937 separat
2059 4871 2128 4925 ab
2178 4872 2429 4926 omnium
2481 4871 2638 4928 Deo:
2691 4872 2797 4928 hoc
2843 4889 2974 4928 vero
3023 4872 3375 4942 interjectum

1793 4958 2142 5016 intervallum
2199 4974 2295 5019 aut
2326 4964 2606 5019 inﬁnitum
2658 4973 2952 5029 statuetur,
2989 4973 3084 5020 aut
3118 4964 3286 5018 certis
3321 4971 3377 5018 et

1793 5049 2102 5108 manifestis
2134 5053 2406 5109 limitibus
2440 5054 2946 5118 circumscriptum.
3001 5053 3068 5107 At
3099 5055 3374 5108 inlinitum

1793 5156 1919 5196 esse
1953 5159 2060 5198 non
2094 5147 2360 5213 permittit
2392 5146 2535 5198 ratio
2567 5145 2730 5200 medii
2762 5145 3037 5212 interjecti
3062 5185 3076 5209 ,
3114 5145 3198 5199 vel
3229 5154 3376 5200 certe

1797 5230 1974 5288 Patris
2005 5246 2056 5289 et
2087 5234 2210 5289 Filii
2251 5237 2510 5292 rationem
2551 5239 2769 5305 penitus
2801 5238 2990 5304 tollet;
3040 5253 3215 5306 neque
3261 5253 3376 5292 me-

1797 5326 1947 5380 dium
1986 5327 2171 5382 animo
2203 5332 2496 5400 concipere
2527 5329 2753 5395 licebit,
2785 5345 3072 5398 quousque
3104 5328 3267 5383 fuerit
3292 5328 3377 5382 in-

1801 5420 2048 5485 ﬁnitum,
2109 5429 2306 5475 neutra
2337 5437 2401 5476 ex
2464 5430 2621 5492 parte
2659 5421 2824 5476 certis
2866 5421 3116 5476 terminis
3145 5421 3376 5476 conclu-

1799 5527 1918 5566 sum
1951 5530 1964 5579 ;
2022 5527 2200 5582 neque
2251 5527 2506 5583 supreme
2545 5513 2590 5568 si
2644 5512 2862 5568 Patrem
2897 5512 3210 5582 concipiat,
3247 5511 3374 5567 infi-

1799 5604 1894 5658 niti
1934 5605 2303 5660 immensitate
2355 5604 2663 5672 desinente,
2728 5603 2904 5675 neque
2951 5603 3168 5662 inferne
3235 5602 3378 5662 Filio
