3920 6518
500 293 608 349 559

1736 274 1793 339 s.
1831 262 2154 339 casam"
2195 260 2488 336 stssx’t
3636 253 3726 331 aro

500 408 699 466 inﬁniti
729 408 964 479 spatium
994 379 1349 461 terminante.
1380 391 1489 458 lSIa
1516 403 1662 458 enim
1693 402 1888 456 inﬁniti
1922 400 2076 456 notio

2195 400 2272 453 τοῦ
2302 402 2530 473 ἀπείρου
2562 400 2594 473 ἡ
2628 399 2804 455 ἔννοια
2848 393 2910 450 τὸ
2957 380 3294 464 πανταχόθεν
3334 390 3649 461 ὲκκεχύσθαι
3672 400 3728 467 τῇ

500 509 555 556 et
589 502 728 553 ratio
773 506 892 562 est,
938 510 1380 569 quaquaversum
1422 500 1620 548 natura
1665 507 1763 549 sua
1810 490 2066 545 diﬁ'usum

498 607 655 656 esse,
692 604 871 659 neque
899 589 1010 642 ullo
1040 587 1214 643 limite
1248 587 1359 641 ullo
1390 585 1553 641 modo
1585 582 1996 654 comprehendi.

570 701 743 771 Igitur
791 708 851 754 ut
898 699 1002 753 ﬁxa
1030 705 1086 753 et
1122 697 1351 752 immota
1383 704 1607 751 maneat
1636 694 1818 747 Patris
1849 699 1903 747 et
1946 690 2070 745 Filii

501 792 811 851 substantia
832 832 847 856 ,
880 800 935 847 et
961 806 1122 862 quam
1152 790 1220 845 de
1251 791 1355 844 hac
1383 790 1671 851 habemus,
1713 783 2068 845 existimatio,

500 900 611 939 non
645 884 771 938 licet
803 883 912 937 ulla
956 884 1168 937 ratione
1217 881 1490 935 inﬁnitum
1537 879 1884 935 intervallum
1926 874 2073 929 aﬁir-

502 990 687 1038 mare,
725 974 820 1029 sed
857 989 1086 1029 necesse
1130 974 1267 1038 erit,
1319 982 1380 1027 ut
1423 973 1575 1027 ﬁnito
1621 970 1857 1044 quodam
1894 968 2073 1039 spatio

504 1064 678 1120 Filius
705 1081 735 1119 a
762 1064 921 1120 Patre
953 1065 1025 1120 sit
1056 1074 1395 1135 segregatus.
1430 1064 1548 1116 Hoc
1574 1062 1741 1131 igitur
1773 1067 1893 1124 est,
1928 1058 2075 1129 quod

507 1173 720 1225 assero,
785 1157 1091 1211 doctrinam
1127 1157 1266 1209 hanc
1312 1170 1377 1209 eo
1417 1155 1675 1221 tendere,
1731 1160 1791 1207 ut
1833 1152 2076 1207 obtineat

507 1250 677 1305 Deum
708 1248 1089 1303 universorum
1119 1248 1188 1301 ab
1216 1255 1422 1301 αξιοι·ηο
1449 1262 1555 1301 non
1584 1245 1754 1301 fuisse
1773 1284 1788 1309 ,
1824 1244 1918 1299 sed
1946 1241 2078 1297 deﬁ-

507 1344 621 1397 nito
671 1341 907 1410 quodam
956 1340 1217 1409 temporis
1268 1347 1473 1406 puncto
1520 1347 1703 1393 ortum
1764 1336 2072 1390 habuisse:

508 1431 653 1502 quod
683 1430 950 1501 appositis
982 1430 1047 1484 ad
1081 1444 1193 1483 rem
1221 1429 1486 1499 exemplis
1521 1427 1844 1490 declarabo,
1882 1432 1943 1479 ut
1973 1437 2078 1478 no-

507 1522 592 1577 bis
618 1537 715 1591 per
747 1536 809 1575 ea
840 1536 961 1591 quae
988 1529 1115 1574 nota
1147 1528 1310 1584 sunt,
1341 1517 1692 1589 perspicuum
1725 1519 1817 1570 tiat
1845 1515 1898 1570 id
1929 1513 2077 1585 quod

509 1613 809 1682 ignoratur.
842 1610 1108 1675 Quoniam
1140 1609 1375 1662 dicimus
1400 1609 1589 1676 quinta
1614 1608 1703 1660 die
1728 1616 1849 1675 post
1878 1606 2079 1659 omium

510 1699 785 1755 hominem
822 1715 945 1754 esse
981 1698 1261 1753 conditum
1304 1714 1367 1753 ex
1400 1697 1604 1768 Moysis
1647 1699 1785 1751 libro
1818 1688 1886 1763 "3-,
1925 1698 2082 1749 facile

511 1795 677 1850 etiam
710 1791 1085 1862 signiﬁcamus
1117 1798 1242 1843 ante
1270 1790 1415 1845 hunc
1442 1792 1633 1844 horum
1664 1790 1875 1844 dierum
1903 1805 2084 1844 nume-

511 1900 632 1939 rum
702 1900 770 1939 ne
801 1885 1001 1938 etelum
1033 1883 1252 1953 quidem
1287 1884 1601 1937 exstitisse:
1664 1884 1798 1937 adeo
1847 1882 1900 1936 id
1941 1882 2085 1952 quod

512 1976 789 2048 posterius
822 1983 907 2030 est
932 2016 948 2037 ,
984 1975 1177 2029 deﬁnit
1210 1978 1431 2044 quoque
1468 1986 1521 2029 et
1554 1975 1961 2029 circumscribit
1994 1990 2089 2044 per

514 2069 896 2133 intervallum,
943 2067 995 2121 id
1027 2067 1173 2137 quod
1218 2068 1548 2133 antecessit,
1598 2082 1792 2135 nempe
1834 2069 2090 2122 substan-

512 2161 647 2215 tiam
711 2169 765 2214 et
803 2159 1175 2214 exsistentiam
1224 2157 1379 2227 ejus,
1422 2158 1566 2227 quod
1644 2166 1900 2227 tanquam
1940 2162 2089 2228 prius

514 2250 826 2320 concipitur
875 2258 929 2305 et
960 2249 1363 2305 consideratur.
1391 2248 1544 2314 Quod
1576 2249 1619 2303 si
1646 2266 1753 2303 non
1783 2252 1918 2305 satis
1946 2253 2091 2308 clare

513 2358 629 2399 rem
679 2345 783 2398 hoc
832 2344 1083 2413 eitemplo
1131 2342 1563 2407 illustravimus,
1609 2357 1905 2411 possumus
1938 2358 2089 2397 eam-

514 2434 635 2489 dem
670 2434 777 2489 alio
806 2434 1114 2489 evidentius
1158 2434 1577 2489 demonstrare:
1616 2449 1740 2487 cum
1775 2434 1945 2504 legem
1995 2450 2093 2505 per

515 2523 736 2593 Moysen
766 2523 946 2577 datam
966 2565 981 2589 ,
1010 2523 1427 2595 quadringentis
1454 2532 1509 2578 et
1541 2523 1766 2594 triginta
1802 2525 1964 2580 annis
1994 2540 2093 2595 po-

516 2618 801 2671 steriorem
829 2631 955 2670 esse
985 2616 1318 2670 alllrmamus
1369 2616 1737 2686 promissione
1790 2616 1879 2671 illa
1905 2616 2087 2672 divina

516 2721 638 2778 qua:
667 2707 734 2760 ad
768 2706 1041 2761 Abraham
1068 2706 1209 2761 facta
1240 2715 1357 2772 est,
1393 2708 1463 2771 si,
1497 2706 1663 2761 ducto
1695 2723 1724 2761 a
1762 2710 1877 2779 lege
1910 2710 2091 2775 initio,

518 2808 735 2868 tempus
787 2804 1095 2852 anteactum
1156 2796 1488 2866 cogitatione
1533 2797 1694 2866 quasi
1741 2796 2092 2852 ascendendo

517 2903 838 2960 percurrere
868 2888 1132 2951 velimus,
1165 2896 1219 2942 et
1248 2888 1467 2942 tandem
1499 2890 1565 2944 ad
1599 2888 1756 2943 ﬁnem
1787 2904 2087 2954 annorum,

516 2995 657 3051 quos
684 2979 1097 3034 numeravimus
1117 3018 1131 3041 ,
1168 2979 1557 3048 perveniamus
1583 3019 1598 3043 ,
1632 2981 1869 3036 dilucide
1899 2982 2094 3051 depre-

516 3071 808 3125 hendimus
830 3108 845 3133 ,
876 3068 1023 3139 quod
1060 3075 1187 3123 ante
1218 3069 1322 3123 hec
1356 3078 1573 3139 tempus
1604 3068 1786 3123 divina
1828 3071 1918 3124 illa
1965 3086 2091 3140 pro-

517 3164 708 3219 missio
739 3162 980 3217 nondutn
1028 3161 1231 3227 fuerit;
1276 3161 1557 3232 multaque
1592 3170 1887 3233 suppetunt
1925 3163 2090 3233 hujus

2176 492 2355 561 φύσει,
2392 494 2486 553 καὶ
2534 493 2723 564 μηδενὶ¹
2772 491 2967 563 πέρατι
3006 486 3321 559 μηδαμόθεν
3360 486 3730 557 περιλαμϐάνε-

2179 585 2322 638 σθαι.

2250 689 2458 744 Οὐκοῦν
2503 690 2588 744 ἵνα
2628 690 2802 759 παγία
2841 691 2936 743 καὶ
2979 689 3317 760 ἀμετάθετος
3375 686 3598 757 διαμένῃ
3626 687 3733 757 περὶ

2177 782 2271 835 τοῦ
2306 784 2517 855 Πατρὸς
2549 784 2643 837 καὶ
2670 783 2765 836 τοῦ
2798 782 2929 837 Υἱοῦ
2964 784 2997 854 ἡ
3026 781 3120 835 τοῦ
3156 779 3300 837 εἶναι
3331 778 3621 848 ὑπόληψις,
3661 779 3735 830 οὒ-

2179 873 2371 945 δεμίαν
2396 875 2506 939 ἕξει
2537 875 2717 946 χώραν
2747 875 2970 945 ἄπειρον
2995 874 3191 928 ἐννοεῖν
3218 872 3280 926 τὸ
3305 870 3595 940 διάστημα.
3619 869 3734 922 ἀλλὰ

2182 967 2583 1037 πεπερασμένῳ
2623 968 2729 1020 τινί
2767 967 2905 1021 κατά
2948 968 3129 1020 πᾶσαν
3170 965 3423 1033 ἀνάγκην
3466 962 3554 1014 τὸν
3590 963 3737 1015 Μονο-

2184 1062 2312 1131 γενῆ
2354 1061 2447 1112 τοῦ
2500 1060 2710 1131 Πατρὸς
2742 1060 3107 1128 διαστήσουσι.
3172 1056 3351 1110 Τοῦτο
3399 1050 3491 1108 οὖν
3542 1055 3673 1108 ἐστιν
3714 1054 3737 1107 ὃ

2186 1168 2348 1221 φημι,
2377 1152 2457 1203 ὅτι
2491 1152 2517 1203 ὁ
2546 1150 2703 1219 λόγος
2732 1144 2883 1213 οὗτος
2920 1151 3019 1203 οὑκ
3065 1149 3125 1213 ἐξ
3160 1148 3336 1201 ἀῑδίου
3379 1142 3516 1199 εἶναι
3555 1145 3638 1197 τὸν
3660 1141 3739 1197 ἐπὶ

2186 1242 2401 1295 πάντων
2434 1236 2584 1305 Θεὸν,
2617 1242 2729 1295 ἀλλ’
2764 1242 2871 1294 ἀπό
2899 1258 3041 1306 τινος
3070 1240 3380 1313 ὡρισμένου
3417 1238 3634 1308 σημείου
3657 1236 3738 1307 τὴν

2185 1332 2358 1404 ἀρχὴν
2391 1330 2681 1404 ἐσχηκέναι
2717 1333 3149 1403 παρασκευάσει’
3188 1330 3217 1383 ὃ
3243 1318 3304 1383 δὲ
3338 1329 3501 1397 λέγω,
3531 1326 3739 1379 τοιοῦτόν

2186 1424 2302 1476 ἐστι
2324 1439 2338 1453 ο
2382 1424 2519 1490 λέξω
2547 1424 2604 1476 δὲ
2635 1423 2722 1476 διὰ
2749 1423 2856 1476 τῶν
2900 1423 3191 1494 γνωρίμων
3224 1421 3633 1490 ὑποδειγμάτων
3662 1436 3741 1471 σα-

2188 1514 2427 1585 φηνίξων
2470 1515 2530 1568 τὸ
2556 1516 2753 1584 νόημα,
2798 1516 2873 1578 ὼς
2903 1516 2968 1568 ἂν
3001 1515 3211 1583 γένοιτο
3239 1514 3329 1566 διὰ
3372 1512 3482 1566 τῶν
3512 1510 3740 1582 φαινομέ-

2188 1624 2293 1661 νων
2326 1608 2632 1675 καταφανὲς
2663 1609 2792 1679 ἡμῖν
2826 1608 2887 1661 τὸ
2933 1608 3320 1681 ἀγνοούμενον.
3366 1607 3594 1676 Πέμπτῃ
3623 1604 3738 1673 μετὰ

2188 1696 2278 1749 τὸν
2305 1686 2527 1767 οὐρανὸν
2553 1700 2734 1769 ἡμέρᾳ
2756 1696 3079 1768 γεγενῆσθαι
3098 1697 3187 1750 τὸν
3216 1696 3503 1767 ἄνθρωπον
3522 1696 3737 1762 λέγοντες

2188 1790 2254 1841 ὲκ
2294 1789 2391 1861 τῆς
2444 1790 2686 1853 Μωσέως
2742 1790 3001 1860 Γραφῆς,
3054 1787 3637 1858 συγκατεσκευάσαμεν
3676 1785 3740 1855 τῷ

2188 1879 2331 1950 λόγῳ
2362 1880 2535 1952 τούτῳ
2568 1881 2707 1934 κατὰ
2731 1882 2796 1934 τὸ
2825 1881 3177 1951 σιωπώμενον
3197 1880 3260 1933 τὸ
3289 1879 3398 1951 πρὸ
3422 1878 3513 1932 τοῦ
3535 1878 3737 1950 ἀριθμοῦ

2188 1972 2296 2025 τῶν
2329 1972 2551 2044 ἡμερῶν
2583 1975 2805 2038 τούτων,
2846 1973 2977 2043 μηδὲ
3003 1973 3093 2026 τὸν
3122 1972 3360 2043 οὐρανὸν
3404 1967 3576 2025 εἶναι’
3621 1969 3740 2022 οὕτω

2189 2062 2249 2115 τὸ
2283 2065 2419 2133 μετά
2447 2083 2501 2117 τι
2529 2065 2820 2135 γενόμενον
2858 2066 2947 2118 διὰ
2973 2066 3068 2119 τοῦ
3100 2066 3207 2136 πρὸ
3240 2064 3436 2118 ἑαυτοῦ
3469 2063 3737 2133 διαστήμαέ

2189 2176 2280 2221 τος
2317 2158 2485 2230 ὁρίζει
2517 2161 2611 2213 καὶ
2648 2161 2745 2229 τὴν
2780 2159 2872 2212 τοῦ
2914 2158 3426 2230 προῦπονοουμένου
3458 2155 3735 2209 ὑπόστασιν.

2190 2249 2255 2301 Εἰ
2284 2248 2341 2300 δὲ
2373 2249 2471 2318 οὑχ
2501 2250 2698 2313 ἱκανῶς
2726 2250 2803 2320 τῷ
2832 2249 3187 2318 ὑποδείγματι
3215 2248 3307 2301 τὸν
3335 2246 3491 2314 λόγον
3518 2242 3739 2313 ὲσαφηνί-

2194 2356 2384 2409 σαμεν,
2414 2340 2636 2394 δυνατόν
2664 2343 2801 2404 ἐστι,
2845 2341 2936 2394 καὶ
2961 2340 3027 2394 δι’
3056 2340 3260 2412 ἐτέρων
3291 2339 3354 2391 τὸ
3393 2336 3574 2407 νοηθὲν
3597 2351 3741 2403 παρα·

2194 2428 2406 2501 στῆσαι,
2438 2432 2528 2485 τὸν
2557 2431 2646 2486 διὰ
2677 2433 2918 2497 Μωσέως
2955 2433 3174 2487 δοθέντα
3204 2433 3371 2503 νόμον
3406 2428 3737 2503 τετρακοσίοις

2192 2523 2337 2577 ἔτεσι
2381 2526 2476 2578 καὶ
2525 2526 2818 2597 τριάκοντα
2859 2527 2959 2596 τῆς
3005 2525 3097 2579 τοῦ
3140 2525 3398 2596 Ἀϐραὰμ
3445 2518 3739 2590 ἐπαγγελίας

2195 2617 2651 2688 μεταγενέστερον
2692 2617 2941 2685 λέγοντες
2978 2635 2991 2649 ·
3042 2618 3137 2671 ἐὰν
3183 2617 3294 2670 ἀπὸ
3329 2615 3423 2669 τοῦ
3478 2616 3628 2683 νόμου
3665 2610 3738 2663 τὸν

2194 2706 2422 2760 κατόπιν
2448 2709 2634 2779 χρόνον
2665 2708 2731 2761 δι’
2761 2708 3073 2770 ἀναλύσεως
3101 2707 3181 2778 τῷ
3223 2705 3469 2777 λογισμῷ
3510 2700 3739 2773 παροδεύ-

2196 2814 2407 2863 σαντες,
2453 2803 2533 2863 είς
2574 2801 2633 2853 τὸ
2667 2802 2839 2872 πέρας
2883 2802 2987 2854 τῶν
3040 2800 3437 2872 ἠριθμημένων
3482 2797 3739 2866 φθάσωμεν

2195 2888 2351 2955 ἐτῶν,
2400 2889 2585 2957 σαφῶς
2617 2891 3106 2961 καταλαμϐάνομεν
3130 2934 3143 2957 ,
3173 2892 3258 2945 ὅτι
3304 2891 3411 2961 πρὸ
3452 2890 3540 2944 τοῦ
3573 2888 3736 2959 χρόνον

2194 2979 2386 3033 τούτου
2416 2984 2447 3052 ἡ
2493 2981 2585 3034 τοῦ
2616 2982 2749 3035 Θεοῦ
2781 2983 3080 3052 ἐπαγγελία
3123 2982 3281 3037 οὔπω
3321 2979 3389 3054 ἦν
3422 2999 3436 3012 ·
3483 2983 3571 3036 καὶ
3599 2978 3739 3032 πολλὰ

2196 3072 2419 3125 τοιαῦτα
2445 3073 2621 3141 λέγειν
2649 3074 2796 3128 ἔστιν
2815 3117 2828 3139 ,
2865 3070 2945 3139 οἷς
2982 3076 3043 3128 τὸ
3072 3074 3191 3128 καθ’
3225 3076 3453 3129 ἕκαστον
3481 3072 3735 3139 ἐπεξιέναι,

2196 3164 2272 3228 ὡς
2307 3165 2534 3238 ὀχληρὸν
2564 3170 2992 3240 παραιτήσομαι.

514 3258 731 3329 generis
775 3257 1052 3327 exempla,
1093 3256 1293 3326 quibus
1357 3258 1633 3328 sigillatim
1694 3259 2085 3329 percensendis
2130 3262 2532 3330 supersedebo,
2569 3264 2711 3318 taedii
2746 3264 2950 3317 vitandi
2987 3264 3182 3332 gratia.

588 3373 993 3430 Convenienter
1043 3371 1210 3441 igitur
1258 3372 1419 3425 alieni
1478 3373 1642 3428 modo
1700 3373 1756 3428 in
1816 3375 2091 3444 praedictis

517 3464 782 3533 exemplis
818 3470 1043 3517 ostenso
1063 3501 1077 3524 ,
1106 3467 1354 3530 oportet,
1392 3470 1451 3515 ut
1483 3463 1847 3520 discutiamus
1877 3480 2092 3535 quoque

518 3557 855 3628 propositam
898 3554 1301 3623 quaestionem;
1350 3560 1433 3609 est
1473 3561 1655 3608 autem
1707 3556 1845 3620 ista,
1891 3565 1951 3610 ut
1980 3557 2096 3627 qui-

519 3650 642 3704 dem
676 3645 977 3703 adversarii
1008 3644 1111 3699 sibi
1146 3647 1513 3714 persuadent,
1547 3648 1694 3714 prius
1725 3658 1777 3702 et
1802 3650 2090 3716 posterius,

520 3754 618 3793 seu
651 3736 920 3807 antiquius
950 3746 1003 3790 et
1035 3738 1291 3790 recentius
1312 3777 1326 3800 ,
1355 3737 1423 3792 de
1451 3736 1631 3794 Patris
1662 3749 1713 3794 et
1747 3739 1867 3793 Filii
1896 3750 1951 3795 et
1979 3741 2098 3810 Spi-

522 3831 665 3886 ritus
694 3829 874 3885 sancti
905 3828 1217 3883 substantia
1245 3829 1352 3884 dici
1380 3848 1395 3895 ;
1435 3845 1560 3884 cum
1592 3845 1722 3902 ergo
1768 3830 1891 3886 Filii
1935 3849 2097 3903 gene-

520 3924 733 3978 ratione
790 3927 1150 3990 transcursa,
1205 3931 1266 3976 ut
1322 3923 1613 3981 hmreticus
1668 3927 1775 3982 iste
1830 3936 2093 3998 nugatur,

520 4014 920 4071 accesserimus
951 4013 1016 4068 ad
1048 4013 1102 4068 id
1136 4014 1484 4070 intervallum
1506 4058 1521 4083 ,
1557 4019 1701 4087 quod
1738 4018 1976 4073 medium
2015 4023 2097 4074 in-

522 4106 830 4176 terponitur
858 4106 879 4178 (
905 4114 1067 4176 prout
1099 4122 1233 4161 vana
1269 4108 1650 4164 haereticorum
1684 4115 1968 4181 persuasio
1995 4114 2098 4167 ali-

521 4198 653 4267 quid
697 4198 840 4260 inter
880 4197 1097 4253 Patrem
1140 4211 1192 4255 et
1234 4198 1433 4254 Filium
1468 4203 1730 4271 statuit),
1762 4220 1995 4275 cumque
2030 4206 2096 4259 ad

522 4300 827 4345 extremum
874 4290 1009 4345 illud
1041 4300 1302 4361 punctum
1350 4296 1820 4363 processerimus,
1854 4314 1963 4369 quo
2007 4300 2096 4354 isti

524 4381 988 4451 intercapedinem
1024 4382 1168 4435 illam
1208 4384 1531 4451 terminant,
1566 4388 1723 4453 istic,
1755 4390 1807 4443 in
1838 4407 2094 4461 supremo

524 4475 681 4545 quasi
712 4475 953 4529 culmine
979 4514 994 4537 ,
1031 4475 1122 4530 Dei
1159 4477 1325 4533 totius
1353 4480 1729 4536 universitatis
1763 4483 1929 4537 vitam
1964 4486 2100 4541 sub-

524 4569 808 4622 sistentem
844 4568 1148 4637 reperimus
1169 4608 1183 4632 ,
1212 4584 1279 4623 ex
1305 4585 1415 4639 quo
1441 4574 1754 4629 necessario
1779 4574 2093 4643 conﬁcitur,

525 4668 588 4713 ut
635 4657 926 4714 credamus
980 4660 1187 4727 Deum,
1242 4662 1337 4732 qui
1387 4676 1604 4734 semper
1652 4675 1765 4730 est,
1799 4678 1923 4721 ante
1963 4668 2097 4722 illud

524 4756 788 4822 punctum
811 4766 919 4806 non
951 4749 1146 4806 fuisse.

2270 3376 2424 3429 Κατά
2467 3377 2643 3431 τοίνυν
2676 3380 2774 3450 τὴν
2804 3380 3124 3434 ἀκολουθίαν
3172 3382 3285 3435 τῶν
3328 3383 3385 3435 ὲν
3416 3383 3520 3443 τοῖς
3546 3374 3735 3430 ὑποδείο

2196 3487 2399 3540 γμασιν
2432 3470 2757 3540 εἰρημένων,
2797 3472 2889 3525 καὶ
2917 3473 3007 3525 τὸν
3035 3475 3397 3545 προκείμενον
3430 3471 3736 3539 ἐξετάσωμεν

2196 3564 2352 3632 λόγον
2370 3580 2385 3596 ’
2417 3559 2486 3633 ἦν
2511 3563 2565 3615 δὲ
2598 3558 2749 3625 οὗτος
2776 3565 2915 3619 κατὰ
2945 3566 3042 3635 τὴν
3072 3566 3178 3620 τῶν
3200 3568 3456 3621 ἐναντίων
3485 3565 3733 3637 ὑπόληψιν.

2194 3653 2257 3706 τὸ
2286 3655 2689 3721 πρεσϐύτερον
2728 3655 2819 3707 καί
2872 3656 3159 3725 νεώτερον
3189 3658 3285 3712 ἐπὶ
3310 3657 3409 3727 τῆς
3440 3655 3527 3709 τοῦ
3555 3650 3736 3722 Πατρός

2199 3764 2256 3800 τε
2293 3748 2386 3800 καὶ
2427 3747 2520 3799 τοῦ
2564 3747 2711 3810 Υἱοῦ,
2749 3748 2843 3802 καὶ
2872 3747 2967 3801 τοῦ
2997 3751 3153 3817 ἁγίου
3195 3751 3510 3819 Πνεύματος
3535 3742 3736 3798 ὑποστά-

2200 3856 2358 3903 σεως,
2379 3839 2561 3911 ἕτερον
2592 3841 2776 3912 ἑτέρου
2809 3841 2988 3910 λέγειν
3010 3839 3167 3897 εἶναι.
3196 3843 3404 3897 Οὐκοῦν
3432 3837 3631 3893 ἐπειδὰν
3653 3834 3732 3903 τὴν

2198 3930 2290 3983 τοῦ
2323 3932 2451 3985 Υίοῦ
2479 3932 2725 4003 γέννησιν
2750 3932 3049 3999 διαϐάντες,
3094 3936 3277 3998 καθὼς
3313 3937 3585 4005 ὑφηγεῖται
3606 3931 3630 3982 ὁ
3652 3929 3731 3995 τῆς

2198 4021 2461 4091 αἱρέσεως
2486 4023 2667 4092 λόγος,
2695 4024 2885 4078 ἔπειτα
2906 4027 3232 4098 προσϐῶμεν
3258 4028 3334 4097 τῷ
3361 4027 3446 4079 διά
3475 4024 3623 4094 μέσον
3642 4021 3733 4072 δια-

2202 4116 2436 4185 στήματι
2457 4134 2469 4146 ·
2518 4117 2651 4186 ὅπερ
2680 4119 2713 4188 ἡ
2758 4119 2963 4189 ματαία
3000 4119 3106 4172 τῶν
3138 4120 3313 4174 ταῦτα
3342 4113 3732 4189 δογματιζὸντων

2200 4205 2375 4274 οἴησις
2406 4206 2734 4271 ὑποτίθεται,
2764 4208 2869 4261 τῶν
2906 4208 3104 4279 μεταξὺ
3130 4209 3223 4263 τοῦ
3255 4208 3383 4263 Υἱοῦ
3409 4208 3497 4261 καὶ
3525 4202 3606 4256 τοῦ
3638 4201 3730 4252 Ila-

2200 4296 2327 4364 τρὸς
2356 4292 2494 4348 εἶναί
2535 4315 2585 4349 τι
2632 4298 2993 4369 λογιζομένων
3017 4319 3030 4331 ·
3076 4302 3169 4354 ἐὰν
3196 4304 3277 4364 είς
3304 4301 3364 4353 τὸ
3396 4300 3553 4367 ἄκρον
3587 4295 3733 4346 ἐκεῖνο

2204 4391 2426 4459 σημεῖον
2463 4389 2775 4461 φθάσωμεν,
2815 4385 2859 4459 ᾧ
2898 4392 2958 4445 τὸ
2989 4392 3263 4464 διάστημα
3296 4393 3355 4445 τὸ
3391 4387 3579 4460 μεταξὺ
3610 4397 3733 4448 περί’

2202 4482 2521 4553 γράφουσιν,
2573 4483 2688 4535 ἐκεῖ
2722 4485 2815 4536 καὶ
2846 4485 2937 4538 τοῦ
2985 4485 3119 4538 Θεοῦ
3157 4486 3267 4538 τῶν
3311 4484 3443 4536 ὅλων
3474 4474 3732 4547 ἱσταμένην

2202 4574 2294 4627 ἐπὶ
2318 4575 2378 4627 τὸ
2403 4578 2515 4629 ἄνω
2540 4576 2638 4646 τὴν
2661 4576 2803 4648 ζωὴν
2828 4578 3172 4649 εὑρίσκομεν,
3204 4578 3280 4641 ὡς
3312 4577 3370 4641 ἐξ
3400 4574 3626 4640 ἀνάγκης
3647 4582 3730 4617 κε’

2200 4669 2631 4734 τασκευάζεσθαι
2676 4670 2736 4723 τὸ
2780 4670 2883 4741 πρὸ
2925 4672 3153 4737 ἐκείνου,
3192 4672 3324 4742 μηδὲ
3359 4670 3441 4722 ἀεὶ
3474 4666 3591 4718 ὄντα
3623 4656 3730 4711 Θεὸν

2203 4757 2478 4812 πιστεύειν
2507 4756 2664 4814 εἶναι.

598 4860 757 4927 Quod
792 4861 839 4916 si
871 4860 1054 4917 adhuc
1083 4863 1349 4936 ambigis,
1383 4882 1576 4925 rursus
1608 4868 1663 4924 id
1692 4872 1957 4943 exemplis
1991 4888 2087 4927 ex-

2277 4877 2338 4928 Εἱ
2368 4874 2423 4927 δὲ
2456 4874 2810 4945 ἀμφιϐάλλεις
2842 4874 2943 4939 ἔτι,
2974 4875 3135 4929 πάλιν
3163 4876 3254 4929 τὸν
3292 4874 3441 4943 λόγον
3469 4873 3528 4925 δι’
3554 4863 3732 4920 ὑποδεια

528 4952 782 5023 planabo.
819 4951 1289 5019 Quemadmodum
1324 4960 1468 5014 enim
1505 4960 1723 5030 quando
1756 4962 1972 5020 duabus
2008 4981 2099 5021 re-

527 5044 671 5114 gulis
699 5044 961 5115 acceptis,
993 5045 1165 5102 altera
1197 5050 1405 5119 majore
1427 5092 1441 5117 ,
1473 5054 1641 5108 altera
1675 5053 1888 5111 minore
1914 5097 1929 5121 ,
1962 5058 2097 5114 ﬁnes

527 5138 843 5193 earumdem
877 5154 1099 5210 aequare
1130 5142 1411 5203 volumus.
1450 5144 1503 5198 in
1533 5147 1881 5204 extremitate
1910 5165 2104 5206 exces—

526 5250 649 5287 sum
682 5235 1479 5305 cognoscimus;juxtaposita
1540 5241 1684 5294 enim
1733 5243 1963 5299 minoris
2008 5260 2103 5298 cx-

527 5326 838 5393 tremitate,
887 5342 1175 5383 excessum
1230 5330 1453 5399 majoris
1502 5331 2002 5403 deprehendimus,
2048 5347 2102 5391 et

529 5426 795 5486 quantum
822 5418 1055 5473 hreviori
1101 5422 1272 5485 desit,
1318 5439 1575 5478 mensura
1605 5427 1785 5497 aliqua
1809 5469 1824 5493 ,
1859 5427 1975 5484 sive
2017 5430 2100 5483 ul-

530 5521 597 5559 na
623 5546 638 5571 ,
678 5508 792 5563 sive
822 5507 971 5562 aliud
1003 5510 1281 5580 quidpiam
1322 5514 1426 5577 sit,
1474 5517 1652 5571 minus
1695 5533 1821 5572 cum
1854 5521 2097 5575 termino

638 5688 682 5718 η
708 5687 841 5743 Gen.
876 5705 916 5758 ι,
947 5691 1038 5747 ac.

2206 4967 2430 5037 γμάτων
2458 4969 2900 5040 κατανοήσωμεν.
2938 4970 3144 5040 ’Ὠσπερ
3162 4970 3270 5041 γὰρ
3290 4969 3381 5020 ἐπὶ
3399 4965 3486 5019 δύο
3506 4957 3728 5017 κανόνων,

2204 5062 2332 5116 ὅταν
2358 5065 2386 5116 ὁ
2423 5063 2522 5134 μὲν
2568 5062 2827 5126 ἐλάττων,
2876 5064 2903 5114 ὁ
2948 5063 3003 5115 δὲ
3034 5062 3314 5133 ὑπερέχων
3361 5056 3416 5131 ᾖ.
3450 5054 3544 5115 τὰς
3575 5049 3731 5143 iebat;

2203 5153 2528 5223 ἀμφοτέρων
2556 5154 2871 5217 ἱσὼσαντες,
2914 5155 2972 5205 ὲν
3014 5156 3135 5215 ταῖς
3162 5154 3423 5223 κορυφαῖς
3452 5144 3509 5199 τὸ
3536 5141 3731 5195 πλεονα-

2204 5245 2294 5310 ξον
2339 5247 2769 5318 ὲπιγινιῦσκομεν
2805 5246 3175 5317 (παραθέντες
3224 5247 3330 5317 γὰρ
3385 5241 3442 5294 τὸ
3479 5234 3566 5291 τοῦ
3606 5226 3735 5283 £15.:-

2211 5355 2362 5401 τονος
2396 5338 2597 5410 πέρας,
2623 5339 2718 5392 ἀπ’
2748 5338 2957 5391 ἐκείνου
2985 5340 3046 5392 τὸ
3079 5338 3336 5411 περισσὸν
3359 5333 3447 5388 τοῦ
3479 5322 3731 5395 ὑπερέχον⁴

2209 5446 2301 5494 τος
2329 5430 2570 5500 ἔγνωμεν
2591 5448 2602 5461 ·
2639 5432 2733 5485 καὶ
2764 5432 2887 5485 ὅσον
2909 5432 3046 5485 ἐνδεῖ
3067 5431 3145 5501 τῷ
3169 5427 3495 5503 βραχυτέρῳ,
3516 5417 3593 5473 διά
3612 5418 3732 5469 τινος

2213 5521 2412 5592 μέτρου
2444 5520 2505 5574 τὸ
2527 5520 2711 5575 λεῖπον
2760 5521 2896 5594 πρὸς
2929 5523 2992 5575 τὸ
3023 5522 3196 5593 πέρας
3228 5521 3320 5574 τοῦ
3354 5516 3583 5589 μείζονος
3616 5510 3731 5565 παρ’
