3920 6476
182 319 260 377 ιιι
1270 301 1553 387 eomas
1587 330 1698 389 nu:

1803 334 1952 394 [IUM
1988 378 2001 402 ,
2036 334 2160 393 LIB.
2195 337 2235 391 l.

3276 348 3384 403 362

473 433 741 503 εὕρομεν,
791 436 903 489 εἴτε
956 438 1168 510 πῆχυς,
1227 445 1337 497 εἴτε
1387 448 1583 501 ὁπόσον
1619 446 1698 503 οὖι

1815 453 2044 522 majoris
2084 461 2503 523 comparantes,
2544 453 2867 526 indagamus
2891 498 2905 523 ,
2941 467 3204 528 quantum
3239 462 3385 517 absit

180 529 332 585 ἐστιν,
374 524 491 576 ὅσον
540 523 637 578 τοῦ
702 525 983 593 ἐλάττονος
1034 530 1094 583 τὸ
1144 535 1329 602 μεῖζον
1357 539 1710 612 ἀφέστηκεν.)

176 614 317 675 οὕτως
354 614 404 666 εἰ
430 614 512 677 τίς
545 617 683 682 ἐστι,
718 619 859 673 κατὰ
896 620 986 673 τὸν
1009 622 1118 675 τῶν
1139 624 1472 679 ὑπεναντίων
1499 628 1661 696 λόγον
1690 668 1705 693 ,

176 706 251 775 τῆς
272 705 354 758 τοῦ
406 705 618 777 Πατρὺς
646 704 791 779 ζωῆς
826 712 902 772 ὡς
952 713 1090 781 πρὸς
1118 715 1218 785 τὴν
1264 717 1407 786 ζωὴν
1448 718 1542 771 τοῦ
1578 718 1706 772 Υίοῦ

176 793 488 863 πλεονασμὸς,
518 794 577 848 ἐν
614 813 717 849 τινι
762 799 911 870 ῥητῷ
939 800 1265 873 διαστήματι
1309 807 1525 869 πάντως
1567 808 1703 861 ἐστί·

174 882 298 935 τοῦτο
326 882 376 935 δὲ
411 885 509 935 οὐκ
541 886 623 947 είς
649 885 710 939 τὸ
750 888 953 959 ἐφεξῆς
1001 893 1346 962 περισσεύειν
1396 896 1709 965 ἀναγκαίως

176 973 504 1043 συνθήσονται.
547 975 839 1030 ’Δθάνατον
880 980 986 1050 γὰρ
1016 982 1218 1051 ὁμοίως
1261 984 1520 1056 ἑκάτερον
1568 984 1707 1041 εἷναι

172 1070 242 1120 καὶ
268 1070 308 1120 oi
337 1068 512 1139 ἐχθροὶ
545 1070 645 1139 τῆς
672 1071 933 1141 ἀληθείας
960 1074 1314 1143 ὁμολογοῦσιν
1335 1094 1348 1107 ·
1390 1078 1504 1131 ἀλλ’
1535 1081 1615 1143 είς
1648 1081 1708 1133 τὸ

171 1161 258 1211 ἀνω
291 1159 377 1227 τὴν
421 1158 684 1231 διαφορὰν
728 1164 932 1233 ταύτην
970 1167 1293 1232 ἐπινοοῦσιν,
1333 1171 1432 1222 οὐκ
1466 1171 1708 1235 ἰσοῦντες

172 1249 279 1320 πρὸς
306 1249 388 1302 τὸν
420 1251 643 1321 Πατέρα
671 1254 765 1307 τοῦ
802 1255 931 1308 Υἱοῦ
960 1256 1058 1328 τὴν
1087 1257 1253 1329 ζωὴν,
1287 1260 1401 1312 ἀλλ’
1435 1262 1706 1314 ἐκτείνον-

169 1358 237 1403 τες
259 1342 344 1410 τὴν
369 1342 492 1411 περὶ
526 1342 623 1395 τοῦ
666 1345 875 1415 Πατρὸς
915 1347 1120 1401 ἔννοιαν
1182 1349 1260 1419 τῷ
1291 1351 1387 1421 τῆς
1420 1350 1564 1422 ζωῆς
1592 1353 1707 1406 δια-

171 1434 383 1500 στήματι.
425 1433 577 1486 Ἐπεὶ
622 1431 718 1488 οὖν
760 1435 1032 1509 διάστημα
1074 1440 1280 1505 διπλοῖς
1319 1444 1518 1515 πέρασι
1549 1463 1707 1515 περι-

168 1525 413 1594 γράφεται,
445 1525 665 1588 πάντως
702 1528 913 1600 ἀνάγκη
948 1533 1115 1596 πᾶσα,
1150 1534 1244 1586 καὶ
1272 1534 1362 1586 τοῦ
1392 1537 1703 1605 ἐπινοηθέν-

166 1631 234 1677 τος
253 1614 364 1683 παρ’
384 1613 560 1667 αὐτῶν
578 1616 967 1688 διαστήματος,
993 1622 1060 1674 τὰ
1081 1622 1173 1675 δύο
1202 1626 1400 1692 σημεῖα
1426 1626 1492 1678 τὰ
1515 1643 1709 1695 γνωρι-

169 1705 291 1758 στικά
314 1705 413 1757 τῶν
454 1708 710 1777 περάτων
730 1711 1157 1783 καταληφθῆναι.
1196 1714 1412 1787 Ὥσπερ
1439 1712 1529 1769 οὖν
1560 1718 1622 1770 τὸ
1649 1718 1707 1771 ἓν

1809 547 1986 614 major
2020 562 2051 599 a
2091 548 2302 602 minore
2344 563 2357 598 :
2397 546 2469 600 ita
2492 546 2560 614 si,
2598 557 2656 602 ut
2693 547 2995 605 adversarii
3030 552 3249 618 volunt,
3283 555 3385 609 ali-

1809 638 1937 706 quis
1966 652 2231 692 excessus
2280 645 2366 692 cst
2404 639 2529 692 vita:
2590 646 2645 693 et
2689 638 3025 695 exsistentia':
3066 641 3246 699 Patris
3293 662 3384 701 re-

1810 737 1999 797 spectu
2018 729 2140 783 vita:
2162 735 2216 782 et
2236 730 2568 784 exsistentia:
2592 728 2734 792 Filii,
2751 731 2975 787 omnino
2993 743 3225 803 oportet,
3241 747 3297 791 ut
3314 738 3388 794 sit

1810 817 1864 872 in
1894 818 2130 888 quodam
2163 828 2317 873 certo
2346 820 2654 875 durationis
2685 820 3015 890 intervallo;
3047 835 3101 879 at
3125 842 3387 883 necessa-

1808 912 1893 964 rio
1924 910 2079 965 fateri
2110 911 2311 966 debent
2344 911 2447 966 hoc
2481 928 2592 967 non
2637 927 2761 968 esse
2802 915 3107 970 secundum
3140 917 3383 988 aliquem

1812 1001 2007 1057 futura:
2048 1003 2357 1058 durationis
2388 1018 2676 1061 excessum
2708 1045 2721 1059 .
2781 1005 3084 1077 Utrumque
3129 1009 3274 1064 enim
3308 1011 3388 1065 si-

1808 1094 2010 1147 militer
2041 1110 2165 1149 esse
2192 1095 2554 1150 immortalem
2587 1111 2695 1151 non
2728 1096 3044 1153 inﬁciantur
3079 1099 3184 1168 ipsi
3218 1102 3387 1155 etiam

1809 1184 2057 1240 veritatis
2109 1184 2295 1240 hostes
2317 1223 2331 1248 ,
2381 1186 2473 1241 sed
2506 1187 2881 1242 diversitatem
2908 1189 3051 1244 hanc
3083 1193 3386 1245 secundum

1809 1276 2138 1344 praeteritam
2184 1275 2527 1331 durationem
2573 1278 2913 1347 concipiunt,
2969 1281 3098 1335 dum
3131 1281 3257 1336 Filii
3292 1284 3390 1336 vi-

1811 1376 1919 1420 tam
1950 1376 2005 1422 et
2036 1367 2415 1422 exsistentiam
2464 1384 2587 1423 cum
2633 1368 2812 1425 Patris
2847 1371 2957 1425 vita
3000 1388 3108 1426 non
3144 1384 3386 1443 mquam,

1809 1470 2036 1515 extensa
2070 1472 2473 1530 prorogataque
2508 1477 2605 1531 per
2636 1463 2985 1518 intervallum
3018 1466 3140 1519 vitae
3174 1469 3387 1537 cogita-

1810 1550 1959 1605 tione
1991 1558 2047 1605 et
2092 1552 2501 1607 existimatione
2540 1554 2608 1608 de
2647 1553 2829 1610 Patre.
2860 1556 2996 1609 Cum
3033 1557 3201 1626 igitur
3226 1574 3388 1616 omne

1810 1639 2157 1695 intervallum
2187 1642 2388 1711 duplici
2414 1645 2653 1700 termino
2682 1646 3198 1715 circumscribatur,
3229 1667 3388 1720 opor-

1809 1740 1889 1787 tet
1938 1741 1997 1787 ut
2042 1740 2096 1787 et
2146 1733 2437 1790 intervallo
2483 1735 2551 1790 ab
2594 1736 2680 1792 his
2727 1741 3073 1809 excogitato,
3102 1741 3212 1797 duo
3270 1743 3387 1800 haec

167 1798 315 1867 μέρος,
353 1800 467 1851 κατ’
511 1799 734 1865 αὐτοὺς,
768 1802 873 1854 ἀπὸ
893 1803 992 1871 τῆς
1040 1806 1342 1877 γεννήσεως
1391 1809 1484 1860 τοῦ
1526 1811 1698 1862 Μονο-

1810 1826 1990 1895 signa,
2026 1833 2282 1896 tanquam
2308 1829 2719 1883 extremitatum
2751 1830 2974 1894 indicia,
3009 1833 3384 1903 assignentur.

166 1889 316 1956 γενοῦς
353 1891 447 1960 τὴν
489 1891 668 1962 ἀρχὴν
716 1892 849 1963 ἔχει,
895 1894 1036 1948 οὕτω
1066 1898 1160 1950 καὶ
1205 1899 1266 1951 τὸ
1298 1899 1483 1970 ἕτερον
1510 1902 1697 1971 ἄκρον,

165 1982 297 2051 ἑτέρῳ
318 1983 417 2034 τινὶ
446 1983 649 2051 πέρατι
690 1985 907 2048 πάντως
938 1988 1314 2059 συναπολήξει,
1424 2008 1701 2062 συναπαρ-

164 2072 394 2144 τιζὸμενον
416 2075 475 2127 τὸ
497 2075 781 2147 διάστημα
807 2079 966 2131 ἑαυτὸ
992 2082 1343 2151 περιγράφει.
1374 2083 1437 2134 Τί
1465 2079 1557 2137 οὖν
1585 2086 1700 2138 ἐστι

164 2164 283 2218 τοῦτο
317 2166 372 2219 τὸ
413 2168 609 2238 πέρας,
653 2170 806 2222 αὐτοὶ
830 2172 1175 2237 εἰπάτωσαν,
1226 2172 1380 2244 εἴπερ
1410 2178 1522 2237 τοῖς
1556 2174 1706 2239 ίδίοις

163 2258 302 2327 λόγοις
330 2259 637 2313 ἀκολουθεῖν
668 2261 769 2314 οὑκ
799 2262 1171 2332 αἰσχύνονται.

1810 1917 2278 1982 Quemadmodum
2328 1918 2498 1989 igitur
2524 1935 2589 1975 ex
2625 1921 2844 1975 illorum
2876 1924 3149 1977 sententia
3169 1965 3184 1991 ,
3216 1926 3390 1980 altera

1809 2010 2029 2079 quidem
2064 2025 2193 2079 pars
2222 2010 2440 2065 initium
2473 2010 2625 2066 ducit
2659 2013 2729 2068 ab
2763 2021 2885 2068 ortu
2922 2016 3188 2084 unigeniti
3224 2016 3385 2083 Filii,

1809 2101 1890 2156 sic
1917 2109 1969 2156 et
1999 2101 2223 2156 alteram
2251 2102 2649 2158 extremitatem
2685 2106 2856 2159 altero
2886 2106 3124 2175 quodam
3152 2110 3389 2166 termino

1812 2192 1957 2246 ﬁniri
1993 2207 2219 2247 necesse
2247 2200 2363 2257 est,
2397 2208 2461 2248 ex
2499 2210 2608 2264 quo
2642 2194 2991 2251 intervallum
3023 2198 3161 2252 illud
3191 2216 3384 2256 verum

1802 2295 2094 2354 aptumque
2112 2285 2351 2355 seipsum
2376 2285 2628 2341 deﬁnitet
2642 2287 3218 2364 circurnscribit.Ergo
3237 2295 3391 2365 quis-

163 2385 256 2423 nam
292 2373 383 2426 iste
419 2372 491 2425 sit
526 2373 823 2440 terminus,
856 2375 1075 2445 ipsimet
1106 2386 1401 2446 exponant,
1437 2376 1703 2447 siquidem
1726 2376 2004 2448 prepriam
2033 2391 2190 2430 suam
2241 2376 2549 2431 doctrinam
2576 2378 2823 2447 proﬁteri
2862 2397 2972 2436 non
3028 2384 3387 2445 erubescunt.

219 2459 334 2513 Ἀλλ’
354 2461 613 2533 οὐδεμίαν
645 2465 970 2533 ἀμφιϐολίαν
1001 2467 1029 2516 ὁ
1061 2465 1217 2534 λόγος
1246 2466 1378 2537 ἔχει.
1412 2468 1535 2521 Ὅτι
1573 2468 1695 2520 οὐδὲ

162 2552 397 2621 εὑρήσουσι
423 2554 482 2607 τὸ
527 2555 722 2626 ἕτερον
753 2556 938 2626 μέρος,
968 2557 1059 2609 ἐπὶ
1086 2557 1147 2610 τὸ
1188 2558 1375 2632 ἕτερον
1405 2560 1568 2630 μέρος
1598 2559 1692 2612 τοῦ

162 2643 542 2710 ἀνσπλασθέντος
578 2649 709 2717 παρ’
749 2647 927 2700 αὐτῶν
953 2648 1339 2719 διαστήματος,
1384 2653 1433 2704 εί
1470 2652 1543 2721 μή
1573 2668 1693 2704 τινα

162 2736 332 2798 πάντως
372 2736 544 2808 ἀρχὴν
587 2737 868 2791 ύπόθοιντο
896 2739 990 2792 τοῦ
1034 2740 1349 2811 ἀγεννήτου,
1398 2742 1489 2811 ἀφ’
1532 2737 1600 2814 ἧς
1634 2743 1694 2795 τὸ

164 2825 291 2891 μέσον
312 2827 381 2891 ὡς
410 2829 546 2897 πρὸς
598 2828 696 2899 τὴν
725 2829 818 2882 τοῦ
849 2830 979 2883 Υἱοῦ
1007 2831 1258 2903 γέννησιν
1288 2833 1367 2904 τῷ
1413 2832 1556 2905 λόγῳ
1580 2835 1693 2887 δια-

161 2916 460 2986 λαμϐάνουσι.
494 2918 676 2973 Τοῦτο
704 2916 797 2973 οὖν
827 2921 972 2974 ἐστιν
997 2922 1025 2974 ὃ
1048 2922 1275 2994 λέγομεν
1296 2962 1311 2988 ,
1361 2925 1444 2978 ὅτι
1474 2927 1502 2977 ὁ
1536 2943 1694 2996 μετα-

161 3007 422 3079 γενέστερον
441 3010 530 3062 τὸν
557 3010 711 3072 Υίὸν,
736 3011 791 3064 ἔν
809 3029 913 3064 τινι
939 3012 1333 3086 διαστηματικῇ
1361 3017 1687 3087 παρατάσει,

161 3098 233 3168 τῆς
252 3100 330 3153 τοῦ
354 3103 568 3173 Πατρδς
593 3103 738 3173 ζωῆς
762 3102 953 3171 λέγων,
983 3104 1291 3177 ὡρισμένην
1320 3106 1477 3161 δώσει
1501 3110 1595 3162 καὶ
1618 3110 1695 3179 τῷ

162 3190 297 3263 Πατρὶ
315 3193 406 3265 τὴν
432 3196 614 3265 ἀρχὴν
640 3198 739 3266 τῆς
763 3196 1066 3267 ὑπάρξεως,
1099 3199 1175 3269 τῷ
1201 3200 1535 3271 ἐπινοηθέντι
1557 3201 1697 3255 κατά

161 3282 206 3332 τὸ
222 3282 358 3350 μέσον
376 3284 711 3354 διαστήματι
737 3290 1327 3361 συμπεριγραφομένην
1352 3308 1367 3321 ο
1405 3292 1500 3345 καὶ
1527 3292 1700 3357 οὕτως

162 3371 301 3436 αὺτοῖς
317 3375 672 3446 εὑρεθήσεται
692 3379 723 3445 ἡ
745 3378 1175 3450 πολυθρὺλλητος
1190 3381 1283 3436 τοῦ
1305 3384 1514 3454 Πατρὸς
1540 3385 1699 3452 ἀγεν-

164 3463 283 3532 maia
317 3464 397 3518 διὰ
428 3467 529 3535 τῆς
561 3468 817 3539 τοιαύτης
863 3473 1205 3543 κατασκευῆς
1258 3475 1348 3527 ὑπ’
1382 3475 1559 3533 αὐτῶν
1590 3476 1699 3530 τῶν

160 3546 409 3625 προμάχων
446 3562 550 3629 τῆς
582 3560 905 3631 ἀγεννησίας
942 3563 1369 3634 ὲγκλεπτομένη,
1410 3566 1499 3619 τὸν
1537 3567 1698 3635 ἀγέν-

161 3662 280 3715 νητον
299 3648 419 3702 θεὸν
446 3650 520 3721 μὴ
552 3651 641 3703 disi
668 3648 803 3704 εἶναι
835 3652 1033 3721 λέγειν,
1064 3654 1179 3707 ἀλλ’
1201 3656 1309 3708 ἀπό
1335 3671 1478 3720 τινος
1522 3660 1697 3730 ἀρχῆς

160 3734 229 3786 τοῦ
243 3732 361 3790 εἶναι
388 3738 484 3808 τὴν
516 3739 696 3810 ἀρχὴν
726 3742 1015 3811 ἐσχηκέναι
1044 3744 1473 3809 κατασκευάζειν
1493 3762 1507 3777 ο
1541 3750 1568 3800 ὁ
1588 3747 1697 3819 γὰρ

160 3825 293 3896 ἀρχὴν
318 3828 405 3882 τοῦ
430 3826 571 3883 εἶναι
601 3832 739 3901 ἔχων
792 3834 1026 3905 ἄναρχος
1046 3835 1145 3887 οὐκ
1171 3834 1337 3891 ἔστιν.
1374 3839 1435 3891 Ei
1455 3839 1511 3891 δὲ
1534 3841 1697 3893 παντὶ

160 3918 305 3989 τρόπῳ
320 3922 376 3974 τὸ
399 3923 635 3995 ἄναρχον
657 3922 751 3976 τοῦ
776 3926 984 3997 Πατρὺς
1009 3927 1386 3996 ὁμολογεῖσθαι
1407 3935 1694 4001 προσήκει,

165 4009 266 4079 μηδὲ
284 4011 371 4082 τῆς
396 4014 490 4067 τοῦ
522 4014 659 4067 Υἱοῦ
685 4015 829 4084 ζωῆς
845 4015 1146 4089 ὡρισμένον
1162 4037 1212 4073 τι
1235 4020 1699 4093 πολυπραγμονεί·

164 4097 249 4151 σθω
273 4105 481 4171 σημεῖον
510 4143 525 4165 ,
570 4105 662 4172 ἀφ’
692 4099 753 4158 οὗ
775 4106 866 4159 τοῦ
888 4102 1027 4161 εἶναι
1057 4109 1381 4181 ἀρξάμενος,
1411 4117 1511 4185 τῆς
1535 4117 1615 4179 είς
1635 4118 1697 4170 τὸ

165 4189 377 4247 ἐπέκεινα
397 4194 491 4248 τοῦ
528 4196 755 4265 σημείου
785 4195 929 4267 ζωῆς
957 4200 1321 4271 ἀποτέμνεται
1346 4221 1359 4233 ο
1402 4205 1516 4257 ἀλλ’
1536 4208 1699 4277 ἀρκεῖ

162 4283 272 4336 κατά
314 4286 465 4353 μόνον
507 4287 602 4339 τὸν
649 4289 747 4359 τῆς
795 4290 973 4354 αἰτίας
1024 4291 1179 4361 λόγον
1226 4300 1564 4364 προεπινοείν
1600 4298 1695 4351 τοῦ

161 4372 261 4428 Υἱοῧ
290 4376 373 4433 τὸν
413 4379 670 4449 Πατέρα,
718 4382 813 4433 καὶ
845 4382 919 4453 μὴ
958 4387 1393 4458 κεχωρισμένην,
1429 4390 1523 4441 καὶ
1561 4390 1694 4443 ίδιά-

1875 2467 1979 2521 Sed
2012 2481 2101 2521 res
2134 2467 2281 2521 omni
2313 2467 2673 2538 ambiguitate
2700 2480 2869 2526 caret.
2905 2471 3021 2527 Non
3061 2477 3205 2530 enim
3238 2464 3391 2535 inve-

1800 2560 1950 2614 nient
1981 2560 2205 2614 alteram
2228 2568 2436 2629 partem
2467 2576 2771 2616 connexam
2807 2578 2932 2619 cum
2978 2568 3147 2622 altera
3175 2569 3229 2623 in
3253 2585 3391 2626 con-

1799 2651 1927 2705 ﬁcto
1971 2651 2038 2705 ab
2077 2652 2212 2721 ipsis
2251 2652 2560 2719 intervallo,
2597 2654 2703 2709 nisi
2738 2655 3027 2713 admittant
3062 2668 3117 2715 et
3145 2671 3391 2719 statuant

1799 2740 2022 2811 aliquod
2069 2742 2285 2795 initium
2340 2742 2481 2812 ejus,
2533 2745 2627 2814 qui
2681 2748 2909 2801 omnino
2976 2757 3060 2804 est
3109 2752 3389 2821 ingenitus

1798 2829 2085 2899 omnisque
2129 2840 2283 2884 ortus
2323 2848 2538 2901 expers,
2592 2850 2657 2890 ex
2705 2852 2812 2905 quo
2861 2839 3100 2893 medium
3154 2844 3217 2896 ad
3262 2841 3389 2900 Filii

1800 2936 1974 2990 usque
2016 2923 2424 2991 generationem
2461 2926 2792 2994 cogitatione
2832 2930 3138 2998 producant
3180 2941 3235 2988 et
3268 2950 3392 3004 pro.

1798 3013 2037 3068 trahant.
2074 3014 2188 3068 Hoc
2232 3015 2401 3085 igitur
2433 3025 2516 3071 est
2551 3019 2698 3088 quod
2736 3019 3097 3089 al‘ﬁrmamus,
3129 3039 3253 3079 eum
3291 3024 3386 3095 qui

1802 3104 2000 3161 Filium
2060 3110 2414 3176 posteriorem
2477 3114 2696 3175 asserit,
2757 3115 3057 3169 secundum
3113 3117 3388 3174 intervalli

1802 3197 2094 3265 quamdam
2130 3200 2530 3264 extensionem,
2570 3201 2749 3258 Patris
2803 3204 2911 3257 vita
2946 3213 3000 3259 et
3038 3208 3384 3276 exsistentia,

1802 3288 2057 3343 similiter
2082 3305 2301 3360 quoque
2329 3295 2495 3346 certis
2540 3294 2736 3363 spatiis
2771 3303 2825 3369 et
2864 3296 3064 3352 ﬁnibus
3110 3299 3388 3354 cxsisten-

1802 3380 1933 3434 tiam
1967 3379 2141 3436 Patris
2170 3393 2451 3437 coarctare
2471 3422 2486 3447 ,
2511 3393 2700 3456 utpote
2748 3388 3232 3460 circumscriptam
3290 3406 3388 3462 per

1799 3473 2036 3527 medium
2060 3484 2286 3531 extenso
2312 3478 2627 3533 intervallo:
2651 3490 2701 3535 et
2732 3481 2811 3535 sic
2845 3481 3094 3539 videmus
3115 3484 3383 3539 celebrem

1800 3565 1950 3619 illam
2008 3570 2324 3637 passimque
2361 3570 2623 3638 jactatam
2666 3570 2844 3630 Patris
2877 3575 3383 3644 iunascibilitatem,

1799 3671 1897 3726 per
1935 3657 2079 3712 hanc
2116 3660 2369 3713 technam
2403 3668 2457 3715 et
2503 3662 2964 3720 machinationem
3012 3667 3079 3721 ab
3124 3668 3259 3738 ipsis
3295 3667 3384 3721 in-

1798 3750 2185 3805 nascibilitatis
2208 3756 2703 3822 propugnatoribus
2736 3759 2928 3823 everti,
2956 3759 3086 3812 dum
3128 3770 3387 3817 asserunt

1798 3840 1971 3896 Deum
2012 3858 2122 3896 non
2168 3859 2291 3899 esse
2332 3845 2661 3915 ingenitum,
2724 3848 2818 3902 sed
2860 3864 2889 3901 a
2932 3858 3085 3903 certo
3144 3851 3385 3920 quodam

1798 3934 1954 3989 initio
1980 3935 2308 4003 principium
2347 3936 2599 4005 duxisse;
2649 3954 2771 3992 nam
2815 3941 2959 4008 quod
3004 3941 3218 3996 initium
3272 3946 3386 3999 sine

1798 4028 2133 4083 exsistentiae
2182 4029 2367 4094 habet,
2421 4046 2529 4085 non
2582 4040 2735 4085 caret
2779 4032 3068 4103 principio.
3121 4034 3278 4101 Quod
3335 4036 3384 4092 si

1798 4120 2113 4175 omnimodo
2170 4121 2540 4176 conﬁtendum
2577 4132 2661 4177 est
2703 4121 2919 4178 Patrem
2969 4126 3241 4198 principio
3291 4143 3385 4182 ca-

1798 4228 1943 4277 rere,
1978 4220 2192 4281 oportet
2239 4222 2299 4267 ut
2330 4228 2509 4283 neque
2537 4211 2660 4267 Filii
2702 4216 2825 4270 vitae
2863 4216 3149 4273 deﬁnitum
3180 4227 3232 4274 et
3260 4235 3384 4274 cer-

1799 4313 1910 4358 tum
1960 4305 2255 4359 terminum
2298 4314 2534 4369 statuas,
2572 4321 2601 4359 a
2634 4322 2743 4375 quo
2782 4308 3004 4364 vivendi
3047 4310 3382 4383 principium

1797 4396 2032 4464 duxerit,
2061 4397 2276 4467 vitaque
2322 4411 2407 4459 eo,
2434 4396 2576 4467 quod
2602 4414 2765 4466 supra
2793 4400 2937 4455 hunc
2958 4402 3249 4456 terminum
3276 4410 3382 4474 est,

159 4462 319 4526 ζουσάν
350 4489 477 4524 ποτε
507 4470 602 4524 τοῦ
637 4471 848 4542 [ἰατρὸς
876 4472 976 4545 τὴν
1004 4474 1168 4547 ζωὴν,
1197 4478 1303 4547 πρὸ
1327 4479 1425 4549 τῆς
1442 4480 1536 4533 τοῦ
1563 4480 1692 4535 Υίοῦ

1803 4486 1978 4553 spatio
2019 4462 2262 4554 penitus
2320 4462 2599 4553 caruerit;
2656 4462 2750 4543 sed
2812 4488 3018 4543 sufﬁit
3078 4462 3381 4546 secundum

159 4563 417 4632 γεννήσεως
451 4581 468 4596 ο
521 4565 611 4617 ἶνα
642 4563 717 4633 μὴ
747 4566 1057 4637 συνεισελθῃ
1103 4571 1169 4639 τῇ
1215 4570 1477 4641 ὑπολήψει
1522 4572 1693 4646 ταύτῃ

158 4649 538 4725 διαστηματικόν
569 4674 621 4708 τι
672 4656 848 4726 νόημα
892 4658 997 4728 πρὸ
1033 4659 1133 4730 τῆς
1176 4660 1271 4714 τοῦ
1308 4662 1437 4715 Υἱοῦ
1487 4664 1698 4717 ἀναδεί-

161 4742 281 4809 ξεως,
322 4751 384 4819 τῇ
432 4748 545 4820 ζωῇ
577 4748 671 4802 τοῦ
713 4752 1102 4819 γεγεννηκότος
1134 4754 1652 4826 παραμετρούμενον
1677 4772 1690 4786 ·

159 4830 328 4903 ᾧκατ*
370 4841 615 4911 ἀνάγκην
655 4842 1007 4913 ἀκολουθήσει
1070 4845 1131 4898 τὸ
1178 4846 1272 4899 καὶ
1322 4846 1416 4899 τοῦ
1482 4848 1706 4918 Πατρδᾷ

160 4926 297 5000 ἀρχήν
312 4948 427 4984 τινα
450 4935 547 5002 τῆς
575 4931 720 5002 ζωῆς
747 4932 1096 5003 ὑπερθέσθαι,
1124 4934 1243 4989 καθ’
1275 4937 1343 5007 ἣν
1368 4938 1429 4990 τὺ
1458 4938 1697 4993 ἀναπλα-

161 5017 256 5071 «ea
273 5021 370 5091 πρὸ
399 5022 562 5075 αὑτοῦ
583 5022 857 5096 διάστημα
886 5025 1073 5094 προϊὸν
1095 5026 1187 5079 ἐπὶ
1208 5027 1268 5079 τὸ
1298 5026 1410 5081 ἄνω
1440 5029 1695 5100 στήσεται

161 5116 574 5185 συμπεριγράφον
606 5115 756 5186 αὐτῷ
791 5118 890 5189 τῆς
924 5120 1413 5192 προεπινοηθείσης
1449 5122 1541 5176 τοῦ
1581 5125 1694 5177 Πα-

159 5201 257 5269 τρὸς
284 5204 421 5275 ζωῆς
452 5205 550 5277 τὴν
578 5206 772 5278 ἀρχήν.
814 5208 975 5262 Ἀλλά
1003 5210 1065 5263 τὸ
1087 5208 1146 5277 ἐξ
1179 5212 1345 5267 αὐτοῦ
1376 5216 1694 5285 ὁμολογοῦν-

160 5305 251 5354 τας,
273 5296 369 5348 κᾶν
388 5296 657 5369 τολμηρόν
688 5315 741 5351 τι
775 5300 1065 5372 φαίνηται,
1098 5303 1196 5357 καὶ⁹
1230 5304 1292 5357 τὸ
1324 5307 1419 5360 σὺν
1448 5308 1595 5379 αὑτῷ
1620 5310 1694 5380 μὴ

160 5384 421 5454 ἀρνεῖσθαι,
464 5390 568 5443 ὑπὸ
608 5391 708 5461 τῆς
738 5393 797 5444 ὲν
824 5397 943 5457 ταῖς
972 5395 1273 5465 ὑποθήκαις
1315 5400 1537 5471 Γραφῆς
1559 5404 1696 5474 πρὸς

159 5474 236 5542 τὴν
259 5476 452 5534 ἔννοιαν
491 5480 696 5551 ταύτην
730 5483 1142 5555 ὁδηγουμένους.
1177 5492 1566 5562 Ἀπαύγασμα
1587 5493 1693 5565 γάρ

160 5566 326 5622 ἀιδίου
346 5572 535 5641 φωτὸς
555 5576 706 5642 παρὰ
720 5578 819 5646 τῆς
837 5576 1039 5645 Σοφίας
1075 5577 1208 5632 ἀκού
1217 5595 1426 5643 σαντες,
1477 5599 1693 5638 συνεπι-

164 5656 437 5731 θεωρουμεν
479 5666 542 5735 τῇ
592 5665 854 5739 ἀῖδιότητι
920 5668 1014 5722 τοῦ
1088 5666 1448 5739 πρωτοτύπου
1517 5669 1691 5738 φωτὸς

165 5748 565 5825 τδάπαύγασμα,
602 5754 696 5808 καὶ
728 5755 789 5806 τὸ
826 5755 997 5807 αἴτιον
1027 5752 1121 5806 τοῦ
1148 5755 1578 5831 ἀπαυγάσματος
1606 5766 1690 5819 ὲν-

450 5849 719 5909 Ρλτιιυι..
764 5847 882 5909 Gn.
916 5846 1106 5910 XLV.

1799 4576 1972 4630 solam
2030 4575 2284 4644 principii
2344 4578 2614 4630 rationem
2680 4578 3104 4649 praeintelligere
3162 4578 3383 4635 Patrem

1796 4664 1953 4726 Filio,
1991 4681 2168 4735 neque
2195 4664 2375 4722 Patris
2401 4669 2513 4720 vita
2543 4669 2860 4735 separatim,
2888 4677 2944 4722 et
2966 4670 3126 4738 quasi
3162 4674 3381 4741 propria

1799 4756 1969 4821 illius,
2012 4764 2139 4811 ante
2182 4754 2304 4809 Filii
2354 4759 2761 4826 generationem
2811 4761 3111 4829 spectanda
3155 4770 3261 4823 est,
3311 4774 3383 4814 ne

1798 4849 1981 4902 animo
2036 4849 2229 4903 subeat
2290 4850 2561 4904 intervalli
2593 4850 2829 4920 alicujus
2885 4852 3185 4922 cogitatio,
3228 4851 3379 4921 quod

1798 4950 1923 4995 ante
1954 4939 2072 4995 Filii
2110 4942 2512 5011 generationem
2559 4959 2683 4997 eum
2727 4943 2845 5012 ipso
2879 4942 3044 5000 Patre
3080 4954 3377 5015 generante

1798 5031 1959 5085 simul
2024 5029 2330 5096 exstiterit;
2371 5044 2435 5083 ex
2481 5047 2591 5099 quo
2639 5032 2957 5087 necessario
2998 5031 3374 5097 concluditur,

1796 5123 1959 5176 etiam
2001 5124 2124 5175 vitae
2172 5132 2227 5176 et
2267 5121 2605 5177 exsistentia:
2648 5122 2829 5178 Patris
2881 5121 3212 5193 principium
3252 5139 3379 5180 esse

1799 5214 2218 5277 admittendum,
2251 5230 2281 5268 a
2313 5229 2423 5284 quo
2454 5215 2749 5270 conﬁctum
2784 5216 2853 5270 ab
2885 5216 2991 5271 isto
3027 5217 3378 5273 intervallum

1797 5308 2100 5380 procedens
2126 5307 2327 5363 ibidem
2352 5323 2418 5363 ex
2452 5322 2653 5379 supera
2688 5317 2844 5380 parte
2869 5308 3124 5373 ﬁnietur;
3158 5325 3380 5367 secum-

1795 5414 1901 5470 que
1944 5400 2149 5470 pariter
2203 5398 2423 5453 deﬁniet
2476 5408 2531 5453 et
2588 5399 3003 5454 circumscribet
3043 5402 3377 5472 principium

1796 5491 2191 5561 praeiutellectae
2234 5499 2288 5544 et
2312 5490 2742 5561 praeexsistentis
2759 5494 2883 5547 vita:
2908 5489 3110 5547 Patris.
3138 5490 3378 5548 Verum-

1794 5583 2073 5639 enimvero
2119 5598 2265 5644 eum,
2311 5598 2469 5652 quem
2517 5597 2586 5637 ex
2636 5580 2798 5637 Patre
2856 5583 3155 5651 procedere
3204 5584 3378 5642 conﬁ-

1794 5682 1994 5739 temur,
2043 5674 2259 5731 etiamsi
2294 5674 2510 5729 facinus
2542 5675 2721 5729 audax
2767 5674 3039 5741 videatur,
3060 5690 3171 5732 non
3212 5694 3375 5750 nege-

1794 5782 1921 5826 mus
1949 5767 2113 5827 simul
2142 5781 2268 5825 cum
2308 5767 2429 5839 ipso
2463 5780 2609 5836 esse,
2652 5766 2709 5825 in
2748 5767 2890 5826 hanc
2929 5769 3261 5828 sententiam
3306 5770 3376 5829 ab

2971 5858 3050 5923 12
