3920 6492
562 274 671 329 565
1798 267 1858 322 S.
1901 268 2131 327 GREGO

2269 270 2312 325 Ν
2323 267 2563 323 YSSLNI
3664 274 3749 331 τοι

553 387 689 455 ipsis
724 396 892 439 sacra:
922 379 1219 451 Scriptura:
1252 380 1487 436 oraculis
1510 378 1683 438 ducti.
1714 381 1849 437 Cum
1886 390 2031 439 enim
2060 385 2129 441 ab

2237 383 2494 448 νοοῦντες,
2520 381 2615 437 καί
2640 382 2699 434 τὸ
2734 380 3099 453 πρεσϐύτερον
3126 381 3187 434 ού
3215 381 3515 452 δεχόμενοι·
3558 387 3641 440 καὶ
3674 391 3749 441 οὔ.

554 492 671 547 ipsa
743 473 1021 544 Sapientia
1080 471 1334 529 audimus
1363 514 1378 539 ,
1436 488 1557 528 eum
1619 488 1741 528 esse
1796 474 2124 544 splendorem

2237 494 2329 539 τως
2357 477 2487 545 ἡμῖν
2510 475 2538 526 ὁ
2573 474 2670 543 τῆς
2706 472 2983 535 εὐσεϐείας
3018 471 3406 544 διασωθήσεται
3433 474 3579 542 λόγος
3598 495 3610 507 ·
3652 480 3750 533 οὕτε

554 567 734 622 (τιεγηί
767 565 978 619 luminis
1000 564 1078 628 ",
1122 564 1307 619 statim
1350 572 1528 618 mente
1552 564 1891 631 concipimus
1945 566 2123 633 ipsum

2237 566 2301 637 τῷ
2329 565 2442 636 Υίῷ
2473 564 2573 633 τῆς
2616 563 2758 634 ζωῆς
2802 563 2894 615 ἐπὶ
2942 563 3002 616 τὸ
3034 564 3146 617 άνω
3174 563 3495 635 λειπούσης,
3537 566 3649 621 οὔτε
3677 574 3755 641 τῆς

551 657 1180 730 splendorem,tanquam
1215 670 1367 723 teque
1396 664 1655 709 mternum
1682 670 1746 708 ac
1776 656 1956 709 lumen
1987 656 2121 710 illud

2237 657 2523 726 ἰιῖδιότητος
2550 654 2643 707 τοῦ
2671 653 2881 724 Πατρὸς
2904 655 2961 706 ὲν
2985 654 3063 724 τῷ
3088 655 3305 726 ὁριστὴν
3333 656 3659 712 ὑποτίθεσθαι
3680 663 3753 714 τθῦ

552 750 832 819 princeps,
856 764 921 802 ex
947 761 1057 816 quo
1085 744 1575 816 Splendoremicuit
1599 762 1615 812 ;
1641 746 1878 815 dumque
1897 761 2121 802 causam

2237 747 2361 801 Υἰοῦ
2388 748 2486 818 τὴν
2512 746 2686 817 ἀρχὴν
2710 743 3125 815 κολοϐουμένης.

550 850 604 897 et
632 840 955 911 principium
982 835 1283 905 splendoris
1326 835 1695 905 intelligimus.
1748 837 1908 891 simul
1938 839 2103 891 etiam
2139 838 2403 893 rationem
2484 836 2808 907 antiquioris
2854 850 2948 891 seu
2987 836 3184 905 prioris
3234 838 3612 907 repudiamus:
3670 857 3757 911 quo

556 934 635 1001 lit,
668 941 728 986 ut
760 932 902 1002 quod
966 931 1050 999 pie
1074 929 1231 983 nobis
1255 930 1513 983 traditum
1546 937 1650 992 est,
1688 930 2006 984 inviolatum
2042 930 2405 994 custodiatur,
2444 928 2572 983 dum
2600 943 2777 998 neque
2808 928 2918 982 vita
2978 927 3104 982 Filii
3160 929 3325 997 priori
3386 931 3561 1000 aliquo
3621 932 3760 988 inter-

557 1026 697 1079 vallo
747 1024 944 1085 delicit,
982 1035 1155 1089 neque
1202 1020 1363 1074 etiam
1418 1022 1694 1076 aeternitas
1744 1021 1925 1076 Patris
1958 1023 2260 1086 mutilatur,
2292 1021 2415 1076 Filii
2446 1026 2553 1078 vita
2614 1033 2667 1078 et
2702 1020 3022 1078 exsistentia
3092 1029 3254 1075 certae
3319 1023 3548 1092 alicujus
3619 1028 3757 1082 dura-

554 1118 715 1175 tionis
750 1116 1014 1171 limitibus
1049 1115 1281 1169 inclusa.

629 1211 735 1267 Sed
791 1209 934 1264 forte
977 1209 1180 1265 dixerit
1240 1208 1517 1280 quispiam
1583 1224 1649 1263 ex
1684 1208 2125 1264 adversariorum

2311 1207 2447 1259 Ἀλλ’
2483 1207 2613 1268 ίσως
2656 1205 2771 1275 ἐρεῖ
2816 1221 2899 1266 τις
2938 1204 3046 1256 τῶν
3083 1202 3449 1273 ἐνισταμένων
3492 1204 3565 1275 τῷ
3608 1206 3757 1278 λόγῳ.

554 1318 804 1367 numero,
827 1302 1000 1371 ipsam
1032 1316 1251 1371 quoque
1276 1312 1582 1356 creaturam
1635 1302 1878 1355 omnium
1911 1300 2127 1355 confes-

2237 1300 2309 1352 ὅτι
2340 1298 2434 1352 καὶ
2457 1299 2488 1367 ἠ
2519 1297 2693 1358 κτίσις
2722 1294 3161 1365 ὁμολογουμένην
3188 1294 3362 1365 ἀρχὴν
3394 1295 3523 1366 ἔχει,
3550 1298 3635 1349 καὶ
3658 1298 3759 1351 οὔτε

555 1397 709 1451 sione
736 1396 947 1450 cenum
987 1396 1321 1465 principium
1358 1394 1580 1457 habere,
1612 1410 1788 1463 neque
1816 1402 1998 1448 tamen
2038 1408 2128 1450 res

2237 1394 2618 1445 συνεπινοεῖται
2655 1392 2719 1459 τῇ
2760 1388 3018 1456 ἀῖδιότητι
3048 1385 3142 1439 τοῦ
3180 1388 3520 1459 Δημιουργοῦ
3550 1389 3610 1441 τά
3634 1391 3755 1457 γενό-

553 1494 767 1542 creatas
793 1494 849 1540 ut
878 1494 1178 1540 coaeternas
1226 1484 1414 1556 Opilici
1438 1500 1536 1540 suo
1563 1485 1776 1552 concipi
1805 1500 1988 1555 posse,
2030 1499 2129 1538 ne-

2237 1499 2387 1553 μενα,
2408 1481 2531 1535 οὔτε
2561 1483 2740 1552 ἵστησι
2766 1479 2853 1532 διά
2875 1479 2975 1548 τῆς
3008 1478 3144 1541 ἰδίας
3167 1479 3339 1551 ἀρχῆς
3360 1479 3419 1532 τὸ
3439 1480 3664 1551 ἀόριστον
3682 1482 3763 1550 τῆς

554 1596 661 1650 que
689 1580 851 1633 etiam
884 1594 978 1634 eas
1013 1593 1114 1631 suo
1139 1577 1297 1632 initio
1328 1577 1650 1631 inﬁnitatem
1692 1577 1889 1631 divinae
1918 1584 2125 1631 natura!

2237 1573 2378 1636 {istac
2424 1571 2589 1642 ζωῆς,
2626 1572 2815 1644 ὥσπερ
2859 1572 2951 1625 ιπι
2992 1570 3085 1625 τοῦ
3132 1570 3286 1635 Υίοῦ,
3319 1570 3534 1623 καὶτοῦ
3585 1572 3759 1641 Harpe;

557 1671 875 1735 terminare,
916 1668 1063 1739 quod
1098 1684 1197 1723 nos
1226 1683 1346 1722 cum
1379 1666 1445 1721 de
1476 1665 1636 1722 Patre
1660 1674 1714 1722 et
1748 1665 1884 1721 Filio
1937 1667 2129 1737 dispu-

2237 1663 2614 1733 ἐξεταζόμενος
2632 1665 2660 1717 ὀ
2689 1663 2844 1731 λόγος
2872 1664 2968 1735 τὴν
2993 1663 3220 1717 ἀτοπίαν
3240 1661 3534 1727 ὑπέδειξεν.
3552 1660 3629 1724 Ὠς
3654 1663 3760 1715 ἀκόο

552 1761 827 1827 tabamus,
846 1770 1105 1830 tanquam
1128 1759 1447 1822 absurdum,
1476 1760 1737 1829 consequi
1783 1759 2124 1815 dicebamus.

2237 1758 2413 1811 λουθον
2441 1751 2578 1809 εἶναι
2603 1755 2692 1809 διὰ
2713 1756 2901 1809 τούτου
2923 1756 2955 1826 ἧ
2982 1755 3077 1827 τὴν
3091 1755 3267 1809 κτίσιν
3294 1751 3554 1807 συνατδιον
3570 1753 3635 1823 τῷ
3650 1753 3761 1822 Θεῷ,

552 1852 742 1922 Itaque
786 1852 1102 1907 necessario
1150 1850 1587 1906 concludendum
1619 1866 1741 1907 esse
1774 1851 1846 1906 ob
1880 1851 2004 1916 hoc,
2046 1850 2129 1904 vel

2237 1848 2375 1920 ἣκαὶ
2403 1847 2495 1901 τὸν
2524 1849 2650 1902 Υίὸν
2682 1847 3138 1919 μεταγενέστερον
3156 1847 3375 1916 ἀφόϐως
3407 1846 3605 1914 λέγειν’
3629 1845 3655 1896 ό
3675 1846 3762 1917 γάρ

555 1945 869 1993 creaturam
931 1954 1054 1995 esse
1107 1946 1435 1993 coaeternam
1500 1936 1631 2004 Deo,
1696 1938 1779 1992 vel
1817 1949 1965 1993 certe
2011 1939 2131 1995 sine

2237 1940 2321 1996 τοῦ
2345 1940 2708 2012 διαστήματος
2724 1941 2878 2011 λόγος
2891 1940 3091 2013 ὁμοίως
3117 1941 3385 2005 ύποδείξει
3415 1940 3466 1993 τὸ
3477 1940 3673 1999 ἀτοπον,
3690 1939 3764 1992 καὶ

554 2030 819 2098 scrupulo
869 2028 1095 2085 concedi
1154 2044 1337 2099 posse,
1398 2026 1599 2084 Filium
1654 2043 1778 2085 esse
1820 2028 1982 2084 Patre
2029 2046 2131 2086 suo

2237 2032 2339 2087 ἀπὸ
2362 2035 2457 2104 τῆς
2486 2032 2714 2097 κτίσεως
2731 2035 2824 2087 ἐπὶ
2852 2033 2943 2087 τὸν
2970 2033 3309 2103 πεποιηκότα
3329 2030 3762 2106 διαμετρούμενος.

552 2121 954 2189 posteriorem;
1032 2135 1156 2174 nam
1231 2119 1373 2175 ratio
1432 2120 1703 2175 intervalli
1758 2124 2042 2193 aequaliter
2100 2127 2495 2185 absurditatem
2557 2144 2743 2185 secum
2821 2128 2997 2193 aﬁ‘ert,
3050 2127 3275 2198 quando
3355 2143 3386 2182 a
3437 2136 3667 2183 creatura
3711 2124 3765 2177 ad

556 2207 873 2261 Creatorem
901 2205 1078 2276 ipsum
1108 2208 1351 2265 ducitur.

622 2299 694 2355 At
722 2301 815 2373 qui
860 2302 964 2357 hoc
998 2302 1208 2372 objicit,
1256 2303 1304 2358 is
1351 2302 1490 2360 forte
1524 2320 1633 2359 non
1683 2308 1820 2363 satis
1873 2320 2130 2366 accurate

550 2401 605 2449 et
632 2391 926 2465 diligenter
951 2392 1204 2465 dogmate
1268 2394 1391 2461 ipso
1426 2397 1780 2469 introspecto,
1823 2414 1891 2455 ex
1930 2400 2122 2455 alienis

548 2492 606 2541 et
644 2487 869 2541 omnino
906 2486 1043 2541 nihil
1096 2486 1165 2542 ad
1202 2488 1543 2558 propositum
1596 2498 1843 2546 nostrum
1879 2492 2129 2547 facienti.

552 2578 684 2643 bus,
713 2586 904 2633 contra
940 2593 1004 2633 ea
1026 2594 1147 2648 quae
1196 2578 1584 2645 disseruimus,
1637 2592 1959 2653 argumenta
1996 2600 2127 2655 pro-

551 2670 672 2726 mit.
705 2668 843 2726 Nam
878 2670 924 2728 si
970 2671 1349 2727 demonstrare
1398 2682 1608 2742 posset.
1666 2674 1872 2744 aliquid
1908 2691 2126 2743 eorum,

550 2776 673 2833 quae
723 2775 891 2831 supra
930 2773 1241 2817 creaturam
1292 2770 1441 2831 sunt,
1482 2763 1855 2820 subsistentia:
1913 2782 2025 2821 sua:
2070 2767 2128 2822 in

552 2859 758 2922 puncto
801 2853 1036 2924 alicujus
1070 2854 1340 2910 intervalli
1375 2856 1641 2927 originem
1678 2857 1898 2921 ducere,
1941 2860 2129 2929 sicque

549 2954 812 3016 praeterea
861 2961 961 3016 pro
1015 2955 1188 3013 certo,
1246 2948 1523 3002 communi
1569 2950 1815 3004 omnium
1862 2951 2130 3020 approba-

550 3038 702 3093 tione
732 3047 1034 3101 constaret,
1055 3038 1170 3093 lieri
1202 3053 1385 3108 posse,
1411 3047 1471 3093 ut
1501 3039 1665 3093 etiam
1700 3050 1826 3095 ante
1856 3052 2127 3097 creaturae

550 3129 888 3186 eﬂ‘ectionem
918 3130 1191 3185 intervalli
1223 3130 1459 3199 alicujus
1499 3132 1641 3185 ratio
1688 3132 2073 3201 conciperetur
2102 3149 2118 3189 :

550 3220 669 3274 tum
707 3219 960 3275 fortassis
988 3234 1096 3273 non
1127 3220 1353 3274 omnino
1385 3231 1580 3290 praeter
1612 3237 1725 3276 rem
1761 3222 1899 3278 foret
1936 3224 2125 3293 hujus-

553 3312 702 3367 modi
730 3313 1067 3383 argumentis
1101 3309 1528 3367 demonstratam
1559 3312 1627 3368 de
1683 3312 1819 3368 Filio
1850 3316 2126 3371 aeternita-

555 3412 666 3459 tem
706 3401 929 3457 eludere
963 3412 1017 3456 et
1043 3416 1360 3471 oppugnare
1406 3402 1570 3459 velle.
1614 3404 1684 3459 At
1717 3419 1844 3459 cum
1885 3407 2126 3461 omnium

552 3501 702 3549 recte
730 3495 1081 3549 sentientium
1108 3492 1385 3566 sull'ragiis
1408 3505 1463 3551 et
1491 3497 1858 3553 consensione
1886 3498 2120 3569 liqueat,

554 3585 762 3640 entium
794 3584 940 3639 aliud
973 3584 1193 3655 quidem
1239 3602 1369 3643 esse
1411 3599 1679 3652 creatum,
1732 3589 1880 3644 aliud
1917 3590 2129 3646 increa-

555 3681 669 3727 tum
699 3689 964 3743 :cumque
992 3674 1236 3729 veritatis
1263 3683 1316 3731 et
1350 3675 1569 3746 pietatis
1608 3677 1903 3747 disciplina
1928 3677 2129 3735 docea-

553 3780 699 3830 mur,
767 3764 1008 3820 divinam
1066 3774 1317 3821 naturam
1379 3768 1675 3824 increatam
1704 3786 1851 3835 esse,
1907 3770 1963 3825 in
2022 3786 2129 3842 qua

554 3856 701 3912 aliud
727 3857 945 3927 quidem
983 3859 1056 3915 sit
1085 3859 1440 3929 principium,
1466 3859 1613 3915 aliud
1641 3876 1708 3913 ex
1737 3860 2009 3932 principio
2055 3862 2130 3918 in-

555 3947 933 4017 separabiliter
961 3949 1323 4006 substantiam
1344 3965 1499 4006 suam
1528 3952 1850 4020 accipiat,et
1876 3962 2129 4009 creatura

554 4037 613 4094 in
672 4036 962 4096 intervallo
1023 4043 1259 4112 quodam
1317 4049 1702 4114 repraesentata
1759 4046 2129 4101 contineatur:

554 4134 734 4189 omnis
757 4137 981 4188 omnino
1007 4135 1325 4205 temporalis
1347 4136 1484 4192 ordo
1507 4146 1558 4191 et
1577 4138 1751 4192 series
1775 4153 1956 4192 rerum
1978 4152 2129 4193 crea-

555 4230 737 4279 tarum
769 4240 800 4278 a
828 4233 1074 4297 tempore
1108 4228 1625 4298 comprehenditur;
1675 4229 1768 4283 illa
1816 4244 1944 4285 vero
1978 4238 2132 4285 ante-
2168 4262 2208 4316 ο

556 4318 861 4381 mcularis,
896 4335 989 4374 seu
1018 4326 1143 4375 ante
1174 4325 1388 4389 tempus
1415 4320 1687 4376 exsistens
1718 4329 1936 4385 natura,
1970 4330 2119 4378 caret

556 4409 706 4464 omni
731 4424 792 4464 ea
830 4410 1164 4470 diversitate,
1188 4426 1293 4480 qua
1316 4411 1420 4465 alia
1444 4413 1777 4482 antiquiora,
1806 4413 1909 4467 alia
1946 4429 2135 4468 recen—

556 4500 696 4556 tiora
731 4517 853 4559 esse
885 4503 1085 4564 solent,
1142 4518 1208 4557 co
1237 4503 1382 4573 quod
1419 4504 1472 4557 in
1501 4503 1685 4557 divina
1724 4504 1815 4557 illa
1859 4513 1911 4559 et
1979 4504 2139 4558 beata

555 4592 666 4646 vita
698 4592 923 4647 minime
951 4591 1239 4661 quaerenda
1257 4601 1311 4648 et
1333 4594 1735 4650 consideranda
1769 4594 1901 4657 sint,
1920 4609 2144 4663 quaera-

558 4682 633 4737 tio
659 4689 847 4738 nostra
894 4683 946 4737 in
980 4693 1229 4738 creatura
1267 4685 1464 4740 inesse'
1485 4684 1777 4754 conspicit.
1800 4683 1937 4739 Nam
1963 4685 2145 4741 omnis

553 4773 972 4840 creatura,sicut
987 4774 1188 4829 dictum
1204 4776 1613 4841 est,secundum
1626 4775 1870 4831 ordinem
1884 4785 1937 4830 et
1954 4778 2147 4832 seriem

556 4863 846 4935 quamdam
882 4866 1145 4936 producta
1168 4877 1520 4923 mensuratur
1557 4867 2143 4937 durationetemporis,

556 4961 611 5007 et
634 4954 677 5009 si
692 4954 818 5026 quis
842 4956 1056 5011 ratione
1075 4958 1331 5012 ascendat
1346 4974 1441 5028 per
1474 4974 1652 5013 rerum
1672 4961 2144 5015 creatarumordi-

558 5057 683 5098 nem
711 5044 776 5099 ad
806 5046 1122 5101 earumdem
1172 5048 1522 5118 principium,
1543 5049 1948 5121 indagationem
1985 5069 2143 5110 suam

556 5135 1025 5205 temporisexortu
1049 5146 1103 5192 et
1133 5138 1445 5195 conditione
1460 5138 1895 5198 circumscribet.
1932 5142 1998 5198 At
2016 5159 2145 5199 vero

563 5224 891 5294 substantia,
917 5244 1039 5300 quae
1052 5244 1215 5299 supra
1229 5238 1536 5286 creaturam
1553 5241 1735 5289 evecta
1751 5242 1857 5300 est,
1877 5240 2136 5306 tanquam

564 5315 635 5369 ab
666 5319 817 5371 omni
867 5317 1279 5391 intercapedine
1338 5324 1624 5393 temporali
1676 5324 1869 5390 libera,
1915 5340 2135 5381 omnem

566 5407 829 5477 temporis
856 5412 1053 5467 seriem
1084 5414 1465 5482 transcendit;
1504 5430 1543 5469 a
1565 5416 1719 5472 nullo
1753 5416 2135 5488 hujuscemodi

566 5495 857 5569 principio,
880 5503 990 5556 ullo
1022 5505 1181 5560 modo
1211 5506 1510 5564 secundum
1526 5506 1779 5566 ordinem
1805 5508 2132 5580 procedenti.

640 5668 684 5702 "
733 5669 896 5731 llebr.
930 5691 970 5743 ι,
995 5676 1048 5733 5.

2298 2305 2357 2359 '0
2413 2306 2471 2358 δὲ
2528 2304 2588 2359 τὸ
2635 2303 2873 2359 τοιοῦτον
2928 2306 3358 2378 ἀνθυποφέρων,
3407 2305 3504 2360 ούκ
3554 2304 3761 2374 ἀκριϐῶ

2225 2398 2369 2468 τάχα
2410 2401 2475 2469 τῇ
2506 2397 2712 2469 διανοίᾳ
2744 2397 2837 2450 τοῦ
2887 2398 3153 2468 δόγματος
3180 2399 3426 2467 ἐφιστὰς,
3456 2398 3540 2451 διὰ
3567 2397 3661 2451 τῶν
3686 2396 3763 2449 ἀλ-

2226 2486 2450 2554 λοτρίων
2513 2486 2608 2539 καὶ
2675 2486 3019 2539 παντάπασιν
3067 2488 3451 2558 ἀκοινωνήτων
3510 2488 3597 2539 τοῦ
3652 2502 3763 2556 προ-

2234 2577 2484 2648 κειμένου
2542 2576 2639 2649 τὴν
2691 2577 2825 2648 πρὸς
2873 2578 2939 2630 τὰ
2991 2579 3255 2650 εἰρημένα
3318 2581 3537 2633 ποιεῖται
3596 2578 3761 2649 μάχην.

2234 2670 2295 2722 Εἰ
2334 2670 2430 2740 μὲν
2459 2668 2569 2741 γάρ
2598 2686 2651 2721 τι
2684 2670 2789 2722 τῶν
2817 2668 2956 2738 ὑπὲρ
2994 2670 3091 2741 τὴν
3128 2670 3305 2723 κτίσιν
3346 2670 3599 2724 δεικνύειν
3628 2665 3763 2739 εἶχεν,

2233 2758 2289 2812 ἐν
2336 2776 2441 2814 τινι
2484 2759 2892 2830 διαστηματικῷ
2926 2762 3134 2831 σημείῳ
3176 2762 3274 2831 τὴν
3326 2762 3497 2834 ἀρχὴν
3537 2763 3645 2832 ἔχον
3685 2762 3763 2829 τῆς

2235 2851 2582 2915 ὑποστάσεως
2606 2894 2621 2915 ,
2668 2852 2763 2905 καὶ
2808 2849 2966 2904 τοῦτο
3010 2852 3160 2923 παρά
3210 2852 3428 2907 πάντων
3478 2852 3765 2923 ὡμολογεῖτο

2233 2943 2453 2996 δυνατὸν
2482 2938 2638 3007 εἶναι,
2678 2942 2771 2996 καὶ
2807 2943 2904 3014 τὴν
2927 2942 3020 2996 τοῦ
3050 2943 3413 3014 διαστῇματος
3453 2944 3643 2998 ἔννοιαν
3691 2944 3766 2995 καί

2236 3036 2341 3106 πρὸ
2387 3035 2486 3104 τῆς
2516 3037 2744 3098 κτίσεως
2785 3036 3006 3097 ἐννοεῖν,
3046 3034 3189 3107 εἶχεν
3236 3038 3302 3091 ἂν
3339 3040 3463 3100 ῐσως
3494 3037 3667 3106 καιρὸν
3687 3036 3768 3103 τὴν

2234 3131 2325 3182 ἐπὶ
2349 3128 2442 3181 τοῦ
2472 3126 2808 3195 Μονογενοῦς
2832 3129 3237 3199 ἀποδειχθεῖσαν
3262 3130 3351 3184 διὰ
3373 3133 3475 3184 τῶν
3505 3129 3768 3201 εἰρημένων

2234 3220 2511 3290 ἀῖδιότητα
2540 3220 2650 3282 τοῖς
2674 3216 2930 3282 τοιούτοις
2955 3222 3378 3295 ἐπιχειρήμασιν
3408 3220 3643 3275 ἀναλύειν
3668 3234 3766 3269 τιτι-

2236 3311 2452 3384 ρᾶσθαι.
2502 3312 2653 3364 Ἐπεὶ¹
2687 3315 2743 3369 δὲ
2775 3313 2976 3378 πάσαις
3006 3314 3125 3378 ταῖς
3159 3314 3267 3369 τῶν
3300 3312 3651 3368 εὐσεϐούντων
3680 3307 3767 3375 ψή-

2235 3420 2357 3473 φοις
2388 3406 2744 3475 ὁμολογεῖται,
2771 3407 2853 3460 ὅτι
2885 3406 3098 3459 πάντων
3126 3404 3233 3458 τῶν
3261 3404 3428 3458 ὅντων
3452 3402 3511 3456 τὸ
3564 3401 3651 3471 μὲν
3698 3396 3767 3449 διὰ

2236 3495 2333 3566 τῆς
2359 3497 2586 3560 κτίσεώς
2618 3499 2769 3561 ἐστι,
2800 3497 2859 3551 τὸ
2882 3498 2938 3550 δὲ
2974 3497 3078 3566 πρὸ
3106 3496 3203 3566 τῆς
3236 3495 3493 3556 κτίσεως,
3531 3490 3618 3545 καὶ
3648 3486 3766 3553 ὅτιή

2238 3587 2335 3657 μὲν
2367 3587 2486 3641 θεία
2516 3587 2676 3656 φύσις
2708 3589 2957 3651 ἄκτιστος
2985 3582 3123 3641 εἶναι
3158 3584 3510 3638 πεπίστευται
3538 3623 3551 3643 ,
3590 3584 3643 3634 ὲν
3720 3576 3769 3629 νδ

2240 3678 2338 3750 μὲν
2365 3678 2552 3743 αἴτιον,
2576 3680 2635 3732 τὸ
2661 3679 2717 3732 δὲ
2749 3680 2807 3745 ἐξ
2835 3680 3007 3733 αἰτίου
3035 3679 3131 3750 τὴν
3157 3677 3450 3731 ὑπόστασιν
3472 3674 3768 3730 ἀδιαστάτως

2235 3770 2378 3841 ἔχειν
2411 3774 2439 3825 ὁ
2470 3773 2567 3842 τῆς
2592 3771 2871 3833 εὐσεϐείας
2896 3769 3135 3823 διδάσκει
3162 3769 3339 3837 λόγος,
3366 3769 3461 3840 τῆς
3488 3768 3541 3821 δὲ
3572 3764 3768 3821 κτίσεως

2237 3861 2294 3913 ὲν
2317 3860 2654 3930 παραστάσει
2682 3861 2787 3914 τινὶ
2814 3859 3209 3930 διαστηματικῇ
3233 3858 3619 3930 θεωρουμένης·
3644 3853 3769 3905 πᾶσα

2236 3949 2457 4021 χρονικὴ
2485 3949 2635 4015 τάξις
2670 3952 2763 4004 καὶ
2820 3949 3105 4003 ἀκολουθία
3133 3951 3240 4001 τῶν
3267 3951 3561 4018 γεγονότων
3584 3947 3662 4001 διὰ
3679 3944 3767 3998 τῶν

2238 4041 2446 4094 αἰώνων
2472 4041 2976 4110 καταλαμϐάνεταιο
3016 4042 3049 4111 ἠ
3082 4041 3139 4094 δὲ
3173 4041 3492 4112 προαιώνιος
3520 4039 3665 4109 φύσις
3691 4039 3768 4090 ὲκ-

2238 4131 2478 4200 πέφευγε
2523 4134 2619 4195 τὰς
2654 4134 2793 4186 κατά
2834 4132 2893 4185 τὸ
2936 4132 3305 4205 πρεσϐύτερόν
3330 4152 3388 4187 τε
3420 4133 3513 4187 καὶ
3543 4129 3769 4197 νεώτερον

2237 4221 2518 4293 διαφορὰς,
2562 4222 2638 4293 τῷ
2673 4223 2744 4294 μὴ
2776 4223 3196 4295 συνθεωρεῖσθαι
3231 4226 3296 4295 τῇ
3332 4224 3449 4296 θείᾳ
3506 4222 3596 4277 καὶ
3624 4232 3771 4290 pam-

2240 4314 2332 4386 ρίᾳ
2381 4316 2514 4386 ζωῇ,
2542 4315 2641 4368 ὅσα
2672 4316 2798 4386 περὶ
2823 4316 2922 4385 τὴν
2965 4315 3140 4368 κτίσιν
3176 4316 3319 4380 ἰδίως
3350 4318 3379 4369 ὁ
3405 4316 3554 4383 λόγος
3591 4310 3767 4382 βλέπει·

2252 4406 2316 4458 Ἦ
2348 4406 2448 4476 μὲν
2476 4405 2583 4477 γὰρ
2613 4404 2787 4469 κτίσις
2817 4407 2983 4469 πᾶσα,
3019 4405 3199 4469 καθὼς
3244 4408 3476 4477 εἴρηται,
3519 4402 3649 4458 κατά
3670 4412 3771 4453 τινα

2238 4494 2443 4560 τάξεως
2475 4494 2794 4548 ἀκολουθίαν
2834 4496 3191 4565 γεγενημένη,
3225 4495 3301 4566 τῷ
3327 4496 3434 4549 τῶν
3461 4494 3655 4549 αἰώνων
3679 4492 3772 4543 δια-

2244 4588 2475 4657 στήματι
2499 4591 2928 4657 παραμετρεῖται
2946 4606 2957 4617 ·
2991 4587 3084 4640 καὶ
3107 4586 3159 4639 εί
3178 4603 3262 4650 τις
3288 4587 3425 4639 ἀνίοι
3443 4586 3517 4656 τῷ
3535 4584 3684 4652 λόγῳ,
3701 4580 3773 4632 διὰ

2243 4679 2341 4749 τῆς
2364 4678 2473 4732 τῶν
2502 4679 2828 4732 κτισθέντων
2858 4677 3195 4742 ἀκολουθίας,
3231 4678 3322 4730 ἐπὶ
3345 4678 3444 4749 τὴν
3468 4677 3570 4730 τῶν
3590 4671 3773 4742 γεγονό-

2243 4788 2351 4826 των
2377 4772 2567 4843 ἀρχὴν,
2601 4774 2666 4841 τῇ
2702 4769 2808 4823 τῶν
2841 4768 3049 4823 αἰώνων
3083 4768 3353 4839 καταϐολῇ
3385 4767 3663 4839 περιορίσει
3690 4763 3774 4831 τὴν

2248 4862 2490 4934 ζήτησιν.
2534 4862 2598 4914 Ἢ
2646 4861 2703 4914 δὲ
2753 4860 2890 4932 ὑπὲρ
2928 4860 3025 4932 τὴν
3062 4861 3238 4914 κτίσιν
3279 4860 3455 4926 οὐσία,
3484 4858 3574 4911 ἅτε
3604 4854 3772 4914 παντὸς

2241 4952 2666 5027 διαστηματικοῦ
2696 4955 2964 5025 νοήματος
2995 4952 3398 5024 κεχωρισμένη,
3427 4952 3596 5004 πᾶσαν
3621 4960 3771 5017 χρονι⁴

2242 5046 2345 5116 κὴν
2393 5045 2711 5099 ἀκολουθίαν
2758 5044 3117 5114 ἐκπέφευγεν,
3150 5043 3242 5096 ἀπ’
3274 5042 3523 5112 οὐδεμιᾶς
3552 5034 3771 5100 τοιαύτης

2240 5140 2412 5210 ἀρχῆς
2452 5139 2532 5201 εἰς
2567 5137 2717 5191 οὐδὲν
2744 5135 2911 5208 πέρας
2940 5135 3006 5188 δι’
3040 5133 3249 5198 οὐδενός
3288 5134 3485 5204 τρόπου
3516 5128 3643 5184 κατά
3669 5134 3771 5177 τινα

2238 5230 2388 5296 τάξιν
2436 5227 2819 5301 εὑρισκομένου
2865 5223 3146 5298 προϊοῦσα,
3193 5224 3226 5295 ἢ
3266 5224 3650 5294 καταλήγουσα.
3696 5210 3770 5279 Τῷ

2236 5322 2345 5394 γὰρ
2371 5321 2612 5376 διαϐάντι
2640 5320 2769 5383 τοὺς
2808 5319 3010 5379 αἰῶνας
3076 5317 3171 5371 καὶ
3213 5318 3385 5372 πάντα
3423 5316 3489 5370 τά
3533 5315 3586 5367 ὲν
3615 5306 3769 5365 αὐτοῖς

2237 5414 2514 5485 γεγονότα,
2546 5413 2796 5482 καθάπερ
2837 5428 2889 5464 τι
2921 5410 3153 5478 πέλαγος
3198 5410 3414 5479 ἀχανὲς,
3449 5410 3482 5478 ἡ
3529 5404 3618 5474 τῆς
3644 5397 3768 5454 θείας

2238 5506 2451 5577 φύσεως
2498 5504 2700 5577 θεωρία
2748 5506 2859 5567 τοῖς
2906 5501 3185 5573 λογισμοῖς
3237 5500 3598 5573 προφανεῖσα,
3640 5486 3768 5544 οὐδὲν
