3920 6476
182 345 263 408 865

1290 312 1567 379 CONTRA
1603 306 1972 373 EUNOMIUM
1995 350 2011 379 ,
2054 312 2184 368 LIB.
2226 308 2269 365 ἰ.

3242 309 3344 366 566

182 467 299 520 δώσει
336 455 529 527 σημεῖον
566 441 647 518 ὲψδ
696 442 893 515 ἑαυτῆς
926 439 1288 513 γνωριστικὺν
1315 438 1489 509 ἀρχῆς,
1530 450 1676 497 τινος

1795 449 1864 505 vel
1892 449 1947 503 in
1973 448 2144 504 ullum
2166 440 2525 502 desinens.Ei
2558 457 2729 507 enim,
2755 442 2848 513 qui
2871 441 3056 497 omnia
3102 448 3347 513 letttpura

179 556 236 625 τῷ
262 555 326 615 είς
360 549 417 601 τὰ
468 543 712 597 ἐπέκεινα
754 535 1069 591 διατείνοντι
1116 533 1213 605 τὴν
1264 528 1673 601 καταληπτικὴν

180 623 439 717 φαντασίαν·
466 636 599 689 ὥστε
626 633 717 686 τὸν
747 629 1303 700 πολυπραγμονοῦντα
1329 624 1391 677 τὸ
1418 623 1524 677 τῶν
1545 623 1674 675 aldu-

179 714 254 791 νων
294 727 649 803 πρεσϐύτερον,
690 722 784 775 καὶ
832 721 1049 775 ἀνιόντα
1095 718 1189 772 ἐπὶ
1230 717 1327 789 τὴν
1360 715 1466 769 τῶν
1505 714 1672 767 ὄντων

177 826 333 896 ἀρχὴν,
372 823 424 872 ὲν
467 816 648 887 μηδενὶ
690 814 881 884 στῆναι
923 811 1001 881 τῷ
1044 808 1290 879 λογισμῷ
1337 807 1671 878 δυνηθῆναι,

174 914 317 973 ἀεὶτοῦ
337 909 643 979 ζητουμένου
666 902 1248 975 ἀπεκπροθέοντος.καὶ
1272 899 1539 971 μηδεμίαν
1557 899 1677 952 στάσ

175 1007 299 1073 σιντῇ
332 998 811 1069 πολυπραγμοσύνῃ
845 994 944 1063 τῆς
964 993 1203 1056 διανοίας
1241 993 1671 1058 ὑποδεικνύντος.

1780 551 1834 599 et
1864 540 2070 604 omnia,
2102 554 2225 608 quae
2252 537 2308 591 in
2339 536 2451 591 illis
2481 534 2703 590 condita
2743 540 2895 597 sunt,
2947 534 3225 605 percurrit
3266 545 3349 585 ato

1779 648 1887 703 que
1916 632 2235 703 perlustrat,
2267 629 2441 700 ipsius
2476 626 2676 683 divina:
2711 633 2920 681 natum
2953 626 3348 689 consideratio,

1778 732 2039 793 tanquam
2073 722 2400 778 immensum
2457 718 2731 791 quoddam
2785 718 3008 788 pelagus
3040 717 3209 772 menti
3256 732 3353 785 ap~

1780 815 2010 885 parebit,
2030 815 2351 884 nullumque
2376 818 2755 883 argumentum
2773 809 3169 878 suppeditabit,
3202 808 3350 878 quod

1781 907 2026 976 alicujus
2055 906 2197 960 initii
2227 905 2491 961 indicium
2521 905 2592 959 sit
2613 903 2686 966 ei,
2723 903 2819 973 qui
2851 901 3162 957 facultatem
3198 916 3352 956 suam

1782 998 2120 1068 intelligendi
2155 999 2210 1052 in
2238 998 2334 1051 illa
2370 996 2632 1051 ulteriora
2650 994 2945 1049 extendere
2972 994 3155 1059 volet;
3195 992 3352 1055 adeo,

175 1098 303 1167 utqui
335 1096 466 1150 circa
499 1103 804 1161 temporum
846 1088 1107 1156 majorem
1151 1086 1529 1155 antiquitatem
1586 1099 1907 1159 occupatur,
1948 1097 2003 1145 et
2043 1088 2112 1143 ad
2154 1089 2391 1159 primum
2458 1086 2790 1158 principium
2848 1100 3032 1141 rerum
3072 1085 3342 1144 ascendit.

174 1205 381 1261 nusquam
414 1185 797 1257 cogitationem
846 1196 1002 1235 suam
1037 1181 1240 1236 sistere
1271 1186 1326 1235 et
1367 1178 1530 1249 ﬁgere
1573 1183 1796 1250 possit:
1846 1198 2066 1251 semper
2133 1181 2279 1237 enim
2334 1180 2387 1235 id
2445 1179 2587 1250 quod
2645 1179 3040 1249 investigatur,
3090 1177 3358 1247 quodam-

171 1282 292 1338 modo
324 1275 648 1344 subterfugit,
693 1272 1013 1340 nullumque
1061 1276 1267 1325 statum
1319 1280 1373 1325 et
1405 1271 1697 1326 terminum
1730 1274 1965 1328 curiosae
1994 1272 2333 1342 inquisitioni
2365 1270 2638 1325 concedit.

219 1372 368 1441 Σαφὴς
410 1367 461 1420 δὲ
489 1369 516 1420 ό
554 1365 711 1433 λόγος
756 1364 848 1417 καὶ
890 1362 967 1432 τῷ
1011 1362 1245 1431 μετρίως
1286 1360 1684 1434 ἐπεσκεμμένῳ

171 1466 241 1534 τὴν
256 1462 345 1513 τῶν
365 1460 523 1511 ὄντων
546 1454 730 1524 φύσιν,
771 1455 850 1506 ὅτι
876 1454 942 1522 τῇ
973 1452 1071 1521 μὲν
1097 1451 1217 1521 θείᾳ
1237 1469 1295 1504 τε
1320 1450 1415 1505 καὶ
1442 1452 1687 1522 μακαρία

171 1558 249 1625 ζωῇ
274 1554 322 1606 τὸ
350 1545 858 1621 παραμετροὺμενόν
889 1548 1032 1598 ἐστιν
1064 1544 1235 1597 οὐδέν.
1265 1545 1339 1597 Οὑ
1368 1544 1474 1614 γάρ
1503 1544 1683 1615 ἐκείνη

170 1650 210 1699 ὲν
230 1646 391 1716 χρόνῳ,
422 1640 531 1694 ἀλλ’
562 1637 623 1702 ἐξ
660 1636 875 1705 ἐκείνης
907 1635 935 1686 ὁ
961 1633 1180 1704 χρόνος⁹
1214 1636 1246 1704 ἡ
1280 1634 1334 1687 δὲ
1371 1634 1545 1697 κτίσις
1578 1635 1686 1689 ἀπό

168 1752 270 1797 τινος
288 1728 699 1801 ὁμολογουμένης
730 1726 942 1788 πάντως
974 1724 1147 1795 ἀρχῆς
1177 1723 1270 1778 ἐπὶ
1298 1724 1388 1778 τὸν
1414 1725 1543 1778 ἴδιον
1571 1740 1688 1778 σκο-

169 1826 239 1877 πὸν
260 1822 332 1875 διά
363 1821 462 1874 τῶν
503 1816 774 1889 χρονικῶν
805 1816 1183 1887 διαστημάτων
1225 1817 1483 1870 ὁδεύουσα
1525 1817 1684 1888 φέρε-

169 1933 253 1979 ται,
273 1914 336 1976 ὡς
358 1911 551 1981 ταύτης
580 1909 682 1981 μὲν
707 1910 929 1963 δυνατὸν
953 1904 1111 1973 εἶναι,
1147 1908 1329 1972 καθώς
1361 1910 1493 1979 φησι
1527 1924 1628 1963 που
1659 1912 1687 1964 ὁ

170 2006 379 2075 Σολομὼν,
404 2005 594 2074 ἀρχὴν,
626 2002 723 2054 καὶ
748 2001 920 2064 τέλος,
953 2000 1047 2054 καὶ
1079 2000 1352 2071 μεσότητα
1391 2001 1687 2069 διασκοπῆ-

171 2115 248 2159 σαι,
277 2094 350 2149 διὰ
392 2094 497 2147 τῶν
534 2091 805 2164 χρονικῶν
859 2091 1180 2161 τμημάτων,
1229 2090 1330 2160 τὴν
1371 2090 1688 2145 ἀκολουθίαν

169 2186 366 2238 τῶνκατ’
400 2185 565 2254 αὑτὴν
602 2182 993 2255 σημειούμενα.
1036 2182 1099 2234 ἸΙ
1136 2182 1192 2235 δὲ
1225 2180 1593 2252 ὑπερκειμένη
1629 2198 1687 2233 τε

170 2277 234 2330 καὶ
278 2275 495 2346 μακαρία
553 2273 672 2341 ζωὴ
691 2313 705 2334 ,
762 2272 857 2325 ἆτε
917 2270 1140 2341 μηδενὸς
1191 2270 1689 2342 συμπαροδεὼντος

169 2368 265 2437 αὐτῇ
292 2366 665 2435 διαστήματος,
709 2362 771 2416 τὸ
803 2361 1129 2433 διαμετροῦν
1192 2365 1285 2416 καὶ
1323 2363 1688 2434 διαλαμϐάνον

166 2460 237 2512 οὒκ
270 2458 382 2529 ἔχει.
416 2457 493 2509 Τά
544 2455 648 2526 μὲν
692 2465 802 2524 γαρ
839 2453 1097 2522 γεγονότα
1156 2454 1330 2507 πάντα
1379 2457 1492 2517 τοῖς
1542 2455 1689 2516 ἰδίοις

169 2552 333 2619 μέτροις
354 2547 914 2619 ὲμπεριγεγραμμένα
943 2545 1084 2599 κατά
1113 2545 1176 2597 τὸ
1198 2545 1400 2616 ἀρέσαν
1427 2548 1493 2616 τῇ
1531 2547 1692 2616 σοφίᾳ

166 2640 230 2694 τοῦ
252 2642 502 2703 κτίσαντος
521 2679 535 2702 ,
581 2635 692 2692 οἷόν
720 2656 825 2692 τινι
854 2640 965 2709 ὅρῳ
1010 2637 1089 2708 τῷ
1123 2639 1449 2709 προσήκοντι
1484 2640 1689 2710 μέτρῳ,

163 2732 218 2795 ὡς
242 2732 348 2802 πρὸς
384 2732 478 2801 τὴν
518 2731 623 2783 τοῦ
675 2730 875 2792 παντὸς
923 2727 1288 2799 εὐαρμοστίαν
1343 2729 1693 2799 ἐμπεριείλη-

163 2841 273 2878 κται.
295 2825 382 2878 Διά
401 2822 554 2876 τοῦτο
591 2822 692 2876 κᾶν
717 2824 781 2892 τῇ
809 2817 1061 2891 ἀσθενείᾳ
1092 2821 1199 2873 τῶν
1228 2820 1579 2892 ἀνθρωπίνων
1607 2820 1692 2874 λο-

162 2917 324 2983 γισμῶν
347 2916 637 2985 ἀνέφικτος
673 2915 707 2985 ὴ
750 2914 859 2968 τῶν
891 2915 948 2965 ὲν
988 2915 1053 2983 τῇ
1096 2912 1266 2966 κτίσει
1306 2912 1691 2983 θεωρουμένων

161 3007 319 3075 ιφοδος,
339 3008 443 3061 ἀλλ’
475 3003 575 3061 οὖν
616 3005 677 3059 τὸ
709 3003 1127 3077 πεπερατῶσθαι
1172 3002 1241 3056 τὰ
1285 3004 1461 3057 πάντα
1499 3006 1563 3075 τῇ
1597 3004 1690 3058 τοῦ

1850 1365 2197 1419 Manifestum
2229 1371 2314 1419 est
2344 1377 2507 1432 porro
2530 1360 2679 1414 omni
2715 1359 2817 1424 illi,
2845 1360 2938 1429 qui
2960 1359 3145 1415 sobrie
3175 1374 3356 1415 rerum

1778 1463 2034 1511 naturam
2070 1455 2423 1510 considerare
2450 1452 2779 1523 ingreditur,
2818 1452 3024 1506 nullam
3066 1466 3177 1506 rem
3207 1467 3353 1511 esse.

1782 1563 1903 1619 quae
1926 1547 2124 1602 divina:
2155 1546 2231 1600 illi
2256 1551 2311 1601 et
2338 1545 2513 1599 beata:
2539 1544 2662 1597 vita:
2696 1549 3198 1598 commensuretur.
3224 1541 3358 1595 Nam

1782 1647 1981 1694 natura
2010 1638 2195 1693 divina
2229 1652 2336 1691 non
2371 1635 2691 1690 continetur
2736 1643 3000 1703 tempore,
3047 1633 3142 1687 sed
3168 1632 3238 1687 ab
3274 1634 3363 1686 illa

1717 1767 1759 1822 Β
1788 1739 2004 1800 tempus
2031 1739 2135 1786 est.
2166 1726 2434 1784 Creatura
2471 1740 2601 1781 vero
2653 1739 2683 1778 a
2713 1731 2865 1779 certo
2923 1731 2976 1779 et
3024 1732 3153 1777 noto
3201 1723 3360 1779 initio

1790 1821 1857 1875 ad
1891 1822 2163 1891 praeﬂxam
2187 1820 2290 1875 sibi
2334 1828 2532 1874 metam
2572 1830 2667 1888 per
2698 1815 3020 1886 temporalia
3075 1815 3363 1869 intervalla

1787 1913 2086 1969 decurrens
2118 1914 2312 1976 fertur,
2346 1911 2482 1966 adeo
2513 1920 2572 1965 ut
2598 1910 2718 1980 ejus
2744 1905 3367 1980 quidem,quemadmo-

1788 2006 1916 2061 dum
1939 2008 2159 2076 sapiens
2189 2004 2389 2059 alicubi
2409 2002 2670 2058 Salomon
2693 2002 2792 2066 ait,
2817 2001 2984 2057 liceat
3004 1999 3364 2069 principium.

1789 2096 1948 2151 linem
1975 2106 2027 2151 et
2061 2095 2298 2150 medium
2338 2094 2605 2158 invenire,
2646 2092 2998 2163 temporariis
3034 2089 3365 2162 quibusdam

1789 2188 2125 2245 sectionibus
2146 2197 2201 2242 et
2231 2186 2598 2242 divisionibus
2630 2188 2827 2241 seriem
2867 2199 3086 2249 eorum,
3146 2199 3268 2254 quae
3310 2183 3368 2238 in

1787 2283 1905 2352 ipsa
1937 2289 2086 2347 sunt,
2136 2282 2502 2352 designantia.
2563 2282 2633 2335 At
2690 2295 2947 2351 suprema
2983 2280 3075 2334 illa
3108 2288 3163 2335 et
3207 2280 3367 2333 beata

1788 2382 2009 2436 natura,
2042 2388 2205 2443 quam
2232 2374 2441 2426 nullum
2467 2371 2734 2441 temporis
2760 2372 3001 2441 spatium
3042 2370 3368 2436 comitatur,

1790 2466 1925 2519 nihil
1959 2465 2142 2527 habet,
2173 2478 2287 2533 quo
2315 2472 2666 2518 mensurelur
2688 2470 2742 2518 et
2777 2464 3155 2530 contineatur;
3179 2462 3369 2517 omnia

1790 2557 1959 2619 enim,
1995 2570 2116 2624 quae
2166 2553 2307 2608 facta
2335 2564 2483 2615 sunt,
2533 2554 2771 2624 propriis
2828 2556 2988 2623 quasi
3043 2555 3367 2619 ambitibus,

1792 2646 1989 2701 divinae
2051 2647 2333 2716 sapientia:
2399 2647 2665 2701 arbitratu
2735 2646 3047 2717 descripta,
3104 2653 3367 2714 tanquam

1790 2737 2037 2792 terminis
2057 2739 2381 2806 quibusdam
2404 2738 2723 2807 congruenti
2756 2738 2938 2802 modo,
2956 2737 3022 2791 ad
3054 2736 3217 2807 hujus
3247 2738 3374 2791 unio

1791 2830 2069 2886 versitatis
2091 2831 2364 2893 decorem,
2387 2839 2441 2885 et
2465 2833 2790 2885 concinnam
2816 2830 3372 2900 coagmentationem,

1792 2923 2358 2993 comprehenduntur;
2418 2923 2678 2992 quocirca
2720 2922 2847 2979 licet
2901 2921 3154 2977 hut'nanze
3194 2920 3369 2977 imbe-

1795 3014 2012 3069 cillitati
2058 3014 2200 3068 ratio
2245 3029 2459 3077 eorum,
2504 3030 2625 3085 quae
2673 3014 2727 3068 in
2774 3012 2973 3070 creatis
3002 3014 3167 3069 rebus
3206 3027 3372 3082 appa-

162 3101 460 3170 πεποιηκότος
494 3098 749 3168 δυνάμει,
787 3099 879 3150 καὶ
928 3097 1080 3160 ὲντὸς
1121 3093 1260 3151 εἶναι
1294 3098 1401 3152 τῶν
1438 3100 1536 3171 τῆς
1572 3100 1690 3153 κτί-

1795 3114 1940 3171 rent,
1986 3106 2059 3162 sit
2098 3105 2517 3176 investigabilis,
2560 3113 2802 3162 attamen
2842 3104 3026 3160 omnia
3058 3103 3372 3160 Conditoris

162 3208 262 3253 σεως
286 3193 410 3261 ὅρων
448 3190 549 3243 οὑκ
604 3188 1025 3258 ἀμφιὸἀλλεται.
1068 3189 1133 3242 Ἠ
1176 3189 1232 3241 δὲ
1286 3192 1540 3262 ποιητικὴ
1586 3192 1693 3245 τῶν

161 3284 283 3334 ὅσων
308 3283 520 3353 δύναμις
543 3282 650 3354 τὴν
679 3282 787 3335 τῶν
812 3281 1111 3349 γεγονότων
1140 3284 1198 3335 ὲν
1233 3282 1398 3353 ἑαυτῇ
1435 3296 1697 3355 συμπερι-

160 3373 386 3439 γρὰςρουσα
427 3372 615 3438 φύσιν,
668 3372 807 3441 αὑτὴ
856 3372 917 3424 τὸ
970 3371 1222 3442 περιέχον
1258 3371 1358 3424 οὐκ
1397 3372 1541 3443 ἔχει’
1588 3376 1694 3428 πᾶν

161 3465 293 3533 νόημα
324 3465 380 3518 τὸ
416 3466 555 3537 πρὸς
601 3464 701 3535 τὴν
748 3462 924 3535 ἀρχὴν
966 3463 1067 3533 τῆς
1092 3462 1242 3527 θείας
1272 3464 1419 3534 ζωῆς
1456 3466 1696 3520 ἀνελθεῖν

161 3556 474 3628 ἐπειγόμενον,
500 3557 660 3621 ἐντὸς
699 3557 898 3626 ἑαυτῆς
937 3554 1352 3615 κατακλείουσα,
1388 3557 1479 3609 καὶ
1517 3558 1697 3628 πάσης

159 3650 420 3719 περιεργίας
452 3649 545 3703 καὶ
582 3645 1100 3718 φιλοπραγμοσύνης
1127 3645 1228 3715 τῆς
1267 3647 1402 3717 πρὸς
1426 3646 1485 3701 το
1523 3648 1696 3720 πέρας

159 3739 224 3791 τοῦ
245 3740 469 3811 ἀορίστου
500 3739 711 3813 φθάσαι
754 3737 1165 3808 φιλονεικοὺσης
1194 3738 1692 3807 ὑπερεκπίπτουσα.

159 3826 331 3884 Ἅπασα
363 3832 466 3903 γὰρ
496 3833 531 3902 ἡ
571 3829 711 3900 μετά
742 3830 868 3891 τοὺς
898 3826 1099 3890 αἰῶνας
1127 3826 1310 3889 ἄνοδος
1366 3828 1459 3880 καί
1479 3827 1697 3881 διάστα-

159 3936 219 3983 σις
237 3922 314 3976 τοῦ
340 3923 427 3977 νοὺ
450 3914 707 3976 τοσοῦτὸν
732 3919 1075 3990 ὑψωθήσεται
1106 3918 1287 3988 μόνον,
1313 3919 1435 3971 ὅσον
1460 3919 1697 3971 κατιδεῖν

156 4012 200 4064 τὸ
240 4014 317 4066 τοῦ
364 4012 701 4086 ζητουμένου
742 4009 1095 4078 ἀδιεξίτητον,
1137 4010 1232 4062 καὶ
1275 4008 1448 4063 ἔοικεν
1494 4006 1604 4063 οἷόν
1643 4028 1695 4065 τι

160 4102 343 4172 μέτρω,
378 4105 471 4158 καὶ
526 4104 655 4173 ὅρος
702 4101 802 4172 τῆς
857 4100 965 4155 τῶν
1015 4100 1368 4171 ἀνθρωπίνων
1422 4099 1697 4171 λογισμῶν

156 4196 391 4267 κινήσεως,
424 4198 517 4250 καὶ
553 4194 855 4265 ἐνεργείας,
892 4194 919 4245 ὁ
957 4191 1112 4255 αίὼν,
1150 4192 1242 4245 καὶ
1282 4191 1350 4245 τά
1388 4192 1536 4256 ἐντὸς
1568 4193 1693 4245 τοὺ-

155 4300 236 4340 των
255 4287 395 4353 εἶναι,
436 4290 506 4343 τὰ
546 4290 606 4342 δὲ
659 4286 1032 4359 ὑπερκείμενα
1084 4284 1286 4338 τούτων
1343 4284 1558 4354 ἀληπτα
1604 4286 1695 4339 καὶ

155 4380 404 4435 άνεπίὸατα
448 4382 735 4450 λογισμοῖς
790 4378 962 4450 μένει,
1013 4377 1213 4442 παντὸς
1256 4377 1349 4430 τοῦ
1396 4377 1692 4449 δυναμένου

1799 3199 2039 3269 potentia
2066 3200 2212 3254 ﬁnita
2234 3206 2287 3254 et
2311 3200 2477 3254 certis
2495 3196 2763 3253 limitibus
2790 3197 3205 3267 circumscripta
3249 3210 3375 3251 esse

1796 3297 1852 3344 et
1878 3290 2019 3344 intra
2048 3301 2220 3344 metas
2257 3297 2521 3345 creatum
2558 3289 2850 3354 contineri,
2885 3289 3110 3343 minime
3144 3286 3374 3342 dubium

1796 3389 1901 3435 est.
1956 3380 2022 3435 At
2055 3396 2182 3435 vero
2225 3381 2309 3437 vis
2357 3378 2596 3437 eﬂiciens
2655 3394 2862 3442 rerum,
2907 3395 3027 3450 qua:
3081 3379 3133 3433 in
3192 3379 3374 3448 seipse

1794 3486 1979 3526 rerum
2016 3480 2323 3526 creatarnm
2373 3478 2624 3525 naturam
2669 3468 3094 3530 circumscribit,
3140 3468 3375 3523 termino

1796 3561 2286 3617 circumscribente
2307 3568 2480 3626 caret,
2512 3574 2840 3630 omnemque
2870 3557 3204 3627 intelligendi
3240 3557 3373 3622 vim,

1795 3668 1918 3723 quae
1951 3653 2017 3707 ad
2066 3652 2393 3722 principium
2429 3651 2630 3707 divina:
2674 3659 2882 3706 naturae
2926 3648 3216 3721 pervenire
3250 3662 3379 3703 con-

1795 3746 1993 3813 tendit,
2027 3747 2171 3800 intra
2199 3746 2435 3813 seipsam
2465 3744 2746 3800 concludit
2779 3750 2833 3798 et
2862 3742 3144 3800 terminat,
3175 3740 3377 3810 quippe

1800 3838 2197 3892 transcendens
2228 3849 2446 3890 omnem
2482 3834 2859 3890 curiositatem
2893 3840 2947 3886 et
2991 3836 3247 3885 conatum
3280 3829 3372 3898 qui

1797 3929 1863 3985 ad
1910 3928 2200 3984 terminum
2248 3926 2390 3996 ejus,
2446 3924 2590 3995 quod
2652 3922 3066 3979 interminatum
3128 3927 3232 3982 est,
3281 3934 3377 3987 pe-

1797 4031 2016 4080 netrare
2048 4022 2275 4088 nititur;
2322 4020 2501 4074 omnis
2552 4017 2697 4075 enim
2747 4029 3008 4071 ascensus
3052 4020 3107 4068 et
3174 4011 3376 4066 mentis

1796 4114 2079 4171 contentio
2128 4120 2250 4182 post
2296 4110 2561 4181 temporis
2643 4121 2937 4173 rerumque
2995 4102 3376 4174 temporalium

1794 4203 2083 4260 intervalla
2157 4208 2371 4256 tantum
2422 4200 2690 4255 duntaxat
2735 4196 3018 4262 cvebetur,
3075 4203 3136 4248 ut
3192 4193 3379 4248 videre

1796 4297 1969 4365 possit
2009 4294 2150 4363 ejus,
2194 4291 2339 4363 quod
2383 4291 2668 4362 quaeritur,
2716 4286 3251 4359 imperscrutabilem
3285 4299 3379 4339 ra-

1797 4387 2022 4450 tionem,
2053 4386 2127 4439 ita
2170 4393 2231 4439 ut
2270 4384 2538 4439 terminus
2565 4388 2620 4437 et
2663 4382 2859 4437 modus
2886 4381 3250 4434 humanarum
3280 4391 3379 4431 co-

157 4471 234 4524 ὑπὸ
259 4475 549 4545 κατάληψιν
577 4471 922 4543 ἀνθρωπίνην
965 4470 1135 4523 ἐλθεῖν
1175 4468 1567 4539 καθαρεύοντα.
1608 4470 1690 4523 Ἐν

1801 4477 2146 4548 gitationum,
2207 4475 2468 4530 motionis
2520 4483 2575 4529 et
2639 4472 2894 4533 actionis,
2952 4471 3202 4525 videatur
3254 4481 3377 4523 esse

155 4558 216 4627 οἷς
239 4566 332 4637 γὰρ
354 4567 452 4620 οὑκ
484 4563 645 4627 εἶδος,
670 4565 732 4617 οὑ
763 4565 945 4626 τόπος,
977 4562 1038 4615 οὑ
1077 4561 1322 4630 μέγεθος,
1346 4562 1405 4613 οὑ
1430 4560 1491 4614 τὺ
1519 4562 1584 4613 ἐκ
1608 4561 1701 4614 τοῦ

155 4652 306 4722 χρόνον
337 4658 557 4727 μέτρον,
584 4655 706 4708 οὑδὲ
733 4654 861 4708 ἄλλο
887 4668 938 4706 τι
965 4653 1073 4705 τῶν
1097 4650 1461 4720 καταληπτῶν
1485 4652 1705 4704 ἐπινοεῖ-

156 4760 237 4808 ται,
260 4749 311 4815 ἐξ
338 4750 585 4818 ἀνάγκης
614 4749 705 4800 καὶ
734 4748 767 4817 ἡ
796 4743 1177 4817 καταληπτικὴ
1222 4742 1315 4797 τοῦ
1356 4742 1447 4796 νοῦ
1477 4742 1703 4813 δύναμις

157 4835 353 4906 ξητοῦσά
388 4857 535 4903 τινος
569 4836 1018 4909 περιδρὰξασθαι,
1053 4837 1178 4898 τοὺς
1208 4835 1427 4900 αἰῶνας,
1468 4835 1563 4889 καὶ
1604 4835 1703 4906 τὴν

156 4925 197 4977 ἓν
214 4932 398 4995 τούτοις
422 4933 603 4985 κτίσιν
628 4933 708 4993 είς
726 4928 789 4982 τὸ
816 4928 1075 4997 συγγενὲς
1096 4929 1261 4997 ἑαυτῇ
1302 4927 1395 4980 καὶ
1430 4927 1697 4997 ὁμόφυλον

157 5019 424 5093 ανζητήσει,
456 5023 561 5092 τῆς
588 5021 829 5092 ἀλήπτου
872 5019 1086 5089 φύσεως
1132 5020 1464 5091 πανταχόθεν
1507 5020 1696 5073 ἀπολι-

157 5109 420 5169 θθαίνουσα.

1801 4578 2038 4638 tempus,
2083 4575 2138 4622 et
2188 4581 2277 4629 ea,
2313 4581 2434 4636 quae
2488 4566 2543 4621 in
2572 4572 2817 4633 tempore
2864 4570 3014 4626 sunt,
3043 4575 3161 4631 qua;
3210 4573 3378 4633 supra

1802 4659 1922 4713 haec
1972 4658 2149 4726 posita
2192 4665 2341 4718 sunt,
2377 4655 2809 4726 cogitationibus
2849 4654 3057 4709 nostris
3086 4651 3382 4720 investiga—

1800 4748 1954 4813 bilia,
2011 4756 2066 4804 et
2119 4746 2553 4819 impenetrabilia
2616 4754 2859 4810 manent,
2924 4751 3113 4815 utpote
3186 4739 3381 4812 procul

1801 4840 2050 4908 seiuncta
2089 4841 2157 4895 ab
2206 4839 2462 4896 omnibus
2506 4837 2638 4904 illis,
2694 4851 2818 4906 quae
2856 4836 2911 4891 in
2948 4835 3240 4889 humanam
3289 4844 3384 4884 co—

1806 4933 2118 5004 gitationem
2156 4932 2352 4988 cadere
2380 4938 2641 5002 possunt.
2680 4928 2753 4983 Ea
2795 4929 2961 4992 enim,
2985 4925 3182 4995 quibus
3204 4934 3382 4991 neque

1806 5024 1980 5095 ﬁgura
2009 5031 2114 5084 est.
2163 5038 2338 5093 neque
2381 5024 2560 5086 locus,
2613 5035 2791 5089 neque
2829 5014 3170 5088 magnitudo,
3201 5027 3380 5081 neque

1804 5130 2060 5172 mensura
2091 5115 2444 5186 temporaria,
2475 5128 2653 5185 neque
2679 5110 2825 5166 aliud
2850 5108 3128 5180 quidpiam
3169 5121 3235 5162 ex
3269 5104 3377 5168 his,

154 5220 246 5272 qua
272 5213 449 5265 animo
478 5207 1016 5279 comprehendimus,
1054 5206 1100 5261 si
1134 5205 1487 5276 intelligentia
1515 5208 1716 5263 mentis
1744 5210 1962 5280 assequi
2001 5209 2152 5273 velit,
2178 5207 2492 5265 necessario
2558 5214 2829 5276 tempora,
2865 5209 2921 5257 et
2984 5199 3038 5253 in
3123 5198 3213 5254 bis
3286 5211 3378 5252 res

156 5308 349 5363 creatas,
416 5302 720 5357 secundum
785 5308 1074 5371 cognatam
1141 5306 1197 5353 et
1258 5299 1478 5355 insitam
1543 5300 1647 5355 sibi
1706 5302 2161 5359 consuetudinem
2205 5310 2413 5373 quaeret
2457 5307 2515 5356 et
2571 5294 2962 5370 apprehendet,
3032 5291 3103 5346 ab
3165 5291 3380 5347 incomi-

155 5393 473 5478 prghensibili
522 5394 612 5448 illa
668 5402 863 5448 natura
911 5392 1104 5463 procul
1149 5402 1205 5448 et
1246 5392 1491 5462 undique
1545 5393 1834 5452 aberrant.

172 5472 357 5539 ’παντὶ
380 5489 493 5557 γὰρ
515 5482 666 5558 οἶμαι
709 5486 868 5541 τοῦτο
897 5487 1173 5559 γνώριμον
1198 5479 1337 5539 εῖναι
1366 5484 1443 5555 τῷ
1475 5487 1568 5539 καὶ
1604 5502 1698 5555 με’

152 5572 286 5641 τρίως
304 5577 698 5647 ἐττεσκεμμένῳ
719 5578 788 5630 τὰ
808 5576 958 5639 ὄντα,
980 5576 1062 5629 ὅτι
1084 5575 1212 5639 τοὺς
1237 5574 1438 5637 αίῶνας
1471 5575 1564 5628 καὶ
1610 5574 1701 5628 τὸν

155 5663 198 5713 tv
222 5666 415 5730 τούτοις
450 5668 616 5722 τόπον
645 5663 757 5721 οἷόν
786 5686 840 5721 τι
882 5666 1116 5739 χώρημα
1154 5666 1399 5722 δεκτικὸν
1422 5666 1529 5721 τῶν
1555 5684 1699 5736 γινο-

158 5752 301 5820 μένων
346 5759 922 5830 προκαταόαλλόμενος
965 5762 993 5813 ό
1029 5759 1138 5813 τῶν
1181 5758 1318 5813 ὅλων
1340 5759 1701 5831 Δημιουργὸς,

1880 5488 2019 5545 Puto
2057 5489 2201 5544 enim
2251 5488 2446 5554 cuivis,
2501 5490 2593 5559 qui
2650 5486 2735 5540 vel
2784 5485 2961 5541 obiter
3005 5481 3248 5536 animum
3313 5478 3384 5535 ad

1811 5575 1925 5629 hac
1954 5573 2238 5631 advertere
2269 5576 2422 5640 velit,
2449 5574 2800 5629 manifestum
2832 5588 2976 5633 esse.
3004 5570 3251 5626 universi
3276 5570 3383 5625 bu-

1803 5664 1897 5735 jus
1930 5663 2316 5730 Conditorem,
2351 5674 2597 5736 tempora
2630 5674 2685 5721 et
2717 5665 2893 5736 spatia
2945 5662 3072 5729 loci,
3105 5661 3253 5717 velut
3295 5659 3384 5714 in-

1810 5757 2100 5815 tervallum
2131 5756 2408 5829 quoddam
2437 5773 2548 5830 quo
2581 5772 2671 5815 res
2687 5754 3054 5829 producenda
3082 5753 3381 5827 reciperen-
