3920 6514
156 381 233 438 569
1231 387 1509 444 CONTRA
1547 388 1653 445 Et)!

1758 388 1930 457 ML'M,
1968 391 2097 447 [ΑΒ.
2130 393 2169 447 1.

3237 390 3347 447 ζ’)Ἱο

153 497 284 561 tim;
308 486 415 567 ἕνῇ
448 495 639 567 Πατὴρ
674 496 770 567 μὲν
798 498 1051 571 ἄναρχος,
1096 503 1190 555 καὶ
1233 503 1543 575 ἀγέννητος.
1568 506 1653 560 καὶ

1771 508 2029 574 advertit,
2070 516 2141 562 ut.
2185 507 2398 563 scilicet
2441 507 2611 561 altera
2647 506 2804 561 alteri
2861 507 3056 561 collata
3096 512 3349 577 superior

152 591 215 643 ἀεὶ
238 587 398 657 Πατὴρ
432 589 664 640 νοεῖται’
701 588 760 653 ἐξ
796 589 958 643 αὐτοῦ
1007 592 1063 645 δὲ
1113 594 1254 647 κατὰ
1297 596 1359 648 τὸ
1396 598 1657 666 προσεχὲς

153 678 421 741 suam;
450 678 479 730 ὁ
516 680 810 752 μονογενὴς
854 683 979 747 Υἱὸς
1018 684 1099 754 τῷ
1130 686 1303 756 Ha.sz
1338 690 1665 741 συνεπινοεῖ-

150 788 243 825 ται·
267 771 322 823 δι’
348 768 502 824 αὐτοῦ
542 770 601 824 δὲ
669 773 761 826 καὶ
807 776 922 844 μετ’
945 775 1130 839 αὐτοῦ,
1173 777 1300 847 πρίν
1328 794 1380 829 τι
1425 778 1576 830 κενόν
1605 795 1663 831 τε

150 863 217 916 καὶ
236 860 571 915 ἀνυπόστατον
591 862 680 916 διὰ
706 865 870 934 μέσου
893 870 1264 937 παρεμπεσεῖν
1280 869 1482 938 νόημα,
1506 869 1665 932 εὐθὺς

150 955 287 1008 καὶτὸ
314 953 522 1024 Πνεῦμα
560 956 623 1008 τὸ
650 956 802 1025 ἅγιον
848 959 1206 1030 συνημμένους
1254 961 1664 1031 καταλαμϐάνε-

148 1064 232 1101 ται’
258 1044 342 1117 οὐχ
365 1047 643 1119 ὑστερίζον
667 1052 807 1104 κατὰ
830 1052 926 1121 τὴν
957 1051 1189 1123 ὓπαρξιν
1220 1054 1355 1125 μετὰ
1378 1054 1467 1108 τὸν
1498 1053 1626 1107 Υἰόν
1646 1070 1660 1084 ·

149 1142 249 1194 ὥστε
272 1140 385 1193 ποτὲ
405 1139 499 1193 τὸν
518 1140 803 1212 Μονογενῆ
835 1144 957 1213 δίχα
987 1143 1082 1197 τοῦ
1100 1188 1113 1194 -
1131 1145 1266 1198 Πνεύ
1276 1163 1442 1216 ματος
1469 1147 1664 1216 νοηθῆ-

147 1248 228 1286 ναι’
250 1230 347 1283 ἀλλ’
369 1231 430 1283 ἐκ
474 1230 576 1300 μὲν
625 1231 721 1285 τοῦ
748 1233 897 1286 Θεοῦ
934 1234 1043 1288 τῶν
1067 1235 1221 1298 ὅλων,
1255 1239 1348 1290 καὶ
1393 1237 1523 1290 αὐτὸ
1566 1238 1663 1308 τὴν

147 1322 275 1373 αἰτίαν
296 1320 405 1389 ἔχον
442 1319 535 1374 τοῦ
586 1316 748 1386 εἶναι,
798 1323 917 1378 ὅθεν
955 1325 1049 1379 καὶ
1087 1325 1149 1378 τὸ
1216 1326 1501 1396 μονογενὲς
1548 1328 1664 1381 ἐστι

145 1411 241 1477 εὼς,
260 1409 335 1461 διὰ
356 1409 528 1462 δὲτοῦ
563 1410 825 1481 ἀληθινοᾶ
844 1413 1017 1481 φωτὸς
1048 1414 1361 1485 ὲκλάμψαν·
1393 1414 1516 1469 οὔτε
1549 1416 1662 1469 δια-

148 1501 484 1571 ιπήματιωῦίτε
524 1502 743 1571 φύσεως
787 1506 1061 1576 ἑτερότητι
1094 1506 1185 1559 τοῦ
1222 1508 1452 1580 Πατρὸς,
1497 1508 1530 1578 ἦ
1568 1507 1660 1561 τοῦ

144 1593 414 1659 Μονογενοῦς
436 1593 829 1664 ἀποτέμνεται.
874 1597 1155 1668 Διάστημα
1183 1598 1280 1668 μὲν
1306 1598 1413 1671 γὰρ
1440 1598 1531 1651 ἐπὶ
1564 1600 1662 1669 τῆς

146 1686 403 1755 πρωιωνίου
425 1686 643 1755 φύσεως
684 1690 784 1742 οὐκ
828 1689 974 1744 ἐστιν
994 1708 1007 1721 ο
1043 1693 1077 1763 ἡ
1101 1691 1158 1744 δὲ
1183 1692 1323 1745 κατὰ
1356 1693 1454 1762 τὴν
1476 1692 1660 1745 οὐσίαν

143 1778 312 1847 δαφορά
366 1778 608 1848 οὐδεμία.
678 1782 813 1834 Οὐδὲ
847 1783 953 1853 γάρ
1004 1784 1120 1836 ἐστι
1146 1784 1366 1837 δυνατὸν
1406 1785 1661 1840 ἀκτίστου

1766 602 1838 656 sit
1869 607 1923 653 et
1962 600 2134 668 prior,
2171 597 2470 653 secundum
2520 597 2757 666 aliquam
2802 601 3064 668 temporis
3102 598 3351 654 duratio-

1765 707 1925 757 nem,
1954 691 2058 745 hoc
2094 689 2355 745 etiamin
2394 690 2637 743 increata
2681 689 2774 742 illa
2811 698 2865 744 et
2903 699 3106 746 aeterna
3148 698 3348 746 natura

1764 784 1949 839 inesse
1979 781 2286 838 existimet?
2326 781 2377 834 in
2413 795 2521 849 qua
2542 780 2720 854 Pater
2752 782 3004 851 principii
3038 797 3259 852 expers,
3292 791 3348 837 et

1762 872 2060 944 ingenitus,
2082 879 2136 927 et
2169 886 2382 941 semper
2411 870 2569 925 Pater
2592 871 2917 940 concipitur,
2939 887 3004 926 ex
3030 874 3148 943 ipso
3169 882 3347 928 autem

1764 964 2082 1034 unigenitus
2118 962 2465 1027 Filius,.sine
2500 963 2608 1016 ulla
2646 963 3043 1032 interruptione
3081 972 3133 1016 et
3170 963 3350 1017 divul-

1765 1056 1944 1119 sione,
1985 1069 2238 1109 una-cum
2271 1052 2436 1109 Patre
2466 1055 2807 1121 intelligitur,
2839 1069 2963 1108 cum
2992 1057 3110 1123 ipso
3142 1069 3271 1110 vero
3296 1066 3351 1110 ct.

1763 1162 1861 1217 per
1888 1147 2087 1216 ipsum,
2119 1153 2414 1215 antequam
2439 1147 2627 1200 nescio
2648 1146 2791 1213 quod
2817 1144 2999 1202 inane.
3019 1154 3071 1198 et
3090 1145 3347 1214 quiddam

1763 1254 1872 1292 non
1891 1237 2483 1307 subsistens,tanquam
2506 1237 2742 1291 medium
2775 1238 3147 1299 interveniret,
3168 1239 3347 1291 statim

1762 1329 1926 1385 etiam
1951 1336 2005 1383 et
2025 1327 2362 1396 coujunctim
2386 1325 2624 1397 Spiritus
2647 1335 2871 1382 sanctus
2888 1327 3219 1398 concipitur,
3234 1343 3346 1384 non

1762 1419 2035 1489 posterior
2067 1418 2203 1472 Filio
2221 1418 2518 1474 secundum
2549 1434 2703 1473 suam
2731 1419 3165 1481 subsistentiam,
3190 1422 3349 1490 quasi

1764 1510 1940 1580 possit
1979 1509 2274 1579 aliquando
2310 1510 2623 1579 unigenitus
2649 1508 2821 1564 Filius
2866 1512 3093 1580 intelligi
3142 1512 3349 1582 absque

1767 1600 1972 1669 Spiritu
2028 1608 2241 1662 sancto,
2287 1599 2380 1669 qui
2428 1609 2483 1653 et
2524 1599 2639 1667 ipse
2681 1616 2747 1653 ex
2801 1600 3179 1655 universorum
3238 1601 3348 1655 Dco

1763 1690 2257 1746 suitsubsistentize
2282 1691 2551 1762 originem
2591 1691 2778 1753 habet,
2810 1706 2839 1744 a
2876 1707 2983 1762 quo
3010 1693 3176 1746 etiam
3224 1692 3344 1746 uni-

1761 1782 2003 1852 genitum
2049 1781 2182 1835 illud
2232 1782 2418 1835 lumen
2448 1792 2531 1837 est
2568 1781 2634 1836 de
2668 1798 2798 1836 vero
2848 1784 3053 1837 lumine
3101 1783 3346 1852 respleno

146 1872 241 1940 πρὸς
270 1870 504 1924 ἄκτιστον
551 1872 819 1943 διαφορὰν
868 1875 1150 1945 ἐννοῆσαι·
1200 1877 1450 1930 ἄκτιστον
1502 1877 1553 1930 δὲ
1609 1878 1653 1930 τί

1770 1876 1904 1928 dens
1929 1892 1940 1927 :
1976 1888 2151 1941 neque
2180 1872 2502 1927 diversitate
2524 1873 2853 1937 durationis,
2889 1890 3063 1943 neque
3091 1878 3283 1927 natura
3315 1889 3344 1925 a

144 1960 311 2029 Πνεῦμα
334 1961 387 2014 τὸ
422 1963 579 2030 ἆγιον
600 2003 617 2028 ,
661 1965 843 2029 καθὼς
883 1967 942 2018 ἐν
979 1968 1086 2029 τοῖς
1129 1966 1494 2037 προλαὸοὗσιν
1525 1969 1662 2022 ἁπο-

144 2051 340 2104 ὃὲδεικται
361 2052 551 2120 λόγοις.

1766 1962 1927 2021 Patre
1956 1964 2041 2017 vel
2076 1961 2373 2033 Unigenito
2410 1976 2715 2033 separatur.
2765 1965 3077 2020 Durationis
3110 1980 3345 2034 namque

1760 2056 2115 2125 intercapedo
2137 2071 2245 2110 non
2268 2064 2355 2111 est
2377 2056 2430 2110 in
2456 2057 2789 2125 sempiterna
2815 2058 2903 2110 illa
2927 2064 3142 2119 natura,
3169 2071 3345 2125 neque

144 2144 215 2197 ulla
240 2146 750 2202 naturadiversitas
789 2167 800 2201 :
837 2163 1010 2218 neque
1034 2151 1179 2204 enim
1222 2151 1339 2206 ﬁeri
1369 2159 1570 2221 potest,
1599 2158 1660 2205 ut
1698 2156 1999 2205 mcreatum
2038 2148 2117 2202 ab.
2154 2148 2419 2214 increato,
2470 2149 2647 2218 quoad
2730 2160 3002 2214 naturam,
3066 2150 3341 2204 diversum

144 2236 205 2290 sit.
230 2235 305 2292 Est
332 2247 505 2292 autem
535 2236 782 2308 Spiritus
809 2250 1035 2297 sanctus
1057 2243 1355 2308 inercatus,
1384 2242 1842 2313 quemadmodum
1879 2238 2151 2308 superiori
2175 2239 2545 2309 disputatione
2565 2241 2995 2295 demonstratum
3026 2249 3128 2294 est.

187 2328 359 2382 Τούτων
379 2329 548 2394 οὕτως
581 2331 728 2401 ἔχειν
760 2332 1183 2403 ὑπειλημμένων
1217 2335 1666 2405 παρὰπᾶσιτοῖς

144 2422 521 2494 καταδεχομένοις
562 2426 660 2478 τὸν
700 2426 1007 2497 ἰδιωτισμὸν
1033 2428 1126 2480 τοῦ
1163 2429 1527 2499 ἁπλουστέρου
1550 2446 1665 2499 -κη-

146 2512 373 2581 ρὲγματος,
396 2515 514 2568 τίνα
538 2518 735 2587 καιρὸν
758 2517 869 2586 ἔχει
896 2519 1001 2588 τὴν
1018 2518 1111 2571 τοῦ
1134 2518 1260 2571 Υἱοῦ
1283 2519 1424 2589 ,πρὸς
1450 2520 1539 2572 τὸν
1560 2520 1665 2572 Πα-

144 2604 233 2672 τέρα
252 2606 516 2673 συνάφειαν
537 2606 634 2659 διὰ
666 2608 765 2678 τῆς
794 2609 1022 2672 κτίσεως
1053 2610 1305 2663 ἀναλύειν
1333 2611 1658 2680 πειρᾶσθαι,

142 2693 193 2753 ὡς
212 2694 477 2762 ἐπάναγκες
504 2694 651 2749 εἷναί
684 2715 737 2750 τι
786 2700 880 2751 καὶ
923 2699 1097 2771 ταύτῃ
1129 2700 1392 2753 συναϊδιον
1417 2740 1433 2764 ,
1484 2700 1516 2770 ἢ
1561 2700 1653 2753 καὶ

141 2782 201 2834 τὸν
216 2784 316 2838 Υἰὺν
337 2788 787 2859 μεταγενέστερον
808 2790 1010 2844 οἴεσθαι
1032 2808 1046 2856 ;
1071 2790 1203 2844 Οὔτε
1227 2791 1334 2862 γὰρ
1355 2794 1388 2861 ἡ
1405 2792 1653 2861 γέννησις

142 2873 203 2927 τοῦ
222 2876 517 2945 Μονογενοῦς
548 2880 705 2942 em;
751 2880 857 2933 τῶν
883 2881 1115 2947 αἰώνων,
1136 2881 1256 2935 οὔτε
1284 2885 1315 2953 ἡ
1346 2883 1520 2945 κτίσις
1548 2881 1652 2954 πρὸ

139 2964 213 3016 τῶν
234 2965 429 3033 αἰώνων,
473 2969 621 3022 ὥστε
644 2970 818 3024 οὐδενὶ
858 2971 1043 3043 τρόπῳ
1084 2974 1348 3044 προσήκει
1376 2972 1473 3044 τὴν
1499 2973 1652 3027 ἀδιά-

145 3073 281 3110 στατον
297 3059 441 3127 φύσιν
464 3062 953 3132 χαταμερίζεσθαιο
980 3065 1072 3118 καὶ
1101 3065 1299 3135 μεταξὺ
1321 3065 1418 3137 τῆς
1442 3067 1655 3120 πάντων

1834 2331 1969 2385 Cum
2004 2330 2169 2400 igitur
2197 2330 2309 2384 haec
2342 2331 2416 2383 ita
2458 2324 2578 2385 sese
2616 2332 2877 2393 habeant,
2907 2345 3185 2401 consensu
3220 2344 3341 2384 ont-

1762 2424 1912 2477 nium
1950 2423 2189 2487 illorum,
2217 2423 2311 2492 qui
2340 2439 2479 2477 vera:
2514 2435 2565 2478 et
2599 2438 2746 2477 sanae
2779 2424 2901 2478 lidei
2936 2424 3343 2493 simplicitatem

1761 2515 2195 2582 amplectuntur,
2230 2530 2338 2569 non
2368 2514 2473 2569 nisi
2505 2514 2953 2585 intempestivum
2977 2522 3221 2584 apparet,
3255 2514 3343 2568 Fi-

1760 2603 1954 2658 liicum
1987 2603 2149 2659 Patre
2181 2604 2626 2674 conjunctionem
2654 2606 2954 2662 dissolvere
2974 2607 3110 2661 velle
3145 2622 3242 2676 per
3262 2606 3338 2670 id,

1759 2696 1903 2765 quod
1926 2707 2007 2751 est
2026 2706 2310 2764 creaturae,
2343 2698 2502 2767 quasi
2533 2713 2760 2753 necesse
2786 2699 2881 2760 sit,
2904 2698 2989 2773 vel
3019 2698 3143 2752 huic
3172 2699 3339 2753 etiam

1759 2786 1964 2856 aliquid
1997 2789 2442 2851 coaeternum,vel
2471 2796 2619 2844 certe
2639 2787 2836 2842 Filium
2864 2786 3027 2843 Patre
3065 2790 3338 2858 posterio-

1757 2895 1871 2934 rem
1905 2879 2042 2936 l‘ore.
2072 2881 2210 2935 Nam
2238 2883 2519 2951 generatio
2544 2880 2665 2935 Filii
2696 2889 2942 2951 tempore
2964 2896 3074 2935 non
3114 2882 3340 2936 conclu-

1757 2968 1928 3034 ditur,
1967 2986 2144 3040 neque
2171 2979 2427 3025 creatum
2456 2979 2699 3040 tempore
2722 2970 3000 3041 antiquior
3023 2980 3127 3026 est.
3150 2969 3337 3041 Itaque

1761 3061 1913 3114 nullo
1952 3062 2114 3116 modo
2143 3062 2402 3117 convenit
2429 3071 2684 3116 naturam
2722 3061 3014 3117 indivisam
3047 3062 3337 3132 etinsepa-

142 3152 359 3222 ποιητικῆς
401 3154 616 3218 αἰτίας,
666 3155 1100 3228 διαστηματικήν
1147 3175 1268 3211 τινα
1316 3159 1653 3229 παρενείρειν

1759 3160 1936 3211 ratam
1978 3153 2169 3221 partiri
2202 3163 2256 3208 et
2288 3152 2811 3215 dissecare,etinter
2839 3167 3062 3208 causam
3092 3153 3334 3206 omnium

143 3241 330 3297 ὑπόνοιαν
353 3245 406 3297 ὲν
431 3245 508 3316 τῷ
542 3246 748 3313 λέγειν,
782 3248 910 3300 ποτὲ
943 3247 1016 3318 μὴ
1047 3244 1180 3301 εἶναι
1212 3250 1303 3302 τὸν
1333 3251 1468 3304 πᾶσι
1495 3250 1656 3306 δεδω-

142 3331 235 3383 vita
254 3331 304 3385 τὸ
325 3328 475 3389 εἶναι.

189 3598 352 3655 Οὐκοῦν
386 3603 603 3676 ἀληθὴς
636 3607 1202 3679 ὸ·προαποδεδομένος
1245 3610 1436 3680 λόγος,
1466 3613 1549 3666 ὅτι
1584 3614 1651 3683 τῇ

145 3704 211 3755 μεν
231 3690 488 3765 ἀγεννησίᾳ
502 3695 606 3771 τοῦ
629 3696 840 3768 Πατρὸς
888 3699 921 3768 ἡ
947 3698 1040 3751 τοῦ
1060 3700 1390 3768 Μονογενοῦς
1417 3702 1653 3771 ἀῖδιότης

143 3784 344 3848 τεθνεώς
370 3790 754 3841 συνεπινοεῖται
777 3804 791 3819 ο
823 3791 871 3841 εἰ
894 3789 963 3842 δέη
979 3807 1031 3841 τι
1055 3790 1325 3861 διάστημα
1348 3791 1551 3861 μεταξὺ
1574 3810 1653 3845 νο-

146 3866 377 3942 μισθείηίῷ
400 3876 722 3947 ήγέννησις
764 3877 857 3932 τοῦ
878 3878 1009 3931 Υίοῦ
1037 3880 1136 3949 τῆς
1155 3880 1246 3933 τοῦ
1276 3881 1485 3951 Πατρὸς
1506 3881 1651 3951 ζωῆς

142 3962 434 4034 ὃιετέμνεται,
468 3968 650 4039 τούτῳ
690 3969 786 4022 καὶ
826 3972 859 4040 ή
905 3970 1061 4043 ἀρχὴι
1088 3972 1187 4042 τῆς
1236 3973 1381 4044 ζωῆς
1423 3973 1516 4027 τοῦ
1559 3975 1651 4027 ἐπὶ

144 4050 439 4111 πάπωνΘεοῦ
460 4059 846 4130 ὁρισθήσεται,
878 4061 1017 4134 ὅπερ
1051 4060 1272 4118 ἄτοπον.
1300 4063 1412 4134 Τὴν
1446 4063 1504 4117 δὲ
1538 4064 1652 4117 κτί-

145 4156 199 4192 σιν
220 4145 385 4200 κωλύει
408 4150 564 4204 οὐδὲν
590 4150 719 4205 ἄλλο
748 4169 814 4205 τι.
834 4147 999 4206 οὖσαν
1027 4152 1168 4207 κατὰ
1195 4154 1291 4225 τὴν
1327 4154 1461 4207 ἰδίαν
1491 4155 1650 4223 φύσιν

143 4236 249 4303 παρὰ
283 4238 361 4293 τὸν
389 4243 650 4297 κτίσαντα
699 4245 806 4298 ἀπό
851 4262 996 4309 τινος
1041 4245 1344 4317 ἰδιαζούσης
1393 4247 1648 4318 νοηθῆναι

143 4323 282 4397 ἀρχῆςς
322 4331 494 4397 καθὼς
524 4333 753 4405 ἔφαμεν,
798 4337 917 4389 κατ’
950 4336 1098 4391 οὐδὲν
1142 4340 1206 4408 τῇ
1250 4338 1532 4409 ἀκηράτῳ»
1556 4340 1648 4393 καὶ

145 4421 380 4491 πρωιωνίῳ
406 4424 565 4492 φύσει
600 4426 1025 4495 mapali/ouem.»
1049 4428 1123 4480 Τὸ
1166 4428 1273 4499 γὰρ
1306 4430 1374 4483 ἐκ
1405 4429 1490 4498 μὴ
1553 4430 1649 4484 ὄιε-

142 4519 235 4569 των,
254 4509 300 4579 ἦ,
326 4510 392 4576 ὥς
418 4532 582 4585 φησιν
605 4517 995 4583 όιἊπόστολος,
1039 4520 1107 4573 ὲκ
1136 4519 1222 4587 μὴ
1256 4523 1647 4590 φαινομένων.

143 4592 375 4671 ὠρανδν,ἢ
402 4604 527 4673 γῆν,
558 4606 593 4676 ἢ
628 4606 755 4660 ἄλλο
785 4625 837 4660 τι
858 4607 969 4661 τῶν
1004 4608 1073 4661 ἐν
1094 4612 1187 4680 ντῇη
1210 4610 1380 4663 κτίσει
1417 4611 1648 4683 θεωρου-

144 4683 599 4767 μένωνγεγενῆσθαι
635 4699 847 4767 λέγειν,
889 4700 1141 4771 οὐδεμίαν
1185 4701 1264 4772 τῷ
1291 4704 1496 4774 Ποιητῇ
1541 4703 1646 4756 τῶν

143 4774 235 4830 ὅλων
262 4781 452 4852 ἀδοξίαν
492 4791 909 4862 προστρίϐεται·
964 4794 1084 4846 ἐπὶ
1118 4795 1213 4847 καὶ
1252 4795 1645 4867 μεμαθήκαμεν

144 4869 247 4938 παρὰ
264 4874 350 4944 τῆς
385 4878 528 4943 θείας
548 4882 791 4953 Γραφῆς,
832 4886 983 4955 μήτε
1004 4885 1063 4949 ἐξ
1091 4886 1260 4940 ἀϊδίου
1284 4888 1454 4942 ταῦτα
1481 4883 1640 4954 εἶναι,

144 4959 239 5029 μήτε
257 4966 405 5023 εἰσαεὶ
424 4971 715 5043 διαμένειν.
741 4976 803 5029 Εἰ
825 4977 884 5030 δέ
909 4995 962 5030 τι
990 4979 1099 5032 τῶν
1121 4981 1178 5033 ὲν
1200 4983 1265 5051 τῇ
1297 4980 1426 5053 ἁγίᾳ
1452 4981 1639 5053 Τριάδι

144 5062 511 5145 πευμένων
535 5066 610 5136 μὴ
634 5067 1104 5142 ἀεὶσυνυπάρχειν
1130 5072 1208 5143 τῷ
1230 5073 1404 5145 Πατρὶ
1430 5090 1643 5127 πιστευο

145 5138 238 5236 ἰείη.
259 5148 376 5206 ἀλλά
397 5171 478 5221 τις
514 5157 656 5213 κατὰ
681 5160 772 5214 τὸν
805 5160 907 5232 τῆς
951 5138 1213 5235 αἰρἐσεωνς
1248 5138 1404 5234 λόγον
1433 5168 1642 5236 ἐπινοη-

143 5227 413 5333 θεξηξιάνοια
443 5263 508 5315 γυ
517 5248 724 5317 μνοῢσὰ
749 5227 877 5304 ποτε
912 5227 1126 5307 τὸν-ἐπὶ
1156 5227 1370 5309 πάντοῷ
1393 5256 1523 5310 Θεὸν
1545 5227 1642 5327 τῆνς

144 5327 204 5377 τοῦ
232 5327 358 5397 Υἰοῦ,
378 5337 465 5389 καί⁵
493 5338 588 5393 τοῦ
624 5341 776 5409 ἁγίου
816 5344 952 5397 Πνεύ
961 5362 1127 5414 ματος
1158 5346 1333 5419 δόξης,
1361 5348 1511 5402 οὐδὲν
1538 5348 1645 5401 ἕτε-

145 5419 474 5508 μνξνῆπαντὸς
542 5431 747 5499 ἀγαθοῦ
797 5434 890 5487 καὶ
929 5434 1072 5489 θείου
1116 5437 1434 5508 πράγματός
1456 5456 1514 5492 τε
1554 5441 1647 5493 καὶ

143 5505 364 5581 νοήματος,
392 5520 524 5575 κατὰ
553 5521 644 5576 τὸν
694 5525 793 5597 τῆς
840 5527 1101 5596 αἱρέσεως
1129 5505 1302 5596 λδγον,
1344 5532 1370 5583 ὁ
1404 5530 1535 5594 Θεὸς
1565 5549 1646 5583 κε-

145 5605 404 5673 Ῑωρισμένος
441 5613 893 5688 ἐπιδειχθήσεται.
928 5620 987 5673 Εἰ
1018 5619 1071 5674 δὲ
1115 5619 1199 5673 ἀεὶ
1237 5620 1441 5687 ἔνδοξος
1467 5623 1495 5674 ὁ
1531 5624 1642 5677 Πα-

219 5777 257 5808 ³*
280 5780 418 5843 Hebr.
448 5809 517 5857 ιι,
556 5796 604 5848 ί.

1758 3259 1941 3300 rerum
1970 3243 2324 3311 eﬂ'ectricem,
2356 3245 2823 3315 intercapedinem
2843 3243 3133 3314 quamdam
3171 3243 3338 3298 dura-

1757 3335 1920 3391 tionis
1956 3336 2288 3405 cogitatione
2323 3336 2656 3405 interjicere,
2690 3342 2748 3389 ut
2779 3335 2994 3390 scilicet
3027 3332 3337 3388 afﬂrmetur

1756 3428 2056 3498 aliquando
2076 3443 2193 3485 non
2234 3428 2405 3484 fuisse
2439 3428 2618 3494 illum,
2648 3429 2744 3499 qui
2786 3427 3044 3483 omnibus
3078 3425 3180 3481 fuit
3204 3441 3336 3482 auc-

1754 3527 1860 3584 tor,
1894 3530 1951 3573 ut
1981 3521 2114 3575 sint.
2154 3572 2157 3575 .
3112 3580 3115 3583 ,

1820 3610 2021 3665 Verum
2049 3627 2178 3679 ergo
2214 3619 2318 3676 est,
2362 3612 2505 3681 quod
2549 3611 3141 3680 asseruimus,.nempc
3189 3609 3336 3680 quod

1752 3715 1874 3756 cum
1915 3700 2089 3756 Patris
2139 3702 2570 3757 innascibilitate
2605 3701 2872 3772 unigeniti
2904 3700 3027 3755 Filii
3062 3700 3337 3754 aeternitas

1752 3790 2090 3846 nascibiliter
2109 3791 2400 3860 conjuncta
2457 3790 2872 3855 consideretur;
2907 3790 2953 3845 si
2996 3790 3119 3859 quis
3153 3800 3335 3842 autem

1752 3888 1905 3953 putet
1934 3882 2285 3936 intervallum
2313 3881 2831 3951 intercessisse,quo
2860 3879 3139 3952 generatio
3160 3877 3282 3931 Filii
3305 3892 3334 3930 a

1749 3972 1926 4028 Patris
1942 3974 2047 4026 vita
2073 3980 2379 4043 separetur,
2399 3974 2446 4028 is
2471 3974 2573 4028 hoc
2593 3975 2710 4043 ipso
2726 3972 2886 4027 etiam
2915 3970 3027 4026 Deo
3054 3970 3335 4025 universo-

1750 4079 1871 4118 rum
1902 4064 2231 4134 principium
2257 4065 2381 4119 vitze
2398 4072 2452 4119 et
2471 4063 2845 4121 subsistentiae
2874 4062 3158 4125 attribuat,
3188 4059 3333 4130 quod
3362 4134 3363 4137 η

1754 4155 2215 4212 absurdissimum
2245 4164 2351 4210 est.
2382 4156 2526 4210 Nihil
2568 4169 2698 4209 vero
2729 4153 2977 4221 prohibet
2999 4160 3330 4213 creaturam,

1750 4258 1939 4320 utpote
1972 4266 2000 4303 a
2039 4264 2139 4305 suo
2204 4249 2468 4305 Creatore
2492 4250 2797 4312 diversam,
2835 4243 3335 4300 considerariatan-

1748 4356 1911 4412 quam
1956 4356 1985 4394 a
2040 4340 2264 4410 proprio
2312 4336 2759 4409 quodaminitio
2808 4333 3336 4405 procedentem,.iut

1754 4432 2017 4495 diximus,
2075 4430 2233 4500 quod
2268 4431 2339 4485 in,
2376 4430 2526 4483 illam
2562 4426 2928 4481 immortalem
2970 4435 3025 4480 et
3071 4434 3333 4481 aeternam

1730 4534 2007 4579 'naturam
2047 4522 2194 4576 nullo
2222 4528 2383 4591 pacto
2415 4518 2712 4575 convenire
2734 4526 2910 4587 potest
2930 4535 2947 4583 ;
2966 4517 3155 4571 dicere
3181 4516 3330 4571 enim

1754 4628 1820 4667 ea:
1842 4630 1943 4667 non
1965 4613 2192 4675 cutibus,
2229 4611 2337 4675 vel,
2369 4616 2443 4664 ut.
2460 4609 2769 4679 Apostolus.
2790 4608 2890 4674 ait,
2926 4623 3138 4663 canon
3162 4623 3335 4675 appa-

1754 4706 1986 4759 rentibus
2018 4704 2083 4769 ³¹,
2128 4704 2209 4758 vel
2243 4702 2610 4757 invisibihhus
2640 4700 2841 4757 caelum
2872 4700 2958 4755 vel
3002 4706 3203 4754 terram
3241 4706 3337 4754 aut

1752 4796 1957 4866 aliquid
1996 4810 2185 4851 eorum
2245 4809 2391 4865 quae“
2422 4794 2477 4847 in
2530 4790 3147 4848 creaturarumwordine
3209 4805 3335 4845 cen-

1752 4896 1965 4949 sentur,
2017 4886 2321 4952 exstitisse,
2366 4886 2575 4940 nullam
2627 4884 2885 4952 iniuriam
2943 4884 3330 4937 universorum

1745 4976 2026 5031 Conditori
2056 4975 2234 5038 aﬂert,
2259 4990 2477 5030 cumcex
2512 4974 3152 5044 Scriptura-compertum
3172 4970 3331 5025 nubis

1746 5069 1993 5133 sit:,haec
2016 5084 2193 5139 neque
2228 5069 2296 5123 ab
2322 5067 2742 5129 aternotuisse,
2777 5080 2953 5134 neque
2983 5065 3035 5117 in
3064 5070 3328 5117 aeternum

1749 5160 1885 5216 fore.
1929 5164 1995 5215 At
2036 5162 2079 5216 si
2113 5160 2244 5231 quid
2287 5175 2500 5224 eorum,
2552 5174 2673 5228 qua:
2713 5158 2769 5211 in
2819 5155 3090 5212 Trinitate
3144 5154 3328 5207 inesse

1747 5253 2351 5318 credunturycredatur
2381 5266 2488 5306 non
2530 5265 2747 5320 semper
2777 5248 2925 5304 Patri
2955 5244 3325 5309 coexstitisse;

1742 5353 1795 5402 et
1818 5346 1863 5401 si
1896 5344 2285 5401 convenienter
2306 5342 2691 5399 haareticorum
2717 5338 2985 5395 institutis
3007 5344 3061 5393 et
3086 5336 3324 5407 placitis,

1743 5435 2067 5491 admittatur
2110 5432 2446 5504 ejuscemodi
2492 5430 2775 5500 cogitatio,
2832 5443 2954 5497 quae
3002 5425 3170 5481 Deum
3207 5440 3326 5478 om-

1744 5529 1895 5583 nium
1945 5528 2117 5600 gloria
2182 5525 2308 5580 Filii
2353 5533 2409 5581 et
2457 5524 2696 5594 Spiritus
2739 5523 2915 5577 sancti
2974 5520 3214 5575 denudet
3268 5528 3325 5573 et

1742 5622 1959 5693 spoliet,
1988 5629 2119 5676 tunc
2164 5619 2296 5675 nihil
2350 5619 2499 5677 aliud
2536 5615 2782 5687 sequitur
2818 5629 2885 5672 ex
2938 5611 3322 5669 haereticorum
