3922 6470
605 344 706 423 '37:

1831 369 1888 426 S.
1925 369 2250 426 GREGORII
2287 369 2582 427 NYSSENI
3705 376 3790 430 τη

607 481 835 535 istorum
865 477 1143 549 opinione,
1178 494 1342 550 quam
1371 481 1518 552 quod
1555 480 1696 540 Deus
1739 482 1888 536 omni
1929 482 2170 539 bonitate

2271 487 2393 558 τηρ,
2419 490 2448 542 6
2473 486 2731 560 ὑπάρχων
2756 485 2864 556 πρὸ
2889 487 2997 539 τῶν
3023 486 3232 540 αἰώνων
3248 527 3262 551 ,
3285 485 3412 550 δόξα
3432 485 3487 539 δὲ
3506 486 3590 540 τοῦ
3618 489 3789 562 [ἰατρὸς

604 576 660 625 ει
708 568 1016 637 divinitate,
1059 570 1440 643 divinitatique
1493 580 1834 643 competente
1888 575 2171 630 existima-

599 663 752 718 tione
781 661 1049 732 spoliatus
1070 664 1372 734 apparebit.
1409 667 1476 718 At
1515 666 1558 720 si
1590 660 2001 736 suam'gloriam
2027 681 2172 722 sem-

603 767 704 820 per
749 751 913 806 habet
956 751 1139 820 Pater,
1181 753 1275 823 qui
1316 765 1399 810 est
1431 766 1556 809 ante
1587 757 1804 818 secula,
1839 757 2013 826 gloria
2043 772 2172 814 vero

603 839 782 896 Patris
813 849 900 896 est
940 852 1178 898 aeternus
1224 841 1417 909 Filius,
1456 845 1709 900 similiter
1740 855 1793 899 et
1835 843 1955 898 Filii
2001 846 2174 915 gloria

605 925 846 996 Spiritus
883 941 1128 997 sanctus,
1159 933 1253 1004 qui
1282 948 1393 988 una
1417 949 1542 988 cum
1575 933 1716 993 Filio
1752 944 1807 990 et
1846 934 2006 990 Patre
2036 950 2176 990 sem—

603 1034 700 1084 per
723 1023 1162 1084 consideratione
1203 1027 1471 1091 cernitur,
1515 1026 1785 1081 undenam
1831 1026 2175 1096 sapientissi-

603 1123 728 1165 mus
760 1113 858 1166 iste
881 1157 895 1181 ,
928 1123 980 1170 et
1011 1131 1077 1172 ex
1113 1117 1260 1187 quali
1297 1117 1585 1187 disciplina
1616 1118 1670 1171 in
1719 1117 1937 1172 internis
1965 1124 2175 1186 tempo-

603 1202 790 1272 risque
813 1208 1125 1274 expertibus
1153 1203 1344 1265 statuit
1369 1210 1520 1279 prius
1553 1220 1607 1264 et
1640 1209 1942 1281 antiquius,
1980 1218 2035 1264 et
2070 1209 2172 1264 bo-

602 1297 908 1353 norabilius
935 1314 1030 1354 seu
1064 1299 1283 1372 dignius
1315 1301 1369 1355 in
1412 1302 1481 1356 iis
1510 1317 1632 1371 qua:
1663 1316 1762 1356 sua
1811 1314 2004 1356 natura
2039 1307 2169 1357 sunt

2275 577 2303 628 6
2334 574 2652 646 προαιώνιος
2677 573 2824 639 Υίδς,
2853 574 3052 645 ὁμοίως
3097 573 3153 627 δὲ
3197 575 3290 628 καὶ
3321 574 3412 627 τοῦ
3455 574 3578 626 Υίοῦ
3605 575 3713 641 δόξα
3743 581 3792 632 τὴ

2272 667 2366 729 τοῦ
2398 665 2633 737 Χριστοῦ
2657 666 2900 737 Πνεῦμα,
2923 667 2983 719 τὸ
3004 666 3091 719 ἀεὶ
3115 665 3568 736 συνθεωρούμενον
3593 666 3662 737 τῷ
3705 669 3792 741 Υἰῷ

2273 760 2471 829 καὶτῷ
2515 760 2708 830 Πατρὶ,
2754 759 2917 812 πόθεν
2954 761 2983 812 6
3030 759 3189 828 σοφὸς
3229 754 3400 822 οὗτος,
3433 760 3523 811 καὶ
3566 762 3623 814 ὲκ
3666 763 3793 825 ποίας

2270 849 2601 914 παιδεύσεως
2627 851 2688 903 τὸ
2721 851 3092 922 πρεσϐύτερον
3127 853 3186 904 ἐν
3218 853 3327 914 τοῖς
3358 851 3612 922 ἀχρόνοις,
3645 854 3721 905 καὶ
3747 853 3796 909 τὸ

2268 941 2588 1012 τιμιώτερον
2622 943 2680 995 ἐν
2715 945 2826 1006 τοῖς
2858 943 3010 1005 κατὰ,
3039 943 3200 1013 φύσιν
3231 944 3430 1012 τιμίοις
3456 944 3793 1011 ἀποφαίνεται,

2272 1031 2636 1102 συγκριτικῶς
2675 1032 2983 1102 ὑπερτιθεὶς
3030 1032 3122 1085 τοῦ
3161 1032 3348 1102 ἐτέρου
3392 1032 3452 1084 τὸ
3492 1031 3689 1101 ἕτερον,
3721 1037 3797 1086 καὶ

2269 1122 2356 1176 διὰ
2389 1123 2487 1193 τῆς
2511 1123 2604 1176 τοῦ
2635 1123 2751 1186 ἐνὸς
2785 1124 3164 1194 προτιμήσεως
3212 1122 3271 1174 τὸ
3306 1122 3500 1192 ἐφεξῆς
3531 1123 3794 1191 ἁτιμάζων;

2285 1214 2349 1267 Ἥ
2396 1212 2505 1286 γὰρ
2557 1214 2925 1284 ἀντιδιαστολὴ
2968 1214 3062 1267 τοῦ
3121 1216 3445 1286 τιμιωτέρου
3495 1215 3797 1285 φανερωτέρα

2275 1305 2490 1368 πάντως
2514 1305 2679 1370 ἐστὶν,
2704 1309 2782 1368 εἰς
2805 1306 2834 1358 6
2858 1324 2909 1358 τι
2936 1307 3112 1377 φέροι.

602 1403 756 1457 reque
788 1390 1125 1446 honorabilia
1154 1400 1208 1446 et
1249 1392 1433 1463 digna,
1465 1409 1635 1448 unum
1683 1393 1838 1448 alteri
1877 1408 1976 1463 per
2009 1395 2468 1462 comparationem
2490 1399 2806 1467 praeferens,
2837 1396 2927 1466 qui
2951 1397 3054 1450 hoc
3113 1397 3233 1466 ipso
3284 1395 3435 1467 quod
3483 1397 3673 1465 primas
3718 1396 3796 1449 ho-.

601 1481 758 1534 noris
786 1481 879 1534 uni
922 1481 1121 1547 defert,
1159 1485 1239 1539 sic
1275 1484 1418 1554 quod
1457 1484 1716 1555 deinceps
1753 1494 1837 1540 est
1879 1487 2173 1540 inhonorat
2207 1497 2262 1542 et
2306 1488 2509 1559 injuria
2551 1489 2754 1552 aftlcit?
2801 1488 2936 1542 Nam
2991 1504 3253 1560 quorsum
3334 1489 3518 1545 tendat
3559 1490 3797 1545 distinctio

602 1575 705 1629 ista
741 1575 1130 1643 prtestantioris
1155 1587 1208 1630 et
1241 1578 1690 1642 honorabilioris,
1729 1579 2000 1634 neminem
2026 1581 2178 1635 latet.

670 1665 788 1720 Jam
815 1682 946 1722 vero
989 1669 1168 1736 qualia
1215 1677 1343 1724 sunt
1399 1686 1520 1740 quae
1557 1671 1642 1725 his
1681 1671 1982 1742 subjungit,
2037 1687 2163 1726 cum

602 1756 856 1819 affirmat,
887 1758 1096 1812 easdem
1123 1762 1448 1827 operatione:
1478 1760 1659 1816 eadem
1683 1777 1841 1830 opera
1869 1763 2082 1832 efﬁcere,
2118 1771 2168 1816 ct

603 1849 821 1902 mutatis
850 1849 1088 1917 operibus
1121 1861 1352 1913 mutatas
1372 1855 1530 1907 etiam
1551 1854 1874 1922 operatione;
1904 1856 2175 1924 conspici?

602 1938 916 2007 Opportune
943 1938 1184 2008 profecto
1212 1942 1461 2011 egregius
1517 1942 1622 1997 iste
1655 1943 1722 1995 ad
1761 1942 2171 2012 inexpugnabi-

602 2029 708 2084 lem
751 2029 1023 2089 orationis,
1060 2046 1173 2096 suae
1214 2030 1586 2087 defensionem
1614 2047 1672 2087 se
1689 2034 1922 2088 confert.
1957 2033 2171 2096 Ewdem

603 2121 952 2188 operationes,
988 2122 1184 2192 inquit,
1216 2124 1399 2178 eadem
1428 2125 1585 2178 etiam
1620 2141 1780 2193 opera
1810 2125 2051 2193 e/ﬁciunt.
2086 2123 2174 2179 Vi-

601 2214 830 2268 deamus
861 2215 1028 2282 igitur
1075 2229 1238 2284 quam
1271 2231 1457 2271 verunt
1499 2217 1601 2272 hoc
1641 2216 1731 2282 sit,
1771 2217 1950 2270 allatis
1989 2232 2172 2272 exem-

602 2303 729 2374 plis.
773 2302 890 2357 Una
921 2304 1065 2375 ignis
1099 2306 1346 2376 operatio
1385 2313 1469 2360 est
1521 2308 1868 2374 calefacere;
1912 2307 2170 2376 dispicia-

600 2409 725 2449 mus
747 2394 934 2465 igitur,
993 2397 1209 2466 qualem
1249 2399 1688 2458 convenientiam
1737 2399 1973 2452 habeant
2007 2397 2169 2466 huius

602 2484 942 2554 operationis
975 2501 1162 2556 opera.
1200 2486 1396 2542 Calore
1426 2489 1679 2557 liquescit
1730 2503 1829 2556 aes,
1870 2489 2046 2542 lutum
2086 2489 2169 2542 in-

600 2574 868 2640 durescit,
918 2591 1041 2631 cera
1098 2579 1480 2646 consumitur;
1519 2579 1727 2649 reliqua
1780 2579 2074 2636 animantia
2121 2578 2168 2635 si

598 2665 657 2720 in
686 2665 810 2736 igne
837 2668 946 2723 sint
980 2678 1430 2740 corrumpuntur,
1470 2679 1526 2724 at
1558 2673 1905 2727 salamandra
1934 2673 2171 2726 vivifica~

598 2763 720 2810 tur:
748 2764 908 2827 suam
925 2759 1102 2824 ardet,
1143 2761 1438 2814 amiantum
1487 2761 1622 2830 (seu
1648 2763 1941 2826 amiantus,
1975 2778 2168 2818 nomen

601 2852 867 2917 gemmae)
900 2848 1137 2912 flamma,
1171 2851 1320 2905 velut
1350 2867 1516 2921 aqua,
1551 2861 1837 2922 purgatur.
1880 2853 2055 2910 Tanta
2085 2862 2170 2913 est

600 2937 906 2994 similitudo
938 2953 1165 3010 operum
1199 2941 1446 3010 ejusdem
1484 2942 2012 3012 operationisEQuid
2043 2960 2169 3000 vero

602 3030 730 3084 sol?
791 3045 974 3085 annon
1001 3038 1056 3085 et
1090 3031 1205 3100 ipse
1223 3033 1412 3087 eadem
1443 3048 1540 3088 sua
1565 3034 1615 3088 vi
1644 3043 1696 3088 et
1720 3035 1959 3102 potentia
1986 3035 2169 3096 omnia

600 3121 884 3188 aqualitcr
913 3120 1121 3183 fovens,
1158 3123 1463 3191 plantarum
1503 3124 1722 3193 quidem
1773 3125 1937 3178 aliam
1975 3135 2164 3196 auget,

2342 1658 2444 1720 υἷα
2485 1663 2541 1716 δὲ
2577 1666 2688 1727 τοῖς
2730 1665 3039 1735 εἰρημένοις
3071 1665 3265 1734 ἐπάγει
3286 1708 3301 1729 ,
3332 1666 3426 1720 καὶ
3453 1667 3519 1721 τὰ
3553 1669 3798 1739 ἀκόλουθος

2276 1757 2425 1819 Ἀτε,
2457 1756 2620 1825 φησὶ,
2655 1755 2774 1808 τῶν
2806 1755 3004 1809 αὐτῶν
3031 1755 3338 1826 ἐνεργειῶν
3374 1757 3486 1826 τὴν·
3518 1764 3799 1828 ταυτότητά

2275 1845 2394 1900 τῶν
2428 1848 2616 1914 ἔργων
2661 1846 3104 1911 ἀποτελουσῶν,
3142 1847 3240 1901 καὶ
3267 1847 3386 1902 τῶν
3426 1853 3796 1921 παρηλλαγμέ-

2273 1955 2395 1993 νων
2439 1939 2650 2007 ἔργων,
2703 1937 3206 2006 παρηλλαγμένας
3247 1941 3347 1992 καὶ
3397 1942 3501 2007 τὰς
3541 1942 3797 2012 ἐνεργείας

2272 2027 2744 2097 ἀποφαινόντων.
2789 2026 2981 2090 Καλῶς
3027 2030 3056 2085 ὁ
3103 2029 3367 2095 γεννάδας
3410 2027 3568 2102 ἦλθεν
3599 2035 3682 2086 ἐπὶ
3715 2035 3794 2103 τὴν

2272 2121 2482 2190 ἄμαχον
2554 2119 2875 2190 συνηγορίαν
2934 2117 3024 2171 τοῦ
3073 2118 3253 2187 λόγου.
3315 2124 3386 2185 At
3451 2124 3616 2176 αὑταὶ
3665 2126 3798 2193 ένέρ.

2273 2226 2421 2282 γειαι
2483 2208 2600 2276 τὴν
2671 2209 2998 2277 ταυτότητα
3041 2209 3160 2271 τῶν
3213 2209 3398 2279 ἔργων
3434 2213 3762 2268 ἀποτελοῦσι
3781 2254 3795 2278 ,

2273 2303 2425 2373 φησί.
2485 2303 2707 2372 Ἵδωμεν
2749 2301 2924 2362 τοίνυν
2977 2303 3068 2354 ἐπὶ
3113 2302 3220 2365 τῶν
3251 2305 3589 2375 πραγμάτων
3623 2307 3700 2359 τὸν
3727 2307 3796 2357 16-

2271 2411 2389 2463 γον,
2421 2394 2536 2455 Μία
2579 2392 2673 2446 τοῦ
2713 2391 2882 2461 πυρὸς
2914 2394 2946 2463 ὴ
2979 2391 3064 2446 διὰ
3101 2393 3193 2446 τοῦ
3233 2379 3544 2466 θερμαίνειν
3568 2396 3799 2467 ἐνέργεια,

2269 2483 2406 2538 ἀλλὰ
2448 2484 2515 2537 τὰ
2562 2481 2698 2558 ἔργα
2743 2483 2860 2545 οἵαν
2920 2481 3026 2551 εχει
3079 2483 3178 2554 τὴν
3233 2486 3567 2554 συμφωνίαν,
3619 2489 3799 2539 ἐπισκι-

2269 2574 2520 2648 ψώμεθα.
2570 2575 2802 2642 Τήκεται
2855 2575 2884 2626 ὁ
2933 2573 3148 2644 χαλκός·
3199 2577 3228 2628 6
3269 2575 3440 2645 πηλὸς
3491 2577 3800 2646 πήγνυταιοὰ

2269 2667 2440 2738 κηρὸς
2467 2666 2811 2729 ἀναλίσκεται
2834 2681 2850 2704 '-
2887 2665 2958 2722 τὰ
2996 2665 3158 2724 λοιπὰ
3203 2665 3312 2720 τῶν
3357 2665 3509 2732 ζώων
3534 2671 3580 2720 εἰ
3607 2669 3656 2720 ἐν
3681 2665 3802 2736 αὐτῷ

2270 2757 2506 2826 γένοιτο,
2558 2755 2857 2825 φθείρεται,
2896 2757 2927 2825 ἡ
2970 2755 3322 2827 σαλαμὰνδρα.
3363 2757 3704 2826 ζωογονεῖται·
3754 2757 3801 2816 τὴ

2271 2847 2521 2908 στυπεῐον
2564 2844 2794 2906 καίεται·
2826 2843 2890 2904 τὸ,
2911 2843 3188 2912 ἀμίαντον,
3235 2842 3428 2914 ὥσπερ
3470 2845 3525 2896 ἐν
3571 2842 3721 2908 ὕδατι,
3745 2843 3797 2910 τῇ

2271 2937 2429 3004 φλογὶ
2459 2933 2880 2998 καταπλύνεται.
2909 2932 3153 3004 Τοσαύτη
3188 2934 3220 3004 ἡ
3244 2934 3510 3003 ταυτότης
3536 2933 3635 2987 τῶν
3657 2932 3799 3003 ἔργων

2270 3012 2335 3080 ἐκ
2359 3027 2455 3096 τῆς
2491 3026 2618 3094 μιᾶς
2647 3023 2942 3095 ἐνεργείας.
2973 3023 3041 3087 Τί¹
3067 3023 3123 3077 δὲ
3153 3026 3179 3076 6
3215 3025 3368 3104 ἦλιος
3389 3043 3407 3096 ;η
3434 3021 3554 3097 'Ap’
3583 3024 3690 3092 οὐχὶ
3729 3020 3802 3074 καὶ

2270 3120 2452 3184 αὐτὸς,
2483 3119 2548 3181 ἐκ
2572 3115 2670 3186 τῆς
2698 3116 2867 3186 αὐτῆς
2895 3115 3172 3185 δυνάμεως
3212 3116 3416 3185 ὁμοίως
3445 3115 3730 3168 ἐπιθὰλπων
3752 3112 3802 3165 τὰ

602 3211 766 3264 aliam
809 3226 937 3266 vero
974 3213 1239 3276 exsiccet,
1282 3221 1491 3267 mutato
1529 3215 1865 3289 operationis
1916 3214 2022 3268 fine
2067 3231 2165 3284 pro

2271 3211 2464 3273 πάντα,
2503 3207 2564 3261 τὸ
2607 3207 2706 3276 μέν
2737 3223 2789 3259 τι
2821 3206 2928 3266 τῶν
2953 3205 3135 3274 φυτῶν,
3166 3205 3396 3276 ηὔξησε,
3426 3206 3486 3259 τὸ
3512 3205 3566 3272 δὲ
3602 3203 3802 3273 κατεμά-

601 3302 843 3356 materiae
890 3302 1183 3358 substratae
1229 3304 1547 3364 conditione
1597 3314 1652 3360 et
1683 3306 2165 3376 qualitate‘illlam

602 3392 749 3446 enim
784 3393 1044 3460 plantam,
1082 3408 1204 3461 quae
1237 3408 1402 3464 supra
1441 3404 1651 3464 petram
1672 3405 1778 3460 est,
1819 3397 2066 3463 arefacit,
2115 3408 2169 3452 at

601 3495 742 3543 eam,
789 3495 911 3548 qua:
940 3480 1080 3536 altas
1110 3481 1168 3537 in
1198 3489 1338 3535 terra
1387 3483 1496 3552 egit
1529 3483 1764 3547 radices,
1811 3487 2011 3554 patulis
2049 3485 2171 3539 ubi.

601 3587 708 3638 que
740 3571 909 3626 ramis
941 3569 1216 3632 diffundit.
1247 3571 1403 3638 Quod
1457 3573 1504 3628 si
1540 3589 1704 3643 opera
1745 3583 1953 3631 natura:
1990 3588 2172 3634 mente

605 3661 873 3724 lustrare,
895 3671 950 3716 et
981 3662 1111 3732 quid
1137 3663 1191 3717 in
1216 3664 1539 3734 corporibus
1558 3675 1752 3720 natura
1775 3682 1940 3736 agere
1973 3669 2167 3735 soleat,

602 3751 897 3808 observare
945 3753 1105 3820 velis,
1148 3754 1352 3809 clarius
1405 3756 1696 3826 intelliges,
1726 3773 1891 3827 quam
1934 3759 2180 3821 circum:

604 3851 794 3912 specto
842 3844 948 3899 iste
999 3843 1219 3912 dixerit,
1287 3846 1526 3905 canitiem
1581 3851 1938 3917 operationem
1988 3851 2171 3904 eadem

600 3935 798 4005 amare
817 3952 995 4004 opera.
1033 3936 1154 3992 Una
1175 3939 1421 4008 operatio
1451 3947 1536 3994 est
1564 3955 1732 3996 causa
1762 3942 2168 4012 conceptionis,

603 4024 699 4081 sed
728 4026 1054 4096 compositio
1086 4027 1204 4095 ejus
1227 4027 1372 4098 quod
1410 4030 1556 4086 intus
1598 4030 1656 4084 fit
1692 4039 1746 4086 et
1784 4033 2169 4100 constituitur,

2271 3318 2420 3374 pave,
2455 3299 2590 3370 πρὸς
2605 3298 2704 3369 τὴν.
2731 3299 3095 3369 ὑποκειμένην
3122 3299 3356 3369 δύναμιν
3377 3298 3708 3360 summa»
3725 3296 3804 3364 τῆς

2270 3394 2551 3464 ἐνεργείας
2584 3391 2645 3455 τὸ
2668 3390 2852 3455 τέλος;
2884 3390 2956 3448 Τὸ
2981 3389 3079 3459 μὲν
3111 3389 3217 3460 γὰρ
3246 3390 3342 3442 ἐπὶ
3367 3391 3465 3460 τῆς
3492 3389 3680 3461 πέτρας
3705 3387 3803 3455 egi).

2271 3499 2398 3554 ρανε
2420 3521 2437 3546 ,
2499 3479 2559 3532 τὸ
2611 3480 2667 3533 δὲ
2709 3481 2771 3531 ἐκ
2813 3477 2911 3546 τῆς
2963 3475 3181 3546 βαθείας
3255 3477 3363 3559 γῆς
3426 3473 3803 3546 ἑκατοντάρχων

2270 3572 2543 3644 ἐποίησεν..
2580 3572 2644 3624 Εἰ
2675 3569 2734 3636 δὲ
2774 3568 3032 3645 εἰσελθοις
3077 3570 3155 3637 εἰς
3185 3567 3252 3635 τὰ
3289 3569 3392 3638 τῆς
3431 3567 3632 3637 φύσεως
3676 3564 3801 3638 ἔργα,

2270 3665 2365 3718 καὶ
2383 3665 2511 3728 ἴδοις
2535 3666 2592 3717 ἐν
2613 3665 2724 3725 τοῖς
2751 3659 2996 3731 σώμασιν
3015 3661 3115 3714 ὅσα
3131 3659 3516 3730 φιλοτεχνοῦσα
3533 3659 3800 3729 ἐργάζεται,

2273 3754 2473 3826 μᾶλλον,
2503 3755 2568 3809 ἂν
2592 3754 2653 3807 τὸ
2675 3752 3143 3824 περιεσκεμμένρν
3158 3751 3500 3822 καταμάθοις
3533 3750 3626 3806 τοῦ,
3649 3749 3801 3814 λέγον-

2269 3865 2380 3912 τος,
2407 3848 2489 3901 ὅτι
2548 3846 2620 3902 Ἦ
2662 3845 2816 3912 αὐτὴ
2866 3845 3132 3913 ἐνέργεια
3177 3845 3291 3912 τὴν
3346 3844 3666 3915 ταυτότητα
3710 3836 3804 3892 τῶν

2269 3941 2459 4009 ἔργων
2489 3938 2786 4000 ἀποτελεῖ.
2825 3937 2940 4002 Μία,
2964 3937 3212 4007 ἐνέργεια
3238 3937 3337 4005 τῆς
3370 3931 3660 4004 συλλήψεως
3682 3932 3803 3982 ἐστιν

2272 4034 2306 4109 ἡ
2343 4031 2510 4098 αἰτίαο
2553 4030 2690 4098 ᾁλλὰ
2714 4031 2774 4083 τὸ
2799 4029 3080 4104 σύγκριμα
3107 4028 3200 4081 τοῦ
3225 4027 3376 4095 ἐνδον
3405 4022 3803 4094 οίκονομουμένου

599 4117 755 4172 varia
786 4124 951 4173 estet
977 4118 1351 4182 multiformis.
1376 4117 1448 4174 'ut
1487 4121 1624 4176 nulli
1657 4121 1819 4179 facile
1856 4124 1927 4179 sit
1956 4138 2170 4180 enume-

2272 4123 2545 4186 πολυειδὲς
2567 4163 2582 4188 ,
2615 4122 2691 4184 ὡς
2721 4124 2787 4175 ἂν
2833 4120 2906 4192 μὴ
2938 4119 3224 4190 δυνηθῆναι
3248 4119 3447 4189 ῥᾳδίως
3471 4116 3588 4171 τινὰ
3605 4114 3692 4184 τὴν
3710 4112 3801 4163 δια·

600 4223 727 4263 rare
764 4208 1136 4264 diversitatem
1169 4211 1414 4265 omnium
1434 4226 1648 4277 earum,
1677 4228 1800 4282 qua
1841 4213 1897 4268 in
1944 4230 2170 4285 corpore

2274 4215 2444 4288 φορὰν
2462 4213 2571 4267 τῶν
2597 4215 2655 4268 ἐν
2678 4213 2752 4284 τῷ
2781 4211 2991 4281 σώματι
3013 4214 3310 4281 ποιοτήτων
3335 4202 3801 4280 ἀπαριθμήσααθαι.

599 4299 815 4364 insunt,
836 4301 1182 4370 qualitatum.
1221 4301 1530 4358 infantibus
1575 4319 1682 4358 una
1708 4305 1896 4360 itidem
1926 4310 2170 4376 operatio

2273 4306 2388 4362 Μία
2417 4303 2575 4360 πάλιν
2606 4304 2851 4374 ἐνέργεια
2882 4302 2975 4353 ἐπὶ
3009 4300 3117 4353 τῶν
3146 4300 3356 4369 νηπίων
3383 4301 3416 4369 ὴ
3458 4296 3550 4360 τοῦ
3577 4289 3804 4362 γάλακτός

604 4398 709 4453 est,
741 4389 898 4443 lactis
923 4391 1178 4445 attractio
1214 4399 1268 4444 et
1299 4393 1568 4446 exsuctio.
1613 4393 1825 4462 Atquis
1850 4395 2170 4452 varietatem

2275 4395 2420 4448 ἐστιν
2449 4394 2604 4463 ὁλκήο
2635 4393 2698 4446 τὸ
2733 4393 2790 4445 δὲ
2822 4390 3064 4445 ποικίλον
3097 4390 3205 4452 τῶν
3247 4387 3690 4458 ἀποτελεσμάτων
3727 4387 3806 4449 τῆς

601 4477 893 4533 effectuum
925 4481 1051 4534 talis
1084 4481 1324 4535 alimenti
1354 4484 1722 4550 percenseat?
1745 4485 1889 4554 quod
1916 4494 2170 4556 tanquam

2274 4485 2530 4556 τοιαύτης
2574 4483 2780 4556 τροφῆς
2814 4482 2897 4549 τίς
2928 4482 2997 4538 ἂν
3015 4479 3269 4549 6tsEéA00t
3287 4479 3444 4548 λόγος
3469 4497 3485 4545 ;
3529 4479 3589 4532 Ἦ
3614 4475 3702 4545 μὲν
3721 4471 3806 4538 γὰρ

603 4583 701 4638 per
724 4569 968 4622 canalem
1009 4583 1074 4622 ex
1109 4583 1207 4623 ore
1255 4569 1310 4622 in
1362 4577 1572 4626 meatus
1605 4570 1909 4627 destinatos
1942 4573 2169 4632 descen-

2273 4573 2524 4643 καθάπερ
2543 4573 2631 4626 διὰ
2663 4573 2897 4640 σωλῆνος
2925 4573 2986 4624 ἐκ
3018 4571 3110 4624 τοῦ
3139 4570 3407 4640 στόματος
3439 4568 3532 4622 ἐπὶ
3561 4569 3676 4628 τοὺς
3694 4564 3806 4615 ἀτω-

603 4658 720 4723 dit;
755 4656 1035 4710 nutriendi
1060 4671 1190 4711 vero
1217 4666 1271 4710 et
1299 4658 1567 4712 alterandi
1597 4658 1829 4716 facultas
1872 4661 2169 4731 unicuique

602 4749 972 4803 membrorum
1017 4748 1403 4803 convenienter
1440 4749 1526 4803 lac
1585 4749 1849 4815 adducit,
1890 4753 2170 4811 sexcentis

604 4837 784 4892 modis
813 4853 909 4906 per
943 4838 1357 4892 concoctionem
1395 4839 1711 4894 alimentum
1739 4841 1870 4896 illud
1909 4843 2169 4913 subigens

601 4936 658 4983 et
691 4926 963 4991 dividens,
989 4933 1045 4981 et
1082 4927 1306 4981 cuilibet
1357 4942 1424 4990 ex
1480 4929 1744 4996 subjectis
1781 4931 2039 4986 membris
2094 4933 2170 4987 si-

603 5018 732 5072 mile
782 5027 1185 5088 cognatumque
1239 5027 1610 5075 consentanea
1649 5020 1863 5076 ratione
1904 5019 2166 5078 efficiens.

601 5109 737 5164 Nam
771 5125 836 5164 ex
876 5109 1064 5164 eodem
1099 5111 1362 5165 alimento
1411 5112 1636 5166 aluntur
1669 5122 1725 5168 et
1775 5124 2044 5182 augentur
2085 5131 2171 5169 ar-

604 5201 782 5264 teriae,
826 5216 996 5266 venae,
1029 5203 1341 5264 cerebrum,
1369 5201 1778 5274 meninges(seu
1797 5201 2169 5270 membranae),

605 5288 865 5355 medulla,
906 5305 1054 5354 ossa,
1083 5290 1261 5356 nervi,
1290 5291 1546 5354 musculi,
1581 5291 1852 5353 teudiues,
1898 5306 2049 5354 caro,
2079 5307 2173 5348 ex-

603 5381 857 5436 tremitas
887 5397 983 5436 seu
1033 5383 1372 5452 superﬁcies,
1427 5381 1679 5446 chondri,
1734 5383 1921 5452 adeps,
1963 5384 2168 5454 capilli,

604 5488 842 5544 ungues,
886 5473 1138 5537 sudores.
1168 5474 1395 5544 halitus,
1418 5474 1637 5544 pituita,
1669 5474 1816 5537 bilis,
1853 5477 1992 5552 et'si
2048 5493 2169 5546 quae

607 5568 714 5622 alia
745 5567 1018 5637 superflua
1048 5579 1100 5622 et
1127 5570 1340 5626 inutilia
1374 5583 1438 5626 ex
1459 5569 1646 5630 eadem
1682 5585 1848 5626 causa
1873 5561 2164 5628 exsistunt.

611 5655 666 5710 Si
709 5659 950 5713 membra
982 5659 1272 5724 intuearis,
1303 5675 1536 5730 quorum
1570 5661 1676 5716 alia
1710 5669 1838 5716 sunt
1884 5663 2165 5732 organica,

610 5748 715 5804 alia
745 5750 995 5806 sensibus
1029 5751 1416 5819 deserviontia,
1455 5753 1562 5814 alia
1593 5753 1747 5810 aliter
1779 5753 1972 5808 molem
2024 5754 2165 5810 hanc

2271 4666 2545 4738 κριτικοὺς
2588 4663 2921 4739 διεξέρχεται
2970 4663 3188 4734 πόρους⁶
3236 4664 3269 4732 ἡ
3302 4662 3360 4726 δὲ
3393 4655 3694 4725 ἀλλοιωτικὴ
3729 4651 3807 4720 τῆς

2270 4757 2483 4826 φύσεως
2557 4755 2786 4824 δύναμις
2847 4754 3060 4823 ἑκάστῳ
3122 4752 3231 4805 τῶν
3275 4751 3453 4822 μελῶν
3500 4743 3807 4812 καταλλήλως

2271 4848 2534 4918 προσάγει
2565 4847 2627 4900 τὸ
2656 4846 2825 4914 γάλα,
2867 4843 2957 4898 διὰ
2993 4847 3094 4916 τῆς
3131 4843 3348 4913 πέψεως
3389 4844 3467 4906 είς
3502 4838 3685 4911 μυρίας
3709 4834 3804 4885 δια·

2263 4923 2440 5010 ’φορὰς
2463 4938 2561 5006 τὴν
2593 4935 2798 5008 τροφὴν
2833 4935 3239 5005 κερματίζουσα
3259 4957 3274 4999 ,
3298 4935 3526 4994 καὶτοῖς
3554 4919 3806 4992 ὑποκειμέ-

2268 5047 2379 5092 νοις
2404 5028 2640 5099 ὁμοφυὲς
2676 5023 3098 5096 ἀπεργαζομένη
3136 5026 3197 5078 τὸ
3239 5027 3455 5095 ἑκάστῳ
3491 5015 3801 5084 κατάλληλονι

2280 5121 2376 5173 Ἐκ
2412 5119 2520 5190 γὰρ
2548 5119 2648 5187 τῆς
2703 5117 2875 5186 αὐτῆς
2911 5117 3201 5185 τρέφονται
3247 5113 3498 5187 βρώσεως
3546 5105 3799 5181 ἀρτηρίαις

2269 5209 2488 5280 φλέϐες,
2525 5208 2845 5278 ἐγκέφαλος,
2881 5207 3142 5278 μήνιγγες
3165 5247 3180 5271 ,
3211 5206 3422 5277 μυελὸς,
3459 5203 3611 5262 ὀστᾶ..
3642 5195 3797 5264 νεῦρα,

2271 5302 2596 5371 σύνδεσμος.
2633 5302 2909 5365 τένοντες,
2952 5298 3182 5370 σάρκες,
3233 5298 3550 5368 ἐπιφάνεια,
3594 5287 3799 5362 χόνδροι.

2275 5387 2500 5458 ’.ιτιμελαί¹
2521 5427 2536 5450 ,
2572 5388 2756 5457 τρίχες
2776 5426 2790 5449 ,
2827 5386 3017 5454 ὄνυχες
3036 5425 3050 5448 ,
3083 5384 3304 5456 ἱδρῶτες
3322 5423 3336 5445 .
3367 5383 3558 5451 ἀτμοὶ,
3584 5375 3796 5470 φλέγμς,

2273 5477 2423 5549 χολὴ.
2460 5476 2554 5531 καὶ
2581 5477 2679 5528 ὅσα
2717 5474 2878 5528 λοιπὰ
2907 5472 3135 5546 περιττὰ
3200 5475 3292 5526 καὶ
3319 5475 3510 5542 ἀχρεῖα
3535 5471 3626 5537 τῆς
3656 5465 3799 5527 αὐτῆς

2271 5569 2452 5630 αἰτίας
2484 5566 2734 5636 ἐξῆπται.
2769 5564 2886 5620 Κᾶν
2923 5565 2991 5618 τὰ
3024 5563 3130 5618 τῶν
3178 5564 3352 5634 μελῶν
3384 5562 3539 5634 εἴπῃς
3572 5556 3795 5625 ὀνόματα.

2272 5661 2343 5717 τά
2385 5675 2445 5711 τε
2494 5656 2761 5728 ὀργανικὰ
2815 5657 3002 5710 καὶτὰ
3045 5656 3407 5727 αἰσθητήρια,
3449 5652 3540 5706 καὶ
3567 5651 3656 5703 ὅσα
3687 5640 3798 5695 ἄλλα

2275 5750 2470 5825 πληροί
2506 5747 2597 5810 τὸν
2642 5746 2736 5801 τοῦ
2785 5746 3034 5822 σώματος
3080 5747 3261 5817 ὄγκον,
3309 5748 3371 5799 ἐκ
3420 5743 3545 5822 μιᾶς
3611 5732 3796 5804 καὶτῆς
