3922 6450
148 403 222 457 673

1223 398 1501 455 CONTRA
1535 397 1939 466 EUNOMIUM,
1985 401 2114 456 LIB.
2159 399 2197 456 Ι.

3217 403 3324 459 επ

147 503 277 574 αὐτῆς
304 503 428 556 κατὰ
462 502 558 573 τὴν
601 501 799 573 τροφὴν
843 503 1122 576 ἐνεργείας
1150 507 1229 571 είς
1265 509 1363 573 τὰς
1389 510 1653 574 τοσαύτας

1777 517 2004 588 :orporis
2061 518 2471 584 coustituentia,
2531 519 2738 575 videbis
2794 527 2846 574 et
2918 519 3030 572 haec
3088 531 3152 571 ex
3213 531 3325 572 una

144 594 349 664 διαφορὰς
375 593 688 649 ἀλλοιοῦται.
714 593 781 652 Et
811 593 868 648 δέ
885 611 982 659 ,τις
1010 597 1223 661 καὶτὰς
1247 598 1442 669 τέχνας
1466 600 1674 655 ἀναλυ..

144 688 332 755 τίσαιτο,
363 684 578 756 εὑρήσει
607 684 699 737 καὶ
745 683 834 738 διὰ
861 685 1066 743 τούτων
1104 688 1165 741 16
1193 689 1660 760 κατεξητασμένον

143 777 212 830 τοῦ
233 777 490 844 δίγματοςο
523 777 652 845 μίαν
683 776 792 848 γὰρ
823 777 900 841 ὡς
927 779 1020 832 ἐπὶ
1051 779 1112 832 16
1138 781 1272 834 πολὺ
1303 782 1410 835 τῶν
1441 783 1530 836 διὰ
1550 801 1663 854 χει-

147 870 212 940 ρός
232 884 275 920 τι
315 867 600 920 ποιούντων
640 869 734 921 ἐπὶ
770 868 955 940 πάσης
1001 871 1198 943 τέχνης
1245 873 1462 944 ὁρῶμεν
1512 875 1660 947 ἐνέρ-

143 977 274 1028 γειαν·
303 960 458 1028 αὐτὴν
487 958 630 1027 λέγω
662 960 762 1031 τῆς
793 961 974 1030 χειρὸς
1013 962 1110 1032 τὴν
1141 963 1374 1033 κίνησιν⁹
1411 966 1549 1019 ἀλλὰ
1579 969 1662 1030 τίς

144 1054 168 1122 ὴ
203 1052 418 1104 κοινωνία
464 1048 576 1103 τῶν
620 1051 1097 1121 ἀποτελεσμάτων,
1149 1056 1533 1126 σκοπήσωμεν.
1596 1054 1663 1108 Τί

143 1142 274 1196 κοινὸν
309 1142 410 1210 ἔχει
454 1140 585 1194 ναοῦ
627 1143 940 1212 κατασκευὴ
989 1143 1122 1213 πρὸς
1190 1144 1205 1196 ί
1217 1143 1436 1213 μάτιον,
1461 1145 1560 1214 τῆς
1606 1144 1664 1200 ἐν

142 1234 332 1303 ἑκατέρῳ
363 1232 554 1303 τέχνης
584 1234 793 1303 κινήσει
833 1233 1012 1303 χειρὸς
1043 1234 1436 1305 ἐνεργουμένης
1465 1252 1480 1301 ;
1516 1236 1668 1288 Κινεῐ

141 1326 211 1392 τὴν
241 1325 377 1393 χεῖρα
407 1324 500 1375 καὶ
529 1324 558 1375 6
606 1322 958 1393 τοιχωρύχος,
987 1327 1127 1376 κινεῖ
1151 1326 1243 1377 καὶ
1269 1326 1296 1377 6
1329 1325 1663 1395 φρεωρύχος·

145 1417 209 1467 ui
229 1415 287 1483 γῆ
316 1412 716 1484 μεταλλεύεται,
748 1413 844 1465 καὶ
866 1413 1146 1484 φονεύεται
1173 1414 1477 1484 ἄνθρωπος·
1510 1417 1666 1486 κινή-

146 1523 243 1566 σεως
277 1506 445 1575 χειρὸς
490 1504 628 1576 ἔργα
660 1504 732 1556 τὰ
770 1503 969 1556 πάντα.
1003 1504 1071 1557 '0
1109 1521 1168 1556 τε
1198 1503 1307 1575 γὰρ
1337 1505 1670 1577 πολεμιστὴς

146 1601 208 1650 ἐπὶ
229 1597 308 1666 τῆς
367 1597 540 1664 μάχης
580 1595 670 1648 διὰ
697 1596 876 1666 χειρὸς
905 1597 1117 1665 ἐνεργεῖ
1141 1598 1239 1667 τὴν
1270 1596 1380 1649 τῶν
1412 1596 1670 1654 ἐναντίων

145 1691 325 1758 σφαγήν·
345 1689 440 1740 ¹καὶ
461 1729 463 1732 .
483 1690 512 1740 6
557 1689 832 1753 γεωπὸνος
865 1685 1024 1740 πάλιν
1052 1689 1117 1757 τῇ
1151 1688 1293 1756 χειρὶ
1359 1685 1446 1740 διὰ
1471 1687 1567 1757 τῆς
1591 1686 1670 1739 δι-

143 1779 288 1847 κέλλης
306 1777 617 1847 ἐπιθρύπτει
645 1777 742 1849 τὴν
769 1777 958 1848 βῶλον.
982 1775 1116 1838 Πῶς
1139 1772 1232 1829 οὖν
1259 1777 1390 1845 ἡμῖν
1411 1778 1438 1828 6
1468 1775 1672 1844 δογμα-

143 1870 280 1937 τιστὴς
303 1869 788 1936 ἀποφαίνεταιτὰς
821 1867 990 1930 αὐτὰς
1027 1865 1306 1937 ἐνεργείας
1343 1866 1450 1937 τὴν
1480 1865 1670 1922 ταυτό-
1704 1855 1750 1915 Β

143 1977 242 2029 eam
267 1961 358 2012 τῶν
382 1961 557 2030 ἔργων
589 1962 873 2014 ἀποτελεῖν
897 1977 912 2027 ;
951 1961 1074 2014 Ἐὰν
1103 1960 1160 2014 δέ
1186 1959 1312 2030 δοθῇ
1339 1977 1390 2013 τι
1421 1961 1515 2012 καὶ
1539 1960 1670 2030 άλη-

145 2055 207 2114 ίιές
232 2055 350 2124 ἐχειν
377 2054 439 2108 τὰ
465 2056 758 2126 εἰρημένα,
793 2057 953 2110 πάλιν
978 2055 1072 2109 καὶ
1101 2054 1190 2108 διὰ
1217 2054 1404 2108 τούτου
1435 2055 1495 2108 16
1529 2055 1671 2108 κατὰ

143 2140 210 2208 τὴν
227 2141 386 2193 οὐσίαν
412 2143 611 2196 οἰκεῖον
641 2141 736 2196 τοῦ
759 2161 816 2198 τε
844 2143 975 2196 Υίοῦ
1002 2143 1137 2214 πρὸς
1164 2144 1257 2197 τὸν
1288 2144 1509 2214 Πατέρα
1534 2183 1548 2207 ,
1579 2144 1672 2196 καὶ

144 2232 208 2284 τοῦ
243 2231 531 2301 Πκοεὺματος
567 2234 709 2304 πρὸς
741 2235 830 2286 τὸν
873 2235 1001 2288 Υίὸν
1047 2234 1209 2288 πλέον
1238 2236 1566 2288 συνίσταται.
1608 2237 1672 2288 Εἰ

147 2323 213 2390 μὲν
233 2324 322 2393 γὰρ
345 2319 408 2393 ἦν
437 2340 521 2386 τις
549 2325 663 2376 τῶν
689 2325 978 2395 ἐνεργειῶν
1007 2325 1352 2397 παραλλαγὴ.
1385 2327 1459 2390 ὡς
1493 2326 1669 2390 ἄλλως

145 2410 214 2483 μὲν
233 2410 309 2464 τοῦ
339 2413 573 2482 Πατρὸς,
605 2413 806 2484 ἐτέρτυς
833 2414 892 2469 66
928 2414 1021 2468 106
1046 2415 1178 2469 Υίοῦ
1200 2415 1261 2469 16
1283 2415 1474 2469 δοκοῦν
1505 2418 1674 2488 ἐργα-

143 2500 344 2568 (animo,
395 2503 586 2566 καλῶς
639 2500 785 2574 εἶχεν
833 2506 897 2557 ἐκ
935 2505 1031 2558 τοῦ
1078 2505 1532 2577 παρηλλαγμένου
1565 2508 1673 2563 τῶν

144 2594 391 2663 ίνεργειῶν,
421 2597 512 2648 καὶ
541 2596 610 2648 τὸ
634 2596 735 2666 τῆς
767 2597 1125 2668 ἐργασθείσης
1151 2599 1240 2668 ὑφ’
1267 2599 1526 2671 ἑκατέρου
1556 2600 1674 2652 τοὺ-

143 2701 217 2735 mm
251 2685 414 2748 οὐσίας
454 2687 916 2757 παρηλλαγμένον
957 2687 1367 2758 τεκμαίρεσθαι.
1422 2689 1484 2741 Ei
1528 2689 1585 2742 δέ
1629 2681 1675 2757 ᾧ

142 2775 279 2846 τρόπῳ
315 2778 514 2848 ἐνεργεῖ
558 2779 590 2830 6
631 2779 842 2849 Πατὴρ,
887 2779 1062 2836 πάντα
1098 2781 1192 2833 καὶ
1221 2781 1248 2832 6
1299 2780 1430 2844 Υἱὸς
1473 2779 1675 2849 ὁμοίως

144 2869 263 2928 ποιεῖ,
287 2868 415 2919 κατὰ
432 2884 492 2922 τε
519 2867 626 2938 τὴν
650 2868 814 2921 αὑτοῦ
840 2869 934 2922 τοῦ
963 2871 1166 2940 Κυρίου
1189 2871 1393 2941 φωνὴν,
1419 2871 1674 2924 καὶκατὰ

143 2957 206 3006 τὸν
226 2959 384 3012 εἰκότα
402 2959 566 3027 λόγον
605 2961 688 3030 (οὐ
725 2960 833 3031 γὰρ
859 2962 886 3013 6
927 2962 1027 3031 μὲν
1066 2961 1372 3032 ἀσωμάτως
1393 3001 1408 3025 ,
1442 2964 1471 3015 6
1500 2961 1556 3014 66
1587 2961 1675 3015 διὰ

145 3047 367 3115 σώματος,
395 3051 512 3103 0666
542 3052 754 3112 ἐκεῖνος
787 3051 886 3120 μὲν
917 3053 981 3103 ἐκ
1019 3051 1178 3122 τῆσδε
1217 3050 1369 3121 ὕλης,
1400 3051 1466 3104 ἐκ
1493 3053 1550 3105 δὲ
1574 3052 1674 3122 τῆς

145 3137 285 3208 ἑτέρας
315 3143 340 3192 6
380 3142 591 3212 ἐτερος,
619 3142 738 3194 οὑδέ
766 3143 823 3194 ἐν
848 3141 1052 3211 χρόνῳ,
1087 3142 1207 3194 οὐδὲ
1242 3143 1300 3195 ἐν
1326 3141 1480 3212 τόπῳ
1515 3142 1674 3205 ἄλλος

145 3318 338 3392 διαᾭοραὶ
380 3324 438 3374 16
492 3321 954 3394 παρηλλαγμένον
1002 3321 1680 3386 κατασκευάζουσιννὰλλν

146 3412 263 3477 ἀρκεῖ
278 3414 398 3483 μόνη
413 3413 544 3483 θελή
556 3429 727 3482 ματος
747 3412 980 3481 κίνησις,
1005 3412 1097 3464 καὶ
1121 3412 1485 3483 προαιρέσεως
1506 3413 1671 3484 ὁρμὴ,

148 3503 382 3576 σύνδρομον
413 3507 643 3576 ἔχουσα,
670 3504 766 3557 καὶ
794 3503 1264 3561 ἐπακολουθοῦσαν
1288 3503 1423 3576 πρὸς
1444 3504 1543 3575 τὴν
1566 3505 1674 3560 τῶν

146 3596 268 3653 imor:
295 3599 584 3660 ὑπόστασιν
618 3598 718 3668 τὴν
751 3597 1060 3665 ὑφιστῶσαν
1091 3596 1160 3648 τὰ
1187 3595 1367 3648 πάντα
1397 3594 1670 3666 δύναμιν),

147 3687 212 3736 καὶ
230 3689 275 3738 ἐν
296 3690 447 3746 πᾶσιν
476 3687 686 3758 ὁμοίως
711 3689 738 3739 6
771 3687 979 3756 Πατὴρ,
1018 3685 1076 3751 ἐξ
1102 3677 1163 3738 οὗ
1191 3683 1262 3736 τὰ
1286 3685 1488 3748 πάντα,
1521 3684 1616 3742 καὶ
1647 3685 1676 3736 6

148 3773 254 3838 mg,
281 3776 337 3829 δι’
368 3771 427 3830 οὗ
459 3779 532 3830 τὰ
580 3776 778 3839 πάντα,
815 3776 935 3829 κατ’
983 3773 1250 3845 αὐτο-τῆς
1283 3774 1561 3845 ἐνεργείας
1615 3775 1676 3827 τὸ

147 3859 247 3928 εἷὼς
282 3868 595 3944 ἐργάζονται
619 3906 636 3928 ,
679 3865 798 3930 πῶς
837 3859 993 3930 οὗτος
1025 3866 1124 3941 τὴν
1162 3866 1302 3919 κατὰ
1343 3866 1442 3929 τὰς
1490 3866 1676 3931 οὐσίας

148 3954 352 4026 διαφορὰν
381 3959 472 4011 ἐπὶ
509 3957 610 4011 τοῦ
647 3957 807 4020 Υἱοῦ,
843 3957 939 4016 καὶ
971 3957 1066 4009 τοῦ
1115 3956 1431 4026 Πνεύματος
1461 3956 1676 4010 ἀποδειο

147 4046 284 4098 κνὺειν
298 4049 458 4101 οἴεται
486 4049 580 4103 διὰ
597 4049 694 4110 τοῦ
723 4047 1178 4120 παρηλλαγμένον
1199 4049 1297 4119 τῆς
1325 4048 1418 4101 τοῦ
1441 4049 1672 4120 Πατρὺς,

147 4137 214 4189 καί
237 4139 314 4191 τοῦ
355 4140 475 4193 Υίοῦ
511 4140 802 4210 ἐνεργείας⁴
834 4139 928 4191 ἀπ’
971 4139 1216 4208 ἀλλήλων
1263 4139 1673 4210 χωριζομένηςς

148 4227 407 4284 Τοῦναντίον
454 4234 610 4301 γὰρ,
665 4230 844 4293 καθὼς
897 4229 1128 4299 ἔφαμεν,
1177 4229 1672 4301 παρασκευάζεται,

147 4319 288 4391 ἐπειδὴ
331 4323 497 4386 οὐδεὶς
540 4323 768 4394 τρόπος,
801 4324 902 4394 τῆς
933 4321 1054 4376 τῶν,
1075 4321 1366 4396 ἐνεργειῶν
1393 4321 1676 4392 παραλλα-

146 4410 220 4478 γῆς
242 4412 289 4462 ἐν
329 4413 495 4484 Πατρὶ
537 4413 633 4471 καὶ
686 4411 800 4482 Υίῷ
842 4411 1263 4482 θεωρείται,,καὶ
1300 4410 1363 4464 τὸ
1409 4411 1706 4482 μηδεμίαν-

147 4498 188 4549 ἓν
219 4505 315 4566 ταῖς
342 4505 551 4568 οὐσίαις
577 4507 592 4525 “
613 4504 708 4556 τοῦ
740 4501 872 4556 Υίοῦ
926 4504 1020 4560 καὶ
1056 4501 1150 4555 τοῦ
1183 4503 1496 4574 Πνεύματος
1536 4499 1690 4559 εἶναι,-

146 4589 402 4659 διάστασιν,
433 4597 491 4648 ἐν
533 4596 602 4665 τῇ
631 4597 917 4664 ταυτότητι
955 4594 1051 4663 τῆς
1091 4593 1548 4664 ὑποστησαμένης
1577 4594 1681 4646 δυ-

148 4683 316 4750 νάμεως
352 4686 719 4739 ἐπιδείκνυται
741 4725 755 4749 ,
799 4685 986 4749 καθὼς
1015 4687 1108 4738 καὶ
1149 4684 1308 4760 ήτοῦ
1342 4686 1699 4756 λογογράφου,

150 4777 373 4845 μαρτυρία
393 4777 601 4847 βεϐαιοῖ
620 4775 712 4828 16v
731 4775 907 4844 λόγον,
931 4774 1104 4838 οὕτως
1125 4775 1217 4826 ἐπὶ
1241 4774 1436 4840 λέξεως
1462 4775 1681 4846 ἐχουσαὲ,

148 4861 441 4936 ’Δτειφησῂ
476 4865 598 4920 τῶν
625 4867 938 4937 ἐνεργειῶν
958 4866 1074 4935 τὴν
1093 4867 1423 4933 ταυτότητα
1448 4865 1567 4920 τῶν
1587 4865 1683 4935 ἐρ-

147 4973 235 5020 γων
273 4958 716 5019 ἀποτελουσῶν.
765 4959 926 5012 Ὥστε
973 4963 1021 5014 εί
1061 4961 1327 5031 ταυτότης
1359 4959 1704 5017 ἐπιτελεῖται,

147 5047 223 5098 τῶν
253 5049 414 5120 ἔργων
446 5054 506 5105 ἐν
537 5055 610 5122 τῇ,
634 5050 740 5105 τῶν
767 5051 1056 5122 ἐνεργειῶν
1086 5051 1385 5121 ὁμοιότητι,
1436 5051 1597 5122 ἔργον
1623 5051 1680 5105 δέ

147 5139 233 5187 κατ’
279 5143 464 5205 αὐτοὺς
509 5142 601 5195 τοῦ
647 5143 745 5212 μὲν
789 5143 1001 5213 [ἰατρὸς
1045 5143 1073 5195 6
1111 5143 1259 5209 Υἱὸς,
1302 5143 1490 5196 τούτου
1527 5143 1583 5196 δὲ
1618 5145 1680 5197 16

148 5226 328 5299 Πνεῦμα
359 5235 417 5286 16
457 5234 647 5303 ἅγιον·
696 5236 1121 5310 ήγὸμοιοτροπία
1166 5237 1266 5305 τῆς
1321 5235 1416 5289 τοῦ
1459 5236 1669 5306 Πατρδς

148 5323 315 5376 καὶτοῦ
348 5326 476 5378 Υἱοῦ
521 5327 801 5398 ἐνεργείας
852 5326 950 5396 τὴν
991 5327 1295 5397 ταυτότητα
1333 5327 1547 5392 πάντως
1579 5328 1675 5397 τῆς

148 5410 553 5490 ἁποτελεσθείσης
587 5417 775 5480 οὐσίας
805 5418 1136 5485 ἐνδείξεται..

207 5651 348 5708 Ἀλλὰ
398 5657 718 5727 προστίθησι
777 5659 890 5724 καὶ,
935 5654 1454 5726 παρηλλαγμένων
1494 5656 1683 5726 ἔργων

149 5748 605 5815 παρηλλαγμένας
638 5748 739 5801 καὶ
771 5748 879 5814 τὰς
908 5749 1210 5817 ἐνεργείας
1243 5747 1674 5816 ἐμφαινόντων.

152 5828 286 5890 Πάλιν
310 5838 482 5892 τοίνυν
509 5841 600 5894 καὶ
627 5837 784 5896 τοῦτο
823 5841 1204 5912 σκοπήσωμεν,
1241 5839 1342 5894 τίνι
1371 5839 1428 5893 16
1464 5840 1680 5912 ἰσχυρὸν

1759 610 2078 665 uutrimenti
2110 609 2428 680 operatione
2464 610 2517 664 iu
2547 610 2706 665 talem
2740 616 2792 664 et
2835 616 3040 663 tantam
3089 607 3324 663 diversi-

1758 711 1920 758 tatem
1951 718 2291 759 excrescere.
2324 701 2381 757 Si
2404 703 2527 773 quis
2568 718 2655 758 res
2691 717 2854 756 manu
2917 708 2970 755 et
3001 710 3116 755 arte
3153 700 3327 756 factas

1759 796 2114 865 contemplari
2151 796 2354 863 cupiat,
2411 793 2650 849 inveniet
2708 793 2869 848 etiam
2905 793 2959 846 iu
2995 793 3104 856 bis,
3161 808 3326 864 quam

1762 887 2165 943 inconsiderate
2197 887 2296 941 hoc
2332 885 2478 956 quod
2524 886 2800 939 contraria
2861 885 3132 940 sententia
3187 885 3325 948 vult,

1763 988 2030 1034 assertum
2066 979 2176 1044 sit;
2210 991 2372 1032 unam
2400 978 2544 1032 enim
2574 983 2635 1030 ut
2685 976 2976 1046 plurimum
3027 974 3082 1029 in
3121 974 3190 1029 iis
3233 972 3330 1044 qui

1763 1087 1928 1126 manu
1954 1071 2222 1134 laborant,
2254 1071 2309 1124 in
2339 1069 2487 1123 omni
2511 1077 2627 1123 arte
2652 1067 2898 1122 videmus
2933 1065 3328 1135 operationem,

1764 1165 1960 1231 ipsam,
1993 1162 2238 1231 inquam,
2271 1175 2466 1216 manus
2503 1157 2796 1212 motionem
2824 1176 2837 1211 :
2870 1164 2925 1210 at
2971 1157 3334 1226 dispiciamus

1766 1268 2014 1324 quaenam
2051 1254 2119 1306 sit
2153 1249 2454 1307 similitudo
2492 1249 2806 1304 eﬁ'ectnum.
2858 1246 2996 1312 Quid
3045 1259 3336 1300 commune

1767 1356 1823 1402 et
1853 1345 2031 1402 simile
2057 1345 2220 1398 habet
2252 1342 2438 1412 templi
2496 1340 2796 1397 exstructio
2831 1353 2954 1393 cum
2994 1338 3166 1393 vestis
3201 1352 3335 1392 con-

1773 1439 2028 1498 fectione,
2064 1446 2179 1490 arte
2207 1435 2502 1504 utrobique
2542 1448 2635 1503 per
2668 1447 2860 1486 manus
2885 1431 3180 1484 motionem
3204 1445 3336 1499 ope-

1769 1531 1968 1587 rante?
2005 1528 2220 1583 Manum
2260 1535 2460 1592 movet,
2517 1533 2629 1578 tam
2684 1524 2777 1594 qui
2831 1537 3018 1576 muros
3073 1520 3334 1590 perfodit,

1770 1636 1941 1694 quam.
1959 1621 2054 1690 qui
2083 1626 2304 1690 puteum
2335 1616 2586 1680 fodit;ex
2615 1621 2759 1670 terra
2787 1614 2999 1669 eruitur
3029 1612 3333 1676 metallum,

1771 1733 1880 1786 quo
1911 1717 2072 1770 homo
2100 1711 2388 1774 occiditur,
2423 1719 2479 1764 et
2503 1709 2686 1763 omnia
2715 1723 2814 1763 sua
2843 1707 3054 1762 efficere
3093 1715 3334 1761 conatur

1773 1810 1934 1862 homo
1968 1805 2207 1860 motione
2239 1816 2454 1856 manus.
2511 1799 2646 1856 Nam
2697 1801 2852 1856 miles
2882 1801 2936 1854 in
2973 1800 3113 1855 bello
3174 1813 3338 1854 manu

1775 1903 1972 1958 caedem
2002 1907 2057 1956 et
2084 1907 2320 1969 stragem
2348 1911 2570 1951 suorum
2589 1895 2824 1949 hostium
2842 1893 2992 1956 edit,
3021 1901 3071 1946 et
3099 1890 3338 1962 agricola

1773 2010 1940 2050 manu
1977 2008 2072 2062 per
2100 1991 2333 2062 ligonem
2388 1988 2573 2058 glebas
2609 1985 2827 2054 frangit.
2860 1984 3144 2050 Quomodo
3176 1984 3342 2054 igitur

1774 2086 2059 2141 haereticus
2137 2083 2239 2137 iste
2293 2081 2542 2144 aﬂirmat,
2597 2077 2908 2133 earumdem
2961 2075 3340 2145 operatiouum

1772 2177 1990 2232 eosdem
2022 2189 2144 2229 esse
2181 2171 2446 2228 eﬂ‘ectus?
2467 2177 2537 2226 :et
2565 2169 2692 2224 licet
2713 2166 3139 2221 concederemus
3190 2178 3220 2218 a
3249 2179 3343 2220 ve-

1771 2271 1934 2325 ritate
1967 2267 2146 2322 aliena
2192 2281 2304 2320 non
2337 2279 2487 2327 esse,
2549 2277 2669 2333 quae
2713 2260 2869 2322 dicit,
2910 2267 3091 2314 tamen
3155 2274 3219 2313 ex
3255 2257 3343 2314 his

1773 2367 1934 2418 etiam
1961 2368 2106 2416 recte
2137 2356 2451 2414 conﬁrmari
2480 2352 2829 2426 posset-Filii
2884 2367 3008 2407 cum
3067 2349 3250 2413 Patre,
3290 2356 3346 2406 et

1776 2452 2016 2524 Spiritus
2043 2450 2216 2506 sancti
2242 2463 2365 2503 eum
2395 2445 2533 2500 Filio
2585 2442 2967 2500 convenientia
3000 2442 3058 2496 in
3114 2449 3339 2496 natura.

1774 2545 1908 2599 Nam
1947 2545 1992 2599 si
2023 2551 2168 2598 esset
2198 2541 2379 2610 aliqua
2409 2539 2785 2609 operationum
2817 2535 3069 2598 mutatio,
3098 2540 3156 2587 ut
3186 2533 3346 2587 aliter

1774 2635 1992 2706 quidem
2031 2631 2209 2696 Pater,
2270 2631 2428 2685 aliter
2462 2637 2641 2683 autem
2708 2625 2880 2681 Filius
2943 2626 3021 2691 id,
3055 2626 3201 2694 quod
3237 2623 3344 2679 sibi

1774 2729 2075 2791 videretur,
2104 2735 2309 2796 ageret,
2343 2731 2488 2777 recte
2542 2737 2605 2776 ex
2645 2720 2948 2774 mutatione
2983 2725 3034 2772 et
3081 2716 3347 2770 varietate

1777 2821 2156 2892 Operationum
2203 2815 2624 2872 concluderetur
2673 2812 2965 2868 diversitas
3028 2809 3343 2870 eifectuum,

1776 2913 1870 2984 qui
1899 2913 1966 2966 ab
1998 2921 2228 2979 utroque
2260 2905 2513 2979 producti
2543 2911 2751 2959 essent.
2780 2903 2847 2958 At
2881 2903 2925 2956 si
2962 2916 3028 2958 eo
3053 2900 3215 2956 modo
3239 2915 3347 2968 quo

1776 3003 1937 3058 Pater
1978 3011 2238 3071 operatur
2294 2999 2497 3062 omnia,
2543 2995 2725 3052 Filius.
2753 2995 2946 3050 itidem.
2979 2994 3162 3048 omnia
3197 2992 3345 3056 facit,

1779 3105 1839 3150 ut
1872 3097 1989 3166 ipse
2028 3093 2292 3148 Dominus
2324 3099 2555 3146 testatus
2585 3098 2689 3154 est,
2730 3095 2784 3144 et
2812 3102 2901 3142 res
2935 3087 3052 3156 ipsa
3109 3083 3348 3154 postulat

145 3178 283 3208 ...τη
315 3178 340 3192 ν
381 3178 591 3212 ...Ἴων
619 3178 738 3194 νυν..
766 3178 820 3194 ε..
850 3178 1052 3211 ηυγ,
1087 3178 1207 3194 ...υς
1242 3178 1299 3195 ς.
1337 3178 1480 3212 mu?
1515 3178 1671 3205 ...ηηνς

145 3230 246 3298 ἄλλῳ
271 3231 322 3282 16
359 3231 550 3285 δοκοῦν
592 3231 1028 3300 κατεργάζεται·
1075 3232 1184 3284 οὐδ’
1219 3231 1400 3286 αὐτῶν
1428 3233 1672 3303 ὀργάνων

1778 3195 1792 3258 (
1823 3204 1926 3241 non
1959 3187 2103 3242 enim
2136 3199 2277 3238 unus
2308 3182 2470 3236 modo
2510 3183 2857 3250 incorporeo,
2892 3178 3031 3233 alter
3059 3188 3347 3246 corporeo,

1780 3294 1953 3303 -____....
1985 3278 2074 3303 ιιι..
2107 3293 2166 3303 ..-
2204 3275 2304 3303 tum
2333 3273 2554 3303 ιγιηθηιοῖη
2615 3287 2676 3303 αν
2722 3270 2824 3303 ηις..
2858 3284 2989 3303 unm
3021 3269 3159 3303 ali-uc
3254 3282 3347 3303 un-

1780 3294 1956 3351 neque
1985 3278 2076 3332 ille
2104 3293 2171 3332 ex
2204 3275 2305 3330 hac
2332 3273 2578 3335 materia,
2614 3287 2681 3327 ex
2721 3270 2828 3325 alia
2858 3284 2989 3325 vero
3019 3269 3162 3323 alius
3187 3307 3202 3331 ,
3254 3282 3348 3322 ue-

1778 3388 1884 3443 que
1913 3371 2055 3425 alius
2086 3369 2192 3422 alio
2215 3374 2460 3437 tempore
2479 3365 2561 3420 vel
2590 3363 2732 3428 loco,
2757 3376 2921 3430 quam
2949 3360 3092 3415 alius
3114 3358 3166 3414 id
3202 3359 3349 3429 quod

1779 3465 1893 3520 vult
1924 3463 2105 3525 efﬁcit,
2158 3459 2252 3517 sed
2287 3475 2464 3530 neque
2529 3457 3016 3512 instrumentorum
3057 3451 3348 3507 diversitas

1781 3557 1872 3611 bie
1904 3554 2190 3625 reperitur,
2227 3568 2349 3623 qua:
2377 3550 2730 3607 diversitates
2787 3554 3002 3619 arguat,
3039 3547 3168 3616 quia
3203 3541 3351 3600 sufﬁ-

1779 3650 1855 3703 cit
1884 3649 2002 3702 sola
2037 3645 2338 3701 voluntatis
2395 3643 2678 3703 motio,,et
2738 3637 3027 3694 electionis
3089 3634 3352 3706 appetitio

1780 3755 1901 3810 quae
1931 3738 2280 3808 coniunctam
2310 3735 2496 3802 liabet,
2525 3743 2579 3788 et
2611 3732 2769 3804 quasi
2793 3733 3047 3785 comitem
3070 3728 3137 3782 ad
3167 3742 3352 3782 rerum

1780 3829 2144 3886 ell‘eetionem,
2191 3829 2296 3881 vim
2338 3826 2482 3878 illam
2545 3833 2599 3879 et
2660 3822 2994 3883 facultatem,
3031 3833 3151 3889 quae
3188 3818 3352 3871 rebus

1781 3921 2036 3975 omnibus
2070 3919 2480 3974 subsistentiam
2517 3914 2772 3984 tribuit),
2811 3912 2856 3968 si
2891 3913 3057 3984 igitur
3087 3911 3140 3964 in
3175 3909 3352 3963 omni-

1782 4013 1886 4067 bus
1917 4011 2170 4065 similiter
2201 4008 2380 4070 Pater,
2440 4023 2470 4060 a
2525 4005 2873 4076 quo,0mnia,
2929 4011 2983 4058 et
3020 4000 3214 4061 Filius,
3255 4012 3353 4068 per

1782 4117 1940 4174 quem
1979 4099 2183 4164 omnia,
2217 4097 2403 4154 eadem
2439 4095 2775 4166 operationis
2827 4094 3004 4162 specie
3035 4097 3351 4160 operantur,

1783 4193 2055 4266 quomodo
2088 4192 2192 4246 iste
2223 4191 2594 4244 diversitatem
2634 4185 2959 4241 substantiae.
3015 4184 3068 4236 in
3103 4181 3262 4235 Patre
3298 4189 3356 4235 et

1781 4284 1920 4339 Filio
1966 4281 2174 4352 colligit
2211 4297 2276 4336 ex
2312 4279 2631 4334 diversitate
2688 4273 3024 4344 operationis
3056 4271 3279 4327 eosdem
3321 4285 3353 4323 a

1783 4392 1842 4432 se
1876 4383 2064 4430 mutuo
2101 4370 2456 4443 separantis?
2505 4368 2854 4423 Contrarium
2896 4365 3062 4424 enim,
3095 4371 3157 4417 ut
3192 4371 3354 4416 antea

1784 4470 2041 4534 diximus,
2083 4465 2393 4522 conﬁcitur.
2439 4461 2575 4516 Cum
2634 4474 2869 4528 namque
2921 4457 3106 4510 nullus
3157 4455 3354 4510 modus

1712 4557 1756 4615 ο
1785 4564 2122 4618 diversarqu
2157 4557 2532 4629 operationqu
2561 4555 2613 4608 in
2644 4552 2806 4606 Patre
2831 4557 2886 4606 et
2906 4548 3044 4604 Filio
3061 4557 3352 4621 appareat,

1785 4658 1865 4716 lit,
1909 4661 1968 4706 ut
2002 4653 2166 4706 etiam
2197 4650 2252 4703 in
2281 4647 2586 4704 substantia
2615 4644 2796 4699 Patris
2826 4650 2878 4698 et
2912 4641 3035 4695 Filii
3097 4641 3247 4696 nulla
3283 4640 3356 4696 sit

1783 4745 2044 4802 discretio
2086 4759 2183 4798 seu
2223 4739 2506 4799 distantia,
2539 4737 2685 4807 quod
2736 4735 2930 4789 attinet
2959 4733 3026 4787 ad
3060 4732 3355 4788 eifectricis

1783 4833 2394 4910 potentiaaidentitatem
2422 4846 2437 4888 :
2467 4829 2556 4883 cui
2602 4828 2678 4883 rei
2710 4825 3140 4894 acceditipsius.
3168 4822 3353 4876 decla-

1786 4921 2366 4996 matoris(Euuomii)
2395 4921 2792 4982 testimonium,
2849 4920 2922 4972 ita
2971 4933 3051 4972 se-
3087 4915 3353 4969 verbatim

1789 5021 1998 5076 habens
2026 5037 2039 5073 :
2067 5015 2254 5070 iisdem
2288 5011 2693 5082 operationibus,
2743 5007 2926 5063 eadem
2955 5017 3356 5078 quoque'opera

1784 5111 2144 5183 e/ﬁcientibus.
2183 5109 2369 5176 Itaque
2402 5107 2447 5160 si
2478 5103 2664 5158 eadem
2695 5117 2859 5173 opera
2890 5117 2969 5155 ει·
2993 5099 3184 5152 iisdem
3226 5111 3355 5166 ope-

1783 5201 2089 5258 rationibus
2126 5197 2417 5269 prodeunt,
2473 5211 2612 5265 upus
2669 5210 2820 5248 vero.
2865 5192 3063 5255 Patris,
3111 5189 3356 5259 ipsorum

1783 5293 2001 5364 quidem
2035 5291 2264 5361 judicio,
2293 5296 2377 5342 est
2410 5287 2600 5349 Filius,
2625 5285 2788 5353 bnjus
2817 5299 2945 5339 vero
2975 5280 3212 5353 Spiritus
3230 5296 3356 5334 san-

1785 5395 1906 5439 ctus
1937 5377 2292 5450 ;,_similitudo
2320 5376 2682 5447 operationis,
2707 5389 2828 5444 quae
2860 5374 2912 5427 iu
2947 5371 3106 5425 Patre
3130 5381 3185 5426 et
3219 5367 3356 5424 Filio

1785 5487 1890 5540 est,
1936 5473 2216 5544 producta:
2241 5485 2458 5541 quoque
2488 5467 2809 5525 substantiae
2867 5463 3208 5521 identitatem
3241 5463 3356 5518 evi-

1786 5571 1978 5628 denter
2016 5566 2249 5621 evincet.

1858 5659 2040 5721 Addit,
2080 5656 2290 5708 diversa
2325 5669 2480 5721 opera
2507 5650 2868 5704 diversitatem
2891 5650 3252 5719 operationum
3277 5629 3357 5702 in-

1787 5754 1986 5806 dicare.
2021 5747 2164 5817 Ergo
2192 5744 2575 5815 dispiciamus,
2606 5751 2869 5814 quantum
2901 5741 3116 5797 roboris
3161 5740 3214 5794 iu
3254 5739 3358 5792 hac

1789 5841 2094 5898 assertione
2133 5838 2281 5904 insit,
2323 5836 2558 5908 idque,si
2590 5837 2791 5908 placet,
2824 5834 3132 5907 perspicuis
3170 5842 3357 5888 exe-
