3922 6470
563 367 674 428 875

1807 369 1863 427 S.
1904 367 2230 426 GREGORII
2278 370 2558 428 NYSSENI
3681 363 3762 425 576

567 490 673 561 plis
700 485 1145 559 comprobemus.
1174 487 1256 543 An
1291 503 1400 544 non
1429 504 1536 544 una
1573 498 1657 546 est
1697 492 1955 561 praecepti
2008 505 2137 561 ope-

2264 522 2266 537 ι
2304 494 2457 562 λόγος
2488 492 2619 562 ἔχει,
2648 490 2760 548 καὶ,
2796 490 2843 542 εἰ
2876 489 3042 551 δοκεῖ,
3067 486 3159 540 διὰ
3183 485 3291 539 τῶν
3327 484 3558 554 ἐναργῶν
3585 486 3759 543 ὑποδει-

566 579 714 634 ratio
772 579 916 648 ejus,
980 578 1073 650 qui
1133 580 1452 637 universum
1494 582 1780 646 mundum,
1820 590 1875 638 et
1931 582 2137 645 omnia,

565 686 689 740 qua:
744 672 894 727 illius
930 674 1223 743 complexu
1279 677 1654 741 continentur,
1703 678 1817 732 sola
1865 677 2147 743 voluntate

566 761 864 817 condidit?
916 761 1038 832 Ipse
1077 765 1215 817 enim
1250 766 1387 818 dixit
1421 776 1469 820 et
1504 767 1650 836 facta
1678 778 1818 829 sunt,
1855 770 1965 835 ipse
1995 784 2148 821 mau-

569 853 715 909 davit
754 865 806 911 et
868 866 1047 910 creata
1105 858 1313 914 sunt".
1376 859 1572 913 Annon
1637 860 1954 914 mandatum
2038 860 2143 915 hoc

565 948 824 1004 omnibus
851 951 1132 1020 aequaliter
1180 952 1476 1006 essentiam
1525 952 1694 1017 dedit,
1758 954 1987 1023 solaque
2039 968 2141 1008 vo-

568 1042 757 1097 luntas
789 1042 926 1097 satis
951 1041 1080 1108 fuit,
1125 1051 1186 1097 ut
1222 1042 1275 1097 id
1324 1044 1468 1113 quod
1516 1059 1623 1099 non
1671 1054 1789 1100 erat
1831 1060 2151 1116 procreare-

568 1135 710 1189 tur?
740 1134 1027 1201 Quomodo
1062 1136 1249 1205 igitur,
1282 1150 1408 1190 cum
1433 1152 1498 1191 ex
1529 1152 1636 1190 una
1686 1138 1930 1192 mandati
1986 1138 2151 1207 hujus

570 1226 889 1296 operatione
943 1233 1092 1279 tanta
1124 1241 1307 1281 rerum
1346 1226 1638 1283 diversitas
1688 1229 1981 1294 exstiterit,
2046 1229 2152 1285 iste

573 1317 733 1386 quasi
765 1316 940 1372 oculis
971 1316 1174 1371 clausis
1204 1318 1342 1371 nihil
1375 1318 1589 1387 videns,
1632 1320 1886 1386 aliirmat,
1922 1334 2151 1389 operum

572 1408 890 1463 varietatem
947 1407 1321 1463 diversitatem
1378 1424 1597 1480 quoque
1650 1411 1989 1480 operationis
2050 1425 2151 1464 ar-

574 1515 743 1573 guere
772 1500 795 1553 ‘.'
822 1500 865 1555 E
899 1501 1183 1556 contrario
1215 1501 1361 1557 enim
1393 1503 1698 1571 oportebat,
1729 1503 1913 1557 omnia
1946 1518 2067 1573 quae
2096 1503 2153 1557 in

572 1590 681 1646 hoc
714 1590 922 1646 mundo
954 1591 1234 1658 visuntur,
1263 1592 1508 1660 ejusdem
1539 1595 1740 1664 speciei
1793 1610 1934 1657 esse,
1976 1594 2045 1662 si,
2093 1603 2155 1649 ut

574 1682 847 1739 sectarius
872 1683 977 1738 iste
1008 1683 1191 1746 tradit,
1225 1684 1544 1739 diversitate
1596 1701 1821 1754 operum
1857 1687 2024 1741 etiam
2070 1686 2154 1740 di-

574 1776 814 1831 versitas
841 1776 1221 1846 operationum
1258 1777 1689 1833 demonstratur.
1732 1781 1813 1832 An
1863 1795 1952 1835 res
2016 1780 2152 1835 istas

2246 585 2468 655 γμάτων
2490 582 2660 637 ταῦτα
2695 581 3134 651 κατανοήσωμεν.
3176 574 3299 649 'Ap‘
3333 578 3450 647 οὐχὶ
3482 577 3570 647 μία
3593 579 3765 650 ἐστὶνή

2245 678 2338 731 τοῦ
2392 676 2752 747 προστάσσειν
2796 672 3044 744 ἐνέργεια
3087 670 3180 724 τοῦ
3228 669 3405 723 πάντα
3453 669 3539 723 τὸν
3597 671 3765 741 κόσμον

2247 770 2340 822 καὶ
2366 768 2436 821 τὰ
2463 769 2521 819 ἐν
2549 765 2697 835 αὐτῷ
2718 762 3128 832 συστησαμένου
3154 760 3241 813 διὰ
3294 759 3452 829 μόνου
3479 757 3767 829 θελήματος

2246 859 2438 924 Αὐτὸς
2483 857 2593 926 γὰρ
2636 852 2784 920 εἷπε,
2834 853 2935 907 καὶ
2960 850 3354 922 ἐγενήθησαν
3394 848 3567 915 αὐτὸς
3591 850 3769 903 ἐνετεί-

2247 952 2416 1012 λατο,
2445 948 2543 1002 καὶ
2570 946 2963 1012 ἐκτίσθησαν.
2995 942 3110 995 Οὐκ
3136 941 3231 992 ἐπὶ
3264 938 3475 991 πάντων
3498 937 3675 1007 ὁμοίως
3700 939 3770 990 οὑ-

2250 1039 2416 1109 σιώθη
2447 1039 2508 1091 τὸ
2538 1040 2891 1110 πρόσταγμα,
2922 1033 3015 1087 καὶ
3046 1033 3282 1103 ἤρκεσεν
3310 1032 3343 1100 ἡ
3379 1029 3614 1099 βούλησις
3643 1032 3771 1100 μόνη,

2248 1128 2310 1181 τὸ
2343 1128 2419 1196 μὴ
2439 1127 2498 1179 ὃν
2531 1123 2969 1196 ὑποστήσασθαι;
2994 1121 3113 1184 Πῶς
3138 1117 3228 1175 οὖν
3245 1121 3309 1173 ἐκ
3338 1120 3464 1190 μιᾶς
3482 1122 3574 1189 τῆς
3599 1120 3676 1172 διὰ
3698 1121 3770 1172 τοῦ

2251 1219 2610 1291 προστάσσειν
2639 1216 2949 1287 ἐνεργείας,
2979 1213 3245 1283 τοσαύτης
3272 1211 3371 1281 τῆς
3391 1212 3633 1281 διαφορᾶς
3666 1212 3773 1263 καθ-

2251 1307 2554 1380 ορωμένης,
2590 1301 2743 1369 οὗτος
2785 1305 2973 1376 ὥσπερ
2999 1305 3096 1375 οὐχ
3118 1304 3259 1375 ὁρῶν
3279 1302 3349 1355 τὰ
3375 1302 3669 1374 πράγματα,
3696 1300 3771 1369 τὴν

2253 1398 2359 1452 τῶν
2385 1397 2560 1467 έργων
2599 1394 2951 1466 παραλλαγὴν
2979 1394 3040 1446 τὸ
3070 1390 3517 1463 παρηλλαγμένον
3543 1390 3632 1458 τῆς
3654 1390 3774 1459 ἐνερ-

2254 1488 2410 1557 γείας
2457 1485 2822 1541 ἐνδείκνυσθαι
2862 1485 3041 1552 λέγεις
3085 1483 3405 1537 Τοὺναντίον
3441 1480 3543 1552 γάρ
3577 1480 3669 1533 ἔδει
3694 1497 3771 1550 μοι

2255 1578 2428 1648 νοειδῆ
2462 1578 2639 1631 πάντα
2674 1578 2742 1629 τὰ
2769 1577 2825 1629 ἐν
2860 1575 2939 1646 τῷ
2963 1576 3151 1645 κόσμῳ
3180 1571 3340 1638 εῖναι,
3375 1574 3527 1644 εἴπερ
3561 1572 3683 1625 κατά
3704 1572 3774 1623 τὸν

2256 1666 2639 1738 δογματιστὴν,
2685 1667 2762 1736 τῷ
2808 1665 3177 1719 διαλλάσσοντι
3225 1664 3334 1716 τῶν
3380 1662 3546 1731 ἔργων
3611 1661 3691 1715 καὶ
3727 1660 3774 1711 τὸ

2258 1759 2366 1810 τῶν
2388 1757 2674 1826 ἐνεργειῶν
2704 1753 3151 1824 παρηλλαγμένον
3189 1752 3523 1822 ἐμφαίνεται.
3553 1752 3615 1803 Ἢ
3641 1749 3775 1801 ταῦτα

577 1879 773 1919 omnes
806 1872 866 1918 ut
894 1866 1137 1933 aequales
1167 1868 1434 1933 intuetur,
1462 1868 1517 1921 in
1550 1870 1668 1922 solo
1701 1878 1881 1925 autem
1912 1870 2067 1925 Patre
2098 1877 2152 1926 et

2264 1850 2409 1915 Ξμοια
2451 1848 2629 1900 πάντα
2664 1845 2867 1916 βλέπει,
2911 1847 2967 1897 ἐν
3003 1844 3148 1913 μόνῳ
3203 1842 3260 1894 δὲ
3291 1841 3367 1911 τῷ
3410 1842 3574 1911 Πατρὶ
3608 1841 3687 1893 καὶ
3717 1841 3776 1909 τῷ

577 1953 719 2011 Filio
755 1957 1182 2027 inaequalitatem
1214 1960 1612 2029 deprehendit?

649 2045 838 2120 Igitur,
862 2049 907 2104 si
927 2065 1035 2105 non
1054 2050 1226 2120 prius,
1246 2053 1436 2107 saltem
1463 2053 1573 2123 jam
1593 2053 1843 2122 inspiciat
1865 2068 2006 2121 eam,
2035 2069 2153 2123 quae

580 2139 639 2194 in
656 2141 939 2196 elementis
962 2141 1104 2197 inest
1121 2142 1500 2207 dill‘erentiam,
1523 2152 1575 2198 et
1590 2145 1863 2213 quomodo
1881 2146 2156 2215 quodlibet

580 2246 772 2286 eorum
791 2247 913 2301 quae
930 2231 1000 2286 ad
1022 2233 1209 2287 mundi
1234 2236 1678 2292 constitutionem
1702 2246 2059 2297 concurrunt,
2085 2238 2155 2292 ad

582 2324 890 2379 contrarias
907 2331 1088 2395 partes
1105 2331 1318 2394 agatur.
1334 2324 1466 2379 Nam
1487 2326 1623 2380 levia
1648 2343 1866 2382 sursum
1895 2327 2148 2391 tendunt,

584 2399 772 2485 gravia
804 2413 1095 2471 deorsum:
1133 2425 1188 2470 et
1209 2416 1312 2470 alia
1344 2417 1564 2483 quidem
1592 2434 1803 2488 semper
1828 2420 2153 2485 consistunt,

583 2506 691 2561 alia
718 2513 979 2577 perpetuo
1008 2515 1315 2562 moventur.
1348 2508 1412 2563 Et
1444 2510 1584 2565 inter
1602 2525 1666 2564 ea
1687 2525 1807 2580 quae
1842 2519 2151 2576 moventur,

584 2600 692 2653 alia
730 2599 1127 2655 immutabilem
1158 2601 1457 2657 motionem
1490 2602 1712 2665 habent,
1734 2609 1794 2656 ut
1851 2603 2050 2657 ctelum
2090 2611 2145 2658 et

583 2688 835 2759 planetae,
885 2704 1121 2759 quorum
1152 2704 1350 2746 cursus
1381 2705 1595 2760 semper
1622 2690 1812 2745 eodem
1842 2690 2160 2746 reﬂectitur:

585 2789 643 2835 at
679 2780 793 2846 illa,
820 2796 941 2851 quae
977 2782 1410 2853 circumquaque
1432 2782 1831 2846 diffunduntur,
1865 2798 2080 2851 semper
2104 2789 2163 2835 ut

585 2886 709 2929 sors
731 2873 857 2939 fert,
883 2880 1140 2944 aguntur,
1172 2882 1233 2928 ut
1264 2890 1379 2940 aer,
1402 2890 1574 2939 mare,
1598 2882 1649 2930 ct
1667 2874 1929 2945 quidquid
1957 2874 2162 2944 liquida

584 2974 783 3018 natura
802 2972 1039 3020 constat.
1060 2965 1202 3031 Quid
1239 2981 1371 3021 vero
1388 2953 1573 3019 attinet
1592 2964 2162 3035 explicare,q_uomodo

588 3056 828 3111 calidum
877 3056 1075 3127 frigido
1115 3057 1458 3123 adversetur,
1492 3065 1585 3109 aut
1634 3056 1862 3110 humido
1917 3058 2161 3111 siccum:

587 3154 643 3202 et
665 3147 941 3217 quomodo
964 3145 1018 3200 id
1043 3146 1185 3217 quod
1209 3162 1373 3218 supra
1397 3155 1502 3210 est,
1536 3147 1604 3201 ab
1633 3161 1696 3201 eo
1718 3147 1862 3217 quod
1884 3146 2026 3200 infra
2057 3154 2160 3211 est,
2192 3187 2235 3245 ε

589 3238 803 3293 distet?
841 3237 1090 3304 Quantas
1132 3254 1297 3307 porro
1321 3238 1375 3292 in
1408 3238 1739 3293 animalibus
1762 3254 1988 3294 cernere
2017 3246 2101 3294 est
2134 3255 2163 3292 a

591 3338 789 3394 natura
846 3330 1043 3384 insitas
1099 3328 1624 3384 dissimilitudines?
1656 3328 1721 3382 Et
1766 3346 1887 3399 quae
1927 3331 2167 3388 hominis

592 3422 781 3492 lingua
811 3430 1100 3477 enumerat
1150 3436 1345 3476 omnes
1386 3421 1507 3476 illas
1560 3422 1935 3487 diversitates,
1958 3439 2076 3493 quae
2112 3425 2167 3479 in

592 3513 797 3585 plantis
824 3528 949 3569 sese
988 3512 1247 3581 oderunt,
1294 3514 1470 3584 quoad
1528 3513 1782 3584 ﬁguram,
1836 3517 2168 3585 magnitudio

595 3620 745 3672 nem,
771 3603 1163 3675 fructuumque
1195 3612 1251 3660 et
1272 3605 1599 3675 qualitatum
1636 3606 2028 3663 diversitates?

664 3781 735 3834 At
778 3780 1219 3851 sapientissimus
1267 3781 1371 3838 iste
1407 3782 1665 3852 magister
1712 3782 2067 3839 dissimilium
2115 3793 2172 3840 et

597 3868 943 3928 diversorum
975 3887 1201 3942 operum
1260 3873 1561 3929 dissimiles
1597 3889 1817 3944 quoque
1838 3882 1891 3930 et
1923 3875 2170 3931 diversas

598 3964 1187 4035 statuitoperationes;
1237 3965 1399 4036 idque
1429 3966 1512 4019 vel
1548 3967 1677 4036 quia
1706 3965 1937 4021 formam
1977 3967 2172 4024 divinae

597 4055 935 4125 operationis
968 4056 1198 4111 necdum
1239 4057 1525 4122 intellexit,
1552 4057 1621 4112 de
1652 4073 1759 4128 qua
1811 4074 1964 4113 sacra
2017 4058 2170 4114 Scri-

596 4152 759 4217 ptura
788 4154 1042 4213 testatur,
1103 4146 1259 4203 verba
1302 4147 1541 4202 mandati
1584 4149 1697 4218 ejus
1746 4152 1924 4203 omnia
1957 4150 2171 4205 condita

596 4252 751 4301 esse;
800 4238 884 4294 vel
939 4239 1067 4308 quia
1107 4237 1174 4292 ad
1214 4255 1395 4295 rerum
1450 4250 1759 4296 creatarum
1811 4240 2169 4297 differentiam

597 4328 837 4393 caecutit,
878 4338 931 4385 et
969 4340 1149 4386 tamen
1200 4330 1267 4387 de
1328 4332 1530 4388 divinis
1593 4332 1941 4402 dogmatibus
1998 4350 2171 4406 usque

599 4410 737 4466 adeo
768 4413 1170 4470 inconsiderate
1210 4416 1370 4471 nobis
1415 4417 1572 4487 quasi
1634 4419 1780 4488 leges
1838 4420 2167 4488 praescribit,

2262 1938 2367 2009 Υἱῴ
2394 1936 2648 2007 ἐνθεωρεῖ
2672 1937 2731 1989 τὸ
2760 1935 3041 2004 ἀνόμοιονς

2325 2030 2533 2082 Οὐκοῦν
2559 2027 2944 2096 ἐπισκεῲάσθω
2978 2026 3093 2087 νῦν,
3122 2028 3168 2077 εἰ
3194 2025 3289 2079 καὶ
3321 2024 3395 2095 μὴ
3429 2024 3681 2095 πρότερον,
3703 2022 3777 2092 τὴν

2256 2122 2311 2174 ἐν
2356 2124 2467 2181 τοῖς
2502 2120 2779 2191 στοιχείοις
2822 2119 3105 2189 διαφορὰν,
3138 2116 3232 2170 καὶ
3264 2116 3340 2179 ὡς
3378 2117 3591 2169 ἕκαστον
3623 2113 3711 2167 τῶν
3735 2116 3779 2166 ὲν

2257 2214 2333 2284 ex?)
2363 2213 2552 2283 κόσμῳ
2581 2212 2715 2282 πρὸς
2750 2211 2846 2281 τὴν
2876 2210 2973 2264 τοῦ
3000 2210 3197 2271 παντὸς
3241 2207 3492 2261 σύστασιν
3524 2204 3781 2260 συντελούν·

2257 2324 2387 2370 των,
2417 2306 2552 2376 πρὸς
2583 2304 2644 2356 τὸ
2684 2302 2923 2356 ἐναντίον
2951 2301 3195 2370 ἀπῆκται
3226 2301 3329 2371 τῆς
3369 2299 3587 2366 φύσεως.
3612 2299 3680 2351 Τὰ
3705 2298 3781 2367 μὲν

2258 2398 2365 2468 γὰρ
2392 2395 2567 2463 κοῦφά
2593 2411 2653 2447 τε
2678 2395 2771 2446 καὶ
2800 2393 3055 2465 ἀνωφερῆ
3084 2394 3314 2460 πέφυκε,
3346 2390 3414 2444 τά
3439 2391 3494 2443 δὲ
3524 2388 3673 2459 βαρέα
3708 2387 3781 2439 καὶ

2261 2490 2340 2551 εἰς
2367 2487 2425 2540 τὸ
2458 2486 2613 2539 κάτω
2653 2484 2925 2556 βρίθοντα,
2959 2485 3052 2536 καὶ
3084 2482 3152 2536 τὰ
3190 2482 3290 2553 μὲν
3317 2481 3403 2535 ἀεὶ
3429 2479 3639 2544 ἑστῶτα,
3662 2477 3718 2529 τὰ
3738 2476 3783 2528 δὲ

2261 2578 2430 2633 διόλου
2478 2576 2790 2647 κινούμενα.
2836 2576 2943 2629 Καὶ
2988 2578 3045 2628 ἐν
3088 2576 3199 2637 τοῖς
3240 2572 3598 2643 κινουμένοις,
3625 2569 3683 2621 τὰ
3707 2568 3782 2638 μὲν

2262 2669 2612 2743 ἀπαράϐατον
2637 2668 2727 2721 ἐπὶ
2746 2667 2806 2720 τὸ
2832 2666 2889 2718 ἐν
2924 2665 3035 2735 ἔχει
3057 2664 3156 2735 τὴν
3185 2663 3423 2735 κίνησιν,
3441 2663 3512 2725 ὡς
3533 2663 3559 2714 ὁ
3578 2658 3779 2730 οὐρανὸς,

2264 2763 2358 2815 καὶ
2386 2760 2491 2813 τῶν
2520 2760 2761 2831 ἀστέρων
2788 2761 2835 2811 οἱ
2874 2756 3230 2828 πλανώμενοι,
3257 2752 3340 2819 οἷς
3365 2756 3392 2807 ὁ
3422 2754 3605 2825 δρόμος
3642 2752 3708 2809 εἰς
3738 2750 3783 2798 τὸ

2265 2856 2500 2928 ἔμπαλιν
2536 2855 2629 2908 τοῦ
2682 2853 2881 2917 παντὸς
2908 2851 3263 2905 ἀνελίσσεται’
3314 2849 3382 2902 τά
3419 2848 3472 2902 δὲ
3502 2841 3783 2912 πανταχόθεν

2264 2949 2585 3018 διαχεόμενα
2651 2946 2791 2999 κατά
2833 2943 2897 2997 τὸ
2947 2942 3243 3013 συμϐαῖνον
3280 2940 3368 2994 ἀεὶ
3400 2938 3636 3009 φέρεται,
3677 2934 3782 2995 ὡςό

2266 3041 2392 3110 ἀὴρ,
2430 3041 2523 3092 καὶ
2569 3039 2602 3108 ἡ
2645 3037 2917 3098 θάλασσα,
2950 3036 3043 3088 καὶ
3080 3036 3115 3106 ἡ
3149 3036 3299 3086 πᾶσα
3331 3034 3426 3101 τῆς
3451 3031 3611 3101 ὑγρᾶς
3633 3026 3785 3085 οὐσίας

2269 3132 2449 3203 φύσις.
2500 3131 2565 3183 Τί
2606 3130 2649 3182 δ’
2700 3127 2765 3182 ἂν
2806 3128 2949 3180 εἴποι
2985 3142 3069 3189 τις
3107 3124 3205 3195 τὴν
3246 3123 3340 3176 τοῦ
3380 3120 3573 3189 θερμοῦ
3600 3117 3714 3189 πρὸς
3740 3114 3787 3166 τὸ

2267 3223 2471 3294 ψυχρὸν
2506 3220 2840 3281 ἐναντίωσιν,
2883 3217 2916 3287 ἢ
2951 3214 3044 3269 τοῦ
3076 3211 3241 3284 ὑγροῦ
3276 3212 3373 3282 τὴν
3405 3212 3532 3281 πρὸς
3565 3208 3621 3263 τὸ
3657 3204 3787 3275 ξηρὸν

2268 3313 2555 3385 διαφορὰν,
2586 3310 2677 3364 τοῦ
2708 3327 2765 3363 τε
2797 3310 2909 3363 ἀνω
2938 3307 3045 3378 τὴν.
3073 3305 3209 3377 πρὸς
3231 3306 3301 3358 τά
3342 3305 3487 3357 κάτω
3523 3300 3786 3357 διὰστασινς

2269 3410 2387 3462 ὅσαι
2413 3409 2467 3460 δέ
2491 3407 2598 3459 τῶν
2628 3402 2780 3468 ζώων
2833 3402 2890 3455 αἱ
2920 3400 3060 3453 κατά
3098 3398 3195 3468 τὴν
3227 3397 3388 3465 φύσιν
3418 3392 3785 3464 ἀνομοιότητεςς

2270 3502 2368 3564 τὰς
2396 3501 2453 3552 δέ
2493 3501 2550 3551 ἐν
2588 3498 2701 3559 τοῖς
2748 3495 2931 3563 φυτοῖς
2965 3490 3111 3544 κατά
3140 3506 3199 3541 τε
3228 3487 3300 3540 τὰ
3329 3488 3572 3557 σχήματα
3593 3523 3606 3545 ,
3636 3480 3714 3533 καὶ

2274 3590 2501 3662 μεγέθη,
2526 3589 2621 3641 καὶ
2643 3587 2739 3649 τὰς
2787 3583 2894 3637 τῶν
2926 3580 3153 3652 καρπῶν
3184 3579 3282 3631 καὶ
3317 3578 3601 3647 ποιοτήτων
3624 3584 3792 3640 παραλ-

2270 3681 2439 3750 λαγὰς
2483 3679 2564 3742 τίς
2602 3677 2667 3731 ἂν
2696 3674 2908 3728 ἐπέλθοι
2941 3673 3105 3740 λόγος,
3126 3668 3491 3741 ἀνθρώπινοςς

2353 3776 2489 3828 Ἀλλ’
2534 3776 2563 3826 ό
2611 3771 2771 3840 σοφὸς
2810 3763 2962 3831 οὗτος
3003 3766 3111 3819 τῶν
3157 3760 3616 3834 παρηλλαγμένων
3649 3752 3791 3823 ἔργων

2272 3866 2730 3941 παρηλλαγμένας
2758 3863 2851 3917 καὶ
2874 3862 2974 3924 τὰς
3006 3857 3286 3930 ἐνεργείας
3313 3858 3440 3925 ἡμῖν
3463 3847 3787 3941 ἀποφαίνεται.

2273 3955 2305 4025 ἢ
2332 3936 2557 4015 ⁸ιίὸττεῖδος
2580 3955 2679 4022 τῆς
2706 3950 2854 4012 θείας
2886 3947 3163 4018 ἐνεργείας
3193 3945 3365 4014 μήπω
3391 3939 3584 4012 μαθὼν,
3612 3936 3636 3987 ὃ
3662 3945 3793 4025 φησιν

2272 4019 2304 4116 ἦ
2334 4044 2542 4114 Γραφὴ,
2576 4019 2656 4095 ὅτι
2692 4041 2774 4104 Τῷ
2799 4041 2957 4110 λόγῳ
2976 4036 3427 4105 προστάγματος
3455 4030 3637 4084 πάντα
3661 4019 3790 4116 τεγέ-

2273 4112 2463 4201 ιλητίαι,
2487 4133 2521 4203 ἢ
2554 4131 2689 4203 πρὸς
2715 4132 2812 4202 τὴν
2833 4131 2940 4183 τῶν
2960 4127 3256 4196 γεγονότων
3280 4123 3533 4194 διαφορὰν
3554 4112 3792 4189 ἀμϐλυώτ-

2272 4243 2395 4280 τωψ
2440 4225 2533 4279 καὶ
2570 4222 2740 4285 οὕτως
2796 4223 2927 4291 ἡμῖν
2974 4216 3393 4289 ἀπερισκέπτως
3442 4210 3790 4283 φθεγγόμενος.

2274 4320 2402 4389 περὶ
2454 4317 2611 4371 θείων
2654 4315 2937 4385 δογμάτων
2977 4310 3289 4381 νομοθετεῖ,
3330 4308 3480 4361 οὔπω
3516 4304 3647 4373 τάχα
3678 4297 3792 4389 τινος

2273 4385 2554 4478 ἀκήκοὼς,
2593 4406 2674 4457 ὅτι
2721 4404 2829 4456 πᾶν
2873 4400 2934 4453 τὺ
2981 4397 3365 4468 ἀποφαντικῶς
3410 4393 3695 4464 λεγόμενον,
3718 4385 3793 4478 ἐὰν

599 4518 723 4557 cum
758 4504 896 4560 forte
924 4505 1157 4562 necdum
1181 4524 1245 4563 ex
1269 4510 1526 4580 quapiam
1555 4510 1809 4575 audierit,
1834 4527 1994 4567 omne
2016 4513 2160 4579 illud,

2279 4498 2350 4570 μὴ
2371 4475 2629 4557 καθόλου,
2673 4494 2734 4550 τὸ
2765 4492 2975 4564 ἄμαχόν
3020 4507 3079 4543 τε
3122 4490 3216 4543 καὶ
3257 4486 3664 4585 ὁμολογούμενον
3692 4475 3793 4585 περὶ

597 4597 746 4666 quod
779 4600 1051 4668 negative,
1092 4615 1200 4654 non
1226 4608 1407 4656 tamen
1438 4602 1737 4657 universim
1761 4604 2169 4672 pronuntiatur,

597 4688 968 4744 indubitatum
1001 4699 1055 4747 et
1081 4706 1407 4748 concessum
1441 4709 1584 4760 esse,
1614 4700 1869 4765 respectu
1904 4695 1983 4751 rei
2013 4695 2171 4766 cujus

596 4778 894 4849 probandae
920 4782 1093 4851 gratia
1122 4782 1438 4839 adducitur.
1472 4781 1674 4841 Verum
1716 4784 1783 4841 de
1808 4800 1897 4853 co,
1928 4785 2017 4840 cui
2063 4787 2172 4841 cir.

596 4882 948 4943 cumspeclus
997 4882 1052 4930 et
1086 4892 1199 4931 rem
1239 4877 1407 4947 probe
1451 4878 1794 4949 perpendens
1827 4894 1937 4933 non
1977 4894 2171 4935 assen-

596 4961 792 5043 tialur,
826 4963 952 5017 novi
990 4963 1261 5036 dogmatis
1288 4974 1501 5031 auctor,
1553 4967 1826 5021 arbitratu
1887 4983 2010 5033 suo,
2072 4983 2171 5038 pro

600 5068 700 5108 sua
731 5054 1083 5117 auctoritate,
1109 5057 1380 5126 decernit,
1411 5058 1556 5128 quod
1583 5059 1716 5113 nihil
1750 5060 1968 5128 penitus
1987 5059 2172 5115 differt

599 5157 631 5196 a
666 5144 897 5199 somniis
945 5146 1027 5199 vel
1087 5146 1325 5203 anilibus
1366 5146 1601 5211 fabellis,
1632 5163 1754 5218 qua:
1802 5148 1855 5201 in
1889 5157 2171 5218 compota-

600 5235 843 5291 tionibus
873 5247 1223 5294 enarrantur.
1252 5237 1499 5310 Cumque
1530 5240 1582 5293 in
1620 5255 1786 5309 supra
1828 5240 1989 5294 dictis
2020 5246 2172 5292 tanta

601 5324 735 5380 insit
763 5326 1205 5382 inconvenientia
1230 5335 1285 5384 et
1325 5330 1663 5393 absurditas,
1706 5328 1785 5393 iit,
1821 5339 1879 5384 ut
1909 5327 2174 5399 quemad-

600 5415 823 5470 modum
859 5417 955 5475 illi.
993 5417 1086 5487 qui
1120 5433 1215 5487 per
1241 5418 1416 5475 somni
1446 5418 1789 5489 phantasiam
1848 5416 2051 5488 aliquid
2081 5431 2174 5472 eo-

603 5520 726 5562 rum
759 5508 963 5579 quibus
996 5509 1288 5581 vigilantes
1310 5526 1531 5582 operam
1550 5510 1839 5575 dederunt,
1865 5508 1969 5565 sibi
1989 5507 2173 5562 videre

602 5596 881 5663 videntur,
925 5601 1120 5670 cupide
1166 5603 1256 5671 iis,
1298 5618 1418 5674 qua:
1450 5618 1556 5659 non
1599 5602 1876 5660 exsistunt
1910 5599 2053 5656 allixi
2088 5600 2171 5655 in-

674 5778 722 5815 "
746 5778 869 5838 Psal
924 5798 1143 5851 exurit,
1181 5784 1213 5839 5
1705 5752 1755 5783 μ
1869 5779 1880 5790 ’
1944 5770 1947 5777 ’

2275 4564 2368 4643 eoi}
2396 4587 2753 4660 προκειμένου
2787 4585 3106 4655 πράγματος
3142 4582 3261 4653 ἔχῃ.
3312 4579 3465 4634 Ἀλλά
3491 4577 3607 4647 περὶ
3627 4564 3692 4625 ὧν
3713 4567 3793 4660 οὐκ

2276 4682 2340 4736 ἄν
2361 4699 2447 4744 τις
2468 4680 2573 4733 τῶν
2599 4676 3019 4748 ἐπεσκεμμένων
3052 4673 3313 4739 σύνθοιτο,
3344 4671 3467 4743 περὶ
3490 4667 3672 4722 τούτων
3697 4658 3792 4748 κατ’

2279 4769 2523 4836 ἐξουσίαν
2544 4769 2572 4820 ὁ
2595 4746 2935 4837 δογματίζων
2953 4763 3119 4833 λέγει,
3143 4762 3308 4818 Οὐδὲν
3325 4760 3558 4830 διαφέρει
3572 4752 3667 4807 τῶν
3684 4746 3793 4837 ὀνεί-

2280 4880 2406 4934 ρους
2452 4861 2484 4932 ἢ
2515 4858 2716 4932 μύθους
2743 4857 2893 4929 παρά
2925 4856 3084 4909 πότον
3116 4852 3498 4923 διηγουμένων.
3526 4847 3625 4902 Καὶ
3644 4836 3792 4942 retali-

2278 4929 2377 5025 ἕης
2403 4929 2566 5024 οὖάής
2599 4950 2698 5019 τῆς
2719 4952 2775 5002 ἐν
2802 4950 2913 5010 τοῖς
2928 4947 3234 5019 εἰρημένοις
3267 4939 3633 5013 ἀναρμοστίας,
3661 4929 3791 5025 καθά·

2279 5023 2385 5115 περ
2432 5045 2481 5097 οί
2540 5043 2605 5097 δι’
2672 5041 2921 5094 ἐνυπνίου
2997 5036 3295 5105 φαντασίας
3350 5034 3453 5086 τῶν
3511 5027 3619 5082 καθ’
3673 5023 3791 5115 ἧπαρ

2282 5113 2725 5201 σπουδαζομένων
2753 5131 2882 5202 ὁρᾷν
2906 5147 2956 5181 τι
2985 5128 3303 5197 νομίσαντες
3321 5164 3336 5185 ,
3368 5120 3641 5193 προθύμως
3668 5113 3788 5181 έχον-

2277 5243 2365 5280 ται
2389 5224 2496 5275 τῶν
2514 5221 2899 5294 ἀνυπάρκτων,
2921 5219 3017 5274 καὶ
3034 5216 3135 5289 τῆς
3158 5215 3286 5287 περ).
3306 5215 3367 5268 τὸ
3386 5210 3680 5305 φαινόμενρν
3695 5204 3791 5305 ἐπι-

2275 5316 2475 5386 θυμίας
2538 5311 2625 5365 διά
2670 5310 2769 5380 τῆς
2833 5306 3189 5377 ἠπατημένης
3233 5305 3403 5371 ὂψεως
3426 5294 3793 5395 *ἀναπειθοιίσης

2277 5380 2419 5478 ἔχειν
2460 5403 2679 5457 οἴονται·
2729 5398 2871 5453 οὓτω
2916 5395 3012 5450 καὶ
3063 5392 3222 5456 αὐτὸς
3264 5392 3349 5444 διὰ
3392 5389 3485 5459 τῆς
3525 5380 3791 5486 ὁνειρὼδουξ

2277 5476 2480 5567 ταύτης
2521 5493 2629 5548 τῶν
2664 5491 2947 5564 δογμάτων
2999 5483 3395 5544 ἀνατυπωσεως
3445 5476 3631 5549 ἰσχύειν
3649 5476 3792 5567 ἀὑτῳ

2279 5556 2601 5663 φαντάδθεὶς
2630 5586 2697 5640 τὰ
2737 5556 3001 5655 εἰρημένα
3021 5621 3035 5647 ,
3080 5578 3254 5635 ταῦτα
3286 5573 3453 5636 οὕτως
3481 5570 3612 5640 ἔχειν
3644 5556 3790 5616 διασι-
