3922 6500
505 375 613 432 379

1756 357 1816 414 S.
1853 357 2178 415 GREGOBII
2207 358 2511 415 NYSSENI'
3371 373 3380 388 '
3644 369 3729 427 560

491 489 598 540 ua:
621 483 930 555 conjuncta
956 490 1114 548 sunt,
1136 482 1440 540 secundum
1469 493 1716 542 nostram
1746 488 2060 560 intelligent]

2187 477 2493 549 ἀφέστηκεν
2525 475 2768 548 ἀλλήλων
2806 476 2892 530 διὰ
2925 478 3020 548 τῆς
3064 478 3204 531 κατά
3236 478 3399 548 φύσιν
3431 481 3730 558 ἀλλοτριότη-

507 577 810 641 rationein;
864 583 918 630 et
969 575 1053 630 sic
1097 583 1287 633 mutua
1325 576 1650 634 habitudine
1695 580 1895 635 seriem
1934 581 2086 634 illam

507 668 882 723 invariabilem
916 669 1256 736 observant;
1299 678 1395 725 aut
1430 686 1461 725 α
1507 687 1568 727 se
1599 681 1799 728 mutue.
1825 673 2087 740 seiuncta

507 767 634 814 sunt
668 769 892 830 propter
935 771 1145 816 natura!
1178 762 1579 828 diversitatem,
1628 765 2092 834 quemadmodum.

507 851 596 905 ille
625 851 729 905 sibi
761 853 1054 924 persuadet
1077 871 1095 914 ε,
1143 862 1200 906 at
1243 870 1494 924 quaenam
1531 856 1585 909 in
1616 859 1784 911 rebus
1819 857 1955 910 adeo
2001 855 2085 909 di-

504 943 681 998 νει-εἱς
707 944 937 1013 reperiri
984 945 1183 1014 poterit
1218 946 1519 1000 secundum
1556 947 1751 1002 seriem
1804 946 1951 999 illam
1987 947 2091 1000 lia-_

489 1033 718 1098 bitudo,
743 1049 865 1104 qua:
895 1034 1268 1090 invariabilem
1318 1037 1584 1092 rationem
1620 1037 1916 1092 observet?
1949 1036 2084 1102 Quis

504 1133 769 1194 praeterea
787 1135 872 1180 est
894 1127 1094 1181 insitus
1120 1127 1211 1182 ille
1236 1143 1416 1182 rerum
1443 1129 1600 1191 ordo,
1626 1143 1692 1183 ex
1711 1129 1868 1196 cujus
1895 1143 2082 1183 norma

505 1218 612 1273 iste
647 1217 1092 1288 disquisitionem
1139 1219 1349 1273 institui
1374 1220 1567 1288 jubet?
1595 1217 1650 1275 Si
1684 1221 1829 1274 enim
1875 1221 2084 1275 doctri-.

503 1323 632 1362 nam
661 1310 907 1363 veritatis
952 1309 1187 1364 intuitus
1236 1312 1354 1365 sole
1388 1311 1582 1366 ordine
1625 1326 1838 1374 eorum,
1870 1327 1990 1382 quae
2025 1312 2089 1372 in

503 1402 853 1458 sanctissima
885 1401 1156 1459 Trinitate
1188 1403 1487 1463 credimus.
1535 1403 1900 1459 dill‘erentiam
1939 1404 2080 1458 assi-

499 1502 742 1564 gnasset,
774 1509 884 1547 non
911 1493 1159 1549 confusis
1189 1510 1287 1550 seu
1321 1496 1600 1563 permistis
1631 1511 1726 1566 per
1763 1508 2077 1566 cognatum,

497 1601 669 1656 quem
692 1595 870 1648 vocat,
901 1585 1149 1640 ordinem
1182 1586 1592 1658 hypostasibus,
1648 1588 1800 1642 salva
1832 1603 2079 1642 commu-

495 1671 981 1726 nionesecundum
1003 1673 1392 1738 substantiam,
1417 1684 1471 1730 et
1487 1675 1760 1732 divisione
1776 1677 2078 1732 secundum

498 1762 842 1831 ltypostasin,
874 1779 981 1816 non
1014 1765 1201 1833 utique
1233 1766 1286 1819 in
1313 1766 1753 1820 adversariorum
1789 1783 2075 1822 numerum

2189 584 2302 632 τος.
2335 569 2516 632 καθὼς
2543 570 2749 632 ἐκεῖνος
2773 567 2943 623 οίεται
2969 585 2982 600 ⁸
3012 571 3106 622 καὶ
3142 571 3225 634 τίς
3258 572 3594 643 εὑρεθήσεται
3630 578 3729 632 καθ’

2189 660 2379 732 εἱρμὸν
2423 662 2603 730 σχέσις
2643 663 2700 714 ὲν
2739 664 2852 724 τοῖς
2895 661 3187 732 ἀλλοτρίως
3227 663 3470 734 ἔχουσιν,
3503 668 3534 737 ή
3567 684 3731 742 συντη-

2191 755 2359 826 ροῦσα
2416 755 2476 808 τὸ
2509 755 2858 826 ἀπαράϐατον
2883 772 2897 820 ;
2939 757 3034 819 Τίς
3061 756 3117 810 δὲ
3143 759 3175 828 ή
3207 759 3459 829 συμφυὴς
3488 760 3586 813 τῶν
3609 777 3729 832 πρα-

2189 847 2415 917 γμάτιον
2444 845 2618 912 τάξις,
2639 845 2757 906 καθ’
2780 847 2848 920 ἢν
2877 846 3145 901 ποιεῖσθαι
3171 847 3448 917 νομοθετεῖ
3466 849 3558 918 τήν
3579 851 3733 916 ἐξέτα-

2191 956 2310 1005 σιν;
2337 941 2399 993 Et
2429 939 2526 1010 μὲν
2554 939 2663 1011 γὰρ
2683 941 2763 1002 είς
2786 938 2847 992 τὸ
2873 939 3049 1009 δόγμα
3075 941 3174 1010 τῆς
3195 939 3450 1008 ἀληθείας
3476 941 3628 1013 ἑώρα,
3654 948 3731 997 καὶ

2193 1032 2330 1110 μόνῃ
2365 1037 2430 1102 τῇ
2475 1033 2625 1098 τάξει
2668 1032 2809 1088 κατά
2853 1032 2912 1086 τὸ
2947 1033 3236 1086 ἀκόλουθον
3275 1035 3386 1091 τῶν
3428 1035 3482 1088 ἐν
3520 1039 3578 1106 τῇ
3622 1038 3732 1110 ἁγίᾳ

2189 1126 2378 1194 Τριάδι
2404 1125 2848 1195 πεπιστευμένων
2877 1126 3217 1197 πραγμάτων
3244 1125 3344 1196 τὴν
3371 1126 3618 1198 διαφορὰν
3645 1131 3733 1184 ὲλο-

2187 1215 2388 1286 γίζετο,
2450 1218 2547 1286 τῆς
2603 1215 2882 1286 συμφυοῦς
2933 1217 3184 1284 ταύτης,
3221 1216 3298 1280 ὥς
3357 1235 3508 1291 φησι,
3555 1219 3732 1284 τάξεως

2187 1309 2490 1379 ἀσύγχυτον
2522 1310 2853 1380 ποιουμένης
2897 1308 2995 1380 τὴν
3033 1309 3140 1363 τῶν
3177 1310 3526 1364 ὑποστάσεων
3559 1311 3730 1380 κρίσιν,

2188 1399 2328 1464 ὥστε
2364 1401 2454 1453 καὶ
2490 1403 2763 1454 κοινωνεῖν
2801 1401 2940 1454 κατά
2979 1400 3075 1470 τήν
3105 1400 3316 1461 οὐσίαν,
3350 1401 3443 1453 καὶ
3479 1400 3732 1471 διῃρῆσθαι

2188 1493 2327 1546 κατὰ
2352 1492 2443 1546 τὸν
2466 1493 2565 1563 τῆς
2595 1492 2941 1556 ὑποστάσεως
2975 1492 3130 1560 λόγον
3155 1491 3386 1556 οἴεσθαι,
3415 1493 3510 1545 οὐκ
3535 1493 3594 1545 ἂν
3620 1495 3733 1546 πάν-

2184 1601 2292 1646 τως
2321 1584 2377 1635 ἐν
2410 1585 2522 1647 τοῖς
2558 1583 2895 1646 ὑπεναντίοις
2938 1583 3229 1646 ἐτέτακτο,
3262 1579 3640 1650 ταῦταλέγων,
3671 1577 3732 1638 ὧν

2185 1674 2252 1730 ἂν
2286 1677 2446 1746 ἡμεῖς
2480 1674 2874 1745 προῖστάμεθα.
2903 1675 3039 1728 Νυνὶ
3075 1675 3133 1728 δὲ
3177 1675 3323 1738 ἅπας
3354 1678 3382 1728 ὁ
3413 1675 3562 1743 λόγος
3587 1675 3730 1746 αὐτῷ,

2188 1758 2336 1838 πρὸς⁸
2353 1769 2416 1821 τὸ
2443 1767 2683 1821 ἐναντίον
2708 1767 2940 1837 βλέπων,
2965 1767 3166 1840 ἄπορον
3195 1763 3337 1821 εἶναι
3362 1769 3731 1838 παρασκευάζει

499 1857 704 1909 relatus
735 1866 902 1917 esset,
947 1856 1146 1925 quippe
1194 1859 1382 1912 eadem
1418 1861 1699 1915 nobiscum
1739 1861 1980 1915 sentiens
2027 1872 2067 1914 el

2182 1864 2280 1930 τῆς
2315 1860 2548 1913 ἐνταῦθα
2578 1861 2896 1926 ποιηθείσης
2932 1860 3081 1931 αὐτῷ
3114 1859 3337 1926 τάξεως
3365 1862 3478 1932 τήν,
3500 1863 3733 1932 κατανόη-

487 1945 722 2022 docens.
756 1945 826 1998 At
864 1960 994 1999 vero
1025 1955 1136 2000 tota
1162 1948 1284 2018 ejus
1313 1949 1611 2017 disputatio
1640 1948 1904 2002 aliorsum
1958 1957 2078 2004 ten-

490 2041 653 2102 dens,
693 2040 877 2102 eﬂicit,
913 2047 972 2092 ut
1001 2039 1219 2096 diﬂicile
1247 2042 1318 2095 sit
1346 2043 1670 2112 intelligere,
1701 2041 1829 2111 quid
1861 2041 2074 2095 tandem

491 2151 597 2202 per
626 2143 907 2202 cognatum
938 2133 1174 2186 ordinem
1207 2131 1556 2187 intellexerit.
1587 2132 1886 2184 Plurimum
1932 2132 2075 2185 enim

495 2228 726 2289 interest
751 2226 893 2279 inter
922 2241 1006 2290 ea,
1042 2241 1162 2294 qua:
1190 2240 1252 2278 ex
1283 2227 1564 2294 proposito
1586 2233 1640 2280 et
1661 2225 2075 2290 deliberatione,

493 2331 545 2370 et
577 2332 638 2371 ea
671 2331 794 2386 qua:
822 2326 1016 2385 sponte
1041 2322 1250 2370 natura:
1272 2330 1339 2370 ex
1369 2317 1602 2370 naturali
1630 2317 1864 2386 quadam
1894 2331 2077 2370 neces-

492 2411 675 2474 citate,
715 2408 781 2462 ad
816 2409 975 2462 linem
1026 2408 1251 2460 abeunt.
1285 2405 1565 2476 Ceguatus
1614 2416 1699 2462 est
1747 2407 1857 2476 igni
1901 2407 2071 2475 calor,

490 2497 754 2567 Splendor
783 2497 960 2560 radio,
994 2495 1136 2550 liuor
1163 2511 1337 2567 aqum,
1373 2497 1542 2567 lapidi
1579 2507 1759 2551 motus
1789 2497 2070 2561 deorsum,

491 2601 550 2656 ιιι
590 2590 746 2660 plura
789 2591 894 2642 alia
927 2590 1093 2658 hujus
1139 2589 1356 2659 generis
1389 2591 1656 2644 omittam.
1703 2590 1758 2643 Si
1791 2593 1914 2659 quis
1946 2605 2072 2645 vero

487 2684 712 2738 domum
745 2683 1056 2745 mdilicavit,
1086 2693 1179 2738 aut
1221 2684 1601 2753 magistratum
1639 2685 1782 2750 iniit,
1813 2694 1906 2738 aut
1930 2700 2074 2740 mer»

486 2786 736 2832 caturam
779 2776 1078 2839 inchoavit,
1111 2784 1202 2829 aut
1235 2775 1446 2845 aliquid
1475 2791 1662 2830 eorum
1695 2792 1815 2846 qua:
1842 2793 1905 2830 ex
1937 2777 2071 2832 deli-

484 2868 772 2931 iteratione
801 2878 854 2923 et
885 2867 1145 2922 meditata
1182 2869 1579 2936 praeparatione
1614 2869 1817 2938 suscipi
1870 2868 2067 2932 solent,

483 2975 777 3029 aggressus
829 2968 936 3023 est,
985 2976 1093 3015 non
1139 2960 1264 3012 licet
1297 2958 1514 3027 proprie
1557 2958 1739 3012 dicere
1776 2960 1938 3014 rebus
1973 2975 2069 3028 per

482 3049 635 3103 illum
669 3050 808 3103 actis
847 3061 1138 3118 cognatum
1188 3047 1435 3101 ordinem
1471 3047 1673 3102 inesse.
1711 3047 1843 3101 Nam
1874 3066 1938 3103 ex
1973 3066 2068 3104 ve.

481 3139 693 3196 imitate
719 3140 862 3210 ejus,
889 3141 984 3209 qui
1013 3155 1127 3194 rem
1158 3139 1503 3208 aggreditur,
1533 3147 1586 3193 et
1616 3155 1679 3193 ex
1719 3141 1954 3195 utilitate
1985 3143 2062 3196 rei

480 3240 752 3302 susceptae
790 3241 845 3287 et
893 3240 1144 3302 peractae,
1175 3231 1482 3285 aestimatur
1519 3231 1657 3285 ordo
1687 3234 1754 3287 ab
1786 3235 1913 3298 illis,
1966 3236 2060 3305 qui

479 3327 751 3381 actionem
780 3327 1020 3395 aliquam
1057 3325 1468 3395 aggrediuntur.
1502 3327 1571 3380 At
1593 3328 1739 3389 hinc,
1770 3339 2056 3398 postquam

480 3415 771 3470 haereticus
798 3413 994 3468 Filium
1026 3430 1054 3467 a
1089 3415 1323 3468 naturali
1355 3431 1478 3469 cum
1495 3415 1657 3473 Patre
1677 3422 2058 3475 convenientia

479 3510 754 3580 abjunxit,
805 3509 1061 3578 idemque
1103 3507 1170 3562 de
1201 3508 1408 3577 Spiritu
1443 3518 1637 3565 sancto
1683 3512 1787 3566 sibi
1831 3529 2059 3584 persuac

477 3602 588 3666 det,
645 3609 903 3670 tanquam
989 3600 1200 3654 Scilicet
1245 3607 1537 3656 extraneus
1589 3616 1818 3670 prorsus
1866 3605 1938 3658 sit
1991 3610 2062 3662 ab

476 3694 680 3748 unione
711 3706 835 3762 cum
870 3689 1030 3746 Patre
1071 3701 1123 3745 et
1167 3691 1348 3758 Filio;
1405 3707 1639 3761 cumque
1692 3694 1748 3747 in
1799 3702 1910 3748 tota
1961 3713 2060 3752 sua

477 3785 849 3855 disputatione
903 3785 1010 3840 hoc
1055 3800 1222 3838 unum
1260 3784 1535 3849 moliatur,
1606 3792 1666 3838 ut
1720 3785 2062 3844 demonstret

473 3875 672 3932 Filium
712 3892 836 3933 esse
867 3891 1006 3946 opus
1049 3874 1252 3939 Patris,
1289 3883 1343 3928 et
1386 3890 1579 3930 rursus
1609 3873 1732 3930 Filii
1768 3892 1908 3946 opus
1933 3895 2056 3936 esse

475 3968 736 4040 Spiritum
767 3978 1054 4033 sanctum;
1105 3977 1317 4024 etcum
1378 3969 1458 4024 sic
1502 3972 1686 4023 omnia
1725 3986 1894 4040 opera
1941 3977 2052 4030 sint

2185 1969 2288 2005 σιν.
2337 1951 2594 2005 Πλεῖστον
2638 1951 2747 2023 γάρ
2777 1950 2950 2020 δήπου
2999 1949 3272 2020 διενήνοχε
3313 1951 3524 2013 τῶνντε
3573 1953 3652 2010 καὶ
3680 1955 3733 2006 ὲκ

2183 2041 2641 2115 προϐουλεύσεως,
2671 2044 2765 2096 καὶ
2790 2043 2899 2095 τῶν
2925 2041 3066 2096 κατά
3097 2043 3155 2096 τὸ
3181 2044 3489 2113 αὐτόματον
3511 2047 3571 2096 ἐκ
3596 2061 3730 2112 φυσι-

2181 2135 2284 2205 κῆς
2311 2153 2452 2198 τινος
2480 2135 2726 2204 ἀνάγκης
2755 2135 3155 2195 ἀποϐαινόντων
3181 2135 3244 2188 τὺ
3283 2137 3474 2206 πέρας.
3499 2136 3730 2205 Συμφυής

2179 2224 2295 2279 ἐστι
2315 2226 2394 2296 τῷ
2415 2225 2548 2293 πυρὶ
2577 2226 2609 2294 ή
2633 2224 2922 2295 θερμότης,
2953 2225 3047 2278 καὶ
3077 2227 3110 2294 ἡ
3143 2224 3442 2295 λαμπηδὼν
3466 2227 3526 2294 τῇ
3553 2226 3725 2276 ἀκτῖνι·

2177 2317 2271 2369 καὶ
2311 2316 2372 2368 τὸ
2399 2316 2540 2387 ῥέειν
2570 2315 2648 2386 τῷ
2679 2314 2866 2369 ὕδατι·
2901 2316 2995 2369 καὶ
3040 2315 3115 2386 τῷ
3145 2315 3280 2387 λίθῳ
3320 2318 3352 2386 ἡ
3385 2317 3475 2369 ἐπὶ
3515 2315 3571 2366 τὸ
3602 2315 3728 2368 κάτω

2178 2407 2339 2478 φορὰ,
2384 2408 2476 2462 καὶ
2517 2407 2687 2463 πολλὰ
2729 2407 2954 2462 τοιαῦτα
2987 2407 3132 2462 ἐστιν
3163 2410 3361 2465 εἰπεῖν.
3399 2407 3460 2460 Ei
3485 2406 3538 2465 δέ
3567 2421 3642 2468 τις
3665 2406 3727 2457 ei-

2176 2498 2300 2552 κίαν
2355 2499 2679 2569 ἐδομήσατο,
2734 2499 2767 2568 ἢ
2831 2497 3094 2569 μετῆλθεν
3141 2499 3340 2569 ἀρχὴν,
3397 2498 3430 2567 ἢ
3484 2494 3726 2565 ἐμπορίαν

2175 2591 2474 2652 ἐστείλατο,
2500 2592 2533 2663 ἢ
2555 2591 2682 2644 ἄλλο
2699 2609 2751 2644 τι
2772 2592 2880 2644 τῶν
2903 2591 2967 2644 ὲκ
2989 2589 3432 2662 προϐουλεύσεως
3474 2587 3562 2641 καὶ
3580 2602 3724 2655 rupae

2175 2685 2378 2754 σκευῆς
2407 2684 2854 2755 κατορθουμένων
2884 2683 3320 2755 μετεχειρίσατο,
3355 2682 3453 2735 οὐκ
3483 2681 3617 2732 ἐστιν
3644 2676 3723 2728 ἐπὶ

2171 2775 2361 2830 τούτου
2409 2776 2612 2847 κυρίως
2642 2776 2841 2843 λέγειν,
2890 2777 2970 2829 ὃτι
3032 2776 3290 2844 συμφυής
3338 2790 3422 2836 τις
3467 2773 3569 2834 τοῖς
3611 2767 3722 2837 παρ’

2173 2864 2338 2920 αὐτοῦ
2369 2865 2775 2936 πεπραγμένοις
2797 2865 2985 2918 ἔπεστι
3016 2862 3188 2929 τάξις.
3217 2862 3376 2916 Κατὰ
3403 2860 3506 2932 γὰρ
3536 2859 3592 2911 τὸ
3620 2856 3722 2926 βού-

2171 2959 2319 3029 λημα
2345 2959 2438 3013 τοῦ
2468 2958 2922 3029 προαιρουμένου,
2959 2957 3054 3010 καὶ
3086 2956 3227 3010 κατά
3267 2955 3328 3009 τὺ
3353 2954 3608 3024 χρήσιμον
3640 2946 3721 3000 τοῦ

2169 3051 2582 3121 ἐπιτελουμένου
2615 3051 2936 3122 πράγματος
2964 3051 2996 3119 ή
3022 3047 3176 3114 τάξις
3206 3047 3358 3116 παρά
3384 3045 3488 3098 τῶν
3514 3041 3576 3096 τὰ
3604 3037 3720 3093 καθ-

2171 3149 2394 3198 έκαστον
2453 3144 2816 3214 ἐνεργούντων
2882 3141 3166 3210 ἐπάγεται.
3243 3135 3504 3192 Ἐνταῦθα
3566 3131 3722 3184 τοίνυν

2170 3237 2356 3306 ἐπειδὴ
2389 3234 2672 3306 ἀποσχίξει
2693 3235 2791 3304 τῆς
2813 3234 3044 3303 φυσικῆς
3068 3232 3398 3301 οἰκειότητος
3419 3226 3508 3280 τοῦ
3534 3220 3720 3292 Harpe;

2166 3330 2257 3384 τὸν
2288 3328 2415 3382 Υἱὸν
2445 3329 2473 3379 ὁ
2501 3329 2599 3397 τῆς
2627 3327 2885 3398 αἱρέσεως
2917 3325 3074 3394 λόγος
3095 3339 3109 3354 ⁸
3138 3325 3206 3378 τὰ
3240 3323 3382 3377 αὐτὰ
3407 3320 3464 3374 δὲ
3490 3317 3577 3371 καὶ
3609 3312 3722 3383 περὶ

2164 3419 2258 3473 τοῦ
2293 3419 2606 3491 Πνεῦματος
2633 3417 2824 3479 οἴεται,
2854 3417 2928 3480 ὼς
2956 3414 3369 3486 ἀπεξενωμένου
3405 3411 3498 3480 τῆς
3521 3423 3575 3465 τε
3601 3403 3719 3474 πρὸς

2164 3511 2254 3564 τὸν
2282 3510 2408 3564 Υἱὺν
2432 3490 2528 3563 καὶ
2551 3508 2642 3562 τὸν
2685 3507 2904 3579 Πατέρα
2935 3504 3177 3567 ὲνὼσεως
3197 3519 3212 3534 °
3244 3505 3307 3555 ὲν
3335 3499 3493 3554 παντὶ
3516 3494 3568 3548 δὲ
3596 3490 3717 3556 λόγῳ

2163 3602 2631 3666 κατασκευάζεται
2658 3600 2739 3661 τὸ,
2772 3599 2930 3669 ἔργον
2958 3593 3096 3650 εἶναι
3119 3594 3211 3648 τοῦ
3242 3593 3454 3664 [ἰατρὸς
3481 3588 3564 3640 τὸν
3585 3581 3712 3635 Υίόν·

2164 3699 2322 3768 ἔργον
2363 3697 2418 3749 δὲ
2451 3694 2612 3747 πάλιν
2650 3692 2743 3746 τοῦ
2790 3689 2918 3744 Υἱοῦ
2955 3689 3015 3742 τὸ
3062 3687 3320 3757 Πνεῦμα·
3365 3683 3534 3742 πάντα
3579 3675 3628 3726 δὲ
3656 3669 3716 3771 τά

2162 3789 2299 3860 ἔργα
2331 3782 2738 3856 προαιρέσεως,
2779 3782 2839 3834 οὑ
2875 3780 3088 3849 φύσεως
3129 3775 3573 3843 ἀποτελέσματα·

2161 3876 2315 3943 οὗτος
2353 3878 2415 3933 τὸ
2452 3875 2543 3930 τοῦ
2591 3874 2893 3945 θελήματος
2939 3873 3097 3943 ἔργον
3137 3867 3361 3940 συμφυῆ
3414 3878 3528 3916 τινα
3579 3866 3712 3916 τάξιν

2160 3971 2498 4046 πραγμάτων
2544 3964 2682 4021 εἶναι
2719 3963 2994 4036 ὁρίζεται;

470 4065 756 4118 electionis
801 4079 896 4118 seu
929 4061 1216 4131 propositi,
1267 4075 1389 4115 non.
1411 4051 1606 4115 natura
1635 4061 1848 4126 eﬂ'ecta,
1876 4070 2154 4136 quomodo
2208 4070 2314 4124 iste
2345 4061 2642 4120 voluntatis
2682 4073 2822 4128 opus
2858 4064 3153 4127 cegnatum
3203 4051 3492 4124 quemdam
3547 4053 3708 4098 rerum

471 4156 720 4211 ordinem
755 4169 878 4209 esse
908 4153 1138 4208 Statuit?

541 4247 651 4303 Nec
681 4247 795 4302 scio
827 4246 954 4316 quid
996 4245 1100 4299 sibi
1133 4244 1380 4299 oratione
1421 4259 1520 4299 sua
1558 4245 1706 4300 velit.
1764 4246 1846 4300 An
1884 4246 2048 4301 Deum

2223 4248 2336 4302 Οὐκ
2365 4243 2480 4298 οἶδα
2505 4242 2556 4296 τί
2584 4240 2720 4294 νοῶν
2743 4241 2800 4291 ὲν
2831 4237 2908 4308 τῷ
2945 4235 3208 4304 λόγῳιὼς
3237 4236 3438 4303 ταύτην
3470 4230 3555 4282 τοῦ
3587 4225 3704 4280 Θεοῦ

469 4341 853 4396 universorum
900 4335 1144 4389 eamdem
1193 4346 1443 4389 naturam
1478 4335 1528 4388 in
1583 4334 1720 4391 Filio
1753 4347 1807 4392 et
1844 4339 2051 4409 Spiritu

2173 4338 2258 4390 τῶν
2291 4336 2424 4390 ὅλων
2455 4332 2552 4402 τὴν
2591 4330 2750 4399 φύσιν
2778 4329 2870 4380 ἐπὶ
2906 4324 2999 4378 τοῦ
3029 4322 3176 4385 Υἰοῦ,
3227 4323 3321 4374 καὶ
3349 4321 3442 4373 τοῦ
3480 4313 3704 4409 Πνεῦμα-

470 4436 664 4488 sancto
685 4426 1030 4497 produxisse,
1065 4434 1119 4480 et
1145 4425 1416 4494 ejusmodi
1443 4441 1730 4482 excessum
1758 4428 1809 4481 in
1840 4429 2053 4485 naturis

2173 4443 2237 4489 ξος
2264 4423 2356 4477 τοῦ
2391 4399 2545 4488 ἁγίου
2575 4417 3107 4489 δημιουργήσαντος,
3141 4413 3232 4464 καὶ
3261 4411 3322 4465 τὸ
3355 4399 3702 4477 ὐπερὸεϐηκδς

468 4523 741 4584 eﬂccisse,
773 4527 834 4572 ut
860 4519 1028 4574 altera
1058 4518 1217 4572 alteri
1241 4519 1643 4583 subiiceretnr?
1679 4521 1722 4573 si
1749 4521 1850 4575 hac
1871 4529 2052 4577 mente

2173 4517 2258 4568 τῶν
2285 4513 2482 4568 οὐσιῶν
2509 4511 2749 4564 τοιοῦτον
2786 4503 2924 4560 εἶναι
2959 4505 3279 4574 ποιήσαντος
3297 4545 3311 4567 ,
3343 4502 3479 4555 ὥστε
3507 4499 3703 4562 ὑποχει-

467 4625 572 4680 est,
605 4627 708 4667 cur
729 4611 876 4682 quod
911 4612 1171 4671 asseruit,
1202 4609 1408 4665 diserte
1447 4626 1558 4664 non
1595 4611 1908 4679 explicavit,
1940 4628 2047 4682 qua

2173 4609 2283 4670 ›ίως
2324 4608 2465 4676 ἔχειν
2493 4602 2570 4673 τῷ
2597 4601 2766 4672 ἑτέρῳ
2796 4599 2858 4652 τὸ
2899 4598 3119 4666 ἕτερον;
3175 4596 3266 4660 καὶ
3296 4598 3344 4650 εί
3391 4591 3554 4646 ταῦτα
3583 4591 3696 4643 νοεῖ,

2217 4700 2220 4701 ,
2320 4698 2329 4701 _
2405 4697 2414 4701 _
2497 4697 2506 4701 -
2645 4693 2655 4701 .
2816 4691 2828 4701 .
2874 4690 2898 4701 μ
3002 4690 3012 4701 ι
3342 4687 3352 4701 ι
3450 4683 3523 4701 ο.--
3563 4675 3696 4701 ’Ἅλυι-ιιι

469 4706 679 4762 scilicet
712 4705 925 4757 ratione
971 4703 1084 4756 haec
1120 4703 1174 4755 in
1211 4700 1322 4756 Deo
1371 4700 1725 4756 considerare
1764 4701 2052 4772 oporteat?-

2173 4700 2237 4753 ἱιὰ
2283 4698 2329 4752 τί
2371 4697 2430 4750 τὸ
2463 4693 2748 4765 είρημένον
2778 4691 2837 4743 οὐ
2869 4690 3185 4758 διεσάφησε,
3225 4687 3367 4740 κατὰ
3410 4683 3526 4738 τίνα
3563 4675 3699 4772 λύτο]Ι

467 4790 757 4862 Auquiaiu
780 4791 1194 4861 imperfectiene
1214 4805 1309 4845 seu
1338 4792 1726 4846 imminutione
1751 4793 2045 4846 elTectuum

2173 4789 2545 4860 ιροεπινοεῖται
2579 4782 2747 4837 ταῦτα
2780 4782 2907 4852 περὶ
2937 4779 3071 4832 Θεοῦ
3103 4777 3419 4847 γινώσκειν;
3453 4773 3536 4834 Ὠς
3559 4770 3610 4821 ὲν
3637 4762 3714 4830 τῇ,

464 4885 641 4954 major
673 4884 912 4954 petentia
954 4882 1046 4938 Dei
1099 4883 1416 4938 elucescat?
1454 4883 1521 4937 Et
1569 4884 1823 4953 quisnam
1858 4899 2047 4940 assen-

2173 4857 2444 4953 ,ραχῦτητι
2491 4876 2600 4929 τῶν
2647 4876 2844 4947 ἔργων,
2907 4872 3148 4944 μείζονος
3202 4857 3697 4954 ὲπιδειχθησομένηξ

462 4979 627 5028 tietur
661 4975 788 5027 huic
839 4972 1036 5027 elfato:
1092 4971 1341 5042 Magnam
1375 4987 1598 5027 causam
1633 4983 1690 5028 et
1742 4977 2045 5043 potentiam

464 5066 517 5117 iu
563 5065 853 5120 eii'ectuum
913 5063 1331 5134 imperfectione
1382 5066 1882 5136 apparerezquasi
1934 5083 2056 5122 non.

463 5157 702 5224 poluerit
726 5157 782 5210 in
807 5156 1065 5211 omnibus
1087 5171 1116 5208 a
1143 5171 1201 5210 se
1229 5155 1514 5225 productis
1539 5157 1606 5212 ad
1650 5154 2043 5226 perfectionem

460 5247 805 5318 pertingere?
836 5248 900 5302 Et
927 5247 1202 5317 quomodo
1227 5247 1556 5319 sull‘ragatur
1587 5250 1851 5304 Eunomio
1884 5251 2038 5318 illud,

461 5340 776 5408 Supremum
807 5350 856 5394 et
887 5342 1117 5394 maxime
1155 5343 1448 5410 proprium,
1492 5343 1537 5397 si
1576 5344 1758 5397 minor
1801 5351 1886 5398 est
1919 5344 2041 5410 ejus

2144 4971 2308 5028 αὑτοῦ
2325 4972 2422 5041 τῆς
2451 4970 2772 5039 δυνάμεως;
2803 4965 2914 5020 Καὶ
2945 4965 3026 5028 τίς
3060 4962 3218 5017 τοῦτο
3267 4961 3574 5030 συνθήσεται
3594 4991 3608 5015 9
3640 4944 3704 4998 τδ

2147 5065 2388 5136 μεγάλην
2418 5065 2617 5126 αἰτίαν,
2646 5061 2740 5115 καὶ
2767 5060 3000 5129 δύναμιν
3039 5060 3103 5128 τῇ
3129 5057 3237 5111 τῶν
3266 5043 3691 5136 ἀποτελεσμάτων

2141 5125 2523 5228 ένθέωρεῐσθαι
2589 5125 2916 5225 βραχύτητι,
2953 5125 3184 5211 ἁλλ’μώς
3221 5149 3279 5200 οὐ
3313 5140 3595 5231 δυναμένςὶυ
3630 5125 3709 5231 ξδ-

2139 5249 2340 5301 τξέλειον
2367 5248 2425 5300 ὲν
2453 5246 2586 5298 πᾶσι
2608 5244 2714 5297 τῶν
2731 5242 2790 5307 ἐξ
2809 5239 2973 5296 αὑτοῦ
3003 5241 3434 5310 συνυποστῆσαι;
3465 5227 3566 5285 Καὶ
3587 5227 3688 5279 πῶς

2138 5339 2287 5409 αὑτῷ
2341 5338 2719 5409 συμμαρτυρεῖ
2758 5335 2818 5388 τὸ
2857 5333 3163 5392 circinath
3198 5350 3261 5386 τε
3295 5330 3390 5385 καί
3431 5315 3685 5409 κυριώτξτ’

459 5431 721 5499 potentia,
771 5445 934 5500 quam
976 5400 1262 5486 velit?'An
1301 5432 1446 5487 dicet
1482 5433 1910 5503 imperfectionis
1948 5400 2042 5488 ra-

2173 5448 2244 5483 ον
2262 5469 2277 5494 ν
2307 5430 2465 5500 εἴπερ
2494 5428 2750 5482 ἐλάττονα
2788 5425 2887 5495 τῆς
2919 5424 3289 5496 προαιρέσεως
3327 5408 3569 5503 ἐπιδείξει
3599 5400 3684 5503 ’ξῆν

459 5523 658 5576 tionem
690 5524 744 5578 in
776 5538 839 5579 ea
867 5525 1228 5594 productione
1261 5524 1473 5589 abesse,
1509 5540 1578 5580 ne
1605 5525 1830 5580 omnino
1857 5525 2034 5580 honor

2173 5491 2392 5591 ὗναμιν;
2431 5491 2501 5572 Ἥ
2528 5518 2647 5571 οὐδὲ
2678 5491 3056 5588 προτεθεῖσθαι
3085 5491 3232 5582 λέγει
3261 5513 3349 5566 τὸν
3380 5505 3470 5562 τοῦ
3499 5491 3701 5594 τελείοιι¹¹

455 5621 509 5668 et
539 5615 712 5682 gloria
741 5615 878 5685 ejus,
911 5618 1004 5687 qui
1038 5624 1259 5687 propter
1279 5617 1661 5672 excellentiam
1697 5633 1861 5687 supra
1895 5617 2043 5674 alios

2173 5578 2290 5680 όγον
2347 5578 2425 5682 τῷ
2487 5609 2547 5676 ἐξ
2583 5578 2745 5663 αὑτοῦ
2790 5578 3260 5677 ὲγγενέσθαιξῖνα
3308 5603 3380 5674 μὴ
3411 5596 3610 5650 πάντως
3651 5578 3679 5646 ἡ

453 5707 674 5770 colitur,
702 5716 1028 5765 extenuetur
1053 5718 1108 5766 et
1141 5711 1461 5766 deteratur?
1507 5709 1575 5764 Et
1605 5709 1728 5779 quis
1761 5710 1896 5764 adeo
1926 5713 2032 5764 mi-

449 5800 705 5860 letabilis
759 5809 863 5868 est,
917 5803 1011 5874 qui
1045 5818 1223 5874 neque
1255 5804 1497 5858 divinam
1551 5810 1604 5858 et
1635 5803 1848 5858 beatam
1884 5800 2031 5857 illam

2136 5705 2270 5776 τιμὴ
2304 5705 2398 5758 καὶ
2422 5706 2455 5774 ή
2471 5702 2596 5767 δόξα
2616 5701 2708 5755 τοῦ
2733 5701 2822 5754 διὰ
2848 5701 2908 5754 τὸ
2922 5699 3187 5770 ὑπερέχον
3213 5691 3520 5776 τιμωμένου
3532 5688 3681 5776 καῖέ

2141 5762 2669 5870 σμικρύνηται-ξΚαὶ
2709 5793 2793 5859 τίς
2822 5792 2992 5857 οὕτως
3025 5762 3206 5852 άθλιος
3431 5773 3554 5854 μηδὲ
3591 5762 3687 5832 rh“
