3922 6468
212 392 291 450 38'
1309 377 1590 436 CONTRA
1617 375 1756 433 EUN

1871 375 2012 440 IUM,
2065 374 2193 429 LIB.
2234 375 2278 430 1.
3311 373 3420 431 589

213 502 335 557 θείαν
375 510 430 548 σε
467 491 561 547 καὶ
606 489 879 562 μακαρίαν
916 490 1080 558 φύσιν
1116 489 1445 562 καθαρεύειν
1494 493 1602 547 ἀπὸ
1645 490 1740 545 τοῦ

1874 498 2096 544 laturam
2129 487 2197 542 ab
2228 486 2445 542 invidiae
2471 485 2670 543 affectu
2698 487 2996 542 immunem
3015 501 3138 543 esse
3160 484 3423 545 afﬁrmet!

211 586 325 640 κατὰ
341 583 422 636 τὸν
447 580 638 648 φθόνον
669 577 872 642 πάθους
913 576 1358 644 ὑπολογίζεσθαι;
1385 578 1520 632 Ποία
1543 575 1635 632 οὖν
1663 578 1750 632 εὐ.

1872 569 1980 646 ξιιεε
2010 585 2093 634 est
2130 578 2296 652 igitur
2322 577 2632 634 condecens
2676 577 2836 642 ratio,
2888 594 2988 632 cur
3019 577 3134 634 haec
3170 579 3316 634 inme
3365 582 3421 638 in

211 673 390 748 τρεπὴς
414 670 559 724 αίτία
601 669 696 722 τοῦ
733 669 906 722 ταῦτα
946 667 1090 721 οὕτω
1131 669 1282 738 παρά
1322 669 1416 722 τοῦ
1459 669 1594 722 Θεοῦ
1637 668 1749 722 τῶν

1873 669 2069 725 nodum
2120 684 2150 722 a
2199 669 2313 724 Deo
2362 669 2746 724 universorum
2811 670 2864 722 in
2913 667 3051 723 Filio
3101 679 3156 725 et
3212 669 3422 742 Spiritu

210 771 319 824 δλισν
352 765 436 818 επὶ
466 762 560 816 1:06
592 762 930 830 Μονογενοῦς
971 763 1066 816 καὶ
1091 761 1186 814 τοῦ
1223 762 1537 831 Πνεύματος
1579 763 1750 816 διατε-

1873 774 2043 819 .ancto
2065 765 2316 820 ordinata
2340 775 2392 818 et
2422 763 2688 833 disposita
2714 763 2867 819 sint?
2899 761 3023 817 Non
3052 764 3189 827 inde,
3224 765 3422 834 inquit.

209 855 398 926 vt'qut;
442 853 579 906 Ἀλλ’
608 854 718 906 οὐκ
739 851 1181 922 ἐκεῖθεν,φησίν.
1206 852 1376 910 Πόθεν
1397 849 1488 907 οὖν
1509 853 1747 918 ἄλλοθεν,

1876 854 2006 910 Jnde
2036 871 2188 926 ergo,
2222 871 2267 910 ει
2303 865 2571 925 cognatus
2603 855 2735 910 ordo
2768 855 2903 924 ipsis
2935 870 3041 908 non
3080 855 3249 916 inest,
3276 855 3425 924 quod

208 950 245 1000 tl
269 943 480 1014 μὴκατὰ
511 941 606 1010 τὴν
633 940 792 1010 φύσιν
811 940 1025 1002 οἰκείως
1055 939 1288 1011 ἔχουσιν,
1315 943 1348 1011 ἡ
1376 943 1627 1012 συμφυὴς
1652 943 1749 997 αὑ.

1878 965 1906 1003 n
1941 956 2138 1003 natura
2170 947 2535 1003 conveniant?
2578 947 2647 1000 At
2693 947 2946 1002 fortassis
2991 946 3068 1008 id,
3111 947 3255 1016 quod
3290 947 3427 1001 infe-

207 1040 294 1102 τοῖς
309 1033 445 1097 τάξις
463 1033 809 1103 ἐνθεωρεῖται
825 1031 1002 1096 ;Ἀλλ’
1026 1032 1154 1094 ἴσως
1165 1031 1226 1084 τὸ
1247 1032 1532 1103 ὑφειμένον
1552 1034 1648 1104 τῆς
1660 1035 1751 1086 οὐ·

1881 1041 1967 1096 ius
2015 1056 2110 1096 seu
2165 1041 2348 1095 minus
2394 1050 2478 1094 est
2510 1039 2566 1093 in
2633 1041 2869 1094 essentia
2916 1037 3039 1093 Filii
3093 1047 3146 1093 et
3193 1039 3428 1109 Spiritus

211 1129 305 1189 σίας
332 1128 417 1177 ἐπὶ
444 1122 536 1176 τοῦ
570 1123 702 1176 Υἱοῦ
757 1125 852 1178 καὶ
884 1122 975 1176 τοῦ
1008 1122 1344 1193 Πνεύματος,
1370 1124 1435 1178 τὸ
1472 1122 1751 1191 συμφυὲς

1883 1133 2050 1197 aucti,
2105 1142 2381 1202 cognatum
2423 1132 2658 1188 ordinem
2698 1131 2952 1200 appellat.
2992 1129 3098 1185 Sed
3133 1145 3232 1199 ego
3266 1129 3430 1198 hujus

205 1216 423 1287 ὀνομάζει
454 1212 562 1281 τῆς
593 1213 837 1279 τάξεως.
896 1213 1033 1266 Ἀλλ’
1077 1211 1189 1281 ἐγὼ
1220 1214 1314 1270 καὶ
1348 1211 1512 1265 αὐτοῦ
1558 1212 1749 1266 τούτου

1882 1224 2029 1294 psius
2067 1238 2290 1277 causam
2335 1237 2668 1292 cegnoscere
2714 1238 2871 1288 aveo,
2925 1239 3018 1293 per
3067 1237 3228 1292 quam
3262 1220 3431 1277 Filius

207 1312 362 1378 δέομαι
389 1307 484 1376 τὴν
515 1305 695 1358 αἰτίαν
731 1303 944 1374 μαθεῖν.
971 1304 1038 1357 δι’
1066 1304 1131 1374 ἣν
1157 1307 1186 1357 ὁ
1210 1303 1336 1365 Υἱὸς
1369 1303 1509 1358 κατὰ
1535 1303 1630 1374 τὴν
1661 1303 1750 1356 οὐ·

1880 1332 1906 1369 n
1939 1314 2182 1369 essentia
2217 1329 2315 1368 sua
2367 1314 2545 1368 minor
2571 1313 2798 1369 ell‘ectus
2825 1321 2943 1367 est:
2985 1313 3429 1383 quandoquidem

209 1402 303 1467 σίσν
340 1399 669 1467 ἠλάττωται,
714 1399 813 1465 τῆς
859 1396 1046 1458 οὐσίας
1079 1399 1172 1451 καὶ
1204 1397 1477 1468 ἐνεργείας
1525 1398 1581 1448 ὲν
1638 1398 1750 1460 τοῖς

1886 1405 2089 1461 ssentia
2124 1419 2219 1458 seu
2273 1403 2581 1458 substantia
2610 1414 2662 1459 et
2688 1403 2940 1476 operatio
2979 1417 3140 1472 pares
3179 1400 3430 1456 easdem-

210 1488 317 1550 ίσοις
362 1488 451 1538 καὶ
483 1489 595 1547 τοῖς
642 1487 828 1548 αὐτοῖς
861 1484 1200 1556 γνωρίσμασί
1235 1503 1293 1539 τε
1339 1487 1434 1539 καὶ
1468 1485 1751 1555 ίδιώμασιν

1881 1514 1960 1566 lue
1993 1497 2056 1551 ad
2087 1497 2420 1564 agnitionem
2456 1504 2616 1551 notas
2672 1505 2724 1550 et
2755 1495 3118 1564 proprietates
3150 1493 3430 1548 exhibent.

207 1579 590 1650 εὑρισκομένων,
640 1579 703 1630 Εἰ
746 1578 802 1630 δὲ
843 1578 943 1630 οὐκ
979 1579 1139 1642 αὐτὸς
1172 1579 1270 1648 τῆς
1313 1595 1371 1631 τε
1405 1577 1592 1641 οὐσίας
1657 1579 1752 1631 καὶ

1886 1592 1912 1643 li
1946 1604 2078 1644 vero
2106 1603 2215 1642 non
2257 1596 2343 1644 est
2369 1588 2558 1643 eadem
2600 1593 2851 1642 essentia!
2890 1592 2941 1640 et
2974 1584 3312 1655 operationis
3346 1598 3435 1636 ra.-

207 1676 285 1743 ςῆς
309 1671 578 1740 ἐνεργείας
610 1672 638 1724 δ
671 1670 854 1738 λόγος,
900 1669 1038 1722 ἀλλὰ
1077 1670 1328 1741 διάφορον
1361 1670 1444 1737 ἐφ’
1490 1669 1751 1740 ἑκατέρου

1886 1684 1951 1742 io,
1998 1679 2094 1735 sed
2146 1681 2365 1734 diversa
2403 1680 2695 1749 utriusque
2748 1678 3098 1749 signiﬁcatio,
3162 1677 3435 1748 quomodo

207 1763 256 1816 τὺ
279 1762 680 1832 σημαινόμενον,
714 1761 831 1824 πῶς
860 1761 946 1822 διὰ
981 1761 1088 1816 τῶν
1118 1762 1285 1826 ξένων
1337 1763 1430 1815 καὶ
1458 1761 1753 1831 ἀλλοτρίων

1892 1789 1952 1826 er
2007 1772 2294 1840 peregrina
2326 1779 2381 1826 et
2433 1780 2714 1834 extranea,
2763 1786 2826 1824 ea
2869 1786 2989 1840 quae
3041 1770 3092 1824 in
3134 1769 3438 1839 quzestione

210 1854 254 1906 σί
271 1850 547 1914 ἀποδείξεις
575 1853 692 1913 τοῖς
717 1847 1066 1920 ζητουμένοις
1091 1851 1420 1918 ὲπάγονταις
1452 1851 1662 1920 Ὥσπερ
1685 1850 1752 1903 ἂν

1886 1875 2168 1927 'ersantur,
2207 1861 2585 1918 demonstrat?
2635 1860 2866 1916 Perinde
2915 1861 3065 1923 facit,
3107 1876 3171 1914 ac
3204 1860 3272 1922 si,
3309 1872 3435 1913 cum

210 1944 251 1998 εί
270 1960 356 2005 τις.
385 1942 1018 2013 πολυπραγμονουμένης
1044 1943 1142 2012 τῆς
1169 1943 1516 2013 ἀνθρωπίνης
1543 1943 1749 2005 οὐσίας,

1896 1971 1926 2010 e
1958 1955 2176 2009 homine
2228 1953 2554 2024 disceptatio
2581 1961 2727 2008 esset
2750 1963 2960 2020 exorta,
2993 1962 3045 2007 et
3076 1962 3440 2022 quaereretur,

211 2035 284 2096 καὶ
317 2033 644 2102 ζητουμένου
693 2033 743 2086 εί
787 2033 1103 2100 γελαστικὸν
1137 2033 1275 2098 ζῶον
1307 2035 1334 2086 ὁ
1379 2033 1681 2105 ἄνθρωπος,
1717 2033 1750 2103 ἦ

1886 2061 1991 2100 tum
2041 2046 2242 2099 animal
2269 2045 2497 2108 risibile,
2539 2051 2632 2098 aut
2657 2044 3027 2115 grammatica:
3057 2059 3227 2113 capax
3257 2052 3435 2106 esset,

211 2128 562 2196 γραμματικῆς
585 2124 855 2187 δεκτικὸν,
881 2127 959 2189 είς
987 2125 1263 2192 ἁπόεειξιν
1286 2125 1380 2180 τοῦ
1405 2126 1754 2196 προτεθέντος

1899 2139 2060 2209 liquis
2092 2138 2159 2192 ad
2192 2137 2484 2208 propositae
2522 2138 2886 2193 dubitationis
2921 2137 3310 2192 resolutionem
3351 2151 3442 2190 εει

210 2215 590 2286 παραλαμϐάνοι
638 2216 818 2279 οἰκίας
892 2217 925 2286 ἢ
974 2217 1158 2270 πλοίου
1206 2217 1571 2286 κατασκευὴν,
1618 2217 1684 2287 ἢν
1727 2218 1756 2270 ὁ

1895 2241 2100 2286 umerct
2125 2231 2322 2285 domus
2353 2240 2446 2284 aut
2476 2233 2634 2285 navis
2660 2238 3017 2294 structuram,
3065 2246 3227 2298 quam
3261 2227 3442 2282 archi-

210 2308 447 2376 θὶκοδόμιος
479 2307 510 2377 ἢ
556 2308 585 2360 ὁ
617 2306 897 2377 ναυπηγὸς
930 2308 1253 2378 ἐτεκτήνατο
1273 2325 1286 2340 ·
1314 2308 1501 2361 ἔπειτα
1547 2308 1755 2377 ίσχυρία

1892 2331 2042 2378 ectus
2073 2330 2170 2377 aut
2225 2324 2443 2376 navium
2501 2322 2653 2378 faber
2689 2323 2994 2386 exstruxit,
3050 2329 3104 2377 et
3144 2320 3341 2375 deinde
3388 2319 3441 2372 id

211 2399 327 2467 ζοιτο
355 2398 429 2468 τῷ
459 2397 611 2467 σοφῷ
650 2396 826 2467 τούτῳ
861 2397 1022 2468 λόγῳ,
1061 2399 1141 2451 ὅτι
1182 2399 1302 2460 ταῖς
1329 2398 1630 2468 ἐνεργείαις
1659 2397 1757 2460 τὰς

1897 2414 2216 2468 onfirmaret
2243 2414 2482 2483 eleganti
2519 2424 2752 2481 asserto,
2785 2431 2850 2470 ex
2877 2413 3288 2484 operationibus
3315 2413 3445 2469 sub-

211 2491 361 2552 οὐσίας
390 2490 728 2559 γνωρίζομεν
749 2506 762 2529 τ
791 2489 1039 2560 ἐνέργεια
1062 2490 1119 2543 δὲ
1152 2491 1244 2544 τοῦ
1275 2490 1584 2561 ἀνθρώπου,
1617 2492 1651 2560 ἡ
1680 2491 1758 2542 ol-

1897 2500 2096 2554 tantias
2118 2498 2379 2567 cognosci
2407 2515 2421 2562 ;
2453 2499 2828 2568 operationem
2857 2507 3037 2552 autem
3065 2498 3304 2553 hominis
3324 2512 3446 2552 esse

213 2579 284 2633 κία
303 2583 385 2633 καὶ
411 2580 468 2632 τὸ
498 2580 707 2633 πλοῖον.
749 2581 842 2632 Ἐκ
873 2579 1076 2633 τούτων
1121 2577 1229 2650 ἆρα
1273 2579 1757 2649 καταλαμϐάνομεν

1899 2601 1916 2645 ι
1949 2591 2169 2644 domum
2197 2598 2252 2645 et
2282 2590 2487 2648 navim.
2508 2590 2588 2644 Au
2616 2607 2682 2646 ex
2706 2591 2814 2653 his,
2848 2606 2879 2645 ο
2907 2590 3287 2651 stolidissime,
3322 2604 3448 2643 con-

211 2673 256 2724 τὺ
275 2670 644 2741 πλατυώνυχον
700 2675 794 2726 καὶ
820 2671 1138 2747 γελαστικὸν
1170 2668 1310 2730 εἶναι
1335 2673 1426 2726 τὸν
1449 2672 1755 2742 ἄνθρωπον,

1900 2679 2140 2734 ludimus
2165 2679 2446 2734 hominem
2493 2681 2620 2736 latis
2652 2681 2925 2752 unguibus
2958 2689 3011 2736 et
3063 2681 3317 2735 facultate
3372 2679 3449 2734 ri-

211 2763 508 2818 ἁπλούστατε
533 2781 556 2832 ;
602 2765 741 2822 Ἀλλ’
770 2765 831 2818 ού
859 2765 1033 2829 τοῦτο,
1065 2765 1196 2836 φαίη
1231 2782 1316 2828 τις
1343 2764 1409 2818 ἂν
1429 2806 1443 2828 ,
1469 2765 1529 2818 τὸ
1564 2762 1758 2834 ζητού-

1903 2771 2027 2826 endi
2057 2771 2344 2842 praeditum
2377 2773 2538 2828 esse?
2572 2773 2640 2826 At
2669 2772 2814 2826 dicet
2857 2773 3152 2842 quispiam,
3193 2772 3297 2826 hoc
3335 2787 3447 2827 non

213 2858 340 2926 μενόν
369 2858 533 2917 ἐστιν,
570 2857 622 2910 εἰ
648 2874 768 2909 τινα
797 2856 1009 2926 κίνησιν
1060 2857 1152 2910 καὶ
1192 2856 1469 2925 ἐνέργειαν
1497 2858 1525 2909 ὁ
1547 2854 1754 2926 ἄνθρω-

1898 2879 1985 2918 sse
2011 2864 2065 2918 id
2101 2863 2247 2934 quod
2303 2865 2597 2934 quaeritur,
2652 2880 2780 2918 num
2817 2865 2981 2919 homo
3015 2865 3314 2918 motionem
3347 2865 3447 2919 ali-

210 2965 289 3009 πος
309 2947 426 3017 ἔχει,
453 2948 576 3001 ἀλλ’
603 2947 737 3000 αὐτὸ
755 2948 817 2999 τὸ
846 2945 1099 3018 ἐνεργοῦν
1121 2947 1173 3000 τί
1201 2963 1330 2999 ποτε
1359 2945 1499 3000 κατὰ
1531 2946 1626 3016 τὴν
1657 2945 1758 3014 φύ-

1907 2973 2029 3010 nam
2061 2963 2117 3011 et
2146 2957 2521 3025 operationem
2561 2957 2778 3020 haheat,
2821 2959 2915 3012 sed
2955 2958 3218 3026 quidnam
3250 2971 3447 3010 secun-

214 3057 278 3093 σιν
305 3042 433 3094 ἐστίν
455 3058 467 3070 ·
498 3041 528 3094 ὂ
565 3038 758 3092 πολλοῦ
794 3039 898 3092 δέω
944 3038 1132 3109 μαθεῖν
1173 3039 1237 3090 ὲκ
1267 3038 1362 3107 τῆς
1397 3038 1755 3108 ἀποκρίσεως.

1909 3064 1994 3100 um
2031 3063 2188 3102 suam
2218 3057 2468 3102 naturam
2503 3049 2575 3104 sit
2632 3049 2811 3119 ipsum
2860 3049 3004 3118 quod
3041 3056 3317 3117 operatur,
3351 3061 3448 3102 seu

211 3133 298 3188 Καὶ
317 3134 414 3200 γὰρ
443 3135 491 3186 εί
514 3133 652 3202 περὶ
689 3131 892 3202 ἀνέμου
923 3149 975 3186 τι
1006 3131 1196 3201 μαθεῖν
1223 3130 1540 3200 ἐϐουλόμην,
1567 3129 1666 3182 οὐκ
1694 3129 1759 3183 ἂν

1902 3155 1985 3207 pse
2016 3139 2178 3192 homo
2211 3140 2303 3209 qui
2368 3143 2510 3208 agit:
2545 3141 2712 3209 quod,
2750 3147 2807 3194 ut
2837 3155 2901 3195 ex
2940 3143 3061 3194 data
3094 3138 3451 3208 responsione

212 3191 402 3293 ψάμμου
442 3191 686 3293 σωρείαν
713 3222 772 3286 ἐξ
791 3191 1017 3293 ’ἀνέμουυ
1032 3225 1305 3278 συστᾶσαν
1325 3262 1338 3285 ,
1374 3191 1637 3292 ἢνάχύρου
1662 3221 1760 3293 θη-

1904 3244 2213 3298 agnoscam,
2275 3231 2506 3284 multum
2582 3240 2731 3284 certe
2785 3230 2958 3285 abest.
3021 3228 3230 3284 Etenim
3283 3229 3329 3283 ri
3384 3230 3453 3284 de

215 3315 358 3385 μῶνα,
388 3317 420 3386 ἢ
463 3316 672 3380 κόνεως
699 3315 941 3386 διάχυσιν
967 3315 1176 3382 δείξας,
1214 3315 1404 3383 ὲντελῆ
1437 3315 1504 3367 ἂν
1537 3314 1630 3367 τοῦ
1663 3313 1760 3384 ζη-

1899 3333 2034 3376 ‘ento
2053 3323 2257 3391 aliquid
2277 3321 2490 3378 discere
2519 3324 2733 3389 vellem,
2758 3332 2980 3378 ostenso
3003 3338 3183 3376 arena:
3207 3321 3448 3387 cumulo,

211 3408 436 3477 τινυμένου
491 3408 592 3460 τὸν
655 3407 811 3475 λόγον
865 3407 1170 3470 ἀπέδωκας.
1227 3408 1454 3476 ’Έτερος
1510 3405 1618 3477 γὰρ
1667 3403 1760 3458 τοῦ

1909 3429 2029 3467 nem
2071 3424 2265 3470 ventus
2307 3417 2607 3486 congessit,
2657 3425 2747 3470 aut
2793 3417 3072 3487 palearum
3107 3430 3322 3481 acervo,
3359 3421 3453 3469 aut

213 3496 380 3567 ἀνέμου
407 3500 435 3551 ὁ
458 3499 622 3567 λόγος
645 3515 658 3526 ·
689 3500 780 3551 καὶ
814 3498 948 3552 ἄλλα
969 3498 1142 3552 ταῦτα
1171 3500 1288 3551 ἀντὶ
1313 3497 1406 3550 τοῦ
1433 3496 1762 3566 ζητουμένου

1907 3505 2108 3562 ulvet‘is
2141 3505 2498 3576 disjectioue,
2535 3507 2679 3561 haud
2711 3507 2960 3576 equidem
2994 3505 3285 3576 perfectam
3309 3505 3450 3574 ejus,

212 3587 522 3659 δεικνύμενα.
566 3589 691 3652 Πῶς
731 3584 822 3642 οὖν
861 3583 1014 3652 οὗτος
1051 3591 1169 3652 ταῖς
1207 3588 1508 3657 ἐνεργείαις
1556 3589 1652 3651 τὰς
1677 3589 1761 3641 οὐ-

1901 3613 1938 3650 ηε
1968 3613 2076 3667 quo
2105 3601 2336 3668 quaestio
2358 3607 2498 3663 erat,
2525 3600 2794 3655 rationem
2827 3598 3132 3654 reddidisse
3156 3612 3450 3663 censerer;

216 3680 310 3744 σίας
334 3683 568 3735 δείκνυσι
587 3721 602 3741 .
631 3681 723 3734 καὶ⁵
751 3681 842 3736 τὸν
869 3681 960 3735 τοῦ
995 3675 1133 3734 εἶναι
1163 3680 1317 3749 λόγον
1348 3678 1511 3733 αὐτοῦ
1550 3679 1642 3732 τοῦ
1677 3679 1763 3732 δν-

1901 3688 1980 3741 lia
2012 3699 2096 3744 est
2146 3692 2290 3744 enim
2348 3693 2485 3746 ratio
2515 3691 2686 3757 venti,
2719 3698 2778 3744 ut
2816 3698 2869 3745 et
2904 3692 3150 3745 onmium
3199 3689 3450 3752 aliorum,

216 3787 317 3838 τος,
341 3777 398 3827 ἐκ
429 3775 543 3827 τῶν
576 3774 880 3844 γενομένων
910 3773 1060 3846 παρὰ
1096 3773 1190 3826 τοῦ
1221 3772 1377 3836 ὄντος
1405 3772 1761 3843 παρίστησιν;

1911 3795 1993 3836 ua:
2047 3783 2167 3837 loco
2217 3783 2359 3854 ejus,
2417 3787 2562 3854 quod
2613 3784 2984 3853 quaerebatur,
3032 3791 3250 3838 ostensa
3302 3789 3452 3836 sunt.

217 3861 467 3924 Quomodo
511 3865 683 3933 igitur
715 3863 821 3928 iste
843 3878 910 3919 ex
934 3862 1345 3933 operationibus
1372 3863 1705 3923 snbstantias
1738 3863 2096 3939 demonstrat,
2129 3883 2184 3930 et
2215 3876 2483 3929 rationem
2517 3874 2734 3930 essendi
2766 3873 2942 3944 ipsius
2977 3875 3120 3928 entis
3149 3888 3216 3927 ex
3251 3869 3456 3927 effecti-

219 3954 301 4010 ints
325 3959 494 4011 cutis?
3165 4022 3176 4028 -

274 4042 394 4117 Εἶτα
420 4051 647 4102 κάκεῖνο
687 4049 1077 4119 σκοπήσωμενο
1112 4049 1165 4103 τί
1206 4048 1366 4120 ἔργον
1403 4048 1496 4102 τοῦ
1537 4049 1769 4122 Πατρὸς,

1943 4049 2148 4107 Deinde
2172 4049 2306 4105 illud
2341 4050 2504 4104 etiam
2532 4049 2952 4104 consideremus
2992 4064 3004 4101 :
3040 4047 3315 4118 quodnam
3369 4056 3457 4102 est

216 4137 272 4190 δι’
293 4133 344 4189 οὗ
367 4139 883 4208 καταλαμϐάνεσθαι
913 4140 1059 4208 λέγει
1087 4140 1184 4211 τὴν
1212 4140 1399 4194 οὐσίαν
1426 4140 1520 4192 1:06
1551 4142 1765 4212 ἐνεργής

1907 4143 2007 4197 llud
2031 4157 2172 4211 opus
2200 4140 2402 4206 Patris,
2431 4155 2527 4209 per
2553 4140 2698 4208 quod
2727 4137 3058 4209 deprehendi
3089 4138 3166 4191 ait
3198 4137 3456 4192 substan-

223 4242 417 4294 qavrog;
453 4232 496 4282 Τ
505 4231 566 4282 ὸν
599 4231 724 4283 Υίὸν
756 4229 896 4296 λέξει
927 4231 1162 4296 πάντως,
1186 4231 1344 4302 εἴπερ
1374 4231 1442 4284 τὰ
1465 4231 1666 4302 συνήθη
1697 4231 1772 4284 λέ-

1909 4238 2006 4288 iam
2053 4234 2230 4303 ipsius
2280 4232 2596 4302 cperantis?
2644 4231 2840 4284 Filium
2894 4231 2997 4285 hoc
3020 4245 3161 4300 opus
3191 4245 3312 4284 esse
3340 4245 3458 4283 om-

222 4331 308 4381 γοι.
342 4318 473 4371 Ἀλλ’
503 4310 679 4381 οὗτος,
706 4317 751 4371 ὦ
783 4317 1079 4388 σοφώτατε,
1111 4320 1248 4373 κατὰ
1273 4320 1364 4374 τὸν
1395 4320 1485 4373 σὺν
1519 4319 1676 4389 λόγον
1711 4323 1771 4391 τῇ

1907 4326 2012 4379 lino
2052 4325 2220 4392 (licet,
2271 4323 2318 4378 si
2372 4332 2629 4376 constare
2666 4323 2770 4377 sibi
2819 4322 2970 4375 velit.
3016 4321 3084 4374 At
3137 4321 3262 4384 iste,
3291 4336 3324 4374 ο
3365 4337 3456 4376 sa—

224 4408 554 4481 ὲργασαμένῃ
570 4411 734 4463 αὐτὸν
756 4411 1008 4480 ἐνεργείᾳ
1029 4428 1095 4464 πε
1105 4411 1358 4482 ριμετρού
1367 4429 1544 4482 μενος,
1570 4413 1773 4482 ὲκείνηι

1911 4413 2266 4478 ιὶοηῑὶεείιηε,
2318 4412 2640 4481 operatione
2695 4426 2816 4479 qua:
2873 4411 3051 4479 ipsum
3101 4410 3280 4465 eil‘ecit
3349 4411 3460 4464 cir-

222 4495 424 4552 ὁεικνύει
475 4502 667 4570 μόνην.
721 4501 793 4562 Τὸ
825 4501 882 4553 δὲ
923 4501 1252 4571 ζητούμενον
1317 4502 1468 4558 οὐδὲν
1508 4496 1670 4574 ἦττον
1722 4503 1771 4556 ἒν

1911 4503 2275 4572 :untscriptus,
2334 4501 2480 4554 illam
2537 4501 2708 4555 solam
2762 4508 3054 4554 ntonstrat.
3088 4499 3144 4553 ια
3199 4515 3348 4563 vero,
3393 4500 3460 4554 de

223 4587 378 4659 ἀδήλῳ
405 4594 556 4661 μένει
581 4610 594 4622 ·
625 4595 780 4662 εἴπερ
812 4595 844 4664 ἡ
872 4593 1118 4663 ἐνέργεια
1139 4593 1246 4646 τῶν
1276 4595 1673 4668 παρεπομένων
1699 4613 1772 4658 τις

1911 4611 1992 4664 luo
2023 4595 2394 4662 disceptatur,
2431 4593 2610 4646 adhuc
2657 4594 2953 4647 obscurum
2995 4602 3197 4660 manet,
3226 4595 3272 4648 si
3315 4601 3460 4648 recte

225 4671 342 4728 εἶναι
366 4682 426 4748 τῇ
455 4680 650 4754 πρώτῃ
676 4683 857 4754 οὐσίᾳ,
897 4683 991 4736 καὶ
1028 4682 1177 4754 παρὰ
1207 4683 1300 4738 0'06
1338 4685 1774 4757 μεμαρτύρηται.

1911 4729 1914 4738 .
1953 4693 2005 4740 te
2045 4692 2317 4740 assertum
2350 4691 2455 4749 est,
2487 4685 2554 4739 iis
2597 4685 2761 4738 etiam
2794 4701 2915 4755 quae
2951 4685 3015 4738 ad
3055 4687 3282 4754 pritnam
3327 4683 3460 4738 sub-

223 4772 352 4846 Δύτη
372 4776 478 4843 γὰρ
505 4774 582 4845 τῷ
609 4775 754 4846 ἔργῳ
773 4760 850 4844 τῷ
876 4775 1001 4844 παρ’
1025 4775 1194 4843 αὐτῆς
1217 4775 1626 4831 ἀποτελεσθέντι
1657 4791 1772 4846 συμ¹

1906 4777 2140 4831 ιιδηιίειη
2186 4786 2511 4846 sequuntur,
2565 4777 2802 4846 aliquam
2836 4777 3208 4846 Operationem
3259 4776 3455 4830 inesse.

227 4867 643 4936 παρεκτείνεται,
681 4865 861 4935 καθὼς
905 4868 968 4920 σὺ
1013 4866 1210 4935 λέγεις,
1254 4870 1348 4921 καὶ
1389 4867 1660 4923 δείκνυται
1697 4866 1776 4920 διὰ

1912 4869 2010 4923 hee.
2039 4869 2185 4923 enim
2213 4870 2363 4938 operi
2392 4869 2459 4922 ab
2486 4869 2606 4938 ipso
2629 4869 2824 4922 effecto
2845 4869 3246 4927 coextenditur,
3270 4881 3461 4936 queru-

226 4958 303 5010 τοῦ
323 4960 781 5030 ἀποτελέσματος,
809 4961 926 5016 οὐδὲ
945 4961 1081 5033 αὐτὴ
1104 4960 1244 5015 κατὰ
1263 4961 1361 5031 τὴν
1389 4962 1550 5030 φύσιν
1569 4965 1601 5033 ἡ
1634 4961 1718 5016 ἐ.νέ
1726 4979 1775 5034 ρ-

1914 4960 2178 5013 dmodum
2215 4967 2270 5014 tu
2299 4959 2461 5024 dicis,
2501 4969 2554 5014 et
2592 4968 2688 5030 per
2719 4961 2998 5024 eﬂ'ectutn,
3033 4975 3143 5014 non
3179 4960 3369 5029 ipsain
3403 4973 3463 5013 se

228 5064 332 5115 γεια
356 5052 473 5121 ἦτις
509 5052 677 5104 ἐστίν·
715 5051 851 5122 ἀλλὰ
879 5053 1038 5106 ποσὸν
1067 5053 1237 5123 αὐτῆς
1266 5053 1423 5123 μόνον
1445 5053 1777 5124 ὲνθεωρεῖται

1915 5051 2228 5122 »ρεταιίοηίε
2286 5059 2482 5105 natura
2530 5053 2877 5119 ostenditur;
2929 5052 3027 5106 sed
3085 5051 3464 5105 tantummodo

229 5139 294 5211 τῷ
314 5141 470 5213 ἔργῳ.
513 5145 601 5206 Ὡς
625 5143 734 5214 γὰρ
754 5144 812 5214 οὐ
838 5144 988 5197 πᾶσα
1009 5145 1042 5218 ἡ
1067 5144 1160 5196 τοῦ
1185 5145 1537 5215 χαλκεύοντας
1559 5145 1778 5215 δύναμις

1914 5150 2096 5214 [nauta
2131 5145 2225 5205 sit,
2265 5145 2318 5198 in
2350 5161 2515 5213 opere
2561 5146 2926 5215 conspicitur.
2965 5144 3120 5199 Sicut
3174 5145 3316 5198 enim
3356 5158 3463 5197 non

231 5235 600 5305 συγκινηθεῖσα
649 5236 709 5303 τὸ
753 5236 1027 5308 τρύπανον
1080 5237 1472 5307 ἐξειργάσατο,
1520 5236 1632 5290 ἀλλ’
1665 5237 1780 5291 ὅσον

1916 5244 2006 5290 ota
2038 5233 2272 5291 facultas
2319 5237 2460 5290 fabri
2521 5237 2700 5292 aerarii
2754 5239 2993 5291 motione
3045 5251 3144 5291 sua
3189 5237 3465 5292 terebram

232 5325 524 5398 σύμμετρον
570 5323 641 5399 ἦν
695 5330 832 5400 πρὸς
876 5329 974 5391 τὴν
1007 5329 1102 5393 τοῦ
1141 5330 1368 5393 σκεύους
1417 5331 1781 5400 ἀπεργασίαν,

1919 5327 2090 5393 ﬂ'ecit,
2127 5327 2222 5383 sed
2267 5337 2530 5398 quantum
2566 5329 2632 5384 ad
2670 5330 2816 5383 vasis
2864 5327 3204 5384 ell'ectionem
3240 5341 3468 5397 propor-

231 5418 459 5472 τοσοῦτον
491 5423 524 5490 ἡ
556 5421 718 5490 τέχνη
763 5421 853 5474 διὰ
890 5421 983 5474 τοῦ
1013 5420 1454 5492 χειρουργοῦντος
1497 5424 1780 5493 ἐνήργησε,

1917 5422 2040 5476 ione
2067 5421 2472 5491 requirebatur,
2501 5432 2711 5475 tantum
2744 5437 2835 5476 ars
2867 5437 2963 5491 per
2989 5420 3218 5474 artilicis
3244 5434 3465 5473 manum

236 5508 386 5562 πολλὰ
406 5513 495 5565 καὶ
517 5513 834 5566 παντοδαπὰ
856 5513 1296 5584 κατεργάσασθαι
1314 5513 1552 5576 δυνατῶς
1568 5513 1785 5582 ἔχουσα·

1919 5522 2112 5585 προνοιθ
2147 5522 2253 5577 est,
2287 5529 2412 5568 cum
2449 5515 2609 5585 longe
2655 5514 2812 5584 plura
2847 5522 2902 5568 et
2941 5514 3093 5567 varia
3145 5513 3250 5566 alia
3287 5511 3468 5567 adhuc

233 5595 357 5650 οὕτω
386 5599 442 5652 τὸ
485 5601 685 5673 μέτρον
716 5602 814 5673 τῆς
851 5605 1129 5674 ἐνεργείας
1168 5605 1224 5656 ὲν
1257 5603 1435 5674 ἑαυτῷ
1463 5605 1732 5658 δείκνυσιν
1763 5607 1782 5658 ἐ

1917 5605 2197 5661 troducere
2225 5615 2422 5675 queat;
2461 5605 2535 5658 ita
2571 5619 2890 5660 mensuram
2917 5613 2973 5661 et
3011 5606 3234 5660 modum
3265 5620 3466 5676 Opera-

234 5687 349 5756 παρ’
375 5689 585 5762 ἐκείνης
615 5691 923 5762 γενόμενος.
964 5693 1036 5747 Τὸ
1072 5694 1129 5748 δὲ
1158 5693 1484 5766 ζητούμενον
1539 5696 1662 5766 οὐχὶ
1697 5711 1783 5750 πο-

1921 5699 2062 5754 ionis
2111 5699 2165 5752 in
2214 5702 2395 5768 seipse
2437 5705 2790 5766 repraesentat
2833 5697 2919 5760 id,
2971 5698 3119 5768 quod
3173 5714 3272 5770 per
3321 5699 3469 5753 illam

236 5777 318 5833 σίν
344 5779 452 5835 ἐστι
477 5786 577 5855 τῆς
619 5784 918 5856 ἐνεργείας,
953 5785 1067 5840 ἀλλ’
1097 5787 1234 5857 αὐτὴ
1275 5787 1368 5841 τοῦ
1400 5788 1785 5861 ἐνεργήσαντος

1922 5789 2126 5864 astitit.
2175 5789 2244 5845 At
2278 5803 2386 5846 non
2431 5797 2516 5844 est
2572 5790 2806 5862 quaestio
2851 5799 3057 5862 quanta
3093 5792 3166 5849 sit
3204 5792 3471 5863 operatio,
