3922 6502
442 353 551 411 383

1713 345 1773 400 3.
1814 343 2138 403 GREGORII
2176 347 2466 404 NYSSENI
2484 358 2488 377 ‘

3615 346 3721 404 584'

445 465 545 525 sed
574 477 696 535 qua
726 462 800 517 sit
845 457 1027 531 ipsius
1056 456 1348 528 operantis-
1371 455 1631 513 essentia.
1681 453 1808 511 Pari
1842 456 2028 521 modo,

2155 465 2166 531 ι
2199 462 2377 515 οὐσία.
2424 460 2581 516 Κατά
2624 459 2716 515 τὸν
2747 460 2910 515 αὐτὸν
2952 459 3010 513 δέ
3047 459 3231 529 λόγον,
3269 458 3373 513 καὶ
3421 458 3473 512 εί
3499 458 3588 515 διὰ
3624 462 3723 515 τοῦ

447 559 496 616 si
543 556 710 617 dicat,
762 566 860 622 per
912 548 1197 621 Spiritum
1235 554 1491 602 sanctum
1544 545 1728 616 (quem
1778 545 1855 600 ait
1901 561 2026 602 esse

446 664 588 721 opus
619 648 742 719 ejus
775 643 1289 715 operationis,.quae
1309 656 1377 696 ex
1405 639 1546 697 Filio
1568 639 1839 711 procedit)
1888 638 2026 695 Uni-

448 738 621 813 geniti
642 743 899 791 naturam
930 731 1264 802 deprehendi
1289 744 1355 784 ae
1386 728 1672 801 cognosci,
1705 729 1885 784 oratio
1906 728 2027 797 ejus

445 827 756 885 subsistere
797 838 911 877 non
952 821 1198 891 poterit:
1233 835 1359 874 nam
1404 826 1462 875 et
1494 820 1581 873 hic
1620 819 1869 888 operatio
1908 817 2031 874 eﬂ‘e-

449 918 565 973 ctui
604 914 1013 978 coextenditur,
1064 926 1246 982 neque
1289 919 1547 966 naturam
1598 924 1755 966 suam
1783 910 1870 965 vel
1901 924 2032 980 epe-

450 1010 651 1076 rantis,
676 1022 777 1079 per
818 1005 874 1061 id
903 1003 1051 1075 quod
1075 1004 1404 1075 productum
1438 1010 1545 1066 est,
1576 1002 1863 1072 patefecit.

413 1122 422 1167 α
527 1103 597 1157 Ut
629 1116 762 1157 vero
794 1108 849 1156 et
887 1099 997 1155 hoc
1043 1097 1440 1163 concedamus,
1472 1102 1619 1159 esto,
1654 1093 2033 1163 exoperatio-

453 1194 619 1251 nibus
651 1192 976 1248 substantia:
1018 1199 1452 1261 cognoscantur.
1506 1186 1680 1257 Igitur
1717 1186 1893 1256 prima
1940 1185 2031 1239 illa

455 1290 770 1350 substantia
803 1303 901 1359 per
939 1302 1079 1357 opus
1108 1300 1273 1340 suum
1319 1289 1708 1354 cognoscetur,
1742 1287 1797 1335 et
1839 1276 2036 1333 simili-

455 1392 539 1439 ter
566 1380 868 1438 secundam
904 1394 1043 1449 Opus
1075 1377 1221 1448 quod
1257 1376 1325 1431 ab
1355 1376 1448 1429 illa
1484 1371 1851 1444 proﬁciscitur
1877 1368 2036 1425 nobis

424 1471 795 1533 .rnanil‘estat.
846 1468 1048 1524 Tertiae
1093 1468 1301 1539 igitur,
1331 1465 1445 1531 die,
1509 1478 1543 1519 ο
1597 1460 2032 1533 sapientissime,

456 1564 584 1634 quis
607 1560 771 1618 index
797 1560 922 1619 erit.
955 1574 1080 1613 cum
1123 1558 1341 1611 nullum
1372 1556 1549 1611 tertia:
1580 1553 1745 1623 hujus
1779 1552 2038 1605 substane-

457 1656 549 1708 tia:
576 1667 727 1722 opus,
760 1650 869 1704 tale
910 1646 1269 1703 inveniatur?
1303 1644 1360 1699 Si
1395 1644 1541 1699 enim
1585 1659 1650 1697 ex
1699 1639 2038 1711 operationi-

459 1747 587 1807 bus,
627 1751 685 1797 ut
722 1750 780 1796 tu
816 1741 978 1802 dicis,
1033 1738 1356 1793 substantiae
1404 1742 1831 1807 cognoscuntur,
1882 1746 2040 1801 opor-

2129 553 2630 624 Πνεύματος(ἔργον
2655 553 2909 625 ὀνομάζει
2936 552 3034 622 τῆς
3061 550 3138 622 τῷ
3164 549 3286 622 Υίῷ
3324 551 3718 621 παρεπομένης

2127 645 2422 719 ἐνεργείας)
2458 646 2840 716 κατειληφέναι
2885 644 3033 713 λέγοι
3079 642 3173 697 τοῦ
3212 641 3572 711 Μονογενοῦς
3623 643 3719 716 τὴν

2129 737 2311 807 φύσιν,
2356 737 2611 807 οὐδεμίαν
2658 735 2916 790 σύστασιν
2961 738 2991 789 6
3028 734 3183 803 λόγος
3228 734 3378 805 ἔχει,
3422 734 3589 789 πάλιν
3626 736 3719 790 καὶ

2129 827 2363 882 ἐνταῦθα
2400 828 2500 898 τῆς
2542 827 2822 899 ἐνεργείας
2868 826 2967 897 μὲν
3002 826 3080 897 τῷ
3116 826 3538 897 άποτελέσματι
3583 842 3717 899 συμ-

2130 918 2629 991 παρεκτεινομένης
2648 959 2663 985 ,
2696 921 2797 987 τὴν
2841 920 2899 973 δὲ
2930 919 3099 989 φύσιν
3130 917 3340 986 ἑαυτῆς
3391 934 3456 969 τε
3502 918 3600 971 καὶ
3629 918 3719 971 τοῦ

2133 1010 2499 1082 ἐνεργοῦντος,
2528 1010 3225 1083 διὰτοῦκατεργασθέντος
3251 1010 3319 1063 οὐ
3343 1008 3715 1079 δεικνυούσης.

2204 1103 2321 1155 Ἵνα
2353 1103 2410 1157 δὲ
2436 1103 2529 1156 καὶ¹
2570 1101 2729 1156 τοῦτο
2766 1103 3207 1173 συγχωρήσωμεν
3228 1140 3246 1164 ,
3307 1098 3552 1153 δεδόσθω
3607 1100 3719 1162 ταῖς

2133 1194 2436 1265 ἐνεργείαις
2460 1194 2559 1258 τὰς
2586 1195 2776 1258 οὐσίας
2799 1193 3183 1262 γινώσκεσθαι.
3216 1190 3441 1246 Οὐκοῦν
3470 1193 3506 1262 ἡ
3536 1190 3717 1263 πρώτη

2133 1285 2310 1350 οὐσία,
2336 1286 2424 1340 διὰ
2459 1284 2553 1340 τοῦ
2598 1285 2657 1351 ἐξ
2692 1285 2863 1355 αὐτῆς
2897 1284 3058 1356 ἔργου
3094 1282 3433 1355 γνωρίζεται
3457 1322 3473 1347 ,
3506 1281 3605 1336 καὶ
3629 1284 3721 1355 τὴν

2135 1379 2392 1449 δευτέραν
2422 1378 2683 1441 ὡσαύτως
2719 1377 2779 1431 τὸ
2818 1377 2997 1447 ἔργον,
3036 1376 3098 1430 τὸ
3135 1376 3269 1446 παρ’
3300 1374 3483 1445 αὐτῆς
3508 1374 3721 1445 γινόμεο

2136 1486 2246 1533 νον,
2285 1467 2550 1521 δείκνυσι·
2588 1467 2687 1538 τὴν
2715 1466 2904 1540 τρίτην
2930 1466 3107 1519 τοίνυν
3145 1466 3289 1527 είπέ,
3322 1459 3371 1518 ὦ
3408 1464 3681 1534 σοφώτατε
3703 1504 3717 1529 ,

2137 1560 2190 1614 τί
2214 1560 2275 1613 τὸ
2299 1558 2541 1613 δεικνύον
2569 1559 2712 1624 ἐστὶ,
2761 1558 2987 1630 μηδενὸς
3025 1558 3188 1630 ἔργου
3218 1556 3475 1611 τοιούτου
3499 1558 3599 1627 τῆς
3616 1556 3721 1626 τρί-

2138 1670 2238 1723 της
2265 1652 2454 1715 οὐσίας
2483 1651 2854 1722 θεωρουμένου
2877 1668 2891 1715 ;
2917 1652 2979 1703 Ei
3003 1650 3109 1722 γὰρ
3138 1653 3259 1714 ταῖς
3294 1647 3623 1721 ἐνεργείαις,
3649 1647 3719 1710 ὡς

2144 1744 2208 1796 σὺ
2245 1744 2385 1813 φῂς,
2428 1743 2485 1795 αἱ
2530 1742 2708 1795 οὐσίαι
2757 1741 3304 1812 καταλαμϐάνονται,
3340 1741 3721 1811 ἀκατάληπτον

463 1846 546 1891 tet
584 1844 643 1889 ut
684 1843 937 1889 naturam
995 1828 1237 1901 Spiritus
1283 1827 1462 1883 sancti
1515 1824 2035 1896 inc’ompreheusam

2155 1829 2279 1887 εἶναι
2326 1834 2425 1904 τὴν
2468 1832 2562 1886 τοῦ
2610 1832 2923 1902 Πνεύματος
2974 1802 3136 1901 φύσιν
3184 1802 3553 1903 ὁμολογήσεις
3566 1802 3595 1862 ⁸,
3627 1832 3720 1885 οὐκ

460 1927 721 1988 allirmes,
764 1937 889 1977 cum
925 1935 1036 1975 non
1082 1924 1338 1988 suppetat
1369 1916 1491 1985 ejus
1523 1930 1620 1986 per
1669 1911 2041 1969 continuatio‘

463 2032 587 2072 nem
622 2014 872 2085 operatio
903 2012 1109 2082 aliqua,
1161 2008 1323 2079 cujus
1364 2006 1637 2063 beneﬁcio
1678 2006 1736 2059 in
1774 2004 2043 2074 cognitiov

463 2125 590 2165 nem
634 2107 875 2178 Spiritus
913 2104 1092 2160 sancti
1146 2102 1434 2172 pervenire
1479 2101 1683 2170 possis.
1718 2097 1827 2151 Aut
1876 2095 2046 2165 igitur

464 2209 719 2259 monstra
742 2197 1020 2268 quodnam
1054 2196 1126 2251 sit
1158 2190 1456 2249 essentiale
1482 2205 1620 2260 Opus
1654 2188 1829 2244 sancti
1866 2184 2046 2255 Spiri-

467 2303 583 2357 tus,
618 2299 713 2346 aut
744 2298 857 2346 tota
886 2290 992 2345 ista
1025 2301 1242 2342 araneae
1273 2285 1396 2338 ιεια,
1411 2290 1621 2337 attactu
1648 2278 1919 2336 orationis
1948 2276 2047 2331 dif-

468 2385 622 2439 ﬂuel.
672 2381 804 2437 Nam
843 2382 888 2436 si
942 2396 1007 2435 ex
1063 2379 1386 2434 continuata
1422 2374 1743 2445 operatione
1783 2370 2044 2433 essentia,

469 2474 771 2533 secundum
801 2481 1051 2528 nostrum
1096 2464 1437 2538 intelligendi
1474 2463 1720 2524 modum,
1757 2459 2048 2530 cognosci—

470 2578 585 2632 tur,
616 2564 927 2621 essentialis
961 2575 1092 2616 vero
1118 2558 1364 2630 operatio
1409 2554 1651 2625 Spiritus
1694 2551 1867 2607 sancti
1901 2548 2048 2602 nulla

469 2670 575 2725 est,
606 2653 1067 2728 quemadmodum
1095 2651 1274 2705 Patris
1301 2649 1520 2720 quidem
1544 2645 1765 2707 Filium,
1796 2642 1918 2697 Filii
1954 2658 2052 2696 au-

471 2762 580 2809 tem
614 2750 877 2820 Spiritum
914 2753 1165 2803 sanetum
1198 2741 1470 2806 asseritis,
1517 2737 1766 2807 sequitur
1796 2742 2049 2789 naturam

475 2845 715 2916 Spiritus
760 2842 919 2911 plane
954 2836 1295 2906 incognitam
1342 2844 1397 2887 et
1439 2826 2050 2898 incomprehensibilem

473 2952 616 3002 esse,
667 2949 791 2988 cum
847 2930 996 2985 nulla
1054 2928 1175 2997 ejus
1231 2922 1577 2995 liypostatiea
1634 2918 1905 2989 operatio,
1954 2931 2054 2987 per

474 3043 639 3100 quam
672 3028 1004 3084 innotescat,
1034 3024 1245 3075 exstet-
1293 3014 1353 3069 Si
1382 3030 1512 3069 vero
1547 3012 1789 3082 Spiritus
1823 3018 2052 3065 sanctus

474 3099 1023 3191 comprehensionem
1069 3109 1280 3180 effugit,
1330 3104 1619 3177 quomodo
1647 3118 1744 3173 per
1782 3102 1858 3168 id,
1904 3099 2051 3170 quod
2079 3152 2122 3209 Ε

477 3209 869 3281 comprehendi
919 3206 1132 3275 nequit,
1184 3199 1477 3256 sublimior
1509 3198 1600 3250 illa
1656 3206 1850 3249 natura
1898 3208 2049 3248 com-

478 3299 880 3375 prehenditur?
912 3294 1046 3349 Nam
1090 3293 1136 3349 si
1176 3291 1527 3361 ignoraretur
1558 3287 1682 3341 Filii
1712 3301 1871 3355 opus,
1904 3283 2051 3354 quod

476 3403 586 3462 est,
622 3402 685 3448 ut
717 3393 930 3453 dicunt,
974 3395 1202 3442 sanctus
1251 3382 1514 3452 Spiritus,
1563 3378 1710 3434 haud
1742 3376 1810 3431 ad
1855 3375 2054 3429 Filium

481 3480 922 3556 cognoscendum
974 3478 1085 3531 ulla
1126 3476 1214 3530 via
1262 3480 1497 3546 pateret,
1548 3477 1742 3540 utpote
1785 3468 1932 3522 omni
1964 3481 2057 3520 co-

482 3573 780 3647 gnoscendi
818 3570 1024 3625 indicio
1057 3567 1382 3623 destitutum
1421 3584 1433 3619 :
1466 3575 1519 3619 et
1565 3563 1612 3618 si
1649 3559 1924 3629 Unigeniti
1964 3574 2061 3612 na-

484 3676 608 3722 tura
634 3667 738 3719 hoc
779 3663 942 3717 modo
966 3661 1259 3726 delitescit,
1291 3656 1567 3728 quomodo
1600 3670 1697 3725 per
1727 3654 1982 3706 latentem
2006 3658 2062 3705 et

484 3755 867 3815 absconditam
917 3750 1363 3807 manifestabitur
1410 3760 1665 3816 suprema
1726 3752 1781 3797 et
1829 3743 2062 3796 maxime

486 3845 732 3923 propria,
770 3862 895 3901 cum
934 3844 1174 3914 Spiritus
1197 3839 1371 3896 sancti
1410 3837 1707 3892 occultatio
1741 3835 1807 3889 ad
1847 3832 2060 3887 Patrem

488 3959 586 4016 per
611 3939 810 3996 Filium
846 3935 1151 3993 redundet?
1176 3941 1235 3989 ut
1264 3949 1332 3988 ex
1360 3932 1447 3986 his
1480 3927 1796 3985 necessario
1835 3925 2065 3980 convin-

487 4044 667 4095 catur,
702 4034 864 4088 etiam
908 4029 1157 4100 ipsorum
1202 4024 1448 4081 hostium
1498 4019 1908 4081 testiﬁcatione,
1966 4016 2065 4070 Pa-

489 4127 591 4183 tris
620 4124 985 4180 substantiam
1017 4121 1262 4189 ignotam
1295 4130 1438 4172 esse.
1469 4114 1625 4168 Unde
1651 4127 1783 4183 ergo
1808 4111 1912 4165 iste
1944 4124 2065 4181 per-

491 4217 930 4288 spicacissimus,
973 4213 1066 4282 qui
1098 4225 1222 4281 qua:
1250 4224 1356 4263 non
1411 4216 1539 4262 sunt
1579 4205 1841 4267 intuetur,
1883 4214 2064 4255 rerum

492 4324 604 4364 non
654 4304 1035 4377 apparentium
1084 4308 1137 4355 et
1184 4296 1766 4367 ineomprehensarum
1812 4299 2065 4346 naturam

493 4409 548 4457 et
568 4401 685 4469 ipse
718 4397 888 4458 videt,
926 4402 981 4449 et
1016 4408 1118 4449 nos
1165 4392 1438 4455 hortatur,
1476 4397 1534 4441 ut
1583 4402 1647 4442 ex
1677 4384 1937 4455 Operibus
1978 4398 2068 4439 es-

494 4492 724 4553 sentias,
760 4470 903 4544 et'ex
939 4486 1024 4542 his
1063 4498 1231 4556 opera
1260 4479 1690 4552 investigemus?

568 4584 770 4640 Verum
818 4581 1033 4650 reliqua
1089 4576 1455 4633 excutiamus.
1490 4570 1856 4624 Dubitationes
1890 4566 2071 4637 inquit

495 4672 561 4727 de
605 4670 1004 4739 operationibus
1061 4682 1125 4720 ea:
1186 4663 1498 4718 substantiis
1549 4658 1884 4714 resoluendus
1932 4674 2065 4713 esse.

494 4765 782 4835 Quomodo
807 4763 1008 4835 aliquis
1036 4762 1200 4818 istum
1231 4776 1262 4816 a
1286 4756 1599 4815 vanissimis
1619 4754 2071 4827 persuasionibus

493 4859 687 4915 saltem
714 4856 781 4911 ad
812 4855 1081 4909 humanas
1111 4849 1475 4922 cogitationes
1508 4846 1803 4902 traducat?
1842 4845 2071 4900 Dubita-

497 4951 675 5005 tiones
696 4948 763 5003 de
801 4944 1215 5017 operationibus
1252 4951 1477 4998 exortas
1506 4941 1806 4996 arbitratur
1834 4954 1903 4995 ex
1937 4938 2071 4993 sub-

496 5041 825 5096 stantiarum
860 5036 1174 5107 cognitione
1207 5032 1422 5089 deliniri
1453 5047 1636 5102 posse.
1660 5028 1947 5097 Quomodo
1974 5043 2073 5100 per

497 5147 562 5186 ea
608 5146 731 5199 quae
758 5128 1073 5201 cognitione
1116 5140 1227 5180 non
1267 5132 1399 5182 sunt
1448 5124 1868 5193 comprehensa,
1909 5124 2071 5177 rebus

497 5223 686 5277 dubiis
727 5221 884 5276 ﬁdem
925 5218 1278 5274 conciliabit?
1324 5216 1383 5271 Si
1427 5217 1572 5271 enim
1618 5217 1735 5286 ipsa
1764 5214 2071 5270 substantia

500 5314 780 5385 incognita
812 5322 915 5380 est,
951 5310 1231 5383 quodnam
1280 5325 1460 5381 operae
1504 5310 1740 5379 pretium
1785 5317 1869 5364 est
1902 5322 2070 5363 occu-

501 5406 615 5477 pari
642 5409 788 5460 circa
821 5405 1219 5475 operationem,
1248 5403 1408 5473 quasi
1440 5402 1587 5457 illius
1616 5401 1785 5457 ductu
1832 5399 1897 5453 ad
1928 5399 2069 5469 ejus,

500 5499 711 5567 dequo
740 5497 1059 5569 ambigitur,
1117 5495 1367 5551 notitiam
1409 5494 1743 5565 proveliendi
1786 5495 2073 5548 essemus?

504 5588 561 5643 Si
590 5605 718 5643 vero
748 5589 1089 5658 operationis
1124 5588 1410 5659 inquisitio
1465 5588 1587 5642 ideo
1618 5583 1932 5643 necessaria
1963 5590 2071 5650 est,

504 5687 564 5734 ut
594 5695 688 5749 per
714 5679 860 5735 illam
892 5680 958 5734 ad
1000 5680 1342 5744 substantiae,
1378 5695 1407 5733 a
1446 5694 1555 5750 qua
1595 5678 1733 5743 ﬂuit,
1765 5676 2073 5747 intelligen-

356 5774 365 5785 ‘
478 5771 636 5845 ltiam
669 5771 957 5837 ducamur,
988 5787 1097 5845 qua
1141 5772 1351 5829 ratione
1392 5787 1497 5826 non
1537 5771 1752 5842 cognita
1784 5768 1942 5825 nobis
1969 5768 2071 5823 du-

2141 1924 2278 1993 ἔχων
2295 1922 2435 1977 κατά
2461 1921 2522 1975 τὸ
2553 1921 2817 1993 προσεχὲς
2841 1919 3095 1992 τοιαύτην
3126 1921 3439 1992 ἐνέργειαν,
3467 1921 3582 1974 καὶ·
3603 1918 3717 1971 τούέ

2140 2034 2235 2071 του
2269 2016 2781 2088 παραστησάμενος,
2812 2014 2880 2068 δι’
2908 2014 3122 2085 ἐκείνης
3153 2014 3255 2083 τὴν
3280 2012 3379 2066 τοῦ
3413 2012 3719 2083 Πνεύματος

2144 2109 2306 2179 φύσιν
2345 2106 2787 2177 ἁναλογίσασθαι.
2833 2107 2907 2159 Ἢ
2945 2105 3123 2159 τοίνυν
3166 2104 3343 2170 δεῖξον
3380 2104 3436 2157 τί
3478 2102 3720 2165 οὐσιῶδες

2145 2202 2305 2273 ἔργον
2325 2200 2417 2255 τοῦ
2440 2199 2773 2270 Πνεύματος,
2792 2198 2859 2251 δι’
2879 2190 2940 2251 οὐ
2965 2197 3362 2269 κατειληφέναι
3392 2196 3501 2268 φῂς
3524 2196 3620 2266 τὴν
3638 2194 3721 2247 οὐ·

2148 2293 2270 2346 σίαν
2295 2291 2388 2344 τοῦ
2419 2290 2557 2345 Πνεύ
2566 2307 2731 2361 ματος
2751 2330 2765 2356 ,
2786 2289 2961 2361 ἢὸλος
2981 2291 3111 2360 ύμῖν
3130 2292 3158 2343 6
3176 2289 3331 2351 ἱστὸς
3366 2291 3469 2359 τῆς
3492 2287 3719 2358 ἀράχνης

2146 2388 2211 2456 τῇ
2246 2386 2428 2454 ἐπαφῇ
2472 2381 2566 2436 τοῦ
2593 2382 2751 2451 λόγου
2797 2383 3245 2454 περιρῤυήσεται.
3279 2382 3347 2435 Et
3393 2380 3505 2451 γὰρ
3545 2380 3606 2432 ἐκ
3633 2378 3722 2449 τῆς

2149 2475 2450 2548 προσεχοῦς
2493 2475 2773 2547 ἐνεργείας
2816 2475 3050 2546 ἡούσία
3090 2473 3426 2546 γνωρίζεται
3460 2474 3599 2527 κατὰ
3638 2471 3721 2524 τὸν

2149 2569 2415 2639 ἡμέτερον
2440 2568 2617 2635 λόγον,
2642 2568 2891 2637 ἐνέργεια
2916 2565 2974 2619 δὲ
3001 2567 3265 2637 οὐσιώδης
3293 2565 3391 2620 τοῦ
3420 2563 3721 2633 Πνεύματος

2149 2661 2394 2730 οὐδεμία,
2422 2659 2672 2729 καθάπερ
2696 2657 3033 2729 τοῦινΠατρὸς
3060 2658 3157 2728 μὲν
3184 2657 3279 2712 τὸν
3305 2657 3454 2723 Υίδν,
3482 2654 3574 2707 τοῦ
3601 2650 3717 2704 Υίοῦ

2151 2753 2207 2806 δέ
2249 2753 2309 2805 τὸ
2361 2751 2589 2823 Πνεῢμά
2638 2767 2793 2820 φατε,
2845 2750 3246 2817 ἀνεπίγνωστος
3294 2750 3514 2811 πάντως
3556 2750 3588 2818 ἡ
3635 2743 3720 2798 τοῦ

2154 2842 2469 2913 Πνεύματος
2516 2842 2677 2911 φύσις
2723 2841 2818 2895 καὶ
2836 2838 3217 2908 ἀκατάληπτος
3246 2837 3340 2891 διὰ
3367 2837 3571 2890 τούτων
3609 2851 3721 2887 σιν-

2154 2936 2530 3007 ωμολόγηταιο
2592 2934 2863 3005 μηδεμιᾶς
2910 2932 3078 3001 αὐτὴν
3135 2930 3423 3001 ἐνεργείας
3469 2928 3569 2998 τῆς
3609 2924 3745 2980 καθ’

2155 3029 2446 3082 ὑπόστασιν
2479 3027 2770 3098 νοουμένης
2798 3024 3233 3097 παραδηλούσης.
3263 3026 3328 3078 Ei
3362 3023 3416 3076 δὲ
3439 3020 3594 3077 τοῦτο
3615 3021 3720 3074 δια-

2156 3119 2394 3188 πέφευγε
2418 3118 2516 3189 τὴν
2549 3115 2872 3186 κατάληψιν,
2908 3113 3027 3177 πῶς
3058 3112 3150 3166 τοῦ
3192 3112 3268 3183 μὴ
3298 3106 3720 3180 κατειλημμένου

2155 3214 2190 3282 ἡ
2217 3209 2585 3282 ὑπερκειμένη
2597 3208 2753 3262 οὐσία
2773 3205 3247 3277 καταλαμϐάνεται
3268 3221 3283 3270 ;
3306 3204 3370 3257 Εἰ
3394 3202 3501 3272 γάρ
3523 3198 3730 3267 ἀγνοεῖ--

2155 3321 2243 3356 ται
2273 3302 2364 3357 τοῦ
2392 3300 2522 3356 Υἱοῢ
2550 3302 2612 3355 τὸ
2636 3301 2813 3373 ἔργον,
2838 3299 2972 3370 ὅπερ
2998 3298 3168 3363 ἐστὶν,
3193 3296 3272 3361 ῶς
3302 3312 3456 3366 φασι,
3484 3294 3547 3347 τδ
3565 3289 3721 3344 Πνεῦ-

2162 3413 2258 3466 μα,
2289 3395 2396 3448 οὐδ’
2432 3396 2496 3448 ἂν
2525 3396 2730 3457 ἐκεῖνος
2768 3390 3130 3460 ἐπιγνωσθείη
3170 3389 3427 3452 πάντως,
3456 3388 3520 3457 τῇ
3544 3382 3721 3454 ἀδηλίᾳ

2157 3487 2252 3541 τοῦ
2285 3486 2711 3558 τεκμηριοῦντος
2749 3483 3191 3553 συσκιαζόμενος.
3224 3482 3336 3535 Καὶ
3358 3481 3408 3533 εί
3438 3476 3530 3531 τοῦ
3560 3476 3719 3529 Μονο-

2161 3580 2351 3649 γενοῦς
2395 3580 2429 3651 ἠ
2465 3578 2621 3632 οὐσία
2650 3575 2729 3647 τῷ
2770 3576 2957 3647 τρόπῳ
2996 3574 3168 3645 τούτῳ
3209 3570 3577 3633 διαλανθάνοι,
3614 3564 3723 3627 πῶς

2161 3671 2249 3725 διὰ
2308 3670 2408 3741 τῆς
2463 3668 2832 3739 λανθανούσης
2885 3668 2919 3737 ἡ
2970 3666 3231 3720 ἀνωτάτω
3284 3664 3382 3718 καὶ
3430 3656 3718 3732 κυριωτάτη

2165 3761 2638 3833 φανερωθήσεται,
2684 3759 2784 3829 τῆς
2831 3757 2924 3811 τοῦ
2959 3757 3275 3827 Πνεύματος
3332 3752 3550 3825 ὰδηλίας
3593 3746 3733 3802 κατάν

2165 3852 2420 3907 ἀνάλυσιν
2450 3850 2539 3905 διὰ
2553 3850 2647 3905 τοῦ
2679 3849 2811 3903 Υίοῦ
2847 3849 2983 3920 πρὸς
3009 3849 3101 3903 τόν
3127 3844 3715 3920 Πατέρα-νδιαδοθείσηςς

2165 3944 2240 4009 ὡς
2268 3947 2333 3998 ἐκ
2357 3944 2560 3997 τούτων
2594 3941 2781 4012 σαφῶς
2807 3939 3245 4005 ἀποδείκνυσθαι,
3278 3942 3373 3995 καὶ
3396 3939 3485 3994 διὰ
3504 3938 3598 4008 τῆς
3622 3933 3734 3987 τῶν.

2165 4036 2374 4107 ἐχθρῶν
2404 4035 2709 4107 μαρτυρίας
2727 4075 2742 4100 ,
2768 4034 2829 4088 τὸ
2853 4033 3233 4104 ἀκατάληπτον
3259 4032 3399 4089 εἶναι
3428 4034 3595 4101 πάντη
3630 4026 3715 4081 τοῦ

2166 4126 2379 4197 Πατρὸς
2420 4126 2519 4196 τὴν
2561 4125 2767 4180 οὐσίαν.
2796 4124 2966 4179 Πόθεν
3002 4121 3095 4179 οὖν
3124 4125 3152 4177 6
3183 4124 3479 4195 ὀξυδερκὴς
3505 4116 3660 4181 οὗτος.
3690 4115 3733 4168 6η

2166 4217 2235 4272 τὰ
2268 4217 2590 4287 ἀνύπαρκτα
2618 4214 2850 4286 βλέπων,
2881 4215 2982 4286 τὴν
3013 4214 3121 4268 τῶν
3146 4215 3369 4285 ἀφανῶν
3398 4230 3455 4266 τε
3480 4211 3571 4265 καὶ
3596 4210 3716 4262 ἀκα-

2167 4310 2453 4380 ταλήπτων
2500 4305 2661 4377 φύσιν
2700 4307 2767 4361 δι’
2806 4305 3049 4380 ἀλλήλων
3082 4307 3241 4370 αὐτός
3274 4323 3335 4359 τε
3380 4305 3591 4375 βλέπει,
3632 4295 3731 4352 καὶι

2168 4404 2300 4475 ἡμῖν
2327 4398 2689 4468 ἐγκελεύεται,
2708 4399 2775 4453 ἐκ
2815 4397 2923 4452 τῶν
2951 4398 3124 4470 ἔργων
3160 4397 3260 4461 τὰς
3299 4398 3501 4459 οὐσίας,
3543 4391 3630 4446 καὶ
3662 4388 3715 4452 ἐξ

2094 4486 2145 4547 Ῑ)
2170 4492 2391 4545 ἐκείνων
2412 4489 2479 4543 τὰ
2509 4489 2646 4561 ἔργα
2674 4489 2846 4557 λέγων
2879 4488 3422 4559 καταλαμσάνεσθαι’;

2253 4583 2413 4637 Ἀλλά
2449 4582 2545 4636 καὶ
2574 4576 2667 4635 τὸν
2708 4580 2908 4651 ἐφεξῆς
2934 4580 3091 4649 λόγον
3119 4583 3572 4653 ἐπισκοπήσωμεν
3589 4593 3601 4607 ο
3631 4571 3712 4628 καὶ

2170 4672 2388 4741 τὴν-ἐπὶ
2416 4671 2876 4742 ταῖς-ἐνεργείαις
2910 4670 3073 4742 φησὶν
3091 4672 3446 4741 ἀμφιϐολίαν
3471 4664 3713 4722 διαλύειν

2171 4764 2239 4818 ἐκ
2274 4763 2389 4817 τῶν
2418 4761 2661 4817 οὐσιῶν.
2700 4762 2826 4826 Πῶς
2854 4763 2919 4818 ἄν
2955 4780 3040 4826 τις
3072 4763 3233 4816 αὐτὸν
3264 4766 3329 4817 ἐκ
3356 4762 3460 4817 τῶν
3492 4753 3733 4831 ματαίων

2173 4854 2491 4925 ὐπολήψεων
2506 4854 2823 4926 μεταγάγοι;
2845 4854 2956 4908 Καὶ
2966 4855 3071 4919 τὰς
3086 4855 3177 4909 ἐπὶ
3191 4858 3311 4920 ταῖς
3328 4852 3612 4926 ἐνεργείαις
3622 4847 3709 4915 ἀμ·

2172 4947 2417 5017 φιϐολίας
2456 4948 2627 5002 οίεται
2642 4948 2864 5003 δυνατὸν
2882 4942 3025 5003 εῖναι
3040 4948 3127 5003 διὰ
3142 4950 3240 5019 τῆς
3259 4947 3596 5019 καταλήψεως
3612 4937 3706 4992 τῶν
3728 4968 3731 4975 ι

2171 5039 2369 5096 οὐσιῶν
2400 5040 2730 5097 διαλύεσθαι.
2760 5040 2883 5105 Πῶς
2907 5040 2995 5095 διὰ
3022 5041 3131 5095 τῶν
3164 5041 3237 5113 μὴ
3292 5031 3707 5107 κατειλημμένων

2170 5131 2232 5185 τὸ
2260 5132 2725 5205 ἀμφιϐαλλόμενον
2762 5133 2842 5198 εἰς
2863 5132 3041 5186 πίστιν
3069 5132 3222 5200 ἄγει;
3253 5131 3315 5186 Εἰ
3343 5131 3438 5203 μὲν
3468 5125 3568 5197 γὰρ
3594 5134 3702 5176 κατ·

2172 5223 2393 5294 είληπτο
2426 5224 2458 5294 ἡ
2502 5224 2680 5288 οὐσία,
2725 5222 2808 5288 τίς
2839 5222 2995 5293 χρεία
3026 5218 3579 5294 πολυπραγμονεῖσθαι
3619 5210 3706 5280 τὴν

2171 5316 2472 5388 ἐνέργειαν,
2503 5314 2578 5378 ὡς
2611 5314 2678 5367 δι’
2696 5313 2916 5384 ἐκείνης
2949 5313 3244 5383 μελλόντων
3279 5312 3429 5385 ήμῶν
3458 5310 3519 5378 τῇ
3557 5315 3703 5357 κατα-

2172 5406 2330 5477 λήψει
2364 5403 2455 5458 τοῦ
2493 5403 2821 5474 ζητουμένου
2851 5402 3255 5473 προσάγεσθαις
3279 5402 3341 5457 Et
3377 5401 3430 5455 δὲ
3463 5396 3543 5450 διά
3572 5388 3706 5445 τοῦτο

2171 5498 2496 5568 ἀναγκαίαή
2522 5497 2622 5567 τῆς
2651 5496 2929 5567 ἐνεργείας
2952 5496 3215 5561 ἐξέτασις,
3244 5496 3320 5560 ὡς
3344 5494 3407 5549 ἂν
3426 5489 3507 5544 διὰ
3531 5482 3703 5547 ταύτης

2173 5589 2309 5661 πρὸς
2335 5589 2433 5661 τὴν
2461 5588 2671 5643 σύνεσιν
2693 5588 2791 5659 τῆς
2813 5587 3139 5660 ἐνεργούσης
3162 5587 3331 5659 αὐτὴν
3346 5582 3519 5642 οὐσίας
3535 5575 3703 5661 ὁδηγηῖ

2175 5658 2418 5751 θείημεν.
2448 5679 2564 5744 πῶς
2590 5680 2723 5750 ἡμῖν
2817 5658 2982 5749 μήπω
3007 5658 3308 5748 γνωσθεῖσα
3336 5674 3485 5746 φύσις
3510 5666 3597 5736 τὴν
3624 5658 3701 5712 ἐπὶ

2174 5778 2291 5839 ταῖς
2313 5774 2613 5845 ἐνεργείαις
2634 5772 2960 5843 ἀμφιϐολίαν
2984 5772 3231 5827 διαλῦσαι
3259 5770 3526 5838 δυνήσεται
3548 5778 3562 5825 ;
3586 5755 3701 5808 Παν⁶
