3922 6470
214 332 305 387 $5
1305 325 1583 382 CONTRA
1618 324 2011 395 EUNOMIUM,
2057 328 2185 383 LIB.
2227 327 2268 381 l.

3327 317 3430 376 εει

213 449 289 509 eo;
306 448 404 513 γάρ
432 443 752 514 πράγματος
787 441 1285 513 ἀμφιϐαλλομένου,
1315 443 1401 496 διὰ
1432 444 1539 497 τῶν
1566 444 1759 514 ὁμολο-

1875 444 2183 499 bitationem
2221 442 2289 498 de
2315 441 2727 513 operationibus
2759 440 3063 497 dissolvere
3107 445 3162 496 et
3195 453 3437 498 eximere

211 535 462 603 γουμένων
497 536 552 586 ai
582 532 882 597 ἀποδείξεις
907 532 1168 600 γίνονται.
1213 533 1381 585 ’Όταν
1410 533 1465 584 δὲ
1494 534 1688 603 ὲπίσης
1708 536 1765 587 ὲν

210 623 510 696 ἀμφοτέροις
599 626 709 686 τοῖς
735 623 1089 693 ζητουμένοις
1117 622 1177 675 τὸ
1204 622 1426 692 ἄδηλον
1458 623 1574 685 πῶς
1604 624 1672 676 τὰ
1697 623 1765 676 δι’

209 716 364 769 αὐτῶν
383 713 717 783 ἀγνοούμενα
740 714 807 767 δι’
836 713 1080 785 ἀλλήλων
1112 712 1628 783 καταλαμϐάνεσθαί
1660 730 1768 783 φη-

210 823 282 859 σιν
303 806 330 857 6
358 803 651 874 Εὑνόμιοςς
688 803 1196 875 Ἀμφιὸαλλομένης
1227 804 1334 875 γὰρ
1369 805 1466 873 τῆς
1508 804 1603 858 τοῦ
1652 806 1767 858 Πα-

207 896 315 967 τρδς
348 893 552 960 οὐσίας,
585 894 674 947 διὰ
703 895 804 964 τῆς
849 894 1236 965 παρεπομένης
1276 893 1425 964 αὐτῷ
1462 895 1765 964 ἐνεργείας,

207 989 287 1042 καὶ
322 985 408 1040 τοῦ
446 985 603 1057 παρὰ
638 986 840 1055 ταύτης
879 985 1331 1047 ἀποτελεσθέντος
1362 985 1560 1055 ἔργου,
1603 1002 1767 1054 φανε-

209 1078 407 1151 ροῦσθαι
435 1077 497 1129 τὸ
528 1076 866 1147 ζητούμενον
903 1076 1070 1145 λέγει.
1117 1076 1285 1131 Πάλιν
1313 1076 1369 1130 δὲ
1407 1076 1509 1146 τῆς
1535 1076 1627 1129 τοῦ
1659 1078 1769 1130 Μο-

207 1167 433 1237 νογενοῦς
456 1168 649 1231 οὐσίας
678 1168 1017 1239 ζητουμένης
1044 1168 1166 1239 ἥτις
1190 1168 1334 1220 ἐστὶν
1362 1168 1458 1235 (δν
1480 1168 1588 1221 εῐτε
1616 1168 1769 1238 ὲνέρι-

207 1276 359 1330 γειαν,
398 1258 510 1311 εἴτε
552 1260 653 1330 τῆς
682 1261 963 1327 ἐνεργείας
992 1259 1343 1330 ἀποτέλεσμα
1370 1259 1548 1328 λέγει’
1576 1261 1769 1332 κέχρη-

207 1370 282 1406 ται
306 1352 408 1423 γὰρ
435 1352 687 1421 ἐκατέρῳ
724 1350 835 1405 τῶν
861 1351 1103 1421 λόγων),
1132 1354 1195 1405 ὲκ
1228 1352 1325 1423 τῆς
1346 1352 1441 1405 τοῦ
1473 1353 1769 1424 πεποιηκό-

207 1460 285 1506 τος
314 1444 474 1514 φησὶν
500 1443 693 1506 οὐσίας
722 1441 942 1495 εὔκολον
968 1439 1108 1497 εἶναι
1134 1442 1371 1500 διαλύειν
1393 1443 1491 1513 τὴν
1520 1443 1651 1515 περὶ
1672 1441 1766 1497 τοῦ

206 1534 523 1602 Μονογενοῦς
558 1532 991 1605 ἀμφισσήτησιν.

1867 535 2107 605 poterit?
2149 534 2340 590 Omnis
2381 535 2528 589 enim
2581 533 2681 597 rei,
2723 533 2791 588 de
2837 548 2944 603 qua
2990 532 3293 593 dubitatur,
3342 529 3440 587 de-

1866 627 2216 690 monstratio,
2268 640 2335 679 ex
2370 624 2644 681 confessis
2687 632 2742 679 et
2784 624 3065 679 concessis
3098 622 3441 678 instituenda

1866 721 1972 770 est.
2009 712 2241 779 Quando
2277 722 2458 769 autem
2497 713 2776 785 aequaliter
2805 713 2859 767 in
2906 713 3176 783 utrisque,
3208 714 3274 766 de
3312 711 3437 781 qui-

1866 805 1972 860 bus
2003 805 2237 873 quaastio
2272 812 2377 870 est,
2434 804 2765 861 incertitudo
2811 804 2983 861 inest:
3014 801 3288 874 quomodo
3316 815 3441 872 quae

1868 896 1923 950 in
1953 895 2202 965 utrisque
2229 895 2474 965 ignorata
2498 903 2645 959 sunt,
2678 909 2773 964 per
2808 903 3036 964 utraque
3065 904 3254 947 mutuo
3285 900 3433 963 pate-

1868 988 1982 1042 ﬁeri
2027 987 2324 1041 Eunomius
2360 988 2551 1057 jubet?
2582 986 2718 1041 Cum
2774 986 2922 1041 enim
2969 985 3037 1041 de
3074 984 3252 1039 Patris
3306 983 3442 1039 sub-

1869 1080 2070 1134 stantia
2101 1076 2384 1134 dubitatur
2413 1087 2468 1134 et
2520 1080 2841 1150 inquiritur,
2878 1079 2993 1133 vult
3033 1093 3131 1147 per
3168 1074 3443 1146 operatio-

1869 1186 1994 1226 nem
2022 1172 2347 1228 substantiae
2375 1172 2523 1227 illius
2553 1173 2832 1234 comitem,
2864 1179 2919 1226 et
2960 1187 3029 1226 ex
3045 1184 3210 1241 opere
3241 1170 3309 1224 ab
3336 1169 3443 1223 ista

1868 1263 2188 1333 operatione
2237 1262 2429 1317 eﬂ‘ecto
2469 1264 2713 1334 ignotum
2764 1264 3030 1332 pateﬁeri.
3070 1260 3285 1316 Rursus
3312 1274 3443 1315 vero

1870 1354 1918 1410 si
1966 1362 2275 1424 quaeratur,
2331 1369 2580 1424 quamam
2638 1355 2708 1409 sit
2749 1352 3027 1423 Unigeniti
3093 1352 3439 1415 substantia,

1867 1458 2030 1514 quem
2068 1442 2465 1515 (Unigenitum)
2508 1446 2623 1498 sive
2659 1445 3055 1512 operationem,
3089 1444 3205 1498 sive
3245 1454 3443 1511 opera-

1864 1537 2035 1591 tionis
2079 1536 2334 1591 eﬂectum
2397 1536 2635 1605 appellat
2678 1538 2943 1606 (utroque
2993 1536 3135 1589 enim
3181 1530 3443 1604 loquendi

1866 1643 2069 1700 genere
2086 1628 2299 1697 utitur),
2334 1629 2577 1699 proclive
2606 1643 2730 1683 esse
2760 1629 2859 1691 ait,
2887 1643 2955 1683 ex
2984 1626 3287 1683 conditoris
3312 1623 3443 1681 sub-
3548 1670 3563 1675 ,

1868 1721 2071 1776 stantia
2104 1721 2499 1776 dubitationem
2534 1721 2599 1773 de
2630 1720 2923 1790 Unigenito
2950 1720 3269 1775 dissolvere.

274 1823 464 1887 Ἡδέως
497 1824 545 1876 δ’
578 1824 648 1877 ἂν
683 1822 957 1877 καὶτοῦτο
987 1824 1114 1894 παρ’
1141 1823 1306 1876 αὐτοῦ
1327 1821 1578 1892 μάθοιμι·
1596 1830 1609 1844 ‘
1636 1824 1765 1880 Ἐπὶ

1939 1810 2207 1866 Cmterum
2250 1813 2483 1868 libenter
2521 1824 2574 1868 et
2612 1814 2764 1868 istud
2807 1829 2873 1867 ex
2917 1814 3010 1869 illo
3040 1812 3440 1882 intelligerem,

210 1915 354 1985 μόνης
382 1915 481 1984 τῆς
510 1912 668 1976 θείας
697 1912 910 1980 φύσεως
933 1914 1031 1983 τὴν
1062 1914 1153 1965 ἐπὶ
1176 1914 1296 1974 ταῖς
1320 1912 1624 1981 ἐνεργείαις
1660 1913 1767 1982 ἀμ-

208 2003 428 2074 φιϐολίαν
452 2004 521 2056 ὲκ
546 2002 651 2072 τῆς
684 2002 1067 2073 ἐργασαμένης
1111 2003 1299 2065 οὐσίας
1331 2002 1640 2055 διαλύεσθαι
1677 2003 1767 2055 λέ-

209 2113 316 2163 γει,
352 2095 384 2165 ἢ
425 2096 521 2147 καί
566 2095 663 2146 ἐπὶ
708 2093 907 2155 παντὸς
948 2093 1291 2163 πράγματος,
1336 2087 1380 2160 ᾧ
1420 2111 1502 2157 τις
1542 2094 1768 2164 δύναμις

207 2184 437 2255 ποιητικὴ
468 2184 833 2254 συνυπάρχει,
866 2184 951 2236 διά
974 2184 1074 2253 τῆς
1117 2183 1210 2236 τοῦ
1243 2182 1519 2248 ποιοῦντος
1560 2186 1765 2249 οὐσίας,

209 2279 286 2331 καὶ
308 2278 401 2347 τὴν
425 2276 538 2330 τῶν
560 2275 865 2344 γεγονότων
887 2275 1047 2344 φύσιν
1076 2275 1446 2343 ἐπιγινώσκει.
1468 2278 1530 2330 Ei
1560 2279 1656 2348 μὲν
1678 2274 1770 2332 οὖν

208 2365 283 2416 ἐπὶ
310 2364 473 2434 μόνης
505 2364 611 2435 τῆς
664 2363 814 2426 Θείας
840 2363 1120 2434 δυνάμεως
1148 2365 1208 2417 τὸ
1253 2365 1493 2420 τοιοῦτον
1536 2368 1772 2437 ἀποφαί-

210 2472 337 2507 νεται
366 2454 572 2525 δόγμα,
604 2453 834 2518 δειξάτω
890 2454 1009 2518 πῶς
1052 2455 1152 2525 τὴν
1203 2456 1612 2527 ἀμφισϐήτησιν
1663 2458 1769 2511 τῶν

208 2544 287 2597 τοῦ
332 2544 464 2598 Θεοῦ
522 2544 708 2616 ἔργων
753 2544 959 2598 διαλύει
996 2547 1083 2599 διὰ
1121 2548 1217 2617 τῆς
1241 2548 1334 2600 τοῦ
1378 2551 1769 2621 ὲνεργήσαντος

210 2634 417 2704 φύσεως.
449 2636 589 2689 Ἰδοὺ
630 2635 740 2706 γὰρ
766 2636 1132 2706 ἀναμφίϐολον
1154 2637 1311 2710 ἔργον
1331 2638 1487 2703 Θεοῦ,
1518 2642 1767 2712 οὐρανὸς,

209 2726 290 2795 ﬁt:
313 2725 581 2794 θάλασσα»
617 2727 738 2790 ὅλος
765 2728 794 2779 ό
829 2727 1053 2797 κόσμος.
1095 2729 1367 2798 Ζητείσθω
1410 2730 1465 2782 δὲ
1499 2732 1620 2785 καθ’
1643 2733 1772 2786 ὑπό-

211 2819 336 2872 θεσιν
358 2858 371 2881 ,
402 2817 620 2871 τούτων
654 2818 774 2882 ἑνὸς
817 2819 850 2889 ἡ
891 2819 1047 2871 οὐσία
1078 2835 1091 2849 ο
1115 2822 1209 2874 καὶ
1251 2819 1390 2873 ἔστω
1434 2822 1659 2892 οὐρανὸς
1705 2826 1770 2895 τῇ

209 2911 389 2982 θεωρίᾳ
448 2910 553 2966 τοῦ
614 2910 774 2979 λόγου
834 2911 1209 2982 προκείμενος.
1275 2912 1773 2986 Ἀμφισαλλομένης

210 3000 366 3054 τοίνυν
391 3001 485 3054 τοῦ
518 2999 756 3070 οὐρανοῦ
781 3000 881 3069 τῆς
917 3001 1123 3065 οὐσίας,
1157 3002 1244 3055 διὰ
1272 3004 1369 3066 τὰς
1406 3005 1653 3069 ποικίλας
1682 3006 1773 3058 ἐπὶ

212 3091 361 3161 τούτῳ
408 3091 579 3156 δόξας
630 3091 740 3144 τῶν
771 3090 1036 3162 διαφόρως
1085 3094 1224 3146 κατά
1268 3094 1329 3147 τὸ
1364 3097 1526 3163 φανὲν
1560 3099 1773 3167 ἑκάστῳ

214 3182 322 3253 περὶ
340 3182 500 3236 αὐτοῦ
528 3182 1013 3253 φυσιολογούντων,
1028 3184 1145 3246 πῶς
1169 3186 1298 3255 ἡμῖν
1327 3187 1520 3256 ὲπάγει
1545 3190 1642 3258 τὴν
1663 3188 1775 3242 διά-

215 3273 344 3326 λυσιν
368 3275 465 3345 τῆς
503 3271 605 3327 τοῦ
640 3272 969 3344 ζητουμένου
1004 3275 1328 3345 ἀμφιϐολίας
1360 3277 1509 3349 ήτοῦ
1549 3295 1777 3349 πεποιη-

215 3365 349 3427 κότος
378 3370 471 3417 τὸν
514 3364 747 3435 οὐρανὸν
786 3364 1015 3435 θεωρίας
1053 3366 1285 3429 Ἐκεῖνος
1315 3365 1501 3433 ἇῦλος,
1524 3370 1771 3440 ἀόρατος,

217 3456 632 3526 ἀσχημάτιστος,
696 3456 986 3525 ἀγέννητός
1030 3473 1091 3509 τε
1129 3457 1223 3510 καὶ
1255 3458 1427 3511 εἰσαεὶ
1474 3458 1771 3530 διαμένων,

215 3546 416 3618 φθορᾶς,
430 3550 530 3601 καὶ
558 3547 887 3619 τροπῆς,καὶ
910 3547 1264 3613 ἀλλοιώσεως,
1282 3551 1371 3602 καὶ
1389 3550 1494 3604 τῶν
1521 3551 1775 3606 τοιούτων

216 3639 407 3692 πάντων
440 3638 796 3701 ἀνεπίδεκτος
824 3638 1016 3708 μένων.
1039 3638 1160 3703 Πῶς
1189 3636 1282 3694 οὖν
1309 3641 1337 3692 6
1367 3641 1620 3711 τοιαύτην
1651 3644 1776 3713 περὶ

214 3731 295 3783 τοῦ
321 3732 719 3801 ἑνεργήσαντος
745 3728 922 3781 λαὸὼν
956 3728 1053 3798 τὴν
1094 3729 1347 3795 διάνοιαν,
1379 3730 1515 3801 πρὸς
1544 3732 1640 3802 τὴν
1665 3732 1777 3784 ὲπί-

216 3838 395 3889 γνωσιν
426 3822 529 3890 τῆς
577 3819 671 3873 τοῦ
717 3819 947 3891 οὐρανοῦ
982 3819 1193 3889 φύσεως
1236 3822 1619 3893 ὲναχθήσεται;
1653 3823 1777 3888 Πῶς

218 3912 272 3965 ἐκ
294 3911 380 3965 τοῦ
406 3910 749 3983 ἀοράτου,τὺ
772 3909 984 3982 ὁρατὸν,
1013 3913 1077 3964 ὲκ
1099 3913 1193 3965 τοῦ
1230 3913 1528 3985 ἀφθάρτου,
1563 3914 1624 3967 τὸ
1650 3915 1777 3983 φθο⁴

220 4005 279 4074 ρᾷ
320 4004 680 4074 ὑποκείμενον
716 4042 733 4068 ,
763 4003 827 4055 ὲκ
884 4000 977 4055 τοῦ
1020 4003 1329 4074 ἀγεννήτως
1364 4005 1533 4069 ὄντος,
1562 4005 1625 4057 τὸ
1669 4004 1775 4058 ἀπὸ

216 4096 388 4165 χρόνου
418 4098 521 4169 τὴν
549 4095 808 4148 σύστασιν
836 4093 980 4163 ἕχον,
1000 4096 1063 4148 ὲκ
1089 4095 1181 4149 τοῦ
1208 4096 1379 4149 είσαεὶ
1410 4097 1772 4167 διαμένοντος,

215 4186 269 4238 τὸ
311 4189 646 4259 πρόσκαιρον
669 4188 1005 4259 κεκτημένον
1025 4188 1122 4260 τὴν
1158 4189 1408 4261 ὓπαρξιν,
1425 4191 1517 4243 καὶ
1547 4193 1610 4244 ἐκ
1637 4193 1776 4246 πάνυ

218 4294 307 4332 των
333 4279 437 4333 τῶν
464 4278 745 4343 ἐναντίων,
774 4278 872 4349 τὴν
900 4280 1025 4350 περὶ
1063 4280 1155 4332 τοῦ
1191 4279 1515 4352 ζητουμένου
1557 4284 1777 4353 ποιήσε-

218 4386 294 4422 ται
327 4371 657 4440 κατανόησιν
686 4387 700 4435 ;
735 4370 957 4423 Εἰπάτω
977 4372 1005 4423 6
1027 4372 1487 4441 περιεσκεμμένος
1519 4372 1585 4425 δι’
1614 4373 1776 4445 ἀκρι-

1867 1916 1998 1955 num
2024 1903 2078 1956 in
2103 1904 2219 1957 sola
2242 1911 2439 1956 natura
2466 1903 2649 1957 divina
2672 1904 3067 1959 dubitationem
3092 1903 3159 1958 de
3178 1903 3446 1972 operatio-

1868 1992 2033 2047 nibus
2059 2008 2124 2049 ex
2152 1995 2433 2062 Operamis
2467 1997 2707 2049 essentia
2740 1995 2967 2051 dissolvi
2999 2011 3159 2065 posse
3189 2002 3442 2061 asserat;

1870 2099 1940 2137 an
1970 2100 2100 2139 vero
2134 2085 2189 2139 in
2219 2086 2368 2139 omni
2402 2102 2459 2140 re
2484 2126 2496 2148 ,
2530 2087 2617 2141 cui
2665 2087 2857 2157 agendi
2902 2086 3133 2141 facultas
3168 2086 3441 2155 suppetit,

1870 2188 1968 2242 per
1984 2174 2274 2228 eﬂicientis
2290 2176 2582 2230 essentiam
2602 2176 2891 2231 eﬂ‘ectuum
2908 2193 3126 2249 quoque
3148 2178 3445 2233 essentiam

1871 2266 2214 2333 cognbscat?
2245 2264 2300 2320 Si
2332 2266 2399 2321 de
2428 2267 2543 2321 sola
2576 2268 2763 2322 divina
2800 2271 2911 2322 tale
2949 2270 3146 2340 dogma
3187 2269 3443 2333 traditur,

1872 2354 2126 2409 ostendat
2158 2357 2317 2412 nobis
2340 2398 2353 2421 ,
2404 2359 2679 2429 quomodo
2710 2360 3147 2415 dubitationibus
3169 2402 3182 2424 ,
3229 2377 3347 2430 quae
3377 2360 3447 2415 de

1872 2447 2141 2501 creaturis
2173 2445 2265 2501 Dei
2297 2449 2609 2513 exsistunt,
2644 2466 2711 2505 ex
2741 2452 3005 2505 creatoris
3051 2462 3245 2505 natura
3289 2451 3448 2506 satis‘

1873 2535 2055 2591 faciat.
2084 2537 2224 2592 Ecce
2252 2540 2393 2593 enim
2424 2541 2788 2596 indubitatum
2817 2557 2954 2611 opus
2982 2540 3075 2595 Dei
3100 2552 3183 2596 est
3207 2544 3406 2596 omium
3428 2580 3444 2607 ,

1872 2635 2047 2694 terra,
2102 2644 2285 2696 mare,
2340 2640 2485 2687 totus
2537 2632 2792 2687 mundus.
2842 2631 3125 2697 Quaeratur
3172 2648 3303 2702 ergo
3350 2648 3449 2702 per

1874 2719 2198 2789 bypothesin
2234 2723 2399 2779 unius
2431 2739 2495 2779 ex
2532 2725 2653 2779 istis
2685 2728 2923 2780 essentia
2947 2765 2961 2789 ,
2999 2726 3175 2794 sitque
3205 2726 3405 2779 ccelum
3429 2764 3446 2791 ,

1874 2812 2105 2880 exetnpti
2138 2814 2327 2882 gratia.
2369 2814 2504 2867 Cum
2538 2815 2703 2885 igitur
2733 2814 2857 2868 coeli
2889 2816 3128 2869 essentia
3156 2816 3321 2869 dubia
3350 2818 3446 2881 sit,

1875 2908 2097 2970 prepter
2124 2904 2306 2956 varias
2333 2918 2520 2956 eorum
2547 2945 2559 2964 ,
2606 2905 2700 2973 qtti
2742 2904 2893 2958 varie
2922 2903 2990 2957 de
3031 2906 3171 2958 coelo
3212 2906 3453 2974 philoso-

1877 2990 2138 3059 phantur,
2173 2993 2462 3061 Opiniones
2484 3033 2498 3057 ,
2531 2996 2806 3064 quomodo
2838 2996 3001 3051 nobis
3046 2996 3447 3052 dubitationem

1878 3081 2116 3147 eximet,
2139 3084 2259 3153 ejus
2276 3125 2289 3148 ,
2314 3086 2406 3153 qui
2439 3086 2637 3139 cmlum
2668 3086 2793 3141 fecit
2813 3127 2829 3151 ,
2853 3088 3284 3158 contemplatio?
3308 3086 3447 3141 Nam

1879 3173 1970 3228 ille
1998 3176 2242 3229 materiei
2275 3191 2470 3243 expers
2496 3188 2607 3242 est,
2637 3179 3079 3248 inaspectabilis,
3129 3180 3302 3250 ﬁgura
3350 3195 3446 3234 ca-

1876 3280 2004 3319 rens
2027 3306 2040 3329 ,
2074 3266 2495 3335 ingenerabilis,
2540 3269 2801 3338 perpclim
2846 3284 3075 3325 manens
3096 3311 3109 3336 ,
3143 3272 3447 3341 corruptio-

1874 3356 1963 3410 nis
1984 3397 1998 3420 ,
2034 3360 2384 3424 mutationis,
2414 3369 2467 3414 et
2500 3360 2839 3417 alterationis
2861 3401 2875 3425 ,
2905 3363 3262 3431 omniumque
3296 3363 3445 3418 simi-

1876 3448 2009 3502 lium
2040 3450 2292 3520 incapax.
2322 3452 2605 3517 Quomodo
2636 3452 2801 3522 igitur
2824 3453 2915 3508 ille
2936 3493 2951 3519 ,
2982 3455 3075 3525 qui
3109 3456 3203 3509 tali
3234 3464 3449 3511 senten~

1876 3540 1950 3593 tia
1980 3543 2047 3595 de
2076 3544 2199 3596 emli
2230 3544 2518 3599 conditore
2548 3543 2794 3599 imbutus
2825 3555 2939 3609 est,
2968 3546 3037 3601 ad
3075 3548 3446 3617 cognitionem

1876 3641 2116 3700 naturae,
2144 3650 2249 3705 qua
2279 3636 2477 3690 coelum
2509 3644 2755 3701 constat,
2779 3637 3141 3707 perducetur?
3164 3638 3451 3706 Quomodo

1876 3739 1941 3778 ex
1986 3725 2361 3793 inaspectabili
2383 3769 2397 3791 ,
2442 3727 2494 3781 id
2538 3727 2684 3797 quod
2712 3728 2815 3782 sub
2845 3738 3127 3798 aspectum
3160 3732 3348 3796 cadit,
3380 3748 3449 3787 ex

1876 3816 2281 3887 incorruptibili
2310 3820 2647 3890 corruptioni
2678 3820 2976 3874 obnoxium
3004 3861 3019 3887 ,
3048 3837 3113 3877 ex
3147 3833 3273 3879 ente
3304 3824 3449 3895 inge-

1874 3907 2020 3973 nito,
2062 3908 2116 3961 id
2194 3908 2337 3979 quod
2381 3925 2445 3965 ex
2494 3918 2740 3980 tempore
2770 3920 3212 3982 coagmentatum
3243 3923 3362 3980 est,
3395 3923 3451 3969 et

1876 4015 1941 4055 ex
1972 4015 2037 4055 eo
2066 4000 2210 4071 quod
2254 4016 2468 4072 semper
2511 4002 2673 4056 durat
2711 4014 2765 4058 et
2805 4012 3024 4071 manet,
3054 4004 3109 4059 id
3138 4004 3283 4074 quod
3311 4014 3450 4061 tem-

1877 4092 2152 4161 porariam
2182 4101 2238 4148 et
2278 4093 2540 4147 caducam
2587 4095 2969 4151 exsistentiam
3015 4099 3266 4168 accepit,
3294 4100 3448 4153 colli-

1877 4192 1997 4255 get,
2023 4192 2078 4240 ct
2105 4200 2171 4239 ex
2202 4185 2270 4240 iis
2309 4201 2431 4255 qua:
2473 4186 2547 4240 rei
2574 4224 2590 4251 ,
2632 4187 2699 4242 de
2740 4203 2847 4257 qua
2888 4190 3172 4258 quazritur,
3215 4205 3447 4261 prorsus

1878 4276 2261 4341 adversantur,
2287 4277 2693 4348 intelligentiam
2721 4277 3014 4334 formabit?
3036 4278 3211 4347 Dicat,
3237 4283 3331 4352 qui
3356 4298 3447 4337 ac-

1878 4377 2068 4424 curate
2090 4385 2178 4423 res
2204 4369 2453 4425 conditas
2482 4371 2811 4440 perlustrat,
2833 4370 3011 4438 dicat,
3041 4372 3263 4443 inquam
3280 4415 3294 4442 ,
3321 4390 3452 4445 quo-

217 4460 351 4526 δείας
368 4462 438 4517 τά
457 4463 594 4516 ὅντα
611 4477 623 4490 ·
649 4462 854 4515 εἰπάτω
874 4462 990 4525 πῶς
1015 4463 1129 4515 ἐστι
1158 4462 1379 4516 δυνατὸν
1416 4463 1483 4517 τὰ
1509 4463 1772 4534 ἀνομοίως

1879 4461 2042 4516 modo
2072 4461 2190 4516 ﬁeri
2220 4461 2425 4531 possit,
2458 4468 2515 4515 ut
2550 4477 2671 4532 quae
2705 4462 2993 4519 dissimilis
3029 4472 3240 4519 natura:
3282 4479 3447 4533 sunt,

218 4553 343 4605 κατὰ
369 4553 473 4624 τὴν
501 4552 663 4622 φύσιν
693 4553 906 4623 ἔχοντα,
928 4552 997 4605 δι’
1013 4552 1253 4619 ἀλλήλων
1281 4552 1733 4621 ὲπιγινώσκεσθαι
1758 4570 1775 4585 α

219 4644 378 4697 καίτοι
404 4661 471 4713 γε
494 4644 560 4698 δι’
576 4644 755 4697 αὐτῶν
776 4643 979 4697 τούτων
1006 4636 1080 4697 ὧν
1103 4643 1262 4707 αὐτός
1292 4660 1473 4714 φησιν,
1492 4644 1646 4715 εἴπερ
1666 4647 1777 4709 τοῖς

223 4737 357 4802 ἰδίοις
399 4738 821 4794 κατακολουθεῖν
855 4736 1116 4807 ἠπίστατο
1168 4738 1364 4805 λόγοις,
1400 4737 1653 4810 ὡδηγήθη
1711 4738 1777 4793 ἂν

221 4828 341 4897 πρὸς
364 4828 465 4899 τὴν
484 4828 578 4882 τοῦ
595 4827 1051 4899 ἑκκλησιαστικοῦ
1068 4826 1337 4898 δόγματος
1358 4829 1773 4897 συγκατάθεσιν.

222 4917 276 4971 Et
302 4920 410 4991 γὰρ
449 4922 483 4990 ἠ
509 4918 603 4972 τοῦ
632 4920 959 4989 ποιήσαντος
1004 4917 1162 4986 φύσις
1191 4918 1249 4971 τὸ
1280 4920 1408 4989 παρ’
1429 4920 1593 4990 αὐτῆς
1622 4937 1779 4988 γεγε-

221 5011 438 5079 νημένον
462 5010 723 5074 δείκνυσι,
748 5008 931 5072 καθὼς
960 5001 1114 5073 οὗτός
1153 5026 1307 5080 φησι,
1332 5009 1455 5081 ποίη
1466 5027 1539 5077 μα
1572 5010 1627 5062 δὲ
1650 5012 1779 5081 ,κατ’

221 5098 453 5162 αὐτοὺςό
479 5098 606 5162 Υἱός
655 5101 771 5152 ἐστι
810 5098 905 5152 τοῦ
952 5099 1184 5171 Πατρδς,
1224 5100 1439 5163 πάντως
1469 5102 1497 5153 ὁ
1544 5100 1642 5173 τὴν
1685 5101 1778 5155 τοῦ

224 5187 419 5259 nam;
458 5190 617 5260 φύσιν
668 5192 1026 5261 κατανοήσας,
1052 5192 1147 5245 καὶ
1181 5192 1279 5264 τὴν
1320 5192 1415 5245 τοῦ
1447 5194 1781 5262 Μονογενοῦς

224 5277 285 5330 δι’
304 5281 511 5352 ἐκείνης
539 5280 833 5352 ἐγνώρισεν
859 5300 871 5314 ·
900 5283 1056 5353 εἴπερ
1084 5285 1117 5353 ή
1141 5282 1234 5336 τοῦ
1266 5284 1653 5353 ὲνεργήσαντος
1681 5284 1779 5355 φύ-

228 5386 299 5433 σις
348 5373 408 5425 τὸ
432 5374 722 5444 ὲνεργηθὲν
757 5375 1124 5444 ἀπεσήμηνεν.

298 5463 383 5527 Ὡς
413 5466 505 5518 καὶ
546 5465 637 5519 διὰ
691 5465 879 5519 τούτου
912 5465 1003 5519 τὸν
1044 5465 1145 5535 τῆς
1186 5465 1565 5537 ἀνομοιότητος
1581 5465 1782 5538 αὐτῆς⁶

227 5550 510 5625 Πονογενῆ,
530 5554 641 5609 τῶν
668 5554 767 5624 τῆς
795 5554 1055 5625 Προνοίας
1083 5555 1259 5623 ἔργων
1278 5555 1745 5626 ἀποσχοινίζεσθαι
1762 5573 1777 5588 ·

233 5642 385 5713 μηδὲν
412 5645 966 5718 πολυπραγμονείσθω
994 5648 1027 5718 ἡ
1060 5648 1290 5716 γένεσις,
1321 5646 1453 5717 μηδὲ
1489 5646 1782 5719 βεϐιασμέ-

230 5748 327 5798 νως
349 5737 548 5793 ἐκεῖθεν
568 5739 603 5811 ἡ
628 5738 947 5811 ἀνομοιότης
971 5738 1064 5794 τοῦ
1098 5738 1431 5809 Μονογενοῦς
1458 5738 1777 5809 ἑλεγχέσθω.

1879 4567 1975 4623 per
2021 4568 2082 4607 se
2130 4560 2318 4606 mutuo
2368 4554 2809 4623 cognoscantur?
2850 4552 3173 4625 Quanquam
3218 4572 3317 4627 per
3358 4558 3451 4611 illa

1880 4643 1999 4712 ipsa
2043 4658 2161 4713 qua
2192 4641 2354 4708 dicit,
2389 4644 2434 4698 si
2483 4645 2722 4713 propriis
2765 4646 2880 4700 suis
2923 4647 3271 4705 sermonibus
3316 4650 3454 4705 insi-

1880 4744 2025 4789 stere
2072 4742 2291 4800 nosset,
2337 4750 2402 4790 eo
2448 4736 2645 4791 adduci
2700 4745 2915 4809 posset,
2967 4749 3026 4793 ut
3073 4741 3450 4799 ecclesiastico

1880 4824 2118 4893 dogmati
2147 4840 2430 4880 assensum
2460 4828 2738 4896 pra-heret.
2770 4826 2824 4882 Si
2856 4829 2999 4883 enim
3034 4831 3329 4886 conditoris
3356 4848 3451 4886 na~

1880 4923 2038 4981 tura,
2094 4916 2148 4969 id
2189 4916 2334 4986 quod
2384 4921 2451 4971 ab
2503 4918 2593 4971 illa
2640 4918 2967 4987 productum
3010 4928 3133 4986 est,
3177 4923 3451 4989 ostendit,

1880 5019 2044 5078 prout
2073 5008 2189 5079 ipse
2222 5009 2485 5075 allirmat,
2524 5026 2663 5079 opus
2704 5020 2884 5065 autem
2927 5027 2990 5067 ex
3037 5012 3282 5081 ipsorum
3327 5029 3457 5069 seu.

1880 5098 2088 5162 tentia,
2136 5108 2218 5155 est
2258 5098 2464 5166 Filius,
2515 5100 2677 5169 plane
2726 5110 2977 5171 oportet,
3025 5110 3084 5155 ut
3129 5103 3222 5171 qui
3274 5102 3454 5163 Patris

1880 5200 2135 5244 naturam
2166 5192 2481 5262 cognoscit,
2530 5202 2829 5262 cognoscat
2873 5208 3091 5262 quoque
3131 5209 3228 5263 per
3269 5195 3453 5264 illam,

1882 5280 2156 5355 Unigeniti
2200 5293 2488 5348 naturam;
2531 5283 2577 5338 si
2623 5282 2971 5353 producentis
3015 5292 3209 5339 natura
3251 5286 3459 5342 indicat

1881 5377 2045 5433 etiam
2075 5376 2131 5431 id
2166 5376 2309 5446 quod
2346 5376 2671 5447 productum
2702 5384 2804 5431 est.

1953 5466 2095 5532 Quin
2147 5476 2200 5521 et
2264 5483 2360 5537 per
2414 5466 2554 5523 hanc
2613 5466 2677 5521 de
2726 5464 3093 5536 inaequalitate
3140 5464 3455 5524 doctrinam

1883 5552 2235 5626 Unigenitum
2267 5571 2296 5609 a
2329 5556 2688 5612 Providentia:
2734 5556 2993 5625 operibus
3026 5557 3344 5615 excludunt.
3373 5557 3453 5614 Nc

1884 5646 2184 5703 studiosius
2209 5661 2539 5718 occupemur
2564 5647 2712 5702 circa
2736 5647 2857 5718 ejus
2886 5648 3291 5720 generationem
3312 5690 3327 5716 ,
3355 5665 3454 5706 ne-

1884 5754 1991 5810 que
2042 5738 2176 5839 (inde
2227 5740 2493 5803 violenter
2531 5741 2875 5818 inaequalitas
2918 5741 3043 5802 Filii
3067 5743 3451 5818 redarguam.
