3922 6588
468 323 577 381 ΈΒῚ

1682 317 1737 371 s.
1771 300 2092 370 GREGORH
2125 297 2413 366 stsaxt

3598 293 3698 360 388

473 433 682 491 Sullicit
726 434 870 488 enim
904 439 957 486 et
1010 433 1349 487 volnntatdm
1378 428 1670 487 diversitas
1698 431 1764 485 ad
1799 433 1901 485 hoc
1922 469 1935 489 ,
1971 434 2029 481 ιιι

2157 428 2413 497 ιὺτάρκης
2432 426 2539 496 γὰρ
2584 423 2733 495 καὶὴ
2767 423 2873 477 τῶν
2916 421 3281 493 προαιρέσεων
3324 417 3563 486 διαφορὰ
3608 417 3702 488 τὴν

472 535 681 583 natura:
710 523 1075 579 diversitatem
1106 523 1364 577 notiﬁcet.
1392 522 1734 594 Quapwpter
1761 537 1886 577 cum
1913 535 2031 575 om-

472 620 650 680 nium,
675 614 834 669 etiam
864 613 1323 677 adversariorum,
1353 614 1722 675 confessione,
1750 613 1925 682 prima
1954 626 2036 664 es-

475 706 650 763 sentia
691 704 918 773 simplex
964 704 1068 767 sit,
1112 704 1484 758 necessarium
1535 717 1761 773 prorsus
1809 709 1925 766 est,
1976 708 2034 754 ut

473 799 724 846 naturam
758 791 1012 845 voluntas
1055 798 1109 844 et
1151 790 1345 845 electio
1382 791 1709 856 comitetur;
1749 804 1872 843 cum
1905 800 2035 843 vero

474 884 616 938 bona
650 883 899 937 voluntas
935 897 1029 953 per
1062 882 1455 951 providentiam
1491 883 1925 945 demonstretur,
1960 880 2036 934 si:-

475 976 589 1031 mul
630 976 798 1030 etiam
840 975 1246 1028 demonstratur
1286 974 1482 1028 bonam
1515 988 1637 1027 esse
1673 982 1959 1031 naturam,
2005 986 2032 1022 a

476 1082 584 1136 qua
614 1077 698 1121 est
730 1066 1005 1119 voluntas.
1039 1062 1176 1117 Cum
1212 1079 1343 1118 vero
1370 1064 1520 1117 solus
1547 1062 1707 1116 Pater
1737 1061 1880 1114 bona
1909 1074 2036 1129 0pc-

479 1166 652 1219 retur,
697 1154 869 1210 Filius
915 1160 1094 1208 autem
1135 1152 1323 1207 eadem
1355 1166 1463 1206 non
1500 1152 1664 1206 vellet
1706 1150 1941 1220 (loquor
1971 1164 2036 1202 ex

478 1247 766 1318 hypothesi
797 1244 1231 1299 adversariorum
1260 1242 1480 1314 gratia),
1501 1240 1723 1296 evidens
1747 1247 1895 1294 esset
1928 1238 2038 1292 dif-

478 1335 707 1392 ferentia
756 1335 812 1389 in
839 1343 1068 1399 natura,
1121 1341 1306 1403 utpote
1344 1332 1661 1387 diversitate
1699 1332 2035 1387 voluntatum

476 1435 694 1482 testata.
733 1426 802 1479 At
846 1427 892 1481 si
934 1425 1094 1480 Pater
1138 1426 1533 1495 providentiam
1577 1423 1821 1478 omnium
1866 1421 2036 1491 gerit,

479 1519 752 1587 similique
777 1518 936 1571 modo
961 1516 1130 1571 Filius
1161 1518 1418 1571 omnibus
1451 1515 1698 1585 providet
1731 1514 1873 1583 (quae
1896 1513 2039 1566 enim

477 1610 624 1665 videt
650 1609 863 1663 Patrem
897 1609 1181 1663 facientem
1204 1647 1219 1671 ,
1255 1608 1508 1661 similiter
1538 1616 1590 1660 et
1619 1603 1794 1659 Filius
1829 1603 1998 1670 facit)
2028 1618 2041 1657 :

482 1700 738 1755 identitas
766 1701 1060 1755 voluntatis
1080 1742 1095 1766 ,
1118 1699 1432 1754 earumdem
1466 1698 1653 1753 eadem
1691 1711 1921 1767 prorsus
1944 1710 2041 1749 vo-

479 1794 742 1856 lentium,
791 1792 1227 1846 communionem
1284 1792 1337 1844 in
1390 1799 1581 1843 natura
1623 1788 1881 1843 ostendit.
1933 1786 2041 1841 Cur

479 1883 647 1954 igitur
681 1883 928 1951 rejicitur
955 1895 1136 1935 sermo
1177 1881 1244 1935 de
1282 1881 1658 1950 providentia,
1701 1877 1859 1948 quasi
1908 1876 2042 1931 nihil

478 1977 598 2046 opis
628 1974 693 2028 ad
738 1972 1072 2043 propositam
1120 1972 1472 2041 quaestionem
1521 1968 1809 2023 conferat?
1859 1966 2042 2033 Quano

480 2080 642 2133 quam
673 2064 844 2117 multa
875 2063 1038 2117 etiam
1072 2074 1134 2115 ex
1166 2061 1439 2114 communi
1471 2060 1574 2113 hac
1599 2060 1707 2112 vita
1729 2060 2043 2127 desumpta,

482 2154 836 2225 disputationi
886 2166 1087 2206 nostra:
1135 2151 1527 2218 sulIragantnr,
1578 2150 1822 2219 intelligo
1865 2158 2044 2203 autent

482 2247 740 2300 omnibus
798 2251 924 2297 nota
982 2242 1247 2309 exempla.
1306 2241 1410 2307 Qui
1460 2241 1601 2309 ignis
1650 2241 1824 2295 lucem
1881 2239 2045 2304 vidit,

482 2343 536 2389 et
585 2332 946 2387 calefactricis
999 2330 1254 2401 potentia:
1303 2331 1736 2399 experimentum
1786 2331 1957 2399 cepit,
2001 2330 2048 2384 si

484 2425 538 2478 in
598 2423 757 2476 aliam
817 2421 1129 2490 hujusmodi
1186 2420 1360 2474 lucem
1411 2432 1464 2475 et
1509 2422 1746 2476 calorem
1800 2422 2047 2475 incidat:

482 2518 759 2571 enimvero
786 2514 842 2568 in
875 2514 1124 2567 notitiam
1155 2513 1295 2584 ignis
1343 2512 1643 2568 deducetur
1691 2528 1757 2568 ex
1792 2513 2051 2568 similitu-

483 2609 609 2662 dine
637 2620 988 2676 eorum,quaz
1016 2620 1176 2660 sensu
1234 2605 1496 2675 percepit,
1544 2605 1611 2659 ad
1671 2606 2051 2675 cognationem

484 2707 538 2753 et
560 2697 990 2752 convenientiam
1026 2705 1250 2758 naturae,
1300 2711 1398 2765 per
1457 2709 1622 2765 quam
1670 2695 1858 2749 elfecta
1900 2701 2050 2759 sunt,

485 2796 816 2857 provectus;
870 2800 975 2839 non
1027 2785 1171 2839 enim
1225 2782 1432 2853 aliquid
1491 2784 1693 2844 omnia,
1742 2800 1864 2854 quae
1913 2784 2055 2854 ignis

485 2885 634 2942 sunt,
662 2882 863 2944 ageret,
917 2874 960 2928 si
994 2875 1134 2943 ignis
1164 2887 1271 2928 non
1306 2882 1473 2928 esset.
1500 2873 1592 2927 Sic
1623 2873 1668 2928 si
1713 2872 1768 2927 in
1821 2872 1979 2928 Patre
2005 2884 2059 2929 et

486 2968 624 3023 Filio
647 2969 876 3022 similem
910 2982 1155 3036 prorsus,
1180 2975 1232 3019 et
1272 2967 1535 3035 aqualem
1565 2965 1921 3035 providentiae
1973 2981 2058 3018 ra-

2130 514 2228 580 τῆς
2254 514 2466 582 φύσεως
2500 512 2791 582 ἑτερότητα
2824 510 3161 581 φανερῶσαι’
3195 508 3330 562 διότι
3363 506 3544 576 ἁπλῆς
3570 503 3699 559 εἶναι

2136 602 2677 672 συνομολογηθείσης,
2714 604 2807 654 καὶ
2834 602 2982 672 παρὰ
3008 602 3115 653 τῶν
3134 592 3416 659 ἐναντίων,
3442 599 3543 667 τῆς
3568 597 3702 666 πρό»ἱ

2134 708 2232 763 της
2279 694 2484 756 οὐσίας,
2518 693 2823 761 ἐπάναγκές
2853 694 2967 745 ἐστι
3004 695 3070 762 τῇ
3101 692 3257 759 φύσει
3300 690 3605 759 σύνδρομον
3624 691 3706 741 ἔνο

2136 785 2273 835 νοεῖν
2301 782 2397 852 τὴν
2439 783 2754 853 προαίρεσιν
2788 797 2800 809 ’
2837 784 2933 852 τῆς
2974 781 3030 834 δὲ
3076 782 3453 851 προαιρέσεως
3509 777 3708 844 ἀγαθῆς

2135 873 2219 926 διὰ
2242 875 2339 943 τῆς
2375 875 2625 943 προνοίας
2647 874 3055 944 ἀποδειχθείσης
3077 916 3089 937 ,
3104 873 3280 942 ἀγαθὴ
3316 868 3704 939 συναπεδείχθη

2139 966 2232 1018 καὶ
2262 967 2293 1033 ἡ
2324 964 2502 1032 φύσις,
2538 967 2628 1035 ἀφ’
2656 962 2721 1037 ἦς
2749 970 2780 1036 ἡ
2822 967 3163 1036 προαίρεσις·
3196 965 3359 1034 μόνου
3389 963 3448 1015 δὲ
3481 961 3575 1014 τοῦ
3603 963 3708 1014 Παο

2136 1054 2264 1124 τρὺς
2289 1056 2357 1109 τὰ
2389 1057 2567 1123 ἁγαθὰ
2600 1058 2963 1129 ἐνεργοῦντος,
2991 1056 3085 1110 τοῦ
3113 1056 3170 1108 δὲ
3198 1054 3327 1108 Υίοῦ
3360 1055 3437 1124 μὴ
3467 1053 3536 1105 τὰ
3581 1050 3711 1106 αὐτὰ

2141 1150 2571 1219 προαιρουμένου
2602 1152 2620 1219 (
2643 1150 2784 1216 λέγω
2812 1149 2865 1202 δὲ
2893 1150 3011 1202 καθ’
3042 1147 3297 1201 ὑπόθεσιν
3320 1146 3436 1197 τῶν
3464 1143 3709 1197 ἐναντίων

2140 1241 2354 1309 ἕνεκεν)
2376 1278 2391 1303 ,
2412 1242 2675 1313 πρόδηλος
2702 1243 2766 1295 ἃν
2789 1238 2855 1313 ἦν
2881 1243 2913 1312 ἡ
2947 1242 3083 1295 κατὰ
3109 1241 3204 1311 τὴν
3236 1239 3430 1293 οὐσίαν
3465 1236 3708 1307 διαφορὰ,

2141 1331 2220 1399 τῷ
2257 1324 2694 1403 παρηλλαγμένῳ
2726 1334 2833 1386 τῶν
2867 1334 3235 1405 προαιρέσεων
3269 1331 3707 1402 μαρτυρουμένη.

2144 1422 2207 1475 Εἰ
2234 1422 2288 1474 δὲ
2316 1428 2528 1494 προνοεῖ
2569 1426 2668 1494 μὲν
2707 1427 2734 1477 6
2765 1425 2949 1495 Πατὴρ
2980 1425 3086 1477 τῶν
3111 1425 3390 1484 ἁπάντων,
3424 1423 3637 1492 προνοεῖ
3660 1421 3712 1473 δὲ

2142 1513 2402 1579 ὡσαύτως
2451 1518 2543 1569 καὶ
2587 1518 2615 1569 6
2671 1518 2795 1580 Υἱὸς
2845 1517 2912 1582 (ἃ
2957 1517 3066 1586 γὰρ
3114 1516 3299 1585 βλέπει
3353 1514 3449 1566 τὸν
3504 1513 3713 1583 Πατέρα

2146 1603 2417 1666 ποιοῦντα,
2433 1606 2525 1658 καὶ
2542 1608 2568 1657 6
2586 1604 2712 1668 Υἱὸς
2732 1606 2929 1675 ὁμοίιος
2949 1610 3118 1673 ποιεῖ)
3143 1609 3203 1676 ’ἡ
3224 1605 3333 1656 τῶν
3349 1602 3712 1675 προαιρέσεων

2144 1694 2404 1763 ταυτότης
2438 1695 2495 1747 τὸ
2526 1694 2700 1747 κοινὸν
2733 1696 2830 1763 τῆς
2871 1696 3083 1763 φύσεως
3121 1694 3228 1745 τῶν
3258 1694 3326 1745 τὰ
3358 1692 3501 1745 αὐτὰ
3536 1708 3713 1762 προαι-

2146 1784 2422 1860 ρουμένων
2458 1788 2671 1848 πάντως
2704 1786 3055 1838 ἐνδείκνυται.
3076 1783 3173 1836 Διὰ
3198 1785 3248 1836 τί
3274 1782 3371 1837 οὖν
3395 1783 3712 1853 ἁτιμάζεται

2144 1881 2172 1933 6
2198 1880 2294 1949 τῆς
2325 1880 2576 1948 προνοίας
2607 1878 2780 1945 λόγος,
2815 1878 2889 1940 ὡς
2919 1877 3171 1946 οὐδεμίαν
3210 1877 3472 1947 παρέχων
3503 1876 3637 1945 πρὸς
3658 1876 3713 1928 τὸ

2147 1968 2474 2040 ζητούμενον
2516 1970 2614 2041 τὴν
2664 1969 2950 2039 συνεργίαν
2981 1986 2995 2033 ;
3031 1967 3217 2022 Καίτοι
3256 1968 3431 2021 πολλὰ
3474 1969 3568 2020 καὶ
3614 1966 3713 2019 τῶν

2146 2061 2286 2114 κατά
2315 2062 2403 2113 τὸν
2428 2061 2538 2131 βίον
2580 2060 2989 2130 ὑποδειγμάτων
3017 2060 3094 2129 τῷ
3135 2060 3393 2129 ἡμετέρῳ
3432 2059 3573 2128 λόγῳ
3604 2074 3715 2109 συν-

2148 2151 2644 2219 αγωνίζεται,λέγω
2669 2151 2725 2203 δὲ
2747 2151 2853 2203 ἀπὸ
2882 2150 2988 2203 τῶν
3017 2152 3147 2203 πᾶσι
3175 2150 3472 2220 γνωρίμων
3505 2149 3571 2200 τὰ
3595 2149 3715 2200 ὑποι

2148 2242 2432 2312 δείγματα.
2474 2242 2532 2294 '0
2562 2241 2655 2294 τοῦ
2693 2240 2860 2310 πυρὸς
2890 2242 2949 2294 τὸ
2979 2241 3094 2310 φῶς
3124 2241 3474 2309 τεθεαμένος,
3506 2240 3598 2292 καὶ
3626 2237 3716 2306 τῆς

2151 2330 2518 2401 θερμαντικῆς
2550 2330 2710 2383 αὐτοῦ
2768 2331 3047 2400 δυνάμεως
3096 2332 3177 2394 είς
3228 2334 3429 2401 πεῖραν
3462 2329 3646 2391 ἐλθὼν,
3672 2329 3716 2378 εί

2151 2422 2293 2492 ἄλλῳ
2314 2423 2536 2491 τοιούτῳ
2568 2423 2726 2491 φωτὶ,
2752 2422 2845 2474 καὶ
2875 2423 3164 2493 θερμότητι
3198 2422 3426 2493 τοιαύτῃ
3458 2422 3715 2481 πελάσειεδ

2151 2513 2387 2583 δηλονότι
2426 2512 2561 2583 πρὸς
2597 2514 2695 2583 τὴν
2728 2513 2820 2566 τοῦ
2869 2514 3036 2583 πυρὸς
3085 2512 3294 2567 ἔννοιαν
3333 2513 3716 2583 ἀπαχθήσεται,

2153 2605 2217 2656 ἐκ
2263 2603 2361 2672 τῆς
2396 2604 2707 2673 ὁμοιότητος
2757 2603 2863 2655 τῶν
2914 2602 3188 2671 φανέντων
3229 2602 3404 2671 αὐτῷ,
3452 2600 3585 2671 πρὸς
3627 2598 3717 2668 τὴν

2157 2694 2471 2762 συγγένειαν
2501 2695 2599 2765 τῆς
2631 2694 3089 2765 ἀπεργασαμένης
3126 2692 3265 2746 αὐτὰ
3297 2693 3515 2760 φύσεως
3543 2688 3717 2758 ἐναγό-

2159 2802 2317 2856 μενος
2337 2800 2349 2813 ·
2392 2785 2452 2837 οὐ
2484 2785 2593 2855 γὰρ
2624 2786 2689 2839 ἄν
2722 2803 2775 2838 τι
2800 2786 2936 2839 κατὰ
2959 2787 3134 2840 πάντα
3167 2784 3234 2837 τὰ
3261 2785 3358 2838 τοῦ
3385 2784 3556 2855 πυρὸς
3581 2784 3720 2853 ἐνερε-

2156 2878 2341 2947 γήσειε
2374 2876 2448 2948 μὴ
2487 2877 2595 2949 πῦρ
2616 2878 2675 2930 δν
2697 2895 2709 2909 ·
2745 2876 2916 2941 οὕτως
2949 2878 3107 2948 αἴπερ
3143 2876 3328 2946 ὅμοιον
3372 2875 3467 2929 καὶ⁵
3494 2870 3605 2927 ἴσον
3638 2872 3718 2924 τὸν

2160 2971 2320 3024 αὑτὸν
2353 2971 2451 3041 τῆς
2492 2970 2746 3041 προνοίας
2770 2969 2927 3037 λόγον
2965 2967 3043 3038 τῷ
3072 2985 3131 3020 τε
3167 2969 3347 3038 Πατρὶ
3390 2966 3486 3020 καὶ
3507 2964 3583 3034 τῷ
3620 2962 3721 3031 Υίῴ

488 3062 689 3115 tionem
745 3058 1113 3125 agnoscimus;
1170 3064 1299 3109 tunc
1333 3063 1387 3110 et
1427 3072 1521 3125 per
1542 3071 1663 3117 res,
1693 3070 1815 3125 quae
1860 3056 1914 3110 in
1956 3072 2048 3109 no-

2164 3062 2504 3133 καθορῶμεν,
2527 3060 2613 3112 διὰ
2640 3060 2747 3111 τῶν
2769 3062 2847 3122 είς
2862 3059 2960 3129 τὴν
2982 3058 3253 3128 ἡμετέραν
3280 3057 3486 3124 γνῶσιν
3517 3054 3721 3123 φθανόν-

488 3159 657 3205 stram
692 3147 1100 3218 intelligentiam
1140 3146 1359 3209 cadunt,
1393 3154 1446 3201 et
1471 3162 1565 3215 per
1589 3147 1732 3213 illas,
1757 3162 1879 3217 qua:
1910 3162 2060 3201 eam-

489 3239 609 3294 dem
650 3246 927 3309 superant,
964 3238 1292 3307 colligimus,
1343 3238 1397 3289 in
1452 3237 1519 3291 iis
1569 3237 1768 3306 quibus
1822 3240 2063 3309 aequales

490 3346 716 3403 prorsus
746 3340 798 3385 et
828 3329 1033 3385 similes
1058 3338 1184 3383 sunt
1237 3330 1503 3391 actiones,
1550 3328 1686 3382 nihil
1724 3330 2064 3385 diversitatis

493 3424 548 3476 in
595 3430 787 3475 natura
831 3421 1079 3490 reperiri.
1131 3419 1339 3475 Etenim
1387 3420 1842 3489 quemadmodum
1877 3430 2066 3475 mutuo

494 3527 618 3567 sese
647 3511 847 3566 habent
880 3519 1103 3565 externa
1126 3509 1391 3579 cujusque
1414 3511 1615 3564 indicia
1650 3527 1661 3563 ε
1708 3511 1788 3565 sic
1818 3527 2069 3568 necessa-

495 3603 580 3656 rio
602 3602 764 3655 etiam
796 3616 917 3656 sese
947 3601 1223 3656 habebunt
1244 3616 1306 3654 ea
1332 3616 1452 3671 quae
1505 3602 1779 3657 substrata
1816 3611 1943 3657 sunt
1974 3621 1989 3669 ;
2015 3611 2067 3658 et

497 3693 543 3750 si
574 3692 769 3747 indicia
794 3691 896 3746 sibi
927 3692 1198 3746 contraria
1227 3701 1371 3759 sunt,
1396 3695 1640 3763 sequitur
1672 3709 1734 3748 ea
1763 3695 1926 3752 etiam
1948 3710 2068 3764 qua:

495 3785 586 3841 his
640 3786 785 3839 notis
832 3791 886 3839 et
933 3784 1196 3853 symbolis
1250 3784 1536 3853 pateﬁunt,
1578 3786 1857 3840 contraria
1916 3802 2062 3843 esse.

497 3876 651 3947 Quod
683 3878 729 3931 si
773 3876 886 3930 hzec
920 3876 1170 3931 similiter
1201 3891 1321 3932 sese
1350 3876 1573 3940 habent,
1605 3892 1781 3947 neque
1816 3878 1906 3931 illa
1951 3877 2065 3933 dis-

500 3965 754 4021 similiter
809 3980 930 4020 sese
971 3964 1271 4019 habebunt.
1337 3964 1402 4019 Et
1455 3968 1912 4037 quemadmodum
1972 3984 2069 4037 per

498 4058 725 4128 aenigma
754 4055 1014 4111 Dominus
1042 4057 1137 4119 ait,
1199 4056 1411 4113 fructus
1465 4074 1589 4114 esse
1630 4060 1785 4130 signa
1837 4067 2066 4123 naturae,

498 4167 607 4222 qua
637 4150 856 4203 arbores
897 4158 1169 4214 constant,
1212 4151 1369 4220 quasi
1421 4152 1534 4205 lucc
1575 4152 1702 4206 talia
1752 4161 1947 4221 praeter
1974 4168 2071 4206 na-

501 4247 679 4294 turam
706 4255 811 4292 non
842 4240 1215 4304 immutentur,
1247 4256 1370 4296 cum
1400 4258 1572 4313 neque
1600 4244 1756 4298 malis
1781 4245 2070 4300 arboribus

500 4328 629 4383 boni
658 4327 890 4391 fructus,
916 4344 1093 4399 neque
1116 4330 1231 4383 vice
1261 4346 1417 4386 versa
1445 4332 1604 4386 bonis
1632 4333 1921 4390 arboribus
1945 4336 2068 4389 mali

2162 3169 2289 3214 των,
2329 3152 2423 3204 καὶ
2468 3151 2575 3203 τῶν
2619 3148 3065 3220 ὑπερπιπτόντων
3110 3147 3208 3217 τὴν
3240 3144 3547 3215 κατάληψιν
3578 3141 3721 3213 ἡμῶν

2166 3242 2550 3314 στοχαζόμεθα,
2590 3242 2666 3305 ὼς
2696 3242 2795 3294 οὐκ
2820 3240 2886 3293 ἂν
2928 3239 3021 3294 τοῦ
3066 3238 3412 3309 ἐτερογενοῦς
3452 3236 3589 3291 κατὰ
3634 3234 3720 3304 τὴν

2166 3330 2323 3400 φύσιν
2348 3333 2459 3392 τοῖς
2483 3332 2614 3394 ἴσοις
2654 3331 2747 3383 καὶ
2773 3329 2979 3399 ὁμοίοις
2998 3329 3334 3399 ὲνεργήμασι
3370 3324 3724 3396 καταληφθέν-

2164 3437 2274 3483 τος.
2308 3420 2410 3473 Kal
2442 3421 2549 3490 γὰρ
2576 3422 2723 3484 ὅπως
2762 3420 2825 3475 ἂν
2849 3420 2946 3491 ἔχῃ
2971 3420 3107 3491 πρὸς
3136 3420 3343 3491 ἄλληλα
3374 3420 3443 3474 τὰ
3473 3414 3723 3487 ἐπιφαινόι

2170 3528 2305 3582 μενα
2333 3512 2544 3581 ἑκάστῳ
2582 3511 2956 3582 γνωρίσματα,
2981 3511 3151 3576 οὕτως
3174 3513 3232 3577 ἐξ
3254 3514 3518 3581 ἀνάγκης,
3546 3510 3633 3563 καὶ
3660 3510 3721 3560 τὰ

2169 3604 2499 3673 ὑποκείμενα
2527 3603 2655 3668 ἕξει.
2676 3604 2783 3656 Καὶ
2807 3605 2855 3656 εί
2890 3604 2989 3673 μὲν
3010 3604 3266 3665 ἐναντίως
3295 3604 3410 3674 ἔχει
3440 3604 3504 3656 τὰ
3541 3600 3721 3671 γνωρίι-

2170 3711 2370 3764 σματα,
2407 3693 2620 3747 ἐναντία
2658 3695 2761 3765 χρὴ
2794 3696 3010 3757 πάντως
3056 3692 3364 3762 λογίζεσθαι
3419 3693 3510 3746 καὶ
3540 3692 3604 3744 τὰ
3644 3690 3727 3751 διὰ,

2168 3783 2368 3837 τούτων
2395 3784 2712 3853 δηλούμενα.
2743 3785 2804 3837 Ei
2832 3783 3078 3837 δὲταῦτα
3098 3782 3382 3845 ὡσαύτως,
3410 3782 3527 3834 οὐδὲ
3555 3782 3722 3833 ἐκεῖνα

2170 3876 2389 3947 ἑτέρως.
2418 3876 2526 3930 Καὶ
2553 3876 2621 3929 δι’
2650 3877 2988 3945 αίνίγματος,
3020 3876 3120 3946 τῆς
3139 3874 3245 3928 τῶν
3277 3874 3506 3944 δένδρων
3528 3872 3720 3940 φύσεως

2168 3970 2294 4032 τοὺς
2316 3970 2559 4039 καρποὺς
2579 3972 2607 4021 6
2634 3968 2832 4040 Κύριος
2864 3967 3000 4021 εἷναί
3032 3984 3161 4038 φησι
3190 3967 3259 4019 τὰ
3284 3969 3506 4038 σημεῖα,
3536 3964 3607 4026 ὡς
3630 3964 3721 4014 οὐκ

2171 4064 2651 4135 ἐπαλλασσομένων
2681 4065 2829 4135 παρὰ
2853 4063 3012 4133 φύσιν
3039 4062 3147 4115 τῶν
3179 4061 3454 4123 τοιούτων,
3476 4060 3590 4113 οὐδὲ
3619 4059 3720 4117 τοῖς

2171 4158 2358 4220 κακοῖς
2396 4156 2500 4209 τῶν
2526 4155 2764 4223 ἀγαθῶν,
2783 4155 2900 4207 οὐδὲ
2936 4151 2997 4205 τὸ
3023 4151 3257 4222 ἔμπαλιν
3283 4156 3394 4216 τοῖς
3423 4152 3600 4212 καλοῖς
3624 4146 3720 4199 τῶν

2172 4245 2427 4298 ἐναντίων
2449 4244 2890 4314 ὲφαρμοζόντωνδ
2914 4242 3014 4296 Ἐκ
3036 4243 3142 4312 γὰρ
3166 4242 3284 4295 τῶν
3304 4240 3562 4310 καρπῶν.
3577 4235 3716 4307 φησὶν

2173 4338 2245 4389 τὰ
2289 4335 2507 4403 δένδρα
2558 4332 2919 4404 γνωρίζεται*
2947 4331 3090 4385 οὕτω
3130 4333 3222 4385 καὶ
3255 4332 3349 4385 τοῦ
3388 4329 3594 4403 καρποῦ
3634 4325 3720 4393 τῆς

503 4419 719 4474 fructus
773 4428 1112 4488 congruant;
1184 4435 1306 4474 nam
1367 4436 1431 4474 ex
1505 4423 1798 4491 fructibus,
1859 4426 2029 4497 inquit

2177 4427 2431 4497 προνοίας
2458 4425 2710 4495 οὐδεμίαν
2754 4423 2966 4492 ἔχοντος
3016 4422 3299 4493 διαφορὰν,
3350 4423 3475 4493 μίαν
3527 4417 3720 4489 ὁρῶμεν

503 4510 715 4564 arbores
767 4521 1149 4579 cognoscuntur
1194 4511 1289 4566 ’3:
1348 4514 1432 4569 sic
1477 4530 1599 4568 cum
1635 4516 1689 4570 in
1719 4517 2071 4586 providentiae

504 4601 684 4655 fructu
711 4600 855 4653 nulla
878 4604 1093 4670 penitus
1111 4602 1417 4659 differentia
1446 4616 1727 4676 appareat,
1756 4609 1880 4677 jure
1906 4626 2067 4665 unam

508 4707 725 4762 quoque
772 4703 1041 4756 naturam,
1082 4694 1178 4747 hos
1215 4693 1426 4752 fructus
1454 4698 1814 4766 proferentem
1849 4702 2073 4756 conﬁte-

505 4800 632 4841 mur
666 4803 677 4837 :
709 4785 919 4837 etiamsi
964 4800 1026 4838 ex
1074 4784 1350 4841 distinctis
1392 4804 1621 4843 numero
1651 4791 1938 4847 arboribus
1962 4792 2077 4846 fru-

508 4884 629 4930 ctns
657 4885 1101 4943 progenerentur.
1129 4875 1293 4945 igitur
1320 4892 1415 4946 per
1445 4892 1507 4929 ea
1530 4893 1650 4947 qua:
1677 4881 1834 4935 nobis
1863 4884 2078 4952 cognita

509 4974 636 5019 sunt
672 4964 906 5034 (cognita
955 4973 1132 5018 autem
1180 4967 1337 5021 nobis
1388 4975 1474 5022 est
1518 4970 1872 5039 providentia)
1916 4976 2080 5040 ratio,

511 5055 760 5110 similiter
793 5053 939 5108 Patri
965 5065 1016 5108 et
1046 5053 1183 5109 Filio
1209 5058 1572 5130 competens),
1604 5068 1759 5115 extra
1784 5062 2079 5120 dubitatio-

511 5157 633 5197 nem
702 5142 1032 5213 relinquitur
1084 5160 1301 5213 quoque
1369 5156 1576 5203 naturae
1628 5150 1967 5220 similitudo,
2023 5163 2077 5209 et

507 5233 822 5288 communio
856 5232 1130 5302 Unigeniti
1182 5251 1305 5289 cum
1337 5235 1516 5303 Patre,
1545 5248 1731 5310 utpote
1770 5258 1835 5297 ex
1882 5244 2071 5300 iisdem

509 5323 861 5395 providentiae
892 5322 1159 5380 fructibus
1183 5328 1550 5386 manifestata.

579 5411 800 5476 Verum,
830 5427 896 5468 ne
937 5414 1039 5469 hoc
1067 5416 1350 5486 cogitetur,
1385 5423 1625 5478 occurrit
1664 5423 1961 5481 Eunomius
1988 5427 2075 5481 di-

512 5503 728 5567 ctitans,
763 5519 820 5559 se
851 5506 1175 5562 necessitate
1204 5509 1438 5579 quadam
1469 5506 1715 5571 coactum
1742 5518 2073 5576 abstinuisse

582 5687 628 5719 “
670 5689 855 5745 Matth.
910 5706 1005 5755 vn,
1052 5690 1136 5745 18.

2177 4520 2271 4572 καὶ
2296 4519 2394 4589 τὴν
2421 4519 2544 4580 τοὺς
2578 4516 2821 4588 καρποὺς
2842 4514 3060 4578 τούτους
3083 4516 3522 4586 ὲκὸλαστήσασαν
3544 4510 3716 4580 φύσιν

2177 4611 2280 4665 κᾶν
2307 4612 2371 4665 ἐκ
2401 4608 2708 4679 διαφόρωνό
2729 4606 2938 4677 καρπὸς
2969 4605 3076 4658 τῶν
3096 4605 3322 4675 δένδρων
3352 4602 3717 4677 προϐάλληται.

2182 4703 2390 4756 Ubicon
2439 4702 2526 4753 διὰ
2572 4699 2677 4752 τῶν
2703 4702 2769 4768 τῇ
2825 4700 3069 4770 ἡμετέρᾳ
3115 4698 3416 4769 καταλήψει
3455 4691 3720 4763 γνωρίμων

2183 4795 2491 4867 (γνώριμος
2519 4792 2574 4844 δὲ
2601 4794 2727 4862 ἡμῖν
2761 4794 2876 4844 ἐστι
2907 4791 3003 4860 τῆς
3025 4790 3277 4861 προνοίας
3304 4791 3333 4841 6
3363 4789 3530 4857 λόγος,
3557 4779 3720 4835 ὡσαύ-

2179 4903 2286 4950 τως
2327 4886 2420 4938 ὲπὶ
2451 4885 2664 4955 Πατρός
2696 4900 2753 4936 τε
2785 4883 2877 4936 καὶ
2905 4881 3035 4935 Υίοῦ
3080 4878 3484 4953 θεωρούμενος)
3507 4869 3720 4944 ἀναμφίο

2178 4978 2332 5041 ϐολος
2380 4977 2607 5044 γίνεται,
2639 4975 2792 5046 καὶὴ
2823 4974 2964 5027 κατὰ
3006 4972 3104 5044 τὴν
3141 4976 3299 5041 φύσιν
3345 4970 3606 5039 ὁμοιότης,
3635 4958 3718 5013 καὶ

2181 5065 2430 5119 κοινωνία
2478 5062 2570 5116 τοῦ
2626 5060 2969 5131 Μονογενοῦς
3019 5061 3154 5130 πρὸς
3210 5061 3298 5115 τὸν
3355 5059 3566 5128 Πατέρα
3591 5091 3606 5117 ,
3641 5048 3718 5103 διὰ

2181 5156 2280 5225 τῆς
2324 5156 2649 5225 ταυτότητος
2686 5154 2794 5206 τῶν
2824 5153 3047 5224 καρπῶν
3084 5152 3181 5222 τῆς
3203 5152 3452 5221 προνοίας
3480 5138 3713 5215 γνωριζοο

2184 5248 2337 5319 μένη.

2266 5425 2404 5478 Ἀλλ’
2449 5426 2535 5479 ἵνα
2579 5426 2652 5497 μὴ
2698 5425 2852 5479 τοῦτο
2898 5422 3086 5494 νοηθῇ.
3116 5423 3191 5486 ὡς
3235 5422 3295 5487 ἐξ
3336 5420 3568 5485 ἀνάγκης
3592 5403 3717 5497 ’τίὼ

2184 5516 2445 5588 βιασθεὶς,
2472 5494 2773 5586 ἁποῆῆναι
2813 5516 2912 5586 μὲν
2940 5514 3087 5582 λέγει
3116 5512 3223 5568 τῶν
3264 5512 3361 5582 τῆς
3384 5494 3716 5578 προνοίαςῑρ·
