3922 6470
186 340 271 393 539
1329 318 1609 378 CONTRA
1636 317 2020 386 EUNOMIUM,
2056 314 2181 373 LIB.
2214 317 2254 373 l~.
3275 315 3381 372 390

184 472 293 523 γων,
325 442 614 515 ἀναχθῆναι
648 443 700 497 δὲ
736 440 829 495 ἐπὶ
862 441 952 494 τὸν
1003 442 1103 512 τῆς
1152 441 1453 511 γεννήσεως
1495 439 1713 509 τρόπον.

1833 454 1849 492 ι
1885 436 2240 508 providentiae
2295 432 2577 503 operibus,
2612 426 2677 486 ad
2722 428 3091 502 generationis
3112 446 3240 488 vero
3263 449 3382 489 mo-

186 546 266 597 διὰ
284 543 339 595 τὸ
364 535 727 598 ἀκολουθεῖν,
752 536 903 605 φησι,
921 532 1001 598 τῷ
1031 531 1141 600 τῆς
1169 530 1505 601 γεννήσεως
1526 531 1720 598 τρόπῳ

1836 528 1949 582 lum
1973 528 2224 582 adactum
2242 540 2385 589 esse,
2412 525 2634 595 quod,ut
2662 524 2753 582 ait.
2786 523 2853 576 ad
2884 524 3232 593 generationis
3268 541 3385 577 mo-

183 634 269 690 τόν
311 635 520 700 τρόπον
549 627 658 695 τῆς
704 626 1070 695 ὁμοιότητος.
1113 624 1177 676 Ὠ
1212 623 1313 693 τῆς
1340 623 1584 693 ἀνάγκης
1608 622 1719 675 τῶν

1832 620 1945 673 tum
1981 626 2233 688 sequatur
2271 616 2456 670 modus
2489 614 2869 670 similitudinis.
2897 613 2942 668 Ο
2980 615 3381 669 ineluctabilem

182 722 501 788 ἀποδείξεωνί
541 719 630 781 Ὠς
669 717 856 787 βιαίως
892 718 1039 786 ἡμᾶς
1068 717 1100 785 ἡ
1134 714 1416 784 περιουσία
1442 714 1537 782 τῆς
1560 716 1616 765 ἐν
1642 712 1721 783 τῷ

1835 709 2344 765 lemonstrationum
2369 706 2748 761 necessitatem
2771 705 2784 757 ί
2806 703 2976 770 Quam
3001 705 3263 759 violenter
3285 719 3384 759 nos

183 817 331 883 λέγειν
356 814 545 881 τέχνης
592 807 990 877 καταναγκάζει
1024 808 1137 869 τοῖς
1175 805 1482 877 εἰρημένοις
1540 804 1720 858 συντί-

1838 799 2035 852 licendi
2102 796 2260 866 copia
2294 796 2460 866 cogit,
2493 803 2551 847 nt
2590 795 2677 855 iis,
2713 808 2834 862 quae
2879 792 3133 855 asseruit,
3181 794 3387 861 astipu-

185 907 339 961 θεσθαι
371 907 384 957 ι
418 902 750 956 Ἀκολουθεῑν
783 900 930 967 λέγει
966 898 1042 969 τῷ
1072 898 1257 969 τρόπῳ
1281 898 1376 967 τῆς
1416 897 1720 964 γεννήσεως

1842 890 2039 943 emurl
2073 888 2344 957 Consequi
2387 888 2460 939 ait
2484 886 2549 939 ad
2585 884 2949 955 generationis
2990 886 3230 947 modum,
3269 902 3388 938 mo-

186 1000 253 1051 τδν
284 997 469 1067 τρόπον
519 997 621 1066 τῆς
660 994 993 1064 ὁμοιότητος.
1040 991 1204 1043 Ὅσον
1248 990 1306 1042 τὸ
1348 988 1590 1058 τεχνικὸν
1630 986 1722 1041 καὶ

1842 980 1949 1034 lunt
1981 995 2198 1049 quoque
2252 978 2649 1035 similitudinis.
2686 976 2960 1042 Quantum
3014 977 3149 1031 artis
3199 986 3252 1031 et
3286 978 3391 1030 cir-

184 1066 615 1161 περιεσκεμμένον
642 1085 741 1154 τῆς
790 1082 1148 1152 ἁποιράσεωςί
1192 1080 1398 1133 Οὐκοῦν
1426 1080 1491 1132 ἂν
1521 1096 1720 1148 γνωρι⁹

1839 1070 2246 1139 :umspeetionis
2274 1070 2330 1122 in
2392 1069 2494 1123 hac
2541 1068 2844 1122 assertione
2878 1067 3061 1121 inestl
3123 1066 3290 1138 Igitur
3343 1067 3388 1121 si

186 1156 309 1251 σθείη
351 1179 546 1249 τρόπος
581 1179 917 1247 γεννήσεως,
950 1174 1336 1243 συναπεδείχθη
1371 1172 1542 1241 τούτῳ
1573 1172 1667 1224 καὶ
1696 1172 1725 1223 6

1845 1161 2173 1231 :ognoscitur
2200 1161 2396 1214 modus
2441 1159 2827 1229 generationis,
2871 1158 3033 1212 simul
3081 1157 3243 1212 etiam
3298 1156 3394 1212 de-

183 1249 349 1345 τρόπος
374 1272 469 1340 τῆς
502 1269 840 1339 ὁμοιότητος.
885 1266 1099 1335 Ἐπειδὴ
1128 1265 1306 1317 τοίνυν
1342 1263 1450 1315 τῶν
1480 1262 1568 1315 διὰ
1600 1276 1727 1332 cap-

1845 1260 2161 1307 nonstratus
2211 1252 2314 1306 erit
2355 1252 2549 1305 modus
2612 1249 3007 1305 similitudinis.
3067 1250 3201 1303 Cum
3265 1265 3394 1320 ergo

183 1366 257 1425 κὸς
280 1361 603 1430 τικτομένων
630 1358 783 1423 ζώων
811 1358 1044 1419 πάντων,
1074 1356 1108 1426 ἣ
1132 1356 1239 1408 τῶν
1270 1354 1555 1414 πλείστων,
1580 1355 1607 1405 6
1629 1353 1728 1405 αύ-

1848 1357 2015 1397 eorum
2042 1356 2164 1411 QU$
2213 1356 2309 1411 per
2356 1356 2573 1394 carnem
2618 1347 2967 1409 generantur,
3006 1347 3249 1393 omnium
3280 1347 3397 1392 ani-

184 1455 253 1517 τός
292 1454 397 1505 ἐστι
438 1452 539 1519 τῆς
590 1449 895 1518 γεννήσεως
936 1446 1168 1517 τρόπος,
1200 1443 1478 1496 ἀκολουθεῖ
1515 1442 1571 1495 δὲ
1604 1439 1725 1493 κατ’

1849 1434 2069 1495 nalium,
2098 1432 2184 1485 vel
2213 1440 2359 1485 certe
2399 1430 2780 1500 plurimorum,
2810 1430 2952 1483 idem
2986 1430 3058 1484 sit
3095 1432 3398 1499 generatio-

185 1548 347 1607 αὐτοὺς
368 1543 442 1613 τῷ
470 1541 664 1611 τρόπῳ
689 1541 785 1610 τῆς
803 1540 1107 1608 γεννήσεως
1131 1539 1159 1589 6
1188 1536 1385 1608 τρόπος
1416 1534 1513 1603 τῆς
1543 1531 1725 1601 ὁμοιό-

1845 1525 1913 1579 iis
1946 1524 2159 1585 modus,
2194 1522 2434 1592 ipsorum
2466 1529 2645 1574 autem
2679 1520 2885 1588 judicio
2928 1521 2992 1573 ad
3027 1522 3394 1591 generationis

184 1653 333 1707 τητος,
359 1636 533 1686 πάντα
561 1631 631 1684 τὰ
661 1631 802 1684 κατά
846 1630 936 1683 τὸν
976 1626 1137 1683 αὐτὸν
1180 1626 1380 1697 τρόπον
1410 1624 1724 1693 τικτόμενα,

1847 1613 2046 1668 nodum
2084 1619 2343 1681 sequatur
2395 1610 2588 1663 modus
2633 1610 3025 1671 similitudinis,
3076 1619 3308 1679 oportet,
3336 1620 3396 1666 ut

186 1700 349 1797 ὁμοίως
374 1726 482 1789 ἕξει
524 1725 745 1786 πάντως
786 1722 919 1792 πρὸς
948 1720 1016 1773 τὰ
1049 1720 1247 1790 ὁμοίως
1300 1716 1629 1787 γεννώμενα.
1663 1714 1726 1766 Ei

1847 1705 2027 1769 munia,
2057 1719 2177 1773 quae
2203 1701 2391 1756 eodem
2434 1700 2595 1755 modo
2625 1710 2975 1771 progenerala
3016 1712 3167 1766 sunt,
3207 1705 3396 1760 eodem

186 1816 308 1871 οὖνὸ
347 1816 439 1885 τῆς
490 1816 802 1883 γεννήσεως
854 1812 1053 1883 τρόπος
1083 1853 1098 1874 ,
1137 1810 1315 1871 καθώς
1364 1822 1525 1878 φησιν
1555 1805 1585 1856 6
1634 1805 1730 1874 τῆς

1850 1799 1993 1853 nodo
2037 1798 2102 1851 ad
2155 1797 2407 1851 similiter
2467 1796 2746 1866 progenita
2788 1811 2908 1850 sese
2962 1796 3237 1861 habeant;
3280 1812 3399 1866 qua:

189 1911 413 1982 αἱρέσεως
439 1908 623 1975 λόγος,
655 1905 835 1975 ἑαυτῷ
886 1902 948 1956 τὸ
992 1903 1309 1972 τικτόμενον
1342 1902 1546 1969 ὁμοιοῖ·
1581 1891 1733 1958 οὗτος

1851 1893 1976 1945 anim
2007 1888 2179 1944 eidem
2212 1887 2410 1942 similia
2455 1895 2603 1949 sunt,
2641 1887 2782 1941 inter
2841 1902 2900 1943 se
2938 1903 3153 1957 quoque
3202 1888 3400 1941 similia

193 2002 229 2055 δὲ
249 2000 351 2053 κατ’
385 1998 537 2051 οὐδὲν
572 2000 632 2050 ἐν
661 1999 778 2060 ταῖς
814 1995 1081 2057 ποικίλαις
1121 1993 1227 2046 τῶν
1268 1990 1419 2055 ζώων
1456 1991 1733 2059 διαφοραῖς

1851 1988 1980 2037 sunt.
2025 1981 2082 2034 Si
2114 1979 2276 2050 igitur
2314 1977 2508 2032 modus
2557 1978 2961 2047 generationis,
2996 1983 3055 2031 ut
3113 1978 3400 2032 hmrcticus

188 2089 487 2152 ἀλλοιοῦται,
535 2087 655 2141 ἀλλ’
700 2090 729 2140 6
760 2086 919 2145 αὐτὸς
962 2084 1187 2137 ἐπὶτῶν
1239 2084 1502 2136 πλείστων
1550 2082 1730 2134 ἐστίν’

1853 2072 2136 2135 :ontendit,
2166 2072 2268 2125 sibi
2293 2070 2345 2123 id
2377 2068 2520 2138 quod
2547 2076 2856 2138 generatur,
2881 2068 3057 2124 simile
3088 2069 3280 2134 reddit,
3317 2068 3402 2122 hic

174 2184 503 2257 ιεὺρεθήσεται
526 2188 563 2254 ὴ
592 2183 820 2238 καθόλου
847 2182 940 2235 καὶ
962 2182 1084 2251 δίχα
1106 2180 1251 2243 τινὸς
1278 2177 1559 2251 διορισμοῦ
1583 2192 1723 2245 γενο·

1852 2175 2012 2218 Intern
2044 2163 2237 2216 modus
2292 2163 2347 2215 in
2397 2160 2566 2215 variis
2621 2160 2948 2214 animalibus
3002 2173 3225 2230 prorsus
3268 2160 3401 2213 nihil

184 2250 298 2346 pitu]
327 2250 606 2344 ἀπόφασις
632 2314 646 2337 ,
678 2275 855 2327 πάντα
897 2250 1148 2343 ἀλλήλοις
1195 2273 1356 2342 ὃμοια
1395 2268 1733 2323 κατασκευά-

1857 2261 2095 2314 nutatur,
2133 2251 2225 2305 sed
2260 2251 2399 2305 idem
2425 2266 2649 2319 prorsus
2702 2250 2756 2303 in
2787 2250 3163 2319 compluribus
3193 2250 3406 2303 inveni-

191 2340 326 2430 ζουσα
349 2340 521 2419 διὰ-τὸ
553 2368 656 2435 τῆς
687 2366 992 2433 γεννήσεως
1015 2340 1551 2433 όμοιον,⁷ἄνθρωπον,
1576 2360 1733 2424 κύνα,

1855 2356 2208 2397 ιυτιιιεοοεεε
2232 2348 2340 2401 est,
2395 2348 2454 2394 ut
2504 2356 2570 2393 ex
2625 2340 2919 2394 universali
2952 2348 3005 2394 et
3049 2340 3253 2409 absque
3296 2340 3404 2393 ulla

192 2460 419 2531 κάμηλον,
441 2459 576 2529 μῦν,
594 2434 878 2525 ἐλέφαντα,
904 2453 1294 2525 πάρδαλιν,κα“ι
1308 2453 1374 2505 τὰ
1390 2452 1522 2507 ἄλλα
1538 2452 1733 2515 πάντα,
1835 2434 2208 2536 ἀίείξηεξίοξῖξο
2240 2434 2452 2536 Diom”
2504 2434 2893 2536 ξθηιξ-ηίίξξιίοηθ,
2930 2445 3154 2505 propter
3187 2450 3409 2505 genera‘

192 2554 269 2605 ὅσα
297 2551 425 2603 κατὰ
478 2550 581 2603 τὸν
633 2549 817 2618 ὅμοιον
846 2545 1045 2617 τρόπον
1091 2543 1366 2596 τίκτεσθαι
1416 2538 1733 2609 πέφυκεν⁸ῆ

1861 2526 2002 2582 ionis
2024 2525 2441 2581 similitudinem
2481 2524 2676 2579 similia
2704 2525 2836 2578 ﬁant
2879 2524 3064 2590 homo,
3110 2525 3284 2589 canis,
3316 2541 3408 2577 ca-

193 2644 270 2696 οῠκ
288 2642 526 2713 ἀλλήλοις
552 2616 721 2709 φησίν
746 2616 903 2709 ὃμοια
924 2637 993 2690 τὰ
1018 2634 1407 2707 παραπλησίως
1421 2633 1733 2701 τικτόμενα,

1859 2618 2029 2679 nelus,
2060 2632 2200 2682 mus,
2234 2616 2475 2685 elephas,
2507 2616 2768 2684 pardalis,
2810 2624 2863 2670 et
2907 2616 3012 2668 alia
3052 2618 3257 2679 omnia,
3289 2631 3408 2684 qua:

194 2734 283 2786 ἀλλ’
311 2706 535 2785 ἕκαστον
568 2706 966 2798 ήὲκείνῳνμόνῳ,
1006 2725 1135 2797 παρ’
1148 2721 1207 2779 οῦ
1234 2726 1332 2796 τὴν
1362 2723 1574 2793 γένεσιν
1602 2721 1733 2792 ἔχει.

1860 2707 2001 2761 ,imili
2051 2706 2210 2761 modo
2265 2708 2611 2777 progenerari
2670 2713 3095 2760 consueverunt.
3150 2708 3234 2760 An
3291 2708 3409 2761 vui:

204 2824 317 2876 Ἀλλ’
350 2824 395 2875 εί
431 2820 601 2875 τοῦτο
652 2819 829 2887 λέγειν
859 2816 1104 2870 ἐϐούλετο
1124 2856 1139 2880 ,
1172 2815 1250 2886 τῷ
1288 2816 1520 2869 τίκτοντι
1556 2816 1738 2885 ὅμοιον

1857 2798 1940 2852 sibi
1982 2809 2171 2852 mutuo
2198 2812 2306 2850 non
2330 2812 2450 2852 esse
2495 2796 2716 2861 similia,
2744 2812 2863 2866 quze
2894 2796 3139 2852 similiter
3172 2799 3406 2867 gignun-

193 2916 279 2967 εδει
308 2915 363 2966 τὸ
398 2914 725 2983 τικτόμενον
759 2910 1156 2980 ἀποφήνασθαι,
1181 2909 1301 2978 οὐχὶ
1328 2909 1512 2977 τρόπῳ
1546 2907 1737 2976 γεννήο

1863 2905 1945 2950 ur.
1978 2889 2073 2945 sed
2107 2889 2388 2957 quodlibet
2418 2889 2495 2941 illi
2528 2889 2652 2954 soli,
2672 2904 2700 2941 a
2730 2904 2839 2957 quo
2860 2889 3226 2960 generationis
3259 2891 3410 2959 prin-

197 3024 307 3069 σεως
333 2979 655 3076 ὁμοιότητος
680 3003 901 3075 τρόπον.
933 2979 1084 3053 Ἄλλ*
1121 2999 1149 3052 ὃ
1182 3000 1279 3069 μὲν
1310 2998 1453 3061 εἰκός
1479 2999 1617 3062 ἐστι,
1646 2995 1739 3049 καὶ

1857 2981 2036 3050 :ipium
2073 2980 2267 3034 ducit?
2298 2981 2366 3033 At
2400 2979 2445 3033 si
2502 2979 2604 3034 hoc
2658 2980 2894 3046 volebat,
2920 2981 3227 3035 dicendum
3269 2991 3406 3045 erat,

197 3098 312 3166 ὲντῇ
349 3095 505 3164 φύσει
550 3095 859 3165 Θεωρεῖται,
888 3093 947 3146 τδ
984 3091 1291 3162 ὁμοιογενὲς
1329 3086 1465 3143 εἶναι
1497 3088 1573 3159 τῷ
1616 3105 1738 3157 γεν-

1861 3073 2120 3141 ςοηετοῐιιί
2149 3080 2461 3143 generatum
2494 3086 2616 3127 esse
2638 3072 2815 3127 simile
2853 3090 2865 3126 :
2904 3087 3012 3127 non
3043 3081 3222 3128 autem
3250 3077 3410 3127 modo

198 3150 329 3238 V6”;
360 3150 433 3237 ,τὺ
466 3150 1030 3253 γεννώμενονίτοῦτο,
1069 3181 1129 3232 ού
1150 3150 1405 3250 δέχεται,
1446 3179 1521 3241 ὡς
1546 3150 1639 3231 ’ἂν-
1667 3178 1740 3248 μὴ

1861 3162 2209 3232 generationis
2264 3162 2479 3215 modum
2536 3161 2931 3219 similitudinis.
2976 3162 3082 3219 Sed
3134 3180 3309 3235 neque
3358 3164 3410 3218 id

197 3274 469 3328 τούναντίον
521 3274 676 3343 αὐτῷ
712 3270 1073 3344 περιτραπείη
1104 3271 1164 3322 τὸ
1199 3267 1644 3339 κατασκεύασμα.
1681 3270 1742 3320 Εἰ

1863 3252 2084 3323 ιιιὶἀειη,
2116 3252 2262 3321 quod
2311 3252 2609 3307 verisimile
2647 3262 2750 3316 est,
2792 3263 2845 3308 et
2878 3255 2932 3308 in
2982 3271 3160 3310 rerum
3215 3266 3412 3312 natura

199 3363 285 3435 γὰρ
310 3364 382 3434 τῷ
408 3365 675 3433 γεννῶντι
707 3364 768 3416 τὸ
804 3362 1113 3432 τικτόμενον
1137 3362 1317 3431 ὅμοιον
1345 3359 1515 3427 ἔλεγε,
1540 3359 1745 3431 φροῦδα

1864 3342 2134 3412 δορεγίιυτ,
2166 3344 2444 3413 generanti
2481 3344 2661 3398 simile
2685 3338 2806 3399 esse
2835 3348 3074 3413 genitum
3102 3367 3115 3401 :
3148 3348 3220 3401 ita
3260 3364 3413 3402 com-

201 3456 347 3508 πάντα
367 3495 383 3519 ,
438 3456 541 3509 καὶ
574 3453 915 3507 ἀνυπόστατα
947 3452 1016 3504 τὰ
1057 3450 1354 3520 φιλοπόνως
1384 3448 1531 3519 αὐτῷ
1560 3465 1744 3501 συντε-

1863 3437 2127 3497 )rohatur,
2164 3443 2220 3488 ut
2255 3437 2590 3490 contrarium
2635 3439 2950 3508 contingere
2994 3450 3245 3509 nequeat.
3279 3440 3412 3496 Nam

200 3547 334 3600 θέπα
360 3547 486 3618 περὶ
543 3546 646 3609 τῆς
694 3545 1072 3616 ἀνομοιότητος
1118 3542 1225 3595 τῶν
1263 3540 1456 3594 οὐσιῶν
1501 3540 1744 3610 ἀπηλέγ-

1867 3528 1888 3581 .ἰ
1920 3527 2216 3596 generatim
2242 3528 2316 3593 id,
2352 3528 2493 3596 quod
2526 3539 2839 3598 generatum
2873 3538 2980 3592 est,
3030 3535 3309 3601 generanti
3348 3536 3416 3588 si.

197 3654 317 3703 7m.
1849 3621 1977 3673 mile
2004 3619 2339 3689 perhibetur,
2377 3620 2669 3675 concidant
2708 3629 2916 3691 oportet
2945 3624 3124 3679 omnia
3162 3624 3271 3689 illa,
3296 3642 3416 3693 quae

219 3703 227 3709 ’
1845 3719 1955 3765 tam
1996 3711 2237 3766 studiose
2265 3710 2332 3766 de
2359 3712 2784 3766 substantiarum
2818 3713 3263 3771 dissimilitudine
3303 3718 3419 3772 dis-

1849 3801 2038 3856 seruit.

257 3882 377 3937 Νυνὶ
421 3886 481 3937 δὲ
540 3883 728 3953 τρόπῳ
776 3880 1077 3951 γεννήσεως
1125 3878 1323 3949 τρόπον
1371 3877 1535 3947 φησιν
1578 3876 1751 3946 ὁμοιό-

1916 3888 2073 3944 Nunc
2126 3899 2303 3946 autem
2353 3888 2420 3944 ad
2455 3891 2819 3960 generationis
2872 3893 3090 3947 modum
3134 3902 3210 3949 ait
3261 3910 3413 3965 sequi

200 3992 333 4045 τητκ
362 3976 595 4030 ἕπεσθαι
615 3990 628 4003 ·
665 3972 822 4027 τοῦτο
864 3972 920 4026 δὲ
949 3976 1061 4036 τοῖς
1106 3971 1347 4043 ἀκριὸῶς
1371 3970 1749 4041 ἐπισταμένοις

1867 3981 2070 4035 nodum
2100 3981 2491 4037 similitudinis.
2519 3983 2598 4036 An
2650 3997 2760 4036 non
2806 3982 2911 4038 hoc
2938 3984 3005 4039 iis
3041 3985 3133 4054 qui
3164 3998 3416 4042 accurato

202 4068 445 4132 ἐξετάζειν
477 4065 692 4129 ἑννοίας
717 4064 897 4132 λόγον,
929 4063 1241 4133 ἀδιανόητον
1285 4061 1563 4125 παντελῶς
1595 4064 1751 4134 εὑρε-

1863 4085 2029 4125 rerum
2054 4072 2293 4125 rationes
2342 4071 2579 4125 scrutari
2617 4070 2947 4134 didicerunt,
2998 4074 3177 4143 primo
3230 4075 3412 4129 statim

204 4157 420 4226 θήσεται.
449 4159 517 4211 Τί
555 4156 663 4227 γὰρ
695 4157 776 4209 δεῖ
815 4156 1003 4226 νοῆσαι
1033 4158 1337 4226 γεννήσεως
1368 4156 1563 4226 τρόπον
1589 4155 1753 4209 ἀκού-

1873 4163 2047 4215 ntuitu
2070 4160 2335 4231 ejusmodi
2389 4161 2689 4231 apparebit,
2719 4163 2866 4231 quod
2914 4164 3132 4231 penitus
3186 4165 3414 4235 intelligi

204 4266 389 4313 σαντες,
424 4250 570 4302 πάνυ
598 4247 706 4301 τῶν
746 4247 965 4317 ἀπόρων
992 4247 1125 4299 ὲστί.
1178 4246 1252 4299 T6
1283 4246 1465 4317 σχῆμα
1508 4244 1600 4298 τοῦ
1626 4247 1753 4298 ἀπο-

1863 4254 2118 4323 nequeat?
2138 4251 2270 4307 Nam
2298 4252 2429 4322 quid
2453 4253 2869 4322 concipiendum
2904 4255 2997 4316 sit.
3027 4256 3070 4309 si
3107 4259 3412 4326 generatio-

203 4338 449 4403 τίκτοντος
504 4339 676 4406 λέγει,
715 4337 748 4409 ἢ
799 4337 898 4404 τὴν
952 4336 1161 4407 ὁρμὴν,
1191 4336 1223 4407 ἢ
1258 4336 1356 4408 τὴν
1409 4335 1666 4397 διάθεσιν,
1714 4334 1746 4405 ἢ

1926 4341 2182 4401 ιηιοάιιηι
2219 4345 2429 4407 audias,
2464 4344 2754 4399 admodum
2789 4353 2936 4402 certe
2965 4348 3280 4417 perplexum
3309 4358 3413 4405 est.
3472 4332 3475 4335 ’

201 4432 358 4491 τόπον,
383 4432 416 4501 ἦ
444 4430 637 4500 χρόνον
657 4469 671 4489 ,
699 4429 731 4500 ἦ
766 4428 826 4482 τὸ
858 4428 944 4481 διὰ
989 4428 1299 4498 συλλήψεως
1330 4428 1659 4481 τελειοῦσθαι
1689 4426 1750 4479 τὸ

1864 4435 1989 4490 Num
2030 4436 2130 4490 hac
2182 4436 2452 4492 locutione
2507 4436 2735 4505 ﬁguram
2775 4440 3087 4508 generantis
3142 4441 3413 4512 intelligit,

204 4519 440 4590 ἔμϐρυον,
470 4520 707 4591 ἢαύτῶν
740 4518 847 4570 τῶν
880 4518 1209 4589 γεννητικῶν
1240 4519 1507 4589 μέμνηται
1540 4518 1752 4581 τόπων;

1869 4541 1981 4579 tum
2029 4526 2309 4596 impetum,
2362 4541 2491 4579 num
2540 4526 2977 4595 dispositionem,
3042 4545 3170 4583 num
3216 4532 3418 4594 locum.

204 4607 413 4675 ήταῦτα
457 4610 553 4678 μὲν
585 4610 727 4679 οὐχὶ,
760 4610 943 4680 ἕτερον
973 4609 1029 4662 δὲ
1058 4609 1167 4661 τῶν
1194 4611 1335 4663 κατὰ
1370 4610 1468 4679 τὴν
1507 4610 1752 4680 γέννησιν

1869 4632 1982 4671 ium
2044 4617 2298 4685 tempus?
2348 4617 2429 4670 An
2492 4617 2804 4688 emhryonis
2860 4635 2957 4688 per
3014 4624 3418 4691 conceptionem

204 4698 576 4771 θεωρουμένων
610 4701 759 4767 λέγει
793 4718 808 4766 ;
843 4701 937 4754 καὶ
978 4701 1094 4763 πῶς
1130 4702 1197 4754 ἂν
1235 4702 1491 4771 μάθωμεν
1516 4702 1577 4755 τὸ
1604 4701 1753 4769 λεγό-

1869 4710 2335 4778 :omplementnm.
2368 4724 2434 4762 an
2490 4709 2605 4778 ipsa
2642 4711 2983 4775 generationi
3024 4712 3295 4767 destinata
3329 4728 3418 4767 re;

208 4807 374 4858 μενονς
401 4793 476 4845 Τὸ
507 4792 616 4862 γὰρ
650 4792 853 4863 ἄκυρον
893 4794 987 4846 καὶ
1029 4794 1338 4864 ἀσήμαντον
1373 4793 1471 4862 τῆς
1503 4792 1593 4846 τοῦ
1618 4791 1752 4860 τρό-

1870 4800 2153 4868 :eptacula,
2202 4815 2273 4854 an
2320 4800 2511 4853 horum
2563 4800 2719 4863 nihil,
2760 4801 2909 4855 aliud
2964 4818 3093 4857 vero
3142 4804 3419 4872 quidpiam

205 4893 308 4935 που
337 4880 564 4945 λέξεως,
600 4880 967 4947 ὲπιδιστάξειν
1000 4884 1144 4954 ἡμᾶς
1189 4884 1298 4946 τοῖς
1339 4882 1754 4953 σημαινομένοις

1871 4903 2068 4949 eorum,
2098 4903 2219 4958 quae
2257 4903 2380 4943 cum
2411 4891 2762 4960 generatione
2790 4905 3033 4947 connexa
3087 4900 3237 4957 sunt,
3285 4894 3420 4946 insi-

207 4973 617 5041 παρασκευάζει,
648 4975 844 5043 ἐπίσης
895 4975 1109 5027 πάντων
1150 4978 1269 5038 ταῖς
1312 4975 1585 5037 ὑπονοίαις
1625 4976 1754 5027 ὐπο-

1874 4980 2030 5033 tuat?
2062 4978 2180 5044 Qua
2228 4980 2439 5035 ratione
2469 4980 2535 5034 ad
2582 4996 2764 5035 veram
2817 4981 3263 5052 signiﬁcationem
3302 4997 3423 5053 per‘

208 5064 514 5125 πιπτόντων,
543 5066 638 5117 καὶ
689 5066 811 5118 κατ’
856 5060 972 5117 ἴσον
1004 5066 1233 5118 ἑκάστου
1282 5066 1341 5117 τὸ
1388 5066 1753 5136 ἀσυνάρτητον

1873 5070 2175 5124 veniemus?
2245 5068 2379 5124 Nam
2453 5070 2808 5142 imprOprium
2881 5072 3123 5142 nihilque
3189 5073 3422 5143 signiti—

208 5153 324 5222 πρὸς
357 5156 416 5207 τὸ
440 5155 801 5225 προκείμενον
828 5155 1085 5225 ἐχόντων’
1106 5156 1362 5220 ὡσαύτως
1394 5158 1446 5210 δὲ
1484 5159 1576 5211 καὶ
1599 5159 1627 5210 ὃ
1652 5175 1756 5228 φη-

1872 5176 1986 5217 :ans
2025 5162 2170 5215 modi
2223 5162 2550 5217 vocabulum
2616 5163 2766 5229 facit,
2800 5172 2862 5218 ut
2916 5164 2985 5219 de
3025 5164 3421 5236 signiﬁcatione

206 5243 651 5311 σιν,όμοιότητος
665 5245 1125 5313 τρόπου,οὐτωσὶ
1146 5243 1454 5314 λεγόμενον,
1481 5243 1755 5315 ἀλλότριον

1870 5267 2179 5319 ιωτειιιηιιιι,
2246 5269 2371 5309 cum
2418 5270 2485 5309 ex
2534 5270 2691 5324 aequo
2747 5270 2939 5311 omnes
2997 5256 3419 5327 signiﬁcationes

204 5330 367 5400 πάσης
390 5333 627 5396 διανοίας
646 5333 978 5403 ὑπονοοῦμεν
1002 5334 1137 5404 πρὸς
1162 5334 1233 5387 τὰ
1259 5333 1628 5405 ὑποδείγματα
1648 5336 1753 5390 τῶν

1868 5351 2089 5399 nentem
2116 5346 2372 5409 subeant,
2406 5354 2460 5399 et
2494 5346 2746 5415 quaelibet
2772 5361 2836 5401 ex
2865 5361 3020 5416 aequo
3040 5348 3250 5402 nullum
3293 5365 3417 5404 eum

203 5420 280 5475 διὰ
297 5422 395 5493 τῆς
425 5423 713 5493 συνηθείας
746 5424 1035 5495 γνωρίμων
1066 5424 1519 5487 ἀποσκοποῦντες.
1542 5426 1615 5478 Οὐ
1646 5425 1752 5496 γὰρ

1868 5446 1913 5487 re
1939 5436 2214 5504 proposita
2244 5437 2642 5492 connexionem
2678 5437 2893 5492 habeat.
2928 5438 3020 5494 Sic
3068 5448 3122 5495 et
3147 5439 3289 5510 quod
3321 5441 3417 5501 ait.

204 5512 257 5565 τὸ
290 5512 466 5587 εἴδοςῆ
504 5518 599 5570 τὸν
632 5515 835 5587 τρόπον
878 5514 972 5568 τοῦ
1004 5516 1186 5575 τόκου,
1221 5516 1313 5568 καί
1337 5517 1398 5568 τὸ
1422 5515 1753 5586 γεννώμενον

1871 5524 2219 5580 ιίιηίιίειιάὶηὶε
2244 5527 2477 5593 modum,
2506 5528 2581 5583 ita
2619 5530 2836 5599 quidem
2865 5534 3155 5602 prolatum,
3188 5534 3256 5588 ab
3272 5533 3420 5591 omni

204 5604 492 5673 ὁμοιοῦται·
518 5609 547 5659 6
589 5607 690 5677 μὲν
749 5606 859 5678 γὰρ
908 5607 1065 5669 τόκος
1121 5606 1214 5658 ἐπὶ
1262 5606 1359 5676 τῆς
1409 5606 1494 5659 διὰ
1553 5607 1753 5675 σαρκὸς

1872 5629 2081 5670 ποι-διες
2126 5617 2478 5690 intelligentia
2536 5629 2805 5674 remotum
2850 5638 2973 5679 esse
3027 5625 3331 5692 discimus,
3373 5627 3421 5683 si

207 5701 485 5771 γεννήσεως
512 5741 529 5764 ,
561 5698 810 5769 σώματός
860 5698 975 5750 ἐστι
1021 5697 1271 5770 διαστολὴ
1301 5740 1316 5764 ,
1355 5699 1414 5751 τὸ
1471 5697 1751 5751 τελειωθὲν

1872 5705 2100 5773 :xempla
2155 5722 2276 5776 quae
2327 5706 2602 5762 communi
2648 5710 3048 5766 consuetudine
3088 5720 3216 5765 nota
3272 5722 3421 5775 sunt,
