3922 6458
537 277 637 336 391
1767 276 1824 334 S.
1844 275 2100 334 ISBEGOI

2221 274 2508 333 NYSSENI
3644 286 3734 343 392

537 391 846 447 intueamur
880 408 899 445 :
972 406 1086 447 non
1130 392 1282 448 enim
1335 391 1400 447 ad
1460 391 1693 462 speciem
1744 394 1831 447 vel
1876 393 2095 447 modum

2202 392 2335 455 ζῶον
2384 395 2441 444 ὲν
2468 393 2533 461 τῇ
2580 389 2859 443 διαπλάσει
2909 389 3014 443 τῶν
3062 390 3383 462 σπλάγχνων
3431 393 3523 448 ἐπὶ
3564 396 3620 449 τδ
3645 397 3735 461 ἔξω

536 492 726 555 partus
748 481 1099 546 assimilatur,
1122 483 1173 537 id
1232 483 1377 553 quod
1402 484 1787 554 pariturmam
1817 491 2008 552 partus
2042 484 2098 537 in

2202 483 2529 553 προάγουσα.
2584 482 2657 534 Τὸ
2710 481 2765 533 δὲ
2819 478 3153 551 γεννώμενον
3202 484 3485 553 ἄνθρωπός
3542 488 3733 558 ὲστινῆ

537 575 606 629 iis
627 588 857 644 quorum
884 574 1160 644 generatio
1194 588 1361 629 carne
1402 575 1702 644 perﬁcitur,
1726 587 1810 629 est
1849 576 2097 644 corporis

2202 574 2435 643 ίππος,ἢ
2479 572 2623 642 βοῦς,
2653 572 2686 642 ἢ
2711 572 2739 624 6
2758 589 2810 624 τι
2834 572 2899 624 ἂν
2929 572 3065 645 τύχῃ
3090 574 3175 627 διὰ
3208 578 3508 646 γεννήσεως
3542 581 3737 645 ὑφιστά-

536 664 751 727 divisio,
786 663 1023 733 perfecte
1055 662 1168 732 jam
1204 664 1457 718 omnibus
1496 664 1754 719 membris
1801 664 2096 718 formatum

2202 682 2373 735 μενον.
2406 664 2529 726 Πῶς
2553 663 2730 717 τοίνυν
2763 664 2792 715 6
2819 661 2917 730 τῆς
2958 664 3271 736 ὁμοιότητος
3314 666 3407 719 τοῦ
3446 670 3734 738 τικτομένου

537 754 736 808 animal
769 755 822 808 in
852 755 1025 809 lucem
1054 757 1345 819 emittens;
1400 754 1452 808 id
1482 770 1613 808 vero
1632 753 1777 823 quod
1811 762 2100 823 generatur

2202 753 2392 824 τρόπος
2451 752 2641 805 ἕπεται
2696 752 2774 823 τῷ
2816 755 3002 825 τρόπῳ
3053 756 3149 823 τῆς
3194 757 3529 826 γεννήσεως,
3559 759 3739 812 εἰπάτω

536 843 699 898 homo
730 854 836 908 est,
868 851 961 897 aut
1018 858 1214 912 equus,
1249 852 1344 897 aut
1384 844 1503 908 bos,
1551 844 1631 899 vel
1666 844 1811 898 aliud
1856 843 2090 911 quidvis,

535 936 679 1005 quod
701 950 796 1003 per
829 937 1231 1004 generationem
1263 936 1413 990 nasci
1440 935 1597 989 solet.
1623 933 1905 999 Quomodo
1931 933 2093 1001 igitur

513 1026 981 1108 ‘similitudinisin
1009 1041 1094 1087 eo,
1124 1028 1265 1096 quod
1290 1034 1605 1096 generatum
1650 1035 1753 1088 est,
1785 1024 1979 1078 modus
2011 1039 2097 1079 se-

515 1115 735 1189 'quatur
764 1119 983 1173 modum
1017 1119 1403 1189 generationis,
1436 1116 1665 1184 explicet
1708 1115 1865 1169 nobis
1892 1115 1975 1169 vel
2007 1114 2097 1167 ille

536 1211 671 1279 ipse,
703 1210 787 1264 vel
816 1209 956 1263 alius
993 1207 1380 1262 obstetricandi
1421 1215 1592 1258 artem
1628 1206 1695 1258 ab
1727 1206 1819 1258 illo
1849 1205 2093 1259 edoctus.

2200 841 2359 903 αὐτὸς
2389 835 2610 910 οὖτος,ἢ
2634 840 2780 903 εἴτις
2815 841 2905 894 ὑπ’
2929 842 3092 895 αὑτοῦ
3136 844 3455 915 μαιεύτριαν
3474 846 3737 919 ἐπαιδεύθη

2200 930 2409 1001 τέχνην.
2432 930 2593 982 ’Ἄλλο
2625 930 2731 1000 γάρ
2759 933 2787 983 6
2808 931 2981 995 τόκος,
3001 934 3092 985 καὶ
3120 934 3178 986 τὸ
3210 936 3273 986 ἐκ
3310 934 3403 987 τοῦ
3432 936 3585 989 τόκου
3612 937 3736 1001 ἄλλο,

2202 1020 2296 1073 καὶ
2338 1020 2589 1090 διάφορος
2621 1021 2880 1091 ἑκατέρου
2901 1024 2928 1074 6
2949 1022 3121 1089 λόγος.
3151 1026 3271 1078 Ὅτι
3299 1026 3397 1095 μὲν
3428 1023 3519 1079 οὖν
3545 1028 3739 1084 ἐπὶτῶν

2201 1110 2288 1163 διὰ
2322 1112 2519 1183 σαρκὸς
2540 1113 2871 1183 τικτομένων
2898 1115 3088 1185 ψεῦδός
3118 1118 3231 1169 ἐστι
3254 1117 3311 1169 1:6
3346 1118 3642 1189 λεγόμενον,
3662 1121 3738 1172 ού-

2202 1203 2311 1264 651;
2344 1202 2408 1255 ἂν
2441 1203 2682 1256 ἀντείποι
2714 1205 2823 1256 τῶν
2861 1207 2983 1260 νοῦν
3022 1208 3269 1277 ἐχόντων.

533 1302 691 1356 Aliud
721 1310 807 1356 est
849 1301 993 1355 enim
1034 1308 1242 1368 partus,
1285 1305 1339 1351 et
1364 1296 1507 1349 aliud
1540 1294 1682 1365 quod
1726 1304 1807 1350 est
1851 1312 1916 1350 ex
1965 1301 2153 1363 partu,
2209 1302 2263 1349 et
2292 1293 2506 1349 diversa
2545 1302 2628 1347 est
2657 1296 2943 1366 utriusque
3000 1302 3157 1352 ratio.
3192 1300 3363 1369 Igitur
3412 1304 3737 1357 assertionem

534 1393 655 1462 ejus
704 1391 895 1446 falsam
925 1403 1046 1443 esse
1073 1387 1127 1440 in
1158 1388 1223 1441 iis
1257 1400 1376 1455 qua:
1403 1400 1499 1454 per
1526 1399 1744 1439 carnem
1772 1393 2122 1455 generantur,
2164 1397 2323 1438 nemo
2363 1398 2510 1438 sanae
2530 1386 2726 1439 mentis
2756 1386 3025 1441 abnuerit,

607 1547 663 1602 Si
688 1562 815 1603 vero
861 1544 1063 1616 aliquid
1092 1545 1307 1601 elﬁcere
1338 1556 1391 1600 et
1427 1553 1747 1602 construere
1789 1554 1946 1601 vocat
1974 1559 2096 1599 τηου

534 1639 662 1694 dum
695 1637 1077 1709 generationis,
1118 1637 1183 1690 ad
1215 1652 1375 1707 quem
1407 1637 1460 1690 in
1490 1639 1675 1708 genito
1692 1646 1951 1707 sequatur
1980 1651 2096 1689 mo-

2271 1544 2337 1596 Εί
2356 1542 2411 1595 δὲ
2444 1542 2503 1596 τὸ
2526 1546 2693 1596 ποιεῖν
2721 1544 2813 1597 καὶ
2836 1544 2896 1597 τὸ
2940 1546 3391 1610 κατασκευάζειν,
3417 1548 3608 1619 τρόπον
3634 1566 3738 1617 γεν-

2200 1634 2409 1704 νήσεως
2458 1634 2732 1711 όνομάξει,
2775 1628 2819 1703 ᾧ
2870 1634 3096 1688 ἕπεσθαι
3160 1637 3250 1689 τὸν
3288 1639 3483 1706 τρόπον
3526 1638 3617 1709 τῆς
3659 1640 3737 1694 τοῦ

536 1732 640 1787 dus
672 1731 1065 1805 similitudinis,
1116 1745 1181 1784 ne
1226 1729 1305 1785 sic
1356 1728 1576 1798 quidem
1618 1729 1792 1782 oratio
1814 1726 2091 1798 ejusveri-

2202 1730 2479 1799 γινομένου
2503 1772 2517 1795 ,
2550 1732 2711 1801 φησὶν
2738 1774 2752 1797 ,
2789 1732 3101 1803 ὁμοιότητος
3124 1750 3137 1764 ·
3172 1735 3266 1786 καὶ
3299 1733 3471 1797 οὕτως
3518 1737 3545 1787 6
3607 1736 3741 1801 λόγος

537 1824 948 1881 similitudinem
1002 1821 1183 1886 habet,
1232 1820 1375 1891 quod
1419 1820 1680 1891 exemplis
1710 1820 1929 1889 planum
1984 1816 2093 1871 ﬁet.

536 1915 766 1971 Ferrum
794 1930 825 1967 a
861 1913 1014 1968 fabro
1049 1914 1250 1967 ictibus
1298 1912 1578 1974 tunditur,
1611 1922 1670 1964 ut
1700 1909 1825 1963 inde
1854 1909 1983 1980 quid
2019 1909 2099 1960 vi-

538 2017 605 2062 ta:
629 2007 817 2061 usibus
844 2005 972 2059 utile
1002 2002 1323 2058 conﬁciatur
1365 2010 1418 2057 et
1447 2002 1779 2057 eﬁ‘ormetur.
1814 2000 2100 2067 Quomodo

538 2098 701 2166 igitur
721 2095 937 2149 schema
964 2090 1353 2163 percussionis,
1376 2092 1423 2146 si
1453 2092 1524 2145 ita
1552 2106 1672 2146 sors
1696 2090 1852 2155 ferat,
1884 2091 2101 2145 assimi-

539 2188 680 2242 letur
710 2184 895 2239 manui
948 2183 1197 2242 artiﬁcis.
1252 2182 1337 2236 vel
1394 2182 1556 2236 modo
1608 2181 1930 2244 etfectionis,
1970 2192 2098 2250 puta

540 2275 859 2347 forcipibus,
884 2274 1090 2337 incudi,
1123 2272 1363 2334 follibus,
1387 2271 1953 2341 carbonibus,quibus
1981 2286 2098 2325 rem

538 2366 845 2422 eﬁ'ormavit
896 2372 950 2419 et
996 2363 1267 2433 procudit,
1329 2377 1487 2416 nemo
1522 2361 1677 2415 facile
1727 2360 2097 2429 explicaverit.

540 2455 695 2522 Quod
725 2455 791 2510 de
822 2468 930 2508 uno
955 2453 1202 2521 exemplo
1239 2450 1443 2506 dictum
1471 2459 1573 2513 est,
1594 2449 1647 2503 id
1680 2450 1952 2514 omnibus,
1981 2465 2101 2519 quae

540 2550 755 2603 actione
784 2545 961 2614 aliqua
1007 2543 1339 2606 efﬁciuntur,
1392 2541 1667 2611 competit,
1700 2556 1892 2610 nempe
1940 2542 2101 2594 modo

540 2637 925 2709 generationis,
961 2634 1035 2695 id,
1069 2633 1214 2703 quod
1248 2641 1564 2701 generatum
1600 2640 1705 2696 est,
1757 2647 2098 2702 nequaquam

540 2729 716 2784 simile
758 2726 929 2781 reddi.
976 2725 1112 2789 Quid
1161 2726 1303 2778 enim
1370 2723 1542 2777 forma
1585 2722 1750 2778 vestis
1815 2737 2103 2777 commune

541 2820 701 2875 habet
734 2835 856 2873 cum
896 2817 1147 2877 stamine,
1191 2831 1312 2868 cum
1360 2815 1579 2883 regulis,
1626 2829 1749 2867 cum
1786 2813 2019 2883 pectine,
2048 2820 2101 2865 et

541 2926 665 2965 cum
705 2918 822 2963 toto
869 2910 959 2962 illo
1004 2911 1230 2961 textoris
1289 2906 1593 2975 apparatu?
1638 2903 1776 2971 Quid
1818 2919 2098 2960 scamnum

542 3017 667 3056 cum
724 3000 952 3061 actione,
1015 3012 1134 3067 quae
1175 3004 1422 3051 versatur
1461 2996 1607 3048 circa
1646 2995 1810 3064 ligna,
1848 2995 1930 3048 vel
1965 2995 2101 3049 alius

2199 1816 2292 1869 τοῦ
2330 1819 2536 1881 εἰκότος
2584 1819 2910 1889 κεχώρισται
2948 1834 2962 1849 ⁸
2994 1820 3192 1873 οὑτωσὶ
3248 1822 3304 1874 δὲ
3342 1822 3429 1875 διὰ
3487 1822 3587 1875 τῶν
3632 1823 3740 1875 ὐπο-

2197 1906 2499 1977 δειγμάτων
2529 1910 2885 1979 σκοπήσωμεν
2914 1926 2927 1940 ·
2965 1910 3208 1980 Πληγαῖς
3237 1910 3502 1963 τυπούται
3528 1910 3735 1982 σίδηρος,

2200 1998 2336 2067 πρός
2360 2014 2411 2050 τι
2431 1998 2537 2050 τῶν
2560 1999 2616 2049 ὲν
2643 1998 2720 2067 τῷ
2752 1999 2850 2069 βίῳ
2880 2001 3162 2071 χρησίμων
3200 2000 3353 2071 παρά
3393 2002 3482 2054 τοῦ
3514 2001 3741 2072 δημιουρ-

2206 2088 2429 2154 γοῦντες
2474 2091 2955 2161 σχηματιζόμενος.
2992 2084 3065 2145 Τὸ
3090 2088 3181 2145 οὖν
3210 2096 3396 2163 σχῆμα
3430 2094 3524 2162 τῆς
3561 2094 3739 2163 ἀκμῆς.

2209 2181 2274 2235 ἂν
2304 2180 2445 2235 οὕτω
2469 2181 2626 2252 τύχῃ,
2669 2183 2782 2245 πῶς
2815 2182 3089 2253 ὁμοιοῦται
3121 2187 3187 2255 τῇ
3214 2186 3361 2255 χειρὶ
3388 2183 3481 2237 τοῦ
3503 2186 3739 2254 τεχνίτου,

2199 2271 2232 2341 ἢ
2267 2271 2342 2342 τῷ
2372 2271 2561 2342 τρόπῳ
2592 2272 2689 2342 τῆς
2714 2274 3079 2342 κατασκευῆς,
3104 2270 3210 2327 οἷον
3258 2275 3509 2346 σφύραις,
3540 2278 3627 2328 καὶ
3661 2277 3739 2329 dv-

2201 2362 2378 2434 Οραξι,
2415 2363 2507 2416 καὶ
2555 2362 2769 2431 φύσαις,
2824 2365 2918 2417 καλ⁸
2958 2365 3176 2434 ἄκμονι,
3208 2364 3277 2417 δι’
3316 2358 3389 2419 ὧν
3425 2366 3585 2435 αὐτὴν
3609 2368 3634 2418 6
3667 2366 3744 2435 δη-

2204 2452 2455 2523 μιουργὸς
2508 2452 2908 2515 ἁνετυπώσατο,
2940 2452 3037 2505 οὐκ
3089 2452 3153 2505 ἄν
3199 2469 3287 2516 τις
3334 2455 3502 2506 είπεῖν
3538 2453 3743 2523 ἔχοιοτδ

2199 2544 2257 2597 δὲ
2317 2544 2408 2596 ἐπὶ
2458 2542 2551 2596 τοῦ
2607 2543 2725 2605 ἑνὸς
2789 2542 3179 2612 ὑποδείγματπ
3239 2545 3528 2616 εἰρημένον
3556 2584 3569 2609 ,
3603 2546 3743 2598 πᾶσιν

2202 2619 2498 2703 ἐφαρμόζει
2529 2635 2640 2696 τοῖς
2664 2633 2750 2686 διά
2774 2649 2915 2695 τινος
2940 2633 3288 2704 κατασκευῆς
3321 2635 3739 2705 ἀπεργασθεῖσιν,

2200 2725 2279 2777 ὃτι
2305 2724 2382 2793 τῷ
2435 2725 2619 2795 τρόπῳ
2643 2723 2742 2794 τῆς
2783 2726 3086 2795 γεννήσεως
3123 2726 3183 2778 τὸ
3212 2728 3496 2798 γινόμενον
3523 2728 3743 2798 οὐδαμῶς

2201 2814 2495 2885 ὁμοιοῦται.
2536 2816 2600 2868 Τί
2631 2816 2739 2887 γὰρ
2774 2815 2949 2869 κοινὸν
3001 2817 3110 2885 ἔχει
3162 2817 3223 2870 τὸ
3257 2815 3396 2881 είδος
3431 2818 3519 2872 τοῦ
3558 2818 3742 2889 ίματίου

2202 2904 2338 2973 πρὸς
2367 2904 2426 2955 τὸ
2466 2904 2652 2973 πηνίον
2672 2944 2686 2969 ,
2717 2904 2749 2975 ἢ
2795 2907 2920 2968 τοὺς
2958 2906 3216 2970 κανόνας,
3247 2907 3282 2977 ῆ
3316 2907 3414 2978 τὴν
3464 2910 3687 2979 κερκίδα,
3713 2907 3741 2975 ἢ

2202 2992 2336 3054 ὅλως
2364 2992 2497 3063 πρὸς
2534 2992 2623 3045 τὸν
2651 2994 2849 3064 τρόπον
2874 2994 2971 3064 τῆς
2999 2994 3090 3047 τοῦ
3122 2995 3359 3064 ὑςράντου
3394 2998 3740 3067 κατασκευῆςς

542 3092 812 3162 quispiam
835 3090 1057 3145 eﬁ'ectus
1097 3102 1219 3141 cum
1251 3084 1419 3139 forma
1450 3085 1709 3139 artiﬁcis?
1758 3084 1895 3154 Ergo
1932 3085 1986 3138 in
2020 3100 2100 3137 re-

2202 3082 2337 3137 τίδὲ
2384 3083 2446 3135 τὸ
2480 3082 2676 3154 βάθρον
2718 3084 2853 3155 πρὸς
2888 3084 2985 3155 τὴν
3028 3086 3137 3138 τῶν
3184 3087 3357 3151 ξύλων
3408 3090 3739 3159 ἀπεργασίαν,

543 3184 647 3239 bus
701 3182 1051 3238 sensibilibus
1108 3191 1161 3233 ct
1218 3177 1497 3247 corporeis
1548 3192 1575 3229 a
1606 3178 1828 3231 veritate
1863 3177 2097 3229 alienum

542 3290 685 3336 esse.
727 3274 870 3344 quod
939 3272 1179 3349 asserit,_
1210 3271 1358 3341 ipsos
1411 3269 1756 3323 adversarios
1800 3267 1952 3322 fateri
1991 3268 2104 3320 exi-

544 3367 733 3420 stimo.

616 3582 903 3652 Reliquum
939 3590 1043 3645 est,
1078 3588 1138 3635 ut
1175 3576 1548 3650 dispiciamus,
1577 3574 1834 3646 quidnam
1885 3575 2106 3629 concin-

544 3674 737 3731 nanda:
760 3688 871 3727 suae
899 3672 1244 3742 blasphemiae
1278 3669 1512 3724 ulterius
1552 3668 1758 3722 aﬁ‘erat.
1803 3666 1940 3732 Quid
1976 3681 2104 3736 ergo

544 3776 662 3820 erat
687 3763 833 3835 quod
864 3764 913 3817 in
963 3762 1262 3832 quaestione
1294 3758 1651 3816 versabatur?
1682 3756 1794 3812 Hoc
1834 3757 2101 3821 videlicet,

544 3857 699 3912 fateri
732 3863 1002 3925 oportere,
1032 3852 1225 3908 Filium
1260 3851 1315 3905 in
1349 3852 1449 3907 sua
1496 3850 1800 3907 substantia
1846 3848 1992 3901 Patri
2033 3849 2106 3903 si-

544 3948 747 4012 milem,
781 3945 864 3999 vel
888 3943 1204 3999 dissimilem
1228 3956 1391 3997 esse:
1436 3940 1582 4011 quod
1625 3954 1770 4004 cum,
1807 3947 1866 3992 ut
1917 3938 2009 4000 ait,
2039 3954 2105 3992 ex

442 4064 445 4065 ν
543 4038 896 4111 providentiae
927 4036 1141 4090 ratione
1170 4034 1383 4089 discere
1433 4032 1758 4103 nequiverit,
1806 4030 2105 4084 recurrisse

545 4146 605 4185 se
633 4131 765 4183 dicit
798 4126 864 4181 ad
884 4126 1252 4197 generationis
1282 4125 1526 4188 modum,
1559 4131 1619 4177 ut
1650 4124 1808 4178 istius
1836 4122 2105 4176 interven-

546 4232 603 4274 tu
637 4225 1014 4290 cognosceret,
1052 4232 1159 4271 non
1190 4226 1372 4270 utrum
1421 4215 1635 4286 genitus
1676 4212 1904 4282 genitori
1938 4211 2103 4265 dissi-

546 4309 692 4363 milis
714 4310 806 4373 sit,
836 4307 931 4363 sed
959 4322 1090 4361 num
1136 4306 1334 4361 habeat
1377 4304 1595 4359 modum
1631 4301 1917 4373 quemdam
1948 4299 2104 4354 simi-

544 4400 810 4463 litudinis,
842 4407 895 4453 et
921 4398 1047 4468 quia
1070 4396 1262 4451 modus
1299 4397 1402 4451 iste
1441 4394 1625 4449 multis
1674 4395 1888 4464 ignotus
1922 4393 2013 4453 sit,
2041 4405 2102 4445 ea

2204 3175 2237 3245 ἢ
2263 3174 2389 3227 ἄλλο
2421 3191 2471 3226 τι
2506 3174 2615 3227 τῶν
2656 3174 2952 3245 γινομένων
2991 3177 3124 3245 πρὸς
3156 3176 3216 3227 τὸ
3242 3178 3427 3249 σχῆμα
3456 3197 3544 3231 του
3575 3194 3743 3248 κατερ·

2205 3262 2546 3332 γασαμένου;
2592 3263 2728 3315 Ἀλλ’
2756 3266 2813 3315 ἐν
2840 3264 2938 3333 μὲν
2970 3266 3081 3326 τοῖς
3108 3265 3385 3335 αίσθητοῖς
3412 3268 3504 3320 καὶ
3533 3285 3741 3337 σωματι-

2204 3352 2317 3411 κοῖς
2339 3351 2525 3420 ἀργεῖν
2556 3350 2646 3401 τὸν
2682 3350 2837 3419 λόγον
2873 3351 3074 3413 τοῦτον,
3111 3357 3201 3406 καὶ
3242 3357 3441 3420 αὐτοὺς
3466 3354 3610 3423 οἶμαι
3638 3358 3741 3422 τοὺς

2204 3442 2477 3503 ἐναντίους
2510 3440 2870 3496 συντίθεσθαι.

2285 3576 2605 3631 ’Υπόλοιπον
2638 3579 2682 3632 δ’
2707 3579 2771 3633 ἂν
2806 3580 2889 3651 εἴη
2946 3586 3159 3637 σκοπεῖν
3192 3585 3245 3636 εἴ
3284 3603 3403 3641 τινα
3458 3589 3737 3644 συντέλειαν

2205 3666 2338 3735 πρὸς
2357 3666 2452 3737 τὴν
2475 3667 2573 3737 τῆς
2602 3668 2947 3740 βλασφημίας
2975 3674 3316 3744 κατασκευὴν
3340 3676 3737 3745 συνεισφέρεται.

2205 3756 2269 3807 Τί
2294 3752 2385 3809 οὖν
2416 3757 2478 3808 τὸ
2518 3756 2845 3829 ζητούμενον
2888 3756 2989 3831 iv;
3024 3762 3096 3814 T6
3122 3762 3228 3815 δεῖν
3256 3768 3396 3819 κατὰ
3444 3766 3539 3836 τὴν
3579 3764 3739 3818 οὐσίαν

2202 3851 2401 3921 ὁμοίως
2441 3852 2471 3923 ἢ
2506 3856 2771 3924 ἀνομοίως
2815 3856 2957 3926 ἔχειν
2982 3857 3059 3926 τῷ
3084 3859 3257 3929 Πατρὶ
3302 3860 3390 3913 τὸν
3425 3860 3546 3913 Υίὸν
3573 3858 3737 3929 ὁμολο-

2204 3941 2434 4007 γεῖσθαι.
2467 3942 2639 4014 Ὅπερ
2655 3943 2814 3997 διὰτὸ
2846 3945 2920 4016 μὴ
2951 3945 3223 4008 δύνασθαι,
3244 3952 3427 4019 φησιν,
3449 3950 3510 4000 ὲκ
3534 3950 3632 4000 τῶν
3655 3946 3739 4016 τῆς

2204 4030 2459 4099 προνοίας
2475 4030 2649 4099 λόγων
2673 4033 2883 4103 μαθεῖν,
2900 4036 2990 4087 ἐπὶ
3016 4035 3106 4088 τὸν
3124 4036 3223 4106 τῆς
3254 4039 3551 4108 γεννήσεως
3573 4035 3743 4104 ἀνελη-

2203 4120 2417 4173 λυθέναι
2453 4122 2651 4192 τρόπον
2674 4139 2686 4153 ’
2713 4122 2787 4186 ὡς
2819 4123 2904 4177 διὰ
2935 4125 3121 4179 τούτου
3153 4128 3352 4196 γνῶναι
3382 4130 3495 4198 οὐχὶ
3524 4129 3608 4181 τὸν
3633 4144 3737 4195 γενι

2162 4233 2171 4241 ·
2204 4213 2454 4282 νηθέντα,
2482 4216 2530 4265 εἰ
2564 4216 2764 4284 ὁμοίως
2806 4216 2915 4285 ἔχει
2953 4218 3088 4287 πρὸς
3124 4218 3213 4271 τὸν
3242 4222 3594 4291 γεννήσαντα,
3623 4216 3740 4271 ἀλλὰ

2203 4321 2323 4358 τινα
2342 4306 2653 4377 ὁμοιότητος
2674 4309 2996 4378 τρόπον,καὶ
3021 4310 3106 4363 διὰ
3134 4312 3195 4363 τὸ
3218 4315 3333 4376 τοῖς
3358 4314 3563 4376 πολλοῖς
3586 4312 3737 4379 ἀγνω-

2209 4411 2330 4447 στον
2362 4390 2499 4448 εἶναι
2547 4396 2752 4461 τοῦτον,
2784 4399 2869 4452 διὰ
2907 4400 3062 4454 τοῦτο
3086 4402 3182 4472 τὴν
3211 4405 3539 4474 γεννήσασαν
3576 4401 3739 4455 οὐσίαν

544 4492 613 4546 de
639 4506 827 4554 causa,
860 4505 918 4545 se
970 4489 1037 4543 de
1074 4488 1398 4551 substantia,
1434 4502 1555 4557 qua:
1611 4485 1819 4556 genuit,
1858 4485 2100 4554 pluribus

2211 4487 2682 4557 περιεργάζεσθαι.
2734 4484 2877 4561 1Ἄρα
2930 4489 3022 4546 οὖν
3073 4473 3417 4563 ἐπιλέλησται
3472 4495 3573 4547 τῶν
3616 4493 3739 4546 ἰδίων

544 4583 892 4638 disseruisse.
948 4579 1086 4634 Num
1144 4581 1307 4650 igitur
1351 4581 1586 4649 propriae
1623 4593 1735 4633 sua:
1787 4578 2100 4634 assertionis

2202 4576 2518 4648 διορισμῶν,
2543 4579 2601 4631 ὲν
2626 4575 2707 4641 οἷς
2740 4598 2920 4651 φησιν,
2950 4584 3018 4636 ἐκ
3043 4583 3360 4654 τῶνὲργων
3389 4586 3513 4640 δεῖν
3527 4587 3625 4650 τὰς
3652 4585 3739 4636 οὐ·

543 4673 745 4727 oblitus
790 4680 894 4733 est,
943 4672 1162 4741 quando
1212 4672 1369 4739 dixit,
1417 4686 1483 4724 ea:
1532 4670 1770 4739 operibus
1802 4669 2100 4738 investigari

2202 4669 2342 4734 σίας
2366 4669 2940 4737 καταλαμϐάνεσθαι;
2956 4674 3065 4746 Τῆς
3082 4670 3174 4728 οὖν
3198 4678 3539 4747 γεννηθείσης
3554 4675 3735 4735 οὐσίας,

542 4764 725 4819 debere
776 4763 1150 4817 substantias?
1188 4778 1310 4819 cum
1354 4779 1482 4833 ergo
1512 4763 1744 4819 necdum
1796 4762 1905 4817 ullo
1944 4763 2100 4817 modo

2204 4762 2269 4828 ἢν
2285 4762 2460 4828 ἔργον
2474 4760 2727 4831 ὀνομάζει
2744 4762 2849 4831 τῆς
2880 4767 3329 4836 ὑπερκειμένης,
3356 4769 3573 4839 μηδέπω
3596 4782 3737 4834 φανε-

542 4862 774 4921 constet,
809 4853 1084 4924 quomodo
1118 4854 1425 4908 substantia
1471 4863 1747 4921 generata,
1776 4868 1937 4923 quam
1975 4869 2106 4921 opus

540 4959 799 5013 supremae
829 4943 1085 5013 appellat,
1113 4958 1235 4997 sese
1267 4942 1463 4995 habeat
1497 4944 1795 4997 secundum
1831 4951 2105 5009 naturam;

541 5050 649 5106 qua
678 5036 889 5090 ratione
912 5035 965 5089 id
998 5032 1143 5104 quod
1189 5033 1415 5088 inferius
1449 5040 1553 5098 est,
1592 5040 1650 5085 ut
1681 5034 1795 5099 ipse
1843 5032 2102 5102 loquitur,

539 5133 594 5180 et
631 5125 753 5179 ideo
802 5125 871 5180 ad
928 5122 1361 5194 cognoscendum
1416 5123 1709 5192 proclivius
1764 5130 1817 5177 et
1866 5122 2101 5186 facilius,

541 5218 879 5281 transiliens,
908 5216 1142 5270 maxime
1169 5215 1399 5285 propriae
1420 5226 1468 5270 et
1497 5230 1763 5284 suprema:
1788 5215 2103 5270 substantiae

541 5304 887 5371 adhaerescit,
911 5313 963 5361 et
989 5320 1112 5361 cum
1144 5305 1201 5358 in
1232 5320 1395 5375 Opere
1446 5320 1545 5360 suo
1567 5304 1734 5360 videri
1767 5306 1910 5372 velit,
1948 5307 2103 5375 quasi

542 5394 847 5450 divinorum
871 5395 1216 5450 oraculorum
1259 5395 1549 5450 admodum
1589 5410 1793 5467 gnarus
1821 5395 1911 5460 sit,
1957 5411 2101 5450 nunc

538 5499 605 5538 ea
634 5489 783 5554 parvi
809 5486 1014 5557 pendit,
1047 5486 1270 5558 perinde
1306 5502 1370 5541 ac
1419 5488 1464 5542 si
1507 5486 1766 5551 nesciret,
1807 5485 1874 5540 ad
1922 5483 2101 5541 Patris

540 5578 927 5647 cognitionem,
965 5595 1071 5635 non
1108 5580 1210 5636 nisi
1258 5595 1353 5651 per
1401 5576 1593 5635 Filium
1637 5593 1921 5636 accessum
1959 5586 2102 5649 pate-

2209 4852 2490 4922 ρωθείσης,
2516 4852 2633 4917 πῶς
2662 4854 2772 4923 ἔχει
2800 4855 2938 4908 κατὰ
2962 4857 3060 4928 τὴν
3089 4859 3267 4928 φύσιν,
3286 4856 3644 4929 πῶςὺπερ6ὰς
3670 4855 3736 4915 τὸ,

2208 4942 2282 5005 ὡς
2314 4942 2472 5005 αὐτὸς
2519 4944 2686 5012 λέγει,
2721 4946 3045 5017 κατώτερον,
3070 4950 3163 5002 καὶ
3190 4950 3278 5003 διά
3317 4951 3473 5005 τοῦτο
3507 4954 3567 5021 τῇ
3596 4962 3738 5002 κατα·

2208 5032 2367 5102 λήψει
2396 5033 2504 5087 τῶν
2531 5033 2831 5104 ζητούντων
2864 5041 3290 5112 προσεχέστερον
3308 5082 3322 5106 ,
3355 5044 3421 5112 τῇ
3458 5037 3736 5110 κυριωτάτῃ

2210 5126 2302 5178 καὶ
2323 5126 2569 5196 ἀνωτάτῃ
2604 5127 2939 5197 προσφύεται
2954 5146 2967 5161 θ
2992 5132 3083 5184 καὶ
3102 5132 3162 5183 τὸ
3182 5132 3424 5204 ἀκριϐῶς
3446 5131 3629 5184 είδέναι
3656 5126 3739 5185 τὰς

2208 5216 2355 5279 θείας
2387 5216 2587 5284 φωνὰς,
2605 5219 2661 5271 ἐν
2684 5218 2762 5289 τῷ
2794 5220 2913 5273 κατ’
2938 5221 3098 5275 αὐτὸν
3132 5223 3294 5293 λόγῳ,
3328 5218 3736 5281 κατασκευάζων,

2209 5308 2303 5359 νῦν
2341 5307 2604 5362 κάκείνων
2636 5310 2814 5378 ὀλίγον
2846 5314 3072 5367 ποιεῖται
3113 5313 3203 5367 τὸν
3231 5315 3405 5382 λόγον,
3439 5313 3613 5379 ὥσπερ
3649 5307 3737 5373 ἀγ·

2206 5397 2343 5451 νοῶν
2371 5399 2449 5451 ὅτι
2474 5400 2575 5453 οὐκ
2610 5399 2723 5454 ἔστι
2755 5406 2820 5472 τῇ
2853 5404 3047 5471 γνώσει
3080 5405 3172 5459 τοῦ
3212 5405 3420 5476 Πατρδς
3448 5400 3735 5471 προσϐῆναι

2211 5486 2295 5558 μὴ¹
2316 5489 2401 5541 διὰ
2424 5490 2517 5543 τοῦ
2545 5491 2672 5544 Υίοῦ
2700 5496 3162 5564 προσεγγίσαντα;
3191 5498 3398 5563 Οὐδεὶς
3424 5496 3545 5565 γὰρ,
3572 5491 3732 5561 φησὶν.

2206 5580 2361 5649 ἔγνω
2400 5582 2505 5637 τὸν
2525 5585 2774 5655 Πατέρα,
2792 5589 2844 5640 ει
2866 5588 2953 5657 μὴ
2978 5591 3011 5644 d
3052 5590 3198 5657 Υἱὸς,
3226 5590 3320 5646 καὶ
3343 5582 3392 5657 ᾧ
3410 5590 3513 5643 ἐὰν
3534 5582 3735 5651 βούλησ
