3922 6464
110 384 191 439 335
1235 385 1511 441 CONTRA
1545 384 1934 449 EUNOMIUM,
1976 383 2105 437 LIB.
2140 380 2177 435 1.

1904 0 2331 11 νῄρθ-...η-Ὴ--ή-

3188 378 3292 439 591

110 516 178 553 ται
203 498 233 550 ὁ
290 496 407 559 Υἱὸς
459 496 864 563 ἀποκαλύψαι.
907 496 1044 551 Ἀλλ’
1089 493 1261 561 οὗτος,
1296 502 1352 552 ὲν
1382 496 1463 563 οἷς
1520 500 1618 571 μὲν

1731 497 1839 552 ﬁeri
1876 500 1899 552 ?
1932 496 2126 549 Nullus
2174 496 2333 558 enim,
2382 496 2576 563 inquit,
2612 494 2752 546 novit
2807 492 3019 546 Patrem
3068 480 3170 548 nisi
3203 495 3291 547 ρί-

106 592 155 643 av
181 588 325 657 μέλλῃ
346 586 684 656 καθυϐρίζειν
733 588 830 651 τάς
860 590 1100 653 εὐσεϐεῖς
1156 594 1250 644 καὶ
1288 595 1352 662 τῇ
1404 592 1615 662 θεότητι

108 680 364 751 πρεπούσας
382 678 471 730 τοῦ
495 680 829 748 Μονογενοῦς
852 682 1165 751 ὑπολήψεις,
1197 684 1448 737 ἐλάττονα
1479 680 1616 739 εἷναι

105 772 229 837 λέγει,
259 771 423 839 γυμνῇ
444 772 509 839 τῇ
543 772 689 839 φωνῇ
714 785 730 801 ⁸
754 773 811 825 ὲν
832 772 897 825 δὲ’
916 775 982 841 τῇ
1008 772 1216 843 ἐπινοίᾳ
1244 773 1344 841 τῆς
1366 773 1617 840 γνώσεως

105 862 183 913 τῶν
204 860 343 912 θείων
359 898 373 921 ,
413 859 660 914 λανθάνει
689 861 749 914 τὸ
779 863 961 931 μεῖζον
987 864 1072 916 ἐπ’
1094 862 1260 916 αὐτοῦ
1283 866 1619 919 κατασκευά-

106 953 183 1014 ζων
212 966 225 981 ο
251 953 394 1021 εἴπερ
429 952 527 1023 τὴν
573 952 665 1005 τοῦ
711 953 923 1023 Πατρὸς
967 955 1174 1020 οὐσίαν,
1214 956 1288 1019 ὡς
1342 958 1616 1026 ἑτοιμοτέ-

107 1060 177 1111 ραν
220 1043 290 1104 είς
335 1043 657 1114 κατανόησιν
726 1045 1043 1099 καταλαδὼν
1070 1085 1084 1108 ,
1123 1047 1203 1099 δι’
1259 1048 1472 1118 ἐκείνης
1524 1049 1617 1100 ἀν-

105 1133 283 1200 ιχνεὺειν
318 1135 570 1204 πειρᾶται
620 1136 713 1189 καὶ
765 1137 1170 1205 συλλογίζεσθαι
1219 1139 1312 1192 τοῦ
1358 1140 1484 1192 Υίοῦ
1517 1140 1615 1211 τὴν

105 1242 239 1291 φυσιν.

157 1318 328 1369 Ἀνεισι
362 1316 491 1384 γοῦν
527 1318 623 1372 ἐπὶ
656 1318 752 1389 τὴν
797 1322 1137 1391 γεννήσασαν
1168 1324 1386 1384 οὐσίαν,
1418 1325 1510 1376 καὶ
1548 1322 1612 1376 δι’

106 1408 265 1476 ἐκείνης
285 1410 372 1478 τὴν
395 1411 747 1479 γεννηθεῖσαν
766 1408 1074 1477 ὲπίσκοπεῖ,
1099 1413 1187 1466 διὰ
1206 1414 1264 1466 τὸ
1293 1418 1357 1485 τῇ
1388 1420 1611 1487 φυσικῇ,

109 1498 217 1566 cmi,
246 1497 327 1550 τοῦ
358 1500 721 1568 γεννήσαντος
748 1501 874 1572 ἀξία
898 1502 1203 1556 δείκνυσθαι
1233 1504 1323 1557 τὸν
1356 1507 1452 1577 τῆς
1493 1524 1616 1576 γεν-

108 1594 259 1657 νήσεως
289 1591 499 1660 τρόπον.
533 1591 703 1644 Πάλιν
742 1592 901 1646 τοῦτο
945 1594 1129 1657 ἁπλῶς
1168 1596 1264 1648 καὶ
1299 1597 1615 1667 ἀδιορίστως

110 1681 426 1752 παραρριφὲν,
474 1684 570 1736 ὲπὶ
632 1685 807 1737 πάντα
877 1687 1270 1758 παραπλησίως
1317 1689 1613 1759 διαχεῖσθαι

111 1772 451 1840 παρασκευάζει
502 1773 600 1826 τοῦ
651 1774 935 1844 ζητοῦντος
971 1778 1066 1849 τὴν
1104 1779 1329 1833 ἔννοιαν.
1382 1782 1615 1835 Τοιαῦτα

1730 589 1854 653 lius,
1889 598 1939 642 et
1972 589 2057 641 cui
2086 587 2302 641 voluerit
2340 584 2513 639 Filius
2549 585 2773 639 revelare
2808 585 2872 637 “.
2909 583 3014 639 Sed
3040 587 3143 641 iste
3166 602 3293 642 cum

1722 680 1957 735 debitam
1986 678 2463 741 existimationem,
2524 690 2688 745 quam
2723 674 2789 729 de
2833 672 3108 745 Unigeniti
3148 676 3288 731 divi-

1722 771 1893 823 nitate
1926 769 2207 832 habemus,
2268 768 2589 820 imminuere
2646 773 2701 819 et
2744 766 2992 820 deterere
3049 768 3289 835 molitur,

1722 863 1988 917 minorem
2021 860 2217 913 Filium
2246 860 2389 913 nuda
2437 874 2571 914 voce
2621 859 2838 923 astruit,
2874 873 3035 927 quem
3072 860 3294 929 ignarus

1722 953 1847 1008 licet
1872 952 2129 1021 majorem
2166 951 2316 1013 facit,
2336 951 2389 1005 in
2406 965 2589 1006 rerum
2635 951 2941 1005 divinarqu
2982 964 3296 1020 comparan-

1721 1043 1788 1097 da
1824 1043 2162 1113 cognitione:
2198 1044 2243 1097 si
2293 1041 2511 1111 quidem
2558 1039 2736 1095 Patris
2779 1041 3169 1104 substantiam,
3203 1056 3295 1096 ve-

1723 1135 1803 1188 lut
1838 1135 2055 1204 cognitu
2090 1132 2480 1201 expeditiorem
2534 1132 2829 1201 accipiens,
2878 1146 2971 1198 per
3018 1132 3162 1184 illam
3213 1132 3299 1185 in-

1723 1229 1921 1297 dagare
1949 1236 2002 1281 et
2030 1228 2284 1297 colligere
2330 1226 2523 1279 nititur
2554 1234 2806 1279 naturam
2838 1224 2979 1278 Filii.

1793 1318 2052 1373 Ascendit
2098 1319 2263 1387 igitur
2312 1318 2378 1371 ad
2429 1324 2679 1371 naturam
2732 1332 2855 1387 quae
2903 1318 3203 1387 generavit,
3244 1326 3297 1370 et

1722 1426 1817 1479 per
1841 1411 2008 1475 illam,
2032 1410 2344 1464 considerat
2360 1419 2695 1479 generatam,
2721 1424 2787 1463 eo
2820 1410 2965 1478 quod
3008 1425 3103 1478 per
3134 1418 3293 1461 natu-

1721 1488 1888 1555 ralem
1944 1501 2257 1571 generantis
2309 1500 2630 1572 dignitatem
2695 1502 2889 1555 modus
2933 1502 3294 1569 generationis

1720 1592 2148 1647 demonstretur.
2193 1589 2309 1656 Qua
2347 1593 2467 1643 sua'
2502 1591 2808 1646 assertione
2860 1592 2931 1645 ita
2977 1593 3295 1661 simpliciter

1720 1696 1772 1737 et
1803 1683 2078 1737 indeﬁnite
2100 1684 2325 1752 prolata,
2343 1682 2409 1734 ad
2434 1683 2615 1735 omnia
2645 1674 2928 1753 aequaliter
2946 1685 3165 1739 lectoris
3183 1686 3292 1738 ani-

1721 1790 1868 1829 mum
1891 1773 2192 1828 diffundere
2221 1783 2276 1828 et
2301 1773 2574 1829 abducere
2599 1783 2787 1827 tentat.
2809 1774 2957 1829 Talia
2984 1777 3127 1830 enim
3147 1787 3291 1839 sunt,

112 1865 184 1931 γὰρ
209 1865 303 1917 ἐστι
326 1863 628 1929 καθολικῶς
659 1867 728 1919 τά
760 1867 1297 1940 δογματιζόμενα,ὠς
1325 1874 1416 1926 ἐπὶ
1440 1874 1613 1926 πάντα

1731 1882 1837 1935 tum
1855 1868 2150 1921 universim
2177 1866 2537 1925 aflirmantur,
2563 1876 2621 1918 ut
2644 1868 3021 1936 cogitationem
3037 1868 3101 1921 ad
3115 1868 3292 1922 omnia

114 1953 309 2021 φέρεσθαι
354 1957 469 2017 ταῖς
523 1956 947 2022 ὐπονοίαις,καὶ
997 1962 1163 2031 μηδὲν
1211 1963 1614 2033 ὐπεξαιρεῖσθαι

113 2044 179 2112 τῆς
204 2046 577 2118 περιληπτικῆς
611 2051 955 2119 ἀποφάσεως.
1000 2054 1063 2105 El
1110 2050 1201 2109 οὖν
1232 2056 1491 2120 πάντωςὸ
1518 2059 1615 2128 τῆς

119 2136 351 2203 γεννήσεως
398 2138 602 2207 τρόπος
655 2143 721 2211 τῇ
771 2146 969 2213 φυσικῇ
1008 2144 1101 2197 τοῦ
1149 2146 1441 2213 γεννῶντος
1490 2148 1617 2219 ἀξίᾳ

114 2227 388 2295 γνωρίζεται.
437 2232 637 2285 πολλαὶ
674 2233 731 2285 δὲ
774 2235 883 2289 τῶν
920 2238 1210 2291 τικτόντων
1241 2241 1296 2292 at
1336 2241 1477 2294 κατά
1521 2240 1617 2305 τάς

117 2314 224 2378 ἀξίας
267 2318 529 2391 διαφοραὶ,
590 2324 687 2376 καὶ
726 2326 867 2379 κατά
914 2327 1115 2391 πολλὰς
1170 2330 1411 2394 ἐπινοίας
1454 2349 1621 2385 κατα-

118 2404 409 2475 λαμϐάνονται
438 2416 453 2482 (
480 2416 741 2481 γεννᾶται
775 2418 882 2488 γὰρ
939 2418 1204 2483 Ἰουδαῖος.
1236 2422 1453 2493 Ἕλλην,
1489 2422 1621 2495 βάρ-

120 2497 263 2566 ειρος,
299 2503 538 2575 Σκύθης,
586 2506 772 2571 δοῦλος
796 2545 813 2573 ,
854 2510 1175 2582 ἐλεύθερος),
1211 2513 1263 2564 τί
1312 2514 1375 2565 ὲκ
1420 2513 1621 2567 τούτων

120 2593 546 2661 κατασκευάζεταις
574 2598 697 2650 ’Ότι
720 2598 840 2651 ὅσαι
871 2601 977 2653 είσὶ
1000 2602 1107 2654 τῶν
1136 2604 1447 2671 γεννώντων
1482 2606 1623 2658 κατὰ

120 2682 183 2741 τὶς
200 2686 398 2750 φυσικὰς
422 2688 581 2753 ἀξίας
608 2689 1134 2760 διαφοραὶ,τοσοῦτοι
1159 2696 1253 2748 καὶ
1286 2697 1476 2766 τρόποι
1502 2714 1624 2766 γεν-

119 2772 267 2839 νήσεως
292 2779 420 2830 κατά
452 2780 514 2831 τὸ
547 2780 696 2844 εἰκὸς
726 2783 1105 2854 εὑρεθήσονται
1126 2804 1138 2817 ο
1156 2787 1230 2852 ὡς
1264 2788 1338 2859 μὴ
1366 2790 1504 2843 κατά
1532 2790 1623 2842 τὸν

121 2863 234 2917 αὐτὸν
274 2870 454 2937 τρόπον
504 2872 851 2945 πληροῦσθαι
897 2880 1029 2931 πᾶσι
1069 2881 1167 2949 τὴν
1208 2880 1455 2949 γένεσιν
1490 2882 1624 2936 ἀλλὰ

120 2958 201 3018 ταῖς
222 2959 309 3011 τῶν
334 2962 650 3029 γεννώντων
697 2968 875 3034 ἀξίαις
899 2970 998 3033 τὰς
1024 2972 1210 3040 φύσεις
1240 2975 1624 3044 συμμεταϐάλη

120 3045 268 3113 λεσθαι,
293 3054 375 3106 καὶ
414 3054 524 3107 δεῖν
568 3057 786 3129 ἑκάστῳ
813 3061 919 3113 τῶν
965 3063 1295 3132 τικτομένων
1314 3104 1328 3127 ,
1360 3065 1500 3117 κατὰ
1528 3064 1625 3134 τὴν

123 3140 197 3189 τῶν
222 3142 519 3214 ἀξιωμάτων
570 3148 851 3220 διαφορὰν,
885 3152 1148 3215 ἰδιάζοντά
1179 3172 1295 3207 τινα
1326 3157 1625 3227 γεννήσεως

1718 1958 2035 2022 traducaut,
2087 1958 2331 2027 nihilque
2391 1965 2545 2013 extra
2599 1974 2759 2012 suum
2825 1959 3084 2012 ambitum
3126 1958 3293 2013 relin-

1718 2056 1915 2118 quant.
1941 2048 1996 2102 Si
2021 2049 2186 2119 igitur
2200 2049 2425 2103 omnino
2456 2051 2648 2103 modus
2666 2051 3035 2120 generationis
3057 2066 3122 2105 ex
3146 2060 3293 2104 natu~

1718 2138 1818 2190 rali
1857 2138 2168 2207 generantis
2209 2138 2470 2208 dignitate
2507 2140 2874 2205 cognoscitur,
2920 2141 3293 2209 generantium

1717 2245 1848 2284 vero
1868 2218 2457 2292 varite',etdiversarum
2484 2232 2765 2285 notionmn
2791 2233 3091 2286 secundum
3117 2233 3295 2301 digni-

1721 2330 1885 2377 tatem
1916 2320 2234 2376 diti'erentia:
2274 2323 2661 2392 reperiuntur:
2718 2332 2947 2393 generat
2989 2326 3135 2380 enim
3192 2325 3289 2379 Ju-

1722 2410 2141 2476 dzeus,Grtecus,
2164 2413 2456 2480 Barbarus,
2478 2413 2702 2485 Scytha,
2722 2431 2934 2478 servus,
2967 2416 3128 2471 liber:
3167 2417 3295 2485 quid

1722 2520 1790 2558 ex
1824 2504 1908 2558 his
1947 2504 2441 2559 concluditur?An
2481 2514 2616 2576 quot
2643 2516 2773 2561 sunt
2804 2507 3181 2576 generantium
3211 2523 3296 2562 se-

1724 2596 1963 2649 cundum
1999 2597 2306 2651 naturalem
2332 2596 2651 2665 dignitatem
2711 2606 2943 2658 naturae.
2998 2607 3075 2649 tot
3134 2599 3296 2651 etiam

1724 2687 1869 2740 modi
1892 2687 2280 2756 generationis,
2311 2696 2370 2741 ut
2405 2689 2578 2753 decet,
2611 2689 2874 2743 exsistant
2901 2729 2916 2753 ,
2947 2690 3017 2741 ita
3046 2700 3101 2742 ut
3123 2689 3298 2744 haud-

1725 2791 1998 2846 quaquam
2049 2779 2237 2832 eodem
2277 2780 2437 2831 modo
2469 2781 2747 2849 generatio
2804 2780 3158 2849 perﬁciatur;
3201 2781 3295 2835 sed

1729 2878 1788 2922 nt
1830 2877 2038 2923 natura:
2065 2884 2171 2923 una
2204 2884 2328 2923 cum
2368 2873 2745 2940 generanlium
2784 2872 3147 2940 dignitatibus
3185 2888 3299 2925 mu-

1724 2968 1929 3023 tentur,
1965 2958 2230 3028 adeoque,
2266 2969 2323 3012 ιιι
2367 2960 2591 3014 cuilibet
2623 2976 2835 3021 eorum,
2887 2977 3006 3029 quae
3040 2976 3298 3030 generan-

1726 3057 1835 3114 tur,
1879 3050 2179 3105 secundum
2232 3050 2559 3119 dignitatum
2620 3051 2981 3107 differentiam
3041 3054 3295 3122 proprius

1726 3142 1945 3210 quidam
1972 3143 2342 3211 generationis
2376 3142 2569 3195 modus
2595 3142 2959 3210 assignandus
2984 3144 3096 3197 sit?
3119 3143 3299 3197 Omni-

125 3230 268 3296 tpizov
292 3240 745 3309 καινοτομεῖσθαι.
783 3243 921 3295 nam
952 3244 1059 3314 γὰρ
1092 3250 1353 3315 συμφυεῖς
1376 3224 1520 3313 ἀξίαι
1551 3264 1625 3301 τι-

1735 3233 1837 3287 bus
1862 3233 2005 3286 enim
2029 3246 2059 3284 a
2098 3244 2288 3287 natura
2319 3234 2497 3287 iusitze
2540 3233 2835 3303 dignitates
2869 3244 2922 3289 et
2963 3234 3299 3290 excellentia:

126 3322 185 3383 νίς
207 3327 289 3378 είσι
332 3329 547 3395 πάντως
588 3332 1048 3405 ὲπιθεωρούμεναι
1091 3341 1201 3399 τοῖς
1226 3338 1346 3391 καθ’
1384 3340 1628 3403 ἕκαστον,

126 3412 397 3488 διαφέρουσαι
442 3424 498 3476 δὲ
529 3424 779 3495 ἀλλήλων
832 3428 967 3498 πρὸς
1012 3430 1073 3482 τὸ
1105 3432 1347 3499 κρεῖττον
1383 3431 1415 3500 ἢ
1466 3449 1633 3485 κατα-

127 3503 333 3579 δεέστερον
354 3513 533 3575 ’ὅπως
565 3514 630 3568 ἂν
665 3514 877 3586 ἑκάστῳ
902 3519 1172 3589 συμπέσῃ,
1196 3520 1369 3587 γένος,
1397 3521 1631 3592 ἀξίωμα,

130 3595 343 3666 θρησκεία,
373 3607 579 3676 πατρὶς
600 3646 613 3667 ,
645 3606 929 3661 δυναστεία
949 3650 963 3672 ,
995 3609 1223 3676 δουλεία,
1256 3612 1502 3676 πλοῦτος.
1532 3631 1633 3667 πε-

130 3685 277 3745 νίι.τὸ
324 3695 688 3760 αὐτεξούσιον,
729 3697 787 3749 τὸ
833 3700 1159 3770 ὑποχείριον.
1194 3703 1370 3755 πάντα
1407 3704 1507 3757 ὅσα
1536 3704 1633 3767 τὰς

132 3780 228 3831 κστὰ
250 3784 326 3835 τὲν
360 3786 469 3854 βίον
492 3788 761 3856 διαφορὰς
789 3791 845 3841 ἐν
873 3794 991 3854 ταῖς
1033 3792 1208 3857 ἀξίαις
1230 3795 1539 3864 ἐργάζεται.
1571 3799 1632 3849 Et

132 3865 260 3942 'r'ntﬁ
290 3882 479 3948 φυσικῇ
529 3878 627 3930 τοῦ
678 3881 968 3947 γεννῶντος
1001 3882 1147 3954 ἀξίᾳ.
1193 3884 1370 3947 καθώς
1404 3904 1567 3955 φησιν
1606 3891 1633 3942 ὁ

134 3956 342 4030 lii/63m;
365 3968 392 4019 ό
417 3968 517 4038 τῆς
545 3972 852 4039 γεννήσεως
878 3972 1144 4027 δείκνυται
1169 3976 1366 4045 τρόπος
1405 3980 1421 4047 (
1443 3979 1633 4031 πολλαὶ

133 4047 167 4097 ἑὲ
184 4052 223 4101 αἱ
248 4057 368 4109 κατὰ
393 4057 489 4121 τάς
523 4057 681 4123 ἀξίας
709 4059 1004 4131 διαφοραὶ).
1024 4063 1206 4116 πολλοὶ
1227 4065 1443 4129 πάντως
1469 4068 1561 4120 καὶ
1583 4068 1633 4119 oi

135 4136 197 4227 ῖῆς
226 4147 499 4216 γεννήσεως
540 4149 751 4219 τρόποι,
787 4153 925 4205 κατά
965 4152 1053 4205 τὸν
1089 4155 1451 4227 δογματιστην
1481 4159 1635 4227 εὐρε-

136 4226 337 4299 ίέήςονται,
361 4238 455 4307 τῆς
490 4238 637 4291 κατὰ
659 4240 755 4302 τὰς
776 4240 929 4305 ἀξίας
956 4242 1219 4313 διαφορᾶς
1246 4244 1633 4314 νομοθετούσης

136 4321 179 4387 τῇ
195 4324 316 4388 σύσει
341 4328 423 4381 τὸν
445 4332 625 4385 τόκον.

183 4588 225 4639 ΕΞ
246 4591 291 4645 δὲ
318 4594 387 4666 μὴ
412 4596 621 4667 δέχοιτο
644 4598 875 4667 φυσικὰς
892 4596 1025 4653 εἷναι
1051 4601 1146 4665 τὰς
1177 4603 1429 4668 τοιαύτας
1452 4607 1627 4672 ἀξίας,

210 4684 292 4749 ἔξω
326 4688 419 4757 τῆς
456 4689 673 4757 φύσεως
706 4690 1097 4761 θεωρουμένας,
1135 4694 1252 4747 οὐδὲ
1287 4699 1445 4767 ἡμεῖς
1487 4699 1633 4750 ἀντι-

141 4770 333 4842 λέγομεν·
363 4781 552 4852 ἐκείνῳ
583 4782 764 4851 μέντοι
806 4784 1023 4847 πάντως
1056 4786 1395 4857 συνθήσεται,
1427 4790 1508 4842 ὃτι
1535 4809 1634 4859 φυ-

143 4868 221 4932 ακῗ]
250 4885 340 4921 τινι
363 4872 575 4935 πάντως
602 4873 726 4945 ἀξίᾳ
752 4878 848 4945 τῆς
874 4876 1065 4945 ἀλόγου
1095 4877 1238 4949 ζωῆς
1260 4881 1291 4949 ἡ
1321 4880 1630 4953 ἀνθρωπίνη

143 4957 414 5026 κῒιώρισται.
459 4965 597 5016 Ἀλλ’
643 4968 671 5018 ὁ
702 4966 794 5019 τοῦ
835 4968 992 5021 τόκου
1029 4971 1259 5042 τρόπος,
1290 4972 1543 5042 οὐδεμίαν
1575 4976 1633 5027 ἐν

142 5047 303 5137 ξῇκατά
323 5055 415 5124 τὴν
438 5058 673 5128 φυσικὴν
709 5059 863 5123 ἀξίαν
891 5060 1123 5133 διαφορᾷ
1155 5065 1251 5134 τὴν
1282 5066 1635 5137 παραλλαγὴν

143 5132 229 5229 515%.
256 5142 604 5215 ὁμοιοτρόπως
630 5149 730 5218 τῆς
765 5150 976 5218 φύσεως
1018 5132 1107 5205 τά
1127 5169 1183 5204 τε
1208 5132 1416 5222 ⁷λογικά
1446 5132 1637 5209 καὶτὰ

145 5238 255 5316 itm
279 5230 354 5284 διὰ
375 5234 471 5303 τῆς
501 5238 803 5308 γεννήσεως
834 5242 912 5303 είς
944 5241 1040 5312 τὴν
1082 5242 1226 5314 ζωὴν
1264 5246 1631 5316 παραγούσης-

267 5322 346 5375 ὲπὶ
379 5327 541 5396 μόνης
585 5330 799 5401 ἐκείνης
842 5333 939 5401 τῆς
984 5309 1323 5406 οὐσίαςγτῆς,
1476 5309 1637 5399 αὖέδς

145 5402 357 5478 inpage“
385 5402 1519 5497 κυριωτάτης,καὶἀνωτάτης-,τδσυμφυές
1531 5428 1642 5493 ἀξί-

260 5506 605 5577 καταλμϐἁνει
624 5552 640 5575 ,
668 5510 863 5582 ἴδωμεν
879 5514 905 5565 ὅ
928 5532 978 5567 τι
1039 5516 1127 5567 καὶ
1145 5514 1278 5568 νοῶν
1293 5515 1446 5567 τοῦτο
1460 5517 1631 5584 λέγει.

160 5590 205 5643 ‘J;
228 5591 305 5656 μὲν
326 5596 464 5664 γὰρό
483 5600 746 5670 ήμέτερος
784 5600 956 5668 λόγος,
986 5607 1225 5671 συμφυές
1253 5608 1394 5662 ἐστιν
1420 5608 1633 5679 ἀξίωμα

194 5733 224 5762 ³⁵
261 5739 427 5795 Manli.
460 5760 531 5805 XI,
562 5748 652 5800 Ξῖ.

405 5865 651 5925 Parnm.
709 5867 826 5924 Gn.
859 5865 1047 5927 XLV.

1734 3334 1882 3387 sunt,
1910 3340 2045 3393 quas
2073 3325 2127 3378 in
2182 3325 2415 3394 singulis
2450 3326 2696 3380 invenire
2747 3327 2894 3389 licet,
2924 3326 3299 3395 discrepantes

1734 3414 1984 3468 nonnihil
2007 3430 2036 3467 a
2067 3429 2126 3469 se
2161 3423 2373 3479 mutuo,
2409 3414 2710 3470 secundum
2746 3417 2923 3485 majus
2970 3425 3023 3471 et
3073 3418 3295 3472 minus:

1734 3506 1805 3559 ita
1840 3512 1899 3559 ut
1929 3505 2206 3575 quodlibet
2235 3521 2447 3571 eorum,
2480 3522 2599 3576 qua:
2631 3516 2982 3576 generantur.
3012 3522 3114 3577 pro
3131 3508 3306 3579 digiu-

1733 3604 1904 3650 tatum
1934 3598 2308 3666 proportione,
2335 3600 2670 3653 comitentur
2700 3599 2997 3667 peculiaria
3028 3602 3298 3668 quoniam,

1735 3700 2005 3758 utgenus,
2028 3689 2285 3759 dignitas,
2319 3689 2532 3759 religio,
2563 3690 2761 3759 patria,
2806 3692 3071 3760 potentia,
3132 3693 3299 3746 servi-

1733 3788 1845 3846 tus,
1877 3782 2098 3844 divitiae,
2134 3790 2446 3850 paupertas,
2478 3782 2697 3836 libertas
2731 3782 2964 3842 arbitrii,
3000 3782 3295 3851 subjectio,

1733 3878 1787 3925 et
1816 3870 1997 3924 omnia
2030 3871 2157 3935 alia,
2180 3886 2300 3940 qua:
2324 3872 2375 3924 iu
2404 3871 2503 3923 hac
2534 3870 2643 3924 vita
2675 3870 3035 3924 diﬂerentianl
3061 3872 3295 3939 aliquam

1734 3962 2095 4017 constituunt.
2136 3960 2191 4015 Si
2227 3961 2392 4031 igitur
2417 3961 2653 4015 naturali
2686 3963 3000 4032 generantis
3041 3962 3298 4031 dignitate

1734 4055 1930 4109 modus
1966 4052 2341 4123 generationis
2372 4052 2700 4115 ostenditur,
2740 4062 2797 4107 ut
2826 4054 2957 4107 dicit
2979 4053 3297 4114 Eunomius,

1732 4146 1898 4199 varia:
1927 4153 2105 4199 autem
2134 4153 2262 4199 sunt
2285 4144 2584 4200 secundum
2612 4145 2928 4214 dignitatem
2956 4143 3297 4206 diﬂ'ercntitn.

1734 4239 1894 4308 plane
1924 4238 2172 4307 sequitur
2196 4239 2361 4291 etiam
2388 4236 2572 4291 varios
2602 4251 2748 4297 esse,
2777 4252 2842 4291 ex
2889 4237 3167 4292 novatoris
3203 4239 3270 4289 hu

1730 4331 1820 4399 jus
1841 4330 2131 4394 sententia,
2181 4329 2551 4399 generationis
2610 4329 2823 4393 modos,
2864 4337 2927 4383 et‘
2981 4330 3083 4382 alia
3145 4330 3294 4383 aliter

1734 4422 1885 4477 nasci
1911 4438 1926 4486 ;
1961 4436 2084 4476 cum
2117 4436 2239 4491 qua:
2270 4419 2575 4475 secundum
2600 4419 2896 4488 dignitates
2926 4429 3011 4475 est
3044 4420 3295 4475 diﬂ'eren-

1734 4514 1829 4578 tia,
1859 4522 2110 4567 naturam
2152 4515 2206 4565 in
2230 4518 2385 4581 partu
2414 4510 2569 4580 quasi
2609 4510 2820 4578 legibus
2853 4512 3292 4567 circumscribat.

1808 4603 1963 4671 Quod
1996 4605 2040 4659 si
2072 4604 2195 4672 quis
2230 4617 2337 4656 non
2368 4601 2636 4665 admittat,
2668 4601 2976 4670 hujusmodi
3009 4601 3302 4674 dignitates

1737 4715 1859 4756 esse
1889 4697 2188 4759 naturales,
2247 4710 2374 4749 cum
2436 4703 2586 4749 extra
2651 4703 2862 4749 natura:
2896 4695 3042 4765 leges
3092 4698 3298 4751 versari

1737 4791 2044 4852 videantur,
2076 4804 2201 4842 cum
2236 4788 2338 4841 hoc
2364 4803 2472 4840 non
2492 4786 2928 4857 digladiabimur.
2951 4787 3085 4842 Illud
3122 4798 3300 4844 tamen

1738 4880 1960 4933 omnino
1992 4877 2394 4931 concedendmn
2430 4876 2553 4939 erit,
2586 4877 2819 4931 naturali
2848 4878 3081 4946 quadam
3129 4879 3275 4948 digni

1740 4983 1850 5029 tate
1882 4982 1935 5028 et
1963 4972 2319 5041 praecellentia
2368 4971 2660 5024 humanam
2694 4971 2860 5025 vitam
2907 4972 2977 5026 ab
3021 4973 3134 5035 illa,
3186 4990 3301 5041 qml‘

1733 5065 1947 5118 ratione
1974 5072 2143 5127 caret,
2165 5061 2597 5116 diseriminatam
2624 5074 2780 5127 esse;
2811 5069 2866 5115 at
2892 5073 3080 5131 partus
3112 5064 3302 5117 modus

1735 5158 1936 5211 nullam
1965 5155 2181 5226 penitus
2211 5155 2264 5207 in
2317 5153 2622 5208 diﬂ‘erentia
2667 5156 2967 5211 secundum
3001 5156 3301 5209 naturalem

1734 5246 2074 5317 dignitatem,
2106 5245 2458 5297 variationem
2491 5244 2672 5307 habet,
2713 5245 2839 5315 quia
2873 5253 3064 5299 natura
3110 5244 3299 5298 eodem

1736 5336 1897 5392 modo
1935 5344 2044 5389 tam
2083 5335 2310 5389 rationis
2338 5334 2580 5403 capacia.
2612 5350 2772 5405 quam
2812 5336 3041 5390 rationis
3060 5336 3300 5403 expertia

1736 5427 2256 5497 per‘generationem
2276 5425 2673 5479 inhanclucem
2705 5425 2835 5479 edit.
2871 5424 2928 5479 Si
2955 5439 3085 5479 vero
3107 5426 3159 5477 in
3187 5427 3301 5478 sola

1736 5519 1828 5572 illa
1870 5524 2086 5579 natura,
2117 5530 2280 5584 quam
2314 5515 2429 5583 ipse
2465 5514 2884 5583 propriissimam
2916 5524 2964 5567 et
3000 5529 3299 5583 supremam

1740 5611 2005 5673 nominat,
2031 5608 2251 5663 insitam
2295 5606 2610 5675 dignitatem
2673 5604 2982 5668 constituit,
3024 5605 3300 5659 videamus

2902 5859 2977 5919 13
