3922 6452
598 352 716 405 me

1830 351 1895 405 S.
1938 349 2262 405 GREGOBII
2322 348 2611 405 NYSSENI
3704 357 3784 411 396

607 464 740 533 quid
769 460 983 518 tandem
1024 460 1150 515 talia
1186 460 1396 527 dicens,
1452 477 1480 515 a
1516 462 1676 518 nobis
1718 462 1944 533 intelligi
1997 462 2162 517 velit:

2273 462 2344 532 τῴ
2373 462 2510 532 Θεῷ,
2536 462 2671 533 αὐτὴ
2699 464 2731 534 ἡ
2758 462 2944 533 Θεότης
2965 504 2979 529 ,
3007 465 3039 535 ἡ
3072 462 3249 528 σοφία,
3282 465 3315 535 ἡ
3348 463 3581 535 δύναμις,
3604 466 3658 519 τὸ
3677 470 3783 537 live-

610 570 760 621 nam,
794 563 851 607 ut
881 567 984 608 nos
1016 552 1234 624 quidem
1266 554 1617 619 arbitramur,
1645 553 1751 609 Deo
1772 560 2170 624 cognataosunt,

609 648 725 716 ipsa
794 645 1072 709 divinitas,
1130 646 1417 715 sapientia,
1461 645 1723 715 potentia,
1758 646 1994 707 bonitas,
2027 644 2175 714 judi-

607 738 773 800 cium,
797 738 1028 806 justitia,
1062 738 1343 801 fortitudo,
1368 737 1773 808 longanimitas,
1798 738 2020 799 veritas,
2050 751 2171 792 esse

606 836 932 892 creatorem,
959 828 1355 882 dominatorem
1379 870 1394 894 ,
1440 829 1789 889 invisibilem,
1849 828 2169 881 intermina-

606 930 745 983 tum,
780 929 835 975 et
869 922 915 976 si
938 920 1069 991 quid
1097 920 1243 975 aliud
1283 920 1446 989 hujus
1478 922 1693 991 generis
1726 922 1791 975 ad
1826 922 2052 992 gloriam
2077 921 2171 975 Dei

606 1011 1067 1078 ampliﬁcandam,
1100 1009 1365 1065 divinitus
1399 1011 1662 1079 inspirata
1718 1010 2000 1081 Scriptura
2050 1024 2174 1080 pro.

608 1101 765 1167 didit,
800 1117 920 1171 quae
950 1102 1131 1155 omnia
1160 1102 1324 1156 etiam
1364 1103 1644 1171 unigenito
1673 1101 1810 1154 Filio
1854 1103 2072 1172 proprie
2118 1112 2171 1157 et

611 1209 641 1245 a
679 1202 869 1247 natura
901 1193 1080 1248 inesse
1110 1195 1430 1257 asserintus,
1474 1196 1758 1261 Soltltnque
1794 1194 1846 1246 in
1894 1208 1958 1248 eo
2022 1193 2168 1262 quod

609 1292 691 1338 est
730 1284 981 1353 principii
1017 1292 1289 1353 expertem
1346 1300 1491 1348 esse,
1530 1283 1888 1338 diderentiam
1946 1288 2171 1337 conﬁte-

609 1390 730 1427 mur
757 1393 771 1440 ;
809 1390 985 1444 neque
1019 1382 1199 1429 tamen
1226 1376 1477 1445 principii
1503 1386 1781 1446 expertem
1807 1392 1927 1431 esse
1955 1378 2169 1445 penitus

606 1484 632 1516 a
666 1464 800 1517 Filio
834 1465 1151 1521 abdicamus
1209 1470 1225 1533 (
1254 1483 1412 1519 nemo
1441 1469 1744 1521 orationem
1798 1476 2041 1521 nostram
2077 1483 2170 1520 ca~

607 1557 872 1611 lnmniose
904 1558 1141 1619 vellicet,
1175 1559 1330 1628 quasi
1361 1557 1737 1612 demonstrare
1771 1559 1998 1612 velimus
2019 1575 2165 1619 eum,

606 1653 695 1719 qui
740 1666 862 1705 vere
898 1648 1071 1705 Filius
1100 1656 1206 1713 est,
1243 1668 1365 1707 esse
1391 1652 1725 1722 ingenitum;
1753 1667 1858 1706 non
1894 1653 2033 1707 eni-n
2063 1655 2165 1706 mi-

606 1760 708 1796 nus
758 1742 1053 1811 impietatis
1106 1743 1429 1796 damnamus
1472 1744 1579 1798 tale
1609 1742 1738 1812 quid
1789 1742 2068 1808 docentes,
2106 1758 2166 1797 ac

606 1836 747 1895 illos,
794 1836 885 1901 qui
950 1836 1369 1904 ina‘qualilalem
1426 1835 1856 1902 introducunt);
1911 1837 2003 1889 sed
2045 1853 2166 1890 cum

604 1927 925 1980 vocabulum
962 1929 1207 1994 principii
1244 1929 1408 1981 variis
1450 1928 1775 1996 signiﬁcatis
1832 1937 2068 1991 constet,
2120 1938 2173 1983 et

605 2020 844 2073 :mimum
881 2021 944 2072 ad
995 2022 1146 2089 plura
1182 2020 1384 2085 ducat,
1415 2019 1652 2075 dicimus
1693 2034 1818 2074 esse
1855 2022 2017 2075 etiam
2068 2022 2171 2073 ali—

603 2111 757 2180 quid,
789 2111 1088 2163 secundum
1141 2114 1287 2179 quod
1354 2111 1623 2181 principio
1658 2126 1846 2164 carere
1901 2122 2173 2180 competat

604 2204 785 2257 itidem
822 2202 974 2255 Filio.
1024 2203 1254 2268 Quando
1298 2203 1443 2255 enim
1486 2204 1587 2255 hac
1614 2217 1745 2256 voce
1798 2202 2170 2273 signiﬁcamus

604 2293 653 2345 id
695 2297 835 2360 quo!
868 2310 930 2345 ex
966 2293 1115 2345 nullo
1145 2293 1359 2362 penitus
1396 2294 1665 2364 principio
1689 2311 1841 2348 suam
1870 2295 2170 2351 subsisten-

602 2384 731 2435 tiam
773 2384 953 2445 habet,
988 2393 1097 2435 tum
1138 2384 1388 2452 principii
1415 2392 1688 2452 expertem
1722 2399 1865 2448 esse,
1909 2394 2168 2455 tanquam

601 2475 773 2527 solius
813 2476 990 2527 l’atris
1028 2476 1249 2544 ingeniti
1284 2476 1561 2545 proprium
1594 2477 1943 2531 confitemur.
1975 2477 2165 2542 Quan-

601 2567 671 2618 do
707 2566 935 2620 verotde
978 2568 1202 2637 reliquis
1243 2568 1495 2637 principii
1547 2568 1872 2638 signiﬁcatis
1906 2569 2169 2639 disquisi-

600 2660 1029 2721 tioinstituitur,
1064 2669 1267 2712 cumet
1306 2668 1571 2714 creaturas
1598 2662 1669 2716 sit
1708 2661 2064 2732 principium,
2114 2671 2169 2715 et

601 2753 883 2821 temporis,
913 2763 967 2806 et
996 2752 1225 2817 ordinis,
1254 2754 1416 2806 etiam
1451 2753 1504 2807 in
1545 2754 1632 2808 bis
1676 2756 2019 2825 unigenitum
2075 2755 2167 2809 Fi-

599 2845 728 2897 lium
765 2844 911 2899 omni
938 2845 1218 2913 principio
1252 2846 1587 2913 superiorem
1612 2861 1735 2900 esse
1764 2847 2025 2900 docemus
2050 2864 2064 2900 :
2094 2848 2165 2900 ita

597 2948 659 2992 ut
693 2953 838 3001 eum,
882 2952 979 3006 per
1014 2952 1173 3005 quem
1208 2936 1351 2989 facta
1384 2947 1512 2991 sunt
1558 2938 1763 2998 omnia.
1810 2953 1973 3006 supra
2007 2954 2168 2993 omne

600 3035 865 3081 creaturae
895 3025 1246 3095 principium,
1297 3032 1351 3077 et
1397 3024 1658 3092 temporis
1695 3023 1985 3087 rationem,
2026 3025 2169 3077 ordi-

2275 552 2364 607 θὸν
2406 549 2575 617 εἶναι,
2615 554 2837 625 κριτὴν,
2872 554 3111 617 δίκαιον,
3150 553 3397 625 ίσχυρδν,
3450 556 3781 627 μακρόθυμον,

2273 643 2540 712 ἀληθινὸν,
2578 644 2819 713 κτίστην,
2861 642 3231 713 ἐξουσιαστὴν,
3266 642 3511 712 ἀόρατον,
3547 644 3785 718 ἀτελεύτη-

2272 752 2383 798 τον,
2412 736 2505 786 καὶ
2536 734 2588 786 εἴ
2612 752 2664 786 τι
2693 735 2819 788 ἄλλο
2849 734 2957 787 τῶν
2984 736 3061 797 είς
3089 733 3390 802 δοξολογίαν
3414 733 3558 805 παρά
3580 735 3667 803 τῆς
3696 737 3787 790 θεο-

2273 825 2535 878 πνεύστου
2565 826 2603 876 Γ
2610 827 2784 896 ραιρῆς
2812 824 3115 895 εἰρημένων
3141 825 3317 877 ἐστίν’
3350 823 3486 895 ἅπερ
3517 825 3675 878 πάντα
3713 830 3786 881 καὶ

2271 918 2347 989 τῷ
2374 923 2648 989 μονογενεῖ
2673 919 2786 989 Υἱῷ
2810 920 3013 991 κυρίως
3038 921 3133 974 καὶ
3174 920 3433 990 συμφυῶς
3452 922 3783 993 ἐνθεωρείσθαί

2272 1028 2479 1079 φαμεν*
2515 1012 2571 1062 ἐν
2608 1011 2744 1083 μόνῃ
2779 1013 2843 1082 τῇ
2871 1012 3011 1064 κατά
3037 1012 3096 1064 τὸ
3136 1012 3366 1082 ἄναρχον
3403 1013 3570 1083 ἐννοίᾳ
3591 1015 3676 1085 τὴν
3697 997 3786 1068 δια-

2273 1102 2443 1172 φορὰν
2472 1104 2844 1172 ἐπιστάμενοι,
2881 1103 2973 1155 καὶ
3010 1101 3212 1172 ταύτην
3234 1103 3294 1155 οὐ
3326 1102 3463 1156 κατά
3490 1106 3653 1157 πᾶσαν
3680 1106 3785 1159 ὑπό-

2271 1211 2418 1247 νοιαν
2463 1193 2555 1247 τοῦ
2584 1193 2921 1262 Μονογενοῦς
2952 1194 3327 1266 ἀποτέμνομεν
3362 1213 3375 1226 ⁸
3410 1196 3585 1267 μηδεὶς
3611 1198 3660 1250 δὲ
3694 1197 3785 1250 δια-

2271 1286 2629 1355 σπαρασσέτω
2664 1285 2751 1337 διὰ
2802 1286 3163 1353 συκοφαντίας
3195 1287 3284 1341 τδν
3303 1286 3454 1356 λόγον
3471 1330 3484 1353 ,
3507 1289 3576 1352 ὡς
3599 1289 3786 1361 ἀγέννηο

2268 1392 2360 1427 τον
2397 1375 2552 1445 ἡμῶν
2574 1374 2836 1427 δεικνύειν
2864 1375 3281 1448 ἐπιχειρούντων
3308 1378 3399 1431 τὸν
3436 1377 3634 1449 ἀληθῶς
3658 1380 3784 1433 Υίόν·

2269 1464 2417 1517 οὐδὲν
2453 1465 2559 1535 γὰρ
2590 1465 2808 1518 ἔλαττον
2835 1466 3050 1519 ἀσεϐεῖν
3090 1468 3215 1530 τούς
3246 1468 3312 1521 τὰ
3337 1468 3549 1524 τοιαῦτα
3576 1470 3785 1539 λέγοντας

2267 1556 2374 1609 τῶν
2411 1558 2470 1610 τὸ
2520 1558 2765 1628 ἀνόμοιον
2802 1558 3231 1628 δογματιζόντων
3280 1560 3625 1631 διοριζόμεθα.
3670 1563 3779 1615 Ἀλλ’

2268 1649 2453 1720 ἐπειδὴ
2482 1649 2790 1721 πολύσημος
2820 1652 2848 1703 ὁ
2875 1651 2973 1720 τῆς
3014 1650 3201 1721 ἀρχῆς
3229 1653 3401 1721 λόγος,
3439 1654 3529 1707 καὶ
3552 1656 3624 1718 είς
3651 1655 3783 1708 πολλᾶ

2270 1744 2389 1804 ταῖς
2418 1742 2689 1803 ὑπονοίαις
2720 1742 3014 1813 φερόμενος
3033 1759 3046 1773 ·
3074 1742 3219 1795 ἐστιν
3248 1745 3304 1796 ἐν
3338 1739 3417 1806 οἷς
3441 1762 3606 1814 φαμεν
3632 1746 3709 1797 καὶ
3727 1746 3788 1815 τῷ

2283 1836 2559 1904 μονογενεῖ
2612 1834 2724 1904 Υἱῷ
2771 1835 2843 1904 μὴ
2900 1833 3265 1903 ἁπεμφαίνειν
3315 1836 3412 1904 τὴν
3463 1830 3551 1887 τοῦ
3595 1836 3788 1904 ἀνάρχου

2275 1924 2662 1995 προσηγορίαν.
2696 1925 2865 1978 Ὅταν
2912 1927 3009 1996 μὲν
3034 1926 3147 1997 γὰρ
3184 1926 3244 1978 τὸ
3287 1926 3359 1995 μὴ
3406 1926 3463 1989 ἐξ
3492 1928 3645 1979 αίτίου
3677 1927 3789 1988 τινὸς

2272 2017 2370 2088 τὴν
2399 2018 2691 2071 ὑπόστασιν
2720 2018 2861 2087 ἔχειν
2889 2019 2951 2071 ἐκ
2980 2018 3079 2088 τῆς
3108 2018 3291 2087 φωνῆς
3326 2017 3417 2069 τοῦ
3445 2017 3661 2087 ἀνάρχου
3690 2017 3789 2085 νοῆο

2271 2126 2379 2172 ται,
2410 2109 2566 2162 τοῦτο
2596 2110 2756 2179 μόνον
2776 2109 2867 2162 τοῦ
2910 2110 3117 2179 Πατρὸς
3144 2110 3275 2161 ἴδιον
3300 2108 3646 2179 ὁμολογοῦμεν
3664 2125 3673 2136 '
3691 2111 3789 2161 ὅταν

2271 2201 2327 2254 δὲ
2360 2202 2499 2254 κατά
2543 2203 2609 2254 τά
2639 2201 2798 2254 λοιπὰ
2829 2200 2936 2254 τῶν
2964 2201 3057 2253 ἐπὶ
3101 2202 3199 2270 τῆς
3232 2201 3406 2270 ἀρχῆς
3434 2200 3791 2271 σημαινομένων

2270 2292 2575 2361 ήέξέτασις
2617 2290 2687 2366 ᾖ,
2723 2293 2909 2363 ἐπειδὴ
2955 2293 3047 2346 καὶ¹
3103 2291 3333 2354 κτίσεώς
3366 2310 3501 2355 τινος
3547 2294 3790 2344 ἐπινοεῖται

2270 2384 2431 2455 ἀρχὴ.
2460 2385 2552 2437 καὶ
2602 2385 2793 2454 χρόνου
2816 2426 2832 2450 ,
2876 2384 2967 2438 καὶ
3011 2384 3238 2450 τάξεως,
3276 2385 3377 2437 κάν
3399 2383 3599 2447 τούτοις
3630 2384 3708 2436 καὶ
3730 2381 3791 2451 τῷ

2270 2478 2563 2544 Μονογενεῖ
2606 2477 3131 2549 προσμαρτυροῦμεν
3182 2478 3245 2531 τὸ
3299 2478 3613 2548 ὑψηλότερον
3654 2478 3792 2546 ἀρχῆς

2270 2564 2429 2631 εἶναι,
2456 2568 2531 2632 ὡς
2556 2569 2694 2640 ὑπὲρ
2722 2571 2899 2622 πᾶσαν
2922 2570 3152 2631 κτίσεως
3178 2570 3375 2640 ἀρχὴν,
3414 2572 3502 2622 καὶ
3537 2570 3703 2638 χρόνου
3727 2568 3791 2619 Ev-

2270 2679 2456 2723 νοιαν,
2506 2663 2598 2713 καὶ
2653 2661 2854 2724 τάξεως
2902 2660 3220 2713 ἀκολουθίαν
3275 2657 3411 2714 εἶναι
3464 2660 3707 2713 πιστεύειν
3745 2658 3792 2709 τὸ

2269 2751 2335 2804 δι’
2369 2745 2429 2803 οὐ
2454 2752 2520 2804 τά
2548 2752 2723 2805 πάντα
2756 2750 2970 2819 ἐγένετο
2990 2766 3002 2778 ·
3034 2749 3172 2806 ὥστε
3204 2751 3298 2803 τὸν
3325 2751 3402 2821 τῷ
3425 2752 3558 2820 λόγῳ
3578 2750 3666 2819 τῆς
3687 2750 3791 2800 ὐποο

2273 2843 2515 2906 στάσεως
2572 2845 2646 2913 μὴ
2686 2843 2938 2914 ἄναρχον,
2970 2844 3026 2895 ἐν
3058 2846 3171 2905 τοῖς
3225 2844 3406 2906 ἄλλοις
3453 2844 3604 2895 πᾶσιν
3634 2840 3790 2910 ὁμολο-

2268 2936 2530 3006 γούμενον
2585 2936 2727 3007 ἔχειν
2772 2937 2830 2988 τὸ
2882 2937 3145 3006 ἄναρχον·
3181 2936 3277 2989 καὶ⁸
3322 2935 3410 2988 τὸν
3462 2935 3553 3004 μὲν
3586 2932 3783 3003 Πατέρα,

2270 3031 2363 3083 καὶ
2406 3031 2658 3099 ἄναρχον,
2696 3029 2786 3080 καὶ
2834 3028 3123 3098 ἀγέννητον
3153 3044 3168 3058 ·
3202 3028 3293 3079 τὸν
3339 3028 3394 3080 δὲ
3442 3026 3559 3079 Υίὸν
3601 3025 3791 3093 ἄναρχον

598 3119 795 3185 nisque
819 3118 1259 3170 consecutionem
1283 3123 1335 3168 et
1350 3114 1544 3168 seriem
1572 3124 1818 3168 evectum
1845 3118 2158 3181 credamus;

2273 3123 2368 3192 μὲν
2410 3120 2551 3173 κατά
2585 3122 2672 3173 τὸν
2719 3120 3005 3191 εἰρημένον
3045 3119 3243 3190 τρόπον
3280 3161 3291 3182 ,
3320 3121 3378 3173 οὐ
3409 3119 3510 3190 μὴν
3560 3118 3643 3169 καὶ
3667 3114 3790 3180 ἀγένο

604 3212 785 3277 itaque
816 3224 975 3279 quem
1008 3209 1059 3260 in
1088 3206 1365 3277 bypostasi
1412 3206 1662 3275 principii
1725 3214 1998 3273 expertem
2048 3223 2171 3264 esse

2276 3228 2455 3282 νητον.

601 3316 884 3370 negamus,
915 3316 1039 3356 eum
1069 3300 1121 3353 in
1152 3300 1272 3353 aliis
1317 3298 1570 3354 omnibus
1596 3299 1851 3378 principii
1886 3312 2163 3371 expertem
2203 3309 2536 3371 statuimus;
2600 3312 2655 3359 et
2721 3302 2936 3357 Patrem
2972 3303 3193 3373 quidem
3261 3302 3509 3372 principii
3563 3304 3792 3368 expertem

599 3402 654 3446 et
682 3393 1079 3455 innascibilem,
1118 3391 1312 3445 Filium
1353 3399 1534 3446 autem
1589 3393 1654 3445 ad
1728 3393 2045 3463 praedictum
2096 3398 2318 3453 modum
2384 3398 2641 3470 principii
2688 3407 2989 3468 expertem,
3032 3412 3143 3450 non
3210 3404 3395 3448 tamen
3456 3388 3786 3447 innascibilem

600 3500 721 3542 esse
753 3486 1032 3539 docemus.

672 3581 726 3633 In
760 3592 919 3647 quam
950 3578 1112 3647 igitur
1142 3588 1439 3645 cognatam
1476 3575 1653 3630 Patris
1702 3576 2019 3647 dignitatem
2080 3580 2165 3633 in-

600 3682 780 3732 tuens,
812 3686 909 3739 per
948 3668 1095 3722 illam
1127 3667 1492 3737 generationis
1528 3667 1747 3721 modum
1800 3670 2056 3740 colligit?
2108 3670 2167 3724 ln

604 3763 1081 3820 innascibilitatem
1149 3758 1542 3829 respondebit,
1595 3760 1808 3828 Opinor.
1875 3758 2055 3830 'Igitur
2120 3761 2166 3815 si

600 3857 784 3913 omnia
815 3856 920 3908 alia
943 3854 1185 3917 nomina,
1228 3869 1348 3921 quae
1382 3853 1446 3904 ad
1482 3853 1711 3921 gloriam
1760 3853 1854 3906 Dei
1883 3854 2169 3908 celebran-

601 3952 725 4005 dam
757 3950 1087 4017 accepimus,
1118 3946 1297 3999 inania
1327 3954 1379 3999 et
1410 3945 1714 4015 signiﬁcatu
1746 3946 2008 4002 destituta
2041 3965 2169 4004 cen-

602 4059 714 4109 ses,
758 4041 1033 4111 superﬂua
1080 4040 1184 4092 erit
1233 4039 1422 4092 talium
1459 4054 1649 4093 vocum
1695 4041 2057 4105 enumeratio,
2110 4042 2165 4094 in

602 4135 721 4189 solo
750 4144 805 4188 et
829 4134 974 4187 nudo
997 4133 1244 4201 catalogo
1275 4132 1448 4199 posita
1484 4148 1496 4183 :
1528 4130 1798 4199 siquidem
1828 4133 1976 4185 nulla
2017 4144 2168 4187 caete-

604 4244 787 4281 rarnm
840 4227 1261 4297 appellationum
1328 4225 1631 4278 naturalem
1673 4225 1814 4292 ejus,
1850 4228 1941 4294 qui
2002 4241 2168 4295 supra

603 4323 785 4373 munia
839 4327 944 4383 est,
994 4317 1315 4387 dignitatem
1363 4319 1527 4371 metui
1570 4317 1778 4385 objicit.
1832 4319 1899 4370 At
1955 4332 2082 4372 vero
2121 4319 2168 4373 si

605 4408 839 4478 singulis
869 4408 1151 4462 vocabulis
1178 4424 1300 4477 quae
1332 4410 1897 4473 recensuintus,notio
1928 4412 2165 4480 propria,

2342 3579 2437 3641 Εἰς
2465 3580 2613 3630 ποῖον
2639 3572 2733 3630 οὖν
2759 3576 2998 3646 συμφυὲς
3017 3575 3231 3644 ἀξίωμα
3260 3573 3353 3627 τοῦ
3385 3572 3585 3644 Πλτρδς
3604 3570 3794 3642 βλέπων.

2270 3673 2336 3725 δι’
2368 3673 2570 3725 ἐκείνου
2597 3671 2687 3723 τὸν
2712 3671 2811 3741 τῆς
2847 3672 3151 3741 γεννήσεως
3186 3671 3389 3741 τρόπον
3432 3668 3794 3736 ἀναλογίζεταις

2274 3765 2368 3826 Et;
2413 3762 2510 3834 τὴν
2567 3761 2889 3833 ἁγεννησίαν
2950 3761 3166 3825 πάντως
3205 3763 3343 3831 ἐρεῖ.
3400 3759 3594 3815 Οὐκοῦν
3634 3759 3676 3811 εί
3719 3757 3797 3827 μὲν

2274 3852 2452 3905 πάντα
2476 3852 2544 3905 τὰ
2579 3851 2834 3919 ὀνόματα,
2862 3851 2961 3903 ὅσα
2994 3852 3073 3911 είς
3103 3850 3405 3919 δοξολογίαν
3441 3849 3531 3903 τοῦ
3560 3848 3679 3902 Θεοῦ
3713 3845 3798 3898 τῶν

2274 3944 2410 3997 ὅλων
2465 3944 2775 4014 ἐμάθομεν,
2820 3944 2965 4015 ἀργά
3007 3960 3088 3997 σοι
3131 3943 3222 3997 καὶ
3268 3945 3548 4015 ἀσήμαντα
3589 3942 3794 4010 λέγομεν.

2275 4036 2499 4105 περιττή
2540 4035 2624 4098 τίς
2673 4038 2789 4087 ἐστι
2828 4036 2923 4088 καὶ
2975 4035 3321 4106 παρέλκουσα
3370 4038 3403 4106 ἡ
3437 4036 3541 4088 τῶν
3586 4032 3796 4086 τοιούτων

2270 4127 2461 4196 φωνῶν
2490 4126 2867 4199 ἀπαρίθμησις
2890 4129 2947 4180 ἐν
2975 4126 3113 4197 ψιλῷ
3140 4126 3218 4197 τῷ
3252 4127 3531 4197 καταλόγῳ
3568 4139 3795 4196 προφερο-

2273 4220 2430 4291 μένη,
2462 4222 2617 4291 εἴπερ
2664 4220 2889 4290 οὐδεμία
2941 4219 3049 4272 τῶν
3091 4218 3293 4272 λοιπῶν
3342 4216 3698 4289 προσηγοριῶν
3722 4213 3797 4280 τὴν

2270 4312 2501 4382 φυσικὴν
2531 4310 2684 4377 ἀξίαν
2740 4310 2833 4364 τοῦ
2889 4311 2981 4362 ἐπὶ
3031 4310 3246 4364 πάντων
3298 4312 3645 4382 παρίστησινο
3675 4306 3715 4356 εί
3751 4302 3795 4354 δὲ

2270 4404 2499 4457 ἐκάστου
2542 4400 2651 4455 τῶν
2697 4401 3003 4472 λεγομένων
3055 4399 3333 4463 ίδιάζουσά
3378 4419 3461 4464 τις
3508 4401 3693 4457 ἔννοια,
3723 4392 3797 4446 καὶ

603 4511 657 4550 ut
684 4499 1074 4553 existimationi
1117 4497 1315 4551 divinae
1352 4508 1721 4554 consentanea
1754 4501 2163 4555 substernitur:

2273 4494 2554 4565 πρέπουσα
2583 4498 2649 4567 τῇ
2682 4494 2809 4564 περὶ
2842 4491 2977 4545 Θεοῦ
3015 4491 3278 4562 ὑπολήψει
3329 4486 3811 4568 γνωρίζεταιοδηλον-

602 4593 880 4647 enimvero
910 4602 1021 4644 tnm
1070 4590 1234 4644 etiam
1293 4604 1553 4661 cognatas
1596 4593 1683 4648 Dei
1736 4593 2030 4660 dignitates
2069 4609 2171 4647 se-

605 4682 845 4736 cundum
906 4682 1414 4749 multiplicationem
1479 4683 1758 4735 nominum
1819 4683 2170 4753 multiplicari

605 4781 836 4844 oportet,
872 4788 965 4841 per
990 4788 1127 4842 quas
1158 4773 1457 4827 similitudo
1520 4781 1726 4827 natura:
1785 4782 1933 4827 recte
1966 4773 2171 4841 colligi—

606 4877 736 4922 tur:
773 4865 820 4919 si
848 4873 1092 4935 cognatae
1122 4866 1449 4920 substantiis
1497 4866 1789 4935 dignitates
1827 4873 1880 4919 et
1927 4865 2173 4933 praecini-

605 4958 804 5013 nentize
834 4958 1207 5025 subjectarum
1234 4972 1419 5011 rerum
1451 4957 1652 5010 indicia
1689 4966 1839 5011 sunt.
1874 4957 2007 5011 Cum
2041 4973 2173 5012 vero

607 5050 661 5102 in
698 5058 935 5117 utroque
967 5046 1170 5102 etcdem
1198 5047 1491 5117 dignitates
1525 5054 1579 5100 et
1626 5048 1960 5101 excellentia?
2010 5062 2175 5116 appa-

605 5148 782 5203 reant,
826 5139 1111 5209 perspicue
1158 5153 1382 5207 prorsus
1440 5138 1696 5191 identitas
1755 5139 2074 5193 substantiae
2120 5139 2173 5192 in

608 5234 792 5290 rebus.
832 5248 954 5300 qua:
992 5232 1076 5285 his
1124 5230 1482 5300 dignitatibus
1526 5229 1781 5291 subsunt,
1843 5231 2171 5284 ostenditur.

610 5324 663 5375 Si
698 5325 840 5377 enim
880 5324 1040 5377 unius
1064 5324 1308 5376 vocabuli
1347 5330 1574 5375 mutatu)
1611 5322 1883 5375 diversam
1921 5322 2176 5377 substan-

608 5413 738 5465 tiam
766 5414 1126 5474 demonstrat,
1158 5422 1367 5483 quanto
1399 5415 1569 5484 magis
1603 5415 1769 5467 multa
1823 5415 1987 5479 millia
2036 5415 2180 5483 ejus-

609 5503 729 5555 dem
771 5505 999 5559 rationis
1021 5506 1280 5560 vocabula
1314 5507 1752 5559 communionem
1787 5515 1996 5560 natura:
2037 5506 2177 5559 indi-

608 5596 857 5648 cabunt?
892 5594 1022 5660 Qua:
1043 5597 1204 5667 igitur
1232 5612 1396 5651 causa
1432 5607 1535 5659 est,
1572 5612 1673 5649 cur
1710 5598 1922 5667 reliqua
1956 5599 2175 5651 nomina

613 5688 975 5756 negligantur,
1014 5705 1230 5760 unoque
1265 5691 1384 5745 solo
1437 5689 1715 5757 generatio
1776 5690 2179 5760 investigetur?

612 5779 719 5833 Cur
765 5780 909 5835 Patri
953 5784 1122 5839 solam
1178 5782 1681 5845 innascibilitatcm,
1747 5798 1846 5837 ceu
1890 5793 2176 5853 cognatam

2274 4591 2357 4643 ότι
2392 4587 2534 4641 κατὰ
2570 4585 2662 4637 τὸν
2730 4582 2961 4654 ἀριθμὸν
3015 4582 3122 4635 τῶν
3159 4583 3434 4652 ὀνομάτων
3483 4580 3571 4631 καί
3602 4577 3649 4628 αἱ
3685 4587 3795 4637 σιμ·

2274 4677 2428 4745 φυείς
2461 4674 2607 4739 ἀξίαι
2654 4673 2748 4728 τοῦ
2776 4673 2913 4727 Θεοῦ
2940 4672 3302 4745 Θεωροῦνται·
3344 4673 3438 4726 καὶ
3468 4670 3550 4723 διὰ
3576 4661 3796 4725 τούτωνὴ

2271 4766 2380 4820 τῶν
2448 4766 2643 4819 οὐσιῶν
2701 4766 2951 4834 ὁμοιότης
3004 4763 3473 4826 κατασκευάζεται
3511 4777 3523 4789 ·
3564 4758 3701 4823 εἰπερ
3744 4750 3798 4800 τὰ

2277 4857 2497 4927 συμφυῆ
2531 4859 2651 4919 ταῖς
2680 4856 2888 4919 οὐσίαις
2912 4856 3196 4926 ἀξιώματα
3231 4850 3561 4926 γνωριστικά
3587 4846 3682 4899 τῶν
3701 4844 3802 4895 ὐπο-

2276 4950 2540 5020 κειμένων
2570 4949 2705 5002 ὲστί.
2744 4948 2865 5001 Τῶν
2888 4949 2943 5001 δὲ
2973 4947 3297 5017 ἀξιωμάτων
3333 4944 3416 5014 ἐφ’
3449 4940 3688 5010 ἐκατέρου
3714 4930 3800 4985 τῶν

2276 5043 2450 5096 αὐτῶν
2468 5041 2825 5112 φαινομένων,
2859 5044 2892 5113 ἡ
2924 5041 3063 5095 κατά
3094 5041 3193 5111 τὴν
3220 5040 3407 5092 οὐσίαν
3439 5035 3681 5101 ταυτότης
3712 5024 3799 5079 τῶν

2276 5138 2393 5197 ταῖς
2419 5134 2608 5195 αὐταῖς
2641 5131 2818 5196 ἀξίαις
2864 5130 3239 5201 ὑποκειμένων
3272 5128 3605 5200 πραγμάτων
3646 5113 3800 5185 σαφῶς

2277 5226 2661 5278 ἐπιδείκνυται.
2704 5225 2765 5276 Εἰ
2801 5223 2906 5291 γὰρ
2940 5221 3093 5291 ἱκανὴ
3144 5219 3420 5289 νομίζεται
3446 5215 3558 5276 ἐνὸς
3580 5209 3803 5277 ὀνόματος

2278 5316 2598 5387 παραλλαγὴ
2653 5316 2712 5368 τὸ
2747 5315 2895 5380 ξένον
2926 5314 3024 5382 τῆς
3075 5311 3262 5373 οὐσίας
3315 5304 3652 5371 ἐνδείξασθαι.
3682 5296 3804 5387 πόσις)

2282 5406 2479 5478 μᾶλλον
2505 5406 2711 5475 ἰσχύσει
2744 5408 2775 5473 ἡ
2812 5403 2919 5456 τῶν
2953 5403 3160 5473 μυρίων
3183 5400 3459 5470 ὀνομάτων
3490 5392 3726 5457 ταυτότης
3749 5384 3804 5478 ’τὸ

2279 5500 2452 5552 κοινὸν
2510 5498 2856 5568 παραστῆσαι
2907 5496 3006 5565 τῆς
3061 5493 3310 5564 φύσεως;
3363 5490 3456 5552 Τίς
3488 5482 3574 5540 οὖν
3606 5486 3635 5553 ἡ
3667 5475 3801 5533 αἰτία,

2278 5595 2344 5648 δι’
2370 5595 2435 5665 ἣν
2464 5595 2531 5646 τὰ
2566 5594 2663 5664 μὲν
2690 5593 2850 5646 λοιπά
2882 5592 2989 5645 τῶν
3022 5591 3299 5660 ὀνομάτων
3331 5584 3658 5657 περιορᾶται,
3687 5572 3804 5665 μένῳ

2280 5688 2337 5741 δὲ
2371 5663 2447 5756 τῷ
2475 5663 2971 5757 ἐνὶτεκμηριοῧται
2994 5687 3027 5755 ἡ
3056 5684 3337 5752 γέννησις;
3366 5678 3472 5731 Καὶ
3498 5673 3580 5728 διά
3600 5663 3804 5764 τίιμόιίον

2284 5778 2521 5847 συμφυὲς
2544 5778 2758 5849 ἀξίωμα
2786 5778 2883 5850 τὴν
2911 5774 3234 5847 ἁγεννησίαν
3261 5772 3351 5823 ἐπὶ
3388 5766 3478 5821 τοῦ
3511 5759 3702 5823 Huni»:
3739 5759 3802 5803 ὅθ’
