3922 6472
606 372 717 430 τ’θθ

614 501 769 551 trem,
807 488 1035 542 alterum
1074 488 1270 544 Filiqu
1317 506 1346 543 a
1405 492 1559 545 nobis
1591 493 1865 546 nominari
1900 510 1914 557 ;
1956 489 2175 561 quando

612 594 736 629 eum
773 580 865 646 qui
896 588 999 641 est,
1028 595 1092 634 ex
1127 580 1219 632 illo
1248 580 1342 651 qui
1372 590 1477 645 est,
1506 584 1849 652 progenitum
1886 584 2185 637 tradimus:

609 671 690 723 vel
727 685 888 722 lltltlm
936 671 1294 740 eamdemque
1346 674 1710 727 substantiam
1782 683 2079 745 utrumque
2121 694 2189 731 ex

608 769 768 829 parte
804 762 1130 831 participare
1174 778 1395 828 nomen,
1444 766 1516 819 ita
1547 775 1605 819 ut
1659 766 1967 822 substantia
2008 771 2097 822 illa
2134 778 2189 825 et

610 852 772 907 Pater
795 855 866 908 sit
893 864 947 909 et
976 854 1171 921 Filius,
1203 858 1320 927 ipsa
1356 875 1384 911 a
1415 860 1593 928 seipsa
1638 876 1733 928 per
1779 863 2187 930 generationem

611 948 918 1015 progenita.
960 946 1081 1001 "me
1119 949 1254 1002 meis
1294 950 1475 1003 verbis
1519 966 1832 1020 praeponere
1869 953 2037 1017 volui,
2081 969 2186 1008 non

613 1047 672 1090 ut
713 1048 946 1093 mentem
988 1041 1106 1109 ejus
1141 1057 1321 1103 secus,
1370 1058 1533 1108 quam
1581 1052 1816 1111 oportet.
1860 1046 2189 1117 interpreta-

615 1144 726 1191 rer,
760 1131 853 1184 sed
885 1141 941 1184 ut
966 1132 1232 1186 tumidum
1264 1132 1397 1186 illud
1423 1144 1475 1188 et
1516 1146 1899 1205 exaggeratum
1953 1139 2187 1208 explica-

614 1221 780 1274 tionis
807 1237 977 1291 genus
1000 1223 1354 1292 corrigerem,
1401 1233 1454 1279 et
1492 1243 1613 1295 qua:
1661 1229 1733 1282 sit
1780 1228 2185 1287 Eunomiisen-

616 1311 805 1374 tentia,
841 1313 1095 1368 omnibus
1120 1314 1470 1371 manifestum
1507 1318 1781 1382 evaderet,
1832 1328 2018 1389 utpote
2070 1323 2183 1375 ela-

614 1405 691 1456 ris
720 1413 774 1457 et
804 1404 1059 1460 dilucidis
1086 1408 1265 1462 verbis
1302 1411 1567 1477 exposita.
1601 1411 1690 1467 Ille
1721 1414 1865 1467 enim
1898 1416 1992 1484 qui
2023 1417 2184 1470 insci-

613 1494 745 1546 tiam
781 1503 1025 1549 nostram
1058 1498 1315 1559 traducit,
1345 1515 1553 1568 nosque
1577 1502 1642 1553 ad
1668 1520 1888 1557 causam
1921 1506 2180 1575 agendum

613 1583 755 1635 haud
805 1584 1087 1653 sufﬁciente
1121 1602 1385 1654 apparatu
1418 1593 1690 1659 prmuissa
1725 1597 2005 1649 accessisse
2039 1598 2180 1665 obii-

614 1674 706 1733 cit,
741 1675 812 1727 ita
850 1676 1152 1731 orationem
1185 1694 1339 1733 suam
1386 1684 1576 1747 comit,
1599 1694 1653 1737 et
1682 1687 1867 1754 pectit,
1896 1690 2084 1757 sicque
2122 1700 2180 1745 ut

616 1765 841 1834 ipsemet
877 1768 1135 1837 loquitur,
1186 1770 1252 1822 ad
1281 1789 1511 1843 unguem
1557 1778 1741 1830 omnia
1781 1795 1877 1832 sua
1912 1782 2173 1835 vocabula

616 1856 824 1920 elimat,
884 1859 1242 1927 ctsupnrllua
1296 1863 1561 1931 elegantia
1616 1868 1970 1935 scriptionem
2024 1886 2178 1923 suam

612 1957 862 2012 exornat,
921 1959 977 2003 ut
1012 1954 1298 2007 verborum
1359 1956 1644 2010 dulcedine
1698 1959 2000 2014 auditorem
2049 1977 2181 2017 con-

617 2041 795 2093 festim
829 2041 1085 2111 abripiat,
1121 2044 1304 2113 qualia
1354 2063 1418 2100 ex
1451 2049 1636 2102 multis
1682 2050 1805 2102 aliis
1842 2062 1968 2104 sunt
2018 2053 2179 2105 etiam

618 2133 730 2192 illa.
783 2150 905 2203 qua:
939 2146 1095 2191 antea
1126 2139 1504 2200 recitavimus,
1563 2150 1618 2195 et
1673 2157 1817 2194 nunc
1850 2150 2183 2211 repetemus:

620 2223 961 2299 Quapropter
999 2228 1471 2295 reprehensionem,
1503 2247 1607 2299 qua
1638 2247 1751 2321 eam
1782 2232 1845 2283 ob
1860 2248 2076 2284 causam
2100 2237 2184 2285 ob-

609 2317 923 2383 jurgamini,
968 2318 1071 2383 ipsi
1126 2321 1288 2385 vobis,
1341 2337 1434 2374 ceu
1482 2317 1871 2376 ineluctabilem
1910 2324 2179 2394 laqueum,

615 2413 917 2479 consuistis,
955 2414 1194 2482 justitia,
1248 2425 1306 2468 ut
1338 2433 1437 2485 par
1462 2427 1598 2481 erat,
1634 2433 1698 2471 ex.
1734 2420 1920 2473 vestris
1970 2420 2180 2488 placitis

612 2512 797 2556 contra
826 2520 912 2558 vos
940 2508 1248 2560 sententiam
1276 2508 1489 2576 ferente.

684 2594 820 2649 Vide
850 2599 1051 2653 veteris
1092 2601 1282 2656 Atticae
1313 2602 1592 2659 ﬂosculos.
1626 2604 1760 2658 Vide
1791 2614 1849 2657 ut
1891 2605 2181 2660 verborum

610 2688 1032 2755 compositione,
1074 2693 1249 2745 oratio
1282 2694 1633 2763 splendescit.
1671 2702 1725 2750 et
1772 2697 1979 2749 rutilat.
2011 2696 2181 2762 Quam

614 2780 861 2845 speciose
904 2789 957 2835 et
987 2784 1136 2837 varie
1190 2785 1409 2839 nitescit
1457 2796 1509 2840 ct
1561 2790 1791 2841 vernat?
1841 2787 1944 2843 Sed
1984 2789 2051 2843 de
2100 2790 2184 2845 his

615 2870 992 2939 unusquisque
1024 2873 1292 2927 arbitratu
1338 2892 1438 2929 suo
1482 2888 1685 2933 statuat
1713 2888 1766 2932 et
1810 2876 2028 2934 sentiat.
2072 2880 2184 2937 Nos

616 2961 681 3015 ad
725 2963 1151 3019 examinandum
1196 2983 1417 3021 sensum
1466 2980 1825 3035 revertamur,
1881 2981 1934 3026 et
1962 2973 2182 3042 quidem

617 3052 752 3119 ipsis
806 3053 1060 3110 Eunomii
1105 3058 1287 3113 verbis
1323 3060 1598 3115 adductis.
1638 3062 1846 3117 Etenim
1894 3080 2009 3117 cum
2060 3065 2185 3119 sub-

615 3146 842 3201 stantias
874 3148 1007 3201 istas
1056 3166 1087 3202 a
1131 3167 1184 3203 se
1226 3162 1427 3217 mutuo,
1479 3170 1570 3221 per
1602 3154 1717 3221 hoc,
1754 3155 1890 3225 quod
1923 3157 2182 3225 principio

616 3247 854 3299 careant,
878 3250 1151 3308 separatas
1192 3258 1303 3297 esse
1335 3245 1621 3313 afﬁrmetis,
1652 3264 1933 3318 earumque
1959 3251 2183 3304 alterum

616 3345 707 3396 per
734 3334 1121 3398 generationem
1168 3333 1309 3388 Filio
1350 3339 1650 3401 ascribatis,
1691 3350 1740 3393 et
1781 3357 1918 3402 eum,
1947 3344 2035 3412 qui
2074 3346 2183 3397 sine

617 3421 877 3487 principio
906 3433 1004 3488 est,
1040 3439 1105 3476 ex
1143 3426 1255 3486 illo,
1284 3428 1373 3497 qui
1426 3431 1536 3483 sine
1574 3431 1830 3499 principio
1861 3443 1959 3497 est,
2001 3445 2183 3487 natum

617 3511 964 3566 contendatis.
1025 3514 1310 3570 Sulliciunt
1364 3519 1486 3573 ista.
1540 3519 1684 3576 Duas
1736 3524 2004 3594 ingenitas
2055 3527 2186 3578 sub-

618 3601 853 3657 stantias
900 3620 928 3657 a
977 3607 1134 3661 nobis
1172 3610 1339 3662 statui
1383 3612 1480 3664 ait.
1532 3612 1818 3677 Quomodo
1848 3616 1993 3671 istud
2027 3617 2181 3682 dicit,

620 3696 711 3758 qui
767 3696 836 3747 ob
886 3697 1287 3754 confessionem
1337 3703 1499 3758 unius
1546 3708 1818 3768 essentite.
1861 3724 1960 3762 nos
2009 3712 2185 3764 omnia

620 3787 837 3841 miscere
896 3800 944 3842 et
1010 3792 1327 3859 con/undere
1377 3797 1737 3857 criminatur.?
1797 3800 1852 3854 Si
1896 3804 2038 3856 enim
2088 3820 2185 3859 nos

619 3893 838 3947 quoque
889 3882 1025 3935 duas
1076 3893 1305 3940 naturas
1343 3887 1484 3943 inter
1523 3905 1582 3944 se
1630 3892 1937 3948 substantia
1988 3912 2188 3950 conve-

621 3971 832 4025 nientes
891 3982 1282 4043 statueremus,
1337 3980 1403 4033 ad
1457 3985 1764 4054 exemplum
1825 4003 2034 4049 eorum,
2094 3991 2185 4061 qui

620 4063 1039 4131 inaequalitatem
1083 4070 1597 4137 comminiscuntur,
1649 4074 1787 4131 forte
1840 4094 1947 4132 non
1986 4081 2084 4135 abs
2128 4084 2188 4136 le

618 4156 926 4212 existimari
977 4171 1210 4229 poterat,
1249 4164 1386 4220 duas
1431 4166 1638 4224 divisas
1680 4180 1927 4233 naturas.
1962 4174 2028 4226 ad
2079 4176 2187 4231 duo

622 4249 876 4318 principii
928 4256 1173 4322 expertia
1222 4259 1489 4330 principia
1535 4264 1919 4332 cogitationem
1964 4267 2185 4322 ducere.

621 4338 679 4393 Si
716 4356 844 4395 vero
874 4359 1034 4397 unam
1084 4357 1333 4404 naturam
1369 4354 1422 4406 in
1462 4354 1693 4412 diversis
1727 4360 1974 4425 personis
2020 4365 2189 4416 conti~

621 4440 817 4496 temur,
872 4434 1197 4509 Patremque
1227 4444 1524 4508 credimus,
1584 4458 1638 4501 ct
1680 4447 1875 4505 Filium
1914 4452 2185 4521 gloriﬁca-

622 4539 763 4586 mus,
810 4530 1085 4594 quomodo
1131 4532 1429 4589 adversarii
1478 4537 1684 4607 lingunt
1734 4557 1831 4611 per
1871 4543 2183 4613 huiusmodi

622 4613 875 4681 dogmata
923 4618 1031 4671 duo
1075 4623 1336 4694 principia
1382 4630 1685 4684 constitui?
1723 4632 1921 4687 Deinde
1952 4651 2015 4689 ex
2050 4636 2186 4690 duo-

624 4702 726 4756 bus
762 4703 883 4758 istis
914 4708 1197 4778 principiis
1235 4713 1539 4784 (ingenitis)
1569 4721 1721 4782 dicit,
1757 4725 1982 4777 alterunt
2015 4744 2047 4779 a
2087 4745 2184 4781 n0-

621 4794 697 4848 bis
729 4796 782 4848 in
810 4797 1185 4861 Filiiordinem
1214 4806 1403 4875 redigi,
1432 4819 1480 4862 et
1508 4828 1623 4865 eum
1653 4816 1741 4883 qui
1784 4827 1882 4879 est,
1914 4835 1980 4871 ex
2011 4836 2068 4873 eo
2098 4821 2188 4891 qui

618 4896 714 4946 est,
768 4900 947 4943 natum
974 4908 1118 4955 esse;
1151 4899 1405 4952 ostendat
1449 4906 1771 4961 assertionis
1805 4908 1965 4978 hujus
1998 4921 2187 4966 aucto-

620 4995 756 5044 rem,
789 4990 841 5033 et
869 4999 968 5038 nos
1001 4989 1327 5056 tacebimus;
1354 4994 1468 5048 sive
1496 5008 1698 5050 certam
1729 5004 2035 5071 quampiam
2071 5022 2188 5075 pcr-

621 5086 833 5136 sonam,
870 5093 988 5146 qua!
1027 5079 1171 5134 istud
1206 5083 1575 5151 albrmaverit,
1600 5091 1907 5162 redarguat,
1937 5097 2051 5151 sive
2080 5115 2187 5166 ge-

618 5167 845 5218 neratim
880 5170 933 5222 in
967 5169 1209 5228 Ecclesia
1244 5178 1351 5232 tale
1380 5181 1509 5248 quid
1538 5183 1676 5235 tradi
1712 5200 1773 5238 ac
1813 5186 1995 5242 doceri
2024 5192 2182 5244 sciat.

618 5256 750 5319 Quis
790 5261 934 5313 enim
980 5264 1116 5319 adeo
1168 5268 1373 5325 insana:
1417 5280 1470 5325 et
1514 5285 1709 5329 emota:
1744 5280 1942 5335 mentis
1987 5292 2091 5344 est,
2127 5293 2186 5337 ut

618 5365 743 5402 erm
782 5351 996 5407 Patrem
1028 5366 1080 5409 et
1111 5358 1303 5413 Filium
1334 5365 1597 5429 nominat,
1635 5368 1742 5423 duo
1768 5372 2003 5441 ingenita
2036 5376 2186 5444 prin-

618 5443 755 5511 cipia
796 5448 1092 5516 concipiat,
1120 5463 1173 5505 et
1204 5471 1397 5511 rursus
1436 5458 1668 5514 alterum
1704 5479 1767 5515 ex
1798 5465 1971 5519 altero
1998 5476 2183 5521 natum

618 5537 813 5602 putet?
856 5537 987 5604 Qum
1024 5547 1326 5601 necessitas
1356 5548 1550 5619 dogma
1596 5565 1845 5609 nostrum
1889 5560 1953 5611 ad
1992 5558 2185 5629 hujus-

622 5625 764 5678 modi
796 5629 1153 5699 e03itatioues
1201 5644 1253 5688 et
1290 5639 1631 5707 Suspiciones
1680 5644 2184 5712 impellit?Quibus

622 5718 837 5773 tandem
879 5727 1212 5791 argumentis
1261 5730 1459 5793 eliecit,
1506 5746 1563 5787 ut
1596 5742 1905 5793 necessario
1938 5742 2049 5795 haec
2089 5744 2183 5797 ab-

619 5812 861 5867 suzditas
900 5833 962 5870 ex
1013 5817 1257 5873 doctrina
1294 5832 1479 5878 nostra
1532 5830 1894 5897 promicaret?
1936 5832 1992 5886 Si
2028 5834 2170 5888 enim

1836 376 1891 431 S.
1927 371 2252 431 GREGORII
2279 370 2570 427 NYSSENI

3697 385 3777 445 ‘00

2204 492 2247 547 Α
2276 486 2365 537 τὸν
2393 488 2520 537 ὄντα
2549 484 2700 554 παρὰ
2719 483 2811 535 τοῦ
2832 483 2982 546 ὄντος
2998 483 3349 553 γεγεννῆσθαι
3364 487 3597 555 λέγοντα,
3614 507 3624 519 ·
3642 493 3669 561 ἦ
3685 497 3781 563 μίαν

2286 575 2579 644 νοουμένην
2607 576 2697 627 καὶ
2733 574 2830 644 τὴν
2859 576 3027 645 αὐτὴν
3064 576 3269 639 ούσίαν,
3300 578 3557 649 ἑκατέρων
3587 583 3635 632 ἐν
3663 586 3782 655 μέρει

2291 664 2722 733 μεταλαμϐάνειν
2761 665 2868 717 τῶν
2915 665 3210 735 ὀνομάτων,
3234 667 3326 718 καὶ
3370 670 3588 738 Πατέρα,
3619 673 3782 735 οὐσίαν,

2288 757 2381 810 καὶ
2417 755 2543 810 Υἱὺν
2594 757 2902 827 γινομένην,
2950 756 3116 827 αὐτὴν
3150 760 3275 829 παρ’
3310 760 3499 828 ἑαυτῆς
3526 760 3604 813 διὰ
3626 765 3787 834 γεννήσ-

2289 865 2425 910 σεως
2465 846 2877 918 παραγομένην.
2904 845 3090 900 Ταῦτα
3118 846 3204 899 διὰ
3246 848 3343 917 τῆς
3387 848 3604 916 ἐμαυτοῦ
3630 848 3785 913 λέξεως

2290 938 2506 1009 γράφω,
2538 938 2598 991 ού
2647 936 3082 1009 παρερμηνεύων
3111 939 3272 990 αὐτοῦ
3314 939 3409 1006 τὴν
3434 939 3661 1004 διάνοιαν,
3685 942 3787 994 ἀλλὰ

2288 1030 2349 1083 τὸ
2383 1028 2693 1099 στομφῶδες
2732 1028 2825 1080 καὶ
2880 1027 3394 1097 κατεστοιϐασμένον
3426 1029 3518 1098 τῆς
3547 1030 3786 1099 ἑρμηνείας

2287 1119 2771 1192 ἐπανορθούμενος,
2789 1119 2866 1180 ὡς
2892 1119 2958 1173 ἂν
2978 1118 3302 1172 εὐσύνοπτον
3320 1118 3476 1173 αὑτοῦ
3497 1121 3679 1172 πᾶσιτὸ
3697 1120 3788 1189 βού-

2284 1213 2433 1282 λημα
2457 1211 2683 1279 γένοιτο,
2697 1211 2785 1264 διά
2804 1212 2901 1282 τῆς
2920 1210 3062 1263 κατά
3090 1211 3186 1281 τὴν
3205 1210 3345 1275 λέξιν
3367 1211 3635 1279 σαφηνείας
3663 1214 3791 1265 ὲκκαο

2283 1304 2633 1373 λυπτόμενον.
2667 1301 2724 1355 ’0
2752 1303 2859 1373 γὰρ
2878 1302 2975 1372 τὴν
3004 1302 3243 1372 ἀμαθίαν
3286 1302 3436 1372 ἡμῶν
3454 1302 3789 1372 διασύρων,καὶ

2280 1396 2338 1448 τὸ
2354 1394 2438 1463 μὴ
2457 1395 2830 1462 ἑξαρκούσης
2868 1391 3256 1460 παρασκευῆς
3274 1392 3368 1444 ἐπὶ
3386 1392 3487 1444 τὸν
3503 1392 3665 1460 λόγον
3685 1393 3789 1459 ἐλη-

2278 1485 2525 1539 λυθέναι
2552 1485 2859 1556 προφέρων,
2876 1483 3045 1545 οὕτως
3069 1481 3290 1551 ἁδρύνει
3313 1484 3377 1553 τῇ
3396 1482 3699 1553 λαμπρότητι
3719 1484 3792 1551 τῆς

2280 1578 2573 1648 ἑρμηνείας
2600 1578 2691 1630 τὸν
2741 1576 2868 1628 ῐδιον
2903 1575 3082 1642 λόγον,
3113 1573 3285 1637 οὕτως
3329 1573 3625 1644 ὲξονυχίζει,
3652 1574 3791 1635 καθὼς

2280 1668 2439 1731 αὐτὸς
2493 1667 2768 1737 ὀνομάζει,
2803 1666 2873 1718 τὰ
2911 1667 3153 1735 ῥήματα,
3204 1667 3263 1717 ἐν
3313 1667 3377 1735 τῇ
3413 1667 3620 1735 περιττῇ
3660 1664 3791 1732 ταύτῃ

2281 1760 2597 1829 καλλιεπείᾳ
2623 1758 2721 1828 τὴν
2746 1758 3065 1828 συγγραφὴν
3091 1756 3385 1824 άγλατζων,
3407 1756 3480 1820 ὡς
3516 1755 3708 1808 αὐτόθεν
3728 1756 3792 1806 αἱ·

2288 1854 2402 1922 ρεῖν
2435 1854 2501 1922 τῇ
2533 1851 2629 1920 τῆς
2680 1850 2880 1915 λέξεως
2910 1850 3069 1919 ἡδονῇ
3102 1848 3193 1901 τὸν
3225 1847 3552 1901 ἀκούσανταο
3576 1841 3652 1898 οἶα
3690 1846 3793 1915 μετὰ

2280 1941 2487 1995 πολλῶν
2519 1941 2694 1994 ἄλλων
2725 1941 2819 1993 καὶ
2850 1939 2916 1991 τὰ
2952 1939 3044 1993 νῦν
3079 1938 3532 2008 ύπανεγνωσμένα
3564 1937 3694 1989 ἐστί·
3724 1938 3794 1988 καὶ

2281 2033 2329 2083 εί
2376 2031 2540 2092 δοκεῖ,
2572 2029 2732 2082 πάλιν
2782 2029 3241 2099 ὑπαναγνώσομαι
3264 2045 3277 2057 ·
3313 2030 3405 2082 Διὸ
3451 2028 3542 2082 καί
3582 2027 3679 2094 τὴν
3721 2027 3793 2079 ἐπὶ

2279 2123 2511 2188 τούτοις
2550 2122 2873 2190 λοιδορίαν,
2906 2119 3109 2189 ὥσπερ
3163 2122 3296 2175 τινὰ
3349 2120 3540 2189 πάγην
3575 2119 3793 2185 ἄφυκτον

2284 2213 2411 2267 καθ’
2436 2213 2666 2267 ἑαυτῶν
2708 2212 3122 2277 ἐτεκτήνασθε.
3169 2212 3281 2280 τῆς
3326 2214 3494 2280 δίκης
3514 2252 3528 2276 ,
3557 2211 3625 2275 ὡς
3654 2210 3793 2273 εἰκὸς,

2286 2304 2410 2368 τοῖς
2468 2303 2772 2372 ὑμετέροις
2822 2304 2950 2357 καθ’
3002 2302 3170 2373 ὑμῶν
3228 2303 3425 2359 αὐτῶν
3474 2298 3795 2369 saturnalibu-

2281 2413 2417 2463 σης.

2362 2622 2500 2690 Ὅρα
2532 2619 2597 2672 τὰ
2626 2618 2761 2689 ἄνθη
2787 2620 2886 2689 τῆς
2910 2618 3142 2689 ἀρχαίας
3181 2617 3435 2681 Ἀττίδος.
3471 2617 3550 2680 Ὠς
3576 2613 3796 2683 ἐπαστρὰ-

2284 2728 2412 2763 πτει
2445 2715 2509 2782 τῇ
2548 2710 2792 2775 συντάξει
2826 2710 2919 2763 τοῦ
2952 2710 3110 2777 λόγου
3142 2709 3203 2761 τὸ
3250 2709 3387 2761 λεῖον
3440 2709 3526 2762 καὶ
3573 2705 3796 2760 κατεστιλ-

2285 2804 2527 2873 ϐωμένον
2573 2803 2673 2873 τῆς
2708 2804 2941 2871 λέξεωςῐ
2986 2802 3071 2866 Ὠς
3115 2803 3430 2874 γλαφυρῶς,
3467 2803 3556 2855 καὶ
3592 2799 3797 2858 ποικίλως

2283 2897 2346 2964 τῇ
2381 2894 2498 2964 ὥρᾳ
2530 2895 2622 2946 τοῦ
2664 2896 2821 2964 λόγου
2870 2893 3310 2966 περιανθίζεταιί
3358 2894 3511 2948 Ἀλλά
3546 2892 3693 2946 ταῦτα
3725 2890 3797 2957 μὲν

2283 2986 2475 3055 ἐχέτω,
2517 2985 2592 3049 ὡς
2626 2986 2690 3039 ἄν
2729 3003 2806 3056 τῳ
2837 2985 2981 3057 δόξῃ.
3026 2986 3186 3057 Ἡμῖν
3218 2986 3277 3037 δὲ
3329 2986 3459 3056 πρὸς
3483 2985 3573 3055 τὴν
3609 2982 3801 3042 διάνοιαν

2283 3077 2391 3129 τῶν
2424 3076 2728 3148 εἰρημένων
2775 3076 3063 3149 τρεπέσθω
3114 3076 3279 3129 πάλιν
3320 3078 3348 3128 ὁ
3383 3077 3599 3147 δρόμος·
3634 3072 3712 3125 καὶ
3747 3070 3799 3121 δι’

2286 3170 2481 3231 αὐτῶν,
2499 3169 2721 3233 είδοκεῖ,
2746 3169 3030 3241 γενώμεθα
3048 3168 3140 3221 τοῦ
3164 3168 3498 3239 λογογράφου
3521 3164 3795 3227 τῶνλέξεων.

2293 3263 2457 3314 Ἤτοι
2517 3260 2627 3330 γὰρ
2672 3260 2947 3330 ἀνάρχως
3006 3256 3302 3328 ἀλλήλων
3364 3261 3685 3331 κεχωρίσθαι
3722 3257 3799 3317 τὰς

2287 3356 2502 3419 οὐσίας
2529 3356 2749 3419 ταύτας
2780 3353 3311 3422 ὑπολαμϐάνοντες
3332 3397 3347 3419 ,
3384 3357 3596 3407 τούτων
3634 3350 3691 3402 δὲ
3716 3346 3802 3413 τὴν

2288 3445 2497 3512 ἑτέραν
2524 3447 2611 3509 εἰς
2636 3445 2770 3498 Υἱοῦ
2792 3444 2964 3508 τάξιν
2986 3444 3082 3499 διὰ
3103 3446 3442 3515 γεννήσεως
3477 3446 3712 3515 ἄγοντες,
3731 3437 3803 3491 καὶ

2288 3536 2393 3587 τὸν
2433 3534 2703 3604 ἀνάρχως
2746 3535 2889 3587 ὄντα
2933 3535 3051 3587 ὑπὸ
3101 3534 3207 3588 τοῦ
3289 3537 3460 3602 ὄντος
3508 3531 3803 3604 γεγενῆσθαι

2288 3626 2735 3694 διατεινόμενα.
2776 3627 2964 3696 ’Δρκεῖ
2998 3626 3189 3681 ταῦτα.
3222 3630 3330 3681 Δύο
3360 3629 3515 3698 φησὶν
3535 3627 3666 3696 ἡμᾶς
3684 3626 3801 3689 ἁγενι

2288 3719 2479 3787 νήτους
2500 3717 2682 3779 οὐσίας
2723 3717 3040 3789 πρεσϐεύειν
3064 3733 3078 3746 ·
3110 3717 3226 3780 πῶς
3264 3717 3418 3771 τοῦτο
3457 3715 3685 3784 λέγων.ὁ
3719 3710 3805 3778 gn"-

2280 3827 2411 3877 ρειν
2458 3808 2530 3861 τὰ
2562 3807 2779 3871 πάντα,
2816 3809 2912 3861 καί
2962 3807 3214 3878 συγχεῖν
3264 3806 3592 3878 αίτιώμενος,
3637 3804 3709 3855 διὰ
3738 3800 3808 3852 τοῦ

2293 3900 2418 3969 μίαν
2450 3899 2731 3969 ὁμολογεῖν
2776 3898 2873 3970 τὴν
2905 3899 3123 3965 οὐσίαν;
3172 3898 3237 3950 Εἰ
3282 3899 3378 3968 μὲν
3424 3898 3526 3968 γὰρ
3553 3896 3634 3947 δύο
3662 3892 3809 3961 φύσεις

2289 3989 2580 4060 ἀλλοτρίως
2604 3989 2744 4043 κατὰ
2773 3989 2832 4042 τὸ
2853 3985 2989 4042 εἶναι
3020 3989 3155 4060 πρὸς
3185 3990 3422 4060 ἀλλήλας
3465 3987 3672 4059 ἐχούσας
3695 3980 3810 4035 καὶὸ

2288 4080 2557 4152 ἡμέτερος
2588 4080 2881 4151 ἐπρέσϐευε
2905 4082 3082 4149 λόγος,
3111 4080 3255 4133 κατά
3287 4081 3348 4134 τὸ
3377 4075 3493 4132 ἴσον
3519 4077 3617 4130 τῶν
3645 4075 3696 4127 τὸ
3718 4070 3808 4124 ἀνό-

2293 4189 2441 4243 μοιον
2475 4171 2927 4242 δογματιζόντων,
2960 4171 3139 4233 καλῶς
3171 4167 3285 4241 εἶχε
3316 4172 3377 4224 τὸ
3419 4167 3715 4242 διῃρημένον
3736 4162 3810 4230 τῆς

2290 4259 2502 4327 φύσεως
2530 4260 2608 4321 είς
2638 4258 2729 4311 δύο
2749 4258 2907 4311 τινῶν
2933 4258 3183 4329 ἀνάρχων
3213 4259 3466 4321 ὑπονοίας
3490 4256 3719 4345 ἐμφέρ-ειν
3744 4266 3809 4345 vp-

2294 4345 2565 4416 μίξεσθαι.
2613 4346 2675 4398 Ei
2712 4346 2767 4398 δὲ
2805 4346 2901 4418 μία
2950 4346 3109 4416 φύσις
3162 4348 3502 4416 ὁμολογεῖται
3542 4341 3659 4413 παρ’
3686 4341 3810 4407 ἡμῶν

2291 4437 2347 4486 ἐν
2376 4433 2653 4504 διαφόροις
2678 4435 2791 4496 ταῖς
2822 4434 3167 4496 ὑποστάσεσι,
3191 4434 3285 4487 καὶ
3310 4433 3498 4504 Πατὴρ
3526 4428 3810 4484 πιστεύεται,

2292 4521 2386 4573 καὶ
2429 4521 2553 4581 Υἱὸς
2594 4519 2891 4584 δοξάζεται,
2937 4520 3053 4583 πῶς
3092 4521 3185 4574 δύο
3222 4522 3539 4593 πρεσϐεύειν
3584 4515 3731 4587 ἀρχὰς
3766 4510 3811 4561 τὸ

2291 4608 2497 4663 τοιοῦτο
2514 4609 2691 4679 δόγμα
2711 4610 2858 4679 παρὰ
2875 4609 2981 4662 τῶν
3003 4610 3259 4663 ἐναντίων
3284 4612 3675 4678 συκοφαντεῖται
3692 4622 3703 4669 ;
3724 4598 3811 4653 εἶτα

2293 4699 2355 4748 ἐκ
2387 4696 2493 4749 τῶν
2541 4696 2634 4749 δύο
2682 4697 2934 4749 τοιούτων
2979 4697 3161 4767 ἀρχῶν
3201 4698 3317 4765 τὴν
3352 4700 3497 4767 μίαν
3536 4696 3666 4763 λέγει
3706 4687 3811 4755 παρ’

2292 4782 2461 4851 ἡμῶν
2490 4786 2577 4847 εὶς
2608 4784 2742 4838 Υἱοῦ
2768 4783 2939 4848 τάξιν
2962 4786 3352 4854 κατάγεσθαι·
3368 4785 3586 4850 δειξάτω
3607 4782 3687 4833 τὸν
3711 4793 3811 4846 προ-

2295 4871 2493 4941 στάτην
2518 4869 2612 4923 τοῦ
2641 4871 2796 4938 λόγου
2824 4871 3033 4934 τούτου,
3065 4873 3163 4925 καὶ
3184 4874 3351 4943 ἡμεῖς
3385 4870 3728 4939 σιωπήσομεν,
3754 4863 3811 4913 εἴ·

2291 4975 2351 5010 τε
2389 4977 2440 5012 τι
2484 4959 2770 5028 πρόσωπον
2804 4958 3065 5029 διελέγχει
3095 4960 3155 5012 τὸ
3196 4960 3370 5012 ταῦτα
3402 4953 3813 5029 παραφθεγξάμε·

2292 5063 2400 5109 νον,
2433 5047 2541 5099 εἴτε
2574 5046 2667 5099 καὶ
2708 5046 2893 5110 ἁπλῶς
2924 5047 3014 5100 τὸν
3044 5047 3197 5114 λόγον
3244 5046 3434 5100 τοῦτον
3466 5047 3520 5099 ἐν
3569 5037 3815 5106 Ἐκκλησίὲ·

2293 5130 2399 5186 οἶδε
2431 5134 2745 5204 φερόμενον.
2776 5134 2870 5196 Τίς
2896 5134 3004 5204 γάρ
3032 5134 3203 5197 οὕτως
3229 5134 3542 5205 παράφορος
3574 5132 3676 5192 τοῖς
3699 5128 3811 5192 λογι-

2294 5224 2473 5291 σμοῖς,
2505 5221 2911 5293 κατεξεστηκὼς
2949 5222 3048 5293 τὴν
3080 5223 3338 5286 διάνοιαν,
3387 5223 3462 5286 ὡς
3506 5218 3704 5286 Πατέρα
3742 5212 3815 5265 καὶ

2294 5310 2418 5362 Υἰὸν
2446 5310 2644 5378 λέγειν,
2686 5311 2780 5363 καὶ
2816 5310 2909 5363 δύο
2934 5311 3092 5363 πάλιν
3115 5311 3388 5381 ἁγέννητα
3420 5309 3633 5370 οἴεσθαι,
3667 5304 3744 5357 καὶ
3768 5300 3816 5351 τὸ

2292 5398 2348 5452 ἓν
2381 5393 2536 5460 αὖθις
2565 5397 2714 5468 παρὰ
2740 5397 2832 5450 τοῦ
2876 5397 2991 5460 ἐνὸς
3022 5396 3341 5468 γεγενῆσθαι
3374 5398 3633 5468 νομίζειν;
3665 5392 3743 5451 Τίς
3771 5386 3815 5436 δὲ

2292 5488 2445 5557 καὶὴ
2494 5488 2706 5557 ἀνάγκη
2754 5489 2786 5558 ὴ
2840 5488 2973 5557 πρὸς
3027 5486 3125 5551 τὰς
3176 5488 3429 5550 τοιαύτας
3473 5484 3706 5574 ὑπονοίας

2291 5575 2503 5629 ωθοῠσα
2530 5577 2590 5630 τὸ
2609 5577 2784 5647 δόγμα
2805 5595 2819 5643 ;
2859 5577 2951 5629 Ἐκ
2981 5575 3147 5629 ποίων
3169 5576 3295 5646 παρ’
3319 5575 3482 5629 αὐτοῦ
3502 5573 3660 5642 λόγων
3688 5573 3815 5621 τοῦτο

2293 5664 2723 5734 κατεσκευάσθη,
2767 5664 2839 5726 ὡς
2870 5663 3178 5731 ἀναγκαίως
3223 5664 3428 5734 ταύτην
3462 5660 3711 5728 ἀνακύψαι
3735 5652 3813 5721 τὴν

2292 5752 2557 5818 ἁτοπίαν;
2590 5754 2651 5807 Εἰ
2693 5752 2790 5821 μὲν
2818 5752 2923 5821 γάρ
2972 5768 3022 5804 τι
3072 5752 3178 5803 τῶν
3214 5753 3344 5821 παρ’
3382 5752 3535 5822 ⁴ἡμῶν
3564 5748 3810 5820 ὁμολογου·

2285 5838 2458 5909 μένων
2485 5840 2683 5909 προέφε
2695 5856 2781 5909 ρεν
2804 5857 2816 5869 θ
2850 5835 2967 5892 εἶτα
2995 5837 3082 5892 διὰ
3114 5838 3301 5892 τούτου
3340 5840 3591 5913 προῆγεν,
3618 5828 3713 5887 εἴτε
3743 5844 3810 5880 σο-

2211 3138 2252 3194 C

2217 4481 2260 4535 D
