3922 6468
151 402 227 455 ωε
1339 415 1614 472 CONTRA
1658 415 2044 482 EUNOMIUM,
2078 415 2205 469 LIB.
2246 418 2282 469 l.

3281 418 3411 475 tﬁ‘}:

149 516 415 584 φιστικῶς,
445 520 558 571 εἴτε
602 521 745 573 κατά
786 540 905 575 τινα
948 525 1175 595 δύναμιν
1216 528 1595 600 ἀποδεικτικὴν
1618 529 1709 600 τὴν

1819 546 1883 584 ex
1921 529 2009 593 iis,
2031 546 2151 599 qua:
2181 530 2556 589 concedimus.
2592 530 2795 599 aliquid
2830 531 3167 600 protulisset,
3200 544 3386 601 postea

147 607 382 676 τοιαύτην
424 613 824 678 συκοφαντίαν·
861 611 1004 685 εἶχεν
1055 618 1183 681 ἴσως
1225 621 1415 691 καιρὸν
1462 622 1554 674 ἐπὶ
1598 622 1714 674 δια-

145 696 257 764 ϐολῇ
292 696 390 748 τοῦ
415 696 687 767 δόγματος
719 702 787 755 τὰ
821 705 1046 758 τοιαῦτα
1073 710 1386 778 προφέρειν.
1413 711 1474 763 Ei
1506 710 1562 764 δὲ
1591 709 1715 763 οὔτε

142 790 292 851 ἐστὶν,
320 788 445 841 οὔτε
482 792 556 862 μὴ
597 793 820 864 γένηται
851 796 1005 864 λόγος
1037 800 1094 851 ὲν
1137 799 1428 871 Ἐκκλησία
1454 802 1713 868 τοιοῦτος,

142 878 249 932 οὔτε
270 882 299 933 6
319 881 496 935 είπὼν
520 884 825 954 ἐλέγχεται.
846 888 969 941 οὔτε
997 890 1025 941 6
1049 891 1299 961 ἀκηκοὼς
1324 894 1710 957 ἐπιδείκνυται,

139 970 249 1023 οὔτε
278 975 499 1045 ἀνάγκη
536 993 622 1040 τις
652 979 984 1049 εὑρίσκεται,
1013 982 1100 1036 διά
1135 1001 1277 1047 τινος
1307 984 1598 1038 ἀκολούθου
1622 986 1719 1057 τὴν

140 1063 362 1116 ἀτοπίαν
404 1066 611 1138 ταύτην
645 1074 1145 1137 κατασκευάζουσα,
1186 1076 1243 1128 τί
1279 1074 1523 1145 βούλεται
1573 1076 1722 1147 αὑτῷ

140 1157 167 1225 ἡ
194 1160 520 1229 σκιαμαχία,
542 1164 605 1215 οὑ
637 1164 865 1234 συνορῶ.
902 1167 1109 1238 Ὥσπερ
1138 1168 1204 1221 ἂν
1223 1170 1379 1232 εἴτις
1408 1169 1512 1222 ὑπὸ
1546 1169 1723 1240 φρενί-

138 1247 268 1310 τιδος
301 1253 667 1320 παραπαίων,
710 1257 1123 1327 συμπεπλέχθαι
1147 1258 1354 1328 νομίζοι
1397 1261 1523 1321 τινὶ,
1561 1258 1723 1329 μηδε-

137 1342 215 1403 νὸς
246 1344 738 1412 προσπαλαίοντος,
761 1344 880 1400 εἶτα
913 1350 1053 1403 κατά
1078 1350 1309 1421 σπουδὴν
1338 1351 1524 1404 ἑαυτὸν
1549 1369 1714 1404 καταε-

137 1432 327 1495 6τιλὼν,
359 1436 455 1486 τόν
478 1439 934 1510 προσμαχόμενον
952 1442 1115 1494 οἴοιτο
1129 1460 1142 1473 ·
1167 1442 1405 1495 τοιοῦτόν
1428 1461 1480 1495 τι
1515 1443 1714 1496 πέπον-

138 1524 219 1577 θεν
256 1528 286 1578 ό
327 1528 500 1595 σοφὸς
537 1529 893 1603 λογογράφος,
933 1536 1291 1589 ἀναπλάσσων
1336 1536 1607 1599 ὑπονοίας,
1646 1535 1712 1599 ἀς

139 1619 285 1685 ἠμῖς
309 1620 375 1672 οὐ
409 1622 777 1695 γινώσκομεν,
808 1628 900 1680 καὶ
937 1631 1114 1691 σκιαῖς
1151 1630 1623 1701 προσμαχόμενος,
1646 1630 1713 1692 ἃς

138 1708 214 1760 διὰ
238 1712 345 1763 τῶν
376 1712 659 1784 λογισμῶν
694 1718 840 1772 ίδίων
867 1720 1267 1775 ἀνετυπὼσατο.

1820 638 1890 676 ex
1921 624 2041 684 hoc,
2080 624 2195 678 sive
2235 624 2552 691 sophisticc,
2602 623 2717 677 sive
2747 623 3235 679 demonstrationis
3264 624 3387 679 elli-

1821 712 2053 767 cacitate
2088 714 2504 784 sycophantiam
2546 714 2670 767 inde
2705 714 3092 778 conclusisset,
3136 715 3388 769 fortassis

1818 805 2164 858 occasionem
2194 804 2475 858 habuisset
2508 805 2614 858 tale
2640 805 2767 873 quid
2815 804 2880 857 de
2918 804 3170 873 dogmate
3197 815 3388 859 nostro

1821 910 1918 964 per
1947 896 2273 948 calumniam
2303 894 2633 963 proferendi.
2674 893 2732 949 Si
2767 911 2896 949 vero
2929 910 3105 965 neque
3146 906 3249 958 est,
3288 912 3385 949 ne-

1815 1004 1923 1057 que
1955 1004 2192 1055 unquam
2234 989 2341 1041 erit
2386 989 2439 1039 in
2468 987 2713 1041 Ecclesia
2760 988 2888 1042 talis
2930 987 3210 1051 doctrina,
3243 995 3297 1043 et
3342 988 3386 1042 si

1816 1096 1992 1147 neque
2031 1087 2223 1133 auctor
2272 1079 2714 1147 reprehenditur,
2772 1095 2952 1148 neque
2987 1080 3081 1147 qui
3119 1079 3226 1133 tale
3260 1081 3385 1148 quid

1816 1170 2107 1232 audiverit,
2150 1171 2581 1231 demonstratur,
2614 1185 2790 1238 neque
2818 1172 2926 1223 ulla
2958 1172 3120 1225 etiam
3152 1173 3380 1225 necessi-

1818 1272 1903 1316 tas
1937 1270 2179 1331 apparet.
2237 1277 2358 1331 qum
2399 1261 2713 1329 hujusmodi
2758 1262 3147 1317 absurditatem
3194 1278 3389 1316 consc-

1819 1355 2038 1408 cutione
2068 1353 2301 1421 quatiam
2332 1352 2578 1408 evincat.
2631 1369 2738 1406 non
2784 1355 2940 1406 video
2968 1370 3232 1424 quorsum
3265 1372 3386 1410 cum

1820 1457 1920 1497 sua
1947 1442 2225 1496 umbratili
2262 1441 2653 1510 digladiatione
2680 1443 2868 1497 tendat
2894 1460 2906 1494 :
2928 1444 3385 1511 quemadmodum

1819 1535 1864 1589 si
1910 1534 2036 1602 quis
2085 1534 2139 1587 in
2193 1533 2452 1603 pbrenesi
2484 1534 2749 1597 delirans,
2788 1550 2870 1599 se,
2910 1535 3129 1589 nemine
3160 1550 3387 1604 congre-

1816 1627 2019 1691 diente,
2070 1641 2194 1681 cum
2242 1626 2427 1695 aliquo
2457 1641 2815 1697 congressum
2864 1628 3162 1691 existimet,
3193 1625 3388 1681 deinde

1818 1716 1872 1769 in
1909 1716 2147 1783 seipsum
2198 1715 2400 1770 acriter
2432 1715 2632 1785 impetu
2683 1716 2831 1783 dato,
2886 1718 3129 1787 seipsum
3171 1732 3388 1785 quoque

142 1804 514 1858 adversarium
540 1808 819 1865 existimet
851 1831 864 1865 :
899 1814 1010 1868 tale
1034 1814 1166 1882 quid
1194 1815 1548 1870 declamatori
1580 1814 1708 1868 huic
1743 1807 1966 1869 accidit,
2005 1806 2233 1876 ﬁngenti
2307 1821 2490 1871 sensa,
2539 1822 2660 1875 quae
2690 1823 2789 1862 nos
2856 1824 2962 1862 non
3016 1808 3384 1878 agnoscimus,

141 1909 185 1953 et
212 1916 335 1955 cum
377 1903 599 1959 umbris
626 1905 938 1971 dimicanti,
975 1925 1113 1979 quas
1140 1925 1206 1964 ex
1237 1911 1462 1980 proprio
1489 1910 1719 1966 cerebro
1756 1902 2081 1970 exsculpsit.

200 1993 425 2046 Είπάτω
454 1993 587 2062 γὰρ,
639 1995 722 2059 τίς
753 1998 787 2065 ἡ
813 1998 1021 2069 ἀνάγκη
1063 1999 1153 2052 τὸν
1182 2000 1543 2069 ὁμολογοῦντα
1586 1999 1709 2053 Υἱὺν

1886 1990 2041 2044 Dicat
2074 1992 2241 2055 enim,
2272 2005 2522 2060 quanam
2547 1991 2851 2046 necessitas
2880 2006 3025 2052 eum,
3065 1992 3154 2061 qui
3193 1991 3384 2046 Filium

140 2086 196 2135 ὲκ
228 2085 445 2154 Πατρὸς
477 2086 829 2156 γεγενῆσθαι,
860 2092 940 2152 είς
959 2089 1051 2142 δύο
1082 2092 1388 2162 ἀγεννήτων
1415 2090 1710 2162 ὑπολήψεις

137 2176 459 2247 ἐκφέρεσθαι
482 2194 497 2241 ;
528 2178 599 2230 Ἦ
622 2179 769 2241 τίνος
797 2180 994 2249 μᾶλλόν
1018 2184 1134 2234 ἐστι
1167 2182 1259 2236 δύο
1284 2184 1708 2248 κατασκευάζειν

137 2268 421 2337 ἀγέννητας
453 2268 553 2321 τοῦ
585 2270 676 2323 τὸν
710 2271 839 2324 Υίὸν
869 2272 1233 2343 ψευδωνύμως
1261 2275 1509 2343 λέγεσθαι
1541 2292 1706 2328 κατα⁴

140 2358 493 2422 σκευάζοντας
516 2402 530 2423 ,
562 2360 596 2430 ἦ
627 2359 721 2412 τοῦ
745 2360 1222 2432 διαϐεϐαιουμένου
1261 2366 1326 2433 τῇ
1369 2364 1709 2433 προσηγορίᾳ

138 2451 221 2518 τήν
247 2450 445 2519 κλῆσιν
476 2451 910 2521 ἐπαληθεύεσθαι
933 2470 946 2516 ;
990 2455 1044 2507 '0
1071 2454 1178 2524 γὰρ
1198 2454 1295 2525 τὴν
1326 2454 1498 2525 ἀληθῆ
1523 2454 1709 2524 γέννη-

139 2557 211 2593 σιν
230 2540 323 2593 τοῦ
362 2540 503 2594 Υἱοῦ
539 2542 615 2611 μὴ
654 2542 964 2612 δεξάμενος.
1001 2539 1139 2596 εἶναι
1160 2544 1217 2597 δὲ
1244 2545 1381 2607 ὅλως
1411 2542 1716 2616 ὁμολογῶν,’

136 2631 457 2703 οἰκειότερον
485 2632 554 2685 ἂν
577 2632 901 2703 ὑπονοηθείη
924 2634 1215 2705 ἀγέννητον
1238 2635 1438 2703 λέγειν,
1467 2636 1558 2688 τὸν
1584 2635 1713 2688 ὄντα

140 2724 248 2791 μὲν,
280 2724 356 2794 μὴ
388 2723 481 2776 διά
528 2725 835 2794 γεννήσεως
866 2724 922 2776 δὲ
947 2724 1008 2778 τὸ
1055 2720 1194 2777 εἶναι
1233 2727 1440 2796 ἔχοντα.
1484 2729 1542 2780 Ὀ
1570 2728 1624 2779 δὲ
1650 2729 1711 2780 τὸ

138 2815 491 2886 γνωριστικὸν
534 2816 787 2887 ὁμοίωμα
832 2817 932 2887 τῆς
966 2815 1062 2870 τοῦ
1107 2818 1444 2885 Μονογενοῦς
1474 2820 1710 2872 ὑποστά-

137 2924 283 2970 σεως,
313 2907 454 2961 αὐτὸ
486 2908 547 2959 τὸ
577 2908 852 2977 γεννητῶς
898 2909 1062 2961 αὑτὸν
1104 2911 1167 2962 ὲκ
1198 2910 1291 2962 τοῦ
1325 2912 1534 2981 Πατρὸς
1575 2912 1707 2965 ὑπο-

136 3000 319 3068 στῆναι
344 2999 742 3071 διοριζόμενος,
770 3000 887 3064 πῶς
917 3000 982 3053 ἂν
1012 3003 1092 3064 είς
1128 3002 1187 3054 τὸ
1220 3003 1510 3073 ἀγέννητον
1551 3005 1709 3058 αὑτὸν

134 3091 331 3145 οἴεσθαι
362 3090 765 3163 παρενεχθείη;
803 3093 976 3145 καίτοι
1013 3092 1134 3146 καθ’
1162 3093 1306 3163 ὑμᾶς
1332 3094 1459 3157 τοὺς
1491 3095 1706 3163 σοφοὺς,

136 3183 231 3246 ἓως
260 3182 326 3236 ἂν
371 3186 579 3255 κρατῇ.
617 3184 675 3235 τὸ
706 3183 779 3254 μὴ
812 3184 1135 3255 γεννηθῆναι
1164 3186 1317 3255 παρὰ
1358 3185 1451 3238 τοῦ
1499 3187 1709 3256 [ἰατρὸς

135 3274 219 3326 τὸν
249 3276 396 3338 Υίὸν,
427 3275 513 3327 ἐνί
554 3292 659 3326 τινι
685 3275 869 3345 τρόπῳ
895 3275 1003 3327 τῶν
1039 3276 1143 3327 ὑπὸ
1167 3275 1260 3328 τοῦ
1293 3276 1585 3347 ἀγεννήτου
1614 3294 1709 3346 ση-

1815 2098 1878 2137 ex
1921 2081 2082 2136 Patre
2131 2090 2319 2135 natum
2371 2081 2551 2146 docet,
2585 2081 2651 2135 ad
2690 2082 2800 2135 duo
2848 2083 3088 2151 ingenita
3122 2083 3399 2151 principia

1815 2176 2107 2231 statuenda
2165 2176 2389 2244 adigat?
2447 2175 2582 2239 Quis
2644 2176 2829 2244 potius
2881 2176 2990 2229 duo
3042 2174 3385 2228 innasciliilia

1816 2268 2081 2338 principia
2133 2268 2434 2322 introducit
2467 2266 2694 2330 ?il|ene,
2744 2269 2836 2338 qui
2886 2269 3120 2338 probare
3170 2269 3385 2328 nititur,

1815 2358 2010 2413 Filium
2061 2360 2201 2415 falso
2224 2359 2346 2414 Filii
2394 2376 2588 2415 nomen
2622 2370 2829 2423 tenere,
2886 2377 2952 2414 an
2988 2362 3099 2423 ille,
3136 2361 3228 2431 qui
3263 2377 3386 2414 cum

1816 2450 1919 2504 hac
1969 2452 2331 2520 appellatione
2386 2461 2637 2507 naturam
2690 2469 2911 2522 quoque
2951 2454 3243 2508 concinere
3272 2452 3382 2504 ait?

1814 2557 1939 2597 nam
1987 2542 2079 2611 qui
2116 2558 2298 2597 veram
2345 2542 2466 2596 Filii
2512 2546 2920 2613 generationem
2976 2560 3083 2598 non
3124 2544 3386 2610 admittit,

1812 2634 1992 2703 ipsum
2028 2640 2208 2687 tamen
2258 2634 2529 2689 exsistere
2583 2635 2898 2699 conﬁtetur,
2951 2635 3154 2702 justius
3197 2635 3386 2690 existi-

1810 2735 2009 2790 matur,
2046 2728 2188 2796 quod
2224 2725 2419 2781 Filium
2448 2729 2826 2782 innascibilem
2865 2728 3051 2790 faciat,
3087 2744 3209 2780 cum
3240 2727 3387 2781 exsi-

1811 2826 1940 2879 stat,
1994 2832 2172 2885 neque
2220 2826 2401 2872 tamen
2451 2833 2547 2886 per
2579 2818 3008 2888 generationem,
3056 2832 3178 2871 esse
3225 2832 3383 2870 suum

1810 2909 2023 2963 habeat.
2080 2907 2172 2963 ille
2222 2924 2354 2963 vero
2403 2911 2495 2979 qui
2545 2910 2786 2963 afﬁrmat
2847 2912 3205 2980 liypostaseos
3254 2907 3385 2962 Uni-

1810 3000 1976 3070 geniti
2014 3000 2389 3055 characterem
2438 3010 2492 3055 et
2526 3010 2713 3055 notam
2764 3017 2910 3062 esse.
2945 3017 3041 3071 per
3074 3001 3383 3069 generatio-

1810 3105 1937 3144 nem
1985 3106 2052 3144 ex
2114 3089 2274 3144 Patre
2321 3106 2467 3155 esse,
2507 3089 2781 3160 quomodo
2832 3089 3028 3145 Filium
3083 3090 3381 3159 ingenitum

1810 3180 2177 3249 pronuntiat?
2219 3180 2545 3250 Quanquam
2601 3198 2665 3235 ex
2716 3182 2916 3250 placito
2953 3193 3158 3245 vestro,
3210 3196 3244 3235 ο
3291 3196 3380 3234 sa-

1812 3273 2049 3343 pientes,
2079 3272 2319 3342 quandiu
2350 3271 2550 3326 Filium
2591 3287 2620 3325 a
2650 3272 2812 3326 Patre
2846 3286 2940 3341 per
2972 3272 3380 3342 generationem

140 3369 500 3438 μαινομένων,
529 3367 626 3420 καὶ
650 3368 813 3430 αὐτὸς
836 3368 1126 3438 ἀγέννητος
1155 3370 1357 3440 κυρίως
1404 3369 1708 3439 ὀνομασθή-

1813 3380 1930 3419 esse
1960 3365 2197 3434 negatis,
2245 3380 2351 3418 una
2379 3362 2611 3434 quadam
2639 3363 3038 3434 signiﬁcatione
3067 3377 3129 3416 ex
3162 3363 3229 3415 iis
3262 3377 3382 3430 qua:

140 3478 300 3514 σεται.
344 3459 570 3530 Ἐπειδὴ
613 3459 722 3529 γὰρ
747 3460 814 3513 τά
851 3460 949 3529 μὲν
991 3461 1302 3531 τικτόμενα,
1330 3461 1399 3514 τὰ
1437 3461 1495 3514 δὲ
1539 3478 1708 3513 κατα-

141 3555 510 3624 σκευαζόμενα
539 3553 773 3621 γίνεται.
807 3554 867 3606 τὸ
898 3552 971 3624 μὴ
997 3552 1085 3606 διά
1108 3556 1411 3623 γεννήσεως
1439 3551 1708 3621 ὑφεστὼς,

136 3646 282 3699 σὲδὲν
308 3645 514 3699 κωλύει
546 3645 861 3714 ἀγεννήτως
886 3641 1180 3712 ὑφεστάναι
1223 3643 1421 3712 λέγειν,
1449 3643 1587 3697 κατά
1613 3643 1709 3713 μό-

139 3750 218 3783 νον
246 3733 306 3786 τὺ
333 3734 437 3802 τῆς
460 3734 771 3801 γεννήσεως
799 3732 1214 3801 σημαινόμενον.
1243 3730 1415 3783 Τοῦτο
1441 3730 1497 3783 δὲ
1526 3733 1554 3782 6
1576 3730 1709 3799 ὑμέ-

137 3842 287 3893 τερος
314 3824 444 3894 περὶ
476 3822 575 3875 τοῦ
600 3822 804 3892 Κυρίου
832 3821 1230 3884 κατασκευάζει
1253 3821 1428 3889 λόγος,
1456 3823 1484 3873 ὁ
1505 3822 1710 3892 κτίσμα

136 3912 265 3966 εἶναι
291 3912 684 3984 διοριζόμενος.
722 3912 927 3965 Οὐκοῦν
958 3912 1080 3965 καθ’
1113 3912 1275 3982 ὑμᾶς,
1308 3906 1353 3965 ὧ
1385 3911 1703 3980 σοφώτατοι,

138 4005 423 4077 ἀγέννητος
456 4006 487 4057 6
520 4004 830 4074 Μονογενὴς
863 4006 928 4057 ὲκ
960 4006 1058 4075 τῆς
1096 4004 1349 4076 τοιαύτης
1391 4006 1708 4071 ἀκολουθίας

138 4098 585 4169 ὁνομασθήσεται,
622 4098 683 4149 ού
717 4096 935 4150 κατὰτὸ
964 4096 1226 4167 ἡμέτερον
1259 4097 1460 4168 δόγμα·
1492 4098 1584 4152 καὶ¹
1614 4100 1707 4150 εὑ-

139 4190 377 4258 ρίσκεται
408 4191 541 4259 ὑμῖν
568 4189 603 4258 ἡ
628 4188 775 4257 δίκη,
802 4188 991 4257 ἥντινα
1035 4188 1128 4241 καὶ
1175 4188 1351 4256 λέγεις
1386 4188 1563 4260 δίκην,
1596 4191 1708 4252 τοῖς

136 4283 416 4353 ὑμετέροις
441 4279 564 4334 καθ’
596 4282 630 4350 ἡ
641 4279 756 4349 μῶν
782 4279 1199 4349 ἐπιψηφίζουσα.

200 4553 470 4622 Εὖκαιρον
505 4548 615 4620 γὰρ
649 4549 715 4600 ὲκ
741 4546 833 4600 τοῦ
868 4547 1125 4617 βορϐόρου
1158 4546 1265 4601 τῶν
1299 4549 1504 4602 ἐκεῖθεν
1535 4549 1708 4617 λόγων

137 4645 476 4717 προσπτύσαι
505 4645 572 4711 τῇ
616 4639 862 4710 βδελυρίᾳ
889 4640 983 4692 τοῦ
1008 4640 1276 4711 δόγματος
1295 4658 1307 4671 ·
1342 4643 1435 4694 κα)⁸
1474 4644 1584 4710 γὰρ
1614 4643 1707 4697 καὶ

134 4740 193 4790 τὰ
212 4739 400 4807 ἓτερον
424 4734 589 4805 μέρος
609 4731 717 4784 τῶν
744 4731 885 4785 κατά
910 4732 969 4784 τὸ
991 4732 1236 4802 δὶλημμα
1260 4734 1518 4787 τεθέντων
1538 4734 1706 4805 αὐτῷ,

136 4830 226 4899 τῆς
262 4830 385 4897 ἴσης
432 4827 615 4895 ἔχεται
662 4823 1061 4893 παραπληξίας.
1114 4825 1191 4877 Ἦ
1208 4825 1374 4893 μίαν,
1413 4826 1563 4895 φησι,
1607 4827 1704 4879 καὶ

135 4922 320 4989 μόνην
357 4916 629 4983 ἄναρχον
671 4913 1104 4981 ὁμολογοῦντες
1140 4915 1359 4967 οὐσίαν
1380 4955 1393 4979 ,
1424 4912 1549 4968 εἶτα
1579 4917 1707 4969 ταύ-

136 5028 242 5077 την
275 5012 365 5074 είς
397 5007 632 5070 Πατέρα
683 5003 779 5057 καί
817 5005 955 5056 Υἱὸν
1010 5003 1084 5072 τῇ
1126 5006 1404 5073 γεννήσει
1438 5005 1706 5075 περιγρά-

134 5119 364 5169 gerrae,
397 5099 593 5165 αὐτὴν
623 5098 757 5163 παρ’
780 5096 997 5163 ἑαυτῆς
1017 5097 1371 5167 γεγενῆσθαι
1398 5098 1510 5165 τὴν
1532 5099 1703 5168 ἀγέν-

132 5212 315 5259 mror
360 5192 583 5245 οὐσίαν
628 5185 872 5255 φήσετε.
922 5188 1017 5250 Τίς
1064 5187 1201 5256 αὕτη
1256 5189 1415 5241 πάλιν
1463 5191 1495 5259 ή
1552 5188 1710 5257 καινὴ

133 5282 519 5354 τερατολογίας
560 5278 674 5340 πῶς
724 5277 882 5338 αὑτός
930 5294 1014 5339 τις
1060 5277 1150 5343 ὑφ’
1188 5278 1378 5331 ἑαυτοῦ
1434 5281 1706 5347 γεννᾶται,

133 5378 320 5430 ἑαυτὸν
350 5373 571 5443 Πατέρα
608 5374 769 5441 ἔχων,
802 5371 890 5423 καὶ
922 5371 1045 5432 Υἱὸς
1074 5371 1264 5424 ἑαυτοῦ
1298 5372 1455 5424 πάλιν
1492 5374 1706 5443 γινόμε-

134 5484 261 5530 voc;
298 5467 393 5528 Τίς
447 5465 479 5533 ἡ
524 5464 753 5524 ναυτία;
788 5463 881 5523 Τίς
918 5463 950 5530 ἡ
1003 5461 1327 5530 παραφορά;
1375 5462 1705 5531 Στρέφεσθαι

134 5560 347 5619 ἑαυτοῖς
378 5557 467 5608 ἐπὶ
492 5556 552 5609 τὸ
580 5555 731 5607 κάτω
757 5552 846 5604 τὸν
871 5553 1084 5620 ὄροφον,
1112 5554 1204 5605 καὶ
1232 5554 1370 5623 ὑπὲρ
1390 5555 1627 5623 κεφαλῆς
1649 5556 1708 5608 τὸ

135 5648 330 5716 ἑόαφος
359 5648 535 5715 Exim;
574 5646 638 5696 Ὃ
671 5645 720 5695 οἱ
752 5643 856 5695 ὑπὸ
886 5643 1055 5713 μέθης
1086 5643 1522 5715 καρηϐαροῦντες
1559 5646 1707 5715 νομί-

139 5737 322 5802 ζουσι,
351 5740 446 5790 καὶ
474 5736 659 5806 βοῶσι,
696 5735 787 5788 καὶ
813 5733 1180 5794 διατείνονται,
1191 5736 1325 5805 μήτε
1354 5736 1450 5805 τὴν
1479 5736 1582 5806 γῆν
1610 5738 1700 5791 αύ-

138 5835 250 5895 τστς
282 5832 612 5899 πεπηγέναι,
653 5827 872 5896 φεύγειν
901 5846 956 5881 τε
989 5829 1080 5882 καὶ
1109 5829 1231 5892 τοὺς
1260 5829 1468 5900 τοίχους
1489 5871 1501 5895 ,
1530 5832 1621 5884 καὶ
1650 5832 1705 5882 ἐν

1812 3456 2126 3511 innascibili
2164 3455 2559 3524 subjiciuntur,
2607 3454 2724 3523 ipse
2756 3454 2919 3508 etiam
2950 3452 3121 3507 Filius
3161 3467 3383 3522 propne

1810 3549 2157 3605 innascibilis
2197 3546 2592 3601 nominabitur.
2626 3546 2762 3600 Cum
2799 3544 2945 3599 enim
2981 3545 3088 3596 alia
3132 3544 3380 3613 quaedam

1810 3648 2161 3710 generentur,
2194 3640 2300 3693 alia
2339 3639 2408 3692 ab
2438 3647 2554 3692 arte
2584 3635 2970 3699 conﬁciantur,
3014 3634 3147 3687 nihil
3177 3634 3378 3693 obstat.

1808 3730 2104 3801 quominus
2154 3730 2229 3795 id,
2280 3729 2425 3799 quod
2472 3744 2568 3797 per
2606 3728 3016 3798 generationem
3059 3740 3169 3785 non
3202 3726 3379 3779 subsi-

1810 3825 1925 3887 stit,
1954 3822 2192 3892 ingenite
2224 3821 2528 3876 subsistere
2557 3820 2825 3877 dicamus.
2859 3818 2973 3871 sola
3013 3816 3381 3885 generationis

1809 3911 2213 3984 signiﬁcatione
2238 3909 2607 3964 considerata.
2636 3906 2752 3961 Huc
2777 3921 2906 3960 vero
2934 3914 3111 3960 vestra
3134 3903 3379 3958 doctrina

1810 4005 2091 4067 collineat,
2126 4010 2315 4072 utpote
2348 4017 2473 4069 qua;
2500 3999 2788 4052 Dominum
2825 3995 3093 4051 creaturis
3116 4010 3378 4047 annume-

1809 4106 1913 4151 ret.
1956 4096 2124 4166 Igitur
2154 4094 2456 4149 secundum
2492 4109 2609 4150 vos.
2647 4106 2678 4143 o
2709 4088 3130 4158 sapientissimi,
3174 4086 3376 4152 Unigc-

1810 4190 1960 4245 nitus
1992 4187 2272 4257 ingenitus
2314 4202 2378 4240 ex
2423 4184 2516 4237 tali
2555 4183 2945 4237 consecutione
2990 4180 3376 4237 nominabitur,

1809 4297 1917 4335 non
1967 4296 2034 4334 ex
2065 4279 2319 4349 dogmate
2364 4285 2551 4331 nostro
2588 4295 2599 4329 :
2631 4282 2686 4329 et
2727 4274 2805 4328 sic
2831 4271 3046 4341 justitia
3090 4287 3184 4326 seu
3251 4272 3377 4326 Dice

1812 4372 1915 4442 (sic
1947 4371 2092 4426 enim
2120 4368 2429 4440 appellatis)
2485 4373 2680 4420 contra
2718 4379 2819 4419 nos
2843 4379 2907 4419 ex
2935 4363 3134 4416 vestris
3169 4370 3381 4416 sentcn-

1813 4465 1941 4518 tiam
1976 4464 2202 4534 profert.
2698 4478 2701 4479 '

1880 4554 2251 4625 Opportunum
2280 4550 2389 4621 jam
2423 4557 2634 4618 tempus
2670 4557 2773 4612 est,
2794 4555 2852 4600 ut
2881 4563 2944 4601 ex
2974 4546 3229 4600 sordibus
3260 4560 3381 4597 ora-

1812 4645 2605 4711 tioniseluctati,conspuamus
2619 4640 2796 4710 ipsum
2815 4640 3376 4708 cxsecrabiledogma:

1811 4753 1937 4792 nam
1966 4745 2021 4793 et
2050 4737 2221 4789 altera
2252 4749 2380 4804 pars
2433 4748 2642 4796 eorum,
2688 4748 2809 4801 quae
2841 4748 2939 4801 per
2967 4732 3220 4785 dilemma
3252 4746 3379 4799 pro-

1805 4828 1955 4890 tulit.
1981 4828 2145 4883 simili
2175 4827 2394 4881 vesania
2423 4834 2659 4880 tenetur.
2694 4825 2781 4877 Ait
2810 4825 2981 4889 enim,
3038 4825 3116 4876 vel
3146 4838 3304 4875 unam
3331 4833 3379 4874 et

1804 4920 1974 4974 solam
2048 4920 2295 4987 principii
2344 4925 2608 4986 expertem
2667 4916 3017 4970 substantiam
3071 4923 3375 4973 statuentes.

1804 5021 2206 5082 eamquepostea
2242 5011 2401 5063 Patre
2431 5020 2478 5062 et
2517 5009 2656 5061 Filio
2681 5007 3189 5065 circumscribenles,
3212 5007 3378 5071 ipsum

1804 5104 2169 5158 innascibilem
2198 5104 2551 5157 substantiam
2593 5121 2623 5154 α
2664 5103 2837 5170 seipsa
2891 5110 3206 5153 natamcssc
3231 5115 3375 5151 assc—

1802 5199 1941 5251 ritis.
1979 5198 2109 5262 Qua:
2136 5206 2219 5251 est
2245 5196 2348 5251 ista
2384 5197 2580 5249 iterum
2608 5196 2743 5249 adeo
2782 5210 2919 5247 nova
2943 5190 2994 5247 ct
3031 5204 3377 5245 monstruosa

1812 5290 2026 5345 oratio?
2068 5289 2351 5354 Quomodo
2401 5288 2598 5357 aliquis
2654 5304 2683 5340 a
2741 5289 2922 5357 scipso
2984 5288 3244 5348 nascitur,
3295 5288 3377 5339 sui

1814 5383 1988 5452 ipsius
2038 5380 2195 5435 Pater
2234 5380 2431 5439 lactus.
2468 5395 2518 5435 ct
2574 5396 2764 5435 rursus
2823 5380 2905 5434 sui
2969 5380 3139 5449 ipsius
3171 5377 3380 5432 Filius?

1816 5474 1947 5540 Quae
1978 5482 2061 5527 est
2099 5472 2213 5525 lucc
2245 5472 2482 5525 nausea?
2515 5486 2635 5539 quae
2654 5470 2928 5523 amentia?
2968 5477 3169 5523 tectum
3204 5469 3377 5526 humi,

1805 5575 1860 5621 et
1890 5565 2256 5633 pavimentum
2287 5577 2453 5631 supra
2484 5570 2649 5631 caput
2706 5562 2997 5623 collocare,
3050 5560 3195 5630 quod
3237 5560 3376 5614 ebrii

1806 5656 1985 5725 capite
2012 5655 2217 5724 gravati
2246 5653 2348 5709 sibi
2380 5654 2661 5721 obtingere
2699 5660 3007 5713 autumant,
3034 5653 3125 5721 qui
3179 5652 3378 5706 vocife—

1805 5752 1994 5799 rantur
2032 5754 2084 5799 ct
2142 5744 2485 5814 pertentlunt.
2544 5758 2718 5812 neque
2773 5750 2969 5794 terram
3014 5743 3113 5796 sibi
3170 5743 3375 5795 ﬁrmam

1805 5835 2363 5902 consistcrcmarietcs
2394 5833 2599 5901 fugere,
2640 5836 2688 5886 in
2724 5833 3109 5888 orhmnomnia
3139 5833 3374 5888 circum.
