3922 6462
603 370 711 429 ωδ

1859 380 1916 437 S.
1961 379 2289 436 GREGURII
2328 378 2623 436 NYSSENI

3722 386 3801 441 τίοί

604 490 713 558 agi,
767 504 867 544 nec
926 506 1049 561 qua:
1083 502 1347 562 apparent
1378 494 1561 564 quiete
1596 497 1702 549 ulla
1726 498 1979 551 stabiliri.
2017 496 2175 552 Forte

2280 496 2463 567 κύκλῳ
2506 496 2897 568 περιδινεῖσθαι
2931 498 2999 549 τά
3042 495 3237 556 πάντα,
3288 495 3379 548 καὶ
3416 496 3663 566 μηδεμίαν
3690 498 3801 567 ἔχειν

606 582 699 633 tali
762 592 898 637 astu
976 586 1283 642 concitatus
1358 589 1577 658 scripsit
1652 590 1983 645 declamator
2057 607 2177 661 quae

603 673 844 741 scripsit,
880 675 975 745 qui
1006 677 1383 733 misericordia
1413 685 1583 749 magis
1625 698 1787 750 quam
1820 682 2177 738 detestatione

602 760 799 831 dignus
827 776 931 819 est.
951 765 1083 831 Quis
1105 769 1248 822 enim
1270 785 1439 841 usque
1462 772 1595 825 adeo
1623 773 1930 826 divinorum
1954 775 2175 844 dogma-

604 860 718 906 tum
737 855 888 910 rudis
907 865 1013 921 est,
1036 860 1157 928 quis
1176 861 1243 913 ab
1262 861 1514 917 Ecclesia:
1541 862 1789 916 doctrina
1814 875 1921 919 tam
1942 866 2173 928 alienus.

606 952 666 997 ut
716 945 1030 1016 bujusmodi
1092 951 1213 1005 ﬁdei
1277 953 1560 1009 adversam
1596 958 2056 1011 existimationem
2119 959 2173 1012 in

604 1035 847 1092 animum
884 1057 1042 1098 suum
1086 1045 1364 1099 admittat?
1418 1048 1525 1103 imo
1554 1052 1735 1118 potius
1800 1050 1940 1105 forte
1982 1052 2173 1106 dicen-

605 1126 733 1180 dum
758 1130 881 1193 erit,
918 1134 1187 1187 neminem
1232 1146 1499 1205 repertum
1534 1142 1618 1194 iri.
1647 1142 1733 1194 cui
1772 1143 1854 1195 vel
1914 1143 2044 1197 levis
2084 1159 2175 1197 su-

606 1219 779 1288 spicio
809 1221 877 1276 de
908 1224 1002 1276 tali
1046 1226 1383 1283 absurditate
1411 1232 1695 1287 oboriatur
1726 1252 1737 1286 :
1802 1250 1928 1288 nam
1967 1235 2091 1303 quis
2119 1236 2172 1289 in

606 1319 797 1365 natura
830 1313 1085 1381 humana,
1118 1320 1197 1373 vel
1223 1321 1327 1373 alia
1349 1323 1601 1392 quapiam
1629 1341 1686 1378 re
1723 1326 1880 1381 nobis
1911 1342 2173 1381 sensuum

605 1402 907 1458 ministerio
938 1414 1085 1472 nota,
1121 1426 1244 1464 eutn
1296 1423 1501 1469 natura:
1532 1418 1970 1472 communionem
1998 1419 2171 1483 audit,

606 1494 859 1565 principii
887 1501 1128 1567 expertia
1155 1505 1337 1558 omnia
1362 1506 1449 1558 illa
1478 1507 1671 1572 credit,
1713 1525 1833 1578 qua:
1854 1502 2177 1565 substantiae

606 1586 811 1641 ambitu
842 1592 1205 1658 continentur,
1263 1608 1356 1650 aut
1391 1598 1593 1666 aliquid
1626 1617 1687 1653 ex
1754 1604 1933 1670 seipso
1978 1604 2129 1657 nasci
2159 1623 2172 1659 :

605 1687 659 1731 et
686 1697 942 1747 generare
969 1684 1131 1738 simul
1165 1688 1425 1757 seipsutn,
1452 1700 1507 1745 et
1539 1709 1566 1745 ιι
1604 1694 1783 1759 seipso
1807 1697 2054 1764 generari
2096 1712 2180 1749 as-

606 1774 775 1828 serit?

677 1865 896 1923 Primus
945 1870 1126 1935 homo,
1186 1880 1238 1925 et
1269 1874 1361 1940 qui
1397 1890 1461 1927 ex
1501 1874 1591 1927 illo
1618 1875 1833 1943 genitus
1883 1885 1966 1931 est
1997 1877 2172 1947 (Abel)

604 1959 973 2017 diversimode
1007 1978 1166 2017 suum
1216 1979 1339 2019 esse
1374 1965 1554 2034 adepti
1598 1975 1746 2029 sunt,
1790 1966 1927 2020 alter
1957 1968 2174 2037 quidem

604 2063 671 2103 ex
726 2050 1111 2118 conjunctione
1133 2062 1445 2123 parentum,
1474 2057 1610 2110 alter
1672 2072 1799 2110 vero
1851 2074 1918 2111 ex
1978 2058 2176 2113 forma-

607 2140 755 2192 tione
810 2149 989 2205 terrae,
1016 2150 1069 2197 et
1128 2152 1306 2198 tamen
1360 2145 1468 2199 duo
1500 2163 1622 2202 esse
1666 2157 1981 2215 censentur,
2017 2165 2080 2204 ac
2121 2152 2174 2205 in

609 2233 819 2288 ratione
851 2243 905 2288 et
943 2234 1165 2291 notione
1194 2239 1517 2294 substantia:
1546 2248 1737 2296 mutuo
1767 2258 1875 2296 non
1911 2258 2173 2313 separan-

607 2332 716 2391 tur,
752 2340 927 2395 neque
977 2328 1114 2383 duas
1141 2330 1477 2387 substantias
1510 2334 1761 2403 principii
1790 2346 2041 2405 expertes
2071 2338 2175 2391 sibi

604 2418 851 2485 opposite
891 2419 1182 2487 productas
1245 2426 1608 2491 appellamus,
1674 2443 1850 2496 neque
1883 2445 2009 2483 eum
2077 2430 2172 2500 qui

605 2518 709 2572 est,
767 2510 836 2565 ab
896 2512 989 2566 illo
1047 2515 1138 2582 qui
1196 2524 1315 2575 est.
1377 2519 1621 2586 generari
1680 2519 1937 2585 dicimus,
1999 2538 2176 2592 neque

606 2619 773 2656 unum
824 2620 923 2674 pro
959 2606 1176 2662 duobus
1212 2608 1495 2674 habemus,
1536 2614 1992 2680 quemadmodum
2050 2632 2175 2686 por-

606 2694 941 2765 tentiloquus
984 2699 1085 2753 iste
1148 2699 1299 2763 facit,
1354 2710 1412 2755 ut
1456 2704 1539 2757 sui
1596 2707 1769 2773 ipsius
1832 2716 2066 2776 pitrem,
2120 2718 2175 2763 et

605 2803 796 2842 rursus
855 2791 936 2843 sui
974 2790 1146 2859 ipsius
1209 2795 1379 2849 tilium
1445 2804 1736 2865 utrumque
1788 2799 2170 2854 azstimemus:

611 2880 856 2935 homines
886 2882 1031 2937 enim
1060 2892 1207 2949 sunt,
1234 2896 1287 2939 et
1308 2886 1414 2948 hic,
1448 2896 1500 2940 et
1535 2888 1641 2951 ille,
1669 2898 1722 2942 et
1752 2890 1890 2944 ratio
1918 2891 2175 2946 substan-

606 2973 693 3026 tiae
732 2973 999 3029 ambobus
1026 2976 1333 3031 communis
1366 2986 1470 3033 est.
1510 2977 1751 3034 Mortalis
1794 2989 2043 3051 uterque,
2083 2998 2173 3036 ra-

607 3066 750 3117 tione
782 3066 1041 3133 prteditus
1073 3068 1378 3135 aequaliter,
1416 3072 1613 3124 mentis
1648 3080 1701 3124 et
1729 3073 1972 3128 scientiae
2001 3090 2172 3145 capax

2279 588 2346 639 τά
2376 588 2673 657 φαινόμενα
2718 589 2925 641 στάσιν.
2960 589 3111 657 Τάχα
3145 587 3321 640 τοίνυν
3358 589 3415 640 ὲν
3439 587 3649 658 τοιούτῳ
3687 592 3801 657 σάλῳ

2277 680 2375 749 τὴν
2402 679 2578 749 ψυχὴν
2606 679 2742 749 ἔχων
2765 681 2792 731 ὁ
2819 679 3172 749 λογογράφος.
3205 678 3502 749 συνέγραφε
3521 695 3534 707 ⁸
3566 680 3651 732 καὶ
3669 680 3801 732 ἐλεεῖν

2280 772 2545 841 προσήκει
2586 771 2785 840 μᾶλλον
2839 772 2931 823 ἐπὶ
2980 773 3089 832 τοῖς
3133 771 3531 841 γεγραμμένοις
3583 770 3800 839 αὐτὸν,ἣ

2279 863 2673 932 βδελύττεσθαι.
2719 863 2813 926 Τίς
2862 862 2968 933 γάρ
3016 862 3158 915 οὕτω
3209 862 3315 915 τῶν
3367 860 3525 913 θείων
3564 861 3800 931 δογμάτων

2284 958 2549 1026 ἀνήκοος;
2585 957 2681 1018 Τίς
2711 955 2853 1008 οὕτω
2888 956 3075 1025 πόρρω
3100 954 3207 1007 τῶν
3234 954 3331 1024 τῆς
3386 952 3687 1023 Ἐκκλησίας
3722 972 3802 1023 μυ-

2286 1046 2521 1116 στηρίων
2567 1048 2747 1111 ἐστὶν,
2780 1045 2855 1108 ὼς
2886 1046 2983 1114 τὴν
3027 1045 3281 1114 τοιαύτην
3328 1044 3528 1097 ἔννοιαν
3568 1043 3693 1095 κατὰ
3726 1043 3803 1112 τῆς

2283 1138 2517 1201 πίστεως
2542 1138 2794 1202 δέξασθαι
2815 1180 2829 1200 ,
2864 1136 3079 1191 Μᾶλλον
3111 1136 3168 1188 δὲ
3204 1135 3395 1205 μικρὸν
3428 1136 3554 1197 ἴσως
3583 1134 3638 1186 τὸ
3665 1133 3804 1185 τοιοῦ-

2280 1244 2371 1279 τον
2399 1228 2595 1295 λέγειν,
2626 1229 2687 1281 τὸ
2720 1228 2920 1298 μηδένα
2945 1227 3084 1280 κατά
3107 1228 3206 1296 τῆς
3240 1227 3473 1288 πίστεως
3497 1225 3589 1295 τὴν
3616 1226 3803 1277 ἀτοπίαν

2280 1317 2485 1389 ταύτην
2534 1319 2863 1389 ὑπονοῆσαι·
2914 1318 3049 1371 ἀλλά
3094 1318 3173 1380 τίς
3225 1318 3316 1370 ἐπὶ
3362 1320 3461 1386 τῆς
3508 1316 3803 1387 ἀνθρωπίνης

2284 1407 2518 1475 φύσεως.
2550 1408 2583 1479 ἢ
2617 1409 2776 1463 ἄλλου
2808 1409 2949 1472 τινος
2979 1409 3087 1462 τῶν
3122 1408 3188 1460 δι’
3222 1408 3525 1478 αἰσθήσεως
3565 1406 3801 1476 καταλαμο

2283 1500 2623 1570 ὅανομένων,
2657 1502 2872 1555 ἐπειδὰν
2899 1501 2962 1555 τὸ
2989 1501 3163 1555 κοινὸν
3197 1502 3295 1572 τῆς
3331 1501 3515 1564 οὐσίας
3544 1499 3799 1569 undamn

2281 1591 2489 1661 ἄναρχα
2516 1592 2730 1646 ὑπονοεί
2754 1594 2928 1647 πάντα
2954 1594 3054 1647 ὅσα
3079 1594 3156 1663 τῷ
3180 1593 3324 1663 λόγῳ
3347 1593 3446 1663 τῆς
3478 1593 3651 1653 οὐσίας
3672 1591 3801 1661 ἀλλή·

2283 1682 2393 1746 λοις
2430 1685 2785 1755 συμφέρεται,
2814 1684 2847 1755 ἢ
2874 1685 3003 1738 αὐτό
3025 1702 3076 1738 τι
3102 1686 3160 1752 ἐξ
3188 1684 3384 1738 ἑαυτοῦ
3413 1683 3643 1752 γίνεσθαι
3665 1681 3797 1749 λέγει,

2211 1814 2253 1868 Β
2284 1775 2375 1827 καὶ
2419 1774 2622 1828 τίκτειν
2653 1776 2766 1846 ἅμα
2809 1777 2969 1829 ἑαυτὸ
3016 1777 3110 1829 xui.
3158 1777 3245 1844 ὑφ’
3289 1776 3479 1829 ἑαυτοῦ
3521 1774 3799 1868 γεννᾶσθσω

2365 1867 2421 1919 '0
2454 1866 2667 1937 πρῶτος
2699 1867 3002 1937 ἄνθρωπος,
3043 1869 3136 1921 καὶ
3181 1870 3208 1921 6
3242 1866 3301 1932 ἐξ
3344 1868 3547 1921 ἐκείνου
3588 1864 3798 1935 γεγονὼς,

2277 1955 2546 2025 διαφόρως
2593 1958 2840 2029 ἑκάτεροι
2870 1958 2933 2011 τὸ
2975 1953 3112 2012 εἶναι
3156 1958 3389 2029 ἔχοντες,
3419 1961 3447 2011 6
3477 1958 3570 2027 μὲν
3607 1959 3663 2008 ἐκ
3705 1972 3801 2007 συν-

2276 2048 2516 2118 δυασμοῦ
2550 2050 2655 2103 τῶν
2685 2052 2915 2118 γονέων,
2952 2054 2979 2104 ὁ
3005 2052 3061 2104 δὲ
3103 2055 3168 2105 ἐκ
3207 2052 3309 2121 τῆς
3336 2050 3430 2103 τοῦ
3460 2048 3675 2121 Χριστοῦ
3700 2048 3801 2101 δια-

2278 2140 2546 2202 πλάσεως,
2578 2141 2671 2193 καί¹
2698 2142 2790 2193 δύο
2810 2138 2947 2194 εἷναι
2977 2142 3347 2205 πιστεύονται,
3378 2142 3471 2195 καὶ
3490 2140 3561 2211 τῷ
3584 2140 3708 2209 λόγῳ
3727 2138 3802 2205 τῆς

2276 2230 2462 2292 οὐσίας
2484 2230 2577 2285 ἀπ’
2599 2231 2840 2302 ἀλλήλων
2864 2233 2923 2285 οὐ
2950 2233 3341 2304 διασχίζονταιο
3369 2234 3461 2286 καὶ
3482 2232 3595 2285 οὐτε
3618 2232 3801 2300 ἄναρχοι

2276 2322 2368 2374 δύο
2394 2324 2572 2375 οὐσίαι
2600 2325 2854 2395 ἀλλήλαις
2878 2325 3406 2395 ἀντιπαρεξάγεσθαι
3434 2325 3680 2392 λέγονται,
3703 2322 3801 2374 οὔτε

2278 2409 2357 2477 εἷς
2389 2416 2437 2466 οί
2469 2414 2561 2466 δύο
2590 2416 2719 2468 ποτὲ
2744 2416 3040 2487 ὲνοήθησαν
3071 2420 3126 2469 ὲν
3158 2421 3224 2488 τῇ
3252 2415 3475 2486 τοιαύτῃ
3500 2412 3801 2486 τερατολογίᾳ

2278 2508 2369 2561 τοῦ
2411 2507 2604 2575 λόγου.
2653 2508 2727 2572 ὡς
2771 2508 2962 2561 ἑαυτοῦ
3034 2510 3244 2577 πατέρα
3307 2509 3403 2562 καὶ
3453 2508 3629 2561 ἑαυτοῦ
3672 2508 3801 2559 πάλιν

2278 2602 2391 2654 υἱὸν
2433 2600 2773 2671 ἀμφοτέρους
2806 2598 3155 2670 νομίζεσθαι*
3188 2599 3473 2672 ἄνθρωπος
3501 2601 3601 2671 γὰρ
3628 2600 3707 2652 καὶ
3733 2594 3802 2651 οἱ·

2277 2692 2685 2754 τος·⁶κάκεῖνο,
2718 2692 2812 2744 καὶ
2843 2693 2871 2744 6
2927 2692 3082 2760 λόγος
3122 2692 3222 2762 τῆς
3266 2693 3452 2755 οὐσίας
3485 2694 3570 2745 ἐπὶ
3612 2691 3705 2744 τῶν
3730 2689 3800 2741 δύο

2276 2782 2480 2847 κοινὸς,
2520 2783 2710 2853 θνητὸς
2761 2785 3054 2855 ἑκάτερος,
3088 2784 3303 2852 λογικὸς
3345 2784 3570 2855 ὁμοίως,
3616 2780 3693 2835 νοῦ
3729 2780 3801 2833 καὶ

2277 2877 2587 2946 ἐπιστήμης
2614 2876 2857 2940 δεκτικὸς
2892 2877 3171 2940 ὡσαύτως.
3208 2878 3271 2931 Εἰ
3307 2874 3401 2931 οὖν
3440 2878 3468 2929 6
3500 2880 3591 2945 τῆς
3624 2873 3799 2943 ἀνθρωο

2278 2966 2507 3035 πότητος
2555 2966 2709 3034 λόγος
2757 2969 2848 3020 ἐπὶ
2898 2967 2991 3021 τοῦ
3046 2968 3215 3037 Ἀδὰμ
3274 2969 3371 3022 καὶ
3420 2968 3510 3021 τοῦ
3552 2964 3699 3019 Ἀϐελ
3739 2962 3800 3031 τῷ

2282 3058 2723 3130 παρηλλαγμένῳ
2772 3061 2869 3129 τῆς
2928 3063 3234 3130 γεννήσεως
3288 3062 3388 3131 οὐχ
3452 3058 3800 3113 ὐπαλλάσσεται

604 3154 882 3209 εἰιιιίιίιοι·.
911 3155 965 3208 Si
1000 3156 1164 3225 igitur
1193 3159 1333 3212 ratio
1362 3168 1570 3213 naturae
1615 3162 1865 3216 humana:
1892 3165 1944 3218 in
1970 3166 2175 3221 Adamo

2282 3151 2554 3222 (οὐδεμίαν
2600 3150 2723 3203 οὔτε
2770 3151 2867 3221 τῆς
2919 3153 3144 3219 τάξεως,
3181 3152 3302 3206 οὔτε
3356 3152 3447 3205 τοῦ
3497 3150 3680 3220 τρόπον
3726 3150 3801 3213 τῆς

604 3247 658 3292 et
691 3242 875 3303 Abele.
909 3243 980 3298 ob
1013 3245 1220 3299 varium
1276 3250 1641 3316 generationis
1674 3252 1915 3314 modum,
1947 3271 2054 3308 non
2084 3273 2178 3311 va-

610 3333 801 3397 riatur,
832 3334 1035 3387 nullam
1053 3352 1226 3405 neque
1245 3337 1438 3393 ordine
1462 3356 1637 3404 neque
1663 3342 1821 3398 modo
1841 3346 2177 3403 exsistentiaa

608 3427 961 3480 mutationem
993 3436 1200 3481 natura:
1252 3428 1548 3485 inferente:
1577 3434 1683 3487 sed:
1706 3434 1959 3489 similiter
1994 3440 2177 3493 omnia

606 3532 729 3570 sese
760 3517 981 3583 habent,
1018 3523 1295 3574 communi
1350 3522 1594 3575 omnium
1640 3540 1851 3591 eorum,
1884 3528 1976 3597 qui
2008 3531 2178 3585 sobrii

606 3616 757 3670 sunt,
799 3609 1055 3680 sulfragio
1074 3619 1128 3666 et
1163 3628 1390 3668 aSsensu
1429 3634 1441 3668 :
1503 3632 1681 3685 neque
1712 3620 1877 3682 ullus,
1934 3622 2025 3690 qui
2068 3639 2177 3679 non

605 3699 954 3755 vehementer
978 3701 1254 3758 hellebore
1286 3714 1462 3776 egeat,
1495 3718 1757 3777 repugnet
1784 3726 1798 3763 :
1833 3727 1955 3780 quae
1987 3729 2179 3770 neces-

605 3795 741 3849 sitas
768 3796 904 3851 istos
936 3798 1099 3867 cogit,
1132 3807 1191 3852 ut
1238 3800 1291 3854 in
1343 3812 1535 3855 natura
1565 3802 1769 3870 divina,
1806 3806 2175 3876 prodigiosum

604 3889 748 3942 istud
784 3901 1149 3944 commentum
1179 3893 1640 3949 architectentur?
1664 3895 1877 3951 Patrem
1903 3909 1954 3953 et
1980 3898 2176 3955 Filium

604 3979 854 4035 veritatis
892 3996 1025 4037 voce
1076 3998 1201 4036 cum
1251 3984 1527 4049 audimus,
1581 3987 1637 4040 in
1666 3986 1878 4045 duabus
1908 3992 2177 4060 subjectis

606 4073 855 4141 personis
887 4074 1153 4129 unitatem
1185 4084 1390 4130 naturae
1419 4078 1595 4133 edocti
1628 4095 1840 4142 sumus.
1878 4099 1905 4136 a
1938 4084 2172 4138 voeabu-

606 4164 673 4218 lis
712 4167 1033 4219 naturaliter
1090 4176 1309 4237 pr0pter
1360 4179 1603 4224 mututun
1637 4173 1703 4225 ad
1737 4188 1797 4227 se
1849 4185 2176 4244 respectum,

606 4254 987 4323 signiﬁcatam,
1050 4266 1103 4311 et
1155 4257 1223 4310 ab
1256 4257 1374 4326 ipso
1402 4257 1615 4315 Domini
1656 4264 1991 4318 testimonio.
2045 4264 2176 4321 Nam

605 4344 697 4412 qui
730 4343 865 4398 dixit
900 4364 912 4398 :
942 4345 1049 4415 Ego
1088 4356 1136 4400 et
1165 4347 1322 4402 Pater
1359 4366 1518 4403 unum
1543 4355 1786 4407 sumus”
1810 4396 1823 4419 ,
1864 4356 1994 4425 quid
2034 4358 2179 4413 aliud

608 4432 831 4494 iudicat,
864 4434 968 4488 nisi
1024 4451 1082 4489 se
1115 4435 1292 4491 Patris
1341 4440 1614 4494 mentione
1670 4440 1833 4504 facta,
1897 4446 2157 4515 principii

604 4536 877 4594 expertem
907 4540 1013 4580 non
1054 4542 1195 4591 esse,
1247 4544 1413 4598 seque
1450 4546 1572 4583 cum
1611 4534 1800 4588 eodem
1830 4552 2176 4593 communem

606 4626 858 4671 naturam
892 4619 1111 4681 habere,
1160 4630 1381 4690 propter
1412 4626 1666 4680 unionem
1698 4644 1821 4680 eum
1880 4629 2075 4684 Patre?
2114 4631 2179 4686 Ut

604 4711 910 4765 existimem
934 4713 1204 4780 praedictis
1230 4712 1430 4769 Christi
1452 4718 1635 4771 verbis
1653 4720 1719 4773 ab
1742 4723 2085 4778 exerratione
2112 4726 2179 4779 ad

606 4810 899 4872 utrumque
933 4812 1260 4870 extremum,
1297 4822 1485 4861 sanam
1532 4809 1835 4865 doctrinam
1883 4815 1935 4867 in
1964 4830 2062 4869 sua
2092 4832 2184 4885 pu-

605 4898 767 4950 ritate
794 4900 1128 4962 conservari,
1164 4906 1222 4952 ut
1242 4915 1418 4969 neque
1444 4902 1666 4958 Sabellii
1727 4920 1883 4960 error
1915 4922 2178 4985 persona-

606 5005 727 5043 rum
760 4990 1169 5047 distinctionem
1200 5001 1253 5046 et
1285 4996 1667 5064 proprietatem
1695 5014 1725 5053 e
1761 5000 1938 5052 medio
1958 5002 2178 5068 tollens,

603 5082 783 5135 locum
834 5082 1096 5148 inveniat,
1133 5100 1256 5139 cum
1291 5086 1617 5155 Unigenitus
1650 5103 1834 5159 aperte
1861 5109 1981 5147 sese
2010 5111 2039 5149 a
2072 5095 2176 5151 Pa-

604 5183 688 5228 tre
718 5173 1082 5237 discriminet,
1130 5176 1258 5229 dum
1291 5178 1366 5231 ait
1401 5176 1544 5247 :Ego
1597 5190 1645 5232 et
1685 5180 1843 5233 Pater
1888 5202 2048 5237 unum
2086 5204 2179 5240 su-

604 5280 719 5315 mus
756 5278 775 5315 :
813 5279 986 5332 neque
1014 5266 1177 5319 etiam
1228 5268 1341 5319 Arii
1392 5269 1636 5335 perlitlza,
1674 5274 1903 5325 alienam
1941 5286 1994 5327 et
2025 5293 2181 5345 pere-

603 5356 814 5424 grinam
850 5370 1098 5409 naturam
1152 5358 1517 5425 iutroducens,
1559 5366 2003 5431 approbationem
2065 5385 2177 5421 mc-

608 5456 808 5507 reatur,
846 5448 1275 5518 uniuscujusque
1327 5452 1536 5504 unitate
1594 5456 1794 5506 nullam
1862 5458 2078 5525 penitus
2123 5460 2175 5512 in

606 5548 799 5593 natura
829 5538 1153 5596 divisionem
1185 5542 1521 5597 admittente.
1578 5545 1718 5599 Nihil
1747 5549 1892 5601 enim
1944 5550 2089 5605 aliud
2121 5553 2174 5606 in

606 5630 707 5684 bac
735 5632 983 5686 oratione
1011 5649 1103 5702 per
1131 5636 1393 5690 unitatem
1426 5636 1604 5692 Patris
1643 5648 1693 5692 et
1726 5638 1849 5695 Filii
1903 5642 2178 5713 signiﬁca.

688 5807 724 5840 ⁵³
753 5808 904 5862 εἰοιω.
941 5828 991 5873 κ,
1034 5812 1100 5865 30

2280 3242 2569 3312 ὑπάρξεως
2604 3247 2670 3315 τῇ
2712 3243 2869 3312 φύσει
2908 3244 3005 3312 τὴν
3042 3244 3397 3315 παραλλαγὴν
3436 3240 3800 3313 ἐμποιούντων),

2278 3335 2391 3389 ἀλλ’
2428 3334 2687 3399 ὡσαύτως
2721 3336 2876 3407 ἔχεινλ
2899 3340 2964 3408 τῇ
3002 3340 3151 3407 κοινῇ
3184 3338 3291 3390 τῶν
3328 3337 3597 3409 νηφόντων
3633 3349 3801 3400 συγκα-

2277 3429 2492 3481 ταθέσει
2520 3430 2913 3499 διωμολόγηται
2949 3430 3074 3497 (καὶ
3097 3430 3268 3493 οὐδεὶς
3290 3431 3529 3483 ἀντείποι
3547 3429 3717 3497 τούτῳ,
3745 3425 3803 3495 μὴ

2280 3521 2484 3592 σφόδρα
2514 3521 2605 3574 τοῦ
2635 3520 2918 3592 ἐλλεϐόρου
2954 3521 3239 3591 δεόμενος)
3260 3538 3273 3551 ⁸
3298 3524 3383 3585 τίς
3412 3524 3443 3592 ἡ
3469 3522 3664 3589 ἀνάγκη
3691 3516 3802 3570 κατά

2276 3611 2373 3680 τῆς
2423 3610 2570 3675 Θείας
2610 3610 2823 3680 φύσεως
2864 3610 2926 3663 16
2971 3612 3276 3683 παράλογον
3330 3612 3487 3665 τοῦτο
3512 3614 3603 3680 τῆς
3634 3606 3802 3667 ἐννοίας

2278 3704 2811 3769 κατασκευάζεσθαις
2875 3705 3091 3776 Πατέρα
3174 3706 3266 3758 καὶ
3326 3706 3471 3757 σΥίὸν
3529 3702 3663 3771 παρά
3723 3697 3802 3764 τῆς

2277 3795 2529 3865 ἀληθείας
2560 3796 2887 3859 ἀκούσαντες
2912 3835 2926 3858 ,
2965 3798 3022 3848 ἐν
3059 3796 3150 3850 δύο
3182 3799 3291 3859 τοῖς
3325 3794 3687 3866 ὑποκειμένοις
3723 3790 3801 3856 τὴν

2279 3890 2501 3958 ἑνότητα
2529 3889 2627 3959 τῆς
2649 3888 2859 3957 φύσεως
2892 3889 3265 3959 ἐδιδάχθημεν,
3294 3891 3399 3943 ὑπό
3426 3907 3485 3942 τε
3515 3888 3615 3942 τῶν
3642 3883 3803 3953 ὀνομά-

2277 3997 2383 4032 των
2411 3980 2650 4048 φυσικῶς
2673 3980 2759 4034 διά
2789 3982 2887 4051 τῆς
2922 3982 3058 4052 πρὸς
3098 3982 3300 4050 ἄλληλα
3330 3982 3559 4052 σχέσεως
3585 3991 3801 4049 σημαινο-

2282 4070 2594 4141 μένης,νκαὶ
2631 4074 2722 4124 ὐπ’
2765 4073 2934 4143 αὐτῆς
2966 4074 3124 4126 πάλιν
3160 4075 3256 4143 τῆς
3286 4072 3379 4125 τοῦ
3411 4072 3607 4143 Κυρίου
3635 4070 3799 4138 φωνῆς.

2292 4161 2348 4211 '0
2374 4162 2481 4231 γὰρ
2508 4159 2697 4223 εἰπὼν,
2734 4160 2881 4229 Ἐγὼ
2902 4160 2999 4214 καί
3023 4164 3055 4215 ό
3076 4162 3278 4229 Πατὴρ
3305 4161 3376 4214 ἓν
3398 4159 3657 4230 capt-v.15
3683 4156 3800 4215 ἄλλον

2280 4250 2311 4319 ἦ
2344 4250 2404 4303 τό
2433 4268 2491 4303 τε
2529 4252 2602 4322 μὴ
2634 4253 2865 4323 ἄναρχον
2897 4250 3089 4303 ἑαυτοῦ
3122 4250 3209 4303 διὰ
3237 4252 3337 4319 τῆς
3369 4252 3461 4304 τοῦ
3492 4248 3682 4319 [la-:96;
3703 4245 3803 4312 ὁμο-

2278 4341 2464 4410 λογίας
2486 4344 2840 4415 παρίστησιν,
2868 4344 2962 4396 καὶ
2986 4344 3046 4395 τὸ
3076 4342 3249 4396 κοινὸν
3276 4343 3375 4411 τῆς
3405 4343 3607 4411 φύσεως
3632 4336 3708 4391 διὰ
3728 4334 3803 4401 τῆς

2281 4433 2413 4503 πρὸς
2443 4434 2534 4486 τὸν
2574 4432 2790 4503 Πατέρα
2829 4434 3097 4502 ὲνότητος,
3135 4432 3209 4494 ὡς
3240 4432 3303 4484 ἂν
3326 4426 3597 4502 Oti-“had
3618 4427 3711 4479 τῶν
3746 4425 3805 4522 εἶ’

2211 4515 2253 4569 Ῐ)
2286 4528 2532 4596 ρημένων
2555 4526 2656 4596 τῆς
2682 4528 2765 4595 ἐφ’
2793 4525 3026 4595 ἑκατέρᾳ
3057 4526 3165 4578 τῶν
3187 4524 3444 4596 αἱρέσεων
3499 4515 3806 4593 παρατροπῆς

2283 4619 2311 4669 ὁ
2339 4619 2439 4687 τῆς
2466 4620 2699 4683 πίστεως
2734 4618 3012 4688 καθαρεύῃ
3045 4618 3218 4686 λόγος’
3258 4617 3393 4687 μήτε
3427 4615 3519 4668 τοῦ
3558 4608 3803 4704 Σαδελλίον

2284 4710 2467 4779 κώραν
2488 4711 2698 4780 ἔχοντος
2748 4714 2828 4775 εἰς
2868 4712 3127 4781 σύγχυσιν
3172 4712 3322 4777 ἄγειν
3355 4707 3451 4777 τὴν
3480 4705 3582 4757 τῶν
3609 4704 3805 4754 ὑποστα-

2285 4817 2423 4856 σεων
2457 4803 2688 4873 ἰδιότητα
2707 4844 2722 4868 ,
2766 4802 3011 4874 φανερῶς
3042 4802 3134 4854 τοῦ
3166 4798 3495 4868 Μονογενοῦς
3525 4793 3696 4849 ἑαυτὸν
3720 4788 3805 4842 ἀπὸ

2282 4894 2376 4947 τοῦ
2404 4894 2612 4965 nam;
2637 4894 3026 4964 διακρίναντος,
3068 4897 3124 4945 ἐν
3156 4893 3231 4962 τῷ
3265 4894 3435 4944 εἰπεῖν
3455 4910 3467 4922 ·
3513 4887 3646 4956 Ἐγὼ
3671 4882 3749 4935 καὶ
3779 4881 3804 4931 δ

2285 4989 2487 5057 Πατήρ
2507 5005 2519 5016 ’
2549 4990 2681 5059 μήτε
2710 4988 2803 5040 τοῦ
2849 4988 3055 5058 Ἀρείου
3074 4989 3137 5038 τὸ
3168 4985 3310 5049 ξένον
3336 4985 3434 5053 τῆς
3456 4983 3653 5052 φύσεως
3672 4988 3805 5073 ’κατα-

2288 5079 2575 5144 σκευάζειν
2628 5080 2922 5150 ἰσχύοντος,
2960 5080 3020 5131 οὐ
3057 5076 3417 5148 προσιεμένης
3446 5074 3542 5143 τὴν
3570 5068 3693 5123 κατά
3720 5081 3802 5131 φυ-

2285 5190 2369 5224 σιν
2414 5171 2692 5243 διάίρεσιν.
2734 5173 2898 5225 υύδὲν
2932 5171 3039 5241 γὰρ
3067 5170 3191 5223 ἄλλο
3224 5169 3274 5220 τί
3308 5172 3449 5219 ἐστιν
3492 5168 3543 5217 ἐν
3586 5160 3654 5230 τῷ

2285 5265 2490 5335 τούτῳ,
2523 5266 2581 5318 τὸ
2625 5264 2712 5318 διὰ
2760 5266 2858 5333 τῆς
2902 5264 3148 5332 tit/611,10;
3190 5263 3277 5314 ἐπὶ
3328 5258 3533 5327 Πατρός
3578 5248 3803 5347 mirio:

2287 5358 2699 5426 σημαινόμενον,
2732 5356 2868 5426 πλὴν
2900 5356 3043 5409 κατά
3068 5354 3165 5424 τὴν
3201 5354 3383 5406 οὐσίαν
3410 5347 3570 5417 αὐτήν
3589 5363 3600 5375 ’
3629 5340 3687 5394 τὶ
3718 5348 3803 5433 ται»

2283 5447 2441 5500 λοιπά
2478 5448 2582 5500 τῶν
2627 5448 2844 5515 ἀγαθῶν
2877 5449 2977 5501 ὅσα
3014 5447 3385 5517 ἐπιθεωρεῖται
3415 5446 3477 5511 τῇ
3509 5438 3653 5507 φύσει
3680 5440 3804 5482 κοινι

2285 5541 2601 5609 προκεῖσθαι
2636 5543 2795 5594 πᾶσιν
2825 5540 2991 5594 εἰπών
3016 5558 3116 5603 τις,
3151 5540 3241 5592 καὶ
3270 5540 3376 5599 τοῖς
3400 5534 3481 5587 διὰ
3508 5529 3713 5585 κτίσεως
3737 5530 3802 5609 γεξ

2285 5642 2619 5712 γενημένοις,
2655 5642 2751 5710 οὐχ
2792 5640 3183 5710 ἁμαρτήσεται.
3232 5631 3354 5688 Οἷον
3400 5628 3690 5695 οἰκτίρμων
3721 5608 3801 5667 και
