3922 6468
185 402 266 457 ωε

1241 407 1518 466 CONTRA
1555 411 1945 483 EUNOMIUM,
1987 417 2114 474 LIB.
2149 419 2191 474 l.

3280 433 3385 490 ιπδ

184 520 405 622 ἐλεήμων·
432 519 479 622 ’ό
525 519 726 590 Κύριος
777 524 927 597 παρὰ
980 525 1072 580 τοῦ
1121 522 1403 599 Προφήτου
1455 531 1689 602 λέγεται.

1801 544 1914 592 tum
1945 548 2050 606 est,
2083 541 2186 598 nisi
2218 543 2470 599 essentia:
2509 561 2603 600 seu
2639 553 2846 602 naturze
2878 557 3059 605 unitas
3097 570 3109 604 :
3140 549 3380 622 reliquas

180 611 323 663 Ταῦτα
362 609 593 678 βούλεται
630 613 790 667 πάλιν
821 616 850 667 ό
888 616 1092 682 Κύριος
1135 619 1229 671 καί⁵
1259 623 1406 691 ἡμᾶς
1442 623 1700 691 ,γίνεσθαι

179 704 247 754 καὶ
275 701 606 769 ὀνομάζεσθαι
631 720 642 731 ·
691 705 948 760 Γίνεσθε
991 709 1098 780 γάρ
1141 713 1538 779 οἰκτίρμονες,
1579 715 1692 779 καὶ,

178 792 413 860 Μακάριοι
439 796 492 846 οί
524 795 868 865 ἐλεήμονες,
905 800 998 854 καὶ
1029 802 1131 855 ὅσα
1157 804 1398 858 τοιαῦτα.
1425 801 1551 875 Ἆρ’
1581 802 1694 871 οὖν,

175 881 296 943 εἴτις
320 880 397 933 διὰ
430 883 699 952 προσοχῆς
740 887 833 938 καὶ
876 888 1188 958 ἐπιμελείας
1225 891 1304 962 τῷ
1343 893 1473 964 θείῳ
1506 893 1698 966 βουλή-

176 989 273 1040 iam
317 971 493 1026 ἑαυτὸν
547 975 859 1044 ὁμοιώσας,
911 981 1113 1048 ἀγαθὸς
1162 982 1196 1053 ἢ
1253 984 1552 1056 οἰκτίρμων
1603 984 1696 1044 καὶ

173 1062 368 1132 ἐλεήμων
397 1062 632 1131 ἐγένετο,
670 1066 705 1136 ἢ
737 1070 910 1139 πρᾷος
948 1071 1041 1124 καὶ
1082 1073 1334 1137 ταπεινὸς
1370 1077 1434 1146 τῇ
1476 1075 1691 1147 καρδίᾳ,

170 1152 309 1216 καθὼς
334 1154 772 1227 μεμαρτύρηνται
794 1160 978 1215 πολλοὶ
1010 1163 1118 1216 τῶν
1146 1163 1317 1232 ἁγίων
1340 1165 1398 1216 ὲν
1425 1167 1536 1230 τοῖς
1562 1183 1695 1237 προ-

168 1245 388 1315 τερήμασι
408 1245 613 1311 τούτοις
640 1251 940 1320 γενόμενοιο
972 1254 1124 1326 παρὰ
1148 1255 1304 1310 τοῦτο
1329 1257 1388 1312 ἓν
1414 1259 1520 1310 είσι
1554 1259 1690 1329 πρὸς

167 1336 234 1386 ὼν
258 1334 388 1394 Θεὸν,
418 1335 448 1405 ἢ
495 1336 586 1390 διά
630 1355 776 1404 τινος
806 1341 1009 1397 τούτων
1055 1345 1192 1415 πρὸς
1223 1347 1383 1401 αὐτὸν
1423 1349 1692 1402 συναπτό-

171 1443 314 1495 pavet;
347 1429 452 1480 οὐκ
487 1430 622 1483 ἐστι.
673 1432 748 1484 Τὸ
786 1434 896 1505 γὰρ
950 1436 1025 1507 μὴ
1082 1437 1143 1490 ὲν
1192 1439 1326 1493 πᾶσι
1363 1439 1578 1506 ταύτὸν,
1633 1439 1693 1493 ἓν

168 1513 270 1569 εἶναι
291 1519 410 1588 πρὸς
428 1521 517 1572 τὸν
542 1526 610 1593 τῇ
645 1523 804 1592 φύσει
823 1525 1213 1598 διηλλαγμένον
1233 1530 1292 1582 οὐ
1319 1529 1562 1584 δύναται.
1594 1533 1693 1584 Διά

166 1609 283 1661 τοῦτο
307 1609 577 1681 ἄνθρωπος
619 1614 757 1684 πρὸς
783 1615 1067 1686 ἄνθρωπον
1099 1619 1157 1672 ἓν
1180 1619 1408 1689 γίνεται,
1440 1621 1568 1673 ὅταν
1603 1619 1690 1673 διὰ

167 1702 498 1773 προαιρέσεως,
527 1707 712 1772 καθὼς
735 1705 884 1762 εἶπεν
908 1711 936 1762 ὁ
960 1710 1162 1782 Κύριος
1180 1755 1194 1776 ,
1218 1712 1573 1767 τελειωθῶσιν
1607 1714 1686 1776 είς

165 1793 208 1844 τὸ
235 1793 299 1854 ἐν,
341 1796 431 1866 τῆς
458 1800 698 1871 φυσικῆς
733 1803 1019 1872 συναφείας
1057 1803 1156 1875 τὴν
1198 1805 1334 1857 κατά
1372 1803 1686 1874 προαίρεσιν

166 1887 342 1957 ἑνότητα
365 1891 808 1966 προσλαϐούσης.
827 1897 937 1950 Καὶ
965 1897 996 1950 ό
1042 1894 1233 1965 Πατὴρ
1275 1894 1371 1947 καὶ
1406 1897 1434 1948 ό
1477 1895 1604 1958 Υἱὸς
1631 1897 1691 1949 ἒν
1721 1891 1762 1946 Β

166 1980 273 2040 alat,
311 1984 401 2051 τῆς
435 1984 577 2037 κατὰ
613 1985 714 2056 τὴν
751 1986 908 2055 φύσιν
939 1987 1032 2040 καὶ⁸
1074 1986 1174 2058 τὴν
1214 1986 1531 2058 προαίρεσιν
1573 2005 1689 2040 κοι-

165 2071 312 2135 νωνίας
338 2077 411 2138 εἰς
456 2076 516 2129 τὸ
547 2077 608 2130 ἓν
647 2081 1074 2153 συνδραμούσης,
1123 2085 1186 2137 Εἰ
1215 2083 1272 2136 δὲ
1303 2082 1382 2154 τῷ
1427 2083 1690 2153 θελήματι

168 2162 276 2232 μόνῳ
309 2169 748 2238 συνηρμοσμένος
785 2173 924 2226 κατά
958 2174 1058 2244 τὴν
1101 2175 1262 2242 φύσιν
1288 2174 1529 2245 διῄρητο,
1574 2173 1692 2238 πῶς

164 2253 404 2326 δμαρτὺρει
445 2259 624 2330 ἑαυτῷ
659 2263 756 2331 τὴν
797 2264 931 2333 πρὸς
968 2265 1060 2318 τὸν
1106 2267 1324 2338 Πατέρα
1362 2267 1584 2335 ἑνότητα
1611 2265 1690 2336 τῷ

165 2349 424 2418 κυριωτάτῳ
451 2349 828 2421 διεσχισμένος
848 2373 862 2419 ;

1800 631 1946 685 enim
1987 648 2181 690 omnes
2211 636 2544 700 aﬂ‘ectiones,
2578 653 2698 708 quae
2731 638 2784 692 in
2808 648 3002 695 natura
3041 643 3219 698 inesse
3242 661 3374 699 cer-

1799 734 2022 790 nuntur,
2050 726 2095 780 si
2123 728 2246 796 quis
2280 729 2442 782 etiam
2476 728 2639 784 rebus
2666 731 2867 786 creatis
2901 746 3221 788 communes
3257 749 3380 788 esse

1798 813 1963 880 dicat,
2001 833 2108 871 non
2139 819 2436 874 aberrahit.
2473 818 2636 875 Verbi
2668 822 2864 891 gratia,
2903 821 3165 879 Dominus
3193 826 3379 895 appel-

1798 903 1985 960 latura
2004 906 2270 978 Propheta
2283 909 2327 940 ³⁸
2363 911 2639 966 miserator
2653 923 2700 966 et
2725 913 3041 968 misericors.
3067 918 3132 969 At
3159 916 3292 976 hate,
3322 925 3380 970 ut

1796 995 2116 1067 efﬁciamur,
2146 1007 2199 1055 et
2232 1002 2588 1071 appellamur,
2647 1003 2912 1062 Dominus
2955 1009 3233 1078 praecepit.
3269 1008 3374 1063 Es-

1797 1096 1924 1156 tote,
1947 1090 2141 1161 inquit,
2164 1092 2595 1158 misericordes",
2613 1103 2693 1151 et:
2708 1089 2862 1146 Beati
2877 1097 3307 1165 misericordes",
3325 1107 3380 1154 et

1796 1180 1849 1235 id
1873 1196 2045 1252 genus
2095 1185 2224 1238 alia.
2259 1186 2315 1239 Si
2369 1185 2534 1257 igitur
2573 1187 2778 1258 aliquis
2834 1189 3104 1246 mdustria
3159 1202 3213 1246 et
3248 1209 3380 1247 cura

1801 1289 1924 1327 cum
1956 1275 2140 1331 divina
2162 1279 2440 1334 voluntate
2467 1295 2528 1336 se
2560 1281 2936 1346 conformans,
2963 1286 3140 1340 bonus
3165 1295 3258 1338 aut
3285 1287 3381 1340 mi-

1795 1373 2024 1428 serator,
2053 1376 2146 1422 aut
2178 1370 2495 1427 misericors
2525 1373 2719 1439 evasit,
2778 1383 2874 1429 aut
2931 1376 3102 1439 mitis,
3149 1389 3244 1430 aut
3277 1378 3412 1430 hu-f

1793 1457 1940 1514 milis
1989 1460 2177 1525 corde,
2215 1472 2380 1530 prout
2409 1463 2562 1518 multi
2598 1480 2660 1518 ex
2707 1475 3022 1520 sanctorum
3063 1484 3292 1522 numero
3324 1470 3375 1521 in

1795 1549 1879 1605 his
1919 1552 2140 1608 dotibus
2173 1557 2504 1612 excellentes
2557 1567 2851 1624 testantur,
2879 1577 3007 1614 num
3049 1562 3167 1615 ideo
3207 1580 3372 1616 unum

1797 1651 2069 1698 suntcum
2103 1643 2228 1709 Deo,
2255 1655 2348 1700 aut
2370 1663 2464 1716 per
2485 1649 2723 1720 aliquam
2756 1668 2818 1706 ex
2855 1652 2947 1705 his
2999 1653 3219 1708 dotibus
3249 1673 3371 1708 eum

1798 1734 1918 1804 ipso
1947 1736 2230 1804 copulati?
2283 1736 2454 1794 Secus
2485 1757 2544 1795 se
2583 1758 2668 1796 res
2701 1743 2878 1798 habet.
2912 1743 3045 1797 Nam
3086 1746 3230 1813 quod
3264 1762 3371 1799 non

1795 1827 1846 1880 in
1870 1826 2126 1882 omnibus
2157 1845 2323 1882 unum
2354 1840 2459 1891 est,
2495 1832 2638 1887 haud
2665 1841 2840 1902 potest
2867 1851 3032 1888 unum
3095 1851 3218 1889 esse
3248 1852 3372 1888 eum

1791 1919 1964 1972 altero
1997 1928 2193 1973 natura
2225 1936 2253 1972 a
2282 1937 2340 1977 se
2368 1922 2648 1979 distincto.
2683 1924 3030 1997 QuaprOpter
3057 1927 3219 1981 homo
3246 1944 3370 1982 cum

1788 2006 2009 2064 homine
2042 2025 2208 2064 unum
2255 2010 2336 2072 (it,
2379 2013 2601 2082 quando
2635 2029 2728 2084 per
2778 2017 3135 2078 voluntatem,
3176 2027 3231 2071 ut
3267 2018 3374 2071 Do-

1786 2101 1969 2158 minus
1994 2104 2092 2168 ait,
2133 2103 2188 2157 in
2225 2120 2392 2158 unum
2427 2116 2904 2172 consummantur,
2946 2116 3000 2162 et
3033 2111 3370 2170 coalescunt,

1788 2192 2024 2246 naturali
2053 2193 2441 2262 conjunctione
2473 2197 2759 2261 unitatem,
2783 2213 2905 2267 qua:
2924 2214 3017 2267 per
3039 2199 3370 2252 voluntatem

1787 2293 1891 2344 est,
1922 2285 2298 2340 antecedente.
2323 2285 2389 2338 At
2421 2284 2579 2341 Pater
2605 2298 2658 2342 et
2683 2287 2852 2343 Filius
2886 2305 3056 2342 unum
3097 2301 3250 2352 sunt,
3285 2307 3370 2354 ea,

1793 2389 1914 2442 quae
1953 2373 2252 2428 secundum
2304 2384 2577 2441 naturam,
2608 2387 2661 2432 et
2697 2393 2762 2432 ea
2797 2394 2917 2448 quae
2948 2380 3248 2434 secundum
3279 2395 3366 2431 vo.-

164 2441 369 2496 luntatem
399 2454 479 2499 est
515 2449 908 2501 communione
937 2449 991 2503 in
1021 2449 1162 2505 idem
1202 2469 1586 2518 concurrente.
1621 2462 1678 2517 Si
1720 2480 1852 2519 vero
1881 2467 1997 2522 sola
2031 2468 2307 2524 voluntate
2335 2470 2545 2533 nnitus,
2579 2478 2775 2524 natura
2833 2486 2865 2526 a
2893 2469 3054 2525 Patre
3111 2471 3368 2525 diversus

161 2548 234 2600 est,
281 2543 543 2610 quomodo
581 2545 832 2598 attribuit
867 2547 968 2600 sibi
1024 2549 1286 2606 unitatem
1341 2570 1464 2610 cum
1491 2558 1673 2623 Patre.
1715 2562 2000 2630 sejunctas
2034 2565 2088 2618 in
2120 2580 2186 2620 eo
2243 2566 2390 2634 quod
2423 2567 2660 2620 maxime
2691 2567 2971 2637 pr0prium
2996 2567 3120 2622 est?

217 2636 545 2703 Ἀκούσαντες
599 2640 800 2706 τοίνυν,
849 2643 928 2694 ὅτι
971 2644 1118 2714 Ἐγὼ
1168 2647 1266 2700 καὶ
1308 2654 1341 2704 ὁ
1386 2654 1590 2722 Πατὴρ
1614 2655 1686 2709 ἒν

159 2729 314 2795 ἐσμεν,
344 2731 399 2783 τό
431 2749 486 2784 τε
514 2731 584 2797 ἑξ
611 2733 784 2786 αἰτίου
832 2735 922 2787 τὸν
956 2736 1159 2806 Κύριον
1194 2739 1290 2793 καὶ
1330 2742 1392 2796 τὸ
1428 2747 1570 2799 κατά
1590 2747 1687 2818 τὴν

160 2822 276 2890 φύσιν
297 2825 711 2894 ἀπαράλλακτον
740 2826 832 2879 τοῦ
867 2827 996 2880 Υἰοῦ
1042 2830 1136 2882 καὶ
1165 2832 1258 2885 τοῦ
1296 2835 1506 2908 Πατρὸς
1535 2839 1691 2893 ἐπαι-

156 2912 368 2985 δεύθημεν
394 2920 455 2970 ὲκ
489 2917 601 2986 τῆς
633 2919 844 2989 φωνῆς,
875 2921 975 2973 οὐκ
998 2922 1077 2984 εἰς
1113 2921 1242 2987 μίαν
1275 2927 1570 2984 ὑπόστασιν
1589 2933 1687 3003 τὴν

157 3009 424 3077 περὶαύτῶν
456 3011 675 3063 ἔννοιαν
705 3011 1130 3081 συναλείφοντες,
1160 3016 1295 3070 ἀλλά
1324 3019 1688 3087 φυλάσσοντες

159 3098 229 3165 μὲν
251 3099 568 3171 διῃρημένην
623 3104 723 3172 τὴν
775 3103 882 3156 τῶν
935 3105 1289 3160 ὑποστάσεων
1326 3108 1583 3180 ἰδιότητα,
1625 3114 1684 3167 οὐ

159 3191 533 3265 συνδιαιροῦντες
569 3194 623 3247 δὲ
647 3197 758 3257 τοῖς
786 3196 1097 3266 προσώποις
1118 3197 1214 3268 τὴν
1234 3200 1332 3271 τῆς
1361 3202 1550 3268 οὐσίας
1571 3205 1684 3258 ἑνό-

155 3296 272 3350 τητα,
304 3284 369 3346 ὡς
388 3284 450 3337 ἀν
486 3284 570 3355 μὴ
599 3284 692 3338 δύο
739 3287 1023 3358 ἑτερογενῆ
1056 3289 1359 3360 πράγματα
1391 3294 1450 3346 ὲν
1477 3293 1556 3365 τῷ
1582 3295 1683 3366 τῆς
1728 3275 1730 3277 ί

155 3373 284 3444 ἀρχῆς
308 3377 441 3449 λόγῳ
483 3378 945 3447 ὑπολαμὸάνοιτο,
987 3382 1079 3433 καὶ
1119 3381 1208 3434 διὰ
1244 3383 1402 3437 τοῦτο
1451 3386 1684 3458 πάροδον
1713 3373 1754 3430 C

156 3464 266 3519 λάϐοι
281 3469 374 3521 τῶν
411 3470 733 3540 Μανιχαίων
762 3471 822 3524 τὸ
850 3471 1026 3543 δόγμα
1054 3491 1066 3504 ο
1096 3474 1156 3526 τὸ
1182 3473 1291 3546 γὰρ
1318 3479 1554 3546 κτιστὸν,
1591 3483 1686 3534 καὶ¹

155 3558 196 3609 τὸ
219 3559 458 3626 ἀκτιστον,
500 3564 573 3615 ἐκ
611 3562 899 3635 διαμέτρου
934 3566 1068 3638 πρὸς
1103 3566 1309 3638 ἄλληλα
1331 3569 1430 3641 τὴν
1458 3572 1599 3625 κατά
1627 3572 1687 3626 τὸ

157 3654 491 3724 σημαινόμενον
556 3655 870 3710 ἐναντίωσιν
921 3658 1054 3728 ἔχει.
1104 3659 1167 3712 Εἰ
1215 3657 1308 3715 οὖν
1352 3661 1421 3715 τὰ
1440 3662 1532 3716 δύο
1567 3666 1687 3728 ταῖς

155 3741 298 3811 ἀρχαῖς
327 3745 570 3815 ταχθείη,
595 3746 736 3800 κατά
760 3747 818 3800 τὸ
845 3748 1065 3817 λεληθὸς
1101 3751 1230 3820 ἡμῖν
1256 3753 1284 3804 ὁ
1309 3750 1685 3824 Μανιχαῖσμὸς

153 3836 208 3896 εἰς
230 3837 310 3905 τὴν
357 3837 690 3907 Ἐκκλησίαν
727 3838 818 3890 τοῦ
866 3839 1001 3891 Θεοῦ
1051 3841 1496 3913 εἰσφθαρήσεται.
1528 3844 1686 3913 Λέγω

152 3924 191 3974 δὲ
212 3925 377 3990 ταῦτα,
418 3928 574 4000 ζήλῳ
611 3928 720 3981 τῶν
752 3931 1007 3983 ἐναντίων
1041 3932 1460 4004 περιεργότερον
1492 3931 1683 3996 κατεξ-

153 4019 311 4081 ετάζων
339 4022 424 4073 τὸν
463 4020 651 4088 λόγον.
683 4022 793 4074 Καὶ
843 4021 1017 4084 οὐδεὶς
1053 4022 1116 4075 ἂν
1157 4024 1286 4086 ἴσως
1307 4024 1569 4088 ἀντείποι,
1610 4025 1684 4094 μὴ

151 4107 275 4174 ἐγγὺς
299 4111 381 4164 τοῦ
402 4112 616 4174 εἰκότος
640 4113 738 4181 τὴν
765 4111 995 4182 Θεωρίαν
1027 4114 1363 4184 προάγεσθαι
1385 4133 1397 4145 ·
1426 4116 1508 4168 ὃτι
1534 4116 1686 4170 δυνα-

151 4201 218 4252 τοῦ
235 4202 363 4266 δντος
393 4204 488 4258 τοῦ
525 4203 743 4257 κτιστοῦ
767 4205 906 4258 κατὰ
926 4207 986 4258 τὸ
1009 4201 1125 4259 ἴσον
1147 4206 1224 4277 τῷ
1247 4206 1506 4278 ἀκτίστῳ,
1535 4210 1685 4261 ἀντι-

154 4298 355 4365 στήσεταί
379 4315 496 4362 πως
522 4298 584 4350 τὸ
611 4298 994 4370 ἑτερογενὲςτῇ
1029 4298 1187 4367 φύσει
1213 4298 1291 4369 τῷ
1322 4299 1396 4370 μὴ
1425 4300 1685 4364 ὡσαύτως

151 4386 302 4457 ίῃντι.
323 4392 425 4445 Καὶ
445 4393 559 4454 ἓως
589 4389 654 4444 ἂν
688 4390 970 4462 μηθετέρῳ
999 4391 1179 4444 αὐτῶν
1208 4392 1433 4466 ἐπιλίπῃ
1466 4393 1683 4466 ἡδύνα-

153 4500 236 4551 μις,
276 4489 348 4551 είς
391 4486 724 4556 ἀσύμφωνόν
749 4503 870 4539 τινα
896 4487 1082 4540 στάσιν
1125 4488 1259 4557 πρὸς
1281 4487 1485 4559 ἄλληλα
1505 4489 1573 4542 τὰ
1593 4489 1685 4542 δύο

149 4574 523 4650 διενεχθήσεται.
575 4578 732 4631 Πᾶσα
764 4578 872 4649 γάρ
903 4579 1116 4648 ἀνάγκη
1150 4578 1482 4649 κατάλληλον
1521 4577 1680 4642 εἶναι,

151 4672 217 4722 καὶ
239 4673 426 4726 οἰκείαν
450 4671 735 4742 ὁμολογεῖν
766 4673 831 4742 τῇ
865 4671 1024 4740 φύσει
1067 4673 1163 4725 καὶ
1201 4671 1299 4743 τὴν
1333 4675 1680 4743 προαίρεσιν·

149 4765 216 4815 καὶ
246 4767 287 4818 εἰ
311 4765 580 4835 ἀνομοίως
596 4761 767 4833 ἔχοιεν
783 4762 924 4816 κατά
942 4763 1041 4834 τὴν
1056 4761 1238 4832 φύσιν,
1266 4762 1493 4834 ἀνόμοια
1537 4759 1678 4818 εἶναι

149 4857 215 4907 καὶ
231 4857 287 4909 τὰ
307 4855 586 4930 θελήματα
603 4876 617 4888 ·
639 4857 740 4927 τῆς
771 4857 827 4910 δὲ
849 4856 1132 4927 δυνάμεως
1158 4857 1242 4926 ἐφ’
1267 4858 1542 4928 ἑκατέρων
1561 4861 1680 4912 ἱκα-

148 4947 224 5010 νὼς
250 4949 490 5019 ἐχούσης,
538 4949 821 5019 οὐδέτερον
861 4949 1114 5019 ἀτονήσει
1164 4948 1301 5019 πρὸς
1344 4947 1442 5020 τὴν
1471 4950 1676 5021 ἐκπλή-

147 5056 277 5108 ρωσιν
302 5043 390 5096 τοῦ
417 5043 545 5097 ἰδίου
575 5043 906 5112 θελήματος’
948 5043 1042 5095 καὶ
1070 5043 1119 5095 εί
1142 5041 1390 5095 τοσοῦτον
1424 5043 1679 5114 ἑκάτερον

145 5129 318 5186 δύναιτο
347 5135 466 5188 ὅσον
491 5136 584 5188 καὶ
615 5133 885 5204 βούλεται,
917 5135 997 5196 είς
1025 5134 1366 5203 ἀμφήριστον
1400 5134 1678 5204 ἑκατέροις

145 5221 169 5286 ἡ
190 5222 310 5293 ἀρχὴ
333 5226 754 5294 καταστήσεται,
779 5223 858 5293 τῷ
889 5223 1127 5277 ἀνενδεεί
1151 5223 1248 5293 τῆς
1276 5223 1560 5292 δυνάμεως
1597 5226 1676 5287 εἰς

146 5309 190 5363 τὸ
213 5315 481 5370 ἀντίπαλον
507 5316 794 5388 προϊοῦσα.
829 5315 938 5368 Καὶ
970 5313 1112 5368 οὕτω
1138 5315 1200 5368 τὸ
1228 5315 1334 5369 τῶν
1361 5319 1676 5387 Μανιχαίων

146 5401 286 5472 δόγμα
313 5409 748 5479 παρεισδύσεται,
793 5407 885 5460 δύο
927 5407 1090 5460 τινῶν
1135 5407 1388 5461 ἐναντίων
1430 5407 1676 5477 ἀλλήλοις

148 5493 191 5541 ὲν
216 5494 435 5569 τῷλόγῳ
451 5503 546 5569 τῆς
566 5499 745 5570 ἀρχῆς
768 5497 1183 5568 ἀντιφανέντων,
1205 5497 1283 5569 τῷ
1305 5497 1675 5552 διαλλάσσοντι

147 5582 224 5652 τῆς
244 5587 438 5655 φύσεως
471 5592 564 5643 καὶ
595 5591 690 5660 τῆς
714 5590 1084 5660 προαιρέσεως
1117 5589 1252 5659 πρὸς
1283 5589 1342 5642 τὸ
1361 5590 1674 5661 ἀντικείμε-

149 5693 217 5730 νον
256 5679 642 5753 διατμηθέντων
667 5701 680 5712 ·
715 5685 808 5737 καὶ
831 5684 1038 5751 γίνεται
1066 5683 1246 5747 αὐτοῖς
1271 5685 1303 5754 ἡ
1325 5683 1425 5754 τῆς
1444 5683 1675 5739 ἐλαττὼ-

1714 4719 1758 4773 D

233 5856 272 5888 ³⁸
308 5856 441 5915 Psal.
465 5875 564 5924 Cll,
595 5862 646 5915 8.
727 5862 768 5892 ³⁷
795 5860 924 5916 Luc.
953 5877 1024 5924 Vl,
1052 5861 1140 5916 56.
1220 5863 1265 5895 ³⁸
1305 5859 1494 5916 Matth.
1528 5879 1579 5927 ν,
1612 5862 1663 5916 7.

1860 2658 1996 2713 Cum
2030 2660 2195 2731 igitur
2235 2662 2488 2716 audimus
2536 2661 2699 2716 illud:
2753 2660 2868 2731 Ego
2915 2673 2963 2715 et
2997 2661 3163 2715 Pater
3211 2678 3370 2717 unum

1789 2767 2006 2806 sumus:
2069 2761 2120 2806 et
2166 2751 2363 2806 Filium
2413 2768 2442 2806 a
2486 2753 2758 2824 principio
2804 2769 2947 2818 esse,
3005 2762 3059 2809 et
3099 2755 3278 2810 Patris
3316 2763 3372 2810 et

1791 2842 1910 2897 Filii
1945 2845 2321 2899 invariabilem
2363 2845 2416 2898 in
2447 2854 2640 2899 natura
2667 2846 2929 2900 unitatem
2958 2847 3367 2915 cognoscimus,

1790 2952 1898 2988 non
1930 2936 2075 3005 quod
2119 2937 2174 2990 in
2220 2951 2384 2989 unam
2424 2935 2746 3006 hypostasin
2778 2937 2900 2990 illos
2948 2937 3368 2998 eontrahamus,

1794 3026 1888 3079 sed
1939 3027 2066 3096 quia
2107 3039 2324 3081 servata
2377 3026 2552 3082 divisa
2603 3042 2962 3093 personarum
3017 3029 3368 3098 proprietate,

1792 3132 1916 3170 cum
1971 3118 2218 3187 personis
2268 3118 2532 3174 unitatem
2583 3119 2838 3174 essentiam:
2889 3136 2995 3174 nou
3052 3120 3370 3185 dividimus,

1791 3225 1858 3262 ne
1888 3210 2013 3278 quis
2041 3210 2241 3266 diversi
2272 3213 2488 3281 generis
2514 3211 2654 3266 duas
2687 3229 2774 3267 res
2816 3228 2911 3282 pro
2943 3213 3229 3282 principiis
3249 3229 3371 3267 con-

1791 3303 2004 3370 stituat,
2040 3314 2094 3359 et
2122 3308 2194 3357 ita
2241 3303 2667 3358 Maniclueorum
2704 3315 2868 3361 sei-tie
2916 3306 3209 3358 ίι·ιι‹·διι·ιηιι
3247 3323 3372 3375 ape-

1787 3393 1930 3448 Γίίὶιε
2001 3411 2124 3448 nam
2163 3404 2405 3449 creatum
2455 3405 2508 3449 Cl
2540 3397 2842 3450 increatum
2875 3412 2938 3450 ex
2981 3396 3250 3449 diametro
3281 3412 3370 3449 εε-

1785 3487 2028 3540 cuudunt
2088 3488 2540 3557 signiﬁcationem
2600 3488 2701 3542 sibi
2754 3488 2986 3540 invicem
3045 3497 3366 3556 repugnant.

1786 3577 1840 3632 Si
1891 3579 2055 3649 igitur
2085 3579 2198 3632 duo
2233 3579 2286 3631 in
2321 3579 2606 3647 principiis
2657 3587 3034 3643 numerentur,
3079 3581 3281 3633 sensim
3315 3587 3371 3633 et

1784 3672 1948 3725 tacite
1982 3669 2429 3726 Manichaaismus
2459 3672 2512 3724 in
2541 3670 2839 3726 Ecclesiam
2867 3671 3086 3739 irrepet.
3125 3669 3234 3726 lsta
3272 3685 3371 3723 au-

1785 3772 1890 3814 ιριιι
1944 3760 2090 3825 dico,
2131 3771 2184 3816 et
2238 3761 2554 3816 accuratius
2611 3761 2873 3815 doctrinae
2941 3759 3104 3830 hujus
3168 3775 3367 3814 arcana

1785 3853 2043 3917 discutio,
2096 3854 2248 3922 justo
2308 3855 2361 3907 in
2407 3853 2757 3909 adversarios
2809 3854 2927 3907 zelo
2977 3853 3271 3922 impulsus.
3302 3851 3370 3907 Et

1785 3945 1926 3998 forte
1964 3947 2088 4015 quis
2121 3945 2264 3998 haud
2302 3952 2524 4014 gravate
2554 3944 2814 3999 fatebitur
2863 3944 3365 3998 considerationem

1786 4047 2030 4090 nostram
2083 4036 2566 4091 verisimilitudine
2612 4036 2753 4090 haud
2786 4050 3008 4090 carere:
3067 4035 3195 4104 quia
3239 4049 3364 4087 cum

1783 4138 2028 4183 creatum
2088 4133 2328 4197 potentia
2388 4129 2585 4190 valeat,
2643 4128 2816 4196 aequis
2864 4127 3074 4180 viribus
3124 4128 3367 4180 increato

1784 4219 2164 4282 reluctabitur,
2226 4227 2485 4288 tanquam
2535 4219 2811 4272 diversum
2845 4225 3064 4276 natura,
3115 4215 3186 4274 ei.
3220 4216 3364 4282 quod

1785 4327 1970 4366 secum
1997 4311 2051 4364 in
2083 4318 2278 4364 natura
2314 4326 2424 4364 non
2451 4310 2728 4369 convenit,
2749 4319 2802 4362 et
2826 4324 3116 4378 quousque
3149 4308 3368 4376 utrique

1783 4402 2001 4456 illorqu
2031 4405 2176 4458 vires
2209 4411 2529 4472 suppetunt,
2572 4402 2623 4454 in
2669 4400 3128 4457 irreconciliabile
3161 4399 3364 4454 bellum

1784 4495 1895 4548 duo
1949 4495 2056 4549 ista
2096 4494 2360 4547 incident.
2414 4492 2735 4547 Necessario
2774 4494 2917 4547 enim
2962 4491 3238 4547 fatendum
3284 4501 3368 4548 est

1785 4586 2121 4640 voluntatem
2181 4596 2604 4640 consentaneum
2657 4596 2710 4640 et
2758 4584 3095 4640 confornietn
3155 4595 3369 4640 natura:

1785 4695 1934 4735 esse:
1973 4691 2026 4732 et
2053 4680 2098 4732 si
2127 4695 2248 4747 quae
2279 4679 2331 4731 in
2367 4688 2561 4731 natura
2589 4694 2694 4732 non
2721 4679 3069 4738 conveniant,
3101 4679 3153 4730 in
3181 4679 3368 4730 volun-

1787 4772 1988 4825 tatibus
2033 4773 2194 4824 etiam
2230 4771 2575 4841 discrepare:
2631 4786 2754 4824 cum
2791 4782 2971 4824 autem
3025 4770 3078 4823 in
3136 4779 3367 4835 utraque

1777 4877 1843 4916 ex
1881 4862 2000 4916 istis
2031 4871 2115 4916 sat
2165 4863 2236 4916 sit
2272 4863 2524 4932 potentiae
2562 4871 2617 4915 et
2653 4861 2953 4921 facultatis,
3002 4868 3254 4914 neutrum
3292 4860 3360 4911 ad

1779 4952 2014 5023 propria:
2045 4953 2346 5007 voluntatis
2375 4952 2782 5007 exsecutionem
2807 4951 3180 5012 cunctabitur,
3231 4956 3285 5002 et
3318 4949 3364 5001 si

1779 5042 2066 5111 quodlibet
2094 5050 2306 5096 tantum
2342 5052 2542 5112 potest,
2575 5051 2840 5112 quantum
2881 5043 3014 5101 vult,
3047 5040 3235 5107 utique
3260 5039 3362 5093 do-

1780 5135 2008 5189 minatio
2034 5150 2238 5205 anceps
2264 5137 2373 5200 liet,
2402 5145 2635 5206 utroque
2663 5135 2981 5189 inexhausta
3005 5133 3225 5186 virtutis
3249 5147 3364 5184 sua:

1783 5230 2020 5296 potentia
2061 5229 2115 5282 in
2142 5229 2520 5284 adversarium
2541 5243 2758 5298 semper
2784 5227 3048 5280 irruente.
3087 5224 3166 5278 Ita
3198 5223 3365 5276 Mani-

1781 5321 2056 5374 chaeorum
2087 5319 2280 5390 dogma
2317 5320 2705 5383 introducitur,
2734 5319 2825 5385 qui
2850 5317 2958 5371 duo
2987 5315 3230 5385 quaedam
3257 5314 3360 5369 sibi

1781 5411 2015 5466 invicem
2047 5412 2340 5474 contraria,
2367 5423 2419 5466 et
2447 5420 2556 5464 tam
2593 5419 2823 5473 naturae,
2858 5423 3021 5478 quam
3056 5407 3361 5462 voluntatis

1782 5501 2104 5557 diversitate
2129 5501 2195 5555 ad
2227 5502 2481 5572 opposita
2510 5500 2807 5570 vergentia,
2833 5499 3102 5568 principia
3125 5497 3359 5563 cudunt,

1783 5595 1952 5667 ﬁtque
1999 5597 2106 5651 illis
2142 5596 2235 5650 illa
2277 5595 2663 5666 inaaqnalitatis
2700 5601 2754 5647 et
2784 5591 3182 5646 imminutionis
3211 5607 3352 5646 asse-

1780 5689 2012 5754 veratio,
2049 5688 2377 5759 principium
2439 5688 2505 5742 ad
2562 5685 2983 5747 Manichazorum
3047 5683 3358 5756 prodigiosa
