3922 6506
530 372 635 429 £07
1752 372 1807 425 S.
1850 369 2176 427 GREGORII

534 491 767 558 placita:
818 503 941 541 nam
988 487 1181 554 dogma
1219 486 1533 555 (Eunomii)
1572 494 1780 542 natura:
1812 488 2097 542 diversita-
2130 495 2171 549 Α

533 589 638 631 tom
672 580 723 631 in
759 578 868 632 duo
916 576 1176 648 principia
1207 579 1373 630 creati
1418 585 1471 632 et
1515 578 1743 634 increati
1797 580 2101 633 rationibus

532 671 792 725 distincta
822 670 1033 737 dividit,
1068 678 1228 742 prout
1256 670 1367 739 jam
1394 669 1827 725 demonstratum
1857 681 1961 726 est.

607 848 673 899 At
717 848 853 900 forte
885 846 1039 900 multi
1070 855 1251 909 erunt,
1289 848 1380 915 qui
1422 848 1585 917 hujus
1614 848 1879 904 doctrinae
1912 851 2107 906 absur-

537 937 782 999 ditatem,
811 937 973 993 nimis
1003 937 1268 993 violenter
1297 939 1424 992 hinc
1445 940 1726 994 collectam
1744 939 2104 994 etdeductam

539 1038 859 1091 causentur,
892 1036 1185 1098 optentque
1214 1030 1327 1084 hinc
1359 1030 1575 1099 penitus
1606 1032 1657 1083 in
1692 1030 1905 1086 litteras
1935 1031 2107 1085 relata

539 1136 649 1172 non
678 1136 818 1174 esse.
855 1118 922 1173 At
957 1120 1030 1176 sit.
1060 1120 1154 1185 ita,
1188 1135 1362 1189 neque
1390 1137 1489 1176 nos
1519 1122 1980 1193 contradic‘imus:
2012 1140 2109 1178 ne-

540 1226 646 1277 que
667 1211 811 1264 enim
836 1211 1054 1280 proprio
1077 1210 1335 1280 impulsu,
1378 1215 1470 1266 sed
1495 1222 1713 1283 propter
1740 1213 2105 1278 adversarios,

543 1301 608 1353 ad
643 1301 783 1354 hanc
828 1301 1219 1370 digressionem
1260 1303 1651 1358 instituendam
1685 1306 1861 1359 adacti
1893 1322 2104 1363 sumus.

542 1393 695 1458 Quod
725 1393 769 1446 si
804 1393 917 1447 haec
940 1392 1124 1447 dicere
1153 1410 1258 1447 non
1291 1403 1527 1464 oportet,
1560 1396 1730 1451 multo
1764 1398 1937 1468 magis
1962 1399 2111 1453 dece-

544 1486 656 1545 bat,
712 1491 770 1537 ut
816 1485 1117 1538 adversarii
1152 1486 1401 1547 silerent.
1454 1488 1545 1557 qui
1580 1488 1674 1541 tali
1711 1490 1959 1543 oratione
2012 1506 2111 1545 sua

541 1576 855 1643 hujusmodi
882 1576 1200 1631 refutationi
1235 1579 1577 1633 occasionem
1614 1582 1875 1649 prmbenl.
1930 1580 2114 1651 Neque

543 1667 688 1719 enim
719 1667 877 1720 aliter
916 1667 984 1734 is,
1022 1669 1114 1738 qui
1163 1669 1443 1738 improbos
1484 1669 1700 1735 refellit,
1735 1671 1975 1726 cohiberi
2021 1689 2115 1742 po-

546 1766 674 1821 test,
736 1773 899 1827 quam
960 1760 1004 1814 si
1063 1764 1291 1814 materia
1340 1760 1686 1815 refutationis
1741 1763 2110 1818 subtrahatur.

547 1851 813 1904 Caeterum
847 1850 1080 1907 libenter
1114 1852 1201 1916 iis.
1264 1853 1358 1922 qui
1407 1854 1479 1906 ita
1530 1855 1707 1909 alie-eti
1739 1864 1887 1918 sunt,
1922 1856 2120 1912 suade-
2150 1840 2191 1893 Β

548 1957 686 2006 rem,
736 1951 796 1996 ut
844 1945 1123 2012 paululum
1157 1944 1725 2003 extra'contentionis
1779 1950 1949 2003 aleam
2000 1964 2121 2005 sese

548 2035 898 2102 collocarent,
959 2052 1136 2106 neque
1188 2036 1482 2091 admodum
1536 2038 1791 2094 ardenter
1841 2055 1940 2109 pro
2000 2041 2121 2095 suis

550 2127 790 2195 propriis
820 2128 1295 2196 persuasionibus,
1354 2129 1552 2199 quibus
1598 2130 1708 2200 jam
1760 2134 2119 2203 praaoccnpati

551 2229 703 2283 sunt,
761 2221 1225 2291 digladiarentur:
1281 2238 1457 2293 neque
1490 2223 1857 2295 undequaque
1889 2227 2124 2280 admini-

557 2313 696 2366 culis
726 2314 1050 2384 corrogatis,
1105 2313 1157 2366 id
1206 2330 1376 2369 unum
1423 2316 1724 2380 studerent,
1781 2327 1841 2371 ut
1884 2318 2124 2387 potiores

552 2420 767 2473 semper
794 2414 974 2474 partes
1001 2421 1111 2476 prae
1150 2408 1266 2462 suis
1300 2406 1634 2463 adversariis
1668 2409 1986 2463 obtineant:
2030 2412 2124 2465 sed

556 2504 635 2560 ut,
667 2498 821 2564 quasi
871 2511 971 2565 pro
1003 2498 1184 2552 anima
1215 2514 1412 2553 cursus
1446 2500 1538 2561 sit,
1593 2501 1693 2555 soli
1747 2502 1824 2555 illi
1855 2504 1998 2571 quod
2031 2520 2126 2557 ex—

553 2588 722 2656 pedit,
756 2594 810 2641 et
839 2588 1055 2642 veritati
1086 2589 1372 2643 victoriam
1408 2591 1734 2645 concedant.
1781 2590 1837 2645 Si
1870 2595 1993 2662 quis
2027 2594 2125 2664 igi-

555 2688 646 2733 tur
676 2681 877 2736 omissa
912 2682 1208 2737 altercandi
1246 2685 1547 2753 prurigine,
1604 2686 1775 2756 ipsam
1809 2686 2123 2756 (Eunomii)

553 2776 858 2830 orationem
883 2776 1107 2846 prOpius
1131 2777 1353 2842 intueri,
1384 2786 1439 2832 et
1462 2782 1773 2834 accuratius
1796 2781 2126 2850 perpendere

553 2867 683 2919 velit
709 2907 723 2927 .
756 2866 914 2922 facile
949 2868 1338 2924 absurditatem
1370 2885 1436 2924 ex
1497 2874 1595 2924 hac
1629 2871 1875 2925 doctrina
1925 2873 2128 2941 promi-

557 2965 770 3009 canlem
807 2954 1196 3024 deprehendet.

631 3050 1017 3117 Supponamus
1071 3048 1217 3102 enim
1282 3049 1757 3105 innascibilitatem
1815 3068 1937 3107 esse
1995 3054 2127 3107 sub-

559 3140 838 3202 stantiam,
890 3146 948 3192 ut
1000 3140 1295 3193 adversarii
1349 3142 1571 3194 volunt:
1632 3150 1685 3195 et
1723 3158 1917 3197 rursus
1952 3143 2123 3213 ipsam
2155 3173 2196 3228 α

558 3248 775 3303 quoque
837 3234 1243 3303 generationem
1326 3233 1647 3288 substantiis
1722 3235 2124 3289 accensendam

559 3340 701 3379 esse.
754 3322 922 3393 igitur
986 3324 1033 3378 si
1096 3326 1221 3394 quis
1281 3326 1592 3380 accuratius
1652 3342 1736 3390 ea,
1800 3343 1919 3396 qua:
1983 3329 2127 3382 dicta

562 3424 710 3475 sunt,
770 3414 1101 3483 perpendere
1153 3424 1207 3468 et
1268 3416 1456 3468 rimari
1485 3418 1631 3480 velit,
1702 3417 2126 3473 Manichaeorum

560 3506 754 3574 dogma
786 3521 877 3573 per
914 3522 1009 3561 eos
1044 3507 1144 3561 hac
1185 3510 1395 3563 ratione
1432 3510 1678 3564 renovari
1714 3510 2013 3581 intelliget:
2055 3513 2129 3567 si-

562 3598 777 3665 quidem
812 3595 1091 3651 Manichmi
1126 3600 1325 3652 malum
1364 3600 1530 3662 bono,
1568 3600 1744 3654 lucem
1779 3602 2038 3663 tenebris.
2076 3610 2130 3656 et

564 3688 744 3740 omnia
779 3687 943 3756 hujus
978 3688 1194 3758 generis
1224 3689 1337 3759 ipsa
1373 3697 1579 3743 natura:
1607 3690 1994 3744 contrarietate
2027 3690 2131 3744 sibi

565 3786 754 3829 mutuo
777 3777 977 3846 opponi
1012 3777 1257 3830 tradunt.
1300 3778 1432 3843 Quae
1462 3793 1588 3832 vere
1620 3793 1649 3830 a
1675 3793 1759 3832 mc
1789 3777 1919 3843 dici,
1954 3778 2130 3844 facile,

566 3881 626 3923 ut
662 3873 874 3935 opinor,
908 3880 1133 3932 annuet,
1198 3870 1290 3939 qui
1349 3885 1458 3923 non
1520 3870 1758 3939 segniter
1828 3869 2134 3925 orationem

568 3962 988 4030 praetervolabit.
1024 3961 1102 4015 Ita
1131 3976 1262 4015 vero
1292 3961 1731 4031 disquisitionem
1760 3962 2138 4017 instituamus:

567 4055 857 4119 Quodlibet
879 4070 943 4108 ex
977 4054 1240 4123 subjectis
1274 4068 1371 4108 sua
1409 4053 1567 4108 habet
1598 4061 1827 4122 cognata
1874 4063 1927 4109 et
1972 4056 2135 4109 insita

570 4150 724 4218 signa
759 4156 811 4201 et
848 4154 1006 4201 notas
1039 4147 1239 4216 quibus
1273 4146 1563 4201 substratte
1594 4155 1802 4200 natura:
1832 4149 2135 4217 proprieta-

569 4246 652 4291 tes
683 4247 1101 4305 cognoscantur.
1131 4237 1245 4290 sive
1293 4236 1358 4288 ad
1413 4236 1691 4297 animalia,
1748 4239 1862 4291 sive
1899 4238 1963 4292 ad
2004 4240 2132 4297 alia,

570 4342 902 4395 quocunque
967 4327 1207 4378 animum
1259 4335 1313 4378 et
1365 4325 1755 4394 cogitationem
1809 4335 2132 4379 convertas:

571 4434 679 4472 non
713 4419 854 4471 enim
903 4417 1093 4471 iisdem
1134 4417 1278 4469 notis
1312 4426 1366 4471 et
1409 4417 1581 4486 signis
1645 4416 2019 4487 insigniuntur
2071 4416 2137 4469 li-

568 4526 735 4582 gnum
767 4520 821 4564 et
853 4509 1073 4573 animal;
1112 4524 1288 4578 neque
1338 4508 1668 4563 animalibus
1722 4508 2012 4577 participat
2045 4524 2141 4562 na-
2172 4504 2215 4558 D

570 4610 692 4655 tura
722 4602 950 4656 rationis
984 4615 1179 4669 expers
1221 4614 1282 4653 ea
1316 4599 1471 4669 signa
1501 4607 1555 4654 et
1613 4599 1838 4663 iudicia,
1873 4615 1993 4669 quae
2042 4600 2139 4653 ho-

571 4694 738 4748 minis
774 4702 917 4747 sunt.
972 4691 1157 4761 Neque
1199 4707 1391 4746 rursus
1428 4691 1629 4745 ezedem
1670 4700 1812 4744 notae
1845 4691 2139 4746 ostendunt

571 4788 737 4839 vitam
762 4793 814 4841 et
842 4795 1092 4844 mortem,
1133 4784 1228 4838 sed
1262 4784 1315 4837 in
1354 4782 1612 4837 omnibus
1647 4782 1987 4853 simpliciter.
2032 4783 2140 4837 sic»

571 4881 651 4933 uti
680 4878 815 4939 dixi,
865 4887 949 4932 est
986 4877 1347 4946 impermista,
1384 4885 1439 4930 et
1483 4875 2025 4930 incommunicabilis
2057 4891 2140 4931 re-

572 4986 693 5022 rum
732 4968 1103 5036 subiectarum
1140 4966 1443 5029 distinctio,
1479 4981 1655 5034 neque
1704 4966 1816 5019 ullo
1849 4965 2013 5021 modo
2046 4982 2143 5037 per

574 5063 854 5131 signorum
883 5069 937 5113 et
979 5068 1233 5114 notarum
1266 5059 1740 5130 participationem
1774 5060 2030 5116 confusa.
2060 5060 2140 5114 Ad

578 5156 718 5207 hanc
779 5154 945 5222 igitur
1010 5168 1258 5204 normam
1319 5149 1657 5220 expendatur
1707 5151 2142 5205 adversariorum

575 5245 831 5300 assertio.
869 5241 1349 5296 lnnascibilitatem
1394 5240 1545 5293 aiunt
1574 5248 1707 5293 ‘esse
1756 5239 2141 5299 substantiam.

578 5336 981 5407 generationem
1014 5349 1231 5402 quoque
1266 5333 1331 5384 ad
1376 5331 1734 5385 substantiam
1782 5329 2044 5383 referunt.
2080 5331 2147 5383 At

576 5427 1037 5497 quemadmodum
1076 5425 1311 5477 hominis
1342 5432 1395 5477 ct
1426 5423 1620 5489 lapidis
1644 5422 1747 5473 alia
1786 5431 1914 5475 sunt
1944 5421 2144 5475 iudicia

579 5525 799 5592 (neque
858 5522 1002 5576 enim
1032 5519 1279 5573 eaindem
1337 5517 1707 5571 deﬁnitionem
1772 5512 2021 5567 attuleris
2048 5553 2061 5573 .
2101 5514 2146 5565 si

581 5616 901 5676 animatum,
935 5622 991 5667 ct
1020 5614 1378 5667 inanimatum
1420 5609 1732 5663 describere
1750 5608 2083 5678 aggrediaris
2108 5607 2143 5671 ).

584 5708 659 5764 ita
694 5724 804 5762 non
834 5717 1055 5779 gravate
1084 5706 1410 5766 concedant,
1446 5703 1768 5757 innascibile
1821 5702 1944 5755 aliis
1975 5700 2148 5770 signis

584 5811 639 5855 ct
672 5802 815 5855 notis
845 5802 1205 5862 innotescere,
1253 5800 1373 5852 aliis
1404 5797 1566 5852 etiam
1600 5798 1651 5852 id
1682 5799 1822 5869 quod
1855 5804 1935 5852 est
1967 5796 2144 5849 nasci-

2216 367 2508 425 NYSSENI
3660 366 3745 420 ωδ

2204 505 2340 549 σεως
2387 484 2696 553 κατασκευὴ
2748 482 2854 535 τῶν
2906 481 3262 552 Μανιχαῖκῶν
3304 481 3583 551 δογμάτων
3609 485 3745 555 ἀρχή.

2206 580 2276 631 Τὸ
2320 576 2425 646 γὰρ
2464 575 2563 644 τῆς
2618 574 2801 636 ούσίας
2826 574 3151 644 ἀσύμφωνον
3188 577 3269 637 εἰς
3295 575 3390 626 δύο
3429 572 3595 642 ἀρχὰς
3621 592 3749 645 περι.

2209 670 2383 737 ίστησι
2412 668 2471 719 τὸ
2490 666 2662 734 δόγμα
2687 707 2701 729 ,
2732 666 2913 728 καθὼς
2939 668 2967 718 ὁ
2994 665 3149 735 λόγος
3178 662 3426 729 ὑπέδειξε
3446 706 3460 730 ,
3483 665 3556 733 τῷ
3580 668 3751 737 κτιστῴ

2208 761 2300 812 καὶ
2329 758 2405 828 τῷ
2433 759 2669 828 ἀκτίστῳ
2698 758 3053 829 διῃρημένας.
3276 743 3291 760 ’

2290 849 2448 901 Ἀλλὰ
2476 848 2647 900 ταῦτα
2676 849 2772 917 μὲν
2803 847 2931 911 ἴσως
2961 847 3326 918 βεόιασμένην
3352 848 3542 918 ἔχοντα
3561 848 3649 919 τὴν
3678 852 3753 901 τοῦ

2207 942 2407 997 ἀτόπου
2452 940 2813 1010 κατασκευὴν,
2848 943 2896 993 οἱ
2935 940 3118 993 πολλοὶ
3153 941 3514 1005 αἰτιάσονται,
3548 941 3634 992 καὶ
3655 942 3754 993 οὐδὲ

2207 1032 2513 1103 γεγράφθαι
2542 1032 2602 1085 τὸ
2626 1032 2884 1103 παράπαν
2914 1032 3051 1102 μετά
3082 1032 3189 1085 τῶν
3216 1032 3419 1084 λοιπῶν
3445 1031 3752 1095 ἀξιώσουσιν.

2212 1126 2394 1179 Ἔστω
2457 1123 2661 1178 ταῦτα’
2704 1124 2823 1177 οὑδὲ
2865 1126 3026 1194 ἡμεῖς
3077 1124 3473 1193 ἀντιλέγομεν·
3519 1124 3629 1177 οὑδὲ
3668 1126 3755 1193 γὰρ

2209 1213 2328 1266 κατ’
2372 1213 2576 1266 οἰκείαν
2636 1214 2832 1285 ὁρμὴν,
2875 1213 3008 1266 ἀλλά
3047 1213 3136 1267 διά
3164 1215 3291 1275 τοὺς
3327 1214 3755 1283 ἀντιμαχομένονς

2211 1305 2290 1368 εἰς
2328 1304 2427 1375 τὴν
2474 1303 2728 1373 τοιαύτην
2780 1306 3100 1375 περιεργίαν
3137 1304 3392 1358 ἐκϐαλεῖν
3425 1306 3514 1359 τὸν
3541 1306 3679 1373 λόγον
3704 1308 3755 1357 ἐκ

2210 1396 2308 1464 τῆς
2330 1395 2643 1458 ἀκολουθίας
2690 1395 3064 1467 προήχθημεν.
3104 1398 3165 1449 Εἰ
3199 1396 3259 1449 δὲ
3293 1396 3356 1449 οὑ
3380 1396 3483 1467 χρὴ
3509 1397 3667 1449 ταῦτα
3686 1398 3755 1449 λὲο

2212 1504 2351 1555 γειν,
2401 1486 2531 1540 πολὺ
2571 1486 2835 1558 πρότερον
2861 1487 3167 1541 σιωπᾶσθαι
3212 1490 3485 1559 προσήκει
3510 1488 3613 1540 τῶν
3632 1490 3753 1541 ἐναν-

2213 1578 2341 1628 τίων
2370 1576 2458 1629 τὸν
2490 1575 2668 1645 λόγον,
2701 1576 2792 1629 τὸν
2835 1578 2933 1647 τῆς
2979 1578 3233 1650 τοιαύτης
3281 1579 3641 1649 ἀντιρρήσεως
3678 1580 3756 1641 τὰς

2216 1667 2465 1737 ἀφορμὰς
2498 1667 2888 1739 παρεχόμενον.
2919 1668 2993 1722 Οὑ
3014 1668 3123 1740 γάρ
3149 1669 3299 1723 ἐστιν
3327 1670 3525 1743 ἑτέρως
3550 1671 3755 1741 ἐπισχεῖν

2217 1760 2307 1811 τὸν
2337 1762 2447 1823 τοῖς
2486 1762 2741 1831 πονηροῖς
2783 1760 3151 1829 ἀντιλέγοντα,
3190 1761 3267 1831 μὴ
3305 1763 3405 1833 τὴν
3430 1762 3665 1815 ὑπόθεσιν
3691 1762 3755 1826 ἐξ·

2221 1852 2405 1905 ελόντα
2430 1851 2528 1921 τῆς
2556 1852 2944 1925 ἀντιρρήσεως.
2989 1853 3133 1924 Πλὴν
3166 1853 3338 1924 ήδέως
3368 1853 3434 1908 ἂν
3465 1854 3755 1925 συμσουλεύ-

2224 1959 2381 2013 σαιμι
2422 1946 2534 2007 τοῖς
2563 1944 2705 1997 οὓτω
2735 1944 3096 2014 διακειμένοις
3126 1945 3326 2016 μικρόν
3351 1963 3403 1998 τι
3435 1947 3529 2017 τῆς
3564 1947 3756 2015 φιλονει·

2223 2034 2346 2097 κίας
2366 2034 2468 2101 ἔξω
2488 2036 2740 2103 γενέσθαι
2763 2077 2777 2100 ,
2816 2035 2911 2089 καὶ
2942 2034 3015 2107 μὴ
3039 2036 3157 2088 λίαν
3181 2036 3435 2106 ἐκθύμως
3455 2037 3558 2091 τῶν
3578 2038 3757 2091 οἰκείων

2225 2125 2559 2195 ὑπερμαχεῖν
2587 2125 2904 2197 ύπολήψεων
2929 2166 2943 2189 ,
2978 2119 3067 2189 αἷς
3091 2126 3191 2198 ήδη
3229 2127 3757 2199 προειλημμένοιτυγ-

2223 2214 2446 2283 χάνουσι
2471 2232 2483 2244 ο
2523 2216 2657 2287 μηδὲ
2713 2214 3049 2287 πανταχόθεν
3100 2218 3410 2288 ἀναζητεῖν,
3455 2219 3591 2281 ὅπως
3617 2219 3675 2272 ἂν
3711 2219 3758 2271 τὸ

2225 2306 2407 2358 πλεῖον
2447 2306 2619 2377 ἔχοιεν
2655 2307 2764 2360 τῶν
2818 2309 3293 2378 ἀντιτεταγμένων
3321 2327 3334 2339 ·
3369 2310 3480 2363 ἀλλ’
3523 2310 3592 2371 ὡς
3644 2310 3758 2379 ὑπὲρ

2224 2396 2402 2467 ψυχῆς
2435 2397 2585 2462 ὄντος
2637 2399 2730 2452 τοῦ
2774 2399 2996 2471 δρόμου,
3035 2400 3181 2470 μόνῳ
3227 2401 3308 2472 τῷ
3356 2403 3665 2472 συμφέροντι
3692 2403 3757 2453 τί·

2227 2492 2432 2557 θεσθαι,
2456 2494 2549 2546 καὶ
2586 2496 2651 2565 τῇ
2694 2494 2920 2565 ἀληθείᾳ
2944 2494 3140 2547 διδόναι
3171 2497 3495 2567 νικητήρια.
3530 2497 3588 2548 Εἰ
3612 2495 3758 2546 τοίνυν

2228 2586 2549 2654 φιλονεικεῖν
2580 2605 2663 2650 τις
2691 2588 2956 2652 ἀποστὰς,
2991 2589 3151 2642 αὑτὸν
3183 2590 3271 2657 ἐφ’
3307 2588 3494 2642 ἐαυτοῦ
3522 2588 3759 2641 διασκοποί

2225 2678 2315 2731 τὸν
2364 2678 2539 2745 λόγον,
2592 2678 2652 2730 οὑ
2704 2679 2953 2750 χαλεπῶς
2994 2681 3219 2752 εὑρήσει
3260 2682 3357 2752 τὴν
3407 2678 3757 2752 ἐμφαινομένην

2227 2770 2453 2823 ἀτοπίαν
2480 2769 2557 2840 τῷ
2576 2770 2835 2840 δόγματι.

2310 3041 2668 3113 ’Υποθώμεθα
2690 3042 2797 3115 γὰρ
2823 3044 3221 3114 συγχωρεῖσθαι
3244 3045 3383 3098 κατά
3404 3044 3487 3097 τὸν
3514 3043 3653 3108 λόγον
3676 3038 3760 3092 τῶν

2230 3134 2583 3198 ὑπεναντίων,
2614 3136 2707 3188 καὶ
2743 3136 3067 3206 ἀγεννησίαν
3103 3136 3296 3190 οὑσίαν
3333 3132 3470 3190 εἶναι
3490 3152 3502 3165 ·
3533 3134 3615 3188 καὶ
3633 3131 3761 3185 πάλιν

2230 3226 2491 3289 ὡσαύτως
2519 3227 2617 3298 τὴν
2647 3227 2898 3298 γέννησιν
2941 3228 3020 3290 εἰς
3069 3228 3257 3280 οὑσίαν
3318 3223 3758 3297 ἀναλαμϐάνεσθαι.

2231 3318 2438 3371 Οὐκοῦν
2458 3320 2614 3383 εἴτις
2639 3320 2879 3391 ἀκριϐῶς
2895 3322 2960 3390 τῇ
2982 3320 3189 3390 διανοίᾳ
3216 3320 3327 3374 τῶν
3346 3320 3632 3390 λεγομένων
3661 3318 3761 3368 ἁκοο

2230 3410 2530 3477 λουθήσειε,
2565 3412 2626 3465 τὸ
2650 3413 2991 3482 Μανιχαῖκὸν
3025 3414 3205 3475 αὑτοῖς
3235 3412 3408 3483 δόγμα
3441 3410 3525 3463 διὰ
3559 3408 3645 3475 τῆς
3667 3402 3761 3458 ὁδοό

2230 3505 2435 3575 ταύτης
2476 3505 2971 3577 ἀναπλασθήσεται,
2998 3505 3155 3575 εἴπερ
3202 3504 3375 3559 κακοῦ
3408 3504 3536 3575 πρὸς
3576 3496 3760 3567 ἀγαθὸν.

2232 3597 2327 3649 καὶ
2357 3597 2532 3663 φωτὸς
2562 3596 2696 3667 πρὸς
2751 3596 2959 3660 σκότος,
3014 3596 3108 3650 καὶ
3169 3595 3387 3648 πάντων
3417 3594 3520 3647 τῶν
3543 3589 3761 3644 τοιούτων

2233 3688 2372 3741 κατὰ
2398 3688 2455 3739 τὸ
2477 3687 2713 3740 ἐναντίον
2745 3688 2846 3756 τῆς
2868 3687 3102 3756 φύσεως,
3125 3687 3221 3757 τὴν
3254 3685 3518 3741 ἀντίθεσιν
3545 3677 3762 3750 δογματίο

2236 3778 2346 3841 ζειν
2370 3782 2479 3843 τοῖς
2503 3778 2820 3849 Μανιχαίοις
2843 3779 3004 3833 δοκεῖ.
3032 3780 3140 3832 Καὶ
3163 3779 3246 3831 ὅτι
3266 3776 3434 3831 ταῦτα
3456 3773 3616 3844 ἀληθῆ
3630 3770 3761 3836 λέγω.

2237 3871 2433 3945 ῥᾳδίως
2491 3866 2643 3941 οἶμαι
2709 3870 3069 3941 συνθήσεσθαι
3110 3872 3202 3922 τὸν
3239 3871 3312 3941 μὴ
3340 3867 3588 3940 ῥᾳθύμως
3615 3876 3761 3928 παρα-

2235 3961 2509 4032 δραμόντα
2535 3961 2624 4013 τὸν
2654 3961 2839 4028 λόγον’
2876 3962 3073 4014 οὑτωσὶ
3101 3961 3155 4013 δέ
3171 3955 3575 4029 διασκεψώμεθα
3598 3968 3610 3981 ·
3638 3950 3762 4004 Ἐκά-

2238 4069 2347 4122 στῳ
2375 4051 2482 4104 τῶν
2514 4051 2891 4120 ὑποκειμένων
2921 4051 3172 4121 προσφυῆ
3203 4066 3325 4102 τινα
3352 4047 3556 4105 πάντως
3573 4038 3761 4093 ἐπιθεω-

2241 4148 2413 4216 ρεῖται
2444 4145 2824 4216 γνωρίσματα,
2858 4144 2925 4196 δι’
2967 4138 3041 4197 ὧν
3070 4141 3129 4197 τὸ
3164 4141 3364 4205 ἰδιάζον
3392 4138 3489 4207 τῆς
3517 4126 3762 4196 ὑποκειμί-

2238 4256 2334 4306 νης
2360 4236 2777 4305 ἐπιγινώσκεται
2828 4234 3042 4304 φύσεως
3064 4276 3077 4295 .
3118 4234 3225 4287 εἴτε
3261 4232 3351 4286 ἐπὶ
3392 4229 3487 4298 τῆς
3514 4224 3611 4277 τῶν
3640 4219 3762 4285 ζώων

2239 4329 2496 4399 διαφορᾶς
2542 4326 2817 4391 ἐξετάζοις
2867 4326 2958 4378 τὸν
2990 4324 3166 4392 λόγον,
3211 4325 3321 4377 εἴτε
3362 4319 3449 4373 ἐπὶ
3489 4313 3588 4367 τῶν
3620 4308 3763 4399 ἄλλων

2243 4397 2515 4474 ἁπάντων.
2569 4420 2641 4472 Οὑ
2690 4418 2798 4489 γὰρ
2835 4420 2947 4479 τοῖς
2967 4417 3149 4479 αὑτοῖς
3187 4415 3248 4468 τὸ
3280 4413 3429 4478 ξύλον
3462 4407 3550 4461 καὶ
3576 4397 3761 4495 τὺλζῶοῗ

2246 4511 2740 4585 χαρακτηρίζεται·
2762 4513 2901 4568 οὐδὲ·
2924 4512 3035 4572 τοῖς
3065 4508 3224 4574 ζώοις
3252 4500 3578 4561 ἐπικοινωνεῖ
3606 4493 3762 4585 τάλτου

2246 4582 2531 4677 ἀνθρώπου
2557 4601 2888 4674 γνωριστικά
2915 4603 3114 4671 σημεῖα
3134 4600 3269 4672 πρὸς
3288 4598 3383 4668 τὴν
3410 4594 3586 4659 ἄλογον
3614 4582 3761 4677 φύσιγι

2248 4668 2367 4751 υὺδζ
2400 4691 2465 4749 αὖ
2493 4668 2653 4748 πάλιν
2673 4668 2749 4746 ⁷τὰ
2776 4693 2913 4748 αὑτά
2950 4668 3189 4745 δείκνυσί
3216 4693 3315 4762 τήν
3350 4705 3406 4740 τε
3435 4683 3567 4750 ζωὴν
3589 4668 3762 4729 καὶτὸν

2249 4792 2475 4844 θάνατον
2496 4802 2509 4817 ⁸
2542 4786 2656 4839 ἀλλ’
2695 4784 2787 4837 ἐπὶ
2821 4784 3037 4838 πάντων
3073 4779 3422 4847 ἁπαξαπλῶς,
3451 4770 3617 4830 καθὼς
3641 4764 3761 4831 εἴρη-

2247 4900 2357 4945 ται,
2391 4878 2621 4950 ἄμικτός
2661 4876 2744 4939 τίς
2783 4878 2895 4929 ἐστι
2937 4877 3030 4929 καὶ
3080 4867 3496 4941 ἀκοινώνητοςὴ
3534 4860 3628 4914 τῶν
3654 4856 3760 4950 ὑπο·

2249 4946 2517 5041 κειμένων
2545 4970 2813 5039 διάκρισις
2836 5007 2850 5030 ,
2884 4968 3032 5019 οὐδὲν
3055 4969 3166 5029 τοῖς
3198 4965 3304 5018 τῶν
3332 4946 3758 5041 ἐπιθεωρουμξνωγ

2250 5031 2590 5132 γνωρίσμασι
2628 5031 2716 5115 διά
2763 5076 2905 5123 τινος
2942 5057 3222 5120 κοινωνίας
3269 5048 3607 5143 συγχεομένηὶ
3635 5031 3760 5143 κατὰ

2250 5157 2422 5208 τοίνυν
2452 5156 2550 5227 τὴν
2591 5151 2908 5207 ἀκολουθίαν
2947 5152 3149 5221 ταύτην
3184 5146 3511 5215 ἐξετασθὴτω
3540 5150 3635 5188 των

2252 5226 2516 5302 εναντίων
2551 5248 2579 5298 ὁ
2627 5246 2801 5314 λόγος.
2858 5243 2966 5314 Τὴν
3017 5242 3357 5312 ἀγεννησίαν,
3416 5230 3586 5288 οὐσίαν
3621 5226 3753 5287 φασν

2254 5340 2348 5393 καὶ
2400 5338 2494 5407 τὴν
2541 5338 2792 5406 γέννησιν
2830 5336 3087 5398 ὡσαύτως
3137 5335 3216 5396 εἰς
3265 5328 3442 5383 οὑσίαν
3490 5318 3752 5410 ἀνάγουσιέ

2275 5387 2347 5393 --η
2412 5387 2484 5407 -.⁸,
2552 5387 2783 5406 ,κη’-ὴ,
3069 5387 3084 5398 υ
3198 5387 3213 5396 τ
3589 5404 3598 5417 ι
3664 5396 3673 5410 ο

2266 5430 2403 5482 Ἀλλ’
2422 5428 2607 5499 ὥσπερ
2634 5427 2939 5497 ἀνθρώπου,
2997 5426 3091 5477 καὶ
3135 5423 3280 5475 λίθου
3326 5420 3494 5485 ἕτερα,
3526 5414 3681 5499 xlv-Ol.)
3702 5387 3754 5441 τὰ

2254 5521 2390 5576 αὑτά
2411 5521 2792 5591 γνωρίσματα·
2844 5519 2903 5569 οὑ
2947 5517 3052 5587 γάρ
3111 5515 3174 5567 ἂν
3204 5515 3291 5566 τὸν
3335 5504 3484 5562 αὑτὸν

2255 5573 2507 5676 ἀποδοίης
2526 5573 2535 5591 ⁸
2553 5573 2706 5671 λόγον
2758 5573 2993 5671 ἔμψυχόν
3023 5573 3082 5653 τε
3112 5601 3202 5652 καὶ
3234 5596 3444 5663 ἄψυχον,
3565 5575 3618 5676 τί

2256 5653 2505 5676 --.η---.μ
2768 5653 2802 5671 ν,
2844 5653 2935 5671 ,γη
3282 5653 3292 5663 .
3342 5653 3370 5661 ..

2254 5698 2565 5769 ὁριζόμενος
2589 5714 2601 5726 σ
2633 5694 2772 5747 οὕτω
2790 5695 3005 5755 πάντως
3035 5693 3210 5753 ἄλλοις
3236 5688 3329 5758 μὲν
3353 5666 3670 5749 γνωρίζεσθαι
3682 5653 3751 5706 τὸν

2260 5790 2545 5823 λνέιιυνιιγηυ
2574 5786 2819 5823 κνησιςίην·
2867 5784 3123 5823 λάμπωσιν
3180 5781 3377 5823 ἑτέροις
3488 5764 3563 5816 τὸν
3593 5762 3747 5823 γεννΨ

3488 5770 3563 5816 τὸν
3593 5770 3747 5816 γεννηο

3409 5771 3428 5784 α

2259 5790 2545 5862 ἀγέννητον
2574 5786 2819 5858 σημείοις
2867 5784 3144 5847 δώσουσιν,
3180 5781 3377 5851 ἑτέροις
3405 5770 3453 5823 δὲ
