3922 6480
229 383 323 440 ὅθί)

1347 374 1623 433 CONTRA
1660 374 2049 438 EUNOMIUM.
2085 376 2213 432 ΜΒ.
2248 377 2289 430 l.

3334 379 3437 433 “0

229 502 319 555 τόν.
350 490 547 549 οὐκοῦν
579 493 942 565 θεωρήσωμεν
964 491 1033 545 τά
1064 492 1331 556 ἰδιάζοντα
1355 494 1450 546 τοῦ
1466 494 1760 565 ἀγεννήτου

1869 494 1992 548 bile.
2025 492 2321 548 Videamus
2355 494 2518 561 igitur
2547 493 2797 562 prOprias
2830 501 3009 557 notas,
3061 502 3117 548 et
3164 492 3437 548 conditio-

226 591 356 649 Θεοῦ.
379 591 474 642 ὅσα
497 587 733 650 εὐσεϐῶς
754 587 936 655 λέγειν
952 604 1012 639 τε
1042 586 1133 640 καὶ
1156 589 1292 641 νοεῖν
1313 586 1463 658 παρά
1489 588 1588 657 τῆς
1609 590 1768 657 ἁγίας

226 681 418 753 Γραφῆς
446 680 571 750 περὶ
600 678 763 731 αὐτοῦ
796 679 1218 749 μεμαθήκαμεν.

281 774 397 824 Τίνα
427 768 519 825 οὐν
546 772 660 823 ἐστι
692 769 1123 832 ταῦτα;οὐδένα
1165 766 1318 839 οἴμαι
1361 770 1471 823 τῶν
1508 771 1769 842 Χριστια-

221 866 309 918 νῶν
342 866 571 930 ἀγνοεῖν,
598 864 678 915 ὅτι
704 861 928 929 ἀγαθὸς,
961 861 1043 913 ὅτι
1071 861 1303 931 χρηστὸς
1322 901 1337 922 ,
1370 862 1451 914 ὅτι
1489 861 1662 930 ἅγιος,
1691 863 1769 915 δῖ-

222 956 349 1017 καιός
367 971 422 1005 τε
453 954 547 1006 καὶ
575 954 737 1015 ὅσιος,
766 951 992 1022 ἀόρατός
1021 969 1080 1004 τε
1119 952 1211 1005 καὶ
1238 951 1521 1016 ἀθάνατος,
1563 954 1767 1024 φθορᾶς

218 1064 266 1099 τε
295 1046 379 1098 καὶ
404 1044 613 1114 τροπῆς
644 1044 735 1096 καὶ
765 1042 1098 1105 ἀλλοιώσεως
1128 1043 1495 1107 ἀνεπίδεκτος,
1522 1044 1764 1108 δυνατὸς,

221 1137 375 1205 σορὸς,
400 1135 716 1205 εὐεργέτης,
739 1133 962 1205 Κύριος,
983 1132 1195 1205 κριτὴς,
1225 1135 1400 1187 πάντα
1428 1134 1493 1187 τά
1520 1134 1762 1190 τοιαῦτα.

217 1229 271 1281 Τί
317 1226 417 1295 γὰρ
448 1226 530 1278 δεῖ
574 1224 1019 1295 ὁμολογουμένοις
1074 1224 1466 1295 ἐνδιατρίϐοντα
1508 1226 1768 1295 παρατεί-

217 1338 307 1374 νειν
334 1320 419 1372 τὸν
445 1318 643 1386 λόγον;
674 1319 736 1371 Εἰ
761 1314 854 1371 οὖν
885 1317 1057 1372 ταῦτα
1095 1319 1152 1371 ὲν
1194 1320 1258 1387 τῇ
1290 1318 1568 1388 ἀγεννήτῳ
1606 1318 1765 1388 φύσει

216 1407 709 1478 καταλαμϐάνομεν,
742 1407 803 1460 τὸ
829 1407 885 1459 δὲ
918 1405 1239 1477 γεννηθῆναι
1278 1404 1356 1475 τῷ
1395 1406 1468 1477 μὴ
1502 1408 1767 1478 γεννηθῆ-

216 1516 287 1553 ναι
311 1500 640 1560 ὑπεναντίως
665 1497 777 1567 ἔχει
807 1496 947 1549 κατά
971 1495 1069 1567 τὴν
1100 1495 1307 1549 ἔννοιαν
1328 1512 1341 1525 ·
1379 1496 1590 1566 ἀνάγκη
1615 1499 1766 1551 πᾶσα

216 1589 475 1643 συνθέσθαι
526 1590 656 1651 τούς
702 1589 800 1659 τὴν
844 1587 1165 1658 ἀγεννησίαν
1218 1588 1310 1640 καὶ
1366 1588 1464 1655 τὴν
1514 1587 1766 1658 γέννησιν

214 1682 375 1735 οὐσίαν
404 1676 542 1734 εἶναι
578 1680 929 1752 ὁριζομένους
958 1680 1096 1732 κατὰ
1130 1679 1284 1747 λόγον
1337 1680 1433 1749 τῆς
1453 1678 1544 1731 τοῦ
1571 1695 1766 1749 γεννη-

214 1773 289 1826 τοῦ
312 1773 440 1843 πρὸς
457 1774 519 1825 τὸ
541 1773 840 1842 ἀγέννητον
864 1769 1204 1833 ἀντιθέσεωςο
1231 1771 1325 1824 καὶ
1343 1769 1412 1823 τὰ
1434 1770 1765 1840 γνωριστικὰ

216 1866 388 1933 σημεῖα
423 1863 521 1934 τῆς
562 1862 832 1933 γεωητῆς
862 1862 1080 1926 οὐσίας,
1116 1858 1446 1923 ὑπεναντίως
1487 1860 1630 1930 ἔχειν
1655 1862 1765 1923 τοῖς

214 1954 677 2025 ὲπιθεωρουμένοις
704 1956 770 2023 τῇ
800 1954 1078 2023 ἀγεννήτῳ
1106 1950 1280 2020 φύσει.
1306 1952 1367 2004 Εί
1402 1952 1510 2021 γὰρ
1533 1950 1602 2004 τὰ
1627 1952 1766 2007 αὐτὰ

217 2048 411 2114 λέγοιεν,
441 2046 633 2099 οὐκέτι
662 2046 724 2098 τὸ
754 2047 985 2117 ἑτεροῖον
1011 2044 1110 2114 τῆς
1130 2043 1238 2096 τῶν
1267 2044 1637 2115 ὑποκειμένων
1662 2042 1765 2112 φύ-

217 2153 328 2199 σεως
346 2136 431 2188 διὰ
449 2136 549 2206 τῆς
568 2136 899 2205 ταύτότητος
926 2134 1034 2187 τῶν
1056 2132 1538 2203 έπιθεωρουμένων
1574 2135 1765 2205 συστή-

216 2246 360 2282 σεται.
383 2228 501 2281 Τῶν
524 2228 637 2299 γὰρ
668 2227 921 2297 έτεροίως
944 2227 1195 2297 ἑχόντων,
1217 2227 1381 2296 ἕτερα
1414 2226 1520 2297 χρὴ
1549 2226 1766 2291 πάντως

214 2316 326 2373 εἶναι
362 2321 453 2373 καὶ
489 2320 565 2373 τὰ
606 2319 961 2390 γνωρίσματα
998 2316 1224 2371 οἴεσθαι’
1271 2318 1369 2370 ὅσα
1408 2317 1465 2370 δὲ
1506 2317 1766 2379 ὡσαύτως

213 2412 329 2465 κατὰ
361 2411 447 2465 τὸν
483 2411 650 2479 λόγον
673 2409 771 2480 τῆς
794 2410 979 2472 οὐσίας
1010 2408 1155 2479 ἔχει,
1202 2410 1313 2471 τοῖς
1356 2409 1537 2473 αὐτοῖς
1568 2408 1764 2479 δηλαδὴ

215 2503 428 2574 σημείοις
460 2502 955 2573 χαρακτηρίζεται.
985 2502 1045 2554 Et
1072 2501 1169 2570 μὲν
1190 2492 1283 2553 οὖν
1305 2500 1374 2554 τὰ
1401 2500 1539 2554 αὐτὰ
1562 2501 1655 2554 καὶ
1688 2499 1765 2571 τῷ

213 2596 474 2663 Μονογενεῖ
504 2591 1047 2665 προσμαρτυροῦσιν,
1079 2592 1355 2662 οὐδεμίαν,
1395 2590 1576 2655 καθὼς
1612 2591 1764 2662 εἴρη-

212 2704 301 2750 ται,
328 2688 446 2757 περὶ
491 2687 564 2739 τὸ
600 2687 958 2755 ὑποκείμενον
988 2684 1250 2755 διαφορὰν
1290 2682 1577 2736 ἐννοοῦσιν.
1616 2684 1678 2738 Εἰ
1706 2684 1763 2737 δὲ

213 2781 304 2841 τοῖς
342 2778 685 2849 βλασφήμοις
715 2777 1017 2847 ὲπιμένοιεν
1042 2776 1238 2844 λόγοις,
1264 2775 1357 2828 καὶ
1392 2774 1454 2827 τὸ
1485 2774 1763 2845 παρηλλα-

214 2871 382 2939 γμένον
406 2872 499 2941 τῆς
532 2870 754 2938 φύσεως
782 2870 839 2922 ὲν
878 2872 944 2939 τῇ
985 2868 1214 2939 διαφορᾷ
1261 2866 1352 2920 τοῦ
1388 2865 1645 2936 γεννητοῦ
1673 2867 1764 2920 καὶ⁸

213 2961 287 3013 τοῦ
305 2962 600 3031 ἀγεννήτω
634 2957 1106 3022 κατασκευάζοιεν,
1132 2956 1347 3010 εὔκολον
1376 2956 1601 3009 συνιδεῖν
1630 2956 1762 3010 πάν⁹

214 3070 299 3116 τως
326 3054 380 3106 τὸ
404 3054 467 3107 ἐκ
494 3052 605 3121 τῆς
639 3050 954 3114 ἀκολουθίας
986 3051 1410 3120 ἀναφαινόμενον
1436 3060 1453 3077 ⁹
1491 3048 1572 3103 ὅτι
1612 3047 1765 3101 ’κατά

1799 1827 1842 1882 Β

1872 600 1970 639 nes
2000 585 2340 640 innascibilis
2367 584 2483 647 Dei,
2514 600 2651 653 quas
2684 583 2769 653 pie
2822 586 2886 639 de
2914 585 3022 640 Deo
3068 586 3172 640 dici
3207 595 3261 641 et
3294 587 3438 657 cogi-

1869 678 1973 732 tari
1996 693 2059 731 ex
2095 678 2270 732 sacris
2292 676 2495 731 litteris
2517 675 2827 729 didicimus.

1938 763 2069 830 Quae
2110 776 2237 819 sunt
2283 766 2402 820 ista:
2445 765 2628 819 noue?
2665 764 2946 820 Neminem
2992 765 3434 822 Christianorum

1869 859 2124 929 ignorare
2166 858 2407 913 arbitror
2454 856 2769 926 hujusmodi
2804 866 2962 911 notas
3002 861 3209 912 censeri
3262 861 3433 914 istas:

1870 947 2003 1003 Esse
2026 948 2247 1023 bonum,
2286 948 2481 1011 leuem,
2516 955 2786 1009 sanctum,
2817 947 3050 1014 justum,
3084 949 3435 1013 invisibilem,

1870 1039 2258 1101 immortalem,
2308 1038 2716 1107 corruptionis.
2777 1040 3099 1094 mutationis
3148 1051 3202 1094 et
3242 1040 3439 1096 altera-

1867 1133 2033 1186 tionis
2062 1132 2397 1199 incapacem,
2433 1139 2727 1199 potentem,
2763 1132 3087 1200 sapientem,
3119 1134 3439 1189 benefacto-

1868 1239 2007 1286 rem,
2046 1222 2355 1288 Dominum,
2399 1222 2665 1291 judicem,
2701 1233 2755 1277 et
2785 1226 2967 1278 omnia
2999 1225 3164 1293 hujus
3196 1228 3434 1297 generis.

1868 1314 2010 1382 Quid
2043 1316 2186 1370 enim
2220 1314 2387 1369 rebus
2418 1315 2596 1384 planis
2625 1323 2680 1369 et
2706 1317 3008 1385 exploratis
3030 1318 3437 1385 immorantem,

1866 1403 2030 1457 verba
2057 1402 2422 1471 multiplicare
2448 1403 2677 1458 attinet?
2702 1405 2800 1457 aSi
2823 1405 2989 1473 igitur
3007 1406 3178 1460 istain
3198 1408 3439 1464 innasci-

1866 1490 1963 1544 bili
2001 1493 2183 1547 inesse
2216 1492 2701 1561 deprehendimus,
2738 1493 2792 1548 id
2824 1510 2954 1548 vero
2980 1497 3125 1565 quod
3171 1498 3438 1552 nascibile

1865 1590 1971 1644 est,
2017 1582 2068 1637 ei
2113 1582 2259 1652 quod
2297 1593 2381 1638 est
2429 1584 2773 1649 innascibile,
2817 1586 3119 1640 secundum
3165 1589 3435 1644 rationem

1866 1675 2188 1744 opponitur,
2217 1675 2506 1745 perspicue
2534 1677 2785 1745 sequitur
2816 1692 2933 1739 eos.
2968 1678 3061 1748 qui
3105 1680 3438 1735 innascibili-

1868 1775 2058 1828 tatem.
2088 1774 2142 1821 et
2171 1767 2591 1822 nascibilitatem
2617 1768 2768 1823 aiunt
2792 1784 2912 1825 esse
2941 1770 3328 1837 substantiam,
3364 1773 3437 1825 fa-

1867 1860 1968 1913 teri
2001 1859 2217 1921 debere,
2249 1874 2347 1929 pro
2388 1860 2732 1929 oppositione
2775 1862 3117 1918 innascibilis
3148 1865 3213 1918 ad
3249 1866 3434 1921 nasci-

1867 1951 1993 2017 bile,
2030 1959 2187 2006 notas
2217 1966 2431 2019 quoque
2456 1960 2510 2006 et
2533 1952 2875 2009 conditiones
2902 1956 2968 2009 ad
2991 1958 3433 2026 cognoscendum

1866 2055 2022 2116 aptas
2046 2046 2365 2100 substantia;
2384 2047 2665 2102 nascibilis
2688 2050 2991 2105 contrarias
3020 2065 3141 2105 esse
3170 2050 3296 2115 illis,
3315 2067 3435 2121 qtm

1867 2136 1924 2190 in
1955 2145 2153 2194 natura
2205 2137 2512 2194 innascibili
2559 2148 2841 2209 apparent.
2881 2138 2936 2195 Si
2964 2142 3107 2196 enim
3146 2143 3435 2213 utrobique

1865 2228 2085 2283 easdem
2117 2238 2276 2283 notas
2307 2237 2533 2299 ponant,
2564 2230 2711 2285 haud
2746 2232 2980 2301 amplius
3019 2232 3308 2289 diversitas
3336 2250 3436 2288 na-

1867 2327 2001 2372 tura;
2030 2334 2211 2373 rerum
2255 2320 2646 2388 subjectarum,
2695 2336 2790 2391 per
2820 2322 3039 2378 easdem
3086 2333 3243 2379 notas
3277 2325 3434 2381 nobis

1865 2410 2367 2479 repraesentabitur.
2418 2410 2552 2466 Nam
2604 2428 2690 2476 ea,
2734 2429 2855 2482 quae
2901 2414 3057 2469 aliter
3088 2424 3284 2470 natura
3314 2433 3437 2472 sese

1865 2500 2088 2565 habent,
2135 2502 2445 2557 necessario
2483 2502 2817 2557 comitantur
2841 2505 2948 2558 alia
2976 2505 3197 2570 ibidem,
3234 2509 3435 2577 quibus

1865 2598 2297 2659 cognoscantur,
2333 2589 2566 2645 indicia:
2620 2607 2739 2660 quae
2764 2604 2943 2647 autem
2983 2596 3280 2649 secundum
3307 2597 3436 2651 sub-

1865 2683 2083 2737 stantiae
2116 2683 2380 2738 rationem
2424 2684 2678 2739 similiter
2711 2701 2833 2741 sese
2871 2686 3092 2751 habent,
3129 2704 3191 2742 ea
3238 2689 3433 2745 iisdem

1872 2776 2036 2831 etiam
2082 2775 2226 2831 notis
2267 2786 2320 2830 et
2355 2777 2619 2848 symbolis
2665 2777 2969 2849 signantur.
3017 2779 3072 2833 Si
3105 2780 3272 2849 igitur
3308 2784 3434 2837 uni-

1865 2869 2050 2939 genito
2082 2865 2220 2921 Filio
2244 2868 2464 2925 easdem
2510 2884 2731 2939 quoque
2769 2880 2927 2927 notas
2972 2872 3273 2937 ascribunt,
3308 2876 3435 2929 nul-

1864 2962 1992 3027 lam,
2025 2968 2185 3031 prout
2204 2960 2339 3023 dixi,
2372 2961 2426 3014 in
2458 2961 2765 3016 substantia
2785 2962 3156 3021 diversitatem
3186 2976 3431 3024 statuere

1864 3052 1947 3106 vel
1992 3066 2325 3122 cognoscere
2373 3059 2599 3121 queunt.
2658 3052 2718 3107 Si
2750 3069 2880 3109 vero
2918 3056 2971 3109 in
3003 3070 3102 3111 sua
3156 3057 3434 3127 impietate

212 3144 293 3212 τὴν
330 3144 434 3196 τῶν
473 3142 764 3212 ὀνομάτων
805 3140 1097 3203 ἀντίθεσιν,
1133 3140 1346 3209 καὶτῆς
1393 3138 1606 3207 φύσεως
1656 3137 1762 3191 τῶν

1869 3142 2183 3211 persistant,
2223 3149 2277 3195 et
2306 3140 2677 3197 diversitatem
2714 3151 2923 3198 natura:
2953 3160 3049 3214 per
3076 3148 3356 3203 nascibilis
3378 3157 3434 3204 et

215 3235 299 3287 ὑπὸ
331 3230 432 3288 τῶν
475 3234 763 3303 ὀνομάτων
811 3230 1224 3303 σημαινομένων
1262 3229 1594 3291 ὑπεναντίως
1623 3227 1763 3298 ἔχειν

214 3327 325 3395 πρὸς
352 3327 553 3396 ἑαυτὴν
584 3324 931 3395 νομισθείσης
956 3364 971 3388 ,
1007 3324 1218 3394 ἀνάγκη
1248 3324 1398 3377 πᾶσα
1433 3323 1527 3377 καὶ
1559 3323 1625 3376 τὰ
1649 3325 1766 3376 ὲπις

214 3415 540 3487 θεωρούμενα
568 3417 845 3487 ἑκατέροις
888 3419 1023 3489 πρὸς
1052 3417 1110 3470 τδ
1144 3416 1380 3470 ἐναντίον
1407 3414 1762 3487 διενεχθῆναι·

214 3504 328 3557 ὥστε
358 3506 465 3560 τῶν
496 3509 597 3561 ἐπὶ
619 3506 713 3559 τοῦ
743 3507 948 3580 [ἰατρὸς
972 3506 1296 3577 λεγομένων,
1320 3506 1387 3559 τὰ
1414 3504 1765 3576 ἀντικείμενα

212 3594 274 3663 τῷ
306 3598 597 3666 Μονογενεῖ
642 3596 1044 3667 έφαρμόζεσθαι
1071 3637 1086 3660 ,
1129 3597 1398 3667 θεότητος,
1455 3596 1723 3666 ἀγιασμοῦ
1746 3635 1761 3659 ,
1786 3622 1805 3629 ε

213 3689 520 3763 ἀγαθότητος
542 3730 555 3754 ,
585 3690 920 3759 ἀφθαρσίας,
954 3689 1252 3759 ἀῖδιότητος
1272 3727 1287 3751 ,
1338 3689 1432 3742 καὶ
1466 3688 1521 3740 εἴ
1548 3706 1600 3741 τι
1637 3688 1765 3742 ἄλλο

212 3778 285 3830 τὸν
316 3781 400 3833 ἐπὶ
440 3781 663 3833 πάντων
692 3780 823 3834 Θεὸν
850 3780 937 3833 διὰ
978 3780 1085 3833 τῶν
1116 3778 1353 3832 εὐσεϐῶν
1397 3779 1526 3849 ἡμῖν
1558 3778 1762 3850 νοημά-

212 3888 299 3923 των
349 3874 702 3943 παρίστησιν·
731 3871 870 3925 ὥστε
924 3872 1103 3925 πάντα
1128 3872 1193 3924 τὰ
1215 3871 1642 3941 άπεμφαίνοντα,
1672 3872 1766 3925 καὶ

213 3963 399 4036 ἑκάστῳ
420 3966 535 4018 τῶν
570 3965 704 4035 πρὸς
727 3965 787 4018 τὸ
814 3967 1057 4035 κρεῖττον
1088 3964 1507 4034 ὑπειλημμένων
1527 3964 1763 4017 ἀντιδια-

214 4054 542 4125 στελλόμενα,
570 4055 666 4125 τῆς
691 4055 953 4124 γεννητῆς
984 4054 1089 4107 ἴδια
1108 4053 1345 4125 νομίζειν
1372 4053 1557 4117 οὐσίας
1597 4049 1757 4108 εἶναι.

1869 3232 2210 3288 innascibilis
2239 3231 2597 3288 differentiam
2628 3233 2913 3299 fabricent.
2939 3236 3095 3292 facile
3114 3244 3198 3294 est
3226 3239 3430 3303 videre,

1868 3340 2113 3394 quamam
2147 3325 2275 3379 inde
2306 3325 2516 3379 oriatur
2539 3329 2892 3381 consecutio:
2942 3343 3137 3398 nempe
3160 3329 3205 3383 si
3236 3344 3434 3385 secun-

1867 3417 1995 3470 dum
2043 3415 2326 3469 nominum
2378 3418 2775 3486 oppositionem
2827 3418 2957 3487 ipsae
3010 3421 3175 3475 etiam
3226 3430 3434 3477 natura:

1867 3520 2076 3571 eorum,
2128 3506 2219 3575 qui
2281 3520 2378 3575 per
2429 3508 2649 3560 nomina
2698 3507 3094 3577 significantur,
3159 3512 3433 3566 contrarie

1868 3609 1988 3649 sese
2044 3593 2275 3647 invicem
2332 3592 2553 3658 habent,
2612 3593 2999 3651 inevitabiliter
3045 3598 3313 3668 sequitur,
3366 3615 3431 3654 ea

1868 3686 2055 3749 etiam,
2104 3700 2226 3756 quae
2277 3685 2386 3740 illis
2440 3685 2623 3741 inesse
2668 3686 3108 3752 considerantur,
3158 3692 3433 3746 contrarie

1867 3794 1987 3833 sese
2014 3777 2241 3831 habere:
2279 3785 2337 3830 ut
2365 3776 2592 3847 proinde
2616 3775 2905 3848 Unigenito
2928 3795 3157 3848 prorsus
3184 3781 3433 3850 Opposita

1868 3870 1957 3933 iis,
1990 3884 2111 3939 qua:
2133 3869 2199 3923 de
2229 3867 2391 3923 Patre
2416 3868 2773 3931 aliirmantur,
2807 3872 3267 3925 accommodanda
3296 3874 3428 3937 sint,

1867 3961 2139 4031 opposita,
2193 3960 2438 4030 inquam,
2479 3958 2771 4026 dlvinitati,
2821 3961 3125 4025 sanctitati,
3177 3961 3428 4028 bonitati,

1868 4051 2284 4121 incorruptioni,
2312 4052 2621 4115 aeternitati,
2674 4060 2729 4106 et
2785 4051 2839 4105 id
2884 4067 3056 4121 genus
3110 4053 3253 4115 aliis.
3310 4070 3432 4124 quae

215 4141 355 4199 Deum
416 4146 803 4199 universorum
862 4161 957 4214 per
1019 4144 1138 4215 pias
1194 4143 1554 4213 cogitationes
1608 4145 1768 4201 nobis
1810 4151 2219 4212 repraesentant.
2274 4140 2455 4207 Quare
2512 4150 2744 4213 oportet,
2794 4151 2853 4197 ut
2920 4159 3109 4199 omnes
3160 4154 3322 4212 notae,
3375 4155 3432 4203 et

213 4238 372 4291 omnia
432 4246 647 4290 naturae
701 4236 897 4289 indicia
943 4235 1259 4290 melioribus
1306 4235 1413 4289 illis
1466 4236 1766 4297 contraria,
1800 4243 2009 4290 natura
2040 4234 2233 4304 genita:
2254 4233 2469 4303 propria
2498 4234 2797 4289 existimari
2825 4235 3076 4290 debeant.

268 4332 563 4403 Σαφηνείας
578 4329 633 4381 δὲ
657 4329 835 4400 χάριν,
861 4328 1342 4399 προσδιατριπτέον
1364 4328 1479 4380 ὲστὶ
1500 4328 1576 4399 τῷ
1592 4329 1762 4398 τόπῳ.

1939 4328 2008 4379 At
2046 4325 2313 4380 claritatis
2346 4339 2512 4379 causa
2544 4326 2631 4380 isti
2690 4326 2808 4380 loco
2853 4327 3101 4382 nonnihil
3150 4329 3428 4387 immorari

212 4426 394 4497 Ὠσπερ
422 4424 505 4495 τῷ
531 4422 717 4493 θερμῷ
742 4421 835 4475 καὶ
861 4422 935 4492 τῷ
958 4422 1171 4493 ψυχρῷ,
1194 4422 1452 4481 ἐναντίοις
1482 4416 1598 4474 οὖσι
1626 4420 1764 4474 κατά

1869 4417 2036 4471 lubet.
2083 4415 2551 4482 Quemadmodum
2608 4417 2843 4471 calidum
2893 4427 2947 4473 et
3013 4420 3267 4490 frigidum
3322 4424 3429 4479 sibi

210 4517 289 4587 τὴν
318 4512 839 4586 φύσιν·(ὐποκείσθω
866 4515 921 4567 δὲ
961 4514 1038 4585 τῷ
1084 4516 1224 4585 λόγῳ
1267 4516 1375 4584 πῦρ
1403 4532 1461 4567 τε
1506 4515 1597 4569 καὶ
1632 4515 1763 4584 κρύ-

213 4608 433 4671 σταλλος.
482 4608 690 4659 Ἐκεῖνο
717 4607 971 4677 ἑκάτερον
1001 4605 1082 4669 ὃν,
1115 4608 1250 4677 ὅπερ
1278 4608 1376 4660 οὐκ
1409 4606 1521 4658 ἐστι
1549 4606 1609 4659 τὸ
1647 4606 1763 4658 ἕτε-

212 4716 307 4769 ρον.
349 4701 457 4753 Καὶ
505 4700 573 4752 τὰ
604 4700 749 4761 ἰδίως
800 4698 1042 4769 ἑκατέρῳ
1081 4698 1284 4751 τούτων
1333 4699 1757 4770 ἐπιφαινόμενα,

211 4788 657 4861 παρηλλαγμένως
686 4788 797 4859 ἔχει
827 4789 1043 4851 πάντως
1072 4789 1205 4858 πρὸς
1240 4788 1457 4858 ἄλληλα·
1497 4790 1624 4842 ίδιον
1656 4789 1761 4859 γάρ

209 4880 288 4932 τοῦ
323 4882 415 4951 μὲν
449 4879 784 4951 κρυστάλλου
817 4881 848 4950 ἡ
884 4879 1061 4948 eoat:
1094 4879 1187 4932 τοῦ
1233 4879 1287 4931 δὲ
1332 4879 1530 4950 πυρὸς.
1566 4880 1599 4949 ἡ
1634 4878 1760 4947 θερ-

214 4971 593 5043 μότης·)ο’ὐτως
624 4972 777 5041 εἴπερ
805 4971 943 5023 κατά
969 4969 1064 5040 τὴν
1098 4972 1154 5022 ὲν
1190 4973 1299 5032 τοῖς
1329 4970 1583 5039 ὀνόμασιν
1612 4970 1763 5021 ὲναν-

211 5064 378 5115 τίωσιν
418 5065 508 5117 ἐπὶ
550 5063 643 5116 τοῦ
680 5063 972 5130 ἀγεννήτου
1020 5061 1113 5113 καὶ
1158 5059 1435 5129 γεννητοῦ,
1487 5059 1580 5112 καὶ
1610 5062 1641 5129 ἠ
1676 5059 1761 5113 διὰ

211 5157 300 5208 τῶν
324 5158 600 5227 ὀνομάτων
631 5155 932 5225 δηλουμένη
962 5152 1120 5221 φύσις
1156 5154 1288 5221 πρὸς
1314 5153 1375 5205 τὸ
1394 5152 1763 5222 ἀντικείμενον

209 5247 459 5318 διασταίη,
492 5251 590 5302 οὐκ
621 5248 891 5316 ἐνδέχεται
933 5246 1028 5308 τὰς
1059 5244 1313 5314 δυνάμεις
1342 5244 1450 5296 τῶν
1491 5243 1629 5296 κατά
1665 5242 1763 5309 φύ-

214 5352 285 5389 σιν
310 5338 657 5399 ὑπεναντίων,
688 5337 878 5406 ὁμοίας
907 5334 1162 5404 ἀλλήλαις
1207 5329 1364 5386 εἶναι·
1395 5334 1468 5391 ὡς
1497 5333 1593 5386 οὐκ
1618 5332 1763 5384 ἐνδέ-

214 5444 368 5493 χεται,
400 5429 519 5482 οὐτε
568 5430 626 5481 ὲν
656 5426 789 5498 πυρὶ
817 5425 914 5496 τὴν
955 5424 1135 5494 ψύξιν,
1184 5422 1305 5476 οὐτε
1338 5427 1395 5477 ἐν
1448 5422 1764 5493 κρυστάλλῳ

212 5518 445 5583 γενέσθαι
474 5521 571 5591 τὴν
601 5518 867 5589 πύρωσιν.
902 5518 965 5569 El
997 5512 1090 5570 οῦν
1123 5519 1180 5566 έν
1211 5518 1273 5584 τῇ
1308 5514 1586 5583 ἀγεννήτῳ
1609 5514 1765 5585 οὐσίᾳ

213 5607 242 5675 ἡ
268 5607 527 5680 ἀγαθότης
547 5611 769 5669 νοεῖται,
792 5608 1040 5677 διέστηκε
1058 5607 1137 5671 δὲ,
1162 5604 1343 5666 καθὼς
1365 5605 1558 5657 ἐκεῖνοί
1580 5619 1761 5673 φασιν,

214 5700 265 5751 ὲν
291 5700 365 5769 τῷ
394 5701 527 5771 λόγῳ
554 5702 652 5771 τῆς
686 5700 895 5771 φύσεως
920 5700 1054 5771 πρὸς
1074 5698 1171 5769 τὴν
1196 5696 1454 5767 γεννητὴν
1480 5696 1733 5767 ήάγέννη
1749 5727 1765 5737 -

1868 4517 2056 4563 ιιιιιιυο
2117 4508 2536 4562 adversantibus
2582 4510 2795 4563 naturis
2845 4519 3105 4565 constant
3142 4513 3429 4583 (accipia-

1865 4616 1988 4655 mus
2031 4598 2266 4668 exempli
2302 4599 2473 4666 gratia
2509 4599 2687 4670 ignem
2727 4608 2780 4655 et
2836 4602 3087 4671 glaciem.
3137 4602 3429 4669 Quodlibet

1865 4698 1947 4743 est
1977 4689 2134 4751 illud,
2167 4688 2313 4755 quod
2346 4704 2456 4741 non
2513 4698 2597 4743 est
2649 4690 2903 4753 alterum,
2947 4699 3001 4745 et
3032 4707 3151 4760 qua:
3207 4695 3428 4749 cuilibet

1863 4776 2058 4830 borum
2091 4776 2309 4846 proprie
2335 4778 2689 4840 conveniunt,
2721 4794 2947 4848 prorsus
2973 4780 3115 4837 inter
3137 4799 3195 4837 se
3220 4783 3427 4838 discre-

1863 4876 2031 4938 pant:
2063 4882 2188 4921 nam
2222 4868 2413 4937 glaciei
2445 4872 2723 4939 pr0prium
2754 4880 2838 4927 est
2884 4870 3223 4942 refrigerare.
3286 4875 3428 4944 ignis

1862 4957 2206 5028 calefacere),
2234 4958 2328 5021 ita,
2361 4960 2406 5014 si
2446 4967 2503 5013 ut
2526 4960 2744 5015 nomina
2771 4961 2824 5015 in
2844 4961 3147 5016 innascibili
3174 4972 3227 5017 et
3254 4966 3427 5020 nasci-

1863 5049 1957 5102 bili
1985 5049 2087 5104 sibi
2123 5050 2400 5127 contraria
2434 5059 2585 5113 sunt.
2608 5051 2688 5104 sic
2725 5052 2887 5106 etiam
2946 5064 3138 5107 natura
3195 5056 3430 5110 nomini-

1862 5145 1965 5198 bus
1994 5142 2298 5213 significata
2324 5144 2722 5213 Oppositionem
2746 5146 2927 5211 habet,
2956 5147 3068 5201 fieri
3092 5164 3198 5201 non
3226 5158 3425 5219 potest,

1863 5243 1921 5287 ut
1948 5236 2201 5303 potentize
2236 5251 2423 5289 eorum
2448 5253 2569 5306 quae
2597 5237 2898 5291 secundum
2927 5247 3175 5293 naturam
3210 5252 3431 5295 contra-

1866 5326 1945 5380 ria
1981 5336 2128 5391 sunt,
2171 5328 2278 5383 sint
2315 5328 2459 5381 inter
2485 5344 2545 5382 se
2576 5328 2805 5392 similes,
2838 5338 2997 5398 prout
3033 5332 3146 5385 fieri
3190 5348 3296 5385 non
3332 5348 3428 5402 po~

1864 5427 1990 5483 test,
2045 5428 2100 5473 ut
2157 5420 2210 5473 in
2258 5420 2381 5489 igne
2436 5420 2743 5475 inveniatur
2799 5421 3005 5492 frigus,
3052 5432 3105 5477 et
3160 5426 3213 5477 in
3257 5426 3431 5494 glacie

1865 5514 2035 5568 calor.
2092 5510 2147 5565 Si
2200 5513 2361 5581 igitur
2422 5512 2476 5565 in
2513 5521 2706 5567 natura
2748 5513 3059 5569 innascibili
3093 5516 3309 5571 bonitas
3350 5518 3427 5571 in-

1866 5614 1971 5666 est,
2006 5605 2278 5674 discrepat
2318 5613 2523 5671 autem,
2577 5606 2719 5674 quod
2774 5606 2851 5661 illi
2896 5606 3185 5673 afﬁrmant,
3243 5609 3298 5662 in
3347 5624 3426 5662 ra-

1870 5697 2019 5753 tione
2055 5705 2264 5752 natura:
2292 5696 2635 5753 innascibilis
2671 5713 2701 5753 a
2739 5699 3008 5768 nascibili,
3046 5716 3272 5757 necesse
3318 5715 3409 5756 om

280 5846 303 5874 ι
342 5832 627 5907 nutusque
655 5834 856 5903 Apogr.
893 5832 1035 5898 Liv.;
1065 5831 1351 5902 sequentia
1382 5846 1446 5887 ex
1484 5830 1602 5886 solo
1646 5829 1768 5887 cod.
1795 5828 1922 5885 Bav.
