3922 6498
402 401 502 457 4!!

1656 389 1714 445 S.
1740 387 2067 446 GREGORII
2123 386 2417 445 NYSSENI

3554 382 3662 439 412

403 517 534 570 nino
559 524 660 575 est.
696 520 755 565 ut
805 510 882 577 id,
939 509 1083 579 quod
1139 516 1224 563 est
1272 505 1554 578 proprium
1617 504 1979 568 innascibilis,

2103 523 2195 569 τος,
2228 506 2668 576 συνδιαστήσεται
2712 505 2929 568 πάντως
2967 502 3181 557 καὶτοῦ
3223 500 3557 570 ἀγγεννήτου
3600 497 3666 551 τὺ

404 608 681 676 discrepet
707 619 923 675 quoque
958 604 1026 657 ab
1047 604 1161 663 illo,
1190 601 1335 671 quod
1362 608 1445 655 est
1468 601 1744 669 proprium
1798 598 1979 653 nasci-

406 697 552 753 bilis.
586 696 769 766 Itaque
795 695 841 750 si
868 695 922 748 in
958 696 1049 748 illa
1089 703 1287 748 natura
1332 693 1475 745 inest
1505 691 1743 755 bonitas,
1801 690 1854 743 in
1879 689 1980 742 hac

407 785 484 843 id.
514 785 659 855 quod
709 785 851 839 bono
905 783 1224 854 opponitur,
1280 780 1702 851 concipiendum
1747 778 1870 832 erit.
1902 778 1978 831 lta

406 889 572 945 opera
600 875 896 945 insignium
928 875 1157 928 istorum
1191 872 1642 943 dogmatistarum
1694 868 1982 923 reviviscet

410 966 596 1022 Manes
646 967 772 1021 mali
809 974 1059 1021 naturam
1108 979 1392 1035 opponens
1430 964 1595 1026 bono,
1637 970 1693 1016 et
1731 960 1985 1015 substan-

408 1058 608 1110 tiarum
660 1055 1028 1110 diversitatem
1086 1053 1140 1107 in
1200 1053 1337 1123 ipsis
1380 1067 1599 1122 quoque
1640 1051 1902 1121 potentiis
1931 1060 1986 1104 et

408 1146 709 1201 virtutibus
750 1156 1026 1199 astruens.

485 1237 544 1291 Si
595 1246 777 1291 autem
818 1236 953 1289 nihil
991 1234 1211 1304 penitus
1250 1233 1710 1288 dissimulandum
1749 1240 1854 1299 est,
1890 1233 1983 1288 sed

412 1328 601 1384 omnia
646 1328 816 1382 libere
838 1324 1069 1380 dicenda
1098 1343 1112 1377 :
1148 1323 1333 1379 Manes
1358 1325 1553 1378 merito
1578 1323 1729 1376 venia
1772 1321 1987 1392 dignior

412 1419 716 1475 existimari
759 1426 958 1488 potest,
1011 1430 1176 1487 quam
1208 1416 1296 1469 isti
1323 1430 1517 1485 :quem
1560 1415 1713 1468 aiunt
1752 1416 1985 1483 primum

414 1513 607 1575 fuisse,
657 1510 753 1580 qui
796 1508 1095 1563 Manichaza
1144 1506 1398 1576 dogmata
1430 1506 1633 1561 cudere
1680 1506 1985 1577 ingressus,

415 1615 619 1659 sectam
667 1602 734 1656 de
776 1615 876 1654 suo
905 1599 1129 1653 nomine
1161 1598 1538 1667 appellaverit.
1577 1596 1701 1651 Haec
1733 1598 1987 1662 dixerim,

418 1699 576 1769 quasi
621 1698 669 1752 si
715 1697 841 1767 quis
880 1711 944 1749 ex
984 1696 1168 1764 vipera
1203 1703 1256 1748 et
1299 1695 1487 1763 aspide
1526 1694 1896 1761 benigniorem
1936 1702 1989 1747 et

416 1791 694 1846 mitiorem
738 1789 924 1859 eligat,
964 1802 1086 1841 cum
1134 1786 1298 1839 etiam
1356 1786 1496 1839 inter
1542 1786 1658 1854 ipsa
1698 1786 1853 1838 bruta
1881 1784 1991 1836 ani-

2088 601 2216 653 ίδιον
2249 599 2355 653 ἀπὸ
2382 599 2475 653 τοῦ
2524 600 2664 652 κατὰ
2706 599 2765 651 τὸ
2791 597 3043 667 γεννητὸν
3073 594 3381 659 ίδιάζοντος.
3420 593 3584 645 Ὥστε
3612 592 3664 643 εί

2087 695 2143 746 ὲν
2174 694 2366 763 ἐκείνῳ
2392 693 2453 745 τὸ
2488 691 2710 761 ἀγαθὸν,
2737 693 2795 743 ἐν
2823 690 2997 756 τούτῳ
3028 688 3260 742 νοεῖσθαι
3280 686 3340 739 τὸ
3367 685 3444 756 τῷ
3472 682 3671 752 ἀγαθῷ

2087 784 2477 853 ἀντικείμενον.
2513 783 2622 836 Καὶ
2644 780 2816 844 οῦτως
2840 782 2970 851 ἡμῖν
2992 779 3079 833 διὰ
3108 779 3215 831 τῶν
3248 776 3423 846 σοφῶν
3458 774 3670 828 τούτων

2087 872 2480 942 δογματιστῶν,
2525 870 2685 925 πάλιν
2716 873 2744 924 ὁ
2782 870 2973 939 Μάνης
3020 865 3380 922 ἀναϐιώσεται
3422 866 3519 935 τὴν
3563 864 3673 932 τῆς

2089 962 2286 1026 κακίας
2319 962 2477 1031 φύσιν
2507 961 2951 1032 ἀντιπαρεξάγων
2978 959 3055 1028 τῶ
3088 958 3295 1027 ἀγαθῷ,
3328 958 3422 1010 καὶ
3462 958 3527 1025 τῇ
3555 954 3671 1006 τῶν

2089 1055 2287 1108 οὑσιῶν
2318 1055 2591 1125 ἑτερότητι
2630 1051 2969 1123 δογματίζων
2998 1051 3059 1104 τὸ
3102 1052 3160 1103 ὲν
3207 1051 3325 1111 ταῖς
3369 1047 3673 1118 δυνάμεσιν

2092 1146 2270 1200 αὑτῶν
2300 1145 2692 1211 ἀντικείμενον.

2164 1237 2227 1290 Εἰ
2255 1237 2312 1291 δὲ
2340 1237 2446 1308 χρὴ
2483 1235 2645 1305 μηδὲν
2680 1233 3135 1304 ὑποστειλάμενον
3178 1234 3314 1303 μετά
3352 1232 3675 1304 παρρησίας

2094 1332 2286 1393 εἰπεῖν,
2323 1328 2789 1399 συγγνωστότερος
2819 1327 3025 1380 τούτων
3064 1330 3093 1380 ὁ
3125 1325 3312 1396 Μάνης
3351 1326 3574 1387 εἰκότως
3602 1324 3675 1377 ἂν

2094 1418 2232 1475 εἶναι
2259 1420 2560 1490 νομίζοιτω
2591 1420 2649 1472 ὃν
2676 1419 2888 1490 πρῶτόν
2922 1436 3054 1487 φασι
3091 1421 3204 1482 τοῖς
3231 1417 3463 1488 δόγμασι
3496 1416 3678 1470 Μανι-

2095 1512 2263 1583 χαίων
2307 1512 2760 1582 ὲπιτολμήσαντα,
2808 1511 2898 1580 ἀφ’
2938 1510 3132 1565 ἑαυτοῦ
3174 1509 3534 1578 κατονομάσαι
3570 1508 3677 1578 τὴν

2097 1605 2325 1675 αἵρεσιν.
2376 1603 2533 1671 Λέγω
2574 1602 2631 1655 δὲ
2685 1602 2874 1665 ταῦτα,
2914 1604 2989 1666 ὡς
3033 1604 3099 1657 ἂν
3128 1603 3288 1663 εἴτις
3335 1601 3547 1671 ἐχίδνης
3576 1600 3678 1653 καὶ

2097 1698 2321 1759 ἀσπίδος
2366 1696 2462 1767 τὴν
2494 1695 3010 1766 φιλανθρωποτέραν
3036 1680 3310 1762 ὲκπέγοιτο
3332 1711 3346 1725 ο
3380 1693 3517 1764 πλὴν
3552 1692 3675 1746 ἀλλ’

2099 1789 2283 1858 ἐπειδή
2316 1791 2430 1841 ἐστι
2460 1789 2553 1841 καὶ
2586 1789 2643 1841 ἐν
2673 1786 2879 1857 θηρίοις
2918 1786 3116 1856 κρίσις,
3156 1786 3275 1854 οὑχὶ
3298 1784 3502 1837 τούτων
3527 1782 3681 1835 ὲκεί-

417 1885 625 1936 mantia
658 1882 730 1937 sit
779 1880 1075 1935 discrimen
1112 1876 1408 1945 quoddam.
1454 1876 1646 1930 Nonne
1694 1877 1815 1930 illos
1863 1876 1994 1945 (Ma-

2103 1898 2218 1943 νους
2248 1880 2632 1949 άνεκτοτέρους
2685 1875 2819 1932 εἶναι
2862 1878 3261 1947 δοκιμαζόμενα
3303 1876 3371 1929 τά
3425 1876 3678 1945 δόγματα

418 1975 682 2043 nil-lucos)
718 1974 806 2028 his
844 1970 1243 2043 (Eunomianis)
1301 1970 1698 2024 tolerabiliores
1739 1970 1990 2039 dogmata

417 2070 483 2123 al
532 2083 761 2123 examen
802 2074 991 2119 vocata
1042 2064 1383 2119 ostendunt?
1435 2061 1528 2116 Ille
1579 2064 1725 2116 enim
1760 2061 1990 2129 (Manes)

416 2160 686 2215 bonorum
711 2158 919 2213 auctori
952 2166 1005 2212 et
1035 2156 1306 2227 principio
1343 2171 1401 2209 se
1435 2153 1765 2223 patrocinari
1796 2153 1992 2208 existi—

420 2252 621 2313 mabat,
655 2258 917 2320 tanquam
954 2250 1099 2302 nulla
1126 2250 1252 2302 mali
1301 2262 1467 2302 causa
1494 2246 1565 2300 ab
1602 2246 1693 2299 illo
1728 2246 1992 2315 originem

419 2342 583 2396 ducat
630 2360 644 2395 :
700 2349 989 2411 propterea
1034 2340 1097 2393 ad
1150 2338 1298 2392 aliud
1350 2339 1674 2408 principium
1709 2338 1993 2407 proprium

418 2434 664 2488 omnium
687 2448 899 2495 eorum,
932 2448 1051 2502 quae
1089 2433 1143 2485 in
1170 2432 1327 2485 malis
1362 2436 1741 2490 numerantur,
1771 2443 1993 2483 causam

422 2526 628 2588 retulit,
647 2524 802 2596 quasi
822 2540 918 2594 pro
936 2522 1045 2578 Deo
1064 2523 1444 2576 universorum
1465 2521 1786 2574 advocatum
1806 2536 1993 2588 agt-ns:

421 2617 647 2687 perinde
700 2632 763 2670 ac
821 2618 864 2669 si
920 2616 1195 2685 piaculum
1240 2622 1386 2668 esset
1438 2613 1705 2667 bonorum
1751 2612 1994 2666 omnium

421 2707 648 2769 fontem,
700 2721 913 2766 eorum,
946 2722 1064 2774 qua:
1111 2712 1303 2773 praeter
1349 2703 1612 2757 rationem
1648 2702 1999 2756 committun—

420 2804 533 2858 tur,
572 2810 835 2849 accusare
879 2812 892 2847 :
949 2809 1055 2848 non
1100 2794 1431 2864 intelligi-ns,
1469 2808 1580 2862 pra:
1626 2792 1795 2846 animi
1827 2807 1999 2860 angu-

423 2886 566 2949 stiis,
612 2886 725 2940 ﬁeri
777 2899 961 2953 posse,
996 2891 1053 2935 ut
1098 2899 1272 2952 neque
1329 2882 1471 2937 Deus
1515 2883 1781 2936 malorum
1808 2890 2000 2936 auctor

422 2978 710 3042 habeatur,
751 2992 925 3046 neque
959 2976 1065 3030 alia
1098 2976 1363 3045 qna>piam
1408 2990 1574 3029 causa
1620 2975 1871 3044 principii
1904 2990 2001 3027 ex-

423 3085 550 3139 pers
592 3068 998 3123 introducatur.
1061 3067 1135 3121 De
1183 3083 1292 3137 quo
1333 3069 1491 3137 longa
1540 3077 1626 3121 est
1674 3066 1998 3135 disputatio,

422 3179 600 3233 neque
656 3161 942 3233 praesentis
989 3160 1272 3229 temporis.
1326 3159 1525 3223 Causa,
1576 3175 1675 3212 cur
1723 3158 1826 3212 hoc
1881 3159 2001 3211 loco

2093 1972 2395 2039 δείκνυσιν;
2433 1973 2490 2025 '0
2528 1974 2623 2042 μὲν
2661 1971 2769 2039 γάρ
2823 1969 3202 2038 συναγορεύειν
3247 1968 3382 2038 ῷετο
3413 1967 3490 2037 τῷ
3520 1966 3677 2036 αὑτῷ

2098 2063 2316 2132 ἀγαθῶν
2356 2062 2512 2134 αἰτίῳ
2538 2080 2552 2092 ·
2592 2065 2667 2125 ὡς
2698 2064 2951 2131 οὐδεμιᾶς
2978 2060 3159 2114 κακῶν
3185 2059 3362 2123 αἰτίας
3400 2060 3492 2112 ἀπ’
3524 2058 3678 2110 ὲκεί-

2095 2173 2185 2209 νου
2220 2156 2316 2227 τὴν
2364 2156 2535 2226 ἀρχὴν
2580 2154 2864 2224 λαϐούσης.
2896 2154 3004 2206 Καὶ
3045 2153 3132 2206 διὰ
3167 2152 3323 2205 τοῦτο
3367 2153 3445 2215 είς
3498 2151 3678 2221 ἀρχὴν

2096 2248 2287 2317 ἑτέραν
2354 2247 2675 2311 ἰδιάζουσαν,
2727 2247 2834 2299 τῶν
2886 2247 3023 2317 πρὸς
3068 2245 3129 2298 τὸ
3185 2247 3363 2315 χεῖρον
3411 2243 3679 2315 ἀριθμου·-

2101 2338 2278 2408 μένων
2343 2340 2558 2392 πάντων
2622 2338 2720 2410 τὴν
2782 2340 2961 2394 αἰτίαν
3013 2339 3251 2409 ἀνῆψενο
3317 2333 3427 2391 οἷον
3478 2336 3681 2390 ἀπολο-

2097 2430 2362 2500 γούμενος
2415 2432 2554 2501 ὑπὲρ
2600 2431 2694 2483 τοῦ
2725 2430 2859 2484 Θεοῦ
2894 2430 3003 2485 τῶν
3052 2431 3207 2496 ὅλων,
3241 2429 3317 2493 ὡς
3354 2430 3451 2482 οὑκ
3479 2429 3679 2495 εὐαγὲς

2098 2523 2176 2587 ὃν,
2220 2524 2317 2594 τὴν
2348 2523 2454 2576 τῶν
2511 2523 2731 2592 ἀγαθῶν
2786 2524 2966 2595 πηγὴν
3011 2524 3104 2577 καὶ
3148 2523 3255 2575 τῶν
3317 2522 3466 2594 παρὰ
3515 2521 3680 2589 λόγον

2100 2616 2602 2687 πλημμελουμένων
2653 2616 2998 2670 ὲπαιτιᾶσθαι
3026 2632 3039 2646 ⁸
3086 2616 3144 2668 οὑ
3191 2617 3392 2678 συνιεὶς
3442 2613 3545 2667 ὑπὸ
3588 2632 3681 2684 μι-

2100 2707 2417 2777 κροψυχίας,
2450 2708 2531 2759 ὅτι
2573 2706 2794 2760 δυνατὸν
2824 2702 2913 2778 ἦν,
2952 2706 3085 2778 μηδὲ
3124 2707 3306 2760 κακῶν
3349 2704 3681 2775 δημιουργὸν

2098 2797 2189 2849 τὸν
2228 2797 2357 2849 Θεὸν
2406 2796 2631 2860 οἴεσθαι,
2673 2798 2808 2867 μήτε
2844 2795 2970 2849 ἄλλο
3024 2814 3074 2849 τι
3115 2798 3346 2867 ἄναρχον
3390 2796 3537 2865 παρὰ
3583 2796 3681 2847 τὸν

2103 2888 2233 2941 Θεὸν
2263 2889 2651 2959 φαντασθῆναι.
2677 2889 2812 2958 Περὶ
2837 2882 2912 2941 ὧν
2934 2888 3098 2951 πολὺς
3124 2890 3151 2941 ὀ
3173 2888 3346 2956 λόγος,
3375 2872 3465 2941 καὶ
3493 2891 3551 2940 οῦ
3579 2886 3678 2940 τοῦ

2102 2981 2365 3049 πάροντος
2388 2980 2452 3033 ἂν
2481 2981 2562 3050 εἴη
2600 2980 2812 3051 καιροῦ.
2836 2979 2944 3033 Καὶ
2967 2975 3026 3035 οῦ
3050 2981 3206 3052 χάριν
3244 2981 3351 3035 τῶν
3375 2981 3683 3051 εἰρημένων

2103 3071 2482 3142 ἐμνήσθημεν;
2502 3073 2625 3125 Ὅτι
2648 3074 2853 3136 ἐκεῖνος
2877 3072 2976 3141 μὲν
3002 3073 3233 3145 άφιστᾷν
3259 3072 3394 3144 ᾤετο
3418 3073 3525 3126 δεῖν
3549 3075 3683 3144 περὶ

2102 3163 2195 3217 τοῦ
2233 3162 2369 3217 Θεοῦ
2397 3163 2507 3216 τῶν
2536 3163 2671 3217 ὅλων
2716 3167 2816 3236 τῆς
2851 3164 3048 3227 κακίας
3086 3165 3290 3235 ἀρχήνο
3326 3157 3468 3217 οὗτοι
3493 3163 3549 3216 δὲ
3572 3165 3678 3217 κά-

425 3255 621 3308 horum
660 3253 992 3308 mentionem
1036 3250 1349 3315 fecerimus,
1384 3251 1484 3304 ista
1516 3258 1619 3314 est,
1652 3250 1778 3319 quia
1818 3248 1995 3304 Manes

2106 3256 2301 3309 κείνων
2358 3256 2738 3328 χαλεπωτέραν
2790 3256 3254 3321 κατασκευάζουσι
3306 3256 3402 3328 τὴν
3449 3258 3681 3309 ἔκτοπον

426 3346 802 3399 arbitrabatur
832 3359 860 3397 a
893 3342 1002 3398 Deo
1034 3342 1416 3397 universorum
1448 3341 1599 3395 omni
1658 3342 1819 3395 [nodo
1854 3341 2003 3409 prin-

423 3437 628 3507 cipium
661 3436 786 3489 mali
821 3435 1093 3490 removeri
1126 3434 1344 3488 debere.
1394 3435 1462 3486 At
1509 3434 1597 3488 isti
1631 3433 2003 3503 (Eunomiani)

425 3529 586 3598 longe
630 3527 938 3598 graviorem
976 3541 1139 3596 quam
1178 3526 1275 3587 illi,
1318 3536 1372 3579 et
1403 3525 1779 3580 absurdiorem
1808 3535 2001 3579 contra

427 3621 625 3675 Filium
652 3620 1043 3689 blasphemiam
1074 3618 1305 3672 cudunt.
1338 3616 1599 3673 Naturam
1636 3618 1904 3671 malorum
1937 3620 2006 3672 si-

426 3714 630 3769 militer
664 3721 723 3767 ut
768 3713 866 3778 illi,
898 3711 1244 3782 oppositione
1288 3712 1590 3765 secundum
1638 3711 2001 3766 substantiam

398 3805 751 3869 rmetiuntur,
806 3812 1081 3873 quatenus
1119 3816 1251 3856 vero
1304 3802 1359 3855 in
1413 3802 1516 3854 hoc
1567 3818 1667 3855 suo
1727 3802 2002 3871 ﬁgmento,

427 3897 807 3952 universorqu
842 3895 1006 3948 Deum
1042 3902 1282 3948 statuunt
1319 3894 1673 3957 conditorem,
1719 3910 1746 3946 a
1779 3910 1908 3963 quo,
1948 3904 2007 3949 ut

426 3989 603 4049 aiunt,
646 3987 997 4057 generatione
1030 3985 1337 4039 substantia
1376 3985 1639 4055 producta
1678 3985 1873 4038 alienae
1910 4000 2006 4038 na-

426 4089 562 4133 turau
603 4079 675 4133 sit
717 4093 747 4133 a
798 4089 996 4131 natura
1037 4077 1123 4131 sui
1173 4077 1405 4146 opiﬁcis,
1443 4084 1670 4131 eatenus
1728 4076 2008 4145 impietate

427 4162 757 4226 Maniehzeos
802 4171 961 4239 longe
1009 4176 1271 4237 superant
1321 4186 1333 4221 :
1371 4168 1499 4237 quia
1558 4183 1663 4221 non
1711 4168 1888 4221 solum
1931 4168 2003 4230 ei,

427 4259 573 4327 quod
620 4258 923 4313 secundum
975 4271 1129 4310 suam
1172 4262 1426 4309 naturain
1480 4254 1624 4307 bono
1662 4255 2005 4320 adversatur,

430 4350 1035 4421 hypostasintribuunt,
1071 4349 1166 4403 sed
1192 4350 1317 4417 quia
1348 4349 1552 4403 bonum
1592 4348 1755 4402 Deum
1782 4349 2008 4403 alterius

427 4443 526 4496 Dei
579 4450 772 4495 natura
823 4456 1050 4511 prorsus
1088 4441 1290 4495 diversi
1334 4442 1736 4510 progenitor-em
1777 4441 2005 4506 faciunt,

430 4544 641 4589 tantum
693 4550 799 4587 non
859 4533 1145 4587 manifeste
1206 4534 1311 4586 hac
1357 4549 1455 4587 sua
1499 4533 1749 4587 doctrina
1804 4535 2006 4587 vocife-

428 4636 636 4690 rantes,
673 4625 878 4695 aliquid
920 4640 1042 4679 esse
1077 4634 1284 4679 natura:
1319 4625 1442 4679 boni
1475 4627 1831 4689 contrarium,
1860 4627 2002 4695 quod

427 4718 499 4771 ab
526 4718 643 4787 ipso
670 4718 810 4770 bono
843 4716 1166 4787 bypostasin
1197 4716 1490 4784 acceperit.
1517 4714 1651 4767 Nam
1679 4732 1800 4767 (tum
1824 4715 2005 4770 Patris

428 4810 738 4865 substantia
787 4810 927 4863 bona
976 4808 1046 4863 sit
1083 4808 1313 4872 credita,
1352 4808 1656 4861 substantia
1693 4824 1821 4862 vero
1855 4809 1999 4873 Filii,

428 4916 494 4956 eo
530 4902 679 4971 quod
708 4917 818 4955 non
855 4901 1045 4954 eodem
1095 4900 1254 4953 modo
1301 4914 1359 4953 se
1410 4898 1607 4951 habeat
1662 4914 1786 4952 cum
1843 4899 2002 4956 Patre

428 4992 731 5049 secundum
782 5000 989 5044 natura:
1055 4994 1347 5057 rationem,
1404 5000 1566 5059 prout
1618 4991 2000 5047 hmreticorum

427 5095 513 5140 est
550 5084 756 5153 opinio,
807 5083 860 5137 in
918 5083 1322 5137 contrariorum
1367 5083 1556 5137 ordine
1589 5099 1653 5136 ex
1689 5085 1996 5138 necessaria

430 5176 821 5229 consecutioue
846 5176 1101 5229 collocari
1136 5173 1351 5236 debeat,
1379 5174 1507 5242 quid
1532 5174 1656 5226 hinc
1679 5174 2000 5229 coniicitur?

431 5266 544 5319 lloc
597 5265 872 5328 nimirum,
908 5265 1209 5319 subsistere
1245 5263 1449 5333 aliquid
1488 5263 1630 5317 bono
1660 5267 1995 5334 oppositum,

2101 3350 2303 3422 ταύτην
2334 3352 2472 3404 κατὰ
2500 3349 2591 3403 τοῦ
2613 3350 2744 3402 Θεοῦ
2768 3348 3132 3421 βλασφημίαν.
3165 3350 3283 3402 Τῶν
3310 3350 3405 3420 μὲν
3439 3350 3547 3419 γάρ
3574 3366 3683 3403 κα·-

2104 3442 2216 3496 κῶν
2270 3444 2366 3513 τὴν
2408 3444 2566 3511 φύσιν
2596 3441 2990 3513 παραπλησίως
3019 3443 3244 3505 ἐκείνοις
3289 3441 3378 3494 διὰ
3406 3442 3504 3511 τῆς
3536 3443 3683 3495 κατὰ

2101 3532 2198 3599 τὴν
2225 3532 2411 3584 οὑσίαν
2446 3532 2814 3601 ἐναντιότητος
2861 3531 3299 3602 δογματίζουσιν·
3330 3535 3386 3584 ὲν
3416 3526 3460 3599 ᾧ
3484 3534 3539 3586 δὲ
3571 3535 3679 3586 πά-

2103 3622 2184 3675 λιν
2231 3622 2325 3675 τοῦ
2366 3624 2605 3676 τοιούτου
2658 3623 2972 3694 πλάσματος
2999 3624 3087 3675 τὸν
3118 3623 3248 3676 Θεὸν
3280 3626 3385 3676 τῶν
3419 3624 3553 3678 ὅλων
3583 3626 3682 3697 δη-

2107 3715 2364 3785 μιουργὸν
2401 3716 2807 3785 ἀποφαίνονται,
2869 3718 2996 3785 παρ’
3027 3708 3086 3769 οὗ
3118 3734 3248 3785 φασι
3295 3718 3389 3786 τὴν
3424 3720 3680 3788 γέννησιν

2105 3807 2465 3881 ὲργασθεῖσαν
2499 3808 2683 3860 οὐσίαν
2713 3808 3005 3878 ἀλλοτρίως
3037 3807 3177 3878 ἔχειν
3204 3810 3344 3862 κατά
3387 3810 3484 3881 τὴν
3518 3811 3683 3879 φύσιν

2105 3895 2242 3965 πρὸς
2269 3896 2359 3949 τὸν
2388 3899 2704 3967 ποιήσαντα,
2734 3899 2789 3949 ἐν
2819 3895 2991 3967 τούτῳ
3016 3896 3078 3949 τὸ
3112 3898 3291 3951 πλεῖον
3325 3901 3401 3962 είς
3427 3901 3680 3955 ἀσέϐειαν

2107 3987 2258 4058 παρά
2286 3990 2411 4051 τοὺς
2465 3989 2931 4059 μνημονευθέντας
2988 3989 3234 4059 ἔχουσιν·
3288 3992 3369 4044 ὅτι
3407 3993 3467 4044 οὑ
3513 3994 3677 4063 μόνον

2107 4080 2402 4132 ὑπόστασιν
2426 4080 2728 4151 διδόασιτῴ
2750 4081 3003 4144 ἐναντίως
3037 4082 3170 4151 πρὸς
3213 4082 3273 4135 τὺ
3300 4084 3499 4151 ἀγαθὸν
3534 4088 3682 4140 κατά

2105 4172 2204 4242 τὴν
2250 4172 2409 4242 φύσιν
2467 4172 2661 4241 ἔχοντι,
2720 4173 2834 4226 ἀλλ’
2865 4176 2943 4226 ὅτι
2974 4174 3065 4227 τὸν
3102 4176 3301 4243 ἀγαθὸν
3331 4179 3481 4239 Θεὸν,
3516 4181 3683 4234 ἄλλου

2108 4265 2242 4317 Θεοῦ
2283 4265 2377 4318 τοῦ
2426 4266 2566 4319 κατὰ
2617 4266 2716 4336 τὴν
2768 4266 2927 4335 φύσιν
2982 4268 3372 4340 διηλλαγμένου
3430 4273 3685 4341 λέγουσιν

2110 4360 2280 4410 αἴτιον
2343 4353 2515 4420 εἶναι,
2565 4359 2844 4429 μονονουχὶ
2901 4361 3149 4431 φανερῶς
3206 4362 3433 4431 βοῶντες
3497 4367 3553 4417 ἐν
3604 4368 3685 4440 τῷ

2109 4451 2366 4521 δόγματι,
2396 4452 2475 4503 ὅτι
2504 4452 2685 4504 ἔστι-τι
2708 4454 3022 4507 ὑπεναντίον
3052 4456 3117 4524 τῇ
3140 4454 3232 4507 τοῦ
3268 4456 3469 4523 ἀγαθοῦ
3498 4459 3683 4526 ιεὺσει.

2114 4543 2240 4614 παρ’
2263 4544 2423 4596 αὑτοῦ
2446 4543 2564 4614 ἕχον
2588 4544 2679 4597 τοῦ
2712 4544 2913 4613 ἀγαθοῦ
2940 4547 3039 4617 τὴν
3074 4548 3385 4602 ὑπόστασιν.
3437 4552 3544 4619 Τῆς
3573 4553 3686 4623 γὰρ

2110 4634 2202 4687 τοῦ
2232 4636 2441 4705 Πατρὸς
2465 4637 2650 4700 οὐσίας
2680 4637 2890 4708 ἀγαθῆς
2921 4636 3057 4693 εἶναι
3090 4643 3523 4711 πεπιστευμένης
3546 4683 3558 4700 ,
3583 4642 3686 4712 τῆς

2103 4726 2159 4778 δὲ
2189 4727 2281 4779 τοῦ
2307 4727 2435 4781 Υἱοῦ
2456 4728 2543 4781 διὰ
2569 4728 2628 4781 τὸ
2654 4730 2727 4801 μὴ
2757 4730 3014 4795 ὡσαύτως
3038 4730 3181 4801 ἔχειν
3215 4730 3291 4803 τῷ
3324 4734 3514 4803 Πατρὶ,
3538 4736 3685 4787 κατά

2103 4817 2192 4870 τὸν
2220 4818 2316 4887 τῆς
2365 4818 2579 4887 φύσεως
2636 4820 2813 4889 λόγον,
2847 4821 3028 4886 καθὼς
3070 4823 3217 4875 δοκεῖ
3257 4826 3323 4894 τῇ
3359 4826 3589 4893 αἱρέσει,
3624 4828 3684 4877 ἐν

2100 4912 2209 4972 τοῖς
2247 4912 2503 4973 ἐναντίοις
2536 4912 2675 4965 κατὰ
2720 4915 2780 4966 τὸ
2823 4912 3114 4967 ἀκόλουθον
3162 4916 3577 4986 εὑρισκομὲνης,
3627 4919 3683 4970 τί

2102 4999 2191 5053 διὰ
2219 5002 2420 5055 τούτων
2472 5004 2978 5070 κατασκευάζεταις
3038 5006 3111 5058 Τὸ
3146 5008 3239 5061 καὶ
3288 5010 3581 5075 ὑφεστάναι
3622 5009 3683 5061 τὸ

2104 5089 2181 5158 τῷ
2229 5090 2416 5161 ἀγαθῷ
2474 5094 2865 5164 ἀντικείμενον,
2898 5097 2991 5149 καὶ
3037 5097 3095 5163 ἐξ
3134 5097 3297 5151 αὑτοῦ
3336 5100 3429 5150 τοῦ
3474 5099 3681 5167 ἀγαθοῦ

2105 5184 2293 5252 στῆναι
2322 5184 2381 5237 τὸ
2409 5185 2722 5239 ὑπεναντίον
2758 5192 2822 5258 τῇ
2850 5190 3024 5258 φύσει.
3056 5190 3225 5242 Τοῦτό
3272 5208 3411 5261 φημι
3446 5193 3537 5243 καὶ
3580 5192 3681 5260 τῆς

2106 5274 2213 5325 τῶν
2242 5277 2551 5347 Μανιχαίων
2588 5281 2813 5342 ἀτοπίας
2836 5276 2974 5335 εἶναι
3000 5283 3251 5353 φρικτὸτε
3264 5300 3371 5352 ρον.

427 5368 482 5413 et
527 5374 592 5412 ex
637 5359 755 5427 ipso
796 5358 937 5410 bono
978 5355 1053 5420 id,
1103 5355 1247 5425 quod
1304 5363 1497 5408 natura
1528 5357 1861 5411 contrarium
1896 5366 1997 5425 est,
2038 5364 2307 5434 originem
2347 5369 2563 5425 ducere.
2607 5370 2718 5425 lioc
2751 5372 2874 5426 dico
2908 5374 3024 5444 ipsa
3091 5373 3508 5431 Manichamrum
3576 5377 3685 5430 im-

432 5452 628 5519 pietate
672 5449 992 5503 horribilius
1036 5463 1175 5501 esse.

501 5542 561 5597 Si
602 5558 730 5595 vero
761 5540 940 5594 verbis
982 5538 1288 5594 inllcientur
1319 5539 1733 5609 blasphemiam,
1770 5555 1889 5608 quae
1927 5556 1990 5593 ex

430 5648 617 5689 eorum
664 5633 910 5687 doctrina
943 5632 1226 5700 perspicue
1260 5630 1491 5683 deducta
1547 5640 1651 5696 est,
1675 5632 1995 5698 dicamque,

433 5726 783 5793 llnigenitum
830 5723 970 5776 bona
1014 5720 1194 5776 Patris
1254 5721 1624 5784 hmreditasse,
1694 5736 1798 5774 non
1852 5722 1997 5789 quod

434 5834 560 5875 vere
594 5817 666 5873 sit
712 5815 902 5883 Filius,
958 5823 1015 5870 ut
1046 5814 1195 5883 impii
1229 5812 1525 5880 opinantur
1557 5830 1567 5875 ;
1607 5813 1698 5867 scil
1734 5812 1861 5881 quia
1905 5828 2001 5883 per

2174 5524 2236 5576 ΕΞ
2260 5525 2315 5577 δὲ
2337 5526 2623 5596 ἀρνοῦνται
2652 5527 2727 5599 τῷ
2750 5528 2890 5598 λόγῳ
2910 5528 2969 5582 τὸ
2982 5530 3314 5603 βλάσφημον,
3330 5534 3461 5607 ὅπερ
3486 5536 3518 5605 ἡ
3545 5536 3678 5600 ἀκο-

2105 5618 2289 5672 λουθία
2308 5620 2401 5673 τοῦ
2440 5622 2707 5693 δόγματος
2742 5622 3011 5687 δείκνυσι,
3041 5627 3171 5693 φασὶ
3204 5626 3260 5678 δὲ
3304 5626 3411 5681 τῶν
3460 5628 3679 5698 ἀγαθῶν

2106 5712 2201 5766 τοῦ
2238 5713 2445 5783 Πατρός
2468 5715 2556 5766 τὸν
2584 5714 2861 5785 Μονογενῆ
2874 5716 3426 5787 κεκληρονομηκέναι,
3456 5719 3529 5790 μὴ
3559 5721 3678 5773 Υἰὺν

2109 5807 2321 5877 ἀληθῶς
2344 5808 2493 5871 ὄντα,
2520 5808 2659 5862 κατά
2688 5808 2788 5873 τὴν
2826 5807 2934 5862 τῶν
2965 5809 3174 5863 ἀσεϐῶν
3203 5811 3357 5877 δόξαν
3384 5852 3398 5877 ,
3429 5812 3561 5866 ἀλλά
3588 5814 3679 5868 διὰ
