3922 6478
255 381 343 435 ιιδ

1383 372 1659 430 CONTRA
1689 370 2075 438 EUNOMIUM,
2113 371 2242 429 LlB.
2283 371 2324 426 Ι.

3363 381 3468 438 4ίὸ

251 491 454 552 κτίσεως
501 488 603 559 τὴν
654 486 952 541 ὑπόστασιν
1002 485 1223 556 ἔχοντα’
1280 487 1374 540 καὶ
1425 486 1584 540 τοῦτο
1634 485 1781 539 «mihi

1898 485 2225 539 creationem
2255 484 2668 541 subsistentiam
2701 490 2972 558 acceperit
3001 510 3014 543 :
3048 490 3097 546 id
3130 492 3245 563 jam
3282 494 3468 550 disi-u-

249 581 687 649 κατεξετάσωμεν,
731 582 781 632 εί
824 578 1048 633 δυνατόν
1090 582 1203 632 ἐστι
1250 578 1507 647 συστῆναι
1542 578 1681 631 κατὰ
1703 578 1792 630 τὸν

246 677 407 730 εἰκότα
453 674 608 741 λόγον
644 674 741 741 τὴν
792 670 1046 741 τοιαύτην
1079 671 1351 724 ὑπόνοιαν.
1404 670 1528 722 Ἐὰν
1567 672 1675 740 γὰρ
1704 671 1793 723 δο-

244 768 343 836 θείη
368 764 505 817 κατὰ
532 764 623 815 τὸν
652 764 807 830 λόγον
836 761 1034 825 αὐτῶν,
1067 760 1142 831 μὴ
1168 761 1381 830 ἀληθῶς
1404 762 1530 814 Υίὸν
1550 761 1677 813 ὄντα
1704 777 1795 812 κε-

243 854 684 925 κληρονομηκέναι
711 852 805 905 τὸν
837 851 1055 905 πάντων
1077 850 1299 921 Κύριον,
1325 849 1461 903 ἀλλὰ
1484 849 1791 913 κτισθέντα,

242 948 318 998 καὶ
346 944 631 1015 ποιηθέντα
659 943 767 996 τῶν
794 942 1071 1013 ὁμογενῶν
1108 943 1315 1013 ἄρχειν,
1367 942 1483 1006 πῶς
1511 943 1795 1007 καταδέξε-

238 1054 329 1098 ται,
356 1038 445 1090 καὶ
472 1037 533 1089 οὑ
589 1036 940 1089 συστασιάσει
982 1036 1015 1106 ἡ
1060 1034 1221 1105 λοιπὴ
1257 1035 1432 1098 κτίσις
1454 1037 1519 1088 ὲκ
1544 1034 1640 1088 τοῦ
1662 1036 1792 1106 ὁμο-

238 1128 383 1195 φύλου
409 1128 542 1198 πρὸς
570 1128 630 1180 τὸ
664 1128 971 1198 ὑποχείριον
1010 1126 1345 1190 ἀπωσθεῖσα,
1375 1130 1423 1181 εί
1451 1127 1614 1198 μηδὲν
1654 1127 1794 1181 κατὰ

234 1222 318 1290 τὴν
370 1219 530 1288 φύσιν
584 1220 805 1274 ἔλαττον
852 1220 1073 1290 (ἔχουσα
1108 1220 1297 1291 κτιστὴ
1344 1220 1452 1291 γὰρ
1490 1222 1583 1275 καὶ
1627 1221 1788 1291 αὕτη,

236 1312 400 1381 ὥσπερ
458 1313 780 1381 κάκεῖνος),
831 1312 1019 1364 ἔπειτα
1047 1311 1303 1382 ὁμοφύλῳ
1351 1313 1649 1378 δουλεύειν,
1699 1314 1790 1367 καὶ

234 1403 545 1456 ύποκύπτειν
602 1402 1047 1470 καταδικαζοιτο;
1090 1404 1377 1473 Τυραννίδι
1440 1405 1551 1476 γὰρ
1607 1405 1789 1476 ὅμοιον

230 1498 280 1550 τὸ
304 1496 557 1559 τοιοῦτον,
584 1496 661 1567 μὴ
689 1499 756 1567 τῇ
787 1496 885 1565 τῆς
913 1496 1098 1559 οὐσίας
1128 1497 1365 1568 ὑπεροχῇ
1392 1497 1453 1550 τὸ
1476 1498 1672 1568 κράτος
1703 1498 1789 1551 νέ-

231 1606 355 1659 μειν,
405 1587 543 1641 ἀλλὰ.
594 1588 865 1659 μενούσης
902 1589 959 1641 ἐν
1007 1588 1084 1659 τῷ
1140 1590 1385 1660 ὁμοτίμῳ
1420 1590 1521 1659 τῆς
1552 1590 1785 1659 φύσεως,

232 1679 536 1749 μερισθῆναι
566 1681 669 1750 τὴν
704 1681 881 1733 κτίσιν
935 1681 1013 1743 είς
1044 1680 1286 1735 δουλείαν
1334 1681 1432 1735 καὶ
1459 1681 1752 1752 κυριότητα
1771 1696 1785 1711 ⁸

228 1770 347 1820 ὥστε
384 1773 438 1822 ἐν
469 1770 610 1839 αὐτῇ
653 1769 712 1822 τὸ
759 1769 861 1839 μέν
907 1786 955 1821 τι
1002 1769 1210 1840 ἄρχειν,
1264 1768 1324 1821 τὸ
1379 1769 1434 1821 δὲ
1483 1769 1788 1839 ὑποχείριον

1899 577 2115 641 tiamiis,
2154 577 2627 631 numsecundum
2661 587 2866 633 rectam
2918 583 3184 637 rationem
3215 595 3467 642 constare

1896 676 2078 738 queat.
2123 668 2179 722 Si
2220 669 2364 723 enim
2406 671 2760 734 concedatur,
2812 681 2871 726 ut
2922 674 3022 743 ipsi
3075 676 3281 738 volunt,
3339 693 3463 732 eum

1897 759 2247 815 haereditasse
2325 762 2707 815 universorum
2760 764 3068 828 Dominum,
3123 782 3244 821 cum
3306 784 3465 824 verus

1895 851 2067 908 Filius
2099 870 2207 908 non
2237 855 2329 921 sit,
2364 855 2460 910 sed
2489 865 2710 911 creatus
2742 857 3029 927 tactusque
3073 861 3325 914 omnibus
3364 861 3467 913 im—

1896 958 2071 1019 peret,
2108 950 2387 1018 quomodo
2424 948 2629 1018 reliqua
2654 957 2903 1004 creatura
2934 966 3058 1004 eum
3085 952 3330 1020 recipiet,
3362 969 3464 1007 nec

1895 1038 2016 1093 sine
2042 1039 2275 1091 tumultu
2302 1050 2349 1091 ei
2379 1038 2652 1092 seditione
2676 1039 2903 1107 rejiciet,
2927 1040 2995 1092 ab
3017 1055 3081 1092 eo
3102 1041 3191 1108 qui
3221 1040 3462 1106 ejusdem

1897 1128 2061 1183 sortis
2093 1136 2146 1183 et
2176 1130 2372 1183 classis
2396 1136 2501 1191 est,
2547 1128 2600 1181 in
2630 1128 2942 1183 servitutem
2975 1128 3214 1190 redacta,
3248 1129 3294 1183 si
3341 1145 3465 1198 spe-

1899 1227 2045 1274 ctata
2080 1231 2271 1274 natura
2308 1236 2413 1274 non
2446 1221 2649 1284 minus,
2681 1238 2841 1290 quam
2880 1223 2994 1290 ipse
3024 1222 3246 1275 habeat:
3277 1230 3461 1276 creata

1898 1310 2044 1364 enim
2081 1323 2185 1373 est,
2219 1312 2380 1364 sicuti
2426 1321 2480 1364 et
2508 1311 2601 1366 ille
2631 1331 2644 1365 :
2678 1322 2732 1366 et
2762 1320 2950 1381 postea
2990 1310 3279 1365 damnetur
3307 1322 3363 1365 ut
3391 1312 3463 1372 ei,

1896 1402 1986 1468 qui
2021 1401 2264 1469 ejusdem
2306 1402 2524 1471 generis
2554 1409 2609 1457 et
2654 1403 2995 1473 cognationis
3024 1410 3129 1467 est,
3167 1403 3368 1457 Serviat
3407 1412 3462 1455 et

1895 1482 2485 1561 subjaceat‘fb‘peciein
2547 1494 2688 1557 enim
2733 1492 3037 1563 tyrannidis
3087 1508 3197 1559 prae
3242 1508 3300 1547 se
3340 1492 3462 1558 fert,

1887 1599 1997 1639 non
2024 1583 2099 1648 ei,
2131 1585 2224 1655 qui
2245 1593 2437 1638 natura
2462 1586 2813 1654 praestantior
2836 1593 2941 1651 est,
2968 1587 3254 1654 imperium
3279 1586 3461 1640 defer-

1885 1690 1967 1739 re,
2007 1674 2104 1729 sed
2138 1685 2389 1730 manente
2420 1675 2646 1729 honoris
2676 1684 2729 1730 et
2766 1678 3094 1746 praestantiae
3123 1678 3457 1746 aequalitate.

1887 1774 2217 1829 creaturam,
2267 1767 2319 1819 in
2364 1781 2485 1820 eam
2540 1782 2662 1836 qua:
2706 1767 2897 1828 servit,
2940 1774 2994 1821 et
3048 1767 3101 1819 in
3158 1782 3299 1827 eam.
3339 1782 3462 1837 quin

227 1859 365 1923 εἶναι,
389 1864 647 1932 καθάπερ
686 1862 745 1927 ἐξ
766 1861 1202 1933 ἀποκληρώσεως
1227 1861 1320 1914 τοῦ
1343 1861 1505 1914 αὑτοῦ
1541 1860 1781 1930 ἀξιώμα-

1887 1858 2220 1922 dominatur,
2269 1857 2623 1919 distribuere,
2673 1864 2731 1911 ut
2768 1858 2823 1911 in
2859 1858 2973 1927 ipsa
3009 1858 3080 1913 sit
3135 1868 3242 1911 tam
3285 1859 3462 1912 domi-

228 1971 302 2015 τος
328 1953 664 2023 συντυχικῶς
724 1951 1161 2021 προσγενομένου
1188 1949 1269 2019 τῷ
1310 1950 1449 2019 μετὰ
1475 1949 1563 2001 τὸν
1588 1947 1789 2019 κλῆρον

226 2044 418 2099 λαδὸντι
465 2046 567 2115 τὴν
600 2044 713 2097 τῶν
757 2045 959 2114 ὁμοίων
998 2043 1348 2113 προτίμησιν.
1381 2040 1514 2094 osse
1558 2040 1667 2111 γὰρ
1697 2040 1791 2093 ἄν·

226 2137 416 2204 θρωπος
441 2137 726 2206 ὁμοτίμως
784 2135 924 2204 ἔχων
965 2135 1101 2204 πρὸς
1129 2133 1227 2203 τὴν
1267 2131 1580 2203 ὑποχείριον
1603 2131 1786 2201 φύσιν,

224 2227 304 2297 τὴν
334 2227 468 2281 κατα
501 2227 619 2280 τῶν
642 2226 850 2293 ἀλόγων
878 2214 1050 2295 am,»
1078 2221 1428 2293 ἐκληρώσατο
1451 2239 1465 2252 ·
1498 2222 1633 2275 ἀλλὰ
1656 2238 1789 2291 προ-

223 2322 431 2392 τερεύων
456 2321 537 2391 τῷ
608 2318 751 2391 λόγῳ
806 2317 1045 2389 κυριεύει
1085 2316 1191 2369 τῶν
1221 2316 1415 2380 ἄλλων,
1460 2314 1538 2385 τῷ
1568 2313 1702 2384 πρὸς
1725 2314 1786 2366 τὸ

224 2418 442 2486 κρεῖττον
475 2411 633 2483 αὺτῷ
658 2410 1039 2482 παρηλλάχθαι
1071 2409 1168 2480 τὴν
1207 2408 1386 2477 φύσιν,
1420 2406 1787 2477 προτεταγμέ-

225 2521 313 2567 νσς.
348 2506 408 2555 Δί
440 2503 496 2557 δὲ
557 2503 894 2573 ἀνθρώπιναι
925 2500 1254 2563 δυναστεῖαι,
1278 2502 1466 2552 τούτου
1498 2498 1655 2567 χάριν
1682 2497 1788 2564 ἀγ·

223 2599 516 2669 χιστρόφους
559 2598 743 2667 ἔχουσι
772 2596 868 2659 τὰς
918 2592 1238 2665 μεταϐολὰς,
1270 2592 1352 2644 ὅτι
1392 2592 1451 2643 ού
1489 2590 1702 2659 δέχεται
1724 2588 1785 2641 τὸ

225 2692 341 2742 κατὰ
364 2692 458 2760 τὴν
477 2692 649 2758 φύσιν
671 2690 951 2759 ὁμότιμον,
992 2686 1065 2758 μὴ
1094 2686 1386 2756 ἰσομοιρεῖν
1415 2684 1472 2735 ὲν
1496 2682 1572 2751 τῷ
1604 2681 1785 2752 κρείτ-

223 2799 335 2835 τονι·
372 2784 505 2836 ἀλλά
548 2800 629 2845 τις
649 2782 892 2850 ἔγκειται
921 2778 1123 2849 φυσικὴ
1158 2779 1322 2831 πᾶσιν
1354 2773 1619 2844 ἐπιθυμία
1648 2772 1783 2844 πρὸς

224 2891 271 2927 τη
296 2875 626 2947 ἐπικρατοῦν
656 2873 1017 2939 ἐξισάζεσθαι,
1045 2872 1172 2925 ὅταν
1202 2869 1471 2940 ὁμόφυλον

224 2969 355 3021 alteri
390 2986 497 3021 non
535 2977 788 3037 aequetur
839 2980 853 3017 :

225 3076 385 3114 secum
421 3061 627 3114 classis
678 3073 839 3128 pares
877 3055 1204 3111 elIiciantur.

1889 1950 2061 2011 natio,
2087 1965 2251 2019 quam
2293 1949 2580 2018 subjectio.
2619 1948 2845 2018 perinde
2862 1964 2924 2003 ac
2953 1949 3000 2003 si
3047 1960 3191 2003 sorte
3226 1950 3459 2018 quadam

1887 2040 2122 2111 dignitas
2180 2041 2294 2095 hinc
2348 2040 2574 2093 fortuito
2609 2040 2900 2095 accidisset
2929 2040 3027 2102 illi,
3057 2044 3148 2110 qui
3182 2051 3305 2111 post
3338 2058 3461 2097 sor-

1887 2134 2131 2188 titionem
2174 2134 2386 2187 οιυιετίδ
2449 2133 2797 2200 anteponitur
2836 2150 2849 2187 :
2896 2148 3069 2201 neque
3106 2135 3249 2187 enim
3296 2133 3459 2188 homo

1886 2228 2043 2296 quasi
2094 2226 2338 2295 ejusdem
2383 2226 2713 2295 praestantize
2764 2239 2889 2278 cum
2938 2224 3040 2279 sibi
3079 2226 3324 2294 subjecta
3358 2242 3455 2280 na-

1887 2323 2005 2367 tura
2030 2315 2348 2385 ,imperium
2384 2318 2435 2370 in
2475 2318 2631 2371 bruta
2663 2317 2891 2386 adeptus
2930 2330 3034 2381 est,
3066 2318 3160 2373 sed
3216 2334 3339 2371 cum
3370 2333 3458 2371 ra-

1885 2407 2034 2461 tione
2084 2408 2340 2462 omnibiis
2373 2410 2496 2463 aliis
2546 2409 2900 2478 praecelleret,
2938 2408 3129 2465 iisdem
3165 2410 3328 2464 etiam
3355 2410 3457 2464 do~

1886 2499 2147 2563 minatur,
2177 2500 2505 2569 praepositus
2532 2502 2653 2555 aliis
2685 2500 2756 2553 ob
2780 2508 2989 2554 naturae
3023 2516 3137 2555 sua:
3169 2501 3223 2553 in
3264 2500 3461 2555 melius

1885 2588 2133 2644 formata:
2170 2590 2583 2645 sublimitatem.
2628 2589 2874 2643 Humana
2916 2606 3044 2644 vero
3090 2592 3314 2659 imperia
3337 2590 3459 2645 ideo

1888 2681 2206 2751 repentinas
2250 2683 2582 2737 mutationes
2606 2684 2863 2745 subeunt,
2896 2684 3023 2751 quia
3082 2699 3189 2736 non
3231 2684 3456 2752 patitur,

1889 2773 1982 2843 qui
2020 2772 2322 2828 secundum
2364 2781 2617 2826 naturam
2648 2772 2894 2840 ejusdem
2926 2772 3207 2837 dignitatis
3237 2781 3291 2825 et
3322 2788 3459 2841 pra:-

1886 2866 2099 2920 stantiae
2124 2875 2224 2929 est,
2262 2874 2321 2919 ut
2356 2866 2409 2919 in
2440 2881 2525 2930 eo,
2551 2865 2697 2935 quod
2727 2865 3179 2920 honorificentius
3206 2875 3455 2934 apparet,

896 2965 991 3020 sed
1037 2964 1180 3017 inest
1227 2961 1482 3016 omnibus
1532 2958 1799 3013 naturalis
1874 2957 2126 3028 quaedam
2174 2957 2472 3028 cupiditas,
2528 2964 2586 3009 ut
2624 2958 2678 3010 in
2739 2955 2973 3025 imperio
3036 2955 3163 3009 aliis
3210 2955 3456 3025 ejusdem

281 3155 392 3217 Πῶς
420 3154 474 3208 δὲ
520 3152 721 3223 ἀληθὲς
748 3150 898 3204 ἔσται
946 3149 1007 3203 τὺ
1037 3148 1214 3201 πάντα
1258 3146 1324 3199 δι’
1352 3142 1517 3198 αύτοῦ
1564 3139 1781 3210 γεγενῆ-

1956 3134 2128 3189 Porro
2169 3148 2275 3202 qua
2308 3134 2519 3188 ratione
2556 3148 2745 3189 verum
2778 3131 2904 3194 erit,
2934 3130 3114 3185 omnia
3150 3145 3243 3200 per
3275 3131 3455 3199 ipsum

226 3250 348 3312 σθαι,
380 3248 474 3301 ἐὰν
496 3245 703 3315 ἀληθὲς
807 3243 866 3296 τὸ
909 3242 1003 3296 καὶ
1031 3240 1191 3295 αὑτὸν
1221 3240 1309 3291 τὸν
1326 3237 1451 3290 Υἱὸν
1486 3236 1544 3288 ἓν
1585 3251 1637 3286 τι
1677 3233 1784 3286 τῶν

224 3342 496 3408 γεγονότων
564 3334 739 3400 εἷναι;
784 3335 901 3406 ἦτοι
950 3333 1059 3405 γὰρ
1101 3332 1195 3386 καὶ
1244 3332 1434 3384 ἑαυτὸν
1471 3324 1784 3396 πεποιηκὼς

224 3437 373 3493 ἔσται,
402 3435 489 3487 ἵνα
530 3431 607 3503 μὴ
632 3431 825 3501 ψεῦδος
853 3430 912 3481 τὸ
946 3425 1327 3496 γεγραμμένον
1360 3419 1417 3495 ᾖ,
1453 3422 1535 3475 ὅτι
1582 3418 1784 3473 Πάντα

224 3528 283 3578 δι’
304 3527 480 3581 αὑτοῦ
523 3522 796 3592 ἐγένετο’
828 3521 920 3575 καὶ
951 3520 1091 3573 οὕτω
1128 3517 1245 3571 κατ’
1288 3515 1466 3570 αύτῶν
1492 3512 1697 3583 ἰσχύσει
1723 3511 1783 3563 τὸ

223 3623 417 3683 ἄτοπον,
463 3621 493 3673 ὃ
543 3618 682 3673 κατὰ
732 3616 826 3669 τοῦ
858 3616 1122 3684 δόγματος
1154 3610 1309 3681 ἡμῶν
1340 3607 1657 3675 ἐσοφίσαντο
1681 3646 1695 3669 ,
1722 3603 1783 3655 τὸ

220 3710 381 3761 αὑτὸν
428 3712 536 3781 ὑφ’
563 3710 779 3763 ἑαυτοῦ
828 3705 1102 3776 γενέσθαι
1133 3703 1309 3770 λέγειν
1330 3700 1394 3770 ’ῆ
1426 3698 1584 3768 εἴπερ
1624 3695 1781 3749 τοῦτο

224 3806 538 3876 παράλογον,
581 3803 676 3856 καὶ
712 3800 872 3870 φύσιν
912 3800 1009 3851 οὐκ
1056 3797 1195 3867 ἕχον,
1229 3793 1527 3847 ἀσύστατον
1567 3789 1782 3849 πάντως

222 3899 374 3948 ἐκεῖνο
419 3895 794 3965 δειχθήσεται,
844 3891 905 3944 τὸ
948 3888 1047 3959 τὴν
1099 3886 1274 3940 κτίσιν
1320 3885 1498 3937 πᾶσαν
1524 3877 1779 3933 διἀύτοῦ

222 3990 529 4058 γεγενῆσθαι
564 3982 1011 4055 διισχυρίζεσθαι.
1069 3981 1133 4031 Ἠ
1166 3978 1275 4047 γὰρ
1308 3975 1397 4029 τοῦ
1424 3974 1539 4032 ἑνὸς
1564 3970 1780 4034 ὑπεξαί-

223 4097 370 4148 ρεσις,
396 4080 572 4150 ψευδῆ
599 4077 691 4130 τὸν
743 4075 870 4145 περὶ
900 4074 1116 4126 πάντων
1160 4067 1555 4129 κατασκευάζει
1601 4064 1776 4130 λόγον.

222 4173 363 4225 Ὥστε
389 4174 451 4224 ὲκ
485 4171 587 4241 μὲν
634 4167 725 4221 τοῦ
778 4166 990 4218 κτιστὸν
1010 4158 1147 4215 εἶναι
1175 4161 1263 4213 τὸν
1293 4156 1567 4224 Μονογενῆ
1612 4154 1779 4223 διορί-

221 4264 407 4327 ζεσθαι,
443 4264 544 4316 δύο
586 4259 836 4330 πονηρῶν
880 4260 974 4309 κα)⁸
1016 4256 1230 4308 ἀτόπων
1308 4251 1368 4303 τὸ
1417 4250 1600 4320 ἕτερον
1645 4247 1780 4299 πάν-

223 4371 310 4416 τως
336 4358 362 4407 ὁ
383 4354 545 4421 λόγος
578 4352 639 4404 ού
686 4348 1028 4417 διαφεύξεται
1052 4363 1064 4374 '
1102 4346 1134 4415 ἢ
1164 4345 1223 4397 τὸ
1267 4344 1340 4414 μὴ
1376 4338 1514 4394 εἶναι
1563 4340 1778 4392 πάντων

218 4444 362 4496 αὐτὸν
417 4445 532 4497 τῶν
575 4444 876 4513 γεγονότων
936 4442 1122 4505 αίτιον,
1173 4441 1328 4506 εἴπερ
1383 4434 1541 4496 αὐτὸς
1574 4435 1777 4495 ἐκεῖνος

222 4537 551 4608 ὑπεξαιροῖτο
599 4536 707 4587 τῶν
737 4536 975 4595 πάντων,
1008 4532 1066 4584 ὃν
1092 4531 1149 4583 ἓν
1178 4530 1284 4582 τῶν
1312 4529 1488 4601 ἔργων
1522 4526 1734 4595 διισχυρ

218 4626 381 4689 ζονται
400 4645 413 4659 ’
448 4626 566 4697 ἢτὸ
591 4628 684 4679 καὶ
713 4623 905 4678 ἑαυτοῦ
956 4622 1180 4692 ποιητὴν
1228 4617 1664 4679 ἀποδείκνυσθαι,
1697 4615 1775 4668 εἴ-

219 4736 310 4789 περ
335 4721 407 4791 μὴ
435 4718 696 4789 ψεύδεται
718 4721 745 4770 ὁ
776 4717 939 4787 μηδὲν
974 4715 1078 4768 τῶν
1107 4712 1402 4782 γεγονότων
1430 4710 1594 4781 χωρὶς
1634 4707 1777 4761 ὲκεί-

216 4827 295 4863 νου
330 4811 657 4881 γεγενῆσθαι
688 4807 949 4879 κηρύξας.
995 4806 1076 4858 Τὰ
1129 4804 1227 4876 μὲν
1265 4799 1358 4856 οὖν
1397 4800 1524 4872 παρ’
1551 4800 1773 4852 ἐκείνων

215 4918 442 4956 τοιαυτα.

276 5085 331 5137 EE
356 5084 413 5138 δέ
446 5088 529 5146 τις
558 5081 873 5151 ὑγιαινούσῃ
901 5078 1216 5148 διδασκαλίᾳ
1242 5076 1542 5146 προσέχων,
1578 5078 1642 5129 ὲκ
1673 5075 1773 5145 τῆς

214 5174 350 5238 θείας
405 5193 466 5229 τε
516 5176 608 5229 καὶ
664 5174 943 5244 ἀκηράτου
999 5171 1209 5240 φύσεως
1240 5170 1331 5224 τὸν
1363 5170 1490 5223 Υίὺν
1516 5166 1652 5222 εῖναι
1684 5187 1773 5221 πι-

214 5266 399 5328 στεύοι,
449 5266 625 5319 πάντα
674 5263 882 5332 συνῳδὰ
923 5263 1001 5332 τῷ
1026 5262 1124 5331 τῆς
1162 5260 1441 5323 εὐσεϐείας
1493 5259 1771 5329 ἀναφανὴ-

215 5374 349 5409 σεται
380 5358 603 5427 δόγματι
631 5397 645 5418 ,
689 5357 748 5409 τὸ
806 5356 1030 5427 ποιητὴν
1088 5351 1225 5408 εἶναι
1280 5354 1387 5406 τῶν
1433 5353 1650 5406 πάντων
1678 5353 1768 5406 τὸν

214 5449 402 5519 Κύριον
424 5470 437 5481 ·
462 5451 519 5503 τὸ
562 5450 865 5519 βασιλεύειν
891 5450 995 5502 τῶν
1039 5450 1227 5510 ὄντων,
1262 5449 1320 5499 οὐ
1354 5446 1492 5499 κατὰ
1523 5446 1766 5517 ἀποκλή-

218 5556 388 5608 ρωσιν,
412 5544 443 5614 ἦ
471 5545 611 5598 κατὰ
642 5545 968 5614 τυραννικήν
993 5561 1112 5595 τινα
1150 5540 1462 5593 δυναστείαν
1496 5540 1604 5591 τῶν
1641 5541 1768 5608 ὁμοο

215 5633 382 5701 φύλων
415 5636 1018 5707 προτεταγμένον,ἁλλὰ
1048 5639 1111 5706 τῇ
1140 5636 1237 5705 τῆς
1271 5633 1483 5701 φύσεως
1504 5633 1763 5703 ὑπεροχῇ.

214 5726 269 5776 τί)
283 5744 419 5782 κατα
438 5731 653 5785 πάντων
676 5730 869 5800 ἔχοντα
896 5728 1115 5799 κράτος.
1145 5729 1252 5781 Καὶ
1273 5728 1351 5779 ἔτι
1375 5727 1510 5797 πρὸς
1532 5724 1762 5789 τούτοις,

212 5817 268 5871 τὸ
297 5818 367 5890 μὴ
390 5823 467 5886 είς
488 5824 774 5895 διαφόρους
812 5823 984 5893 ἀρχὰς
1016 5824 1081 5892 τῇ
1115 5821 1391 5893 ἑτερότητι
1420 5822 1517 5892 τῆς
1557 5821 1769 5889 φύσεως

1886 3226 2027 3280 facta
2074 3241 2219 3287 esse.
2271 3225 2317 3281 si
2372 3240 2558 3280 verum
2595 3233 2701 3288 est,
2754 3224 2934 3293 ipsum
2998 3240 3214 3294 quoque
3262 3223 3456 3278 Filium

1884 3335 2009 3375 esse
2069 3319 2273 3389 aliquid
2334 3334 2401 3373 ex
2453 3318 2537 3372 his
2597 3334 2720 3388 qua:
2758 3317 2901 3373 facta
2953 3320 3119 3372 sunt?
3175 3326 3323 3373 certe
3372 3334 3459 3373 se-

1885 3409 2062 3478 ipsum
2090 3423 2309 3479 quoque
2339 3408 2536 3463 fecisse
2567 3422 2797 3462 necesse
2834 3390 2957 3467 erit,
3001 3407 3046 3461 si
3088 3407 3296 3461 veritati
3325 3422 3459 3460 con-

1883 3510 2059 3565 sonet,
2115 3502 2259 3571 quod
2316 3502 2584 3570 scriptum
2630 3508 2735 3567 est,
2770 3502 2949 3554 omnia
2978 3516 3068 3568 per
3105 3503 3275 3570 ipsum
3310 3502 3456 3570 facta

1883 3611 1994 3647 esse
2030 3610 2046 3646 :
2082 3610 2192 3663 quo
2232 3595 2285 3648 fit
2313 3604 2372 3647 ut
2410 3596 2462 3647 in
2514 3594 2640 3649 illos
2672 3593 2880 3649 recidat
2927 3594 3261 3660 absurditas,
3292 3609 3456 3663 quam

1884 3685 2148 3739 adversus
2175 3686 2478 3739 doctrinam
2511 3695 2751 3739 nostram
2777 3686 3071 3740 commenti
3112 3693 3239 3741 sunt
3271 3705 3282 3739 :
3310 3702 3457 3739 eum-

1882 3780 2000 3830 dem
2050 3795 2081 3829 a
2128 3777 2295 3845 διείρεο
2324 3777 2552 3846 genitum
2589 3784 2857 3840 esse;aut
2900 3776 2943 3830 si
2996 3776 3099 3830 hoc
3143 3787 3227 3831 est
3263 3789 3457 3846 praeter

1884 3870 2172 3930 rationem,
2202 3875 2256 3923 et
2280 3879 2491 3922 natura:
2524 3868 2739 3937 penitus
2778 3869 3090 3930 adversum,
3122 3870 3285 3923 etiam
3318 3870 3453 3925 illud

1882 3975 1989 4012 non
2036 3959 2233 4028 poterit
2291 3958 2612 4019 subsistere,
2646 3973 2842 4027 nempe
2882 3974 3098 4014 omnem
3142 3968 3448 4019 creaturam

1882 4068 1976 4123 per
2018 4054 2190 4120 ipsum
2248 4049 2441 4104 factam
2490 4065 2632 4105 esse.
2669 4048 2802 4102 Nam
2853 4050 2932 4103 vel
2986 4052 3149 4103 unius
3211 4056 3458 4119 exceptio

1880 4141 2315 4196 enuntiationem
2354 4140 2717 4194 universalcm
2758 4139 2823 4194 de
2859 4141 3114 4195 omnibus
3160 4140 3351 4195 falsam
3380 4143 3456 4196 ef-

1882 4230 2013 4283 ﬁcit.
2048 4227 2236 4298 Itaque
2268 4229 2313 4284 si
2342 4229 2466 4298 quis
2493 4226 2842 4297 Unigenitum
2865 4239 3109 4283 creatum
3136 4244 3260 4285 esse
3286 4232 3452 4299 dicat,

1881 4327 2111 4379 alterum
2154 4340 2219 4379 ex
2272 4323 2490 4378 duobus
2543 4322 2768 4377 nefariis
2812 4333 2864 4377 et
2928 4320 3181 4377 absurdis
3239 4340 3347 4377 non
3368 4324 3451 4378 ef—

1882 4416 2070 4485 fugiet,
2098 4424 2192 4470 aut
2219 4416 2368 4468 illum
2392 4430 2500 4467 non
2529 4429 2653 4468 esse
2683 4414 2949 4477 omnium,
2985 4431 3107 4484 quae
3133 4425 3269 4469 iacta
3298 4428 3448 4480 sunt,

1741 4492 1777 4576 εξ
1804 4492 1855 4550 D
1881 4523 2126 4573 causam,
2150 4508 2195 4562 si
2222 4507 2309 4562 ille
2331 4522 2396 4561 ex
2429 4507 2674 4560 omnium
2723 4522 2949 4560 numero
2969 4509 3260 4571 eximatur,
3289 4526 3450 4579 quem

1880 4599 2219 4654 contendunt
2260 4613 2431 4652 unum
2483 4612 2604 4651 esse
2650 4612 2714 4650 ex
2768 4597 2897 4659 illis,
2940 4614 3061 4666 qme
3109 4601 3249 4653 facta
3298 4609 3446 4655 sunt:

1879 4692 1961 4745 vel
1995 4692 2145 4743 illum
2192 4691 2274 4744 sui
2306 4690 2478 4759 ipsius
2509 4689 2821 4744 effectorem
2872 4692 3174 4756 exstitisse,
3225 4694 3271 4747 si
3322 4709 3449 4748 vera

1877 4783 2139 4851 loquitur,
2193 4784 2283 4852 qui
2338 4784 2520 4836 omnia
2578 4799 2671 4852 per
2705 4784 2883 4852 ipsum
2923 4783 3065 4837 facta
3127 4800 3248 4839 esse
3293 4786 3446 4841 dicit.

1880 4876 1952 4930 Ea
2001 4878 2189 4945 igitur,
2233 4893 2353 4943 quin
2396 4878 2467 4931 ab
2510 4878 2643 4947 ipsis
2680 4878 3055 4949 (adversariis)
3084 4879 3449 4947 proficiscun-

1874 4979 1964 5023 tur
2004 4969 2134 5022 talia
2187 4978 2335 5023 sunt.

1944 5083 2000 5139 Si
2038 5085 2161 5154 quis
2189 5099 2317 5138 vero
2345 5100 2492 5139 sanie
2533 5084 2795 5137 doctrinae
2825 5081 3132 5145 attendens,
3163 5097 3223 5135 ex
3262 5081 3447 5136 divina

1869 5185 1922 5232 et
1954 5176 2158 5229 illibata
2190 5184 2381 5229 natura
2412 5174 2608 5229 Filium
2659 5189 2779 5229 esse
2808 5173 3013 5234 credat,
3045 5172 3224 5225 omnia
3274 5174 3447 5241 pieta-

1871 5273 1941 5323 tis
1972 5268 2247 5322 traditioni
2276 5276 2328 5321 et
2361 5265 2997 5322 institutioniconeinent
3023 5282 3035 5318 :
3065 5262 3315 5317 videlicet
3346 5264 3450 5317 Do-

1876 5360 2081 5412 minum
2126 5373 2248 5413 esse
2292 5373 2472 5412 rerum
2505 5356 2747 5413 omnium
2797 5354 3123 5419 effectorem,
3176 5354 3447 5423 imperare

1872 5451 2056 5511 rebus,
2096 5467 2201 5504 non
2261 5466 2326 5504 ex
2377 5458 2523 5504 sorte
2573 5456 2665 5501 aut
2717 5446 3002 5515 tyrannide
3058 5446 3343 5514 imperium
3388 5449 3444 5503 in

1870 5545 2105 5613 aequales
2140 5544 2417 5611 adeptum,
2455 5540 2548 5595 sed
2605 5550 2813 5594 natura:
2853 5554 2966 5594 suae
3012 5538 3353 5601 excellentia,
3386 5542 3442 5595 in

1870 5636 2053 5689 omnia
2078 5635 2505 5688 dominationem
2552 5632 2799 5686 obtinere
2832 5648 2845 5685 :
2879 5632 3103 5700 insuper
3138 5646 3245 5684 non
3281 5631 3335 5685 in
3362 5632 3445 5687 di-

1868 5740 2025 5780 versa
2058 5725 2308 5794 imperia,
2339 5733 2391 5778 et
2415 5722 2784 5777 diversitatem
2816 5731 3043 5785 naturie,
3070 5722 3443 5777 monarcliiaiu

1873 5818 2020 5872 illam
2058 5816 2355 5887 dispertiri,
2391 5815 2483 5871 sed
2519 5831 2641 5873 esse
2673 5831 2835 5874 unam
2880 5815 3242 5879 divinitatem,
3275 5828 3445 5870 unum
