3922 6512
476 392 580 447 HS

1665 381 1722 436 S.
1757 373 2081 436 GREGORII
2119 372 2409 429 NYSSENI

3628 369 3723 421 “6

476 511 782 580 imperium,
808 519 860 563 et
900 524 1062 562 unam
1100 508 1342 562 omnium
1384 511 1703 576 potestatem
1738 522 1750 555 :
1784 502 1858 555 ita
1889 507 1948 553 ut
1981 499 2034 552 in

2163 496 2487 568 ῑιῃρημὲνας,
2510 495 2569 548 τὸ
2598 495 2693 565 τῆς
2717 494 3005 564 μοναρχίας
3032 490 3209 560 δόγμα
3226 470 3720 580 καταμερίζεσθαι,

476 602 733 656 similium
789 601 1152 656 consensione
1204 599 1461 653 divinitas
1515 602 1808 666 spectetur,
1842 603 1895 646 et
1947 605 2042 661 per

477 694 654 747 simile
685 692 752 746 ad
786 694 964 746 simile
994 698 1230 746 mentem
1260 690 1426 743 ducat
1452 706 1465 742 :
1494 696 1553 741 ut
1585 686 1826 739 omnium
1862 698 2042 737 rerum

484 784 827 853 principium,
859 784 1003 851 quod
1043 788 1128 835 est
1166 780 1447 840 Dominus,
1484 794 1576 848 per
1605 776 1862 846 Spiritum
1911 788 2041 829 sau-

479 883 627 928 ctum
657 876 853 928 animis
895 873 1102 927 nostris
1139 873 1396 926 illuceat:
1435 871 1550 924 lieri
1577 869 1721 924 enim
1765 881 1873 921 non
1922 871 2044 934 pot-

480 976 586 1029 est,
627 973 686 1019 ut
711 964 833 1034 quis
868 963 1053 1019 Jesum
1087 962 1337 1032 aspiciat,
1373 961 1481 1016 nisi
1515 961 1568 1014 in
1592 960 1797 1030 Spiritu
1832 966 2043 1017 sancto,

485 1064 646 1125 prout
699 1062 928 1110 testatur
978 1054 1313 1123 Apostolus:
1362 1067 1455 1121 per
1500 1050 1694 1105 Filium
1741 1063 1890 1110 vero,
1952 1047 2046 1117 qui

485 1156 569 1200 est
629 1146 951 1215 principium
1009 1144 1279 1208 omnium,
1346 1142 1646 1211 reperimus
1710 1141 1894 1204 illum,
1953 1139 2044 1207 qui

480 1242 565 1289 est
603 1250 767 1304 supra
819 1249 978 1288 omne
1034 1234 1378 1303 principium,
1426 1248 1620 1302 nempe
1667 1231 2043 1285 universorum

485 1326 683 1380 Deum:
708 1340 881 1395 neque
908 1325 1052 1378 enim
1074 1325 1186 1379 ﬁeri
1216 1331 1413 1394 potest,
1435 1320 1885 1393 utprimigenium
1914 1319 2048 1373 illud

481 1417 687 1469 bonum
719 1422 1101 1483 cognoscatur,
1140 1414 1186 1468 si
1232 1429 1339 1468 non
1382 1415 1437 1467 iu
1484 1413 1719 1482 imagine
1759 1411 2049 1466 invisibilis

484 1510 745 1564 reluceat.
815 1508 1049 1563 Perinde
1111 1524 1243 1563 vero
1286 1524 1349 1563 ac
1412 1510 1467 1562 in
1522 1509 1804 1577 reciproco
1862 1523 2047 1571 cursu,

486 1597 829 1653 reﬂectentes
875 1609 999 1669 post
1028 1598 1226 1654 divinae
1255 1600 1582 1670 cognitionis
1630 1606 1815 1669 caput,
1850 1601 2048 1668 ipsum,

489 1689 733 1758 inquam,
761 1691 1138 1745 universorum
1179 1690 1373 1752 Deum,
1414 1701 1466 1745 et
1493 1708 1587 1760 per
1611 1706 1694 1755 ea,
1735 1706 1855 1760 quae
1884 1692 2049 1745 menti

489 1787 721 1848 cognata
749 1791 802 1833 et
825 1777 1117 1833 familiaria
1144 1786 1293 1843 sunt,
1318 1781 1695 1845 decurrentes,
1720 1795 1748 1833 a
1777 1779 1937 1833 Patre
1959 1794 2055 1848 per

2142 588 2276 642 ἀλλὰ
2332 587 2459 657 μίαν
2511 585 2757 654 θεότητα,
2794 583 2920 653 μίαν
2959 581 3148 651 ἀρχὴν,
3185 579 3326 649 μίαν
3355 576 3470 629 τῶν
3517 579 3723 629 πάντων

2143 680 2387 745 ἐξουσίαν
2429 674 2566 731 εἶναι
2590 676 2860 729 πιστεύειν
2886 692 2898 705 ’
2931 675 2987 728 ἐν
3016 676 3080 744 τῇ
3114 672 3227 725 τῶν
3252 670 3469 740 ὁμοίων
3507 685 3723 738 συμφωο

2144 773 2231 843 νίᾳ
2256 772 2352 841 τῆς
2393 770 2641 840 θεότητος
2696 767 3071 837 θεωρουμένης
3095 806 3108 828 ,
3144 764 3243 816 καὶ
3281 762 3377 814 διὰ
3416 759 3515 812 τοῦ
3548 760 3724 828 ὁμοίου

2144 865 2280 935 πρὸς
2303 864 2363 915 τὸ
2386 863 2568 932 ὅμοιον
2590 860 2688 931 τὴν
2730 860 2964 913 διάνοιαν
2993 855 3257 926 ἀγούσης,
3283 853 3363 916 ὡς
3390 853 3493 922 τῆς
3517 852 3724 905 πάντων

2149 957 2247 1027 μὲν
2271 955 2464 1025 ἀρχῆς.
2501 956 2621 1024 ἥτις
2651 951 2795 1005 ἐστὶν
2822 951 2850 1002 ό
2876 950 3098 1021 Κύριος,
3128 948 3220 1001 διά
3240 946 3344 1000 τοῦ
3384 946 3543 1013 ἁγίου
3574 944 3725 995 Πνεῦ-

2150 1062 2316 1117 ματος
2378 1047 2495 1107 ταῖς
2544 1043 2739 1113 ψυχαῖς
2790 1040 3187 1111 ἐλλαμπούσης.
3259 1036 3578 1107 Ἀμήχανον
3624 1033 3724 1105 γὰρ

2147 1137 2358 1207 ἀληθῶς
2378 1135 2719 1206 θεωρηθῆναι
2749 1134 2806 1185 ἐν
2831 1130 3109 1201 Πνεύματι
3134 1128 3304 1198 ἁγίῳ,
3348 1124 3537 1187 καθώς
3570 1140 3723 1193 φησιν

2148 1233 2177 1283 ὁ
2210 1228 2547 1291 Ἀπόστολος,
2580 1227 2668 1279 διὰ
2695 1226 2751 1279 δὲ
2775 1224 2867 1278 τοῦ
2905 1224 3131 1293 Κυρίου,
3158 1223 3221 1285 ὃς
3255 1222 3414 1272 ἐστιν
3452 1219 3488 1288 ἡ
3518 1218 3725 1270 πάντων

2148 1324 2320 1395 ἀρχὴ,
2353 1323 2454 1392 τῆς
2491 1320 2746 1374 ἐπέκεινα
2790 1319 2969 1388 πάσης
3004 1316 3176 1385 ἀρχῆς
3225 1315 3367 1383 ἡμῖν
3411 1311 3725 1381 εὑρισκομέ-

2149 1433 2267 1486 νης,
2296 1416 2417 1485 ἥτις
2453 1414 2600 1466 ἐστὶν
2626 1414 2654 1465 ὁ
2688 1410 2781 1464 ἐπί⁸
2812 1409 3025 1464 πάντων
3051 1406 3183 1469 Θεός
3208 1421 3222 1434 ’
3256 1404 3386 1458 οὐδέ
3426 1402 3536 1472 γὰρ
3574 1401 3725 1453 δυνα-

2150 1508 2239 1560 τόν
2262 1507 2406 1558 ἐστιν
2439 1492 2630 1566 άλλως,
2652 1501 2712 1554 τὸ
2738 1499 3037 1572 ἀρχέτυπον
3057 1494 3266 1564 ἀγαθὸν
3300 1490 3722 1560 ἐπιγνωσθῆναι,

2155 1598 2229 1669 μὴ
2259 1599 2316 1650 ἐν
2335 1600 2401 1667 τῇ
2442 1594 2609 1648 είκόνι
2647 1592 2878 1663 ἀοράτου
2909 1588 3256 1659 φαινόμενον.
3276 1585 3499 1653 ’Ὠσπερ
3528 1582 3586 1633 δέ
3614 1598 3725 1632 τινα

2152 1689 2363 1743 δίαυλον
2400 1687 2845 1755 ἀνακάμπτοντες
2871 1679 3007 1750 μετὰ
3035 1678 3095 1731 τὸ
3120 1675 3429 1743 κεφάλαιον
3474 1671 3574 1740 τῆς
3610 1669 3721 1723 θεο-

2154 1782 2407 1850 γνωσίας,
2443 1778 2601 1833 αὐτὸν
2627 1776 2769 1845 λέγω
2815 1775 2906 1828 τὸν
2934 1775 3024 1825 ἐπὶ
3060 1771 3284 1823 πάντων
3327 1764 3588 1828 Θεὸν,διά
3623 1762 3721 1815 τῶν

492 1869 688 1924 Filium
743 1871 807 1925 ad
844 1870 1107 1942 Spiritum
1159 1880 1408 1927 sanctum
1449 1873 1764 1927 accedimus
1792 1891 1805 1927 :
1832 1887 1957 1925 nam
1998 1873 2048 1925 in

2163 1873 2435 1945 προσεχῶν
2458 1890 2517 1925 τε
2539 1871 2631 1924 καὶ
2646 1869 2858 1922 οἰκείων
2883 1869 2947 1937 τῇ
2970 1864 3175 1933 διανοίᾳ
3205 1861 3522 1932 τρέχοντες,
3554 1857 3616 1945 sx
3636 1853 3718 1907 τοῦ

488 1961 935 2016 consideratione
966 1963 1190 2033 ingeniti
1241 1963 1465 2019 luminis
1519 1965 1824 2028 constituti,
1871 1966 2051 2019 lumen

488 2054 644 2117 illud,
672 2054 819 2123 quod
854 2069 921 2109 ex
953 2053 1073 2124 ipso
1100 2055 1360 2110 continue
1403 2057 1648 2125 procedit
1674 2056 2051 2127 cognovimus,

488 2146 744 2201 videlicet
788 2154 1047 2215 tanquam
1090 2147 1305 2202 radium
1333 2162 1457 2202 cum
1504 2152 1619 2204 sole
1663 2151 1869 2219 pariter
1921 2150 2055 2206 sub-

491 2238 977 2309 sistentem,cujus
1022 2254 1148 2295 esse
1213 2255 1437 2295 causam
1486 2255 1516 2293 a
1564 2241 1678 2295 sole
1723 2241 1905 2304 habet,
1962 2242 2054 2297 sed

489 2327 812 2384 exsistentia
863 2329 1027 2386 simul
1077 2336 1163 2385 est
1214 2344 1341 2384 cum
1396 2330 1534 2393 sole,
1587 2345 1695 2383 non
1752 2331 2058 2400 posteriore

491 2420 708 2475 demum
755 2429 1015 2490 tempore,
1069 2420 1302 2490 adjecta,
1341 2437 1528 2476 verum
1560 2422 1719 2475 simul
1754 2437 1817 2475 ac
1846 2422 1927 2477 sol
1960 2437 2059 2490 ap-

493 2512 695 2582 paruit,
737 2511 855 2582 ipse
902 2514 1066 2567 etiam
1112 2512 1299 2567 radius
1330 2513 1459 2568 inde
1495 2512 1836 2583 resplenduit
1862 2552 1877 2566 .
1912 2511 2058 2579 Quin

490 2600 677 2669 potius
721 2600 851 2670 (non
890 2601 1032 2655 enim
1077 2615 1301 2657 necesse
1333 2611 1436 2665 est,
1470 2611 1527 2656 ut
1554 2602 1650 2669 qui
1692 2600 1918 2672 imagini
1946 2619 2065 2658 ser-

492 2690 670 2755 viunt,
711 2693 1223 2755 calumniatoribus,
1264 2693 1412 2745 allati
1448 2693 1679 2762 exempli
1725 2694 1909 2749 minus
1940 2704 2062 2765 apta

493 2783 1019 2848 accommodatione,
1066 2785 1195 2839 dent
1226 2784 1645 2838 contradicendi
1695 2785 2063 2855 occasionem)

495 2890 607 2929 non
643 2876 857 2930 radium
904 2892 969 2931 ex
1016 2877 1153 2942 sole,
1213 2876 1308 2931 sed
1363 2893 1431 2929 ex
1467 2878 1713 2947 ingenito
1745 2879 1860 2932 sole
1898 2879 2064 2932 alium

494 2968 669 3022 solem
716 2976 899 3022 mente
942 2982 1006 3021 ac
1049 2967 1382 3037 cogitatione
1435 2968 1925 3037 apprehendemus,
1973 2971 2064 3039 qui

497 3058 657 3113 simul
679 3073 802 3111 cum
823 3059 998 3128 primo
1018 3074 1114 3128 per
1135 3067 1543 3128 generationem
1568 3058 1859 3122 exstiterit,
1878 3061 1932 3113 in
1953 3076 2065 3115 om-

497 3149 660 3204 nibus
689 3151 860 3219 primo
878 3151 1124 3219 aequalis,
1148 3150 1571 3219 pulchritudine,
1599 3152 1859 3221 potentia,
1888 3153 2063 3221 splen-

496 3242 648 3303 dore,
677 3242 1066 3310 magnitudine,
1092 3241 1331 3312 fulgore;
1355 3243 1615 3305 breviter,
1644 3243 1900 3297 omnibus
1923 3244 2066 3309 aliis,

498 3347 620 3399 quae
642 3331 694 3383 in
726 3332 1043 3386 soleinsunt
1061 3347 1072 3381 :
1091 3339 1143 3385 et
1163 3347 1356 3385 rursus
1374 3330 1522 3384 aliud
1540 3332 1649 3385 tale
1666 3332 1846 3385 lumen
1865 3331 1929 3385 ad
1944 3348 2072 3402 pra:-

499 3422 707 3474 dietum
735 3422 953 3475 modum
976 3422 1396 3486 constituemus,
1422 3422 1572 3475 nullo
1593 3424 1877 3492 temporali
1913 3424 2073 3478 inter-

506 3511 645 3564 vallo
666 3512 918 3565 alumine
937 3513 1120 3581 genito
1142 3514 1445 3567 abscissum
1467 3531 1478 3566 :
1497 3513 1593 3567 sed
1616 3528 1711 3582 per
1732 3515 1906 3583 ipsum
1927 3515 2071 3582 equi-

504 3602 625 3654 dem
646 3599 927 3669 elfulgens,
947 3600 1273 3671 principium
1289 3616 1416 3656 vero
1432 3616 1542 3655 suae
1556 3602 1907 3672 hypostaseos
1924 3618 1950 3653 a
1969 3604 2072 3671 pri-

505 3707 673 3746 maevo
701 3692 904 3746 lumine
947 3693 1222 3762 accipiens
1279 3713 1291 3746 :
1337 3694 1517 3748 lumen
1541 3693 1758 3764 quidem
1811 3701 1864 3748 et
1893 3695 2068 3763 ipsum

504 3793 586 3837 est
621 3782 688 3836 ad
735 3782 1148 3837 similitudinem
1200 3784 1556 3854 prmconcepti
1614 3784 1836 3840 luminis
1882 3785 2069 3839 lucens

504 3884 559 3927 et
621 3875 951 3937 illuminans,
986 3882 1040 3930 et
1075 3877 1258 3928 omnia
1295 3876 1424 3939 alia,
1458 3891 1577 3945 qua:
1617 3876 1724 3931 luci
1752 3887 2068 3947 competunt

505 3965 741 4020 elliciens
784 3983 796 4018 :
846 3982 1021 4036 neque
1071 3967 1214 4020 enim
1257 3967 1311 4019 in
1345 3967 1447 4021 hoc
1484 3969 1602 4037 ipso
1642 3976 1729 4024 est
1774 3969 1994 4023 luminis
2038 3984 2067 4021 a

508 4058 710 4111 lumine
733 4058 911 4126 aliqua
929 4058 1208 4112 distinctio
1242 4073 1337 4111 seu
1366 4058 1615 4122 variatio,
1641 4059 1857 4128 quando
1876 4061 1927 4113 in
1953 4060 2070 4113 illu-

509 4146 751 4200 minandi
804 4147 975 4215 gratia
1000 4156 1053 4201 et
1087 4146 1285 4200 virtute
1332 4147 1513 4201 nullus
1550 4148 1707 4217 plane
1736 4148 1889 4203 adest
1918 4147 2067 4203 defe-

508 4247 651 4300 ctus,
686 4245 872 4307 utpote
894 4239 1039 4292 omui
1068 4238 1397 4311 perfectione
1421 4255 1544 4293 cum
1580 4239 1737 4294 Patre
1757 4250 1807 4293 et
1842 4239 1978 4295 Filio
1999 4240 2067 4294 ad

510 4343 821 4396 supremum
868 4344 1039 4398 usque
1071 4341 1337 4393 evectum,
1374 4332 1626 4401 quodque
1671 4348 1791 4386 cum
1826 4332 1983 4387 Patre
2014 4340 2068 4388 et

510 4418 648 4475 Filio
679 4419 955 4473 numerari
986 4430 1035 4473 et
1063 4422 1351 4483 nominari,
1377 4432 1431 4475 et
1461 4438 1553 4491 per
1595 4422 1832 4493 seipsum
1877 4424 1943 4478 ad
1981 4426 2064 4479 lu-

512 4526 656 4571 men,
687 4510 829 4579 quod
868 4511 919 4561 in
952 4508 1109 4564 Patre
1136 4522 1189 4565 et
1222 4510 1357 4564 Filio
1389 4513 1569 4568 inesse
1603 4513 1935 4584 intelligitur,
1972 4518 2067 4570 ad-

2092 3199 2139 3261 C

2154 1944 2363 2033 Πατρὺς
2386 1962 2472 2015 διὰ
2500 1960 2593 2012 τοῦ
2628 1957 2754 2011 Υίοῧ
2788 1956 2920 2026 πρὸς
2957 1954 3018 2005 τὸ
3046 1952 3275 2021 Πνεῦμα
3318 1944 3721 2017 ἀναχωροῦμεν.

2163 2060 2254 2112 Ἐν
2288 2054 2529 2127 περινοίᾳ
2556 2052 2663 2123 γὰρ
2696 2049 2788 2103 τοῦ
2814 2047 3104 2116 άγεννήτου
3126 2042 3311 2111 φωτὸς
3341 2037 3719 2098 καταστάντες,

2156 2126 2367 2203 ἐκεῖθεν
2401 2147 2560 2200 πάλιν
2588 2144 2650 2195 τὸ
2694 2141 2753 2208 ἐξ
2786 2136 3118 2208 αὐτοῦμφῶς,
3151 2132 3297 2186 κατά
3357 2131 3421 2183 τὸ
3471 2126 3720 2199 προσεχὲς

2156 2244 2475 2313 ἐνοήσαμεν,
2504 2233 2613 2290 οἷον
2655 2232 2847 2288 ἀκτῖνά
2871 2204 2991 2283 τινά
3020 2228 3097 2298 τῷ
3137 2226 3282 2297 ἡλίῳ
3333 2216 3719 2289 συνυφισταμέ-

2157 2352 2254 2403 νην
2267 2308 2292 2365 ’⁸
2415 2333 2448 2401 ἡ
2492 2330 2587 2400 μὲν
2637 2326 2782 2380 αἰτία
2813 2322 2906 2376 τοῦ
2939 2317 3105 2384 εἶναι,
3136 2321 3203 2371 ἐκ
3256 2314 3356 2369 τοῦ
3394 2313 3575 2384 ἡλίου·
3605 2311 3635 2379 ὴ
3669 2308 3720 2360 δέ

2160 2423 2410 2495 ὓπαρξις,
2434 2420 2566 2490 ὁμοῦ
2601 2418 2687 2488 τῷν
2722 2416 2876 2487 ἡλίῳ,
2907 2413 2967 2466 οὐ
2996 2411 3206 2482 χρόνοις
3242 2407 3720 2499 ὖστερονῗπροσγεῖ

2160 2493 2355 2588 νομένη
2375 2532 2388 2543 ⁸
2420 2513 2532 2567 ἀλλ’
2561 2510 2695 2583 ὁμοῦ
2737 2508 2814 2579 τῷ
2867 2506 3092 2576 ὀφθῆναι
3141 2502 3257 2592 τὸν⁸
3277 2498 3455 2592 ἥλιον,
3482 2494 3541 2561 ἐξ
3554 2493 3720 2592 ἀὐτου

2161 2581 2827 2671 ἀναφαινομένηξΜᾶλλον
2871 2595 2927 2646 δὲ
2974 2592 3056 2660 (οὐ
3093 2590 3205 2659 γὰρ
3233 2588 3455 2655 ἀνάγκη
3504 2581 3631 2634 πᾶσι
3660 2581 3718 2671 τῇ

2162 2698 2328 2751 εικόνι
2360 2693 2703 2752 δουλεύοντας
2724 2686 2904 2740 δοῦναι
2928 2687 3037 2746 τοῖς
3074 2681 3446 2749 συκοφάνταις
3480 2672 3615 2727 κατά
3637 2668 3717 2722 τοῦ

2162 2789 2319 2856 λόγου
2356 2783 2525 2853 λαϐὴν
2560 2783 2616 2834 ἐν
2644 2783 2710 2851 τῇ
2763 2777 2855 2831 τοῦ
2914 2774 3317 2842 ὑποδείγματος
3366 2765 3575 2837 ἀτονία)
3613 2763 3721 2831 οὐχὶ

2164 2883 2355 2935 ἀκτῖνα
2403 2877 2463 2941 ἐξ
2500 2876 2651 2947 ἡλίου
2692 2874 2974 2944 νοήσομεν,
3010 2868 3122 2921 ἀλλ’
3147 2866 3210 2930 ἐξ
3255 2864 3551 2933 ἀγεννήτου
3584 2858 3717 2927 ἡλίου

2163 2971 2318 3026 ἄλλον
2356 2969 2524 3040 ἥλιον,
2555 2964 2686 3037 ὁμοῦ
2718 2967 2783 3034 τῇ
2812 2962 2903 3016 τοῦ
2947 2960 3162 3031 πρώτου
3196 2956 3418 3025 ἐπινοίᾳ⁸
3466 2948 3719 3021 γεννητὰς

2164 3061 2312 3132 αὐτῷ
2372 3058 2851 3128 συνεκλάμποντα,
2887 3054 2982 3105 καὶ
3035 3050 3176 3105 κατά
3237 3049 3422 3102 πάντα
3478 3042 3717 3101 ὡσαύτως

2167 3152 2588 3226 ἐχοντα,κάλλει,
2618 3148 2862 3217 δυνάμει,
2895 3143 3217 3215 λαμπηδόνι,
3244 3138 3487 3211 μεγέθει,
3519 3132 3718 3226 φαιδρόο

2168 3223 2310 3317 τήτι,
2339 3245 2433 3298 καὶ
2455 3245 2617 3296 πᾶσιν
2650 3239 2795 3303 ama
2826 3240 2933 3300 τοῖς
2958 3236 3084 3305 περὶ
3121 3236 3212 3287 τὸν
3244 3234 3397 3303 ἥλιον
3434 3223 3719 3317 θεωρουμέ-

2170 3315 2299 3400 νοις.
2330 3335 2441 3389 Καὶ
2466 3335 2625 3387 πάλιν
2645 3333 2830 3402 ἕτερον
2865 3328 3098 3381 τοιοῦτον
3128 3325 3268 3394 φῶς,
3300 3322 3444 3378 κατά
3463 3321 3551 3372 τὸν
3574 3315 3719 3368 αὑτὸν

2168 3430 2389 3500 τρόπον,
2416 3428 2476 3479 οὐ
2536 3423 2766 3496 χρονικῷ
2803 3439 2905 3474 τινι
2953 3419 3283 3488 διαστήματι
3342 3413 3435 3466 τοῦ
3480 3422 3716 3478 γεννητου

2171 3521 2346 3588 φωτὸς
2368 3516 2820 3586 ἀποτεμνόμενον,
2858 3512 2989 3566 ἀλλὰ
3014 3511 3077 3562 δι’
3114 3508 3279 3561 αὑτοῦ
3301 3508 3400 3577 μὲν
3440 3504 3714 3570 ἐκλάμπον

2168 3613 2266 3682 τὴν
2286 3611 2342 3664 δὲ
2372 3610 2472 3680 τῆς
2495 3607 2840 3667 ὑποστάσεως
2865 3604 3043 3657 αἰτίαν
3081 3602 3200 3670 ἔχον
3246 3602 3311 3651 ἐκ
3338 3595 3431 3650 τοῦ
3464 3588 3716 3689 πρωτοτῆ

2171 3719 2272 3755 που
2298 3701 2473 3770 φωτός
2496 3716 2507 3727 ·
2545 3698 2659 3767 φῶς
2690 3697 2870 3768 μέντοι
2891 3695 2985 3747 xa‘t
3017 3693 3147 3745 αὐτὸ
3172 3690 3296 3744 καθ’
3325 3686 3611 3758 ὁμοιότητα
3634 3686 3715 3732 του

2171 3789 2649 3863 προεπινοηθέντος
2678 3787 2909 3857 λάμπον,
2946 3784 3040 3836 καὶ
3071 3782 3325 3851 φωτίζον,
3370 3778 3463 3830 καὶ
3491 3776 3555 3828 τὰ
3596 3771 3717 3825 ἄλλα

2171 3884 2346 3936 πάντα
2386 3883 2453 3934 τὰ
2492 3881 2585 3933 τοῦ
2646 3880 2818 3947 φωτὸς
2867 3876 3249 3947 ἐργαζόμενον.
3289 3872 3423 3925 Οὐδὲ
3462 3870 3565 3937 γὰρ
3616 3864 3715 3916 ἔστι

2170 3974 2309 4041 φωτὶ
2338 3972 2471 4042 πρὸς
2500 3973 2681 4040 ἕτερον
2713 3970 2826 4037 φῶς
2862 3970 2981 4020 κατ’
3014 3966 3143 4018 αὐτὸ
3184 3964 3345 4017 τοῦτο
3384 3954 3711 4029 παραλλαγή·

2168 4066 2294 4117 ὅταν
2319 4066 2435 4117 κατ’
2456 4063 2604 4116 οὐδὲν
2624 4062 2720 4132 τῆς
2740 4062 3067 4129 φωτιστικῆς
3090 4060 3310 4130 χάριτος
3328 4049 3567 4118 ἐνδέον,ἣ
3585 4049 3716 4099 ὑστε-

2171 4157 2428 4226 ρούμενον
2468 4156 2762 4226 φαίνηται,
2787 4152 2923 4207 ἀλλὰ
2970 4152 3117 4220 πάσῃ
3164 4148 3461 4215 τελειότητι
3502 4141 3629 4211 πρὸς
3662 4136 3714 4187 τὸ

2168 4247 2464 4315 ἀκρότατον
2501 4243 2835 4314 ἐπηρμένον,
2881 4243 3018 4313 μετά
3052 4241 3262 4311 [ἰατρὸς
3294 4240 3389 4291 καὶ
3426 4233 3549 4289 Υἱοῦ
3592 4230 3712 4315 θεωῗ

2170 4308 2327 4407 ρῆται
2355 4374 2369 4398 ,
2427 4334 2562 4405 μετά
2595 4308 2826 4404 ’Πατέρα
2864 4308 2957 4386 παὶ
3002 4329 3126 4383 Υἰὺν
3163 4308 3497 4399 ἀριθμῆται,
3530 4318 3615 4373 καὶ
3655 4308 3713 4367 δι’

2169 4426 2360 4480 ἑαυτοῦ
2401 4426 2497 4496 τὴν
2544 4423 2906 4494 προσαγωγὴν
2934 4424 3069 4493 πρὸς
3107 4424 3168 4476 τὸ
3190 4425 3566 4493 ἐπινοούμενον
3590 4418 3708 4488 φῶς.

2172 4517 2232 4569 τὸ
2272 4520 2328 4568 ἐν
2376 4515 2549 4585 Πατρὶ
2582 4515 2673 4567 καὶ
2717 4514 2868 4583 Υίῷ,
2900 4517 3034 4568 πᾶσι
3088 4518 3198 4578 τοῖς
3243 4516 3528 4585 μετασχεῖν
3572 4510 3709 4563 δυναο

513 4606 711 4659 ducere
746 4618 936 4657 omnes
985 4603 1078 4672 qui
1124 4603 1269 4658 illius
1312 4606 1602 4674 participes
1660 4606 1775 4661 ﬁeri
1819 4622 2063 4677 possunt,

2180 4604 2357 4674 μένοις
2407 4604 2715 4673 χαρίζηται.
2754 4603 2912 4657 Ἀλλά
2944 4604 3114 4657 ταῦτα
3153 4605 3250 4675 μὲν
3277 4606 3356 4664 εἰς
3391 4601 3647 4656 τοσοῦτον.

515 4694 819 4749 consuevit.
862 4693 965 4747 Sed
1003 4696 1117 4748 luce
1147 4694 1427 4751 hactenus.

586 4786 853 4839 Caeterum
893 4801 1016 4839 cum
1065 4784 1409 4857 (Eunomius)
1443 4791 1645 4845 multus
1680 4791 1771 4858 sit,
1823 4800 1875 4845 et
1917 4797 2072 4863 quasi

517 4875 1014 4944 dilIluatjactaudis
1058 4878 1321 4932 conviviis
1356 4889 1409 4933 et
1448 4895 1544 4948 pro
1572 4883 1718 4935 omni
1761 4883 2072 4952 disputandi

519 4966 740 5021 exordio
761 4967 1140 5020 contumeliam
1167 4969 1496 5035 substernat,
1521 4987 1726 5040 proque
1749 4977 1894 5028 omni
1926 4977 2068 5045 ejus,

519 5058 662 5127 quod
712 5057 769 5111 in
822 5061 1193 5112 controversia
1249 5070 1537 5126 versatur,
1590 5064 2079 5132 demonstratione,

524 5150 720 5225 probra
747 5159 799 5203 et
821 5150 1125 5203 calumnias
1165 5151 1375 5214 ali'erat,
1412 5155 1640 5222 agedum
1676 5158 1865 5225 paucis
1902 5160 2084 5214 videa-

525 5257 666 5305 mus,
690 5256 826 5310 quas
848 5240 916 5295 de
940 5243 1161 5311 ingeniti
1199 5258 1292 5296 seu
1332 5245 1672 5301 iunascibilis
1714 5248 1977 5303 vocabulo
2004 5268 2087 5322 sy-

527 5332 844 5400 cophantice
864 5331 918 5385 in
943 5331 1218 5387 doctorem
1245 5343 1489 5387 nostrum
1512 5334 1810 5407 (Basiliam)
1834 5340 2084 5411 etinejus

527 5422 957 5475 ilissertationem
972 5424 1376 5478 criminationes
1392 5427 1979 5486 evomuerit.Recitavit
1997 5449 2085 5486 au-

482 5570 495 5591 ,
527 5521 634 5571 tem
652 5512 766 5579 ipsa
786 5511 1025 5580 magistri
1047 5512 1215 5567 nostri
1238 5514 1418 5577 verba,
1444 5531 1564 5584 qua:
1580 5517 1652 5569 ita
1673 5533 1731 5572 se
1749 5520 1966 5576 habent:
1981 5524 2085 5593 ligo

528 5618 645 5654 vero
682 5602 841 5653 etiam
870 5603 1105 5671 ingeniti,
1140 5604 1243 5656 sive
1286 5604 1616 5660 innascibilis
1661 5609 2083 5676 appellationem,

529 5692 762 5759 quamvis
786 5708 1107 5761 summopere
1137 5696 1537 5764 cogitationibus
1569 5700 1761 5751 nostris
1795 5714 2045 5771 congrqu
2070 5718 2089 5765 ς,

531 5793 703 5841 tamen
721 5783 963 5851 quoniam
985 5783 1127 5836 nullo
1152 5785 1262 5839 loco
1278 5785 1326 5838 in
1348 5786 1618 5855 Scriptura
1634 5789 1796 5854 ipsum
1810 5790 2027 5858 imenio,
2042 5806 2088 5846 ct

2258 4786 2480 4839 Ἐπεὶδέ
2503 4786 2667 4848 πολύς
2704 4788 2849 4840 ἐστιν
2882 4786 3121 4859 εὐρροῶν
3158 4790 3276 4850 ταῖς
3310 4784 3604 4856 λοιδορίαις,
3629 4776 3708 4830 καὶ

2174 4881 2352 4950 πάσης
2384 4880 2480 4948 μὲν
2525 4879 2697 4948 ἀρχῆς
2741 4880 3080 4950 κατασκευὴν
3128 4879 3223 4950 τὴν
3271 4878 3425 4948 ὓϐριν
3477 4871 3707 4938 ποιούμε-

2174 4970 2421 5033 νο(ιῑνάιντὶ
2463 4970 2518 5022 δὲ
2564 4970 2743 5038 πάσης
2793 4970 3115 5036 ἀποδείξεως
3156 4974 3263 5025 τῶν
3300 4958 3706 5042 ἀμφισϐητουμέ-

2179 5080 2283 5115 νων
2336 5062 2432 5131 τὴν
2504 5062 2767 5131 λοιδορίαν
2822 5067 3041 5131 ἐπάγων
3075 5084 3088 5097 ·
3136 5066 3267 5137 φέρε
3326 5066 3419 5118 καὶ
3458 5065 3551 5116 ὅσα
3599 5054 3707 5123 περὶ

2180 5152 2275 5221 τῆς
2330 5151 2421 5204 τοῦ
2470 5152 2764 5222 ἀγεννήτου
2813 5153 2995 5221 φωνῆς
3049 5154 3394 5224 συκοφαντῶν
3449 5150 3534 5202 τὸν
3581 5142 3704 5196 διδά·

2181 5242 2376 5295 σκαλον
2419 5242 2610 5311 ἡμῶν,
2643 5243 2735 5295 καὶ
2790 5244 2868 5304 είς
2918 5243 3077 5294 αὐτὸν
3130 5246 3334 5296 ἐκεῖνον
3384 5241 3473 5293 καὶ
3511 5238 3584 5295 εἰς
3629 5230 3705 5281 τδν

2180 5334 2333 5399 λόγον
2372 5331 2650 5403 ἐξύόρισε,
2689 5333 2892 5403 βραχέα
2924 5332 3306 5406 διαλεχθῶμεν.
3346 5328 3599 5401 Παρέθετο
3623 5317 3701 5372 τοῦ

2180 5425 2499 5478 διδασκάλου
2533 5425 2657 5494 περὶ
2695 5425 2895 5478 τούτων
2922 5424 3061 5490 λέξιν
3102 5427 3324 5495 ἔχουσαν
3350 5422 3510 5483 οὕτως
3536 5433 3549 5446 ·
3579 5408 3703 5478 Ἐγὼ

2181 5517 2248 5570 δὲ
2277 5516 2372 5569 καί
2406 5516 2518 5582 τὴν
2568 5517 2671 5569 τοῦ
2704 5517 3032 5586 ἀγεννήτου
3069 5515 3478 5585 προσηγορίαν,
3509 5506 3612 5560 κᾶν
3642 5498 3699 5552 τὰ

2178 5608 2442 5677 μάλιστα
2487 5607 2634 5677 δοκῇ
2683 5608 2809 5673 ταῖς
2842 5609 3099 5673 ἐννοίαις
3141 5608 3304 5678 ἡμῶν
3349 5599 3695 5673 συμϐαίνειν.

2183 5700 2318 5753 ἀλλ’
2347 5694 2460 5754 οὖν
2491 5700 2567 5765 ὠς
2609 5699 2871 5769 οὐδαμοῦ
2903 5699 3013 5767 τῆς
3040 5699 3281 5769 Γραφὴῖ·
3305 5694 3583 5767 κειμένην,
3616 5680 3697 5737 καί

2188 5789 2419 5856 πρῶτον
2444 5791 2740 5859 στοιχεῖον
2764 5791 2956 5845 οὖσαν
2982 5791 3089 5861 τῆς
3112 5790 3492 5862 βλασφημίας
3515 5775 3693 5839 αὐτοῦι
