3922 6474
252 360 337 412 617

1355 352 1631 410 CONTRA
1668 351 2055 418 EUNOMIUM,
2100 352 2230 409 LIB.
2272 357 2309 408 l.

3352 355 3454 409 “8

249 473 555 549 σιωπᾶσθαι
585 474 659 526 ἂν
684 474 922 538 δικαίως
964 473 1144 536 ἀξίαν
1176 470 1327 527 εἶναι
1369 474 1620 543 φήσαιμι
1641 490 1655 503 ο
1686 470 1777 539 τῆς

1893 488 2138 541 quamam
2164 475 2392 539 primum
2415 484 2491 529 est
2519 476 2826 555 elementum
2856 471 3187 543 blasphemia:
3208 473 3451 536 istorum,

248 568 451 634 Πατρός
504 564 707 634 φωνῆς
760 567 901 620 ίσον
962 566 1300 635 δυναμένης
1357 567 1435 630 τῷ
1491 565 1795 635 ἀτεννήτῳ

247 658 397 731 [πρὸς
427 655 504 721 τῷ
536 657 633 708 καὶ
660 656 771 721 τὴν
798 656 932 724 περι
959 657 1067 710 τοῦ
1110 656 1244 711 Υίοῦ
1282 658 1522 711 ἔννοιαν
1559 672 1793 726 συνημ-

237 749 408 819 μένως
438 746 623 814 ἑαυτῇ
663 747 759 800 διὰ
794 746 902 814 τῆς
942 747 1210 816 σχέσεως
1257 748 1686 819 συνεισάγεινά
1727 748 1791 804 '0

241 840 334 908 γὰρ
376 838 558 904 ὄντως
604 840 824 907 Πατὴρ,
868 840 966 892 καὶ
1005 840 1211 907 μόνος,
1237 840 1307 902 ἐξ
1338 840 1585 906 οὐδενός
1624 841 1793 895 ἐστιν

240 930 451 995 ἐτέρουο
483 929 552 981 τὸ
582 928 650 979 δὲ
682 928 751 991 ἐξ
784 927 1062 993 οὐδενός,
1094 929 1312 982 ταύτόν
1343 930 1471 983 ἐστι
1510 928 1591 993 τῷ
1618 929 1792 997 ἀγεν-

238 1019 392 1084 νήτῳ.
420 1018 553 1071 Τίνα
580 1013 672 1071 οὖν
700 1018 895 1085 ἐπάγει
923 1021 1035 1081 τοῖς
1062 1018 1369 1088 εἰρημένοις
1398 1019 1670 1084 ἀπόδειξιν
1696 1019 1790 1072 τοῦ

240 1111 402 1173 κακῶς
432 1110 685 1180 εἰρῆσθαι
730 1110 823 1164 τὸν
856 1110 1010 1177 λόγον
1043 1112 1251 1173 τοῦτον,
1291 1110 1634 1179 ἀκούσωμεν’
1672 1110 1791 1177 Τὴν

234 1200 331 1268 μὲν
358 1195 468 1253 οὖν
489 1201 842 1268 ἀνωμαλίαν
862 1201 980 1255 τῶν
996 1204 1196 1271 λόγων
1215 1203 1284 1255 ἐκ
1307 1203 1659 1269 προπετείας
1678 1205 1789 1270 οὐχ

234 1289 394 1359 ἦττον
427 1292 459 1358 ἢ
498 1294 796 1359 πονηρίας
822 1293 1109 1357 ἀναιδοῦς
1141 1294 1265 1357 τοῖς
1295 1294 1510 1348 ἑαυτοῦ
1545 1295 1791 1363 καταμί-

237 1399 431 1453 γνυσιν
459 1383 851 1452 ἐγχειρήμασι
872 1425 887 1447 ,
912 1384 991 1449 τῷ
1028 1384 1137 1451 τῆς
1168 1385 1400 1455 γνώμης
1431 1386 1787 1454 ἀστηρίκτῳ,

236 1468 316 1520 καὶ
360 1466 429 1533 τῇ
478 1467 598 1519 τῶν
640 1469 936 1538 λογισμῶν
988 1472 1267 1539 ἀσθενείᾳ
1310 1474 1785 1543 περιφερόμενος.

243 1560 413 1626 Ὁρᾶτε
460 1558 521 1609 τὸ
564 1558 819 1629 εὐστοχον
862 1562 962 1629 τῆς
1005 1563 1378 1632 ἀπαντήσεως,
1421 1563 1495 1626 ὼς
1530 1563 1790 1633 τεχνικῶς

233 1649 354 1703 κατά
398 1650 495 1719 τὴν
528 1651 754 1720 λογικὴν
786 1652 950 1705 αὐτοῦ
980 1653 1289 1723 ὲντρέχειαν
1319 1654 1553 1725 ἐκείνην,
1586 1655 1789 1708 διαλύει

1892 563 2101 615 silentio
2125 564 2435 620 tradendam
2469 568 2653 620 merito
2696 566 2937 620 duxerim
2969 578 2990 620 :
3014 565 3309 632 prazsertim
3335 579 3455 618 cum

1894 649 2075 704 Patris
2100 667 2197 704 vox
2223 663 2271 706 et
2294 655 2347 706 id
2373 656 2539 722 possit
2583 654 2719 723 quod
2746 655 2978 723 ingeniti,
3007 665 3053 708 et
3086 652 3153 706 ad
3180 653 3233 705 id
3266 653 3450 715 etiam,

1892 757 2100 815 propter
2122 747 2425 802 relationem
2448 749 2781 817 conjunctam
2825 748 2924 801 sibi
2957 745 3110 810 Filii,
3176 745 3454 815 cogitatio-

1892 855 2010 892 nem
2042 839 2277 893 adducat
2313 880 2326 893 .
2354 840 2459 906 Qui
2496 843 2632 894 enim
2661 857 2775 894 uere
2809 839 2970 892 Pater
3015 848 3062 892 et
3114 838 3256 891 solus
3291 833 3451 887 Pater

1890 938 1987 989 est,
2019 945 2050 980 a
2078 929 2223 983 nullo
2248 938 2326 984 est
2350 946 2367 982 :
2398 932 2486 999 qui
2516 940 2691 984 autem
2718 947 2751 983 a
2774 928 2919 982 nullo
2944 936 3042 986 est,
3062 926 3317 995 ingenitus
3346 933 3445 976 est.

1892 1018 2188 1073 Audiamus
2214 1035 2342 1090 ergo
2387 1022 2657 1089 quomodo
2702 1020 3036 1074 demonstret
3082 1017 3195 1069 haec
3254 1028 3445 1084 perpe-

1890 1123 2003 1161 ram
2034 1108 2175 1163 dicta
2215 1125 2356 1164 esse.
2400 1110 2897 1164 Dissimilitudinem
2952 1118 3003 1162 et
3036 1106 3447 1174 ina'qualitatem

1890 1215 1992 1251 non
2030 1200 2223 1264 minus,
2255 1218 2411 1270 quam
2443 1200 2791 1269 impudentem
2848 1200 3233 1268 improbitatem
3277 1211 3341 1250 ea:
3368 1204 3445 1248 te-

1889 1291 2129 1343 meritate
2178 1292 2293 1345 suis
2337 1292 2503 1345 verbis
2554 1292 2829 1357 admiscet,
2884 1290 3225 1344 instabilitate
3260 1286 3447 1339 mentis

1889 1391 1936 1434 et
1985 1384 2361 1451 cogitationum
2420 1383 2782 1456 imbecillitate
2844 1383 3215 1437 circumactus.
3259 1376 3463 1431 Videte.

1889 1487 2049 1539 quam
2080 1472 2419 1529 considerate
2451 1475 2761 1529 adversario
2794 1480 3065 1528 occurrat.
3108 1469 3278 1536 Quam
3311 1467 3447 1521 arti-

1890 1562 2073 1617 ticiose
2103 1578 2168 1617 ex
2198 1564 2370 1633 logica
2401 1578 2499 1618 sua
2532 1564 2723 1633 peritia
2750 1563 2891 1618 vires
2914 1578 3100 1617 eorum
3126 1576 3247 1629 qua:
3300 1560 3444 1612 dicta

1890 1660 2037 1716 sunt,
2079 1661 2322 1717 enervat,
2371 1654 2679 1709 introducta
2710 1655 2896 1723 pietati
2951 1654 3122 1722 magis
3149 1658 3442 1705 consenta-

234 1744 316 1811 μὲν
350 1742 455 1794 τῶν
483 1744 794 1813 εἰρημένων
827 1745 925 1813 τὴν
967 1743 1196 1814 δύναμιν
1215 1784 1231 1805 ,
1272 1745 1578 1813 ἀντεισάγει
1606 1747 1661 1798 δὲ
1690 1748 1777 1815 τὴν

1892 1758 1991 1797 nea
2026 1744 2448 1799 existimatione.
2492 1745 2775 1798 Dissimilis
2807 1753 2907 1809 est,
2949 1743 3145 1813 inquit,
3185 1756 3441 1802 sermone,

232 1804 910 1905 suosésnépau'bnqutptv
947 1804 1190 1906 γνώμην.
1232 1804 1575 1905 Ἀνώμαλός,
1632 1804 1777 1907 φησί,

1888 1851 1993 1887 ηοη
2021 1836 2194 1889 minus
2223 1851 2450 1904 pra'ceps
2484 1847 2529 1889 et
2562 1837 2868 1889 temerarius
2924 1851 3080 1904 quam
3106 1833 3401 1886 malitiosus
3424 1845 3443 1883 :

232 1924 321 1973 τὸν
355 1926 561 1992 λόγον,
598 1926 902 1993 προπετὴς
932 1929 1043 1995 οὐχ
1072 1922 1253 1995 ἦττον
1306 1927 1344 1996 ἢ
1389 1928 1647 1995 πονηρὸς
1674 1929 1777 1996 τὴν

1886 1927 2061 1980 animo
2124 1926 2410 1989 instabilis,
2467 1928 2839 1995 cogitationum
2889 1942 3107 1978 suarum
3138 1925 3444 1993 inﬁrmitate

232 2011 476 2080 γνώμην,
516 2016 995 2085 ἀστήρικτος,τῇ
1025 2016 1142 2071 τῶν
1170 2018 1475 2088 λογισμῶν
1506 2020 1777 2087 ἀσθενείᾳ

1884 2016 2262 2071 circumactus.
2310 2015 2483 2083 Unde,
2544 2026 2598 2071 et
2658 2033 2765 2088 qua
2818 2032 2981 2071 causa
3029 2015 3312 2084 impulsus,
3349 2013 3441 2082 qui

231 2106 694 2174 περιφερόμενος.
740 2108 907 2161 Πόθεν
937 2108 1141 2172 ταῦτα,
1177 2112 1269 2163 καὶ
1306 2111 1371 2163 ἐκ
1413 2110 1568 2174 ποίας
1604 2111 1777 2176 αίτίας

1888 2116 2069 2163 mente
2099 2109 2235 2163 adeo
2262 2109 2527 2165 solidatus
2551 2118 2654 2169 est,
2676 2118 2729 2163 et
2764 2109 3090 2179 cogitatione
3108 2107 3242 2160 adeo
3274 2121 3442 2161 sanus

231 2194 566 2262 παροξυνθεὶς
607 2198 637 2248 ό
684 2197 781 2267 τὴν
821 2196 1045 2268 γνώμην
1078 2199 1497 2269 ὲστηριγμένος,
1540 2202 1633 2253 καὶ
1671 2202 1783 2263 τοῖς

229 2284 484 2354 λογισμοῖς
527 2288 789 2353 ὑγιαίνων
822 2290 988 2360 (mal;
1030 2291 1181 2355 Τίνος
1215 2292 1445 2362 μάλιστα
1482 2295 1782 2362 καταγνοὺς

228 2375 317 2426 τῶν
346 2378 691 2446 εἰρημένων;
726 2379 848 2432 Ὅτι
885 2382 983 2451 τὴν
1012 2381 1215 2435 ἔννοιαν
1249 2383 1458 2453 δέχεται
1484 2384 1577 2437 τού
1609 2386 1779 2454 ἀγεν-

225 2468 408 2534 νήτου,
438 2470 539 2540 τὴν
578 2470 634 2523 δὲ
663 2471 863 2542 φωνὴν,
905 2473 979 2536 ὼς
1025 2475 1209 2539 κακῶς
1240 2476 1595 2546 ἐκληφθεῖσαν
1627 2478 1778 2549 παρὰ

225 2558 314 2608 τῶν
341 2560 775 2629 διαστρεφόντων
797 2600 811 2623 ,
845 2564 1050 2633 σιωπῆς
1088 2564 1242 2629 ἀξίαν
1279 2566 1447 2636 ignei;
1476 2566 1528 2618 τί
1568 2567 1675 2637 γὰρ
1703 2566 1777 2639 μὴ

226 2650 272 2701 ὲν
306 2652 504 2720 ῥήμασι
554 2652 648 2702 καὶ
691 2654 939 2721 προφορᾷ
968 2652 1028 2705 τὸ
1073 2654 1309 2722 ἀσφαλὲς
1346 2654 1646 2708 κινδυνεύει
1676 2655 1777 2725 τῆς

222 2741 464 2805 πίστεως,
498 2742 607 2811 τῆς
646 2741 701 2794 δὲ
735 2744 875 2795 κατὰ
902 2744 998 2813 τὴν
1031 2744 1266 2799 διάνοιαν
1302 2746 1585 2816 ἀκριϐείας
1620 2746 1777 2814 λόγος

223 2832 400 2895 οὐδείςς
434 2835 502 2885 Ἦ
537 2834 661 2903 οὐχὶ
689 2836 1109 2906 προηγουμένως
1136 2839 1201 2907 τῇ
1236 2837 1429 2908 καρδίᾳ
1457 2839 1778 2906 καθαρεύειν

223 2924 311 2974 ἀπὸ
339 2924 443 2975 τῶν
470 2925 735 2996 πονηρῶν
762 2927 1105 2997 ἐννοημάτων
1130 2930 1157 2980 ό
1183 2928 1280 2996 τῆς
1311 2916 1565 2997 ἀληθείας
1594 2948 1773 3002 παρα-

224 3016 518 3079 σκευάζεται
564 3016 745 3085 λόγος·
785 3020 989 3088 ῥήμασι
1026 3019 1083 3072 δὲ
1115 3019 1413 3090 κεχρῆσθαι
1445 3022 1579 3092 πρὸς
1605 3022 1775 3093 δήλω-

1882 2206 1937 2252 et
1969 2198 2243 2264 sincerus,
2281 2200 2405 2253 talia
2439 2199 2615 2254 ellutit
2638 2200 2660 2252 ?
2682 2200 2948 2266 Quidnam
2980 2214 3047 2251 ex
3104 2197 3267 2252 dictis
3321 2211 3439 2250 ma-

1882 2293 2022 2347 xime
2058 2294 2325 2363 improbat
2345 2295 2488 2352 ?.An
2547 2294 2674 2363 quia
2711 2293 3019 2362 (Basilius)
3072 2306 3291 2348 sensum
3346 2288 3438 2358 qui

1878 2380 2142 2433 vocabulo
2191 2382 2517 2436 innascibilis
2556 2383 2877 2450 subjicitur,
2934 2382 3176 2451 recepit,
3249 2394 3435 2435 vocem

1880 2486 2007 2525 vero
2038 2472 2235 2541 ipsam,
2266 2481 2521 2542 tanquam
2551 2489 2580 2526 a
2625 2474 3071 2542 depravatoribus
3116 2473 3255 2525 male
3287 2485 3441 2525 acce-

1880 2572 2061 2631 ptam,
2106 2562 2326 2617 silentio
2380 2564 2726 2632 premendam
2772 2563 3021 2631 judicat?
3056 2561 3196 2627 Quid
3252 2560 3439 2616 enim?

1876 2652 1958 2704 An
1992 2652 2045 2705 in
2085 2653 2264 2708 verbis
2297 2662 2349 2707 et
2379 2655 2682 2723 prolatione
2746 2656 3009 2709 securitas
3043 2661 3097 2707 et
3149 2653 3437 2707 sinceritas

1878 2743 2001 2798 ﬁdei
2056 2744 2439 2813 periclitatur?
2502 2745 2583 2797 An
2643 2746 2788 2798 nulla
2827 2746 2965 2797 ratio
3016 2744 3259 2797 habenda
3317 2741 3435 2811 ειυς

1875 2850 1994 2903 quae
2024 2850 2088 2888 ex
2121 2851 2282 2890 sensu
2331 2843 2436 2899 est,
2480 2836 2893 2891 accurationis?
2950 2836 3142 2889 Annon
3178 2833 3436 2904 primario

1875 2934 1929 2979 ct
1966 2935 2090 2981 ante
2115 2929 2296 2981 omnia
2326 2927 2378 2982 id
2412 2928 2658 2982 veritatis
2710 2928 2849 2980 ratio
2904 2926 3104 2988 studet,
3160 2938 3221 2980 ut
3249 2940 3343 2979 cor
3403 2938 3431 2975 a

1877 3019 2149 3087 perversis
2197 3018 2549 3088 opinionibus
2597 3028 2946 3088 expurgetur,
2987 3017 3166 3071 verbis
3207 3031 3334 3071 vero
3366 3015 3432 3069 ad

224 3123 292 3158 σιν
321 3108 420 3160 τῶν
445 3110 556 3179 τῆς
584 3108 765 3178 ψυχῆς
803 3111 1133 3181 κινημάτων,
1156 3111 1245 3193 δι’
1276 3106 1351 3165 ὧν
1389 3113 1454 3165 ἂν
1553 3114 1775 3167 δυνατὸν

1879 3110 2156 3163 notionum
2197 3110 2393 3164 anima:
2431 3112 2923 3165 manifestationem
2973 3118 3177 3173 utatur,
3233 3108 3433 3178 quibus

224 3198 536 3265 ἐνδείξασθαι
580 3200 674 3252 τοῦ
714 3200 806 3253 νοῦ
858 3202 918 3253 τὸ
951 3202 1257 3274 ἀπόρρητον
1281 3242 1296 3267 ,
1332 3203 1480 3257 οὐδὲν
1518 3206 1642 3277 περὶ
1686 3208 1776 3259 τὸν

1879 3215 2091 3271 arcana,
2123 3202 2321 3256 mentis
2352 3202 2627 3271 pateﬁant,
2689 3202 2924 3271 seposita
2975 3201 3041 3255 de
3090 3199 3240 3254 vocis
3297 3212 3434 3253 sono

222 3292 394 3344 τοιόνδε
418 3294 524 3362 τῆς
559 3293 742 3362 φωνῆς
774 3289 904 3363 ἦχον
934 3294 1449 3366 μικρολογούμενον;
1481 3297 1553 3348 Οὐ
1586 3298 1693 3367 γὰρ
1717 3298 1777 3350 τὸ

220 3381 384 3446 οὔτως,
414 3384 446 3451 ἢ
468 3384 553 3447 ὡς
574 3384 774 3455 ἑτέρως
801 3387 973 3437 εἰπεῖν
994 3385 1165 3439 αῐτιον
1190 3385 1290 3455 τῆς
1309 3387 1366 3438 ὲν
1389 3388 1521 3457 ἡμῖν
1541 3387 1776 3453 διανοίας

220 3474 519 3530 καθίσταται
547 3491 561 3504 ·
584 3476 719 3529 ἀλλά
747 3476 806 3529 τὸ
827 3476 1064 3547 κρυπτὸν
1088 3476 1187 3546 τῆς
1214 3476 1437 3547 καρδίας
1466 3478 1640 3549 νόημα
1667 3478 1775 3533 τῶν

220 3565 410 3619 τοιῶνδε
453 3566 636 3634 λόγων
678 3567 776 3638 τὴν
818 3568 995 3621 αἰτίαν
1032 3568 1337 3621 ἐνδίδωσιν·
1395 3569 1495 3622 Ἐκ
1528 3570 1635 3639 γὰρ
1668 3570 1776 3624 τοῦ

221 3660 701 3727 περισσεύματος,
722 3660 872 3727 φησὶ,
896 3658 1005 3725 τῆς
1028 3659 1272 3727 καρδίας
1283 3660 1349 3712 τό
1370 3661 1559 3729 στόμα
1577 3661 1770 3715 λαλεῖ.

277 3746 370 3799 Καὶ
399 3750 511 3801 τῶν
550 3750 847 3819 νοηθέντων
880 3751 1119 3821 ἑρμηνέα
1150 3752 1239 3804 τὸν
1268 3752 1423 3818 λόγον
1457 3751 1770 3822 ποιούμεθα,

218 3836 269 3886 οὐ
304 3837 359 3888 τὸ
402 3838 645 3907 ἔμπαλιν
699 3839 796 3909 τὴν
838 3840 1076 3892 διάνοιαν
1122 3840 1213 3909 ἀφ’
1257 3834 1331 3893 ὧν
1383 3841 1610 3911 λέγομεν
1654 3859 1776 3895 συν-

219 3928 511 3999 αγείρομεν,
534 3929 637 3982 κᾶν
656 3930 756 3999 μὲν
783 3931 1065 4001 ἀμφότερα
1089 3931 1380 4002 συμϐαίνῃ,
1404 3933 1497 3985 καὶ
1523 3935 1660 3985 νοεῖν
1690 3932 1774 3985 δε-

220 4018 347 4085 ξιῶς,
375 4022 467 4073 καὶ
502 4021 826 4092 ἑρμηνεύειν
848 4062 861 4083 ,
892 4023 1073 4093 ἄρτιος
1097 4023 1161 4075 δι’
1189 4023 1463 4093 ἑκατέρων
1494 4025 1522 4075 ό
1562 4023 1772 4094 ἀνθρω-

220 4128 306 4174 πος
326 4130 337 4143 ’
364 4115 410 4165 εἰ
438 4114 497 4166 δὲ
528 4114 590 4165 τὸ
618 4114 803 4183 ἕτερον
826 4114 989 4177 λίποι,
1019 4114 1173 4185 ὀλίγη
1198 4115 1275 4186 τῷ
1305 4114 1485 4188 ἰδιώτῃ
1515 4117 1655 4169 κατά
1681 4117 1773 4170 τὸν

219 4199 353 4267 λόγον
388 4204 421 4271 ἡ
451 4200 658 4270 ζημία,
704 4204 803 4271 τῆς
844 4202 982 4255 κατά
1010 4201 1186 4272 ψυχὴν
1233 4203 1483 4271 γνώσεως
1528 4204 1661 4275 πρὸς
1711 4206 1772 4258 τὸ

217 4288 397 4355 ἀγαθὸν
435 4289 898 4359 κατηρτισμένης.
942 4292 1004 4343 ’0
1037 4292 1207 4355 λαὸς,
1233 4293 1415 4362 φησὶν,
1448 4289 1624 4359 οὗτος
1648 4293 1767 4359 τοῖς

218 4380 431 4443 χείλεσι
458 4396 538 4448 με
562 4378 716 4447 τιμᾷ·
740 4382 778 4447 ή
801 4379 870 4433 δὲ
896 4381 1107 4449 καρδία
1127 4381 1323 4436 αὐτῶν
1347 4385 1541 4451 πόρῤω
1563 4386 1771 4452 ἀπέχει

1876 3292 2036 3343 anxia
2068 3292 2476 3346 sollicitudine?
2504 3292 2621 3347 Non
2650 3296 2793 3348 enim
2818 3304 2995 3347 utrum
3037 3292 3139 3345 hoc
3166 3291 3247 3345 vel
3277 3289 3432 3357 illud,

1875 3383 1981 3437 isto
2018 3383 2101 3436 vel
2136 3384 2242 3437 isto
2270 3384 2433 3438 modo
2461 3386 2787 3455 proferatur,
2830 3393 3187 3454 conccptuum
3218 3393 3435 3438 nostro-

1875 3489 1994 3527 rum
2027 3488 2192 3527 causa
2226 3484 2332 3538 est,
2368 3476 2460 3529 sed
2513 3476 2865 3530 absconditus
2909 3475 3073 3528 animi
3118 3490 3311 3529 sensus
3349 3472 3434 3527 bis

1875 3564 1959 3619 vel
1995 3564 2103 3621 illis
2121 3566 2302 3621 verbis
2329 3580 2549 3621 causam
2577 3568 2955 3621 subministrat
2982 3586 2995 3621 :
3027 3582 3148 3620 nam
3175 3582 3238 3621 ea:
3266 3565 3434 3620 abun-

1872 3657 2059 3711 dantia
2091 3658 2262 3712 cordis
2296 3675 2352 3712 os
2382 3658 2611 3727 loquitur
2641 3658 2708 3712 ”.

1945 3746 2008 3801 Et
2034 3748 2301 3817 interpres
2350 3763 2537 3802 eorum
2569 3763 2689 3817 qum
2718 3756 2897 3802 mente
2928 3747 3284 3817 concipimus,
3316 3763 3432 3802 ser-

1874 3854 1962 3892 mo
1994 3846 2116 3895 est:
2159 3855 2265 3892 non
2294 3854 2323 3893 e
2355 3839 2630 3892 contrario
2666 3854 2886 3893 sensum
2932 3854 2997 3894 ex
3034 3839 3139 3900 iis,
3182 3855 3303 3908 quae
3346 3839 3431 3891 di-

1872 3939 2101 3996 cuntur,
2126 3931 2433 3999 colligimus
2461 3949 2473 3983 :
2521 3930 2768 3999 quamvis
2798 3937 3088 4000 utrumque
3115 3930 3430 3999 contingere

1872 4029 2054 4090 queat,
2084 4031 2137 4075 et
2169 4021 2356 4075 dextre
2380 4021 2698 4090 intelligere,
2728 4028 2781 4073 et
2813 4020 3001 4075 dextre
3036 4020 3327 4089 explicare,
3359 4021 3427 4074 ad

1872 4120 2165 4181 utrumque
2200 4119 2380 4165 autem
2412 4112 2573 4165 homo
2608 4110 2839 4164 idoneus
2870 4123 2921 4165 et
2950 4110 3219 4180 perfectus
3248 4118 3351 4171 est,
3375 4120 3429 4165 et

1873 4202 1920 4255 si
1950 4202 2183 4255 alterum
2249 4201 2411 4264 absit,
2457 4201 2649 4269 exigua
2691 4200 2868 4254 idiota:
2920 4211 2973 4254 et
3028 4200 3275 4272 imperito
3303 4202 3429 4255 huic

1872 4292 2365 4361 imminetjactura,
2401 4292 2597 4361 quippe
2627 4291 2784 4357 cujus
2810 4292 3048 4360 cognitio
3073 4292 3139 4344 ad
3174 4291 3249 4352 id,
3280 4294 3423 4361 quod

1872 4381 2072 4435 bonum
2113 4391 2218 4444 est,
2255 4381 2581 4436 concinnata
2609 4391 2663 4436 et
2701 4382 3003 4452 composita
3067 4382 3159 4437 sit.
3194 4381 3429 4451 Populus

216 4467 302 4519 ἀπ’
344 4468 520 4538 ἐμοῦο
570 4470 622 4522 τί
666 4470 823 4521 τοῦτο
867 4471 1184 4539 σημαίνων;
1234 4472 1355 4524 Ὀτι
1406 4474 1769 4544 προτιμοτέρα

1879 4474 1971 4526 iste
2008 4472 2160 4525 labiis
2211 4488 2292 4526 me
2342 4472 2585 4537 honorat,
2635 4473 2827 4543 inquit,
2890 4490 2979 4525 cor
3026 4484 3199 4527 autem
3253 4492 3431 4528 eorum

216 4559 350 4627 παρά
402 4560 525 4627 Θεῷ
581 4563 763 4631 κριτῇ,
820 4561 899 4631 τῷ
953 4561 1060 4615 τῶν
1114 4561 1393 4632 ἀλαλήτων
1450 4564 1769 4633 στεναγμῶν

217 4650 459 4713 immitti,
484 4652 518 4722 η
543 4652 641 4721 τῆς
666 4651 844 4721 ψυχῆς
874 4652 1009 4722 πρὸς
1036 4651 1132 4722 τὴν
1158 4652 1410 4723 ἀλήθειαν
1438 4655 1638 4723 σχέσις,
1668 4655 1770 4724 τῆς

215 4738 263 4788 ὲν
300 4741 536 4810 ῥήμασιν
567 4741 898 4811 εὐπρεπείας
931 4740 1023 4793 τοῦ
1062 4740 1240 4808 λόγου.
1274 4742 1493 4805 Τούτοις
1528 4744 1625 4812 μὲν
1659 4745 1771 4815 γὰρ

215 4828 315 4881 ἔστι
342 4834 435 4884 καὶ
475 4832 609 4902 πρὸς
640 4833 700 4885 τὸ
738 4832 976 4885 ἐναντίον
1024 4833 1463 4904 συγχρήσασθαι,
1503 4837 1639 4888 κατὰ
1667 4837 1768 4907 τὴν

214 4922 444 4987 ἐξουσίαν
478 4924 570 4977 τοῦ
608 4924 999 4993 φθεγγομένου,
1039 4926 1173 4996 πρὸς
1213 4925 1274 4978 τὸ
1314 4925 1501 4979 δοκοῦν
1529 4928 1764 4993 εὐκόλως

216 5016 573 5087 ὑπηρετούσης
600 5017 696 5086 τῆς
723 5016 971 5087 γλώσσης
995 5033 1009 5045 ο
1038 5020 1071 5087 ή
1098 5018 1153 5071 δὲ
1176 5019 1274 5088 τῆς
1304 5018 1479 5089 ψυχῆς
1508 5020 1763 5086 διάθεσις,

215 5107 348 5171 ὅπως
374 5108 441 5161 ἂν
477 5108 673 5178 ἔχουσα
704 5108 888 5178 τύχοι,
916 5108 1086 5171 οὕτως
1111 5111 1300 5179 ὁρᾶται
1330 5109 1407 5179 τῷ
1436 5111 1515 5172 είς
1538 5112 1607 5163 τὰ
1635 5111 1765 5181 κρύ-

216 5220 302 5269 φια
347 5203 614 5271 βλέποντι.
650 5203 802 5266 Τίνος
839 5198 931 5255 οὖν
968 5203 1124 5274 χάριν
1156 5203 1466 5274 ἀνώμαλος,
1502 5205 1595 5257 καὶ
1632 5222 1764 5275 προ-

217 5295 369 5365 πετὴς
395 5297 491 5365 οὐχ
523 5290 682 5366 ἦττον
711 5295 745 5365 ἢ
780 5296 1030 5366 πονηρὸς,
1064 5295 1092 5347 ό
1127 5295 1186 5347 τὸ
1219 5296 1314 5365 μὲν
1346 5295 1579 5359 εὐσεϐῶς
1618 5296 1767 5350 νοού-

218 5400 362 5450 μενον
396 5388 457 5437 ἐκ
483 5385 581 5455 τῆς
621 5385 715 5437 τοῦ
748 5384 1075 5455 ἀγεννήτου
1117 5385 1321 5453 φωνῆς,
1356 5387 1447 5439 καὶ
1483 5385 1638 5447 νοῶν,
1672 5388 1765 5440 καὶ

216 5474 500 5545 δεχόμενος,
530 5479 591 5530 τὸ
626 5476 682 5529 δὲ
720 5478 841 5529 ὅσον
866 5477 1103 5530 συντελεῖ
1131 5477 1265 5547 πρὸς
1292 5476 1541 5529 ἀσέϐειαν
1563 5479 1674 5541 τοῖς
1698 5480 1765 5533 τὰ

214 5566 439 5621 δὸνιιατα
463 5568 857 5642 παρανομοῦσι,
889 5569 1043 5622 τοῦτο
1078 5568 1377 5622 σιωπᾶσθαι
1410 5567 1671 5633 κελεύων;
1699 5569 1763 5623 El

281 5748 322 5777 δ’
353 5745 533 5802 Matth.
563 5763 637 5801 xu
696 5746 785 5801 34.

862 5746 906 5778 ‘°
946 5746 1047 5801 lsa.
1075 5762 1223 5811 xxix,
1258 5746 1357 5816 l5;
1391 5744 1581 5801 Matth.
1616 5761 1726 5814 xvr,
1763 5745 1817 5801 8.

1871 4563 2021 4632 longe
2049 4572 2124 4616 est
2148 4581 2179 4617 a
2202 4579 2283 4616 me
2305 4564 2372 4615 ⁵ο.
2399 4561 2538 4628 Quid
2569 4564 2671 4617 hoc
2704 4564 2851 4618 dicto
2884 4564 3190 4634 signiﬁcare
3216 4567 3386 4621 voluit
3407 4567 3436 4620 ’ξ’

1872 4652 2162 4719 Potiorem,
2204 4654 2345 4723 apud
2382 4653 2547 4707 Deum
2576 4653 2839 4723 judicem,
2881 4656 3118 4726 gemitus
3149 4672 3274 4711 vere
3318 4672 3429 4710 non

1870 4762 2161 4816 expressos
2210 4746 2542 4810 audientem,
2603 4762 2725 4802 esse
2787 4749 2984 4803 mentis
3019 4749 3087 4801 ad
3146 4750 3434 4803 veritatem

1871 4837 2229 4902 aﬂectioneni,
2256 4854 2418 4907 quam
2447 4841 2735 4893 verborum
2782 4848 3032 4893 ornatum
3073 4848 3128 4893 et
3169 4840 3431 4909 eloquen-

1871 4929 2022 4982 tiam.
2057 4926 2193 4981 Nam
2229 4929 2312 4983 liis
2335 4929 2495 4983 etiam
2531 4930 2582 4981 in
2621 4929 2953 4982 contrarium
2990 4929 3069 4982 uti
3125 4929 3270 4989 licet,
3332 4945 3438 4998 pro-

1870 5018 1989 5087 ejus
2044 5018 2133 5087 qui
2166 5019 2403 5087 loquitur
2457 5018 2736 5082 facultate,
2770 5020 2953 5089 lingua
2990 5034 3098 5073 non
3144 5019 3432 5075 difﬁculter

1870 5108 1937 5161 ad
1969 5107 2020 5162 id
2051 5109 2194 5178 quod
2226 5110 2403 5163 visum
2439 5118 2523 5163 cst
2579 5110 2972 5165 subserviente.
3008 5111 3077 5164 At
3135 5126 3263 5165 vero
3306 5114 3427 5165 ani-

1869 5216 1971 5254 ma:
1997 5200 2235 5262 alfectio.
2272 5201 2670 5270 qualiscunque
2708 5215 2770 5254 ea
2793 5202 2883 5264 sit,
2920 5201 3044 5255 talis
3074 5202 3235 5256 etiam
3262 5219 3428 5271 appa-

1868 5302 1951 5347 ret
1978 5293 2026 5347 ei
2082 5294 2172 5363 qui
2203 5294 2416 5347 occulta
2457 5293 2718 5348 intuetur.
2768 5292 2946 5359 Quare
2997 5293 3159 5363 igitur
3198 5303 3427 5349 temera-

1868 5385 1983 5439 rius
2017 5393 2124 5449 est,
2156 5392 2209 5439 et
2247 5400 2355 5438 non
2390 5384 2573 5440 minus
2613 5386 2915 5455 improbus,
2962 5385 3055 5453 qui
3086 5386 3227 5454 quod
3274 5386 3429 5439 inna-

1868 5476 2065 5531 scibilis
2100 5493 2195 5531 seu
2224 5478 2441 5547 ingeniti
2476 5477 2739 5531 vocabulo
2793 5478 2879 5546 pie
2925 5476 3287 5546 signiﬁcatur.
3339 5494 3425 5531 τεο

1869 5570 2000 5641 cipit
2032 5578 2085 5626 et
2118 5570 2404 5641 approbat,
2448 5570 2582 5625 illud
2632 5584 2762 5625 vero
2808 5570 2951 5643 quod
3014 5570 3194 5643 inquis
3234 5572 3429 5642 impie-
