3922 6470
496 343 598 395 4ί9

1762 353 1819 408 S.
1856 352 2180 410 GREGORII
2217 354 2515 412 NYSSENI

3622 367 3711 421 £30

494 457 625 511 tatis
657 458 929 514 struenda:
963 473 1150 513 ansam
1188 462 1414 532 prtpbet,
1447 464 1594 520 sileri
1622 468 1812 537 jubet?
1842 471 1974 525 Nam
2008 472 2046 526 si

2163 473 2261 542 μὲν
2289 472 2396 545 γὰρ
2434 474 2635 543 ἔλεγεν,
2668 440 2881 546 μὴὴδεῖν
2923 476 3253 546 ἀγέννητον
3296 482 3433 531 νοεῖν
3463 480 3547 532 τὸν
3576 480 3709 545 Θεὸν,

492 547 723 602 dixisset
770 563 880 602 non
912 564 1034 604 esse
1069 552 1442 621 usurpandum
1470 557 1799 615 innascibilis“
1831 563 2067 616 voeabu-

494 638 627 700 lum,
682 638 966 695 habuisset
1001 639 1140 696 forte
1188 642 1394 712 justam
1454 644 1570 700 ιιεῐιο
1617 657 1671 702 et
1708 651 1907 721 adhuc
1943 668 2067 722 gra-

494 728 644 782 viora
698 730 965 786 adversus
1019 732 1172 786 illum
1223 734 1465 803 jactandi
1509 741 1754 794 convicia
1812 744 2059 797 occasio-

495 834 642 874 nem.
692 818 748 873 Si
780 835 910 874 vero
947 837 1015 876 ex
1074 826 1350 878 communi
1397 827 1609 896 piorum
1662 830 2066 887 existimatione

495 910 597 964 hoc
639 912 956 976 conﬁtetur,
1007 924 1061 967 et
1092 916 1250 983 quasi
1314 917 1635 971 sententiam
1687 920 1952 989 magistro
1981 921 2065 973 di-

493 1018 652 1071 gnam
680 1004 889 1072 profert
932 1019 992 1058 se.
1019 1006 1355 1061 abstinuisse
1387 1008 1455 1061 ab
1485 1008 1585 1061 hac
1612 1025 1762 1071 voce,
1794 1022 2062 1079 quatenus

495 1108 751 1163 perversa
779 1096 1159 1150 haereticorum
1199 1097 1449 1151 doctrina
1485 1099 1614 1153 hinc
1656 1101 1920 1171 originem
1952 1110 2062 1155 tra-

493 1187 591 1249 xit,
625 1202 850 1256 remque
881 1189 1056 1258 ipsam
1088 1188 1469 1257 signiﬁcatam,
1501 1188 1670 1243 Deum
1702 1192 1911 1245 scilicet
1941 1207 2065 1246 esse

497 1276 887 1340 innascibilen,
920 1278 1089 1332 teneri
1114 1278 1292 1346 jubet,
1327 1279 1470 1333 haud
1491 1281 1784 1350 quidquam
1819 1282 2057 1344 admisit,

493 1368 564 1423 ob
603 1369 744 1438 quod
797 1371 965 1425 tantis
1022 1370 1288 1425 conviciis
1348 1372 1700 1427 laceraretur.
1735 1376 1932 1427 Annon
1989 1375 2059 1427 ab

498 1462 613 1529 ipsa
670 1460 911 1515 Veritate
970 1463 1146 1517 edocti
1206 1480 1399 1521 sumus
1460 1464 1587 1518 talia
1650 1463 1847 1529 facere,
1886 1481 2057 1534 neque

489 1555 652 1607 etiam
680 1554 833 1608 valde
896 1556 1061 1610 claris
1091 1556 1387 1618 adluerere.
1449 1557 1495 1610 si
1548 1555 1677 1625 qttid
1736 1555 1927 1609 horum
1987 1556 2053 1609 ad

491 1644 692 1697 malum
726 1644 930 1697 ducat?
972 1643 1084 1698 lino
1118 1648 1278 1701 etiam
1304 1646 1555 1701 dextrum
1588 1646 1827 1707 oculum,
1864 1645 2051 1715 pedem

489 1741 544 1789 et
584 1749 801 1788 manum
831 1735 1085 1790 similiter
1124 1738 1392 1806 amputari
1421 1739 1686 1807 praecipit,
1727 1741 1770 1793 si
1817 1738 1945 1806 quid
1985 1753 2050 1792 ex

2167 559 2308 632 εἶχεν
2343 563 2472 626 ῖσως
2500 564 2688 635 καιρὸν
2723 565 2943 629 ταύταις
2968 565 3061 619 καὶ
3088 567 3167 619 ἔτι
3191 566 3395 620 τούτων
3426 568 3710 636 χαλεπωτέ-

2170 670 2289 722 ραις
2316 655 2435 709 κατ’
2460 654 2624 708 αὐτοῦ
2653 656 2950 727 κεχρῆσθαι
2978 661 3096 723 ταῖς
3118 660 3717 733 λοιδορίαιςΕΞδετοῦτο

2168 744 2265 813 μὲν
2296 744 2545 816 ὁμολογεῖ
2569 747 2706 800 κατά
2737 747 2833 819 τὴν
2864 749 3046 818 κοινὴν
3075 748 3183 802 τῶν
3216 748 3572 805 εὐσεϐούντων
3594 751 3711 805 ὑπό-

2164 832 2325 902 ληψιν
2344 850 2357 863 ·
2394 836 2554 889 οἱονεὶ
2580 836 2636 889 δὲ
2664 837 2889 909 γνώμην
2915 838 3095 892 δίδωσι
3122 838 3470 911 διδασκαλικῇ
3502 841 3711 896 διαθέσει

2164 927 2498 995 πρέπουσαν,
2516 930 2595 982 ὃτι
2613 930 2837 1000 Ἀπέχου
2866 934 2963 999 τῆ⁸ς
2988 930 3171 1000 φωνῆς
3201 932 3425 1001 ταύτης,
3454 935 3529 995 εἰς
3552 934 3613 1003 ἣν
3638 937 3711 986 ὲν-

2161 1016 2349 1069 τεῦθεν
2378 1020 2410 1088 ὴ
2444 1018 2544 1088 τῆς
2579 1021 2956 1090 καταστροφῆς
2987 1020 3241 1084 ὑπόθεσις
3265 1021 3364 1093 τὴν
3388 1023 3554 1094 ἀρχὴν
3574 1023 3673 1092 ἔχει
3694 1042 3707 1057 ·

2161 1107 2259 1177 τὴν
2292 1108 2349 1161 δὲ
2378 1109 2584 1163 ἔννοιαν
2622 1110 2765 1181 ἔχειν
2818 1113 2945 1182 περὶ
2980 1111 3073 1165 τοῦ
3107 1112 3439 1181 ἀγέννητον
3474 1110 3600 1166 εἶναι
3631 1116 3708 1169 τὸν

2161 1199 2328 1263 Θεὸν,
2372 1202 2466 1253 καὶ
2511 1201 2579 1253 δι’
2616 1202 2818 1273 ἑτέρων
2869 1202 3146 1273 ὀνομάτων
3185 1202 3414 1268 κελεύει,
3465 1204 3604 1257 οὐδὲν
3634 1205 3709 1259 διὰ

2158 1292 2329 1345 ταῦτα
2357 1292 2462 1345 τῶν
2486 1292 2759 1363 λοιδοριῶν
2785 1293 2984 1347 τούτων
3010 1294 3178 1358 ἄξιος.
3219 1296 3290 1347 Ἣ
3319 1295 3440 1363 οὐχὶ
3468 1296 3557 1347 καὶ
3578 1297 3709 1365 παρά

2157 1385 2256 1453 τῆς
2289 1384 2541 1454 ἀληθείας
2579 1384 2749 1437 ταῦτα
2799 1388 2970 1438 ποιεῖν
3016 1385 3397 1456 ἐδιδάχθημεν,
3447 1388 3577 1456 μήτε
3614 1388 3705 1439 τῶν

2160 1477 2362 1547 σφόδρα
2417 1477 2612 1548 τιμίων
2666 1478 3007 1548 ἀντέχεσθαι,
3056 1478 3150 1532 ἐάν
3187 1477 3295 1551 [τέ]
3332 1496 3385 1531 τι
3415 1479 3607 1531 τούτων
3638 1481 3706 1543 είς

2158 1571 2323 1623 κακὸν
2356 1571 2601 1641 συντελῇ,
2625 1570 2899 1641 ὀφθαλμὸν
2920 1572 3111 1638 δεξιὸν,
3140 1573 3234 1625 καὶ
3255 1572 3411 1634 πόδα,
3435 1572 3525 1626 καὶ
3543 1575 3701 1643 χεῖρα,

2154 1660 2409 1724 ὡσαύτως
2460 1663 2782 1731 ἀποτέμνειν
2824 1662 3092 1727 κελεύων,
3139 1664 3268 1717 ὅταν
3312 1663 3625 1735 σκανδαλίζῃ
3658 1681 3702 1715 τι

2152 1752 2392 1817 τούτωνς
2424 1754 2488 1805 Τί
2521 1752 2649 1806 ἄλλο
2681 1753 2767 1807 διά
2817 1754 2910 1806 τοῦ
2952 1754 3271 1824 αἰνίγματος
3312 1753 3499 1806 τούτου
3551 1756 3702 1806 ποιεῖν

490 1824 609 1879 istis
639 1840 739 1879 nos
773 1824 1099 1882 scandalizet
1127 1828 1265 1881 “4’.
1297 1829 1435 1895 Quid
1466 1830 1610 1882 aliud
1641 1831 1739 1883 hoc
1768 1830 2046 1900 :cnigrnate

2155 1843 2492 1909 ὑποτίθεται;
2528 1843 2561 1913 ἢ
2601 1844 2717 1912 ούχὶ
2753 1845 2845 1896 κοιλ⁸
2883 1846 2949 1898 τὰ
2977 1844 3235 1898 δοκοῦντα
3274 1843 3451 1906 καλῶς
3479 1844 3629 1913 ἔχειν,
3656 1847 3697 1897 εί

490 1915 795 1970 faciendum
828 1918 1006 1972 innuit
1063 1935 1225 1988 quam
1251 1921 1413 1973 etiam
1457 1921 1568 1984 illa,
1608 1937 1727 1990 quae
1758 1923 1881 1974 boni
1931 1937 2053 1991 spe-

488 2007 625 2061 ciem
689 2009 914 2076 habent,
979 2012 1024 2066 si
1083 2011 1356 2067 hominem
1426 2029 1492 2066 ex
1557 2015 2053 2070 inconsideratione

488 2100 753 2153 utentium
789 2102 853 2154 ad
917 2103 1119 2156 malum
1176 2104 1468 2167 abducant,
1524 2105 1857 2175 repudianda
1910 2121 2049 2171 esse,

486 2192 630 2257 quod
657 2193 1053 2249 conducibilius
1092 2195 1162 2249 sit
1189 2195 1255 2249 iis
1287 2210 1406 2265 quae
1445 2200 1653 2266 peccati
1700 2199 2049 2252 occasionem

487 2282 748 2351 praebent,
778 2286 1093 2353 amputatis,
1129 2286 1351 2351 salvari,
1375 2303 1538 2358 quam
1574 2289 1658 2344 bis
1689 2290 1966 2344 addictum
1997 2296 2053 2344 et

487 2373 821 2444 implicatum
845 2375 1065 2431 interire
1089 2376 1111 2430 ?

556 2506 695 2573 Quid
728 2516 905 2561 autem
935 2507 1138 2566 Christi
1164 2512 1407 2568 imitator
1439 2514 1641 2573 Paulus
1667 2518 1691 2571 ?
1722 2518 1842 2589 Ipse
1885 2522 2048 2576 etiam

486 2596 541 2650 in
571 2597 844 2666 profundo
874 2602 1155 2670 sapientia:
1181 2603 1321 2658 idem
1352 2605 1530 2661 docet.
1582 2607 1717 2661 Nam
1760 2612 1854 2680 qui
1915 2613 2052 2669 dixit

485 2688 667 2741 omnia
693 2705 813 2744 esse
845 2690 1007 2754 bona,
1046 2702 1098 2747 et
1126 2694 1261 2747 nihil
1296 2696 1682 2764 abjiciendum,
1719 2702 1864 2770 quod
1926 2718 2049 2758 cum

490 2783 789 2850 gratiarum
841 2784 1056 2838 actione
1105 2787 1424 2856 percipitur,
1486 2789 1576 2844 ille
1629 2790 1770 2846 idem
1831 2803 2051 2865 propter

485 2870 879 2924 conscientiam
912 2872 1277 2940 inﬁrmorum,
1330 2879 1539 2947 respuit
1584 2879 1877 2949 aliquando
1914 2899 2052 2939 non-

486 2962 634 3015 nulla
661 2976 727 3015 ex
764 2962 852 3025 iis,
893 2979 1012 3033 qua:
1048 2975 1326 3035 receperat
1357 2978 1410 3022 et
1438 2972 1780 3038 probaverat,
1814 2984 1868 3029 et
1895 2974 2052 3044 jubet

484 3067 700 3120 quoque
731 3054 934 3122 respui.
966 3051 1025 3108 Si
1078 3055 1213 3108 enim
1248 3071 1340 3124 per
1393 3060 1590 3124 cibum,
1628 3062 1826 3133 inquit,
1881 3065 2051 3135 frater

483 3160 627 3196 meus
663 3145 1033 3212 contristatur,
1066 3162 1168 3199 non
1202 3147 1531 3202 mamlucabo
1578 3168 1761 3207 carnes
1796 3156 1849 3208 in
1893 3167 2045 3210 ater-
2071 3153 2115 3211 C

484 3249 605 3286 mam
624 3234 686 3287 ".
710 3233 850 3288 Idem
878 3233 1007 3289 facit
1037 3250 1255 3304 quoque
1284 3237 1531 3292 imitator
1560 3237 1713 3294 Pauli
1738 3241 2045 3312 (Basilius)

482 3325 576 3391 qui
612 3324 1048 3381 animadvertetis
1078 3329 1221 3380 malo
1253 3328 1634 3384 haereticorum
1679 3349 1780 3387 usu
1840 3350 1935 3404 per
1966 3338 2046 3389 iu-

484 3417 752 3470 uascibilis
789 3419 1111 3472 vocabulum
1144 3435 1385 3475 errorem
1412 3438 1601 3477 eorum
1631 3426 1721 3494 qui
1763 3426 2042 3497 inaequali-

481 3518 647 3562 tatem
687 3509 739 3562 iu
768 3508 877 3564 Deo
916 3513 1431 3577 comminiscuntur,
1461 3516 1793 3586 conlirmari,
1828 3521 2043 3588 suadet,

485 3610 541 3654 nt
574 3617 697 3655 vera
729 3614 780 3656 et
812 3604 897 3672 pia
931 3605 1202 3658 sententia
1238 3606 1305 3661 de
1357 3608 1667 3661 innascibili
1719 3613 1915 3666 animis
1953 3615 2044 3667 lir-

483 3693 642 3746 Ittitet'
672 3696 987 3763 retineatur,
1028 3696 1129 3766 ipsi
1158 3713 1286 3753 vero
1312 3704 1541 3763 voculas,
1576 3711 1832 3773 tanquam
1860 3707 2042 3774 perdi-

485 3784 557 3836 tis
593 3784 938 3839 occasionem
970 3786 1360 3856 suppeditanti,
1385 3805 1493 3844 non
1522 3793 1748 3846 nimium
1781 3795 2043 3851 inluerea-

481 3885 604 3928 tur:
664 3892 785 3930 nam
814 3876 993 3931 Patris
1046 3879 1484 3948 appellationem,
1546 3886 1851 3955 signiﬁcato
1910 3906 2035 3954 suo,

480 3967 642 4020 etiam
707 3967 1049 4023 innascibilis
1096 3971 1547 4041 signiﬁcationem
1598 3979 1732 4033 satis
1771 3995 2042 4050 superque

478 4058 795 4127 i-Ogitationi
834 4059 1139 4129 subjicere;
1168 4075 1291 4116 cum
1322 4064 1468 4118 enim
1517 4064 1729 4122 Patrem
1766 4070 2039 4138 audimus,

479 4148 663 4200 statim
692 4163 836 4211 eum,
867 4150 958 4219 qui
989 4149 1243 4207 omnibus
1273 4151 1395 4207 aliis
1426 4155 1751 4225 principium
1786 4167 1841 4213 et
1876 4176 2039 4216 causa

477 4238 776 4290 exsistcndi
806 4247 909 4303 est,
939 4241 1300 4309 concipimus.
1335 4246 1427 4313 qui
1472 4247 1517 4301 si
1557 4247 1717 4302 aliam
1749 4252 2038 4320 quamdam

478 4343 536 4381 se
564 4328 901 4397 superiorem
941 4331 1304 4387 substantiam
1341 4335 1585 4399 haberet.
1650 4355 1755 4394 non
1792 4343 2040 4397 nomina-

478 4426 627 4473 retur
656 4419 873 4489 proprie
901 4420 1075 4488 Pater,
1123 4425 1251 4493 quia
1285 4426 1502 4496 propria
1532 4430 1711 4486 Patris
1747 4435 2036 4502 appellatio

476 4509 750 4579 superiori
781 4509 859 4563 illi
895 4511 1215 4567 substantiae
1245 4494 1595 4586 competeret.
1624 4519 1681 4574 Si
1705 4494 1887 4578 autem
1922 4526 2035 4594 ipse
2068 4494 2111 4550 υ

474 4609 557 4656 est
582 4602 822 4655 omnium
849 4602 1177 4673 principium
1213 4614 1266 4661 et
1292 4623 1478 4673 causa,
1506 4619 1560 4665 et
1589 4612 1634 4675 si
1666 4628 1728 4667 ex
1764 4614 1882 4684 ipso
1906 4625 2035 4671 sunt

472 4690 674 4756 «nimia,
711 4703 767 4745 ut
793 4698 1023 4748 testatur
1053 4694 1371 4765 Apostolus,
1406 4702 1665 4756 nimirum
1713 4706 1846 4760 nihil
1879 4709 2032 4777 prius

470 4783 789 4837 exsistentia
832 4784 949 4853 ejus
978 4788 1189 4858 colicipi
1222 4799 1400 4859 potest
1432 4810 1445 4845 :
1482 4800 1534 4847 et
1583 4794 1687 4850 hoc
1736 4806 1822 4853 est
1854 4802 2033 4857 omnis

469 4883 624 4926 ortus
657 4882 709 4927 et
736 4875 990 4946 principii
1024 4891 1299 4948 expertem
1330 4898 1471 4938 esse.

542 5027 647 5083 Sed
681 5030 795 5084 haec
822 5042 969 5088 recte
999 5050 1057 5089 se
1092 5035 1290 5093 habere
1320 5039 1460 5094 haud
1489 5043 1680 5097 annuit
1713 5045 1802 5101 ille
1848 5048 1941 5118 qui
1972 5066 2031 5107 se

470 5122 643 5190 magis
696 5139 857 5193 quam
898 5125 1069 5195 ipsam
1115 5127 1409 5187 Veritatem
1449 5133 1552 5189 ﬁde
1586 5136 1809 5208 dignum
1839 5142 2032 5197 existi-

470 5213 604 5265 niari
639 5216 806 5284 cupit,
857 5218 951 5271 sed
992 5227 1180 5273 contra
1230 5222 1439 5287 nititur,
1499 5228 1829 5300 obloquitur,
1861 5244 1913 5287 et
1965 5250 2025 5289 ea

468 5318 588 5371 quae
610 5304 841 5362 dicimus
870 5308 1191 5363 subsannat.
1245 5313 1315 5365 At
1355 5316 1400 5368 si
1460 5314 1626 5383 lubet,
1688 5321 2026 5380 inevitabiles

468 5397 591 5451 illos
626 5397 991 5470 syllogismos,
1026 5411 1077 5457 et
1132 5404 1313 5458 varias
1373 5408 1764 5476 sophismatum
1824 5416 2027 5472 sutelas

467 5495 519 5541 et
544 5492 946 5555 contorsiones,
987 5492 1188 5562 quibus
1221 5504 1405 5550 nostra
1446 5499 1670 5554 refutari
1702 5512 1874 5572 putat,
1910 5506 2024 5562 dis-

464 5579 754 5637 cutiamus.
781 5581 887 5638 Sed
912 5594 1096 5641 metuo
1121 5603 1190 5643 ne
1220 5589 1435 5645 exilitas
1464 5599 1522 5645 et
1552 5591 1782 5650 {utilitas
1808 5611 2019 5663 eorum,

2154 1935 2291 2005 πρός
2317 1952 2369 1987 τι
2407 1934 2573 1988 κακὸν
2598 1934 2657 2000 ἐξ
2686 1936 2939 1999 ἀϐουλίας
2968 1937 3075 1989 τῶν
3096 1938 3391 2008 χρωμένων
3410 1938 3602 2005 ἀπάγει
3624 1936 3701 1989 τὸν

2152 2025 2455 2096 ἄνθρωπον,
2488 2027 2633 2097 ἀργὰ
2652 2068 2666 2089 ,
2712 2028 2805 2080 καὶ
2831 2029 3086 2098 ἄπρακτα
3121 2031 3266 2081 ποιεῖ
3292 2024 3448 2095 εἶναι,
3475 2030 3545 2091 ὡς
3571 2029 3699 2081 λυσιο

2151 2116 2464 2188 τελέστερον
2489 2117 2547 2170 ὃν
2578 2119 2686 2171 τῶν
2737 2119 2874 2190 πρὸς
2922 2120 3195 2190 ἁμαρτίαν
3248 2120 3697 2190 χειραγωγούντων

2153 2208 2704 2281 ἀκρωτηριασθέντων
2738 2210 2993 2280 σωθῆναι,
3035 2212 3065 2263 ἢ
3102 2212 3307 2263 τούτων
3340 2212 3696 2283 περιεχόμενον

2152 2299 2219 2352 δι’
2243 2301 2420 2353 αύτῶν
2449 2301 2740 2354 ἀπολέσθαι
2759 2319 2774 2367 ;

2223 2518 2287 2572 Τί
2313 2520 2369 2573 δὲ
2405 2523 2433 2573 ό
2463 2521 2701 2592 μιμητὴς
2733 2522 2827 2576 τοῦ
2866 2524 3100 2595 Χριστοῦ
3142 2526 3381 2589 Παῦλος;
3426 2525 3525 2577 Καὶ
3553 2524 3693 2585 αὐτὸς

2152 2614 2209 2666 ἐν
2245 2614 2322 2684 τῷ
2350 2614 2498 2685 βάθει
2525 2617 2623 2683 τῆς
2656 2617 2845 2687 σοφίας
2880 2618 2949 2671 τά
2985 2619 3121 2671 αύτά
3146 2618 3477 2689 δογματίζει.
3518 2619 3571 2670 ’0
3601 2618 3695 2689 γὰρ

2152 2708 2329 2762 πάντα
2361 2708 2502 2762 καλά
2530 2707 2859 2779 προσειπὼν,
2886 2709 2981 2762 καὶ
3007 2709 3169 2779 μηδὲν
3198 2709 3497 2779 ἀπόϐλητον
3520 2711 3563 2760 εἰ
3595 2707 3693 2777 μετ’

2153 2801 2500 2871 εὐχαριστίας
2558 2800 3065 2871 μεταλαμϐάνεται,
3123 2801 3274 2855 ἔστιν
3336 2802 3421 2854 ὅτε
3473 2801 3555 2854 διὰ
3608 2801 3694 2870 τὴν

2154 2892 2454 2962 συνείδησιν
2484 2892 2574 2945 τοῦ
2607 2892 2953 2956 ἀσθενοῦντος
2983 2892 3162 2946 ἀθετεῖ
3199 2911 3323 2947 τινα
3360 2892 3514 2947 πάλιν
3542 2893 3593 2957 ἐξ
3629 2886 3693 2943 ὧν

2150 2984 2463 3048 ἀπεδέξατο,
2486 2984 2580 3038 καὶ
2594 2985 2974 3056 παραιτεῖσθαι
2999 2985 3233 3039 κελεύει.
3252 2990 3292 3038 Ε
3301 2990 3318 3039 ί
3339 2989 3444 3057 γὰρ
3462 2986 3552 3040 διὰ
3563 2985 3694 3054 ,βρώ-

2145 3092 2285 3145 μης,
2317 3077 2499 3147 φησιν,
2530 3079 2562 3129 ό
2588 3075 2849 3145 ἀδελφός
2870 3096 2989 3146 μου
3012 3077 3309 3141 λυπεῖται,
3335 3081 3405 3133 οὐ
3432 3078 3511 3149 μὴ
3546 3077 3692 3147 φάτω

2146 3169 2289 3235 κρέα
2305 3172 2391 3232 εὶς
2410 3171 2515 3222 τὸν
2535 3168 2738 3223 αἰῶνα.
2762 3170 2930 3223 Τοῦτο
2958 3170 3135 3223 τοίνυν
3158 3172 3254 3226 καὶ
3274 3174 3301 3225 ὁ
3322 3172 3554 3242 μιμητὴς
3571 3168 3691 3224 ﬂati-

2148 3260 2237 3313 λου
2279 3265 2439 3314 ποιεῖ·
2467 3262 2526 3324 ὃς
2551 3265 2616 3332 τῇ
2647 3263 2859 3333 πονηρᾷ
2885 3262 2981 3333 τῆς
3011 3264 3274 3334 αἱρέσεως
3298 3266 3482 3334 χρήσει
3501 3263 3580 3315 διὰ
3606 3262 3689 3330 τῆς

2146 3349 2239 3402 τοῦ
2289 3350 2618 3419 ἀγεννήτων
2666 3351 2860 3415 λέξεως
2898 3353 3417 3423 ἱσχυροποιουμένην
3455 3350 3568 3404 ἰδὼν
3605 3350 3689 3417 τὴν

2146 3443 2359 3513 ἀπάτην
2416 3444 2522 3496 τῶν
2576 3444 2663 3497 διὰ
2703 3444 2796 3495 τοῦ
2835 3446 3074 3514 ῥήματος
3122 3443 3311 3498 τούτου
3358 3444 3416 3497 τὸ
3465 3444 3687 3511 ἀνόμοιον

2144 3536 2607 3607 δογματιζόντων,
2650 3536 2995 3591 συνεϐούλευε
3041 3537 3138 3606 τὴν
3186 3538 3288 3607 μὲν
3341 3537 3527 3605 εὐσεϐῆ
3579 3534 3687 3601 περὶ

2144 3626 2235 3680 τοῦ
2286 3627 2615 3696 ἀγεννήτων
2664 3627 2896 3681 διάνοιαν
2957 3630 3075 3691 ταῖς
3125 3627 3325 3697 ψυχαῖς
3388 3623 3681 3687 διασώζειν·

2142 3720 2239 3789 τὴν
2259 3719 2315 3773 δὲ
2344 3719 2507 3784 λέξων
2534 3720 2607 3783 ὡς
2645 3719 2915 3790 ἁμαρτίας
2947 3721 3241 3790 γενομένην
3269 3723 3379 3783 τοῖς
3406 3716 3677 3785 ἀπολλυμέ

2142 3829 2252 3874 νοις
2307 3812 2531 3880 ἑφόδιον,
2583 3811 2656 3882 μὴ
2701 3812 2819 3866 λίαν
2856 3812 3278 3877 σπουδάζεσθαι·
3318 3812 3413 3883 τὴν
3460 3810 3560 3880 γὰρ
3595 3806 3677 3859 τοῦ

2142 3903 2352 3973 Πατρός
2387 3902 2754 3973 προσηγορίαν
2779 3903 2918 3957 κατὰ
2946 3904 3009 3955 τδ
3045 3904 3457 3974 σημαινόμενον,
3487 3900 3573 3953 καὶ
3593 3897 3676 3967 τὴν

2138 3994 2232 4045 τοῦ
2260 3995 2551 4065 ἀγεννήτου
2585 3995 2856 4065 σημασίαν
2890 3994 3085 4058 ἱκανῶς
3122 3998 3254 4065 ἡμῖν
3294 3995 3548 4064 ἐμποιεῖν.
3578 3990 3676 4042 [Ια-

2140 4086 2270 4157 τέρα
2302 4086 2409 4157 γὰρ
2441 4086 2788 4149 ἀκούσαντες,
2828 4085 2917 4138 τὸν
2953 4087 3123 4139 αἴτιον
3155 4086 3248 4137 τοῦ
3292 4081 3428 4138 είναι
3452 4086 3556 4145 τοῖς
3590 4080 3680 4131 πᾶ-

2141 4197 2224 4232 σιν
2257 4177 2413 4241 εὐθὺς
2438 4178 2736 4249 ἐνοήσαμεν
2756 4196 2768 4208 ·
2790 4178 2848 4241 ὃς
2873 4178 3029 4249 εἴπερ
3054 4178 3217 4247 ἄλλην
3238 4176 3360 4231 τινὰ
3380 4170 3678 4245 ὑπερκειμέ-

2138 4286 2235 4340 νην
2261 4269 2437 4321 αἰτίαν
2480 4264 2644 4338 εἶχεν,
2683 4270 2782 4321 οὐκ
2821 4268 2885 4322 ἂν
2927 4269 3130 4338 κυρίως
3171 4268 3358 4339 Πατὴρ
3386 4261 3673 4335 ὠνομάσθη.

2138 4358 2228 4411 ἐπὶ
2262 4359 2357 4429 τὴν
2390 4359 2774 4430 προνοηθεῖσαν
2802 4359 2978 4412 αἰτίαν
3014 4359 3114 4429 τῆς
3144 4360 3335 4430 κυρίας
3371 4357 3461 4412 τοῦ
3488 4353 3675 4424 llatpr

2139 4450 2381 4521 κλήσεως
2412 4450 2752 4519 ἐπανιούσης.
2786 4449 2849 4502 El
2874 4450 2930 4503 δὲ
2967 4449 3129 4513 αὐτὸς
3153 4451 3366 4504 πάντων
3393 4450 3569 4511 αἴτιος,
3597 4444 3678 4496 καὶ

2140 4538 2200 4603 ἐξ
2224 4539 2385 4592 αὐτοῦ
2423 4541 2488 4593 τά
2516 4542 2722 4603 πάντα,
2753 4540 2932 4603 καθώς
2966 4557 3128 4611 φησιν
3158 4544 3186 4595 ὁ
3235 4541 3564 4601 Ἀπόστολος,
3594 4537 3673 4604 δη-

2140 4629 2309 4682 λονότι
2342 4629 2438 4699 τῆς
2478 4629 2685 4682 ἐκείνου
2733 4629 3016 4699 ὑπάρξεως
3052 4630 3202 4683 οὐδὲν
3251 4626 3675 4702 πρωπινοηθῆναι

2138 4719 2388 4773 δύναται·
2425 4719 2580 4773 τοῦτο
2614 4719 2670 4772 δέ
2710 4722 2847 4783 ἐστι,
2872 4721 2932 4773 τὸ
2959 4721 3265 4791 ἀγεννήτως
3294 4717 3427 4774 εἶναι
3454 4715 3676 4772 πιστεύε-

2140 4811 2283 4864 σθαι.

2221 5054 2357 5107 Ἀλλ’
2386 5054 2444 5107 οὐ
2477 5056 2745 5124 συγχωρεῖ
2768 5054 2941 5108 ταῦτα
2970 5054 3149 5117 καλῶς
3175 5056 3336 5126 ἔχειν,
3365 5058 3392 5109 ὁ
3424 5055 3548 5126 μηδὲ
3587 5052 3670 5123 τὴν

2137 5147 2392 5217 ἀλήθειαν
2439 5147 2627 5200 ἑαυτοῦ
2671 5146 3039 5217 πιθανωτέραν
3089 5144 3223 5199 εἶναι
3273 5147 3442 5200 δοκεῖν
3491 5144 3666 5212 ἀξιῶν.

2136 5238 2250 5291 ἀλλ’
2307 5237 2723 5307 ἀντινομοθετεῖ,
2780 5236 2874 5289 καὶ
2929 5236 3375 5307 ἀντιφθέγγεται,
3434 5236 3519 5289 καί⁵
3564 5235 3666 5286 δια-

2137 5329 2383 5400 χλευάζει
2429 5330 2518 5381 τὸν
2566 5328 2755 5396 λόγον’
2792 5330 2839 5381 εί
2887 5328 3092 5398 βούλει,
3132 5333 3223 5383 καὶ
3267 5332 3387 5392 τοὺς
3422 5328 3666 5395 ἀφύκτους

2138 5422 2541 5493 συλλογισμοὺς,
2596 5421 2688 5473 καὶ
2734 5420 2830 5484 τὰς
2888 5423 3132 5485 ποικίλας
3193 5423 3296 5475 τῶν
3351 5419 3666 5489 σοφισμάτων

2132 5512 2510 5583 ἀντιστροφάς,
2545 5512 2609 5565 δι’
2651 5507 2725 5564 ὧν
2768 5512 3003 5582 ἐλέγχειν
3035 5513 3202 5567 οἴεται
3233 5514 3321 5567 τὸν
3350 5512 3527 5579 λόγον,
3557 5509 3661 5558 ἑπι-

2133 5603 2477 5675 σκεψὼμεθα.
2543 5605 2697 5658 Ἃ).λά
2746 5604 2957 5659 δέδοικα
3004 5606 3170 5679 μὴτὸ
3217 5599 3570 5677 μικροπρεπὲς
3609 5608 3660 5647 τε

534 5753 654 5787 “'“
686 5755 871 5815 Matth.
909 5776 1063 5830 xvm,
1097 5764 1167 5828 6;
1227 5763 1392 5823 Marc.
1429 5783 1501 5835 lx,
1540 5769 1630 5825 Η.
1709 5772 1752 5805 ⁵³
1792 5772 1963 5832 ICor.
1998 5794 2115 5847 rm,
2146 5779 2232 5836 l5.
