3922 6478
218 355 297 406 ίίξί
1328 348 1605 405 CONTRA
1647 348 2032 413 EUNOMIUM,
2070 349 2198 404 LIB.
2232 350 2270 404 f.

3314 353 3418 407 £29..

217 471 293 520 nl.
330 465 573 534 γλίσχρον
623 462 724 516 τῶν
770 462 1093 535 εἰρημένων,
1137 462 1334 532 τρόπον
1372 465 1489 517 τινὰ
1540 463 1749 517 συνδια-

1863 479 1984 533 qua:
2015 464 2190 525 aiiert,
2222 465 2403 534 aliquo
2439 462 2597 519 modo
2630 464 2731 533 ipsi
2780 466 2940 519 etiam
2976 464 3189 520 veritati
3243 463 3418 519 fraudi

212 558 329 627 ὁάλῃ
357 557 443 609 καὶ
473 556 562 608 τὸν
593 555 877 608 εὐθύνοντα
904 555 1079 623 λόγον.
1113 555 1185 607 Τὸ
1211 556 1317 627 γὰρ
1350 558 1651 625 μειρακίοις
1677 560 1757 620 είς

210 648 415 720 ἁμιλλαν
493 645 952 715 προκαλουμένοις
1029 646 1471 715 συμπλέκεσθαι,
1536 646 1757 698 πλείονα

208 740 348 808 ψόγον
375 739 437 790 ὲκ
460 736 557 789 τοῦ
588 738 1050 807 προσφιλονεικεῖν
1080 740 1190 799 τοῖς
1219 736 1500 800 τοιούτοις,
1525 738 1666 808 ήπερ
1694 740 1757 791 ὲκ

206 828 284 882 τοῦ
316 827 650 898 νενικηκέναι
682 828 856 880 δοκεῖν
890 828 1042 898 φέρει
1070 831 1180 890 τοῖς
1211 829 1434 898 ἀνδράσι
1464 830 1556 881 τὸν
1602 829 1757 883 έπαι-

207 940 296 973 νον.
326 920 464 989 Πλὴν
494 920 629 973 ἀλλά
664 920 870 973 τοιοῦτο
912 921 971 972 τὸ
1018 921 1305 990 εἰρημένον
1343 922 1476 974 ἐστί.
1524 922 1604 975 Τά
1650 923 1757 994 γάρ

208 1012 277 1079 ἐφ’
302 1011 446 1082 ὖόρει
492 1011 749 1081 ρηθέντα,
787 1012 921 1082 μετά
958 1013 1056 1082 τῆς
1095 1013 1355 1084 συνήθους
1394 1013 1757 1082 καλλιφωνίας

206 1103 493 1171 ἐκείνης,ιῦς
521 1103 671 1172 αύτῷ
702 1120 759 1155 τε
789 1104 966 1172 λέγειν
998 1106 1359 1176 προσήκοντα,
1394 1106 1487 1158 καὶ
1516 1108 1645 1177 ἡμῖν
1677 1110 1756 1171 είς

204 1192 473 1260 γυμνάσιον
515 1194 897 1264 μακροθυμίας
948 1197 1313 1266 προκείμενα,
1376 1199 1581 1268 σιωπῆς
1630 1199 1756 1264 ἀξια

205 1285 281 1337 καὶ
322 1284 485 1354 λήθης
532 1286 853 1355 ποιούμεθα.
898 1288 973 1340 Οὐ
1018 1288 1127 1358 γὰρ
1168 1290 1439 1360 εὑπρεπὲς
1488 1287 1639 1361 οἶμαι
1686 1293 1755 1346 τὰ

204 1376 560 1441 καταγέλαστα
604 1377 714 1430 τῶν
743 1380 1044 1450 εἰρημένων
1087 1381 1235 1451 αὺτῷ
1274 1384 1384 1445 τοῖς
1423 1385 1550 1454 παρ’
1598 1385 1754 1454 ἡμῶν

206 1468 637 1538 σπουδαζομένας
683 1471 1088 1542 ἐνσπείροντας,
1137 1474 1215 1535 είς
1257 1474 1531 1543 ἀκόσμους
1560 1492 1617 1527 τε
1663 1477 1754 1529 καὶ

201 1557 441 1626 δημώδεις
479 1559 749 1626 γέλωτας,
777 1559 874 1631 τὴν
917 1561 1058 1632 ὑπὲρ
1094 1563 1193 1632 τῆς
1230 1562 1485 1633 ἀληθείας
1518 1565 1752 1618 διαλύειν

203 1648 427 1720 σπουδήν.
458 1650 597 1702 Οὐδὲ
628 1651 735 1722 γάρ
768 1651 913 1705 ἔστιν
939 1653 997 1704 ἐν
1023 1655 1087 1723 τῇ
1117 1653 1376 1723 ἀκροάσει
1407 1654 1609 1708 τούτων
1640 1656 1754 1708 δια-

205 1744 358 1809 μεῖναι
404 1742 746 1809 ἀγέλαστον,
786 1742 881 1795 ἐὰν
914 1743 1233 1813 ἀκούσωμεν
1274 1744 1519 1813 λέγοντος
1560 1746 1623 1799 ἐκ
1652 1748 1751 1817 τῆς

203 1834 385 1903 ὑψηλῆς
416 1834 657 1904 ἐκείνης,
696 1836 790 1889 καὶ
832 1835 1204 1905 μεγαλοψυοῦς
1250 1837 1597 1904 εὐγλωττίας.
1653 1832 1752 1891 Ὦν

202 1926 292 1994 γὰρ
333 1927 363 1993 ἡ
414 1925 703 1997 προσθήκη
756 1926 864 1977 τῶν
910 1926 1081 1993 λόγων
1127 1929 1204 1990 εἰς
1246 1928 1560 1997 προσθήκην
1610 1928 1754 1980 τελεῖ

205 2016 544 2084 βλασφημίας,
576 2015 781 2068 τούτων
810 2015 871 2068 τὸ
894 2018 1049 2086 σιγᾷν
1074 2018 1260 2086 ἡμίσει
1290 2018 1441 2088 μέρει
1460 2016 1553 2071 τοῦ
1576 2018 1753 2071 λαλεῖν

206 2109 302 2159 ἐστι
350 2109 700 2179 κουφότερον.
765 2109 923 2161 Ἀλλὰ
964 2110 1135 2163 ταῦτα
1186 2111 1283 2179 μὲν
1311 2110 1556 2177 γελάσθω
1604 2112 1753 2182 παρά

202 2200 288 2251 τῶν
323 2200 723 2269 ἐπισταμένων,
756 2203 784 2254 ὃ
824 2220 875 2254 τι
920 2201 1017 2271 μὲν
1073 2203 1342 2272 ἀποδοχῆς
1389 2206 1534 2256 ἐστιν
1582 2204 1750 2268 ἄξιον,

202 2292 295 2342 ὅτι
347 2290 711 2359 δὲ’γέλωτος.
754 2293 939 2361 Ἡμεῖς
984 2292 1039 2345 δὲ
1095 2294 1155 2346 τὸ
1200 2294 1363 2364 δριμὺ
1418 2294 1524 2347 τῶν
1568 2296 1752 2349 συλλο-

202 2383 408 2453 γισμῶν,
433 2379 515 2447 οἷς
539 2386 635 2437 τὸν
664 2385 929 2455 ἡμέτερον
959 2385 1239 2454 περισύρει
1268 2384 1441 2451 λόγον,
1474 2387 1755 2455 σκοπήσω-

204 2492 301 2543 μεν.

251 2567 308 2618 El
330 2568 433 2636 γὰρ
454 2570 488 2621 ό
507 2569 741 2637 Πατὴρ,
761 2569 920 2638 φησὶ,
944 2567 1024 2633 τῷ
1043 2566 1348 2638 dravi/vitm
1360 2567 1579 2622 ταύτὸν
1603 2568 1755 2622 κατὰ

201 2658 295 2724 τὴν
328 2659 606 2729 δύναμιν,
641 2661 713 2713 τὰ
750 2660 817 2713 δὲ
848 2662 963 2727 τὴν
1004 2659 1197 2727 αὐτὴν
1237 2659 1454 2727 ἔχοντα
1500 2658 1755 2727 δύναμιν

202 2748 297 2802 τῶν
342 2753 688 2821 ὀνομάτων,
739 2754 961 2805 ταύτὸν
1005 2751 1243 2817 πάντως
1295 2753 1391 2805 καί
1436 2755 1756 2822 σημαίνειν

203 2844 429 2910 πέφυκε·
470 2844 760 2912 σημαίνει
794 2843 862 2897 δὲ
898 2843 965 2897 τὸ
1007 2844 1341 2912 ἀγέννητον
1369 2846 1494 2897 κατ’
1532 2846 1755 2912 αὐτοὺς

204 2933 255 2983 τό
273 2935 331 2995 ἐξ
361 2934 615 2999 οὐδενὸς
639 2930 790 2987 εἶναι
827 2934 933 2986 τὸν
960 2935 1108 2987 Θεόν
1126 2950 1139 2962 ·
1172 2933 1240 2997 ἐξ
1266 2932 1532 3002 ἀνάγκης
1563 2934 1661 2987 καί
1690 2936 1753 2987 τὸ

204 3025 374 3093 Πατὴρ
408 3028 699 3095 σημαίνει
736 3026 803 3080 τὸ
837 3025 906 3089 ἐξ
953 3024 1201 3091 οὐδενὸς
1237 3026 1387 3078 εἶναι
1427 3027 1533 3079 τὸν
1573 3028 1751 3079 Θεόν·

205 3119 316 3184 οὐχί
341 3118 401 3170 δὲ
419 3120 485 3171 τὸ
513 3117 938 3187 γεγεννηκέναι
965 3116 1070 3170 τὸν
1095 3118 1246 3170 Υίόν.
1268 3118 1364 3170 Διά
1389 3122 1487 3187 τῆς
1518 3118 1609 3171 τού
1640 3122 1754 3171 Πα-

206 3209 315 3275 τρὸς
349 3212 533 3281 φωνῆς
570 3210 752 3262 ούκέτι
788 3210 1143 3279 σημαίνεται,
1189 3209 1283 3262 ἐὰν
1332 3211 1364 3281 ὴ
1410 3211 1545 3282 αὐτὴ
1589 3228 1754 3281 προσ-

204 3300 371 3370 ηγορία
412 3302 509 3353 καὶ
549 3301 611 3353 τὸ
639 3301 871 3371 ἄναρχον
908 3302 1040 3370 ἡμῖν
1066 3297 1161 3351 τοῦ
1205 3301 1414 3372 Πατρὸς
1462 3302 1526 3354 δι’
1557 3304 1752 3372 ἑαυτῆς

208 3395 526 3465 παραστήσῃ.
573 3393 637 3446 Ei
675 3392 774 3463 μὲν
815 3392 922 3462 γάρ
954 3392 1295 3464 ἀναιρετικὸν
1331 3389 1397 3464 ἦν
1434 3392 1526 3445 τοῦ
1566 3394 1750 3462 ἐτέρου

204 3484 253 3535 τὸ
280 3485 470 3555 ἓτερον,
513 3484 657 3536 κατά
685 3483 785 3553 τὴν
810 3482 919 3535 τῶν
953 3484 1339 3553 ἀντικειμένων
1382 3484 1558 3551 φύσιν,
1587 3486 1753 3551 ἀναγ-

207 3577 345 3639 καίως
389 3579 420 3647 ἡ
460 3575 563 3630 τοῦ
611 3576 727 3637 ἐνὸς
765 3575 911 3638 Θέσις
964 3576 1060 3646 τὴν
1108 3577 1385 3647 ἀναίρεσιν
1424 3577 1516 3629 τοῦ
1564 3577 1752 3631 λοιποῦ

208 3668 603 3732 κατεσκεύαζεν.
642 3668 703 3720 Εί
732 3668 789 3720 δὲ
823 3668 883 3720 τὸ
921 3668 1125 3721 κωλύον
1162 3670 1308 3721 ἐστὶν
1345 3670 1493 3721 οὐδὲν
1525 3670 1615 3723 τὸν
1659 3672 1754 3723 αὑ-

207 3758 279 3809 τὸν
313 3760 398 3812 καὶ
442 3760 669 3828 Πατέρα
720 3753 858 3813 εἶναι
898 3761 992 3812 καὶ
1034 3760 1346 3830 ἀγέννητον,
1382 3762 1476 3815 ἐὰν
1517 3763 1603 3816 διὰ
1653 3764 1753 3833 τῆς

208 3850 281 3901 τοῦ
320 3851 549 3920 Πατρὸς
603 3851 866 3923 κλήσεως,
910 3852 1052 3906 κατά
1094 3870 1212 3906 τινα
1258 3853 1523 3918 διάνοιαν,
1557 3856 1651 3909 καὶ
1690 3856 1753 3909 τὸ

207 3941 464 4010 ἀγέννητον
519 3944 881 4013 ἐννοήσωμεν,
918 3945 1003 4008 τίς
1041 3946 1074 4015 ὴ
1106 3945 1317 4016 ἀνάγκη
1357 3948 1455 4018 τὴν
1486 3948 1622 4018 πρὸς
1662 3950 1753 4002 τὸν

208 4032 311 4085 my
338 4035 524 4103 σχέσιν
551 4034 640 4088 διά
666 4033 767 4103 τῆς
796 4033 886 4087 τοῦ
918 4035 1146 4103 Πατρός
1177 4037 1359 4106 φωνῆς
1384 4040 1578 4108 μηκέτι
1613 4057 1752 4109 γνω-

211 4124 455 4192 ρίζεσθαι;
503 4125 639 4178 osse
686 4127 797 4198 γὰρ
843 4125 913 4179 τὰ
959 4127 1121 4181 λοιπά
1165 4128 1270 4181 τῶν
1314 4130 1611 4201 ὀνομάτων,
1654 4133 1752 4185 ὃσα

207 4218 286 4286 τὴν
307 4217 433 4287 πρὸς
459 4216 668 4287 ἄλληλα
693 4218 974 4273 κοινωνίαν
1005 4219 1138 4289 ἔχει,
1164 4222 1258 4274 καὶ
1286 4221 1375 4275 διὰ
1396 4224 1611 4277 πάντων
1634 4228 1753 4287 ταῖς

207 4305 406 4372 ἐννοίαις
452 4310 826 4379 συμφέρεται·
898 4311 1022 4363 ἐπεὶ
1090 4312 1183 4365 καὶ
1236 4314 1611 4386 αὐτοκράτορα
1662 4317 1753 4369 καὶ

206 4398 468 4455 ἀδέσποτον
524 4404 612 4455 τὸν
666 4402 886 4472 βασιλέα
935 4404 1236 4475 καλοῦμεν,
1289 4408 1383 4459 καὶ
1444 4407 1535 4460 τὸν
1592 4408 1754 4463 αὐτὸν

207 4490 294 4541 τῶν
328 4495 649 4565 ὑποχειρίων
696 4494 1026 4565 ἡγούμενον·
1077 4497 1169 4549 καὶ
1220 4496 1343 4550 οὔτε
1390 4499 1583 4569 ψεῦδός
1636 4502 1752 4555 ἐστι

1858 4502 1963 4546 tem
1996 4504 2343 4544 nominamus
2386 4506 2399 4541 :

207 4585 313 4653 περὶ
348 4586 513 4639 αύτοῦ
557 4586 734 4649 λέγειν
761 4626 775 4649 ,
817 4588 899 4642 ὅτι
947 4589 979 4658 ἡ
1026 4587 1118 4640 τοῦ
1155 4588 1415 4657 βασιλέως
1456 4592 1604 4664 φωνὴ
1659 4609 1755 4665 ση-

209 4678 361 4744 μαίνει
399 4680 494 4732 καὶ
527 4679 587 4731 τὸ
614 4679 904 4732 ἀδέσποτον
924 4697 937 4709 ·
965 4678 1086 4731 οὕτε
1133 4680 1436 4748 ἐπάναγκες
1470 4678 1606 4734 εἷναί
1648 4700 1753 4750 φα-

210 4784 310 4836 μεν,
350 4774 395 4825 εί
433 4773 499 4825 τὸ
549 4771 882 4841 αὐτοκρατές
914 4789 971 4823 τε
1010 4774 1103 4825 καὶ
1147 4773 1377 4842 ἄναρχον
1426 4774 1511 4827 διὰ
1551 4772 1753 4844 ταύτης

206 4866 286 4933 τῆς
312 4866 491 4936 φωνῆς
528 4865 827 4935 σημανϐείη
848 4905 862 4923 ,
892 4864 1086 4934 μηκέτι
1109 4864 1169 4917 τὸ
1195 4864 1336 4918 κατά
1363 4864 1469 4917 τῶν
1502 4866 1755 4937 ὑπηκόων

209 4957 380 5025 κράτος
422 4958 511 5010 διά
551 4958 649 5026 τῆς
685 4955 960 5025 βασιλείας
1011 4954 1399 5025 σημαίνεσθαι·
1448 4955 1608 5026 μέσον
1646 4955 1752 5028 γὰρ

208 5047 456 5118 ἑκατέρων
480 5048 589 5100 τῶν
626 5045 945 5116 omnem»,
970 5045 1028 5098 ὃν
1056 5046 1152 5115 τῆς
1188 5044 1461 5115 βασιλείας
1482 5046 1541 5098 τὸ
1563 5045 1750 5116 ὄνομα,

209 5140 269 5205 πῆ
296 5139 387 5207 μέν
412 5140 471 5191 τὸ
508 5138 818 5199 ἀδέσποτον,
856 5136 932 5204 πῆ
971 5135 1027 5187 δὲ
1058 5136 1118 5187 τὸ
1160 5135 1383 5205 ἀρχικὸν
1410 5135 1517 5187 τῶν
1558 5137 1751 5189 ὑποτεη

208 5232 466 5297 ταγμένων
511 5228 860 5281 ἐνδείκνυται.
913 5227 1021 5279 Καὶ
1063 5226 1294 5279 ἐνταῦθα
1330 5226 1527 5291 τοίνυν,
1574 5229 1621 5279 εί
1658 5228 1754 5297 μὲν

208 5320 303 5373 ἐστι
335 5341 412 5386 τις
437 5322 529 5375 τοῦ
567 5322 777 5392 Πατρὸς
812 5320 905 5373 τοῦ
955 5318 1152 5391 Κυρίου
1188 5317 1376 5391 Πατὴρ
1408 5321 1754 5391 προεπινοού-

212 5428 349 5478 μενος
378 5416 579 5485 ἐτερος,
620 5413 947 5478 δειξάτωσαν
982 5412 1030 5463 οί
1061 5412 1159 5483 τὴν
1192 5411 1500 5482 ἀπόρρητον
1528 5413 1755 5481 αὐχοῦν-

210 5520 284 5565 τίς
320 5506 525 5574 σοφίαν·
571 5508 665 5559 καὶ
693 5505 811 5557 τότε
841 5502 1231 5573 συνθησόμεθα,
1269 5503 1341 5575 μὴ
1374 5504 1630 5556 δύνασθαι
1660 5503 1750 5556 τοῦ

210 5594 510 5665 ἀγεννήτων
540 5598 640 5668 τήν
686 5596 913 5657 ἔννοιαν,
951 5596 1054 5648 ὑπὸ
1086 5596 1182 5665 τῆς
1220 5594 1310 5647 τοῦ
1340 5596 1568 5662 Πατρέες
1591 5612 1755 5665 προσ-

208 5688 409 5755 ηγῦρίας
443 5688 809 5761 παρίστασθαι
858 5688 922 5740 El
951 5687 1007 5740 δὲ
1030 5689 1059 5739 ὁ
1089 5688 1300 5757 πρῶτος
1334 5685 1520 5758 Πατὴρ
1539 5726 1552 5749 ,
1580 5686 1755 5741 αξτξαν

213 5775 296 5846 τῆς
326 5780 475 5836 αὑτοῦ
514 5782 819 5843 συστάσεως
848 5780 1249 5852 ὑπερκειμένην
1286 5780 1385 5831 οὐκ
1420 5780 1528 5850 ἔχει
1551 5797 1562 5809 ο
1592 5778 1669 5851 τῷ
1699 5780 1753 5832 δὲ

1861 556 1927 608 sit
1959 562 2013 609 et
2042 556 2366 610 calumniam
2402 556 2595 625 pariat.
2629 555 2763 609 Nam
2793 572 2915 610 cum
2946 558 3133 627 pueris
3184 557 3251 611 ad
3310 574 3424 627 pu-

1857 660 2019 715 gnam
2060 645 2481 714 provocantibus
2540 660 2737 700 manus
2788 661 3099 713 conserere,
3160 648 3420 717 majorem

1858 737 2310 805 vituperationem
2335 753 2399 791 ex
2430 752 2729 806 congressu
2785 753 2908 791 cum
2963 740 3187 802 talibus,
3255 754 3418 809 quam

1857 840 1919 878 ex
1945 825 2183 880 victoria;
2217 826 2471 896 Opinione
2510 810 2741 881 laudem
2794 825 2966 881 affert.
3005 829 3269 883 Caeterum
3303 830 3417 884 haec

1857 918 1937 971 sic
1964 915 2107 969 dicta
2145 925 2343 983 sunto;
2382 933 2505 971 nam
2561 933 2681 988 quae
2703 920 3098 974 contumeliose
3146 929 3408 976 consueta

1857 1008 1959 1061 sibi
1988 1008 2135 1061 vocis
2166 1009 2535 1063 concinnitate
2564 1008 2817 1072 eﬂutivit,
2841 1025 2927 1075 ea,
2954 1019 3011 1063 ut
3036 1011 3104 1065 ab
3133 1012 3251 1080 ipso
3296 1027 3414 1081 pro.

1857 1097 1984 1152 ferri
2013 1098 2193 1169 digna,
2234 1100 2393 1155 nobis
2422 1115 2571 1164 vero,
2611 1115 2713 1153 ceu
2744 1101 2809 1155 ad
2840 1102 3287 1157 exercitationem
3323 1118 3415 1173 pa-

1857 1189 2058 1243 tientia:
2098 1193 2394 1261 proposita.
2427 1190 2647 1246 silentio
2686 1199 2739 1246 et
2781 1192 3039 1246 oblivioni
3074 1196 3414 1249 transmitte—

1856 1296 1999 1334 mus.
2040 1280 2159 1335 Non
2196 1283 2339 1337 enim
2370 1284 2568 1338 decere
2601 1284 2859 1349 arbitror,
2916 1293 2974 1338 ut
3022 1286 3253 1340 ridicula
3301 1288 3413 1352 illa,

1855 1388 1975 1443 qua:
2006 1376 2293 1441 eructavit,
2335 1377 2495 1431 seriis
2552 1377 2754 1432 nostris
2814 1376 3276 1447 disputationibus
3334 1380 3416 1432 in-

1854 1482 2192 1537 spergamus,
2219 1476 2273 1522 et
2304 1470 2552 1525 veritatis
2588 1470 3077 1542 pmpugnationem
3128 1471 3183 1525 in
3226 1471 3417 1524 incon-

1853 1558 1996 1614 ditos
2028 1574 2090 1613 ac
2121 1560 2358 1629 plebeios
2387 1562 2534 1617 risus
2563 1562 2814 1617 desinere
2862 1562 3126 1617 faciamus
3160 1580 3174 1616 :
3238 1578 3414 1632 neque

1853 1651 1996 1704 enim
2026 1650 2139 1705 fieri
2172 1660 2351 1721 potest
2377 1653 2581 1723 utquis
2624 1654 2826 1709 talibus
2856 1654 3060 1709 auditis
3104 1654 3274 1709 risum
3334 1663 3417 1709 te-

1853 1749 1998 1799 neat.
2018 1744 2316 1811 praesertim
2346 1745 2391 1798 si
2418 1745 2565 1799 illum
2596 1761 2661 1801 ex
2698 1747 2915 1801 sublimi
2934 1746 3022 1800 illa
3053 1754 3108 1801 et
3130 1746 3414 1815 magnifica

1784 1827 2160 1902 Beloquentia
2215 1843 2557 1903 perorantem
2625 1838 2929 1893 audiamus.
2987 1836 3121 1892 Nam
3180 1853 3411 1907 quorum

1852 1926 2140 1979 verborum
2173 1927 2422 1982 recitatio
2448 1927 2513 1982 ad
2547 1929 2897 2000 blasphemiae
2922 1939 3268 2000 augmentum
3290 1944 3416 1983 con-

1854 2014 1975 2081 fert,
2012 2031 2072 2071 ea
2100 2016 2261 2072 silere
2298 2018 2523 2073 dimidia
2582 2035 2648 2075 ex
2707 2028 2859 2090 parte
2894 2020 3109 2075 facilius
3138 2028 3413 2089 estquam

1852 2106 2051 2175 eloqui.
2096 2106 2293 2161 Verum
2336 2108 2452 2164 haec
2480 2111 2760 2165 rideantur
2789 2112 2855 2164 ab
2891 2111 3019 2173 illis,
3065 2111 3156 2181 qui
3191 2117 3414 2172 norunt,

1853 2212 2100 2263 quamam
2170 2199 2280 2253 sint
2338 2201 2727 2269 approbanda,
2790 2217 2908 2272 qua:
2974 2217 3103 2256 vero
3168 2200 3415 2259 ridenda.

1853 2285 1961 2342 Nos
2024 2306 2151 2345 vero
2227 2292 2601 2349 formidabiles
2667 2294 2789 2350 illos
2865 2294 3241 2365 syllogismos,
3296 2294 3418 2363 qui-

1855 2380 1957 2436 bus
1989 2392 2234 2438 nostrum
2273 2385 2512 2439 traducit
2542 2401 2845 2442 sermonem
2870 2426 2885 2450 ,
2920 2386 3029 2456 jam
3083 2386 3416 2457 contemple-

1854 2490 1904 2528 m
1913 2490 1996 2529 111⁸.

1924 2564 1984 2620 Si
2015 2564 2197 2631 Pater,
2224 2568 2423 2637 inquit.
2450 2579 2498 2622 et
2520 2569 2850 2624 innascibilis
2885 2571 3075 2623 virtute
3106 2570 3242 2623 idem
3271 2579 3415 2629 sunt,

1853 2675 1915 2712 ea
1942 2675 2062 2712 vero
2092 2661 2326 2721 nomina.
2359 2677 2475 2730 quia
2498 2660 2678 2714 eadem
2708 2662 2757 2715 vi
2791 2661 3007 2729 pollent,
3048 2660 3182 2714 idem
3218 2676 3419 2730 quoque

1854 2751 2065 2803 omnino
2098 2752 2396 2820 significant
2420 2746 2529 2806 {ex
2552 2753 2785 2820 ipsorum
2820 2762 2994 2805 autem
3030 2751 3287 2805 sententia
3335 2752 3417 2803 in-

1854 2842 2107 2895 nascibile
2132 2841 2266 2895 idem
2303 2852 2401 2900 est.
2449 2843 2588 2912 quod
2624 2843 2788 2898 Deum
2848 2859 2911 2897 ea:
2970 2844 3115 2897 nullo
3158 2844 3416 2913 principio

1853 2950 2001 2987 esse:
2041 2937 2337 2989 necessario
2364 2936 2525 2989 etiam
2568 2935 2879 2989 vocabulum
2912 2934 3093 2988 Patris
3125 2934 3414 3004 signiﬁcat,

1858 3024 2022 3078 Deum
2043 3042 2107 3078 ea:
2140 3027 2287 3081 nullo
2320 3028 2578 3096 principio
2609 3043 2740 3088 esse,
2766 3044 2867 3080 non
2904 3036 3100 3089 autem,
3140 3026 3277 3095 quod
3318 3024 3417 3078 Fi-

1858 3116 1984 3169 lium
2004 3119 2258 3187 genuerit.
2294 3119 2408 3184 Qua
2432 3120 2754 3174 necessitate
2777 3120 3090 3188 compulsus
3109 3119 3202 3180 ait,
3236 3119 3417 3172 Patris

1858 3210 2120 3263 vocabulo
2149 3224 2253 3263 non
2283 3210 2596 3280 significari.
2634 3210 2777 3280 quod
2829 3210 3021 3263 Filium
3070 3210 3337 3280 genuerit,
3370 3210 3417 3263 si

1854 3299 1955 3349 ista
1989 3299 2102 3366 ipsa
2137 3300 2427 3368 appellatio
2456 3302 2609 3355 nobis
2636 3317 2853 3371 quoque
2895 3300 3108 3355 Patrem
3150 3301 3416 3371 principio

1857 3404 2045 3445 carere
2073 3394 2508 3446 commonstrat?
2542 3392 2597 3446 Si
2636 3396 2778 3446 enim
2832 3395 3063 3447 alterum
3131 3394 3416 3447 tolleretur

1853 3483 1922 3536 ab
1953 3482 2147 3542 altero.
2189 3492 2351 3553 prout
2385 3484 2485 3538 fert
2513 3494 2704 3538 natura
2733 3490 3134 3554 oppositurum,
3170 3501 3420 3540 necessa-

1855 3574 1936 3628 rio
1966 3576 2164 3643 positio
2201 3577 2362 3631 unius
2406 3586 2551 3632 esset
2588 3578 2935 3647 interemptio
2984 3579 3232 3632 alterius.
3272 3578 3337 3631 At
3369 3579 3417 3631 si

1854 3668 1988 3721 nihil
2016 3672 2234 3738 penitus
2268 3670 2468 3733 obstat,
2503 3670 2752 3724 eumdem
2782 3677 2837 3722 et
2866 3668 3081 3723 Patrem
3114 3676 3167 3723 et
3212 3668 3420 3739 ingeni-

1854 3769 1965 3814 tum
1996 3775 2138 3821 esse,
2173 3760 2217 3814 si
2243 3759 2422 3813 Patris
2448 3760 2830 3829 appellatione,
2856 3758 3155 3814 secundum
3178 3759 3417 3828 aliquam

1854 3849 2332 3920 significationem,
2351 3850 2513 3902 etiam
2540 3849 2838 3914 ingenitum
2871 3849 3265 3917 concipiamus,
3298 3862 3419 3916 qua:

1852 3943 2159 3997 necessitas
2208 3940 2388 4001 efﬁcit,
2422 3950 2478 3993 ut
2528 3938 2789 3993 habitudo
2817 3947 2871 3994 et
2901 3939 3092 3993 relatio
3123 3938 3189 3991 ad
3224 3936 3415 3991 Filium

1852 4048 1950 4102 per
2005 4032 2187 4086 Patris
2237 4031 2563 4085 vocabulum
2626 4029 2861 4100 amplius
2914 4045 3019 4083 non
3063 4025 3417 4084 innotescat?

1853 4124 2037 4192 Neque
2063 4124 2204 4178 enim
2232 4123 2335 4177 alia
2366 4122 2606 4180 nomina.
2638 4136 2758 4191 quae
2793 4129 3033 4174 mutuam
3076 4120 3419 4174 communio-

1856 4233 1977 4271 nem
2041 4218 2270 4277 habent,
2305 4230 2399 4284 per
2431 4214 2612 4268 omnia
2672 4212 2987 4267 notionibus
3046 4215 3413 4272 conveniunt:

1854 4324 1978 4363 nam
2017 4318 2069 4362 et
2106 4309 2483 4377 imperatorem
2533 4306 2617 4359 sui
2654 4305 2830 4374 ipsius
2876 4303 3179 4367 dominum,
3211 4314 3264 4360 et
3324 4309 3421 4363 do-

1856 4401 1986 4454 mini
2026 4409 2320 4468 expertem,
2347 4405 2401 4451 et
2428 4396 2589 4450 simul
2633 4396 2795 4449 etiam
2847 4395 3081 4450 subditis
3122 4398 3419 4466 praesiden-

2452 4504 2625 4557 neque
2659 4488 2853 4541 falsum
2889 4498 2971 4542 est
3010 4489 3210 4551 dicere.
3262 4508 3422 4546 voca-

1855 4583 1985 4637 bulo
2014 4580 2359 4649 imperatoris
2402 4580 2699 4649 significari
2748 4578 2800 4633 id
2864 4578 3005 4649 quod
3060 4591 3143 4634 est
3198 4582 3423 4637 domino

1855 4688 2065 4733 carere,
2102 4686 2276 4740 neque
2306 4670 2675 4723 necessarium
2708 4669 3054 4730 arbitramur,
3085 4671 3127 4724 si
3164 4672 3267 4724 isto
3302 4673 3421 4741 ipso

1854 4764 2119 4820 vocabulo
2167 4760 2505 4831 significatur
2557 4761 2608 4815 id
2648 4761 2792 4830 quod
2835 4768 2939 4823 est,
2981 4763 3061 4815 sui
3102 4762 3272 4830 ipsius
3318 4763 3421 4816 do-

1856 4857 2061 4911 tninum
2094 4869 2235 4917 esse,
2263 4862 2318 4906 et
2350 4852 2553 4906 nullius
2609 4852 2839 4922 imperio
2876 4851 3091 4919 subjici,
3146 4867 3252 4905 non
3306 4868 3420 4905 am-

1857 4949 2004 5018 plius
2042 4962 2139 5017 per
2168 4945 2379 5015 imperii
2412 4944 2737 4998 vocabulum
2795 4942 3134 5012 significetur
3178 4951 3420 5012 potestas

1860 5047 1914 5094 et
1942 5038 2242 5092 dominium
2284 5037 2336 5090 in
2373 5035 2659 5089 subditos:
2693 5050 2815 5087 cum
2876 5034 3022 5087 enim
3073 5033 3284 5103 imperii
3318 5051 3421 5088 no-

1869 5148 1990 5185 men
2013 5132 2155 5184 inter
2184 5140 2469 5196 utramque
2512 5126 2784 5180 notionem
2839 5125 3076 5179 medium
3132 5125 3419 5187 consistat.

1859 5222 2053 5293 partim
2091 5221 2163 5285 id,
2192 5220 2335 5289 quod
2363 5228 2445 5273 est
2469 5218 2690 5272 domino
2722 5230 2927 5278 carere,
2956 5216 3153 5285 partim
3178 5214 3421 5272 domina-

1861 5316 2060 5368 tionem
2095 5314 2146 5367 in
2178 5313 2425 5366 subditos
2464 5311 2661 5363 innuit.
2708 5308 2771 5362 Et
2830 5307 2916 5361 hic
2963 5307 3182 5377 quidem
3236 5321 3422 5364 osten-

1860 5405 2012 5468 dant,
2049 5405 2140 5475 qui
2170 5402 2466 5458 reconditze
2492 5402 2773 5471 sapientia:
2798 5401 2955 5454 titulo
2981 5400 3275 5455 insolenter
3301 5416 3423 5456 sese

1860 5496 2115 5558 efferunt,
2143 5511 2269 5549 num
2304 5495 2375 5549 sit
2404 5494 2548 5548 alius
2581 5492 2742 5545 Pater
2776 5490 2923 5561 prior
2955 5490 3114 5545 Patre
3154 5502 3340 5546 nostro
3367 5500 3423 5546 et

1862 5590 2110 5655 Domino,
2144 5596 2198 5644 et
2233 5598 2364 5642 tunc
2404 5586 2695 5640 fatebimur
2745 5584 3020 5639 notionem
3055 5583 3280 5654 ingeniti
3315 5600 3420 5638 non

1860 5698 2023 5753 posse
2053 5697 2080 5735 a
2114 5681 2294 5735 Patris
2337 5677 2700 5748 appellatione
2729 5677 3133 5745 repraesentari.
3173 5674 3231 5729 Si
3294 5691 3423 5730 vero

1810 5786 1813 5787 '
1867 5775 2077 5845 primus
2121 5773 2209 5827 ille
2259 5770 2416 5825 Pater
2447 5784 2557 5824 sua:
2591 5768 2958 5824 subsistentia:
2997 5783 3217 5825 causam
3262 5782 3424 5838 supe-
