3922 6460
552 336 659 393 423
1775 338 1831 395 5.
1872 337 2197 395 GREGOBII
2235 339 2525 397 NYSSENI
3647 353 3731 408 4⁸24

554 453 749 507 riorem
779 466 885 505 non
914 451 1094 515 habet.
1122 468 1249 509 cum
1305 454 1464 509 Patre
1502 469 1630 510 vero
1662 454 1936 525 Unigeniti
1974 471 2083 525 quo

2212 458 2385 526 Πατρὶ
2441 457 2867 511 συνυπακούεται
2917 460 3130 522 πάντως
3181 460 3272 511 καὶ
3308 458 3400 513 τοῦ
3440 462 3732 532 Μονογινοῦς,
3832 514 3836 518 .

556 558 662 613 que
692 542 1002 614 hypostasis
1032 559 1260 613 prorsus
1300 561 1547 601 connexa
1599 546 1937 616 intelligitur,
1983 547 2086 616 quit

2216 548 2249 617 ἡ
2280 548 2591 612 ὑπόστασις,
2615 548 2667 600 τί
2698 546 3149 619 μορμολύττονται
3181 550 3326 619 ἡμᾶς
3354 553 3467 614 ταῖς
3496 559 3732 623 τεχνικαῖς

553 649 654 689 nos
685 634 997 690 artificiosis
1048 635 1170 690 istis
1217 637 1614 707 sophismatum
1682 637 2086 692 connexionibu

2213 638 2434 701 ταύταις
2466 638 2572 692 τῶν
2603 640 2948 709 σοφισμάτων
2971 640 3283 704 διαπλοκαῖς
3316 642 3533 705 πείθειν,
3563 645 3731 713 μᾶλλον

552 733 762 780 terrere
791 734 1082 791 conantur,
1112 726 1445 796 persuadere
1496 727 1582 782 vel
1631 729 1812 798 potius
1861 727 2086 798 decipen

2211 728 2267 780 δὲ
2309 728 2615 796 φενακίζειν
2653 728 2980 800 βουλόμενοι,
3025 732 3074 783 εί
3119 731 3179 784 τὸ
3230 732 3513 799 ἀγέννητον
3542 735 3624 787 τοῦ
3657 737 3732 788 ἐπὶ

553 816 821 879 volentes,
850 818 896 871 si
928 818 1407 873 innascibilitatem
1456 818 1550 873 Dei
1588 820 1967 874 universorum
2011 835 2086 873 vol

2212 819 2425 873 πάντων
2454 819 2585 872 Θεοῦ
2617 820 2703 873 διὰ
2740 821 2838 890 τῆς
2865 822 3093 890 Πατρός
3123 824 3489 893 προσηγορίας
3502 826 3732 897 ὁμολογη-

552 908 748 962 cabulo
778 907 956 965 Patris
990 910 1285 980 significari
1313 910 1697 975 concedamus,
1729 910 1901 966 Patris
1927 909 1991 964 ad
2018 910 2086 965 Fit

2212 908 2350 980 θείη,
2386 911 2483 980 τῆς
2510 910 2645 982 πρὸς
2671 911 2760 964 τὸν
2785 912 2908 966 Υίὸν
2933 913 3167 982 σχέσεως
3194 912 3289 966 τοῦ
3317 916 3520 986 Πατρδς
3544 916 3733 986 ἀποσχί-

552 998 683 1052 lium
712 998 1085 1054 habitudinem
1116 1000 1379 1054 abolitum
1406 999 1470 1054 iri
1495 999 1520 1053 ί

2210 997 2322 1062 ζειν
2352 999 2449 1071 τὴν
2478 1001 2681 1054 ἔννοιαν
2699 1018 2714 1065 ;

624 1090 727 1145 Sed
755 1091 950 1161 puerili
982 1091 1083 1144 hac
1119 1100 1173 1145 et
1208 1089 1348 1165 futili
1383 1090 1613 1144 istorum
1647 1090 1954 1159 obiectione
1977 1104 2078 1145 con

2292 1091 2448 1145 Ἀλλὰ
2513 1092 2901 1157 διαπτύσαντες
2953 1094 3052 1165 τὴν
3104 1094 3360 1166 παιδιώδη
3407 1096 3599 1167 ταύτην
3655 1101 3732 1152 καὶ

550 1190 776 1252 tempta,
808 1180 949 1251 quod
975 1181 1101 1251 ipsi,
1132 1196 1231 1235 ceu
1267 1181 1627 1236 absurditatis
1649 1182 1891 1252 plenum,
1924 1181 2086 1252 profe'

2207 1184 2519 1237 ἐπιπόλαιον
2556 1185 2733 1238 αὐτῶν
2759 1184 3125 1254 ἐπιχείρησιν,
3178 1185 3239 1238 τὸ
3278 1186 3354 1247 ὡς
3397 1188 3582 1241 ἄτοπον
3622 1191 3729 1261 παρ’

550 1280 699 1336 runt,
730 1271 833 1324 hoc
864 1285 962 1324 nos
980 1269 1256 1338 intrepide
1284 1268 1628 1339 proﬁtemur,
1650 1270 1907 1325 nimirum
1932 1269 2086 1325 Patri

2209 1275 2432 1328 ἐκείνων
2473 1276 2873 1346 προφερόμενον
2913 1276 3175 1346 ἀνδρικῶς
3221 1277 3632 1349 ὁμολογήσομεν·
3662 1281 3729 1334 ὅτι

547 1371 603 1416 et
635 1360 967 1416 innascibilis
1010 1362 1230 1415 nomine
1262 1360 1403 1415 idem
1435 1360 1757 1429 signiﬁcari,
1789 1368 1846 1416 et
1875 1360 2086 1414 innasci

2206 1363 2301 1418 καὶ
2328 1365 2517 1418 ταύτὸν
2552 1366 2800 1434 σημαίνει
2852 1363 2927 1434 τῷ
2973 1364 3275 1431 ἀγεννήτῳ
3320 1365 3379 1417 τὸ
3417 1366 3507 1417 τοῦ
3534 1366 3729 1433 Πατρὸς

548 1455 651 1508 bile
682 1454 895 1507 Patrem
923 1468 989 1506 ex
1024 1452 1176 1505 nullo
1204 1451 1479 1520 principio
1509 1466 1631 1507 esse
1662 1452 1964 1517 declarare,
1997 1451 2086 1506 Pa-

2204 1455 2405 1525 ὄνομα,
2442 1456 2534 1509 καὶ
2577 1454 2637 1508 τὺ
2680 1455 3005 1523 ἀγέννητον
3042 1455 3103 1508 τὸ
3145 1456 3203 1521 ἐξ
3234 1455 3440 1519 οὐδενὸς
3488 1451 3615 1509 εἶναι
3654 1459 3727 1510 τὸν

546 1555 792 1613 tremque
845 1542 1123 1597 notionem
1166 1541 1445 1611 Unigeniti
1503 1541 1841 1611 conjunctim
1884 1550 2086 1613 proptel

2207 1548 2426 1617 Πατέρα
2473 1546 2764 1618 παρίστησι
2784 1563 2796 1576 '
2830 1547 2923 1599 καὶ
2952 1549 2980 1600 ό
3014 1548 3203 1618 Πατὴρ
3244 1547 3345 1617 τὴν
3374 1549 3497 1617 περὶ
3521 1548 3607 1601 τοῦ
3637 1551 3729 1602 Mo-

547 1634 921 1689 ltabitudinem
988 1632 1057 1687 ad
1127 1632 1281 1686 illum
1349 1632 1701 1688 audientibus
1762 1636 2086 1702 lngenerare.

2203 1638 2448 1706 νογενοῦς
2480 1638 2685 1691 έννοιαν
2719 1638 3073 1708 συνημμένως
3111 1637 3198 1691 διὰ
3244 1639 3343 1709 τῆς
3378 1638 3599 1708 σχέσεως
3630 1638 3727 1709 μεθ’

546 1726 756 1781 Etenim
786 1740 910 1780 cum
943 1725 1050 1779 ltoc
1082 1724 1261 1792 ipsum
1292 1724 1554 1795 magister
1598 1732 1785 1779 noster
1823 1723 2086 1795 (Basiliqu

2204 1728 2393 1784 ἑαυτοῦ
2421 1730 2744 1796 συνεισάγει.
2773 1730 2881 1781 Καὶ
2900 1728 3007 1799 γὰρ
3031 1729 3122 1782 καὶ
3138 1728 3342 1800 ταύτην
3365 1731 3727 1801 προσκειμένην

545 1831 644 1872 sua
681 1817 735 1869 in
783 1816 1147 1885 dispositione
1178 1828 1437 1885 expresse
1473 1815 1769 1885 posuisset,
1806 1829 2086 1884 generosu:

2203 1818 2281 1888 τῷ
2310 1818 2452 1889 λόγῳ
2480 1818 2573 1871 τοῦ
2604 1818 2919 1872 διδασκάλου
2953 1818 3049 1888 τὴν
3090 1820 3246 1888 ῥῆσιν
3268 1860 3281 1880 ,
3311 1820 3339 1871 ὀ
3363 1819 3525 1883 δεινός
3558 1837 3610 1872 τε
3650 1819 3727 1873 καὶ

544 1911 648 1963 iste
677 1916 730 1962 et
760 1907 996 1961 invictus
1019 1906 1274 1971 bellator,
1303 1906 1494 1959 furtim
1516 1907 1800 1976 expunxit,
1830 1906 2086 1961 ablationt

2203 1910 2413 1980 ἄμαχος
2430 1905 2582 1973 οὗτος
2602 1907 2905 1978 ἀγωνιστὴς
2924 1908 3031 1961 τῶν
3056 1910 3453 1980 γεγραμμένων
3481 1910 3724 1979 ἐξέκλεψε,

540 2012 753 2061 eorum,
780 2012 901 2066 qua:
925 2010 1054 2051 vere
1084 1996 1232 2050 dicta
1262 2003 1442 2061 erant,
1485 1995 1788 2051 faciliorem
1828 1997 1929 2052 sibi
1957 1998 2086 2050 vian

2201 2005 2266 2073 τῇ
2303 2002 2583 2073 ἀφαιρέσει
2611 2001 2719 2053 τῶν
2750 2001 3004 2070 ἀσφαλῶς
3045 2001 3348 2071 εἰρημένων
3390 1999 3726 2072 ἐξευμαρίζων

542 2088 609 2141 ad
662 2086 1051 2142 refutationem
1102 2087 1379 2141 muniens.
1426 2085 1564 2140 Nam
1616 2087 1783 2142 verba
1858 2088 2086 2144 doctori:

2202 2091 2377 2162 ἑαυτῷ
2412 2092 2510 2162 τὴν
2555 2092 2887 2162 ἀντίρρησιν.
2945 2092 3002 2145 '0
3035 2091 3132 2162 μὲν
3159 2092 3269 2161 γὰρ
3312 2091 3459 2162 παρὰ
3490 2090 3576 2144 τοῦ
3604 2092 3725 2145 διδα-

542 2178 715 2233 nostri
746 2178 820 2231 ita
848 2178 1113 2231 verbatim
1164 2177 1366 2232 habent
1405 2195 1418 2230 :
1462 2176 1571 2247 Ego
1617 2187 1792 2232 autem
1821 2180 1981 2232 etiam
2019 2181 2086 2232 in-

2203 2183 2397 2237 σκάλου
2441 2183 2624 2254 ῥηθεὶς
2656 2182 2829 2250 λόγος,
2880 2182 3077 2235 οὑτωσὶ
3114 2183 3257 2236 κατὰ
3294 2182 3391 2253 τὴν
3426 2181 3562 2249 λέξιν
3601 2183 3720 2253 ἔχει·

540 2269 697 2338 geniti
722 2284 813 2321 seu
845 2268 1178 2322 innascibilis
1227 2268 1653 2335 appellationem,
1686 2268 1922 2339 quamvis
1963 2286 2086 2324 sum

2213 2274 2350 2344 Ἐγὼ
2368 2274 2435 2327 δὲ
2454 2275 2551 2327 καὶ
2582 2274 2697 2340 τὴν
2720 2273 2824 2327 τοῦ
2845 2272 3175 2343 ἀγεννήτων
3200 2277 3609 2344 προσηγορίαν,
3629 2274 3725 2328 κᾶν

542 2374 747 2427 mopere
776 2359 1178 2428 cogitationibus
1233 2360 1426 2413 nostris
1466 2370 1741 2429 congruat,
1776 2370 1949 2416 tamen
1978 2378 2086 2431 quo-

2200 2366 2271 2419 τὰ
2296 2366 2551 2433 μάλιστα
2589 2362 2739 2432 δοκῇ
2758 2364 2885 2430 ταῖς
2904 2365 3162 2429 ἐννοίαις
3190 2363 3362 2433 ἡμῶν
3386 2365 3723 2433 συμϐαίνειν,

2198 2458 2336 2510 ἀλλ’
2361 2453 2473 2511 οὖν
2508 2456 2588 2521 ὡς
2608 2455 2870 2524 οὐδαμοῦ
2900 2454 3007 2524 τῆς
3035 2458 3085 2509 Γ
3080 2456 3284 2525 ραςρῆς
3316 2458 3607 2525 κειμένην,
3642 2456 3724 2509 καί

2198 2546 2430 2615 πρῶτον
2451 2555 2751 2615 στοιχεῖον
2779 2543 2975 2604 οὖσαν
2997 2544 3105 2615 τῆς
3124 2548 3518 2617 ,βλασφημίας
3534 2547 3722 2611 αὐτῶν,

543 2452 685 2502 niam
709 2451 855 2503 nullo
890 2450 1002 2503 loco
1019 2451 1073 2502 in
1107 2448 1387 2517 Scriptura
1426 2451 1596 2518 ipsam
1634 2452 1861 2514 invenio,
1901 2461 1951 2507 et
1968 2470 2099 2523 quo-

540 2542 685 2595 niam
722 2544 950 2610 primum
1002 2550 1080 2594 est
1129 2542 1440 2596 elementum
1471 2542 1806 2611 blasphemia
1848 2546 2094 2613 istorum,

538 2634 747 2689 silvntio
770 2633 1083 2687 tradendam
1108 2634 1294 2687 merito
1334 2632 1597 2698 duxerim,
1644 2637 1936 2705 prwsertim
1979 2653 2086 2690 cum

2198 2639 2531 2696 σιωπᾶσθαι
2569 2640 2645 2693 ἂν
2688 2639 2925 2705 δικαίως
2963 2641 3142 2703 ἀξίαν
3168 2641 3321 2694 εἶναι
3353 2642 3609 2711 φήσαιμι,
3635 2640 3725 2708 τῆς

542 2726 722 2779 Patris
747 2740 845 2779 voa:
864 2735 914 2779 et
943 2723 997 2777 id
1018 2726 1207 2793 possit,
1240 2731 1377 2794 quod
1409 2728 1649 2797 ingeniti,
1675 2736 1725 2780 et
1745 2726 1812 2780 ad
1836 2727 1888 2779 id
1912 2729 2086 2789 etiam,

2196 2730 2427 2799 Πατρός
2467 2729 2670 2798 φωνῆς
2714 2725 2851 2783 ἴσον
2899 2728 3242 2800 δυναμένης
3297 2730 3375 2796 τῷ
3423 2733 3720 2799 dra-mira),

536 2825 743 2884 propter
773 2816 1101 2882 relationem,
1136 2819 1469 2885 conjunctam
1504 2818 1606 2872 sibi
1640 2815 1776 2871 Filii
1820 2820 2086 2889 cogitatio-

2196 2822 2344 2890 πρὸς
2384 2821 2463 2885 τῷ
2501 2822 2594 2873 καί
2630 2820 2742 2887 τὴν
2779 2821 2910 2888 περὶ
2940 2820 3046 2874 τοῦ
3082 2822 3219 2876 Υίοῦ
3250 2822 3485 2876 ἔννοιαν
3525 2840 3723 2893 συνημ-

539 2926 653 2962 nem
677 2908 928 2963 adducat.
985 2908 1245 2979 Egregius
1290 2922 1419 2963 vero
1452 2908 1555 2964 iste
1593 2910 1839 2964 veritatis
1886 2925 2086 2981 propu-

2189 2911 2383 2981 μένως
2432 2908 2615 2975 ἑαυτῇ
2663 2908 2761 2962 διὰ
2796 2910 2905 2977 τῆς
2943 2911 3212 2980 σχέσεως
3259 2914 3640 2983 συνεισάγειν.
3675 2916 3724 2967 '0

537 3007 753 3070 gnator,
804 2999 857 3053 id
898 3000 1041 3070 quod
1084 3002 1313 3055 cautelae
1363 3015 1531 3056 causa
1586 3001 1855 3071 adjectum
1917 3001 2086 3056 fuerat

2192 2998 2250 3051 δὲ
2282 3001 2524 3067 γενναῖος
2553 2993 2704 3059 οὗτος
2743 2998 2840 3067 τῆς
2883 2999 3137 3069 ἀληθείας
3169 3005 3640 3076 πρωταγωνιστὴς,
3674 3004 3723 3056 τὸ

538 3090 693 3155 (illud
726 3093 969 3161 inquam,
991 3094 1281 3163 prasertim
1313 3110 1432 3148 cum
1457 3092 1638 3149 Patris
1672 3110 1772 3148 vox
1804 3095 1943 3149 idem
1972 3110 2086 3163 pos-

2200 3090 2295 3160 μὲν
2314 3087 2604 3157 ἀσφαλείας
2631 3089 2812 3142 ἕνεκεν
2836 3089 2911 3159 τῷ
2931 3090 3073 3161 λόγῳ
3094 3094 3480 3164 προσκείμενον
3501 3096 3657 3164 (λέγω
3676 3095 3721 3147 δὲ

537 3183 628 3245 sit,
656 3180 792 3253 quod
827 3147 1061 3252 ingeniti,
1090 3193 1137 3236 et
1169 3182 1236 3235 ad
1263 3184 1315 3236 id
1354 3185 1539 3247 etiam,
1576 3193 1786 3251 propter
1824 3183 1924 3236 sibi
1968 3147 2086 3236 con-

2196 3147 2286 3245 τὸ,
2319 3147 2428 3235 Καὶ
2472 3147 2598 3249 τὴν*
2622 3181 2752 3249 περὶ
2793 3147 2899 3236 tor”;
2936 3147 3067 3238 Υίοθ
3096 3147 3342 3241 ἔννοιανἶ
3368 3147 3721 3259 συνημμένως

537 3278 771 3330 iunctam
801 3275 1263 3342 relationem,Filii
1285 3277 1650 3345 cogitationem
1667 3278 1772 3330 sive
1797 3274 2086 3345 intelligen-

2196 3272 2380 3341 ἑαυτῇ
2406 3273 2503 3328 διὰ
2530 3272 2639 3341 τῆς
2670 3272 2936 3342 σχέσεως
2967 3276 3406 3349 συνεισάγειν),
3436 3280 3610 3333 τοῦτον
3640 3280 3720 3350 μὲν

538 3370 668 3421 tiam
683 3367 955 3430 adducat),
976 3366 1137 3419 insita
1167 3366 1271 3420 sibi
1299 3365 1554 3419 audentia
1576 3366 1868 3428 subtraxit,
1898 3374 1951 3419 et
1975 3380 2086 3435 per-

2196 3362 2415 3433 ὑπὸτῆς
2449 3363 2740 3431 συγγενοῦς
2774 3364 3083 3435 ἐλευθερίας
3117 3367 3385 3435 ὑφείλετο.
3415 3371 3519 3425 Καὶ
3540 3370 3721 3424 διασκέο

2193 3453 2300 3522 ψας
2341 3454 2447 3507 τῶν
2500 3455 2896 3525 γεγραμμένων
2941 3456 3030 3510 τὸν
3058 3458 3247 3527 λόγον,
3297 3464 3407 3525 τοῖς
3449 3461 3720 3523 ὑπολοίποις

2193 3546 2593 3616 συμπλέκεται·
2656 3548 2750 3600 καὶ
2802 3548 3221 3620 ἀκρωτηριάσας
3282 3552 3372 3605 τὸν
3417 3554 3592 3625 εἱρμὸν
3640 3549 3719 3605 τοῦ

2193 3636 2441 3706 σώματος
2462 3676 2475 3699 ,
2506 3638 2599 3691 καὶ
2628 3637 2702 3701 ὡς
2733 3638 2868 3709 ᾤετο
2900 3640 3219 3712 σαθρότερον
3253 3645 3423 3715 ἐαυτῷ
3443 3684 3458 3707 ,
3491 3646 3577 3698 καὶ
3608 3646 3719 3713 πρὸς

2191 3729 2288 3798 τὴν
2320 3729 2636 3801 ἀντίρρησιν
2667 3730 2982 3784 εὐεπίϐατον
3009 3736 3381 3805 καταστήσας,
3414 3736 3591 3807 ψυχρῷ
3640 3735 3716 3787 καὶ

2191 3819 2410 3891 ὰδρανεῖ
2472 3820 2552 3891 τῷ
2611 3820 2902 3890 σοφίσματι
2967 3825 3092 3887 τοὺς
3154 3825 3278 3877 καθ’
3334 3827 3515 3879 ἑαυτὸν
3564 3841 3716 3894 παρα-

2191 3909 2471 3978 κρούεται,
2499 3912 2561 3965 τὸ
2589 3912 2729 3965 κατά
2756 3929 2807 3964 τι
2838 3912 3141 3975 κοινωνοῦν,
3175 3916 3269 3967 καὶ
3296 3916 3381 3969 διὰ
3410 3916 3608 3970 πάντων
3636 3912 3718 3967 τὴν

2191 4001 2327 4055 κατὰ
2344 4002 2405 4055 τὸ
2425 4003 2817 4073 σημαινόμενον
2836 4006 3116 4060 κοινωνίαν
3132 4006 3219 4077 ἔχε
3229 4027 3279 4061 ιν
3306 4008 3713 4071 κατασκευάζων,

2189 4092 2284 4145 καὶ
2339 4090 2542 4146 τούτων
2607 4092 2705 4163 τὴν
2768 4094 3076 4148 ἐπιπόλαιον
3138 4098 3307 4167 ἀκοὴν
3373 4098 3713 4168 συναρπάζων,

2202 4184 2386 4253 Ἦμῶν
2418 4186 2526 4255 γὰρ
2558 4185 2699 4239 κατά
2744 4203 2797 4238 τι
2839 4188 3231 4258 σημαινόμενον
3275 4193 3372 4263 τὴν
3410 4192 3498 4245 τοῦ
3534 4189 3717 4258 Πατρὸς

2189 4275 2485 4344 εἰρηκότων
2517 4275 2728 4346 φωνὴν,
2769 4277 2863 4329 καὶ
2890 4277 2989 4348 τὴν
3026 4279 3120 4331 τοῦ
3151 4281 3441 4355 ἀγεννήτου
3473 4281 3714 4353 σημασίαν

2189 4366 2551 4435 παρέχεσθαι,
2587 4362 2739 4429 οὗτος
2785 4367 2884 4438 τὴν
2935 4369 3166 4441 παντελῆ
3206 4371 3303 4425 τοῦ
3351 4371 3711 4443 σημαινομένου

536 3467 721 3527 specta
738 3471 949 3521 eorum,
966 3471 1085 3525 quae
1103 3455 1246 3510 dicta
1260 3463 1440 3518 erant,
1461 3456 1695 3521 ratione,
1714 3471 1839 3510 cum
1864 3457 2094 3524 reliquis

536 3549 885 3620 digladiatur,
904 3555 958 3603 et
987 3548 1235 3601 mutilata
1270 3548 1517 3616 corporis
1541 3546 1704 3607 serie.
1737 3556 1904 3616 utque
1939 3546 2090 3600 arbi-

534 3649 732 3703 tratur,
754 3639 820 3693 ad
834 3639 1215 3694 refutationem
1247 3638 1453 3707 aptiore
1468 3646 1523 3692 et
1545 3638 1869 3707 procliviore
1884 3638 1969 3690 via
1989 3636 2093 3691 sibi

535 3728 827 3799 patefacta,
872 3727 1075 3798 frigido
1098 3737 1148 3782 et
1172 3728 1398 3781 inlirmo
1434 3730 1769 3798 sophismate
1798 3735 2093 3782 sectatores

535 3834 667 3874 suos
696 3819 1077 3879 circumvenit.
1102 3818 1485 3872 demonstrare
1509 3818 1717 3880 volens,
1753 3816 1908 3879 illud,
1948 3817 2091 3886 quod

533 3910 834 3965 secundum
852 3908 1053 3979 aliquid
1067 3908 1505 3963 communionem
1533 3908 1889 3974 habet,etiam
1925 3908 2091 3963 totius

533 4002 827 4075 signiﬁcati
858 4001 1295 4056 communionem
1326 4001 1543 4063 habere,
1588 4001 1670 4055 sic
1699 4001 1846 4055 leves
1867 4016 2089 4057 suorum

533 4110 697 4149 aures
729 4094 832 4149 sibi
862 4092 1184 4147 concilians.
1221 4092 1355 4146 Cum
1407 4092 1552 4145 enim
1600 4106 1703 4145 nos
1738 4093 2088 4154 dixissemus,

534 4186 838 4241 secundum
861 4183 1083 4253 aliquod
1100 4183 1495 4253 significatum,
1521 4183 1700 4240 Patris
1723 4198 1908 4238 vocem
1928 4186 2088 4237 etiam

534 4277 762 4347 ingeniti
788 4275 1244 4346 signiﬁcationem
1288 4276 1509 4340 habere,
1534 4275 1640 4330 iste
1664 4274 1960 4343 perfectam
2014 4275 2089 4327 si-

534 4368 771 4437 gnificati
797 4366 1265 4435 participationem
1286 4380 1313 4418 a
1338 4376 1599 4421 consueta
1628 4367 1903 4419 nominum
1930 4380 2090 4419 usur-

538 4460 756 4529 patione
811 4458 1126 4522 instituens,
1152 4458 1509 4512 assertionem
1550 4466 1789 4511 nostram
1836 4457 2086 4510 absurdi-

2193 4456 2490 4527 μετάληψιν
2518 4458 2624 4510 άπὸ
2655 4458 2750 4527 τῆς
2795 4457 3055 4529 συνήθους
3106 4460 3214 4514 τῶν
3261 4462 3529 4532 ὀνομάτων
3564 4460 3713 4530 ἐμφά-

533 4550 662 4604 tatis
694 4549 902 4602 scilicet
936 4548 1139 4617 arguit.
1186 4548 1344 4616 quasi
1382 4562 1489 4601 non
1538 4549 1773 4616 amplius
1800 4545 1980 4601 Patris
2018 4546 2084 4600 ad

2191 4564 2325 4610 σεως
2349 4548 2733 4618 ποιησάμενος,
2761 4549 2840 4610 είς
2867 4549 3064 4602 ἄτοπον
3090 4551 3246 4620 δῆθεν
3275 4552 3513 4607 ἐκϐάλλει
3540 4552 3621 4605 τὸν
3642 4549 3712 4601 λό-

533 4640 728 4695 Filium
765 4638 1025 4692 habitudo
1058 4638 1159 4691 hac
1202 4639 1560 4707 appellatione
1604 4637 1896 4702 indicetur,
1939 4640 1984 4692 si
2010 4638 2086 4691 in-

2188 4639 2387 4707 γον,ὼς
2402 4639 2584 4692 οὐκέτι
2608 4638 2707 4708 τὴν
2732 4638 2865 4709 πρὸς
2892 4639 2980 4693 τὸν
3002 4640 3127 4692 Υίδν
3155 4642 3333 4711 σχέσιν
3348 4644 3443 4712 τῆς
3472 4654 3712 4712 προσηγο-

532 4729 697 4799 geniti
727 4729 879 4782 notio
910 4744 1004 4799 per
1030 4744 1152 4783 cum
1187 4744 1307 4783 sese
1347 4730 1507 4783 nobis
1538 4730 1812 4784 exhibeat.
1850 4729 2086 4784 Perinde

2191 4732 2309 4803 ρίας
2335 4730 2535 4799 ταύτης
2563 4729 2988 4800 ἐνδεικνυμένης,
3005 4734 3052 4783 εἰ
3085 4734 3175 4785 καὶ
3208 4732 3267 4784 τὸ
3297 4732 3387 4785 τοῦ
3415 4730 3712 4800 arar-nitet)

530 4836 595 4874 ac
617 4822 664 4875 si
692 4820 837 4889 quis.
867 4819 934 4874 de
962 4834 1099 4889 pane
1121 4821 1257 4874 duas
1295 4820 1539 4874 rationes
1570 4821 1816 4884 edoctus,
1856 4822 2081 4883 diceret,

2188 4822 2360 4890 νόημα
2383 4820 2469 4872 διὰ
2497 4819 2682 4873 τούτου
2726 4820 3064 4890 ἐσημαίνετο.
3104 4822 3313 4892 Ὥσπερ
3346 4822 3411 4876 ἂν
3439 4823 3490 4874 εἴ
3520 4837 3595 4884 τις
3634 4818 3713 4871 δύο

531 4913 685 4966 illum
713 4929 777 4966 ex
810 4912 1080 4966 frumento
1130 4920 1408 4973 constare,
1457 4919 1511 4965 et
1536 4912 1838 4967 comedenti
1889 4914 2085 4967 alimoo

529 5004 673 5057 niam
706 5004 984 5072 praebere;
1019 5005 1157 5058 alius
1189 5012 1368 5059 autem
1399 5013 1589 5057 contra
1633 5006 1887 5059 obnitens
1912 5021 2081 5074 ogge-

530 5101 693 5155 rerct,
743 5093 991 5147 eumdem
1024 5108 1247 5161 prorsus
1280 5094 1676 5162 scphismatum
1711 5094 1929 5147 modum
1986 5095 2084 5147 ad-

528 5183 746 5245 hibens,
801 5183 961 5236 aliam
1002 5198 1121 5238 esse
1156 5184 1422 5239 rationem
1472 5184 1613 5252 ejus,
1655 5184 1799 5254 quod
1858 5200 1923 5239 ex
1970 5184 2082 5238 [ιιι-

528 5282 711 5329 mento
746 5276 1102 5329 constitutum
1127 5283 1231 5338 cst,
1254 5284 1311 5327 et
1331 5275 1492 5327 aliam
1520 5275 1859 5331 nutrimenti.
1888 5274 1945 5329 Si
1982 5276 2083 5345 igi-

525 5375 617 5419 tur
644 5366 837 5421 demus
889 5378 1080 5433 panem
1134 5380 1201 5417 ex
1253 5363 1527 5419 frumento
1577 5364 1886 5419 confectum
1934 5380 2077 5427 csse,

525 5471 634 5510 non
671 5456 869 5526 poterit
907 5455 1142 5523 amplius
1174 5455 1495 5508 alimentum
1527 5454 1822 5509 nominari.
1866 5454 2076 5510 Similis

527 5562 748 5617 prorsus
776 5555 859 5601 est
879 5560 1075 5603 sensus
1094 5546 1417 5599 Eunomiani
1438 5545 1759 5615 syllogismi.
1791 5545 2039 5599 Aitenim
2062 5564 2075 5599 :

530 5638 584 5696 Si
616 5638 895 5705 ingenitum
927 5653 1014 5691 seu
1049 5637 1359 5691 innascibile
1412 5636 1661 5690 vocabulo
1685 5634 1868 5690 Patris
1908 5637 2077 5707 signi-

524 5731 733 5797 ficatur,
760 5746 863 5782 non
906 5730 1093 5797 poterit
1124 5728 1347 5797 amplius
1378 5729 1440 5783 ab
1480 5728 1655 5783 eodem
1703 5729 1956 5783 vocabulo
1995 5730 2073 5783 si-

2187 4912 2393 4973 ὲννοίας
2414 4910 2655 4980 περὶτοῦ
2680 4911 2842 4980 ἄρτου
2878 4910 3084 4980 μαθὼν,
3114 4912 3195 4964 ὅτι
3223 4929 3281 4963 τε
3305 4912 3410 4965 άπὸ
3436 4913 3572 4965 σίτου
3607 4926 3712 4961 συνο

2185 5002 2401 5072 έστηκε,
2443 5001 2535 5054 καὶ
2559 5002 2641 5054 ὅτι
2672 5002 2844 5072 τροφὴ
2864 5001 2941 5071 τῷ
2964 5003 3227 5073 χρωμένῳ
3253 5004 3478 5070 γίνεται,
3513 5001 3710 5072 μάχοιτο

2183 5094 2319 5163 πρὸς
2347 5092 2437 5144 τὸν
2468 5092 2711 5161 λέγοντα,
2744 5092 2822 5162 τῷ
2849 5092 3018 5163 ὁμοίῳ
3047 5095 3229 5164 τρόπῳ
3257 5094 3363 5146 τῶν
3395 5093 3709 5163 σοφισμάτων

2184 5186 2303 5240 κατ’
2350 5185 2511 5237 αὑτοῦ
2558 5184 2868 5256 χρώμενος,
2901 5186 2982 5238 ὅτι
3028 5186 3183 5250 ἄλλος
3213 5188 3369 5256 λόγος
3395 5187 3504 5240 ἐστὶ
3543 5185 3630 5253 τῆς
3656 5184 3709 5234 ὲκ

2182 5276 2274 5329 τοῦ
2303 5274 2448 5327 σίτου
2471 5274 2796 5338 συστάσεως,
2828 5276 2921 5328 καὶ
2942 5278 2969 5329 ό
2992 5277 3089 5345 τῆς
3113 5278 3318 5347 τροφῆς
3347 5278 3499 5331 πάλιν
3527 5276 3705 5343 ἕτερος.

2181 5366 2245 5419 Εἰ
2274 5361 2366 5418 οὖν
2397 5364 2609 5435 δοθείη,
2639 5365 2701 5419 τὸ
2730 5368 2793 5418 ἐκ
2830 5363 2922 5418 τοῦ
2964 5367 3109 5420 σίτου
3141 5363 3279 5420 εἶναι
3311 5369 3401 5420 τὸν
3431 5369 3598 5436 ἄρτον,
3629 5362 3705 5414 οὐ·

2182 5457 2297 5511 κέτι
2330 5456 2460 5510 αὐτὸ
2501 5456 2657 5510 τοῦτο
2704 5457 2796 5511 καὶ
2826 5456 2997 5528 τροφὴ
3048 5458 3243 5529 κυρίως
3290 5456 3702 5526 ὀνομασθήσεται.

2182 5548 2415 5619 Τοιαύτη
2447 5548 2539 5600 τοῦ
2572 5548 2928 5620 συλλογισμοῦ
2953 5552 2985 5620 ἡ
3018 5549 3238 5603 διάνοια.
3268 5552 3333 5602 Εἰ
3354 5548 3457 5618 γὰρ
3479 5546 3538 5599 τὸ
3558 5541 3703 5613 ἀγέν-

2181 5655 2383 5705 νητον,
2417 5638 2611 5707 φησὶν,
2652 5639 2769 5692 ὑπὸ
2804 5639 2913 5707 τῆς
2939 5639 3045 5693 τοῦ
3076 5639 3303 5707 Πατρός
3338 5631 3695 5704 προσηγορία(

2181 5730 2560 5801 σημαίνεται,
2591 5730 2788 5786 οὐκέτι
2829 5730 2894 5783 τὸ
2932 5731 3344 5801 γεγεννηκέναι
3386 5728 3486 5783 τὸν
3526 5724 3643 5778 Υὶών
3670 5720 3700 5773 1'!
