3922 6470
178 351 261 411 ιεπ

1237 355 1533 411 'CONTRA
1572 355 1960 422 EUNOMIUM,
2000 358 2128 414 LIB.
2165 362 2208 413 l.

3246 369 3349 426 4‘28

174 467 308 537 φωνὴ
336 466 469 535 αὕτη
506 468 887 537 παρίστησιν.
934 471 1071 524 Ἀλλ’
1122 471 1377 545 εὐκαιρον
1407 474 1536 536 ἴσως
1580 471 1676 543 τὴν

1782 473 2044 542 guiﬁcari,
2079 474 2217 544 quod
2254 472 2416 527 Pater
2452 474 2689 544 genuerit
2726 472 2943 529 Filium.
2997 473 3104 532 Sed
3148 477 3351 537 fortas-

176 559 338 629 σεμνὴν
374 559 575 629 ἐκείνην
615 560 711 614 τοῦ
738 562 911 615 κώλου
942 562 1187 637 περίοδον
1230 565 1324 617 καὶ
1370 564 1497 635 παρ’
1526 564 1681 635 ἡμῶν

176 650 423 719 ἐπαχθῆναι
463 651 535 720 τῷ
564 653 859 726 λεγομένῳ.
907 657 1111 728 Πρέπει
1144 656 1253 726 γὰρ
1281 658 1394 719 τοῖς
1421 655 1682 718 τοιούτοις

175 744 344 805 παντως
372 743 583 797 τοιαῦτα
606 759 620 774 '
658 746 740 799 ὅτι
778 748 937 800 πλέον
968 749 1034 801 ἂν
1058 748 1219 817 ἔσχεν
1253 747 1388 817 πρὸς
1416 747 1475 800 τὸ
1507 746 1681 800 δοκεῖν

174 836 444 901 σωφρονεῖν,
493 836 541 887 εί
596 838 851 890 παντελεί
901 842 1076 909 σιωπῇ
1127 838 1327 907 ταύτην
1378 837 1541 907 ὥρισε
1584 837 1681 905 τὴν

169 922 430 989 ἀσφάλειαν.
454 920 522 995 Ὦ
548 926 651 997 γὰρ
686 929 720 996 ἡ
754 928 1039 999 προσθήκη
1063 928 1171 981 τῶν
1200 928 1371 997 λόγων
1402 929 1481 990 είς
1516 943 1683 997 προσ-

169 1012 304 1081 θήκην
341 1013 476 1065 τελεῖ
524 1015 904 1089 βλασφημίας,
953 1019 1155 1090 μᾶλλον
1196 1018 1253 1072 δὲ
1290 1018 1393 1088 τῆς
1448 1019 1682 1088 ἐσχάτης

166 1102 335 1167 ἀνοίας,
374 1103 541 1174 τούτῳ
587 1107 648 1159 τὸ
677 1110 853 1179 σιγᾷν,
879 1110 977 1180 οὐχ
1002 1110 1191 1180 ἡμίσει
1225 1108 1412 1181 μέρει,
1442 1109 1577 1162 ἀλλὰ
1603 1108 1681 1177 τῷ

166 1192 289 1244 παντὶ
312 1193 395 1246 τοῦ
426 1194 602 1249 λαλεῖν
631 1199 747 1250 ἐστι
774 1199 1120 1269 κουφότερον.

214 1368 337 1436 Τάχα
355 1368 413 1421 ἄν
438 1386 519 1431 τις
548 1371 747 1440 μᾶλλον
777 1373 843 1427 ὲκ
865 1374 970 1426 τῶν
994 1374 1115 1428 καθ’
1140 1374 1330 1427 ἑαυτὸν
1356 1373 1681 1445 προσάγοιτο

165 1460 263 1528 πρὸς
289 1459 375 1528 τὴν
400 1460 505 1511 τῶν
549 1463 858 1532 λεγομένων
891 1465 1169 1535 ἀλήθειαν.
1212 1465 1322 1518 Καὶ
1353 1466 1417 1536 δὴ
1459 1465 1680 1519 καταλι-

1786 558 1864 611 sis
1895 558 2035 611 haud
2064 560 2501 629 intempestivum
2540 561 2723 626 fuerit,
2785 578 3005 631 gravem
3042 564 3192 620 illam
3244 570 3351 625 coli

1783 650 2062 717 periodum
2118 650 2172 704 in
2216 651 2394 720 ipsius
2434 652 2679 706 auctoris
2710 660 2872 721 caput
2907 668 2935 707 a
2968 655 3131 709 nobis
3174 666 3351 712 retor-

1781 741 1956 808 queri.
1985 739 2134 794 Talia
2183 743 2327 795 enim
2360 743 2497 797 tales
2537 743 2762 797 omnino
2794 744 3007 807 decent,
3058 748 3186 816 quia
3226 749 3349 818 plus

1782 829 2081 898 adiumenti
2113 832 2179 885 ad
2213 833 2384 887 sobrii
2418 833 2659 888 hominis
2706 834 3168 890 existimationem
3205 852 3349 891 com-

1781 922 2081 990 parandam
2112 922 2416 987 habuisset,
2449 925 2493 979 si
2536 925 2696 993 pleno
2715 926 2935 981 silentio
2972 926 3079 981 sibi
3125 927 3348 983 consul-

1782 1020 1898 1064 tum
1923 1013 2129 1067 ivisset.
2156 1014 2256 1067 Cui
2311 1017 2454 1070 enim
2481 1017 2769 1071 verborum
2802 1018 3007 1072 additio
3041 1016 3253 1074 confert
3278 1020 3347 1074 ad

1780 1102 2249 1172 blasphemiaa,vcl
2296 1107 2475 1175 potius
2509 1108 2577 1161 ad
2614 1115 2875 1162 extremae
2919 1108 3212 1164 dementia:
3243 1110 3342 1164 ad-

1779 1193 2060 1258 ditionem,
2090 1196 2215 1250 huic
2255 1212 2362 1250 non
2391 1198 2566 1252 solum
2610 1198 2776 1254 silere
2808 1199 3008 1262 media,
3064 1202 3158 1256 sed
3191 1202 3343 1256 omni

1778 1296 1845 1335 ex
1883 1291 2034 1348 parte
2057 1292 2141 1338 est
2176 1281 2413 1347 facilius,
2445 1302 2609 1354 quam
2642 1287 2815 1357 loqui.

1850 1371 2014 1425 Forte
2046 1374 2319 1442 quispiam
2358 1378 2530 1447 magis
2560 1376 2627 1430 ab
2660 1362 2779 1448 ipso
2827 1377 3092 1434 Eunomio
3132 1380 3349 1435 desum-

1779 1462 1888 1531 ptis
1908 1465 2172 1533 exemplis
2206 1465 2270 1519 ad
2306 1468 2588 1522 veritatem
2633 1469 3065 1537 amplectendam
3124 1487 3346 1541 promo-

165 1551 310 1611 πὸντες
349 1550 404 1602 τὸ
459 1554 953 1625 κατηγκυλωμένον
1008 1555 1107 1626 τῆς
1162 1556 1270 1610 τῶν
1330 1556 1676 1626 σοφισμάτων

1780 1556 2011 1609 vehitur.
2042 1555 2228 1627 Itaque
2262 1559 2466 1614 relictis
2502 1561 2726 1615 tumidis
2786 1570 2839 1615 et
2874 1566 3138 1617 tortuosis
3170 1563 3343 1634 syllo-

163 1642 350 1711 πλοκῆς,
400 1644 812 1717 ίδιωτικὼτερόν
851 1664 910 1700 τε
956 1648 1050 1701 καὶ
1077 1648 1381 1719 κοινότερον
1428 1648 1556 1719 περὶ
1586 1647 1676 1701 τοῦ

1780 1646 2072 1716 gismorum
2103 1651 2354 1712 nexibus,
2387 1652 2655 1722 pinguiori
2685 1652 2946 1717 Minerva,
2976 1669 3043 1707 ex
3063 1655 3343 1709 communi

163 1735 462 1805 προκειμένου
510 1736 905 1808 διαλεξώμεθα.
962 1738 1019 1792 '0
1083 1738 1173 1802 σὸς
1213 1739 1433 1812 Πατὴρ,
1467 1734 1512 1791 ὦ
1570 1738 1676 1791 Εὐ-

1781 1752 1967 1799 sensu.
1997 1737 2063 1793 de
2101 1742 2383 1810 proposito
2416 1750 2737 1811 argumento
2772 1743 3131 1799 disseramus.
3182 1742 3344 1799 Pater

164 1828 292 1893 νόμιε,
326 1826 528 1890 πάντως
556 1828 847 1899 ἄνθρωπος
865 1825 931 1900 ἦν
952 1845 967 1860 ο
998 1830 1112 1883 ἀλλ’
1152 1831 1181 1883 ὁ
1212 1828 1374 1892 αὐτὸς
1401 1824 1552 1892 οὗτος
1584 1830 1676 1883 καὶ

1780 1836 1927 1895 tuus,
1961 1828 2214 1895 Eunomi,
2243 1832 2467 1886 omnino
2497 1832 2660 1887 homo
2687 1842 2804 1889 erat
2830 1853 2844 1901 ;
2875 1842 2929 1888 at
2959 1836 3049 1890 ille
3088 1836 3210 1906 ipse
3240 1836 3343 1889 tibi

163 1919 219 1966 σοὶ
247 1915 323 1967 τοῦ
372 1912 505 1970 εἶναι
551 1919 781 1986 γέγονεν
818 1920 1007 1982 αἴτιος.
1058 1913 1184 1990 'Ap‘
1217 1915 1310 1973 οὖν
1353 1920 1569 1990 ἐχρήσω
1600 1918 1677 1990 τῷ

162 2006 271 2075 ποτῷ
296 2007 486 2076 τούτῳ,
533 2010 635 2062 καὶ
673 2009 760 2062 ἐπ’
794 2009 1020 2075 ἐκείνου,
1049 2008 1190 2063 ὥστε
1222 2009 1313 2063 τὸν
1342 2009 1553 2079 πατέρα
1583 2008 1677 2061 τὸν

160 2099 248 2163 σὺν,
272 2103 312 2153 εί
344 2102 428 2153 τὸν
458 2102 558 2173 τῆς
598 2102 818 2173 φύσεως
846 2104 1071 2175 ὁρισμὸν
1101 2104 1336 2175 δέχοιτο,
1374 2103 1463 2157 διὰ
1486 2104 1547 2156 τὸ
1581 2104 1675 2158 ἄν-

158 2191 325 2259 θρωπος
346 2190 508 2260 εἶναι,
550 2196 753 2265 μηκέτι
800 2197 1056 2250 δύνασθαι
1088 2196 1188 2267 τὴν
1233 2196 1368 2268 πρὸς
1400 2195 1461 2248 σὲ
1492 2195 1675 2266 σχέσιν

158 2286 494 2354 ἀποσημαίνειν
515 2304 531 2351 ;
554 2289 770 2357 Χρῆναι
792 2290 899 2359 γὰρ
920 2290 1136 2352 πάντως
1150 2289 1259 2342 τῶν
1278 2288 1372 2342 δύο
1391 2288 1450 2342 τὸ
1466 2288 1672 2360 ἕτερον,

158 2374 441 2445 ἢᾶνθρωπον
466 2373 635 2441 εἶναι,
675 2380 707 2451 ἦ
743 2380 1005 2451 Εὐνομίαν
1031 2381 1260 2452 πατέρα.
1294 2376 1427 2433 Εἶτα
1464 2380 1546 2432 σοὶ
1578 2380 1675 2449 μὲν

155 2468 224 2519 vix
244 2468 395 2532 ἔξεο-τι
431 2470 505 2541 μὴ
551 2471 692 2525 κατὰ
735 2471 795 2524 τὸ
840 2475 1034 2525 οἰκεῖον
1066 2473 1161 2543 τῆς
1202 2471 1476 2542 σημασίας
1509 2487 1677 2541 προσ-

155 2557 358 2626 φέρεσθαι
387 2560 452 2613 τὰ
476 2561 593 2613 τῶν
616 2561 833 2614 οἰκείων
858 2561 1115 2632 ὀνόματα.
1152 2560 1312 2613 Ἀλλὰ
1338 2560 1442 2614 κᾶν
1464 2557 1676 2630 ὐδρεως

153 2648 336 2717 γρῶψαιὸ
378 2669 497 2705 τινα
542 2653 635 2705 τὸν
675 2652 1039 2722 χλευαστικῶς
1073 2654 1150 2716 είς
1196 2653 1287 2717 σὲ,
1316 2652 1405 2705 διὰ
1434 2650 1535 2721 τῆς
1564 2650 1673 2704 τῶν

151 2741 373 2812 ὀνομάτων
400 2744 750 2814 ὐπαλλαγῆς,
784 2744 1153 2807 διαπαίζοντα.
1179 2744 1243 2798 οὐ
1286 2744 1548 2815 φρίττειςο
1580 2743 1674 2796 καὶ

151 2832 357 2901 ἰιαγελὼν
385 2836 452 2890 τὰ
478 2837 733 2906 δόγματα
763 2835 870 2889 τῶν
899 2836 1230 2907 μυστηρίων.
1261 2833 1556 2895 ἀκινδύνως
1582 2850 1674 2902 γε·

235 2936 248 2983 ;
284 2922 360 2985 Ὧς
381 2924 484 2994 γὰρ
506 2926 543 2977 ὁ
568 2922 659 2986 σὸς
680 2922 890 2995 πατὴρ.
916 2924 1010 2976 καὶ
1046 2924 1144 2995 τὴν
1160 2923 1295 2994 πρὸς
1319 2923 1379 2977 σὲ
1405 2923 1672 2976 δείκνυσιν

148 3010 414 3082 οἰκειότητα,
442 3014 547 3065 καί⁵
582 3014 646 3066 τὺ
680 3013 962 3084 ἄνθρωπος
1000 3009 1141 3067 εἶναι
1171 3013 1323 3067 οὐδὲν
1366 3013 1454 3067 διὰ
1483 3013 1672 3066 τούτου

151 3097 395 3151 uilis-.m-
441 3102 543 3154 καὶ
591 3101 692 3154 οὐκ
736 3102 803 3155 ἄν
840 3119 923 3165 τις
957 3101 1404 3172 σωφρονούντων,
1430 3102 1551 3156 ἀντὶ
1578 3102 1670 3155 τοῦ

152 3188 315 3260 πατέρα
340 3208 427 3244 σου
456 3194 783 3261 προσειπεῖν
810 3192 902 3247 τὸν
928 3195 1285 3265 γεννήσαντα,
1316 3195 1344 3246 ὁ
1374 3193 1430 3246 δὲ
1458 3193 1550 3247 τοῦ
1577 3193 1671 3246 ἀν-

150 3276 317 3345 θρώπου
360 3282 449 3335 τὸν
496 3282 732 3354 ὁρισμὸν
782 3283 1045 3355 ἀποδοίηο
1110 3284 1143 3355 ἢ
1195 3283 1357 3337 πάλιν
1404 3283 1533 3354 περὶ
1578 3282 1672 3335 τοῦ

150 3369 294 3433 ’ξένους
336 3374 653 3444 ἐρωτηθεὶς,
697 3374 791 3428 καὶ
820 3376 1153 3447 ὁμολογήσας
1187 3376 1247 3430 τὸ
1279 3373 1418 3430 εἶναι
1463 3375 1669 3448 ἇνθρωυ

152 3477 237 3522 τιν,
264 3464 559 3518 κωλύεσθαι
600 3465 766 3534 λέγοι,
792 3465 879 3519 διὰ
907 3467 1007 3537 τῆς
1038 3467 1326 3538 ὁμολογίας
1364 3467 1586 3536 ταύτης,
1616 3468 1675 3520 τὸ

150 3554 217 3604 καὶ
240 3556 316 3608 σοῦ
342 3558 498 3613 αὐτὸν
524 3554 667 3613 εἶναι
695 3558 904 3632 πατέρα
924 3574 937 3587 ·
968 3557 1140 3622 οὕτως
1159 3559 1253 3612 ἐπὶ
1287 3557 1380 3611 τοῦ
1407 3557 1540 3611 Θεοῦ
1566 3557 1674 3613 τῶν

148 3645 271 3714 ὅλων,
304 3653 329 3703 ὁ
360 3652 456 3721 μὲν
495 3651 754 3722 εὐσεϐὴς,
796 3652 972 3704 καὶτὸ
1009 3651 1317 3721 ὰγεννήτως
1345 3650 1505 3702 αὐτὸν
1534 3646 1674 3703 εἶναι

152 3740 474 3809 σημαίνεσθαι,
517 3742 611 3795 διὰ
654 3743 754 3811 τῆς
785 3742 1158 3812 προσηγορίας
1184 3740 1277 3794 τοῦ
1316 3740 1528 3810 Πατρὸς
1575 3740 1675 3793 οὐκ

147 3830 421 3901 ἀρνήσεται,
452 3834 557 3887 καὶ
598 3834 696 3905 τὴν
741 3834 877 3904 πρὸς
912 3832 1005 3886 τὸν
1036 3832 1164 3885 Υίδν
1209 3833 1512 3900 οἰκειότητα
1552 3830 1673 3884 καθ’

147 3923 289 3993 ἕτερον
312 3927 679 3981 ἐνδείκνυσθαι
720 3926 1135 3996 σημαινόμενον.
1176 3925 1235 3979 '0
1272 3924 1329 3977 δὲ
1358 3922 1673 3991 καταγελῶν

146 4015 218 4085 τῆς
250 4018 524 4089 ἀληθείας,
551 4020 733 4073 οὐκέτι
766 4019 824 4072 τὸ
869 4018 1254 4087 γεγεννηκέναι
1286 4016 1376 4070 τὸν
1418 4016 1543 4069 Υίὸν
1574 4016 1674 4086 τὴν

149 4107 214 4159 τοῦ
237 4110 425 4180 Πατρδς
458 4111 836 4183 προσηγορίαν
862 4111 1008 4178 λέγει
1035 4110 1339 4181 σημαίνειν,
1367 4109 1460 4161 ἐὰν
1486 4108 1580 4161 καὶ
1614 4106 1676 4160 τὸ

145 4191 386 4267 ἀγέννητον
423 4193 569 4252 εἶναι
594 4198 684 4252 διὰ
706 4198 805 4268 τῆς
823 4197 992 4268 αὐτῆς
1021 4198 1202 4267 φωνῆς
1221 4196 1599 4252 διδασκόμεθα.

1699 3160 1740 3215 C

196 4458 293 4511 Ἔτι
318 4460 369 4515 δὲ
401 4462 499 4516 καὶ
524 4462 683 4516 τοῦτο
705 4462 840 4530 πρὸς
884 4462 1104 4532 ἔλεγχον
1137 4462 1233 4532 τῆς
1259 4462 1368 4515 τῶν
1397 4461 1672 4534 ῥηθέντων
1704 4496 1747 4550 D

145 4548 321 4617 itania;
357 4555 879 4627 ωμπαραλάὸωμεν
905 4572 918 4584 ·
949 4556 1084 4625 ὅπερ
1118 4553 1309 4606 οὐδένα
1340 4552 1482 4622 φημὶ
1506 4591 1521 4616 ,
1550 4552 1670 4605 οὐδὲ

144 4640 220 4693 τῶν
247 4646 429 4717 κομιδῇ
455 4646 668 4716 νηπίων
693 4647 797 4699 ὑπὸ
816 4648 1205 4716 γραμματιστῇ
1224 4645 1317 4699 καὶ
1339 4642 1671 4713 παιδαγωγῷ

144 4731 243 4798 πρὸς
306 4735 400 4805 τὴν
470 4735 836 4805 ὀνομαστικὴν
897 4734 1242 4805 τεχνολογίαν
1310 4734 1668 4807 ὲναγόμενον.

144 4822 329 4886 ἀγνοεῖν.
370 4827 469 4890 Τίς
500 4826 609 4897 γὰρ
632 4827 733 4880 οὐκ
754 4824 893 4881 οἶδεν
924 4827 1005 4880 ὅτι
1034 4826 1139 4880 τῶν
1159 4826 1441 4897 ὀνομάτων
1471 4826 1539 4879 τὰ
1572 4826 1669 4896 μὲν

144 4912 339 4970 ἀπόλυτά
360 4934 418 4970 τε
444 4919 543 4970 καὶ
574 4917 806 4987 ἄσχετα,
840 4917 909 4969 τὰ
935 4916 991 4969 δὲ
1019 4915 1153 4987 πρὸς
1178 4933 1299 4969 τινα
1327 4916 1511 4985 σχέσιν
1543 4915 1671 4969 ὼνο-
1704 4968 1705 4971 η

143 5007 346 5073 μασμένα
368 5008 553 5073 ἐστίνς
584 5006 772 5059 Αὐτῶν
793 5007 848 5060 δὲ
877 5005 1077 5059 τούτων
1109 5006 1269 5059 πάλιν
1291 5005 1440 5059 ἐστιν
1462 5006 1501 5058 ἆ
1531 5005 1673 5059 κατὰ

140 5096 209 5164 τὴν
232 5098 331 5154 τῶν
360 5100 661 5171 χρωμένων
689 5097 941 5170 βούλησιν
971 5098 1284 5169 ὲπιρῤεπῶς
1317 5097 1452 5168 πρὸς
1482 5099 1670 5151 ἑκάτεο

142 5207 208 5255 ρον
240 5196 383 5263 ἔχει·
431 5193 469 5247 ἃ
516 5193 601 5262 ἐφ’
654 5193 863 5247 ἑαυτῶν
909 5194 1006 5263 μὲν
1044 5192 1310 5262 λεγόμενα
1340 5191 1437 5262 τὴν
1493 5192 1670 5262 ἁπλῆν

140 5281 429 5339 ἐνδείκνυται
462 5286 712 5355 δύναμιν,
757 5285 1151 5356 μετατιθέμενα
1184 5286 1241 5339 δὲ
1276 5282 1534 5351 πολλάκις
1562 5285 1670 5339 τῶν

138 5373 242 5438 Vpb;
273 5393 321 5427 τι
354 5376 584 5444 γίνεται.
620 5377 730 5429 Καὶ
760 5377 847 5428 ἵνα
864 5376 945 5446 μή
969 5392 1022 5429 τι
1084 5376 1272 5448 πόρρω
1306 5375 1415 5429 τῶν
1452 5393 1672 5447 προκει-

139 5462 280 5527 μένων
308 5468 667 5538 ὐποδείγμασι
696 5468 977 5539 χρώμενος
1012 5468 1339 5538 ὲπιμηκύνω
1370 5468 1461 5522 τὸν
1490 5469 1667 5536 λόγον,

135 5547 179 5612 ἐξ
212 5555 382 5607 αὐτῶν
415 5556 521 5609 τῶν
551 5557 858 5628 δογμάτων,
908 5557 937 5610 ὃ
969 5557 1133 5626 λέγω,
1184 5556 1664 5629 σαφηνισθήσεται.

198 5733 251 5788 '0
280 5736 434 5799 Θεὸς,
466 5739 554 5791 καὶ
598 5738 789 5810 Πατὴρ
810 5779 823 5801 ,
872 5742 963 5793 καὶ
1008 5740 1255 5810 βασιλεὺς
1282 5740 1496 5810 λέγεται
1521 5779 1535 5803 ,
1577 5742 1670 5793 καὶ

312 5833 582 5897 Ρλτιιοιη
632 5836 747 5895 Gn.
790 5836 967 5896 XLV.

1778 1930 1839 1974 ut
1867 1936 2041 1988 esses,
2068 1937 2235 1978 causa
2261 1925 2493 1979 exstitit.
2520 1924 2660 1980 Num
2704 1935 2758 1981 et
2788 1925 2856 1982 de
2899 1926 2994 1983 illo
3029 1937 3249 1983 acutum
3281 1929 3345 1982 il-

1777 2011 1868 2066 lud
1906 2020 2062 2066 tuum
2126 2013 2410 2069 inventum
2464 2016 2786 2085 usurpasti?
2816 2026 3039 2087 patrem
3091 2018 3345 2073 videlicet

1775 2111 1951 2167 tuum,
2002 2104 2046 2159 si
2079 2120 2176 2173 per
2200 2105 2326 2168 hoc,
2372 2105 2519 2176 quod
2557 2107 2724 2161 homo
2752 2115 2857 2173 est,
2919 2124 2947 2160 a
2981 2117 3175 2163 natura
3226 2110 3342 2164 suis

1775 2193 2218 2262 quasilimitibus
2250 2198 2745 2263 circumscribitur,
2781 2213 2888 2253 non
2913 2213 3074 2268 posse
3106 2200 3338 2269 amplius

1774 2283 2150 2339 habitudinem
2201 2286 2267 2341 ad
2312 2295 2365 2343 te
2399 2288 2748 2359 signiﬁcare!
2803 2290 3048 2345 Alterum
3092 2292 3233 2345 enim
3273 2307 3341 2345 cx

1775 2374 1989 2431 duobus
2016 2378 2175 2447 plane
2206 2386 2289 2433 est
2320 2380 2728 2446 necessarium,
2760 2392 2854 2435 aut
2888 2381 3164 2437 hominem
3193 2399 3336 2447 esse,

1776 2475 1870 2521 aut
1895 2468 2148 2523 Eunomii
2181 2479 2413 2540 patrem.
2444 2471 2630 2543 Neque
2658 2473 2760 2528 tibi
2792 2473 2874 2529 fas
2904 2481 3009 2536 est,
3032 2482 3092 2528 ut
3120 2475 3340 2545 proprio

1775 2559 2086 2629 signiﬁcatu
2117 2577 2226 2616 non
2254 2560 2501 2632 proferas
2533 2579 2597 2619 ea
2624 2566 2847 2620 nomina
2890 2581 3011 2636 quae
3056 2568 3340 2636 proprium

1775 2652 2146 2723 signiﬁcatum
2172 2654 2393 2710 habent.
2437 2654 2636 2711 Verum
2674 2659 2798 2712 licet
2824 2658 3040 2727 injuriae
3066 2660 3340 2713 actionem

1774 2743 2026 2800 intendas
2071 2745 2202 2810 illis,
2262 2747 2355 2817 qui
2399 2757 2622 2817 propter
2651 2748 2934 2802 nominum
2983 2750 3339 2803 mulationem

1773 2836 1873 2890 tibi
1904 2837 2298 2892 subsannando
2326 2838 2584 2902 illudunt,
2627 2852 2733 2892 non
2766 2838 3127 2904 cohorreSris,
3172 2849 3226 2894 et
3254 2840 3341 2893 di—

1773 2922 2019 2977 viuorum
2054 2922 2364 2994 dogmatum
2412 2926 2674 2996 mysteria
2714 2925 2973 2989 irridens.
3005 2928 3226 2998 impune
3266 2929 3341 2981 ri-

1774 3011 1909 3067 des!
1949 3012 2423 3078 Quemadmodum
2470 3014 2615 3069 enim
2677 3023 2804 3071 tuus
2848 3026 3001 3086 pater
3059 3018 3341 3088 cognatio-

1775 3118 1919 3169 nem,
1952 3118 2117 3169 quam
2167 3111 2346 3158 tecum
2380 3105 2563 3169 habet,
2618 3105 2881 3169 ostendit,
2937 3117 2992 3162 et
3046 3109 3338 3178 quominus

1776 3192 1939 3246 homo
1973 3193 2065 3259 sit,
2094 3208 2189 3263 per
2213 3194 2314 3249 hoc
2340 3194 2474 3248 nihil
2500 3194 2720 3264 penitus
2750 3195 3062 3265 impeditur,
3113 3197 3331 3251 nullus-

1773 3298 1882 3353 que
1912 3284 2034 3338 sani
2075 3284 2294 3354 capitis,
2343 3286 2391 3340 si
2447 3286 2572 3355 quis
2622 3285 2880 3355 jubeatur
2915 3286 3199 3342 nominare
3246 3302 3344 3356 pa-

1774 3379 1935 3436 trem,
1958 3372 2052 3442 qui
2081 3379 2133 3428 te
2154 3374 2361 3443 genuit.
2394 3374 2486 3428 ille
2514 3388 2645 3428 vero
2674 3373 3047 3428 deﬁnitionem
3102 3373 3342 3428 hominis

1775 3462 2035 3532 assignet,
2066 3463 2150 3517 vel
2197 3464 2567 3534 interrogatus
2616 3464 2683 3518 de
2726 3479 2946 3534 genere,
3007 3465 3336 3533 respondeat

1774 3568 1899 3607 esse
1948 3552 2245 3617 hominem,
2284 3553 2484 3609 dixerit
2548 3552 2861 3622 huiusmodi
2917 3554 3334 3623 responsionem

1774 3644 2018 3707 obstare,
2057 3645 2351 3714 quominus
2388 3652 2542 3714 pater
2581 3652 2709 3701 tuus
2738 3646 2852 3700 sit:
2880 3644 2952 3699 ita
2982 3660 3197 3715 quoque
3221 3658 3342 3700 sese

1776 3751 1868 3791 res
1924 3735 2089 3790 habet
2132 3751 2257 3791 cum
2306 3738 2689 3792 universorum
2736 3736 2867 3801 Deo,
2910 3751 3069 3806 quem
3122 3737 3341 3806 pietatis

1777 3826 1964 3881 cultor
2016 3826 2317 3896 ingenitum
2370 3841 2514 3891 esse,
2548 3828 2711 3897 idque
2752 3826 2928 3882 Patris
2985 3828 3343 3897 appellatione

1773 3919 2099 3990 signiﬁcari,
2138 3925 2193 3973 et
2246 3927 2484 3988 utroque
2531 3919 2843 3990 signiﬁcatu
2877 3920 3253 3974 habitudinem
3286 3927 3341 3973 et

1774 4010 2151 4081 cognationem
2188 4009 2254 4063 ad
2284 4007 2484 4062 Filium
2509 4008 2783 4064 declarari
2831 4009 3065 4063 libenter
3104 4007 3338 4061 conﬁte-

1777 4109 1887 4153 tur.
1921 4101 1990 4153 At
2011 4099 2258 4155 veritatis
2312 4100 2510 4154 irrisor
2552 4098 2836 4154 contendit
2880 4096 3060 4152 Patris
3099 4096 3341 4167 appella-

1775 4191 1923 4247 tione
1952 4206 2061 4247 non
2079 4191 2315 4260 amplius
2347 4189 2668 4261 signiﬁcari,
2697 4189 2845 4259 quod
2880 4187 3051 4242 Filius
3080 4204 3147 4244 ex
3179 4204 3246 4244 eo
3270 4188 3342 4244 sit

1773 4284 2009 4353 genitus,
2044 4282 2092 4338 si
2123 4281 2315 4338 eadem
2342 4281 2705 4351 appellatione
2732 4281 3201 4352 ingenitiquoque
3234 4293 3336 4333 no-

1774 4372 1853 4426 tio
1877 4374 2148 4427 mentibus
2175 4372 2556 4441 ingeneretur.

1844 4461 2116 4519 Praeterea
2141 4463 2209 4517 ad
2234 4462 2591 4518 absurditatis
2626 4462 3012 4518 refutationem
3050 4463 3219 4518 etiam
3243 4465 3344 4518 hoc

1774 4551 2177 4616 adsciscamus,
2208 4551 2353 4621 quod
2392 4550 2689 4617 neminem,
2717 4564 2785 4605 ne
2811 4548 2971 4605 valde
3007 4550 3229 4620 quidem
3264 4549 3344 4603 in-

1771 4641 1999 4709 fantem,
2026 4643 2118 4714 qui
2149 4643 2326 4698 adhuc
2352 4658 2384 4697 a
2424 4642 2799 4712 grammaticis
2842 4652 2897 4698 et
2936 4642 3248 4713 pedagogis
3285 4643 3339 4695 in

1775 4734 2057 4787 nominum
2111 4733 2504 4789 discendorum
2557 4740 2675 4788 arte
2727 4741 3042 4797 exercetur,
3086 4733 3343 4802 ignorare

1771 4823 2043 4878 existimo.
2067 4821 2202 4887 Quis
2224 4825 2369 4877 enim
2402 4823 2580 4877 nescit
2613 4821 2894 4876 nominum
2935 4821 3185 4890 quasdam
3219 4830 3343 4873 esse

1779 4914 2052 4978 absoluta,
2101 4922 2156 4967 et
2209 4914 2390 4967 omnis
2454 4920 2742 4982 respectus
2783 4913 3052 4981 expertia,
3092 4910 3340 4980 quaedam

1779 5020 1911 5060 vero
1935 5002 2004 5057 ad
2032 5003 2177 5058 aliud
2214 5004 2495 5073 quidpiam
2525 5012 2837 5073 respectum
2871 5002 3109 5057 habere?
3147 5000 3224 5055 Ex
3254 5000 3338 5055 his

1779 5113 1974 5152 rursus
2008 5097 2271 5152 nonnulla
2300 5097 2672 5163 inveniuntur,
2705 5110 2825 5165 quae
2856 5110 2923 5149 ex
2951 5094 3216 5149 utentium
3253 5107 3344 5145 ar-

1779 5189 1949 5245 bitrio
2000 5189 2068 5243 ad
2122 5189 2441 5244 utrumlibet
2483 5196 2611 5259 apta
2651 5196 2802 5251 sunt,
2854 5203 2977 5257 quae
3016 5184 3345 5255 simpliciter

1776 5281 1986 5351 prolata
2028 5281 2080 5334 vi
2120 5296 2341 5351 quoque
2388 5280 2628 5349 simplici
2665 5287 2957 5339 constant..
3000 5276 3342 5345 transposita

1775 5385 1908 5426 vero
1937 5371 2137 5441 saepius
2167 5372 2395 5426 relativa
2435 5370 2593 5425 ﬁunt.
2647 5369 2712 5423 Et
2752 5384 2821 5424 ne
2852 5365 3095 5431 aliunde,
3148 5366 3344 5437 procul

1775 5463 1844 5517 ab
1876 5464 2128 5519 instituto
2159 5470 2370 5526 nostro,
2414 5462 2681 5532 exemplis
2711 5461 2995 5515 accersitis
3019 5460 3198 5513 oratio
3221 5459 3344 5512 lon-

1774 5554 1894 5623 εἰοι-
1921 5554 2139 5618 evadat,
2173 5570 2238 5609 ex
2267 5554 2401 5625 ipsis
2431 5553 2799 5623 dogmatibus,
2823 5552 2891 5606 de
2919 5552 3120 5622 quibus
3149 5550 3342 5619 dispu-

1778 5646 1911 5701 tatio
1936 5655 2190 5716 suscepta
2221 5654 2326 5711 est,
2356 5647 2409 5699 id
2449 5644 2593 5715 quod
2621 5657 2831 5709 assero,
2856 5645 3078 5714 planum
3122 5643 3341 5698 faciam.

1853 5742 1993 5796 Deus
2030 5746 2138 5793 tam
2171 5738 2328 5793 Pater
2358 5752 2520 5807 quam
2554 5752 2647 5791 rex
2678 5736 3005 5805 appellatur,
3034 5745 3089 5791 et
3116 5747 3345 5792 sexcen-

2866 5830 2939 5891 14
