3922 6464
594 311 698 370 ιε’,ῖ
796 324 799 327 ’

1862 322 1917 376 S.
1945 320 2267 378 GREGOHH
2296 322 2593 381 Νῑεεεςκι

3702 325 3782 385 £93

599 432 668 485 tis
706 434 829 489 aliis
864 436 1181 493 nominibus
1210 453 1238 490 a
1279 452 1435 493 sacra
1472 439 1756 509 Scriptura
1786 442 2041 497 allicitur.
2091 443 2167 497 Ex

2294 444 2487 514 ιυρίοις
2516 444 2771 513 ὀνόμασιν
2797 444 2975 505 ἄλλοις
3006 442 3151 513 παρὰ
3185 442 3285 511 τῆς
3311 441 3466 510 ἁγίας
3480 440 3679 513 Γραφῆς
3700 444 3785 497 όνο-

599 526 685 578 his
716 526 880 597 igitur
904 528 1239 593 nominibus,
1269 533 1517 600 quaedam
1544 533 1794 589 absolute
1825 543 1879 587 et
1905 535 2025 589 sine
2055 535 2167 587 ullo

604 618 669 670 ad
714 619 861 673 aliud
893 629 1165 689 respectu,
1194 623 1444 678 solitaria
1490 632 1543 677 et
1590 640 1684 695 per
1706 641 1770 680 se
1806 640 2071 693 usurpare
2106 626 2172 678 li-

603 710 906 779 ci-t,qnalia
940 724 1067 765 sunt
1086 713 1498 781 incorruptibilis
1524 714 1587 779 “,
1609 728 1834 769 wternus
1854 716 1921 779 ",
1950 718 2170 768 immor-

607 800 814 863 talis“,
865 810 917 855 et
956 803 999 857 si
1050 819 1171 873 qua:
1218 805 1322 857 alia
1372 815 1500 859 sunt
1561 807 1725 874 hujus
1778 808 1975 861 classis
2014 828 2025 862 :
2060 809 2173 862 haec

608 893 774 954 enim,
806 892 931 947 licet
958 894 1094 947 nihil
1129 896 1276 948 aliud
1326 898 1708 963 subaudiatur,
1751 900 2052 966 perlectum
2108 900 2175 954 de

609 978 719 1035 Deo
757 993 1077 1053 conceptum
1113 986 1457 1055 ingenerant.
1512 989 1633 1042 Alia
1685 1005 1812 1043 vero
1842 990 2066 1043 nomina
2122 990 2173 1043 id

611 1074 807 1136 solum,
842 1077 986 1143 quod
1019 1076 1085 1129 ad
1136 1077 1341 1147 aliquid
1398 1080 1530 1132 utile
1564 1090 1668 1145 est,
1722 1082 2054 1149 significant,
2117 1090 2171 1134 ul

611 1172 696 1217 est
746 1165 1046 1228 adiutor”,
1099 1178 1458 1236 propugnator
1478 1170 1544 1231 "',
1586 1182 1857 1239 susceptor
1877 1171 1942 1234 δ’,
1994 1179 2046 1226 et
2076 1188 2177 1226 caa-

612 1262 727 1304 tera
754 1251 917 1320 hujus
965 1256 1199 1323 generis.
1253 1254 1406 1311 Tolle
1450 1259 1592 1312 enim
1626 1274 1772 1322 eum,
1825 1259 1917 1328 qui
1973 1260 2179 1314 auxilio

615 1353 804 1410 egeat,
855 1344 966 1413 jam
1011 1346 1186 1401 otiosa
1232 1349 1337 1401 erit
1393 1348 1478 1403 his
1540 1350 1818 1402 vocahulis
1880 1352 2179 1419 signiﬁcala

618 1432 814 1486 virtus.
845 1435 983 1487 Sunt
1023 1445 1202 1490 autem
1254 1438 1500 1506 quaedam
1555 1440 1853 1503 vocabula,
1912 1450 1969 1494 ut
2020 1450 2180 1495 antea

618 1520 825 1584 dixi,et
866 1523 1113 1580 absolute
1137 1534 1190 1580 et
1229 1525 1400 1581 relate
1450 1530 1700 1597 usurpari
1764 1530 1948 1591 solita,
2002 1542 2057 1585 ut
2099 1540 2180 1587 est

616 1609 779 1674 Deus,
815 1611 977 1666 bonus
995 1612 1063 1678 '°,
1122 1622 1175 1668 et
1201 1616 1396 1669 similia
1423 1633 1436 1681 ;
1470 1632 1574 1670 non
1606 1618 1752 1672 enim
1784 1635 2001 1688 semper
2041 1629 2096 1674 ct
2125 1622 2181 1673 in

615 1703 872 1755 omnibus
913 1719 1065 1759 mens
1102 1705 1155 1759 in
1194 1707 1447 1762 absoluto
1476 1717 1662 1763 manet
1707 1727 1718 1762 :
1756 1726 1881 1764 nam
1926 1712 2020 1781 qui
2064 1712 2183 1765 uni-

612 1807 901 1847 versorum
932 1793 1071 1851 Deus
1100 1804 1204 1860 est,
1244 1811 1387 1867 sazpe
1426 1800 1680 1868 proprius
1719 1799 1862 1869 ejus,
1900 1802 1993 1870 qui
2034 1802 2185 1856 invo-
2217 1788 2257 1842 Β

618 1894 726 1945 cat,
751 1883 1179 1955 elﬁcitur,pront
1212 1889 1390 1970 sancti
1418 1904 1519 1943 nos
1553 1890 1771 1952 docent,
1799 1893 1893 1960 qui
1929 1906 2183 1948 naturam

622 1974 823 2027 nullius
870 1974 1124 2056 dominio.
1163 1976 1463 2046 subjectam
1500 1979 1695 2033 crebro
1755 1982 1858 2035 sibi
1898 1984 2179 2052 propriam

623 2065 826 2118 l'aciant
858 2083 871 2120 :
906 2065 1132 2121 Sanctus
1188 2066 1444 2122 Dominus
1500 2069 1659 2125 Deus.
1713 2071 1838 2127 llaec
1902 2075 2187 2144 hucusque

622 2157 873 2210 absoluta
902 2166 1065 2223 sunt;
1102 2160 1195 2212 sed
1221 2161 1312 2229 qui
1347 2160 1615 2233 adiungit,
1652 2172 1846 2229 uoster,
1885 2166 1975 2220 ille
2019 2180 2186 2220 causa

618 2260 725 2316 est,
774 2264 876 2303 cur
923 2250 1026 2303 hoc
1071 2266 1268 2305 nomen
1301 2266 1411 2305 non
1458 2255 1633 2322 possit
1669 2254 1903 2323 amplius
1939 2255 2188 2309 absolute

622 2350 676 2395 et
726 2342 846 2396 sine
884 2342 1154 2397 relatione
1196 2342 1404 2412 accipi;
1459 2344 1586 2413 quia
1644 2344 1964 2399 habitudine
2012 2344 2081 2397 ad
2130 2359 2190 2397 se

622 2436 988 2505 signiﬁcatum
1026 2436 1129 2491 sibi
1163 2438 1443 2506 proprium
1473 2438 1729 2492 reddidit.
1781 2437 1984 2492 lterum
2025 2436 2191 2505 Spiri-

618 2532 766 2584 ritus
796 2530 997 2584 clamat
1030 2548 1043 2583 :
1075 2528 1224 2582 Abba
1249 2527 1404 2584 Pater
1428 2533 1495 2585 “.
1547 2529 1671 2585 Haec
1704 2545 1806 2583 vox
1838 2528 2022 2582 Putris
2068 2545 2192 2599 par-

622 2621 840 2676 ticulari
880 2621 1063 2691 aliqua
1096 2621 1416 2679 habitudine
1448 2632 1618 2676 caret.
1645 2620 1750 2677 Sed
1784 2636 1907 2675 cum
1948 2631 2187 2673 nostrum

622 2714 716 2785 qui
752 2722 835 2768 est
885 2714 940 2767 iu
993 2714 1170 2778 caelis,
1220 2714 1550 2784 compellare
1581 2713 1927 2782 jubemur",
1990 2728 2186 2767 rursus

624 2804 957 2874 signiﬁcatio
1024 2804 1403 2858 habitudinem
1461 2803 1661 2861 induit.
1714 2803 2190 2869 Quemadmodum

625 2896 812 2966 igitur,
844 2897 936 2964 qui
972 2896 1357 2949 universorum
1400 2893 1569 2948 Deum
1615 2895 1719 2950 sihi
1760 2897 2040 2965 proprium
2080 2896 2195 2951 eili-

623 2990 721 3054 cit,
774 2988 909 3041 nihil
955 2989 1173 3054 penitus
1209 2988 1275 3041 de
1318 2986 1438 3055 ejus
1482 2988 1535 3040 in
1571 3003 1658 3042 res
1703 3002 1895 3041 omnes
1925 2997 2195 3057 potestate

626 3077 861 3133 detrahit
897 3096 909 3131 :
946 3082 1022 3131 sic
1060 3078 1196 3132 nihil
1238 3077 1443 3140 obstat,
1473 3077 1711 3139 Patrem,
1736 3087 1790 3133 et
1820 3094 1944 3132 eum
1982 3081 2077 3148 qui
2109 3088 2193 3133 est

626 3188 693 3225 ex
721 3172 865 3242 ipso,
892 3170 1076 3225 ouinis
1105 3170 1365 3224 nimirum
1411 3178 1681 3224 creatura:
1747 3169 2189 3240 primogenitum,

627 3271 1021 3333 repraesentare
1061 3260 1239 3315 Patris
1282 3260 1671 3331 appellatione,
1726 3260 1893 3313 etiam
1949 3258 2073 3313 Filii
2127 3276 2193 3314 ex

627 3356 751 3425 ipso
783 3352 1194 3423 generationem
1251 3351 1616 3420 signiﬁcante,
1674 3357 1728 3403 et
1776 3348 1910 3403 illud
1972 3350 2198 3420 insuper

628 3444 821 3499 eadem
863 3457 997 3497 voce
1019 3441 1312 3505 declarari,
1369 3439 1591 3494 Patrem
1624 3455 1653 3493 a
1710 3440 1859 3493 nulla
1910 3441 2199 3510 superiore

630 3550 796 3591 causa
827 3549 974 3587 esse.
1034 3529 1170 3586 Nam
1205 3530 1298 3601 qui
1332 3530 1566 3601 primum
1609 3529 1825 3585 Patrem
1848 3533 2118 3596 nominat,
2152 3532 2198 3586 is

630 3640 754 3680 eum
789 3626 883 3695 qui
914 3631 1043 3677 ante
1079 3623 1266 3677 omnia
1296 3624 1573 3691 cogitatur
1610 3629 1666 3677 et
1701 3621 2048 3693 intelligitur,
2094 3639 2196 3677 no-

628 3715 824 3781 minat,
857 3714 997 3768 ultra
1028 3728 1187 3782 quem
1216 3712 1361 3782 quod
1395 3721 1496 3776 est,
1528 3712 1619 3765 ille
1654 3714 1771 3782 ipse
1804 3722 1911 3776 est,
1958 3731 2065 3769 non
2102 3715 2198 3768 ha-

636 3809 771 3862 bens
802 3807 949 3877 quod
990 3816 1117 3862 ante
1149 3821 1209 3861 se
1248 3806 1451 3868 videat,
1498 3806 1587 3860 cui
1629 3807 1816 3861 nullus
1850 3818 1973 3878 post
2002 3824 2061 3862 se
2086 3817 2198 3863 ter-

630 3903 838 3962 minus.
864 3899 918 3953 iu
951 3914 1109 3968 quem
1141 3899 1377 3959 desinat,
1410 3897 1504 3952 sed
1525 3900 1888 3969 undequaque
1918 3901 2199 3969 aequaliter

2276 537 2523 607 μάζεται.
2566 537 2719 588 ’Ἐστι
2762 537 2939 589 τοίνυν
2973 538 3034 587 ὲκ
3063 534 3169 587 τῶν
3201 535 3478 603 ὀνομάτων
3513 537 3710 601 τούτων,
3737 538 3783 590 τὸ

2275 626 2373 696 μὲν
2400 625 2584 689 ἁπλῶς
2617 626 2785 687 οὕτως
2826 627 2909 693 ἐφ’
2934 624 3125 677 ἑαυτοῦ
3161 624 3520 694 μεμνημένον,
3550 624 3785 686 άπολύτως

2272 720 2461 782 εἰπεῖν,
2507 714 2636 778 οἷον,
2675 718 2991 786 ἄφθαρτος,
3026 716 3281 780 αἰώνιος,
3315 714 3617 780 ἀθάνατος,
3651 718 3728 767 καὶ
3752 722 3787 768 εἰ

2273 827 2324 861 τι
2350 810 2476 862 ἄλλο
2505 808 2760 862 τοιοῦτον.
2797 808 2976 860 Ταῦτα
3005 808 3111 878 γὰρ
3135 848 3149 871 ,
3183 805 3283 860 κᾶν
3312 806 3471 877 μηδὲν
3500 806 3666 876 ἕτερον
3695 825 3788 859 συν-

2277 901 2613 968 υπακοὺηται
2660 901 2873 969 νόημα,
2931 899 3348 969 ἀπηρτισμένην
3392 898 3507 949 τινὰ
3545 899 3660 967 περὶ
3686 898 3789 950 Θεοῦ

2277 989 2372 1059 τὴν
2404 988 2638 1041 διάνοιαν
2670 993 2726 1041 εν
2757 991 2965 1051 ἑαυτοῖς
3015 989 3364 1059 περιγράφει.
3397 988 3590 1057 Ἕτερα
3632 987 3679 1039 δὲ
3706 988 3790 1040 τῶν

2277 1081 2553 1150 ὀνομάτων
2595 1081 2655 1132 τὸ
2702 1081 2837 1150 πρός
2869 1098 2920 1131 τι
2955 1081 3222 1150 χρήσιμον
3255 1079 3609 1148 ἀποσημαίνει
3649 1079 3791 1147 μόνον,

2278 1168 2353 1229 ὡς
2376 1167 2627 1234 βοηθὸς,
2666 1170 2757 1220 καί
2795 1166 3270 1234 ὑπερασπιστὴς,
3318 1168 3409 1219 καὶ
3451 1167 3793 1233 ἁντιλήπτωρ,

2280 1257 2373 1309 καὶ
2401 1258 2499 1309 ὅσα
2528 1258 2625 1326 τῆς
2672 1256 2923 1325 τοιαύτης
2954 1257 3227 1325 σημασίας
3272 1256 3572 1325 εὑρίσκεται
3596 1270 3607 1285 '
3636 1249 3700 1307 ὧν
3723 1256 3795 1307 ἐὰν

2282 1349 2484 1420 ὑφέλῃς
2508 1349 2569 1401 τὸ
2598 1351 2696 1418 τῆς
2728 1347 2975 1418 βοηθείας
3008 1348 3277 1417 δεόμενον,
3308 1348 3596 1417 ἧργησενή
3624 1347 3790 1415 ἐμφαι-

2282 1441 2481 1510 νομένη
2514 1439 2593 1511 τῷ
2639 1439 2859 1507 ὀνόματι
2906 1437 3153 1507 δύναμις.
3186 1439 3343 1489 Ἔστι
3388 1437 3441 1488 δέ
3472 1452 3585 1488 τινα
3610 1478 3622 1501 ,
3649 1435 3794 1498 καθὼς

2285 1532 2640 1601 προείρηται,
2671 1530 2763 1583 καὶ
2794 1531 2878 1597 ἐφ’
2907 1528 3113 1581 ἑαυτῶν
3154 1529 3247 1581 καὶ
3293 1527 3429 1597 μετὰ
3472 1526 3573 1579 τῶν
3611 1528 3723 1595 πρός
3757 1544 3796 1576 τι

2283 1617 2569 1686 λεγόμενα,
2611 1611 2721 1669 οἷον
2755 1617 2833 1678 τὸ,
2883 1615 3062 1680 Θεὸς,
3098 1617 3190 1668 καὶ
3222 1617 3315 1677 τὸ,
3347 1616 3576 1683 ἀγαθὸς,
3604 1618 3683 1668 καὶ
3722 1616 3796 1667 ὅσα

2284 1707 2522 1761 τοιαῦτα.
2554 1707 2628 1760 Οὐ
2655 1707 2762 1777 γὰρ
2796 1706 2955 1776 μέχρι
2982 1706 3178 1769 παντὸς
3198 1707 3256 1757 ἐν
3280 1706 3357 1774 τῷ
3382 1705 3617 1773 ἀπολύτῳ
3636 1705 3797 1757 τούτων

2288 1798 2529 1867 διαμένει
2582 1799 2612 1867 ἡ
2663 1796 2859 1850 ἔννοια.
2910 1798 2965 1849 Ὀ
2999 1797 3107 1865 γὰρ
3143 1798 3371 1849 καθόλου
3405 1795 3563 1863 Θεὸς,
3595 1796 3703 1859 ἴδιος
3726 1796 3797 1847 τοῦ

2286 1889 2713 1958 ἐπικαλουμένου
2755 1887 3015 1950 πολλάκις
3064 1890 3317 1955 γίνεται,
3366 1888 3544 1951 καθὼς
3582 1889 3681 1941 ἔστι
3714 1888 3799 1938 τῶν

2286 1982 2454 2049 ἁγίων
2485 1981 2721 2039 ἀκούειν,
2761 1982 3010 2033 ίδιοποιου
3019 1982 3193 2051 μένων
3216 1982 3314 2051 τὴν
3340 1982 3621 2033 ἀδέσποτον
3643 1979 3795 2048 φύσιν·

2290 2072 2489 2139 Ἄγιος
2518 2072 2731 2139 Κύριος
2777 2074 2809 2123 ό
2857 2072 3020 2136 Θεός.
3058 2072 3199 2133 Ἕως
3229 2072 3414 2124 τούτου
3445 2071 3652 2140 ἄσχετον
3672 2086 3683 2098 ·
3713 2069 3798 2122 ἀλλ’

2286 2164 2315 2214 ὁ
2362 2162 2618 2230 προσθεὶς
2670 2163 2749 2225 τὸ,
2790 2162 2978 2232 ἡμῶν,
3027 2164 3210 2216 οὐκέτι
3268 2164 3463 2217 ἔδωκεν
3516 2163 3592 2230 ἐφ’
3644 2158 3799 2214 ἑαυτοῦ

2289 2252 2520 2306 νοεῖσθαι
2552 2253 2611 2305 τὸ
2637 2253 2827 2324 ὄνομα,
2861 2256 2927 2325 τῇ
2968 2254 3103 2325 πρὸς
3135 2255 3329 2307 ἑαυτὸν
3359 2255 3533 2325 σχέσει
3568 2254 3621 2306 τὸ
3646 2268 3801 2322 σημαι-

2288 2342 2508 2411 νόμενον
2536 2342 2818 2407 οίκειώσας
2837 2362 2849 2375 ·
2870 2344 3050 2409 πάλιν,
3068 2345 3124 2396 Ἀ
3138 2344 3245 2399 τΐόᾶ
3268 2347 3300 2398 ό
3321 2344 3606 2413 [latim-:6
3624 2340 3803 2410 Πνεῦμα

2291 2434 2424 2505 βοᾷ·
2478 2434 2616 2505 αὕτη
2667 2436 2699 2506 ἡ
2750 2436 2851 2504 τῆς
2906 2440 3137 2507 μερικῆς
3184 2436 3424 2505 σχέσεως
3469 2432 3796 2502 ἀπολελυμένη

2290 2527 2463 2597 φωνή.
2508 2527 2667 2580 Ἀλλά
2698 2528 2790 2581 καὶ
2820 2527 3037 2599 Πατέρα
3066 2526 3238 2597 ἡμῶν
3275 2528 3364 2580 τὸν
3407 2526 3612 2596 Πατέρα
3646 2524 3722 2575 τὸν
3760 2523 3802 2573 ἐν

2289 2622 2400 2681 τοίς
2428 2619 2675 2688 οὐρανοῖς
2714 2620 2896 2671 καλεῖν
2952 2620 3434 2690 προσετάχθημεν·
3464 2618 3591 2687 αὕτη
3623 2616 3800 2683 πάλινή

2294 2707 2512 2779 σχετικὴ
2548 2708 2805 2779 σημασία.
2866 2708 3075 2777 ’Ὠσπερ
3113 2708 3294 2762 τοίνυν
3327 2710 3414 2760 τὸν
3458 2706 3665 2760 καθόλου
3701 2703 3803 2755 Θεὸν

2293 2804 2482 2858 ἑαυτοῦ
2506 2821 2588 2867 τις
2621 2802 3004 2873 ποιησάμενος,
3030 2803 3181 2856 οὐδὲν
3205 2803 3307 2873 τὴν
3339 2803 3427 2856 ἐπὶ
3454 2802 3653 2856 πάντων
3677 2797 3800 2862 ἀξίαν

2293 2899 2616 2970 ἠμαύρωσεν
2635 2916 2648 2929 ’
2678 2897 2849 2961 οὕτως
2874 2898 3023 2950 οὐδέν
3057 2898 3175 2949 sm
3211 2896 3457 2966 κώλυμα,
3492 2896 3574 2948 τὸν
3604 2890 3799 2958 Πατέρα,

2294 2992 2386 3045 καὶ
2428 2992 2516 3043 τὸν
2545 2990 2605 3054 ἐξ
2649 2990 2831 3054 αὑτοῦ,
2892 2992 2983 3043 τὸν
3022 2990 3203 3059 πάσης
3254 2990 3480 3050 κτίσεως
3519 2983 3803 3056 πρωτότοκον

2298 3084 2672 3148 ἀναδείξαντα,
2707 3083 2843 3153 ὁμοῦ
2868 3081 2947 3153 τῷ
2978 3082 3361 3151 γεγεννηκέναι
3383 3080 3469 3133 τὸν
3503 3079 3618 3131 Υίὸν
3639 3074 3711 3128 διὰ
3733 3073 3805 3139 τῆς

2300 3175 2389 3229 τοῦ
2428 3176 2639 3246 Πατρός
2697 3175 3065 3245 προσηγορίας
3119 3173 3423 3241 σημαίνειν,
3465 3169 3553 3224 καὶ
3592 3167 3647 3220 τό
3679 3163 3738 3235 μὴ
3765 3162 3806 3223 ἐξ

2298 3269 2475 3332 αἰτίας
2503 3267 2899 3339 ὑπερκειμένης
2924 3264 3062 3320 εἶναι
3092 3267 3181 3321 διὰ
3220 3266 3322 3335 τῆς
3350 3264 3515 3332 αὐτῆς
3540 3256 3806 3332 ἑρμηνεύειν

2299 3359 2501 3430 φωνῆς.
2549 3359 2606 3412 Ὁ
2649 3359 2758 3429 γὰρ
2787 3359 2877 3412 τὸν
2920 3359 3135 3429 πρῶτον
3167 3358 3387 3428 Πατέρα
3428 3353 3605 3415 εἰπὼν,
3640 3350 3717 3403 τὸν
3738 3344 3807 3398 τοῦ

2302 3452 2501 3514 παντὸς
2539 3452 3019 3521 προεπινοούμενον
3050 3448 3368 3516 ἐνεδείξατο.
3402 3442 3559 3507 Οὗτος
3585 3440 3807 3497 ἐπέκεινα,

2302 3536 2454 3605 οὗτος
2487 3543 2689 3605 ἐκεῖνός
2735 3546 2899 3605 ἐστιν,
2935 3543 3035 3595 οὐκ
3071 3541 3208 3611 έχων
3244 3541 3272 3593 ὅ
3301 3558 3353 3592 τι
3386 3538 3488 3607 πρὸ
3530 3531 3697 3589 ἑαυτοῦ
3728 3529 3807 3597 ἴδῃ.

2302 3632 2425 3684 οὐδὲ
2478 3634 2557 3695 είς
2595 3634 2624 3686 ὅ
2660 3651 2713 3685 τι
2762 3634 2936 3703 πέρας
2983 3632 3101 3702 μεθ’
3135 3632 3328 3685 ἑαυτὸν
3370 3627 3660 3698 καταλήξῖγ
3708 3616 3811 3672 ἀλλά

2306 3724 2645 3793 πανταχόθεν
2672 3724 2868 3793 ἐπίσης
2892 3724 2979 3777 ἀεὶ
3004 3722 3100 3783 ὢν,
3146 3723 3245 3775 καὶ
3270 3721 3453 3784 τέλους
3474 3721 3607 3790 ὅρον,
3630 3712 3709 3767 καὶ
3734 3712 3811 3778 ἀρ’

2306 3813 2406 3882 xii;
2454 3812 2660 3866 ἔννοιαν
2690 3815 2755 3882 τῇ
2791 3813 3012 3884 ἀπειρίᾳ
3042 3814 3140 3883 τῆς
3174 3813 3322 3881 ζωῆς
3365 3809 3655 3867 διαϐαίνων,
3696 3801 3812 3865 πάσῃ

2307 3905 2643 3976 προσηγορίᾳ
2670 3906 3169 3975 συνυπακουόμενον
3195 3904 3309 3975 ἔχει
3331 3903 3423 3957 καὶ¹
3445 3902 3501 3954 τὸ
3522 3898 3686 3953 ἀίδιον.

632 4010 743 4051 sem
755 4010 847 4063 per
871 4003 974 4057 est,
1011 4009 1225 4048 omnem
1260 3993 1382 4048 ﬁnis
1412 4002 1613 4047 metam
1645 4001 1699 4047 et
1729 3994 1868 4048 initii
1906 3997 2287 4064 cogitationem
2324 3999 2594 4055 inﬁnitate
2628 4016 2727 4056 sua
2768 4001 3185 4064 transcenderis,
3210 4007 3399 4069 utpOte
3425 3996 3514 4067 qui
3543 3997 3813 4063 quocunliue

630 4092 857 4146 nomine
888 4092 1217 4160 appelletur,
1250 4104 1466 4159 semper
1494 4090 1855 4145 aeternitatem
1887 4092 2051 4145 tacite
2080 4093 2339 4148 includat.

659 4190 671 4201 ‘
707 4182 811 4237 Sed
850 4183 990 4236 hanc
1033 4185 1303 4251 vulgatam
1333 4180 1640 4235 doctrinam
1684 4197 1794 4235 non
1827 4184 1973 4251 capit
2017 4182 2202 4235 Euno-

637 4275 802 4335 n'tius,
860 4275 1039 4342 quise
1073 4273 1301 4326 multum
1346 4273 1981 4342 incomprehensibilium
2020 4288 2201 4327 rerum

636 4369 1097 4438 contemplatione
1119 4375 1371 4436 occupat,
1435 4382 1536 4421 nec
1592 4364 1877 4435 cognoscit
1931 4364 2202 4432 geminam

635 4463 694 4515 in
750 4460 928 4515 Patris
1000 4461 1365 4530 appellatione
1419 4458 1902 4528 signiﬁcationem,
1972 4470 2202 4523 quarum

640 4556 809 4606 altera
844 4551 1149 4615 est,omnia
1177 4566 1240 4605 ex
1275 4550 1394 4618 ipso
1424 4564 1570 4612 esse,
1631 4560 1684 4603 et
1736 4555 1864 4601 ante
1896 4547 2081 4600 omnia
2115 4544 2205 4598 Fi-

641 4645 772 4699 lium
804 4645 1160 4713 unigenitum,
1199 4657 1296 4711 per
1325 4657 1485 4711 quem
1532 4642 1674 4695 facta
1711 4648 1839 4694 sunt
1882 4642 2097 4703 omnia;
2130 4638 2208 4690 al—

639 4746 761 4790 tera
783 4744 888 4799 est,
940 4734 1160 4790 Patrem
1205 4734 1412 4787 nullam
1473 4748 1532 4787 se
1581 4733 1921 4802 superiorem
1979 4742 2205 4783 causam

640 4828 862 4882 habere.
898 4828 965 4878 At
1006 4826 1134 4880 licet
1187 4826 1304 4894 ipse
1354 4825 1496 4879 hanc
1545 4824 1854 4878 doctrinam
1911 4828 2204 4890 conspuat,

645 4931 766 4975 nos,
797 4914 1112 4983 contempto
1140 4914 1260 4983 ejus
1288 4914 1402 4967 risu
1440 4912 1752 4982 spretisque
1792 4910 2048 4964 onmibus
2083 4924 2211 4963 san—

643 5012 750 5067 nis,
787 5006 1015 5061 ﬁdenter
1042 5005 1118 5067 id,
1158 5006 1302 5074 quod
1329 5004 1440 5071 jam
1473 5020 1503 5056 a
1542 5004 1700 5058 nobis
1731 5002 1940 5056 dictum
1965 5011 2071 5065 est,
2112 5016 2199 5055 reo

646 5099 978 5170 spondemus
1015 5116 1027 5153 :
1064 5111 1277 5162 nempe,
1346 5094 1560 5149 Patrem
1635 5104 1689 5149 et
1727 5096 2025 5165 ingenitum
2069 5093 2212 5147 idem

646 5206 790 5256 esse,
824 5200 877 5245 et
923 5191 1068 5259 quod
1100 5187 1298 5244 Filium
1328 5188 1604 5258 genuerit,
1662 5185 1919 5255 quodque
1947 5201 2012 5239 ex
2058 5183 2210 5238 nullo

649 5284 722 5339 sit
752 5284 1080 5353 signiﬁcare.

719 5374 917 5429 Verum
977 5376 1087 5438 ille,
1139 5372 1437 5429 certamine
1488 5373 1719 5440 repetito
1759 5378 1812 5425 et
1864 5369 2112 5423 oratione
2160 5366 2213 5422 in

647 5468 982 5520 contrarium
1021 5478 1302 5527 conversa,
1336 5463 1413 5516 ita
1436 5461 1589 5515 inﬁt:
1619 5460 1677 5516 Si
1706 5460 1862 5524 Deus,
1899 5460 1985 5530 qui
2016 5457 2216 5511 Filium

650 5558 861 5624 genuit,
909 5554 1059 5608 Patet
1124 5563 1220 5617 est,
1267 5564 1316 5607 et
1361 5568 1426 5606 ea:
1482 5552 1660 5607 eodem
1708 5552 1866 5604 etiam
1918 5550 2217 5618 signiﬁcato

2393 4185 2528 4239 Ἀλλ’
2556 4187 2616 4238 οὐ
2645 4186 2859 4256 δέχεται
2892 4186 2982 4239 τὸν
3018 4186 3326 4255 ίδιωτισμὸν
3353 4184 3533 4237 τοῦτον
3555 4182 3580 4233 ὁ
3607 4174 3745 4235 πολὺς
3772 4172 3813 4221 έν

2308 4280 2426 4341 ταῖς
2458 4278 2565 4330 τῶν
2599 4278 2855 4347 ἀλήπτων
2886 4277 3137 4348 θεωρίαις
3180 4277 3472 4346 Εὐνόμιος·
3503 4270 3612 4324 οὐδὲ
3638 4259 3815 4319 διπλοῦν

2309 4374 2400 4425 ἐπὶ
2434 4372 2526 4425 τοῦ
2572 4370 2783 4442 Πατρός
2813 4366 2951 4423 εἶναι
2993 4369 3052 4422 τὸ
3101 4368 3497 4439 σημαινόμενον
3533 4361 3712 4415 τίθεται
3735 4370 3746 4384 ⁸
3774 4350 3816 4442 ἓν

2314 4463 2410 4533 μὲν
2441 4462 2501 4514 τὸ
2524 4503 2537 4525 ,
2570 4462 2627 4527 ἐξ
2661 4440 2870 4513 ἐκείνου
2899 4458 2967 4510 τὰ
3012 4459 3187 4511 πάντα
3211 4498 3225 4519 ,
3268 4457 3361 4509 καὶ
3388 4453 3491 4524 πρὸ
3537 4450 3725 4503 πάντων
3740 4440 3817 4533 Δτὸν

2312 4530 2438 4606 Ϋίὸν
2485 4550 2780 4623 μονογενῆ,
2810 4550 2875 4601 δι’
2914 4541 2975 4601 οὗ
3009 4549 3077 4600 τὰ
3112 4548 3309 4611 πάντα,
3348 4537 3705 4615 σημαίνεσθαι·
3728 4530 3817 4582 ἓτε-

2315 4663 2405 4714 ρον
2439 4645 2494 4697 δὲ
2518 4643 2579 4696 τὸ
2611 4642 2875 4714 μηδεμίαν
2902 4640 3060 4692 αὑτὸν
3082 4637 3477 4709 ὑπερκειμένην
3503 4630 3665 4686 αἰτίαν
3688 4624 3815 4714 ἔχεινἶ

2324 4707 2483 4789 Ἆλλά
2522 4707 2622 4789 κᾶν
2670 4707 2871 4796 έκεῖνος
2915 4733 3159 4785 διαπτύει
3191 4707 3292 4782 τὸν
3336 4727 3507 4796 λόγον,
3543 4721 3682 4792 ἡμεῖς
3716 4707 3817 4778 παρ’

2312 4829 2461 4882 οὐδὲν
2499 4828 2589 4880 τὸν
2614 4826 2824 4895 γέλωτα
2854 4824 2944 4876 τὸν
2970 4820 3317 4894 χλευαστικὸν
3349 4814 3696 4886 ποιησάμενοι,
3717 4800 3819 4895 θαρῖ

2316 4920 2531 4991 ροὖντες
2561 4887 3016 4989 ἀποκρινούμεθα,
3038 4914 3172 4981 ὅπερ
3208 4911 3503 4980 εἰρήκαμεν
3524 4902 3636 4974 ήδη,
3662 4898 3730 4949 ὅτι
3748 4887 3819 4942 καὶ

2312 5009 2506 5062 ταύτόν
2560 5010 2706 5060 ἐστιν
2737 5008 2765 5059 ό
2794 5006 2978 5075 Πατὴρ
3020 5004 3097 5073 τῷ
3134 5002 3432 5070 άγεννήτῳ,
3470 4996 3559 5049 καὶ
3586 4992 3639 5043 τὸ
3667 4998 3819 5075 γεῖεν·

2314 5102 2535 5171 νηκέναι
2587 5101 2677 5153 τὸν
2717 5100 2837 5152 Υἱὸν
2885 5071 3159 5167 σημαίνει,
3190 5095 3283 5147 καὶ
3313 5092 3373 5145 τὸ
3406 5090 3463 5154 ἐξ
3489 5081 3679 5143 οὐδενὸς
3712 5071 3820 5128 εἶναι

2319 5194 2666 5264 παρίστησιν.

2402 5365 2462 5417 '0
2484 5363 2541 5417 δὲ
2567 5364 2659 5416 καί⁴
2682 5358 3073 5429 ἐπαγωνίζεται
3100 5361 3211 5421 τοῖς
3236 5354 3556 5427 εἰρημένοις,
3594 5343 3676 5399 καί
3698 5351 3819 5429 φησιι

2322 5458 2415 5510 καὶ
2452 5457 2628 5525 μέντοι
2662 5454 2754 5507 καὶ
2785 5424 2921 5522 πρὸς
2952 5450 3256 5503 τούναντίον
3283 5424 3608 5513 ἀντιστρέφει
3640 5430 3770 5525 nol-IV
3803 5424 3822 5473 6

2324 5519 2478 5613 λόγος⁵
2493 5561 2505 5573 ·
2532 5544 2599 5596 Et
2618 5541 2727 5611 γὰρ
2749 5519 2847 5594 διὰ
2866 5540 2931 5593 τὸ
2961 5536 3373 5608 γεγεννηκέναι
3400 5533 3502 5586 τὸν
3520 5525 3647 5580 Υιὺν
3667 5522 3694 5572 ὁ
3709 5519 3822 5571 θεός

722 5672 768 5700 ⁸⁸
808 5669 960 5721 Rom.
1012 5685 1025 5721 ι
1090 5668 1178 5722 23.
1256 5667 1304 5698 ⁸⁵
1344 5667 1502 5719 Rom.
1559 5682 1643 5715 γν-
1672 5708 1685 5732 ,
1723 5665 1814 5717 26.
1848 5665 1890 5694 “
1929 5666 1947 5716 l
1989 5664 2125 5715 Tim.
2184 5680 2191 5715 ι

2298 5662 2431 5732 7h"
2472 5660 2615 5732 Psal.
2663 5676 2737 5732 ιδ,
2768 5658 2855 5713 20.
2935 5655 3102 5710 "isa.
3150 5667 3300 5719 unt,
3340 5651 3390 5705 1.
3463 5646 3505 5678 δ’
3541 5639 3668 5697 Psal.
3694 5625 3821 5695 111.5-

654 5738 911 5793 "Matth.
950 5754 1062 5801 xIx,
1106 5739 1207 5805 tu;
1251 5736 1384 5792 Mar.
1424 5739 1508 5801 IO,
1552 5738 1637 5789 15.

1713 5736 1757 5767 ³³
1790 5733 1945 5788 Rom.
1978 5748 2094 5796 vni,
2128 5733 2209 5788 is.
2275 5734 2319 5766 "
2354 5729 2543 5786 Matth.
2579 5745 2652 5795 Vl,
2687 5730 2739 5784 9.
