3922 6488
255 289 350 346 ιε)

1371 304 1650 362 CONTRA
1692 309 2076 379 EUNOMIUM,
2119 313 2246 368 LIB.
2289 315 2328 371 Ι.

3369 323 3475 379 430

249 408 362 460 ἐστι
389 408 604 477 Πατὴρ,
639 411 731 464 καί
772 414 993 467 ταύτὸν
1017 415 1085 468 δὲ
1121 424 1566 492 σημαινόμενον
1595 427 1785 496 Πατήρ

1901 429 2060 482 Pater
2106 432 2364 501 ingenitus
2398 441 2496 493 est,
2552 436 2782 504 sequitur
2813 436 2978 491 Deum
3010 454 3118 490 esse
3164 439 3472 508 ingenitum,

247 498 400 550 ἐστιν
433 499 528 552 καὶ
578 501 927 570 ἁγέννητυς,
977 507 1074 560 διὰ
1110 509 1177 561 τό
1228 517 1648 583 γεγεννηκέναι
1693 519 1799 570 τὸν

247 587 378 651 nor,
416 592 449 643 ό
482 591 631 657 Θεός
658 592 828 647 ἐστιν
858 596 1206 666 ἀγέννητος.
1237 603 1464 673 Ἰδωμεν
1493 606 1670 660 τοίνυν
1702 609 1798 662 καὶ⁸

243 675 323 726 τὸν
345 675 438 744 τῆς
466 676 812 750 ἀναστροφῆς
841 682 1007 735 αὐτοῦ
1041 683 1217 754 λόγον,
1259 689 1376 752 πῶς
1409 691 1545 761 πρὸς
1579 694 1798 746 τούναν-

241 766 340 817 τίον
357 767 602 821 ἀναλύων
629 771 728 841 τὴν
751 771 847 824 τοῦ
877 777 1140 847 προτέρου
1168 780 1500 850 σοφίσματος
1527 784 1793 852 σύνθεσιν,

243 857 386 946 πάλιν
417 860 562 929 ἡμᾶς
594 863 684 914 καὶ
723 863 811 916 διὰ
855 867 1047 921 τούτου
1079 875 1198 935 ταῖς
1237 873 1497 942 ἀφύκτοις
1530 880 1796 948 ἀνάγκαις

241 943 703 1018 περιστοιχίζεται.
744 952 803 1006 '0
829 956 1089 1027 πρότερος
1117 955 1226 1030 εἶχε
1257 963 1610 1036 συλλογισμὸς
1640 968 1797 1023 τοῦτο

239 1036 292 1125 τί)
319 1036 511 1092 ἄτοπον
534 1055 548 1069 ⁸
587 1044 657 1095 Ei
693 1047 727 1097 ό
769 1047 975 1115 Πατὴρ
1006 1053 1285 1119 σημαίνει
1334 1055 1401 1108 τὸ
1446 1057 1517 1121 ἐξ
1549 1060 1797 1125 οὐδενὸς

237 1124 371 1180 εἶναι
400 1130 507 1183 τὸν
531 1133 701 1196 Θεὸν,
745 1135 814 1199 ἐξ
852 1137 1116 1208 ἀνάγκης
1145 1144 1209 1195 τὸ
1253 1147 1666 1214 γεγεννηκέναι
1691 1124 1798 1205 τὸν

238 1220 357 1272 Υιόν
379 1220 577 1274 οὐκέτι
619 1224 962 1291 ἐνδείξεται.
994 1225 1195 1296 Οὗτος,
1236 1235 1324 1288 διὰ
1351 1236 1449 1306 τῆς
1473 1239 1606 1307 πρὸς
1644 1242 1796 1293 τούνο

237 1311 394 1362 αντίον
432 1312 822 1386 ἀναστροφῆς,
852 1320 1046 1392 ἑτέραν
1075 1325 1206 1393 ἡμῖν
1235 1326 1466 1380 ἀτοπίαν
1513 1330 1654 1384 κατὰ
1699 1332 1793 1385 τοῦ

240 1403 492 1474 ἡμετέρου
514 1405 789 1477 δόγματος
813 1412 1223 1482 ἐπαγγέλλεται.
1266 1418 1362 1482 Τίς
1389 1415 1481 1473 οὖν
1505 1422 1537 1491 ή
1564 1421 1656 1475 τοῦ
1680 1424 1798 1477 ἐκεῖ

232 1492 512 1562 δειχθέντος
545 1499 836 1566 ἀνάλυσις;
864 1504 930 1557 Ei
959 1504 1054 1558 διὰ
1074 1506 1140 1560 τὸ
1165 1511 1604 1578 γεγεννηκέναι,
1637 1516 1791 1585 φησὶ,

234 1585 325 1635 τὸν
353 1586 502 1649 Πόν,
526 1591 561 1641 ὁ
587 1591 733 1657 Θεός
753 1592 883 1646 ἐστι
905 1594 1123 1665 Πατήρ.
1145 1598 1316 1653 Τοῦτο
1340 1602 1463 1671 ἡμῖν
1484 1604 1512 1656 ὁ
1538 1605 1794 1677 πρότερος

235 1675 572 1747 συλλογισμὸς
601 1681 662 1732 οὐ
692 1684 1056 1757 παρέστησεν,
1091 1688 1227 1742 ἀλλά
1260 1692 1338 1761 τῷ
1369 1693 1487 1762 μὲν,
1513 1675 1791 1761 δύνασθαι,

1898 521 2021 588 quia
2069 518 2270 574 Filium
2304 525 2479 592 genuit
2513 540 2534 577 .'
2569 527 2718 594 prius
2754 526 2937 596 igitur,
2959 545 3122 597 quant
3155 527 3359 582 Filium
3391 548 3477 599 ge-

1901 621 2127 672 neraret,
2162 629 2262 665 non
2291 625 2405 667 erat
2436 616 2718 685 ingenitus.
2747 616 3121 676 Discutiamus
3148 621 3312 692 igitur
3337 623 3477 676 haut:

1898 703 2018 770 ejus
2059 703 2113 754 in
2148 704 2481 757 contrarium
2511 708 2948 772 conversionem,
2989 719 3043 764 et
3073 711 3345 781 quomodo
3382 728 3475 781 per

1899 794 2097 862 prioris
2128 795 2430 865 syllogismi
2466 798 2857 853 resolutionem
2911 801 3350 859 ineluctabilibus
3381 820 3475 857 uo-

1897 884 1981 937 dis
2009 900 2109 939 nos
2138 887 2501 956 constringat,
2533 888 2912 958 dispiciamus.
2941 889 3101 945 Prior
3123 893 3472 964 syllogismus

1896 974 2040 1029 hanc
2075 975 2236 1031 nobis
2265 977 2657 1034 absurditatem
2693 981 3023 1050 objiciebat:
3059 981 3120 1038 Si
3157 983 3472 1038 vocabulum

1896 1064 2082 1120 Patris
2133 1068 2417 1137 signiﬁcat,
2473 1069 2639 1124 Deum
2682 1087 2748 1125 ea:
2779 1073 2929 1127 nulla
2976 1074 3084 1128 alia
3112 1091 3279 1128 causa
3329 1092 3467 1140 esse,

1897 1159 2188 1210 necessario
2217 1161 2471 1228 sequitur,
2506 1161 2598 1215 illo
2623 1163 2876 1218 vocabulo
2909 1182 3012 1219 non
3040 1166 3271 1235 amplius
3306 1167 3470 1236 signi-

1894 1245 2068 1313 ﬁcari,
2104 1246 2242 1317 quod
2289 1246 2490 1302 Filium
2531 1254 2786 1320 genuerit.
2832 1254 2900 1308 At
2947 1255 3051 1310 iste
3099 1257 3468 1327 syllogismus,

1895 1335 1982 1387 via
2027 1335 2082 1389 in
2135 1340 2476 1392 contrarium
2510 1357 2690 1407 versa,
2741 1344 2902 1397 aliam
2953 1346 3218 1399 doctrinae
3268 1355 3470 1401 nostras

1895 1426 2288 1483 absurditatem
2335 1430 2582 1500 imponit.
2622 1432 2754 1498 Quae
2801 1435 2966 1505 igitur
3001 1444 3084 1491 est
3130 1437 3234 1491 ista
3267 1437 3467 1506 prioris

1897 1518 2198 1588 syllogismi
2234 1521 2544 1577 resolutio?
2593 1523 2675 1589 Si,
2732 1525 2930 1596 inquit,
2969 1526 3108 1582 Deus
3158 1541 3239 1582 est
3278 1527 3464 1593 Pater,

1896 1611 2019 1678 quia
2056 1609 2258 1665 Filium
2289 1614 2486 1682 genuit.
2508 1613 2622 1670 Hoc
2645 1617 2794 1692 prior
2823 1619 3176 1690 syllogismus
3201 1636 3308 1674 non
3335 1635 3467 1675 con-

1900 1699 2126 1766 tinebat,
2149 1702 2243 1756 sed
2277 1702 2424 1757 istud
2471 1703 2586 1758 ﬁeri
2614 1719 2724 1759 non
2755 1721 2936 1775 posse,
2963 1717 3023 1762 ut
3064 1709 3109 1762 si
3138 1710 3464 1765 vocabulum

231 1766 274 1816 si
298 1767 350 1818 τὸ
370 1768 666 1839 ἀγέννητον
694 1773 787 1826 τοῦ
809 1775 1020 1846 Πατρὸς
1048 1781 1372 1852 σημανθείη,
1407 1785 1499 1837 καὶ
1529 1786 1625 1856 τὴν
1653 1789 1785 1859 πρὸς

1895 1790 2076 1844 Patris
2137 1790 2408 1859 signiticet
2461 1792 2674 1848 Patrem
2739 1765 3041 1866 ingenitum
3099 1812 3254 1860 esse,
3301 1797 3465 1852 simul
3564 1798 3570 1804 ’

233 1857 311 1909 τὸν
345 1858 466 1912 Υἱὸν
515 1863 706 1932 σχέσιν
745 1867 1030 1937 σημαίνειν
1073 1871 1105 1941 ἡ
1139 1872 1428 1928 ἀκολουθία
1477 1877 1568 1930 τοῦ
1603 1857 1788 1933 συλλο-

232 1948 409 2017 γισμοῦ
453 1949 622 2019 δῆθεν
648 1953 947 2014 ἐδείκνυεν.
996 1960 1068 2012 Τὸ
1099 1961 1156 2014 δὲ
1199 1962 1290 2016 διὰ
1335 1965 1492 2020 τοῦτο
1524 1967 1615 2021 τὸν
1655 1969 1788 2025 Θεὸν

231 2033 350 2092 εἶναι
380 2041 624 2114 Πατέρα,
655 2045 788 2100 διότι
813 2050 1106 2122 γεγέννηκε
1146 2053 1236 2106 τὸν
1274 2055 1418 2121 Υἱὸν,
1451 2058 1603 2112 οὐδὲν
1633 2063 1664 2132 ή
1693 2063 1788 2116 τοῦ

229 2133 472 2202 προτέρου
509 2137 846 2208 σοφίσματος
894 2146 1205 2216 κατασκευὴ
1246 2147 1554 2219 διωρίσατο.
1589 2145 1654 2205 Τί
1695 2151 1788 2207 οὖν

232 2223 330 2276 ἐστι
360 2225 415 2278 τὸ
440 2227 917 2300 ἀναστρεφόμενον
954 2234 1060 2287 ὑπὸ
1093 2236 1193 2306 τῆς
1235 2238 1574 2313 διαλεκτικῆς
1611 2260 1670 2296 τε
1696 2245 1791 2298 καὶ

230 2316 459 2385 τεχνικῆς
483 2318 786 2387 ἀγχινοίας,
811 2321 962 2376 οὔπω
995 2326 1237 2396 συνίημι.

287 2406 420 2478 Πλὴν
444 2408 587 2462 ἀλλά
631 2415 995 2486 σκοπήσωμεν
1041 2417 1142 2488 τήν
1176 2418 1285 2472 τῶν
1332 2421 1639 2492 εἰρημένων
1669 2425 1786 2480 διά-

226 2513 384 2550 νοιαν·
420 2501 488 2552 Ei
530 2500 631 2555 διὰ
673 2504 739 2557 τὸ
775 2509 1198 2578 γεγεννηκέναι
1240 2511 1346 2564 τὸν
1391 2514 1526 2568 Υιὸν
1569 2520 1604 2570 ό
1647 2520 1790 2585 Θεός

223 2590 372 2644 ἐστιν
398 2593 758 2662 ἀγέννητος,
794 2599 936 2666 πρὶν
981 2601 1269 2670 γεννῆσαι
1304 2605 1535 2674 τοῦτον,
1577 2611 1688 2664 οὐκ
1713 2607 1791 2681 ἦν

226 2682 556 2752 ἀγέννητος.
608 2688 776 2742 Πάλιν
818 2691 1033 2762 ἕτοιμος
1078 2695 1213 2763 πρὸς
1253 2697 1311 2749 τὸ
1350 2699 1657 2770 είρημένον,
1692 2704 1788 2756 καὶ

225 2773 403 2838 ἁπλοῦς
436 2778 546 2845 τῆς
576 2777 833 2849 ἀληθείας
860 2783 888 2834 ὁ
925 2781 1101 2851 λόγος·
1136 2786 1218 2838 ὅτι
1257 2787 1349 2840 καὶ
1375 2788 1435 2841 τὸ
1463 2793 1790 2862 γεγεννηκέ-

227 2881 299 2915 ναι
324 2866 406 2918 τὸν
438 2867 580 2921 Υίῦν
610 2871 644 2939 ἡ
686 2869 780 2923 τοῦ
814 2871 1028 2942 Πατρὸς
1069 2874 1399 2930 ἐνδείκνυται
1432 2878 1624 2950 κλῆσις
1644 2921 1659 2944 ,
1692 2899 1790 2934 κα-

225 2951 316 3017 θὼς
335 2956 462 3024 ἡμῖν
490 2958 558 3009 ὲν
586 2960 698 3021 τοῖς
727 2961 1136 3031 προειρημένοις
1161 2966 1662 3037 προαποδέδεικται,
1693 2977 1788 3025 καὶ

227 3043 274 3094 τὸ
298 3044 364 3113 μή
385 3046 442 3112 ἐξ
473 3047 664 3111 αἰτίας
692 3050 931 3104 νοεῖσθαί
973 3069 1120 3117 τινος
1161 3054 1251 3108 τὸν
1293 3059 1652 3128 γεννήσανταο
1693 3065 1788 3115 ἐὰν

229 3133 311 3200 μὲν
333 3135 434 3206 γὰρ
461 3137 607 3208 πρὸς
636 3139 696 3191 τὸ
722 3138 782 3206 ἐξ
807 3141 971 3195 αὐτοῦ
1006 3143 1230 3216 βλέπῃς,
1263 3148 1296 3217 ἡ
1330 3147 1422 3201 τοῦ
1452 3150 1788 3220 Μονογενοῦς

229 3226 497 3292 ὑπόστασις
536 3230 623 3284 διὰ
669 3232 769 3303 τῆς
799 3232 892 3286 τοῦ
927 3235 1138 3306 Πατρὸς
1183 3242 1553 3312 προσηγορίας
1591 3247 1788 3316 γνωρίο

227 3317 371 3380 (erat.
417 3321 554 3374 Ἐὰν
575 3321 630 3374 δὲ
653 3323 713 3375 τὸ
741 3323 845 3394 πρὸ
877 3325 1042 3378 αὑτοῦ
1069 3327 1349 3400 ἐξετάζῃς,
1383 3334 1416 3401 ἡ
1449 3332 1543 3385 τοῦ
1570 3335 1785 3405 [ἰατρὸς

227 3408 390 3478 κλῆσις
429 3413 494 3467 τὸ
534 3411 765 3484 ἄναρχον
798 3414 890 3467 τοῦ
926 3417 1016 3468 τὸν
1049 3417 1177 3472 Υίὸν
1200 3422 1588 3491 γεγεννηκότος
1621 3425 1787 3481 ἐνδεί-

227 3515 409 3552 κνυται·
459 3502 532 3555 τὸ
579 3502 636 3556 δὲ
687 3503 886 3572 λέγειν,
936 3507 1019 3559 ὅτι
1064 3509 1191 3580 πρὶν
1221 3511 1479 3582 γεννῆσαι
1523 3515 1613 3567 τὸν
1659 3515 1786 3569 Υίδν

226 3590 308 3642 οὐκ
332 3587 394 3663 ἦν
427 3593 725 3665 ἀγέννητος
754 3598 782 3648 ὁ
813 3596 965 3661 Θεὸς,
1004 3599 1194 3670 διπλῆν
1225 3602 1378 3672 φέρει
1422 3603 1520 3673 τὴν
1550 3621 1784 3675 κατηγο-

228 3683 330 3751 ρίαν
353 3685 426 3755 τῷ
447 3685 780 3758 λογογράφῳ
803 3706 818 3718 ·
852 3690 951 3760 τῆς
978 3708 1037 3743 τε
1063 3692 1185 3744 καθ’
1205 3693 1364 3762 ήμῶν
1399 3697 1781 3764 συκοφαντίας,

228 3773 304 3824 καὶ
330 3775 421 3845 τῆς
456 3776 606 3828 κατά
636 3777 728 3829 τοῦ
757 3779 1020 3850 δόγματος
1050 3779 1280 3852 ὕϐρεως·
1317 3783 1378 3836 τό
1415 3801 1474 3837 τε
1506 3786 1616 3855 γὰρ
1647 3787 1782 3858 μήτε

229 3863 356 3932 παρά
377 3864 471 3918 τοῦ
503 3864 822 3920 διδασκάλου
846 3867 1030 3940 ῥηθέν,
1061 3871 1197 3940 μήτε
1227 3871 1324 3924 νῦν
1354 3874 1482 3944 παρ’
1508 3874 1684 3944 ήμῶν,
1708 3874 1783 3938 ὡς

226 3951 632 4026 ὁμολογούμενον
664 3955 929 4030 διασύρειο
966 3961 1057 4013 καὶ
1085 3962 1176 4015 τὸν
1203 3961 1334 4016 Θεόν
1362 3981 1523 4035 φησιν
1556 3965 1780 4036 ὕστερόν

230 4059 340 4097 ποτε
395 4047 729 4118 γεγενῆσθαι
772 4051 1016 4123 Πατέρα,
1060 4051 1188 4105 ἄλλο
1232 4070 1286 4106 τι
1329 4053 1456 4108 ὄντα
1495 4056 1779 4127 πρότερον,

230 4135 308 4187 καὶ
332 4137 389 4191 οὐ
423 4137 668 4208 Πατέρα.
713 4138 790 4192 Δι’
835 4133 909 4195 ὧν
938 4140 1045 4213 γὰρ
1075 4142 1133 4194 τὸ
1161 4143 1361 4197 ἄτοπον
1390 4143 1483 4198 τοῦ
1517 4147 1780 4217 ἡμετέρου

225 4226 362 4296 λόγου
403 4232 829 4302 καταχλευάζει,
861 4235 959 4306 τὴν
994 4237 1184 4291 ἑαυτοῦ
1214 4240 1341 4312 περὶ
1372 4241 1433 4294 τὸ
1463 4241 1638 4312 δόγμα
1677 4260 1782 4297 πα-

229 4322 470 4391 ρανομίαν
507 4322 624 4393 βοᾷ.
667 4325 752 4388 Ὠς
774 4325 883 4396 γὰρ
901 4327 1325 4398 ὁμολογούμενον
1353 4331 1509 4404 ἔχων,
1542 4334 1621 4386 ὃτι
1652 4335 1779 4402 πρό-

1889 1881 2053 1935 etiam
2092 1880 2270 1937 Patris
2311 1882 2380 1936 ad
2423 1882 2623 1939 Filium
2672 1886 2994 1943 relationem
3029 1887 3324 1958 signiticet,
3356 1889 3463 1946 hoc

1890 1971 2098 2025 scilicet
2118 1971 2467 2042 syllogismus
2493 1973 2584 2027 ille
2617 1973 3048 2047 demonstrabat.
3089 1979 3159 2031 At
3191 1979 3244 2034 in
3277 1979 3464 2048 priore

1891 2065 2226 2134 sOphismate
2267 2081 2378 2118 non
2419 2067 2768 2121 asserebatur
2812 2068 2978 2122 Deum
3022 2069 3143 2124 ideo
3196 2086 3319 2126 esse
3356 2071 3462 2125 Pa-

1889 2164 2047 2221 trem,
2095 2157 2239 2224 quod
2281 2155 2478 2210 Filium
2515 2160 2781 2227 genuerit.
2820 2158 3083 2224 Quaenam
3130 2162 3296 2231 igitur
3347 2162 3464 2217 hac

1890 2245 1962 2296 sit
2004 2243 2284 2312 reciproca
2332 2243 2621 2299 conversio
2647 2260 2713 2298 ex
2752 2245 3035 2302 dialectica
3072 2255 3127 2304 et
3165 2248 3461 2305 artificiosa

1891 2333 2112 2386 solertia
2159 2332 2422 2400 proiecta,
2471 2348 2569 2403 ego
2609 2349 2716 2388 non
2768 2335 2946 2390 video.

1960 2422 2323 2476 Nihilominus
2359 2424 2732 2492 expendamus
2777 2441 2841 2480 ea
2907 2442 3027 2495 quae
3071 2429 3226 2485 dicit:
3253 2428 3314 2484 Si
3339 2445 3464 2498 pro—

1887 2521 2066 2580 pterea
2102 2510 2238 2564 Deus
2281 2522 2355 2564 est
2389 2512 2674 2588 ingenitus,
2723 2514 2848 2582 quia
2874 2512 3077 2568 Filium
3111 2518 3309 2586 genuit,
3336 2534 3460 2588 ergo

1887 2602 2201 2671 priusquam
2248 2581 2542 2671 generaret,
2599 2581 2858 2673 ingenitus
2902 2621 3007 2660 non
3053 2616 3188 2660 erat.
3248 2607 3463 2666 Rursus

1893 2692 2072 2748 facilis
2121 2702 2174 2746 et
2205 2693 2458 2762 expedita
2491 2693 2710 2747 veritati
2760 2697 3047 2764 responsio
3075 2703 3335 2768 suppetit,
3376 2701 3461 2754 ni—

1891 2786 2085 2838 mirum
2111 2783 2290 2840 Patris
2316 2785 2677 2854 appellatione
2696 2786 3012 2857 signiiicari,
3049 2804 3176 2843 eum
3204 2791 3462 2861 genuisse

1893 2873 2109 2939 Filium,
2135 2884 2296 2945 prout
2325 2884 2484 2930 antea
2515 2877 2951 2932 demonstratum
2978 2888 3084 2942 est,
3135 2895 3368 2950 eumque
3391 2897 3460 2936 ex

1892 2965 2039 3017 nulla
2061 2965 2167 3017 alia
2189 2979 2355 3019 causa
2378 2981 2500 3021 esse
2525 2985 2539 3021 :
2569 2981 2695 3020 nam
2728 2967 2774 3021 si
2811 2968 3076 3038 respicias
3123 2969 3191 3024 ad
3223 2971 3274 3024 id
3313 2973 3460 3043 quod

1892 3063 1975 3109 est
2006 3070 2070 3110 ex
2109 3055 2248 3124 ipso,
2284 3055 2557 3126 Unigeniti
2583 3056 2898 3127 hypostasis
2925 3074 3020 3130 per
3043 3059 3222 3116 Patris
3257 3079 3458 3118 nomen

1893 3145 2204 3201 innotescit.
2261 3145 2318 3200 Si
2357 3162 2487 3202 vero
2531 3149 2660 3220 quid
2702 3151 2855 3220 prius
2904 3152 3023 3219 ipso
3073 3154 3166 3216 sit,
3212 3153 3458 3224 indages,

1887 3233 2068 3290 Patris
2115 3239 2530 3292 nomenclatura
2569 3256 2599 3292 a
2641 3238 2802 3294 Patre
2836 3242 3090 3312 principii
3119 3252 3340 3316 experte
3369 3243 3462 3300 Fi»

1889 3326 2018 3379 lium
2041 3330 2282 3394 genitum
2309 3343 2432 3382 esse
2462 3331 2720 3385 ostendit.
2754 3330 3027 3386 Caterum
3081 3335 3265 3390 dicere
3289 3334 3460 3389 Deum

1888 3416 2043 3485 prius
2085 3432 2193 3472 non
2242 3417 2415 3473 fuisse
2463 3421 2788 3490 ingenitum,
2831 3437 2993 3491 quam
3041 3421 3234 3477 Filium
3295 3441 3458 3495 gene-

1889 3513 2054 3570 raret,
2095 3507 2300 3577 duplici
2330 3510 2756 3579 reprehensione
2779 3511 3202 3568 declamatorem
3237 3515 3460 3586 dignum

1885 3611 2009 3652 esse
2047 3600 2227 3669 arguit
2262 3618 2277 3653 :
2316 3609 2429 3654 tum
2477 3602 2547 3656 ob
2590 3604 3006 3674 sycophantiam
3057 3605 3319 3662 adversus
3359 3624 3460 3663 nos

1886 3697 2175 3754 structam,
2219 3699 2333 3744 tum
2368 3692 2439 3746 ob
2468 3695 2855 3749 contumeliam
2901 3695 3003 3765 ipsi
3051 3695 3317 3751 doctrina:
3342 3699 3461 3752 illa-

1885 3786 2017 3835 tam.
2064 3778 2198 3833 Nam
2247 3782 2394 3851 quod
2442 3800 2618 3853 neque
2656 3799 2688 3837 a
2731 3789 2993 3856 magistro
3055 3796 3248 3843 nostro
3281 3805 3460 3858 neque

1887 3882 1917 3920 a
1962 3869 2121 3923 nobis
2151 3868 2357 3925 dictqu
2389 3881 2494 3938 est,
2530 3873 2665 3927 illud
2693 3883 2952 3945 tauquam
2993 3891 3317 3932 concessum
3345 3889 3461 3932 tra-

1883 3957 2056 4023 ducit,
2098 3959 2282 4030 aitque
2330 3963 2496 4016 Deum
2553 3965 2790 4034 posteris
2839 3968 3057 4024 tandem
3118 3969 3456 4038 temporibus

1884 4045 2087 4102 factum
2133 4065 2256 4104 esse
2315 4049 2554 4117 Patrem,
2601 4069 2725 4107 cum
2779 4057 2933 4124 prius
2991 4057 3141 4111 aliud
3194 4058 3456 4128 quiddam

1881 4149 2044 4204 esset,
2074 4149 2128 4195 et
2153 4158 2263 4195 non
2298 4141 2478 4199 Pater.
2521 4143 2655 4198 Nam
2691 4147 2885 4202 iisdem
2925 4152 3285 4220 argumentis,
3314 4153 3455 4224 ‘qui-

1881 4232 1984 4286 bus
2017 4233 2211 4304 dogma
2239 4243 2487 4289 nostrum
2513 4245 2773 4307 tanquam
2803 4240 3101 4296 absurdum
3127 4244 3453 4311 subsannat,

1883 4323 2289 4393 improbitatem
2345 4344 2499 4382 suam
2540 4330 2688 4383 circa
2737 4331 2868 4387 illud
2910 4333 3087 4404 ipsum
3131 4335 3325 4407 dogma
3360 4353 3456 4408 pa-

226 4424 359 4479 τερον
384 4413 515 4466 ἀλλο
537 4431 589 4466 τι
611 4413 706 4478 ὢν,
739 4416 875 4484 μετά
898 4416 1070 4470 ταῦτα
1093 4419 1231 4471 κατά
1257 4422 1536 4494 προκοπὴν
1565 4425 1778 4492 ἐγένετό

1888 4414 2087 4470 tefacit.
2117 4415 2296 4471 Sumit
2323 4419 2466 4471 enim
2492 4421 2634 4473 velut
2655 4421 2767 4490 jam
2799 4424 3086 4492 probatura
3141 4436 3195 4481 et
3227 4442 3456 4483 conces-

224 4515 274 4552 τε
296 4503 381 4554 καὶ
404 4504 698 4578 ὠνομάσθη
727 4507 934 4578 Πατήρ’
962 4509 1119 4563 τοῦτό
1144 4529 1304 4581 φησιν
1324 4552 1338 4577 ,
1365 4514 1445 4567 ὅτι
1475 4516 1620 4584 Πρὶν
1650 4535 1780 4586 γεν-

224 4591 388 4659 νῆσαι
429 4596 540 4648 τὸν
574 4597 732 4660 Υἱόν,
764 4599 860 4651 καὶ
895 4599 990 4654 διὰ
1017 4603 1192 4656 τοῦτο
1230 4604 1523 4673 κληθῆναι
1552 4609 1776 4677 Πατὴρ,

224 4681 347 4734 οὐδὲ
367 4683 693 4754 ἀγέννητος
711 4684 808 4756 ἦν,
838 4689 1004 4758 ειπερ
1033 4693 1070 4758 τ)
1092 4693 1423 4762 ἀγεννησία
1444 4696 1518 4765 τῇ
1534 4699 1640 4752 τοῦ
1660 4704 1779 4752 Πα-

224 4773 342 4838 τρὸς
360 4776 566 4843 ἐννοίᾳ
588 4778 937 4846 γνωρίζεται.
968 4783 1136 4835 Τοῦτο
1159 4785 1290 4856 ὅσην
1313 4786 1424 4856 ἔχει
1443 4789 1542 4856 τὴν
1571 4790 1775 4854 ἄνοιαν,

223 4864 353 4919 οὐδὲν
380 4864 532 4937 οἶμαι
569 4869 680 4922 δεῖν
713 4870 806 4923 τοῦ
845 4873 1173 4944 ἐλέγχοντος·
1211 4877 1411 4941 ἱκανῶς
1449 4879 1556 4952 γὰρ
1587 4883 1678 4934 καὶ
1709 4883 1777 4936 δι’

226 4953 394 5010 ἑαυτοῦ
429 4960 726 5030 παρίστησι
753 4964 863 5024 τοῖς
898 4979 960 5030 γε
994 4965 1118 5018 νοῦν
1149 4966 1380 5036 ἔχουσιν.
1415 4969 1476 5024 Et
1510 4972 1616 5043 γὰρ
1652 4975 1778 5027 ἄλλο

224 5059 267 5094 τι
291 5040 409 5116 ipa-6
433 5049 565 5113 Θεὸς
615 5051 720 5119 πρὸ
744 5049 837 5102 τοῦ
867 5051 1117 5118 γενέσθαι
1166 5056 1371 5127 Πατήρ,
1404 5058 1456 5110 τί
1486 5040 1699 5130 ἐροῦσιν
1726 5064 1776 5116 oi

226 5138 502 5204 προστάται
542 5139 633 5191 τοῦ
671 5138 972 5210 δόγματος;
1021 5141 1108 5195 Ἐν
1132 5143 1260 5214 ποίᾳ
1284 5149 1614 5202 καταστάσει
1645 5149 1776 5205 θεω-

225 5225 410 5294 ρεῖσθαι
440 5229 708 5297 φήσουσι;
751 5229 816 5280 Τί
849 5228 1016 5300 ὄνομα
1052 5234 1116 5302 τῇ
1163 5233 1281 5286 τότε
1311 5234 1551 5308 διαγωγῇ
1580 5277 1594 5301 ,
1628 5241 1773 5307 παῖς,

224 5317 413 5384 νήπιον,
466 5317 682 5389 βρέφος,
726 5319 1041 5391 μειράκιον;
1084 5323 1155 5375 Ἢ
1180 5323 1382 5378 τούτων
1427 5326 1525 5396 μὲν
1561 5327 1775 5398 ἐροῦσιν

222 5407 371 5475 οὐδὲν,
398 5410 457 5462 τὸ
497 5411 795 5482 περιφανὲς
839 5411 967 5473 ἴσως
989 5412 1089 5483 τῆς
1122 5414 1349 5478 ἀτοπίας
1380 5415 1735 5488 ὲρυθριῶντες
1755 5459 1770 5484 ,

221 5496 400 5550 τέλειον
441 5500 498 5555 δὲ
532 5501 693 5554 αὐτὸν
735 5501 794 5567 ἐξ
825 5504 996 5574 ἀρχῆς
1026 5501 1160 5557 εἶναι
1199 5505 1297 5558 οὐκ
1338 5506 1771 5577 ἀπαρνήσονται;

222 5579 326 5638 εἶτα
354 5589 463 5652 πῶς
491 5589 693 5653 τέλειος
729 5593 893 5660 μήπω
923 5595 1103 5664 πατὴρ
1136 5591 1272 5647 εἶναι
1299 5595 1623 5666 δυνάμενος;
1659 5600 1690 5669 ἢ
1714 5600 1773 5653 τὸ

229 5675 314 5743 μὲν
344 5680 538 5752 ἰσχύειν
581 5682 682 5736 οὐκ
719 5684 1131 5754 ἀφαιρήσονται·
1167 5689 1398 5759 φήσουσι
1430 5687 1483 5740 δὲ
1524 5689 1597 5760 μή
1639 5693 1773 5763 πρέ.

1881 4518 2022 4570 sum,
2064 4506 2229 4561 Deum
2279 4509 2430 4578 prius
2487 4512 2693 4580 aliquid
2744 4514 2893 4568 aliud
2947 4516 3139 4584 fuisse,
3181 4528 3234 4574 et
3264 4529 3452 4590 postea

1879 4611 1975 4664 per
2014 4598 2338 4666 proiectum,
2371 4599 2585 4656 Patrem
2617 4603 2819 4659 factum
2849 4614 2902 4661 et
2935 4611 3261 4680 appellatum
3291 4628 3446 4668 esse:

1880 4686 2000 4742 ideo
2030 4689 2124 4754 ait,
2155 4692 2460 4762 priusquam
2489 4708 2756 4764 generaret
2785 4695 3005 4765 Filium,
3034 4711 3082 4754 et
3109 4703 3230 4758 inde
3261 4703 3445 4760 Patris

1880 4795 2064 4833 nomen
2115 4784 2389 4852 acciperet,
2451 4802 2513 4838 ne
2563 4787 2848 4858 ingenitum
2908 4792 3120 4861 quidem
3164 4795 3350 4864 fuisse,
3400 4798 3448 4851 si

1878 4867 2268 4925 innascibilitas
2318 4872 2497 4926 Patris
2548 4877 2749 4930 notioni
2772 4877 3027 4934 adhaeret.
3061 4880 3448 4938 Demonstrare

1877 4970 2140 5030 quantum
2193 4962 2308 5017 haec
2355 4966 2602 5020 stultitiae
2653 4969 3108 5038 complectantur,
3145 4988 3255 5026 non
3302 4973 3448 5028 arbi-

1879 5062 1994 5106 tror
2027 5054 2138 5108 ullo
2186 5055 2372 5111 labore
2413 5072 2551 5126 opus
2587 5074 2730 5114 esse.
2765 5059 2910 5116 Satis
2953 5063 3098 5116 enim
3133 5079 3230 5134 per
3261 5063 3466 5134 seipsa‘

1879 5146 2172 5201 amentiam
2220 5162 2375 5202 suam
2452 5149 2692 5220 produnt
2745 5153 2884 5223 apud
2941 5154 3066 5210 illos
3114 5155 3207 5224 qui
3264 5166 3445 5212 mente

1878 5253 1988 5290 non
2041 5248 2244 5293 carent.
2294 5241 2430 5294 Nam
2505 5243 2551 5297 si
2615 5243 2764 5298 aliud
2815 5245 3071 5315 quiddam
3125 5257 3243 5302 erat
3302 5247 3446 5306 Deus

1876 5330 2194 5400 priusquam
2243 5330 2442 5387 Filium
2491 5343 2794 5406 generaret,
2838 5336 2971 5405 quid
3022 5337 3206 5393 dicent
3251 5339 3444 5411 impie-

1877 5421 2004 5476 tatis
2038 5421 2199 5490 hujus
2237 5425 2614 5494 antesignani?
2652 5423 2709 5478 ln
2747 5441 2858 5493 quo
2900 5434 3048 5481 statu
3080 5442 3203 5482 eum
3233 5429 3446 5484 consti-

1875 5512 2063 5566 tuent?
2104 5512 2386 5578 Quodnam
2429 5531 2624 5570 nomen
2664 5517 2715 5570 ei
2756 5516 2810 5570 in
2857 5517 2952 5570 tali
2984 5519 3199 5572 vivendi
3233 5520 3447 5574 ratione

1875 5605 2176 5659 constituto
2229 5605 2544 5676 imponent?
2592 5605 2730 5661 Num
2797 5609 3145 5678 appellabunt
3177 5611 3444 5680 puero-ni?

1874 5694 2014 5752 Num
2065 5695 2325 5753 infantem
2366 5690 2660 5754 ténellum?
2694 5701 2776 5757 An
2809 5701 2946 5756 nihil
2997 5701 3192 5757 horum
3238 5701 3445 5769 dicent,
