3922 6464
487 234 581 282 4m
622 208 625 213 ί

1731 238 1790 294 S.
1817 237 2145 297 GREGORII
2174 242 2469 299 NYSSENI

3607 257 3697 313 452

488 342 835 399 manifestam
864 345 1258 402 absurditatem
1293 350 1530 416 reveriti,
1561 352 1973 427 perfectumque
1997 358 2063 410 ab

2172 378 2286 414 πειν
2314 359 2447 432 όμοῦ
2478 360 2555 432 τῷ
2581 358 2717 416 εῖναι
2747 362 2908 417 αὐτὸν
2955 364 3046 419 καὶ
3089 364 3306 437 Πατέρα
3348 361 3518 431 εἶναι;
3548 372 3632 424 καὶ
3659 374 3700 428 ει

488 437 646 491 initio
686 437 963 493 exstitisse
997 455 1104 493 non
1148 441 1574 498 intieiabuntur?
1624 445 1730 500 Sed
1784 451 2059 518 quomodo

487 527 785 597 perlectus,
845 529 936 598 qui
989 532 1219 585 necdum
1272 540 1427 602 pater
1471 550 1593 591 esse
1654 539 1934 607 potuerit?
1976 541 2057 594 An

487 621 737 690 potuisse
781 635 888 675 non
926 624 1227 693 negabunt,
1280 626 1374 680 sed
1414 642 1525 682 non
1559 628 1811 685 decuisse
1852 630 2057 692 dicent,

490 720 548 764 ut
592 710 825 765 simulac
852 722 1017 775 esset,
1064 714 1227 767 etiam
1262 730 1416 784 pater
1463 718 1644 773 esset?
1687 718 1754 771 At
1803 720 1848 774 si
1884 736 2061 789 neque

489 802 799 869 pulchrum,
848 818 1024 873 neque
1072 804 1329 859 decorum
1383 808 1431 862 ei
1481 816 1564 863 est
1606 809 1673 863 ab
1709 809 1864 863 initio
1890 810 2059 865 fuisse

490 889 702 947 Patrem
749 894 874 950 talis
906 893 1049 960 Filii,
1094 896 1367 965 quomodo
1402 913 1658 954 successu
1689 900 1975 970 temporis,
2005 901 2055 955 id

490 982 631 1048 quod
680 984 967 1050 pulchrum
1014 999 1120 1036 non
1150 991 1287 1049 erat,
1331 986 1655 1055 acquisivit?
1686 989 1755 1040 At
1797 1004 1945 1043 nunc
1975 996 2059 1045 est

493 1076 781 1143 pulchrum
813 1086 864 1129 et
902 1076 1319 1145 magniﬁcentiae
1359 1079 1555 1133 divina:
1585 1094 1888 1150 congruum
1934 1082 2058 1137 talis

494 1164 612 1219 Filii
672 1166 789 1221 ﬁeri
833 1177 1132 1237 parentem.
1182 1167 1351 1238 Igitur
1397 1169 1564 1225 Deum
1612 1169 1681 1224 ab
1724 1170 1880 1225 initio
1938 1172 2056 1240 ejus

494 1256 637 1324 quod
690 1258 976 1326 pulchrum
1036 1268 1139 1325 est,
1194 1267 1465 1313 exsortem
1537 1259 1706 1315 fuisse
1741 1260 1893 1314 aiunt
1937 1277 1952 1315 ς
2011 1273 2063 1317 et

2171 452 2247 523 μὴ
2295 452 2475 515 καλὸν,
2526 455 2659 522 μήτε
2716 454 2924 524 πρέπον
2966 455 3145 526 αὐτῷ,
3192 456 3251 509 τὸ
3287 457 3345 523 ἐξ
3389 458 3551 530 ἀρχῆς
3582 457 3701 517 εἶναι

2168 545 2387 616 Πατέρα
2429 545 2668 597 τοιούτου
2702 546 2928 611 Παιδὸς,
2959 547 3076 611 πῶς
3111 548 3315 618 προῖὼν
3354 548 3416 602 τὸ
3462 552 3531 621 μὴ
3564 554 3702 607 καλὸν

2166 632 2503 702 ἐπεκτήσατο
2527 650 2540 697 ;
2583 634 2740 687 Ἀλλά
2765 636 2923 688 καλόν
2957 638 3071 690 ἐστι
3093 637 3207 702 νῦν,
3233 638 3326 692 καὶ
3356 642 3422 710 τῇ
3456 642 3705 710 μεγαλειό-

2163 740 2287 794 τητι
2314 724 2406 777 τοῦ
2430 725 2561 778 Θεοῦ
2598 726 2803 795 πρέπον
2831 727 2891 779 τὸ
2918 728 3159 780 τοιούτου
3199 728 3449 795 γενέσθαι
3493 731 3701 800 Πατέρα.

2167 814 2371 866 Οὐκοῦν
2399 815 2661 885 ἀμέτοχον
2688 816 2848 871 αὑτὸν
2880 817 2973 871 τοῦ
3007 817 3169 871 καλοῦ
3198 818 3258 871 τὸ
3289 820 3560 889 καταρχὰς
3583 817 3702 873 εἶναι

2165 906 2655 971 κατασκευάζουσι·
2689 908 2781 961 καὶ
2822 908 2925 973 ἕως
2958 910 3057 963 οὐκ
3094 905 3205 980 εἶχε
3238 909 3328 962 τὸν
3371 911 3493 963 Υἱὸν
3533 915 3559 964 ὀ
3593 912 3705 974 Θεὸς

2165 994 2348 1063 (ἵλεως
2388 996 2445 1048 δὲ
2488 997 2573 1067 εἴη
2608 998 2686 1068 τῷ
2716 999 2856 1070 λόγῳ
2885 1001 2914 1052 ὁ
2960 999 3143 1069 Θεὸς),
3179 1001 3314 1071 μήτε
3361 1002 3542 1070 σοφίαν
3582 1002 3705 1072 ἔχειν

2164 1085 2323 1138 αὐτὸν
2345 1087 2546 1156 ἐροῦσι,
2577 1091 2712 1160 μήτε
2741 1090 2990 1161 δύναμιν,
3024 1092 3159 1162 μήτε
3186 1091 3460 1159 ἀλήθειαν,
3496 1095 3618 1164 μήτε
3646 1095 3706 1147 τά

2163 1174 2296 1227 ἀλλα
2328 1177 2519 1241 πάντα,
2556 1178 2655 1231 ὅσα
2694 1179 2836 1232 κατά
2862 1180 3147 1251 διαφόρους
3179 1182 3419 1245 ἐπινοίας
3444 1182 3472 1234 ό
3510 1200 3705 1253 μονογε-

2169 1264 2264 1336 νὴς
2287 1266 2411 1331 Υίὸς
2444 1267 2559 1321 ἐστι
2581 1286 2640 1322 τε
2671 1270 2763 1322 καὶ
2790 1270 3132 1341 ὀνομάζεται.

493 1354 736 1421 quandiu
784 1353 924 1407 Deus
961 1350 1156 1406 Filium
1192 1370 1297 1408 non
1340 1355 1572 1409 habebat
1626 1355 1916 1427 (ignoscat
1955 1355 2098 1415 Deus
2135 1362 2370 1416 orationi
2416 1364 2615 1432 mete),
2660 1381 2838 1435 neque
2890 1368 3213 1437 sapientiam
3262 1368 3415 1424 illum
3475 1369 3707 1426 habuisse

495 1446 698 1508 dicent,
742 1462 916 1513 neque
964 1447 1285 1514 potentiam,
1332 1463 1508 1517 neque
1555 1448 1835 1513 virtutem,
1882 1465 2058 1520 neque
2092 1454 2196 1507 alia
2252 1458 2603 1527 omnia,quae
2642 1461 2941 1514 secundum
2984 1459 3233 1515 diversas
3299 1463 3533 1517 rationes
3596 1464 3704 1517 uni-

493 1538 707 1607 genitns
730 1533 902 1589 Filius
947 1544 999 1588 et
1027 1549 1110 1590 est
1133 1545 1184 1591 ct
1206 1537 1524 1607 appellatur.

564 1627 760 1683 Verum
821 1628 933 1681 liaac
982 1628 1035 1681 in
1087 1629 1263 1696 capita
1322 1635 1604 1682 auctorum
1654 1635 2064 1684 convertantur.
2098 1621 2142 1675 Β

492 1717 662 1773 Nobis
709 1712 1349 1789 iterumregrediendum
1380 1727 1484 1784 est,
1515 1718 1657 1774 unde
1700 1720 1935 1789 digressi
1965 1735 2059 1774 su-

495 1826 637 1863 mus.
666 1807 744 1870 Si,
780 1809 976 1878 inquit,
1005 1808 1140 1862 Deus
1163 1820 1239 1863 est
1263 1808 1449 1872 Pater,
1485 1810 1609 1879 quia
1631 1812 1803 1880 genuit
1831 1809 2059 1876 Filium,

496 1899 680 1953 Patris
738 1916 854 1953 vero
904 1899 1213 1954 vocabulum
1252 1900 1539 1970 ingenitum
1585 1903 1875 1971 signiﬁcat,
1918 1912 2065 1957 ante-

494 2007 653 2059 quam
714 1991 871 2043 istnm
933 2000 1203 2060 generaret
1272 2007 1375 2044 non
1430 2001 1546 2045 erat
1600 1993 1878 2063 ingenitus.
1942 1993 2065 2048 llaec

500 2080 639 2133 forte
668 2080 886 2134 tolerari
922 2091 1163 2150 possent,
1198 2081 1244 2136 si
1279 2081 1348 2135 de
1394 2096 1483 2143 eo,
1510 2082 1654 2152 quod
1695 2083 1837 2153 apud
1885 2083 2065 2137 homi-

499 2188 595 2227 nes
616 2172 929 2240 contingere
952 2173 1107 2237 solet,
1151 2180 1551 2233 assererentur,
1590 2173 1732 2241 apud
1768 2188 1908 2242 quos
1948 2174 2064 2228 ﬁeri

502 2258 727 2328 nequit,
782 2265 841 2312 ut
911 2258 1247 2313 diversorum
1306 2259 1617 2313 studiorum
1679 2260 1894 2315 habitus
1950 2261 2069 2315 sine

501 2349 762 2417 temporis
807 2347 1161 2403 successione
1208 2349 1619 2419 ingenerentur,
1667 2350 1795 2404 dum
1843 2351 2069 2420 quilibet

499 2448 621 2507 post
648 2438 814 2491 alium
844 2439 1166 2509 acquiritur.
1198 2438 1252 2491 Si
1282 2440 1398 2509 pari
1427 2440 1589 2494 modo
1614 2440 1681 2494 de
1712 2441 1819 2495 Deo
1846 2441 2069 2495 ratioci-

501 2526 737 2579 nandum
772 2535 934 2590 esset,
955 2526 1111 2595 quasi
1160 2542 1305 2581 nunc
1328 2527 1546 2597 quidem
1586 2528 2068 2583 innascibilitatem

499 2617 768 2681 habuerit,
795 2624 979 2686 postea
1010 2632 1139 2670 vero
1164 2616 1394 2687 adeptus
1423 2621 1493 2673 sit
1516 2620 1837 2687 potentiam,
1875 2619 2070 2675 deinde

499 2705 991 2777 incorruptionem,
1020 2714 1141 2777 post
1173 2708 1289 2761 hac
1320 2710 1691 2777 prudentiam,
1719 2721 1770 2767 et
1806 2713 2072 2782 temporis

2253 1610 2409 1664 Ἀλλά
2430 1611 2603 1665 ταῦτα
2630 1613 2727 1682 μὲν
2760 1614 2838 1675 εἰς
2862 1612 3099 1685 κεφαλὴν
3127 1613 3234 1667 τῶν
3258 1615 3446 1668 αἰτίων
3467 1618 3700 1688 τραπείη.

2173 1699 2331 1769 Ἡμῖν
2363 1700 2419 1752 δὲ
2448 1700 2607 1754 πάλιν
2637 1701 2936 1769 ἐπανιτέον,
2963 1703 3085 1755 ὅθεν
3116 1703 3273 1774 ἐξέϐη
3284 1723 3401 1774 μεν.
3434 1710 3501 1759 El
3533 1707 3620 1760 διὰ
3653 1708 3706 1761 τὸ

2164 1791 2599 1860 γεγεννηκέναι,
2626 1794 2808 1864 φησὶν,
2841 1796 2876 1848 ὁ
2904 1795 3045 1861 Θεός
3072 1797 3202 1850 ἐστι
3226 1797 3444 1865 Πατήρ
3475 1801 3506 1851 ό
3525 1798 3587 1851 δὲ
3612 1803 3707 1853 Πα-

2161 1880 2272 1949 τὴρ
2327 1882 2393 1935 τὸ
2455 1882 2785 1952 ἀγέννητον
2848 1887 3161 1955 σημαίνει,
3239 1890 3380 1955 πρὶν
3439 1888 3702 1956 γεννῆσαι

2167 1972 2399 2035 τοῦτον,
2450 1975 2560 2027 οὐκ
2602 1970 2682 2044 ἦν
2713 1973 3062 2044 ἀγέννητος.
3122 1975 3307 2031 Ταῦτα
3346 1978 3395 2030 εἰ
3446 1978 3536 2048 μὲν
3588 1978 3707 2030 κατὰ

2163 2063 2262 2133 τὴν
2312 2066 2397 2117 ἐπ’
2449 2065 2751 2136 ἀνθρώπων
2786 2067 2933 2135 λέγοι
2988 2067 3300 2138 συνήθειαν,
3345 2069 3427 2138 ἐφ’
3478 2062 3547 2121 ὧν
3589 2069 3708 2137 ἀμή-

2165 2154 2329 2223 χανόν
2368 2156 2482 2207 ἐστι
2514 2156 2773 2210 πλειόνων
2800 2158 3250 2229 ἐπιτηδευμάτων
3277 2158 3388 2223 ἕξιν
3431 2159 3560 2212 κατά
3598 2160 3709 2211 ταὺ-

2163 2245 2255 2297 τὸν
2288 2246 2588 2316 κτήσασθαί
2616 2265 2754 2313 τινα,
2793 2249 2866 2320 μὴ
2896 2252 3037 2304 κατά
3073 2268 3192 2303 τινα
3229 2251 3419 2323 χρόνου
3462 2251 3602 2317 τάξιν
3628 2251 3709 2303 καὶ

2167 2336 2484 2390 ἀκολουθίαν
2520 2338 2748 2392 ἕκαστον
2798 2339 2908 2392 τῶν
2951 2343 3399 2413 σπουδαζομένων
3428 2340 3709 2411 ἀναλαμϐά-

2166 2443 2344 2480 νοντα.
2379 2430 2441 2480 Εί
2484 2429 2625 2482 οὕτω
2657 2430 2750 2482 καὶ
2788 2431 2879 2486 ἐπὶ
2918 2431 3011 2485 τοῦ
3045 2432 3180 2486 Θεοῦ
3215 2432 3322 2486 τῶν
3352 2433 3481 2486 ὅλων
3509 2432 3604 2484 ἔδει
3636 2432 3709 2483 λο-

2167 2518 2434 2588 γίζεσθαι,
2486 2521 2557 2585 ὡς
2591 2520 2685 2575 νῦν
2728 2523 2824 2593 μὲν
2873 2522 2971 2594 τὴν
3012 2525 3341 2594 ἀγεννησίαν
3388 2524 3542 2594 ἔχειν,
3592 2522 3707 2592 μετὰ

2166 2616 2341 2670 ταῦτα
2396 2615 2452 2670 δὲ
2504 2618 2937 2687 προσλαμϐάνειν
3006 2620 3103 2689 τὴν
3159 2617 3412 2687 δύναμιν,
3465 2611 3572 2668 εἶτα
3621 2612 3707 2682 τὴν

2168 2707 2499 2779 ἀφθαρσίαν,
2529 2706 2644 2761 εἶτα
2671 2712 2767 2780 τὴν
2801 2712 3077 2782 φρόνησιν,
3103 2711 3198 2763 καὶ
3233 2709 3483 2779 προϊόντα
3515 2705 3707 2774 Πατέρα

500 2814 759 2855 successu
802 2801 1223 2870 paternitatem,
1268 2801 1466 2857 deinde
1506 2802 1802 2873 justitiam,
1850 2803 2069 2858 tandem

2172 2799 2435 2867 γίνεσθαι,
2464 2800 2559 2851 καὶ
2600 2798 2759 2852 πάλιν
2793 2800 3019 2861 δίκαιον,
3059 2799 3152 2851 καὶ
3194 2798 3392 2867 ἐφεξῆς
3419 2797 3593 2858 ἀΐδιον,
3632 2793 3708 2846 καὶ

499 2892 878 2955 aeternitatem,
913 2900 1082 2961 utque
1145 2891 1272 2956 alia,
1310 2909 1432 2963 qua:
1474 2892 1581 2949 Deo
1632 2895 1837 2960 insunt,
1878 2895 2070 2950 ordine

2172 2892 2347 2944 πάντα
2371 2893 2469 2944 ὅσα
2498 2910 2563 2944 πε
2572 2892 2624 2963 ρὶ
2648 2892 2805 2945 αὑτὸν
2838 2892 3118 2960 θεωρεῖται
3141 2891 3232 2944 διά
3256 2908 3396 2953 τινος
3423 2885 3708 2947 ἀκολουθίας

499 2982 732 3049 quodam
768 2997 831 3035 ac
875 2985 1018 3038 Scrie
1069 2984 1433 3055 acquisierit:
1474 2984 1723 3041 fortassis
1768 2984 2066 3041 absurdum

2173 2985 2559 3057 προσκτᾶσθαι·
2601 2986 2659 3038 οὐ
2698 2985 2897 3056 σφόδρα
2938 2980 3005 3055 ἦν
3043 2985 3243 3038 ἄτοπον
3277 2985 3403 3046 ἴσως
3435 2982 3604 3051 ἕτερον
3627 2980 3708 3029 τοῦ

500 3089 610 3127 non
642 3082 787 3129 esset
817 3075 1158 3138 existimare,
1194 3076 1505 3141 nominum,
1532 3094 1652 3147 quae
1684 3079 1750 3133 de
1781 3077 1890 3133 Deo
1935 3094 2070 3148 prae-

501 3167 779 3228 dicantur,
821 3168 995 3221 altera
1039 3168 1228 3223 alteris
1275 3170 1459 3239 priora
1505 3186 1649 3235 esse,
1678 3177 1731 3225 et
1767 3169 1919 3240 prius
1945 3172 2068 3241 qui-

499 3256 623 3312 dem
671 3274 793 3313 esse
840 3259 1165 3328 ingenitum,
1193 3270 1382 3329 postea
1430 3262 1643 3317 Patrem
1689 3263 1953 3317 evasisse.
2001 3263 2072 3317 At

502 3364 631 3404 vero
656 3350 781 3418 quis
812 3351 949 3404 adeo
987 3350 1213 3418 abjectze
1246 3352 1443 3408 mentis
1475 3360 1580 3419 est,
1629 3361 1685 3409 et
1716 3354 1916 3407 divinm
1958 3370 2073 3408 ma-

500 3441 720 3510 jestatis
751 3442 883 3494 adeo
914 3441 1222 3509 imperitus,
1242 3443 1334 3513 qui
1365 3458 1585 3497 causam
1617 3445 1859 3499 omnium
1890 3460 2069 3499 rerum

504 3538 682 3585 mente
711 3531 1049 3600 concipiens,
1077 3547 1183 3586 non
1213 3533 1397 3587 omnia
1431 3548 1551 3604 qum
1580 3534 1648 3589 de
1680 3533 1789 3589 Deo
1812 3534 1898 3604 pie
1932 3534 2074 3588 aﬂir-

508 3631 747 3686 mantur,
788 3623 947 3677 simul
993 3634 1047 3679 et
1101 3625 1257 3693 quasi
1312 3639 1420 3677 uno
1465 3625 1773 3694 complexu,
1808 3625 1990 3679 animo
2021 3633 2075 3679 et

504 3716 832 3782 cogitatione
851 3714 1240 3784 apprehendat,
1260 3717 1352 3769 sed
1372 3715 1516 3769 aliud
1540 3717 1758 3787 quidem
1779 3716 2070 3785 posterius,

507 3802 649 3855 aliud
682 3803 750 3855 ab
775 3802 950 3864 initio,
980 3804 1125 3857 aliud
1174 3804 1228 3857 in
1270 3805 1448 3857 medio
1487 3805 1643 3874 quasi
1678 3819 1774 3874 per
1804 3819 2073 3858 consecu-

505 3896 671 3949 tionis
718 3896 963 3949 ordinem
1010 3894 1117 3951 Deo
1163 3895 1448 3951 advenisse
1513 3896 1708 3967 putet?
1757 3895 1873 3950 Non
1926 3896 2071 3949 enim

506 3987 619 4041 ﬁeri
653 3995 851 4056 potest.
880 3995 940 4041 ut
968 3986 1037 4050 is,
1071 3986 1184 4055 qui,
1213 4003 1334 4055 qua:
1362 3988 1427 4042 de
1458 3986 1568 4042 Deo
1594 3988 1683 4057 pie
1708 3987 2072 4050 aﬂirmantur,

504 4078 621 4130 olnt
650 4085 703 4129 et
736 4074 1051 4144 perlustrat,
1085 4075 1292 4128 incidat
1325 4076 1377 4129 in
1410 4076 1571 4129 aliam
1606 4075 1690 4129 vel
1720 4091 1831 4129 rem
1865 4076 1946 4130 vel
1976 4090 2075 4128 no-

509 4166 732 4229 tionem,
784 4180 905 4234 qute
949 4164 1335 4235 antiquitatem
1388 4166 1518 4220 dicti
1570 4164 1661 4219 Dei
1703 4165 2073 4227 transcendat,

506 4255 600 4311 sed
634 4271 794 4310 omne
832 4271 1027 4311 nomen
1070 4256 1259 4325 pietati
1310 4263 1762 4320 consentaneum,
1805 4262 1859 4310 et
1896 4256 2074 4314 omnis

2172 3078 2356 3149 ἐτέρου
2405 3077 2751 3149 προτερεύειν
2810 3076 2917 3131 τῶν
2970 3075 3096 3147 περὶ
3150 3074 3247 3128 τὸν
3290 3074 3419 3127 Θεὸν
3461 3072 3708 3141 ὀνομάτων

2170 3168 2375 3223 οἴεσθαι
2406 3207 2420 3229 ,
2451 3168 2543 3221 καὶ
2571 3166 2829 3237 πρότερον
2864 3164 2961 3236 μὲν
2986 3165 3301 3233 ἀγέννητον,
3330 3161 3461 3233 μετά
3487 3160 3537 3213 δὲ
3560 3156 3707 3211 ταῦτα

2173 3259 2392 3330 Πατέρα
2438 3257 2759 3328 γεγενῆσθαι
2802 3257 2997 3324 λέγειν.
3027 3256 3164 3308 Νυνὶ
3191 3256 3252 3308 δὲ
3287 3254 3368 3317 τίς
3393 3253 3526 3306 οὕτω
3548 3265 3709 3304 ταπει-

2172 3350 2257 3414 νὸς
2291 3350 2384 3420 τὴν
2410 3350 2662 3411 διάνοιαν,
2694 3348 2787 3400 καὶ
2817 3348 2915 3417 τῆς
2941 3345 3047 3399 τῶν
3079 3345 3240 3398 θείων
3268 3346 3539 3414 δογμάτων
3567 3356 3710 3413 μεγα⁴

2172 3441 2393 3510 λοφυῗαετ
2439 3440 2716 3512 ἀμύητος,
2765 3438 2904 3491 ὥστε
2945 3436 3044 3507 τὴν
3093 3436 3275 3490 αἰτίαν
3308 3434 3412 3488 τῶν
3443 3433 3597 3486 ὄντων
3643 3430 3709 3490 εἰς

2174 3533 2295 3585 νοῦν
2320 3530 2519 3597 λαϐὼν,
2567 3530 2641 3601 μὴ
2703 3530 2919 3582 πάντων
2968 3527 3109 3581 κατά
3152 3527 3347 3579 ταύτὸν
3394 3524 3582 3593 ἀθρόαν
3632 3518 3709 3571 καὶ

2176 3623 2683 3693 συγκεκροτημένην
2722 3621 2830 3672 τῶν
2864 3620 2990 3689 περὶ
3027 3618 3116 3671 τὸν
3147 3617 3281 3670 Θεὸν
3319 3614 3543 3675 εὐσεϐῶς
3582 3627 3709 3663 νοου-

2180 3717 2351 3786 μένων
2381 3712 2664 3766 ἀναλαϐεῖν
2694 3711 2789 3781 τὴν
2822 3711 3079 3765 διάνοιαν
3110 3708 3247 3763 ἀλλά
3272 3709 3330 3761 τὸ
3366 3708 3457 3777 μὲν
3491 3704 3707 3771 ὓστερον,

2173 3808 2233 3859 τὸ
2270 3807 2325 3858 δὲ
2356 3806 2475 3858 κατ’
2505 3804 2697 3874 ἀρχὰς,
2730 3802 2914 3872 ἕτερον
2947 3800 3001 3853 δέ
3034 3818 3086 3854 τι
3127 3800 3213 3852 διὰ
3267 3799 3424 3869 μέσου
3455 3793 3581 3848 κατά
3608 3804 3710 3842 τινα

2173 3896 2376 3963 τάξεως
2431 3894 2748 3949 ἀκολουθίαν
2820 3890 3290 3964 προσγεγενῖγςθαι
3358 3885 3607 3957 νομίξεινς
3657 3879 3706 3932 οὐ

2175 3986 2282 4055 γὰρ
2314 3986 2480 4047 ἐστιν,
2514 3984 2571 4036 ἓν
2605 4001 2655 4035 τι
2695 3982 2773 4051 τῷ
2806 3980 3049 4051 λογισμῷ
3079 3977 3339 4033 διαϐάντα
3368 3975 3471 4029 τῶν
3493 3973 3607 4043 περὶ
3634 3968 3708 4021 τὸν

2177 4077 2306 4128 Θεὸν
2353 4074 2588 4137 εὐσεϐῶς
2615 4074 2943 4144 λεγομένων.
2982 4074 3219 4140 ἐντυχεῖν
3250 4070 3417 4140 ἑτέρῳ
3459 4066 3709 4136 πράγματι

2176 4165 2208 4235 ἢ
2239 4165 2467 4234 νοήματι
2498 4163 2525 4215 ὅ
2556 4163 2652 4233 τῆς
2681 4162 2773 4214 τοῦ
2823 4161 3077 4233 ῥηθέντος
3119 4159 3469 4230 ἀρχαιότητος
3499 4156 3710 4221 ὑπεραρ-

2177 4253 2336 4322 θῆναι
2388 4253 2691 4322 δυνήσεται.
2752 4250 2909 4302 Ἀλλά
2955 4249 3061 4301 πᾶν
3108 4247 3280 4317 ὄνομα
3312 4247 3468 4307 θεῖον,
3505 4241 3589 4295 καὶ
3619 4238 3710 4289 πᾶν

509 4346 619 4401 Deo
649 4356 962 4418 competens
1004 4348 1289 4417 cogitatio,
1317 4346 1609 4417 omnisque
1651 4347 1834 4416 lingua
1872 4353 1925 4400 et
1960 4345 2070 4400 exi-

2183 4342 2590 4413 μεγαλοπρεπὲς
2614 4344 2790 4411 νόημα
2813 4380 2827 4403 ,
2860 4341 2951 4393 καὶ
2986 4341 3131 4392 πᾶσα
3159 4338 3396 4406 γλῶσσα,
3423 4334 3510 4388 καὶ
3538 4328 3712 4395 ὑπόλη-

508 4440 772 4505 stimatio,
819 4455 939 4509 qua:
977 4440 1296 4496 notionibus
1335 4440 1402 4495 de
1453 4439 1563 4495 Deo
1617 4440 1893 4503 convenit,
1944 4453 2075 4492 con-

509 4545 647 4585 nexa
689 4538 742 4585 et
777 4530 929 4583 unita
963 4537 1049 4585 est
1091 4545 1214 4584 eum
1256 4529 1446 4592 altera,
1490 4543 1789 4599 omnesque
1816 4527 2072 4598 junctim,

509 4624 716 4692 absque
767 4621 1197 4689 interruptione,
1241 4628 1294 4675 et
1351 4620 1505 4690 quasi
1558 4621 1613 4674 in
1660 4636 1827 4674 unum
1886 4627 2076 4674 mutuo

508 4720 802 4783 congestae,
854 4711 910 4765 in
964 4711 1073 4765 Deo
1127 4710 1534 4780 concipiuntur,
1579 4718 1638 4764 ut
1688 4709 2073 4773 mansuetudo,

513 4804 930 4868 innascibilitas,
960 4801 1220 4872 potentia,
1254 4802 1610 4872 incorruptio,
1646 4801 1886 4865 bonitas,
1922 4809 2077 4871 pote-

511 4906 643 4954 stas.
670 4903 725 4948 et
751 4894 929 4947 omnia
966 4894 1094 4947 alia.
1129 4891 1245 4947 Non
1288 4894 1433 4948 enim
1460 4891 1680 4963 aliquod
1709 4906 1776 4947 ex
1801 4892 1887 4947 bis
1919 4891 2076 4945 attri-

511 4985 659 5039 butis
715 4983 826 5050 Dei,
892 4985 1111 5041 divisim
1166 4985 1322 5055 quasi
1376 4986 1444 5039 ab
1502 4985 1623 5039 aliis
1678 4995 1973 5047 resectum,
2023 4993 2077 5039 et

511 5076 763 5141 seorsim,
797 5077 1093 5132 secundum
1128 5075 1421 5147 temporale
1448 5074 1667 5144 aliquod
1706 5073 2074 5139 intervallum,

513 5184 770 5241 tanquam
820 5172 991 5225 altero
1027 5171 1179 5240 prius
1228 5169 1309 5224 vel
1342 5168 1616 5239 posterius
1655 5174 1955 5237 spectatur,
1981 5166 2077 5222 sed

512 5261 895 5330 quodcumque
924 5276 1121 5316 nomen
1145 5260 1343 5315 divina:
1370 5257 1783 5329 magnificentia:
1810 5268 1863 5312 et
1892 5258 2077 5327 pietati

513 5367 822 5422 congruens
872 5353 1164 5422 repereris,
1213 5351 1343 5405 illud
1395 5350 1687 5405 aeternitati
1715 5349 1805 5405 Dei
1851 5365 2079 5418 respon-

515 5439 627 5495 det.
664 5440 1132 5506 Quemadmodum
1165 5440 1328 5509 igitur
1356 5454 1634 5509 nunquam
1660 5439 1925 5492 allirmare
1951 5439 2078 5492 licet

517 5530 683 5584 Deum
719 5546 828 5585 non
855 5548 975 5588 esse
1004 5532 1229 5595 bonum,
1255 5546 1365 5585 non
1389 5530 1629 5600 potentia
1658 5528 1968 5598 praeditum,
1994 5530 2077 5583 vel

516 5619 918 5693 incorruptum,
971 5622 1056 5677 vel
1104 5620 1466 5676 immortalem
1498 5637 1512 5675 :
1537 5620 1656 5691 pari
1706 5617 1865 5673 modo
1908 5619 2077 5688 pietas

2180 4436 2290 4505 ψις.
2316 4438 2434 4498 ταῖς
2462 4436 2587 4503 περὶ
2618 4433 2751 4486 Θεοῦ
2784 4434 3011 4494 ἐννοίαις
3052 4431 3381 4500 ἁρμόζουσα,
3418 4425 3708 4494 συνήρτηται

2183 4527 2317 4598 πρὸς
2360 4528 2455 4596 τὴν
2488 4527 2674 4595 ἑτέραν
2699 4525 2790 4579 κοιλ⁵
2814 4526 3036 4594 ἥνωταιο
3068 4524 3159 4575 καὶ
3187 4524 3354 4575 πᾶσαι
3384 4518 3515 4571 κατά
3538 4516 3591 4567 τὸ
3614 4528 3712 4563 συν·

2182 4620 2298 4689 εχὲς
2354 4618 2547 4687 ἀθρόαι
2588 4616 2681 4669 καὶ
2720 4613 3223 4686 συγκεκροτημέναι
3271 4613 3385 4683 μετ’
3416 4600 3708 4689 ἀλλήλωναὶ

2182 4688 2309 4781 περὶ
2331 4707 2422 4762 τοῦ
2457 4707 2591 4760 Θεοῦ
2626 4706 2916 4776 ὑπολήψεις
2948 4700 3515 4774 καταλαμϐάνονται.ἠ
3542 4688 3710 4760 πατρὸ-

2180 4819 2299 4871 της,
2332 4803 2365 4871 ἠ
2401 4799 2709 4869 ἀγεννησία,
2762 4800 2794 4867 ή
2826 4798 3084 4867 δύναμις,
3131 4798 3163 4865 ἡ
3193 4792 3461 4863 ἀφθαρσία
3483 4791 3552 4857 ,ἡ
3590 4786 3709 4850 ἀγα-

2183 4893 2341 4963 θότης
2361 4932 2374 4953 ,
2403 4892 2435 4961 ἠ
2474 4888 2691 4954 ἐξουσία
2710 4931 2724 4955 ,
2767 4889 2833 4941 τὰ
2859 4887 2990 4943 ἄλλα
3021 4888 3213 4939 πάντα⁶
3246 4886 3304 4938 οὑ
3348 4884 3452 4953 γὰρ
3482 4871 3710 4951 διῃρημέ·

2185 4999 2287 5043 νως
2310 4980 2511 5034 τούτων
2544 4981 2789 5039 ἕκαστον,
2816 4978 2925 5031 τῶν
2953 4977 3151 5031 λοιπῶν
3186 4971 3610 5045 ἀποτετμημένον
3635 4964 3707 5033 ἐφ’

2184 5070 2375 5125 ἐαυτοῦ
2404 5072 2543 5125 κατά
2568 5087 2619 5123 τι
2641 5071 2886 5141 χρονικὸν
2908 5070 3177 5141 διάστημα
3205 5070 3400 5121 νοεῖται
3423 5105 3435 5124 ,
3460 5063 3529 5126 ὡς
3550 5071 3710 5129 προτε-

2187 5162 2341 5234 ρεῦον
2381 5162 2587 5231 ἐτέρου,
2624 5162 2655 5231 ἢ
2692 5160 3043 5231 ἐφεπόμενον·
3092 5159 3201 5213 ἀλλ’
3252 5160 3385 5228 ὅπερ
3426 5155 3486 5209 ἂν
3536 5146 3706 5218 εὐρεοῇ

2188 5252 2597 5324 μεγαλοπρεπές
2636 5269 2696 5306 τε
2738 5252 2835 5307 καὶ
2866 5252 3087 5315 εὐσεϐὲς
3126 5252 3314 5321 ὄνομα,
3366 5250 3430 5319 τῇ
3481 5242 3708 5307 ἀῖδιότητι

2136 5381 2140 5383 -
2182 5345 2274 5399 τοῦ
2319 5345 2451 5398 Θεοῦ
2488 5347 2927 5417 συνεμφαίνεται.
2980 5345 3067 5409 Ὠς
3099 5342 3188 5400 οὖν
3216 5346 3313 5398 οὐκ
3359 5342 3497 5395 ἐστιν
3537 5334 3706 5390 εἰπεῖν,

2187 5435 2260 5507 μὴ
2294 5432 2429 5489 εἷναί
2460 5452 2586 5489 ποτε
2614 5437 2704 5489 τὸν
2735 5437 2868 5491 Θεὸν
2893 5437 3112 5505 ἀγαθὸν,
3141 5437 3173 5507 ἢ
3201 5433 3437 5497 δυνατὸν,
3463 5429 3494 5501 ἢ
3527 5424 3710 5495 ἀφθαρ-

2182 5544 2291 5594 τον,
2319 5527 2351 5597 ἦ
2388 5527 2669 5581 ἀθάνατον·
2714 5528 2853 5581 κατά
2886 5529 2977 5580 τὸν
3004 5529 3161 5581 αὑτὸν
3189 5527 3380 5597 τρόπον
3410 5518 3588 5579 ἀσεϐές
3610 5515 3707 5597 ἔστι

2187 5618 2261 5689 μὴ
2311 5618 2395 5671 ἀεὶ
2431 5619 2578 5690 αὐτῷ
2616 5622 3053 5692 προσμαρτυρεῖν
3103 5620 3200 5691 τὴν
3228 5596 3563 5687 Ῠπατρότητα·
3607 5596 3706 5656 ἀλλ’
