3922 6476
209 456 299 511 ιόὅ

1327 456 1605 513 CONTRA
1643 457 2040 525 EUNOMIUM,
2074 459 2201 517 LIB.
2242 461 2286 517 1.

3327 470 3428 525 434

208 575 410 642 ὕστερον
438 572 904 641 προσγεγενῆσθαι
936 572 1135 640 λέγειν.
1176 573 1234 626 ’0
1261 575 1368 645 γὰρ
1406 575 1618 645 ἀληθῶς
1645 578 1750 630 Πα-

1857 577 2045 646 exigit,
2096 586 2155 632 ut
2209 578 2316 633 Deo
2373 594 2586 649 semper
2644 583 3021 651 paternitatem
3069 581 3426 645 ascribamus,

206 669 311 732 τὴρ,
341 662 421 714 ἀεὶ
442 662 649 731 Πατήρ·
679 663 728 713 εἰ
747 661 805 713 δὲ
837 661 911 732 μὴ
937 661 1161 732 προσείη
1187 661 1249 713 τὺ
1271 662 1356 714 ἀεὶ
1380 666 1447 733 τῇ
1475 664 1753 735 ὁμολογίᾳ,

204 754 323 807 ἀλλά
367 770 447 815 τις
489 752 669 805 ἔννοια
725 752 866 805 κατὰ
913 752 973 805 τὸ
1022 752 1248 823 μάταιον
1295 756 1752 827 προεπινοουμένη

122 850 123 853 “
204 844 348 899 amt
356 862 462 915 μοι,
488 847 584 897 stall.
608 843 959 897 κολοόὡσειεν
981 846 1074 897 ἐπὶ
1097 844 1155 898 τὸ
1176 844 1286 898 ἄνω
1304 847 1403 916 τὴν
1424 845 1516 899 τοῦ
1543 846 1755 915 Πατρὸς

202 938 407 995 ἔννοιαν,
436 935 621 988 οὐκέτι
656 935 717 987 τὸ
758 934 971 1005 άληθῶς
1011 936 1199 1005 Πατὴρ
1230 931 1368 989 εἶναι
1397 935 1599 1006 κυρίως
1627 937 1755 1005 ὀμο-

203 1026 564 1095 λογηθήσεται,
609 1025 711 1095 τῆς
740 1025 945 1087 ἐννοίας
968 1024 1182 1096 ἐκείνης
1206 1028 1307 1095 τῆς
1334 1026 1425 1078 τοῦ
1457 1025 1584 1078 Υἱοῦ
1623 1043 1756 1095 προ-

202 1116 591 1187 επινοουμένης,
611 1115 1113 1187 παραγραφομένης
1139 1117 1198 1167 τὸ
1221 1115 1384 1168 ἀΐδιον
1406 1114 1498 1169 καὶ
1512 1115 1755 1186 διηνεκὲς

199 1215 284 1283 τῇς
309 1212 664 1281 πατρὸτητος.
710 1211 832 1273 Πῶς
882 1210 991 1280 γὰρ
1030 1209 1255 1262 δυνατὸν
1300 1209 1358 1262 τὸ
1406 1209 1541 1279 μετὰ
1585 1208 1755 1263 ταῦτά

201 1319 311 1354 ποτε
336 1302 626 1371 γενόμενον
654 1301 888 1355 νοεῖσθαι
919 1300 948 1352 ὃ
978 1300 1070 1352 νῦν
1101 1299 1350 1367 λέγεταις
1384 1301 1445 1352 El.
1472 1295 1563 1353 οὖν
1605 1299 1755 1371 πρῶ-

198 1412 273 1446 τον
300 1395 589 1464 ἀγέννητος
622 1394 697 1447 ὢν
726 1396 864 1464 μετὰ
887 1393 1055 1447 ταῦτα
1083 1395 1317 1462 ἐγένετο,
1350 1394 1438 1447 καὶ
1462 1393 1753 1465 ὠνομάσθη

200 1487 386 1555 Πατὴρ,
415 1486 521 1538 οὐκ
564 1486 652 1540 ἀεὶ
692 1482 760 1557 ἦν
808 1487 1023 1548 πάντως
1057 1486 1085 1539 ὃ
1131 1486 1225 1541 νῦν
1254 1488 1596 1558 ὀνομάζεται·
1631 1489 1659 1540 ὁ
1697 1488 1753 1541 δὲ

197 1576 309 1638 Θεὸς
332 1576 358 1628 ὃ
380 1576 474 1629 νῦν
497 1580 639 1639 ἐστι,
672 1579 764 1631 καὶ
786 1575 871 1631 ἀει
902 1578 1069 1640 ἐστιν,
1105 1576 1227 1630 οὔτε
1252 1577 1471 1648 χείρων,
1493 1576 1616 1630 οὔτε
1643 1576 1753 1646 βελ.

195 1667 307 1718 τίων
340 1668 401 1719 ὲκ
440 1658 762 1737 προσθήκης
790 1667 1101 1739 γενόμενος,
1131 1668 1254 1721 οὗτε
1282 1687 1332 1722 τι
1361 1669 1487 1724 ἄλλο
1513 1670 1569 1737 ἐξ
1593 1670 1752 1724 ἄλλου

199 1757 607 1828 μεταλαμϐάνων
639 1760 731 1812 καὶ
763 1760 1170 1831 ἀλλοιούμενος,
1202 1762 1315 1815 ἀλλ’
1344 1764 1373 1814 ὁ
1411 1764 1570 1826 αὑτός
1609 1764 1753 1815 ἐστιν

196 1850 349 1920 ἑαυτῷ
379 1851 486 1904 ἀεί.
524 1852 587 1903 Εἰ
620 1851 716 1921 μὲν
740 1848 831 1905 οὖν
866 1853 966 1905 οὐκ
994 1850 1060 1923 ἦν
1088 1854 1146 1918 ἐξ
1179 1855 1351 1925 ἀρχῆς
1382 1856 1601 1925 Πατὴρ,
1629 1854 1750 1907 οὔτε

1864 685 2035 738 neque
2067 686 2185 723 eam
2217 672 2490 741 posterius
2521 673 2739 727 tandem
2773 673 2950 729 eidem
2979 674 3269 729 advenisse
3303 688 3430 729 sen-

1862 760 2084 816 tiamus.
2116 762 2248 817 Nam
2276 763 2369 833 qui
2392 778 2519 818 vere
2546 762 2709 818 Pater
2734 776 2839 827 est,
2868 781 3082 835 semper
3112 764 3273 820 Pater
3297 773 3383 821 est
3410 807 3421 821 .

1861 857 1914 904 et
1944 850 2050 904 nisi
2098 850 2243 906 istud
2290 868 2490 920 semper
2531 852 2596 907 ad
2640 852 3037 908 confessionem
3080 852 3425 924 adiungatur,

1862 939 1957 994 sed
1976 956 2114 994 vana
2135 941 2378 1011 quaedam
2406 944 2663 1012 cogitatio
2694 945 2969 998 notionem
2994 942 3169 999 Patris
3196 960 3429 1014 superne

1862 1032 2016 1099 quasi
2042 1041 2284 1102 amputet
2313 1045 2367 1088 et
2404 1036 2639 1101 mutilet,
2682 1050 2791 1088 non
2824 1035 3022 1105 poterit
3050 1036 3284 1105 amplius
3310 1051 3430 1109 pro-

1863 1127 1975 1193 prie
2001 1122 2162 1178 Pater
2189 1127 2392 1192 vocari,
2426 1128 2782 1198 conceptione
2808 1128 2920 1189 illa,
2944 1142 3066 1196 qua:
3094 1127 3246 1197 prius
3267 1144 3426 1196 quam

1861 1213 2029 1269 Filius
2067 1216 2302 1279 exsistit,
2341 1218 2574 1283 elicitur,
2609 1217 3095 1273 circumscribente
3130 1217 3429 1287 paternita-

1863 1306 1931 1360 tis
2007 1306 2361 1361 aeternitatem
2410 1315 2464 1361 et
2513 1323 2779 1377 nusquam
2832 1308 3141 1363 intercisatn
3186 1309 3430 1362 duratio—

1860 1411 2003 1451 nem.
2039 1395 2324 1461 Quomodo
2365 1399 2510 1451 enim
2563 1398 2677 1451 ﬁeri
2717 1405 2914 1466 potest,
2954 1408 3012 1451 ut
3049 1396 3197 1467 quod
3242 1407 3425 1466 postea

1860 1487 2060 1542 factum
2093 1494 2200 1552 est,
2249 1487 2300 1539 id
2336 1488 2487 1556 prius
2533 1503 2655 1541 esse
2695 1488 3048 1556 intelligatur,
3092 1486 3239 1555 quod
3283 1502 3428 1542 nunc

1858 1578 2100 1633 dicitur?
2125 1578 2179 1632 Si
2212 1578 2377 1649 igitur
2401 1578 2574 1649 primo
2597 1594 2720 1632 cum
2750 1586 2896 1633 esset
2920 1578 3217 1648 ingenitus,
3240 1586 3426 1648 postea

1860 1669 2034 1724 factus
2069 1677 2122 1724 et
2152 1669 2454 1739 appellatus
2488 1677 2571 1724 est
2603 1668 2785 1733 Pater,
2817 1669 3040 1723 omnino
3070 1684 3175 1721 non
3214 1683 3428 1737 semper

1857 1769 1976 1818 erat
2009 1761 2092 1826 id,
2118 1761 2261 1832 quod
2292 1777 2436 1815 nunc
2464 1761 2776 1815 nominatur
2810 1779 2822 1815 :
2852 1768 2907 1813 at
2938 1760 3110 1823 Deus,
3142 1762 3284 1829 quod
3318 1758 3424 1827 iam

1857 1860 1963 1916 est,
2005 1868 2222 1923 semper
2251 1863 2357 1920 est,
2397 1861 2452 1906 et
2493 1868 2668 1921 neque
2712 1852 2971 1917 deterior,
3012 1867 3189 1920 neque
3233 1852 3425 1905 metior

197 1940 315 2008 μετὰ
338 1940 512 1994 ταῦτα
544 1942 782 2008 ἐγένετο.
814 1942 878 1994 El.
911 1942 967 1995 δὲ
992 1943 1332 2012 ὁμολογεῖται
1362 1942 1500 1996 εἶναι
1529 1944 1745 2014 Πατήρ’

1855 1945 1959 1997 ulla
1987 1943 2263 1998 additione
2286 1944 2478 2009 evasit,
2514 1958 2689 2013 neque
2718 1943 2865 1997 aliud
2897 1943 2965 1996 ab
2988 1943 3093 1996 alio
3124 1943 3421 2011 accipiens,

196 2031 333 2084 πάλιν
360 2032 448 2084 τὸν
483 2032 650 2085 αὐτὸν
676 2032 829 2099 λόγον
853 2034 1284 2104 ἐπαναλήψομαι·
1316 2035 1395 2086 ὅτι
1422 2036 1469 2086 εἰ
1495 2034 1587 2088 νῦν
1613 2036 1746 2100 ἐστι,

198 2124 275 2176 καὶ
301 2123 377 2175 ἀεὶ
404 2120 471 2194 ἦν
492 2142 506 2153 ο
544 2123 641 2177 καὶ⁸
671 2126 719 2177 εἰ
748 2125 834 2177 ἀεὶ
866 2120 954 2195 ἦν,
1002 2126 1094 2177 καὶ
1126 2126 1294 2177 εἰσαεὶ
1326 2126 1502 2177 ἔσται.
1544 2124 1750 2178 Οὐκοῦν

197 2215 271 2269 ἀεὶ
301 2215 485 2285 Πατὴρ
530 2216 559 2267 ὁ
597 2216 807 2285 Πατὴρ,
848 2215 924 2285 τῷ
954 2216 1010 2268 δὲ
1047 2216 1223 2287 Πατρὶ
1270 2214 1749 2285 συνεπινοουμένου

196 2308 385 2370 πάντως
409 2308 505 2360 καὶ
530 2306 629 2361 τοῦ
657 2307 807 2360 Υἱοῦ·
839 2308 959 2360 οὐδὲ
976 2308 1082 2377 γάρ
1110 2309 1223 2361 ἐστι
1261 2306 1483 2359 δυνατὸν
1521 2307 1749 2376 βεϐαιωο

196 2397 327 2469 θῆναι
370 2396 467 2450 τοῦ
518 2398 735 2468 Πατρὸς
777 2397 876 2468 τὴν
924 2397 1138 2466 κλῆσιν,
1178 2397 1251 2467 μὴ
1288 2394 1416 2449 Υἱοῦ
1459 2395 1556 2466 τὴν
1580 2402 1745 2467 ’προσ-

195 2483 389 2553 ῃγορίαν
411 2484 868 2555 ἐπαληθεύοντος,
894 2485 985 2538 καὶ
1012 2484 1078 2537 τὰ
1107 2483 1184 2554 τῷ
1209 2486 1386 2555 lla.th
1406 2483 1749 2556 θεωρούμενα

194 2576 343 2627 ’κᾶντα
357 2578 449 2629 καὶ
470 2578 571 2629 ἐπὶ
586 2576 678 2629 τοῦ
705 2576 834 2631 Υἱοῦ
856 2576 1172 2646 καθορᾶται.
1192 2576 1375 2630 Πάντα
1398 2576 1507 2646 γὰρ
1526 2576 1623 2627 ὅσα
1638 2575 1749 2645 ἔχει

193 2666 413 2737 ὸΙΙατὴρ,
435 2666 541 2729 τοῆ
561 2667 692 2720 Υἱοῦ
724 2669 857 2720 ὲστιδ
891 2667 985 2720 καὶ
1005 2667 1071 2719 τὰ
1100 2665 1192 2718 τοῦ
1221 2666 1353 2718 Υἰοῦ
1385 2666 1561 2719 πάντα
1584 2668 1611 2718 ὁ
1637 2667 1750 2718 Πα-

192 2759 275 2829 τὴρ
316 2761 442 2829 ἔχει.
486 2762 555 2813 '0
607 2760 796 2831 Πατὴρ
838 2754 979 2823 εἶπε,
1027 2759 1097 2813 τά
1141 2758 1232 2813 τοῦ
1281 2758 1431 2823 Υἱοῦ,
1472 2758 1546 2822 ὼς
1577 2758 1642 2811 ἂν
1675 2757 1749 2829 μὴ

193 2851 313 2921 ἐξείη
357 2853 430 2924 τῷ
480 2853 805 2925 συκοφάντῃ
844 2850 1380 2923 συμπεριλαμδάνειν
1424 2851 1749 2920 ὲπηρεαστι-

192 2944 284 3006 κῶς
311 2962 419 3008 πως
461 2947 628 3005 πᾶσι,
660 2944 754 2997 καὶ
785 2944 846 2996 τὸ
888 2944 965 3014 μὴ
1003 2942 1359 3013 γεγεννῆσθαι
1389 2941 1480 2993 τὸν
1511 2940 1658 3004 Υἱδν,
1690 2941 1748 2992 ἐν

191 3034 254 3103 τῷ
284 3035 475 3103 λέγειν,
511 3036 719 3089 Πάντα
757 3035 828 3088 τὰ
876 3022 969 3088 τοῦ
995 3034 1204 3104 Πατρὸς
1228 3032 1318 3086 τὸν
1361 3032 1488 3085 Υἱδν
1518 3032 1681 3101 ἔχειν,
1713 3030 1745 3101 ἥ

194 3125 327 3178 πάλιν
351 3127 440 3180 τὸν
480 3127 746 3196 γεννητὸν
787 3120 926 3178 εἶναι
956 3125 1049 3178 καὶ
1089 3124 1179 3176 τὸν
1210 3122 1448 3193 Πατέρα.
1481 3125 1537 3176 ὲν
1565 3121 1641 3192 τῷ
1680 3122 1748 3174 τὰ

192 3216 267 3269 τοῦ
296 3218 416 3271 Υἱοῦ
448 3220 637 3273 πάντα
666 3220 721 3271 ἐν
756 3216 832 3288 τῷ
855 3217 1028 3286 Πατρὶ
1058 3213 1409 3285 καθορᾶσθαι.
1437 3214 1619 3267 Πάντα
1640 3211 1747 3282 γὰρ

194 3305 249 3357 τὰ
268 3306 353 3359 τοῦ
384 3307 607 3377 Πατρὸς
636 3306 749 3377 ἔχει
786 3308 814 3358 ὁ
845 3305 992 3368 Υἱὸς,
1016 3304 1137 3374 οὐχὶ
1163 3304 1349 3373 Πατήρ
1382 3304 1529 3367 sort;
1570 3302 1663 3354 mi.
1690 3301 1751 3353 τὸ

196 3394 419 3465 ἔμπαλιν,
449 3398 529 3451 τὰ
556 3398 650 3449 τοῦ
681 3395 812 3450 Υἱοῦ
840 3396 1017 3449 πάντα
1048 3398 1104 3448 ὲν
1132 3393 1208 3465 τῷ
1234 3394 1410 3466 Πατρλ⁵
1448 3393 1748 3467 θεωρεῖται,

194 3487 293 3557 οὐχὶ
325 3489 447 3552 Υἱός
479 3491 634 3541 ἐστιν
660 3511 675 3560 ;

1851 2050 2027 2106 neque
2070 2034 2423 2090 mutationem
2460 2035 2707 2100 subiens,
2734 2049 2948 2103 semper
2978 2034 3117 2088 idem
3159 2034 3261 2087 sibi
3310 2034 3425 2102 ipse

1850 2137 1957 2181 est.
1990 2125 2047 2180 Si
2079 2126 2245 2196 igitur
2274 2140 2382 2180 non
2409 2133 2527 2180 erat
2555 2126 2624 2180 ab
2647 2125 2803 2181 iuitio
2831 2124 3018 2189 Pater,
3040 2141 3215 2194 neque
3237 2134 3423 2194 postea

1846 2214 2010 2270 Pater
2057 2214 2233 2270 lactus
2269 2222 2372 2269 est.
2421 2214 2479 2268 Si
2528 2221 2708 2269 autem
2756 2214 2813 2268 in
2849 2212 3104 2268 confesso
3147 2221 3251 2278 est,
3297 2228 3423 2267 eum

1849 2318 1995 2358 nunc
2045 2318 2169 2357 esse
2213 2300 2425 2356 Patrem
2460 2319 2475 2355 :
2513 2300 2655 2357 idem
2699 2316 2965 2371 namque,
3000 2300 3143 2371 quod
3177 2311 3302 2355 ante
3342 2300 3425 2353 di-

1854 2404 2001 2447 ctum
2025 2401 2130 2455 est,
2156 2401 2396 2462 repetam
2427 2410 2439 2444 :
2471 2392 2717 2461 sequitur
2750 2407 2962 2459 semper
2989 2390 3156 2446 fuisse
3186 2388 3422 2454 Patrem,

1849 2491 1905 2536 et
1948 2482 1994 2537 si
2037 2496 2248 2551 semper
2301 2479 2465 2535 Pater
2522 2489 2661 2545 erat,
2710 2494 2925 2549 semper
2968 2482 3133 2535 etiam
3186 2482 3423 2549 posteris

1850 2574 2067 2630 saeculis
2099 2574 2223 2628 erit.
2259 2572 2486 2642 Semper
2513 2574 2674 2644 igitur
2703 2572 2864 2626 Pater
2890 2581 2993 2636 est,
3029 2581 3082 2626 et
3110 2573 3211 2626 fuit
3237 2572 3421 2637 Pater,

1850 2680 2177 2736 semperque
2227 2680 2351 2718 cum
2387 2663 2548 2719 Patre
2593 2662 2767 2717 Filius
2803 2664 3119 2719 indivisibili
3158 2680 3300 2718 nexu
3341 2680 3425 2716 co-

1850 2756 2069 2824 pulatus
2134 2760 2252 2808 erat
2281 2772 2295 2807 :
2329 2769 2503 2823 neque
2548 2753 2693 2808 enim
2736 2753 2917 2807 Patris
2956 2752 3248 2822 appellatio
3286 2766 3422 2805 con-

1849 2846 2079 2900 stabiliri
2132 2853 2332 2914 potest,
2381 2845 2487 2899 nisi
2530 2842 2700 2899 Filius
2733 2860 2852 2899 eam
2893 2858 3077 2897 veram
3126 2842 3313 2898 faciat.
3360 2843 3424 2898 Et

1848 2935 2050 2998 omnia,
2088 2950 2207 3004 quae
2233 2934 2380 2989 Patri
2416 2936 2627 3001 insunt,
2660 2936 2824 2991 etiam
2855 2934 2994 2989 Filio
3031 2936 3218 2990 insunt
3254 2952 3268 2989 :
3308 2952 3424 2990 om-

1850 3028 1938 3080 nia
1976 3026 2123 3081 euim
2165 3041 2287 3095 quae
2321 3025 2480 3080 Pater
2526 3026 2706 3091 habet,
2739 3024 2860 3079 Filii
2902 3032 3032 3080 sunt
3065 3044 3078 3078 :
3112 3034 3165 3079 et
3215 3026 3421 3089 omnia,

1848 3130 1970 3184 quae
1998 3122 2129 3170 sunt
2166 3114 2313 3179 Filii,
2346 3114 2508 3170 Pater
2539 3116 2719 3170 habet.
2751 3115 2964 3183 Omnia,
2996 3114 3133 3170 dixit
3164 3115 3420 3178 Filius“,

1851 3223 1917 3261 ne
1965 3207 2092 3277 quis
2148 3207 2517 3261 calumniator
2572 3208 2826 3262 omnibus
2885 3207 3122 3263 illudens
3179 3218 3433 3278 oggerat,

1858 3298 2022 3353 etiam
2079 3298 2369 3367 ingenitum
2418 3312 2540 3353 esse
2589 3309 2899 3368 competere
2948 3295 3124 3363 Filio,
3173 3314 3239 3353 eo
3278 3298 3421 3369 quod

1856 3389 2073 3451 dixerit,
2104 3388 2282 3443 omnia
2308 3388 2486 3443 Patris
2512 3388 2709 3442 habere
2741 3387 2956 3454 Filium,
2995 3389 3081 3443 vel
3122 3405 3153 3443 e
3197 3399 3421 3444 contra-

1854 3480 1936 3534 rio
1991 3479 2222 3548 genitum
2274 3494 2396 3535 esse
2445 3479 2740 3533 convenire
2787 3477 2958 3545 Patri,
3009 3481 3156 3550 quod
3222 3481 3428 3535 dixerit

193 3582 346 3636 omnia
373 3580 502 3636 Filii
553 3582 609 3635 in
648 3580 806 3635 Patre
852 3580 1076 3634 inesse:
1108 3593 1234 3634 nam
1280 3577 1327 3632 si
1374 3576 1557 3631 omnia
1598 3589 1719 3646 qua:
1754 3571 1928 3626 Patris
1977 3578 2138 3638 sunt,
2178 3568 2350 3625 Filius
2382 3569 2567 3635 habet,
2613 3585 2797 3624 nonne
2830 3567 2991 3624 Pater
3031 3570 3173 3627 erit?
3245 3572 3306 3627 Et
3374 3572 3424 3629 si

194 3677 347 3729 omnia
375 3693 503 3748 quae
531 3687 661 3731 sunt
694 3674 836 3741 Filii,
878 3675 932 3729 in
970 3673 1131 3728 Patre
1166 3672 1542 3735 inveniuntur,
1575 3684 1757 3723 nonne
1796 3665 1968 3720 Filius
1994 3664 2132 3720 erit!

250 3769 303 3821 El
325 3765 411 3822 οὖν
438 3773 499 3823 ὲν
524 3767 602 3837 τῷ
624 3769 913 3835 Μονογενεῖ
930 3766 998 3819 τὰ
1016 3764 1109 3818 τοῦ
1140 3765 1347 3837 Πατρδς
1374 3764 1569 3826 πάντα,
1597 3756 1747 3821 οὗτος

193 3860 238 3911 δὲ
266 3862 315 3913 ὲν
348 3860 423 3932 τῷ
460 3860 663 3930 Πατρὶ,
706 3860 741 3929 ἡ
780 3857 836 3911 δὲ
878 3857 1151 3928 πατρότης
1190 3857 1286 3926 τῆς
1320 3852 1638 3923 ἀγεννησίας
1686 3852 1746 3903 οὐ

194 3951 554 4023 διατετμηται,
608 3950 659 4004 τι
710 3949 816 4021 πρὸ
855 3951 951 4019 τῆς
980 3947 1074 4001 τοῦ
1108 3947 1236 4003 Υῐοῦ
1276 3946 1481 4009 ἑννοίας
1514 3958 1747 4013 κεχωρι-

197 4042 377 4111 σμένως
407 4045 495 4111 ἐφ’
524 4039 715 4093 ἑαυτοῦ
739 4040 879 4093 κατά
900 4057 951 4092 τι
981 4038 1251 4108 διάστημα
1274 4036 1399 4108 περὶ
1421 4035 1513 4089 τὸν
1534 4034 1749 4105 Πατέρα

195 4135 403 4189 νοεῖσθαι
435 4134 697 4196 δύναται,
728 4131 839 4200 ἐγὼ
882 4131 980 4202 μὲν
1011 4132 1071 4184 οὐ
1114 4128 1342 4200 συνορῶ.
1382 4128 1589 4183 Οὐκοῦν
1616 4126 1748 4195 ἀφό-

197 4223 287 4287 ϐως
327 4226 470 4279 ἐστιν
520 4222 995 4294 ὲπιθαρσήσαντας
1038 4224 1150 4284 τοῖς
1194 4219 1621 4291 προφερομένοις
1662 4216 1750 4271 διὰ

197 4313 275 4365 τοῦ
319 4315 652 4384 σοφίσματος
700 4314 832 4382 ἡμῖν
902 4310 1067 4381 ὁμόσε
1112 4313 1391 4381 χωρῆσαι,
1445 4310 1538 4362 καὶ
1587 4308 1750 4379 μηδὲν

198 4405 507 4473 πτοηθέντας
547 4404 641 4456 τοῦ
684 4400 1038 4472 συλλογισμοῦ
1090 4400 1191 4470 τὴν
1235 4400 1470 4471 γοργόνα
1515 4399 1613 4469 τὴν
1658 4400 1752 4451 ἐπὶ

197 4497 507 4567 καταπλήξει
536 4493 644 4549 τῶν
682 4494 881 4548 παίδων
914 4492 1328 4561 σεσοφισμένην,
1372 4493 1571 4555 εἰπεῖν,
1602 4490 1681 4542 ὅτι
1724 4491 1753 4542 ὁ

196 4587 325 4654 Θεὸς,
350 4590 443 4642 καὶ
474 4588 631 4654 ἆγιος
651 4624 666 4650 ,
695 4585 787 4638 καὶ
811 4584 1096 4647 ἀθάνατος,
1122 4584 1215 4635 καὶ
1245 4582 1456 4652 Πατὴρ,
1490 4582 1581 4634 καὶ
1597 4580 1751 4648 ἀγέν-
1781 4598 1824 4652 ι)

197 4696 351 4748 γητος,
375 4679 471 4733 καὶ
493 4678 684 4743 ἀΐδιος,
717 4677 812 4730 καὶ
834 4674 969 4745 ὁμοῦ
999 4673 1068 4726 τὰ
1101 4672 1279 4726 πάντα
1302 4671 1437 4723 ἐστί’
1470 4668 1571 4723 κᾶν
1608 4670 1667 4722 ἓν
1698 4686 1749 4721 τι

198 4768 287 4822 τῶν
315 4767 551 4831 εὐσεϐῶς
599 4767 726 4838 περὶ
772 4764 937 4820 αὑτοῦ
978 4763 1282 4833 λεγομένων
1326 4759 1447 4815 καθ’
1492 4759 1751 4813 ὑπόθεσιν

201 4858 263 4928 μὴ
281 4856 415 4912 εἶναι
438 4859 566 4929 δῷς,
593 4857 661 4911 τὰ
688 4858 864 4910 πάντα
884 4855 963 4926 τῷ
1002 4855 1083 4908 ἐνὶ
1115 4851 1501 4923 συνανῄρηται.
1529 4850 1602 4904 Οὐ
1640 4850 1749 4921 γάρ

200 4953 296 5005 ἐπι
315 4953 558 5016 δυνατὸν,
583 4951 676 5006 ἐὰν
711 4948 787 5020 μὴ
812 4947 1076 5008 ἀθάνατος
1106 4940 1163 5019 ᾗ,
1204 4943 1271 4998 τὰ
1290 4942 1451 4995 λοιπὰ
1487 4936 1645 4995 εἶναι.
1684 4942 1749 4993 Ὃ

201 5040 248 5093 δὲ
270 5041 357 5095 ἐπὶ
375 5042 573 5113 μέρους
596 5038 830 5110 εἴρηται,
850 5034 1076 5089 καθόλου
1106 5032 1349 5087 νοείσθω.
1373 5031 1578 5085 Οὐκοῦν
1600 5030 1749 5084 οὐδὲν

201 5134 311 5204 περὶ
353 5134 512 5187 αὐτὸν
558 5131 685 5185 οὔτε
732 5130 1176 5200 προγενέστερον,
1228 5124 1349 5178 οὔτε
1393 5123 1675 5193 νεώτερον,
1715 5119 1748 5191 ἢ

198 5222 347 5287 οὕτως
385 5222 451 5276 ἃν
479 5220 833 5293 εὑρεθήσεται
856 5216 1223 5289 πρεσϐύτερος
1250 5211 1412 5275 αὐτὸς
1438 5210 1631 5265 ἑαυτοῦ
1660 5210 1753 5262 καὶ

199 5312 458 5385 νεώτερος.
492 5315 555 5366 Εἰ
578 5311 686 5384 γὰρ
732 5310 808 5381 μὴ
848 5309 1076 5363 πάντοτε
1118 5306 1291 5359 πάντα
1331 5302 1474 5356 ἐστὶν
1517 5304 1545 5354 ὁ
1585 5300 1752 5364 Θεὸς,

200 5401 317 5456 ἀλλὰ
345 5404 482 5457 κατά
501 5419 625 5456 τινα
647 5401 799 5466 τάξιν
836 5400 929 5454 καὶ
955 5396 1294 5459 ἀκολουθίαν,
1324 5393 1383 5447 τδ
1415 5394 1512 5463 μέν
1540 5391 1591 5445 τί
1615 5393 1756 5455 ἐστι,

200 5490 251 5543 τὸ
279 5492 331 5544 δὲ
361 5494 562 5561 γίνεται
583 5533 600 5556 ,
640 5491 883 5554 σύνθεσις
911 5489 967 5543 δὲ
1009 5488 1139 5558 περὶ
1163 5485 1324 5539 αὑτὸν
1358 5481 1599 5552 οὐδεμία’
1634 5480 1750 5534 ἀλλ’

203 5584 328 5654 ἆπερ
358 5584 422 5638 ἄν
445 5582 507 5658 ᾗ,
540 5584 661 5648 ὅλος
685 5582 800 5635 ἐστι
819 5599 833 5613 ·
866 5580 1003 5635 κατὰ
1030 5579 1087 5632 δὲ
1127 5577 1218 5631 τὸν
1248 5578 1343 5646 τῆς
1376 5574 1637 5645 αἱρέσεως
1665 5572 1751 5625 λόο

202 5688 304 5741 τον,
337 5676 592 5749 πρότερον
614 5675 903 5744 ἀγέννητος
927 5670 1002 5725 ὢν
1036 5670 1172 5743 μετὰ
1193 5667 1365 5722 ταῦτα
1398 5666 1605 5736 γίνεται
1634 5665 1749 5719 Πα-

266 5854 306 5884 ⁸¹
328 5851 477 5910 Joan.
508 5870 641 5918 xm,
678 5852 764 5909 10.

1925 3755 1982 3809 Si
2025 3754 2192 3824 igitur
2240 3754 2423 3807 omnia
2472 3751 2651 3806 Patris
2695 3759 2823 3805 sunt
2874 3751 2927 3805 in
2973 3750 3287 3823 Unigenito,
3338 3754 3424 3810 hic

1855 3860 1983 3900 vero
2012 3856 2097 3900 est
2136 3845 2191 3898 in
2242 3843 2424 3905 Patre,
2456 3844 2762 3913 paternitas
2792 3857 2922 3897 vero
2969 3843 3037 3897 ab
3083 3844 3426 3898 innascibili-

1854 3945 1961 3992 tate
1998 3952 2104 3991 non
2144 3936 2474 4006 seiungitur,
2509 3932 2768 4004 quidnam
2806 3943 2931 3987 ante
2959 3931 3080 3987 Filii
3122 3936 3422 3998 notionem,

1854 4024 2171 4094 separatim,
2199 4038 2297 4093 per
2326 4039 2408 4087 se,
2442 4032 2496 4078 et
2525 4021 2828 4077 secundum
2853 4021 3124 4090 quoddam
3162 4023 3424 4076 interval-

1855 4112 1989 4178 lum,
2020 4113 2314 4183 concipere
2346 4111 2471 4182 quis
2510 4112 2706 4182 possit,
2736 4126 2835 4181 ego
2867 4126 2974 4164 non
3010 4109 3278 4179 intelligo.
3318 4109 3425 4180 lgi-

1853 4217 1943 4261 tur
1971 4206 2245 4276 intrepide
2280 4212 2333 4259 et
2360 4205 2587 4259 ﬁdenter
2614 4218 2677 4257 ea
2702 4218 2821 4272 quae
2854 4202 2907 4254 in
2938 4200 3275 4271 sophismate
3317 4203 3423 4256 isto

1852 4297 2014 4352 nobis
2063 4296 2421 4366 objiciuntur,
2467 4294 2868 4365 aggredientes,
2922 4292 3168 4361 nihilque
3200 4293 3427 4363 syllogi-

1852 4388 1955 4442 sui
1992 4386 2156 4457 hujus
2182 4386 2638 4441 terriculamenta
2679 4385 2867 4455 pueris
2900 4382 3421 4454 perterrefacicndis

1854 4478 2184 4548 excogitato,
2230 4475 2520 4537 retardati,
2577 4473 2928 4535 aliirmamns,
2978 4470 3143 4526 Deum
3196 4479 3249 4525 et
3296 4488 3423 4529 san-

1854 4576 2025 4631 ctum,
2054 4578 2108 4621 et
2144 4565 2529 4628 immortalem,
2560 4573 2615 4618 et
2644 4561 2882 4623 Patrem,
2918 4570 2972 4614 et
3015 4561 3333 4631 ingenitum,
3367 4567 3424 4615 et

1851 4668 2141 4724 aeternum,
2174 4666 2227 4711 et
2254 4657 2419 4711 simul
2446 4657 2629 4711 omnia
2669 4670 2793 4708 esse
2828 4673 2840 4708 :
2876 4667 2927 4707 et
2958 4654 3004 4708 si
3036 4654 3214 4722 posita
3247 4653 3421 4723 hypo—

1852 4748 2230 4819 thesi,aliquid
2262 4763 2477 4812 eorum,
2507 4760 2629 4817 quae
2653 4747 2719 4801 de
2756 4744 2864 4799 Deo
2889 4744 3191 4799 orthodoxe
3227 4744 3422 4796 dicun-

1852 4851 1963 4904 tur,
1993 4839 2311 4904 sustuleris,
2348 4837 2533 4892 omnia
2559 4836 2665 4891 alia
2699 4834 2862 4891 simul
2904 4850 3029 4889 cum
3071 4834 3177 4887 isto
3211 4833 3425 4885 sublata

1849 4941 1996 4987 sunt.
2030 4929 2149 4987 Non
2187 4932 2332 4985 enim
2368 4928 2481 4983 ﬁeri
2516 4936 2747 4998 poterat,
2784 4933 2845 4980 ut
2874 4925 2920 4981 si
2958 4923 3281 4978 immortalis
3315 4937 3421 4974 non

1850 5032 2018 5088 esset,
2059 5022 2265 5093 reliqua
2293 5027 2461 5076 esset.
2509 5019 2574 5073 Et
2602 5018 2745 5089 quod
2780 5018 2847 5072 de
2881 5031 2991 5070 uno
3022 5013 3075 5068 in
3107 5011 3426 5082 particulari

1852 5115 2058 5167 dictum
2084 5120 2189 5175 est,
2222 5111 2289 5165 de
2313 5109 2569 5164 omnibus
2597 5108 2893 5161 universim
2935 5102 3286 5171 intelligatur.
3322 5100 3426 5153 Ita-

1853 5221 1960 5277 que
1994 5203 2129 5258 nihil
2162 5204 2215 5256 in
2250 5202 2343 5255 illo
2384 5198 2687 5268 antiquius,
2723 5197 2859 5252 nihil
2902 5194 3175 5250 recentius
3200 5200 3305 5253 est,
3340 5193 3426 5246 ni-

1857 5298 1935 5353 hil
1966 5295 2119 5367 prius
2149 5302 2239 5347 aut
2272 5293 2566 5364 posterius,
2604 5300 2754 5344 utne
2783 5288 2864 5343 sic
2891 5285 3109 5357 quidem
3138 5285 3319 5354 seipso
3353 5283 3427 5339 sit

1856 5388 2040 5446 senior
2079 5394 2133 5443 et
2172 5384 2381 5456 junior.
2442 5382 2501 5437 Si
2544 5381 2689 5437 enim
2738 5379 2882 5436 Deus
2930 5392 3039 5433 non
3084 5392 3299 5447 semper
3341 5383 3427 5431 est

1855 5481 2073 5546 omnia,
2119 5478 2213 5534 sed
2259 5475 2454 5531 ordine
2505 5473 2742 5543 quodam
2788 5478 2843 5526 et
2898 5468 3271 5531 successione,
3322 5466 3426 5519 hoc

1856 5570 2074 5643 quidem
2098 5576 2206 5632 est,
2233 5564 2369 5621 illud
2402 5564 2482 5629 tit,
2512 5563 2567 5617 in
2593 5562 2687 5617 illo
2706 5567 2887 5615 autem
2924 5559 3069 5615 nulla
3099 5556 3425 5629 compositio

1858 5664 2040 5720 locum
2071 5660 2255 5726 habet,
2285 5656 2378 5715 sed
2406 5666 2763 5727 quacumque
2789 5658 2896 5718 est,
2931 5664 2997 5707 ea
3031 5657 3181 5704 totus
3213 5655 3319 5715 est,
3368 5655 3427 5701 ut
