3922 6470
502 404 608 458 555

1708 406 1767 460 S.
1790 404 2115 463 GREGORII
2147 408 2439 464 NYSSENI
3625 415 3714 473 £35

502 531 629 571 vero
657 515 906 569 haeretica
943 516 1191 571 doctrina
1223 518 1404 583 habet,
1436 520 1586 590 prius
1624 520 1724 575 fuit
1765 523 2055 594 ingenitus.

2180 528 2286 598 iiin
2336 528 2586 597 οὐδεμιᾶς
2636 526 2867 597 σωρείας
2912 526 3359 597 ἐπιτηδευμάτων
3408 528 3530 597 περὶ
3570 530 3715 587 αὐτὸν

502 611 691 673 postea
719 602 897 665 Pater,
931 607 1080 659 nulla
1118 609 1500 663 attributorum
1528 611 1848 665 collectione
1871 614 1924 665 in
1950 615 2067 683 ipso

502 702 747 765 spectata
794 714 807 749 :
838 697 970 750 nihil
1008 698 1153 751 aliud
1189 700 1455 767 sequitur,
1488 716 1649 768 quam
1692 704 1867 771 ipsum
1899 711 2068 757 totum

503 786 689 853 seipso
746 794 861 839 toto
911 786 1145 853 priorem
1190 796 1243 841 ct
1277 789 1634 856 posteriorem
1671 806 1813 855 esse,
1868 800 1922 845 et
1951 792 2074 861 qui-

502 875 624 927 dem
656 878 956 930 secundum
989 879 1465 932 iunascibilitatem
1502 881 1682 949 seipso
1715 882 1975 949 priorem,
2018 890 2074 936 at

505 966 805 1019 secundum
833 966 1010 1021 Patris
1046 968 1314 1021 notionem
1343 970 1522 1036 seipso
1543 971 1896 1037 posteriorem
1927 986 2069 1026 esse.

504 1055 772 1111 (ia-terum
804 1059 873 1120 si,
908 1070 966 1111 ut
992 1057 1260 1127 Pr0plieta
1287 1059 1439 1123 dicit,
1473 1058 1607 1111 idem
1632 1060 1740 1127 ipse
1774 1069 1872 1123 est,
1901 1075 2073 1115 vanus

504 1158 606 1211 cst,
662 1150 914 1218 quisquis
958 1151 1173 1213 asserit,
1216 1165 1364 1213 eum,
1412 1152 1730 1220 priusquam
1780 1152 2073 1220 generarit,

506 1255 614 1291 non
666 1240 835 1295 fuisse
882 1241 1202 1310 ingenitum,
1236 1241 1363 1310 quia
1410 1251 1662 1296 neutrum
1708 1242 1903 1296 horum
1956 1244 2076 1299 sine

506 1332 680 1385 altero
712 1333 1006 1400 reperitur,
1042 1348 1216 1402 neque
1254 1331 1433 1399 Patris
1457 1348 1675 1395 nomen,
1720 1348 1893 1403 neque
1921 1334 2073 1405 inge-

507 1424 628 1488 niti,
664 1424 759 1478 sed
806 1424 966 1478 simul
1008 1426 1109 1477 ista
1162 1424 1270 1478 duo
1304 1433 1358 1479 et
1409 1424 1749 1492 conjunctim
1798 1426 2073 1481 mentibus

505 1520 654 1567 recte
681 1512 747 1567 de
779 1511 886 1568 Deo
917 1513 1266 1568 sentientium
1305 1514 1693 1583 ingenerantur
1722 1532 1734 1567 :
1769 1529 1894 1567 nam
1926 1521 1979 1567 et
2007 1514 2075 1568 ab

508 1609 713 1656 :eterno
744 1602 884 1657 Deus
921 1613 1006 1658 cst
1031 1603 1211 1669 Pater,
1248 1613 1303 1659 et
1330 1604 1493 1658 Pater
1523 1612 1783 1669 aeternus,
1811 1612 1865 1660 et
1890 1608 2074 1659 omnia

508 1692 636 1749 alia.
674 1709 796 1762 qua:
825 1694 1076 1762 religiose
1102 1695 1169 1748 de
1192 1693 1302 1748 Deo
1330 1696 1718 1764 prtedicantur,
1750 1695 1909 1749 simul
1939 1710 2076 1763 prae-

508 1781 784 1847 dicantur,
820 1785 1060 1847 secluso,
1087 1792 1146 1838 ut
1176 1784 1434 1848 diximus,
1465 1784 1613 1839 omni
1649 1784 1910 1853 temporis
1947 1800 2073 1853 spa-

510 1873 587 1927 tio
613 1874 680 1927 ab
703 1874 794 1927 illa
834 1883 1051 1939 natura,
1093 1890 1214 1944 quae
1239 1877 1420 1929 omnia
1454 1875 1652 1930 saecula
1682 1875 1973 1929 antecedit.

585 1960 872 2018 Videamus
925 1972 979 2019 et
1025 1964 1235 2033 reliqua
1283 1963 1597 2019 dialectices
1654 1964 1906 2017 acumina
1956 1978 2079 2033 quae

509 2056 625 2123 ipse
661 2054 889 2108 ridicula
918 2066 967 2109 et
1009 2056 1307 2109 miseranda
1341 2070 1463 2110 esse
1489 2056 1584 2109 ait.
1624 2054 1763 2110 Vere
1806 2055 2076 2124 profecto.

510 2144 717 2201 Revera
763 2146 907 2201 enim
951 2163 1013 2202 ea
1072 2163 1193 2218 quae
1242 2147 1346 2202 iste
1397 2148 1627 2210 asserit,
1667 2148 1943 2217 copiosam
2006 2147 2081 2200 ri-

507 2238 671 2293 dendi
706 2239 989 2293 materiam
1026 2240 1344 2303 continent,
1376 2242 1461 2296 vel
1502 2239 1684 2310 potius
1730 2256 1952 2295 causam
1996 2241 2082 2294 lu-

508 2330 667 2398 gendi
694 2369 708 2393 ,
737 2330 807 2383 ob
844 2330 1068 2399 impium
1103 2347 1381 2396 errorem,
1411 2334 1501 2402 qui
1540 2333 1751 2387 animos
1787 2332 1995 2387 detinet
2025 2338 2082 2387 et

510 2431 761 2489 occupat.
793 2422 927 2476 Cum
959 2424 1104 2477 enim
1140 2422 1323 2486 Pater,
1360 2422 1661 2478 secundum
1692 2424 1965 2494 quoddam
2005 2423 2082 2479 si-

510 2512 827 2579 gniﬁcatum
849 2553 865 2577 ,
895 2513 1056 2567 etiam
1094 2512 1319 2582 ingeniti
1352 2512 1631 2567 notionem
1664 2512 2081 2582 complectatur,

510 2609 568 2653 ut
591 2612 775 2655 nostra
801 2598 906 2655 lert
931 2603 1200 2656 sententia
1218 2645 1231 2667 ,
1258 2603 1384 2664 iste,
1412 2610 1629 2671 arrepta
1657 2602 1875 2672 proiiria
1901 2601 2081 2653 Patris

2174 619 2483 689 νοουμένης,
2513 618 2662 671 οὐδὲν
2690 618 2835 680 ἄλλο,
2864 618 2895 685 ἦ
2918 618 3037 680 ὅλος
3063 617 3221 680 αὐτὸς
3250 617 3441 670 ἑαυτοῦ
3465 618 3579 672 ὅλου
3602 638 3718 691 πρε-

2175 709 2431 778 σϐύτερός
2452 727 2510 761 τε
2541 711 2633 762 καὶ
2660 710 3112 780 μεταγενέστερος
3133 710 3357 777 γίνεται’
3389 710 3526 763 κατά
3558 713 3645 781 μὲν
3666 714 3718 767 τὸ

2174 800 2486 870 ἀγέννητον,
2512 800 2702 853 ἑαυτοῦ
2734 799 3095 871 προτερεύων,
3126 802 3266 854 κατὰ
3297 800 3354 853 δὲ
3379 801 3475 870 τὴν
3500 801 3587 852 τοῦ
3617 803 3717 855 Πα-

2173 892 2301 961 τρὸς
2332 890 2555 953 ἔννοιαν,
2582 890 2774 943 ἑαυτοῦ
2798 892 3084 960 γενόμενος
3114 891 3383 962 δεύτερος
3412 894 3458 944 εί
3488 892 3541 944 δὲ
3560 894 3719 957 καθὼς

2174 997 2306 1050 φησι
2335 982 2464 1050 περὶ
2494 982 2586 1034 τοῦ
2617 981 2750 1034 Θεοῦ
2777 984 2804 1034 6
2835 981 3141 1053 Προφήτης,
3173 983 3254 1035 ὅτι
3292 982 3345 1032 Ὀ
3379 985 3554 1047 αὐτός
3576 985 3716 1037 ἐστι’

2177 1073 2400 1142 μάταιος
2430 1074 2457 1123 ὁ
2482 1073 2673 1141 λέγων,
2695 1074 2776 1127 ὅτι
2806 1075 2932 1144 πρὶν
2959 1075 3237 1143 γεννῆσαι,
3276 1075 3376 1127 ούκ
3412 1070 3478 1145 ἦν
3513 1076 3718 1148 ἀγέννη-

2172 1180 2281 1227 τος·
2313 1164 2392 1217 ὃτι
2425 1163 2701 1235 οὐδέτερον
2730 1164 2932 1218 τούτων
2974 1166 3140 1237 χωρὶς
3165 1164 3256 1218 τοῦ
3289 1165 3473 1235 ἑτέρου
3499 1167 3719 1238 εὑρίσκε-

2173 1272 2285 1319 ται,
2312 1254 2434 1307 οὔτε
2458 1254 2552 1307 τοῦ
2591 1256 2802 1326 Πατρὸς
2834 1256 2895 1308 τὸ
2919 1256 3089 1326 ὄνομα
3111 1296 3125 1317 ,
3158 1256 3281 1308 οὔτε
3314 1255 3407 1309 τοῦ
3432 1257 3715 1325 άγεννήτου.

2188 1347 2325 1399 Ἀλλ’
2348 1347 2482 1418 ὁμοῦ
2514 1348 2582 1399 τὰ
2623 1347 2736 1412 δύο,
2778 1348 2871 1400 καὶ
2908 1350 3022 1418 μετ’
3066 1348 3309 1418 ἀλλήλων
3340 1350 3458 1409 ταῖς
3488 1346 3717 1410 διανοίαις

2174 1436 2281 1489 τῶν
2310 1437 2547 1500 εύσεὸῶς
2573 1436 2937 1508 λογιζομένων
2962 1438 3235 1505 ἐγγίνεται
3257 1439 3327 1491 τὰ
3354 1438 3605 1508 νοήματα.
3626 1439 3719 1490 Καὶ

2175 1525 2283 1597 γάρ
2308 1526 2365 1592 ἐξ
2398 1527 2566 1580 ἀϊδίου
2612 1527 2802 1598 Πατὴρ
2848 1528 2876 1579 6
2909 1526 3067 1589 Θεὸς,
3092 1528 3183 1580 καὶ⁵
3219 1527 3407 1597 Πατὴρ
3433 1527 3611 1590 ἀΐδιος,
3639 1526 3719 1578 καὶ

2177 1618 2353 1672 πάντα
2378 1619 2475 1671 ὅσα
2495 1618 2731 1682 εὐσεϐῶς
2751 1619 2987 1687 λέγεται,
3011 1619 3153 1673 κατὰ
3180 1619 3378 1673 ταύτὸν
3402 1617 3719 1689 ὀνομάζεται,

2176 1709 2272 1781 τῆς
2302 1711 2555 1781 χρονικῆς
2582 1711 2805 1782 ταύτης,
2840 1712 3021 1774 καθὼς
3048 1711 3280 1782 ἔφαμεν,
3302 1709 3609 1773 ἀκολουθίας
3642 1709 3721 1763 καὶ

2176 1800 2378 1865 τάξεως
2404 1799 2495 1852 ἐπὶ
2522 1799 2622 1870 τῆς
2660 1802 2981 1871 προαιωνίου
3006 1800 3217 1871 φύσεως
3246 1800 3537 1873 άργούσης.

2255 1958 2479 2028 Ἶδωμεν
2504 1957 2560 2011 δὲ
2590 1958 2685 2011 καὶ
2714 1957 2783 2011 τά
2815 1957 2976 2011 λοιπὰ
3005 1959 3103 2031 τῆς
3145 1958 3486 2027 διαλεκτικῆς
3529 1956 3723 2025 εὐστρορ

2183 2051 2331 2121 φίας,
2374 2050 2409 2105 ά
2466 2052 2559 2104 καὶ
2603 2052 2764 2115 αὐτὸς
2816 2052 3015 2120 γελοῖά
3056 2069 3121 2105 τε
3164 2052 3322 2121 ἅμα,
3373 2051 3467 2104 καί
3516 2045 3722 2103 ἐλεεινό

2182 2158 2345 2212 φησιν
2391 2140 2546 2198 εἶναι.
2592 2142 2789 2207 Καλῶς
2835 2143 2991 2197 τοῦτο
3039 2144 3235 2212 λέγων.
3285 2144 3495 2205 ῐῐλατυς
3537 2140 3722 2212 γάρὼς

2182 2233 2396 2303 άληθῶς
2420 2236 2478 2286 ὲν
2504 2236 2613 2297 τοῖς
2638 2235 2947 2306 εἰρημένοις
2973 2238 3000 2288 6
3028 2235 3225 2303 γέλως,
3271 2234 3467 2306 μᾶλλον
3490 2234 3542 2286 δὲ
3580 2232 3721 2294 πολὺς

2181 2323 2209 2376 6
2241 2324 2434 2396 θρῆνος
2459 2326 2549 2378 ἐπὶ
2575 2327 2639 2397 τῇ
2670 2326 2968 2398 κατεχούσῃ
2992 2327 3089 2399 τὴν
3118 2328 3295 2398 ψυχὴν
3321 2327 3499 2399 ἀπάτῃ
3517 2344 3529 2355 ’
3560 2322 3722 2392 ἐπειδῆ

2183 2416 2292 2485 γὰρ
2340 2417 2481 2469 κατά
2531 2433 2583 2468 τι
2638 2417 3035 2487 σημαινόμενον
3076 2419 3103 2470 6
3157 2418 3348 2488 Πατὴρ
3388 2416 3479 2468 καὶ
3521 2415 3611 2484 τὴν
3642 2411 3722 2464 τοῦ

2184 2509 2476 2577 ἀγεννήτου
2502 2509 2849 2579 περιείληφεν
2880 2509 3106 2571 ἔννοιαν,
3128 2510 3203 2572 ὡς
3236 2511 3263 2562 6
3292 2508 3549 2579 ἡμέτερος
3568 2505 3721 2571 λόγος,

2187 2597 2503 2669 μεταϐαλὼν
2527 2600 2625 2669 τὴν
2654 2601 2851 2666 κυρίαν
2893 2599 2986 2651 τοῦ
3030 2600 3258 2667 Πατρὸς
3290 2598 3555 2669 σημασίαν
3577 2597 3647 2657 είς
3672 2592 3723 2645 τὸ

510 2690 938 2761 signiﬁcatione,
980 2692 1053 2746 ita
1106 2702 1297 2745 contra
1352 2693 1641 2761 ingenitum
1689 2693 1981 2762 disputat;
2021 2691 2084 2746 Si

507 2784 647 2835 enim
682 2782 817 2835 idem
846 2793 924 2837 ρει
953 2784 1215 2854 ingenitus
1249 2794 1297 2838 et
1334 2783 1519 2847 Pater,
1556 2783 1730 2837 licebit
1780 2784 1927 2837 nobis
1950 2823 1964 2846 ,
2000 2800 2083 2837 re-

509 2872 632 2925 licto
666 2869 847 2925 Patris
878 2873 1130 2926 vocabulo
1150 2912 1165 2935 ,
1199 2882 1247 2927 et
1279 2883 1549 2942 assumpto
1580 2874 1800 2943 ingeniti
1837 2874 2044 2927 nomine
2065 2913 2080 2938 ,

508 2962 679 3014 dicere
702 2976 720 3013 :
756 2946 1028 3031 Ingenitua
1064 2961 1196 3016 Filii
1224 2971 1301 3015 est
1335 2964 1615 3031 ingenitus.
1657 2962 1803 3015 Sicut
1834 2963 1973 3016 enim
2008 2963 2084 3016 in-

507 3053 712 3122 genitus
744 3062 821 3106 est
854 3052 989 3107 Filii
1018 3054 1207 3119 Pater,
1239 3056 1316 3108 ita
1358 3056 1588 3109 vicissim
1634 3052 1765 3107 Filii
1814 3056 2077 3125 ingenitus

2186 3059 2532 3129 dréwntoc.
2570 3060 2798 3127 ’Ὠσπερ
2832 3060 2943 3128 γὰρ
2984 3060 3315 3129 ἀγέννητος
3354 3052 3486 3109 Υἱοῦ
3525 3046 3720 3113 Πατὴρ,

508 3154 585 3198 εει
620 3142 799 3197 Pater.
827 3143 985 3199 Subit
1014 3145 1271 3199 admirari
1305 3144 1633 3199 Eunomium
1666 3146 1735 3199 ob
1766 3144 2077 3211 solertiam,

2187 3152 2373 3217 οὕτως
2402 3151 2660 3218 ἔμπαλιν
2697 3151 2830 3204 Υίοῦ
2862 3149 3189 3220 ἁγέννητος
3219 3153 3253 3203 ό
3281 3144 3492 3212 Πατήρ.
3535 3135 3722 3193 Ἔπεισί

509 3236 668 3302 cujus
703 3235 916 3303 copiam
949 3243 1002 3289 et
1032 3236 1348 3289 varietatem
1384 3236 1530 3290 circa
1576 3235 1888 3305 dogmatum
1935 3236 2077 3304 peri-

2190 3262 2277 3314 μοι
2308 3245 2489 3297 λοιπὸν
2516 3242 2816 3313 θαυμάζειν
2844 3242 2933 3296 τὸν
2965 3242 3132 3313 ἄνδρα
3160 3242 3262 3310 τῆς
3294 3226 3723 3308 εὐμηχανίας,καὶ

511 3327 665 3390 tiam,
703 3326 994 3383 multorum
1029 3324 1343 3380 facultatem
1380 3341 1641 3396 superare
1686 3327 1945 3383 arbitror.
1976 3326 2085 3381 Ma-

511 3414 683 3483 gister
731 3424 918 3467 noster
961 3415 1149 3483 paucis
1191 3416 1432 3470 verbulis
1472 3416 1711 3470 breviter
1756 3417 1914 3484 dixit,
1967 3417 2084 3473 fieri

511 3518 707 3574 posse,
742 3512 800 3558 ut
829 3504 990 3557 etiam
1026 3520 1123 3575 per
1165 3505 1343 3561 Patris
1383 3508 1804 3576 appellationem
1846 3510 2085 3563 innasci-

2183 2690 2529 2761 ἀγέννητον,
2564 2692 2687 2746 τάδε
2732 2693 2926 2762 φησίν·
2966 2695 3034 2746 El
3082 2694 3190 2763 γὰρ
3222 2693 3439 2746 ταύτόν
3480 2690 3634 2742 ἐστιν
3658 2687 3723 2739 ει-

2185 2786 2338 2850 πεῖν,
2391 2786 2735 2855 ἀγέννητος,
2783 2786 2821 2855 ἢ
2854 2784 3079 2854 Πατὴρ,
3117 2785 3359 2849 ἐξέσται
3407 2781 3544 2851 ἡμῖν
3571 2795 3723 2833 κατα-

2183 2874 2430 2929 λιποῦσι
2464 2874 2576 2943 τὴν
2607 2874 2712 2928 τοῦ
2737 2875 2963 2944 Πατρός
2982 2873 3211 2943 φωνὴν,
3246 2866 3630 2943 μεταλαϐοῦσι
3666 2861 3723 2915 δὲ

2184 2969 2249 3021 τὸ
2286 2967 2633 3036 ἀγέννητον,
2662 2967 2875 3021 εἰπεῖν·
2918 2968 2971 3020 ’0
3018 2966 3361 3036 ἀγέννητος,
3416 2960 3544 3015 Υίοῦ
3579 2958 3724 3011 ἐστιν

2188 3336 2519 3404 πολύτροπον
2553 3334 2735 3395 αὑτοῦ,
2768 3334 2859 3387 καὶ
2900 3332 3137 3385 ποικίλον
3174 3333 3278 3403 τῆς
3308 3333 3383 3393 είς
3414 3329 3477 3380 τά
3509 3325 3722 3392 δόγματα

2188 3429 2453 3494 παιδείας,
2503 3428 2642 3497 ὑπὲρ
2680 3426 2775 3496 τὴν
2814 3425 2919 3479 τῶν
2950 3425 3159 3477 πολλῶν
3192 3418 3333 3476 εἶναι
3374 3420 3586 3487 δύναμιν
3628 3410 3720 3463 οἶε-

2188 3521 2330 3573 σθαι.
2366 3520 2438 3571 T6
2474 3519 2569 3589 μὲν
2596 3517 2881 3589 είρημένον
2912 3516 3062 3588 παρὰ
3104 3516 3196 3569 τοῦ
3233 3512 3540 3568 διδασκάλου
3568 3500 3719 3573 ἡμῶν,

513 3594 692 3647 bilitas
724 3594 1102 3664 signiﬁcetur:
1134 3595 1239 3649 iste
1288 3604 1367 3650 tot
1419 3606 1473 3651 et
1524 3606 1672 3652 tanta
1726 3602 1970 3671 oggerit,
2023 3610 2082 3655 ut

510 3686 803 3740 multitudo
820 3686 931 3755 jam
954 3701 1061 3740 non
1093 3687 1164 3741 sit
1186 3688 1421 3757 amplius
1453 3689 1506 3742 in
1528 3704 1789 3743 sensuum
1817 3690 2075 3746 dill'eren-

508 3777 616 3841 ria,
644 3777 737 3831 sed
763 3778 816 3831 in
847 3778 1080 3831 circuitu
1108 3788 1163 3833 et
1190 3780 1515 3848 repetitione
1538 3782 1853 3836 eorumdem
1879 3784 2076 3838 verbo-

509 3884 652 3922 rum.
702 3868 1171 3934 Quemadmodum
1207 3871 1352 3925 enim
1390 3872 1463 3924 illi
1505 3872 1599 3942 qui
1647 3874 1845 3929 velatis
1898 3876 2074 3931 oculis

509 3957 656 4012 circa
700 3959 895 4013 molam
932 3959 1279 4029 discursant,
1317 3961 1489 4015 multo
1534 3963 1717 4019 labore
1760 3967 2073 4030 exantlatu,

508 4049 565 4101 in
612 4048 801 4103 eodem
844 4051 965 4105 loco
1012 4060 1235 4106 manent
1266 4070 1279 4106 :
1322 4050 1398 4106 ita
1426 4051 1529 4107 iste
1563 4067 1779 4124 semper
1807 4054 1955 4109 circa
1985 4072 2076 4110 ea-

508 4135 630 4191 dem
665 4139 912 4201 vertitur,
944 4148 999 4195 et
1034 4142 1103 4195 ab
1136 4141 1329 4196 iisdem
1361 4157 1469 4196 non
1496 4142 1736 4197 absistit.

2187 3606 2268 3672 εἶς
2296 3609 2450 3675 λόγος
2479 3610 2535 3659 ὲν
2570 3607 2759 3678 βραχεῖ
2786 3608 2882 3678 τὴν
2930 3608 3278 3678 περιγραφὴν
3312 3605 3445 3674 ἔχων
3464 3641 3477 3663 ,
3506 3599 3560 3651 τὸ
3593 3596 3721 3648 δυνα-

2182 3700 2273 3752 τὸν
2313 3695 2451 3752 εἶναι
2486 3700 2579 3752 καὶ
2603 3700 2690 3752 διὰ
2720 3699 2817 3769 τῆς
2858 3700 2949 3752 τοῦ
2980 3698 3207 3766 Πατρός
3252 3690 3603 3767 προσηγορίας
3639 3683 3721 3753 τὴν

2181 3788 2553 3859 ὰγεννησίαν
2601 3788 2959 3859 σημαίνεσθαι
2986 3804 3000 3816 ’
3058 3788 3124 3841 τά
3173 3787 3232 3839 δὲ
3268 3784 3415 3855 παρὰ
3445 3780 3616 3833 τούτου
3644 3789 3713 3829 τιν¹

2182 3880 2372 3946 σαῦτα,
2402 3873 2475 3932 ὧν
2498 3878 2560 3932 τὸ
2586 3879 2783 3949 πλῆθος
2805 3880 2903 3931 οὐκ
2930 3881 2986 3931 ὲν
3018 3881 3081 3949 τῇ
3111 3876 3345 3947 διαφορᾷ
3372 3873 3474 3926 τῶν
3497 3860 3720 3934 νενοημέ-

2182 3988 2286 4023 νων
2317 3969 2482 4032 ἐστὶν,
2532 3969 2644 4021 ἀλλ’
2674 3970 2731 4021 ὲν
2766 3970 2832 4038 τῇ
2867 3967 3092 4038 περιόδῳ
3154 3968 3249 4019 καί
3300 3957 3596 4029 ἀναστροφῇ
3631 3949 3717 4002 τῶν

2180 4056 2377 4126 ὁμοίων
2409 4056 2689 4127 ῥημάτων.
2723 4055 2990 4125 Καθάπερ
3020 4054 3128 4126 γάρ
3156 4055 3205 4107 οἰ
3240 4054 3338 4123 τὴν
3385 4048 3548 4121 μύλην
3578 4056 3718 4094 κεκαο

2181 4126 2473 4216 λυμμένοις
2501 4149 2611 4209 τοῖς
2654 4145 2950 4215 ὀφθαλμοῖς
2984 4145 3350 4217 περιθέοντες,
3385 4142 3441 4192 ὲν
3481 4134 3633 4201 πολλῇ
3663 4126 3716 4194 τῇ

507 4228 779 4299 ὁδοιπορίᾳ
821 4229 960 4283 κατά
987 4229 1077 4281 τὸν
1104 4230 1265 4283 αὐτὸν
1297 4230 1517 4301 μένουσι
1555 4232 1747 4284 τόπονο
1820 4233 1992 4298 οὕτως
2059 4236 2147 4289 ἀεὶ
2185 4237 2312 4306 περὶ
2338 4236 2406 4290 τά
2453 4236 2593 4289 αὐτὰ
2640 4236 2946 4305 στρέφεται,
3007 4235 3098 4287 καὶ
3140 4233 3251 4288 τῶν
3292 4228 3464 4286 αὐτῶν
3502 4224 3591 4277 οὐκ
3633 4220 3719 4283 ἀφ’

511 4319 740 4373 (σταται.

578 4411 797 4465 Dixerat
830 4412 995 4467 semel
1034 4413 1382 4467 subsannans
1414 4430 1512 4467 nos
1535 4456 1549 4480 ,
1588 4412 1801 4469 Patrem
1825 4407 1949 4471 non
1993 4420 2071 4472 si-

2249 4413 2417 4472 Εῖπεν
2438 4416 2583 4481 ἅπαξ
2605 4415 2991 4486 ἐπιχλευάζων,
3009 4414 3090 4468 ὅτι
3115 4417 3197 4468 Οὐ
3226 4414 3294 4468 τὸ
3323 4405 3591 4477 γεννῆσαι
3620 4412 3713 4462 ση-

508 4506 759 4578 gniﬁcare
790 4504 844 4557 id
872 4504 1009 4573 quod
1039 4514 1113 4558 est
1147 4522 1425 4575 generare,
1456 4505 1545 4560 sed
1597 4506 1650 4560 id
1695 4507 1832 4576 quod
1885 4517 1962 4561 est
2011 4526 2075 4563 ea:

2180 4510 2371 4579 μαίνει
2414 4512 2446 4561 ὁ
2476 4507 2696 4573 Πατὴρ,
2720 4506 2877 4560 ἀλλὰ
2904 4506 2969 4558 τὸ
2998 4506 3067 4570 ἐξ
3099 4503 3348 4569 οὐδενὸς
3378 4497 3544 4555 εἶναι.
3572 4488 3715 4579 Πάλιν

510 4596 656 4649 nullo
685 4611 833 4658 esse;
866 4609 988 4648 mox
1021 4595 1207 4650 eadem
1239 4597 1509 4651 cantilena
1542 4598 1761 4660 iterata,
1804 4598 1862 4653 Si
1898 4599 2078 4665 Pater,

510 4690 703 4760 inquit,
726 4688 985 4758 signiﬁcat
1018 4687 1324 4756 ingenitum,
1345 4697 1627 4757 antequam
1661 4699 1952 4758 generaret,
1978 4709 2082 4745 non

506 4792 618 4835 erat
652 4782 937 4851 ingenitus.
969 4778 1173 4833 Deinde
1202 4780 1363 4833 tertio
1414 4779 1481 4833 ad
1536 4780 1722 4835 eadem
1758 4796 2077 4849 recurrens,

506 4873 739 4935 Licebit,
786 4870 998 4941 inquit,
1048 4879 1257 4938 accepto
1303 4870 1534 4940 ingenito
1584 4871 1774 4935 dicere,
1808 4871 2079 4943 Ingenitus

508 4968 641 5021 Filii
663 4976 738 5020 εει
764 4968 1023 5034 ingenitus
1052 4982 1068 5018 :
1099 4973 1151 5019 et
1180 4980 1207 5020 e
1236 4965 1470 5035 vestigio
1497 4966 1693 5034 repetit
1718 5006 1730 5021 .
1761 4966 1905 5034 quod
1937 4983 2081 5035 smpe

502 5062 614 5126 j..m
649 5066 963 5114 evomuerat
992 5078 1003 5111 :
1045 5056 1251 5117 Sicuti,
1286 5058 1495 5126 inquit,
1531 5058 1797 5126 ingenitus
1832 5070 1910 5111 εει
1947 5058 2080 5111 Filii

507 5150 689 5215 Pater,
714 5150 789 5202 sic
822 5149 927 5201 vice
956 5164 1104 5201 rcrsa
1142 5145 1272 5199 Filii
1304 5148 1564 5216 ingenitus
1595 5157 1670 5200 est
1716 5148 1894 5202 Pater.
1927 5147 2078 5213 Quo-

508 5242 608 5295 ties
635 5240 698 5293 ad
728 5240 981 5294 eumdem
1009 5240 1272 5292 vomitum
1303 5240 1607 5293 relabitur?
1634 5239 1860 5305 Quoties
1888 5240 2076 5294 eadem

510 5332 746 5400 repetit?
788 5330 1014 5395 Quoties
1057 5331 1246 5384 eadem
1293 5332 1559 5385 eructat?
1594 5333 1675 5384 An
1730 5346 1839 5384 non
1879 5341 1933 5384 et
1974 5345 2077 5385 nos

508 5422 722 5477 molesti
756 5422 1031 5491 plerisque
1061 5422 1306 5482 erimus,
1344 5423 1388 5475 si
1422 5429 1612 5476 nostra
1646 5422 1895 5475 oratione
1926 5422 2078 5474 vani-

507 5521 673 5567 tatem
713 5527 903 5567 eorum
954 5527 1075 5581 quze
1106 5512 1209 5567 iste
1242 5512 1498 5575 adducit,
1527 5511 1805 5565 discutere
1829 5521 1881 5564 et
1916 5511 2075 5565 refel-

508 5604 619 5657 lere
648 5603 918 5657 velimus?
944 5602 1009 5655 Et
1037 5602 1178 5658 forte
1206 5602 1272 5657 ad
1302 5603 1407 5657 ista
1440 5602 1602 5656 silere
1636 5601 1922 5657 decentius
1959 5601 2075 5657 fuc-

508 5696 598 5749 rit.
628 5695 695 5747 At
724 5710 790 5747 ne
813 5696 937 5763 quis
970 5694 1020 5747 id
1050 5710 1115 5748 ex
1146 5695 1499 5750 imbecilitate
1526 5694 1794 5750 orationis
1821 5705 1874 5749 et
1900 5710 2074 5763 penu-

505 5786 585 5839 ria
616 5794 1054 5853 argumentorum
1076 5784 1321 5839 accidere
1347 5785 1660 5849 arbitretur,
1690 5786 1785 5839 ista
1812 5800 2071 5855 responsa

2182 4576 2242 4654 τὸ
2269 4602 2450 4671 ὅμοιον
2479 4597 2695 4661 ἐπλεξεν
2716 4613 2729 4625 ·
2766 4600 2834 4650 El
2858 4597 3059 4664 Πατὴρ
3081 4598 3146 4649 τὸ
3172 4597 3497 4665 ἀγέννητον
3527 4576 3715 4671 σημαί-

2181 4669 2461 4759 νειξπρίν
2495 4688 2785 4758 γεννῆσαι
2832 4690 2941 4742 οὐκ
2983 4684 3062 4755 ἦν
3107 4688 3451 4756 ἀγέννητος,
3501 4670 3621 4729 Εἶτα
3646 4669 3715 4759 ﬁt:

2181 4782 2361 4854 τρίτου
2408 4782 2501 4833 ἐπὶ
2550 4780 2619 4833 τὰ
2674 4778 2811 4831 αὐτά
2865 4778 3243 4849 ἐπανέρχεται.
3315 4773 3546 4836 Ἔξεστι
3601 4758 3710 4854 γᾲρν

2181 4849 2332 4944 φησί,
2362 4870 2761 4941 μεταλαϐοῦσι
2789 4870 2855 4922 τὸ
2888 4868 3218 4939 ἀγέννητον
3248 4863 3463 4921 εἰπεῖν·
3498 4858 3546 4908 Ὁ
3566 4849 3712 4944 ⁸

2180 4940 2379 5030 νητος,
2411 4960 2548 5016 Υίοῦ
2573 4962 2741 5014 ἐστιν
2777 4960 3104 5030 ἀγέννητος
3124 4977 3138 4990 ο
3176 4960 3268 5013 καὶ
3299 4954 3455 5014 εὐθὺς
3478 4940 3711 5030 ἐπανέλαῖ

2180 5026 2271 5106 ϐεν
2372 5053 2629 5115 πολλάκις
2656 5026 2909 5123 ἐξήμεσε,
2937 5026 3030 5105 καί
3074 5068 3236 5121 φησιν
3260 5066 3273 5080 ·
3305 5048 3525 5107 Ὠσπερ
3556 5033 3649 5104 Υάρ
3684 5026 3712 5124 (ξ

2178 5145 2502 5214 ἀγέννητος
2556 5144 2688 5197 Υίοῦ
2751 5143 2968 5211 Πατὴρ,
3041 5144 3228 5209 οὕτως
3295 5136 3540 5207 ἔμπαλιν
3594 5124 3709 5214 Υὶοιί

2178 5236 2501 5305 ἀγέννητος
2532 5239 2564 5289 o'
2608 5235 2828 5301 Πατήρ.
2887 5236 2950 5286 Ὢ
2994 5235 3223 5297 ποσάκις
3275 5229 3365 5285 ἐπὶ
3411 5224 3496 5277 τὸν
3540 5219 3708 5305 έαντου

2178 5303 2369 5397 ἔμετον
2416 5327 2786 5397 ὲπανέδραμεῑ
2834 5325 3061 5390 ποσάκις
3118 5318 3447 5378 ἐπανέλαϐεί
3509 5303 3707 5397 ποσάκις

2177 5387 2495 5480 ὲξέϐλυσενί
2536 5387 2661 5485 Ἆρ’
2688 5387 2803 5467 ὀὖν
2830 5416 2928 5467 οὐκ
2972 5387 3226 5484 ἐπαχθεῖς
3288 5409 3378 5465 καὶ
3424 5399 3572 5495 ήμξῖς

2179 5508 2387 5570 πολλοῖς
2418 5508 2779 5577 γενησόμεθα,
2808 5510 2874 5576 τῇ
2918 5507 3235 5578 ματαιότητι
3262 5501 3370 5555 τῶν
3399 5492 3519 5561 παρ’
3563 5490 3701 5582 αὑτοῦ

2176 5600 2613 5671 προφερομένωνν
2664 5599 2756 5651 καὶ
2802 5599 2893 5651 τὸν
2926 5600 3192 5669 ἡμέτερον
3225 5597 3377 5664 λόγον
3407 5588 3704 5671 συμπείθων

2180 5665 2393 5762 ροντ-εςξ
2422 5665 2534 5742 Καὶ
2569 5690 2697 5752 ἴσως
2726 5690 2785 5742 τὸ
2820 5665 3031 5761 σιωπᾷν
3061 5665 3118 5742 ὲν
3147 5693 3256 5751 τοῖς
3284 5678 3530 5737 τοιούτοις
3557 5665 3702 5762 έρξίθ

2174 5749 2444 5855 διώτερον.
2493 5780 2631 5834 Ἀλλ’
2658 5749 2742 5835 ἵνα
2774 5784 2845 5853 μή
2882 5749 3055 5854 τις.τῇ
3102 5749 3347 5855 περὶ-τοῦ
3372 5769 3537 5835 λέγειν
3560 5749 3697 5809 6601-
