3922 6472
176 372 264 428 ιδτ
1280 382 1559 438 CONTRA
1598 381 1993 447 EUNORHUM,
2028 380 2154 435 LIB.
2197 381 2235 436 1.

3280 379 3382 428 4ὖ8

297 487 605 557 καθυφιέναι
645 495 837 567 νομίσῃ
867 496 957 548 τὸν
990 497 1165 565 λόγον,
1201 500 1371 553 ταῦτα
1418 505 1531 565 τοῖς
1558 503 1699 572 εἰρη-

1810 503 2005 557 damus
2036 520 2046 553 :
2082 500 2199 553 Non
2245 500 2369 552 licet
2403 499 2500 552 tibi
2536 498 2716 552 dicere
2756 495 2876 549 Filii
2922 493 3220 565 ingenitum
3265 508 3383 547 esse

174 580 329 648 μένοις
362 581 834 655 ἀποκρινούμεθα·
868 588 981 641 Οὐκ
1023 588 1196 654 ἔξεστί
1236 608 1317 644 σοι
1353 593 1549 660 λέγειν,
1578 592 1707 646 Υἱοῦ

170 670 425 740 ἀγέννητον
451 673 544 724 τὸν
576 676 817 747 Πατέρα,
853 678 953 732 κᾶν
988 681 1019 750 ἠ
1046 681 1140 733 τοῦ
1170 683 1381 754 Πατρὸς
1406 685 1616 753 κλῆσις,
1648 685 1709 737 τὸ

174 762 230 830 μὴ
258 761 312 823 ἐξ
332 763 504 825 αίτίας
530 761 668 818 εἶναι
701 769 791 820 τὸν
813 772 1176 842 γεγεννηκότα
1211 775 1471 847 σημαίνῃ.
1499 777 1708 846 Ὠσπερ

170 854 254 923 γὰρ
282 855 409 906 κατὰ
446 855 506 907 τὸ
550 857 715 927 ῥηθὲν
761 862 894 929 ἡμῖν
936 862 1260 934 ὑπόδειγμα,
1288 865 1385 935 τὴν
1416 865 1509 918 τοῦ
1554 866 1709 935 βασι-

168 946 272 1007 λέως
307 946 455 1009 ἀξίαν
489 949 843 1015 ἀκούσαντες,
898 953 989 1006 δύο
1023 956 1087 1007 ἐκ
1125 956 1218 1009 τοῦ
1254 956 1515 1027 ὀνόματος
1554 959 1707 1026 ἐνοή-

170 1054 337 1106 σαμεν,
370 1038 431 1091 τό
460 1056 520 1091 τε
562 1042 925 1114 ὑποτετάχθαι
970 1047 1156 1116 μηδενὶ
1187 1048 1277 1100 τὸν
1310 1048 1427 1101 κατ’
1460 1049 1706 1113 ἐξουσίαν

166 1128 459 1195 προέχοντα,
502 1132 601 1184 καὶ
646 1133 708 1185 τὸ
754 1136 862 1186 τῶν
911 1137 1235 1207 ὑποχειρίων
1278 1143 1532 1209 κρατεῖν·
1564 1140 1706 1193 οὓτω

164 1221 236 1271 nl
274 1223 301 1289 ἡ
334 1221 423 1273 τοῦ
468 1223 687 1293 Πατρὺς
718 1231 1079 1300 προσηγορία,
1111 1231 1301 1302 διπλῆν
1328 1233 1459 1303 ἡμῖν
1490 1234 1581 1285 ἐπὶ
1612 1233 1703 1286 τοῦ

163 1309 268 1362 θεοῦ
308 1311 398 1381 τὴν
457 1318 740 1384 σημασίαν
794 1320 1123 1391 παρέχεταιο
1179 1326 1277 1392 τήν
1326 1340 1384 1374 τε
1432 1323 1567 1393 πρὸς
1612 1323 1704 1375 τὸν

164 1402 262 1453 Υίὺν
306 1406 631 1475 νοουμένην,
688 1408 780 1460 καὶ
826 1411 886 1463 τὸ
941 1412 1211 1482 μηδεμιᾶς
1264 1413 1424 1464 αὐτὸν
1473 1412 1702 1481 ἐξῆφθαι

162 1496 623 1567 προεπινοουμένης
656 1500 855 1564 αἰτίας.
910 1502 1119 1574 Ὥσπερ
1163 1500 1255 1557 οὖν
1294 1506 1392 1557 οὐκ
1434 1504 1578 1556 ἔστιν
1614 1506 1704 1557 ἐπὶ

160 1584 229 1635 τοῦ
271 1583 523 1651 βασιλέως
558 1590 755 1652 είπεῖν,
806 1592 885 1645 ὅτι
938 1595 987 1646 εί
1024 1595 1092 1647 τὰ
1127 1594 1219 1647 δύο
1258 1596 1345 1649 διὰ
1387 1596 1486 1664 τῆς
1534 1596 1702 1665 αὐτῆς

161 1678 491 1747 πρηγορίας
521 1681 870 1750 σημαίνεται,
902 1684 961 1736 τό
996 1701 1057 1735 τε
1090 1689 1310 1755 κρατεῖν
1341 1687 1447 1739 τῶν
1480 1688 1701 1756 ὑποχει-

161 1766 278 1833 ρίων,
301 1770 388 1820 καὶ
415 1770 475 1821 τὸ
513 1771 591 1841 μὴ
636 1772 780 1841 ἔχειν
812 1775 901 1828 τὸν
932 1777 1364 1848 προηγούμενον,
1399 1779 1573 1844 ἔξεστι
1628 1778 1702 1849 μὴ

1812 592 2042 651 Patrem,
2073 590 2287 644 etiamsi
2314 589 2495 643 Patris
2523 588 2814 658 appellatio
2844 585 3114 655 signiticet
3138 599 3261 637 eum
3291 583 3384 652 qui

1810 683 2027 753 genuit,
2062 698 2124 736 ex
2161 681 2307 734 nulla
2336 696 2502 735 causa
2542 695 2686 734 esse.
2719 676 2889 731 Sicuti
2931 677 3074 729 enim
3099 674 3255 743 juxta
3288 673 3385 725 ad-

1809 774 2036 827 ductum
2069 786 2097 824 a
2131 773 2290 825 nobis
2332 771 2671 839 exemplum,
2720 767 3067 836 imperatoris
3117 764 3385 832 dlgtttlulc

1809 864 1991 918 audita
2014 905 2028 927 ,
2058 864 2167 916 duo
2195 863 2302 917 isto
2333 863 2549 916 nomine
2578 860 2944 927 concipimus,
2978 871 3173 923 nempe
3224 870 3343 905 cum
3370 892 3382 915 ,

1807 958 1903 1025 qui
1960 963 2231 1024 potestate
2277 955 2535 1009 omnibus
2585 951 2931 1022 praeemiuet,
2973 947 3108 1000 nulli
3159 946 3385 998 δηιιικςςρ

1807 1055 1861 1099 et
1909 1045 2146 1099 subditis
2191 1043 2500 1111 imperare:
2538 1042 2610 1113 ita
2645 1049 2699 1093 et
2731 1037 2912 1091 Patris
2948 1035 3217 1106 appellati.

1808 1136 2002 1205 plicetn
2049 1135 2208 1189 nobis
2256 1135 2323 1189 de
2369 1132 2480 1189 Deo
2526 1131 2985 1203 significationem
3034 1126 3383 1195 suppeditat:

1808 1228 2033 1280 alteram
2062 1266 2075 1290 ,
2111 1242 2232 1294 qua:
2276 1234 2360 1280 est
2402 1240 2525 1279 cum
2575 1229 2825 1291 respectu
2870 1229 2925 1274 et
2966 1216 3287 1272 habitudine
3319 1214 3387 1267 ad

1805 1317 2004 1372 Filium
2030 1359 2045 1382 ,
2077 1320 2300 1372 alteram
2324 1357 2339 1376 ,
2376 1316 2520 1385 qttod
2554 1332 2582 1367 ιι
2620 1316 2767 1367 nulla
2803 1314 2983 1381 priore
3013 1319 3066 1365 et
3096 1309 3387 1378 superiore

1806 1424 1971 1463 causa
2003 1409 2325 1477 dependeat.
2364 1404 2836 1472 Quemadmodum
2869 1417 3000 1472 ergo
3033 1401 3100 1454 de
3148 1400 3385 1467 impera-

1807 1509 1921 1553 tore
1949 1516 2053 1553 non
2084 1500 2211 1553 licet
2238 1500 2442 1560 dicere,
2490 1498 2533 1551 si
2582 1498 2689 1549 duo
2719 1495 2976 1565 lin-edicta
3006 1508 3104 1562 per
3132 1490 3387 1543 eamdem

1805 1587 2227 1656 appellationem
2259 1587 2659 1656 signiﬁcentur,
2711 1584 3006 1645 nimirum,
3057 1579 3203 1649 quod
3250 1579 3381 1633 sul;-

1805 1678 1937 1732 ditis
1971 1680 2235 1747 imperet,
2286 1694 2462 1746 neque
2508 1679 2674 1730 alium
2722 1692 2781 1730 se
2830 1673 3170 1744 superiorem
3211 1686 3381 1739 agno--

1805 1776 1956 1832 seat,
1993 1768 2075 1823 ias
2108 1766 2256 1831 iure,
2304 1783 2411 1821 non
2459 1783 2639 1837 regem
2687 1767 2907 1834 populi,
2955 1763 3050 1817 sed
3089 1762 3241 1831 regni
3284 1776 3380 1814 ex-

160 1856 357 1924 ἇρχοντα
402 1858 497 1912 τοῦ
534 1860 743 1927 ἔθνους,
796 1864 909 1917 ἀλλ’
962 1866 1311 1921 ἀϐασίλευτον
1356 1868 1463 1921 τῶν
1513 1869 1699 1921 ὑποτε-

1807 1867 2051 1926 pertem,
2101 1858 2303 1912 intuitu
2341 1856 2686 1912 subditorum
2710 1898 2724 1922 ,
2761 1855 3074 1925 appellare:
3123 1867 3298 1921 neque
3330 1850 3375 1905 si

160 1947 404 2014 πγμένων
484 1953 949 2024 προσαγορεύειν
1028 1958 1149 2010 οὐδὲ
1213 1959 1564 2024 συντιθέντας
1638 1961 1699 2014 τὸ

160 2038 327 2091 τοιοῦτο
350 2040 566 2108 λέγειν’
600 2043 684 2096 ὅτι
728 2044 914 2118 ὥσπερ
948 2048 1199 2119 βασιλεὺς
1230 2051 1414 2114 ἔθνους
1462 2052 1696 2120 λέγεται,

160 2129 270 2183 οὕτω
298 2135 382 2185 καὶ
410 2135 767 2202 ἀϐασίλευτος
803 2139 896 2194 τοῦ
922 2141 1105 2207 ἔθνους
1129 2143 1579 2216 ὁνομασθήσεται,
1611 2147 1701 2200 τὸν

163 2222 288 2274 αὐτὸν
330 2225 530 2294 τρόπον
568 2230 665 2282 καὶ
712 2230 811 2299 τῆς
851 2231 945 2284 τοῦ
994 2233 1207 2304 Πατρὸς
1251 2236 1456 2305 φωνῆς,
1508 2235 1597 2289 τόν
1640 2252 1697 2289 τε

163 2310 259 2364 Υξδν
286 2314 718 2389 ἐνδεικνυμένης,
765 2318 859 2372 καὶ
897 2318 994 2392 τὴν
1026 2322 1119 2374 τοῦ
1165 2323 1459 2394 ἀγεννήτου
1494 2324 1699 2378 ἔννοιαν

162 2405 491 2476 παριστώσης,
521 2410 628 2463 οὐκ
656 2410 831 2476 ἔξεστι
884 2413 1273 2483 μετατιθέντας
1308 2417 1457 2485 παρὰ
1489 2417 1548 2469 τὸ
1582 2418 1699 2470 δέον

160 2497 233 2563 τὴν
255 2500 538 2566 σημασίαν,
571 2504 641 2572 τῇ
674 2502 809 2573 πρὸς
836 2503 925 2556 τὸν
968 2504 1095 2557 Υίὸν
1145 2507 1437 2577 οἰκειότητι
1477 2510 1699 2577 γελοίως

162 2590 449 2661 προσκολλᾷν
473 2592 571 2645 τοῦ
596 2594 893 2667 ἀγεννήτου
922 2597 1020 2668 τὴν
1049 2597 1275 2663 ἔννοιαν,
1306 2602 1363 2652 ἐν
1395 2600 1471 2672 τῷ
1498 2601 1693 2669 λέγειν’

160 2679 258 2731 Ποῦ
288 2683 597 2754 ὰγέννητος.

218 2771 321 2825 Ἐπὶ
364 2775 634 2839 τοιούτοις
660 2777 717 2830 δὲ
751 2780 863 2841 τοῖς
902 2781 1230 2851 εἰρημένοις,
1262 2782 1338 2845 ὠς
1366 2783 1560 2847 ἐπιϐὰς
1599 2785 1699 2855 τῆς

160 2860 389 2931 ἀληθείας.
424 2866 526 2918 καὶ
556 2866 831 2935 διελέγξας
853 2869 959 2921 τῶν
988 2871 1453 2943 ἀντιτεταγμένων
1483 2874 1542 2927 τὸ
1578 2875 1699 2928 ἄτο-

160 2970 250 3017 πον,
277 2949 356 3008 οἶα
386 2957 902 3029 μεγαλαυχούμενος
943 2960 1270 3029 φθέγγεταιο
1319 2964 1426 3019 Καὶ
1472 2966 1562 3031 τίς
1590 2965 1699 3018 πώ-

159 3061 268 3097 ποτε
288 3048 613 3115 σωφρονῶν
633 3049 973 3106 σιωπᾶσθαι
1010 3052 1121 3121 τὴν
1156 3054 1430 3122 φυσικὴν
1457 3056 1699 3110 ἔννοιαι·

158 3136 443 3224 ἐδικαίωσε,
474 3140 598 3209 τὴν
642 3142 710 3194 δὲ
738 3142 1071 3210 παράνοιαν
1110 3146 1431 3214 ἐτίμησεν;
1487 3147 1693 3224 Οὐδεὶς,

1810 1948 1914 2002 hoc
1961 1952 2365 2014 concedamus,
2405 1947 2527 2002 ideo
2572 1949 2842 2018 integrum
2888 1945 2994 2000 erit
3037 1958 3374 2002 asseverare,

1810 2048 1868 2094 ut
1907 2057 1999 2096 rex
2034 2042 2216 2112 populi
2260 2058 2352 2096 rex
2400 2050 2766 2111 nuncupatur,
2800 2039 2880 2093 sic
2912 2037 3075 2092 etiam
3112 2036 3261 2105 regni
3291 2049 3381 2088 ex-

1808 2144 2012 2202 pertem
2037 2174 2052 2198 ,
2088 2143 2339 2204 respectu
2388 2132 2610 2204 populi,
2647 2130 2754 2185 dici
2803 2145 3005 2200 posse:
3046 2127 3161 2197 pari
3217 2124 3379 2180 modo

1807 2238 1931 2276 eum
1963 2222 2145 2278 Patris
2173 2224 2499 2279 vocabulum
2548 2230 2604 2279 et
2635 2220 2830 2275 Filium
2879 2223 3147 2275 monstret
3193 2224 3245 2270 et
3293 2216 3379 2268 iu-

1806 2315 1978 2385 geniti
2014 2315 2294 2369 notionem
2332 2319 2733 2384 repraesentet,
2766 2326 2877 2365 non
2917 2310 3040 2365 licet
3075 2308 3341 2363 translata
3364 2346 3384 2370 ,

1807 2415 2001 2474 praeter
2046 2407 2449 2470 necessitatem,
2486 2405 2910 2475 signiﬁcatione,
2965 2401 3275 2457 habitudini
3311 2399 3380 2453 ad

1808 2495 2004 2551 Filium
2042 2495 2272 2550 ridicule
2302 2494 2560 2564 atIingere
2590 2503 2643 2549 et
2679 2496 2961 2565 imponere
3011 2494 3238 2563 ingeniti
3277 2506 3380 2545 no-

1806 2589 2031 2648 tionem,
2070 2585 2303 2639 dicendo
2338 2601 2463 2641 eum
2511 2585 2608 2656 qui
2662 2594 2745 2640 est
2784 2585 3092 2655 ingenitus,
3132 2583 3255 2637 Filii
3290 2584 3376 2637 in-

1806 2677 2043 2745 genitum
2074 2690 2216 2730 esse.

1877 2766 1972 2823 llis
2004 2768 2146 2821 hunc
2177 2767 2232 2821 in
2281 2768 2499 2822 modum
2532 2766 2880 2839 pertraCtatis
2904 2809 2919 2832 ,
2977 2768 3132 2838 quasi
3170 2767 3376 2823 verita-

1805 2868 1912 2912 tem
1952 2874 2053 2914 acu
2092 2861 2357 2929 tetigisset
2390 2868 2442 2914 et
2474 2860 2915 2915 adversariorum
2982 2860 3382 2915 absurditatem

1805 2948 2048 3000 omnium
2089 2948 2265 3002 oculis
2308 2948 2678 3016 exposuisset,
2740 2948 2792 3000 in
2843 2948 2955 3002 hac
3013 2946 3381 3014 jactabundus

1805 3040 2044 3109 erumpit
2093 3040 2255 3094 verba
2298 3058 2311 3093 :
2352 3039 2419 3093 Et
2464 3042 2579 3108 quis
2637 3057 2867 3110 unquam
2920 3038 3105 3094 sobria:
3145 3049 3193 3093 et
3240 3055 3384 3092 sana:

1809 3133 2017 3193 n'enlis,
2047 3142 2102 3184 ut
2129 3131 2397 3186 naturalis
2426 3132 2771 3202 intelligentia
2802 3132 3011 3186 silentio
3036 3143 3380 3201 premeretur,

159 3213 193 3269 ὦ
222 3222 497 3288 σοφώτατε,
536 3225 731 3278 οὐκοῦν
760 3226 879 3278 ούδέ
906 3228 934 3279 ὁ
964 3213 1229 3299 ἡμέτερος
1266 3230 1439 3297 λόγος,
1475 3232 1502 3283 ὁ
1532 3215 1698 3283 εἰπὼν

1806 3232 1980 3274 ratum
2035 3221 2238 3288 habuit,
2289 3233 2337 3275 et
2390 3223 2655 3276 vesaniam
2705 3222 3027 3278 honoravit?
3081 3220 3289 3288 Nullus,
3349 3237 3383 3276 ο

160 3302 233 3372 τῆν
271 3304 349 3357 τοῦ
380 3309 682 3379 ἀγεννήτου
729 3312 1095 3381 προσηγορίαν
1128 3316 1247 3377 ταῖς
1282 3314 1512 3378 ἐννοίαις
1560 3332 1696 3385 συμ-

162 3394 339 3460 ϐαίνειν,
389 3401 484 3452 καὶ
540 3400 651 3453 δεῖν
700 3402 900 3472 ταύτην
965 3404 1107 3473 ἔχειν
1168 3407 1224 3458 ἐν
1280 3409 1399 3470 ταῖς
1450 3407 1699 3477 καρδίαις

162 3486 404 3556 ἀκίνητον·
457 3492 586 3544 ἀντὶ
638 3493 692 3545 δὲ
742 3493 843 3561 τῆς
887 3494 1308 3567 διαστραφείσης
1356 3501 1483 3569 παρ’
1544 3500 1698 3569 ἡμῶν

162 3579 305 3647 φωνῆς
346 3581 438 3652 τὴν
496 3582 591 3636 τοῦ
636 3586 863 3653 Πατρός
895 3589 1265 3659 προσηγορίαν
1310 3590 1499 3660 ἱκανὴν
1537 3587 1696 3654 εἶναι,

162 3668 231 3752 καὶ
259 3672 377 3740 πρὸς
406 3674 631 3745 ἐκείνην
678 3674 832 3743 ἄγειν
874 3678 972 3746 τὴν
1006 3678 1230 3733 ἔννοιαν.
1276 3681 1560 3751 Μνήσθητι
1592 3682 1699 3752 γὰρ

162 3750 216 3809 ὧν
259 3762 401 3827 αὐτὸς
453 3766 701 3836 παρέθου
757 3770 1047 3838 ῥημάτων,
1085 3771 1166 3824 ὅτι
1220 3772 1341 3841 οὐχὶ
1388 3750 1699 3827 σιωπᾶσθαι

161 3851 233 3919 τὴν
277 3858 504 3927 φυσικὴν
540 3856 748 3911 ἔννοιαν
775 3859 1055 3913 ἐδικαίωσε
1075 3901 1089 3925 ,
1132 3861 1227 3933 τὴν
1258 3862 1315 3914 δὲ
1341 3864 1697 3932 παράνοιαν,

160 3939 214 4003 ὡς
230 3943 369 4009 αὐτὸς
398 3948 709 4017 ὀνομάζεις,
729 3952 1019 4023 ἐτίμησενο
1039 3953 1174 4005 ἀλλὰ
1200 3954 1298 4025 τὴν
1329 3956 1699 4027 προσηγορίαν

164 4034 295 4106 μόνην
320 4040 407 4092 τοῦ
441 4042 799 4109 ἀγεννήτου,
832 4045 1121 4112 τοῦτ’ἕστι,
1152 4047 1249 4118 τὴν
1279 4048 1336 4102 ἐν
1366 4051 1484 4110 ταῖς
1509 4049 1699 4103 συλλα-

163 4124 256 4191 ϐαῖς
286 4134 587 4204 προφορὰν,
620 4134 695 4197 ὼς
738 4136 924 4201 κακῶς
968 4138 1383 4211 ἐξειλημμένην,
1438 4142 1531 4194 καὶ
1585 4142 1700 4212 ἃμα

164 4217 269 4287 μήτε
288 4223 431 4291 παρὰ
450 4225 552 4295 τῆς
583 4226 803 4296 Γραφῆς
836 4228 1133 4298 εἰρημένην
1160 4229 1459 4294 ἀκινδύνως
1492 4232 1701 4302 σιωπᾷν

164 4309 474 4375 συμϐουλεύει
497 4332 511 4347 ·
545 4315 607 4368 τὸ
642 4316 699 4369 δὲ
741 4320 1158 4389 σημαινόμενον,
1191 4322 1287 4374 καὶ
1322 4322 1552 4393 μάλιστα
1581 4325 1700 4386 ταῖς

161 4400 347 4469 ἐννοίαις
372 4407 534 4478 ἡμῶν
571 4410 888 4478 συμϐαίνειν
920 4412 1103 4482 φησίν.

221 4582 358 4638 Ἀλλὰ
386 4586 457 4638 τά
489 4587 587 4655 μὲν
633 4589 764 4658 παρ’
802 4589 961 4658 ἡμῶν
1009 4590 1231 4642 τοιαῦτα
1252 4608 1264 4620 ·
1296 4592 1323 4643 ὁ
1349 4590 1403 4642 δὲ
1432 4591 1553 4653 τοὺς
1594 4592 1701 4643 Σο-

159 4674 337 4740 φιστὰς
379 4677 703 4741 διαϐάλλων,
742 4682 836 4732 καὶ
876 4684 942 4751 τῇ
980 4681 1207 4752 ἀληθείᾳ
1240 4680 1582 4744 καθοπλίζων
1610 4682 1700 4733 τὸν

160 4759 299 4831 λόγον,
342 4770 433 4821 καὶ
478 4770 588 4821 τῶν
618 4772 903 4841 ἡμετέρων
937 4772 1423 4844 πλημμελημάτων
1466 4790 1700 4843 κατηγο-

162 4852 262 4920 ρῶν,
291 4858 382 4911 οὐκ
412 4861 644 4931 ἐρυθριᾷ
675 4863 730 4913 ὲν
778 4865 889 4925 τοῖς
920 4866 1047 4934 περὶ
1074 4864 1181 4917 τῶν
1215 4864 1499 4935 δογμάτων
1520 4865 1699 4934 λόγοις

160 4943 225 4997 διὰ
250 4953 587 5021 σοφισμάτων
627 4953 1028 5023 ἀστεῖζόμενος,
1062 4958 1156 5009 καὶ
1206 4956 1538 5026 μιμούμενος
1574 4959 1699 5021 τοὺς

160 5034 202 5087 ὲν
235 5044 540 5110 συμποσίοις
577 5044 664 5096 διὰ
724 5045 1127 5115 κομψευμὰτων
1178 5046 1339 5099 τινῶν
1394 5047 1694 5117 ἐφελκομέ-

160 5144 255 5193 νους
282 5134 363 5187 τὸν
401 5137 633 5203 γέλωτα.
670 5138 873 5191 Θεᾶσθε
907 5140 1015 5208 γὰρ
1058 5141 1118 5193 τὸ
1166 5141 1440 5211 ἐμϐριθὲς,
1478 5144 1572 5195 καὶ
1607 5143 1694 5194 λε-

159 5216 432 5293 λοτιςμένον
465 5230 564 5296 τῆς
591 5227 684 5281 τοῦ
720 5230 1076 5300 συλλογισμοῦ
1110 5231 1316 5301 πλοκῆς
1336 5250 1349 5263 ·
1378 5234 1488 5287 τῶν
1516 5234 1695 5288 αὐτῶν

159 5310 241 5381 γὰρ
271 5317 416 5370 πάλιν
460 5320 959 5391 ἐπιμνησθήσομαι.
992 5323 1059 5374 El
1112 5322 1219 5390 γὰρ
1263 5325 1484 5379 ταύτόν
1523 5326 1694 5379 ἐστιν

157 5405 313 5459 εἰπεῖν
353 5410 713 5478 Ἅγέννητος,
744 5413 782 5479 ἣ
812 5413 1033 5482 Πατὴρ,
1070 5414 1311 5478 ἐξέσται
1344 5416 1487 5484 ἡμῖν
1518 5434 1691 5471 κατα-

159 5496 365 5554 λιποῦσι
393 5503 506 5571 τὴν
536 5503 643 5557 τοῦ
676 5507 906 5572 Πατρός
933 5505 1162 5575 φωνὴν,
1187 5509 1593 5575 μεταλαϐοῦσι
1625 5509 1692 5562 δὲ

158 5585 206 5637 τὸ
234 5590 539 5661 ἀγέννητον
584 5595 805 5649 εἰπεῖν’
837 5597 899 5650 '0
948 5597 1296 5665 ἁγέννητος,
1334 5600 1470 5653 Υἱοῦ
1526 5601 1695 5655 ἐστιν

156 5674 458 5752 ἀγένητος.
494 5686 725 5756 ’Ὠσπερ
748 5694 857 5757 γὰρ
882 5691 913 5742 ὁ
939 5689 1268 5758 ἀγέννητος
1300 5690 1434 5743 Υιοῦ
1466 5692 1689 5761 Πατὴρ,

160 5768 308 5839 ιῦτως
337 5778 590 5848 ἔμπαλιν
623 5781 761 5835 Υἱοῦ
790 5782 1116 5851 ἀγέννητος
1146 5785 1178 5837 ό
1220 5782 1439 5851 Πατήρ.
1492 5785 1691 5855 Παρα-

1807 3313 2237 3381 sapientissime,
2279 3330 2455 3383 neque
2490 3329 2589 3368 nos
2638 3315 2825 3385 igitur,
2866 3316 2962 3384 qui
2997 3315 3240 3370 diximus
3296 3315 3382 3368 in-

1802 3404 1967 3475 geniti
2000 3405 2413 3473 appellationem
2440 3406 2756 3461 notionibus
2802 3419 3130 3477 competere,
3155 3425 3389 3478 eamque

1802 3499 1856 3552 in
1897 3498 2154 3552 cordibus
2182 3498 2537 3551 immobilitcr
2575 3500 2799 3552 retineri
2842 3500 3043 3556 debere
3076 3519 3088 3554 :
3128 3501 3251 3555 loco
3276 3518 3377 3555 att-

1802 3594 1909 3640 tem
1951 3587 2204 3640 vocabuli
2237 3601 2266 3639 a
2308 3588 2468 3642 nobis
2500 3587 2781 3657 depravati
2822 3600 2877 3644 et
2914 3591 3157 3657 distorti,
3196 3591 3399 3647 Patris.

1802 3678 2221 3747 appellationem
2257 3693 2420 3747 posse
2452 3678 2518 3731 ad
2550 3679 2796 3735 eamdem
2846 3682 3123 3738 notionem
3158 3684 3383 3754 ingene-

1802 3768 2029 3821 randam
2084 3766 2352 3822 suilicere.
2402 3766 2714 3824 Memineris
2759 3771 2902 3824 enim
2946 3771 3235 3825 verborum
3260 3788 3383 3841 qua:

1803 3861 1918 3930 ipse
1966 3859 2266 3930 protulisti,
2303 3859 2448 3929 quod
2500 3875 2678 3930 neque
2738 3862 3042 3916 naturalem
3080 3862 3385 3933 intelligen-

1804 3956 1933 4007 tiam
1951 3954 2168 4008 silentio
2190 3953 2520 4008 dissimulari
2539 3954 2870 4023 probaverit,
2889 3971 3065 4025 neque
3090 3958 3376 4020 vesaniam,

1803 4055 1862 4100 ut
1896 4055 1953 4100 tu
2004 4044 2279 4109 nominas,
2331 4045 2707 4110 honoraverit,
2772 4046 2865 4101 sed
2926 4047 3097 4102 solam
3162 4048 3377 4119 ingeniti

1802 4136 2242 4207 appellationem,
2305 4135 2408 4190 hoc
2460 4143 2566 4197 est,
2622 4136 2980 4205 prolationem
3046 4136 3101 4190 in
3156 4137 3382 4209 syllabis

1803 4230 1986 4289 sitam,
2015 4241 2112 4280 ceu
2154 4226 2300 4281 male
2331 4236 2612 4296 acceptam
2637 4234 2693 4281 et
2719 4227 3073 4289 intellectam,
3108 4228 3382 4299 simulque

1802 4334 1831 4371 a
1871 4316 2175 4388 Seripturis
2219 4332 2329 4371 non
2372 4317 2651 4383 traditam,
2705 4318 2854 4373 sileri
2898 4335 3061 4388 posse
3099 4322 3379 4377 suaserit:

1801 4418 1857 4463 at
1885 4424 1997 4463 rem
2026 4410 2391 4480 signiﬁcatam
2435 4408 2865 4480 cogitationibus
2908 4414 3115 4468 nostris
3147 4418 3383 4469 maxime

1728 4507 1771 4563 ι)
1801 4516 2101 4571 congruere
2131 4501 2227 4559 ait.

1874 4590 1978 4646 Sed
2031 4592 2145 4647 haec
2185 4592 2404 4662 quidem
2429 4610 2457 4648 a
2498 4594 2656 4649 nobis
2687 4594 2972 4651 hactenus.
3020 4598 3087 4650 At
3146 4596 3249 4652 istc
3283 4598 3377 4668 qui

1800 4698 1903 4737 nos
1951 4680 2225 4750 Sophistas
2274 4698 2397 4737 esse
2452 4684 2838 4749 calumniatur,
2892 4700 3160 4755 suamque
3192 4684 3379 4755 dispu-

1801 4776 2061 4829 tationem
2145 4775 2375 4831 veritate
2453 4774 2753 4838 instrnens,
2810 4785 2999 4831 nostra
3051 4788 3232 4833 errata
3292 4794 3379 4831 re-

1800 4865 2108 4935 prehendit,
2184 4880 2292 4918 non
2347 4865 2623 4920 erubescit
2681 4866 3063 4921 tractationem
3129 4867 3195 4923 de
3252 4867 3401 4921 ﬁdei.

1799 4956 2091 5025 capitibus,
2140 4956 2490 5026 sophismatis
2534 4957 2709 5026 lepide
2741 4972 3030 5022 exornare,
3069 4958 3191 5012 illos
3250 4959 3376 5011 imi-

1798 5058 1964 5110 tatus,
2019 5053 2111 5119 qui
2164 5049 2219 5102 in
2264 5049 2561 5119 sytnposiis
2596 5048 2839 5117 jucunde
2892 5059 2946 5104 ct
2987 5050 3177 5104 festive
3210 5050 3401 5105 dictis,

1798 5142 1971 5195 risum
2014 5142 2161 5196 ciere
2211 5143 2409 5196 solent.
2453 5140 2643 5197 Videte
2692 5142 2836 5196 enim
2915 5157 3077 5209 quam
3116 5141 3377 5195 formida-

1796 5233 1921 5287 bilis
1967 5242 2021 5288 et
2068 5233 2345 5288 elaborata
2404 5234 2477 5288 sit
2521 5234 2635 5287 haec
2672 5234 2975 5303 syllogismi
3027 5234 3331 5304 complexio
3356 5253 3387 5288 :.

1795 5324 1982 5378 eadem
2018 5324 2163 5378 enim
2213 5324 2393 5378 denuo
2428 5339 2708 5391 reponam.
2778 5322 2837 5376 Si
2883 5323 3019 5376 idem
3049 5336 3125 5378 est
3177 5325 3378 5393 ingeni-

1797 5426 1880 5471 tus
1916 5426 1965 5469 et
2008 5415 2188 5478 Pater,
2239 5415 2410 5468 licebit
2451 5414 2620 5476 nobis,
2651 5416 2845 5467 omisso
2882 5415 3063 5469 Patris
3096 5416 3369 5482 vocabulo,

1796 5518 2005 5578 accepto
2067 5518 2241 5561 autem
2296 5508 2512 5577 ingeniti
2559 5508 2785 5571 nomine,
2838 5507 3011 5560 dicere
3083 5510 3369 5577 ingenitum

1794 5598 1927 5652 Filii
1968 5615 2081 5653 esse
2107 5599 2417 5668 ingenitum.
2484 5596 2632 5651 Sicut
2673 5597 2812 5648 enim
2853 5597 3111 5664 ingenitas
3132 5608 3209 5652 est
3240 5597 3371 5652 Filii

1794 5691 1980 5756 Pater,
2018 5692 2093 5744 sic
2128 5693 2233 5744 vice
2264 5707 2432 5754 versa,
2474 5689 2603 5742 Filii
2630 5689 2901 5757 ingenitus,
2923 5700 2999 5743 est
3031 5690 3213 5744 Pater.
3263 5691 3370 5746 As-

1796 5784 1974 5840 simile
2023 5799 2251 5854 prorsus
2296 5785 2398 5838 hoc
2454 5783 2601 5847 huic,
2661 5779 2720 5835 si,
2759 5781 2881 5851 quis
2923 5783 3071 5837 houo
3129 5792 3191 5838 et'
3234 5801 3369 5839 sano
